4058 6216
220 346 295 403 13
1466 332 1530 385 IN
1571 325 1813 393 ιδΑιΑΜ,
1855 324 2004 385 CAP.
2050 332 2087 385 1.
3376 349 3443 401 14

208 453 337 508 dies
376 452 583 521 jejunus
633 450 841 513 mansit,
893 446 1192 514 nullamque
1234 458 1336 496 non
1376 440 1781 495 sollicitudinem

214 543 461 596 adhibuit
492 544 540 595 in
568 539 905 609 supplicando
929 538 1035 591 Deo
1058 576 1074 601 ,
1103 546 1159 589 ut
1185 536 1301 588 illos
1326 530 1394 586 ab
1416 546 1593 584 amara
1614 529 1783 583 servi-

214 642 333 687 tute
364 633 668 687 redimeret.
704 630 904 698 Singuli
933 642 1139 696 quoque
1168 624 1332 679 sancti
1365 624 1466 676 hoe
1492 619 1786 689 splendoris

212 738 414 790 genere
458 721 673 789 fulgent.
720 719 804 774 Sic
842 726 894 772 ct
939 717 1098 770 David
1140 714 1425 768 immissant
1458 712 1507 763 in
1538 709 1782 777 populum

218 812 352 863 iram
388 811 475 863 Dei
502 826 743 871 cernens,
777 810 826 859 in
856 824 913 860 se
940 806 1222 859 vindictam
1250 802 1529 855 revocabat
1555 800 1736 852 dicens
1764 812 1777 847 :

221 902 333 968 Ego
364 913 529 967 pastor
556 900 767 968 peccavi,
802 909 844 951 et
865 914 955 967 ego
984 906 1151 964 pastor
1176 893 1363 945 malum
1391 889 1664 960 perpetravi
1697 904 1714 941 :
1738 898 1783 940 et

216 993 322 1057 isti,
348 993 431 1058 qui
454 1006 571 1060 grex
594 999 725 1050 sunt,
752 991 870 1057 quid
897 984 1157 1056 fecerunt?
1185 982 1303 1034 Fiat
1326 994 1501 1031 manus
1527 988 1611 1029 tua
1634 991 1785 1042 super

216 1098 330 1144 me,
357 1091 402 1132 et
429 1081 629 1132 domum
666 1078 819 1145 patris
850 1076 944 1127 mei
975 1074 1061 1143 (ἓ.
1096 1073 1219 1141 Reg.
1245 1070 1331 1124 2‘.
1362 1066 1489 1137 17
1520 1065 1783 1120 Abraham

218 1184 350 1222 vero
393 1168 707 1236 patriarcha,
734 1180 851 1219 cum
894 1162 1074 1233 procul
1113 1169 1255 1215 esset
1289 1174 1317 1211 a
1359 1158 1530 1219 malis,
1561 1166 1617 1210 et
1653 1154 1783 1208 nihil

217 1272 500 1310 commune
540 1256 755 1309 haberet
787 1268 905 1307 cum
940 1251 1168 1321 pernicie
1198 1250 1281 1302 illa
1310 1247 1612 1303 Sodomitas
1637 1245 1784 1299 iuva-

219 1364 365 1409 sura,
391 1347 538 1416 quasi
578 1348 687 1415 ipse
731 1347 781 1398 in
826 1344 1011 1397 mediis
1034 1340 1418 1395 calamitatibus
1444 1340 1780 1401 consisteret,

220 1439 291 1491 ita
322 1438 483 1489 Deum
514 1436 821 1504 precabatur
840 1442 891 1487 et
911 1432 1140 1502 rogabat,
1167 1445 1336 1499 neque
1365 1428 1523 1483 tinem
1553 1426 1786 1481 facturus

221 1538 339 1579 erat
382 1525 702 1594 supplicandi
744 1534 797 1577 ut
838 1522 1007 1576 dirum
1039 1519 1337 1575 incendium
1368 1526 1649 1579 averteret,
1683 1514 1784 1569 nisi

225 1619 367 1671 Deus
391 1619 477 1671 illo
501 1618 715 1670 dimisso
744 1616 975 1668 abiisset.
1020 1613 1199 1668 Sancti
1242 1625 1399 1680 porro
1436 1608 1565 1663 Novi
1596 1607 1784 1661 Testa-

226 1710 390 1764 menti
437 1708 686 1776 majorem
730 1707 1013 1761 exhibuere
1050 1706 1333 1767 virtutem,
1380 1708 1561 1769 utpote
1598 1696 1783 1765 majori

226 1803 389 1869 gratia
420 1800 616 1862 donati,
640 1808 691 1853 et
710 1799 773 1851 ad
794 1796 1114 1851 diuturniora
1136 1794 1422 1849 certamina
1442 1792 1629 1845 vocati.
1663 1789 1784 1843 Ideo

230 1892 416 1946 Petrus
441 1892 703 1946 Christum
734 1890 951 1943 audiens
975 1890 1255 1952 dicentem,
1273 1884 1520 1939 divitibus
1538 1881 1785 1936 difficilli-

230 1997 373 2033 mum
394 1995 508 2034 esse
531 1980 775 2033 cmiorum
803 1979 1113 2046 ingressum,
1133 1974 1422 2043 angebatur
1436 1980 1489 2026 et
1504 1969 1780 2033 tremebat,

229 2081 385 2138 atque
408 2073 479 2122 ita
508 2070 798 2123 sciscitatus
818 2075 928 2120 est:
954 2066 1074 2130 Quis
1097 2080 1215 2132 ergo
1243 2070 1399 2130 potest
1424 2060 1608 2113 salvari
1630 2058 1780 2127 (Luc.

234 2162 319 2216 18.
353 2161 474 2228 26)?
504 2161 704 2215 etiamsi
732 2160 866 2212 circa
900 2172 985 2211 res
1014 2170 1131 2209 suas
1158 2153 1463 2207 conﬁderet.
1497 2150 1610 2204 Non
1640 2148 1780 2202 enim

228 2252 298 2306 de
320 2252 471 2304 rebus
496 2250 622 2313 suis,
650 2248 741 2302 sed
766 2248 829 2301 de
854 2246 979 2299 orbe
1003 2244 1209 2298 solliciti
1234 2248 1406 2296 erant.
1432 2240 1622 2294 Paulus
1640 2245 1784 2291 certe

232 2354 327 2407 per
346 2354 526 2391 omnes
554 2338 810 2405 Epistolas
836 2350 955 2389 suas
995 2334 1117 2387 illud
1156 2333 1378 2386 indicat:
1408 2330 1495 2399 qui
1524 2330 1667 2397 prius
1693 2329 1783 2380 ha-

229 2430 389 2483 bebat
422 2429 686 2481 hominum
731 2427 972 2489 salutem,
1004 2439 1159 2493 quam
1190 2423 1457 2476 Christum
1480 2420 1684 2482 videre,
1714 2419 1781 2470 ita

222 2520 410 2571 dicens
436 2536 449 2570 :
474 2518 684 2581 Resolvi,
709 2526 753 2568 et
777 2532 887 2567 cum
908 2513 1102 2567 Christo
1124 2528 1244 2571 esse,
1270 2510 1444 2562 meiius
1466 2517 1556 2569 est,
1585 2522 1785 2559 manere

221 2619 391 2661 autem
416 2609 466 2659 in
493 2623 639 2659 carne
659 2607 815 2674 magis
840 2603 1169 2656 necessarium
1192 2610 1393 2668 propter
1413 2615 1496 2651 vos
1526 2597 1779 2667 (Philipp.

224 2699 276 2751 1.
308 2697 398 2751 23.
428 2697 537 2763 24).
568 2697 746 2749 Talem
776 2694 923 2747 nobis
953 2702 1123 2746 servat
1151 2691 1369 2743 formam
1394 2688 1475 2741 hic
1501 2687 1779 2755 protiheta;

222 2789 322 2843 Dei
368 2803 586 2855 namque
624 2786 907 2839 sententias
940 2799 1059 2837 cum
1105 2796 1289 2849 magna
1334 2780 1520 2832 fiducia
1565 2779 1780 2845 profert,

221 2888 529 2945 peccatores
561 2878 815 2942 increpat,
848 2876 1121 2943 ipsumque
1150 2879 1331 2925 contra
1358 2869 1474 2921 illos
1504 2883 1784 2935 exaspera-

220 2980 332 3019 tmn
361 2968 522 3034 longis
546 2966 844 3033 frequenter
864 2963 1191 3017 sermonibus
1213 2962 1409 3030 placat;
1438 2959 1575 3028 quod
1605 2962 1653 3011 in
1683 2958 1784 3011 fine

221 3056 452 3107 maxime
484 3056 770 3122 prophetia:
792 3054 967 3107 videre
993 3061 1089 3105 est.
1122 3050 1354 3104 Tandem
1384 3050 1551 3117 ipsum
1581 3047 1782 3101 adeun-

218 3143 350 3197 dum
372 3150 453 3198 est
482 3144 766 3211 prephctia:
796 3141 1088 3195 exordium.

802 3253 1021 3307 CAPUT
1062 3253 1074 3305 l
1118 3251 1213 3319 (a).

695 3364 824 3417 Visio
849 3382 993 3431 quam
1021 3364 1137 3417 vidit
1165 3362 1347 3414 Isaias.

297 3502 349 3550 1.
384 3496 647 3550 V'isionem
686 3507 835 3550 vocat
885 3494 1247 3563 prophetiam,
1290 3492 1373 3545 vel
1421 3493 1495 3546 sic
1536 3492 1780 3560 loquitur,

220 3585 366 3651 quod
404 3587 561 3638 multa
596 3602 776 3639 eorum
818 3601 933 3652 quae
965 3594 1213 3638 eventura
1254 3590 1406 3635 erant
1448 3582 1543 3635 sub
1572 3588 1785 3647 aspectu

222 3672 472 3733 haberet;
501 3674 938 3740 quemadmodum
970 3672 1214 3725 Michazas
1240 3670 1368 3724 vidit
1396 3671 1643 3739 pepulum
1674 3670 1783 3722 dis-

226 3776 440 3828 persum
469 3763 539 3832 (5.
574 3763 699 3829 Reg.
726 3762 814 3815 2'2.
847 3763 968 3832 i7);
998 3773 1051 3817 et
1079 3762 1319 3817 Ezechiel
1347 3762 1699 3831 captivitatem
1725 3772 1786 3812 ac

226 3853 709 3918 praevaricationem
731 3868 912 3907 eorum
936 3853 1022 3921 qui
1046 3854 1211 3907 solem
1242 3862 1296 3906 et
1319 3852 1640 3905 Thamuzem
1668 3848 1787 3902 ado-

229 3944 416 3994 rabunt
456 3941 672 4010 (Ezeclt.
702 3943 752 3996 8.
788 3944 885 4009 14)
920 3960 932 3994 :
962 3944 1042 3996 vel
1071 3942 1192 4011 quia
1218 3942 1268 3995 id
1296 3942 1431 4010 quod
1460 3940 1727 4009 propheta:
1755 3953 1785 3992 a

226 4031 339 4083 Deo
362 4030 659 4095 audiebant,
684 4033 796 4098 ipso
822 4046 996 4085 rerum
1026 4040 1310 4099 conspectu
1336 4030 1467 4083 nihil
1497 4030 1668 4082 minus
1695 4030 1786 4080 Ita-

227 4122 397 4183 heret,
422 4120 511 4173 sed
540 4120 751 4187 perinde
774 4121 928 4174 tidem
954 4120 1168 4185 faceret,
1192 4133 1342 4173 secus
1362 4134 1517 4187 quam
1548 4118 1597 4170 in
1628 4118 1786 4171 rebus

226 4212 385 4278 hujus
425 4210 621 4263 mundi.
662 4210 809 4275 Quod
846 4210 986 4263 enim
1014 4210 1116 4261 alio
1139 4209 1380 4262 audirent
1408 4208 1597 4270 modo,
1627 4222 1783 4276 quam

222 4300 414 4367 reliqui
448 4299 702 4361 homines,
730 4298 778 4351 id
810 4298 893 4351 ille
921 4299 993 4350 ait
1016 4314 1029 4351 :
1056 4297 1261 4349 Addidit
1278 4297 1399 4348 mihi
1418 4312 1587 4349 aurem
1607 4298 1672 4349 ad
1696 4313 1786 4348 au-

222 4390 465 4442 diendum
497 4388 643 4457 (lsai.
678 4388 763 4442 50.
798 4388 872 4456 ι).
905 4386 1211 4441 Sermonem
1244 4396 1417 4439 autem
1444 4385 1545 4439 fide
1570 4386 1783 4455 dignum

221 4479 528 4531 redditcnm
550 4479 639 4542 ait,
677 4477 828 4539 Visio,
850 4476 1245 4545 auditoremquc
1265 4475 1481 4541 excitat,
1507 4486 1559 4528 et
1580 4477 1642 4528 ad
1665 4492 1784 4530 eum

220 4570 315 4636 qui
340 4586 424 4622 res
453 4570 689 4623 exhibuit
711 4569 1032 4621 transmittit.
1066 4568 1179 4621 Mos
1206 4567 1344 4621 enim
1366 4574 1479 4621 erat
1502 4568 1747 4619 omnibus
1765 4606 1781 4631 ,

220 4659 311 4725 qui
355 4658 443 4710 Dei
479 4659 614 4711 dicta
653 4659 703 4709 in
744 4658 875 4709 alios
915 4658 1357 4719 transmittebant,
1386 4656 1509 4708 illud
1538 4666 1658 4709 ante
1684 4656 1783 4707 alia

222 4748 567 4809 constituere,
597 4761 653 4800 se
677 4746 805 4799 nihil
835 4762 863 4798 a
885 4746 1180 4815 semetipsis
1209 4745 1370 4814 loqui,
1401 4744 1492 4798 sed
1515 4744 1686 4798 divina
1717 4744 1783 4797 ab

221 4851 281 4888 se
313 4835 530 4901 proferri
558 4836 767 4888 oracula
794 4846 845 4889 et
873 4836 1063 4904 scripta
1087 4851 1151 4890 ex
1173 4835 1314 4890 caelis
1338 4833 1529 4888 delata.
1567 4833 1652 4887 Sic
1682 4833 1783 4886 Da-

222 4928 312 4979 vid
345 4926 551 4979 aiebat:
578 4925 777 4995 Lingua
814 4942 922 4979 mea
956 4926 1176 4979 calamus
1206 4926 1380 4979 scriba:
1404 4925 1631 4978 velociter
1664 4924 1785 4979 scri-

226 5018 381 5069 brutis
410 5018 573 5083 (Psal.
602 5017 688 5069 Η.
711 5016 802 5085 2).
836 5017 911 5070 Ne
938 5026 1085 5085 putes
1112 5018 1266 5086 igitur
1291 5016 1470 5070 literas
1497 5030 1560 5070 ex
1584 5016 1785 5068 calamo

226 5108 456 5175 prodire,
482 5106 571 5161 sed
600 5123 661 5159 cx
691 5106 900 5161 dextera
935 5106 1158 5161 tenentis
1185 5121 1338 5167 eum;
1370 5105 1419 5159 id
1446 5114 1522 5158 est
1542 5145 1557 5169 ,
1588 5120 1689 5157 non
1720 5120 1785 5157 ex

228 5199 402 5266 lingua
435 5198 661 5259 Davidis,
691 5196 783 5250 sed
828 5212 888 5249 ex
931 5196 1091 5264 gratia
1139 5195 1303 5263 ipsam
1345 5202 1606 5247 movente.
1638 5192 1787 5245 Alius

227 5304 358 5341 vero
404 5288 652 5355 propheta
683 5287 901 5354 idipsum
926 5285 1198 5339 declarans
1232 5284 1440 5337 dicebat
1472 5300 1485 5335 :
1515 5283 1788 5351 Caprarius

225 5398 363 5433 erant
396 5394 677 5447 sycomorus
716 5377 921 5429 avellens
949 5374 1135 5443 (Amos
1165 5374 1216 5426 7.
1249 5374 1313 5426 N
1334 5372 1386 5442 );
1421 5387 1485 5426 ne
1512 5374 1624 5441 quis
1649 5372 1785 5425 dicta

280 5530 353 5589 (a)
387 5527 519 5575 Nulla
541 5528 745 5589 capitum
766 5524 1005 5589 distinctio
1018 5524 1223 5573 habetur
1238 5524 1287 5571 in
1308 5526 1452 5589 negio
1474 5522 1665 5589 Codice.
1688 5522 1790 5589 imo

219 5595 269 5639 iu
292 5585 543 5638 veteribus
693 5586 835 5647 longe
856 5586 1075 5647 diversus
1099 5592 1201 5633 erat
1236 5586 1442 5647 capitum
1472 5585 1605 5641 ordo,
1645 5593 1696 5633 ut
1720 5588 1788 5635 vi-

219 5656 343 5703 deas
366 5654 416 5701 in
435 5650 721 5700 Bibliotheca
746 5645 902 5699 nostra
925 5645 1223 5707 Coisliniana,
1248 5645 1309 5695 de
1335 5646 1466 5697 libris
1488 5646 1688 5699 niblieis.

1892 445 2133 501 humana:
2161 447 2432 514 sapientia:
2458 444 2778 499 adscriberet
2829 444 3007 511 Neque
3039 442 3139 495 hoc
3166 440 3304 493 dicto
3329 453 3454 492 oon-

1891 544 2064 591 tentus
2093 537 2210 602 fuit,
2236 537 2327 589 sed
2358 537 2495 590 aliud
2518 535 2718 591 addidit
2745 535 2827 589 his
2853 534 3021 589 verbis
3050 550 3063 586 :
3100 532 3205 586 Sed
3242 545 3333 600 ego
3369 544 3452 582 re.

1892 627 2050 693 pletus
2074 630 2183 679 su‘m
2218 626 2510 694 fortitudine
2534 628 2585 679 in
2613 626 2807 693 Spiritu
2840 622 3060 684 Domini,
3098 632 3141 675 et
3161 620 3378 692 judicio,
3411 627 3456 671 et

1891 718 2108 785 potentia
2146 717 2345 787 (Mich.
2374 718 2424 770 '5.
2457 717 2547 787 8).
2594 716 2773 771 Gratia
2802 716 2992 785 quippe
3022 714 3138 766 illos
3165 727 3267 766 non
3298 709 3457 763 modo

1891 809 2175 875 sapientes,
2222 809 2315 862 sed
2358 806 2514 861 etiam
2561 808 2719 861 fortes
2755 806 3048 869 efficiebat,
3078 818 3181 857 non
3219 800 3457 869 corporis

1890 900 2283 964 constitutione,
2314 898 2405 952 sed
2434 907 2629 952 mente.
2655 898 2784 965 Quia
2812 898 2954 951 enim
2981 910 3098 950 eum
3130 892 3321 963 populo
3343 907 3455 946 rem

1893 991 2154 1045 habebant
2177 991 2373 1043 audace
2393 998 2448 1044 et
2474 989 2796 1057 impudente,
2824 1002 2885 1042 ac
2906 986 3144 1056 sanguini
3174 985 3457 1054 propheta—

1892 1098 2005 1135 rum
2038 1081 2270 1135 inbiante
2292 1123 2305 1145 ,
2332 1091 2738 1149 sanctorumque
2762 1078 2959 1134 caedem
2990 1078 3264 1144 moliente,
3295 1076 3457 1131 multa

1890 1177 2033 1225 certe
2073 1172 2145 1224 illi
2189 1172 2411 1240 egebant
2454 1171 2789 1234 fortitudine,
2822 1178 2878 1225 ut
2903 1185 2969 1224 ne
2989 1184 3173 1225 eorum
3205 1168 3459 1235 impetum

1892 1260 2254 1316 formidarent.
2283 1260 2403 1315 Ideo
2430 1261 2670 1315 Jeremia:
2694 1260 2904 1325 dicitur,
2934 1259 3091 1313 Parui
3112 1269 3155 1312 te
3183 1268 3238 1311 ut
3259 1258 3456 1312 colunt-

1890 1368 2006 1404 nam
2022 1355 2235 1422 ferream
2254 1360 2299 1404 et
2320 1360 2373 1403 ut
2394 1367 2591 1403 murum
2610 1366 2790 1403 cereum
2813 1348 2944 1419 (Jer.
2970 1349 3020 1402 1.
3044 1348 3131 1418 18)
3153 1365 3166 1413 ;
3196 1347 3455 1403 Ezechicli

1891 1450 2084 1502 autem,
2108 1439 2173 1493 In
2194 1441 2359 1493 medio
2378 1440 2686 1508 scorpiorum
2708 1448 2759 1490 tu
2780 1438 2992 1503 habitas,
3011 1453 3072 1491 ne
3087 1438 3258 1491 timeas
3279 1453 3310 1490 a
3330 1437 3458 1507 facie

1890 1549 2081 1593 eorttm,
2114 1547 2269 1600 neque
2295 1531 2532 1600 formides
2567 1529 2784 1600 (Ezec/t.
2811 1528 2864 1581 2.
2897 1528 2984 1596 6).
3026 1528 3231 1599 Moyses
3250 1542 3459 1598 quoque

1890 1639 2009 1676 cum
2032 1623 2346 1686 mitteretur,
2371 1636 2474 1674 non
2500 1621 2824 1673 Pharaonem
2850 1628 3069 1679 tantum.
3093 1617 3184 1673 sed
3209 1627 3263 1673 et
3291 1633 3458 1687 popu-

1891 1712 1997 1765 lum
2026 1711 2299 1767 Judaicum
2322 1719 2580 1771 metuens,
2600 1723 2871 1764 recusasse
2892 1709 3016 1762 mihi
3033 1709 3239 1763 videtur
3263 1706 3455 1781 (Exod.

1889 1802 1941 1854 4.
1973 1800 2082 1869 10).
2113 1801 2277 1853 Deum
2306 1800 2462 1867 igitur
2488 1799 2786 1867 alloquens,
2815 1798 3040 1853 barbaro
3067 1798 3305 1864 dimisso,
3338 1797 3457 1853 edi-

1892 1903 2041 1944 scere
2066 1889 2263 1957 ingenti
2292 1888 2465 1941 studio
2495 1888 2806 1957 peroptabat
2827 1929 2840 1951 ,
2872 1887 2994 1956 quid
3024 1887 3301 1942 dicendum
3329 1887 3457 1956 ipsis

1887 1986 2030 2032 esset
2075 1992 2179 2030 non
2223 1977 2559 2031 credentibus
2579 2016 2593 2039 ,
2625 1992 2683 2030 se
2708 1990 2737 2029 a
2766 1976 2876 2031 Deo
2902 1978 3117 2031 missum
3160 1978 3454 2041 accedere;

1888 2068 2141 2137 signaque
2171 2068 2370 2134 accepit
2399 2067 2465 2119 ad
2497 2066 2704 2120 illorum
2734 2073 2963 2119 mentem
2993 2065 3335 2135 subigendam
3363 2081 3456 2135 0p-

1890 2168 2110 2226 portuna
2136 2175 2147 2207 :
2173 2165 2225 2210 ct
2245 2158 2431 2211 merito
2448 2156 2678 2225 quidem.
2702 2155 2830 2209 Nam
2850 2156 2892 2209 si
2906 2170 3039 2209 unus
3061 2155 3267 2210 illorum
3287 2158 3453 2225 ipsum

1890 2250 1957 2301 ita
1984 2248 2262 2311 exterruit,
2290 2257 2343 2300 et
2378 2247 2588 2317 quidem
2611 2246 2866 2302 beneficio
2891 2246 3108 2301 affectus
3127 2288 3141 2312 ,
3171 2247 3296 2317 quid
3335 2264 3456 2317 pas-

1886 2354 2003 2392 sum
2031 2354 2148 2392 esse
2174 2338 2459 2391 verisimile
2498 2347 2580 2391 est
2625 2338 2978 2391 turbulentum
3020 2338 3163 2391 illum
3206 2340 3453 2407 populum

1887 2438 2065 2483 mente
2108 2428 2507 2484 revolventem?
2547 2427 2667 2481 Ideo
2702 2444 2804 2482 non
2843 2429 3112 2495 sapientia:
3156 2430 3330 2495 modo,
3360 2430 3452 2484 sed

1887 2522 2044 2573 etiam
2091 2520 2411 2573 fortitudinis
2450 2518 2701 2588 Spiritum
2746 2519 2964 2586 accepit,
2997 2528 3049 2573 et
3088 2519 3205 2574 ideo
3247 2521 3457 2577 dicebat

1887 2610 1973 2664 ille
2004 2627 2015 2661 :
2051 2609 2286 2679 Repletus
2328 2626 2440 2662 sum
2488 2609 2783 2679 fortitudine
2821 2611 2873 2662 in
2916 2610 3111 2679 Spiritu
3154 2610 3377 2678 Domini,
3408 2621 3456 2666 et

1879 2703 2095 2769 judicio,
2113 2714 2157 2756 et
2183 2704 2399 2771 potentia
2419 2701 2604 2771 (Nic/1.
2630 2703 2679 2757 3.
2700 2703 2773 2767 8).
2804 2702 3052 2772 Aliusque
3075 2704 3265 2757 iterum
3291 2722 3302 2757 :
3334 2703 3457 2757 Ver-

1889 2795 2003 2845 bum
2034 2794 2128 2847 Dei
2155 2797 2341 2863 factum
2366 2807 2435 2847 est
2461 2796 2527 2847 ad
2562 2794 2830 2847 Jercmiam
2859 2797 3017 2863 ﬁlium
3046 2795 3260 2848 Cltelcia!
3303 2794 3454 2868 (λετ.

1891 2884 1940 2936 1.
1974 2885 1995 2937 1
2025 2884 2066 2953 ).
2098 2885 2163 2938 Ει
2190 2888 2326 2938 alius
2348 2901 2555 2938 rursum
2587 2905 2600 2940 :
2632 2887 2912 2955 Assumptio
2942 2886 3166 2942 Ninives.
3208 2885 3354 2941 Liber
3377 2888 3455 2941 vi-

1889 2976 2042 3029 sionis
2071 2976 2273 3029 Na/tum
2297 2977 2507 3029 Elcestei
2536 2976 2785 3045 (Na/tum.
2812 2980 2859 3031 1.
2886 2980 2960 3047 1).
2991 2978 3084 3033 llic
3113 2978 3224 3048 ipse
3247 2992 3458 3049 quoque

1894 3066 2050 3120 Isaias
2076 3068 2244 3121 altero
2269 3067 2425 3121 verbo
2453 3066 2676 3135 idipsum
2703 3066 2839 3135 quod
2873 3069 3015 3135 prius
3037 3067 3308 3135 declarat,
3337 3069 3458 3137 Spi-

1889 3155 2019 3208 ritus
2042 3156 2491 3226 partieipationcm
2515 3171 2708 3210 vocans
2731 3158 3164 3226 assumptioncm.
3197 3158 3455 3224 Quoniam

1890 3244 2029 3298 enim
2051 3260 2078 3297 a
2103 3246 2298 3313 Spiritu
2323 3247 2575 3315 assumpti
2603 3247 2677 3301 sic
2701 3247 3068 3316 loquebantur,
3092 3248 3455 3317 operationem

1890 3337 2069 3403 gratia:
2096 3337 2165 3389 ita
2190 3338 2411 3391 vocavit.

1962 3450 2226 3515 Apostolus
2254 3466 2283 3501 a
2312 3450 2415 3503 Deo
2445 3451 2643 3515 missus,
2675 3464 2725 3503 ut
2751 3467 2925 3504 nomen
2951 3454 3111 3521 ipsum
3141 3462 3300 3507 sonat.
3346 3452 3459 3508 No-

1892 3540 2057 3592 bilitas
2110 3556 2209 3593 non
2260 3557 2322 3593 ex
2366 3542 2781 3609 majoribus,sed
2810 3559 2869 3595 ea:
2916 3544 3088 3596 merito
3138 3546 3456 3615 proprio.—

1893 3631 2091 3686 ldcirco
2121 3632 2311 3685 Paulus
2351 3633 2595 3686 omnibus
2625 3634 2873 3703 Epistolis
2909 3635 3232 3703 apostolatus
3263 3650 3455 3691 nomen

1891 3726 2160 3794 przcmittit
2192 3742 2205 3770 ι
2235 3726 2373 3793 quod
2405 3727 2561 3779 etiam
2598 3727 2864 3795 prephette
2906 3726 3197 3792 faciebant,
3226 3742 3344 3781 cum
3375 3728 3456 3781 di-

1889 3826 2103 3880 cerent,
2138 3816 2300 3881 visio,
2332 3826 2385 3869 et
2430 3818 2678 3879 verbum,
2711 3826 2763 3871 et
2804 3819 3090 3886 assumptio
3113 3859 3127 3883 ,
3155 3828 3208 3872 et
3240 3834 3449 3884 sermo;

1892 3906 2118 3975 idipsum
2162 3906 2249 3959 ille
2276 3922 2371 3974 per
2407 3907 2730 3974 apostolatus
2765 3922 2953 3960 nomen
2999 3907 3279 3962 efficiebat.
3309 3908 3457 3964 Sicut

1889 3998 2028 4049 enim
2062 3997 2124 4061 is,
2144 3997 2231 4064 qui
2252 3996 2380 4049 dicit
2401 3997 2654 4050 visionem
2683 4005 2735 4048 et
2762 4010 3058 4051 sermonem
3082 3998 3194 4060 Dei.
3212 4014 3314 4052 non
3338 4014 3455 4068 pro-

1890 4091 1998 4155 pria
2019 4088 2166 4142 ell'ert
2187 4105 2198 4139 :
2220 4088 2295 4141 sic
2314 4096 2365 4141 et
2388 4087 2718 4157 quiseipsum
2734 4088 3026 4157 apostolum
3049 4097 3217 4153 vocat,
3240 4105 3339 4143 non
3359 4105 3450 4143 sua

1889 4179 2044 4234 docet
2068 4220 2081 4241 ,
2120 4179 2212 4233 sed
2238 4195 2296 4233 ca
2324 4195 2441 4247 qua:
2465 4179 2622 4248 jussit
2648 4181 2691 4233 is
2717 4182 2803 4249 qni
2832 4181 2990 4235 misit.
3036 4182 3270 4247 Apostoli
3300 4196 3449 4233 nam-

1890 4283 1992 4335 que
2020 4268 2246 4337 dignitas
2287 4278 2368 4322 est
2396 4284 2490 4337 per
2515 4283 2575 4323 se
2612 4270 2739 4321 nihil
2772 4270 2979 4323 oll'erre.
3010 4270 3208 4323 Idcirco
3242 4270 3454 4325 dicebat

1890 4358 2132 4412 Christus
2169 4374 2181 4409 :
2215 4357 2296 4410 Ne
2333 4359 2511 4410 vocetis
2560 4359 2850 4427 magistrum
2894 4375 3042 4426 super
3081 4370 3261 4413 terram
3284 4376 3303 4415 :
3325 4377 3454 4416 unus

1891 4451 2020 4501 enim
2049 4458 2118 4501 cst
2140 4449 2373 4516 magister
2396 4456 2571 4514 vester,
2593 4450 2676 4516 qui
2702 4460 2771 4502 est
2796 4450 2849 4501 in
2864 4450 2998 4502 stetis
3014 4449 3314 4521 (Matthﬂift.
3340 4453 3454 4521 £0);

1890 4541 2174 4594 ostendens
2210 4553 2368 4593 Omne
2415 4538 2717 4608 dogmatum
2764 4551 3059 4594 nostrorum
3116 4542 3453 4610 princlpium,

1890 4631 2118 4684 radicem
2168 4630 2393 4698 desuper
2447 4645 2512 4683 ex
2560 4630 2806 4684 caelorum
2874 4631 3095 4683 Domino
3150 4634 3449 4701 accepisse,

1890 4723 2096 4776 etiamsi
2130 4722 2369 4776 homines
2391 4722 2495 4775 sint
2522 4724 2608 4791 qui
2637 4722 2700 4775 ad
2732 4722 2814 4773 illa
2844 4722 3159 4775 ministrant.
3190 4721 3351 4788 Quam
3376 4726 3452 4776 vi-

1890 4817 1960 4868 dit
1982 4814 2165 4868 Isaias.
2198 4814 2472 4880 Quomodo
2501 4813 2614 4866 haec
2638 4852 2651 4877 ,
2682 4828 2797 4881 quze
2837 4812 3014 4867 vident
3059 4814 3349 4883 prophetzc,
3378 4814 3455 4867 vi-

1890 4906 2069 4971 deant,
2088 4906 2263 4959 dicere
2282 4920 2384 4956 non
2404 4912 2639 4956 nostrum
2666 4912 2771 4966 est;
2798 4902 3013 4956 visionis
3032 4904 3225 4972 quippe
3244 4902 3454 4957 modum

1897 5013 2000 5053 non
2034 5012 2313 5067 possumus
2336 4995 2703 5063 interpretari;
2733 4994 2824 5047 sed
2854 4994 2941 5048 ille
2984 4994 3152 5047 solum
3192 4995 3333 5049 clare
3361 5011 3457 5049 no-

1895 5092 1989 5150 vit,
2016 5089 2101 5156 qni
2125 5087 2445 5155 experientia
2489 5086 2687 5139 didicit.
2738 5086 2939 5139 Etenim
2981 5084 3022 5137 si
3056 5094 3253 5138 natura:
3293 5100 3452 5153 opera

1894 5187 1947 5232 et
1975 5178 2190 5231 allectus
2218 5190 2358 5244 saepe
2389 5189 2543 5227 nemo
2569 5174 2833 5241 explicare
2867 5182 3056 5240 potest,
3088 5174 3250 5227 multo
3283 5174 3453 5226 minus

1894 5267 2106 5321 modum
2134 5264 2451 5334 operationis
2480 5263 2723 5331 Spiritus.
2769 5262 2916 5328 Quod
2944 5262 2987 5315 si
3015 5262 3250 5317 obscuris
3275 5262 3454 5328 imagi-

1895 5358 2049 5412 nibus
2092 5356 2341 5409 audacter
2380 5354 2497 5422 quis
2526 5354 2575 5406 id
2604 5353 2812 5420 aggredi
2860 5354 3055 5421 possit,
3092 5368 3191 5405 non
3219 5360 3360 5405 certe
3388 5351 3457 5405 ita

1895 5448 2091 5516 poterit
2118 5455 2171 5498 ut
2200 5444 2396 5498 clarum
2427 5442 2476 5495 id
2506 5443 2721 5509 reddat,
2753 5442 2843 5497 sed
2873 5444 2922 5496 in
2952 5443 3229 5509 :rnigmate
3258 5442 3306 5494 id
3334 5442 3459 5496 elic-

1896 5551 1994 5593 rct.
2021 5538 2142 5593 Mihi
2172 5537 2383 5607 quidem
2426 5536 2632 5591 videtur
2659 5536 2709 5589 id
2748 5536 2816 5589 ita
2850 5534 3041 5587 factum
3090 5549 3209 5589 esse
3253 5535 3303 5588 in
3332 5549 3457 5603 pro-

1897 5630 2100 5703 phetis,
2131 5636 2187 5683 ut
2210 5642 2330 5683 cum
2358 5642 2504 5698 aqua:
2549 5625 2775 5699 limpida:
2813 5636 2997 5679 natura
3048 5624 3225 5681 radios
3264 5625 3460 5685 solum
