4058 6216
597 332 660 383 15
1311 309 1366 365 S.
1405 309 1680 365 JOANNIS
1715 301 2181 362 CllliYSOSTOMI
2218 300 2534 359 ARCIIIEP.
2563 301 3094 362 CONSTANTINOP.
3757 311 3825 361 lti

578 426 803 495 excepit,
835 435 942 479 tota
991 425 1311 489 illustratur,
1343 425 1419 478 sic
1448 434 1499 480 et
1532 426 1909 494 prophetarum
1939 424 2144 476 animas

579 515 784 583 propria
817 515 1008 568 virtute
1038 513 1183 580 prius
1211 523 1548 582 expurgatas,
1577 512 1773 566 donum
1802 512 2031 580 Spiritus
2052 523 2146 563 ac-

575 608 754 674 cipere
774 645 788 666 ,
822 612 876 656 et
901 603 967 658 ad
996 604 1248 672 fulgorem
1281 604 1424 658 illum
1470 604 1810 657 conciunatas
1836 604 1905 656 ita
1933 603 2149 654 futuro-

577 711 692 749 rum
741 695 977 748 notitiam
1023 693 1322 747 admittere.
1369 691 1534 746 Filius
1580 693 1751 746 Amos.
1789 691 1898 746 Cur
1944 700 2146 761 patrem

575 784 993 838 commemorat?
1037 787 1140 837 Aut
1165 784 1230 837 ad
1260 784 1548 837 tollendum
1578 784 1908 853 :equivocuin
1932 822 1947 843 ,
1973 791 2064 835 aut
2091 791 2149 835 ut

643 872 908 927 discamus
938 873 1100 940 patris
1129 874 1378 928 vilitatem
1408 873 1500 928 lilii
1545 875 1792 927 virtutem
1821 887 1923 928 non
1946 873 2144 928 obscu-

575 962 696 1018 rare
727 979 739 1016 :
768 962 1204 1032 nobilitatemque
1231 978 1350 1018 esse
1388 977 1495 1018 non
1539 978 1606 1018 ex
1637 962 1906 1031 praeclaris
1937 961 2150 1031 majori-

577 1051 676 1106 bus
701 1052 866 1117 oriri,
896 1052 989 1106 sed
1028 1068 1091 1108 ex
1132 1056 1337 1124 propria
1376 1053 1755 1123 magnitudine.
1798 1053 1895 1109 Hie
1918 1062 2063 1108 certe
2087 1067 2149 1106 ex

576 1141 790 1211 ignobili
818 1151 968 1213 patre
997 1154 1152 1197 natus
1173 1185 1188 1208 ,
1216 1144 1464 1198 omnibus
1505 1144 1764 1198 illustrior
1790 1143 1992 1206 evasit,
2021 1157 2150 1213 pro-

581 1233 712 1303 pria:
759 1235 966 1288 virtutis
1005 1235 1312 1288 excellentia
1342 1233 1568 1304 fulgens.
1616 1234 1784 1302 Quam
1828 1235 1949 1289 vidit
1979 1245 2153 1288 contra

579 1321 818 1379 luderem
841 1337 886 1379 et
915 1337 1088 1380 contra
1125 1327 1425 1380 Jerusalem.

645 1414 700 1468 2.
731 1415 839 1469 Cur
881 1415 1126 1469 distincte
1179 1427 1458 1485 utrumque
1501 1417 1674 1471 locum
1727 1415 2152 1472 commemorat?

579 1505 713 1572 Quia
744 1520 914 1573 pteute
950 1504 1158 1560 divisini
1210 1505 1419 1561 inﬂictae
1445 1515 1601 1572 sunt,
1648 1506 1976 1577 diversisque
2015 1514 2154 1561 tem-

584 1596 822 1664 poribus,
853 1596 961 1651 Deo
987 1596 1039 1650 id
1071 1598 1336 1665 sapienter
1359 1598 1720 1666 dispensante,
1750 1613 1818 1652 ne
1843 1612 2030 1652 omnes
2050 1611 2153 1650 una

583 1684 838 1754 perirent.
859 1685 950 1739 sed
975 1686 1169 1739 sensim
1194 1697 1244 1739 et
1268 1687 1517 1754 paulatim
1542 1727 1556 1748 ,
1577 1695 1634 1740 ut
1657 1686 2004 1742 abductorum
2031 1700 2156 1754 sup—

589 1777 750 1846 plicio
793 1776 974 1831 caueri
1016 1777 1408 1845 resipiscerent.
1455 1775 1605 1843 Quod
1633 1777 1676 1832 si
1717 1776 2006 1846 pharmaco
2047 1790 2152 1830 non

583 1867 806 1932 fuerint,
835 1875 892 1920 ut
919 1882 1013 1936 par
1033 1875 1163 1930 erat,
1197 1868 1309 1932 usi;
1341 1883 1446 1920 non
1475 1867 1686 1930 medici,
1715 1867 1811 1921 sed
1835 1875 2153 1935 aegrotorum

583 1957 738 2027 culpa
763 1957 882 2011 crit.
917 1957 970 2012 ld
993 1967 1168 2012 autem
1196 1957 1319 2011 facit
1341 1971 1552 2024 semper
1579 1965 1633 2011 et
1661 1957 1713 2010 in
1742 1957 1962 2025 singulis
1991 1971 2154 2024 gene—

580 2049 891 2113 rationibus,
921 2065 1024 2104 non
1047 2063 1233 2104 omnes
1258 2048 1413 2102 simul
1441 2047 1492 2101 in
1523 2046 1708 2102 eadem
1737 2055 1950 2115 peccata
1980 2046 2157 2114 lapsos

585 2139 855 2208 plectens;
885 2153 1006 2192 nam
1050 2138 1182 2193 alias
1219 2147 1384 2192 totum
1413 2151 1582 2208 genus
1627 2145 1865 2190 nostrum
1889 2135 1999 2203 jam
2028 2135 2156 2189 olim

581 2230 843 2283 sublatum
870 2238 1041 2294 esset;
1074 2229 1166 2284 sed
1188 2230 1254 2284 ab
1273 2230 1392 2284 aliis
1416 2229 1500 2282 hic
1522 2242 1704 2296 pennas
1729 2228 1954 2296 repetit,
1987 2226 2153 2279 levio-

583 2335 694 2374 rem
727 2319 849 2372 hinc
875 2319 976 2371 illis
1006 2333 1197 2388 parans
1247 2319 1298 2372 in
1339 2319 1442 2372 alia
1489 2318 1595 2372 vita
1635 2317 1966 2371 cruciatum:
1999 2323 2157 2384 atque

582 2408 872 2478 mqualibus
901 2409 1136 2477 ipsorum
1167 2407 1476 2462 mutationis
1503 2408 1554 2460 in
1580 2405 1772 2461 melius
1792 2419 2035 2474 magnam
2065 2418 2159 2458 oc-

584 2498 852 2552 casioneni
882 2497 1184 2567 suppeditat
1216 2515 1229 2551 :
1259 2498 1379 2551 illos
1409 2505 1584 2551 autem
1612 2496 1703 2565 qui
1741 2509 1913 2564 neque
1936 2509 2000 2548 ex
2031 2507 2159 2562 pro-

585 2586 701 2654 prio
735 2596 878 2640 motu
905 2627 920 2651 ,
949 2601 1122 2655 neque
1150 2601 1212 2640 ex
1243 2586 1337 2639 tali
1363 2586 1758 2655 dispenSatione
1782 2583 2052 2653 quidpiam
2077 2584 2160 2637 lu-

583 2674 721 2728 crari
747 2675 967 2739 volunt,
1011 2675 1078 2728 ad
1122 2674 1478 2729 inevitabilem
1515 2683 1570 2728 et
1615 2672 1948 2728 tremendum
1971 2671 2159 2741 judicii

584 2761 724 2815 diem
753 2773 1001 2816 reservat.
1033 2761 1100 2816 In
1127 2778 1281 2832 regno
1311 2761 1450 2816 Ozias
1469 2771 1515 2815 et
1540 2759 1764 2814 Joatltan
1783 2802 1800 2827 ,
1835 2769 1883 2815 et
1924 2760 2095 2813 Actias
2113 2769 2160 2814 et

589 2852 851 2915 Ezechiae,
880 2855 964 2924 qui
985 2862 1259 2922 regnarunt
1297 2854 1350 2905 in
1373 2853 1576 2906 Iudaea.
1603 2851 1911 2922 Opportune
1953 2858 2161 2918 tempus

586 2942 800 3011 adjicit,
833 2943 1125 2997 studiosum
1155 2943 1448 2996 auditorem
1475 2942 1750 2996 remittens
1787 2942 1854 2994 ad
1886 2940 2158 2994 historiam

587 3047 765 3087 rerum
794 3042 1080 3102 gestarum.
1115 3031 1184 3085 lta
1216 3034 1356 3088 enim
1404 3033 1679 3102 pr0phetia
1711 3032 1913 3086 facilius
1958 3031 2157 3084 intelli-

585 3131 739 3191 getur
763 3123 1059 3192 clariorque
1083 3122 1206 3185 erit,
1235 3123 1277 3175 si
1305 3121 1571 3176 discamus
1592 3162 1608 3188 ,
1635 3135 1737 3190 qua
1767 3134 1943 3174 rerum
1979 3118 2161 3173 condi-

587 3215 748 3274 tione,
780 3222 835 3266 et
863 3226 968 3282 quo
998 3212 1049 3265 in
1075 3221 1213 3265 statu
1238 3211 1573 3265 Judaicarum
1611 3210 1900 3279 plagarum,
1931 3206 2163 3277 prophe-

593 3313 660 3356 ta:
690 3301 970 3372 pharmaca
997 3301 1380 3355 concinnarint.
1404 3299 1460 3352 2.
1480 3300 1630 3365 Audi,
1666 3299 1862 3361 cadum,
1895 3305 1940 3350 et
1959 3295 2162 3348 auribus

591 3392 822 3460 percipe,
845 3402 977 3444 terra
1001 3431 1015 3454 ,
1039 3391 1156 3461 quia
1182 3390 1426 3444 Dominus
1457 3389 1688 3458 loquutus
1727 3395 1818 3441 est.
1865 3385 2021 3440 Multa
2051 3384 2161 3452 ple-

595 3499 721 3537 num
754 3492 835 3537 est
865 3484 939 3535 ira
966 3481 1067 3536 hoc
1093 3479 1399 3536 exordium.
1425 3479 1535 3534 Nisi
1559 3480 1699 3533 enim
1730 3478 1915 3546 ingens
1943 3483 2087 3530 esset
2110 3483 2163 3527 et

590 3575 870 3632 lnell'abilis
909 3573 1216 3643 indignatio,
1247 3587 1572 3643 nequaquam
1592 3612 1606 3636 ,
1635 3570 1810 3624 missis
1837 3567 2162 3632 hominibus,

595 3667 663 3720 ad
695 3667 959 3720 elementa
986 3679 1285 3720 sermonem
1312 3664 1580 3719 vertisset.
1603 3660 1734 3716 Illud
1759 3676 1884 3716 vero
1912 3659 2036 3715 facit
2058 3674 2160 3712 non

596 3756 757 3811 modo
781 3757 871 3809 ira:
898 3754 1232 3809 declarandae
1277 3768 1458 3819 causa,
1489 3752 1583 3807 sed
1614 3760 1670 3805 ut
1697 3765 1790 3805 eos
1813 3751 1903 3819 qui
1933 3747 2162 3802 audituri

588 3854 763 3912 erant,
795 3845 990 3914 ingenti
1025 3844 1224 3913 pudore
1252 3842 1597 3907 sulfunderet,
1626 3841 1914 3897 ostendens
1952 3853 2046 3894 eos
2074 3839 2164 3908 qui

591 3937 798 3992 ratione
823 3937 1056 3990 decorati
1083 3944 1262 3991 essent
1287 3975 1302 4001 ,
1330 3937 1481 4005 pejus
1519 3950 1577 3990 se
1607 3934 1803 3989 habere
1826 3972 1841 3998 ,
1869 3946 2026 4002 quam
2055 3929 2165 3985 ele-

591 4040 769 4084 menta
799 4042 956 4082 sensu
985 4029 1239 4083 carentia.
1269 4027 1324 4082 ld
1350 4027 1488 4095 quod
1515 4027 1670 4079 etiam
1698 4024 1906 4080 caeteris
1929 4021 2165 4093 prophe-

591 4121 659 4174 tis
684 4120 734 4173 in
759 4133 906 4172 more
931 4125 1032 4172 est.
1065 4117 1264 4171 Idcirco
1293 4117 1336 4169 is
1363 4117 1450 4184 qui
1477 4116 1539 4168 ad
1566 4115 1941 4169 Jeroboamum
1969 4113 2166 4167 missus

589 4208 784 4272 fuerat,
817 4208 1016 4261 omisso
1045 4222 1168 4276 rege
1192 4206 1257 4259 ad
1286 4221 1443 4275 quem
1476 4207 1800 4270 mittebatur,
1834 4205 2004 4258 altare
2027 4201 2167 4256 allo-

592 4300 770 4368 quitur
796 4298 814 4366 (
840 4299 892 4354 5.
926 4298 1052 4367 Iteg.
1085 4298 1170 4350 15.
1201 4297 1252 4351 l.
1277 4293 1373 4366 2).
1409 4295 1472 4347 Et
1493 4293 1750 4348 Jeremias
1781 4304 1976 4347 terram
2002 4306 2164 4346 voea-

594 4390 685 4442 hat
711 4389 895 4443 dicens
925 4408 937 4443 :
971 4388 1129 4442 Terra
1152 4428 1168 4452 ,
1201 4397 1362 4450 terra,
1409 4397 1540 4438 terra
1563 4401 1581 4439 :
1601 4385 1758 4439 scribe
1801 4386 1935 4438 hunc
1961 4385 2122 4437 virum
2145 4425 2160 4450 ,

595 4483 754 4533 virum
777 4481 1108 4549 proscriptum
1136 4479 1267 4548 (Jer.
1292 4478 1380 4532 22.
1415 4477 1503 4531 29.
1535 4476 1647 4548 '50).
1675 4477 1924 4546 Aliusque
1953 4491 2164 4530 rursum

595 4569 804 4624 dicebat
833 4587 846 4623 :
874 4568 1077 4633 Audite,
1100 4569 1285 4634 valles,
1315 4566 1643 4638 fundamenta
1688 4575 1854 4620 terrae.
1887 4563 2048 4618 Filios
2073 4581 2163 4633 ge-

597 4661 687 4713 nui
712 4659 899 4729 (Mich.
930 4659 983 4713 6.
1012 4658 1106 4727 2).
1135 4657 1249 4712 Non
1278 4672 1559 4712 commune
1584 4656 1832 4711 omnibus
1864 4654 2166 4709 hominibus

605 4751 692 4806 hic
720 4751 866 4820 ponit
893 4748 1206 4804 beneficium
1232 4789 1246 4812 ,
1275 4747 1415 4818 quod
1454 4761 1646 4816 nempe
1691 4745 1813 4800 facti
1834 4753 2048 4811 essent,
2072 4743 2166 4798 sed

599 4843 805 4911 insigne
847 4840 1161 4911 quodpiam,
1192 4837 1330 4909 quod
1368 4837 1460 4892 filii
1504 4836 1677 4892 eﬁ'eeti
1701 4844 1902 4890 essent.
1944 4834 2168 4903 Semper

598 4935 739 4988 cnim
764 4934 1016 4988 beneficia
1035 4931 1228 4986 inferre
1252 4930 1432 4999 incipit
1449 4929 1608 4983 Deus.
1630 4927 1704 4982 Ac
1721 4923 2165 4996 quemadmodum

598 5041 718 5079 cum
748 5023 1020 5078 hominem
1067 5032 1291 5086 crearet,
1335 5019 1424 5091 qui
1466 5034 1569 5073 non
1599 5027 1720 5072 ante
1748 5017 1936 5078 fuerat,
1966 5030 2086 5068 eum
2114 5014 2164 5086 in

601 5116 863 5186 principio
909 5115 1190 5168 honoravit
1249 5114 1434 5168 dicens
1456 5153 1470 5175 ,
1506 5109 1776 5164 Faciamus
1814 5107 2064 5160 hominem
2100 5103 2167 5156 ad

601 5207 868 5276 imaginem
906 5214 953 5258 et
997 5204 1372 5257 similitudinem
1413 5211 1635 5255 nostram
1669 5197 1832 5270 (Gen.
1869 5197 1920 5251 i.
1946 5193 2078 5265 26);
2112 5195 2164 5247 in

601 5311 738 5350 nova
775 5303 950 5350 autem
998 5294 1110 5362 lege
1140 5292 1325 5360 majori
1357 5305 1454 5343 nos
1497 5291 1703 5342 ornavit
1744 5285 2031 5346 beneflcio;
2060 5297 2164 5335 non

603 5386 776 5438 solum
806 5383 946 5438 enim
980 5381 1232 5435 nihildum
1262 5388 1507 5448 operatos
1528 5417 1542 5441 ,
1567 5379 1659 5432 sed
1688 5377 1845 5431 etiam
1877 5371 2167 5429 innumeris

605 5477 758 5530 malis
783 5484 1003 5530 onustos
1027 5471 1304 5528 honoravit
1325 5485 1421 5539 per
1441 5469 1703 5522 lavacrum
1724 5463 2164 5536 regenerationis:

604 5567 672 5620 ita
703 5576 758 5621 et
779 5569 862 5621 hic
891 5567 1072 5620 videre
1097 5573 1204 5625 est;
1235 5577 1353 5615 nam
1390 5575 1482 5614 eos
1513 5559 1602 5628 qui
1632 5575 1734 5611 non
1775 5557 1930 5609 modo
1956 5558 2006 5608 in
2036 5554 2166 5608 ado-

604 5657 782 5726 ptione
803 5657 929 5711 nihii
953 5658 1075 5711 boni
1098 5663 1331 5726 egerant,
1353 5652 1446 5707 sed
1473 5651 1630 5706 ctiam
1667 5648 1796 5717 lapsi
1819 5648 2020 5701 fuerant
2044 5687 2054 5707 ,
2077 5645 2168 5698 ho-

2255 420 2485 473 norarit.
2510 418 2617 473 Nec
2661 433 2786 472 vero
2825 418 2945 487 quia
2982 426 3104 472 ante
3140 415 3348 472 labores
3369 417 3626 472 honorare
3660 419 3815 484 solet,

2257 519 2376 580 post
2403 511 2614 564 labores
2655 509 2897 564 mercede
2924 510 3123 578 privat;
3153 509 3245 562 sed
3279 517 3403 563 tunc
3447 510 3646 578 majora
3687 526 3816 565 con-

2258 602 2355 654 fert
2374 601 2608 666 przeniia.
2641 600 2702 653 Et
2727 600 2962 653 mltavi.
2992 599 3120 664 Quze
3147 599 3196 652 in
3224 597 3472 668 Egypto,
3495 615 3612 668 qua:
3640 600 3691 654 in
3719 602 3812 654 deo

2256 703 2420 756 serto,
2443 708 2558 761 quin
2581 694 2628 744 in
2655 691 2930 745 Palmstina
2960 693 3143 760 gessit,
3171 706 3275 744 uno
3301 691 3462 745 verbo
3491 694 3709 760 carptim
3739 703 3814 746 te-

2260 786 2395 854 tigit.
2424 785 2534 838 Mos
2564 785 2705 839 enim
2755 783 2866 839 Deo
2893 792 2976 838 est
3003 783 3070 836 ob
3093 782 3474 837 beneﬁciorum
3515 784 3718 851 copiam
3765 784 3820 838 in

2260 874 2564 928 narratione
2607 880 2878 941 gestorum
2920 885 3026 926 non
3069 871 3365 925 minutatim
3412 873 3676 925 insistere.
3710 871 3821 938 Ipsi

2255 975 2420 1019 autem
2449 973 2738 1033 spreverunt
2767 979 2865 1016 me.
2894 961 3232 1031 Transgressi
3260 972 3401 1026 sunt,
3431 962 3617 1030 inquit,
3651 961 3821 1029 legem

2255 1070 2450 1122 meam,
2482 1054 2728 1110 mandata
2773 1053 3190 1122 dereliquerunt.
3233 1052 3287 1107 3.
3317 1049 3556 1122 Cognovit
3593 1052 3678 1105 bos
3707 1067 3823 1119 pos-

2256 1162 2494 1202 sessorem
2517 1161 2684 1211 suum,
2712 1153 2761 1199 et
2797 1145 2968 1200 asinus
2995 1159 3216 1213 pra'sepe
3249 1143 3439 1198 domini
3465 1143 3563 1196 sui.
3591 1141 3825 1211 Compa-

2258 1237 2494 1291 rationes
2543 1235 2868 1291 accusationi
2921 1234 3277 1291 secessionem
3325 1242 3547 1303 parant,
3593 1234 3826 1288 maxime

2259 1341 2385 1382 vero
2413 1340 2531 1379 cum
2560 1341 2626 1380 ex
2655 1324 3000 1394 inaaqnalibus
3023 1325 3406 1378 coneinnantur
3440 1338 3453 1376 :
3483 1321 3821 1392 quemadmo-

2258 1419 2384 1474 dum
2409 1427 2462 1474 et
2481 1417 2724 1472 Christus
2752 1418 2824 1471 ait
2854 1434 2866 1471 :
2910 1415 3016 1470 Viri
3041 1414 3281 1470 Ninivitw
3302 1424 3502 1484 surgent
3542 1416 3592 1467 in
3627 1413 3826 1485 judicio

2259 1526 2373 1563 cum
2396 1509 2710 1580 generatione
2737 1509 2852 1573 hac,
2881 1517 2928 1562 et
2951 1507 3349 1561 condemnabunt
3389 1523 3498 1560 eam
3527 1505 3686 1576 (Luc.
3730 1505 3820 1558 Η.

2259 1600 2380 1668 32);
2412 1614 2474 1654 ae
2513 1613 2720 1654 rursum
2755 1615 2767 1650 :
2815 1598 3011 1667 Regina
3048 1599 3208 1652 austri
3238 1605 3404 1667 surget
3437 1599 3488 1649 in
3517 1597 3731 1666 judicio,
3774 1604 3826 1648 et

2259 1690 2606 1744 condemnabit
2639 1689 3006 1759 generationem
3033 1689 3181 1747 hanc,
3213 1688 3328 1754 quia
3369 1686 3498 1738 venit
3538 1701 3599 1740 ea:
3641 1685 3826 1753 ﬁnibus

2259 1789 2404 1834 terra
2427 1781 2603 1835 audire
2629 1781 2926 1850 sapientiam
2955 1779 3240 1832 Salomonis
3266 1776 3424 1848 (Ibid.
3457 1794 3501 1830 v.
3530 1776 3641 1847 3|).
3683 1775 3823 1829 Rur-

2258 1884 2453 1938 susque
2479 1869 2737 1924 Jeremias
2766 1870 2841 1923 ait
2867 1885 2886 1922 :
2915 1868 2995 1922 Ite
3027 1869 3095 1922 ad
3137 1869 3328 1922 insulas
3357 1867 3566 1922 Chetiim
3593 1877 3639 1919 et
3667 1866 3828 1920 videte

2259 1965 2310 2014 in
2340 1960 2518 2014 Cedar.
2555 1960 2738 2014 Mittite
2767 1970 2814 2014 et
2834 1961 3134 2030 cognoscite,
3160 1959 3202 2012 si
3228 1957 3483 2011 mutabunt
3513 1967 3679 2027 gentes
3703 1958 3825 2008 deos

2261 2068 2378 2106 suos
2399 2068 2417 2104 :
2439 2051 2656 2120 populus
2682 2066 2796 2104 vero
2822 2066 2960 2103 meus
2988 2050 3192 2101 mutavit
3217 2048 3428 2117 gloriam
3447 2062 3616 2109 suam,
3642 2061 3703 2098 ea:
3724 2060 3827 2112 quo

2261 2143 2389 2198 nihil
2414 2141 2786 2213 proﬁcietUer.
2814 2140 2975 2194 2.10.
3005 2141 3114 2208 ll).
3138 2138 3303 2192 Docet
3331 2139 3498 2206 legem
3515 2151 3616 2188 nou
3639 2134 3825 2188 duram

2261 2251 2401 2304 esse,
2417 2245 2470 2292 et
2485 2243 2740 2304 quantam
2752 2247 3048 2287 mensuram
3070 2229 3320 2299 exigatab
3334 2228 3649 2289 hominibus,
3665 2239 3826 2295 quain

2261 2330 2439 2391 bruta,
2470 2335 2524 2380 et
2566 2327 2719 2380 bruta
2758 2324 2994 2378 omnium
3035 2320 3394 2390 stupidissima
3432 2318 3650 2385 implere
3698 2329 3827 2384 pos-

2263 2421 2387 2474 sint.
2416 2417 2520 2473 Sed
2547 2415 2739 2470 dixerit
2758 2413 3041 2484 quiSpiam,
3061 2411 3153 2465 Illa
3179 2409 3230 2463 in
3258 2417 3441 2461 natura
3469 2406 3663 2459 habent
3681 2401 3826 2472 quod

2265 2516 2606 2579 cognoscant.
2637 2505 2743 2560 Sed
2786 2515 3065 2574 possumus
3106 2514 3167 2554 ea
3189 2513 3306 2568 qua:
3337 2496 3486 2550 bruta
3527 2510 3592 2548 ex
3641 2501 3827 2546 natura

2262 2616 2354 2656 sua
2382 2601 2576 2653 faciunt
2621 2613 2684 2652 ex
2735 2595 3004 2665 proposito
3033 2590 3314 2644 voluntatis
3353 2587 3591 2656 implere.
3632 2585 3831 2651 Cogno-

2262 2693 2329 2744 vit
2373 2693 2458 2744 bos
2508 2703 2860 2757 possessorem.
2899 2684 3014 2738 Non
3039 2697 3104 2735 ex
3133 2680 3256 2734 doni
3286 2677 3594 2732 excellentia
3626 2674 3678 2727 in
3709 2687 3829 2726 tne-

2263 2784 2405 2838 dium
2435 2780 2680 2844 adducit,
2709 2777 2804 2833 sed
2831 2791 2894 2831 ex
2920 2774 3166 2843 nequitia:
3195 2773 3211 2803 ⁸
3238 2768 3581 2824 redundantia
3615 2765 3828 2817 illorum

2263 2884 2422 2946 auget
2450 2871 2941 2943 reprehensionem.
2971 2863 3421 2934 Quemadmodum
3451 2861 3590 2914 enim
3621 2856 3684 2909 ad
3709 2855 3831 2908 illo-

2270 2944 2384 3022 rum
2417 2967 2668 3035 pudorem
2710 2963 2974 3016 elementa
3012 2963 3239 3011 evocat:
3273 2951 3345 3005 ita
3366 2965 3475 3004 non
3497 2944 3827 3008 hominibus,

2265 3059 2357 3113 sed
2384 3033 2552 3112 brutis
2583 3056 2727 3124 ipsos
2773 3058 3065 3118 comparat,
3109 3060 3170 3099 ae
3212 3044 3482 3095 brutorum
3529 3033 3829 3104 stupidissi-

2265 3150 2387 3211 niis,
2419 3147 2624 3214 illisque
2654 3143 2861 3212 pejores
2891 3153 3012 3193 esse
3039 3133 3290 3190 ostendit.

2336 3240 2388 3294 5.
2431 3238 2573 3291 idem
2599 3235 2720 3288 facit
2745 3241 2798 3288 et
2821 3229 3098 3293 Jeremias,
3131 3235 3381 3279 turturem
3413 3230 3467 3276 et
3491 3216 3828 3273 hirundinem

2266 3333 2317 3386 iu
2345 3330 2574 3386 medium
2600 3336 2827 3380 evocans
2857 3319 2990 3390 (Jer.
3023 3319 3075 3372 8.
3103 3316 3156 3385 7)
3179 3332 3193 3378 ;
3219 3325 3272 3370 et
3297 3313 3566 3374 Salomon,
3599 3322 3735 3361 nunc
3761 3305 3832 3360 ad

2268 3424 2561 3483 formicam,
2588 3433 2725 3471 nunc
2745 3415 2809 3468 ad
2840 3427 2992 3481 apem
3013 3409 3224 3463 mittens
3255 3419 3372 3459 eum
3399 3405 3484 3470 qui
3516 3400 3680 3453 otiose
3701 3396 3835 3449 vivit

2268 3514 2446 3584 (Prov.
2481 3511 2532 3565 6.
2561 3508 2636 3576 6).
2665 3503 2830 3559 Israel
2851 3511 3018 3554 autem
3047 3513 3125 3550 me
3152 3511 3252 3548 non
3271 3491 3495 3562 cognovit
3520 3485 3687 3556 (Eccli
3736 3485 3831 3538 ll.

2268 3579 2343 3673 3).
2376 3599 2623 3655 Accessio
2654 3593 2866 3648 malitiae
2889 3600 2990 3656 εει,
3019 3601 3136 3642 cum
3169 3585 3201 3637 ii
3231 3583 3318 3652 qui
3348 3579 3628 3634 familiares
3655 3583 3834 3630 erant.

2267 3670 2385 3766 pust
2411 3702 2486 3746 tot
2511 3691 2760 3748 honores,
2785 3697 2968 3738 omnes
2997 3676 3270 3734 confertim
3288 3672 3352 3726 ad
3375 3670 3623 3725 malitiam
3644 3675 3838 3766 sponte

2268 3757 2591 3852 confugiunt.
2627 3778 2743 3832 Non
2779 3775 2938 3837 dixit,
2969 3770 3151 3833 Jacob,
3180 3764 3292 3830 sed,
3322 3761 3506 3826 Israel,
3536 3769 3590 3813 ut
3627 3773 3693 3811 ex
3720 3757 3837 3852 vir-

2269 3887 2380 3932 tute
2421 3847 2765 3943 progenitoris
2811 3867 3066 3933 ingratum
3114 3865 3358 3926 nepotum
3394 3853 3624 3905 animum
3665 3847 3840 3943 magis

2269 3935 2590 4021 ostenderet.
2615 3958 2708 4014 llle
2743 3956 2881 4010 enim
2914 3952 3073 4006 animi
3116 3949 3305 4000 virtute
3332 3940 3746 3998 benedictionem
3779 3935 3837 3987 in

2269 4053 2485 4110 nomine
2510 4061 2814 4117 expressam
2839 4039 3128 4112 promeruit
3177 4054 3191 4089 :
3237 4033 3305 4087 illi
3335 4045 3462 4085 vero
3494 4029 3562 4081 ob
3593 4022 3841 4117 iniquita-

2272 4155 2378 4202 tem
2415 4112 2595 4212 ipsam-
2613 4134 2971 4205 prodiderunt.
3011 4128 3073 4182 Et
3101 4123 3315 4196 populus
3351 4135 3486 4212 meus
3511 4133 3588 4169 me
3621 4130 3720 4212 non
3747 4112 3838 4164 in-

2271 4204 2457 4290 tellexit
2490 4249 2508 4286 :
2538 4204 2641 4294 Me,
2671 4225 2857 4293 inquit,
2889 4221 3001 4274 sole
3030 4216 3325 4271 clariorem.
3349 4211 3406 4263 Ι».
3443 4206 3530 4260 Va:
3558 4204 3690 4274 genti
3711 4217 3837 4294 pec-

2269 4325 2464 4380 catrici.
2497 4321 2609 4376 Hoc
2628 4291 2799 4373 retia—in
2829 4309 3099 4382 prephetis
3143 4307 3194 4358 in
3221 4315 3366 4356 more
3393 4298 3506 4362 fuit,
3539 4303 3595 4348 ut
3630 4305 3721 4347 eos
3747 4291 3840 4344 lu-

2269 4425 2483 4491 gerent,
2514 4415 2603 4483 qui
2631 4405 2903 4466 incurabili
2930 4401 3114 4456 morbo
3141 4398 3456 4491 laborarent.
3490 4387 3658 4491 Sicel-
3680 4383 3838 4491 Jerse-

2271 4471 2404 4565 iii—ias
2436 4471 2614 4560 multis
2651 4502 2702 4554 in
2734 4497 2895 4558 locis;
2929 4493 3004 4545 sic
3042 4501 3095 4542 et
3127 4486 3365 4541 Christus
3394 4495 3511 4535 cum
3538 4477 3663 4530 dicit
3693 4471 3844 4565 :HVar

2272 4563 2357 4655 tibi
2396 4593 2637 4656 Charaxi,
2680 4603 2754 4642 υω
2787 4585 2873 4639 tibi
2902 4577 3170 4636 Betltsaida
3201 4571 3406 4643 (Matth.
3440 4569 3525 4622 ll.
3563 4565 3676 4635 2t).
3701 4563 3841 4617 Nam

2275 4693 2375 4746 hoc
2419 4687 2575 4742 etiam
2616 4679 2870 4736 doctrina:
2909 4671 3114 4741 species
3138 4674 3238 4721 est.
3277 4662 3442 4728 Quem
3476 4657 3618 4713 enim
3657 4668 3846 4710 sermo

2273 4798 2378 4837 non
2433 4778 2603 4847 potuit
2646 4771 2965 4827 reformare,
3017 4762 3186 4815 luctus
3234 4766 3468 4847 persaepe
3511 4746 3839 4847 emendavit:

2275 4833 2476 4940 l’opulo
2501 4866 2646 4936 pleno
2665 4857 2895 4931 peccatis.
2920 4853 3031 4906 Alia
3053 4841 3401 4940 accusationis
3419 4837 3672 4940 accessio,
3691 4833 3844 4938 quod

2273 4927 2475 5020 omines.
2502 4927 2644 5026 quod
2669 4946 2948 5004 admodum
2979 4942 3311 5014 [peccatores
3335 4929 3493 5002 sint].
3523 4927 3715 4984 Semini
3742 4940 3844 5026 ne-

2273 5069 2440 5123 quam.
2465 5016 2583 5102 Non
2622 5042 2875 5111 originem
2919 5048 3100 5089 eorum
3144 5030 3431 5094 vituperat,
3474 5021 3565 5075 sed
3605 5016 3847 5123 ostendit

2273 5108 2366 5200 eos
2393 5158 2422 5196 a
2451 5140 2616 5208 prima
2657 5108 2812 5188 aetate
2834 5126 3102 5197 improbos
3131 5121 3307 5174 fuisse.
3339 5116 3486 5171 Sicut
3513 5108 3840 5208 enim-leam

2274 5199 2370 5289 nes
2399 5199 2519 5287 cum
2543 5227 2688 5290 dicit,
2725 5223 3012 5288 Serpentes,
3042 5212 3292 5284 genimina
3318 5208 3595 5277 viperarum
3622 5199 3840 5268 (Matth.

2273 5327 2328 5380 5.
2363 5324 2448 5392 7),
2490 5334 2593 5373 non
2641 5323 2878 5368 naturam
2917 5307 3216 5374 vituperat:
3249 5314 3354 5352 non
3401 5295 3540 5349 enim
3589 5290 3844 5354 dixisset,

2336 5522 2353 5553 ί
2389 5525 2525 5568 Forte
2548 5514 2736 5567 melius,
2761 5517 2919 5557 Graeca
2942 5504 3150 5568 lectione
3172 5499 3461 5568 aliquantum
3486 5495 3708 5568 mutata:

2273 5555 2748 5634 iiiodbi'iiiéiiiiisi‘s
2770 5555 2975 5639 concessi
2991 5555 3289 5620 excellentia,
3301 5557 3385 5608 scd
3403 5567 3464 5606 ea:
3482 5555 3722 5612 neqtuttw.
3739 5555 3845 5596 etc.

2276 5654 2384 5694 Itzee
2410 5653 2470 5688 ex
2499 5637 2658 5685 Atleno
2681 5637 2960 5680 uotavinus.
