  <div class='ocr_page' id='page_1' title='image "/cluster/home/n/w/nwhite01/storage/ocr_20150623/56/nnc1.0114695758/022.png"; bbox 0 0 4058 6216; ppageno 0'>
   <div class='ocr_carea' id='block_1_1' title="bbox 218 300 1854 388">
    <p class='ocr_par' dir='ltr' id='par_1_1' title="bbox 218 300 1854 359">
     <span class='ocr_line' id='line_1_1' title="bbox 218 300 1854 359; baseline 0 -2"><span class='ocrx_word' id='word_1_1' title='bbox 218 307 291 359; x_wconf 83' lang='grc'><strong>15</strong></span> <span class='ocrx_word' id='word_1_2' title='bbox 1625 300 1693 357; x_wconf 82' lang='lat' dir='ltr'><strong>IN</strong></span> <span class='ocrx_word' id='word_1_3' title='bbox 1731 301 1854 359; x_wconf 81' lang='lat' dir='ltr'><strong>lSAl</strong></span> 
     </span>
    </p>
   </div>
   <div class='ocr_carea' id='block_1_2' title="bbox 1958 300 3630 388">
    <p class='ocr_par' dir='ltr' id='par_1_2' title="bbox 1958 300 3630 388">
     <span class='ocr_line' id='line_1_2' title="bbox 1958 300 3630 388; baseline 0.004 -32"><span class='ocrx_word' id='word_1_4' title='bbox 1958 303 1983 366; x_wconf 87' lang='lat'><strong>:,</strong></span> <span class='ocrx_word' id='word_1_5' title='bbox 2022 300 2174 357; x_wconf 80' lang='lat' dir='ltr'><strong>CAP.</strong></span> <span class='ocrx_word' id='word_1_6' title='bbox 2210 302 2250 358; x_wconf 86' lang='grc' dir='ltr'><strong>ι.</strong></span> <span class='ocrx_word' id='word_1_7' title='bbox 3561 332 3630 388; x_wconf 66' lang='grc' dir='ltr'><strong>ιο</strong></span> 
     </span>
    </p>
   </div>
   <div class='ocr_carea' id='block_1_3' title="bbox 212 416 1872 489">
    <p class='ocr_par' dir='ltr' id='par_1_3' title="bbox 212 416 1872 489">
     <span class='ocr_line' id='line_1_3' title="bbox 212 416 1872 489; baseline -0.001 -16"><span class='ocrx_word' id='word_1_8' title='bbox 212 416 467 488; x_wconf 67' lang='grc' dir='ltr'><strong>’Δμμῶᾳ</strong></span> <span class='ocrx_word' id='word_1_9' title='bbox 496 417 648 482; x_wconf 91' lang='grc' dir='ltr'><strong>Τίνος</strong></span> <span class='ocrx_word' id='word_1_10' title='bbox 676 419 859 473; x_wconf 67' lang='grc' dir='ltr'><strong>ἕνεκεν</strong></span> <span class='ocrx_word' id='word_1_11' title='bbox 881 416 972 471; x_wconf 91' lang='grc' dir='ltr'><strong>τοῦ</strong></span> <span class='ocrx_word' id='word_1_12' title='bbox 1003 417 1207 489; x_wconf 79' lang='grc' dir='ltr'><strong>πατρὸς</strong></span> <span class='ocrx_word' id='word_1_13' title='bbox 1234 416 1535 489; x_wconf 84' lang='grc' dir='ltr'><strong>μέμνηται;</strong></span> <span class='ocrx_word' id='word_1_14' title='bbox 1565 419 1633 470; x_wconf 84' lang='grc' dir='ltr'><strong>Ἦ</strong></span> <span class='ocrx_word' id='word_1_15' title='bbox 1658 417 1745 471; x_wconf 88' lang='grc' dir='ltr'><strong>διά</strong></span> <span class='ocrx_word' id='word_1_16' title='bbox 1774 418 1872 481; x_wconf 75' lang='grc' dir='ltr'><strong>τὰς</strong></span> 
     </span>
    </p>
   </div>
   <div class='ocr_carea' id='block_1_4' title="bbox 212 501 1872 575">
    <p class='ocr_par' dir='ltr' id='par_1_4' title="bbox 212 501 1872 575">
     <span class='ocr_line' id='line_1_4' title="bbox 212 501 1872 575; baseline -0.002 -18"><span class='ocrx_word' id='word_1_17' title='bbox 212 503 554 574; x_wconf 75' lang='grc' dir='ltr'><strong>ὁμωνυμίας,</strong></span> <span class='ocrx_word' id='word_1_18' title='bbox 591 504 625 575; x_wconf 78' lang='grc' dir='ltr'>ἢ</span> <span class='ocrx_word' id='word_1_19' title='bbox 668 502 806 557; x_wconf 82' lang='grc' dir='ltr'><strong>ὥστε</strong></span> <span class='ocrx_word' id='word_1_20' title='bbox 857 502 1047 574; x_wconf 81' lang='grc' dir='ltr'><strong>μαθεῖν</strong></span> <span class='ocrx_word' id='word_1_21' title='bbox 1082 502 1164 555; x_wconf 74' lang='grc' dir='ltr'><strong>δτι</strong></span> <span class='ocrx_word' id='word_1_22' title='bbox 1207 501 1355 555; x_wconf 82' lang='grc' dir='ltr'><strong>οὐδὲν</strong></span> <span class='ocrx_word' id='word_1_23' title='bbox 1387 501 1625 554; x_wconf 84' lang='grc' dir='ltr'><strong>εὐτέλεια</strong></span> <span class='ocrx_word' id='word_1_24' title='bbox 1671 501 1872 573; x_wconf 83' lang='grc' dir='ltr'><strong>πατρὸς</strong></span> 
     </span>
    </p>
   </div>
   <div class='ocr_carea' id='block_1_5' title="bbox 208 586 1873 661">
    <p class='ocr_par' dir='ltr' id='par_1_5' title="bbox 208 586 1873 661">
     <span class='ocr_line' id='line_1_5' title="bbox 208 586 1873 661; baseline -0.001 -19"><span class='ocrx_word' id='word_1_25' title='bbox 208 586 525 653; x_wconf 68' lang='grc' dir='ltr'><strong>ἐπισκιάζει</strong></span> <span class='ocrx_word' id='word_1_26' title='bbox 573 589 763 654; x_wconf 76' lang='grc' dir='ltr'><strong>παιδὸς</strong></span> <span class='ocrx_word' id='word_1_27' title='bbox 802 590 1036 661; x_wconf 82' lang='grc' dir='ltr'><strong>ἀρετήν·</strong></span> <span class='ocrx_word' id='word_1_28' title='bbox 1075 589 1195 643; x_wconf 69' lang='grc' dir='ltr'><strong>οὐδὲ</strong></span> <span class='ocrx_word' id='word_1_29' title='bbox 1225 588 1473 657; x_wconf 82' lang='grc' dir='ltr'><strong>εὐγένεια</strong></span> <span class='ocrx_word' id='word_1_30' title='bbox 1514 587 1671 640; x_wconf 88' lang='grc' dir='ltr'><strong>τοῦτο</strong></span> <span class='ocrx_word' id='word_1_31' title='bbox 1703 588 1762 640; x_wconf 99' lang='lat' dir='ltr'><strong>rb</strong></span> <span class='ocrx_word' id='word_1_32' title='bbox 1808 589 1873 640; x_wconf 79' lang='grc' dir='ltr'><strong>ἐκ</strong></span> 
     </span>
    </p>
   </div>
   <div class='ocr_carea' id='block_1_6' title="bbox 210 666 1871 746">
    <p class='ocr_par' dir='ltr' id='par_1_6' title="bbox 210 666 1871 746">
     <span class='ocr_line' id='line_1_6' title="bbox 210 666 1871 746; baseline -0.002 -16"><span class='ocrx_word' id='word_1_33' title='bbox 210 677 471 745; x_wconf 75' lang='grc' dir='ltr'><strong>μεγάλων</strong></span> <span class='ocrx_word' id='word_1_34' title='bbox 491 676 671 743; x_wconf 83' lang='grc' dir='ltr'><strong>φῦναι,</strong></span> <span class='ocrx_word' id='word_1_35' title='bbox 697 675 828 729; x_wconf 86' lang='grc' dir='ltr'><strong>ἀλλά</strong></span> <span class='ocrx_word' id='word_1_36' title='bbox 853 676 914 729; x_wconf 80' lang='lat' dir='ltr'><strong>rb</strong></span> <span class='ocrx_word' id='word_1_37' title='bbox 939 674 1207 746; x_wconf 77' lang='grc' dir='ltr'><strong>μεγάλους</strong></span> <span class='ocrx_word' id='word_1_38' title='bbox 1233 676 1429 739; x_wconf 73' lang='grc' dir='ltr'><strong>αὐτοὺς</strong></span> <span class='ocrx_word' id='word_1_39' title='bbox 1463 674 1736 741; x_wconf 89' lang='grc' dir='ltr'><strong>γενέσθαι.</strong></span> <span class='ocrx_word' id='word_1_40' title='bbox 1766 666 1871 728; x_wconf 80' lang='grc' dir='ltr'><strong>Οὕ-</strong></span> 
     </span>
    </p>
   </div>
   <div class='ocr_carea' id='block_1_7' title="bbox 204 760 1870 833">
    <p class='ocr_par' dir='ltr' id='par_1_7' title="bbox 204 760 1870 833">
     <span class='ocr_line' id='line_1_7' title="bbox 204 760 1870 833; baseline -0.002 -18"><span class='ocrx_word' id='word_1_41' title='bbox 204 764 301 825; x_wconf 83' lang='grc' dir='ltr'><strong>τός</strong></span> <span class='ocrx_word' id='word_1_42' title='bbox 334 780 397 815; x_wconf 86' lang='grc' dir='ltr'><strong>τε</strong></span> <span class='ocrx_word' id='word_1_43' title='bbox 422 765 634 833; x_wconf 79' lang='grc' dir='ltr'><strong>ἀσήμου</strong></span> <span class='ocrx_word' id='word_1_44' title='bbox 662 763 863 833; x_wconf 83' lang='grc' dir='ltr'><strong>πατρὸς</strong></span> <span class='ocrx_word' id='word_1_45' title='bbox 897 762 993 826; x_wconf 84' lang='grc' dir='ltr'><strong>ὢν,</strong></span> <span class='ocrx_word' id='word_1_46' title='bbox 1034 762 1248 816; x_wconf 76' lang='grc' dir='ltr'><strong>πάντων</strong></span> <span class='ocrx_word' id='word_1_47' title='bbox 1281 761 1626 831; x_wconf 83' lang='grc' dir='ltr'><strong>φαιδρότερος</strong></span> <span class='ocrx_word' id='word_1_48' title='bbox 1660 760 1870 829; x_wconf 83' lang='grc' dir='ltr'><strong>γέγονε,</strong></span> 
     </span>
    </p>
   </div>
   <div class='ocr_carea' id='block_1_8' title="bbox 204 844 1871 921">
    <p class='ocr_par' dir='ltr' id='par_1_8' title="bbox 204 844 1871 921">
     <span class='ocr_line' id='line_1_8' title="bbox 204 844 1871 921; baseline -0.001 -18"><span class='ocrx_word' id='word_1_49' title='bbox 204 851 275 918; x_wconf 79' lang='grc' dir='ltr'><strong>τῇ</strong></span> <span class='ocrx_word' id='word_1_50' title='bbox 306 850 409 917; x_wconf 85' lang='grc' dir='ltr'><strong>τῆς</strong></span> <span class='ocrx_word' id='word_1_51' title='bbox 436 850 641 913; x_wconf 76' lang='grc' dir='ltr'><strong>οἰκείας</strong></span> <span class='ocrx_word' id='word_1_52' title='bbox 660 844 858 921; x_wconf 78' lang='grc' dir='ltr'><strong>ἀρετῆς</strong></span> <span class='ocrx_word' id='word_1_53' title='bbox 881 849 1100 919; x_wconf 78' lang='grc' dir='ltr'><strong>λάμψας</strong></span> <span class='ocrx_word' id='word_1_54' title='bbox 1125 849 1419 919; x_wconf 80' lang='grc' dir='ltr'><strong>ὑπερϐολῇ.</strong></span> <span class='ocrx_word' id='word_1_55' title='bbox 1449 851 1561 902; x_wconf 87' lang='grc' dir='ltr'><strong>Ἢν</strong></span> <span class='ocrx_word' id='word_1_56' title='bbox 1578 845 1699 902; x_wconf 80' lang='grc' dir='ltr'><strong>εἶδε</strong></span> <span class='ocrx_word' id='word_1_57' title='bbox 1724 849 1871 901; x_wconf 83' lang='grc' dir='ltr'><strong>κατὰ</strong></span> 
     </span>
    </p>
   </div>
   <div class='ocr_carea' id='block_1_9' title="bbox 204 933 1386 1004">
    <p class='ocr_par' dir='ltr' id='par_1_9' title="bbox 204 933 1386 1004">
     <span class='ocr_line' id='line_1_9' title="bbox 204 933 1386 1004; baseline 0.003 -19"><span class='ocrx_word' id='word_1_58' title='bbox 204 933 323 1001; x_wconf 82' lang='grc' dir='ltr'><strong>τῆς</strong></span> <span class='ocrx_word' id='word_1_59' title='bbox 352 936 642 1001; x_wconf 82' lang='grc' dir='ltr'><strong>ἰουδαίας</strong></span> <span class='ocrx_word' id='word_1_60' title='bbox 661 935 760 989; x_wconf 80' lang='grc' dir='ltr'><strong>καί</strong></span> <span class='ocrx_word' id='word_1_61' title='bbox 787 938 937 989; x_wconf 81' lang='grc' dir='ltr'><strong>κατὰ</strong></span> <span class='ocrx_word' id='word_1_62' title='bbox 968 935 1386 1004; x_wconf 65' lang='grc' dir='ltr'><strong>Ἰερουσαλήμ.</strong></span> 
     </span>
    </p>
   </div>
   <div class='ocr_carea' id='block_1_10' title="bbox 282 1020 1871 1093">
    <p class='ocr_par' dir='ltr' id='par_1_10' title="bbox 282 1020 1871 1093">
     <span class='ocr_line' id='line_1_10' title="bbox 282 1020 1871 1093; baseline -0.003 -18"><span class='ocrx_word' id='word_1_63' title='bbox 282 1020 354 1091; x_wconf 85' lang='grc' dir='ltr'><strong>β’.</strong></span> <span class='ocrx_word' id='word_1_64' title='bbox 390 1022 544 1085; x_wconf 81' lang='grc' dir='ltr'>Τίνος</span> <span class='ocrx_word' id='word_1_65' title='bbox 588 1023 771 1075; x_wconf 72' lang='grc' dir='ltr'><strong>ἕνεκεν</strong></span> <span class='ocrx_word' id='word_1_66' title='bbox 812 1021 1154 1093; x_wconf 68' lang='grc' dir='ltr'><strong>διῃρημένοις</strong></span> <span class='ocrx_word' id='word_1_67' title='bbox 1192 1021 1465 1092; x_wconf 77' lang='grc' dir='ltr'><strong>ἑκατέρων</strong></span> <span class='ocrx_word' id='word_1_68' title='bbox 1503 1020 1871 1091; x_wconf 73' lang='grc' dir='ltr'><strong>ἐμνημόνευσε</strong></span> 
     </span>
    </p>
   </div>
   <div class='ocr_carea' id='block_1_11' title="bbox 200 1103 1868 1178">
    <p class='ocr_par' dir='ltr' id='par_1_11' title="bbox 200 1103 1868 1178">
     <span class='ocr_line' id='line_1_11' title="bbox 200 1103 1868 1178; baseline 0.001 -21"><span class='ocrx_word' id='word_1_69' title='bbox 200 1105 319 1157; x_wconf 87' lang='grc' dir='ltr'><strong>τῶν</strong></span> <span class='ocrx_word' id='word_1_70' title='bbox 358 1106 596 1176; x_wconf 85' lang='grc' dir='ltr'><strong>χωρίων;</strong></span> <span class='ocrx_word' id='word_1_71' title='bbox 639 1107 850 1178; x_wconf 78' lang='grc' dir='ltr'><strong>Ἐπειδὴ</strong></span> <span class='ocrx_word' id='word_1_72' title='bbox 890 1107 982 1160; x_wconf 76' lang='grc' dir='ltr'><strong>καὶ</strong></span> <span class='ocrx_word' id='word_1_73' title='bbox 1024 1108 1079 1160; x_wconf 90' lang='grc' dir='ltr'><strong>αἰ</strong></span> <span class='ocrx_word' id='word_1_74' title='bbox 1108 1106 1368 1178; x_wconf 74' lang='grc' dir='ltr'><strong>τιμωρίαι</strong></span> <span class='ocrx_word' id='word_1_75' title='bbox 1411 1107 1752 1177; x_wconf 82' lang='grc' dir='ltr'><strong>διῃρημένως</strong></span> <span class='ocrx_word' id='word_1_76' title='bbox 1789 1103 1868 1177; x_wconf 85' lang='grc'><strong>[5]</strong></span> 
     </span>
    </p>
   </div>
   <div class='ocr_carea' id='block_1_12' title="bbox 200 1192 1871 1264">
    <p class='ocr_par' dir='ltr' id='par_1_12' title="bbox 200 1192 1871 1264">
     <span class='ocr_line' id='line_1_12' title="bbox 200 1192 1871 1264; baseline 0.001 -19"><span class='ocrx_word' id='word_1_77' title='bbox 200 1195 483 1260; x_wconf 85' lang='grc' dir='ltr'><strong>γεγόνασι,</strong></span> <span class='ocrx_word' id='word_1_78' title='bbox 512 1192 607 1246; x_wconf 78' lang='grc' dir='ltr'><strong>καὶ</strong></span> <span class='ocrx_word' id='word_1_79' title='bbox 645 1196 701 1247; x_wconf 87' lang='grc' dir='ltr'><strong>ἐν</strong></span> <span class='ocrx_word' id='word_1_80' title='bbox 728 1194 1004 1264; x_wconf 81' lang='grc' dir='ltr'>διαφόροις</span> <span class='ocrx_word' id='word_1_81' title='bbox 1029 1196 1257 1264; x_wconf 73' lang='grc' dir='ltr'><strong>καιροῖς,</strong></span> <span class='ocrx_word' id='word_1_82' title='bbox 1298 1192 1389 1246; x_wconf 89' lang='grc' dir='ltr'><strong>τοῦ</strong></span> <span class='ocrx_word' id='word_1_83' title='bbox 1422 1192 1556 1246; x_wconf 85' lang='grc' dir='ltr'><strong>Θεοῦ</strong></span> <span class='ocrx_word' id='word_1_84' title='bbox 1588 1194 1681 1247; x_wconf 73' lang='grc' dir='ltr'><strong>καὶ</strong></span> <span class='ocrx_word' id='word_1_85' title='bbox 1715 1195 1871 1248; x_wconf 91' lang='grc' dir='ltr'><strong>τοῦτο</strong></span> 
     </span>
    </p>
   </div>
   <div class='ocr_carea' id='block_1_13' title="bbox 204 1278 1867 1351">
    <p class='ocr_par' dir='ltr' id='par_1_13' title="bbox 204 1278 1867 1351">
     <span class='ocr_line' id='line_1_13' title="bbox 204 1278 1867 1351; baseline 0.001 -20"><span class='ocrx_word' id='word_1_86' title='bbox 204 1279 388 1346; x_wconf 86' lang='grc' dir='ltr'><strong>σοφῶς</strong></span> <span class='ocrx_word' id='word_1_87' title='bbox 411 1281 875 1351; x_wconf 83' lang='grc' dir='ltr'><strong>οἰκονομήσαντος,</strong></span> <span class='ocrx_word' id='word_1_88' title='bbox 904 1280 964 1332; x_wconf 86' lang='lat' dir='ltr'><strong>rb</strong></span> <span class='ocrx_word' id='word_1_89' title='bbox 1003 1280 1079 1350; x_wconf 80' lang='grc' dir='ltr'><strong>μὴ</strong></span> <span class='ocrx_word' id='word_1_90' title='bbox 1102 1279 1309 1342; x_wconf 79' lang='grc' dir='ltr'>πάντας</span> <span class='ocrx_word' id='word_1_91' title='bbox 1351 1280 1545 1350; x_wconf 85' lang='grc' dir='ltr'>ἀθρόον</span> <span class='ocrx_word' id='word_1_92' title='bbox 1585 1278 1867 1347; x_wconf 82' lang='grc' dir='ltr'><strong>ἀπολέσαι,</strong></span> 
     </span>
    </p>
   </div>
   <div class='ocr_carea' id='block_1_14' title="bbox 203 1364 1869 1436">
    <p class='ocr_par' dir='ltr' id='par_1_14' title="bbox 203 1364 1869 1436">
     <span class='ocr_line' id='line_1_14' title="bbox 203 1364 1869 1436; baseline 0.001 -19"><span class='ocrx_word' id='word_1_93' title='bbox 203 1364 323 1417; x_wconf 75' lang='grc' dir='ltr'><strong>ἀλλ’</strong></span> <span class='ocrx_word' id='word_1_94' title='bbox 354 1364 535 1435; x_wconf 78' lang='grc' dir='ltr'><strong>ἡρέμα</strong></span> <span class='ocrx_word' id='word_1_95' title='bbox 580 1366 672 1418; x_wconf 75' lang='grc' dir='ltr'><strong>καὶ</strong></span> <span class='ocrx_word' id='word_1_96' title='bbox 718 1366 1081 1436; x_wconf 83' lang='grc' dir='ltr'><strong>καταμικρὸν,</strong></span> <span class='ocrx_word' id='word_1_97' title='bbox 1114 1365 1255 1419; x_wconf 82' lang='grc' dir='ltr'><strong>ὥστε</strong></span> <span class='ocrx_word' id='word_1_98' title='bbox 1279 1368 1349 1436; x_wconf 83' lang='grc' dir='ltr'><strong>τῇ</strong></span> <span class='ocrx_word' id='word_1_99' title='bbox 1382 1366 1491 1419; x_wconf 90' lang='grc' dir='ltr'><strong>τῶν</strong></span> <span class='ocrx_word' id='word_1_100' title='bbox 1520 1366 1869 1436; x_wconf 88' lang='grc' dir='ltr'><strong>ἀπαχθέντων</strong></span> 
     </span>
    </p>
   </div>
   <div class='ocr_carea' id='block_1_15' title="bbox 199 1451 1868 1523">
    <p class='ocr_par' dir='ltr' id='par_1_15' title="bbox 199 1451 1868 1523">
     <span class='ocr_line' id='line_1_15' title="bbox 199 1451 1868 1523; baseline 0.002 -20"><span class='ocrx_word' id='word_1_101' title='bbox 199 1452 449 1522; x_wconf 77' lang='grc' dir='ltr'><strong>τιμωρίᾳ</strong></span> <span class='ocrx_word' id='word_1_102' title='bbox 474 1453 599 1515; x_wconf 79' lang='grc' dir='ltr'><strong>τοῦς</strong></span> <span class='ocrx_word' id='word_1_103' title='bbox 627 1451 977 1522; x_wconf 76' lang='grc' dir='ltr'>λειπομένους</span> <span class='ocrx_word' id='word_1_104' title='bbox 1004 1453 1256 1521; x_wconf 85' lang='grc' dir='ltr'><strong>γενέσθαι</strong></span> <span class='ocrx_word' id='word_1_105' title='bbox 1282 1452 1767 1523; x_wconf 85' lang='grc' dir='ltr'><strong>σωφρονεστέρους.</strong></span> <span class='ocrx_word' id='word_1_106' title='bbox 1804 1455 1868 1507; x_wconf 85' lang='grc' dir='ltr'><strong>Εἰ</strong></span> 
     </span>
    </p>
   </div>
   <div class='ocr_carea' id='block_1_16' title="bbox 195 1537 1864 1611">
    <p class='ocr_par' dir='ltr' id='par_1_16' title="bbox 195 1537 1864 1611">
     <span class='ocr_line' id='line_1_16' title="bbox 195 1537 1864 1611; baseline 0 -20"><span class='ocrx_word' id='word_1_107' title='bbox 195 1538 259 1591; x_wconf 76' lang='grc' dir='ltr'><strong>δὲ</strong></span> <span class='ocrx_word' id='word_1_108' title='bbox 283 1539 383 1590; x_wconf 92' lang='grc' dir='ltr'><strong>οὐκ</strong></span> <span class='ocrx_word' id='word_1_109' title='bbox 414 1540 711 1609; x_wconf 75' lang='grc' dir='ltr'><strong>ἐχρήσαντο</strong></span> <span class='ocrx_word' id='word_1_110' title='bbox 731 1540 809 1600; x_wconf 84' lang='grc' dir='ltr'><strong>είς</strong></span> <span class='ocrx_word' id='word_1_111' title='bbox 835 1538 951 1591; x_wconf 84' lang='grc' dir='ltr'><strong>δέον</strong></span> <span class='ocrx_word' id='word_1_112' title='bbox 972 1537 1050 1609; x_wconf 85' lang='grc' dir='ltr'><strong>τῷ</strong></span> <span class='ocrx_word' id='word_1_113' title='bbox 1073 1539 1374 1611; x_wconf 83' lang='grc' dir='ltr'><strong>φαρμάκῳ,</strong></span> <span class='ocrx_word' id='word_1_114' title='bbox 1398 1539 1517 1609; x_wconf 78' lang='grc' dir='ltr'><strong>οὐχὶ</strong></span> <span class='ocrx_word' id='word_1_115' title='bbox 1539 1538 1634 1592; x_wconf 89' lang='grc' dir='ltr'><strong>τοῦ</strong></span> <span class='ocrx_word' id='word_1_116' title='bbox 1658 1538 1864 1610; x_wconf 77' lang='grc' dir='ltr'><strong>ἰατροῦ,</strong></span> 
     </span>
    </p>
   </div>
   <div class='ocr_carea' id='block_1_17' title="bbox 198 1625 1867 1696">
    <p class='ocr_par' dir='ltr' id='par_1_17' title="bbox 198 1625 1867 1696">
     <span class='ocr_line' id='line_1_17' title="bbox 198 1625 1867 1696; baseline 0.001 -18"><span class='ocrx_word' id='word_1_117' title='bbox 198 1625 343 1679; x_wconf 86' lang='grc' dir='ltr'><strong>ἀλλά</strong></span> <span class='ocrx_word' id='word_1_118' title='bbox 378 1626 491 1678; x_wconf 84' lang='grc' dir='ltr'><strong>τῶν</strong></span> <span class='ocrx_word' id='word_1_119' title='bbox 531 1626 842 1694; x_wconf 80' lang='grc' dir='ltr'><strong>καμνόντων</strong></span> <span class='ocrx_word' id='word_1_120' title='bbox 885 1625 946 1678; x_wconf 84' lang='grc' dir='ltr'><strong>τὸ</strong></span> <span class='ocrx_word' id='word_1_121' title='bbox 999 1625 1273 1696; x_wconf 70' lang='grc' dir='ltr'><strong>ἔγκλημα.</strong></span> <span class='ocrx_word' id='word_1_122' title='bbox 1326 1626 1478 1679; x_wconf 85' lang='grc' dir='ltr'><strong>Ποιεϊ</strong></span> <span class='ocrx_word' id='word_1_123' title='bbox 1506 1625 1561 1678; x_wconf 83' lang='grc' dir='ltr'><strong>δὲ</strong></span> <span class='ocrx_word' id='word_1_124' title='bbox 1603 1625 1733 1678; x_wconf 83' lang='grc' dir='ltr'><strong>αὐτὸ</strong></span> <span class='ocrx_word' id='word_1_125' title='bbox 1778 1626 1867 1679; x_wconf 83' lang='grc' dir='ltr'><strong>διά</strong></span> 
     </span>
    </p>
   </div>
   <div class='ocr_carea' id='block_1_18' title="bbox 200 1711 1865 1781">
    <p class='ocr_par' dir='ltr' id='par_1_18' title="bbox 200 1711 1865 1781">
     <span class='ocr_line' id='line_1_18' title="bbox 200 1711 1865 1781; baseline 0.001 -18"><span class='ocrx_word' id='word_1_126' title='bbox 200 1711 426 1775; x_wconf 80' lang='grc' dir='ltr'><strong>παντὸς,</strong></span> <span class='ocrx_word' id='word_1_127' title='bbox 458 1712 552 1763; x_wconf 82' lang='grc' dir='ltr'><strong>καὶ</strong></span> <span class='ocrx_word' id='word_1_128' title='bbox 582 1711 701 1764; x_wconf 80' lang='grc' dir='ltr'><strong>καθ’</strong></span> <span class='ocrx_word' id='word_1_129' title='bbox 735 1712 971 1781; x_wconf 89' lang='grc' dir='ltr'><strong>ἐκάστην</strong></span> <span class='ocrx_word' id='word_1_130' title='bbox 999 1712 1212 1779; x_wconf 83' lang='grc' dir='ltr'><strong>γενεάν,</strong></span> <span class='ocrx_word' id='word_1_131' title='bbox 1250 1712 1310 1764; x_wconf 89' lang='grc' dir='ltr'>οὐ</span> <span class='ocrx_word' id='word_1_132' title='bbox 1346 1711 1551 1775; x_wconf 81' lang='grc' dir='ltr'>πάντας</span> <span class='ocrx_word' id='word_1_133' title='bbox 1580 1711 1713 1781; x_wconf 84' lang='grc' dir='ltr'><strong>ὁμοῦ</strong></span> <span class='ocrx_word' id='word_1_134' title='bbox 1740 1713 1865 1775; x_wconf 86' lang='grc' dir='ltr'><strong>τούς</strong></span> 
     </span>
    </p>
   </div>
   <div class='ocr_carea' id='block_1_19' title="bbox 197 1796 1863 1868">
    <p class='ocr_par' dir='ltr' id='par_1_19' title="bbox 197 1796 1863 1868">
     <span class='ocr_line' id='line_1_19' title="bbox 197 1796 1863 1868; baseline 0.001 -19"><span class='ocrx_word' id='word_1_135' title='bbox 197 1798 270 1850; x_wconf 74' lang='grc' dir='ltr'><strong>τὰ</strong></span> <span class='ocrx_word' id='word_1_136' title='bbox 302 1798 443 1851; x_wconf 76' lang='grc' dir='ltr'><strong>αὐτὰ</strong></span> <span class='ocrx_word' id='word_1_137' title='bbox 489 1798 897 1868; x_wconf 79' lang='grc' dir='ltr'><strong>ἁμαρτάνοντας</strong></span> <span class='ocrx_word' id='word_1_138' title='bbox 936 1796 1073 1867; x_wconf 83' lang='grc' dir='ltr'><strong>ὁμοῦ</strong></span> <span class='ocrx_word' id='word_1_139' title='bbox 1115 1798 1211 1849; x_wconf 78' lang='grc' dir='ltr'><strong>καὶ</strong></span> <span class='ocrx_word' id='word_1_140' title='bbox 1255 1796 1527 1859; x_wconf 59' lang='grc' dir='ltr'><strong>κολάζων</strong></span> <span class='ocrx_word' id='word_1_141' title='bbox 1575 1798 1608 1868; x_wconf 78' lang='grc' dir='ltr'>ἢ</span> <span class='ocrx_word' id='word_1_142' title='bbox 1650 1798 1758 1867; x_wconf 81' lang='grc' dir='ltr'><strong>γὰρ</strong></span> <span class='ocrx_word' id='word_1_143' title='bbox 1796 1797 1863 1850; x_wconf 78' lang='grc' dir='ltr'><strong>ἂν</strong></span> 
     </span>
    </p>
   </div>
   <div class='ocr_carea' id='block_1_20' title="bbox 201 1883 1864 1954">
    <p class='ocr_par' dir='ltr' id='par_1_20' title="bbox 201 1883 1864 1954">
     <span class='ocr_line' id='line_1_20' title="bbox 201 1883 1864 1954; baseline 0 -17"><span class='ocrx_word' id='word_1_144' title='bbox 201 1884 351 1937; x_wconf 72' lang='grc' dir='ltr'><strong>ἅπαν</strong></span> <span class='ocrx_word' id='word_1_145' title='bbox 379 1884 533 1953; x_wconf 84' lang='grc' dir='ltr'><strong>ήμῶν</strong></span> <span class='ocrx_word' id='word_1_146' title='bbox 564 1885 728 1936; x_wconf 83' lang='grc' dir='ltr'><strong>πάλαι</strong></span> <span class='ocrx_word' id='word_1_147' title='bbox 752 1893 776 1921; x_wconf 76' lang='grc' dir='ltr'>ι</span> <span class='ocrx_word' id='word_1_148' title='bbox 805 1884 1238 1954; x_wconf 86' lang='grc' dir='ltr'><strong>προανηρπάσθη</strong></span> <span class='ocrx_word' id='word_1_149' title='bbox 1268 1883 1331 1936; x_wconf 90' lang='lat' dir='ltr'><strong>rb</strong></span> <span class='ocrx_word' id='word_1_150' title='bbox 1363 1884 1516 1951; x_wconf 90' lang='grc' dir='ltr'><strong>γένος</strong></span> <span class='ocrx_word' id='word_1_151' title='bbox 1536 1899 1550 1915; x_wconf 88' lang='grc'><strong>·</strong></span> <span class='ocrx_word' id='word_1_152' title='bbox 1578 1883 1713 1935; x_wconf 90' lang='grc' dir='ltr'><strong>ἀλλά</strong></span> <span class='ocrx_word' id='word_1_153' title='bbox 1739 1884 1864 1946; x_wconf 81' lang='grc' dir='ltr'><strong>τοὺς</strong></span> 
     </span>
    </p>
   </div>
   <div class='ocr_carea' id='block_1_21' title="bbox 202 1969 1863 2039">
    <p class='ocr_par' dir='ltr' id='par_1_21' title="bbox 202 1969 1863 2039">
     <span class='ocr_line' id='line_1_21' title="bbox 202 1969 1863 2039; baseline 0.001 -19"><span class='ocrx_word' id='word_1_154' title='bbox 202 1970 304 2039; x_wconf 78' lang='grc' dir='ltr'><strong>μὲν</strong></span> <span class='ocrx_word' id='word_1_155' title='bbox 332 1970 561 2022; x_wconf 83' lang='grc' dir='ltr'><strong>ἐνταῦθα</strong></span> <span class='ocrx_word' id='word_1_156' title='bbox 594 1971 810 2023; x_wconf 85' lang='grc' dir='ltr'><strong>ἀπαιτεῖ</strong></span> <span class='ocrx_word' id='word_1_157' title='bbox 841 1970 1019 2039; x_wconf 88' lang='grc' dir='ltr'><strong>δίκην,</strong></span> <span class='ocrx_word' id='word_1_158' title='bbox 1049 1970 1231 2032; x_wconf 78' lang='grc' dir='ltr'><strong>αὐτοῖς</strong></span> <span class='ocrx_word' id='word_1_159' title='bbox 1257 1986 1319 2021; x_wconf 90' lang='grc' dir='ltr'><strong>τε</strong></span> <span class='ocrx_word' id='word_1_160' title='bbox 1349 1969 1575 2031; x_wconf 78' lang='grc' dir='ltr'><strong>ἐκείνοις</strong></span> <span class='ocrx_word' id='word_1_161' title='bbox 1605 1969 1863 2037; x_wconf 89' lang='grc' dir='ltr'><strong>κουφοτέ-</strong></span> 
     </span>
    </p>
   </div>
   <div class='ocr_carea' id='block_1_22' title="bbox 200 2054 1862 2125">
    <p class='ocr_par' dir='ltr' id='par_1_22' title="bbox 200 2054 1862 2125">
     <span class='ocr_line' id='line_1_22' title="bbox 200 2054 1862 2125; baseline 0 -18"><span class='ocrx_word' id='word_1_162' title='bbox 200 2072 306 2125; x_wconf 87' lang='grc' dir='ltr'><strong>ραν</strong></span> <span class='ocrx_word' id='word_1_163' title='bbox 335 2056 430 2124; x_wconf 80' lang='grc' dir='ltr'><strong>τὴν</strong></span> <span class='ocrx_word' id='word_1_164' title='bbox 461 2057 576 2108; x_wconf 86' lang='grc' dir='ltr'><strong>ἐκεῖ</strong></span> <span class='ocrx_word' id='word_1_165' title='bbox 606 2054 1029 2119; x_wconf 79' lang='grc' dir='ltr'><strong>κατασκευάζων</strong></span> <span class='ocrx_word' id='word_1_166' title='bbox 1060 2055 1300 2119; x_wconf 82' lang='grc' dir='ltr'><strong>κόλασιν,</strong></span> <span class='ocrx_word' id='word_1_167' title='bbox 1330 2054 1554 2117; x_wconf 74' lang='grc' dir='ltr'><strong>καὶτοῖς</strong></span> <span class='ocrx_word' id='word_1_168' title='bbox 1585 2055 1862 2125; x_wconf 87' lang='grc' dir='ltr'><strong>συνακμά-</strong></span> 
     </span>
    </p>
   </div>
   <div class='ocr_carea' id='block_1_23' title="bbox 197 2140 1862 2211">
    <p class='ocr_par' dir='ltr' id='par_1_23' title="bbox 197 2140 1862 2211">
     <span class='ocr_line' id='line_1_23' title="bbox 197 2140 1862 2211; baseline 0 -18"><span class='ocrx_word' id='word_1_169' title='bbox 197 2142 385 2205; x_wconf 80' lang='grc' dir='ltr'><strong>ζουσιν</strong></span> <span class='ocrx_word' id='word_1_170' title='bbox 409 2141 589 2204; x_wconf 79' lang='grc' dir='ltr'><strong>αὐτοῖς</strong></span> <span class='ocrx_word' id='word_1_171' title='bbox 640 2141 899 2211; x_wconf 80' lang='grc' dir='ltr'><strong>μεγίστην</strong></span> <span class='ocrx_word' id='word_1_172' title='bbox 928 2142 1027 2211; x_wconf 84' lang='grc' dir='ltr'><strong>τῆς</strong></span> <span class='ocrx_word' id='word_1_173' title='bbox 1058 2141 1151 2193; x_wconf 74' lang='grc' dir='ltr'><strong>ἐπὶ</strong></span> <span class='ocrx_word' id='word_1_174' title='bbox 1196 2140 1258 2193; x_wconf 86' lang='lat' dir='ltr'><strong>rb</strong></span> <span class='ocrx_word' id='word_1_175' title='bbox 1302 2140 1508 2210; x_wconf 86' lang='grc' dir='ltr'><strong>βέλτιον</strong></span> <span class='ocrx_word' id='word_1_176' title='bbox 1562 2140 1862 2210; x_wconf 80' lang='grc' dir='ltr'><strong>μεταϐολῆς</strong></span> 
     </span>
    </p>
   </div>
   <div class='ocr_carea' id='block_1_24' title="bbox 196 2226 1859 2297">
    <p class='ocr_par' dir='ltr' id='par_1_24' title="bbox 196 2226 1859 2297">
     <span class='ocr_line' id='line_1_24' title="bbox 196 2226 1859 2297; baseline 0.001 -20"><span class='ocrx_word' id='word_1_177' title='bbox 196 2226 697 2295; x_wconf 85' lang='grc' dir='ltr'><strong>προαποτιθέμενος</strong></span> <span class='ocrx_word' id='word_1_178' title='bbox 726 2226 985 2279; x_wconf 83' lang='grc' dir='ltr'><strong>ὑπόθεσιν</strong></span> <span class='ocrx_word' id='word_1_179' title='bbox 1008 2242 1022 2257; x_wconf 90' lang='grc'><strong>·</strong></span> <span class='ocrx_word' id='word_1_180' title='bbox 1055 2226 1182 2289; x_wconf 82' lang='grc' dir='ltr'><strong>τοὺς</strong></span> <span class='ocrx_word' id='word_1_181' title='bbox 1207 2226 1264 2278; x_wconf 80' lang='grc' dir='ltr'><strong>δὲ</strong></span> <span class='ocrx_word' id='word_1_182' title='bbox 1298 2227 1432 2297; x_wconf 82' lang='grc' dir='ltr'><strong>μήτε</strong></span> <span class='ocrx_word' id='word_1_183' title='bbox 1465 2227 1690 2290; x_wconf 74' lang='grc' dir='ltr'><strong>οἴκοθεν,</strong></span> <span class='ocrx_word' id='word_1_184' title='bbox 1723 2227 1859 2297; x_wconf 89' lang='grc' dir='ltr'><strong>μήτε</strong></span> 
     </span>
    </p>
   </div>
   <div class='ocr_carea' id='block_1_25' title="bbox 194 2311 1858 2383">
    <p class='ocr_par' dir='ltr' id='par_1_25' title="bbox 194 2311 1858 2383">
     <span class='ocr_line' id='line_1_25' title="bbox 194 2311 1858 2383; baseline -0.001 -18"><span class='ocrx_word' id='word_1_185' title='bbox 194 2314 263 2365; x_wconf 68' lang='grc' dir='ltr'><strong>ἐκ</strong></span> <span class='ocrx_word' id='word_1_186' title='bbox 290 2315 389 2383; x_wconf 80' lang='grc' dir='ltr'><strong>τῆς</strong></span> <span class='ocrx_word' id='word_1_187' title='bbox 431 2313 681 2383; x_wconf 85' lang='grc' dir='ltr'><strong>τοιαύτης</strong></span> <span class='ocrx_word' id='word_1_188' title='bbox 711 2312 1021 2381; x_wconf 78' lang='grc' dir='ltr'>οἰκονομίας</span> <span class='ocrx_word' id='word_1_189' title='bbox 1064 2311 1416 2382; x_wconf 82' lang='grc' dir='ltr'><strong>βουλομένους</strong></span> <span class='ocrx_word' id='word_1_190' title='bbox 1452 2330 1503 2364; x_wconf 91' lang='grc' dir='ltr'><strong>τι</strong></span> <span class='ocrx_word' id='word_1_191' title='bbox 1540 2311 1858 2382; x_wconf 77' lang='grc' dir='ltr'><strong>κερδαίνειν,</strong></span> 
     </span>
    </p>
   </div>
   <div class='ocr_carea' id='block_1_26' title="bbox 194 2398 1861 2470">
    <p class='ocr_par' dir='ltr' id='par_1_26' title="bbox 194 2398 1861 2470">
     <span class='ocr_line' id='line_1_26' title="bbox 194 2398 1861 2470; baseline -0.001 -18"><span class='ocrx_word' id='word_1_192' title='bbox 194 2400 553 2469; x_wconf 78' lang='grc' dir='ltr'><strong>ἀπαραιτήτῳ</strong></span> <span class='ocrx_word' id='word_1_193' title='bbox 581 2400 675 2451; x_wconf 78' lang='grc' dir='ltr'><strong>καὶ</strong></span> <span class='ocrx_word' id='word_1_194' title='bbox 704 2398 908 2470; x_wconf 79' lang='grc' dir='ltr'><strong>φοϐερᾷ</strong></span> <span class='ocrx_word' id='word_1_195' title='bbox 932 2400 1030 2469; x_wconf 84' lang='grc' dir='ltr'><strong>τῆς</strong></span> <span class='ocrx_word' id='word_1_196' title='bbox 1060 2399 1295 2470; x_wconf 90' lang='grc' dir='ltr'><strong>κρίσεως</strong></span> <span class='ocrx_word' id='word_1_197' title='bbox 1321 2399 1709 2468; x_wconf 86' lang='grc' dir='ltr'><strong>ταμιευόμενος</strong></span> <span class='ocrx_word' id='word_1_198' title='bbox 1731 2399 1861 2468; x_wconf 81' lang='grc' dir='ltr'><strong>ἡμέ-</strong></span> 
     </span>
    </p>
   </div>
   <div class='ocr_carea' id='block_1_27' title="bbox 199 2482 1855 2556">
    <p class='ocr_par' dir='ltr' id='par_1_27' title="bbox 199 2482 1855 2556">
     <span class='ocr_line' id='line_1_27' title="bbox 199 2482 1855 2556; baseline -0.001 -18"><span class='ocrx_word' id='word_1_199' title='bbox 199 2502 293 2556; x_wconf 73' lang='grc' dir='ltr'><strong>ρα.</strong></span> <span class='ocrx_word' id='word_1_200' title='bbox 327 2486 423 2537; x_wconf 82' lang='grc' dir='ltr'><strong>Ἐν</strong></span> <span class='ocrx_word' id='word_1_201' title='bbox 446 2486 733 2549; x_wconf 65' lang='grc' dir='ltr'><strong>,βασιλείᾳ</strong></span> <span class='ocrx_word' id='word_1_202' title='bbox 772 2485 950 2543; x_wconf 84' lang='grc' dir='ltr'><strong>Ὀζίου</strong></span> <span class='ocrx_word' id='word_1_203' title='bbox 993 2484 1096 2538; x_wconf 78' lang='grc' dir='ltr'><strong>καί</strong></span> <span class='ocrx_word' id='word_1_204' title='bbox 1145 2484 1404 2549; x_wconf 85' lang='grc' dir='ltr'><strong>Ἰωάθαν,</strong></span> <span class='ocrx_word' id='word_1_205' title='bbox 1433 2484 1528 2536; x_wconf 80' lang='grc' dir='ltr'><strong>καί</strong></span> <span class='ocrx_word' id='word_1_206' title='bbox 1552 2482 1743 2551; x_wconf 77' lang='grc' dir='ltr'><strong>Ἀκαζ</strong></span> <span class='ocrx_word' id='word_1_207' title='bbox 1759 2484 1855 2537; x_wconf 82' lang='grc' dir='ltr'><strong>καί</strong></span> 
     </span>
    </p>
   </div>
   <div class='ocr_carea' id='block_1_28' title="bbox 207 2568 1860 2638">
    <p class='ocr_par' dir='ltr' id='par_1_28' title="bbox 207 2568 1860 2638">
     <span class='ocr_line' id='line_1_28' title="bbox 207 2568 1860 2638; baseline 0.001 -16"><span class='ocrx_word' id='word_1_208' title='bbox 207 2570 499 2635; x_wconf 65' lang='grc' dir='ltr'><strong>Ἶῑζὲειιιίου,1</strong></span> <span class='ocrx_word' id='word_1_209' title='bbox 515 2569 573 2623; x_wconf 79' lang='grc' dir='ltr'><strong>οἳ</strong></span> <span class='ocrx_word' id='word_1_210' title='bbox 597 2570 1003 2623; x_wconf 73' lang='grc' dir='ltr'><strong>ἐϐασίλευσαν</strong></span> <span class='ocrx_word' id='word_1_211' title='bbox 1029 2568 1142 2638; x_wconf 82' lang='grc' dir='ltr'><strong>τῆς</strong></span> <span class='ocrx_word' id='word_1_212' title='bbox 1168 2569 1479 2635; x_wconf 83' lang='grc' dir='ltr'><strong>Ἰουδαίας.</strong></span> <span class='ocrx_word' id='word_1_213' title='bbox 1505 2569 1610 2623; x_wconf 79' lang='grc' dir='ltr'><strong>Καὶ</strong></span> <span class='ocrx_word' id='word_1_214' title='bbox 1636 2571 1725 2623; x_wconf 85' lang='grc' dir='ltr'><strong>τὸν</strong></span> <span class='ocrx_word' id='word_1_215' title='bbox 1748 2588 1860 2624; x_wconf 79' lang='grc' dir='ltr'><strong>καιο</strong></span> 
     </span>
    </p>
   </div>
   <div class='ocr_carea' id='block_1_29' title="bbox 200 2655 1859 2728">
    <p class='ocr_par' dir='ltr' id='par_1_29' title="bbox 200 2655 1859 2728">
     <span class='ocr_line' id='line_1_29' title="bbox 200 2655 1859 2728; baseline 0.001 -19"><span class='ocrx_word' id='word_1_216' title='bbox 200 2656 297 2727; x_wconf 75' lang='grc' dir='ltr'>ρὺν</span> <span class='ocrx_word' id='word_1_217' title='bbox 348 2657 659 2725; x_wconf 80' lang='grc' dir='ltr'><strong>ἀναγκαίως</strong></span> <span class='ocrx_word' id='word_1_218' title='bbox 710 2656 998 2726; x_wconf 78' lang='grc' dir='ltr'><strong>προτίθησι</strong></span> <span class='ocrx_word' id='word_1_219' title='bbox 1041 2656 1095 2720; x_wconf 68' lang='grc' dir='ltr'><strong>δ,</strong></span> <span class='ocrx_word' id='word_1_220' title='bbox 1142 2655 1232 2709; x_wconf 84' lang='grc' dir='ltr'><strong>τὸν</strong></span> <span class='ocrx_word' id='word_1_221' title='bbox 1274 2656 1553 2724; x_wconf 90' lang='grc' dir='ltr'><strong>φιλόπονον</strong></span> <span class='ocrx_word' id='word_1_222' title='bbox 1589 2658 1859 2728; x_wconf 78' lang='grc' dir='ltr'><strong>ἀκροατὴν</strong></span> 
     </span>
    </p>
   </div>
   <div class='ocr_carea' id='block_1_30' title="bbox 196 2742 1859 2815">
    <p class='ocr_par' dir='ltr' id='par_1_30' title="bbox 196 2742 1859 2815">
     <span class='ocr_line' id='line_1_30' title="bbox 196 2742 1859 2815; baseline 0 -18"><span class='ocrx_word' id='word_1_223' title='bbox 196 2744 583 2815; x_wconf 76' lang='grc' dir='ltr'><strong>παραπέμπων</strong></span> <span class='ocrx_word' id='word_1_224' title='bbox 628 2745 707 2807; x_wconf 89' lang='grc' dir='ltr'><strong>εἰς</strong></span> <span class='ocrx_word' id='word_1_225' title='bbox 733 2744 831 2814; x_wconf 78' lang='grc' dir='ltr'><strong>τὴν</strong></span> <span class='ocrx_word' id='word_1_226' title='bbox 860 2743 1099 2814; x_wconf 77' lang='grc' dir='ltr'><strong>ἱστορίαν</strong></span> <span class='ocrx_word' id='word_1_227' title='bbox 1126 2742 1234 2797; x_wconf 86' lang='grc' dir='ltr'><strong>τῶν</strong></span> <span class='ocrx_word' id='word_1_228' title='bbox 1263 2744 1662 2814; x_wconf 84' lang='grc' dir='ltr'><strong>γεγενημένων.</strong></span> <span class='ocrx_word' id='word_1_229' title='bbox 1704 2744 1859 2798; x_wconf 90' lang='grc' dir='ltr'><strong>Οὕτω</strong></span> 
     </span>
    </p>
   </div>
   <div class='ocr_carea' id='block_1_31' title="bbox 196 2829 1853 2901">
    <p class='ocr_par' dir='ltr' id='par_1_31' title="bbox 196 2829 1853 2901">
     <span class='ocr_line' id='line_1_31' title="bbox 196 2829 1853 2901; baseline -0.001 -17"><span class='ocrx_word' id='word_1_230' title='bbox 196 2831 311 2901; x_wconf 83' lang='grc' dir='ltr'><strong>γάρ</strong></span> <span class='ocrx_word' id='word_1_231' title='bbox 338 2829 707 2899; x_wconf 85' lang='grc' dir='ltr'><strong>εὐμαθεστέρα</strong></span> <span class='ocrx_word' id='word_1_232' title='bbox 737 2846 796 2882; x_wconf 88' lang='grc' dir='ltr'><strong>τε</strong></span> <span class='ocrx_word' id='word_1_233' title='bbox 827 2829 979 2883; x_wconf 78' lang='grc' dir='ltr'><strong>ἔσται</strong></span> <span class='ocrx_word' id='word_1_234' title='bbox 1010 2830 1105 2883; x_wconf 80' lang='grc' dir='ltr'><strong>καὶ</strong></span> <span class='ocrx_word' id='word_1_235' title='bbox 1134 2829 1441 2900; x_wconf 87' lang='grc' dir='ltr'><strong>σαφεστέρα</strong></span> <span class='ocrx_word' id='word_1_236' title='bbox 1467 2832 1498 2899; x_wconf 86' lang='grc' dir='ltr'><strong>ή</strong></span> <span class='ocrx_word' id='word_1_237' title='bbox 1533 2832 1853 2900; x_wconf 83' lang='grc' dir='ltr'><strong>προφητεία,</strong></span> 
     </span>
    </p>
   </div>
   <div class='ocr_carea' id='block_1_32' title="bbox 196 2916 1857 2987">
    <p class='ocr_par' dir='ltr' id='par_1_32' title="bbox 196 2916 1857 2987">
     <span class='ocr_line' id='line_1_32' title="bbox 196 2916 1857 2987; baseline -0.001 -17"><span class='ocrx_word' id='word_1_238' title='bbox 196 2918 249 2970; x_wconf 87' lang='grc' dir='ltr'><strong>εἰ</strong></span> <span class='ocrx_word' id='word_1_239' title='bbox 283 2917 563 2986; x_wconf 82' lang='grc' dir='ltr'><strong>μάθοιμεν,</strong></span> <span class='ocrx_word' id='word_1_240' title='bbox 594 2917 709 2979; x_wconf 89' lang='grc' dir='ltr'><strong>πῶς</strong></span> <span class='ocrx_word' id='word_1_241' title='bbox 733 2916 841 2969; x_wconf 89' lang='grc' dir='ltr'><strong>τῶν</strong></span> <span class='ocrx_word' id='word_1_242' title='bbox 866 2917 1202 2987; x_wconf 80' lang='grc' dir='ltr'><strong>πραγμάτων</strong></span> <span class='ocrx_word' id='word_1_243' title='bbox 1223 2916 1595 2983; x_wconf 85' lang='grc' dir='ltr'><strong>διακειμένων,</strong></span> <span class='ocrx_word' id='word_1_244' title='bbox 1620 2917 1711 2969; x_wconf 81' lang='grc' dir='ltr'><strong>καὶ</strong></span> <span class='ocrx_word' id='word_1_245' title='bbox 1741 2917 1857 2980; x_wconf 88' lang='grc' dir='ltr'><strong>πῶς</strong></span> 
     </span>
    </p>
   </div>
   <div class='ocr_carea' id='block_1_33' title="bbox 195 2998 1856 3077">
    <p class='ocr_par' dir='ltr' id='par_1_33' title="bbox 195 2998 1856 3077">
     <span class='ocr_line' id='line_1_33' title="bbox 195 2998 1856 3077; baseline 0 -20"><span class='ocrx_word' id='word_1_246' title='bbox 195 3002 310 3057; x_wconf 81' lang='grc' dir='ltr'><strong>τῶν</strong></span> <span class='ocrx_word' id='word_1_247' title='bbox 331 3003 656 3073; x_wconf 82' lang='grc' dir='ltr'><strong>τραυμάτων</strong></span> <span class='ocrx_word' id='word_1_248' title='bbox 688 3004 918 3073; x_wconf 88' lang='grc' dir='ltr'><strong>ἐχόντων</strong></span> <span class='ocrx_word' id='word_1_249' title='bbox 944 3003 1053 3056; x_wconf 89' lang='grc' dir='ltr'><strong>τῶν</strong></span> <span class='ocrx_word' id='word_1_250' title='bbox 1088 3003 1410 3068; x_wconf 83' lang='grc' dir='ltr'><strong>Ἰουδαϊκῶν,</strong></span> <span class='ocrx_word' id='word_1_251' title='bbox 1443 2998 1586 3057; x_wconf 78' lang='grc' dir='ltr'><strong>οῦτοι</strong></span> <span class='ocrx_word' id='word_1_252' title='bbox 1621 3004 1690 3056; x_wconf 86' lang='grc' dir='ltr'><strong>τὰ</strong></span> <span class='ocrx_word' id='word_1_253' title='bbox 1716 3005 1856 3077; x_wconf 89' lang='grc' dir='ltr'><strong>φάρ-</strong></span> 
     </span>
    </p>
   </div>
   <div class='ocr_carea' id='block_1_34' title="bbox 197 3088 1853 3159">
    <p class='ocr_par' dir='ltr' id='par_1_34' title="bbox 197 3088 1853 3159">
     <span class='ocr_line' id='line_1_34' title="bbox 197 3088 1853 3159; baseline 0.002 -19"><span class='ocrx_word' id='word_1_254' title='bbox 197 3106 355 3159; x_wconf 81' lang='grc' dir='ltr'><strong>μακα</strong></span> <span class='ocrx_word' id='word_1_255' title='bbox 410 3088 830 3142; x_wconf 87' lang='grc' dir='ltr'><strong>κατεσκεύασαν.</strong></span> <span class='ocrx_word' id='word_1_256' title='bbox 858 3091 1090 3149; x_wconf 81' lang='grc' dir='ltr'><strong>Ἄκουε.</strong></span> <span class='ocrx_word' id='word_1_257' title='bbox 1137 3090 1374 3157; x_wconf 83' lang='grc' dir='ltr'><strong>οὺρανὲ,</strong></span> <span class='ocrx_word' id='word_1_258' title='bbox 1421 3091 1517 3143; x_wconf 81' lang='grc' dir='ltr'><strong>καὶ</strong></span> <span class='ocrx_word' id='word_1_259' title='bbox 1564 3090 1853 3155; x_wconf 80' lang='grc' dir='ltr'><strong>ἐνωτίζου,</strong></span> 
     </span>
    </p>
   </div>
   <div class='ocr_carea' id='block_1_35' title="bbox 192 3174 1855 3246">
    <p class='ocr_par' dir='ltr' id='par_1_35' title="bbox 192 3174 1855 3246">
     <span class='ocr_line' id='line_1_35' title="bbox 192 3174 1855 3246; baseline 0 -17"><span class='ocrx_word' id='word_1_260' title='bbox 192 3175 299 3243; x_wconf 85' lang='grc' dir='ltr'><strong>γῆ,</strong></span> <span class='ocrx_word' id='word_1_261' title='bbox 334 3174 421 3228; x_wconf 87' lang='grc' dir='ltr'><strong>ὅτι</strong></span> <span class='ocrx_word' id='word_1_262' title='bbox 450 3176 660 3243; x_wconf 84' lang='grc' dir='ltr'><strong>Κύριος</strong></span> <span class='ocrx_word' id='word_1_263' title='bbox 696 3176 984 3244; x_wconf 71' lang='grc' dir='ltr'><strong>ἐλάλησε.</strong></span> <span class='ocrx_word' id='word_1_264' title='bbox 1031 3176 1235 3229; x_wconf 80' lang='grc' dir='ltr'><strong>Πολλοῦ</strong></span> <span class='ocrx_word' id='word_1_265' title='bbox 1265 3177 1421 3246; x_wconf 83' lang='grc' dir='ltr'><strong>γέμει</strong></span> <span class='ocrx_word' id='word_1_266' title='bbox 1464 3176 1556 3229; x_wconf 88' lang='grc' dir='ltr'><strong>τοῦ</strong></span> <span class='ocrx_word' id='word_1_267' title='bbox 1599 3177 1767 3246; x_wconf 89' lang='grc' dir='ltr'><strong>θυμοῦ</strong></span> <span class='ocrx_word' id='word_1_268' title='bbox 1794 3177 1855 3231; x_wconf 87' lang='grc' dir='ltr'><strong>τὸ</strong></span> 
     </span>
    </p>
   </div>
   <div class='ocr_carea' id='block_1_36' title="bbox 193 3258 1851 3334">
    <p class='ocr_par' dir='ltr' id='par_1_36' title="bbox 193 3258 1851 3334">
     <span class='ocr_line' id='line_1_36' title="bbox 193 3258 1851 3334; baseline 0.009 -20"><span class='ocrx_word' id='word_1_269' title='bbox 193 3262 499 3332; x_wconf 80' lang='grc' dir='ltr'><strong>προοίμιον.</strong></span> <span class='ocrx_word' id='word_1_270' title='bbox 532 3262 595 3315; x_wconf 83' lang='grc' dir='ltr'><strong>Εἰ</strong></span> <span class='ocrx_word' id='word_1_271' title='bbox 619 3262 725 3331; x_wconf 83' lang='grc' dir='ltr'><strong>γὰρ</strong></span> <span class='ocrx_word' id='word_1_272' title='bbox 752 3262 826 3333; x_wconf 81' lang='grc' dir='ltr'><strong>μὴ</strong></span> <span class='ocrx_word' id='word_1_273' title='bbox 847 3262 1053 3333; x_wconf 85' lang='grc' dir='ltr'><strong>σφοδρά</strong></span> <span class='ocrx_word' id='word_1_274' title='bbox 1071 3280 1156 3325; x_wconf 84' lang='grc' dir='ltr'><strong>τις</strong></span> <span class='ocrx_word' id='word_1_275' title='bbox 1186 3258 1253 3333; x_wconf 81' lang='grc' dir='ltr'><strong>ἦν</strong></span> <span class='ocrx_word' id='word_1_276' title='bbox 1282 3264 1374 3316; x_wconf 72' lang='grc' dir='ltr'><strong>καὶ</strong></span> <span class='ocrx_word' id='word_1_277' title='bbox 1403 3264 1606 3330; x_wconf 74' lang='grc' dir='ltr'><strong>ἄφατος</strong></span> <span class='ocrx_word' id='word_1_278' title='bbox 1634 3265 1665 3333; x_wconf 76' lang='grc' dir='ltr'>ἡ</span> <span class='ocrx_word' id='word_1_279' title='bbox 1692 3264 1851 3334; x_wconf 78' lang='grc' dir='ltr'><strong>ὀργὴ,</strong></span> 
     </span>
    </p>
   </div>
   <div class='ocr_carea' id='block_1_37' title="bbox 190 3347 1855 3419">
    <p class='ocr_par' dir='ltr' id='par_1_37' title="bbox 190 3347 1855 3419">
     <span class='ocr_line' id='line_1_37' title="bbox 190 3347 1855 3419; baseline 0.002 -20"><span class='ocrx_word' id='word_1_280' title='bbox 190 3348 297 3399; x_wconf 89' lang='grc' dir='ltr'><strong>οὐκ</strong></span> <span class='ocrx_word' id='word_1_281' title='bbox 325 3348 390 3401; x_wconf 81' lang='grc' dir='ltr'><strong>ἀν</strong></span> <span class='ocrx_word' id='word_1_282' title='bbox 406 3350 531 3411; x_wconf 80' lang='grc' dir='ltr'>τοὺς</span> <span class='ocrx_word' id='word_1_283' title='bbox 566 3347 882 3419; x_wconf 78' lang='grc' dir='ltr'>ἀνθρώπους</span> <span class='ocrx_word' id='word_1_284' title='bbox 909 3349 1085 3417; x_wconf 71' lang='grc' dir='ltr'><strong>ἀφεὶς,</strong></span> <span class='ocrx_word' id='word_1_285' title='bbox 1119 3348 1255 3418; x_wconf 80' lang='grc' dir='ltr'>πρὸς</span> <span class='ocrx_word' id='word_1_286' title='bbox 1286 3351 1352 3402; x_wconf 77' lang='grc' dir='ltr'>τὰ</span> <span class='ocrx_word' id='word_1_287' title='bbox 1393 3353 1630 3418; x_wconf 85' lang='grc' dir='ltr'><strong>στοιχεῖα</strong></span> <span class='ocrx_word' id='word_1_288' title='bbox 1653 3350 1742 3402; x_wconf 85' lang='grc' dir='ltr'><strong>τὸν</strong></span> <span class='ocrx_word' id='word_1_289' title='bbox 1768 3351 1855 3402; x_wconf 83' lang='grc' dir='ltr'><strong>λό-</strong></span> 
     </span>
    </p>
   </div>
   <div class='ocr_carea' id='block_1_38' title="bbox 191 3434 1855 3507">
    <p class='ocr_par' dir='ltr' id='par_1_38' title="bbox 191 3434 1855 3507">
     <span class='ocr_line' id='line_1_38' title="bbox 191 3434 1855 3507; baseline 0.002 -21"><span class='ocrx_word' id='word_1_290' title='bbox 191 3450 293 3501; x_wconf 81' lang='grc' dir='ltr'><strong>γον</strong></span> <span class='ocrx_word' id='word_1_291' title='bbox 325 3435 545 3505; x_wconf 79' lang='grc' dir='ltr'><strong>ἔστρεψε</strong></span> <span class='ocrx_word' id='word_1_292' title='bbox 582 3446 630 3488; x_wconf 71' lang='grc' dir='ltr'><strong>ε.</strong></span> <span class='ocrx_word' id='word_1_293' title='bbox 662 3437 811 3488; x_wconf 86' lang='grc' dir='ltr'><strong>ῐΙοιεῖ</strong></span> <span class='ocrx_word' id='word_1_294' title='bbox 844 3435 899 3487; x_wconf 79' lang='grc' dir='ltr'><strong>δὲ</strong></span> <span class='ocrx_word' id='word_1_295' title='bbox 940 3435 1092 3499; x_wconf 81' lang='grc' dir='ltr'><strong>αὐτὸ,</strong></span> <span class='ocrx_word' id='word_1_296' title='bbox 1132 3436 1228 3504; x_wconf 88' lang='grc' dir='ltr'><strong>οὐχ</strong></span> <span class='ocrx_word' id='word_1_297' title='bbox 1259 3434 1397 3487; x_wconf 84' lang='grc' dir='ltr'><strong>ὥστε</strong></span> <span class='ocrx_word' id='word_1_298' title='bbox 1431 3436 1524 3506; x_wconf 81' lang='grc' dir='ltr'><strong>τὴν</strong></span> <span class='ocrx_word' id='word_1_299' title='bbox 1564 3436 1730 3507; x_wconf 84' lang='grc' dir='ltr'><strong>ὀργὴν</strong></span> <span class='ocrx_word' id='word_1_300' title='bbox 1769 3438 1855 3490; x_wconf 83' lang='grc' dir='ltr'><strong>ἐν-</strong></span> 
     </span>
    </p>
   </div>
   <div class='ocr_carea' id='block_1_39' title="bbox 191 3520 1853 3593">
    <p class='ocr_par' dir='ltr' id='par_1_39' title="bbox 191 3520 1853 3593">
     <span class='ocr_line' id='line_1_39' title="bbox 191 3520 1853 3593; baseline 0.002 -20"><span class='ocrx_word' id='word_1_301' title='bbox 191 3520 468 3586; x_wconf 80' lang='grc' dir='ltr'><strong>δείξασθαι</strong></span> <span class='ocrx_word' id='word_1_302' title='bbox 518 3522 694 3593; x_wconf 89' lang='grc' dir='ltr'><strong>μόνον,</strong></span> <span class='ocrx_word' id='word_1_303' title='bbox 741 3523 854 3576; x_wconf 80' lang='grc' dir='ltr'><strong>ἀλλ’</strong></span> <span class='ocrx_word' id='word_1_304' title='bbox 897 3522 1039 3576; x_wconf 85' lang='grc' dir='ltr'><strong>ὥστε</strong></span> <span class='ocrx_word' id='word_1_305' title='bbox 1092 3526 1189 3577; x_wconf 80' lang='grc' dir='ltr'><strong>καὶ</strong></span> <span class='ocrx_word' id='word_1_306' title='bbox 1229 3524 1423 3586; x_wconf 81' lang='grc' dir='ltr'><strong>αὐτοὺς</strong></span> <span class='ocrx_word' id='word_1_307' title='bbox 1470 3526 1594 3586; x_wconf 78' lang='grc' dir='ltr'><strong>τοὺς</strong></span> <span class='ocrx_word' id='word_1_308' title='bbox 1639 3524 1853 3577; x_wconf 89' lang='grc' dir='ltr'><strong>ἀκούειν</strong></span> 
     </span>
    </p>
   </div>
   <div class='ocr_carea' id='block_1_40' title="bbox 196 3607 1851 3678">
    <p class='ocr_par' dir='ltr' id='par_1_40' title="bbox 196 3607 1851 3678">
     <span class='ocr_line' id='line_1_40' title="bbox 196 3607 1851 3678; baseline 0.002 -19"><span class='ocrx_word' id='word_1_309' title='bbox 196 3607 493 3675; x_wconf 87' lang='grc' dir='ltr'><strong>μέλλοντας</strong></span> <span class='ocrx_word' id='word_1_310' title='bbox 522 3609 660 3676; x_wconf 89' lang='grc' dir='ltr'><strong>μετά</strong></span> <span class='ocrx_word' id='word_1_311' title='bbox 684 3608 878 3677; x_wconf 85' lang='grc' dir='ltr'><strong>πολλῆς</strong></span> <span class='ocrx_word' id='word_1_312' title='bbox 902 3608 1155 3678; x_wconf 77' lang='grc' dir='ltr'><strong>ἐντρέψαι</strong></span> <span class='ocrx_word' id='word_1_313' title='bbox 1176 3611 1274 3677; x_wconf 80' lang='grc' dir='ltr'><strong>τῆς</strong></span> <span class='ocrx_word' id='word_1_314' title='bbox 1301 3609 1619 3677; x_wconf 84' lang='grc' dir='ltr'><strong>ὑπερϐολῆς,</strong></span> <span class='ocrx_word' id='word_1_315' title='bbox 1640 3611 1851 3672; x_wconf 82' lang='grc' dir='ltr'><strong>δεικνὺς</strong></span> 
     </span>
    </p>
   </div>
   <div class='ocr_carea' id='block_1_41' title="bbox 191 3692 1852 3764">
    <p class='ocr_par' dir='ltr' id='par_1_41' title="bbox 191 3692 1852 3764">
     <span class='ocr_line' id='line_1_41' title="bbox 191 3692 1852 3764; baseline 0.003 -19"><span class='ocrx_word' id='word_1_316' title='bbox 191 3693 277 3745; x_wconf 84' lang='grc' dir='ltr'><strong>ὅτι</strong></span> <span class='ocrx_word' id='word_1_317' title='bbox 310 3692 418 3745; x_wconf 85' lang='grc' dir='ltr'><strong>τῶν</strong></span> <span class='ocrx_word' id='word_1_318' title='bbox 445 3693 779 3761; x_wconf 86' lang='grc' dir='ltr'><strong>ἀναισθήτων</strong></span> <span class='ocrx_word' id='word_1_319' title='bbox 805 3693 963 3761; x_wconf 84' lang='grc' dir='ltr'><strong>φύσει</strong></span> <span class='ocrx_word' id='word_1_320' title='bbox 994 3694 1272 3761; x_wconf 82' lang='grc' dir='ltr'><strong>στοιχείων</strong></span> <span class='ocrx_word' id='word_1_321' title='bbox 1306 3697 1481 3763; x_wconf 81' lang='grc' dir='ltr'><strong>χεῖρον</strong></span> <span class='ocrx_word' id='word_1_322' title='bbox 1510 3697 1556 3746; x_wconf 84' lang='grc' dir='ltr'><strong>οί</strong></span> <span class='ocrx_word' id='word_1_323' title='bbox 1591 3695 1730 3764; x_wconf 86' lang='grc' dir='ltr'><strong>λόγῳ</strong></span> <span class='ocrx_word' id='word_1_324' title='bbox 1761 3713 1852 3751; x_wconf 72' lang='grc' dir='ltr'><strong>τετ</strong></span> 
     </span>
    </p>
   </div>
   <div class='ocr_carea' id='block_1_42' title="bbox 191 3778 1854 3851">
    <p class='ocr_par' dir='ltr' id='par_1_42' title="bbox 191 3778 1854 3851">
     <span class='ocr_line' id='line_1_42' title="bbox 191 3778 1854 3851; baseline -0.008 -17"><span class='ocrx_word' id='word_1_325' title='bbox 191 3778 485 3848; x_wconf 80' lang='grc' dir='ltr'><strong>τιμημένοι</strong></span> <span class='ocrx_word' id='word_1_326' title='bbox 516 3778 829 3831; x_wconf 86' lang='grc' dir='ltr'><strong>διάκεινται.</strong></span> <span class='ocrx_word' id='word_1_327' title='bbox 867 3779 1036 3831; x_wconf 90' lang='grc' dir='ltr'><strong>Τοῦτο</strong></span> <span class='ocrx_word' id='word_1_328' title='bbox 1061 3780 1231 3832; x_wconf 76' lang='grc' dir='ltr'><strong>δὲκαὶ</strong></span> <span class='ocrx_word' id='word_1_329' title='bbox 1263 3780 1463 3849; x_wconf 77' lang='grc' dir='ltr'><strong>ἑτέροις</strong></span> <span class='ocrx_word' id='word_1_330' title='bbox 1493 3779 1611 3842; x_wconf 76' lang='grc' dir='ltr'>ἔθος</span> <span class='ocrx_word' id='word_1_331' title='bbox 1644 3783 1854 3851; x_wconf 77' lang='grc' dir='ltr'><strong>προφή-</strong></span> 
     </span>
    </p>
   </div>
   <div class='ocr_carea' id='block_1_43' title="bbox 190 3864 1853 3937">
    <p class='ocr_par' dir='ltr' id='par_1_43' title="bbox 190 3864 1853 3937">
     <span class='ocr_line' id='line_1_43' title="bbox 190 3864 1853 3937; baseline 0.002 -21"><span class='ocrx_word' id='word_1_332' title='bbox 190 3880 315 3926; x_wconf 87' lang='grc' dir='ltr'><strong>ταις</strong></span> <span class='ocrx_word' id='word_1_333' title='bbox 338 3866 530 3917; x_wconf 74' lang='grc' dir='ltr'><strong>ποιεῖν.</strong></span> <span class='ocrx_word' id='word_1_334' title='bbox 547 3865 646 3918; x_wconf 87' lang='grc' dir='ltr'><strong>Διά</strong></span> <span class='ocrx_word' id='word_1_335' title='bbox 673 3881 753 3917; x_wconf 88' lang='grc' dir='ltr'>τοι</span> <span class='ocrx_word' id='word_1_336' title='bbox 779 3864 935 3917; x_wconf 89' lang='grc' dir='ltr'><strong>τοῦτο</strong></span> <span class='ocrx_word' id='word_1_337' title='bbox 967 3866 1062 3918; x_wconf 73' lang='grc' dir='ltr'><strong>καὶ</strong></span> <span class='ocrx_word' id='word_1_338' title='bbox 1091 3868 1120 3918; x_wconf 90' lang='grc' dir='ltr'><strong>ό</strong></span> <span class='ocrx_word' id='word_1_339' title='bbox 1142 3866 1277 3937; x_wconf 82' lang='grc' dir='ltr'><strong>πρὸς</strong></span> <span class='ocrx_word' id='word_1_340' title='bbox 1300 3867 1390 3918; x_wconf 84' lang='grc' dir='ltr'><strong>τὸν</strong></span> <span class='ocrx_word' id='word_1_341' title='bbox 1423 3866 1703 3936; x_wconf 82' lang='grc' dir='ltr'><strong>Ἱεροϐοάμ</strong></span> <span class='ocrx_word' id='word_1_342' title='bbox 1726 3870 1853 3920; x_wconf 79' lang='grc' dir='ltr'><strong>ἀπο⁴</strong></span> 
     </span>
    </p>
   </div>
   <div class='ocr_carea' id='block_1_44' title="bbox 193 3949 1850 4024">
    <p class='ocr_par' dir='ltr' id='par_1_44' title="bbox 193 3949 1850 4024">
     <span class='ocr_line' id='line_1_44' title="bbox 193 3949 1850 4024; baseline 0.002 -23"><span class='ocrx_word' id='word_1_343' title='bbox 193 3949 432 4012; x_wconf 73' lang='grc' dir='ltr'><strong>σταλεὶς,</strong></span> <span class='ocrx_word' id='word_1_344' title='bbox 465 3950 623 4018; x_wconf 79' lang='grc' dir='ltr'><strong>ἀφεὶς</strong></span> <span class='ocrx_word' id='word_1_345' title='bbox 670 3951 761 4003; x_wconf 84' lang='grc' dir='ltr'><strong>τὸν</strong></span> <span class='ocrx_word' id='word_1_346' title='bbox 811 3950 1033 4019; x_wconf 88' lang='grc' dir='ltr'><strong>βασιλέα</strong></span> <span class='ocrx_word' id='word_1_347' title='bbox 1082 3954 1220 4023; x_wconf 85' lang='grc' dir='ltr'>πρὸς</span> <span class='ocrx_word' id='word_1_348' title='bbox 1256 3952 1314 4004; x_wconf 84' lang='grc' dir='ltr'><strong>ὃν</strong></span> <span class='ocrx_word' id='word_1_349' title='bbox 1361 3953 1734 4016; x_wconf 89' lang='grc' dir='ltr'><strong>ἀπεστέλλετο,</strong></span> <span class='ocrx_word' id='word_1_350' title='bbox 1774 3954 1850 4024; x_wconf 86' lang='grc' dir='ltr'><strong>τῷ</strong></span> 
     </span>
    </p>
   </div>
   <div class='ocr_carea' id='block_1_45' title="bbox 191 4035 1849 4109">
    <p class='ocr_par' dir='ltr' id='par_1_45' title="bbox 191 4035 1849 4109">
     <span class='ocr_line' id='line_1_45' title="bbox 191 4035 1849 4109; baseline 0.004 -22"><span class='ocrx_word' id='word_1_351' title='bbox 191 4035 563 4107; x_wconf 85' lang='grc' dir='ltr'><strong>θυσιαστηρίῳ</strong></span> <span class='ocrx_word' id='word_1_352' title='bbox 592 4036 913 4105; x_wconf 86' lang='grc' dir='ltr'><strong>διαλέγεται.</strong></span> <span class='ocrx_word' id='word_1_353' title='bbox 952 4038 1063 4089; x_wconf 78' lang='grc' dir='ltr'><strong>Καὶ</strong></span> <span class='ocrx_word' id='word_1_354' title='bbox 1112 4038 1377 4109; x_wconf 82' lang='grc' dir='ltr'><strong>Ἱερεμίας</strong></span> <span class='ocrx_word' id='word_1_355' title='bbox 1410 4040 1507 4108; x_wconf 79' lang='grc' dir='ltr'><strong>τὴν</strong></span> <span class='ocrx_word' id='word_1_356' title='bbox 1540 4040 1643 4107; x_wconf 85' lang='grc' dir='ltr'><strong>γῆν</strong></span> <span class='ocrx_word' id='word_1_357' title='bbox 1670 4041 1849 4094; x_wconf 80' lang='grc' dir='ltr'><strong>ἐκάλει</strong></span> 
     </span>
    </p>
   </div>
   <div class='ocr_carea' id='block_1_46' title="bbox 188 4120 1851 4194">
    <p class='ocr_par' dir='ltr' id='par_1_46' title="bbox 188 4120 1851 4194">
     <span class='ocr_line' id='line_1_46' title="bbox 188 4120 1851 4194; baseline 0.003 -19"><span class='ocrx_word' id='word_1_358' title='bbox 188 4120 362 4188; x_wconf 88' lang='grc' dir='ltr'><strong>λέγων</strong></span> <span class='ocrx_word' id='word_1_359' title='bbox 378 4138 391 4149; x_wconf 92' lang='grc'><strong>·</strong></span> <span class='ocrx_word' id='word_1_360' title='bbox 414 4120 527 4188; x_wconf 85' lang='grc' dir='ltr'><strong>Γῆ,</strong></span> <span class='ocrx_word' id='word_1_361' title='bbox 552 4120 648 4189; x_wconf 83' lang='grc' dir='ltr'><strong>γῆ,</strong></span> <span class='ocrx_word' id='word_1_362' title='bbox 679 4122 753 4191; x_wconf 81' lang='grc' dir='ltr'><strong>γῆ</strong></span> <span class='ocrx_word' id='word_1_363' title='bbox 773 4138 787 4152; x_wconf 73' lang='grc'><strong>⁸</strong></span> <span class='ocrx_word' id='word_1_364' title='bbox 828 4122 1067 4191; x_wconf 69' lang='grc' dir='ltr'><strong>γράψον</strong></span> <span class='ocrx_word' id='word_1_365' title='bbox 1086 4124 1192 4176; x_wconf 88' lang='grc' dir='ltr'><strong>τὸν</strong></span> <span class='ocrx_word' id='word_1_366' title='bbox 1206 4124 1393 4190; x_wconf 78' lang='grc' dir='ltr'><strong>ἄνδρα</strong></span> <span class='ocrx_word' id='word_1_367' title='bbox 1410 4126 1639 4191; x_wconf 85' lang='grc' dir='ltr'><strong>τοῦτον,</strong></span> <span class='ocrx_word' id='word_1_368' title='bbox 1663 4126 1851 4194; x_wconf 78' lang='grc' dir='ltr'><strong>ἄνδρα</strong></span> 
     </span>
    </p>
   </div>
   <div class='ocr_carea' id='block_1_47' title="bbox 189 4208 1845 4280">
    <p class='ocr_par' dir='ltr' id='par_1_47' title="bbox 189 4208 1845 4280">
     <span class='ocr_line' id='line_1_47' title="bbox 189 4208 1845 4280; baseline 0.003 -19"><span class='ocrx_word' id='word_1_369' title='bbox 189 4208 597 4277; x_wconf 70' lang='grc' dir='ltr'><strong>ὲκκήρυκτον.</strong></span> <span class='ocrx_word' id='word_1_370' title='bbox 642 4209 750 4261; x_wconf 77' lang='grc' dir='ltr'><strong>Καὶ</strong></span> <span class='ocrx_word' id='word_1_371' title='bbox 801 4209 987 4279; x_wconf 80' lang='grc' dir='ltr'><strong>ἐτερος</strong></span> <span class='ocrx_word' id='word_1_372' title='bbox 1029 4210 1189 4263; x_wconf 89' lang='grc' dir='ltr'><strong>πάλιν</strong></span> <span class='ocrx_word' id='word_1_373' title='bbox 1244 4210 1458 4277; x_wconf 77' lang='grc' dir='ltr'><strong>ἔλεγεν·</strong></span> <span class='ocrx_word' id='word_1_374' title='bbox 1513 4212 1845 4280; x_wconf 84' lang='grc' dir='ltr'><strong>Ἀκούσατε,</strong></span> 
     </span>
    </p>
   </div>
   <div class='ocr_carea' id='block_1_48' title="bbox 191 4293 1846 4371">
    <p class='ocr_par' dir='ltr' id='par_1_48' title="bbox 191 4293 1846 4371">
     <span class='ocr_line' id='line_1_48' title="bbox 191 4293 1846 4371; baseline 0.004 -24"><span class='ocrx_word' id='word_1_375' title='bbox 191 4294 509 4365; x_wconf 66' lang='grc' dir='ltr'><strong>φάραγγες,</strong></span> <span class='ocrx_word' id='word_1_376' title='bbox 539 4294 776 4364; x_wconf 73' lang='grc' dir='ltr'><strong>θεμέλια</strong></span> <span class='ocrx_word' id='word_1_377' title='bbox 807 4294 916 4362; x_wconf 87' lang='grc' dir='ltr'><strong>τῆς</strong></span> <span class='ocrx_word' id='word_1_378' title='bbox 938 4293 1066 4364; x_wconf 86' lang='grc' dir='ltr'><strong>γῆς.</strong></span> <span class='ocrx_word' id='word_1_379' title='bbox 1110 4297 1281 4361; x_wconf 84' lang='grc' dir='ltr'><strong>Υίοὺς</strong></span> <span class='ocrx_word' id='word_1_380' title='bbox 1312 4296 1626 4365; x_wconf 84' lang='grc' dir='ltr'><strong>ἐγέννησα.</strong></span> <span class='ocrx_word' id='word_1_381' title='bbox 1656 4301 1728 4352; x_wconf 92' lang='grc' dir='ltr'><strong>Οὐ</strong></span> <span class='ocrx_word' id='word_1_382' title='bbox 1751 4301 1846 4371; x_wconf 82' lang='grc' dir='ltr'><strong>τὴν</strong></span> 
     </span>
    </p>
   </div>
   <div class='ocr_carea' id='block_1_49' title="bbox 188 4380 1843 4457">
    <p class='ocr_par' dir='ltr' id='par_1_49' title="bbox 188 4380 1843 4457">
     <span class='ocr_line' id='line_1_49' title="bbox 188 4380 1843 4457; baseline 0.004 -23"><span class='ocrx_word' id='word_1_383' title='bbox 188 4382 373 4450; x_wconf 84' lang='grc' dir='ltr'><strong>κοινὴν</strong></span> <span class='ocrx_word' id='word_1_384' title='bbox 424 4382 561 4454; x_wconf 84' lang='grc' dir='ltr'><strong>πρὸς</strong></span> <span class='ocrx_word' id='word_1_385' title='bbox 606 4382 811 4444; x_wconf 84' lang='grc' dir='ltr'><strong>πάντας</strong></span> <span class='ocrx_word' id='word_1_386' title='bbox 858 4380 1177 4450; x_wconf 83' lang='grc' dir='ltr'>ἀνθρώπους</span> <span class='ocrx_word' id='word_1_387' title='bbox 1235 4381 1445 4457; x_wconf 84' lang='grc' dir='ltr'><strong>τίθησιν</strong></span> <span class='ocrx_word' id='word_1_388' title='bbox 1508 4386 1586 4445; x_wconf 88' lang='grc' dir='ltr'><strong>είς</strong></span> <span class='ocrx_word' id='word_1_389' title='bbox 1652 4387 1843 4450; x_wconf 85' lang='grc' dir='ltr'><strong>αὐτοὺς</strong></span> 
     </span>
    </p>
   </div>
   <div class='ocr_carea' id='block_1_50' title="bbox 190 4458 1841 4542">
    <p class='ocr_par' dir='ltr' id='par_1_50' title="bbox 190 4458 1841 4542">
     <span class='ocr_line' id='line_1_50' title="bbox 190 4458 1841 4542; baseline 0.004 -23"><span class='ocrx_word' id='word_1_390' title='bbox 190 4468 529 4537; x_wconf 88' lang='grc' dir='ltr'><strong>εὐεργεσίαν,</strong></span> <span class='ocrx_word' id='word_1_391' title='bbox 558 4468 694 4538; x_wconf 81' lang='grc' dir='ltr'><strong>ὅπερ</strong></span> <span class='ocrx_word' id='word_1_392' title='bbox 721 4463 789 4538; x_wconf 79' lang='grc' dir='ltr'><strong>ἦν</strong></span> <span class='ocrx_word' id='word_1_393' title='bbox 827 4467 887 4520; x_wconf 90' lang='lat' dir='ltr'><strong>rb</strong></span> <span class='ocrx_word' id='word_1_394' title='bbox 934 4467 1209 4534; x_wconf 90' lang='grc' dir='ltr'><strong>γενέσθαι,</strong></span> <span class='ocrx_word' id='word_1_395' title='bbox 1250 4458 1514 4538; x_wconf 56' lang='grc' dir='ltr'><strong>ἀλλάίτὴν</strong></span> <span class='ocrx_word' id='word_1_396' title='bbox 1551 4471 1841 4542; x_wconf 83' lang='grc' dir='ltr'><strong>ἐξαίρετον,</strong></span> 
     </span>
    </p>
   </div>
   <div class='ocr_carea' id='block_1_51' title="bbox 188 4549 1841 4628">
    <p class='ocr_par' dir='ltr' id='par_1_51' title="bbox 188 4549 1841 4628">
     <span class='ocr_line' id='line_1_51' title="bbox 188 4549 1841 4628; baseline 0.005 -24"><span class='ocrx_word' id='word_1_397' title='bbox 188 4553 326 4624; x_wconf 74' lang='grc' dir='ltr'><strong>ὅπερ</strong></span> <span class='ocrx_word' id='word_1_398' title='bbox 372 4549 439 4623; x_wconf 78' lang='grc' dir='ltr'><strong>ἦν</strong></span> <span class='ocrx_word' id='word_1_399' title='bbox 487 4554 547 4606; x_wconf 88' lang='lat' dir='ltr'><strong>rb</strong></span> <span class='ocrx_word' id='word_1_400' title='bbox 582 4553 607 4593; x_wconf 74' lang='grc' dir='ltr'><strong>δ</strong></span> <span class='ocrx_word' id='word_1_401' title='bbox 649 4556 797 4617; x_wconf 84' lang='grc' dir='ltr'><strong>υἰούς</strong></span> <span class='ocrx_word' id='word_1_402' title='bbox 851 4554 1123 4622; x_wconf 90' lang='grc' dir='ltr'><strong>γενέσθαι.</strong></span> <span class='ocrx_word' id='word_1_403' title='bbox 1185 4557 1464 4625; x_wconf 88' lang='grc' dir='ltr'><strong>Πανταχοῦ</strong></span> <span class='ocrx_word' id='word_1_404' title='bbox 1519 4558 1624 4627; x_wconf 83' lang='grc' dir='ltr'><strong>γάρ</strong></span> <span class='ocrx_word' id='word_1_405' title='bbox 1688 4560 1841 4628; x_wconf 83' lang='grc' dir='ltr'><strong>ἄρχει</strong></span> 
     </span>
    </p>
   </div>
   <div class='ocr_carea' id='block_1_52' title="bbox 187 4640 1843 4712">
    <p class='ocr_par' dir='ltr' id='par_1_52' title="bbox 187 4640 1843 4712">
     <span class='ocr_line' id='line_1_52' title="bbox 187 4640 1843 4712; baseline 0.004 -19"><span class='ocrx_word' id='word_1_406' title='bbox 187 4641 297 4693; x_wconf 86' lang='grc' dir='ltr'><strong>τῶν</strong></span> <span class='ocrx_word' id='word_1_407' title='bbox 335 4640 660 4710; x_wconf 82' lang='grc' dir='ltr'><strong>εὐεργεσιῶν</strong></span> <span class='ocrx_word' id='word_1_408' title='bbox 685 4644 713 4693; x_wconf 81' lang='grc' dir='ltr'><strong>ό</strong></span> <span class='ocrx_word' id='word_1_409' title='bbox 732 4641 885 4707; x_wconf 79' lang='grc' dir='ltr'><strong>Θεὸς,</strong></span> <span class='ocrx_word' id='word_1_410' title='bbox 918 4642 1011 4694; x_wconf 83' lang='grc' dir='ltr'><strong>καὶ</strong></span> <span class='ocrx_word' id='word_1_411' title='bbox 1040 4641 1228 4710; x_wconf 88' lang='grc' dir='ltr'><strong>ῶσπερ</strong></span> <span class='ocrx_word' id='word_1_412' title='bbox 1253 4642 1344 4693; x_wconf 83' lang='grc' dir='ltr'><strong>τὸν</strong></span> <span class='ocrx_word' id='word_1_413' title='bbox 1366 4643 1649 4712; x_wconf 79' lang='grc' dir='ltr'><strong>ἄνθρωπον</strong></span> <span class='ocrx_word' id='word_1_414' title='bbox 1677 4646 1843 4699; x_wconf 87' lang='grc' dir='ltr'><strong>πλάτ-</strong></span> 
     </span>
    </p>
   </div>
   <div class='ocr_carea' id='block_1_53' title="bbox 187 4727 1843 4799">
    <p class='ocr_par' dir='ltr' id='par_1_53' title="bbox 187 4727 1843 4799">
     <span class='ocr_line' id='line_1_53' title="bbox 187 4727 1843 4799; baseline 0.002 -18"><span class='ocrx_word' id='word_1_415' title='bbox 187 4745 317 4792; x_wconf 84' lang='grc' dir='ltr'><strong>των,</strong></span> <span class='ocrx_word' id='word_1_416' title='bbox 340 4727 551 4781; x_wconf 78' lang='grc' dir='ltr'><strong>οὐδέπω</strong></span> <span class='ocrx_word' id='word_1_417' title='bbox 582 4727 868 4795; x_wconf 88' lang='grc' dir='ltr'><strong>γενόμενον</strong></span> <span class='ocrx_word' id='word_1_418' title='bbox 897 4728 1124 4797; x_wconf 84' lang='grc' dir='ltr'><strong>ἐτίμησε</strong></span> <span class='ocrx_word' id='word_1_419' title='bbox 1160 4731 1225 4798; x_wconf 83' lang='grc' dir='ltr'><strong>τῆ</strong></span> <span class='ocrx_word' id='word_1_420' title='bbox 1258 4729 1417 4798; x_wconf 79' lang='grc' dir='ltr'><strong>ἀρχῇ,</strong></span> <span class='ocrx_word' id='word_1_421' title='bbox 1450 4731 1638 4793; x_wconf 88' lang='grc' dir='ltr'><strong>εἰπὼν,</strong></span> <span class='ocrx_word' id='word_1_422' title='bbox 1670 4734 1843 4799; x_wconf 84' lang='grc' dir='ltr'><strong>Ποιή-</strong></span> 
     </span>
    </p>
   </div>
   <div class='ocr_carea' id='block_1_54' title="bbox 188 4814 1839 4883">
    <p class='ocr_par' dir='ltr' id='par_1_54' title="bbox 188 4814 1839 4883">
     <span class='ocr_line' id='line_1_54' title="bbox 188 4814 1839 4883; baseline 0.004 -15"><span class='ocrx_word' id='word_1_423' title='bbox 188 4829 391 4883; x_wconf 79' lang='grc' dir='ltr'><strong>σωμεν</strong></span> <span class='ocrx_word' id='word_1_424' title='bbox 432 4814 741 4882; x_wconf 77' lang='grc' dir='ltr'><strong>ἄνθρωπον</strong></span> <span class='ocrx_word' id='word_1_425' title='bbox 784 4815 909 4866; x_wconf 83' lang='grc' dir='ltr'><strong>κατ’</strong></span> <span class='ocrx_word' id='word_1_426' title='bbox 964 4816 1170 4870; x_wconf 82' lang='grc' dir='ltr'><strong>εἰκόνα</strong></span> <span class='ocrx_word' id='word_1_427' title='bbox 1223 4815 1515 4882; x_wconf 77' lang='grc' dir='ltr'><strong>ἡμετέραν</strong></span> <span class='ocrx_word' id='word_1_428' title='bbox 1572 4818 1668 4869; x_wconf 81' lang='grc' dir='ltr'><strong>καὶ</strong></span> <span class='ocrx_word' id='word_1_429' title='bbox 1711 4821 1839 4875; x_wconf 84' lang='grc' dir='ltr'><strong>καθ’</strong></span> 
     </span>
    </p>
   </div>
   <div class='ocr_carea' id='block_1_55' title="bbox 190 4899 1841 4976">
    <p class='ocr_par' dir='ltr' id='par_1_55' title="bbox 190 4899 1841 4976">
     <span class='ocr_line' id='line_1_55' title="bbox 190 4899 1841 4976; baseline 0.002 -23"><span class='ocrx_word' id='word_1_430' title='bbox 190 4901 503 4969; x_wconf 78' lang='grc' dir='ltr'><strong>ὁμοίωσινο</strong></span> <span class='ocrx_word' id='word_1_431' title='bbox 556 4901 649 4952; x_wconf 69' lang='grc' dir='ltr'><strong>ἐπὶ</strong></span> <span class='ocrx_word' id='word_1_432' title='bbox 687 4900 743 4951; x_wconf 77' lang='grc' dir='ltr'><strong>δὲ</strong></span> <span class='ocrx_word' id='word_1_433' title='bbox 783 4899 883 4968; x_wconf 80' lang='grc' dir='ltr'><strong>τῆς</strong></span> <span class='ocrx_word' id='word_1_434' title='bbox 931 4901 1142 4970; x_wconf 80' lang='grc' dir='ltr'><strong>Καινῆς</strong></span> <span class='ocrx_word' id='word_1_435' title='bbox 1178 4903 1269 4953; x_wconf 82' lang='grc' dir='ltr'><strong>καί</strong></span> <span class='ocrx_word' id='word_1_436' title='bbox 1308 4900 1593 4969; x_wconf 77' lang='grc' dir='ltr'><strong>μειζόνως·</strong></span> <span class='ocrx_word' id='word_1_437' title='bbox 1643 4904 1702 4955; x_wconf 89' lang='grc' dir='ltr'><strong>οὐ</strong></span> <span class='ocrx_word' id='word_1_438' title='bbox 1734 4906 1841 4976; x_wconf 84' lang='grc' dir='ltr'><strong>γὰρ</strong></span> 
     </span>
    </p>
   </div>
   <div class='ocr_carea' id='block_1_56' title="bbox 190 4986 1842 5058">
    <p class='ocr_par' dir='ltr' id='par_1_56' title="bbox 190 4986 1842 5058">
     <span class='ocr_line' id='line_1_56' title="bbox 190 4986 1842 5058; baseline 0.004 -18"><span class='ocrx_word' id='word_1_439' title='bbox 190 4987 256 5056; x_wconf 79' lang='grc' dir='ltr'><strong>δὴ</strong></span> <span class='ocrx_word' id='word_1_440' title='bbox 296 4987 456 5055; x_wconf 85' lang='grc' dir='ltr'><strong>μόνον</strong></span> <span class='ocrx_word' id='word_1_441' title='bbox 510 4987 673 5056; x_wconf 79' lang='grc' dir='ltr'><strong>μηδὲν</strong></span> <span class='ocrx_word' id='word_1_442' title='bbox 710 4986 1122 5055; x_wconf 86' lang='grc' dir='ltr'><strong>εἰργασμένους,</strong></span> <span class='ocrx_word' id='word_1_443' title='bbox 1167 4987 1302 5039; x_wconf 85' lang='grc' dir='ltr'><strong>ἀλλά</strong></span> <span class='ocrx_word' id='word_1_444' title='bbox 1346 4989 1438 5039; x_wconf 73' lang='grc' dir='ltr'><strong>καὶ</strong></span> <span class='ocrx_word' id='word_1_445' title='bbox 1488 4989 1654 5058; x_wconf 78' lang='grc' dir='ltr'><strong>μυρία</strong></span> <span class='ocrx_word' id='word_1_446' title='bbox 1698 4994 1842 5045; x_wconf 84' lang='grc' dir='ltr'><strong>κακά</strong></span> 
     </span>
    </p>
   </div>
   <div class='ocr_carea' id='block_1_57' title="bbox 189 5068 1839 5139">
    <p class='ocr_par' dir='ltr' id='par_1_57' title="bbox 189 5068 1839 5139">
     <span class='ocr_line' id='line_1_57' title="bbox 189 5068 1839 5139; baseline 0.002 -19"><span class='ocrx_word' id='word_1_447' title='bbox 189 5068 582 5136; x_wconf 88' lang='grc' dir='ltr'><strong>εἰργασμένους</strong></span> <span class='ocrx_word' id='word_1_448' title='bbox 617 5068 839 5137; x_wconf 89' lang='grc' dir='ltr'><strong>ἐτίμησε</strong></span> <span class='ocrx_word' id='word_1_449' title='bbox 873 5068 957 5119; x_wconf 72' lang='grc' dir='ltr'><strong>διὰ</strong></span> <span class='ocrx_word' id='word_1_450' title='bbox 999 5069 1097 5139; x_wconf 83' lang='grc' dir='ltr'><strong>τῆς</strong></span> <span class='ocrx_word' id='word_1_451' title='bbox 1126 5070 1220 5121; x_wconf 90' lang='grc' dir='ltr'><strong>τοῦ</strong></span> <span class='ocrx_word' id='word_1_452' title='bbox 1256 5070 1478 5139; x_wconf 80' lang='grc' dir='ltr'><strong>λουτροῦ</strong></span> <span class='ocrx_word' id='word_1_453' title='bbox 1525 5073 1839 5139; x_wconf 83' lang='grc' dir='ltr'><strong>παλιγγενε-</strong></span> 
     </span>
    </p>
   </div>
   <div class='ocr_carea' id='block_1_58' title="bbox 191 5148 1839 5227">
    <p class='ocr_par' dir='ltr' id='par_1_58' title="bbox 191 5148 1839 5227">
     <span class='ocr_line' id='line_1_58' title="bbox 191 5148 1839 5227; baseline 0.005 -27"><span class='ocrx_word' id='word_1_454' title='bbox 191 5149 347 5212; x_wconf 87' lang='grc' dir='ltr'><strong>σίας·</strong></span> <span class='ocrx_word' id='word_1_455' title='bbox 401 5148 541 5202; x_wconf 89' lang='grc' dir='ltr'><strong>οὕτω</strong></span> <span class='ocrx_word' id='word_1_456' title='bbox 585 5150 679 5203; x_wconf 77' lang='grc' dir='ltr'><strong>καὶ</strong></span> <span class='ocrx_word' id='word_1_457' title='bbox 712 5149 940 5203; x_wconf 78' lang='grc' dir='ltr'><strong>ἐνταῦθα</strong></span> <span class='ocrx_word' id='word_1_458' title='bbox 979 5151 1123 5203; x_wconf 77' lang='grc' dir='ltr'><strong>ἐστιν</strong></span> <span class='ocrx_word' id='word_1_459' title='bbox 1164 5152 1309 5214; x_wconf 87' lang='grc' dir='ltr'><strong>ἰδεῖν,</strong></span> <span class='ocrx_word' id='word_1_460' title='bbox 1363 5153 1443 5204; x_wconf 84' lang='grc' dir='ltr'><strong>ὅτι</strong></span> <span class='ocrx_word' id='word_1_461' title='bbox 1487 5156 1552 5223; x_wconf 80' lang='grc' dir='ltr'><strong>τῇ</strong></span> <span class='ocrx_word' id='word_1_462' title='bbox 1604 5156 1839 5227; x_wconf 76' lang='grc' dir='ltr'><strong>υἱοθεσία</strong></span> 
     </span>
    </p>
   </div>
   <div class='ocr_carea' id='block_1_59' title="bbox 188 5229 1838 5301">
    <p class='ocr_par' dir='ltr' id='par_1_59' title="bbox 188 5229 1838 5301">
     <span class='ocr_line' id='line_1_59' title="bbox 188 5229 1838 5301; baseline 0.004 -19"><span class='ocrx_word' id='word_1_463' title='bbox 188 5229 312 5298; x_wconf 76' lang='grc' dir='ltr'><strong>οὐχὶ</strong></span> <span class='ocrx_word' id='word_1_464' title='bbox 353 5229 508 5298; x_wconf 82' lang='grc' dir='ltr'><strong>μόνον</strong></span> <span class='ocrx_word' id='word_1_465' title='bbox 536 5230 685 5283; x_wconf 79' lang='grc' dir='ltr'><strong>οὐδὲν</strong></span> <span class='ocrx_word' id='word_1_466' title='bbox 712 5231 1173 5300; x_wconf 88' lang='grc' dir='ltr'><strong>κατωρθωκότας,</strong></span> <span class='ocrx_word' id='word_1_467' title='bbox 1218 5234 1352 5286; x_wconf 85' lang='grc' dir='ltr'><strong>ἀλλά</strong></span> <span class='ocrx_word' id='word_1_468' title='bbox 1394 5234 1486 5285; x_wconf 74' lang='grc' dir='ltr'><strong>καὶ</strong></span> <span class='ocrx_word' id='word_1_469' title='bbox 1518 5236 1838 5301; x_wconf 88' lang='grc' dir='ltr'><strong>ἐπταικότας</strong></span> 
     </span>
    </p>
   </div>
   <div class='ocr_carea' id='block_1_60' title="bbox 188 5310 1836 5383">
    <p class='ocr_par' dir='ltr' id='par_1_60' title="bbox 188 5310 1836 5383">
     <span class='ocr_line' id='line_1_60' title="bbox 188 5310 1836 5383; baseline 0.006 -20"><span class='ocrx_word' id='word_1_470' title='bbox 188 5311 472 5379; x_wconf 84' lang='grc' dir='ltr'><strong>ἐτίμησεν.</strong></span> <span class='ocrx_word' id='word_1_471' title='bbox 503 5311 575 5363; x_wconf 85' lang='grc' dir='ltr'><strong>Οὐ</strong></span> <span class='ocrx_word' id='word_1_472' title='bbox 601 5312 704 5382; x_wconf 80' lang='grc' dir='ltr'><strong>μὴν</strong></span> <span class='ocrx_word' id='word_1_473' title='bbox 733 5312 914 5381; x_wconf 82' lang='grc' dir='ltr'><strong>ἐπειδὴ</strong></span> <span class='ocrx_word' id='word_1_474' title='bbox 940 5315 1075 5382; x_wconf 76' lang='grc' dir='ltr'><strong>τιμᾷ</strong></span> <span class='ocrx_word' id='word_1_475' title='bbox 1105 5310 1208 5383; x_wconf 77' lang='grc' dir='ltr'><strong>πρὸ</strong></span> <span class='ocrx_word' id='word_1_476' title='bbox 1238 5316 1344 5367; x_wconf 91' lang='grc' dir='ltr'><strong>τῶν</strong></span> <span class='ocrx_word' id='word_1_477' title='bbox 1378 5316 1573 5381; x_wconf 87' lang='grc' dir='ltr'><strong>πόνων,</strong></span> <span class='ocrx_word' id='word_1_478' title='bbox 1605 5321 1836 5375; x_wconf 80' lang='grc' dir='ltr'><strong>ἀποστε-</strong></span> 
     </span>
    </p>
   </div>
   <div class='ocr_carea' id='block_1_61' title="bbox 192 5392 1837 5467">
    <p class='ocr_par' dir='ltr' id='par_1_61' title="bbox 192 5392 1837 5467">
     <span class='ocr_line' id='line_1_61' title="bbox 192 5392 1837 5467; baseline 0.009 -25"><span class='ocrx_word' id='word_1_479' title='bbox 192 5395 279 5461; x_wconf 87' lang='grc' dir='ltr'><strong>ρεῖ</strong></span> <span class='ocrx_word' id='word_1_480' title='bbox 313 5392 450 5459; x_wconf 85' lang='grc' dir='ltr'><strong>μετά</strong></span> <span class='ocrx_word' id='word_1_481' title='bbox 494 5394 614 5452; x_wconf 71' lang='grc' dir='ltr'>τοὺς</span> <span class='ocrx_word' id='word_1_482' title='bbox 653 5394 874 5456; x_wconf 85' lang='grc' dir='ltr'><strong>πόνους,</strong></span> <span class='ocrx_word' id='word_1_483' title='bbox 913 5394 1046 5445; x_wconf 85' lang='grc' dir='ltr'><strong>ἀλλὰ</strong></span> <span class='ocrx_word' id='word_1_484' title='bbox 1099 5396 1190 5446; x_wconf 83' lang='grc' dir='ltr'><strong>καὶ</strong></span> <span class='ocrx_word' id='word_1_485' title='bbox 1240 5397 1359 5446; x_wconf 88' lang='grc' dir='ltr'><strong>τότε</strong></span> <span class='ocrx_word' id='word_1_486' title='bbox 1416 5399 1631 5467; x_wconf 79' lang='grc' dir='ltr'><strong>μείζονα</strong></span> <span class='ocrx_word' id='word_1_487' title='bbox 1660 5403 1837 5457; x_wconf 86' lang='grc' dir='ltr'><strong>δίδωσι</strong></span> 
     </span>
    </p>
   </div>
   <div class='ocr_carea' id='block_1_62' title="bbox 187 5473 1836 5556">
    <p class='ocr_par' dir='ltr' id='par_1_62' title="bbox 187 5473 1836 5556">
     <span class='ocr_line' id='line_1_62' title="bbox 187 5473 1836 5556; baseline 0.009 -32"><span class='ocrx_word' id='word_1_488' title='bbox 187 5474 261 5525; x_wconf 73' lang='grc' dir='ltr'><strong>τὰ</strong></span> <span class='ocrx_word' id='word_1_489' title='bbox 302 5473 530 5526; x_wconf 74' lang='grc' dir='ltr'><strong>ἔπαθλα.</strong></span> <span class='ocrx_word' id='word_1_490' title='bbox 570 5475 674 5527; x_wconf 75' lang='lat' dir='ltr'><strong>Kal</strong></span> <span class='ocrx_word' id='word_1_491' title='bbox 710 5477 944 5543; x_wconf 71' lang='grc' dir='ltr'><strong>ὕψωσαι</strong></span> <span class='ocrx_word' id='word_1_492' title='bbox 985 5475 1066 5528; x_wconf 84' lang='grc' dir='ltr'><strong>Τὰ</strong></span> <span class='ocrx_word' id='word_1_493' title='bbox 1114 5478 1173 5528; x_wconf 89' lang='grc' dir='ltr'><strong>ἐν</strong></span> <span class='ocrx_word' id='word_1_494' title='bbox 1217 5478 1494 5547; x_wconf 82' lang='grc' dir='ltr'><strong>Αἰγύπτῳ,</strong></span> <span class='ocrx_word' id='word_1_495' title='bbox 1548 5482 1614 5532; x_wconf 83' lang='grc' dir='ltr'><strong>τὰ</strong></span> <span class='ocrx_word' id='word_1_496' title='bbox 1660 5486 1716 5535; x_wconf 84' lang='grc' dir='ltr'><strong>ἐν</strong></span> <span class='ocrx_word' id='word_1_497' title='bbox 1772 5490 1836 5556; x_wconf 83' lang='grc' dir='ltr'><strong>τῇ</strong></span> 
     </span>
    </p>
   </div>
   <div class='ocr_carea' id='block_1_63' title="bbox 258 5583 1473 5647">
    <p class='ocr_par' dir='ltr' id='par_1_63' title="bbox 258 5583 1473 5647">
     <span class='ocr_line' id='line_1_63' title="bbox 258 5583 1473 5647; baseline 0.002 -19"><span class='ocrx_word' id='word_1_498' title='bbox 258 5584 283 5647; x_wconf 77' lang='lat'><strong>_‘</strong></span> <span class='ocrx_word' id='word_1_499' title='bbox 307 5583 390 5647; x_wconf 66' lang='lat' dir='ltr'><strong>Sic</strong></span> <span class='ocrx_word' id='word_1_500' title='bbox 412 5588 548 5647; x_wconf 62' lang='lat' dir='ltr'><strong>requa</strong></span> <span class='ocrx_word' id='word_1_501' title='bbox 572 5584 839 5647; x_wconf 75' lang='lat' dir='ltr'><strong>Bavaricus.</strong></span> <span class='ocrx_word' id='word_1_502' title='bbox 865 5584 991 5635; x_wconf 87' lang='lat' dir='ltr'><strong>Edili</strong></span> <span class='ocrx_word' id='word_1_503' title='bbox 1011 5586 1052 5633; x_wconf 75' lang='lat' dir='ltr'><strong>el.</strong></span> <span class='ocrx_word' id='word_1_504' title='bbox 1073 5585 1160 5647; x_wconf 79' lang='grc' dir='ltr'><strong>γὰρ</strong></span> <span class='ocrx_word' id='word_1_505' title='bbox 1182 5587 1295 5633; x_wconf 77' lang='grc' dir='ltr'><strong>ἂν...</strong></span> <span class='ocrx_word' id='word_1_506' title='bbox 1322 5587 1473 5633; x_wconf 74' lang='grc' dir='ltr'><strong>πάλιν.</strong></span> 
     </span>
    </p>
   </div>
   <div class='ocr_carea' id='block_1_64' title="bbox 255 5642 1053 5708">
    <p class='ocr_par' dir='ltr' id='par_1_64' title="bbox 255 5642 1053 5708">
     <span class='ocr_line' id='line_1_64' title="bbox 255 5642 1053 5708; baseline 0.005 -19"><span class='ocrx_word' id='word_1_507' title='bbox 255 5642 284 5708; x_wconf 55' lang='grc' dir='ltr'><strong>ξ’</strong></span> <span class='ocrx_word' id='word_1_508' title='bbox 315 5642 593 5708; x_wconf 60' lang='lat' dir='ltr'><strong>l_._e_ggnd_um</strong></span> <span class='ocrx_word' id='word_1_509' title='bbox 613 5646 733 5708; x_wconf 69' lang='lat' dir='ltr'><strong>forte</strong></span> <span class='ocrx_word' id='word_1_510' title='bbox 763 5648 1053 5708; x_wconf 79' lang='grc' dir='ltr'><strong>προστίθησι.</strong></span> 
     </span>
    </p>
   </div>
   <div class='ocr_carea' id='block_1_65' title="bbox 257 5703 1836 5769">
    <p class='ocr_par' dir='ltr' id='par_1_65' title="bbox 257 5703 1836 5769">
     <span class='ocr_line' id='line_1_65' title="bbox 257 5703 1836 5769; baseline 0.006 -21"><span class='ocrx_word' id='word_1_511' title='bbox 257 5706 280 5732; x_wconf 75' lang='grc' dir='ltr'>ι</span> <span class='ocrx_word' id='word_1_512' title='bbox 323 5703 410 5769; x_wconf 68' lang='lat' dir='ltr'><strong>llic</strong></span> <span class='ocrx_word' id='word_1_513' title='bbox 436 5704 527 5769; x_wconf 39' lang='lat' dir='ltr'><strong>legi</strong></span> <span class='ocrx_word' id='word_1_514' title='bbox 568 5703 829 5769; x_wconf 71' lang='lat' dir='ltr'><strong>mu_talioué</strong></span> <span class='ocrx_word' id='word_1_515' title='bbox 867 5708 1023 5757; x_wconf 80' lang='lat' dir='ltr'><strong>series</strong></span> <span class='ocrx_word' id='word_1_516' title='bbox 1050 5706 1227 5755; x_wconf 83' lang='lat' dir='ltr'><strong>melius</strong></span> <span class='ocrx_word' id='word_1_517' title='bbox 1269 5715 1344 5756; x_wconf 74' lang='lat' dir='ltr'><strong>est</strong></span> <span class='ocrx_word' id='word_1_518' title='bbox 1384 5710 1484 5755; x_wconf 80' lang='lat' dir='ltr'><strong>sic:</strong></span> <span class='ocrx_word' id='word_1_519' title='bbox 1515 5710 1588 5755; x_wconf 75' lang='grc' dir='ltr'><strong>τὸν</strong></span> <span class='ocrx_word' id='word_1_520' title='bbox 1614 5712 1748 5769; x_wconf 59' lang='grc' dir='ltr'><strong>λόγον</strong></span> <span class='ocrx_word' id='word_1_521' title='bbox 1783 5714 1836 5758; x_wconf 70' lang='grc' dir='ltr'><strong>ἂν</strong></span> 
     </span>
    </p>
   </div>
   <div class='ocr_carea' id='block_1_66' title="bbox 190 5766 1116 5831">
    <p class='ocr_par' dir='ltr' id='par_1_66' title="bbox 190 5766 1116 5831">
     <span class='ocr_line' id='line_1_66' title="bbox 190 5766 1116 5831; baseline -0.042 -14"><span class='ocrx_word' id='word_1_522' title='bbox 190 5766 413 5831; x_wconf 46' lang='lat' dir='ltr'><strong>{etp-39:,</strong></span> <span class='ocrx_word' id='word_1_523' title='bbox 436 5767 535 5820; x_wconf 65' lang='lat' dir='ltr'><strong>vel,</strong></span> <span class='ocrx_word' id='word_1_524' title='bbox 561 5772 612 5831; x_wconf 58' lang='grc' dir='ltr'><strong>Ἦ,</strong></span> <span class='ocrx_word' id='word_1_525' title='bbox 634 5766 902 5831; x_wconf 25' lang='lat' dir='ltr'><strong>Baianum.</strong></span> <span class='ocrx_word' id='word_1_526' title='bbox 941 5771 1116 5829; x_wconf 50' lang='grc' dir='ltr'><strong>ἔτρεψε.</strong></span> 
     </span>
    </p>
   </div>
   <div class='ocr_carea' id='block_1_67' title="bbox 255 5825 1379 5880">
    <p class='ocr_par' dir='ltr' id='par_1_67' title="bbox 255 5825 1379 5880">
     <span class='ocr_line' id='line_1_67' title="bbox 255 5825 1379 5880; baseline 0.003 -6"><span class='ocrx_word' id='word_1_527' title='bbox 255 5826 283 5866; x_wconf 74' lang='lat' dir='ltr'><strong>d</strong></span> <span class='ocrx_word' id='word_1_528' title='bbox 302 5825 389 5874; x_wconf 73' lang='lat' dir='ltr'><strong>Su:</strong></span> <span class='ocrx_word' id='word_1_529' title='bbox 410 5833 549 5875; x_wconf 68' lang='lat' dir='ltr'><strong>recte</strong></span> <span class='ocrx_word' id='word_1_530' title='bbox 574 5825 840 5880; x_wconf 75' lang='lat' dir='ltr'><strong>Bavaricus.</strong></span> <span class='ocrx_word' id='word_1_531' title='bbox 869 5831 919 5880; x_wconf 80' lang='grc' dir='ltr'><strong>ιιι</strong></span> <span class='ocrx_word' id='word_1_532' title='bbox 942 5825 1094 5879; x_wconf 72' lang='lat' dir='ltr'><strong>Lduis</strong></span> <span class='ocrx_word' id='word_1_533' title='bbox 1118 5837 1168 5878; x_wconf 78' lang='grc' dir='ltr'><strong>το</strong></span> <span class='ocrx_word' id='word_1_534' title='bbox 1191 5830 1379 5878; x_wconf 78' lang='lat' dir='ltr'><strong>deerat.</strong></span> 
     </span>
    </p>
   </div>
   <div class='ocr_carea' id='block_1_68' title="bbox 1979 416 3628 492">
    <p class='ocr_par' dir='ltr' id='par_1_68' title="bbox 1979 416 3628 492">
     <span class='ocr_line' id='line_1_68' title="bbox 1979 416 3628 492; baseline 0.003 -21"><span class='ocrx_word' id='word_1_535' title='bbox 1979 416 2055 489; x_wconf 87' lang='lat'><strong>[6]</strong></span> <span class='ocrx_word' id='word_1_536' title='bbox 2072 418 2276 488; x_wconf 86' lang='grc' dir='ltr'><strong>ἐρήμῳ.</strong></span> <span class='ocrx_word' id='word_1_537' title='bbox 2291 416 2358 470; x_wconf 82' lang='grc' dir='ltr'>τὰ</span> <span class='ocrx_word' id='word_1_538' title='bbox 2370 416 2425 469; x_wconf 84' lang='grc' dir='ltr'><strong>ἐν</strong></span> <span class='ocrx_word' id='word_1_539' title='bbox 2437 417 2768 491; x_wconf 77' lang='grc' dir='ltr'><strong>Παλαιστίνῃ</strong></span> <span class='ocrx_word' id='word_1_540' title='bbox 2782 417 2861 471; x_wconf 76' lang='grc' dir='ltr'><strong>ἐνὶ</strong></span> <span class='ocrx_word' id='word_1_541' title='bbox 2875 418 3076 490; x_wconf 79' lang='grc' dir='ltr'><strong>ῥήματι</strong></span> <span class='ocrx_word' id='word_1_542' title='bbox 3092 416 3628 492; x_wconf 79' lang='grc' dir='ltr'><strong>παρέδραμεν.Ἔθος</strong></span> 
     </span>
    </p>
   </div>
   <div class='ocr_carea' id='block_1_69' title="bbox 1976 501 3622 579">
    <p class='ocr_par' dir='ltr' id='par_1_69' title="bbox 1976 501 3622 579">
     <span class='ocr_line' id='line_1_69' title="bbox 1976 501 3622 579; baseline 0.005 -25"><span class='ocrx_word' id='word_1_543' title='bbox 1976 502 2084 572; x_wconf 80' lang='grc' dir='ltr'><strong>γὰρ</strong></span> <span class='ocrx_word' id='word_1_544' title='bbox 2117 501 2193 572; x_wconf 82' lang='grc' dir='ltr'><strong>τῷ</strong></span> <span class='ocrx_word' id='word_1_545' title='bbox 2225 501 2342 572; x_wconf 86' lang='grc' dir='ltr'><strong>Θεῷ</strong></span> <span class='ocrx_word' id='word_1_546' title='bbox 2368 501 2545 567; x_wconf 87' lang='grc' dir='ltr'><strong>τοῦτο,</strong></span> <span class='ocrx_word' id='word_1_547' title='bbox 2576 502 2663 556; x_wconf 90' lang='grc' dir='ltr'><strong>διά</strong></span> <span class='ocrx_word' id='word_1_548' title='bbox 2684 504 2779 573; x_wconf 80' lang='grc' dir='ltr'><strong>τὴν</strong></span> <span class='ocrx_word' id='word_1_549' title='bbox 2804 505 3115 574; x_wconf 86' lang='grc' dir='ltr'><strong>περιουσίαν</strong></span> <span class='ocrx_word' id='word_1_550' title='bbox 3140 503 3249 558; x_wconf 88' lang='grc' dir='ltr'><strong>τῶν</strong></span> <span class='ocrx_word' id='word_1_551' title='bbox 3298 507 3622 579; x_wconf 79' lang='grc' dir='ltr'><strong>εὐεργεσιῶν</strong></span> 
     </span>
    </p>
   </div>
   <div class='ocr_carea' id='block_1_70' title="bbox 1980 588 3628 667">
    <p class='ocr_par' dir='ltr' id='par_1_70' title="bbox 1980 588 3628 667">
     <span class='ocr_line' id='line_1_70' title="bbox 1980 588 3628 667; baseline 0.006 -27"><span class='ocrx_word' id='word_1_552' title='bbox 1980 588 2053 659; x_wconf 85' lang='grc' dir='ltr'><strong>μὴ</strong></span> <span class='ocrx_word' id='word_1_553' title='bbox 2086 588 2422 659; x_wconf 81' lang='grc' dir='ltr'><strong>καταμικρὸν</strong></span> <span class='ocrx_word' id='word_1_554' title='bbox 2465 589 2817 659; x_wconf 79' lang='grc' dir='ltr'><strong>ἐνδιατρίϐειν</strong></span> <span class='ocrx_word' id='word_1_555' title='bbox 2860 594 2924 661; x_wconf 79' lang='grc' dir='ltr'><strong>τῇ</strong></span> <span class='ocrx_word' id='word_1_556' title='bbox 2972 591 3215 662; x_wconf 85' lang='grc' dir='ltr'><strong>διηγήσει</strong></span> <span class='ocrx_word' id='word_1_557' title='bbox 3252 592 3359 645; x_wconf 89' lang='grc' dir='ltr'><strong>τῶν</strong></span> <span class='ocrx_word' id='word_1_558' title='bbox 3402 612 3628 667; x_wconf 77' lang='grc' dir='ltr'><strong>γεγενη-</strong></span> 
     </span>
    </p>
   </div>
   <div class='ocr_carea' id='block_1_71' title="bbox 1977 674 3623 751">
    <p class='ocr_par' dir='ltr' id='par_1_71' title="bbox 1977 674 3623 751">
     <span class='ocr_line' id='line_1_71' title="bbox 1977 674 3623 751; baseline 0.007 -26"><span class='ocrx_word' id='word_1_559' title='bbox 1977 674 2175 743; x_wconf 85' lang='grc' dir='ltr'><strong>μένων.</strong></span> <span class='ocrx_word' id='word_1_560' title='bbox 2200 675 2375 728; x_wconf 77' lang='grc' dir='ltr'><strong>Αὺτοί</strong></span> <span class='ocrx_word' id='word_1_561' title='bbox 2411 674 2478 728; x_wconf 84' lang='grc' dir='ltr'><strong>δέ</strong></span> <span class='ocrx_word' id='word_1_562' title='bbox 2494 691 2571 744; x_wconf 84' lang='grc' dir='ltr'><strong>με</strong></span> <span class='ocrx_word' id='word_1_563' title='bbox 2601 676 2917 742; x_wconf 72' lang='grc' dir='ltr'><strong>ἠθέτησαν.</strong></span> <span class='ocrx_word' id='word_1_564' title='bbox 2951 676 3271 748; x_wconf 87' lang='grc' dir='ltr'><strong>Παρέϐησάν</strong></span> <span class='ocrx_word' id='word_1_565' title='bbox 3321 695 3442 748; x_wconf 87' lang='grc' dir='ltr'><strong>μου,</strong></span> <span class='ocrx_word' id='word_1_566' title='bbox 3470 683 3623 751; x_wconf 73' lang='grc' dir='ltr'><strong>φησι,</strong></span> 
     </span>
    </p>
   </div>
   <div class='ocr_carea' id='block_1_72' title="bbox 1972 760 3627 836">
    <p class='ocr_par' dir='ltr' id='par_1_72' title="bbox 1972 760 3627 836">
     <span class='ocr_line' id='line_1_72' title="bbox 1972 760 3627 836; baseline 0.006 -23"><span class='ocrx_word' id='word_1_567' title='bbox 1972 761 2063 813; x_wconf 82' lang='grc' dir='ltr'><strong>τὸν</strong></span> <span class='ocrx_word' id='word_1_568' title='bbox 2094 760 2275 832; x_wconf 89' lang='grc' dir='ltr'><strong>νόμον,</strong></span> <span class='ocrx_word' id='word_1_569' title='bbox 2330 762 2397 815; x_wconf 85' lang='grc' dir='ltr'><strong>τά</strong></span> <span class='ocrx_word' id='word_1_570' title='bbox 2450 765 2840 832; x_wconf 85' lang='grc' dir='ltr'><strong>προστάγματα</strong></span> <span class='ocrx_word' id='word_1_571' title='bbox 2890 764 3198 820; x_wconf 87' lang='grc' dir='ltr'><strong>κατέλιπον.</strong></span> <span class='ocrx_word' id='word_1_572' title='bbox 3231 767 3424 836; x_wconf 79' lang='grc' dir='ltr'><strong>Ἔγνω</strong></span> <span class='ocrx_word' id='word_1_573' title='bbox 3468 768 3627 835; x_wconf 79' lang='grc' dir='ltr'><strong>,βοῦς</strong></span> 
     </span>
    </p>
   </div>
   <div class='ocr_carea' id='block_1_73' title="bbox 1974 847 3627 921">
    <p class='ocr_par' dir='ltr' id='par_1_73' title="bbox 1974 847 3627 921">
     <span class='ocr_line' id='line_1_73' title="bbox 1974 847 3627 921; baseline 0.005 -22"><span class='ocrx_word' id='word_1_574' title='bbox 1974 848 2078 899; x_wconf 83' lang='grc' dir='ltr'><strong>τὸν</strong></span> <span class='ocrx_word' id='word_1_575' title='bbox 2102 847 2499 916; x_wconf 79' lang='grc' dir='ltr'><strong>κτησάμενον,</strong></span> <span class='ocrx_word' id='word_1_576' title='bbox 2550 850 2649 902; x_wconf 83' lang='grc' dir='ltr'><strong>καί</strong></span> <span class='ocrx_word' id='word_1_577' title='bbox 2698 849 2836 915; x_wconf 78' lang='grc' dir='ltr'><strong>ὄνος</strong></span> <span class='ocrx_word' id='word_1_578' title='bbox 2874 850 2990 915; x_wconf 87' lang='grc' dir='ltr'><strong>τὴν</strong></span> <span class='ocrx_word' id='word_1_579' title='bbox 3016 849 3254 919; x_wconf 72' lang='grc' dir='ltr'><strong>φάτνην</strong></span> <span class='ocrx_word' id='word_1_580' title='bbox 3284 852 3388 907; x_wconf 84' lang='grc' dir='ltr'><strong>τοῦ</strong></span> <span class='ocrx_word' id='word_1_581' title='bbox 3417 854 3627 921; x_wconf 80' lang='grc' dir='ltr'><strong>κυρίου</strong></span> 
     </span>
    </p>
   </div>
   <div class='ocr_carea' id='block_1_74' title="bbox 1972 932 3623 1007">
    <p class='ocr_par' dir='ltr' id='par_1_74' title="bbox 1972 932 3623 1007">
     <span class='ocr_line' id='line_1_74' title="bbox 1972 932 3623 1007; baseline 0.004 -22"><span class='ocrx_word' id='word_1_582' title='bbox 1972 932 2177 986; x_wconf 87' lang='grc' dir='ltr'><strong>αὐτοῦ.</strong></span> <span class='ocrx_word' id='word_1_583' title='bbox 2205 934 2270 985; x_wconf 80' lang='grc' dir='ltr'><strong>Αἰ</strong></span> <span class='ocrx_word' id='word_1_584' title='bbox 2301 934 2620 1004; x_wconf 87' lang='grc' dir='ltr'><strong>συγκρίσεις</strong></span> <span class='ocrx_word' id='word_1_585' title='bbox 2645 933 2869 1005; x_wconf 84' lang='grc' dir='ltr'><strong>αὕξησιν</strong></span> <span class='ocrx_word' id='word_1_586' title='bbox 2900 936 2998 1005; x_wconf 83' lang='grc' dir='ltr'><strong>τῆς</strong></span> <span class='ocrx_word' id='word_1_587' title='bbox 3036 938 3367 1007; x_wconf 83' lang='grc' dir='ltr'><strong>κατηγορίας</strong></span> <span class='ocrx_word' id='word_1_588' title='bbox 3390 939 3623 1005; x_wconf 83' lang='grc' dir='ltr'><strong>ποιοῦσι,</strong></span> 
     </span>
    </p>
   </div>
   <div class='ocr_carea' id='block_1_75' title="bbox 1972 1014 3626 1093">
    <p class='ocr_par' dir='ltr' id='par_1_75' title="bbox 1972 1014 3626 1093">
     <span class='ocr_line' id='line_1_75' title="bbox 1972 1014 3626 1093; baseline 0.002 -20"><span class='ocrx_word' id='word_1_589' title='bbox 1972 1018 2066 1073; x_wconf 80' lang='grc' dir='ltr'><strong>καὶ</strong></span> <span class='ocrx_word' id='word_1_590' title='bbox 2094 1017 2326 1088; x_wconf 89' lang='grc' dir='ltr'><strong>μάλιστα</strong></span> <span class='ocrx_word' id='word_1_591' title='bbox 2353 1020 2478 1074; x_wconf 87' lang='grc' dir='ltr'><strong>ὅταν</strong></span> <span class='ocrx_word' id='word_1_592' title='bbox 2500 1019 2559 1084; x_wconf 79' lang='grc' dir='ltr'><strong>ἐξ</strong></span> <span class='ocrx_word' id='word_1_593' title='bbox 2596 1020 2795 1073; x_wconf 86' lang='grc' dir='ltr'><strong>ἀνίσων</strong></span> <span class='ocrx_word' id='word_1_594' title='bbox 2825 1014 2925 1073; x_wconf 82' lang='grc' dir='ltr'><strong>ὦσι</strong></span> <span class='ocrx_word' id='word_1_595' title='bbox 2950 1038 2962 1054; x_wconf 77' lang='grc' dir='ltr'><strong><em>ο</em></strong></span> <span class='ocrx_word' id='word_1_596' title='bbox 2995 1020 3173 1084; x_wconf 88' lang='grc' dir='ltr'><strong>καθὼς</strong></span> <span class='ocrx_word' id='word_1_597' title='bbox 3207 1023 3301 1075; x_wconf 76' lang='grc' dir='ltr'><strong>καὶ</strong></span> <span class='ocrx_word' id='word_1_598' title='bbox 3336 1026 3364 1076; x_wconf 88' lang='grc' dir='ltr'><strong>ό</strong></span> <span class='ocrx_word' id='word_1_599' title='bbox 3392 1024 3626 1093; x_wconf 85' lang='grc' dir='ltr'><strong>Χριστός</strong></span> 
     </span>
    </p>
   </div>
   <div class='ocr_carea' id='block_1_76' title="bbox 1973 1104 3717 1177">
    <p class='ocr_par' dir='ltr' id='par_1_76' title="bbox 1973 1104 3717 1177">
     <span class='ocr_line' id='line_1_76' title="bbox 1973 1104 3717 1177; baseline 0.004 -21"><span class='ocrx_word' id='word_1_600' title='bbox 1973 1120 2105 1174; x_wconf 86' lang='grc' dir='ltr'><strong>φησι</strong></span> <span class='ocrx_word' id='word_1_601' title='bbox 2128 1121 2142 1136; x_wconf 77' lang='grc' dir='ltr'><strong>ο</strong></span> <span class='ocrx_word' id='word_1_602' title='bbox 2182 1104 2428 1172; x_wconf 73' lang='grc' dir='ltr'><strong>’Ἄνδρες</strong></span> <span class='ocrx_word' id='word_1_603' title='bbox 2451 1105 2748 1160; x_wconf 79' lang='grc' dir='ltr'><strong>Νινευῒται</strong></span> <span class='ocrx_word' id='word_1_604' title='bbox 2774 1106 3219 1174; x_wconf 82' lang='grc' dir='ltr'><strong>ἀναστήσονται</strong></span> <span class='ocrx_word' id='word_1_605' title='bbox 3244 1109 3313 1161; x_wconf 74' lang='grc' dir='ltr'><strong>ἐν</strong></span> <span class='ocrx_word' id='word_1_606' title='bbox 3338 1107 3411 1176; x_wconf 81' lang='grc' dir='ltr'><strong>τῇ</strong></span> <span class='ocrx_word' id='word_1_607' title='bbox 3431 1112 3626 1177; x_wconf 78' lang='grc' dir='ltr'><strong>κρίσει</strong></span> <span class='ocrx_word' id='word_1_608' title='bbox 3716 1160 3717 1163; x_wconf 45' lang='grc' dir='ltr'><strong>η</strong></span> 
     </span>
    </p>
   </div>
   <div class='ocr_carea' id='block_1_77' title="bbox 1966 1191 3622 1263">
    <p class='ocr_par' dir='ltr' id='par_1_77' title="bbox 1966 1191 3622 1263">
     <span class='ocr_line' id='line_1_77' title="bbox 1966 1191 3622 1263; baseline 0.002 -17"><span class='ocrx_word' id='word_1_609' title='bbox 1966 1191 2115 1261; x_wconf 85' lang='grc' dir='ltr'><strong>μετὰ</strong></span> <span class='ocrx_word' id='word_1_610' title='bbox 2144 1191 2255 1261; x_wconf 83' lang='grc' dir='ltr'><strong>τῆς</strong></span> <span class='ocrx_word' id='word_1_611' title='bbox 2282 1192 2489 1263; x_wconf 83' lang='grc' dir='ltr'><strong>γενεᾶς</strong></span> <span class='ocrx_word' id='word_1_612' title='bbox 2510 1194 2747 1260; x_wconf 86' lang='grc' dir='ltr'><strong>ταύτης,</strong></span> <span class='ocrx_word' id='word_1_613' title='bbox 2780 1194 2877 1247; x_wconf 77' lang='grc' dir='ltr'><strong>καὶ</strong></span> <span class='ocrx_word' id='word_1_614' title='bbox 2904 1194 3363 1262; x_wconf 80' lang='grc' dir='ltr'><strong>κατακρινοῦσιν</strong></span> <span class='ocrx_word' id='word_1_615' title='bbox 3392 1195 3585 1263; x_wconf 83' lang='grc' dir='ltr'><strong>αὐτήν</strong></span> <span class='ocrx_word' id='word_1_616' title='bbox 3605 1213 3622 1228; x_wconf 77' lang='grc' dir='ltr'><strong>ο</strong></span> 
     </span>
    </p>
   </div>
   <div class='ocr_carea' id='block_1_78' title="bbox 1971 1278 3626 1353">
    <p class='ocr_par' dir='ltr' id='par_1_78' title="bbox 1971 1278 3626 1353">
     <span class='ocr_line' id='line_1_78' title="bbox 1971 1278 3626 1353; baseline 0.003 -22"><span class='ocrx_word' id='word_1_617' title='bbox 1971 1279 2064 1331; x_wconf 80' lang='grc' dir='ltr'><strong>καὶ</strong></span> <span class='ocrx_word' id='word_1_618' title='bbox 2108 1278 2273 1332; x_wconf 88' lang='grc' dir='ltr'><strong>πάλιν</strong></span> <span class='ocrx_word' id='word_1_619' title='bbox 2305 1295 2320 1309; x_wconf 81' lang='grc'><em>’</em></span> <span class='ocrx_word' id='word_1_620' title='bbox 2354 1280 2701 1333; x_wconf 77' lang='grc' dir='ltr'><strong>Βασίλισσα</strong></span> <span class='ocrx_word' id='word_1_621' title='bbox 2758 1280 2938 1334; x_wconf 90' lang='grc' dir='ltr'><strong>νότου</strong></span> <span class='ocrx_word' id='word_1_622' title='bbox 2988 1280 3365 1349; x_wconf 75' lang='grc' dir='ltr'><strong>ἐγερθήσεται</strong></span> <span class='ocrx_word' id='word_1_623' title='bbox 3422 1282 3492 1335; x_wconf 82' lang='grc' dir='ltr'><strong>ἐν</strong></span> <span class='ocrx_word' id='word_1_624' title='bbox 3548 1281 3626 1353; x_wconf 74' lang='grc' dir='ltr'><strong>τῇ</strong></span> 
     </span>
    </p>
   </div>
   <div class='ocr_carea' id='block_1_79' title="bbox 1970 1364 3625 1437">
    <p class='ocr_par' dir='ltr' id='par_1_79' title="bbox 1970 1364 3625 1437">
     <span class='ocr_line' id='line_1_79' title="bbox 1970 1364 3625 1437; baseline 0.004 -20"><span class='ocrx_word' id='word_1_625' title='bbox 1970 1364 2186 1431; x_wconf 80' lang='grc' dir='ltr'><strong>κρίσει,</strong></span> <span class='ocrx_word' id='word_1_626' title='bbox 2205 1364 2302 1417; x_wconf 80' lang='grc' dir='ltr'><strong>καί</strong></span> <span class='ocrx_word' id='word_1_627' title='bbox 2331 1365 2674 1434; x_wconf 82' lang='grc' dir='ltr'><strong>κατακρινεῖ</strong></span> <span class='ocrx_word' id='word_1_628' title='bbox 2688 1365 2803 1433; x_wconf 82' lang='grc' dir='ltr'><strong>τήν</strong></span> <span class='ocrx_word' id='word_1_629' title='bbox 2822 1366 3032 1435; x_wconf 80' lang='grc' dir='ltr'><strong>γενεὰν</strong></span> <span class='ocrx_word' id='word_1_630' title='bbox 3059 1368 3302 1434; x_wconf 83' lang='grc' dir='ltr'><strong>ταύτην,</strong></span> <span class='ocrx_word' id='word_1_631' title='bbox 3335 1367 3423 1421; x_wconf 84' lang='grc' dir='ltr'><strong>ὅτι</strong></span> <span class='ocrx_word' id='word_1_632' title='bbox 3439 1367 3625 1437; x_wconf 72' lang='grc' dir='ltr'><strong>ἦλθεν</strong></span> 
     </span>
    </p>
   </div>
   <div class='ocr_carea' id='block_1_80' title="bbox 1967 1450 3624 1524">
    <p class='ocr_par' dir='ltr' id='par_1_80' title="bbox 1967 1450 3624 1524">
     <span class='ocr_line' id='line_1_80' title="bbox 1967 1450 3624 1524; baseline 0.004 -19"><span class='ocrx_word' id='word_1_633' title='bbox 1967 1452 2035 1505; x_wconf 81' lang='grc' dir='ltr'><strong>ἐκ</strong></span> <span class='ocrx_word' id='word_1_634' title='bbox 2066 1450 2185 1505; x_wconf 87' lang='grc' dir='ltr'><strong>τῶν</strong></span> <span class='ocrx_word' id='word_1_635' title='bbox 2209 1454 2478 1520; x_wconf 78' lang='grc' dir='ltr'><strong>περάτων</strong></span> <span class='ocrx_word' id='word_1_636' title='bbox 2507 1453 2614 1522; x_wconf 82' lang='grc' dir='ltr'><strong>τῆς</strong></span> <span class='ocrx_word' id='word_1_637' title='bbox 2644 1451 2753 1523; x_wconf 84' lang='grc' dir='ltr'><strong>γῆς</strong></span> <span class='ocrx_word' id='word_1_638' title='bbox 2785 1453 3037 1507; x_wconf 82' lang='grc' dir='ltr'><strong>ἀκοῦσαι</strong></span> <span class='ocrx_word' id='word_1_639' title='bbox 3063 1454 3177 1523; x_wconf 80' lang='grc' dir='ltr'><strong>τὴν</strong></span> <span class='ocrx_word' id='word_1_640' title='bbox 3195 1457 3420 1524; x_wconf 72' lang='grc' dir='ltr'><strong>σοφίαν</strong></span> <span class='ocrx_word' id='word_1_641' title='bbox 3442 1460 3624 1510; x_wconf 72' lang='grc' dir='ltr'><strong>Σολο-</strong></span> 
     </span>
    </p>
   </div>
   <div class='ocr_carea' id='block_1_81' title="bbox 1963 1536 3624 1609">
    <p class='ocr_par' dir='ltr' id='par_1_81' title="bbox 1963 1536 3624 1609">
     <span class='ocr_line' id='line_1_81' title="bbox 1963 1536 3624 1609; baseline 0.002 -17"><span class='ocrx_word' id='word_1_642' title='bbox 1963 1536 2216 1607; x_wconf 85' lang='grc' dir='ltr'><strong>μῶντος.</strong></span> <span class='ocrx_word' id='word_1_643' title='bbox 2254 1540 2363 1591; x_wconf 72' lang='grc' dir='ltr'><strong>Καὶ</strong></span> <span class='ocrx_word' id='word_1_644' title='bbox 2399 1539 2663 1609; x_wconf 83' lang='grc' dir='ltr'><strong>Ἱερεμίας</strong></span> <span class='ocrx_word' id='word_1_645' title='bbox 2696 1538 2754 1592; x_wconf 82' lang='grc' dir='ltr'><strong>δὲ</strong></span> <span class='ocrx_word' id='word_1_646' title='bbox 2786 1539 2946 1593; x_wconf 83' lang='grc' dir='ltr'><strong>πάλιν</strong></span> <span class='ocrx_word' id='word_1_647' title='bbox 2981 1538 3143 1609; x_wconf 82' lang='grc' dir='ltr'><strong>φησί’</strong></span> <span class='ocrx_word' id='word_1_648' title='bbox 3171 1542 3503 1607; x_wconf 84' lang='grc' dir='ltr'><strong>Πορεύθητε</strong></span> <span class='ocrx_word' id='word_1_649' title='bbox 3534 1545 3624 1609; x_wconf 82' lang='grc' dir='ltr'><strong>εἰς</strong></span> 
     </span>
    </p>
   </div>
   <div class='ocr_carea' id='block_1_82' title="bbox 1965 1624 3623 1694">
    <p class='ocr_par' dir='ltr' id='par_1_82' title="bbox 1965 1624 3623 1694">
     <span class='ocr_line' id='line_1_82' title="bbox 1965 1624 3623 1694; baseline 0.004 -17"><span class='ocrx_word' id='word_1_650' title='bbox 1965 1624 2198 1691; x_wconf 82' lang='grc' dir='ltr'><strong>νήσους</strong></span> <span class='ocrx_word' id='word_1_651' title='bbox 2219 1625 2420 1693; x_wconf 81' lang='grc' dir='ltr'><strong>Χετιίμ</strong></span> <span class='ocrx_word' id='word_1_652' title='bbox 2454 1637 2500 1686; x_wconf 79' lang='grc' dir='ltr'><strong>ο,</strong></span> <span class='ocrx_word' id='word_1_653' title='bbox 2532 1624 2627 1678; x_wconf 80' lang='grc' dir='ltr'><strong>καί</strong></span> <span class='ocrx_word' id='word_1_654' title='bbox 2668 1624 2821 1678; x_wconf 82' lang='grc' dir='ltr'><strong>ῑδετε</strong></span> <span class='ocrx_word' id='word_1_655' title='bbox 2844 1628 2929 1690; x_wconf 85' lang='grc' dir='ltr'><strong>είς</strong></span> <span class='ocrx_word' id='word_1_656' title='bbox 2951 1624 3161 1694; x_wconf 85' lang='grc' dir='ltr'><strong>Κεδάρ.</strong></span> <span class='ocrx_word' id='word_1_657' title='bbox 3203 1627 3623 1684; x_wconf 69' lang='grc' dir='ltr'><strong>Ἀποστείλατσ</strong></span> 
     </span>
    </p>
   </div>
   <div class='ocr_carea' id='block_1_83' title="bbox 1965 1707 3619 1776">
    <p class='ocr_par' dir='ltr' id='par_1_83' title="bbox 1965 1707 3619 1776">
     <span class='ocr_line' id='line_1_83' title="bbox 1965 1707 3619 1776; baseline 0.005 -17"><span class='ocrx_word' id='word_1_658' title='bbox 1965 1708 2064 1760; x_wconf 80' lang='grc' dir='ltr'><strong>καί</strong></span> <span class='ocrx_word' id='word_1_659' title='bbox 2098 1707 2303 1776; x_wconf 80' lang='grc' dir='ltr'><strong>γνῶτε,</strong></span> <span class='ocrx_word' id='word_1_660' title='bbox 2343 1712 2394 1761; x_wconf 87' lang='grc' dir='ltr'><strong>εἰ</strong></span> <span class='ocrx_word' id='word_1_661' title='bbox 2424 1708 2791 1772; x_wconf 70' lang='grc' dir='ltr'><strong>άλλὰξονται</strong></span> <span class='ocrx_word' id='word_1_662' title='bbox 2818 1710 2959 1775; x_wconf 72' lang='grc' dir='ltr'><strong>ἔθνη</strong></span> <span class='ocrx_word' id='word_1_663' title='bbox 3012 1710 3183 1775; x_wconf 80' lang='grc' dir='ltr'><strong>θεοὺς</strong></span> <span class='ocrx_word' id='word_1_664' title='bbox 3214 1712 3413 1764; x_wconf 83' lang='grc' dir='ltr'><strong>αὐτῶν</strong></span> <span class='ocrx_word' id='word_1_665' title='bbox 3438 1730 3451 1744; x_wconf 90' lang='grc'><strong>·</strong></span> <span class='ocrx_word' id='word_1_666' title='bbox 3489 1716 3522 1767; x_wconf 85' lang='grc' dir='ltr'><strong>ό</strong></span> <span class='ocrx_word' id='word_1_667' title='bbox 3548 1714 3619 1768; x_wconf 76' lang='grc' dir='ltr'><strong>δὲ</strong></span> 
     </span>
    </p>
   </div>
   <div class='ocr_carea' id='block_1_84' title="bbox 1964 1792 3617 1866">
    <p class='ocr_par' dir='ltr' id='par_1_84' title="bbox 1964 1792 3617 1866">
     <span class='ocr_line' id='line_1_84' title="bbox 1964 1792 3617 1866; baseline 0.004 -20"><span class='ocrx_word' id='word_1_668' title='bbox 1964 1794 2111 1858; x_wconf 73' lang='grc' dir='ltr'><strong>λαός</strong></span> <span class='ocrx_word' id='word_1_669' title='bbox 2143 1811 2261 1862; x_wconf 80' lang='grc' dir='ltr'><strong>μου</strong></span> <span class='ocrx_word' id='word_1_670' title='bbox 2297 1792 2604 1861; x_wconf 77' lang='grc' dir='ltr'><strong>ἠλλάξατο</strong></span> <span class='ocrx_word' id='word_1_671' title='bbox 2644 1793 2757 1861; x_wconf 82' lang='grc' dir='ltr'><strong>τὴν</strong></span> <span class='ocrx_word' id='word_1_672' title='bbox 2798 1794 2987 1856; x_wconf 78' lang='grc' dir='ltr'><strong>δόξαν</strong></span> <span class='ocrx_word' id='word_1_673' title='bbox 3030 1795 3233 1858; x_wconf 87' lang='grc' dir='ltr'><strong>αὐτοῦ,</strong></span> <span class='ocrx_word' id='word_1_674' title='bbox 3280 1797 3348 1860; x_wconf 81' lang='grc' dir='ltr'><strong>ἐξ</strong></span> <span class='ocrx_word' id='word_1_675' title='bbox 3390 1793 3466 1866; x_wconf 87' lang='grc' dir='ltr'><strong>ἧς</strong></span> <span class='ocrx_word' id='word_1_676' title='bbox 3505 1800 3617 1853; x_wconf 74' lang='grc' dir='ltr'><strong>οὐκ</strong></span> 
     </span>
    </p>
   </div>
   <div class='ocr_carea' id='block_1_85' title="bbox 1963 1878 3617 1951">
    <p class='ocr_par' dir='ltr' id='par_1_85' title="bbox 1963 1878 3617 1951">
     <span class='ocr_line' id='line_1_85' title="bbox 1963 1878 3617 1951; baseline 0.004 -20"><span class='ocrx_word' id='word_1_677' title='bbox 1963 1878 2434 1947; x_wconf 71' lang='grc' dir='ltr'><strong>ὠφεληθήσεται.</strong></span> <span class='ocrx_word' id='word_1_678' title='bbox 2467 1881 2541 1932; x_wconf 88' lang='grc' dir='ltr'><strong>Τὸ</strong></span> <span class='ocrx_word' id='word_1_679' title='bbox 2570 1880 2875 1950; x_wconf 82' lang='grc' dir='ltr'><strong>ἀνεπαχθὲς</strong></span> <span class='ocrx_word' id='word_1_680' title='bbox 2893 1880 2992 1948; x_wconf 85' lang='grc' dir='ltr'><strong>τῆς</strong></span> <span class='ocrx_word' id='word_1_681' title='bbox 3008 1880 3327 1951; x_wconf 79' lang='grc' dir='ltr'><strong>νομοθεσίας</strong></span> <span class='ocrx_word' id='word_1_682' title='bbox 3356 1882 3617 1948; x_wconf 89' lang='grc' dir='ltr'><strong>δείκνυσι,</strong></span> 
     </span>
    </p>
   </div>
   <div class='ocr_carea' id='block_1_86' title="bbox 1964 1966 3619 2039">
    <p class='ocr_par' dir='ltr' id='par_1_86' title="bbox 1964 1966 3619 2039">
     <span class='ocr_line' id='line_1_86' title="bbox 1964 1966 3619 2039; baseline 0.004 -21"><span class='ocrx_word' id='word_1_683' title='bbox 1964 1967 2058 2019; x_wconf 85' lang='grc' dir='ltr'><strong>καὶ</strong></span> <span class='ocrx_word' id='word_1_684' title='bbox 2093 1966 2215 2019; x_wconf 75' lang='grc' dir='ltr'><strong>ὅσον</strong></span> <span class='ocrx_word' id='word_1_685' title='bbox 2256 1967 2478 2019; x_wconf 87' lang='grc' dir='ltr'><strong>ἀπαιτεῖ</strong></span> <span class='ocrx_word' id='word_1_686' title='bbox 2518 1966 2670 2036; x_wconf 89' lang='grc' dir='ltr'><strong>παρά</strong></span> <span class='ocrx_word' id='word_1_687' title='bbox 2706 1967 2816 2018; x_wconf 91' lang='grc' dir='ltr'><strong>τῶν</strong></span> <span class='ocrx_word' id='word_1_688' title='bbox 2860 1966 3161 2037; x_wconf 83' lang='grc' dir='ltr'><strong>ἀνθρώπων</strong></span> <span class='ocrx_word' id='word_1_689' title='bbox 3207 1968 3423 2039; x_wconf 81' lang='grc' dir='ltr'><strong>μέτρον,</strong></span> <span class='ocrx_word' id='word_1_690' title='bbox 3465 1970 3493 2022; x_wconf 83' lang='grc' dir='ltr'><strong>ὃ</strong></span> <span class='ocrx_word' id='word_1_691' title='bbox 3524 1973 3619 2025; x_wconf 76' lang='grc' dir='ltr'><strong>καὶ</strong></span> 
     </span>
    </p>
   </div>
   <div class='ocr_carea' id='block_1_87' title="bbox 1963 2050 3616 2125">
    <p class='ocr_par' dir='ltr' id='par_1_87' title="bbox 1963 2050 3616 2125">
     <span class='ocr_line' id='line_1_87' title="bbox 1963 2050 3616 2125; baseline 0.004 -22"><span class='ocrx_word' id='word_1_692' title='bbox 1963 2051 2179 2117; x_wconf 88' lang='grc' dir='ltr'><strong>ἀλόγοις</strong></span> <span class='ocrx_word' id='word_1_693' title='bbox 2206 2050 2428 2105; x_wconf 80' lang='grc' dir='ltr'><strong>εὔκολον</strong></span> <span class='ocrx_word' id='word_1_694' title='bbox 2460 2052 2805 2122; x_wconf 88' lang='grc' dir='ltr'><strong>κατορθῶσαι</strong></span> <span class='ocrx_word' id='word_1_695' title='bbox 2830 2090 2843 2113; x_wconf 93' lang='grc'><strong>,</strong></span> <span class='ocrx_word' id='word_1_696' title='bbox 2890 2053 2985 2105; x_wconf 68' lang='grc' dir='ltr'><strong>κα)¹</strong></span> <span class='ocrx_word' id='word_1_697' title='bbox 3014 2053 3218 2120; x_wconf 89' lang='grc' dir='ltr'><strong>ἀλόγων</strong></span> <span class='ocrx_word' id='word_1_698' title='bbox 3245 2057 3358 2116; x_wconf 82' lang='grc' dir='ltr'><strong>τοῖς</strong></span> <span class='ocrx_word' id='word_1_699' title='bbox 3390 2057 3616 2125; x_wconf 83' lang='grc' dir='ltr'><strong>ἀνοητο-</strong></span> 
     </span>
    </p>
   </div>
   <div class='ocr_carea' id='block_1_88' title="bbox 1960 2135 3615 2211">
    <p class='ocr_par' dir='ltr' id='par_1_88' title="bbox 1960 2135 3615 2211">
     <span class='ocr_line' id='line_1_88' title="bbox 1960 2135 3615 2211; baseline 0.004 -23"><span class='ocrx_word' id='word_1_700' title='bbox 1960 2135 2158 2206; x_wconf 89' lang='grc' dir='ltr'><strong>τέροις.</strong></span> <span class='ocrx_word' id='word_1_701' title='bbox 2199 2136 2336 2189; x_wconf 82' lang='grc' dir='ltr'><strong>Ἀλλ’</strong></span> <span class='ocrx_word' id='word_1_702' title='bbox 2375 2139 2492 2207; x_wconf 83' lang='grc' dir='ltr'><strong>ἐρεῖ</strong></span> <span class='ocrx_word' id='word_1_703' title='bbox 2529 2155 2633 2201; x_wconf 89' lang='grc' dir='ltr'><strong>τις,</strong></span> <span class='ocrx_word' id='word_1_704' title='bbox 2678 2139 2760 2191; x_wconf 82' lang='grc' dir='ltr'><strong>ὅτι</strong></span> <span class='ocrx_word' id='word_1_705' title='bbox 2791 2139 2974 2191; x_wconf 80' lang='grc' dir='ltr'><strong>ἐκεῖνα</strong></span> <span class='ocrx_word' id='word_1_706' title='bbox 3011 2140 3069 2191; x_wconf 84' lang='grc' dir='ltr'><strong>ἐν</strong></span> <span class='ocrx_word' id='word_1_707' title='bbox 3096 2142 3162 2210; x_wconf 76' lang='grc' dir='ltr'><strong>τῇ</strong></span> <span class='ocrx_word' id='word_1_708' title='bbox 3205 2139 3359 2208; x_wconf 89' lang='grc' dir='ltr'><strong>φύσει</strong></span> <span class='ocrx_word' id='word_1_709' title='bbox 3403 2142 3524 2211; x_wconf 68' lang='grc' dir='ltr'><strong>ἔχει</strong></span> <span class='ocrx_word' id='word_1_710' title='bbox 3554 2143 3615 2196; x_wconf 86' lang='lat' dir='ltr'><strong>rb</strong></span> 
     </span>
    </p>
   </div>
   <div class='ocr_carea' id='block_1_89' title="bbox 1960 2221 3613 2298">
    <p class='ocr_par' dir='ltr' id='par_1_89' title="bbox 1960 2221 3613 2298">
     <span class='ocr_line' id='line_1_89' title="bbox 1960 2221 3613 2298; baseline 0.005 -24"><span class='ocrx_word' id='word_1_711' title='bbox 1960 2221 2265 2292; x_wconf 76' lang='grc' dir='ltr'><strong>γνωρίζειν.</strong></span> <span class='ocrx_word' id='word_1_712' title='bbox 2312 2223 2470 2278; x_wconf 83' lang='grc' dir='ltr'><strong>Ἀλλὰ</strong></span> <span class='ocrx_word' id='word_1_713' title='bbox 2491 2223 2712 2278; x_wconf 84' lang='grc' dir='ltr'><strong>δυνατὸν</strong></span> <span class='ocrx_word' id='word_1_714' title='bbox 2739 2225 2808 2277; x_wconf 85' lang='grc' dir='ltr'><strong>τὰ</strong></span> <span class='ocrx_word' id='word_1_715' title='bbox 2842 2226 2998 2293; x_wconf 88' lang='grc' dir='ltr'><strong>φύσει</strong></span> <span class='ocrx_word' id='word_1_716' title='bbox 3035 2226 3438 2298; x_wconf 84' lang='grc' dir='ltr'><strong>κατορθούμενα</strong></span> <span class='ocrx_word' id='word_1_717' title='bbox 3470 2230 3613 2282; x_wconf 84' lang='grc' dir='ltr'><strong>ἐκεί-</strong></span> 
     </span>
    </p>
   </div>
   <div class='ocr_carea' id='block_1_90' title="bbox 1960 2311 3615 2382">
    <p class='ocr_par' dir='ltr' id='par_1_90' title="bbox 1960 2311 3615 2382">
     <span class='ocr_line' id='line_1_90' title="bbox 1960 2311 3615 2382; baseline 0.005 -21"><span class='ocrx_word' id='word_1_718' title='bbox 1960 2324 2071 2371; x_wconf 91' lang='grc' dir='ltr'><strong>νοις</strong></span> <span class='ocrx_word' id='word_1_719' title='bbox 2117 2312 2180 2363; x_wconf 87' lang='grc' dir='ltr'><strong>ἐκ</strong></span> <span class='ocrx_word' id='word_1_720' title='bbox 2228 2311 2598 2381; x_wconf 88' lang='grc' dir='ltr'><strong>προαιρέσεως</strong></span> <span class='ocrx_word' id='word_1_721' title='bbox 2624 2311 2713 2379; x_wconf 87' lang='grc' dir='ltr'><strong>ὐφ’</strong></span> <span class='ocrx_word' id='word_1_722' title='bbox 2753 2312 2907 2381; x_wconf 84' lang='grc' dir='ltr'><strong>ήμῶν</strong></span> <span class='ocrx_word' id='word_1_723' title='bbox 2954 2312 3217 2380; x_wconf 89' lang='grc' dir='ltr'><strong>γίνεσθαι.</strong></span> <span class='ocrx_word' id='word_1_724' title='bbox 3249 2316 3435 2382; x_wconf 83' lang='grc' dir='ltr'><strong>Ἔγνω</strong></span> <span class='ocrx_word' id='word_1_725' title='bbox 3457 2314 3615 2382; x_wconf 80' lang='grc' dir='ltr'><strong>,βοῦς</strong></span> 
     </span>
    </p>
   </div>
   <div class='ocr_carea' id='block_1_91' title="bbox 1959 2394 3613 2470">
    <p class='ocr_par' dir='ltr' id='par_1_91' title="bbox 1959 2394 3613 2470">
     <span class='ocr_line' id='line_1_91' title="bbox 1959 2394 3613 2470; baseline 0.005 -24"><span class='ocrx_word' id='word_1_726' title='bbox 1959 2394 2065 2447; x_wconf 86' lang='grc' dir='ltr'><strong>τὸν</strong></span> <span class='ocrx_word' id='word_1_727' title='bbox 2091 2396 2468 2464; x_wconf 83' lang='grc' dir='ltr'><strong>κτησάμενον</strong></span> <span class='ocrx_word' id='word_1_728' title='bbox 2490 2413 2503 2427; x_wconf 68' lang='grc'><strong><em>⁸</em></strong></span> <span class='ocrx_word' id='word_1_729' title='bbox 2528 2398 2589 2449; x_wconf 89' lang='grc' dir='ltr'><strong>οὐ</strong></span> <span class='ocrx_word' id='word_1_730' title='bbox 2622 2397 2698 2467; x_wconf 85' lang='grc' dir='ltr'><strong>τῷ</strong></span> <span class='ocrx_word' id='word_1_731' title='bbox 2738 2397 2998 2467; x_wconf 76' lang='grc' dir='ltr'><strong>ἐξαιρέτῳ</strong></span> <span class='ocrx_word' id='word_1_732' title='bbox 3040 2398 3059 2437; x_wconf 73' lang='grc' dir='ltr'><strong>ί</strong></span> <span class='ocrx_word' id='word_1_733' title='bbox 3092 2399 3189 2469; x_wconf 82' lang='grc' dir='ltr'><strong>τῆς</strong></span> <span class='ocrx_word' id='word_1_734' title='bbox 3215 2399 3420 2470; x_wconf 77' lang='grc' dir='ltr'><strong>δωρεᾶς</strong></span> <span class='ocrx_word' id='word_1_735' title='bbox 3443 2401 3613 2465; x_wconf 73' lang='grc' dir='ltr'><strong>τιθεὶς</strong></span> 
     </span>
    </p>
   </div>
   <div class='ocr_carea' id='block_1_92' title="bbox 1959 2480 3613 2553">
    <p class='ocr_par' dir='ltr' id='par_1_92' title="bbox 1959 2480 3613 2553">
     <span class='ocr_line' id='line_1_92' title="bbox 1959 2480 3613 2553; baseline 0.006 -22"><span class='ocrx_word' id='word_1_736' title='bbox 1959 2480 2172 2543; x_wconf 82' lang='grc' dir='ltr'><strong>αὐτοὺς,</strong></span> <span class='ocrx_word' id='word_1_737' title='bbox 2210 2481 2343 2533; x_wconf 85' lang='grc' dir='ltr'><strong>ἀλλά</strong></span> <span class='ocrx_word' id='word_1_738' title='bbox 2378 2482 2472 2535; x_wconf 71' lang='grc' dir='ltr'><strong>καὶ</strong></span> <span class='ocrx_word' id='word_1_739' title='bbox 2501 2484 2567 2551; x_wconf 78' lang='grc' dir='ltr'><strong>τῇ</strong></span> <span class='ocrx_word' id='word_1_740' title='bbox 2599 2482 2867 2553; x_wconf 80' lang='grc' dir='ltr'><strong>ὑπερϐολῇ</strong></span> <span class='ocrx_word' id='word_1_741' title='bbox 2896 2483 2992 2552; x_wconf 85' lang='grc' dir='ltr'><strong>τῆς</strong></span> <span class='ocrx_word' id='word_1_742' title='bbox 3021 2485 3216 2547; x_wconf 88' lang='grc' dir='ltr'><strong>κακίας</strong></span> <span class='ocrx_word' id='word_1_743' title='bbox 3248 2485 3424 2538; x_wconf 89' lang='grc' dir='ltr'><strong>αὐτῶν</strong></span> <span class='ocrx_word' id='word_1_744' title='bbox 3458 2487 3613 2551; x_wconf 81' lang='grc' dir='ltr'><strong>αὕξει</strong></span> 
     </span>
    </p>
   </div>
   <div class='ocr_carea' id='block_1_93' title="bbox 1924 2565 3615 2642">
    <p class='ocr_par' dir='ltr' id='par_1_93' title="bbox 1924 2565 3615 2642">
     <span class='ocr_line' id='line_1_93' title="bbox 1924 2565 3615 2642; baseline 0.006 -24"><span class='ocrx_word' id='word_1_745' title='bbox 1924 2565 2055 2636; x_wconf 8' lang='grc' dir='ltr'><strong>,τὴν</strong></span> <span class='ocrx_word' id='word_1_746' title='bbox 2104 2572 2455 2638; x_wconf 89' lang='grc' dir='ltr'><strong>κατηγορίαν.</strong></span> <span class='ocrx_word' id='word_1_747' title='bbox 2494 2569 2704 2638; x_wconf 81' lang='grc' dir='ltr'><strong>Ὠσπερ</strong></span> <span class='ocrx_word' id='word_1_748' title='bbox 2750 2568 2859 2639; x_wconf 83' lang='grc' dir='ltr'><strong>γὰρ</strong></span> <span class='ocrx_word' id='word_1_749' title='bbox 2894 2572 2972 2633; x_wconf 87' lang='grc' dir='ltr'><strong>εἰς</strong></span> <span class='ocrx_word' id='word_1_750' title='bbox 3017 2571 3282 2642; x_wconf 77' lang='grc' dir='ltr'><strong>ἐντροπὴν</strong></span> <span class='ocrx_word' id='word_1_751' title='bbox 3326 2573 3505 2626; x_wconf 88' lang='grc' dir='ltr'><strong>αὐτῶν</strong></span> <span class='ocrx_word' id='word_1_752' title='bbox 3544 2577 3615 2630; x_wconf 83' lang='grc' dir='ltr'><strong>τά</strong></span> 
     </span>
    </p>
   </div>
   <div class='ocr_carea' id='block_1_94' title="bbox 1960 2654 3613 2729">
    <p class='ocr_par' dir='ltr' id='par_1_94' title="bbox 1960 2654 3613 2729">
     <span class='ocr_line' id='line_1_94' title="bbox 1960 2654 3613 2729; baseline 0.004 -24"><span class='ocrx_word' id='word_1_753' title='bbox 1960 2655 2193 2722; x_wconf 83' lang='grc' dir='ltr'><strong>στοιχεῖα</strong></span> <span class='ocrx_word' id='word_1_754' title='bbox 2216 2655 2385 2717; x_wconf 81' lang='grc' dir='ltr'><strong>καλεῖ,</strong></span> <span class='ocrx_word' id='word_1_755' title='bbox 2404 2654 2544 2708; x_wconf 89' lang='grc' dir='ltr'><strong>οὕτω</strong></span> <span class='ocrx_word' id='word_1_756' title='bbox 2566 2656 2724 2709; x_wconf 85' lang='grc' dir='ltr'><strong>πάλιν</strong></span> <span class='ocrx_word' id='word_1_757' title='bbox 2758 2656 2856 2710; x_wconf 88' lang='grc' dir='ltr'><strong>οὐκ</strong></span> <span class='ocrx_word' id='word_1_758' title='bbox 2888 2656 3211 2726; x_wconf 86' lang='grc' dir='ltr'><strong>ἀνθρώποις,</strong></span> <span class='ocrx_word' id='word_1_759' title='bbox 3243 2659 3377 2712; x_wconf 89' lang='grc' dir='ltr'><strong>ἀλλά</strong></span> <span class='ocrx_word' id='word_1_760' title='bbox 3398 2661 3613 2729; x_wconf 85' lang='grc' dir='ltr'><strong>ἀλόγοις</strong></span> 
     </span>
    </p>
   </div>
   <div class='ocr_carea' id='block_1_95' title="bbox 1959 2736 3612 2811">
    <p class='ocr_par' dir='ltr' id='par_1_95' title="bbox 1959 2736 3612 2811">
     <span class='ocr_line' id='line_1_95' title="bbox 1959 2736 3612 2811; baseline 0.005 -24"><span class='ocrx_word' id='word_1_761' title='bbox 1959 2736 2140 2797; x_wconf 82' lang='grc' dir='ltr'><strong>αὐτοῖς</strong></span> <span class='ocrx_word' id='word_1_762' title='bbox 2176 2738 2472 2807; x_wconf 88' lang='grc' dir='ltr'><strong>συγκρίνει,</strong></span> <span class='ocrx_word' id='word_1_763' title='bbox 2525 2738 2619 2791; x_wconf 75' lang='grc' dir='ltr'><strong>καὶ</strong></span> <span class='ocrx_word' id='word_1_764' title='bbox 2669 2738 2871 2792; x_wconf 89' lang='grc' dir='ltr'><strong>τούτων</strong></span> <span class='ocrx_word' id='word_1_765' title='bbox 2919 2742 3032 2802; x_wconf 86' lang='grc' dir='ltr'>τοῖς</span> <span class='ocrx_word' id='word_1_766' title='bbox 3076 2742 3475 2811; x_wconf 85' lang='grc' dir='ltr'><strong>άνοητστάτοις,</strong></span> <span class='ocrx_word' id='word_1_767' title='bbox 3516 2745 3612 2798; x_wconf 80' lang='grc' dir='ltr'><strong>καὶ</strong></span> 
     </span>
    </p>
   </div>
   <div class='ocr_carea' id='block_1_96' title="bbox 1956 2816 2739 2889">
    <p class='ocr_par' dir='ltr' id='par_1_96' title="bbox 1956 2816 2739 2889">
     <span class='ocr_line' id='line_1_96' title="bbox 1956 2816 2739 2889; baseline 0.006 -20"><span class='ocrx_word' id='word_1_768' title='bbox 1956 2816 2187 2870; x_wconf 87' lang='grc' dir='ltr'><strong>δείκνυσι</strong></span> <span class='ocrx_word' id='word_1_769' title='bbox 2219 2819 2431 2889; x_wconf 82' lang='grc' dir='ltr'><strong>χείρους</strong></span> <span class='ocrx_word' id='word_1_770' title='bbox 2455 2821 2739 2874; x_wconf 88' lang='grc' dir='ltr'><strong>κάκείνων.</strong></span> 
     </span>
    </p>
   </div>
   <div class='ocr_carea' id='block_1_97' title="bbox 2024 2897 3611 2971">
    <p class='ocr_par' dir='ltr' id='par_1_97' title="bbox 2024 2897 3611 2971">
     <span class='ocr_line' id='line_1_97' title="bbox 2024 2897 3611 2971; baseline 0.005 -22"><span class='ocrx_word' id='word_1_771' title='bbox 2024 2897 2094 2964; x_wconf 84' lang='grc' dir='ltr'><strong>γ’.</strong></span> <span class='ocrx_word' id='word_1_772' title='bbox 2127 2898 2280 2951; x_wconf 87' lang='grc' dir='ltr'><strong>Οὕτω</strong></span> <span class='ocrx_word' id='word_1_773' title='bbox 2323 2900 2416 2952; x_wconf 81' lang='grc' dir='ltr'><strong>καὶ</strong></span> <span class='ocrx_word' id='word_1_774' title='bbox 2458 2900 2720 2969; x_wconf 84' lang='grc' dir='ltr'><strong>Ἱερεμίας</strong></span> <span class='ocrx_word' id='word_1_775' title='bbox 2768 2900 2927 2963; x_wconf 89' lang='grc' dir='ltr'><strong>ποιεῖ,</strong></span> <span class='ocrx_word' id='word_1_776' title='bbox 2961 2899 3195 2969; x_wconf 89' lang='grc' dir='ltr'><strong>τρυγόνα</strong></span> <span class='ocrx_word' id='word_1_777' title='bbox 3236 2902 3329 2954; x_wconf 78' lang='grc' dir='ltr'><strong>καὶ</strong></span> <span class='ocrx_word' id='word_1_778' title='bbox 3372 2902 3611 2971; x_wconf 86' lang='grc' dir='ltr'><strong>χελιδόνα</strong></span> 
     </span>
    </p>
   </div>
   <div class='ocr_carea' id='block_1_98' title="bbox 1958 2984 3611 3060">
    <p class='ocr_par' dir='ltr' id='par_1_98' title="bbox 1958 2984 3611 3060">
     <span class='ocr_line' id='line_1_98' title="bbox 1958 2984 3611 3060; baseline 0.005 -26"><span class='ocrx_word' id='word_1_779' title='bbox 1958 2984 2221 3053; x_wconf 86' lang='grc' dir='ltr'><strong>παράγων</strong></span> <span class='ocrx_word' id='word_1_780' title='bbox 2259 2985 2338 3047; x_wconf 90' lang='grc' dir='ltr'><strong>εἰς</strong></span> <span class='ocrx_word' id='word_1_781' title='bbox 2368 2984 2552 3054; x_wconf 88' lang='grc' dir='ltr'><strong>μέσον,</strong></span> <span class='ocrx_word' id='word_1_782' title='bbox 2588 2987 2681 3038; x_wconf 71' lang='grc' dir='ltr'><strong>καὶ</strong></span> <span class='ocrx_word' id='word_1_783' title='bbox 2723 2985 2751 3037; x_wconf 85' lang='grc' dir='ltr'>ὁ</span> <span class='ocrx_word' id='word_1_784' title='bbox 2793 2984 3040 3055; x_wconf 84' lang='grc' dir='ltr'><strong>Σολομῶν</strong></span> <span class='ocrx_word' id='word_1_785' title='bbox 3093 2985 3150 3038; x_wconf 78' lang='grc' dir='ltr'><strong>δὲ</strong></span> <span class='ocrx_word' id='word_1_786' title='bbox 3213 2986 3306 3040; x_wconf 92' lang='grc' dir='ltr'><strong>νῦν</strong></span> <span class='ocrx_word' id='word_1_787' title='bbox 3344 2989 3476 3058; x_wconf 90' lang='grc' dir='ltr'>πρὸς</span> <span class='ocrx_word' id='word_1_788' title='bbox 3510 2990 3611 3060; x_wconf 84' lang='grc' dir='ltr'><strong>τὴν</strong></span> 
     </span>
    </p>
   </div>
   <div class='ocr_carea' id='block_1_99' title="bbox 1961 3069 3610 3145">
    <p class='ocr_par' dir='ltr' id='par_1_99' title="bbox 1961 3069 3610 3145">
     <span class='ocr_line' id='line_1_99' title="bbox 1961 3069 3610 3145; baseline 0.005 -24"><span class='ocrx_word' id='word_1_789' title='bbox 1961 3069 2246 3138; x_wconf 85' lang='grc' dir='ltr'><strong>μύρμηκα,</strong></span> <span class='ocrx_word' id='word_1_790' title='bbox 2274 3070 2368 3122; x_wconf 89' lang='grc' dir='ltr'><strong>νῦν</strong></span> <span class='ocrx_word' id='word_1_791' title='bbox 2394 3072 2449 3123; x_wconf 81' lang='grc' dir='ltr'><strong>δὲ</strong></span> <span class='ocrx_word' id='word_1_792' title='bbox 2486 3072 2619 3141; x_wconf 88' lang='grc' dir='ltr'><strong>πρὸς</strong></span> <span class='ocrx_word' id='word_1_793' title='bbox 2645 3072 2742 3141; x_wconf 80' lang='grc' dir='ltr'><strong>τὴν</strong></span> <span class='ocrx_word' id='word_1_794' title='bbox 2773 3071 3025 3141; x_wconf 90' lang='grc' dir='ltr'><strong>μέλιτταν</strong></span> <span class='ocrx_word' id='word_1_795' title='bbox 3068 3072 3298 3142; x_wconf 87' lang='grc' dir='ltr'><strong>πέμπων</strong></span> <span class='ocrx_word' id='word_1_796' title='bbox 3326 3075 3413 3127; x_wconf 79' lang='grc' dir='ltr'><strong>τὸν</strong></span> <span class='ocrx_word' id='word_1_797' title='bbox 3440 3077 3610 3145; x_wconf 82' lang='grc' dir='ltr'><strong>ἀργὸν</strong></span> 
     </span>
    </p>
   </div>
   <div class='ocr_carea' id='block_1_100' title="bbox 1958 3152 3609 3227">
    <p class='ocr_par' dir='ltr' id='par_1_100' title="bbox 1958 3152 3609 3227">
     <span class='ocr_line' id='line_1_100' title="bbox 1958 3152 3609 3227; baseline 0.008 -22"><span class='ocrx_word' id='word_1_798' title='bbox 1958 3152 2069 3223; x_wconf 85' lang='grc' dir='ltr'><strong>βίον</strong></span> <span class='ocrx_word' id='word_1_799' title='bbox 2096 3155 2291 3218; x_wconf 77' lang='grc' dir='ltr'><strong>ζῶντα.</strong></span> <span class='ocrx_word' id='word_1_800' title='bbox 2336 3156 2581 3224; x_wconf 82' lang='grc' dir='ltr'><strong>Ἰσραὴλ</strong></span> <span class='ocrx_word' id='word_1_801' title='bbox 2632 3157 2696 3210; x_wconf 87' lang='grc' dir='ltr'><strong>δέ</strong></span> <span class='ocrx_word' id='word_1_802' title='bbox 2720 3174 2793 3226; x_wconf 81' lang='grc' dir='ltr'><strong>με</strong></span> <span class='ocrx_word' id='word_1_803' title='bbox 2834 3160 2943 3211; x_wconf 80' lang='grc' dir='ltr'><strong>οὐκ</strong></span> <span class='ocrx_word' id='word_1_804' title='bbox 2991 3158 3158 3227; x_wconf 79' lang='grc' dir='ltr'><strong>ἔγνω.</strong></span> <span class='ocrx_word' id='word_1_805' title='bbox 3198 3161 3476 3225; x_wconf 84' lang='grc' dir='ltr'><strong>Ἐπίτασις</strong></span> <span class='ocrx_word' id='word_1_806' title='bbox 3506 3181 3609 3217; x_wconf 86' lang='grc' dir='ltr'><strong>κα-</strong></span> 
     </span>
    </p>
   </div>
   <div class='ocr_carea' id='block_1_101' title="bbox 1956 3242 3606 3319">
    <p class='ocr_par' dir='ltr' id='par_1_101' title="bbox 1956 3242 3606 3319">
     <span class='ocr_line' id='line_1_101' title="bbox 1956 3242 3606 3319; baseline 0.008 -29"><span class='ocrx_word' id='word_1_807' title='bbox 1956 3242 2100 3304; x_wconf 89' lang='grc' dir='ltr'><strong>κίας,</strong></span> <span class='ocrx_word' id='word_1_808' title='bbox 2121 3242 2247 3294; x_wconf 82' lang='grc' dir='ltr'><strong>ὅταν</strong></span> <span class='ocrx_word' id='word_1_809' title='bbox 2276 3244 2368 3296; x_wconf 80' lang='grc' dir='ltr'><strong>καὶ</strong></span> <span class='ocrx_word' id='word_1_810' title='bbox 2396 3246 2445 3295; x_wconf 91' lang='grc' dir='ltr'><strong>οἰ</strong></span> <span class='ocrx_word' id='word_1_811' title='bbox 2466 3244 2819 3314; x_wconf 82' lang='grc' dir='ltr'><strong>ᾠκειωμένοι,</strong></span> <span class='ocrx_word' id='word_1_812' title='bbox 2838 3245 2932 3297; x_wconf 73' lang='grc' dir='ltr'><strong>καὶ</strong></span> <span class='ocrx_word' id='word_1_813' title='bbox 2965 3245 3105 3316; x_wconf 86' lang='grc' dir='ltr'><strong>μετά</strong></span> <span class='ocrx_word' id='word_1_814' title='bbox 3128 3247 3393 3307; x_wconf 85' lang='grc' dir='ltr'><strong>τοσαύτας</strong></span> <span class='ocrx_word' id='word_1_815' title='bbox 3422 3250 3606 3319; x_wconf 85' lang='grc' dir='ltr'><strong>τιμὰς,</strong></span> 
     </span>
    </p>
   </div>
   <div class='ocr_carea' id='block_1_102' title="bbox 1955 3324 3605 3403">
    <p class='ocr_par' dir='ltr' id='par_1_102' title="bbox 1955 3324 3605 3403">
     <span class='ocr_line' id='line_1_102' title="bbox 1955 3324 3605 3403; baseline 0.005 -24"><span class='ocrx_word' id='word_1_816' title='bbox 1955 3329 2047 3379; x_wconf 85' lang='grc' dir='ltr'><strong>καί</strong></span> <span class='ocrx_word' id='word_1_817' title='bbox 2066 3327 2262 3391; x_wconf 88' lang='grc' dir='ltr'><strong>πάντες</strong></span> <span class='ocrx_word' id='word_1_818' title='bbox 2281 3327 2475 3398; x_wconf 87' lang='grc' dir='ltr'><strong>ἀθρόον</strong></span> <span class='ocrx_word' id='word_1_819' title='bbox 2493 3331 2626 3399; x_wconf 74' lang='grc' dir='ltr'><strong>πρὸς</strong></span> <span class='ocrx_word' id='word_1_820' title='bbox 2657 3330 2751 3399; x_wconf 82' lang='grc' dir='ltr'><strong>τὴν</strong></span> <span class='ocrx_word' id='word_1_821' title='bbox 2781 3330 2976 3382; x_wconf 88' lang='grc' dir='ltr'><strong>κακίαν</strong></span> <span class='ocrx_word' id='word_1_822' title='bbox 3002 3324 3133 3383; x_wconf 82' lang='grc' dir='ltr'><strong>ῶσιν</strong></span> <span class='ocrx_word' id='word_1_823' title='bbox 3157 3332 3605 3403; x_wconf 82' lang='grc' dir='ltr'><strong>ηὐτομοληκότες.</strong></span> 
     </span>
    </p>
   </div>
   <div class='ocr_carea' id='block_1_103' title="bbox 1955 3409 3606 3491">
    <p class='ocr_par' dir='ltr' id='par_1_103' title="bbox 1955 3409 3606 3491">
     <span class='ocr_line' id='line_1_103' title="bbox 1955 3409 3606 3491; baseline 0.005 -25"><span class='ocrx_word' id='word_1_824' title='bbox 1955 3414 2066 3466; x_wconf 88' lang='grc' dir='ltr'><strong>Οὐκ</strong></span> <span class='ocrx_word' id='word_1_825' title='bbox 2108 3409 2282 3477; x_wconf 78' lang='grc' dir='ltr'><strong>εἶπεν,</strong></span> <span class='ocrx_word' id='word_1_826' title='bbox 2330 3414 2543 3475; x_wconf 86' lang='grc' dir='ltr'><strong>Ἰακὼϐ,</strong></span> <span class='ocrx_word' id='word_1_827' title='bbox 2578 3415 2691 3467; x_wconf 91' lang='grc' dir='ltr'><strong>ἀλλ’</strong></span> <span class='ocrx_word' id='word_1_828' title='bbox 2727 3415 3005 3482; x_wconf 76' lang='grc' dir='ltr'><strong>Ἰσραὴλ,</strong></span> <span class='ocrx_word' id='word_1_829' title='bbox 3041 3416 3179 3469; x_wconf 86' lang='grc' dir='ltr'><strong>ῶστε</strong></span> <span class='ocrx_word' id='word_1_830' title='bbox 3208 3420 3274 3489; x_wconf 75' lang='grc' dir='ltr'><strong>τῇ</strong></span> <span class='ocrx_word' id='word_1_831' title='bbox 3307 3419 3473 3491; x_wconf 75' lang='grc' dir='ltr'><strong>ἀρετῇ</strong></span> <span class='ocrx_word' id='word_1_832' title='bbox 3511 3422 3606 3475; x_wconf 85' lang='grc' dir='ltr'><strong>τοῦ</strong></span> 
     </span>
    </p>
   </div>
   <div class='ocr_carea' id='block_1_104' title="bbox 1955 3500 3605 3580">
    <p class='ocr_par' dir='ltr' id='par_1_104' title="bbox 1955 3500 3605 3580">
     <span class='ocr_line' id='line_1_104' title="bbox 1955 3500 3605 3580; baseline 0.007 -30"><span class='ocrx_word' id='word_1_833' title='bbox 1955 3500 2219 3568; x_wconf 89' lang='grc' dir='ltr'><strong>προγόνου</strong></span> <span class='ocrx_word' id='word_1_834' title='bbox 2249 3500 2356 3553; x_wconf 90' lang='grc' dir='ltr'><strong>τῶν</strong></span> <span class='ocrx_word' id='word_1_835' title='bbox 2376 3501 2610 3569; x_wconf 86' lang='grc' dir='ltr'><strong>ἐκγόνων</strong></span> <span class='ocrx_word' id='word_1_836' title='bbox 2632 3500 2854 3569; x_wconf 77' lang='grc' dir='ltr'><strong>μείζονα</strong></span> <span class='ocrx_word' id='word_1_837' title='bbox 2880 3502 3047 3565; x_wconf 81' lang='grc' dir='ltr'><strong>δεῖξαι</strong></span> <span class='ocrx_word' id='word_1_838' title='bbox 3073 3504 3170 3572; x_wconf 83' lang='grc' dir='ltr'><strong>τὴν</strong></span> <span class='ocrx_word' id='word_1_839' title='bbox 3196 3506 3605 3580; x_wconf 86' lang='grc' dir='ltr'><strong>ἀγνωμοσύνην.</strong></span> 
     </span>
    </p>
   </div>
   <div class='ocr_carea' id='block_1_105' title="bbox 1964 3585 3605 3659">
    <p class='ocr_par' dir='ltr' id='par_1_105' title="bbox 1964 3585 3605 3659">
     <span class='ocr_line' id='line_1_105' title="bbox 1964 3585 3605 3659; baseline 0.008 -23"><span class='ocrx_word' id='word_1_840' title='bbox 1964 3585 2020 3636; x_wconf 91' lang='lat'><strong>&#39;0</strong></span> <span class='ocrx_word' id='word_1_841' title='bbox 2054 3585 2151 3653; x_wconf 80' lang='grc' dir='ltr'><strong>μὲν</strong></span> <span class='ocrx_word' id='word_1_842' title='bbox 2178 3585 2285 3656; x_wconf 83' lang='grc' dir='ltr'><strong>γὰρ</strong></span> <span class='ocrx_word' id='word_1_843' title='bbox 2311 3588 2380 3657; x_wconf 83' lang='grc' dir='ltr'><strong>τῇ</strong></span> <span class='ocrx_word' id='word_1_844' title='bbox 2410 3587 2506 3656; x_wconf 86' lang='grc' dir='ltr'>τῆς</span> <span class='ocrx_word' id='word_1_845' title='bbox 2530 3588 2706 3657; x_wconf 78' lang='grc' dir='ltr'><strong>ψυχῆς</strong></span> <span class='ocrx_word' id='word_1_846' title='bbox 2738 3590 2903 3658; x_wconf 85' lang='grc' dir='ltr'><strong>ἀρετῇ</strong></span> <span class='ocrx_word' id='word_1_847' title='bbox 2933 3588 3029 3659; x_wconf 81' lang='grc' dir='ltr'><strong>τήν</strong></span> <span class='ocrx_word' id='word_1_848' title='bbox 3068 3590 3315 3658; x_wconf 80' lang='grc' dir='ltr'><strong>εὐλογίαν</strong></span> <span class='ocrx_word' id='word_1_849' title='bbox 3361 3595 3605 3649; x_wconf 78' lang='grc' dir='ltr'><strong>ἐπεσπά-</strong></span> 
     </span>
    </p>
   </div>
   <div class='ocr_carea' id='block_1_106' title="bbox 1954 3671 3606 3751">
    <p class='ocr_par' dir='ltr' id='par_1_106' title="bbox 1954 3671 3606 3751">
     <span class='ocr_line' id='line_1_106' title="bbox 1954 3671 3606 3751; baseline 0.008 -30"><span class='ocrx_word' id='word_1_850' title='bbox 1954 3687 2081 3722; x_wconf 90' lang='grc' dir='ltr'><strong>σατο</strong></span> <span class='ocrx_word' id='word_1_851' title='bbox 2115 3671 2210 3743; x_wconf 81' lang='grc' dir='ltr'><strong>τήν</strong></span> <span class='ocrx_word' id='word_1_852' title='bbox 2234 3672 2334 3741; x_wconf 84' lang='grc' dir='ltr'><strong>τῆς</strong></span> <span class='ocrx_word' id='word_1_853' title='bbox 2378 3674 2764 3745; x_wconf 77' lang='grc' dir='ltr'><strong>προσηγορίας,</strong></span> <span class='ocrx_word' id='word_1_854' title='bbox 2807 3678 2854 3728; x_wconf 91' lang='grc' dir='ltr'><strong>οί</strong></span> <span class='ocrx_word' id='word_1_855' title='bbox 2888 3676 2944 3728; x_wconf 81' lang='grc' dir='ltr'><strong>δὲ</strong></span> <span class='ocrx_word' id='word_1_856' title='bbox 2988 3676 3074 3730; x_wconf 79' lang='grc' dir='ltr'><strong>διὰ</strong></span> <span class='ocrx_word' id='word_1_857' title='bbox 3111 3677 3210 3746; x_wconf 80' lang='grc' dir='ltr'><strong>τῆς</strong></span> <span class='ocrx_word' id='word_1_858' title='bbox 3263 3682 3606 3751; x_wconf 84' lang='grc' dir='ltr'><strong>παρανομίας</strong></span> 
     </span>
    </p>
   </div>
   <div class='ocr_carea' id='block_1_107' title="bbox 1952 3759 3598 3837">
    <p class='ocr_par' dir='ltr' id='par_1_107' title="bbox 1952 3759 3598 3837">
     <span class='ocr_line' id='line_1_107' title="bbox 1952 3759 3598 3837; baseline 0.009 -28"><span class='ocrx_word' id='word_1_859' title='bbox 1952 3759 2118 3829; x_wconf 84' lang='grc' dir='ltr'><strong>αὐτὴν</strong></span> <span class='ocrx_word' id='word_1_860' title='bbox 2159 3759 2501 3832; x_wconf 76' lang='grc' dir='ltr'><strong>προῦδωκαν.</strong></span> <span class='ocrx_word' id='word_1_861' title='bbox 2532 3763 2641 3815; x_wconf 76' lang='grc' dir='ltr'><strong>Καὶ</strong></span> <span class='ocrx_word' id='word_1_862' title='bbox 2666 3766 2698 3815; x_wconf 85' lang='grc' dir='ltr'><strong>ό</strong></span> <span class='ocrx_word' id='word_1_863' title='bbox 2725 3763 2873 3828; x_wconf 75' lang='grc' dir='ltr'><strong>λαός</strong></span> <span class='ocrx_word' id='word_1_864' title='bbox 2894 3781 3013 3831; x_wconf 90' lang='grc' dir='ltr'><strong>μου</strong></span> <span class='ocrx_word' id='word_1_865' title='bbox 3035 3762 3141 3832; x_wconf 81' lang='grc' dir='ltr'><strong>ἐμὲ</strong></span> <span class='ocrx_word' id='word_1_866' title='bbox 3177 3767 3249 3820; x_wconf 83' lang='grc' dir='ltr'><strong>οὐ</strong></span> <span class='ocrx_word' id='word_1_867' title='bbox 3290 3768 3560 3837; x_wconf 81' lang='grc' dir='ltr'><strong>συνῆκεν</strong></span> <span class='ocrx_word' id='word_1_868' title='bbox 3583 3787 3598 3804; x_wconf 89' lang='grc'><strong>·</strong></span> 
     </span>
    </p>
   </div>
   <div class='ocr_carea' id='block_1_108' title="bbox 1965 3846 3650 3924">
    <p class='ocr_par' dir='ltr' id='par_1_108' title="bbox 1965 3846 3650 3924">
     <span class='ocr_line' id='line_1_108' title="bbox 1965 3846 3650 3924; baseline 0.007 -26"><span class='ocrx_word' id='word_1_869' title='bbox 1965 3846 2118 3915; x_wconf 81' lang='grc' dir='ltr'><strong>Ἐμὲ,</strong></span> <span class='ocrx_word' id='word_1_870' title='bbox 2168 3847 2321 3917; x_wconf 72' lang='grc' dir='ltr'><strong>φησί,</strong></span> <span class='ocrx_word' id='word_1_871' title='bbox 2368 3846 2459 3900; x_wconf 81' lang='grc' dir='ltr'><strong>τὸν</strong></span> <span class='ocrx_word' id='word_1_872' title='bbox 2487 3847 2580 3900; x_wconf 87' lang='grc' dir='ltr'><strong>τοῦ</strong></span> <span class='ocrx_word' id='word_1_873' title='bbox 2629 3848 2780 3917; x_wconf 86' lang='grc' dir='ltr'><strong>ήλίου</strong></span> <span class='ocrx_word' id='word_1_874' title='bbox 2831 3849 3221 3921; x_wconf 83' lang='grc' dir='ltr'><strong>φανερώτερον.</strong></span> <span class='ocrx_word' id='word_1_875' title='bbox 3256 3855 3399 3907; x_wconf 81' lang='grc' dir='ltr'><strong>Οὐαί</strong></span> <span class='ocrx_word' id='word_1_876' title='bbox 3429 3855 3603 3923; x_wconf 76' lang='grc' dir='ltr'><strong>ἔθνος</strong></span> <span class='ocrx_word' id='word_1_877' title='bbox 3647 3921 3650 3924; x_wconf 24' lang='grc'><strong>,</strong></span> 
     </span>
    </p>
   </div>
   <div class='ocr_carea' id='block_1_109' title="bbox 1952 3932 3601 4004">
    <p class='ocr_par' dir='ltr' id='par_1_109' title="bbox 1952 3932 3601 4004">
     <span class='ocr_line' id='line_1_109' title="bbox 1952 3932 3601 4004; baseline 0.007 -21"><span class='ocrx_word' id='word_1_878' title='bbox 1952 3933 2317 3999; x_wconf 76' lang='grc' dir='ltr'><strong>άμαρτωλόν.</strong></span> <span class='ocrx_word' id='word_1_879' title='bbox 2350 3932 2461 3985; x_wconf 78' lang='grc' dir='ltr'><strong>Καὶ</strong></span> <span class='ocrx_word' id='word_1_880' title='bbox 2497 3932 2653 3985; x_wconf 90' lang='grc' dir='ltr'><strong>τοῦτο</strong></span> <span class='ocrx_word' id='word_1_881' title='bbox 2693 3936 2805 3995; x_wconf 91' lang='grc' dir='ltr'><strong>τοῖς</strong></span> <span class='ocrx_word' id='word_1_882' title='bbox 2845 3936 3146 4004; x_wconf 84' lang='grc' dir='ltr'><strong>προφήταις</strong></span> <span class='ocrx_word' id='word_1_883' title='bbox 3180 3936 3333 4001; x_wconf 83' lang='grc' dir='ltr'><strong>έθος,</strong></span> <span class='ocrx_word' id='word_1_884' title='bbox 3369 3941 3495 4003; x_wconf 82' lang='grc' dir='ltr'><strong>τούς</strong></span> <span class='ocrx_word' id='word_1_885' title='bbox 3533 3943 3601 4000; x_wconf 85' lang='grc' dir='ltr'><strong>τά</strong></span> 
     </span>
    </p>
   </div>
   <div class='ocr_carea' id='block_1_110' title="bbox 1949 4016 3599 4093">
    <p class='ocr_par' dir='ltr' id='par_1_110' title="bbox 1949 4016 3599 4093">
     <span class='ocr_line' id='line_1_110' title="bbox 1949 4016 3599 4093; baseline 0.003 -24"><span class='ocrx_word' id='word_1_886' title='bbox 1949 4018 2141 4069; x_wconf 87' lang='grc' dir='ltr'><strong>ἀνίατα</strong></span> <span class='ocrx_word' id='word_1_887' title='bbox 2185 4016 2471 4081; x_wconf 79' lang='grc' dir='ltr'><strong>νοσοῦντας</strong></span> <span class='ocrx_word' id='word_1_888' title='bbox 2521 4016 2756 4088; x_wconf 87' lang='grc' dir='ltr'><strong>θρηνεῖν.</strong></span> <span class='ocrx_word' id='word_1_889' title='bbox 2798 4020 2951 4073; x_wconf 88' lang='grc' dir='ltr'><strong>Οὕτω</strong></span> <span class='ocrx_word' id='word_1_890' title='bbox 2979 4022 3072 4074; x_wconf 76' lang='grc' dir='ltr'><strong>καὶ</strong></span> <span class='ocrx_word' id='word_1_891' title='bbox 3104 4022 3368 4093; x_wconf 88' lang='grc' dir='ltr'><strong>Ἱερεμίας</strong></span> <span class='ocrx_word' id='word_1_892' title='bbox 3398 4028 3599 4082; x_wconf 76' lang='grc' dir='ltr'><strong>πολλα.</strong></span> 
     </span>
    </p>
   </div>
   <div class='ocr_carea' id='block_1_111' title="bbox 1949 4103 3601 4176">
    <p class='ocr_par' dir='ltr' id='par_1_111' title="bbox 1949 4103 3601 4176">
     <span class='ocr_line' id='line_1_111' title="bbox 1949 4103 3601 4176; baseline 0.008 -22"><span class='ocrx_word' id='word_1_893' title='bbox 1949 4103 2042 4172; x_wconf 91' lang='grc' dir='ltr'><strong>χοῦ</strong></span> <span class='ocrx_word' id='word_1_894' title='bbox 2065 4120 2078 4133; x_wconf 93' lang='grc'><strong>·</strong></span> <span class='ocrx_word' id='word_1_895' title='bbox 2107 4103 2249 4157; x_wconf 91' lang='grc' dir='ltr'><strong>οὕτω</strong></span> <span class='ocrx_word' id='word_1_896' title='bbox 2272 4103 2367 4157; x_wconf 71' lang='grc' dir='ltr'><strong>καὶ</strong></span> <span class='ocrx_word' id='word_1_897' title='bbox 2386 4105 2619 4173; x_wconf 83' lang='grc' dir='ltr'><strong>Χριστὸς</strong></span> <span class='ocrx_word' id='word_1_898' title='bbox 2643 4105 2813 4172; x_wconf 88' lang='grc' dir='ltr'><strong>λέγων</strong></span> <span class='ocrx_word' id='word_1_899' title='bbox 2834 4123 2846 4136; x_wconf 90' lang='grc'><strong>·</strong></span> <span class='ocrx_word' id='word_1_900' title='bbox 2865 4108 3012 4161; x_wconf 85' lang='grc' dir='ltr'><strong>Οὐαί</strong></span> <span class='ocrx_word' id='word_1_901' title='bbox 3044 4122 3143 4161; x_wconf 89' lang='grc' dir='ltr'><strong>σοι</strong></span> <span class='ocrx_word' id='word_1_902' title='bbox 3158 4109 3373 4176; x_wconf 78' lang='grc' dir='ltr'><strong>Χωραζί</strong></span> <span class='ocrx_word' id='word_1_903' title='bbox 3389 4122 3435 4175; x_wconf 77' lang='grc'><strong>8,</strong></span> <span class='ocrx_word' id='word_1_904' title='bbox 3463 4115 3601 4167; x_wconf 73' lang='grc' dir='ltr'><strong>οὐαί</strong></span> 
     </span>
    </p>
   </div>
   <div class='ocr_carea' id='block_1_112' title="bbox 1949 4193 3601 4263">
    <p class='ocr_par' dir='ltr' id='par_1_112' title="bbox 1949 4193 3601 4263">
     <span class='ocr_line' id='line_1_112' title="bbox 1949 4193 3601 4263; baseline 0.008 -19"><span class='ocrx_word' id='word_1_905' title='bbox 1949 4206 2045 4245; x_wconf 85' lang='grc' dir='ltr'><strong>σοι</strong></span> <span class='ocrx_word' id='word_1_906' title='bbox 2069 4193 2395 4259; x_wconf 84' lang='grc' dir='ltr'><strong>Βηθσαϊδά.</strong></span> <span class='ocrx_word' id='word_1_907' title='bbox 2448 4194 2600 4246; x_wconf 75' lang='grc' dir='ltr'><strong>Ἐπεὶ</strong></span> <span class='ocrx_word' id='word_1_908' title='bbox 2624 4194 2715 4247; x_wconf 71' lang='grc' dir='ltr'><strong>καὶ</strong></span> <span class='ocrx_word' id='word_1_909' title='bbox 2744 4194 2899 4247; x_wconf 88' lang='grc' dir='ltr'><strong>τοῦτο</strong></span> <span class='ocrx_word' id='word_1_910' title='bbox 2929 4195 3273 4259; x_wconf 88' lang='grc' dir='ltr'><strong>διδασκαλίας</strong></span> <span class='ocrx_word' id='word_1_911' title='bbox 3305 4195 3462 4263; x_wconf 85' lang='grc' dir='ltr'><strong>εἶδος.</strong></span> <span class='ocrx_word' id='word_1_912' title='bbox 3502 4205 3601 4256; x_wconf 75' lang='grc' dir='ltr'><strong>Ὀν</strong></span> 
     </span>
    </p>
   </div>
   <div class='ocr_carea' id='block_1_113' title="bbox 1948 4279 3597 4357">
    <p class='ocr_par' dir='ltr' id='par_1_113' title="bbox 1948 4279 3597 4357">
     <span class='ocr_line' id='line_1_113' title="bbox 1948 4279 3597 4357; baseline 0.007 -26"><span class='ocrx_word' id='word_1_913' title='bbox 1948 4279 2054 4349; x_wconf 88' lang='grc' dir='ltr'><strong>γὰρ</strong></span> <span class='ocrx_word' id='word_1_914' title='bbox 2078 4280 2177 4333; x_wconf 90' lang='grc' dir='ltr'><strong>οὐκ</strong></span> <span class='ocrx_word' id='word_1_915' title='bbox 2207 4281 2542 4351; x_wconf 82' lang='grc' dir='ltr'><strong>ἀνεκτήσατο</strong></span> <span class='ocrx_word' id='word_1_916' title='bbox 2592 4280 2766 4349; x_wconf 89' lang='grc' dir='ltr'><strong>λόγος,</strong></span> <span class='ocrx_word' id='word_1_917' title='bbox 2794 4281 2979 4334; x_wconf 87' lang='grc' dir='ltr'><strong>τοῦτον</strong></span> <span class='ocrx_word' id='word_1_918' title='bbox 3018 4283 3274 4347; x_wconf 89' lang='grc' dir='ltr'><strong>πολλάκις</strong></span> <span class='ocrx_word' id='word_1_919' title='bbox 3322 4285 3597 4357; x_wconf 77' lang='grc' dir='ltr'><strong>διώρθωσε</strong></span> 
     </span>
    </p>
   </div>
   <div class='ocr_carea' id='block_1_114' title="bbox 1949 4363 3590 4448">
    <p class='ocr_par' dir='ltr' id='par_1_114' title="bbox 1949 4363 3590 4448">
     <span class='ocr_line' id='line_1_114' title="bbox 1949 4363 3590 4448; baseline 0.02 -33"><span class='ocrx_word' id='word_1_920' title='bbox 1949 4363 2162 4434; x_wconf 85' lang='grc' dir='ltr'><strong>θρῆνος.</strong></span> <span class='ocrx_word' id='word_1_921' title='bbox 2210 4367 2368 4431; x_wconf 82' lang='grc' dir='ltr'><strong>Λαὸς</strong></span> <span class='ocrx_word' id='word_1_922' title='bbox 2420 4367 2661 4434; x_wconf 79' lang='grc' dir='ltr'><strong>πλήρης</strong></span> <span class='ocrx_word' id='word_1_923' title='bbox 2710 4367 3025 4435; x_wconf 74' lang='grc' dir='ltr'><strong>ἁμαρτιῶνο</strong></span> <span class='ocrx_word' id='word_1_924' title='bbox 3092 4370 3257 4441; x_wconf 80' lang='grc' dir='ltr'><strong>Ἀλλη</strong></span> <span class='ocrx_word' id='word_1_925' title='bbox 3310 4374 3590 4448; x_wconf 81' lang='grc' dir='ltr'><strong>προσθήκη</strong></span> 
     </span>
    </p>
   </div>
   <div class='ocr_carea' id='block_1_115' title="bbox 1947 4453 3592 4530">
    <p class='ocr_par' dir='ltr' id='par_1_115' title="bbox 1947 4453 3592 4530">
     <span class='ocr_line' id='line_1_115' title="bbox 1947 4453 3592 4530; baseline 0.008 -27"><span class='ocrx_word' id='word_1_926' title='bbox 1947 4455 2295 4524; x_wconf 80' lang='grc' dir='ltr'><strong>κατηγορίας,</strong></span> <span class='ocrx_word' id='word_1_927' title='bbox 2317 4453 2377 4506; x_wconf 92' lang='lat' dir='ltr'><strong>rb</strong></span> <span class='ocrx_word' id='word_1_928' title='bbox 2401 4454 2494 4506; x_wconf 75' lang='grc' dir='ltr'><strong>καὶ</strong></span> <span class='ocrx_word' id='word_1_929' title='bbox 2508 4454 2733 4515; x_wconf 87' lang='grc' dir='ltr'><strong>πάντας,</strong></span> <span class='ocrx_word' id='word_1_930' title='bbox 2766 4454 2856 4506; x_wconf 76' lang='grc' dir='ltr'><strong>καὶ</strong></span> <span class='ocrx_word' id='word_1_931' title='bbox 2880 4456 2994 4523; x_wconf 78' lang='grc' dir='ltr'><strong>μετ’</strong></span> <span class='ocrx_word' id='word_1_932' title='bbox 3013 4456 3330 4521; x_wconf 88' lang='grc' dir='ltr'><strong>ἐπιτάσεως.</strong></span> <span class='ocrx_word' id='word_1_933' title='bbox 3354 4461 3592 4530; x_wconf 81' lang='grc' dir='ltr'><strong>Σπέρμα</strong></span> 
     </span>
    </p>
   </div>
   <div class='ocr_carea' id='block_1_116' title="bbox 1945 4540 3593 4609">
    <p class='ocr_par' dir='ltr' id='par_1_116' title="bbox 1945 4540 3593 4609">
     <span class='ocr_line' id='line_1_116' title="bbox 1945 4540 3593 4609; baseline 0.007 -19"><span class='ocrx_word' id='word_1_934' title='bbox 1945 4542 2233 4606; x_wconf 81' lang='grc' dir='ltr'><strong>πονηρόν.</strong></span> <span class='ocrx_word' id='word_1_935' title='bbox 2270 4542 2341 4593; x_wconf 88' lang='grc' dir='ltr'><strong>Οὐ</strong></span> <span class='ocrx_word' id='word_1_936' title='bbox 2398 4540 2494 4609; x_wconf 81' lang='grc' dir='ltr'><strong>τὴν</strong></span> <span class='ocrx_word' id='word_1_937' title='bbox 2532 4540 2740 4608; x_wconf 90' lang='grc' dir='ltr'><strong>γένεσιν</strong></span> <span class='ocrx_word' id='word_1_938' title='bbox 2783 4541 2959 4595; x_wconf 85' lang='grc' dir='ltr'><strong>αὐτῶν</strong></span> <span class='ocrx_word' id='word_1_939' title='bbox 3000 4541 3289 4609; x_wconf 83' lang='grc' dir='ltr'><strong>διαϐάλλει,</strong></span> <span class='ocrx_word' id='word_1_940' title='bbox 3322 4546 3454 4600; x_wconf 87' lang='grc' dir='ltr'><strong>ἀλλά</strong></span> <span class='ocrx_word' id='word_1_941' title='bbox 3488 4549 3593 4601; x_wconf 64' lang='grc' dir='ltr'><strong>δείη</strong></span> 
     </span>
    </p>
   </div>
   <div class='ocr_carea' id='block_1_117' title="bbox 1945 4624 3590 4703">
    <p class='ocr_par' dir='ltr' id='par_1_117' title="bbox 1945 4624 3590 4703">
     <span class='ocr_line' id='line_1_117' title="bbox 1945 4624 3590 4703; baseline 0.005 -26"><span class='ocrx_word' id='word_1_942' title='bbox 1945 4642 2129 4678; x_wconf 87' lang='grc' dir='ltr'><strong>κνυσιν</strong></span> <span class='ocrx_word' id='word_1_943' title='bbox 2164 4628 2226 4678; x_wconf 89' lang='grc' dir='ltr'><strong>ἐκ</strong></span> <span class='ocrx_word' id='word_1_944' title='bbox 2261 4624 2484 4699; x_wconf 83' lang='grc' dir='ltr'><strong>πρώτης</strong></span> <span class='ocrx_word' id='word_1_945' title='bbox 2515 4628 2729 4697; x_wconf 79' lang='grc' dir='ltr'><strong>ἡλικίας</strong></span> <span class='ocrx_word' id='word_1_946' title='bbox 2747 4631 2905 4689; x_wconf 71' lang='grc' dir='ltr'><strong>ὄντας</strong></span> <span class='ocrx_word' id='word_1_947' title='bbox 2928 4629 3148 4691; x_wconf 88' lang='grc' dir='ltr'><strong>κακούς.</strong></span> <span class='ocrx_word' id='word_1_948' title='bbox 3186 4631 3393 4701; x_wconf 81' lang='grc' dir='ltr'><strong>Ὠσπερ</strong></span> <span class='ocrx_word' id='word_1_949' title='bbox 3425 4633 3533 4703; x_wconf 83' lang='grc' dir='ltr'><strong>γάρ</strong></span> <span class='ocrx_word' id='word_1_950' title='bbox 3558 4638 3590 4690; x_wconf 88' lang='grc' dir='ltr'><strong>ό</strong></span> 
     </span>
    </p>
   </div>
   <div class='ocr_carea' id='block_1_118' title="bbox 1957 4706 3589 4785">
    <p class='ocr_par' dir='ltr' id='par_1_118' title="bbox 1957 4706 3589 4785">
     <span class='ocr_line' id='line_1_118' title="bbox 1957 4706 3589 4785; baseline 0.006 -26"><span class='ocrx_word' id='word_1_951' title='bbox 1957 4706 2203 4777; x_wconf 89' lang='grc' dir='ltr'><strong>Ἰωάννης</strong></span> <span class='ocrx_word' id='word_1_952' title='bbox 2228 4708 2421 4776; x_wconf 88' lang='grc' dir='ltr'><strong>λέγων,</strong></span> <span class='ocrx_word' id='word_1_953' title='bbox 2459 4711 2682 4778; x_wconf 71' lang='grc' dir='ltr'><strong>Ὀερεις,</strong></span> <span class='ocrx_word' id='word_1_954' title='bbox 2716 4708 3047 4777; x_wconf 76' lang='grc' dir='ltr'><strong>γεννήματα</strong></span> <span class='ocrx_word' id='word_1_955' title='bbox 3075 4708 3357 4776; x_wconf 82' lang='grc' dir='ltr'><strong>ἐχιδνῶν,</strong></span> <span class='ocrx_word' id='word_1_956' title='bbox 3400 4714 3459 4765; x_wconf 92' lang='grc' dir='ltr'><strong>οὐ</strong></span> <span class='ocrx_word' id='word_1_957' title='bbox 3489 4714 3589 4785; x_wconf 83' lang='grc' dir='ltr'><strong>τήν</strong></span> 
     </span>
    </p>
   </div>
   <div class='ocr_carea' id='block_1_119' title="bbox 1943 4785 3589 4865">
    <p class='ocr_par' dir='ltr' id='par_1_119' title="bbox 1943 4785 3589 4865">
     <span class='ocr_line' id='line_1_119' title="bbox 1943 4785 3589 4865; baseline 0.007 -26"><span class='ocrx_word' id='word_1_958' title='bbox 1943 4789 2101 4856; x_wconf 82' lang='grc' dir='ltr'><strong>φύσιν</strong></span> <span class='ocrx_word' id='word_1_959' title='bbox 2130 4790 2208 4860; x_wconf 84' lang='lat'><strong>[7]</strong></span> <span class='ocrx_word' id='word_1_960' title='bbox 2230 4791 2512 4861; x_wconf 71' lang='grc' dir='ltr'><strong>ἀτιμάζει·</strong></span> <span class='ocrx_word' id='word_1_961' title='bbox 2543 4794 2603 4844; x_wconf 90' lang='grc' dir='ltr'><strong>οὐ</strong></span> <span class='ocrx_word' id='word_1_962' title='bbox 2638 4792 2743 4861; x_wconf 82' lang='grc' dir='ltr'><strong>γάρ</strong></span> <span class='ocrx_word' id='word_1_963' title='bbox 2768 4790 2831 4842; x_wconf 81' lang='grc' dir='ltr'><strong>ἂν</strong></span> <span class='ocrx_word' id='word_1_964' title='bbox 2854 4785 2988 4855; x_wconf 83' lang='grc' dir='ltr'><strong>εἷπε,</strong></span> <span class='ocrx_word' id='word_1_965' title='bbox 3006 4789 3296 4856; x_wconf 84' lang='grc' dir='ltr'><strong>Ποιήσατε</strong></span> <span class='ocrx_word' id='word_1_966' title='bbox 3313 4788 3424 4847; x_wconf 82' lang='grc' dir='ltr'><strong>οὖν</strong></span> <span class='ocrx_word' id='word_1_967' title='bbox 3451 4813 3589 4865; x_wconf 76' lang='grc' dir='ltr'><strong>παρ⁶</strong></span> 
     </span>
    </p>
   </div>
   <div class='ocr_carea' id='block_1_120' title="bbox 1943 4870 3586 4945">
    <p class='ocr_par' dir='ltr' id='par_1_120' title="bbox 1943 4870 3586 4945">
     <span class='ocr_line' id='line_1_120' title="bbox 1943 4870 3586 4945; baseline 0.005 -26"><span class='ocrx_word' id='word_1_968' title='bbox 1943 4870 2091 4934; x_wconf 87' lang='grc' dir='ltr'><strong>ποὺς</strong></span> <span class='ocrx_word' id='word_1_969' title='bbox 2112 4870 2320 4936; x_wconf 76' lang='grc' dir='ltr'><strong>ἀξίους</strong></span> <span class='ocrx_word' id='word_1_970' title='bbox 2336 4872 2444 4936; x_wconf 87' lang='grc' dir='ltr'><strong>τῆς</strong></span> <span class='ocrx_word' id='word_1_971' title='bbox 2452 4871 2789 4939; x_wconf 85' lang='grc' dir='ltr'><strong>μετανοίας,</strong></span> <span class='ocrx_word' id='word_1_972' title='bbox 2815 4873 2861 4922; x_wconf 91' lang='grc' dir='ltr'><strong>εί</strong></span> <span class='ocrx_word' id='word_1_973' title='bbox 2887 4870 3041 4937; x_wconf 86' lang='grc' dir='ltr'><strong>φύσει</strong></span> <span class='ocrx_word' id='word_1_974' title='bbox 3059 4870 3151 4923; x_wconf 81' lang='grc' dir='ltr'><strong>καὶ</strong></span> <span class='ocrx_word' id='word_1_975' title='bbox 3166 4872 3272 4923; x_wconf 75' lang='grc' dir='ltr'><strong>ἀπὸ</strong></span> <span class='ocrx_word' id='word_1_976' title='bbox 3287 4877 3586 4945; x_wconf 83' lang='grc' dir='ltr'><strong>γεννήσεως</strong></span> 
     </span>
    </p>
   </div>
   <div class='ocr_carea' id='block_1_121' title="bbox 1940 4947 3582 5022">
    <p class='ocr_par' dir='ltr' id='par_1_121' title="bbox 1940 4947 3582 5022">
     <span class='ocr_line' id='line_1_121' title="bbox 1940 4947 3582 5022; baseline 0.006 -20"><span class='ocrx_word' id='word_1_977' title='bbox 1940 4947 2077 5019; x_wconf 74' lang='grc' dir='ltr'><strong>ἦσαν</strong></span> <span class='ocrx_word' id='word_1_978' title='bbox 2110 4952 2368 5003; x_wconf 84' lang='grc' dir='ltr'><strong>τοιοῦτοι·</strong></span> <span class='ocrx_word' id='word_1_979' title='bbox 2399 4952 2539 5004; x_wconf 87' lang='grc' dir='ltr'><strong>οὕτω</strong></span> <span class='ocrx_word' id='word_1_980' title='bbox 2575 4953 2666 5004; x_wconf 74' lang='grc' dir='ltr'><strong>καὶ</strong></span> <span class='ocrx_word' id='word_1_981' title='bbox 2716 4952 2946 5003; x_wconf 85' lang='grc' dir='ltr'><strong>ἐνταῦθα</strong></span> <span class='ocrx_word' id='word_1_982' title='bbox 2975 4952 3165 5020; x_wconf 82' lang='grc' dir='ltr'><strong>λέγων,</strong></span> <span class='ocrx_word' id='word_1_983' title='bbox 3198 4954 3435 5022; x_wconf 80' lang='grc' dir='ltr'><strong>Σπέρμα</strong></span> <span class='ocrx_word' id='word_1_984' title='bbox 3479 4975 3582 5012; x_wconf 79' lang='grc' dir='ltr'><strong>πο-</strong></span> 
     </span>
    </p>
   </div>
   <div class='ocr_carea' id='block_1_122' title="bbox 1939 5032 3576 5108">
    <p class='ocr_par' dir='ltr' id='par_1_122' title="bbox 1939 5032 3576 5108">
     <span class='ocr_line' id='line_1_122' title="bbox 1939 5032 3576 5108; baseline 0.007 -24"><span class='ocrx_word' id='word_1_985' title='bbox 1939 5032 2143 5100; x_wconf 82' lang='grc' dir='ltr'><strong>νηρὸν,</strong></span> <span class='ocrx_word' id='word_1_986' title='bbox 2173 5035 2232 5085; x_wconf 90' lang='grc' dir='ltr'>οὐ</span> <span class='ocrx_word' id='word_1_987' title='bbox 2267 5032 2362 5103; x_wconf 79' lang='grc' dir='ltr'><strong>τὴν</strong></span> <span class='ocrx_word' id='word_1_988' title='bbox 2396 5034 2643 5102; x_wconf 85' lang='grc' dir='ltr'><strong>γέννησιν</strong></span> <span class='ocrx_word' id='word_1_989' title='bbox 2684 5034 2861 5088; x_wconf 87' lang='grc' dir='ltr'><strong>αὐτῶν</strong></span> <span class='ocrx_word' id='word_1_990' title='bbox 2884 5036 3172 5089; x_wconf 89' lang='grc' dir='ltr'><strong>διαϐάλλει.</strong></span> <span class='ocrx_word' id='word_1_991' title='bbox 3203 5038 3317 5090; x_wconf 85' lang='grc' dir='ltr'><strong>Υίοί</strong></span> <span class='ocrx_word' id='word_1_992' title='bbox 3351 5038 3576 5108; x_wconf 83' lang='grc' dir='ltr'><strong>ἄνομοι.</strong></span> 
     </span>
    </p>
   </div>
   <div class='ocr_carea' id='block_1_123' title="bbox 1940 5111 3581 5193">
    <p class='ocr_par' dir='ltr' id='par_1_123' title="bbox 1940 5111 3581 5193">
     <span class='ocr_line' id='line_1_123' title="bbox 1940 5111 3581 5193; baseline 0.006 -26"><span class='ocrx_word' id='word_1_993' title='bbox 1940 5117 2052 5167; x_wconf 87' lang='grc' dir='ltr'><strong>Οὐκ</strong></span> <span class='ocrx_word' id='word_1_994' title='bbox 2104 5111 2243 5178; x_wconf 70' lang='grc' dir='ltr'><strong>εἷπε,</strong></span> <span class='ocrx_word' id='word_1_995' title='bbox 2297 5117 2636 5185; x_wconf 78' lang='grc' dir='ltr'><strong>παράνομοι,</strong></span> <span class='ocrx_word' id='word_1_996' title='bbox 2694 5118 2829 5183; x_wconf 85' lang='grc' dir='ltr'><strong>ἀλλ’,</strong></span> <span class='ocrx_word' id='word_1_997' title='bbox 2883 5120 3125 5187; x_wconf 84' lang='grc' dir='ltr'><strong>Ἀνομοι,</strong></span> <span class='ocrx_word' id='word_1_998' title='bbox 3181 5121 3289 5171; x_wconf 88' lang='grc' dir='ltr'><strong>τῶν</strong></span> <span class='ocrx_word' id='word_1_999' title='bbox 3334 5122 3581 5193; x_wconf 86' lang='grc' dir='ltr'><strong>οὐδαμῶς</strong></span> 
     </span>
    </p>
   </div>
   <div class='ocr_carea' id='block_1_124' title="bbox 2006 5228 3361 5361">
    <p class='ocr_par' dir='ltr' id='par_1_124' title="bbox 2006 5228 3361 5361">
     <span class='ocr_line' id='line_1_124' title="bbox 2006 5228 3166 5292; baseline 0.002 -17"><span class='ocrx_word' id='word_1_1000' title='bbox 2006 5230 2027 5255; x_wconf 70' lang='grc' dir='ltr'><strong>θ</strong></span> <span class='ocrx_word' id='word_1_1001' title='bbox 2050 5228 2130 5276; x_wconf 86' lang='lat' dir='ltr'><strong>Sic</strong></span> <span class='ocrx_word' id='word_1_1002' title='bbox 2152 5230 2269 5290; x_wconf 78' lang='lat' dir='ltr'><strong>Reg.</strong></span> <span class='ocrx_word' id='word_1_1003' title='bbox 2308 5234 2355 5277; x_wconf 83' lang='lat' dir='ltr'><strong>el</strong></span> <span class='ocrx_word' id='word_1_1004' title='bbox 2384 5228 2529 5278; x_wconf 81' lang='lat' dir='ltr'><strong>Savil.</strong></span> <span class='ocrx_word' id='word_1_1005' title='bbox 2556 5248 2568 5283; x_wconf 73' lang='grc' dir='ltr'><strong>ς</strong></span> <span class='ocrx_word' id='word_1_1006' title='bbox 2592 5232 2639 5277; x_wconf 84' lang='lat' dir='ltr'><strong>in</strong></span> <span class='ocrx_word' id='word_1_1007' title='bbox 2664 5232 2829 5278; x_wconf 82' lang='lat' dir='ltr'><strong>Morel.</strong></span> <span class='ocrx_word' id='word_1_1008' title='bbox 2873 5244 2984 5278; x_wconf 76' lang='lat' dir='ltr'><strong>vero</strong></span> <span class='ocrx_word' id='word_1_1009' title='bbox 3004 5232 3166 5292; x_wconf 74' lang='grc' dir='ltr'><strong>Χετῖμ.</strong></span> 
     </span>
     <span class='ocr_line' id='line_1_125' title="bbox 2006 5289 3361 5361; baseline 0 -24"><span class='ocrx_word' id='word_1_1010' title='bbox 2006 5289 2242 5361; x_wconf 37' lang='grc' dir='ltr'><strong>ΐ-Ιηωὴιιῃο</strong></span> <span class='ocrx_word' id='word_1_1011' title='bbox 2263 5292 2415 5361; x_wconf 73' lang='grc' dir='ltr'><strong>ιοοιιῐη</strong></span> <span class='ocrx_word' id='word_1_1012' title='bbox 2432 5292 2540 5361; x_wconf 49' lang='lat' dir='ltr'><strong>lnge</strong></span> <span class='ocrx_word' id='word_1_1013' title='bbox 2564 5292 2709 5361; x_wconf 53' lang='lat' dir='ltr'><strong>habet</strong></span> <span class='ocrx_word' id='word_1_1014' title='bbox 2730 5294 2933 5361; x_wconf 34' lang='lat' dir='ltr'><strong>A_ll_enu‘s</strong></span> <span class='ocrx_word' id='word_1_1015' title='bbox 2958 5294 3002 5361; x_wconf 59' lang='lat' dir='ltr'><strong>ir!</strong></span> <span class='ocrx_word' id='word_1_1016' title='bbox 3032 5297 3156 5338; x_wconf 79' lang='lat' dir='ltr'><strong>nolis</strong></span> <span class='ocrx_word' id='word_1_1017' title='bbox 3179 5290 3361 5361; x_wconf 53' lang='lat' dir='ltr'><strong>ngilii,</strong></span> 
     </span>
    </p>
   </div>
   <div class='ocr_carea' id='block_1_125' title="bbox 1941 5351 3574 5414">
    <p class='ocr_par' dir='ltr' id='par_1_125' title="bbox 1941 5351 3574 5414">
     <span class='ocr_line' id='line_1_126' title="bbox 1941 5351 3574 5414; baseline 0.003 -18"><span class='ocrx_word' id='word_1_1018' title='bbox 1941 5370 1964 5391; x_wconf 87' lang='grc'><em>‹‹</em></span> <span class='ocrx_word' id='word_1_1019' title='bbox 1988 5352 2126 5414; x_wconf 43' lang='grc' dir='ltr'><strong>οὐ-τῷ</strong></span> <span class='ocrx_word' id='word_1_1020' title='bbox 2162 5352 2375 5412; x_wconf 82' lang='grc' dir='ltr'><strong>ἐξαιρέτῳ</strong></span> <span class='ocrx_word' id='word_1_1021' title='bbox 2398 5359 2480 5414; x_wconf 82' lang='grc' dir='ltr'><strong>τῇς</strong></span> <span class='ocrx_word' id='word_1_1022' title='bbox 2496 5354 2670 5414; x_wconf 83' lang='grc' dir='ltr'><strong>δωρεᾶς</strong></span> <span class='ocrx_word' id='word_1_1023' title='bbox 2704 5355 2837 5407; x_wconf 85' lang='grc' dir='ltr'><strong>τιθεὶς</strong></span> <span class='ocrx_word' id='word_1_1024' title='bbox 2866 5352 3046 5406; x_wconf 82' lang='grc' dir='ltr'><strong>αὐτούς,</strong></span> <span class='ocrx_word' id='word_1_1025' title='bbox 3075 5361 3192 5409; x_wconf 63' lang='lat' dir='ltr'><strong>em,</strong></span> <span class='ocrx_word' id='word_1_1026' title='bbox 3214 5351 3336 5414; x_wconf 11' lang='lat' dir='ltr'><strong>foﬁrle</strong></span> <span class='ocrx_word' id='word_1_1027' title='bbox 3438 5352 3574 5411; x_wconf 78' lang='grc' dir='ltr'><strong>μόνον</strong></span> 
     </span>
    </p>
   </div>
   <div class='ocr_carea' id='block_1_126' title="bbox 1937 5412 3574 5473">
    <p class='ocr_par' dir='ltr' id='par_1_126' title="bbox 1937 5412 3574 5473">
     <span class='ocr_line' id='line_1_127' title="bbox 1937 5412 3574 5473; baseline 0.001 -15"><span class='ocrx_word' id='word_1_1028' title='bbox 1937 5414 2017 5470; x_wconf 85' lang='grc' dir='ltr'><strong>τῷ.</strong></span> <span class='ocrx_word' id='word_1_1029' title='bbox 2050 5412 2111 5458; x_wconf 75' lang='grc' dir='ltr'><strong>Εἰ</strong></span> <span class='ocrx_word' id='word_1_1030' title='bbox 2137 5414 2373 5473; x_wconf 52' lang='grc' dir='ltr'><strong>ρι’(ιτιθεὶς</strong></span> <span class='ocrx_word' id='word_1_1031' title='bbox 2392 5412 2695 5471; x_wconf 65' lang='grc' dir='ltr'><strong>αὐτούς’ριιιο</strong></span> <span class='ocrx_word' id='word_1_1032' title='bbox 2723 5417 2904 5461; x_wconf 76' lang='lat' dir='ltr'><strong>rectius</strong></span> <span class='ocrx_word' id='word_1_1033' title='bbox 2939 5414 3038 5473; x_wconf 79' lang='lat' dir='ltr'><strong>legi</strong></span> <span class='ocrx_word' id='word_1_1034' title='bbox 3080 5426 3219 5473; x_wconf 51' lang='grc' dir='ltr'><strong>ροεςβ</strong></span> <span class='ocrx_word' id='word_1_1035' title='bbox 3252 5412 3459 5473; x_wconf 70' lang='grc' dir='ltr'><strong>δοθείσῃς</strong></span> <span class='ocrx_word' id='word_1_1036' title='bbox 3489 5415 3574 5460; x_wconf 85' lang='grc' dir='ltr'><strong>αὐ-</strong></span> 
     </span>
    </p>
   </div>
   <div class='ocr_carea' id='block_1_127' title="bbox 1937 5463 3574 5547">
    <p class='ocr_par' dir='ltr' id='par_1_127' title="bbox 1937 5463 3574 5547">
     <span class='ocr_line' id='line_1_128' title="bbox 1937 5463 3574 5547; baseline 0.002 -29"><span class='ocrx_word' id='word_1_1037' title='bbox 1937 5463 2047 5547; x_wconf 64' lang='grc' dir='ltr'><strong>τοῖς,</strong></span> <span class='ocrx_word' id='word_1_1038' title='bbox 2068 5463 2181 5547; x_wconf 35' lang='grc' dir='ltr'><strong>ὶθίιξζ</strong></span> <span class='ocrx_word' id='word_1_1039' title='bbox 2198 5472 2326 5519; x_wconf 79' lang='lat' dir='ltr'><strong>Talis</strong></span> <span class='ocrx_word' id='word_1_1040' title='bbox 2355 5463 2606 5547; x_wconf 40' lang='grc' dir='ltr'><strong>Ιξοοιιίἱριιίξε</strong></span> <span class='ocrx_word' id='word_1_1041' title='bbox 2627 5463 3127 5547; x_wconf 42' lang='lat' dir='ltr'><strong>exemplumfgsLUAc&#39;t.</strong></span> <span class='ocrx_word' id='word_1_1042' title='bbox 3156 5470 3229 5529; x_wconf 78' lang='grc'><strong>11,</strong></span> <span class='ocrx_word' id='word_1_1043' title='bbox 3255 5470 3327 5547; x_wconf 59' lang='grc'><strong>17,</strong></span> <span class='ocrx_word' id='word_1_1044' title='bbox 3362 5463 3574 5547; x_wconf 78' lang='grc' dir='ltr'><strong>ἰσην</strong></span> 
     </span>
    </p>
   </div>
   <div class='ocr_carea' id='block_1_128' title="bbox 1938 5535 3574 5664">
    <p class='ocr_par' dir='ltr' id='par_1_128' title="bbox 1938 5535 3574 5664">
     <span class='ocr_line' id='line_1_129' title="bbox 1938 5535 3574 5595; baseline 0.003 -17"><span class='ocrx_word' id='word_1_1045' title='bbox 1938 5535 2112 5595; x_wconf 81' lang='grc' dir='ltr'><strong>δωρεὰν</strong></span> <span class='ocrx_word' id='word_1_1046' title='bbox 2136 5535 2304 5579; x_wconf 75' lang='grc' dir='ltr'><strong>ἔδωκεν</strong></span> <span class='ocrx_word' id='word_1_1047' title='bbox 2324 5535 2478 5587; x_wconf 76' lang='grc' dir='ltr'><strong>αὐτοῖς</strong></span> <span class='ocrx_word' id='word_1_1048' title='bbox 2502 5536 2526 5580; x_wconf 87' lang='grc' dir='ltr'>ὁ</span> <span class='ocrx_word' id='word_1_1049' title='bbox 2551 5535 2683 5588; x_wconf 71' lang='grc' dir='ltr'><strong>Θεος,</strong></span> <span class='ocrx_word' id='word_1_1050' title='bbox 2715 5540 2809 5581; x_wconf 74' lang='lat' dir='ltr'><strong>elc.</strong></span> <span class='ocrx_word' id='word_1_1051' title='bbox 2844 5548 2861 5579; x_wconf 72' lang='grc' dir='ltr'><strong>ι</strong></span> <span class='ocrx_word' id='word_1_1052' title='bbox 2908 5536 3023 5581; x_wconf 83' lang='lat' dir='ltr'><strong>Sine</strong></span> <span class='ocrx_word' id='word_1_1053' title='bbox 3048 5546 3158 5579; x_wconf 86' lang='lat' dir='ltr'><strong>mss.</strong></span> <span class='ocrx_word' id='word_1_1054' title='bbox 3198 5535 3483 5580; x_wconf 74' lang='lat' dir='ltr'><strong>auctoritate</strong></span> <span class='ocrx_word' id='word_1_1055' title='bbox 3506 5537 3574 5583; x_wconf 83' lang='lat' dir='ltr'><strong>nl-</strong></span> 
     </span>
     <span class='ocr_line' id='line_1_130' title="bbox 1938 5591 3547 5664; baseline 0.001 -24"><span class='ocrx_word' id='word_1_1056' title='bbox 1938 5594 2429 5664; x_wconf 52' lang='lat' dir='ltr'><strong>hil-a-llSinl.anl€lr8‘E</strong></span> <span class='ocrx_word' id='word_1_1057' title='bbox 2475 5598 2565 5664; x_wconf 71' lang='lat' dir='ltr'><strong>et§j</strong></span> <span class='ocrx_word' id='word_1_1058' title='bbox 2590 5596 2738 5664; x_wconf 55' lang='lat' dir='ltr'><strong>locus</strong></span> <span class='ocrx_word' id='word_1_1059' title='bbox 2774 5608 2865 5664; x_wconf 59' lang='grc' dir='ltr'><strong>μου</strong></span> <span class='ocrx_word' id='word_1_1060' title='bbox 2910 5591 3547 5664; x_wconf 54' lang='lat' dir='ltr'><strong>Xa00t_5t1§pi0ion9glendi.</strong></span> 
     </span>
    </p>
   </div>
   <div class='ocr_carea' id='block_1_129' title="bbox 2001 5652 3575 5715">
    <p class='ocr_par' dir='ltr' id='par_1_129' title="bbox 2001 5652 3575 5715">
     <span class='ocr_line' id='line_1_131' title="bbox 2001 5652 3575 5715; baseline -0.002 -14"><span class='ocrx_word' id='word_1_1061' title='bbox 2001 5656 2023 5691; x_wconf 74' lang='grc'><strong>8</strong></span> <span class='ocrx_word' id='word_1_1062' title='bbox 2054 5655 2220 5701; x_wconf 81' lang='lat' dir='ltr'><strong>Morel.</strong></span> <span class='ocrx_word' id='word_1_1063' title='bbox 2248 5660 2370 5700; x_wconf 77' lang='lat' dir='ltr'><strong>male</strong></span> <span class='ocrx_word' id='word_1_1064' title='bbox 2397 5655 2711 5715; x_wconf 62' lang='grc' dir='ltr'><strong>Χωριζίᾚθς.</strong></span> <span class='ocrx_word' id='word_1_1065' title='bbox 2739 5663 2790 5703; x_wconf 75' lang='lat' dir='ltr'><strong>et</strong></span> <span class='ocrx_word' id='word_1_1066' title='bbox 2811 5656 2954 5703; x_wconf 84' lang='lat' dir='ltr'><strong>Savil.</strong></span> <span class='ocrx_word' id='word_1_1067' title='bbox 2984 5662 3033 5700; x_wconf 84' lang='lat' dir='ltr'><strong>ul</strong></span> <span class='ocrx_word' id='word_1_1068' title='bbox 3052 5654 3100 5700; x_wconf 85' lang='lat' dir='ltr'><strong>in</strong></span> <span class='ocrx_word' id='word_1_1069' title='bbox 3130 5658 3283 5700; x_wconf 74' lang='lat' dir='ltr'><strong>textu.</strong></span> <span class='ocrx_word' id='word_1_1070' title='bbox 3317 5652 3438 5701; x_wconf 82' lang='lat' dir='ltr'><strong>Infra</strong></span> <span class='ocrx_word' id='word_1_1071' title='bbox 3460 5666 3575 5715; x_wconf 73' lang='lat' dir='ltr'><strong>vero</strong></span> 
     </span>
    </p>
   </div>
   <div class='ocr_carea' id='block_1_130' title="bbox 1938 5714 3571 5773">
    <p class='ocr_par' dir='ltr' id='par_1_130' title="bbox 1938 5714 3571 5773">
     <span class='ocr_line' id='line_1_132' title="bbox 1938 5714 3571 5773; baseline -0.002 -12"><span class='ocrx_word' id='word_1_1072' title='bbox 1938 5716 2145 5761; x_wconf 66' lang='lat' dir='ltr'><strong>SaViIius</strong></span> <span class='ocrx_word' id='word_1_1073' title='bbox 2166 5715 2423 5770; x_wconf 74' lang='lat' dir='ltr'><strong>legendum</strong></span> <span class='ocrx_word' id='word_1_1074' title='bbox 2462 5714 2686 5771; x_wconf 67' lang='lat' dir='ltr'><strong>opinatur</strong></span> <span class='ocrx_word' id='word_1_1075' title='bbox 2710 5717 2762 5761; x_wconf 74' lang='grc' dir='ltr'><strong>οὐ</strong></span> <span class='ocrx_word' id='word_1_1076' title='bbox 2789 5719 2870 5770; x_wconf 77' lang='grc' dir='ltr'><strong>τὴν</strong></span> <span class='ocrx_word' id='word_1_1077' title='bbox 2910 5714 3117 5773; x_wconf 80' lang='grc' dir='ltr'><strong>γέννησιν</strong></span> <span class='ocrx_word' id='word_1_1078' title='bbox 3164 5715 3336 5768; x_wconf 81' lang='grc' dir='ltr'><strong>αὐτῶν,</strong></span> <span class='ocrx_word' id='word_1_1079' title='bbox 3382 5726 3473 5760; x_wconf 86' lang='lat' dir='ltr'><strong>non</strong></span> <span class='ocrx_word' id='word_1_1080' title='bbox 3499 5714 3571 5770; x_wconf 81' lang='grc' dir='ltr'><strong>γέ-</strong></span> 
     </span>
    </p>
   </div>
   <div class='ocr_carea' id='block_1_131' title="bbox 1937 5776 3573 5883">
    <p class='ocr_par' dir='ltr' id='par_1_131' title="bbox 1937 5776 3573 5883">
     <span class='ocr_line' id='line_1_133' title="bbox 1937 5776 3573 5837; baseline 0.002 -19"><span class='ocrx_word' id='word_1_1081' title='bbox 1937 5776 2195 5821; x_wconf 69' lang='grc' dir='ltr'><strong>νισεν.’δρῐ1</strong></span> <span class='ocrx_word' id='word_1_1082' title='bbox 2223 5778 2293 5822; x_wconf 69' lang='lat' dir='ltr'><strong>hae</strong></span> <span class='ocrx_word' id='word_1_1083' title='bbox 2329 5788 2471 5823; x_wconf 67' lang='lat' dir='ltr'><strong>voces</strong></span> <span class='ocrx_word' id='word_1_1084' title='bbox 2496 5788 2626 5837; x_wconf 73' lang='lat' dir='ltr'><strong>saepe</strong></span> <span class='ocrx_word' id='word_1_1085' title='bbox 2655 5776 2782 5825; x_wconf 67' lang='lat' dir='ltr'><strong>inter</strong></span> <span class='ocrx_word' id='word_1_1086' title='bbox 2803 5789 2855 5824; x_wconf 82' lang='lat' dir='ltr'><strong>se</strong></span> <span class='ocrx_word' id='word_1_1087' title='bbox 2906 5781 3155 5825; x_wconf 74' lang='lat' dir='ltr'><strong>mutantur</strong></span> <span class='ocrx_word' id='word_1_1088' title='bbox 3180 5788 3191 5834; x_wconf 89' lang='lat'><strong>;</strong></span> <span class='ocrx_word' id='word_1_1089' title='bbox 3230 5776 3404 5833; x_wconf 75' lang='grc' dir='ltr'><strong>γένεσιν</strong></span> <span class='ocrx_word' id='word_1_1090' title='bbox 3445 5782 3573 5824; x_wconf 73' lang='lat' dir='ltr'><strong>stare</strong></span> 
     </span>
     <span class='ocr_line' id='line_1_134' title="bbox 1942 5842 2235 5883; baseline 0 0"><span class='ocrx_word' id='word_1_1091' title='bbox 1942 5848 2079 5883; x_wconf 82' lang='lat' dir='ltr'><strong>nosse</strong></span> <span class='ocrx_word' id='word_1_1092' title='bbox 2107 5842 2235 5883; x_wconf 72' lang='lat' dir='ltr'>nuto.</span> 
     </span>
    </p>
   </div>
   <div class='ocr_carea' id='block_1_132' title="bbox 1942 5848 2235 5896">
    <p class='ocr_par' dir='ltr' id='par_1_132' title="bbox 1942 5848 2235 5896">
     <span class='ocr_line' id='line_1_135' title="bbox 1942 5848 2235 5896; baseline 0.01 -16"><span class='ocrx_word' id='word_1_1093' title='bbox 1942 5848 2079 5895; x_wconf 84' lang='lat' dir='ltr'><strong>posse</strong></span> <span class='ocrx_word' id='word_1_1094' title='bbox 2105 5848 2235 5896; x_wconf 75' lang='lat' dir='ltr'><strong>pum.</strong></span> 
     </span>
    </p>
   </div>
   <div class='ocr_carea' id='block_1_133' title="bbox 3386 5292 3570 5366">
    <p class='ocr_par' dir='ltr' id='par_1_133' title="bbox 3386 5292 3570 5366">
     <span class='ocr_line' id='line_1_136' title="bbox 3386 5292 3570 5366; baseline 0.033 -27"><span class='ocrx_word' id='word_1_1095' title='bbox 3386 5292 3570 5366; x_wconf 66' lang='grc' dir='ltr'><strong>ρ.1ζ›9ς</strong></span> 
     </span>
    </p>
   </div>
  </div>
