4058 6216
199 333 265 386 17
1516 313 1581 368 IN
1620 306 1772 364 ISAU

1902 307 2049 363 CAP.
2091 307 2132 361 1.
3354 323 3423 374 18
3496 272 3497 277 ‘

193 432 373 484 Facite
410 432 558 499 igitur
580 436 770 499 [ructus
808 432 983 498 dignos
1017 427 1311 499 ptenitentia:
1331 424 1491 494 (Ibid.
1520 440 1564 477 υ.
1595 422 1673 493 8),
1703 420 1748 475 si

191 536 253 576 ex
288 532 474 576 natura
515 532 568 575 et
606 523 672 573 ab
700 530 817 574 ortu
864 521 995 573 tales
1038 519 1255 572 fuissent
1288 533 1300 570 :
1329 518 1404 570 sic
1432 524 1484 569 et
1512 515 1613 568 hoc
1637 514 1755 568 loco

191 625 321 664 cum
358 611 525 662 dicit:
558 610 751 664 Semini
791 626 1022 676 nequam,
1070 623 1172 662 non
1217 616 1391 662 ortum
1435 605 1629 676 probro
1668 604 1758 658 dat

195 698 325 751 illis.
376 697 521 750 Filiis
558 698 829 768 exlegibus.
873 698 987 751 Non
1024 696 1187 761 dixit,
1233 694 1753 759 Praevaricatorihus,

195 790 315 852 sed,
358 788 643 859 Exlegibus,
675 791 764 859 qui
800 804 901 842 non
925 788 1129 842 meliori
1156 795 1332 841 essent
1361 785 1566 847 affectu,
1598 799 1752 854 quam

193 878 237 929 si
272 878 444 945 legem
490 892 771 947 numquam
808 877 1155 945 excepissent.
1183 874 1285 929 Sed
1330 874 1579 942 prepositi
1610 871 1759 926 diﬁc-

197 968 423 1019 rentiam
451 967 705 1034 signiﬁcat
736 968 774 1018 ¹.
801 965 1145 1034 Dereliquistis
1169 963 1459 1023 Dominum,
1484 972 1529 1015 et
1558 961 1625 1015 ad
1653 964 1759 1014 ira-

195 1056 436 1107 Curulium
476 1055 793 1123 prococastis.
824 1055 923 1108 Per
962 1053 1236 1121 emphasin
1275 1051 1375 1105 hoc
1414 1051 1562 1105 dixit.
1598 1049 1758 1105 Sufﬁ-

198 1146 371 1199 ciebat
399 1145 539 1198 enim
577 1160 767 1198 nomen
808 1145 894 1197 Dei
922 1144 987 1197 ad
1014 1144 1398 1198 accusationem
1434 1160 1447 1195 :
1479 1157 1577 1210 qua
1606 1142 1672 1195 de
1702 1156 1759 1196 re

200 1235 457 1288 leremias
492 1235 788 1302 expostulat
828 1234 1008 1288 dicens
1037 1252 1049 1286 :
1085 1233 1215 1297 Quia
1249 1233 1309 1285 ab
1345 1231 1433 1285 illo
1454 1232 1755 1300 defecerunt,

200 1334 244 1376 et
274 1324 582 1376 dit-monibus
615 1324 946 1375 adlueserunt.
972 1323 1214 1375 Sanctum
1238 1319 1400 1374 Israel
1428 1320 1671 1389 (Buruch.
1701 1321 1755 1374 4.

200 1412 253 1463 Ἰ.
285 1411 363 1481 8).
401 1411 525 1465 Haec
560 1427 765 1481 quoque
808 1411 1186 1464 eriminationis
1231 1410 1464 1465 accessio
1508 1418 1607 1472 est,
1638 1409 1759 1477 quia

202 1516 321 1553 cum
351 1502 647 1554 communis
674 1502 902 1554 omnimn
929 1500 1179 1553 Dominus
1204 1499 1297 1563 sit,
1330 1499 1453 1566 ipsis
1478 1508 1597 1551 tunc
1619 1497 1760 1569 (pro-

207 1590 338 1656 prie)
381 1598 535 1643 notus
564 1598 697 1643 erat.
728 1588 1005 1641 Abalienati
1044 1598 1154 1641 sunt
1197 1598 1482 1640 retrorsum.
1528 1587 1579 1640 5.
1626 1586 1759 1653 Quid

208 1679 340 1731 ultra
376 1678 715 1746 percutiemini
752 1678 987 1729 addentes
1034 1676 1498 1744 prmaricatioues?
1540 1675 1758 1728 Maxima

208 1766 492 1829 damnatio,
512 1781 632 1819 cum
654 1780 719 1819 ne
744 1781 809 1819 ex
830 1766 1095 1833 suppliciis
1110 1765 1319 1834 quidem
1347 1767 1587 1818 meliores
1612 1766 1759 1819 ﬁunt.

212 1852 443 1922 llludque
470 1855 672 1921 species
699 1853 934 1907 beneﬁcii
966 1863 1097 1917 erat,
1126 1853 1263 1921 quod
1302 1854 1624 1921 punirentur.
1658 1854 1760 1907 Ne-

211 1960 313 2012 que
330 1944 467 1997 enim
496 1944 669 1998 dicere
707 1954 919 2011 possent
961 1946 1121 1998 Deum
1162 1945 1448 1998 honorasse
1490 1955 1685 1998 tantum
1711 1952 1763 1997 et

213 2033 480 2087 beneﬁciis
508 2034 776 2098 all’ecisse,
809 2046 1087 2101 peccantes
1132 2044 1306 2087 autem
1346 2035 1638 2098 dimisisse;
1669 2034 1761 2087 sed

215 2126 303 2178 ille
331 2124 617 2178 honoribus
649 2123 972 2187 attrahebat,
1005 2132 1058 2177 et
1087 2123 1456 2192 suppliciorum
1487 2123 1672 2176 timore
1698 2122 1764 2176 ad

214 2213 484 2267 meliorem
521 2212 718 2281 frugem
748 2212 1045 2277 revocabat,
1074 2223 1127 2267 et
1164 2213 1300 2267 inter
1331 2223 1547 2281 utraque
1588 2212 1659 2267 illi
1688 2213 1764 2265 in-

212 2302 432 2355 curabili
461 2302 645 2355 morbo
673 2302 871 2356 detenti
899 2302 1196 2356 manebant.
1228 2301 1392 2357 Omne
1412 2317 1575 2372 genus
1597 2302 1764 2357 medi-

213 2390 347 2444 cinae
388 2390 651 2454 exhibuit,
685 2405 901 2453 secans,
936 2405 1094 2444 urens
1136 2408 1148 2441 :
1192 2390 1403 2443 morbus
1444 2400 1617 2443 tamen
1661 2405 1765 2443 non

215 2481 405 2544 cessit,
437 2482 574 2548 quod
616 2482 839 2534 maxime
865 2481 1068 2548 signum
1108 2490 1183 2533 est
1227 2480 1527 2533 incurabilis
1554 2481 1765 2549 (egritu-

215 2569 371 2629 dinis,
394 2584 513 2621 cum
544 2585 645 2621 non
669 2577 838 2636 potest
864 2569 979 2637 quis
1005 2568 1291 2623 remedium
1318 2568 1577 2635 accipere.
1612 2568 1771 2622 Omne

217 2668 368 2723 caput
396 2658 461 2709 ad
491 2658 727 2722 laborem,
756 2669 800 2709 et
820 2673 961 2710 omne
982 2673 1067 2709 cor
1092 2658 1159 2709 ad
1180 2657 1446 2710 tristitiam.
1475 2657 1526 2711 6.
1557 2658 1600 2709 Α
1626 2658 1769 2726 pedi-

217 2750 306 2800 bus
330 2764 481 2815 usque
501 2750 566 2799 ad
604 2758 752 2817 caput
780 2765 877 2801 non
917 2758 987 2801 est
1014 2748 1064 2801 in
1088 2763 1144 2801 eo
1169 2748 1449 2816 integritas,
1483 2763 1637 2815 neque
1661 2747 1769 2799 vul-

219 2857 342 2901 nus,
373 2855 526 2907 neque
551 2840 717 2903 ribex,
754 2856 907 2908 neque
935 2840 1083 2910 plaga
1125 2849 1337 2893 tumens.
1371 2838 1567 2893 Deinde
1597 2849 1774 2893 narrat

218 2930 479 2982 cruciatus
518 2938 570 2981 et
612 2930 861 2997 supplicia
894 2948 905 2982 :
940 2944 1108 2998 neque
1144 2931 1283 2983 enim
1324 2932 1496 2985 minor
1535 2930 1644 2984 ha:c
1692 2939 1775 2984 est

220 3018 426 3083 species
450 3018 686 3071 beneficii
717 3029 771 3072 ct
791 3020 1003 3071 honoris
1028 3020 1151 3087 ipsis
1179 3021 1371 3074 collati.
1394 3020 1586 3074 Omnes
1608 3021 1772 3083 enim,

224 3109 422 3176 inquit,
452 3109 645 3169 afﬂixi,
678 3123 872 3177 eosque
902 3111 951 3163 in
993 3110 1226 3164 dolorem
1265 3110 1486 3177 conjeci.
1522 3110 1575 3163 Si
1619 3125 1775 3166 omne

221 3199 377 3257 caput
418 3191 465 3242 in
509 3191 738 3244 laborem
760 3232 774 3255 ,
818 3192 1082 3260 quomodo
1112 3208 1213 3245 non
1250 3201 1329 3246 cst
1354 3193 1541 3245 vulnus
1562 3233 1576 3258 ,
1607 3209 1777 3261 neque

224 3280 414 3333 vibex?
445 3279 661 3343 Vulnus,
704 3281 907 3349 reliquo
946 3297 1167 3348 corpore
1206 3298 1369 3349 sano,
1404 3293 1526 3338 tunc
1559 3294 1777 3353 apparet

227 3371 413 3425 vulnus
439 3388 451 3421 :
480 3370 618 3439 quod
649 3372 691 3423 si
720 3380 884 3424 totum
908 3372 1262 3427 exulceratum
1299 3374 1479 3439 fuerit,
1509 3390 1613 3428 non
1645 3376 1777 3429 ultra

226 3459 414 3514 vulnus
439 3462 728 3529 apparebit.
763 3462 871 3515 Hoc
899 3463 1053 3531 igitur
1078 3464 1352 3532 signiﬁcat,
1387 3473 1548 3519 totum
1588 3481 1780 3536 corpus

227 3549 387 3603 fuisse
417 3551 679 3605 ulceribus
722 3552 929 3620 plenum
965 3571 976 3604 :
1010 3568 1177 3622 neque
1216 3554 1353 3607 aliud
1398 3570 1603 3618 sanum,
1636 3555 1776 3608 aliud

227 3638 510 3691 ulceratum
542 3639 698 3692 fuisse
720 3657 733 3697 ;
758 3641 847 3693 sed
880 3650 1042 3694 totum
1071 3642 1407 3706 intumuisse,
1441 3654 1602 3697 totum
1632 3646 1780 3700 ulcus

228 3741 388 3777 unum
418 3726 594 3779 fuisse.
629 3726 745 3779 Non
787 3738 855 3781 est
896 3731 1145 3799 malagma
1184 3749 1445 3800 apponere.
1479 3734 1584 3787 Hoc
1609 3736 1781 3801 priore

224 3816 436 3883 gravius
462 3825 559 3867 est.
584 3815 763 3869 Morbo
798 3818 938 3871 enim
984 3819 1220 3873 laborare
1250 3837 1351 3873 non
1385 3822 1451 3874 ita
1483 3838 1639 3892 grave
1677 3834 1778 3890 est,

229 3914 285 3955 ut
311 3918 504 3973 agrum
532 3918 633 3958 non
658 3920 811 3973 posse
849 3908 1022 3960 sanari
1052 3924 1063 3961 :
1090 3910 1375 3975 prmsertim
1415 3925 1531 3963 cum
1573 3914 1688 3967 talis
1718 3914 1783 3967 sit

228 3994 485 4048 medicus.
519 3994 690 4063 Neque
728 3996 913 4060 oleum,
944 4014 1099 4064 neque
1136 3998 1396 4066 ligamina.
1432 4000 1497 4054 Ut
1524 4016 1642 4054 cum
1676 4018 1783 4055 em-

231 4083 379 4151 phasi
411 4083 670 4152 loquatur,
710 4094 906 4152 perstat
933 4086 984 4137 in
1017 4086 1197 4140 eadem
1228 4089 1530 4155 metaphora
1563 4109 1574 4144 :
1606 4092 1655 4145 in
1686 4092 1785 4148 hoc

228 4172 369 4225 enim
396 4171 491 4224 sita
532 4180 615 4225 est
650 4172 970 4241 metaphora:
1013 4176 1326 4242 praestantia.
1358 4177 1411 4230 7.
1441 4176 1593 4231 Terra
1628 4190 1786 4233 vestra

229 4264 443 4316 deserta.
485 4261 608 4316 "me
630 4278 731 4316 non
753 4273 809 4316 ut
825 4263 931 4331 jam
952 4264 1084 4318 facta
1105 4268 1394 4333 annuntiat,
1418 4268 1507 4323 sed
1542 4278 1599 4323 ut
1618 4269 1785 4325 futura

232 4352 522 4417 praedicit'.
558 4351 667 4406 Hoc
692 4362 905 4406 utuntur
933 4369 1080 4409 more
1106 4357 1391 4425 propheta},
1411 4358 1565 4411 simul
1585 4360 1787 4415 audito-

232 4456 342 4494 rem
376 4449 667 4507 terrentes,
694 4451 746 4496 et
786 4458 893 4498 sua:
924 4446 1157 4499 veritatis
1195 4451 1296 4500 vim
1339 4448 1695 4506 ostendentes.
1722 4452 1789 4508 Ut

232 4530 373 4582 enim
403 4545 519 4597 qua:
550 4533 944 4598 prmterierunt,
970 4550 1070 4587 non
1107 4547 1324 4603 possunt
1359 4553 1460 4591 nou
1489 4538 1618 4593 facta
1649 4556 1784 4606 esse,

231 4619 309 4670 sic
346 4633 463 4685 qua:
505 4617 677 4671 futura
722 4635 750 4671 a
795 4622 1061 4688 prophetis
1101 4626 1444 4691 praenuntiata
1487 4636 1627 4689 sunt,
1676 4628 1787 4681 ﬁeri

232 4707 415 4774 nequit
445 4716 499 4758 ut
532 4722 634 4758 non
661 4707 982 4777 contingant,
1016 4711 1114 4764 nisi
1142 4713 1501 4778 ptenitentiam
1528 4726 1682 4785 agant
1710 4716 1785 4770 illi

233 4798 320 4864 qui
347 4795 601 4864 supplicio
622 4805 743 4849 sunt
778 4797 1058 4865 plecleudi.
1092 4800 1320 4856 Civitates
1346 4814 1519 4856 vestra:
1541 4822 1790 4859 succensa

235 4885 359 4954 igni.
387 4884 497 4937 Non
528 4886 666 4937 enim
693 4886 807 4939 illas
836 4889 1051 4942 omnino
1080 4889 1303 4958 delevit,
1339 4892 1433 4947 sed
1473 4896 1708 4961 permisit
1737 4906 1791 4949 ut

236 4972 463 5027 incendii
513 4972 769 5027 barbarici
814 4976 1053 5046 reliquiae
1094 4991 1450 5048 superessent,
1490 4999 1605 5053 qua:
1631 4988 1793 5054 magis

232 5062 299 5113 ad
332 5062 643 5115 intuentium
664 5073 930 5131 aspectum
951 5068 1243 5137 pertingere
1270 5080 1499 5139 possent.
1524 5073 1792 5142 [legionem

234 5164 449 5204 uestram
475 5170 641 5205 coram
664 5154 796 5207 vobis
820 5154 967 5207 alieni
990 5156 1246 5225 devorant,
1273 5170 1317 5213 et
1334 5160 1557 5215 desolata
1583 5175 1653 5216 est
1678 5166 1794 5217 sub-

299 5307 315 5334 ί
353 5303 407 5351 Iu
429 5312 607 5378 timeo,
633 5323 858 5370 κροαιρίσως
894 5323 958 5378 τὴν
994 5319 1161 5373 διαγιᾳὰν
1195 5322 1306 5378 δηλοῖ.
1346 5317 1615 5377 Legendum
1640 5319 1795 5378 suspi-

229 5377 417 5439 Samur.
438 5375 629 5439 δηρορν
650 5382 673 5436 ;.
684 5377 801 5439 tunc
826 5374 952 5439 enim
974 5385 1146 5439 sensus
1166 5376 1344 5439 optime
1362 5374 1635 5437 quadraret,
1653 5374 1797 5439 siqui-

230 5424 347 5491 dvtn
375 5424 525 5491 emet,
550 5424 785 5491 signi/irrit
812 5430 1051 5491 voluntatis
1077 5424 1437 5491 corruptionem.

300 5487 327 5558 ξ
354 5488 534 5558 mustos
559 5489 603 5533 in
630 5490 954 5558 nutislsavilii,
986 5507 1029 5550 p.
1060 5495 1162 5558 l37_,
1189 5487 1447 5556 legendum
1480 5506 1610 5558 putat
1634 5512 1645 5546 :
1682 5507 1796 5548 Ηωε

234 5549 558 5618 infimi-[adu
582 5551 843 5609 annuntiat,
868 5560 912 5597 at
932 5566 1025 5618 non
1051 5560 1097 5618 ut
1121 5549 1281 5613 futura
1302 5549 1536 5618 pl'tt'dt'd't.
1564 5560 1654 5609 Sed
1692 5562 1797 5611 cxi-

226 5612 384 5659 ,ωηο
414 5606 588 5667 lomuu,
628 5618 679 5658 ut.
711 5620 800 5670 cst,
832 5606 1021 5674 optime
1062 5606 1260 5665 habere.

1860 433 1998 471 versa
2025 438 2055 471 α
2081 421 2279 489 populis
2313 421 2507 474 alienis.
2535 421 2858 475 Calamitatis
2888 421 3124 476 accessio
3148 429 3257 484 est,
3295 436 3414 474 cum

1862 508 2085 575 propria:
2127 508 2353 563 miscrize
2393 519 2716 576 spectatores
2756 520 2898 575 sunt,
2945 524 3043 565 nec
3081 510 3195 563 solo
3238 510 3417 562 auditu

1859 596 2001 650 illam
2027 597 2257 653 discunt.
2293 600 2343 653 8.
2374 599 2752 667 Derelinquetur
2776 601 2884 667 filia
2910 599 3035 654 Sion
3052 638 3066 660 ,
3088 600 3232 662 quasi
3260 608 3419 651 teuto-

1859 691 1990 743 rium
2010 692 2063 744 in
2089 693 2250 757 vinea,
2272 701 2318 744 et
2343 692 2469 745 sicut
2494 692 2744 760 tugurium
2771 692 2821 743 in
2841 690 3203 745 cucumerario.

1931 781 1983 832 4.
2022 780 2257 848 Magnum
2278 780 2542 848 quidpiam
2570 780 2621 833 in
2643 794 2698 833 se
2724 781 2995 833 continent
3015 780 3117 833 illa:
3138 778 3414 847 imagines,

1861 872 2188 939 maximeque
2217 873 2266 924 in
2298 872 2565 941 Scriptura
2584 911 2599 936 ,
2632 871 2695 925 ad
2722 871 3180 939 ampliﬁcationem
3212 883 3418 921 sermo-

1863 962 1961 1014 nis.
1989 960 2277 1015 Jerusalem
2301 971 2476 1015 autem
2496 970 2647 1015 vocat
2668 960 2823 1015 ﬁliam
2850 960 2995 1023 Sion,
3017 959 3155 1028 quod
3179 959 3227 1012 ei
3252 958 3416 1012 monti

1861 1050 2094 1119 subjecta
2123 1052 2209 1104 sit.
2240 1052 2385 1106 Sicut
2406 1053 2667 1106 tentorium
2691 1053 2743 1104 in
2768 1053 2925 1111 uinea.
2949 1060 2994 1104 et
3013 1051 3139 1103 sicut
3165 1050 3419 1119 tugurium

1860 1139 1912 1191 in
1937 1141 2289 1193 cucumerario.
2324 1140 2540 1194 Sublato
2568 1154 2789 1208 namque
2816 1139 3007 1203 fructu,
3036 1138 3421 1204 summotisque

1861 1230 2096 1295 colonis,
2142 1219 2403 1299 superﬂua
2451 1230 2699 1300 deinceps
2747 1229 2901 1283 fuerit
2944 1237 3204 1282 structura
3253 1226 3418 1280 urbis.

1862 1319 2007 1375 Sicut
2044 1320 2158 1373 urbs
2194 1336 2305 1386 qua:
2342 1320 2608 1374 obsidetur.
2652 1319 2761 1372 Hoc
2785 1318 3112 1386 aenigmatice
3142 1316 3330 1369 dicitur
3353 1314 3420 1369 ad

1863 1410 2217 1464 inﬁrmitatem
2240 1418 2293 1463 et
2316 1408 2710 1464 derelictionem
2736 1408 2849 1475 ejus
2873 1405 3261 1460 declarandam.
3288 1404 3419 1458 Cum

1862 1499 2000 1551 enim
2032 1499 2201 1552 nullus
2230 1509 2308 1552 est
2337 1498 2425 1567 qui
2451 1498 2752 1561 auxilietur,
2784 1506 2905 1550 tunc
2936 1509 3152 1548 necesse
3176 1503 3256 1547 cst
3280 1493 3424 1546 obsio

1863 1588 1972 1643 deri
2003 1604 2113 1655 eos,
2141 1590 2327 1658 quibus
2362 1605 2461 1643 una
2488 1597 2727 1657 superest
2754 1603 3019 1642 murorum
3061 1586 3242 1639 tutela.
3273 1587 3327 1638 9.
3356 1584 3422 1637 Et

1864 1682 1959 1732 nisi
1989 1680 2228 1733 Dominus
2256 1680 2507 1733 Sabbaatlt
2532 1679 2864 1747 dereliquisset
2888 1678 3026 1729 nobis
3054 1690 3217 1729 semen
3238 1714 3251 1734 .
3278 1675 3422 1735 quasi

1866 1768 2087 1823 Sodoma
2113 1770 2394 1837 fuissemus,
2426 1778 2470 1821 et
2499 1768 2639 1837 quasi
2669 1765 2947 1821 Gomorrlta
2973 1765 3157 1819 similes
3187 1780 3419 1816 essemus.

1865 1858 1973 1909 Mos
2000 1868 2080 1911 cst
2122 1871 2329 1925 semper
2369 1856 2635 1924 prophetis
2675 1870 2776 1908 non
2818 1854 2899 1907 illa
2940 1856 3107 1908 solum
3140 1852 3421 1921 praedicere

1866 1947 2020 2007 mala,
2050 1962 2166 2013 qua:
2196 1946 2397 2015 psnsuri
2425 1956 2541 1997 sunt
2575 1946 3020 2013 prmaricatores,
3053 1944 3143 1996 scil
3174 1943 3331 1995 etiam
3356 1956 3421 1997 ea

1865 2050 1980 2102 qua:
2014 2035 2155 2103 digni
2190 2044 2311 2089 sunt
2350 2040 2582 2103 perpeti,
2616 2042 2671 2086 ut
2700 2035 2748 2086 in
2782 2035 2895 2099 ipso
2920 2033 3155 2101 supplicii
3188 2042 3422 2098 tempore

1869 2127 2057 2180 multas
2098 2126 2321 2179 habeant
2369 2126 2475 2179 Deo
2515 2126 2707 2193 gratias
2731 2165 2745 2188 ,
2789 2123 2927 2191 quod
2965 2139 3067 2175 non
3113 2136 3206 2189 pro
3237 2123 3423 2174 merito

1868 2216 2145 2283 scelerum,
2172 2215 2262 2269 sed
2288 2215 2449 2268 multo
2476 2215 2696 2268 leviores
2727 2216 2869 2265 luant
2896 2226 3094 2280 ptenas.
3128 2210 3237 2265 Hoc
3262 2211 3425 2263 etiam

1869 2305 1995 2360 dicit
2033 2305 2131 2358 hoc
2167 2306 2283 2358 loco
2306 2343 2320 2366 ,
2353 2312 2563 2372 peccata
2594 2316 2779 2369 nempe
2814 2316 2994 2353 eorum
3027 2316 3128 2352 non
3160 2315 3220 2352 ea
3250 2299 3423 2351 solum

1869 2412 1983 2464 qua:
2011 2396 2147 2448 dicta
2176 2403 2296 2447 sunt
2316 2434 2331 2457 ,
2359 2393 2449 2447 sed
2476 2393 2632 2446 etiam
2664 2391 3071 2444 internecionem
3101 2388 3383 2455 expetiissc
3406 2426 3423 2451 ,

1870 2486 2227 2551 universgrque
2253 2484 2421 2551 gentis
2446 2482 2659 2535 exitium
2690 2498 2702 2533 :
2728 2495 2842 2547 quae
2871 2480 3025 2531 etiam
3055 2479 3104 2529 in
3136 2476 3426 2531 Sodomitis

1870 2574 2215 2641 contigerunt.
2250 2571 2340 2624 Dei
2364 2582 2538 2624 autem
2568 2569 2855 2637 benignitas
2878 2567 2990 2621 luce
3016 2566 3127 2619 ﬁeri
3156 2581 3258 2619 non
3281 2564 3424 2629 sivit,

1873 2662 1963 2716 sed
1990 2675 2192 2729 pmnam
2225 2667 2440 2730 peccato
2469 2659 2621 2728 longe
2652 2658 2899 2712 leviorem
2929 2656 3135 2709 inﬂixit.
3177 2654 3307 2720 Quia
3338 2668 3429 2708 ve-

1874 2766 1933 2805 ro
1954 2751 2110 2803 multa
2132 2759 2214 2804 est
2232 2749 2457 2804 afﬁnitas
2480 2750 2637 2802 Vetus
2659 2750 2792 2802 inter
2816 2757 2869 2803 et
2895 2748 3095 2801 Novum
3120 2746 3430 2800 Testamen-

1877 2847 2004 2903 tum,
2030 2840 2149 2907 jure
2172 2838 2260 2892 illo
2285 2838 2477 2893 Paulus
2496 2848 2575 2893 est
2597 2854 2721 2891 usus
2747 2855 2760 2889 :
2782 2845 2836 2891 et
2852 2836 3250 2891 convenientius
3270 2852 3426 2904 quam

1876 2928 2125 2995 propheta
2166 2927 2314 2981 dixit.
2359 2927 2806 2994 Quemadmodum
2845 2927 2984 2980 enim
3021 2925 3111 2978 illo
3152 2934 3429 2993 tempore,

1877 3016 1976 3069 nisi
2014 3030 2197 3084 magna
2238 3016 2419 3069 fuisset
2454 3016 2542 3070 Dei
2581 3015 2936 3068 misericordia
2962 3055 2977 3079 ,
3018 3029 3204 3067 omnes
3230 3014 3431 3083 abrepti

1878 3105 2095 3160 inissent
2123 3105 2291 3175 (Rom.
2324 3106 2374 3159 9.
2402 3105 2491 3174 29)
2522 3123 2534 3158 :
2563 3106 2638 3158 sic
2663 3106 2712 3157 in
2747 3113 2982 3172 tempore
3006 3103 3202 3157 Christi
3232 3104 3431 3158 adven-

1879 3207 1983 3263 tus,
2016 3198 2110 3250 nisi
2142 3198 2302 3266 gratia
2330 3198 2671 3264 apparuisset,
2703 3196 2937 3263 graviora
2968 3194 3052 3249 his
3081 3210 3267 3249 omnes
3294 3195 3434 3263 passi

1880 3296 2075 3342 essent.
2124 3286 2402 3355 Dcreliquit
2438 3296 2608 3338 autem
2657 3284 2805 3337 nobis
2835 3300 3013 3338 semen
3046 3301 3062 3341 τ
3102 3284 3167 3337 de
3196 3284 3258 3336 iis
3287 3285 3374 3353 qui
3406 3299 3437 3337 a

1880 3378 2178 3445 captivitate
2222 3377 2412 3431 servati
2448 3386 2571 3429 sunt
2609 3376 2852 3443 loquitur.
2899 3375 2984 3429 10.
3027 3375 3207 3427 Audite
3238 3375 3437 3426 verbum

1882 3466 2103 3529 Domini,
2134 3467 2376 3534 principes
2406 3466 2757 3528 Sodomorum,
2784 3465 3019 3518 attendite
3040 3466 3197 3535 legem
3226 3463 3319 3517 Dei
3349 3481 3440 3517 no-

1882 3558 1992 3619 stri,
2017 3555 2229 3624 populus
2253 3554 2559 3608 Goinorrhw.
2588 3553 2807 3620 Quando
2828 3552 2956 3607 dixit
2980 3554 3095 3607 illos
3116 3568 3234 3607 esse
3254 3553 3441 3621 dignos

1884 3645 1970 3713 qui
2002 3643 2182 3698 eadem
2224 3652 2554 3711 paterentur,
2588 3658 2704 3712 qua:
2734 3641 3018 3695 Sodomitze
3042 3682 3055 3704 ,
3089 3641 3319 3695 ostendit
3347 3655 3440 3693 cos

1886 3734 2066 3787 eadem
2106 3746 2261 3787 ausos
2290 3746 2405 3785 esse
2430 3748 2545 3799 quae
2572 3732 2887 3786 Sodomitas.
2938 3730 3057 3784 Ideo
3086 3732 3202 3783 illos
3232 3745 3259 3782 a
3289 3744 3437 3783 cum-

1886 3822 2030 3875 muni
2061 3822 2407 3889 appellatione
2432 3821 2683 3873 nominat.
2716 3820 2823 3874 Nisi
2846 3821 2982 3873 enim
3016 3819 3115 3872 hoc
3140 3828 3298 3882 esset,
3332 3836 3437 3876 nun

1886 3920 2175 3979 opportuna
2208 3909 2391 3962 fuisset
2419 3908 2681 3977 loquutus.
2723 3909 2870 3974 Quod
2906 3909 3044 3962 enim
3070 3923 3207 3961 nunc
3250 3923 3353 3961 non
3386 3909 3439 3962 in

1886 3998 2180 4052 Sodomitas
2197 3997 2492 4062 invehatur,
2512 3996 2604 4050 sed
2626 3997 2674 4049 in
2696 3996 2922 4061 Iudaeos,
2946 3997 3062 4053 illos
3077 3998 3151 4050 sic
3168 3996 3441 4065 appellans

1888 4088 1956 4141 ob
1987 4087 2210 4141 nominis
2238 4086 2654 4140 convenientiam
2678 4126 2694 4152 ,
2724 4100 2837 4154 quae
2868 4095 3153 4155 sequuntur
3188 4086 3440 4139 indicant.

1889 4177 2017 4231 Nam
2045 4177 2296 4232 sacriﬁcia
2323 4184 2727 4242 commemorat,
2756 4176 3045 4229 oblationes
3070 4174 3338 4243 aliumque
3364 4174 3444 4227 le-

1890 4269 2057 4338 galem
2085 4269 2280 4321 cultum
2305 4307 2319 4331 ,
2350 4266 2497 4334 cujus
2527 4282 2592 4320 ne
2622 4266 2897 4332 vestigium
2924 4262 3136 4332 quidem
3166 4273 3279 4315 erat
3305 4264 3442 4331 apud

1891 4358 2205 4412 Sodomitas.
2237 4354 2416 4425 Legem
2446 4354 2540 4407 Dei
2572 4355 2725 4406 nostri
2752 4352 2803 4405 in
2829 4364 3193 4419 argumentum
3223 4352 3442 4423 profert.

1963 4447 2225 4514 Sacriﬁcia
2240 4446 2409 4499 ueteris
2429 4444 2723 4497 Testamenti
2741 4444 2847 4497 Deo
2863 4462 2949 4514 per
2968 4461 3021 4499 se
3039 4462 3137 4499 non
3156 4447 3412 4514 placebant
3428 4463 3447 4507 ;

1892 4556 1979 4591 cur
2005 4539 2144 4607 [uere
2162 4537 2399 4589 instituta.
2429 4534 2712 4605 Repudium
2741 4538 2791 4588 in
2820 4537 2969 4590 veteri
2992 4537 3098 4607 lege
3123 4553 3211 4589 cur
3238 4538 3447 4605 permis-

1890 4643 2020 4680 sum.
2060 4656 2128 4665 —
2156 4626 2239 4679 il.
2272 4625 2405 4691 Quid
2433 4626 2554 4678 mihi
2583 4626 2847 4679 multitudo
2875 4626 3232 4694 sacriﬁcioruth
3266 4636 3449 4678 cestro-

1894 4716 2040 4767 rum?
2067 4714 2185 4767 dicit
2204 4714 2465 4770 Dominus.
2488 4714 2675 4769 Plenus
2696 4732 2801 4768 sum
2822 4716 3121 4768 holocaustis
3144 4715 3375 4775 arietum,
3400 4726 3447 4767 et

1895 4805 2091 4872 adipem
2128 4821 2398 4875 agnorum,
2424 4806 2805 4874 sanguinemque
2840 4814 3093 4857 taurorum
3122 4813 3166 4856 et
3196 4803 3448 4857 hircorum

1897 4898 2029 4949 nolo.
2080 4896 2316 4951 Psalmus
2345 4896 2771 4965 quadragesimus
2800 4909 2970 4948 nonus
3000 4904 3142 4949 totus
3178 4895 3303 4949 huic
3338 4897 3455 4950 loco

1899 4988 2082 5041 similis
2106 4995 2207 5050 est,
2230 4987 2344 5040 aliis
2367 4987 2573 5056 quidem
2602 4987 2794 5050 verbis,
2825 4986 3007 5041 eadem
3030 5003 3157 5041 vero
3179 4998 3457 5043 contextus

1899 5077 2171 5130 sententia.
2227 5076 2331 5129 Illis
2375 5076 2513 5131 enim
2539 5116 2552 5139 ,
2592 5075 2859 5128 Advocabit
2900 5078 3075 5130 caelum
3108 5077 3369 5131 desursum
3414 5089 3460 5130 et

1900 5176 2079 5217 terram
2104 5167 2376 5219 discernere
2402 5166 2642 5233 populum
2668 5183 2813 5220 suum
2841 5165 2861 5238 (
2884 5165 3025 5221 Psal.
3055 5167 3143 5221 49.
3168 5167 3200 5220 4
3223 5167 3261 5235 ),
3290 5166 3461 5221 simile

1902 5264 1980 5307 est
2002 5253 2100 5307 hoc
2122 5255 2313 5305 dictum
2340 5272 2350 5305 :
2373 5255 2521 5314 Audi,
2547 5256 2741 5318 cwlum,
2769 5266 2816 5306 et
2840 5258 3041 5309 auribus
3066 5257 3282 5326 percipe,
3307 5265 3458 5321 terra,

1901 5345 2017 5413 quia
2045 5343 2285 5396 Dominus
2312 5344 2539 5407 loquutus
2564 5354 2670 5408 est;
2699 5353 2749 5399 et
2776 5355 2961 5400 cetera
2990 5362 3107 5399 cum
3134 5348 3213 5397 his
3238 5362 3463 5400 consen-

1905 5434 2056 5486 tiunt.
2091 5433 2539 5499 Quemadmodum
2573 5435 2711 5488 enim
2745 5436 2903 5489 David
2934 5435 3057 5489 dicit
3085 5451 3101 5487 :
3130 5433 3249 5486 Non
3288 5436 3337 5486 in
3380 5453 3462 5487 sa-

1902 5523 2101 5591 criﬁciis
2134 5525 2227 5576 tuis
2256 5541 2462 5592 arguam
2491 5537 2553 5587 te,
2586 5526 2869 5578 holocausta
2892 5534 3052 5576 autent
3075 5533 3158 5575 tua
3182 5526 3234 5576 in
3257 5542 3463 5593 conspe-

1908 5625 1989 5667 ctu
2019 5631 2125 5669 meo
2151 5622 2262 5669 sunt
2290 5631 2483 5685 semper
2516 5617 2533 5681 (
2557 5614 2690 5668 Ibid.
2735 5631 2783 5668 υ.
2828 5614 2899 5685 8)
2928 5630 2939 5665 :
2968 5614 3043 5668 sic
3073 5620 3126 5668 et
3159 5612 3319 5673 Isaias
3341 5615 3414 5673 ait
3444 5632 3463 5671 3
