4058 6216
621 312 694 368 19
1442 313 1496 369 5.
1529 313 1800 368 JOANNIS
1824 309 2284 366 CHRYSOSTOMI
2311 311 2623 368 ARCIIIEP.
2663 316 3186 378 CONSTANTINOP.
3771 335 3838 386 20

612 433 750 500 Quid
773 431 892 483 mihi
920 427 1186 483 multitudo
1210 429 1568 494 sacriﬁciorum
1595 436 1865 479 vestrorum
1882 426 1907 477 ἶ)
1930 425 2049 476 dicit
2077 422 2174 475 Do-

609 527 792 576 minus.
824 525 898 578 Ac
925 536 1108 576 rursus
1140 519 1300 575 David
1329 519 1452 573 dicit
1479 536 1491 571 :
1527 517 1641 571 Non
1672 518 1913 583 accipiam
1943 517 2004 566 de
2031 515 2177 566 domo

611 625 698 665 tua
726 614 907 665 vitulos
928 651 942 676 ,
967 628 1120 678 neque
1149 611 1210 664 de
1237 613 1472 680 gregibus
1491 609 1588 660 tuis
1624 609 1787 658 hircos
1817 604 1978 671 (Ibid.
2004 620 2048 657 υ.
2080 605 2136 668 9)
2159 620 2173 667 ;

608 701 768 756 lsaias
797 717 924 755 vero
947 716 962 754 :
991 699 1296 753 Holocausta
1315 698 1534 751 arietum
1561 739 1574 762 ,
1605 707 1650 748 et
1676 697 1874 764 adipem
1900 710 2173 764 agnorum,

605 803 652 846 et
692 792 986 860 sanguinem
1025 800 1284 844 taurorum
1321 799 1365 843 et
1406 789 1656 840 hircorum
1700 787 1835 838 nolo.
1885 785 2014 838 Nam
2053 785 2174 854 quia

602 883 838 937 accusati
889 880 1221 951 frequenter,
1265 880 1406 946 quod
1449 883 1654 933 caateris
1701 877 1980 932 virtutibus
2026 877 2173 931 vacui

599 980 806 1037 essent,
834 989 926 1040 pro
944 973 1170 1027 maxima
1195 972 1501 1027 defensione
1522 969 1777 1026 sacriﬁcia
1799 969 2170 1033 obtendebant,

600 1073 658 1116 ut
685 1077 803 1132 qua
830 1062 1130 1132 frequenter
1159 1063 1551 1133 persolvebant,
1583 1063 1771 1116 merito
1801 1072 2020 1132 uterque
2045 1077 2172 1132 pro—

596 1151 758 1219 pheta
785 1193 800 1219 ,
847 1154 952 1208 imo
997 1155 1168 1221 potius
1209 1154 1386 1208 ceteri
1417 1167 1602 1207 omnes
1629 1152 1697 1207 ab
1727 1152 1826 1207 hac
1865 1152 2172 1207 defensione

600 1245 722 1300 illos
751 1246 1054 1301 exturbant.
1098 1245 1247 1302 Unde
1272 1247 1485 1317 planum
1515 1254 1598 1302 est
1626 1260 1687 1301 ea
1715 1261 1818 1300 non
1850 1261 1968 1301 esse
1995 1261 2086 1314 per
2113 1260 2172 1299 se

598 1336 870 1405 praecipue
893 1338 1198 1400 constituta,
1221 1337 1313 1391 sed
1344 1345 1400 1392 ut
1424 1336 1490 1391 ad
1511 1345 1712 1390 rectum
1735 1337 1856 1389 vita:
1878 1335 2168 1389 institutum

596 1436 932 1497 exterasque
967 1427 1186 1483 virtutes
1214 1428 1334 1482 illos
1361 1428 1700 1483 deducerent.
1741 1427 1871 1495 Quia
1899 1442 2024 1482 vero
2052 1428 2127 1481 illi
2151 1469 2168 1494 ,

597 1519 812 1573 cteteris
835 1536 953 1588 qua!
984 1521 1281 1574 necessaria
1309 1529 1462 1575 erant
1488 1519 1760 1589 neglectis.
1791 1521 1873 1574 his
1899 1518 2171 1575 incumbe-

599 1605 747 1672 bant,
785 1625 845 1666 se
885 1610 972 1665 illa
1013 1609 1226 1665 demum
1263 1626 1367 1664 non
1410 1611 1688 1666 admittere
1729 1611 1856 1665 dicit
1887 1611 2043 1666 Deus.
2081 1611 2167 1665 42.

603 1697 783 1770 Neque
803 1701 1031 1754 veneritis
1059 1710 1114 1753 ut
1138 1702 1428 1770 oppareatis
1455 1701 1597 1754 mihi.
1627 1699 1681 1755 Si
1707 1701 2059 1768 accesseritis,
2089 1701 2169 1756 in-

597 1789 732 1859 quit,
766 1789 831 1843 ad
865 1791 1135 1859 templum.
1168 1791 1292 1855 Quis
1320 1792 1450 1844 enim
1476 1792 1699 1860 qua'sivit
1727 1793 1833 1844 lucc
1857 1792 1920 1844 de
1943 1791 2169 1845 manibus

600 1880 812 1932 uestris?
839 1880 996 1934 Certe
1024 1889 1161 1934 totus
1185 1881 1273 1935 ille
1301 1881 1438 1936 liber
1461 1882 1548 1950 qui
1577 1880 1838 1935 Leviticus
1864 1881 2074 1948 dicitur,
2101 1881 2169 1937 de

599 1967 984 2023 sacriﬁciorum
1021 1970 1354 2025 accuratione
1384 1971 1525 2041 leges
1553 1969 1783 2025 exhibet.
1812 1970 1867 2024 In
1910 1972 2168 2027 Deutero-

600 2058 778 2110 nomio
815 2073 1023 2127 quoque
1056 2068 1110 2114 et
1139 2058 1189 2111 in
1216 2059 1332 2112 aliis
1368 2059 1604 2127 plurimis
1633 2059 1758 2113 locis
1785 2060 1962 2114 multa;
1990 2060 2056 2116 de
2081 2076 2169 2115 sa-

596 2145 812 2199 criﬁciis
844 2161 1042 2214 sparsa:
1069 2156 1192 2200 sunt
1231 2148 1392 2217 leges.
1441 2149 1614 2214 Quare
1643 2148 1798 2218 igitur
1821 2149 1947 2204 dicit
1987 2169 2001 2202 :
2045 2149 2170 2215 Quis

597 2233 849 2302 requisivit
878 2236 984 2288 hac
1006 2236 1068 2289 de
1095 2237 1319 2291 niauibus
1348 2237 1557 2291 vestris?
1594 2237 1661 2292 Ut
1688 2237 1859 2292 discas
1885 2239 2028 2292 illam
2063 2254 2165 2293 non

599 2323 760 2378 fuisse
780 2326 1096 2394 prmeipuam
1121 2325 1210 2380 Dei
1227 2327 1569 2393 voluntatem,
1592 2335 1650 2380 ut
1669 2327 1793 2380 talia
1813 2329 2162 2393 sancirentur,

598 2415 692 2469 sed
720 2415 788 2470 ab
822 2431 1004 2471 eorum
1045 2416 1347 2472 inﬁrmitate
1384 2418 1590 2472 initium
1618 2418 1733 2472 illas
1761 2419 1903 2488 leges
1932 2419 2164 2474 duxisse.

599 2507 1052 2571 Quemadmodum
1091 2508 1235 2563 enim
1277 2507 1491 2563 nolebat
1529 2508 1799 2563 mulierem
1847 2509 2011 2564 semel
2056 2509 2168 2564 viro

599 2595 932 2664 conjunctam
949 2597 1237 2665 repudiari;
1255 2599 1496 2665 graviora
1519 2606 1692 2652 tamen
1716 2599 1848 2651 mala
1868 2599 2163 2664 succidens,

598 2691 668 2737 ne
696 2684 972 2752 repudiare
997 2685 1173 2748 vetiti,
1203 2686 1317 2740 illas
1343 2686 1536 2740 invisas
1567 2700 1756 2740 uxores
1785 2686 1923 2740 intus
1955 2685 2164 2755 jugula-

601 2781 755 2836 rent,
801 2773 975 2828 minus
1013 2773 1208 2828 malum
1239 2775 1475 2845 permisit
1506 2792 1519 2828 :
1548 2774 1623 2830 sic
1647 2785 1700 2830 et
1725 2775 1861 2829 circa
1893 2790 2002 2830 rem
2031 2775 2167 2829 hanc

602 2857 723 2918 fecit
747 2905 760 2925 ,
807 2873 864 2918 ut
898 2865 1227 2920 daemonibus
1271 2865 1546 2922 immolare
1581 2865 1901 2936 prohiberet,
1941 2866 1991 2920 id
2029 2865 2167 2936 quod

601 2954 816 3008 minime
837 2955 1043 3009 volebat
1061 2955 1291 3022 admisit,
1315 2966 1371 3012 ut
1390 2958 1530 3028 quod
1551 2959 1759 3014 volebat
1779 2968 2164 3028 assequerctur.

603 3045 714 3101 lloc
739 3046 908 3117 ipsum
939 3063 1119 3103 rursus
1146 3050 1308 3104 Amos
1334 3049 1589 3120 propheta
1615 3050 1889 3105 declarans
1918 3050 2124 3105 dicebat
2153 3070 2165 3106 :

602 3134 743 3188 Num
776 3137 996 3192 victimas
1015 3149 1062 3192 et
1098 3139 1285 3193 hostias
1312 3141 1556 3194 obtulistis
1580 3142 1702 3195 mihi
1724 3141 2055 3210 quadraginta
2079 3158 2171 3195 an-

602 3225 716 3279 uis?
755 3227 874 3279 dicit
901 3226 1146 3282 Dominus
1183 3229 1377 3296 (Amos
1411 3231 1462 3284 5.
1514 3230 1582 3284 25
1607 3230 1646 3298 ).
1680 3229 1938 3284 Jeremias
1961 3245 2169 3298 quoque

600 3313 675 3368 ait
707 3332 721 3368 :
754 3314 874 3369 Non
899 3325 1013 3369 sunt
1041 3317 1146 3370 lucc
1171 3333 1280 3385 qua:
1305 3317 1538 3372 mandavi
1565 3319 1787 3388 patribus
1824 3319 1995 3372 vestris
2021 3317 2165 3389 (Jer.

600 3402 653 3456 7.
683 3403 797 3472 es).

672 3493 725 3547 5.
765 3492 1020 3560 Quoniam
1059 3494 1200 3548 enim
1237 3495 1507 3549 datmoncs
1547 3495 1648 3550 hoc
1683 3496 1805 3551 culti
1838 3506 1960 3550 sunt
1990 3497 2164 3559 modo,

604 3582 740 3650 ipse,
782 3597 849 3637 ne
874 3585 1135 3652 quaepiam
1168 3584 1290 3637 hinc
1329 3585 1705 3639 inﬁrmioribus
1736 3586 1983 3655 perniciei
2012 3601 2168 3640 oeca-

601 3673 682 3726 sio
706 3674 954 3738 oriretur,
989 3674 1100 3727 hinc
1122 3674 1423 3744 Irequenter
1445 3691 1538 3744 per
1560 3675 1843 3745 prophetas
1867 3691 2052 3730 omnes
2078 3678 2172 3731 de-

603 3765 828 3817 nuntiat.
863 3763 986 3818 llaec
1012 3779 1132 3818 cum
1173 3779 1277 3818 non
1304 3766 1575 3830 darentur,
1623 3766 1696 3818 illi
1745 3764 2165 3832 indignabantur,

597 3866 664 3905 ac
700 3851 1004 3922 frequenter
1041 3852 1326 3922 instabant,
1369 3853 1605 3910 nidorem
1650 3862 1702 3908 et
1726 3852 1926 3908 fumum
1952 3854 2171 3922 exigen-

603 3950 704 4008 tes,
732 3943 1072 4013 dicentesque
1098 3961 1111 3998 :

907 4066 957 4104 τὸ
978 4065 1044 4116 τδρ
1064 4065 1218 4117 λάχοιαν
1239 4069 1340 4119 τινες
1362 4068 1462 4116 nas
1486 4055 1751 4180 (am)

603 4214 722 4286 Ipse
745 4229 874 4272 vero
905 4216 956 4271 id
1001 4233 1171 4287 neque
1200 4219 1267 4273 ab
1305 4218 1457 4273 initio
1484 4220 1654 4290 petiit,
1686 4231 1739 4275 et
1764 4220 1973 4292 quando
1992 4221 2171 4289 jussit,

603 4307 833 4363 ostendit
854 4323 912 4362 se
941 4323 1045 4364 neu
1078 4309 1326 4364 libentem
1349 4309 1463 4365 huic
1494 4312 1836 4379 permittere;
1873 4327 2042 4382 neque
2070 4313 2170 4368 hoc

606 4405 811 4452 tantum
839 4397 958 4452 hinc
980 4407 1142 4467 patet,
1174 4400 1266 4454 sed
1297 4402 1453 4454 etiam
1481 4401 1601 4470 quia
1627 4402 1732 4455 cilo
1761 4402 1940 4469 solvit,
1969 4413 2024 4458 et
2051 4405 2168 4472 quia

600 4501 722 4540 eum
750 4485 836 4538 illa
867 4489 1230 4553 persolverent
1259 4505 1361 4545 non
1403 4491 1654 4545 admisit:
1682 4502 1837 4563 atque
1873 4508 1978 4546 uno
2011 4492 2173 4548 verbo

603 4591 702 4645 per
738 4575 914 4630 omnia
958 4577 1293 4645 signiﬁcavit,
1326 4579 1626 4648 bujusmodi
1673 4582 1872 4636 cultum
1921 4592 1975 4636 et
2013 4583 2172 4636 ritum

605 4666 884 4737 majestate
908 4682 1001 4720 sua
1032 4667 1187 4737 longe
1225 4667 1495 4736 indignum
1525 4685 1663 4724 esse.
1706 4670 1816 4725 Hoc
1843 4671 2018 4740 itaque
2057 4674 2170 4727 ait:

605 4758 829 4828 Propter
856 4772 951 4814 vos
983 4758 1098 4813 haec
1119 4757 1356 4823 toleravi,
1391 4772 1564 4826 neque
1591 4759 1672 4812 bis
1697 4774 1829 4826 Opus
1852 4761 2028 4815 habui.
2057 4762 2174 4816 Cal-

603 4867 721 4904 care
757 4851 943 4904 atrium
982 4867 1146 4904 meum
1191 4865 1291 4902 non
1346 4850 1626 4919 apponetis.
1675 4849 1776 4902 Aut
1821 4853 2173 4917 captivitatem

607 4944 863 5011 praedicit,
906 4954 997 4998 aut
1033 4944 1191 4998 etiam
1222 4943 1323 4997 hoc
1362 4950 1522 5004 vetat,
1563 4942 1682 5011 quia
1724 4955 1828 4996 non
1867 4955 1986 4994 cum
2031 4951 2176 4997 recto

604 5033 786 5087 animo
825 5034 1280 5104 ingrediebantur.
1323 5033 1409 5087 13.
1443 5033 1502 5087 Si
1530 5031 1750 5098 oﬂ'eratis
1778 5032 1901 5085 milii
1937 5033 2172 5100 similam,

604 5136 808 5176 sanum.
840 5124 1203 5180 Mandatorum
1247 5124 1387 5179 enim
1431 5123 1534 5177 alia
1566 5132 1780 5193 propter
1818 5138 1876 5177 se
1908 5123 2042 5192 ipsa,
2072 5124 2174 5177 alia

608 5215 764 5268 aliam
807 5214 876 5267 ob
906 5230 1118 5269 causam
1165 5215 1653 5279 constituebantur;
1700 5223 1755 5268 ut
1785 5215 1948 5269 Deum
1994 5229 2171 5280 nosse,

610 5322 713 5361 non
758 5304 1024 5370 occidere,
1077 5320 1180 5359 non
1229 5305 1504 5371 mceeharl,
1549 5313 1601 5358 et
1643 5320 1986 5374 qumcumque
2030 5303 2174 5370 talia,

666 5418 737 5478 (a)
767 5426 903 5478 Hnch
919 5416 1048 5478 enim
1077 5416 1298 5466 honorem
1319 5430 1402 5467 nos
1423 5415 1576 5467 sortiti
1594 5429 1771 5466 smnus.
1797 5424 1890 5467 Hoc
1912 5418 1978 5465 ait
1997 5420 2179 5478 Jupiter

602 5477 1292 5542 .iunonem__alloquens,Iliad.
1327 5479 1483 5542 (5‘49,
1518 5481 1731 5542 itemque
1762 5481 1943 5542 Jupiter
1979 5477 2178 5542 decrum

603 5547 780 5586 tantum
805 5539 1072 5594 alloquéns.
1105 5539 1236 5586 Iliad.
1263 5553 1306 5592 α,
1339 5539 1417 5594 ⁵10,
1438 5552 1544 5586 cum
1567 5540 1629 5586 de
1650 5539 1946 5586 restituendo
1965 5541 2179 5588 Hectoris

605 5554 780 5586 unum
805 5554 866 5586 all
935 5554 1072 5594 tiens,
1105 5554 1236 5586 Illa”.
1263 5554 1306 5592 Ω,
1341 5554 1417 5594 [υ.
1438 5554 1544 5586 cum
1567 5554 1629 5586 υρ
1650 5554 1946 5586 resutuenao
1965 5554 2179 5588 IIBCLM‘IS

605 5602 842 5649 c-davere
869 5554 1133 5662 (ἔξει-(ξων.
1161 5606 1257 5662 Il_oc
1279 5599 1581 5662 hemistichia
1604 5603 1750 5648 utitur
1773 5600 1883 5648 alibi
1909 5597 2179 5659 Chrys'Ostu-

603 5672 728 5720 uuis,
754 5668 808 5712 ut
826 5659 967 5723 supia
985 5696 1000 5722 ,
1029 5664 1078 5710 in
1103 5659 1280 5710 I’salmo
1306 5659 1382 5707 49.

2285 433 2502 492 propter
2528 427 2804 483 utilitatem
2853 431 2974 487 inde
3011 437 3406 502 provcnicntem
3444 443 3837 509 saneicbantur;

2283 515 2584 570 sacriﬁcare
2626 529 2821 584 autem,
2856 522 3130 577 incensum
3158 526 3373 594 oﬁ'erre,
3420 530 3694 585 sabbatum
3734 547 3838 588 ser-

2283 620 2426 670 vare,
2459 614 2511 660 et
2555 608 2742 663 similia
2773 626 3001 676 rursum,
3032 629 3137 669 non
3165 627 3221 670 ut
3243 617 3357 672 hate
3385 619 3571 674 ﬁerent
3595 623 3840 692 simplici-

2282 703 2382 760 ter,
2430 699 2520 749 sed
2561 706 2617 751 ut
2659 715 2724 752 ex
2771 715 2954 754 eorum
2999 705 3253 761 exercitio
3297 723 3326 761 a
3363 707 3661 765 daemonum
3700 713 3838 765 cultu

2279 784 2690 842 abducerentur.
2725 788 2856 855 Quia
2885 791 3041 860 igitur
3070 794 3181 848 haec
3205 795 3416 864 quidem
3447 800 3836 868 persolvebant,

2277 873 2370 928 sed
2409 875 2606 931 nullam
2646 877 2768 933 inde
2812 879 3086 937 utilitatem
3115 885 3494 953 percipiebant,
3532 888 3623 943 sed
3668 889 3841 944 adhuc

2277 964 2603 1021 daemonibus
2641 967 2834 1024 addicti
2876 982 3045 1039 erant,
3072 973 3192 1043 jure
3227 975 3340 1031 hmc
3367 992 3578 1047 quoque
3622 977 3842 1047 ejiciun-

2278 1067 2363 1113 tur
2391 1074 2405 1112 :
2435 1059 2858 1130 quandoquidem
2882 1065 3071 1119 merito
3097 1066 3215 1136 quis
3239 1067 3481 1122 arborem
3511 1069 3736 1130 excidat.
3763 1069 3842 1123 lo-

2274 1147 2359 1202 liis
2388 1157 2440 1203 et
2474 1151 2636 1205 ramis
2663 1163 2923 1216 ornatam,
2959 1154 3052 1208 sed
3079 1153 3250 1210 fructu
3278 1171 3517 1212 vacuam.
3545 1157 3674 1212 Nam
3698 1159 3841 1214 colo-

2275 1251 2374 1291 nus
2427 1253 2640 1294 omnem
2695 1256 2876 1296 curam
2924 1243 3062 1298 circa
3124 1247 3368 1302 arborem
3416 1247 3666 1312 adhibet,
3733 1265 3838 1304 non

2273 1331 2485 1385 corticis
2519 1340 2611 1386 aut
2649 1334 2820 1388 trunci
2863 1349 3039 1398 causa,
3079 1336 3172 1390 sed
3203 1346 3259 1390 ut
3299 1335 3526 1392 fructum
3565 1338 3837 1407 decerpat.

2274 1419 2541 1475 Incensum
2565 1422 2867 1478 abominatio
2889 1427 3008 1479 mihi
3038 1436 3126 1480 est.
3163 1427 3346 1482 Viden‘
3370 1443 3492 1482 eum
3518 1444 3622 1483 non
3649 1429 3716 1483 de
3745 1445 3838 1483 na-

2273 1519 2390 1564 tura
2427 1525 2610 1565 eorum
2637 1526 2754 1581 quae
2794 1513 2895 1568 sibi
2924 1513 3284 1570 oﬁerebantur
3307 1517 3544 1585 gavisum
3574 1532 3713 1584 esse,
3741 1518 3835 1573 sed

2272 1598 2603 1656 oﬁ‘erentium
2653 1611 2881 1657 mentem
2936 1604 3329 1674 exploravisse?
3374 1606 3496 1662 Ideo
3543 1606 3741 1662 fumum
3784 1618 3839 1662 et

2271 1691 2510 1747 nidorem
2537 1707 2602 1748 ex
2644 1692 2901 1748 sacriﬁcio
2929 1693 3040 1748 Noe
3083 1705 3384 1765 surgentem
3414 1696 3629 1752 odorem
3657 1699 3835 1752 suavi-

2270 1785 2394 1840 tatis
2423 1785 2648 1851 vocavit,
2675 1785 2944 1840 incensum
2974 1801 3102 1841 vero
3138 1788 3582 1842 abominationem
3611 1786 3760 1857 (Gen.
3778 1789 3831 1844 8.

2271 1868 2386 1942 2|).
2433 1873 2587 1939 Nam,
2616 1883 2673 1928 ut
2711 1873 2973 1942 dicebam,
3006 1891 3110 1930 non
3151 1885 3390 1930 naturam
3417 1876 3698 1944 donorum,
3738 1879 3833 1933 sed

2269 1963 2513 2020 allectum
2540 1965 2869 2020 offerentium
2908 1967 3148 2035 requirit.
3194 1968 3278 2022 14.
3309 1966 3612 2022 Neontenias
3649 1979 3834 2023 vestras

2277 2064 2322 2109 et
2351 2055 2576 2108 sabbata.
2623 2054 3017 2111 Observandum
3047 2066 3129 2112 est
3165 2071 3284 2113 eum
3315 2058 3446 2112 nihil
3490 2073 3672 2113 eorum
3715 2075 3831 2128 qua:

2270 2146 2566 2198 necessaria
2588 2154 2710 2199 sunt
2731 2144 3040 2212 excludere,
3069 2146 3160 2201 sed
3183 2147 3315 2211 haec,
3347 2162 3464 2217 qum
3491 2148 3649 2202 etiam
3678 2148 3833 2201 Chri-

2267 2243 2382 2287 stus
2414 2234 2700 2289 adveniens
2741 2234 3029 2305 abrogavit.
3067 2236 3418 2304 Quamobrem
3450 2237 3640 2292 Paulus
3668 2237 3833 2292 vehe-

2269 2325 2528 2379 mentiore
2567 2339 2693 2379 usus
2720 2340 2987 2393 sermone,
3028 2342 3146 2380 cum
3187 2337 3369 2382 contra
3395 2328 3607 2383 Judaeos
3628 2343 3831 2399 pugna-

2270 2423 2373 2480 ret,
2402 2428 2507 2468 non
2539 2414 2654 2469 haec
2673 2414 2863 2481 solum,
2898 2416 2990 2470 sed
3015 2426 3067 2470 et
3091 2417 3193 2470 alia
3225 2415 3306 2471 his
3332 2417 3554 2487 plurima
3583 2416 3830 2483 aﬁ‘erens,

2268 2519 2380 2570 eos,
2419 2505 2508 2575 qui
2548 2505 2678 2559 nihil
2717 2521 2780 2561 ex
2813 2521 2871 2561 se
2899 2505 3149 2578 (virtutis)
3175 2507 3508 2573 exhiberem,
3543 2507 3670 2561 nihil
3699 2506 3824 2562 inde

2271 2593 2403 2648 lucri
2450 2593 2651 2649 referre
2688 2595 2841 2660 dixit,
2875 2596 2954 2650 bis
2979 2594 3153 2650 verbis
3183 2614 3196 2650 :
3227 2595 3286 2650 Si
3326 2605 3490 2649 autem
3533 2605 3585 2647 tu
3621 2594 3830 2649 Iudicas

2268 2682 2656 2751 cognominaris,
2694 2692 2742 2734 et
2767 2683 3029 2752 requieseis
3056 2684 3107 2736 in
3144 2685 3273 2755 lege,
3298 2696 3344 2737 et
3372 2685 3604 2754 gloriaris
3625 2685 3675 2736 ir:
3702 2683 3826 2748 Deo,

2269 2782 2314 2825 et
2341 2772 2471 2826 nosti
2498 2773 2797 2825 voluntatem
2837 2774 2962 2842 ejus,
2997 2784 3042 2825 et
3073 2774 3255 2843 probas
3295 2775 3518 2839 utiliora,
3564 2775 3831 2826 instructus

2270 2879 2358 2929 per
2387 2864 2543 2933 legem
2570 2864 2742 2935 (Rom.
2785 2863 2840 2918 2.
2882 2865 2968 2918 ΓΙ.
3012 2865 3119 2935 18).
3165 2865 3231 2919 Ει
3260 2881 3478 2920 rursus:
3511 2865 3830 2918 Circumcisio

2268 2953 2465 3023 quidem
2486 2953 2706 3024 prodest,
2739 2955 2783 3008 si
2811 2954 2966 3024 legem
2995 2955 3250 3018 observes;
3278 2956 3321 3009 si
3343 2965 3506 3008 autem
3537 2957 3834 3021 prevarica-

2272 3052 2348 3096 tor
2362 3044 2452 3110 sis,
2471 3043 2779 3097 circumcisio
2798 3054 2883 3097 tua
2896 3046 3194 3116 pratputium
3224 3049 3356 3115 facta
3380 3055 3451 3100 est
3473 3043 3631 3113 (Ibid.
3651 3061 3696 3098 υ.
3714 3044 3828 3114 255).

2272 3131 2378 3188 Nec
2404 3133 2669 3203 quidpiam
2700 3133 2900 3188 fructus
2927 3150 3018 3189 eos
3051 3134 3173 3190 inde
3215 3135 3482 3205 percipere
3510 3135 3656 3200 dixit,
3691 3136 3831 3205 quod

2272 3221 2356 3276 lex
2385 3223 2462 3277 eis
2487 3222 2789 3279 concredita
2815 3223 2900 3288 sit,
2931 3225 3050 3293 quia
3081 3240 3184 3278 non
3219 3225 3554 3280 crediderunt
3578 3243 3592 3280 :
3617 3225 3665 3278 id
3693 3226 3832 3296 quod

2271 3313 2375 3367 alio
2427 3315 2585 3368 modo
2645 3314 2805 3368 David
2861 3315 3200 3370 subindicans
3263 3315 3468 3371 dicebat
3517 3333 3529 3367 :
3578 3315 3833 3371 Peccatort

2271 3413 2436 3454 autem
2479 3403 2605 3456 dixit
2655 3403 2789 3458 Deus
2827 3405 3038 3469 :Quare
3091 3414 3143 3458 tu
3187 3422 3388 3458 cnarras
3427 3407 3653 3475 justitias
3701 3424 3834 3459 meus

2271 3491 2444 3560 (Psal.
2477 3494 2566 3548 49.
2613 3493 2740 3564 l6)?
2773 3495 2904 3560 Quia
2945 3495 3084 3550 enim
3121 3494 3187 3548 de
3228 3496 3402 3549 audita
3444 3495 3666 3550 lectione
3706 3495 3836 3564 legis

2271 3599 2429 3652 supra
2457 3583 2669 3638 modum
2699 3585 2804 3638 alte
2833 3585 3130 3639 sentiebant
3157 3600 3273 3638 cum
3301 3585 3547 3653 operibus
3575 3588 3720 3639 vacui
3749 3601 3808 3639 es

2274 3683 2414 3737 seat,
2444 3689 2509 3727 ex
2542 3673 2642 3726 hac
2676 3674 2926 3742 jactantia
2967 3675 3124 3727 etiam
3154 3674 3346 3728 Paulus
3388 3675 3504 3728 illos
3536 3675 3837 3729 deturbavit

2274 3761 2457 3816 dicens
2487 3779 2499 3815 :
2532 3763 2628 3828 Qui
2654 3779 2769 3834 ergo
2792 3765 2946 3817 alium
2971 3763 3139 3829 doces,
3172 3765 3382 3834 teipsum
3409 3782 3506 3818 non
3538 3767 3724 3819 doces?
3748 3768 3834 3834 qui

2277 3855 2519 3923 pradicas
2561 3870 2661 3907 non
2699 3854 3006 3923 furandum,
3048 3855 3234 3922 furoris
3281 3854 3454 3923 (Rom.
3502 3856 3555 3908 ‘2.
3600 3854 3731 3920 21)?
3774 3857 3839 3908 Et

2276 3942 2437 3997 David
2482 3943 2723 3998 similiter
2769 3942 2948 3997 dicens
2978 3962 2990 3997 :
3025 3942 3087 3998 Si
3136 3943 3333 3996 videbas
3380 3948 3562 4014 furem,
3607 3946 3840 3998 currebas

2276 4050 2389 4088 cum
2438 4050 2523 4096 eo,
2569 4044 2612 4087 et
2665 4049 2777 4086 cum
2821 4032 3061 4087 adulteris
3106 4033 3381 4102 portionem
3428 4043 3566 4086 tuam
3618 4034 3837 4102 ponebas

2277 4121 2451 4192 (Psal.
2477 4123 2564 4179 49.
2593 4121 2700 4192 18).
2740 4119 2808 4175 Et
2834 4121 2965 4176 diem
2994 4138 3228 4192 magnum
3259 4139 3356 4174 non
3384 4122 3610 4175 admitto.
3644 4123 3840 4177 Pente-

2275 4221 2455 4267 costen
2487 4212 2634 4278 dicit,
2667 4212 3069 4282 Scenopegiatn,
3104 4212 3322 4277 Pascha,
3354 4223 3407 4267 et
3437 4213 3665 4283 reliquas
3690 4214 3841 4267 ecle~

2276 4303 2516 4358 britatcs.
2542 4302 2806 4372 Jejunium
2831 4312 2876 4355 et
2905 4304 3208 4357 uacationem
3234 4303 3294 4356 ab
3321 4320 3486 4373 opere,
3522 4313 3566 4357 et
3595 4304 3841 4372 festivita-

2278 4404 2348 4447 tes
2371 4403 2556 4447 uestras
2585 4393 2689 4446 odit
2717 4393 2887 4446 anima
2927 4409 3054 4446 mea.
3084 4393 3324 4448 Humano
3359 4409 3508 4447 more
3539 4394 3682 4461 ipsos
3705 4393 3843 4446 allo-

2276 4483 2475 4552 quitur.
2519 4480 2667 4534 Facti
2695 4481 2809 4535 estis
2852 4480 2976 4534 mihi
3003 4480 3070 4533 ad
3106 4482 3418 4534 satietatem:
3445 4479 3511 4534 ad
3553 4477 3844 4546 fastidiunt,

2277 4571 2342 4626 ad
2381 4571 2579 4626 odium.
2625 4569 2681 4624 Id
2721 4570 2836 4639 ejus
2879 4570 3193 4625 ineﬁ'abilem
3238 4570 3546 4640 patientiam
3587 4570 3842 4635 ostendit,

2279 4663 2419 4735 quod
2466 4678 2608 4733 smpe
2657 4672 2938 4732 peccantes
2984 4662 3185 4729 tulerit,
3227 4677 3324 4716 nec
3365 4662 3510 4731 prius
3554 4662 3847 4716 vindictam

2280 4755 2583 4825 sumpserit,
2618 4769 2774 4824 quam
2811 4755 3057 4824 nequitiae
3097 4753 3455 4823 magnitudine
3481 4754 3650 4823 ipsum
3675 4754 3850 4807 scele-

2280 4847 2346 4899 sti
2373 4845 2662 4899 evocarint.
2695 4844 2813 4896 Non
2842 4844 2975 4897 ultra
3011 4845 3258 4897 remittam
3283 4853 3485 4912 peccata
3513 4854 3690 4898 vestra.
3724 4843 3849 4898 Non

2282 4935 2414 4987 ultra
2444 4931 2631 5000 patiar.
2661 4932 2890 5001 ldipsum
2924 4941 3001 4986 est
3030 4937 3081 4986 la
3107 4932 3246 5003 quod
3275 4934 3350 4988 ait
3375 4933 3538 4988 David
3567 4950 3581 4987 :
3612 4931 3734 4986 Htec
3760 4935 3850 5002 [e-

2280 5021 2410 5084 cisti,
2431 5029 2475 5073 et
2503 5021 2635 5074 tacui
2658 5020 2825 5091 (Psal.
2850 5022 2938 5076 49.
2960 5020 3023 5074 2i
3040 5025 3078 5088 ).

2354 5108 2524 5162 Oratio
2547 5110 2734 5162 inutilis
2763 5119 2832 5163 est
2856 5125 2968 5162 cum
2990 5111 3100 5177 quis
3122 5121 3393 5180 perseverat
3414 5110 3466 5163 in
3491 5111 3726 5179 peccatis.
3757 5136 3836 5152 κ

2282 5198 2316 5254 5
2330 5238 2340 5249 .
2353 5197 2476 5253 Cum
2500 5199 2812 5253 extenderitis
2832 5216 3009 5253 manus
3026 5212 3211 5256 uestras
3228 5202 3294 5254 ad
3317 5216 3410 5264 me,
3433 5211 3651 5253 avertam
3671 5209 3821 5254 oculo
3833 5220 3860 5256 s

2283 5304 2415 5341 meos
2441 5305 2472 5340 α
2506 5288 2638 5342 vobis
2662 5304 2680 5341 :
2708 5297 2753 5342 et
2781 5289 2823 5342 si
2839 5291 3278 5360 multiplicaveritis
3303 5289 3720 5357 deprecationem,
3743 5306 3815 5343 no
3831 5307 3868 5344 η

2283 5376 2569 5430 exaudiam.
2610 5376 2734 5432 Inde
2775 5377 2938 5447 liquet
2965 5379 3161 5433 nullam
3193 5391 3309 5433 esse
3347 5377 3600 5431 orationis
3647 5379 3857 5433 utilita—

2287 5479 2390 5523 tem
2411 5509 2426 5534 ,
2474 5469 2852 5537 quantumlibet
2874 5471 3023 5540 longa
3051 5470 3119 5525 sit
3164 5469 3372 5540 quando
3397 5470 3442 5524 is
3465 5469 3555 5539 qui
3581 5479 3857 5540 precatur,

2288 5560 2338 5612 in
2382 5561 2610 5628 peccatis
2640 5572 2955 5629 perseverat.
2986 5563 3124 5617 Nihil
3171 5563 3308 5617 enim
3366 5562 3542 5616 virtuti
3581 5578 3673 5630 par
3721 5572 3810 5617 est
3835 5605 3858 5633 ,

2286 5663 2490 5704 necmm
2540 5649 2652 5704 voci
2702 5666 2818 5721 qua:
2869 5667 2962 5722 per
3008 5667 3165 5722 opera
3213 5653 3601 5723 comprobatur.
3645 5650 3855 5709 Manus
