  <div class='ocr_page' id='page_1' title='image "/cluster/home/n/w/nwhite01/storage/ocr_20150623/56/nnc1.0114695758/026.png"; bbox 0 0 4058 6216; ppageno 0'>
   <div class='ocr_carea' id='block_1_1' title="bbox 215 407 2216 475">
    <p class='ocr_par' dir='ltr' id='par_1_1' title="bbox 215 407 2216 475">
     <span class='ocr_line' id='line_1_1' title="bbox 215 407 2216 475; baseline 0.006 -21"><span class='ocrx_word' id='word_1_1' title='bbox 215 416 291 471; x_wconf 84' lang='lat'>19</span> <span class='ocrx_word' id='word_1_2' title='bbox 1603 408 1667 461; x_wconf 79' lang='lat' dir='ltr'>IN</span> <span class='ocrx_word' id='word_1_3' title='bbox 1707 407 1955 475; x_wconf 73' lang='lat' dir='ltr'>ISMAM,</span> <span class='ocrx_word' id='word_1_4' title='bbox 1993 412 2138 467; x_wconf 82' lang='lat' dir='ltr'>CAP.</span> <span class='ocrx_word' id='word_1_5' title='bbox 2179 412 2216 466; x_wconf 94' lang='grc'>1.</span> 
     </span>
    </p>
   </div>
   <div class='ocr_carea' id='block_1_2' title="bbox 3524 438 3596 491">
    <p class='ocr_par' dir='ltr' id='par_1_2' title="bbox 3524 438 3596 491">
     <span class='ocr_line' id='line_1_2' title="bbox 3524 438 3596 491; baseline 0 0"><span class='ocrx_word' id='word_1_6' title='bbox 3524 438 3596 491; x_wconf 82' lang='grc'>20</span> 
     </span>
    </p>
   </div>
   <div class='ocr_carea' id='block_1_3' title="bbox 198 514 3593 603">
    <p class='ocr_par' dir='ltr' id='par_1_3' title="bbox 198 514 3593 603">
     <span class='ocr_line' id='line_1_3' title="bbox 198 514 3593 603; baseline 0.004 -30"><span class='ocrx_word' id='word_1_7' title='bbox 198 520 373 592; x_wconf 74' lang='grc' dir='ltr'>ἄλλης</span> <span class='ocrx_word' id='word_1_8' title='bbox 396 520 596 603; x_wconf 77' lang='grc' dir='ltr'>ἀρετῆς</span> <span class='ocrx_word' id='word_1_9' title='bbox 624 514 761 577; x_wconf 74' lang='grc' dir='ltr'>εἶναι</span> <span class='ocrx_word' id='word_1_10' title='bbox 790 521 1003 593; x_wconf 69' lang='grc' dir='ltr'>ἔρημοι,</span> <span class='ocrx_word' id='word_1_11' title='bbox 1023 520 1140 575; x_wconf 68' lang='grc' dir='ltr'>ἀντὶ</span> <span class='ocrx_word' id='word_1_12' title='bbox 1169 519 1429 592; x_wconf 72' lang='grc' dir='ltr'>μεγίστης</span> <span class='ocrx_word' id='word_1_13' title='bbox 1444 520 1731 589; x_wconf 74' lang='grc' dir='ltr'>ἀπολογίας</span> <span class='ocrx_word' id='word_1_14' title='bbox 1756 520 1853 583; x_wconf 82' lang='grc' dir='ltr'>τὰς</span> <span class='ocrx_word' id='word_1_15' title='bbox 1960 524 2058 593; x_wconf 80' lang='grc' dir='ltr'>μὲν</span> <span class='ocrx_word' id='word_1_16' title='bbox 2081 526 2378 592; x_wconf 75' lang='grc' dir='ltr'><strong>ἐπετέλουν,</strong></span> <span class='ocrx_word' id='word_1_17' title='bbox 2416 526 2478 579; x_wconf 76' lang='grc' dir='ltr'>τὸ</span> <span class='ocrx_word' id='word_1_18' title='bbox 2496 527 2557 581; x_wconf 79' lang='grc' dir='ltr'>δὲ</span> <span class='ocrx_word' id='word_1_19' title='bbox 2591 527 2650 592; x_wconf 83' lang='grc' dir='ltr'>ἐξ</span> <span class='ocrx_word' id='word_1_20' title='bbox 2676 526 2853 582; x_wconf 86' lang='grc' dir='ltr'>αὐτῶν</span> <span class='ocrx_word' id='word_1_21' title='bbox 2889 528 2990 583; x_wconf 89' lang='grc' dir='ltr'>οὐκ</span> <span class='ocrx_word' id='word_1_22' title='bbox 3017 528 3348 600; x_wconf 71' lang='grc' dir='ltr'>ἐκαρποῦντο</span> <span class='ocrx_word' id='word_1_23' title='bbox 3374 532 3559 603; x_wconf 79' lang='grc' dir='ltr'>κέρδος</span> <span class='ocrx_word' id='word_1_24' title='bbox 3575 570 3593 595; x_wconf 86' lang='grc'>.</span> 
     </span>
    </p>
   </div>
   <div class='ocr_carea' id='block_1_4' title="bbox 200 598 1847 676">
    <p class='ocr_par' dir='ltr' id='par_1_4' title="bbox 200 598 1847 676">
     <span class='ocr_line' id='line_1_4' title="bbox 200 598 1847 676; baseline 0.003 -18"><span class='ocrx_word' id='word_1_25' title='bbox 200 606 399 669; x_wconf 85' lang='grc' dir='ltr'>θυσίας</span> <span class='ocrx_word' id='word_1_26' title='bbox 441 598 847 676; x_wconf 64' lang='grc' dir='ltr'>προεϐάλλοντο,</span> <span class='ocrx_word' id='word_1_27' title='bbox 893 606 966 672; x_wconf 83' lang='grc' dir='ltr'>ὡς</span> <span class='ocrx_word' id='word_1_28' title='bbox 1016 606 1250 676; x_wconf 86' lang='grc' dir='ltr'>συνεχῶς</span> <span class='ocrx_word' id='word_1_29' title='bbox 1274 605 1440 669; x_wconf 87' lang='grc' dir='ltr'>αὐτάς</span> <span class='ocrx_word' id='word_1_30' title='bbox 1460 604 1847 668; x_wconf 81' lang='grc' dir='ltr'>ἐπιτελοῦντες,</span> 
     </span>
    </p>
   </div>
   <div class='ocr_carea' id='block_1_5' title="bbox 200 690 1847 764">
    <p class='ocr_par' dir='ltr' id='par_1_5' title="bbox 200 690 1847 764">
     <span class='ocr_line' id='line_1_5' title="bbox 200 690 1847 764; baseline 0.001 -22"><span class='ocrx_word' id='word_1_31' title='bbox 200 690 428 754; x_wconf 85' lang='grc' dir='ltr'>εἰκότως</span> <span class='ocrx_word' id='word_1_32' title='bbox 459 693 713 764; x_wconf 77' lang='grc' dir='ltr'>ἑκάτερος</span> <span class='ocrx_word' id='word_1_33' title='bbox 738 694 767 745; x_wconf 98' lang='lat'>6</span> <span class='ocrx_word' id='word_1_34' title='bbox 799 693 1102 763; x_wconf 77' lang='grc' dir='ltr'>προφήτης,</span> <span class='ocrx_word' id='word_1_35' title='bbox 1156 692 1351 761; x_wconf 78' lang='grc' dir='ltr'>μᾶλλον</span> <span class='ocrx_word' id='word_1_36' title='bbox 1391 692 1447 745; x_wconf 75' lang='grc' dir='ltr'>δέ</span> <span class='ocrx_word' id='word_1_37' title='bbox 1492 693 1585 745; x_wconf 78' lang='grc' dir='ltr'>καὶ</span> <span class='ocrx_word' id='word_1_38' title='bbox 1623 693 1671 745; x_wconf 88' lang='grc' dir='ltr'>οἰ</span> <span class='ocrx_word' id='word_1_39' title='bbox 1701 691 1847 745; x_wconf 73' lang='grc' dir='ltr'>ἄλλοι</span> 
     </span>
    </p>
   </div>
   <div class='ocr_carea' id='block_1_6' title="bbox 200 776 1849 847">
    <p class='ocr_par' dir='ltr' id='par_1_6' title="bbox 200 776 1849 847">
     <span class='ocr_line' id='line_1_6' title="bbox 200 776 1849 847; baseline 0.002 -20"><span class='ocrx_word' id='word_1_40' title='bbox 200 776 428 839; x_wconf 83' lang='grc' dir='ltr'>πάντες,</span> <span class='ocrx_word' id='word_1_41' title='bbox 454 777 656 847; x_wconf 81' lang='grc' dir='ltr'>ταύτης</span> <span class='ocrx_word' id='word_1_42' title='bbox 677 776 1023 830; x_wconf 87' lang='grc' dir='ltr'>ἐκϐάλλουσιν</span> <span class='ocrx_word' id='word_1_43' title='bbox 1038 778 1231 840; x_wconf 85' lang='grc' dir='ltr'>αὐτοὺς</span> <span class='ocrx_word' id='word_1_44' title='bbox 1245 778 1341 846; x_wconf 86' lang='grc' dir='ltr'>τῆς</span> <span class='ocrx_word' id='word_1_45' title='bbox 1356 776 1665 844; x_wconf 81' lang='grc' dir='ltr'>ἀπολογίας.</span> <span class='ocrx_word' id='word_1_46' title='bbox 1689 777 1849 830; x_wconf 83' lang='grc' dir='ltr'>Ὅθεν</span> 
     </span>
    </p>
   </div>
   <div class='ocr_carea' id='block_1_7' title="bbox 201 859 1849 934">
    <p class='ocr_par' dir='ltr' id='par_1_7' title="bbox 201 859 1849 934">
     <span class='ocr_line' id='line_1_7' title="bbox 201 859 1849 934; baseline 0.001 -23"><span class='ocrx_word' id='word_1_47' title='bbox 201 859 386 930; x_wconf 84' lang='grc' dir='ltr'>δῆλον,</span> <span class='ocrx_word' id='word_1_48' title='bbox 418 863 499 915; x_wconf 84' lang='grc' dir='ltr'>ὅτι</span> <span class='ocrx_word' id='word_1_49' title='bbox 535 862 594 915; x_wconf 88' lang='grc' dir='ltr'>οὐ</span> <span class='ocrx_word' id='word_1_50' title='bbox 617 862 1036 934; x_wconf 72' lang='grc' dir='ltr'>προηγουμένως</span> <span class='ocrx_word' id='word_1_51' title='bbox 1063 862 1221 915; x_wconf 79' lang='grc' dir='ltr'>αὐταὶ</span> <span class='ocrx_word' id='word_1_52' title='bbox 1257 861 1531 931; x_wconf 86' lang='grc' dir='ltr'>ἐδόθησαν,</span> <span class='ocrx_word' id='word_1_53' title='bbox 1568 861 1681 914; x_wconf 87' lang='grc' dir='ltr'>ἀλλ’</span> <span class='ocrx_word' id='word_1_54' title='bbox 1712 862 1849 915; x_wconf 80' lang='grc' dir='ltr'>ὥστε</span> 
     </span>
    </p>
   </div>
   <div class='ocr_carea' id='block_1_8' title="bbox 203 946 1852 1018">
    <p class='ocr_par' dir='ltr' id='par_1_8' title="bbox 203 946 1852 1018">
     <span class='ocr_line' id='line_1_8' title="bbox 203 946 1852 1018; baseline 0.002 -20"><span class='ocrx_word' id='word_1_55' title='bbox 203 947 581 1015; x_wconf 81' lang='grc' dir='ltr'>παιδαγωγίαν</span> <span class='ocrx_word' id='word_1_56' title='bbox 616 947 866 1016; x_wconf 85' lang='grc' dir='ltr'>γενέσθαι</span> <span class='ocrx_word' id='word_1_57' title='bbox 910 948 1008 1018; x_wconf 85' lang='grc' dir='ltr'>τῆς</span> <span class='ocrx_word' id='word_1_58' title='bbox 1055 947 1220 1018; x_wconf 75' lang='grc' dir='ltr'>ἄλλης</span> <span class='ocrx_word' id='word_1_59' title='bbox 1252 946 1497 1001; x_wconf 80' lang='grc' dir='ltr'>ἐντεῦθεν</span> <span class='ocrx_word' id='word_1_60' title='bbox 1548 948 1728 1011; x_wconf 78' lang='grc' dir='ltr'>αὐτοῖς</span> <span class='ocrx_word' id='word_1_61' title='bbox 1758 965 1852 1001; x_wconf 70' lang='grc' dir='ltr'>ποα-</span> 
     </span>
    </p>
   </div>
   <div class='ocr_carea' id='block_1_9' title="bbox 200 1030 1852 1103">
    <p class='ocr_par' dir='ltr' id='par_1_9' title="bbox 200 1030 1852 1103">
     <span class='ocr_line' id='line_1_9' title="bbox 200 1030 1852 1103; baseline 0.004 -22"><span class='ocrx_word' id='word_1_62' title='bbox 200 1030 431 1094; x_wconf 85' lang='grc' dir='ltr'>λιτείας.</span> <span class='ocrx_word' id='word_1_63' title='bbox 471 1032 625 1087; x_wconf 78' lang='grc' dir='ltr'>Ἐπεὶ</span> <span class='ocrx_word' id='word_1_64' title='bbox 658 1031 717 1084; x_wconf 82' lang='grc' dir='ltr'>δέ</span> <span class='ocrx_word' id='word_1_65' title='bbox 755 1031 861 1087; x_wconf 90' lang='grc' dir='ltr'>τῶν</span> <span class='ocrx_word' id='word_1_66' title='bbox 901 1033 1209 1102; x_wconf 78' lang='grc' dir='ltr'>ἀναγκαίων</span> <span class='ocrx_word' id='word_1_67' title='bbox 1256 1033 1682 1098; x_wconf 78' lang='grc' dir='ltr'>κατεπειγόντων</span> <span class='ocrx_word' id='word_1_68' title='bbox 1718 1033 1852 1103; x_wconf 76' lang='grc' dir='ltr'>άμεο</span> 
     </span>
    </p>
   </div>
   <div class='ocr_carea' id='block_1_10' title="bbox 201 1114 1853 1189">
    <p class='ocr_par' dir='ltr' id='par_1_10' title="bbox 201 1114 1853 1189">
     <span class='ocr_line' id='line_1_10' title="bbox 201 1114 1853 1189; baseline 0.003 -24"><span class='ocrx_word' id='word_1_69' title='bbox 201 1114 445 1179; x_wconf 82' lang='grc' dir='ltr'>λοῦντες,</span> <span class='ocrx_word' id='word_1_70' title='bbox 478 1117 537 1169; x_wconf 83' lang='grc' dir='ltr'>ἐν</span> <span class='ocrx_word' id='word_1_71' title='bbox 568 1116 773 1180; x_wconf 84' lang='grc' dir='ltr'>τούτοις</span> <span class='ocrx_word' id='word_1_72' title='bbox 790 1117 1102 1187; x_wconf 89' lang='grc' dir='ltr'>ἠσχόληντο,</span> <span class='ocrx_word' id='word_1_73' title='bbox 1128 1117 1245 1169; x_wconf 84' lang='grc' dir='ltr'>οὐδέ</span> <span class='ocrx_word' id='word_1_74' title='bbox 1273 1117 1469 1181; x_wconf 90' lang='grc' dir='ltr'>ταύτας</span> <span class='ocrx_word' id='word_1_75' title='bbox 1488 1118 1668 1171; x_wconf 82' lang='grc' dir='ltr'>λοιπὸν</span> <span class='ocrx_word' id='word_1_76' title='bbox 1688 1134 1853 1189; x_wconf 86' lang='grc' dir='ltr'>προσ-</span> 
     </span>
    </p>
   </div>
   <div class='ocr_carea' id='block_1_11' title="bbox 205 1198 1849 1271">
    <p class='ocr_par' dir='ltr' id='par_1_11' title="bbox 205 1198 1849 1271">
     <span class='ocr_line' id='line_1_11' title="bbox 205 1198 1849 1271; baseline 0.004 -22"><span class='ocrx_word' id='word_1_77' title='bbox 205 1198 382 1251; x_wconf 59' lang='grc' dir='ltr'>ίεσθαί</span> <span class='ocrx_word' id='word_1_78' title='bbox 406 1211 433 1239; x_wconf 77' lang='grc' dir='ltr'>ι</span> <span class='ocrx_word' id='word_1_79' title='bbox 459 1216 621 1270; x_wconf 88' lang='grc' dir='ltr'>φησιν</span> <span class='ocrx_word' id='word_1_80' title='bbox 650 1202 679 1253; x_wconf 94' lang='lat'>6</span> <span class='ocrx_word' id='word_1_81' title='bbox 703 1200 850 1263; x_wconf 82' lang='grc' dir='ltr'>Θεός.</span> <span class='ocrx_word' id='word_1_82' title='bbox 880 1201 1033 1255; x_wconf 78' lang='grc' dir='ltr'>Οὐδὲ</span> <span class='ocrx_word' id='word_1_83' title='bbox 1071 1200 1146 1255; x_wconf 81' lang='grc' dir='ltr'>ἂν</span> <span class='ocrx_word' id='word_1_84' title='bbox 1165 1201 1421 1271; x_wconf 72' lang='grc' dir='ltr'>ἕρχησθε</span> <span class='ocrx_word' id='word_1_85' title='bbox 1457 1202 1713 1271; x_wconf 73' lang='grc' dir='ltr'>ὀφθῆναί</span> <span class='ocrx_word' id='word_1_86' title='bbox 1728 1219 1849 1271; x_wconf 86' lang='grc' dir='ltr'>μοι.</span> 
     </span>
    </p>
   </div>
   <div class='ocr_carea' id='block_1_12' title="bbox 215 1283 1852 1357">
    <p class='ocr_par' dir='ltr' id='par_1_12' title="bbox 215 1283 1852 1357">
     <span class='ocr_line' id='line_1_12' title="bbox 215 1283 1852 1357; baseline 0.002 -21"><span class='ocrx_word' id='word_1_87' title='bbox 215 1283 346 1335; x_wconf 76' lang='grc' dir='ltr'>Ἐὰν</span> <span class='ocrx_word' id='word_1_88' title='bbox 380 1285 785 1357; x_wconf 78' lang='grc' dir='ltr'>παραγένησθε,</span> <span class='ocrx_word' id='word_1_89' title='bbox 821 1287 1006 1356; x_wconf 76' lang='grc' dir='ltr'>φησὶν,</span> <span class='ocrx_word' id='word_1_90' title='bbox 1041 1288 1120 1350; x_wconf 91' lang='grc' dir='ltr'>εἰς</span> <span class='ocrx_word' id='word_1_91' title='bbox 1161 1287 1253 1341; x_wconf 81' lang='grc' dir='ltr'>τὸν</span> <span class='ocrx_word' id='word_1_92' title='bbox 1287 1288 1430 1342; x_wconf 91' lang='grc' dir='ltr'>ναόν.</span> <span class='ocrx_word' id='word_1_93' title='bbox 1485 1290 1578 1354; x_wconf 83' lang='grc' dir='ltr'>Τίς</span> <span class='ocrx_word' id='word_1_94' title='bbox 1608 1289 1718 1357; x_wconf 72' lang='grc' dir='ltr'>γὰρ</span> <span class='ocrx_word' id='word_1_95' title='bbox 1753 1288 1852 1351; x_wconf 63' lang='lat' dir='ltr'><em>6E-</em></span> 
     </span>
    </p>
   </div>
   <div class='ocr_carea' id='block_1_13' title="bbox 201 1366 1853 1443">
    <p class='ocr_par' dir='ltr' id='par_1_13' title="bbox 201 1366 1853 1443">
     <span class='ocr_line' id='line_1_13' title="bbox 201 1366 1853 1443; baseline 0.005 -24"><span class='ocrx_word' id='word_1_96' title='bbox 201 1366 454 1436; x_wconf 79' lang='grc' dir='ltr'>εζήτησε</span> <span class='ocrx_word' id='word_1_97' title='bbox 495 1372 681 1424; x_wconf 86' lang='grc' dir='ltr'>ταῦτα</span> <span class='ocrx_word' id='word_1_98' title='bbox 710 1372 778 1425; x_wconf 79' lang='grc' dir='ltr'>ἐκ</span> <span class='ocrx_word' id='word_1_99' title='bbox 810 1370 929 1424; x_wconf 85' lang='grc' dir='ltr'>τῶν</span> <span class='ocrx_word' id='word_1_100' title='bbox 971 1371 1181 1440; x_wconf 85' lang='grc' dir='ltr'>χειρῶν</span> <span class='ocrx_word' id='word_1_101' title='bbox 1216 1372 1413 1442; x_wconf 87' lang='grc' dir='ltr'>ὐμῶν;</span> <span class='ocrx_word' id='word_1_102' title='bbox 1459 1375 1567 1427; x_wconf 99' lang='lat' dir='ltr'>Kal</span> <span class='ocrx_word' id='word_1_103' title='bbox 1598 1375 1701 1443; x_wconf 88' lang='grc' dir='ltr'>μήν</span> <span class='ocrx_word' id='word_1_104' title='bbox 1737 1373 1853 1426; x_wconf 86' lang='grc' dir='ltr'>όλό-</span> 
     </span>
    </p>
   </div>
   <div class='ocr_carea' id='block_1_14' title="bbox 204 1454 1853 1529">
    <p class='ocr_par' dir='ltr' id='par_1_14' title="bbox 204 1454 1853 1529">
     <span class='ocr_line' id='line_1_14' title="bbox 204 1454 1853 1529; baseline 0.004 -24"><span class='ocrx_word' id='word_1_105' title='bbox 204 1454 408 1524; x_wconf 87' lang='grc' dir='ltr'>κληρον</span> <span class='ocrx_word' id='word_1_106' title='bbox 439 1455 716 1523; x_wconf 87' lang='grc' dir='ltr'>σύγκειται</span> <span class='ocrx_word' id='word_1_107' title='bbox 769 1454 967 1525; x_wconf 83' lang='grc' dir='ltr'>βιϐλίον</span> <span class='ocrx_word' id='word_1_108' title='bbox 992 1457 1053 1511; x_wconf 78' lang='grc' dir='ltr'>τὸ</span> <span class='ocrx_word' id='word_1_109' title='bbox 1078 1459 1356 1512; x_wconf 78' lang='grc' dir='ltr'>Λευιτικὸν</span> <span class='ocrx_word' id='word_1_110' title='bbox 1385 1460 1690 1529; x_wconf 87' lang='grc' dir='ltr'>λεγόμενον,</span> <span class='ocrx_word' id='word_1_111' title='bbox 1728 1459 1853 1529; x_wconf 78' lang='grc' dir='ltr'>περὶ</span> 
     </span>
    </p>
   </div>
   <div class='ocr_carea' id='block_1_15' title="bbox 208 1539 1854 1614">
    <p class='ocr_par' dir='ltr' id='par_1_15' title="bbox 208 1539 1854 1614">
     <span class='ocr_line' id='line_1_15' title="bbox 208 1539 1854 1614; baseline 0.002 -23"><span class='ocrx_word' id='word_1_112' title='bbox 208 1539 313 1607; x_wconf 89' lang='grc' dir='ltr'>τῆς</span> <span class='ocrx_word' id='word_1_113' title='bbox 344 1540 450 1592; x_wconf 89' lang='grc' dir='ltr'>τῶν</span> <span class='ocrx_word' id='word_1_114' title='bbox 482 1540 680 1593; x_wconf 83' lang='grc' dir='ltr'>θυσιῶν</span> <span class='ocrx_word' id='word_1_115' title='bbox 708 1540 989 1612; x_wconf 89' lang='grc' dir='ltr'>ἀκριϐείας</span> <span class='ocrx_word' id='word_1_116' title='bbox 1024 1543 1363 1614; x_wconf 87' lang='grc' dir='ltr'>νομοθετοῦν.</span> <span class='ocrx_word' id='word_1_117' title='bbox 1394 1544 1503 1598; x_wconf 75' lang='grc' dir='ltr'>Καὶ</span> <span class='ocrx_word' id='word_1_118' title='bbox 1538 1544 1595 1596; x_wconf 87' lang='grc' dir='ltr'>ἐν</span> <span class='ocrx_word' id='word_1_119' title='bbox 1618 1543 1695 1613; x_wconf 83' lang='grc' dir='ltr'>τῷ</span> <span class='ocrx_word' id='word_1_120' title='bbox 1726 1545 1854 1595; x_wconf 88' lang='grc' dir='ltr'>Δευ-</span> 
     </span>
    </p>
   </div>
   <div class='ocr_carea' id='block_1_16' title="bbox 202 1624 1852 1697">
    <p class='ocr_par' dir='ltr' id='par_1_16' title="bbox 202 1624 1852 1697">
     <span class='ocr_line' id='line_1_16' title="bbox 202 1624 1852 1697; baseline 0.004 -24"><span class='ocrx_word' id='word_1_121' title='bbox 202 1624 504 1694; x_wconf 84' lang='grc' dir='ltr'>τερονομίῳ</span> <span class='ocrx_word' id='word_1_122' title='bbox 534 1625 590 1676; x_wconf 81' lang='grc' dir='ltr'>δὲ</span> <span class='ocrx_word' id='word_1_123' title='bbox 618 1624 711 1677; x_wconf 78' lang='grc' dir='ltr'>καὶ</span> <span class='ocrx_word' id='word_1_124' title='bbox 730 1627 788 1679; x_wconf 86' lang='grc' dir='ltr'>ἐν</span> <span class='ocrx_word' id='word_1_125' title='bbox 815 1625 1021 1697; x_wconf 77' lang='grc' dir='ltr'>ἑτέροις</span> <span class='ocrx_word' id='word_1_126' title='bbox 1045 1627 1249 1680; x_wconf 88' lang='grc' dir='ltr'>πλείοσι</span> <span class='ocrx_word' id='word_1_127' title='bbox 1276 1628 1456 1680; x_wconf 79' lang='grc' dir='ltr'>πολλοὶ</span> <span class='ocrx_word' id='word_1_128' title='bbox 1496 1628 1622 1695; x_wconf 72' lang='grc' dir='ltr'>περὶ</span> <span class='ocrx_word' id='word_1_129' title='bbox 1654 1627 1852 1681; x_wconf 88' lang='grc' dir='ltr'>τούτων</span> 
     </span>
    </p>
   </div>
   <div class='ocr_carea' id='block_1_17' title="bbox 204 1708 1855 1781">
    <p class='ocr_par' dir='ltr' id='par_1_17' title="bbox 204 1708 1855 1781">
     <span class='ocr_line' id='line_1_17' title="bbox 204 1708 1855 1781; baseline 0.004 -22"><span class='ocrx_word' id='word_1_130' title='bbox 204 1709 315 1760; x_wconf 77' lang='grc' dir='ltr'>εἰσὶ</span> <span class='ocrx_word' id='word_1_131' title='bbox 338 1708 721 1780; x_wconf 78' lang='grc' dir='ltr'>διεσπαρμένοι</span> <span class='ocrx_word' id='word_1_132' title='bbox 750 1712 920 1781; x_wconf 89' lang='grc' dir='ltr'>νόμοι.</span> <span class='ocrx_word' id='word_1_133' title='bbox 940 1712 1063 1775; x_wconf 87' lang='grc' dir='ltr'>Πῶς</span> <span class='ocrx_word' id='word_1_134' title='bbox 1095 1709 1186 1765; x_wconf 78' lang='grc' dir='ltr'>οὖν</span> <span class='ocrx_word' id='word_1_135' title='bbox 1214 1729 1366 1781; x_wconf 90' lang='grc' dir='ltr'>φησι,</span> <span class='ocrx_word' id='word_1_136' title='bbox 1405 1713 1496 1777; x_wconf 88' lang='grc' dir='ltr'>Τίς</span> <span class='ocrx_word' id='word_1_137' title='bbox 1536 1712 1855 1781; x_wconf 71' lang='grc' dir='ltr'>έξεζῆτησε</span> 
     </span>
    </p>
   </div>
   <div class='ocr_carea' id='block_1_18' title="bbox 204 1793 1854 1871">
    <p class='ocr_par' dir='ltr' id='par_1_18' title="bbox 204 1793 1854 1871">
     <span class='ocr_line' id='line_1_18' title="bbox 204 1793 1854 1871; baseline 0.005 -26"><span class='ocrx_word' id='word_1_138' title='bbox 204 1793 395 1848; x_wconf 86' lang='grc' dir='ltr'>ταῦτα</span> <span class='ocrx_word' id='word_1_139' title='bbox 416 1796 483 1848; x_wconf 71' lang='grc' dir='ltr'>ἐκ</span> <span class='ocrx_word' id='word_1_140' title='bbox 509 1795 628 1849; x_wconf 90' lang='grc' dir='ltr'>τῶν</span> <span class='ocrx_word' id='word_1_141' title='bbox 647 1797 861 1865; x_wconf 79' lang='grc' dir='ltr'>χειρῶν</span> <span class='ocrx_word' id='word_1_142' title='bbox 887 1799 1092 1867; x_wconf 82' lang='grc' dir='ltr'>ὑμῶν;</span> <span class='ocrx_word' id='word_1_143' title='bbox 1123 1797 1238 1852; x_wconf 84' lang='grc' dir='ltr'>ἰνα</span> <span class='ocrx_word' id='word_1_144' title='bbox 1263 1799 1458 1871; x_wconf 80' lang='grc' dir='ltr'>μάθῃς,</span> <span class='ocrx_word' id='word_1_145' title='bbox 1487 1800 1567 1853; x_wconf 83' lang='grc' dir='ltr'>ὅτι</span> <span class='ocrx_word' id='word_1_146' title='bbox 1615 1802 1675 1853; x_wconf 91' lang='grc' dir='ltr'>οὐ</span> <span class='ocrx_word' id='word_1_147' title='bbox 1724 1817 1854 1869; x_wconf 89' lang='grc' dir='ltr'>προ-</span> 
     </span>
    </p>
   </div>
   <div class='ocr_carea' id='block_1_19' title="bbox 204 1876 1850 1955">
    <p class='ocr_par' dir='ltr' id='par_1_19' title="bbox 204 1876 1850 1955">
     <span class='ocr_line' id='line_1_19' title="bbox 204 1876 1850 1955; baseline 0.005 -24"><span class='ocrx_word' id='word_1_148' title='bbox 204 1878 508 1949; x_wconf 84' lang='grc' dir='ltr'>ηγούμενον</span> <span class='ocrx_word' id='word_1_149' title='bbox 533 1876 600 1951; x_wconf 83' lang='grc' dir='ltr'>ἦν</span> <span class='ocrx_word' id='word_1_150' title='bbox 628 1881 761 1934; x_wconf 83' lang='grc' dir='ltr'>Θεοῦ</span> <span class='ocrx_word' id='word_1_151' title='bbox 786 1882 1017 1953; x_wconf 84' lang='grc' dir='ltr'>θέλημα,</span> <span class='ocrx_word' id='word_1_152' title='bbox 1048 1882 1109 1935; x_wconf 77' lang='grc' dir='ltr'>τὸ</span> <span class='ocrx_word' id='word_1_153' title='bbox 1138 1883 1206 1937; x_wconf 88' lang='grc' dir='ltr'>τά</span> <span class='ocrx_word' id='word_1_154' title='bbox 1233 1884 1453 1937; x_wconf 83' lang='grc' dir='ltr'>τοιαῦτα</span> <span class='ocrx_word' id='word_1_155' title='bbox 1503 1887 1807 1955; x_wconf 81' lang='grc' dir='ltr'>νομοθετεῖν</span> <span class='ocrx_word' id='word_1_156' title='bbox 1836 1927 1850 1949; x_wconf 94' lang='grc'>,</span> 
     </span>
    </p>
   </div>
   <div class='ocr_carea' id='block_1_20' title="bbox 206 1964 1855 2043">
    <p class='ocr_par' dir='ltr' id='par_1_20' title="bbox 206 1964 1855 2043">
     <span class='ocr_line' id='line_1_20' title="bbox 206 1964 1855 2043; baseline 0.006 -27"><span class='ocrx_word' id='word_1_157' title='bbox 206 1964 323 2016; x_wconf 84' lang='grc' dir='ltr'>ἀλλ’</span> <span class='ocrx_word' id='word_1_158' title='bbox 356 1966 465 2019; x_wconf 82' lang='grc' dir='ltr'>ἀπὸ</span> <span class='ocrx_word' id='word_1_159' title='bbox 496 1967 593 2036; x_wconf 84' lang='grc' dir='ltr'>τῆς</span> <span class='ocrx_word' id='word_1_160' title='bbox 616 1968 1095 2032; x_wconf 89' lang='grc' dir='ltr'>αὐτῶνάσθενείας</span> <span class='ocrx_word' id='word_1_161' title='bbox 1125 1968 1220 2039; x_wconf 86' lang='grc' dir='ltr'>τήν</span> <span class='ocrx_word' id='word_1_162' title='bbox 1249 1969 1420 2039; x_wconf 82' lang='grc' dir='ltr'>ἀρχὴν</span> <span class='ocrx_word' id='word_1_163' title='bbox 1444 1970 1632 2024; x_wconf 74' lang='grc' dir='ltr'>ἐλαϐεν</span> <span class='ocrx_word' id='word_1_164' title='bbox 1664 1974 1696 2041; x_wconf 82' lang='grc' dir='ltr'>ἠ</span> <span class='ocrx_word' id='word_1_165' title='bbox 1728 1975 1855 2043; x_wconf 75' lang='grc' dir='ltr'>περὶ</span> 
     </span>
    </p>
   </div>
   <div class='ocr_carea' id='block_1_21' title="bbox 204 2048 1853 2123">
    <p class='ocr_par' dir='ltr' id='par_1_21' title="bbox 204 2048 1853 2123">
     <span class='ocr_line' id='line_1_21' title="bbox 204 2048 1853 2123; baseline 0.007 -24"><span class='ocrx_word' id='word_1_166' title='bbox 204 2048 411 2102; x_wconf 85' lang='grc' dir='ltr'>τούτων</span> <span class='ocrx_word' id='word_1_167' title='bbox 458 2050 765 2120; x_wconf 89' lang='grc' dir='ltr'>νομοθεσία.</span> <span class='ocrx_word' id='word_1_168' title='bbox 802 2052 1010 2122; x_wconf 81' lang='grc' dir='ltr'>Ὥσπερ</span> <span class='ocrx_word' id='word_1_169' title='bbox 1059 2052 1166 2122; x_wconf 86' lang='grc' dir='ltr'>γὰρ</span> <span class='ocrx_word' id='word_1_170' title='bbox 1211 2053 1310 2106; x_wconf 89' lang='grc' dir='ltr'>οὐκ</span> <span class='ocrx_word' id='word_1_171' title='bbox 1339 2054 1583 2107; x_wconf 82' lang='grc' dir='ltr'>ἐϐούλετο</span> <span class='ocrx_word' id='word_1_172' title='bbox 1626 2060 1853 2123; x_wconf 83' lang='grc' dir='ltr'>γυναῖκα</span> 
     </span>
    </p>
   </div>
   <div class='ocr_carea' id='block_1_22' title="bbox 206 2133 1854 2209">
    <p class='ocr_par' dir='ltr' id='par_1_22' title="bbox 206 2133 1854 2209">
     <span class='ocr_line' id='line_1_22' title="bbox 206 2133 1854 2209; baseline 0.006 -25"><span class='ocrx_word' id='word_1_173' title='bbox 206 2133 533 2188; x_wconf 76' lang='grc' dir='ltr'>ἑκϐαλέσθαι</span> <span class='ocrx_word' id='word_1_174' title='bbox 573 2135 669 2205; x_wconf 86' lang='grc' dir='ltr'>τήν</span> <span class='ocrx_word' id='word_1_175' title='bbox 716 2136 858 2203; x_wconf 78' lang='grc' dir='ltr'>ᾶπαξ</span> <span class='ocrx_word' id='word_1_176' title='bbox 892 2137 1041 2209; x_wconf 81' lang='grc' dir='ltr'>ἀνδρὶ</span> <span class='ocrx_word' id='word_1_177' title='bbox 1077 2139 1463 2207; x_wconf 84' lang='grc' dir='ltr'>συναφθεῖσαν,</span> <span class='ocrx_word' id='word_1_178' title='bbox 1518 2141 1770 2209; x_wconf 80' lang='grc' dir='ltr'>μειζόνων</span> <span class='ocrx_word' id='word_1_179' title='bbox 1800 2143 1854 2194; x_wconf 78' lang='grc' dir='ltr'>δὲ</span> 
     </span>
    </p>
   </div>
   <div class='ocr_carea' id='block_1_23' title="bbox 208 2218 1852 2292">
    <p class='ocr_par' dir='ltr' id='par_1_23' title="bbox 208 2218 1852 2292">
     <span class='ocr_line' id='line_1_23' title="bbox 208 2218 1852 2292; baseline 0.004 -22"><span class='ocrx_word' id='word_1_180' title='bbox 208 2218 490 2271; x_wconf 77' lang='grc' dir='ltr'>ἐκκόπτων</span> <span class='ocrx_word' id='word_1_181' title='bbox 543 2220 726 2273; x_wconf 84' lang='grc' dir='ltr'>κακῶν</span> <span class='ocrx_word' id='word_1_182' title='bbox 765 2219 792 2257; x_wconf 71' lang='grc' dir='ltr'>δ</span> <span class='ocrx_word' id='word_1_183' title='bbox 819 2258 834 2283; x_wconf 92' lang='grc'>,</span> <span class='ocrx_word' id='word_1_184' title='bbox 892 2222 953 2274; x_wconf 80' lang='grc' dir='ltr'>τὸ</span> <span class='ocrx_word' id='word_1_185' title='bbox 1017 2221 1090 2291; x_wconf 85' lang='grc' dir='ltr'>μή</span> <span class='ocrx_word' id='word_1_186' title='bbox 1154 2222 1521 2292; x_wconf 68' lang='grc' dir='ltr'>κωλυομένους</span> <span class='ocrx_word' id='word_1_187' title='bbox 1571 2224 1814 2277; x_wconf 81' lang='grc' dir='ltr'>ἐκϐαλεῖν</span> <span class='ocrx_word' id='word_1_188' title='bbox 1837 2264 1852 2287; x_wconf 89' lang='grc'>,</span> 
     </span>
    </p>
   </div>
   <div class='ocr_carea' id='block_1_24' title="bbox 209 2302 1856 2377">
    <p class='ocr_par' dir='ltr' id='par_1_24' title="bbox 209 2302 1856 2377">
     <span class='ocr_line' id='line_1_24' title="bbox 209 2302 1856 2377; baseline 0.004 -22"><span class='ocrx_word' id='word_1_189' title='bbox 209 2302 617 2369; x_wconf 76' lang='grc' dir='ltr'>ἀναγκάζεσθαι</span> <span class='ocrx_word' id='word_1_190' title='bbox 642 2304 897 2371; x_wconf 84' lang='grc' dir='ltr'>σφάττειν</span> <span class='ocrx_word' id='word_1_191' title='bbox 926 2306 1073 2365; x_wconf 70' lang='grc' dir='ltr'>ινδον</span> <span class='ocrx_word' id='word_1_192' title='bbox 1103 2306 1265 2369; x_wconf 83' lang='grc' dir='ltr'>οῦσας</span> <span class='ocrx_word' id='word_1_193' title='bbox 1294 2308 1386 2359; x_wconf 82' lang='grc' dir='ltr'>καὶ</span> <span class='ocrx_word' id='word_1_194' title='bbox 1422 2309 1769 2377; x_wconf 89' lang='grc' dir='ltr'>μισουμένας,</span> <span class='ocrx_word' id='word_1_195' title='bbox 1799 2313 1856 2361; x_wconf 84' lang='grc' dir='ltr'>τὸ</span> 
     </span>
    </p>
   </div>
   <div class='ocr_carea' id='block_1_25' title="bbox 208 2386 1857 2462">
    <p class='ocr_par' dir='ltr' id='par_1_25' title="bbox 208 2386 1857 2462">
     <span class='ocr_line' id='line_1_25' title="bbox 208 2386 1857 2462; baseline 0.006 -26"><span class='ocrx_word' id='word_1_196' title='bbox 208 2386 430 2439; x_wconf 82' lang='grc' dir='ltr'>ἐλαττον</span> <span class='ocrx_word' id='word_1_197' title='bbox 462 2388 831 2458; x_wconf 80' lang='grc' dir='ltr'>συνεχώρησεν</span> <span class='ocrx_word' id='word_1_198' title='bbox 857 2404 870 2417; x_wconf 89' lang='grc'>·</span> <span class='ocrx_word' id='word_1_199' title='bbox 908 2388 1049 2443; x_wconf 77' lang='grc' dir='ltr'>οὕτω</span> <span class='ocrx_word' id='word_1_200' title='bbox 1063 2391 1126 2462; x_wconf 82' lang='grc' dir='ltr'>δὴ</span> <span class='ocrx_word' id='word_1_201' title='bbox 1149 2392 1240 2443; x_wconf 78' lang='grc' dir='ltr'>καὶ</span> <span class='ocrx_word' id='word_1_202' title='bbox 1268 2391 1519 2454; x_wconf 85' lang='grc' dir='ltr'>ἐνταῦθα,</span> <span class='ocrx_word' id='word_1_203' title='bbox 1555 2392 1774 2445; x_wconf 84' lang='grc' dir='ltr'>κωλύων</span> <span class='ocrx_word' id='word_1_204' title='bbox 1797 2394 1857 2446; x_wconf 83' lang='grc' dir='ltr'>τὸ</span> 
     </span>
    </p>
   </div>
   <div class='ocr_carea' id='block_1_26' title="bbox 208 2470 1857 2551">
    <p class='ocr_par' dir='ltr' id='par_1_26' title="bbox 208 2470 1857 2551">
     <span class='ocr_line' id='line_1_26' title="bbox 208 2470 1857 2551; baseline 0.005 -28"><span class='ocrx_word' id='word_1_205' title='bbox 208 2470 425 2540; x_wconf 84' lang='grc' dir='ltr'>δαίμοσι</span> <span class='ocrx_word' id='word_1_206' title='bbox 454 2472 619 2539; x_wconf 84' lang='grc' dir='ltr'>θύειν,</span> <span class='ocrx_word' id='word_1_207' title='bbox 649 2475 962 2540; x_wconf 82' lang='grc' dir='ltr'>κατεδέξατο</span> <span class='ocrx_word' id='word_1_208' title='bbox 998 2477 1133 2547; x_wconf 81' lang='grc' dir='ltr'>ὅπερ</span> <span class='ocrx_word' id='word_1_209' title='bbox 1171 2477 1268 2529; x_wconf 88' lang='grc' dir='ltr'>οὐκ</span> <span class='ocrx_word' id='word_1_210' title='bbox 1292 2477 1558 2543; x_wconf 85' lang='grc' dir='ltr'>ἐϐούλετο,</span> <span class='ocrx_word' id='word_1_211' title='bbox 1600 2479 1665 2531; x_wconf 82' lang='grc' dir='ltr'>ἵν’</span> <span class='ocrx_word' id='word_1_212' title='bbox 1718 2480 1857 2551; x_wconf 85' lang='grc' dir='ltr'>ὅπερ</span> 
     </span>
    </p>
   </div>
   <div class='ocr_carea' id='block_1_27' title="bbox 209 2556 1856 2634">
    <p class='ocr_par' dir='ltr' id='par_1_27' title="bbox 209 2556 1856 2634">
     <span class='ocr_line' id='line_1_27' title="bbox 209 2556 1856 2634; baseline 0.006 -26"><span class='ocrx_word' id='word_1_213' title='bbox 209 2556 461 2610; x_wconf 82' lang='grc' dir='ltr'>ἐϐούλετο</span> <span class='ocrx_word' id='word_1_214' title='bbox 504 2558 838 2631; x_wconf 79' lang='grc' dir='ltr'>κατορθώσῃ.</span> <span class='ocrx_word' id='word_1_215' title='bbox 882 2561 1052 2614; x_wconf 92' lang='grc' dir='ltr'>Τοῦτο</span> <span class='ocrx_word' id='word_1_216' title='bbox 1086 2562 1214 2629; x_wconf 89' lang='grc' dir='ltr'>γοῦν</span> <span class='ocrx_word' id='word_1_217' title='bbox 1246 2564 1375 2615; x_wconf 85' lang='grc' dir='ltr'>αὐτὸ</span> <span class='ocrx_word' id='word_1_218' title='bbox 1409 2564 1567 2617; x_wconf 90' lang='grc' dir='ltr'>πάλιν</span> <span class='ocrx_word' id='word_1_219' title='bbox 1606 2564 1784 2634; x_wconf 84' lang='grc' dir='ltr'>Ἀμὼς</span> <span class='ocrx_word' id='word_1_220' title='bbox 1828 2569 1856 2618; x_wconf 97' lang='lat'>6</span> 
     </span>
    </p>
   </div>
   <div class='ocr_carea' id='block_1_28' title="bbox 210 2644 1856 2716">
    <p class='ocr_par' dir='ltr' id='par_1_28' title="bbox 210 2644 1856 2716">
     <span class='ocr_line' id='line_1_28' title="bbox 210 2644 1856 2716; baseline 0.005 -24"><span class='ocrx_word' id='word_1_221' title='bbox 210 2644 495 2711; x_wconf 78' lang='grc' dir='ltr'>προφήτης</span> <span class='ocrx_word' id='word_1_222' title='bbox 512 2645 909 2714; x_wconf 81' lang='grc' dir='ltr'>ἐνδεικνύμενος</span> <span class='ocrx_word' id='word_1_223' title='bbox 926 2646 1080 2715; x_wconf 70' lang='grc' dir='ltr'>ἔλεγε</span> <span class='ocrx_word' id='word_1_224' title='bbox 1098 2663 1111 2678; x_wconf 91' lang='grc'>·</span> <span class='ocrx_word' id='word_1_225' title='bbox 1144 2646 1237 2714; x_wconf 78' lang='grc' dir='ltr'>Μὴ</span> <span class='ocrx_word' id='word_1_226' title='bbox 1266 2647 1489 2716; x_wconf 70' lang='grc' dir='ltr'>σφάγια</span> <span class='ocrx_word' id='word_1_227' title='bbox 1518 2648 1615 2701; x_wconf 79' lang='grc' dir='ltr'>καὶ</span> <span class='ocrx_word' id='word_1_228' title='bbox 1644 2650 1856 2714; x_wconf 81' lang='grc' dir='ltr'>θυσίας</span> 
     </span>
    </p>
   </div>
   <div class='ocr_carea' id='block_1_29' title="bbox 213 2728 1853 2799">
    <p class='ocr_par' dir='ltr' id='par_1_29' title="bbox 213 2728 1853 2799">
     <span class='ocr_line' id='line_1_29' title="bbox 213 2728 1853 2799; baseline 0.004 -20"><span class='ocrx_word' id='word_1_229' title='bbox 213 2728 663 2797; x_wconf 71' lang='grc' dir='ltr'>προσηνέγκατέ</span> <span class='ocrx_word' id='word_1_230' title='bbox 683 2747 783 2798; x_wconf 86' lang='grc' dir='ltr'>μοι</span> <span class='ocrx_word' id='word_1_231' title='bbox 803 2732 904 2796; x_wconf 78' lang='grc' dir='ltr'>ἐτη</span> <span class='ocrx_word' id='word_1_232' title='bbox 932 2730 1406 2797; x_wconf 69' lang='grc' dir='ltr'>τεσσαράκοντας</span> <span class='ocrx_word' id='word_1_233' title='bbox 1439 2732 1599 2799; x_wconf 76' lang='grc' dir='ltr'>λέγει</span> <span class='ocrx_word' id='word_1_234' title='bbox 1622 2733 1853 2798; x_wconf 86' lang='grc' dir='ltr'>Κύριος.</span> 
     </span>
    </p>
   </div>
   <div class='ocr_carea' id='block_1_30' title="bbox 213 2811 1858 2883">
    <p class='ocr_par' dir='ltr' id='par_1_30' title="bbox 213 2811 1858 2883">
     <span class='ocr_line' id='line_1_30' title="bbox 213 2811 1858 2883; baseline 0.004 -22"><span class='ocrx_word' id='word_1_235' title='bbox 213 2811 326 2863; x_wconf 80' lang='lat' dir='ltr'>Kal</span> <span class='ocrx_word' id='word_1_236' title='bbox 349 2814 378 2863; x_wconf 93' lang='lat'>6</span> <span class='ocrx_word' id='word_1_237' title='bbox 423 2813 688 2881; x_wconf 83' lang='grc' dir='ltr'>Ἱερεμίας</span> <span class='ocrx_word' id='word_1_238' title='bbox 730 2814 786 2866; x_wconf 88' lang='grc' dir='ltr'>δέ</span> <span class='ocrx_word' id='word_1_239' title='bbox 817 2830 1007 2883; x_wconf 89' lang='grc' dir='ltr'>φησιν·</span> <span class='ocrx_word' id='word_1_240' title='bbox 1050 2815 1132 2866; x_wconf 85' lang='grc' dir='ltr'>Οὐ</span> <span class='ocrx_word' id='word_1_241' title='bbox 1163 2813 1343 2867; x_wconf 85' lang='grc' dir='ltr'>ταῦτά</span> <span class='ocrx_word' id='word_1_242' title='bbox 1368 2815 1555 2879; x_wconf 81' lang='grc' dir='ltr'>ἐστιν,</span> <span class='ocrx_word' id='word_1_243' title='bbox 1584 2814 1623 2867; x_wconf 79' lang='grc' dir='ltr'>ἁ</span> <span class='ocrx_word' id='word_1_244' title='bbox 1647 2816 1858 2868; x_wconf 75' lang='grc' dir='ltr'>ἐνετει-</span> 
     </span>
    </p>
   </div>
   <div class='ocr_carea' id='block_1_31' title="bbox 212 2896 1099 2967">
    <p class='ocr_par' dir='ltr' id='par_1_31' title="bbox 212 2896 1099 2967">
     <span class='ocr_line' id='line_1_31' title="bbox 212 2896 1099 2967; baseline 0.007 -20"><span class='ocrx_word' id='word_1_245' title='bbox 212 2896 416 2963; x_wconf 70' lang='grc' dir='ltr'>λάμην</span> <span class='ocrx_word' id='word_1_246' title='bbox 446 2897 568 2963; x_wconf 84' lang='grc' dir='ltr'>τοῖς</span> <span class='ocrx_word' id='word_1_247' title='bbox 595 2898 890 2966; x_wconf 81' lang='grc' dir='ltr'>πατράσιν</span> <span class='ocrx_word' id='word_1_248' title='bbox 916 2898 1099 2967; x_wconf 84' lang='grc' dir='ltr'>ὑμῶν.</span> 
     </span>
    </p>
   </div>
   <div class='ocr_carea' id='block_1_32' title="bbox 286 3029 1858 3105">
    <p class='ocr_par' dir='ltr' id='par_1_32' title="bbox 286 3029 1858 3105">
     <span class='ocr_line' id='line_1_32' title="bbox 286 3029 1858 3105; baseline 0.004 -25"><span class='ocrx_word' id='word_1_249' title='bbox 286 3034 347 3081; x_wconf 86' lang='grc' dir='ltr'>ε’.</span> <span class='ocrx_word' id='word_1_250' title='bbox 390 3029 603 3101; x_wconf 85' lang='grc' dir='ltr'>Ἐπειδὴ</span> <span class='ocrx_word' id='word_1_251' title='bbox 642 3030 746 3101; x_wconf 83' lang='grc' dir='ltr'>γὰρ</span> <span class='ocrx_word' id='word_1_252' title='bbox 784 3032 877 3084; x_wconf 77' lang='grc' dir='ltr'>καὶ</span> <span class='ocrx_word' id='word_1_253' title='bbox 922 3031 1167 3101; x_wconf 86' lang='grc' dir='ltr'>δαίμονες</span> <span class='ocrx_word' id='word_1_254' title='bbox 1202 3032 1385 3086; x_wconf 86' lang='grc' dir='ltr'>τοῦτον</span> <span class='ocrx_word' id='word_1_255' title='bbox 1425 3033 1858 3105; x_wconf 80' lang='grc' dir='ltr'>ἐθεραπεύθησαν</span> 
     </span>
    </p>
   </div>
   <div class='ocr_carea' id='block_1_33' title="bbox 214 3111 1859 3189">
    <p class='ocr_par' dir='ltr' id='par_1_33' title="bbox 214 3111 1859 3189">
     <span class='ocr_line' id='line_1_33' title="bbox 214 3111 1859 3189; baseline 0.005 -24"><span class='ocrx_word' id='word_1_256' title='bbox 214 3114 307 3166; x_wconf 63' lang='grc' dir='ltr'>τόν</span> <span class='ocrx_word' id='word_1_257' title='bbox 329 3114 541 3184; x_wconf 84' lang='grc' dir='ltr'>τρόπον,</span> <span class='ocrx_word' id='word_1_258' title='bbox 567 3117 657 3169; x_wconf 78' lang='grc' dir='ltr'>καὶ</span> <span class='ocrx_word' id='word_1_259' title='bbox 682 3117 839 3181; x_wconf 81' lang='grc' dir='ltr'>αὐτὸς</span> <span class='ocrx_word' id='word_1_260' title='bbox 854 3111 1022 3181; x_wconf 76' lang='grc' dir='ltr'>οὗτος,</span> <span class='ocrx_word' id='word_1_261' title='bbox 1049 3118 1131 3171; x_wconf 83' lang='grc' dir='ltr'>ἵνα</span> <span class='ocrx_word' id='word_1_262' title='bbox 1153 3119 1387 3189; x_wconf 87' lang='grc' dir='ltr'>μηδεμία</span> <span class='ocrx_word' id='word_1_263' title='bbox 1416 3122 1525 3183; x_wconf 82' lang='grc' dir='ltr'>τοῖς</span> <span class='ocrx_word' id='word_1_264' title='bbox 1548 3120 1859 3173; x_wconf 86' lang='grc' dir='ltr'>ἀσθενεστέ-</span> 
     </span>
    </p>
   </div>
   <div class='ocr_carea' id='block_1_34' title="bbox 218 3202 1857 3275">
    <p class='ocr_par' dir='ltr' id='par_1_34' title="bbox 218 3202 1857 3275">
     <span class='ocr_line' id='line_1_34' title="bbox 218 3202 1857 3275; baseline 0.005 -24"><span class='ocrx_word' id='word_1_265' title='bbox 218 3217 335 3269; x_wconf 80' lang='grc' dir='ltr'>ροις</span> <span class='ocrx_word' id='word_1_266' title='bbox 365 3202 608 3254; x_wconf 86' lang='grc' dir='ltr'>ἐντεῦθεν</span> <span class='ocrx_word' id='word_1_267' title='bbox 640 3202 909 3265; x_wconf 87' lang='grc' dir='ltr'>ἀπωλείας</span> <span class='ocrx_word' id='word_1_268' title='bbox 943 3206 1161 3274; x_wconf 86' lang='grc' dir='ltr'>γένηται</span> <span class='ocrx_word' id='word_1_269' title='bbox 1194 3205 1474 3275; x_wconf 88' lang='grc' dir='ltr'>πρόφασις,</span> <span class='ocrx_word' id='word_1_270' title='bbox 1517 3206 1745 3274; x_wconf 88' lang='grc' dir='ltr'>συνεχῶς</span> <span class='ocrx_word' id='word_1_271' title='bbox 1773 3207 1857 3260; x_wconf 80' lang='grc' dir='ltr'>διὰ</span> 
     </span>
    </p>
   </div>
   <div class='ocr_carea' id='block_1_35' title="bbox 217 3284 1857 3361">
    <p class='ocr_par' dir='ltr' id='par_1_35' title="bbox 217 3284 1857 3361">
     <span class='ocr_line' id='line_1_35' title="bbox 217 3284 1857 3361; baseline 0.006 -27"><span class='ocrx_word' id='word_1_272' title='bbox 217 3284 435 3336; x_wconf 84' lang='grc' dir='ltr'>πάντων</span> <span class='ocrx_word' id='word_1_273' title='bbox 473 3284 642 3339; x_wconf 86' lang='grc' dir='ltr'>ταῦτά</span> <span class='ocrx_word' id='word_1_274' title='bbox 679 3304 809 3355; x_wconf 92' lang='grc' dir='ltr'>φησι</span> <span class='ocrx_word' id='word_1_275' title='bbox 857 3287 963 3340; x_wconf 89' lang='grc' dir='ltr'>τῶν</span> <span class='ocrx_word' id='word_1_276' title='bbox 1016 3289 1325 3359; x_wconf 83' lang='grc' dir='ltr'>προφητῶν.</span> <span class='ocrx_word' id='word_1_277' title='bbox 1366 3291 1587 3342; x_wconf 85' lang='grc' dir='ltr'>Ἐκεῖνοι</span> <span class='ocrx_word' id='word_1_278' title='bbox 1625 3292 1719 3359; x_wconf 84' lang='grc' dir='ltr'>μὲν</span> <span class='ocrx_word' id='word_1_279' title='bbox 1752 3292 1857 3361; x_wconf 90' lang='grc' dir='ltr'>γάρ</span> 
     </span>
    </p>
   </div>
   <div class='ocr_carea' id='block_1_36' title="bbox 217 3369 1858 3446">
    <p class='ocr_par' dir='ltr' id='par_1_36' title="bbox 217 3369 1858 3446">
     <span class='ocr_line' id='line_1_36' title="bbox 217 3369 1858 3446; baseline 0.005 -26"><span class='ocrx_word' id='word_1_280' title='bbox 217 3369 313 3421; x_wconf 74' lang='grc' dir='ltr'>καὶ</span> <span class='ocrx_word' id='word_1_281' title='bbox 364 3371 435 3439; x_wconf 80' lang='grc' dir='ltr'>μὴ</span> <span class='ocrx_word' id='word_1_282' title='bbox 471 3371 758 3440; x_wconf 81' lang='grc' dir='ltr'>διδομένων</span> <span class='ocrx_word' id='word_1_283' title='bbox 791 3373 1147 3441; x_wconf 79' lang='grc' dir='ltr'>ἠγανάκτουν,</span> <span class='ocrx_word' id='word_1_284' title='bbox 1192 3375 1285 3427; x_wconf 75' lang='grc' dir='ltr'>καὶ</span> <span class='ocrx_word' id='word_1_285' title='bbox 1316 3375 1548 3445; x_wconf 87' lang='grc' dir='ltr'>συνεχῶς</span> <span class='ocrx_word' id='word_1_286' title='bbox 1605 3375 1717 3446; x_wconf 79' lang='grc'><strong>[10]</strong></span> <span class='ocrx_word' id='word_1_287' title='bbox 1763 3378 1858 3428; x_wconf 67' lang='grc' dir='ltr'>ἐπα</span> 
     </span>
    </p>
   </div>
   <div class='ocr_carea' id='block_1_37' title="bbox 217 3454 1857 3524">
    <p class='ocr_par' dir='ltr' id='par_1_37' title="bbox 217 3454 1857 3524">
     <span class='ocr_line' id='line_1_37' title="bbox 217 3454 1857 3524; baseline 0.005 -19"><span class='ocrx_word' id='word_1_288' title='bbox 217 3454 536 3524; x_wconf 79' lang='grc' dir='ltr'>έκειντοτήν</span> <span class='ocrx_word' id='word_1_289' title='bbox 585 3456 807 3510; x_wconf 83' lang='grc' dir='ltr'>κνίσσαν</span> <span class='ocrx_word' id='word_1_290' title='bbox 857 3458 947 3509; x_wconf 77' lang='grc' dir='ltr'>καὶ</span> <span class='ocrx_word' id='word_1_291' title='bbox 990 3458 1079 3509; x_wconf 79' lang='grc' dir='ltr'>τὸν</span> <span class='ocrx_word' id='word_1_292' title='bbox 1112 3459 1314 3511; x_wconf 83' lang='grc' dir='ltr'>καπνὸν</span> <span class='ocrx_word' id='word_1_293' title='bbox 1361 3460 1714 3522; x_wconf 78' lang='grc' dir='ltr'>ἀπαιτοῦντες</span> <span class='ocrx_word' id='word_1_294' title='bbox 1767 3463 1857 3513; x_wconf 82' lang='grc' dir='ltr'>καὶ</span> 
     </span>
    </p>
   </div>
   <div class='ocr_carea' id='block_1_38' title="bbox 217 3536 496 3603">
    <p class='ocr_par' dir='ltr' id='par_1_38' title="bbox 217 3536 496 3603">
     <span class='ocr_line' id='line_1_38' title="bbox 217 3536 496 3603; baseline 0.011 -17"><span class='ocrx_word' id='word_1_295' title='bbox 217 3536 467 3603; x_wconf 81' lang='grc' dir='ltr'>λέγοντες</span> <span class='ocrx_word' id='word_1_296' title='bbox 482 3555 496 3569; x_wconf 91' lang='grc'>·</span> 
     </span>
    </p>
   </div>
   <div class='ocr_carea' id='block_1_39' title="bbox 590 3660 1498 3731">
    <p class='ocr_par' dir='ltr' id='par_1_39' title="bbox 590 3660 1498 3731">
     <span class='ocr_line' id='line_1_39' title="bbox 590 3660 1498 3731; baseline -0.003 -1"><span class='ocrx_word' id='word_1_297' title='bbox 590 3660 659 3715; x_wconf 82' lang='grc' dir='ltr'><em>Τὸ</em></span> <span class='ocrx_word' id='word_1_298' title='bbox 689 3661 794 3730; x_wconf 74' lang='grc' dir='ltr'>γὰρ</span> <span class='ocrx_word' id='word_1_299' title='bbox 820 3661 1082 3730; x_wconf 76' lang='grc' dir='ltr'>λάχομεν</span> <span class='ocrx_word' id='word_1_300' title='bbox 1109 3661 1280 3730; x_wconf 77' lang='grc' dir='ltr'>γέρας</span> <span class='ocrx_word' id='word_1_301' title='bbox 1312 3662 1498 3731; x_wconf 74' lang='grc' dir='ltr'>ἡμεῖςο</span> 
     </span>
    </p>
   </div>
   <div class='ocr_carea' id='block_1_40' title="bbox 287 3795 1854 3868">
    <p class='ocr_par' dir='ltr' id='par_1_40' title="bbox 287 3795 1854 3868">
     <span class='ocr_line' id='line_1_40' title="bbox 287 3795 1854 3868; baseline 0.001 -19"><span class='ocrx_word' id='word_1_302' title='bbox 287 3797 457 3858; x_wconf 81' lang='grc' dir='ltr'>Αὐτὸς</span> <span class='ocrx_word' id='word_1_303' title='bbox 481 3797 538 3849; x_wconf 84' lang='grc' dir='ltr'>δέ</span> <span class='ocrx_word' id='word_1_304' title='bbox 569 3795 690 3850; x_wconf 76' lang='grc' dir='ltr'>οὔτε</span> <span class='ocrx_word' id='word_1_305' title='bbox 727 3796 786 3861; x_wconf 80' lang='grc' dir='ltr'>ἐξ</span> <span class='ocrx_word' id='word_1_306' title='bbox 810 3797 981 3868; x_wconf 88' lang='grc' dir='ltr'>ἀρχῆς</span> <span class='ocrx_word' id='word_1_307' title='bbox 1004 3797 1190 3868; x_wconf 70' lang='grc' dir='ltr'>ᾔτησε,</span> <span class='ocrx_word' id='word_1_308' title='bbox 1233 3798 1324 3851; x_wconf 69' lang='grc' dir='ltr'>καὶ</span> <span class='ocrx_word' id='word_1_309' title='bbox 1351 3797 1508 3867; x_wconf 75' lang='grc' dir='ltr'>ἡνίκα</span> <span class='ocrx_word' id='word_1_310' title='bbox 1555 3798 1854 3864; x_wconf 80' lang='grc' dir='ltr'>ἐκέλευσεν,</span> 
     </span>
    </p>
   </div>
   <div class='ocr_carea' id='block_1_41' title="bbox 218 3882 1859 3957">
    <p class='ocr_par' dir='ltr' id='par_1_41' title="bbox 218 3882 1859 3957">
     <span class='ocr_line' id='line_1_41' title="bbox 218 3882 1859 3957; baseline 0.001 -23"><span class='ocrx_word' id='word_1_311' title='bbox 218 3882 437 3945; x_wconf 77' lang='grc' dir='ltr'>εδειξεν,</span> <span class='ocrx_word' id='word_1_312' title='bbox 463 3883 543 3935; x_wconf 81' lang='grc' dir='ltr'>ὅτι</span> <span class='ocrx_word' id='word_1_313' title='bbox 568 3882 687 3952; x_wconf 77' lang='grc' dir='ltr'>οὐχὶ</span> <span class='ocrx_word' id='word_1_314' title='bbox 716 3882 1028 3952; x_wconf 87' lang='grc' dir='ltr'>βουλόμενος</span> <span class='ocrx_word' id='word_1_315' title='bbox 1063 3883 1217 3935; x_wconf 87' lang='grc' dir='ltr'>τοῦτο</span> <span class='ocrx_word' id='word_1_316' title='bbox 1246 3883 1539 3954; x_wconf 75' lang='grc' dir='ltr'>ἐπέτρεψεν</span> <span class='ocrx_word' id='word_1_317' title='bbox 1558 3899 1573 3916; x_wconf 94' lang='grc'>·</span> <span class='ocrx_word' id='word_1_318' title='bbox 1602 3884 1661 3935; x_wconf 89' lang='grc' dir='ltr'>οὐ</span> <span class='ocrx_word' id='word_1_319' title='bbox 1690 3884 1859 3957; x_wconf 79' lang='grc' dir='ltr'>ταύτῃ</span> 
     </span>
    </p>
   </div>
   <div class='ocr_carea' id='block_1_42' title="bbox 217 3962 1858 4033">
    <p class='ocr_par' dir='ltr' id='par_1_42' title="bbox 217 3962 1858 4033">
     <span class='ocr_line' id='line_1_42' title="bbox 217 3962 1858 4033; baseline 0.002 -19"><span class='ocrx_word' id='word_1_320' title='bbox 217 3963 274 4014; x_wconf 77' lang='grc' dir='ltr'>δὲ</span> <span class='ocrx_word' id='word_1_321' title='bbox 314 3963 468 4029; x_wconf 88' lang='grc' dir='ltr'>μόνον</span> <span class='ocrx_word' id='word_1_322' title='bbox 492 4000 507 4027; x_wconf 92' lang='grc'>,</span> <span class='ocrx_word' id='word_1_323' title='bbox 552 3962 685 4016; x_wconf 87' lang='grc' dir='ltr'>ἀλλά</span> <span class='ocrx_word' id='word_1_324' title='bbox 722 3964 814 4015; x_wconf 79' lang='grc' dir='ltr'>καὶ</span> <span class='ocrx_word' id='word_1_325' title='bbox 852 3963 927 4033; x_wconf 85' lang='grc' dir='ltr'>τῷ</span> <span class='ocrx_word' id='word_1_326' title='bbox 962 3963 1257 4017; x_wconf 90' lang='grc' dir='ltr'>καταλῦσαι</span> <span class='ocrx_word' id='word_1_327' title='bbox 1303 3965 1504 4033; x_wconf 85' lang='grc' dir='ltr'>ταχέως</span> <span class='ocrx_word' id='word_1_328' title='bbox 1542 3964 1729 4030; x_wconf 84' lang='grc' dir='ltr'>αὐτάς,</span> <span class='ocrx_word' id='word_1_329' title='bbox 1765 3967 1858 4018; x_wconf 80' lang='grc' dir='ltr'>καὶ</span> 
     </span>
    </p>
   </div>
   <div class='ocr_carea' id='block_1_43' title="bbox 218 4049 1859 4120">
    <p class='ocr_par' dir='ltr' id='par_1_43' title="bbox 218 4049 1859 4120">
     <span class='ocr_line' id='line_1_43' title="bbox 218 4049 1859 4120; baseline 0.002 -19"><span class='ocrx_word' id='word_1_330' title='bbox 218 4049 380 4118; x_wconf 79' lang='grc' dir='ltr'>ἠνίκα</span> <span class='ocrx_word' id='word_1_331' title='bbox 420 4049 795 4115; x_wconf 81' lang='grc' dir='ltr'>ἐπετελοῦντο,</span> <span class='ocrx_word' id='word_1_332' title='bbox 839 4050 959 4119; x_wconf 71' lang='grc' dir='ltr'>μὴ⁴ι</span> <span class='ocrx_word' id='word_1_333' title='bbox 998 4049 1339 4120; x_wconf 85' lang='grc' dir='ltr'>προσίεσθαι·</span> <span class='ocrx_word' id='word_1_334' title='bbox 1390 4052 1480 4103; x_wconf 71' lang='grc' dir='ltr'>καὶ</span> <span class='ocrx_word' id='word_1_335' title='bbox 1516 4051 1605 4103; x_wconf 84' lang='grc' dir='ltr'>διὰ</span> <span class='ocrx_word' id='word_1_336' title='bbox 1646 4052 1859 4105; x_wconf 88' lang='grc' dir='ltr'>πάντων</span> 
     </span>
    </p>
   </div>
   <div class='ocr_carea' id='block_1_44' title="bbox 219 4136 1859 4207">
    <p class='ocr_par' dir='ltr' id='par_1_44' title="bbox 219 4136 1859 4207">
     <span class='ocr_line' id='line_1_44' title="bbox 219 4136 1859 4207; baseline -0.001 -17"><span class='ocrx_word' id='word_1_337' title='bbox 219 4136 552 4199; x_wconf 82' lang='grc' dir='ltr'>ἁπαξαπλῶς</span> <span class='ocrx_word' id='word_1_338' title='bbox 578 4136 761 4204; x_wconf 79' lang='grc' dir='ltr'>ἐδήλου</span> <span class='ocrx_word' id='word_1_339' title='bbox 775 4137 852 4189; x_wconf 84' lang='grc' dir='ltr'>ὅτι</span> <span class='ocrx_word' id='word_1_340' title='bbox 876 4136 1051 4207; x_wconf 83' lang='grc' dir='ltr'>πολλῷ</span> <span class='ocrx_word' id='word_1_341' title='bbox 1067 4136 1165 4205; x_wconf 90' lang='grc' dir='ltr'>τῆς</span> <span class='ocrx_word' id='word_1_342' title='bbox 1184 4136 1562 4207; x_wconf 88' lang='grc' dir='ltr'>μεγαλωσύνης</span> <span class='ocrx_word' id='word_1_343' title='bbox 1579 4136 1741 4190; x_wconf 87' lang='grc' dir='ltr'>αὐτοῦ</span> <span class='ocrx_word' id='word_1_344' title='bbox 1760 4138 1859 4207; x_wconf 88' lang='grc' dir='ltr'>τῆς</span> 
     </span>
    </p>
   </div>
   <div class='ocr_carea' id='block_1_45' title="bbox 219 4217 1855 4293">
    <p class='ocr_par' dir='ltr' id='par_1_45' title="bbox 219 4217 1855 4293">
     <span class='ocr_line' id='line_1_45' title="bbox 219 4217 1855 4293; baseline 0.002 -21"><span class='ocrx_word' id='word_1_345' title='bbox 219 4221 472 4291; x_wconf 81' lang='grc' dir='ltr'>λατρείας</span> <span class='ocrx_word' id='word_1_346' title='bbox 500 4217 651 4284; x_wconf 74' lang='grc' dir='ltr'>οὗτος</span> <span class='ocrx_word' id='word_1_347' title='bbox 682 4225 710 4275; x_wconf 91' lang='lat'>6</span> <span class='ocrx_word' id='word_1_348' title='bbox 738 4221 932 4293; x_wconf 83' lang='grc' dir='ltr'>τρόπος</span> <span class='ocrx_word' id='word_1_349' title='bbox 971 4222 1202 4286; x_wconf 79' lang='grc' dir='ltr'>ἀνάξιος.</span> <span class='ocrx_word' id='word_1_350' title='bbox 1231 4222 1397 4275; x_wconf 89' lang='grc' dir='ltr'>Τοῦτο</span> <span class='ocrx_word' id='word_1_351' title='bbox 1440 4219 1530 4275; x_wconf 77' lang='grc' dir='ltr'>οὖν</span> <span class='ocrx_word' id='word_1_352' title='bbox 1563 4241 1691 4292; x_wconf 87' lang='grc' dir='ltr'>φησι</span> <span class='ocrx_word' id='word_1_353' title='bbox 1742 4223 1855 4289; x_wconf 88' lang='grc' dir='ltr'>νῦν,</span> 
     </span>
    </p>
   </div>
   <div class='ocr_carea' id='block_1_46' title="bbox 219 4307 1852 4379">
    <p class='ocr_par' dir='ltr' id='par_1_46' title="bbox 219 4307 1852 4379">
     <span class='ocr_line' id='line_1_46' title="bbox 219 4307 1852 4379; baseline 0.002 -21"><span class='ocrx_word' id='word_1_354' title='bbox 219 4307 299 4358; x_wconf 73' lang='grc' dir='ltr'>ὅτι</span> <span class='ocrx_word' id='word_1_355' title='bbox 320 4310 398 4361; x_wconf 84' lang='grc' dir='ltr'>Δι’</span> <span class='ocrx_word' id='word_1_356' title='bbox 419 4308 559 4376; x_wconf 65' lang='grc' dir='ltr'>ἐμᾶς</span> <span class='ocrx_word' id='word_1_357' title='bbox 587 4308 741 4361; x_wconf 89' lang='grc' dir='ltr'>τοῦτο</span> <span class='ocrx_word' id='word_1_358' title='bbox 763 4309 1071 4378; x_wconf 88' lang='grc' dir='ltr'>ἠνειχόμην,</span> <span class='ocrx_word' id='word_1_359' title='bbox 1093 4309 1191 4361; x_wconf 86' lang='grc' dir='ltr'>οὐκ</span> <span class='ocrx_word' id='word_1_360' title='bbox 1211 4308 1369 4371; x_wconf 84' lang='grc' dir='ltr'>αὐτὸς</span> <span class='ocrx_word' id='word_1_361' title='bbox 1390 4308 1589 4361; x_wconf 88' lang='grc' dir='ltr'>τούτων</span> <span class='ocrx_word' id='word_1_362' title='bbox 1615 4310 1852 4379; x_wconf 84' lang='grc' dir='ltr'>ἐδεόμην.</span> 
     </span>
    </p>
   </div>
   <div class='ocr_carea' id='block_1_47' title="bbox 222 4393 1856 4465">
    <p class='ocr_par' dir='ltr' id='par_1_47' title="bbox 222 4393 1856 4465">
     <span class='ocr_line' id='line_1_47' title="bbox 222 4393 1856 4465; baseline 0.001 -20"><span class='ocrx_word' id='word_1_363' title='bbox 222 4394 436 4446; x_wconf 84' lang='grc' dir='ltr'>Πατεῒν</span> <span class='ocrx_word' id='word_1_364' title='bbox 460 4410 577 4461; x_wconf 86' lang='grc' dir='ltr'>μου</span> <span class='ocrx_word' id='word_1_365' title='bbox 605 4393 719 4461; x_wconf 84' lang='grc' dir='ltr'>τὴν</span> <span class='ocrx_word' id='word_1_366' title='bbox 736 4394 933 4460; x_wconf 79' lang='grc' dir='ltr'>αὐλὴν</span> <span class='ocrx_word' id='word_1_367' title='bbox 957 4397 1027 4448; x_wconf 89' lang='grc' dir='ltr'>οὐ</span> <span class='ocrx_word' id='word_1_368' title='bbox 1048 4396 1437 4462; x_wconf 80' lang='grc' dir='ltr'>προσθήσετε.</span> <span class='ocrx_word' id='word_1_369' title='bbox 1487 4396 1557 4447; x_wconf 85' lang='grc' dir='ltr'><strong><em>Ἦ</em></strong></span> <span class='ocrx_word' id='word_1_370' title='bbox 1586 4396 1682 4465; x_wconf 86' lang='grc' dir='ltr'>τήν</span> <span class='ocrx_word' id='word_1_371' title='bbox 1698 4398 1856 4465; x_wconf 84' lang='grc' dir='ltr'>αἰχμ-</span> 
     </span>
    </p>
   </div>
   <div class='ocr_carea' id='block_1_48' title="bbox 223 4478 1856 4549">
    <p class='ocr_par' dir='ltr' id='par_1_48' title="bbox 223 4478 1856 4549">
     <span class='ocr_line' id='line_1_48' title="bbox 223 4478 1856 4549; baseline -0.001 -17"><span class='ocrx_word' id='word_1_372' title='bbox 223 4478 456 4532; x_wconf 86' lang='grc' dir='ltr'>αλωσίαν</span> <span class='ocrx_word' id='word_1_373' title='bbox 480 4478 754 4547; x_wconf 83' lang='grc' dir='ltr'>προλέγει,</span> <span class='ocrx_word' id='word_1_374' title='bbox 771 4479 805 4549; x_wconf 81' lang='grc' dir='ltr'><strong>ἢ</strong></span> <span class='ocrx_word' id='word_1_375' title='bbox 821 4481 1146 4549; x_wconf 87' lang='grc' dir='ltr'>ἀπαγορεύει</span> <span class='ocrx_word' id='word_1_376' title='bbox 1170 4479 1323 4532; x_wconf 87' lang='grc' dir='ltr'>τοῦτο</span> <span class='ocrx_word' id='word_1_377' title='bbox 1353 4483 1549 4543; x_wconf 79' lang='grc' dir='ltr'>αὐτοῖς,</span> <span class='ocrx_word' id='word_1_378' title='bbox 1588 4480 1771 4549; x_wconf 81' lang='grc' dir='ltr'>ἐπειδὴ</span> <span class='ocrx_word' id='word_1_379' title='bbox 1796 4480 1856 4531; x_wconf 91' lang='grc' dir='ltr'>οὐ</span> 
     </span>
    </p>
   </div>
   <div class='ocr_carea' id='block_1_49' title="bbox 226 4564 1861 4635">
    <p class='ocr_par' dir='ltr' id='par_1_49' title="bbox 226 4564 1861 4635">
     <span class='ocr_line' id='line_1_49' title="bbox 226 4564 1861 4635; baseline 0.002 -20"><span class='ocrx_word' id='word_1_380' title='bbox 226 4566 341 4633; x_wconf 87' lang='grc' dir='ltr'>μετ’</span> <span class='ocrx_word' id='word_1_381' title='bbox 379 4564 543 4634; x_wconf 82' lang='grc' dir='ltr'>ὀρθῆς</span> <span class='ocrx_word' id='word_1_382' title='bbox 574 4564 825 4634; x_wconf 80' lang='grc' dir='ltr'>εἰσῄεσαν</span> <span class='ocrx_word' id='word_1_383' title='bbox 851 4565 1093 4635; x_wconf 84' lang='grc' dir='ltr'>γνώμης.</span> <span class='ocrx_word' id='word_1_384' title='bbox 1134 4566 1266 4619; x_wconf 80' lang='grc' dir='ltr'>Ἐὰν</span> <span class='ocrx_word' id='word_1_385' title='bbox 1303 4566 1514 4633; x_wconf 77' lang='grc' dir='ltr'>φέρητέ</span> <span class='ocrx_word' id='word_1_386' title='bbox 1556 4585 1655 4635; x_wconf 85' lang='grc' dir='ltr'>μοι</span> <span class='ocrx_word' id='word_1_387' title='bbox 1703 4566 1861 4635; x_wconf 85' lang='grc' dir='ltr'>σεμί-</span> 
     </span>
    </p>
   </div>
   <div class='ocr_carea' id='block_1_50' title="bbox 222 4648 1858 4720">
    <p class='ocr_par' dir='ltr' id='par_1_50' title="bbox 222 4648 1858 4720">
     <span class='ocr_line' id='line_1_50' title="bbox 222 4648 1858 4720; baseline 0.002 -20"><span class='ocrx_word' id='word_1_388' title='bbox 222 4650 433 4712; x_wconf 70' lang='grc' dir='ltr'>δαλιν,</span> <span class='ocrx_word' id='word_1_389' title='bbox 474 4648 745 4716; x_wconf 82' lang='grc' dir='ltr'>μάταιον.</span> <span class='ocrx_word' id='word_1_390' title='bbox 787 4649 906 4702; x_wconf 91' lang='grc' dir='ltr'>Τῶν</span> <span class='ocrx_word' id='word_1_391' title='bbox 943 4650 1050 4719; x_wconf 86' lang='grc' dir='ltr'>γὰρ</span> <span class='ocrx_word' id='word_1_392' title='bbox 1097 4650 1476 4719; x_wconf 78' lang='grc' dir='ltr'>ἐπιταγμάτων</span> <span class='ocrx_word' id='word_1_393' title='bbox 1526 4651 1592 4703; x_wconf 82' lang='grc' dir='ltr'>τά</span> <span class='ocrx_word' id='word_1_394' title='bbox 1648 4652 1743 4720; x_wconf 87' lang='grc' dir='ltr'>μὲν</span> <span class='ocrx_word' id='word_1_395' title='bbox 1793 4651 1858 4703; x_wconf 88' lang='grc' dir='ltr'>δι’</span> 
     </span>
    </p>
   </div>
   <div class='ocr_carea' id='block_1_51' title="bbox 220 4730 1858 4803">
    <p class='ocr_par' dir='ltr' id='par_1_51' title="bbox 220 4730 1858 4803">
     <span class='ocr_line' id='line_1_51' title="bbox 220 4730 1858 4803; baseline 0.003 -20"><span class='ocrx_word' id='word_1_396' title='bbox 220 4732 411 4797; x_wconf 85' lang='grc' dir='ltr'>ἐαυτά,</span> <span class='ocrx_word' id='word_1_397' title='bbox 438 4733 504 4786; x_wconf 90' lang='grc' dir='ltr'>τά</span> <span class='ocrx_word' id='word_1_398' title='bbox 529 4733 586 4784; x_wconf 86' lang='grc' dir='ltr'>δέ</span> <span class='ocrx_word' id='word_1_399' title='bbox 620 4732 684 4785; x_wconf 84' lang='grc' dir='ltr'>δι’</span> <span class='ocrx_word' id='word_1_400' title='bbox 714 4734 875 4803; x_wconf 77' lang='grc' dir='ltr'>ἐτερα</span> <span class='ocrx_word' id='word_1_401' title='bbox 928 4734 1166 4800; x_wconf 83' lang='grc' dir='ltr'>γίνεσθαι</span> <span class='ocrx_word' id='word_1_402' title='bbox 1219 4734 1526 4787; x_wconf 84' lang='grc' dir='ltr'>ἐκελεύετο·</span> <span class='ocrx_word' id='word_1_403' title='bbox 1553 4730 1659 4787; x_wconf 75' lang='grc' dir='ltr'>οἷον</span> <span class='ocrx_word' id='word_1_404' title='bbox 1685 4736 1742 4787; x_wconf 85' lang='grc' dir='ltr'>τὸ</span> <span class='ocrx_word' id='word_1_405' title='bbox 1770 4738 1858 4788; x_wconf 90' lang='grc' dir='ltr'>τὸν</span> 
     </span>
    </p>
   </div>
   <div class='ocr_carea' id='block_1_52' title="bbox 221 4816 1858 4891">
    <p class='ocr_par' dir='ltr' id='par_1_52' title="bbox 221 4816 1858 4891">
     <span class='ocr_line' id='line_1_52' title="bbox 221 4816 1858 4891; baseline 0.001 -22"><span class='ocrx_word' id='word_1_406' title='bbox 221 4816 353 4869; x_wconf 80' lang='grc' dir='ltr'>Θεὸν</span> <span class='ocrx_word' id='word_1_407' title='bbox 392 4817 609 4882; x_wconf 88' lang='grc' dir='ltr'>εἰδέναι,</span> <span class='ocrx_word' id='word_1_408' title='bbox 668 4817 728 4870; x_wconf 78' lang='grc' dir='ltr'>τὸ</span> <span class='ocrx_word' id='word_1_409' title='bbox 766 4817 840 4887; x_wconf 83' lang='grc' dir='ltr'>μὴ</span> <span class='ocrx_word' id='word_1_410' title='bbox 874 4818 1136 4885; x_wconf 82' lang='grc' dir='ltr'>φονεύειν,</span> <span class='ocrx_word' id='word_1_411' title='bbox 1187 4818 1263 4891; x_wconf 86' lang='grc' dir='ltr'>μή</span> <span class='ocrx_word' id='word_1_412' title='bbox 1309 4819 1594 4889; x_wconf 88' lang='grc' dir='ltr'>μοιχεύειν,</span> <span class='ocrx_word' id='word_1_413' title='bbox 1638 4820 1729 4871; x_wconf 79' lang='grc' dir='ltr'>καὶ</span> <span class='ocrx_word' id='word_1_414' title='bbox 1759 4822 1858 4872; x_wconf 84' lang='grc' dir='ltr'>ὅσα</span> 
     </span>
    </p>
   </div>
   <div class='ocr_carea' id='block_1_53' title="bbox 220 4902 1859 4974">
    <p class='ocr_par' dir='ltr' id='par_1_53' title="bbox 220 4902 1859 4974">
     <span class='ocr_line' id='line_1_53' title="bbox 220 4902 1859 4974; baseline 0.001 -19"><span class='ocrx_word' id='word_1_415' title='bbox 220 4903 474 4967; x_wconf 80' lang='grc' dir='ltr'>τοιαῦτα,</span> <span class='ocrx_word' id='word_1_416' title='bbox 511 4904 597 4956; x_wconf 86' lang='grc' dir='ltr'>διά</span> <span class='ocrx_word' id='word_1_417' title='bbox 631 4902 727 4973; x_wconf 86' lang='grc' dir='ltr'>τήν</span> <span class='ocrx_word' id='word_1_418' title='bbox 762 4903 819 4967; x_wconf 82' lang='grc' dir='ltr'>ἐξ</span> <span class='ocrx_word' id='word_1_419' title='bbox 849 4903 1017 4972; x_wconf 85' lang='grc' dir='ltr'>αὐτῆς</span> <span class='ocrx_word' id='word_1_420' title='bbox 1056 4903 1317 4971; x_wconf 85' lang='grc' dir='ltr'>ὠφέλειαν</span> <span class='ocrx_word' id='word_1_421' title='bbox 1356 4905 1754 4974; x_wconf 84' lang='grc' dir='ltr'>ἐνομοθετεῖτο·</span> <span class='ocrx_word' id='word_1_422' title='bbox 1798 4905 1859 4956; x_wconf 72' lang='grc' dir='ltr'>τὸ</span> 
     </span>
    </p>
   </div>
   <div class='ocr_carea' id='block_1_54' title="bbox 226 4988 1857 5059">
    <p class='ocr_par' dir='ltr' id='par_1_54' title="bbox 226 4988 1857 5059">
     <span class='ocr_line' id='line_1_54' title="bbox 226 4988 1857 5059; baseline 0.001 -19"><span class='ocrx_word' id='word_1_423' title='bbox 226 4991 407 5059; x_wconf 80' lang='grc' dir='ltr'>μέντοι</span> <span class='ocrx_word' id='word_1_424' title='bbox 439 4988 615 5052; x_wconf 88' lang='grc' dir='ltr'>θῦσαι,</span> <span class='ocrx_word' id='word_1_425' title='bbox 658 4990 748 5041; x_wconf 67' lang='grc' dir='ltr'>καὶ</span> <span class='ocrx_word' id='word_1_426' title='bbox 783 4988 1031 5058; x_wconf 88' lang='grc' dir='ltr'>θυμίαμα</span> <span class='ocrx_word' id='word_1_427' title='bbox 1059 4993 1458 5057; x_wconf 80' lang='grc' dir='ltr'>προσενεγκεῖν,</span> <span class='ocrx_word' id='word_1_428' title='bbox 1501 4991 1593 5042; x_wconf 73' lang='grc' dir='ltr'>καὶ</span> <span class='ocrx_word' id='word_1_429' title='bbox 1628 4991 1857 5059; x_wconf 88' lang='grc' dir='ltr'>τηρῆσαι</span> 
     </span>
    </p>
   </div>
   <div class='ocr_carea' id='block_1_55' title="bbox 222 5073 1861 5145">
    <p class='ocr_par' dir='ltr' id='par_1_55' title="bbox 222 5073 1861 5145">
     <span class='ocr_line' id='line_1_55' title="bbox 222 5073 1861 5145; baseline -0.001 -17"><span class='ocrx_word' id='word_1_430' title='bbox 222 5074 513 5139; x_wconf 84' lang='grc' dir='ltr'>σάϐϐατον,</span> <span class='ocrx_word' id='word_1_431' title='bbox 545 5074 639 5127; x_wconf 74' lang='grc' dir='ltr'>καλ⁵</span> <span class='ocrx_word' id='word_1_432' title='bbox 670 5075 768 5127; x_wconf 83' lang='grc' dir='ltr'>ὅσα</span> <span class='ocrx_word' id='word_1_433' title='bbox 806 5073 1030 5127; x_wconf 89' lang='grc' dir='ltr'>τοιαῦτα</span> <span class='ocrx_word' id='word_1_434' title='bbox 1058 5075 1239 5140; x_wconf 87' lang='grc' dir='ltr'>πάλιν,</span> <span class='ocrx_word' id='word_1_435' title='bbox 1278 5076 1374 5145; x_wconf 86' lang='grc' dir='ltr'>οὐχ</span> <span class='ocrx_word' id='word_1_436' title='bbox 1421 5076 1505 5127; x_wconf 65' lang='lat' dir='ltr'>[va</span> <span class='ocrx_word' id='word_1_437' title='bbox 1534 5076 1669 5127; x_wconf 89' lang='grc' dir='ltr'>αὐτά</span> <span class='ocrx_word' id='word_1_438' title='bbox 1693 5075 1861 5127; x_wconf 85' lang='grc' dir='ltr'>ταῦτα</span> 
     </span>
    </p>
   </div>
   <div class='ocr_carea' id='block_1_56' title="bbox 219 5158 1859 5230">
    <p class='ocr_par' dir='ltr' id='par_1_56' title="bbox 219 5158 1859 5230">
     <span class='ocr_line' id='line_1_56' title="bbox 219 5158 1859 5230; baseline 0.001 -19"><span class='ocrx_word' id='word_1_439' title='bbox 219 5160 437 5228; x_wconf 84' lang='grc' dir='ltr'>γίνηται</span> <span class='ocrx_word' id='word_1_440' title='bbox 467 5158 667 5220; x_wconf 86' lang='grc' dir='ltr'>ἁπλῶς,</span> <span class='ocrx_word' id='word_1_441' title='bbox 685 5159 795 5211; x_wconf 82' lang='grc' dir='ltr'>ἀλλ’</span> <span class='ocrx_word' id='word_1_442' title='bbox 827 5161 913 5213; x_wconf 81' lang='grc' dir='ltr'>ἵνα</span> <span class='ocrx_word' id='word_1_443' title='bbox 934 5161 997 5211; x_wconf 87' lang='grc' dir='ltr'>ἐκ</span> <span class='ocrx_word' id='word_1_444' title='bbox 1026 5160 1122 5229; x_wconf 86' lang='grc' dir='ltr'>τῆς</span> <span class='ocrx_word' id='word_1_445' title='bbox 1150 5160 1350 5212; x_wconf 83' lang='grc' dir='ltr'>τούτων</span> <span class='ocrx_word' id='word_1_446' title='bbox 1389 5160 1611 5230; x_wconf 82' lang='grc' dir='ltr'>μελέτης</span> <span class='ocrx_word' id='word_1_447' title='bbox 1637 5161 1732 5229; x_wconf 86' lang='grc' dir='ltr'>τῆς</span> <span class='ocrx_word' id='word_1_448' title='bbox 1754 5160 1859 5212; x_wconf 89' lang='grc' dir='ltr'>τῶν</span> 
     </span>
    </p>
   </div>
   <div class='ocr_carea' id='block_1_57' title="bbox 222 5242 1857 5315">
    <p class='ocr_par' dir='ltr' id='par_1_57' title="bbox 222 5242 1857 5315">
     <span class='ocr_line' id='line_1_57' title="bbox 222 5242 1857 5315; baseline -0.001 -17"><span class='ocrx_word' id='word_1_449' title='bbox 222 5245 490 5314; x_wconf 82' lang='grc' dir='ltr'>δαιμόνων</span> <span class='ocrx_word' id='word_1_450' title='bbox 511 5243 824 5311; x_wconf 87' lang='grc' dir='ltr'>ἀπάγωνται</span> <span class='ocrx_word' id='word_1_451' title='bbox 842 5244 1153 5315; x_wconf 86' lang='grc' dir='ltr'>θεραπείας.</span> <span class='ocrx_word' id='word_1_452' title='bbox 1207 5246 1357 5298; x_wconf 70' lang='grc' dir='ltr'>Ἐπεὶ</span> <span class='ocrx_word' id='word_1_453' title='bbox 1383 5242 1473 5299; x_wconf 80' lang='grc' dir='ltr'>οὖν</span> <span class='ocrx_word' id='word_1_454' title='bbox 1513 5242 1653 5300; x_wconf 73' lang='grc' dir='ltr'>οὗτοι</span> <span class='ocrx_word' id='word_1_455' title='bbox 1682 5246 1857 5299; x_wconf 88' lang='grc' dir='ltr'>ταῦτα</span> 
     </span>
    </p>
   </div>
   <div class='ocr_carea' id='block_1_58' title="bbox 286 5378 718 5440">
    <p class='ocr_par' dir='ltr' id='par_1_58' title="bbox 286 5378 718 5440">
     <span class='ocr_line' id='line_1_58' title="bbox 286 5378 718 5440; baseline -0.005 -13"><span class='ocrx_word' id='word_1_456' title='bbox 286 5381 312 5408; x_wconf 78' lang='grc'><strong><em>³</em></strong></span> <span class='ocrx_word' id='word_1_457' title='bbox 339 5380 444 5440; x_wconf 62' lang='lat' dir='ltr'>Reg</span> <span class='ocrx_word' id='word_1_458' title='bbox 461 5378 718 5440; x_wconf 82' lang='grc' dir='ltr'>προὶέσθαι.</span> 
     </span>
    </p>
   </div>
   <div class='ocr_carea' id='block_1_59' title="bbox 284 5437 1860 5502">
    <p class='ocr_par' dir='ltr' id='par_1_59' title="bbox 284 5437 1860 5502">
     <span class='ocr_line' id='line_1_59' title="bbox 284 5437 1860 5502; baseline 0.001 -15"><span class='ocrx_word' id='word_1_459' title='bbox 284 5440 317 5479; x_wconf 68' lang='grc' dir='ltr'>ι»</span> <span class='ocrx_word' id='word_1_460' title='bbox 342 5437 651 5502; x_wconf 56' lang='lat' dir='ltr'>Higog&#39;nnipo</span> <span class='ocrx_word' id='word_1_461' title='bbox 682 5440 857 5499; x_wconf 71' lang='lat' dir='ltr'>aliquid</span> <span class='ocrx_word' id='word_1_462' title='bbox 879 5442 1147 5502; x_wconf 64' lang='lat' dir='ltr'>degiderari</span> <span class='ocrx_word' id='word_1_463' title='bbox 1173 5442 1379 5502; x_wconf 54' lang='lat' dir='ltr'>videtur,</span> <span class='ocrx_word' id='word_1_464' title='bbox 1405 5443 1538 5489; x_wconf 79' lang='lat' dir='ltr'>verbi</span> <span class='ocrx_word' id='word_1_465' title='bbox 1565 5447 1734 5502; x_wconf 77' lang='lat' dir='ltr'><strong><em>grana,</em></strong></span> <span class='ocrx_word' id='word_1_466' title='bbox 1762 5458 1860 5501; x_wconf 89' lang='grc' dir='ltr'>μει-</span> 
     </span>
    </p>
   </div>
   <div class='ocr_carea' id='block_1_60' title="bbox 220 5498 1856 5565">
    <p class='ocr_par' dir='ltr' id='par_1_60' title="bbox 220 5498 1856 5565">
     <span class='ocr_line' id='line_1_60' title="bbox 220 5498 1856 5565; baseline 0.004 -21"><span class='ocrx_word' id='word_1_467' title='bbox 220 5500 455 5565; x_wconf 48' lang='grc' dir='ltr'>ζὸνων-ὃὲ</span> <span class='ocrx_word' id='word_1_468' title='bbox 488 5498 729 5565; x_wconf 68' lang='grc' dir='ltr'>ἐκκόπτων</span> <span class='ocrx_word' id='word_1_469' title='bbox 754 5498 1221 5565; x_wconf 39' lang='grc' dir='ltr'>κακῶνλῦπόθεσινλ</span> <span class='ocrx_word' id='word_1_470' title='bbox 1265 5509 1347 5550; x_wconf 75' lang='lat' dir='ltr'>aut</span> <span class='ocrx_word' id='word_1_471' title='bbox 1370 5498 1645 5565; x_wconf 11' lang='lat' dir='ltr'>Valiquaﬁox</span> <span class='ocrx_word' id='word_1_472' title='bbox 1672 5498 1856 5549; x_wconf 77' lang='lat' dir='ltr'>similis.</span> 
     </span>
    </p>
   </div>
   <div class='ocr_carea' id='block_1_61' title="bbox 220 5558 1859 5623">
    <p class='ocr_par' dir='ltr' id='par_1_61' title="bbox 220 5558 1859 5623">
     <span class='ocr_line' id='line_1_61' title="bbox 220 5558 1859 5623; baseline -0.002 -12"><span class='ocrx_word' id='word_1_473' title='bbox 220 5560 353 5623; x_wconf 60' lang='lat' dir='ltr'>Infra</span> <span class='ocrx_word' id='word_1_474' title='bbox 377 5560 516 5606; x_wconf 84' lang='lat' dir='ltr'><strong>locus</strong></span> <span class='ocrx_word' id='word_1_475' title='bbox 536 5558 621 5623; x_wconf 69' lang='lat' dir='ltr'>Qui</span> <span class='ocrx_word' id='word_1_476' title='bbox 643 5562 777 5623; x_wconf 79' lang='lat' dir='ltr'><strong>quasi</strong></span> <span class='ocrx_word' id='word_1_477' title='bbox 802 5573 881 5623; x_wconf 79' lang='lat' dir='ltr'>_ex</span> <span class='ocrx_word' id='word_1_478' title='bbox 914 5558 1109 5623; x_wconf 60' lang='lat' dir='ltr'>ﬁichaa</span> <span class='ocrx_word' id='word_1_479' title='bbox 1139 5558 1408 5623; x_wconf 51' lang='lat' dir='ltr'>assumptus.</span> <span class='ocrx_word' id='word_1_480' title='bbox 1444 5558 1775 5622; x_wconf 60' lang='lat' dir='ltr'>ﬁroferebatur</span> <span class='ocrx_word' id='word_1_481' title='bbox 1813 5565 1859 5609; x_wconf 79' lang='lat' dir='ltr'>in</span> 
     </span>
    </p>
   </div>
   <div class='ocr_carea' id='block_1_62' title="bbox 221 5618 1856 5683">
    <p class='ocr_par' dir='ltr' id='par_1_62' title="bbox 221 5618 1856 5683">
     <span class='ocr_line' id='line_1_62' title="bbox 221 5618 1856 5683; baseline -0.001 -13"><span class='ocrx_word' id='word_1_482' title='bbox 221 5621 401 5677; x_wconf 71' lang='lat' dir='ltr'>Editis,</span> <span class='ocrx_word' id='word_1_483' title='bbox 426 5624 503 5667; x_wconf 77' lang='lat' dir='ltr'>est</span> <span class='ocrx_word' id='word_1_484' title='bbox 523 5618 706 5679; x_wconf 77' lang='lat' dir='ltr'>Amosi,</span> <span class='ocrx_word' id='word_1_485' title='bbox 730 5628 782 5668; x_wconf 80' lang='lat' dir='ltr'>eL</span> <span class='ocrx_word' id='word_1_486' title='bbox 802 5620 1056 5671; x_wconf 79' lang='lat' dir='ltr'>Bavaricus</span> <span class='ocrx_word' id='word_1_487' title='bbox 1088 5622 1241 5683; x_wconf 79' lang='grc' dir='ltr'>Ἀμώς</span> <span class='ocrx_word' id='word_1_488' title='bbox 1266 5618 1428 5680; x_wconf 58' lang='lat' dir='ltr'>habet,</span> <span class='ocrx_word' id='word_1_489' title='bbox 1445 5618 1511 5669; x_wconf 80' lang='grc' dir='ltr'>ἰιι</span> <span class='ocrx_word' id='word_1_490' title='bbox 1534 5636 1619 5671; x_wconf 88' lang='lat' dir='ltr'>nos</span> <span class='ocrx_word' id='word_1_491' title='bbox 1640 5622 1856 5670; x_wconf 70' lang='lat' dir='ltr'>restitui-</span> 
     </span>
    </p>
   </div>
   <div class='ocr_carea' id='block_1_63' title="bbox 220 5694 354 5728">
    <p class='ocr_par' dir='ltr' id='par_1_63' title="bbox 220 5694 354 5728">
     <span class='ocr_line' id='line_1_63' title="bbox 220 5694 354 5728; baseline 0.037 -5"><span class='ocrx_word' id='word_1_492' title='bbox 220 5694 354 5728; x_wconf 69' lang='lat' dir='ltr'><strong>I008.</strong></span> 
     </span>
    </p>
   </div>
   <div class='ocr_carea' id='block_1_64' title="bbox 180 5740 1861 5802">
    <p class='ocr_par' dir='ltr' id='par_1_64' title="bbox 180 5740 1861 5802">
     <span class='ocr_line' id='line_1_64' title="bbox 180 5740 1861 5802; baseline 0.002 -16"><span class='ocrx_word' id='word_1_493' title='bbox 180 5770 181 5773; x_wconf 61' lang='grc' dir='ltr'>η</span> <span class='ocrx_word' id='word_1_494' title='bbox 290 5743 314 5769; x_wconf 78' lang='grc'><strong>⁸</strong></span> <span class='ocrx_word' id='word_1_495' title='bbox 338 5740 548 5802; x_wconf 66' lang='lat' dir='ltr'>Savilius</span> <span class='ocrx_word' id='word_1_496' title='bbox 564 5742 643 5787; x_wconf 82' lang='grc' dir='ltr'>καὶ</span> <span class='ocrx_word' id='word_1_497' title='bbox 662 5740 799 5796; x_wconf 84' lang='grc' dir='ltr'>ἡνίκα</span> <span class='ocrx_word' id='word_1_498' title='bbox 822 5741 1061 5802; x_wconf 65' lang='grc' dir='ltr'>ἐπετέλουν</span> <span class='ocrx_word' id='word_1_499' title='bbox 1080 5742 1137 5802; x_wconf 72' lang='grc' dir='ltr'>τό</span> <span class='ocrx_word' id='word_1_500' title='bbox 1171 5744 1250 5802; x_wconf 86' lang='grc' dir='ltr'>μή,</span> <span class='ocrx_word' id='word_1_501' title='bbox 1279 5743 1421 5790; x_wconf 79' lang='lat' dir='ltr'><strong><em>male.</em></strong></span> <span class='ocrx_word' id='word_1_502' title='bbox 1468 5742 1638 5790; x_wconf 82' lang='lat' dir='ltr'><strong><em>Morel.</em></strong></span> <span class='ocrx_word' id='word_1_503' title='bbox 1658 5742 1743 5802; x_wconf 89' lang='grc' dir='ltr'>τῷ,</span> <span class='ocrx_word' id='word_1_504' title='bbox 1775 5743 1861 5789; x_wconf 85' lang='lat' dir='ltr'>sed</span> 
     </span>
    </p>
   </div>
   <div class='ocr_carea' id='block_1_65' title="bbox 220 5800 1865 5862">
    <p class='ocr_par' dir='ltr' id='par_1_65' title="bbox 220 5800 1865 5862">
     <span class='ocr_line' id='line_1_65' title="bbox 220 5800 1865 5862; baseline 0.001 -14"><span class='ocrx_word' id='word_1_505' title='bbox 220 5812 343 5848; x_wconf 65' lang='lat' dir='ltr'><strong>vera</strong></span> <span class='ocrx_word' id='word_1_506' title='bbox 367 5800 605 5862; x_wconf 71' lang='lat' dir='ltr'>lectiqest</span> <span class='ocrx_word' id='word_1_507' title='bbox 632 5800 945 5860; x_wconf 77' lang='grc' dir='ltr'>ἐπετελοῦντο,</span> <span class='ocrx_word' id='word_1_508' title='bbox 987 5808 1037 5849; x_wconf 75' lang='lat' dir='ltr'>ut</span> <span class='ocrx_word' id='word_1_509' title='bbox 1070 5800 1212 5849; x_wconf 67' lang='lat' dir='ltr'>habet</span> <span class='ocrx_word' id='word_1_510' title='bbox 1248 5804 1511 5850; x_wconf 78' lang='lat' dir='ltr'>Bavaricus.</span> <span class='ocrx_word' id='word_1_511' title='bbox 1554 5800 1734 5850; x_wconf 78' lang='lat' dir='ltr'>Ibidem</span> <span class='ocrx_word' id='word_1_512' title='bbox 1757 5815 1865 5862; x_wconf 70' lang='lat' dir='ltr'><strong>quae</strong></span> 
     </span>
    </p>
   </div>
   <div class='ocr_carea' id='block_1_66' title="bbox 224 5860 1864 5967">
    <p class='ocr_par' dir='ltr' id='par_1_66' title="bbox 224 5860 1864 5967">
     <span class='ocr_line' id='line_1_66' title="bbox 224 5860 1864 5967; baseline 0.004 -63"><span class='ocrx_word' id='word_1_513' title='bbox 224 5874 252 5889; x_wconf 73' lang='grc' dir='ltr'>ε·</span> <span class='ocrx_word' id='word_1_514' title='bbox 281 5872 404 5965; x_wconf 54' lang='lat' dir='ltr'><strong>voc?</strong></span> <span class='ocrx_word' id='word_1_515' title='bbox 426 5860 623 5967; x_wconf 55' lang='grc' dir='ltr'>ἀνάξὶος,</span> <span class='ocrx_word' id='word_1_516' title='bbox 653 5873 805 5923; x_wconf 81' lang='lat' dir='ltr'><strong>usque</strong></span> <span class='ocrx_word' id='word_1_517' title='bbox 826 5862 885 5909; x_wconf 83' lang='lat' dir='ltr'><strong><em>ad</em></strong></span> <span class='ocrx_word' id='word_1_518' title='bbox 926 5863 1088 5910; x_wconf 84' lang='grc' dir='ltr'>πατεῖν</span> <span class='ocrx_word' id='word_1_519' title='bbox 1114 5861 1368 5923; x_wconf 84' lang='lat' dir='ltr'>habemur,</span> <span class='ocrx_word' id='word_1_520' title='bbox 1410 5875 1471 5911; x_wconf 77' lang='lat' dir='ltr'>cx</span> <span class='ocrx_word' id='word_1_521' title='bbox 1513 5864 1734 5911; x_wconf 73' lang='lat' dir='ltr'>Bavarico</span> <span class='ocrx_word' id='word_1_522' title='bbox 1776 5860 1864 5911; x_wconf 73' lang='lat' dir='ltr'>de-</span> 
     </span>
     <span class='ocr_line' id='line_1_67' title="bbox 224 5931 568 5967; baseline -0.003 0"><span class='ocrx_word' id='word_1_523' title='bbox 224 5933 371 5967; x_wconf 69' lang='lat' dir='ltr'>mum</span> <span class='ocrx_word' id='word_1_524' title='bbox 395 5933 420 5966; x_wconf 77' lang='grc' dir='ltr'>ε</span> <span class='ocrx_word' id='word_1_525' title='bbox 440 5931 530 5965; x_wconf 85' lang='lat' dir='ltr'>sun</span> <span class='ocrx_word' id='word_1_526' title='bbox 558 5956 568 5966; x_wconf 94' lang='lat'>.</span> 
     </span>
    </p>
   </div>
   <div class='ocr_carea' id='block_1_67' title="bbox 224 5931 568 5981">
    <p class='ocr_par' dir='ltr' id='par_1_67' title="bbox 224 5931 568 5981">
     <span class='ocr_line' id='line_1_68' title="bbox 224 5931 568 5981; baseline -0.003 -13"><span class='ocrx_word' id='word_1_527' title='bbox 224 5931 420 5981; x_wconf 66' lang='lat' dir='ltr'><strong><em>ampla</em></strong></span> <span class='ocrx_word' id='word_1_528' title='bbox 440 5931 568 5967; x_wconf 82' lang='lat' dir='ltr'><strong>sum.</strong></span> 
     </span>
    </p>
   </div>
   <div class='ocr_carea' id='block_1_68' title="bbox 1954 609 3594 686">
    <p class='ocr_par' dir='ltr' id='par_1_68' title="bbox 1954 609 3594 686">
     <span class='ocr_line' id='line_1_69' title="bbox 1954 609 3594 686; baseline 0.007 -26"><span class='ocrx_word' id='word_1_529' title='bbox 1954 610 2068 660; x_wconf 86' lang='grc' dir='ltr'>ἀλλ’</span> <span class='ocrx_word' id='word_1_530' title='bbox 2094 611 2174 662; x_wconf 86' lang='grc' dir='ltr'>ἔτι</span> <span class='ocrx_word' id='word_1_531' title='bbox 2206 614 2317 674; x_wconf 82' lang='grc' dir='ltr'>τοῖς</span> <span class='ocrx_word' id='word_1_532' title='bbox 2345 613 2592 683; x_wconf 90' lang='grc' dir='ltr'>δαίμοσιν</span> <span class='ocrx_word' id='word_1_533' title='bbox 2616 609 2755 685; x_wconf 78' lang='grc' dir='ltr'>ἦσαν</span> <span class='ocrx_word' id='word_1_534' title='bbox 2777 616 3204 686; x_wconf 87' lang='grc' dir='ltr'>προσηλωμένοι,</span> <span class='ocrx_word' id='word_1_535' title='bbox 3228 617 3452 682; x_wconf 86' lang='grc' dir='ltr'>εἰκότως</span> <span class='ocrx_word' id='word_1_536' title='bbox 3498 622 3594 672; x_wconf 80' lang='grc' dir='ltr'>καὶ</span> 
     </span>
    </p>
   </div>
   <div class='ocr_carea' id='block_1_69' title="bbox 1957 695 3593 771">
    <p class='ocr_par' dir='ltr' id='par_1_69' title="bbox 1957 695 3593 771">
     <span class='ocr_line' id='line_1_70' title="bbox 1957 695 3593 771; baseline 0.007 -24"><span class='ocrx_word' id='word_1_537' title='bbox 1957 695 2129 748; x_wconf 90' lang='grc' dir='ltr'>ταῦτα</span> <span class='ocrx_word' id='word_1_538' title='bbox 2170 696 2512 751; x_wconf 88' lang='grc' dir='ltr'>ἐκϐάλλεται·</span> <span class='ocrx_word' id='word_1_539' title='bbox 2565 700 2685 753; x_wconf 80' lang='grc' dir='ltr'>ἐπεὶ</span> <span class='ocrx_word' id='word_1_540' title='bbox 2730 701 2822 753; x_wconf 75' lang='grc' dir='ltr'>καὶ</span> <span class='ocrx_word' id='word_1_541' title='bbox 2865 700 3076 771; x_wconf 82' lang='grc' dir='ltr'>δένδρον</span> <span class='ocrx_word' id='word_1_542' title='bbox 3115 702 3338 766; x_wconf 78' lang='grc' dir='ltr'>εἰκότως</span> <span class='ocrx_word' id='word_1_543' title='bbox 3370 720 3452 767; x_wconf 92' lang='grc' dir='ltr'>τις</span> <span class='ocrx_word' id='word_1_544' title='bbox 3499 705 3593 759; x_wconf 77' lang='grc' dir='ltr'>ἐκ·</span> 
     </span>
    </p>
   </div>
   <div class='ocr_carea' id='block_1_70' title="bbox 1954 782 3594 861">
    <p class='ocr_par' dir='ltr' id='par_1_70' title="bbox 1954 782 3594 861">
     <span class='ocr_line' id='line_1_71' title="bbox 1954 782 3594 861; baseline 0.006 -28"><span class='ocrx_word' id='word_1_545' title='bbox 1954 782 2156 851; x_wconf 81' lang='grc' dir='ltr'>τέμνοι,</span> <span class='ocrx_word' id='word_1_546' title='bbox 2180 784 2346 850; x_wconf 87' lang='grc' dir='ltr'>φύλλα</span> <span class='ocrx_word' id='word_1_547' title='bbox 2374 784 2470 854; x_wconf 87' lang='grc' dir='ltr'>μέν</span> <span class='ocrx_word' id='word_1_548' title='bbox 2495 786 2616 855; x_wconf 73' lang='grc' dir='ltr'>ἐχον</span> <span class='ocrx_word' id='word_1_549' title='bbox 2646 787 2737 840; x_wconf 81' lang='grc' dir='ltr'>καὶ</span> <span class='ocrx_word' id='word_1_550' title='bbox 2768 786 3012 852; x_wconf 83' lang='grc' dir='ltr'>κλάδους,</span> <span class='ocrx_word' id='word_1_551' title='bbox 3046 788 3271 855; x_wconf 88' lang='grc' dir='ltr'>καρπῶν</span> <span class='ocrx_word' id='word_1_552' title='bbox 3300 789 3369 843; x_wconf 79' lang='grc' dir='ltr'>δέ-</span> <span class='ocrx_word' id='word_1_553' title='bbox 3389 789 3594 861; x_wconf 65' lang='grc' dir='ltr'>ἔρημον</span> 
     </span>
    </p>
   </div>
   <div class='ocr_carea' id='block_1_71' title="bbox 1954 868 3591 956">
    <p class='ocr_par' dir='ltr' id='par_1_71' title="bbox 1954 868 3591 956">
     <span class='ocr_line' id='line_1_72' title="bbox 1954 868 3591 956; baseline 0.005 -37"><span class='ocrx_word' id='word_1_554' title='bbox 1954 868 2031 956; x_wconf 73' lang='grc' dir='ltr'>όν.</span> <span class='ocrx_word' id='word_1_555' title='bbox 2052 869 2158 956; x_wconf 84' lang='lat' dir='ltr'>Kal</span> <span class='ocrx_word' id='word_1_556' title='bbox 2174 869 2277 941; x_wconf 91' lang='grc' dir='ltr'>γάρ</span> <span class='ocrx_word' id='word_1_557' title='bbox 2298 869 2372 939; x_wconf 79' lang='grc' dir='ltr'>τῷ</span> <span class='ocrx_word' id='word_1_558' title='bbox 2398 872 2617 956; x_wconf 66' lang='grc' dir='ltr'>γηπόνιρ</span> <span class='ocrx_word' id='word_1_559' title='bbox 2647 874 2791 925; x_wconf 78' lang='grc' dir='ltr'>πᾶσα</span> <span class='ocrx_word' id='word_1_560' title='bbox 2818 874 2945 942; x_wconf 78' lang='grc' dir='ltr'>περὶ</span> <span class='ocrx_word' id='word_1_561' title='bbox 2971 873 3032 926; x_wconf 87' lang='grc' dir='ltr'>τδ</span> <span class='ocrx_word' id='word_1_562' title='bbox 3054 873 3216 941; x_wconf 78' lang='grc' dir='ltr'>φυτὸν</span> <span class='ocrx_word' id='word_1_563' title='bbox 3232 876 3265 943; x_wconf 86' lang='grc' dir='ltr'>ἠ</span> <span class='ocrx_word' id='word_1_564' title='bbox 3284 875 3591 944; x_wconf 82' lang='grc' dir='ltr'>ἐπιμέλεια,</span> 
     </span>
    </p>
   </div>
   <div class='ocr_carea' id='block_1_72' title="bbox 1955 953 3598 1030">
    <p class='ocr_par' dir='ltr' id='par_1_72' title="bbox 1955 953 3598 1030">
     <span class='ocr_line' id='line_1_73' title="bbox 1955 953 3598 1030; baseline 0.005 -25"><span class='ocrx_word' id='word_1_565' title='bbox 1955 954 2014 1006; x_wconf 89' lang='grc' dir='ltr'>οὐ</span> <span class='ocrx_word' id='word_1_566' title='bbox 2046 953 2133 1006; x_wconf 88' lang='grc' dir='ltr'>διά</span> <span class='ocrx_word' id='word_1_567' title='bbox 2168 956 2254 1007; x_wconf 84' lang='grc' dir='ltr'>τὸν</span> <span class='ocrx_word' id='word_1_568' title='bbox 2282 956 2457 1024; x_wconf 87' lang='grc' dir='ltr'>φλοιὸν</span> <span class='ocrx_word' id='word_1_569' title='bbox 2479 953 2660 1009; x_wconf 78' lang='grc' dir='ltr'>καὶτὸ</span> <span class='ocrx_word' id='word_1_570' title='bbox 2682 959 2946 1029; x_wconf 89' lang='grc' dir='ltr'>στέλεχος,</span> <span class='ocrx_word' id='word_1_571' title='bbox 2969 956 3082 1012; x_wconf 87' lang='grc' dir='ltr'>ἀλλ’</span> <span class='ocrx_word' id='word_1_572' title='bbox 3106 959 3192 1013; x_wconf 81' lang='grc' dir='ltr'>ἴνα</span> <span class='ocrx_word' id='word_1_573' title='bbox 3222 961 3331 1012; x_wconf 89' lang='grc' dir='ltr'>τῶν</span> <span class='ocrx_word' id='word_1_574' title='bbox 3368 962 3598 1030; x_wconf 87' lang='grc' dir='ltr'>καρπῶν</span> 
     </span>
    </p>
   </div>
   <div class='ocr_carea' id='block_1_73' title="bbox 1956 1038 3595 1115">
    <p class='ocr_par' dir='ltr' id='par_1_73' title="bbox 1956 1038 3595 1115">
     <span class='ocr_line' id='line_1_74' title="bbox 1956 1038 3595 1115; baseline 0.005 -24"><span class='ocrx_word' id='word_1_575' title='bbox 1956 1038 2219 1111; x_wconf 81' lang='grc' dir='ltr'>ἀπολαύῃ.</span> <span class='ocrx_word' id='word_1_576' title='bbox 2251 1043 2517 1111; x_wconf 87' lang='grc' dir='ltr'>Θυμίαμα</span> <span class='ocrx_word' id='word_1_577' title='bbox 2542 1042 2856 1112; x_wconf 75' lang='grc' dir='ltr'>,ϐδέλυγμα</span> <span class='ocrx_word' id='word_1_578' title='bbox 2870 1045 2975 1113; x_wconf 84' lang='grc' dir='ltr'>μοί</span> <span class='ocrx_word' id='word_1_579' title='bbox 2999 1045 3186 1099; x_wconf 81' lang='grc' dir='ltr'>ἐστιν.</span> <span class='ocrx_word' id='word_1_580' title='bbox 3235 1046 3403 1115; x_wconf 80' lang='grc' dir='ltr'>ὐρᾷς</span> <span class='ocrx_word' id='word_1_581' title='bbox 3422 1047 3505 1099; x_wconf 86' lang='grc' dir='ltr'>δτι</span> <span class='ocrx_word' id='word_1_582' title='bbox 3530 1046 3595 1099; x_wconf 84' lang='grc' dir='ltr'>οὐ</span> 
     </span>
    </p>
   </div>
   <div class='ocr_carea' id='block_1_74' title="bbox 1955 1122 3598 1200">
    <p class='ocr_par' dir='ltr' id='par_1_74' title="bbox 1955 1122 3598 1200">
     <span class='ocr_line' id='line_1_75' title="bbox 1955 1122 3598 1200; baseline 0.005 -26"><span class='ocrx_word' id='word_1_583' title='bbox 1955 1125 2022 1192; x_wconf 68' lang='grc' dir='ltr'>τῇ</span> <span class='ocrx_word' id='word_1_584' title='bbox 2052 1122 2206 1190; x_wconf 86' lang='grc' dir='ltr'>φύσει</span> <span class='ocrx_word' id='word_1_585' title='bbox 2226 1126 2330 1179; x_wconf 87' lang='grc' dir='ltr'>τῶν</span> <span class='ocrx_word' id='word_1_586' title='bbox 2353 1127 2803 1197; x_wconf 79' lang='grc' dir='ltr'>προσφερομένων</span> <span class='ocrx_word' id='word_1_587' title='bbox 2823 1128 3056 1199; x_wconf 72' lang='grc' dir='ltr'>ἐχαιρεν,</span> <span class='ocrx_word' id='word_1_588' title='bbox 3083 1129 3216 1183; x_wconf 85' lang='grc' dir='ltr'>ἀλλά</span> <span class='ocrx_word' id='word_1_589' title='bbox 3243 1130 3343 1199; x_wconf 84' lang='grc' dir='ltr'>τήν</span> <span class='ocrx_word' id='word_1_590' title='bbox 3372 1128 3598 1200; x_wconf 85' lang='grc' dir='ltr'>γνώμην</span> 
     </span>
    </p>
   </div>
   <div class='ocr_carea' id='block_1_75' title="bbox 1955 1208 3598 1285">
    <p class='ocr_par' dir='ltr' id='par_1_75' title="bbox 1955 1208 3598 1285">
     <span class='ocr_line' id='line_1_76' title="bbox 1955 1208 3598 1285; baseline 0.006 -26"><span class='ocrx_word' id='word_1_591' title='bbox 1955 1208 2063 1261; x_wconf 87' lang='grc' dir='ltr'>τῶν</span> <span class='ocrx_word' id='word_1_592' title='bbox 2093 1215 2466 1280; x_wconf 89' lang='grc' dir='ltr'>προσαγόντων</span> <span class='ocrx_word' id='word_1_593' title='bbox 2489 1213 2715 1283; x_wconf 77' lang='grc' dir='ltr'>ἐξήταζε</span> <span class='ocrx_word' id='word_1_594' title='bbox 2733 1231 2747 1278; x_wconf 89' lang='lat'><strong>;</strong></span> <span class='ocrx_word' id='word_1_595' title='bbox 2764 1214 2861 1266; x_wconf 89' lang='grc' dir='ltr'>Διά</span> <span class='ocrx_word' id='word_1_596' title='bbox 2879 1214 2942 1284; x_wconf 82' lang='grc' dir='ltr'>δὴ</span> <span class='ocrx_word' id='word_1_597' title='bbox 2965 1214 3121 1268; x_wconf 89' lang='grc' dir='ltr'>τοῦτο</span> <span class='ocrx_word' id='word_1_598' title='bbox 3145 1216 3236 1269; x_wconf 77' lang='grc' dir='ltr'>τὸν</span> <span class='ocrx_word' id='word_1_599' title='bbox 3259 1216 3359 1285; x_wconf 78' lang='grc' dir='ltr'>μὲν</span> <span class='ocrx_word' id='word_1_600' title='bbox 3389 1218 3598 1269; x_wconf 77' lang='grc' dir='ltr'>καπνὸν</span> 
     </span>
    </p>
   </div>
   <div class='ocr_carea' id='block_1_76' title="bbox 1958 1294 3597 1372">
    <p class='ocr_par' dir='ltr' id='par_1_76' title="bbox 1958 1294 3597 1372">
     <span class='ocr_line' id='line_1_77' title="bbox 1958 1294 3597 1372; baseline 0.005 -26"><span class='ocrx_word' id='word_1_601' title='bbox 1958 1294 2050 1347; x_wconf 73' lang='grc' dir='ltr'>καὶ</span> <span class='ocrx_word' id='word_1_602' title='bbox 2076 1295 2171 1365; x_wconf 86' lang='grc' dir='ltr'>τὴν</span> <span class='ocrx_word' id='word_1_603' title='bbox 2194 1297 2412 1350; x_wconf 86' lang='grc' dir='ltr'>κνίσσαν</span> <span class='ocrx_word' id='word_1_604' title='bbox 2449 1300 2546 1367; x_wconf 89' lang='grc' dir='ltr'>τήν</span> <span class='ocrx_word' id='word_1_605' title='bbox 2579 1300 2686 1354; x_wconf 85' lang='grc' dir='ltr'>ἀπὸ</span> <span class='ocrx_word' id='word_1_606' title='bbox 2734 1301 2832 1368; x_wconf 90' lang='grc' dir='ltr'>τῆς</span> <span class='ocrx_word' id='word_1_607' title='bbox 2876 1299 3064 1363; x_wconf 89' lang='grc' dir='ltr'>θυσίας</span> <span class='ocrx_word' id='word_1_608' title='bbox 3114 1301 3206 1354; x_wconf 89' lang='grc' dir='ltr'>τοῦ</span> <span class='ocrx_word' id='word_1_609' title='bbox 3252 1303 3374 1355; x_wconf 88' lang='grc' dir='ltr'>Νῶε</span> <span class='ocrx_word' id='word_1_610' title='bbox 3422 1302 3597 1372; x_wconf 85' lang='grc' dir='ltr'>όσμήν</span> 
     </span>
    </p>
   </div>
   <div class='ocr_carea' id='block_1_77' title="bbox 1958 1382 3598 1459">
    <p class='ocr_par' dir='ltr' id='par_1_77' title="bbox 1958 1382 3598 1459">
     <span class='ocr_line' id='line_1_78' title="bbox 1958 1382 3598 1459; baseline 0.005 -26"><span class='ocrx_word' id='word_1_611' title='bbox 1958 1382 2177 1445; x_wconf 83' lang='grc' dir='ltr'>εὐωδίας</span> <span class='ocrx_word' id='word_1_612' title='bbox 2212 1383 2454 1446; x_wconf 85' lang='grc' dir='ltr'>ἐκάλεσε,</span> <span class='ocrx_word' id='word_1_613' title='bbox 2498 1386 2559 1438; x_wconf 84' lang='grc' dir='ltr'>τὸ</span> <span class='ocrx_word' id='word_1_614' title='bbox 2594 1385 2649 1437; x_wconf 84' lang='grc' dir='ltr'>δέ</span> <span class='ocrx_word' id='word_1_615' title='bbox 2683 1385 2928 1456; x_wconf 90' lang='grc' dir='ltr'>θυμίαμα</span> <span class='ocrx_word' id='word_1_616' title='bbox 2966 1386 3256 1456; x_wconf 84' lang='grc' dir='ltr'>βδέλυγμα.</span> <span class='ocrx_word' id='word_1_617' title='bbox 3288 1389 3460 1459; x_wconf 85' lang='grc' dir='ltr'>Ὅπερ</span> <span class='ocrx_word' id='word_1_618' title='bbox 3487 1388 3598 1458; x_wconf 85' lang='grc' dir='ltr'>γάρ</span> 
     </span>
    </p>
   </div>
   <div class='ocr_carea' id='block_1_78' title="bbox 1957 1465 3597 1542">
    <p class='ocr_par' dir='ltr' id='par_1_78' title="bbox 1957 1465 3597 1542">
     <span class='ocr_line' id='line_1_79' title="bbox 1957 1465 3597 1542; baseline 0.005 -25"><span class='ocrx_word' id='word_1_619' title='bbox 1957 1465 2110 1535; x_wconf 78' lang='grc' dir='ltr'>ἐφην,</span> <span class='ocrx_word' id='word_1_620' title='bbox 2136 1468 2193 1519; x_wconf 86' lang='grc' dir='ltr'>οὐ</span> <span class='ocrx_word' id='word_1_621' title='bbox 2228 1469 2324 1538; x_wconf 84' lang='grc' dir='ltr'>τὴν</span> <span class='ocrx_word' id='word_1_622' title='bbox 2346 1468 2562 1522; x_wconf 82' lang='grc' dir='ltr'>οὐσίανά</span> <span class='ocrx_word' id='word_1_623' title='bbox 2588 1470 2695 1523; x_wconf 86' lang='grc' dir='ltr'>τῶν</span> <span class='ocrx_word' id='word_1_624' title='bbox 2717 1470 2919 1542; x_wconf 87' lang='grc' dir='ltr'>δώρων,</span> <span class='ocrx_word' id='word_1_625' title='bbox 2944 1472 3077 1525; x_wconf 90' lang='grc' dir='ltr'>ἀλλά</span> <span class='ocrx_word' id='word_1_626' title='bbox 3109 1473 3206 1542; x_wconf 91' lang='grc' dir='ltr'>τήν</span> <span class='ocrx_word' id='word_1_627' title='bbox 3238 1473 3471 1526; x_wconf 87' lang='grc' dir='ltr'>διάθεσιν</span> <span class='ocrx_word' id='word_1_628' title='bbox 3488 1473 3597 1527; x_wconf 89' lang='grc' dir='ltr'>τῶν</span> 
     </span>
    </p>
   </div>
   <div class='ocr_carea' id='block_1_79' title="bbox 1958 1554 3597 1626">
    <p class='ocr_par' dir='ltr' id='par_1_79' title="bbox 1958 1554 3597 1626">
     <span class='ocr_line' id='line_1_80' title="bbox 1958 1554 3597 1626; baseline 0.005 -23"><span class='ocrx_word' id='word_1_629' title='bbox 1958 1554 2366 1623; x_wconf 86' lang='grc' dir='ltr'>προσφερόντων</span> <span class='ocrx_word' id='word_1_630' title='bbox 2393 1555 2655 1626; x_wconf 81' lang='grc' dir='ltr'>ἐπιζητεῖ.</span> <span class='ocrx_word' id='word_1_631' title='bbox 2691 1556 2803 1623; x_wconf 85' lang='grc' dir='ltr'>Τὰς</span> <span class='ocrx_word' id='word_1_632' title='bbox 2825 1559 3148 1626; x_wconf 77' lang='grc' dir='ltr'>νεομηνίας</span> <span class='ocrx_word' id='word_1_633' title='bbox 3186 1558 3372 1626; x_wconf 82' lang='grc' dir='ltr'>ὑμῶν,</span> <span class='ocrx_word' id='word_1_634' title='bbox 3402 1559 3499 1612; x_wconf 77' lang='grc' dir='ltr'>καί</span> <span class='ocrx_word' id='word_1_635' title='bbox 3522 1559 3597 1612; x_wconf 83' lang='grc' dir='ltr'>τὰ</span> 
     </span>
    </p>
   </div>
   <div class='ocr_carea' id='block_1_80' title="bbox 1958 1637 3597 1712">
    <p class='ocr_par' dir='ltr' id='par_1_80' title="bbox 1958 1637 3597 1712">
     <span class='ocr_line' id='line_1_81' title="bbox 1958 1637 3597 1712; baseline 0.005 -23"><span class='ocrx_word' id='word_1_636' title='bbox 1958 1637 2235 1694; x_wconf 86' lang='grc' dir='ltr'>σάϐϐατα.</span> <span class='ocrx_word' id='word_1_637' title='bbox 2268 1641 2683 1711; x_wconf 83' lang='grc' dir='ltr'>Παρατηρητέον</span> <span class='ocrx_word' id='word_1_638' title='bbox 2714 1642 2787 1705; x_wconf 87' lang='grc' dir='ltr'>ὼς</span> <span class='ocrx_word' id='word_1_639' title='bbox 2815 1644 2965 1696; x_wconf 79' lang='grc' dir='ltr'>οὐδὲν</span> <span class='ocrx_word' id='word_1_640' title='bbox 3015 1644 3123 1697; x_wconf 89' lang='grc' dir='ltr'>τῶν</span> <span class='ocrx_word' id='word_1_641' title='bbox 3161 1644 3475 1712; x_wconf 87' lang='grc' dir='ltr'>ἀναγκαίων</span> <span class='ocrx_word' id='word_1_642' title='bbox 3500 1646 3597 1697; x_wconf 87' lang='grc' dir='ltr'>ἐκ-</span> 
     </span>
    </p>
   </div>
   <div class='ocr_carea' id='block_1_81' title="bbox 1959 1722 3600 1797">
    <p class='ocr_par' dir='ltr' id='par_1_81' title="bbox 1959 1722 3600 1797">
     <span class='ocr_line' id='line_1_82' title="bbox 1959 1722 3600 1797; baseline 0.005 -24"><span class='ocrx_word' id='word_1_643' title='bbox 1959 1722 2160 1783; x_wconf 85' lang='grc' dir='ltr'>ϐάλλει,</span> <span class='ocrx_word' id='word_1_644' title='bbox 2209 1725 2341 1778; x_wconf 82' lang='grc' dir='ltr'>ἀλλὰ</span> <span class='ocrx_word' id='word_1_645' title='bbox 2385 1726 2557 1778; x_wconf 87' lang='grc' dir='ltr'>ταῦτα</span> <span class='ocrx_word' id='word_1_646' title='bbox 2590 1726 2625 1779; x_wconf 76' lang='grc' dir='ltr'>ἀ</span> <span class='ocrx_word' id='word_1_647' title='bbox 2665 1728 2757 1779; x_wconf 79' lang='grc' dir='ltr'>καὶ</span> <span class='ocrx_word' id='word_1_648' title='bbox 2808 1728 3246 1797; x_wconf 83' lang='grc' dir='ltr'>παραγενόμενος</span> <span class='ocrx_word' id='word_1_649' title='bbox 3292 1731 3322 1781; x_wconf 91' lang='lat'>6</span> <span class='ocrx_word' id='word_1_650' title='bbox 3364 1730 3600 1797; x_wconf 79' lang='grc' dir='ltr'>Χριστὸς</span> 
     </span>
    </p>
   </div>
   <div class='ocr_carea' id='block_1_82' title="bbox 1958 1808 3602 1885">
    <p class='ocr_par' dir='ltr' id='par_1_82' title="bbox 1958 1808 3602 1885">
     <span class='ocr_line' id='line_1_83' title="bbox 1958 1808 3602 1885; baseline 0.004 -26"><span class='ocrx_word' id='word_1_651' title='bbox 1958 1808 2231 1863; x_wconf 86' lang='grc' dir='ltr'>κατέλυσε.</span> <span class='ocrx_word' id='word_1_652' title='bbox 2253 1811 2341 1861; x_wconf 82' lang='grc' dir='ltr'>Διὸ</span> <span class='ocrx_word' id='word_1_653' title='bbox 2366 1812 2456 1862; x_wconf 73' lang='grc' dir='ltr'>καὶ</span> <span class='ocrx_word' id='word_1_654' title='bbox 2484 1810 2511 1861; x_wconf 89' lang='lat'>6</span> <span class='ocrx_word' id='word_1_655' title='bbox 2534 1811 2740 1873; x_wconf 86' lang='grc' dir='ltr'>Παῦλος</span> <span class='ocrx_word' id='word_1_656' title='bbox 2760 1813 3109 1882; x_wconf 79' lang='grc' dir='ltr'>εὐτονώτερον</span> <span class='ocrx_word' id='word_1_657' title='bbox 3129 1813 3207 1882; x_wconf 85' lang='grc' dir='ltr'>τῷ</span> <span class='ocrx_word' id='word_1_658' title='bbox 3226 1813 3368 1882; x_wconf 86' lang='grc' dir='ltr'>λόγῳ</span> <span class='ocrx_word' id='word_1_659' title='bbox 3395 1830 3602 1885; x_wconf 64' lang='grc' dir='ltr'>κεχρην</span> 
     </span>
    </p>
   </div>
   <div class='ocr_carea' id='block_1_83' title="bbox 1962 1895 3597 1969">
    <p class='ocr_par' dir='ltr' id='par_1_83' title="bbox 1962 1895 3597 1969">
     <span class='ocr_line' id='line_1_84' title="bbox 1962 1895 3597 1969; baseline 0.005 -24"><span class='ocrx_word' id='word_1_660' title='bbox 1962 1895 2139 1963; x_wconf 86' lang='grc' dir='ltr'>μένος,</span> <span class='ocrx_word' id='word_1_661' title='bbox 2180 1897 2338 1965; x_wconf 81' lang='grc' dir='ltr'>ἡνίκα</span> <span class='ocrx_word' id='word_1_662' title='bbox 2368 1898 2501 1964; x_wconf 78' lang='grc' dir='ltr'>πρὸς</span> <span class='ocrx_word' id='word_1_663' title='bbox 2533 1897 2811 1960; x_wconf 81' lang='grc' dir='ltr'>Ἰουδαίους</span> <span class='ocrx_word' id='word_1_664' title='bbox 2849 1900 3098 1966; x_wconf 87' lang='grc' dir='ltr'>ἐμάχετο,</span> <span class='ocrx_word' id='word_1_665' title='bbox 3124 1899 3184 1950; x_wconf 89' lang='grc' dir='ltr'>οὐ</span> <span class='ocrx_word' id='word_1_666' title='bbox 3219 1899 3388 1951; x_wconf 90' lang='grc' dir='ltr'>ταῦτα</span> <span class='ocrx_word' id='word_1_667' title='bbox 3414 1900 3597 1969; x_wconf 87' lang='grc' dir='ltr'>μόνον,</span> 
     </span>
    </p>
   </div>
   <div class='ocr_carea' id='block_1_84' title="bbox 1958 1980 3598 2052">
    <p class='ocr_par' dir='ltr' id='par_1_84' title="bbox 1958 1980 3598 2052">
     <span class='ocr_line' id='line_1_85' title="bbox 1958 1980 3598 2052; baseline 0.004 -21"><span class='ocrx_word' id='word_1_668' title='bbox 1958 1980 2089 2032; x_wconf 85' lang='grc' dir='ltr'>ἀλλά</span> <span class='ocrx_word' id='word_1_669' title='bbox 2118 1983 2209 2033; x_wconf 65' lang='grc' dir='ltr'>καὶ⁵</span> <span class='ocrx_word' id='word_1_670' title='bbox 2242 1982 2398 2052; x_wconf 77' lang='grc' dir='ltr'>ἕτερα</span> <span class='ocrx_word' id='word_1_671' title='bbox 2425 1983 2640 2035; x_wconf 86' lang='grc' dir='ltr'>πλείονα</span> <span class='ocrx_word' id='word_1_672' title='bbox 2668 1984 2867 2035; x_wconf 84' lang='grc' dir='ltr'>τούτων</span> <span class='ocrx_word' id='word_1_673' title='bbox 2888 1984 3020 2046; x_wconf 78' lang='grc' dir='ltr'>θεὶς,</span> <span class='ocrx_word' id='word_1_674' title='bbox 3048 1985 3175 2048; x_wconf 76' lang='grc' dir='ltr'>τοὺς</span> <span class='ocrx_word' id='word_1_675' title='bbox 3205 1985 3356 2038; x_wconf 79' lang='grc' dir='ltr'>οὐδὲν</span> <span class='ocrx_word' id='word_1_676' title='bbox 3384 1985 3598 2038; x_wconf 85' lang='grc' dir='ltr'>οίκοθεν</span> 
     </span>
    </p>
   </div>
   <div class='ocr_carea' id='block_1_85' title="bbox 1959 2069 3600 2143">
    <p class='ocr_par' dir='ltr' id='par_1_85' title="bbox 1959 2069 3600 2143">
     <span class='ocr_line' id='line_1_86' title="bbox 1959 2069 3600 2143; baseline 0.005 -24"><span class='ocrx_word' id='word_1_677' title='bbox 1959 2069 2421 2138; x_wconf 78' lang='grc' dir='ltr'>ἐπιδεικνυμένους</span> <span class='ocrx_word' id='word_1_678' title='bbox 2439 2070 2588 2123; x_wconf 84' lang='grc' dir='ltr'>οὐδὲν</span> <span class='ocrx_word' id='word_1_679' title='bbox 2621 2071 2823 2123; x_wconf 80' lang='grc' dir='ltr'>ἐκεῖθεν</span> <span class='ocrx_word' id='word_1_680' title='bbox 2847 2072 3139 2141; x_wconf 87' lang='grc' dir='ltr'>κερδαίνειν</span> <span class='ocrx_word' id='word_1_681' title='bbox 3167 2073 3363 2143; x_wconf 67' lang='grc' dir='ltr'>ἔφησεν</span> <span class='ocrx_word' id='word_1_682' title='bbox 3392 2112 3410 2137; x_wconf 87' lang='grc'>,</span> <span class='ocrx_word' id='word_1_683' title='bbox 3454 2074 3600 2129; x_wconf 77' lang='grc' dir='ltr'>οὕτω</span> 
     </span>
    </p>
   </div>
   <div class='ocr_carea' id='block_1_86' title="bbox 1958 2154 3600 2228">
    <p class='ocr_par' dir='ltr' id='par_1_86' title="bbox 1958 2154 3600 2228">
     <span class='ocr_line' id='line_1_87' title="bbox 1958 2154 3600 2228; baseline 0.004 -23"><span class='ocrx_word' id='word_1_684' title='bbox 1958 2154 2155 2221; x_wconf 84' lang='grc' dir='ltr'>λέγων·</span> <span class='ocrx_word' id='word_1_685' title='bbox 2173 2159 2240 2208; x_wconf 73' lang='lat' dir='ltr'><strong><em>El</em></strong></span> <span class='ocrx_word' id='word_1_686' title='bbox 2267 2156 2426 2209; x_wconf 82' lang='grc' dir='ltr'>δέσὺ</span> <span class='ocrx_word' id='word_1_687' title='bbox 2462 2156 2744 2222; x_wconf 84' lang='grc' dir='ltr'>Ἰουδαῖος</span> <span class='ocrx_word' id='word_1_688' title='bbox 2760 2157 3105 2225; x_wconf 78' lang='grc' dir='ltr'>ἐπονομάζῃ,</span> <span class='ocrx_word' id='word_1_689' title='bbox 3129 2158 3228 2212; x_wconf 78' lang='grc' dir='ltr'>καί</span> <span class='ocrx_word' id='word_1_690' title='bbox 3242 2159 3600 2228; x_wconf 68' lang='grc' dir='ltr'>ἐπαναπαύῃ</span> 
     </span>
    </p>
   </div>
   <div class='ocr_carea' id='block_1_87' title="bbox 1958 2242 3601 2311">
    <p class='ocr_par' dir='ltr' id='par_1_87' title="bbox 1958 2242 3601 2311">
     <span class='ocr_line' id='line_1_88' title="bbox 1958 2242 3601 2311; baseline 0.001 -16"><span class='ocrx_word' id='word_1_691' title='bbox 1958 2243 2039 2306; x_wconf 85' lang='grc' dir='ltr'>τῷ</span> <span class='ocrx_word' id='word_1_692' title='bbox 2073 2243 2252 2311; x_wconf 87' lang='grc' dir='ltr'>νόμῳ,</span> <span class='ocrx_word' id='word_1_693' title='bbox 2288 2244 2383 2295; x_wconf 82' lang='grc' dir='ltr'>καὶ</span> <span class='ocrx_word' id='word_1_694' title='bbox 2412 2242 2711 2310; x_wconf 83' lang='grc' dir='ltr'>καυχᾶσαι</span> <span class='ocrx_word' id='word_1_695' title='bbox 2752 2244 2820 2294; x_wconf 84' lang='grc' dir='ltr'>έν</span> <span class='ocrx_word' id='word_1_696' title='bbox 2858 2243 2997 2306; x_wconf 84' lang='grc' dir='ltr'>Θεῷ,</span> <span class='ocrx_word' id='word_1_697' title='bbox 3041 2243 3138 2295; x_wconf 81' lang='grc' dir='ltr'>καί</span> <span class='ocrx_word' id='word_1_698' title='bbox 3180 2243 3487 2310; x_wconf 78' lang='grc' dir='ltr'>γινώσκεις</span> <span class='ocrx_word' id='word_1_699' title='bbox 3528 2245 3601 2297; x_wconf 78' lang='grc' dir='ltr'>τὸ</span> 
     </span>
    </p>
   </div>
   <div class='ocr_carea' id='block_1_88' title="bbox 1961 2326 3602 2395">
    <p class='ocr_par' dir='ltr' id='par_1_88' title="bbox 1961 2326 3602 2395">
     <span class='ocr_line' id='line_1_89' title="bbox 1961 2326 3602 2395; baseline -0.001 -15"><span class='ocrx_word' id='word_1_700' title='bbox 1961 2327 2207 2395; x_wconf 72' lang='grc' dir='ltr'>θέλημα,</span> <span class='ocrx_word' id='word_1_701' title='bbox 2243 2328 2339 2379; x_wconf 78' lang='grc' dir='ltr'>καὶ</span> <span class='ocrx_word' id='word_1_702' title='bbox 2369 2327 2701 2394; x_wconf 80' lang='grc' dir='ltr'>δοκιμάζεις</span> <span class='ocrx_word' id='word_1_703' title='bbox 2733 2327 2804 2380; x_wconf 84' lang='grc' dir='ltr'>τὰ</span> <span class='ocrx_word' id='word_1_704' title='bbox 2826 2326 3203 2395; x_wconf 72' lang='grc' dir='ltr'>διαφέροντα,</span> <span class='ocrx_word' id='word_1_705' title='bbox 3238 2329 3602 2395; x_wconf 77' lang='grc' dir='ltr'>κατηχούμε-</span> 
     </span>
    </p>
   </div>
   <div class='ocr_carea' id='block_1_89' title="bbox 1959 2412 3596 2481">
    <p class='ocr_par' dir='ltr' id='par_1_89' title="bbox 1959 2412 3596 2481">
     <span class='ocr_line' id='line_1_90' title="bbox 1959 2412 3596 2481; baseline -0.003 -15"><span class='ocrx_word' id='word_1_706' title='bbox 1959 2430 2063 2479; x_wconf 85' lang='grc' dir='ltr'>νος</span> <span class='ocrx_word' id='word_1_707' title='bbox 2106 2414 2175 2466; x_wconf 82' lang='grc' dir='ltr'>ἐκ</span> <span class='ocrx_word' id='word_1_708' title='bbox 2208 2414 2313 2467; x_wconf 88' lang='grc' dir='ltr'>τοῦ</span> <span class='ocrx_word' id='word_1_709' title='bbox 2355 2414 2561 2481; x_wconf 88' lang='grc' dir='ltr'>νόμου.</span> <span class='ocrx_word' id='word_1_710' title='bbox 2612 2413 2721 2466; x_wconf 85' lang='lat' dir='ltr'>Kal</span> <span class='ocrx_word' id='word_1_711' title='bbox 2768 2414 2960 2466; x_wconf 87' lang='grc' dir='ltr'>πάλιν·</span> <span class='ocrx_word' id='word_1_712' title='bbox 3004 2412 3289 2481; x_wconf 78' lang='grc' dir='ltr'>Περιτομη</span> <span class='ocrx_word' id='word_1_713' title='bbox 3334 2412 3451 2480; x_wconf 81' lang='grc' dir='ltr'>μὲν</span> <span class='ocrx_word' id='word_1_714' title='bbox 3488 2413 3596 2479; x_wconf 71' lang='grc' dir='ltr'>γὰρ</span> 
     </span>
    </p>
   </div>
   <div class='ocr_carea' id='block_1_90' title="bbox 1959 2497 3597 2574">
    <p class='ocr_par' dir='ltr' id='par_1_90' title="bbox 1959 2497 3597 2574">
     <span class='ocr_line' id='line_1_91' title="bbox 1959 2497 3597 2574; baseline -0.001 -20"><span class='ocrx_word' id='word_1_715' title='bbox 1959 2502 2190 2571; x_wconf 70' lang='grc' dir='ltr'>ὠφελεῖ,</span> <span class='ocrx_word' id='word_1_716' title='bbox 2222 2504 2329 2556; x_wconf 83' lang='grc' dir='ltr'>ἐὰν</span> <span class='ocrx_word' id='word_1_717' title='bbox 2348 2504 2534 2569; x_wconf 83' lang='grc' dir='ltr'>νόμον</span> <span class='ocrx_word' id='word_1_718' title='bbox 2566 2502 2864 2567; x_wconf 78' lang='grc' dir='ltr'>πράσσῃς·</span> <span class='ocrx_word' id='word_1_719' title='bbox 2890 2502 2997 2554; x_wconf 78' lang='grc' dir='ltr'>ἐὰν</span> <span class='ocrx_word' id='word_1_720' title='bbox 3017 2501 3083 2552; x_wconf 81' lang='grc' dir='ltr'>δὲ</span> <span class='ocrx_word' id='word_1_721' title='bbox 3109 2499 3448 2566; x_wconf 84' lang='grc' dir='ltr'>παραϐάτης</span> <span class='ocrx_word' id='word_1_722' title='bbox 3498 2497 3597 2574; x_wconf 74' lang='grc' dir='ltr'>ᾗς,</span> 
     </span>
    </p>
   </div>
   <div class='ocr_carea' id='block_1_91' title="bbox 1960 2584 3602 2655">
    <p class='ocr_par' dir='ltr' id='par_1_91' title="bbox 1960 2584 3602 2655">
     <span class='ocr_line' id='line_1_92' title="bbox 1960 2584 3602 2655; baseline -0.001 -16"><span class='ocrx_word' id='word_1_723' title='bbox 1960 2589 1997 2653; x_wconf 74' lang='grc' dir='ltr'>ἡ</span> <span class='ocrx_word' id='word_1_724' title='bbox 2038 2587 2315 2655; x_wconf 85' lang='grc' dir='ltr'>περιτομή</span> <span class='ocrx_word' id='word_1_725' title='bbox 2354 2603 2469 2640; x_wconf 91' lang='grc' dir='ltr'>σου</span> <span class='ocrx_word' id='word_1_726' title='bbox 2506 2586 2866 2652; x_wconf 81' lang='grc' dir='ltr'>ἀκροϐυστία</span> <span class='ocrx_word' id='word_1_727' title='bbox 2910 2585 3135 2653; x_wconf 74' lang='grc' dir='ltr'>γέγονε.</span> <span class='ocrx_word' id='word_1_728' title='bbox 3187 2585 3294 2637; x_wconf 91' lang='lat' dir='ltr'>Kal</span> <span class='ocrx_word' id='word_1_729' title='bbox 3339 2584 3457 2637; x_wconf 87' lang='grc' dir='ltr'>οὐδὲ</span> <span class='ocrx_word' id='word_1_730' title='bbox 3490 2585 3602 2637; x_wconf 76' lang='grc' dir='ltr'>ἀπὸ</span> 
     </span>
    </p>
   </div>
   <div class='ocr_carea' id='block_1_92' title="bbox 1959 2672 3602 2742">
    <p class='ocr_par' dir='ltr' id='par_1_92' title="bbox 1959 2672 3602 2742">
     <span class='ocr_line' id='line_1_93' title="bbox 1959 2672 3602 2742; baseline -0.002 -15"><span class='ocrx_word' id='word_1_731' title='bbox 1959 2675 2049 2727; x_wconf 79' lang='grc' dir='ltr'>τοῦ</span> <span class='ocrx_word' id='word_1_732' title='bbox 2091 2676 2437 2742; x_wconf 82' lang='grc' dir='ltr'>πιστευθῆναι</span> <span class='ocrx_word' id='word_1_733' title='bbox 2477 2675 2670 2735; x_wconf 81' lang='grc' dir='ltr'>αὐτοὺς</span> <span class='ocrx_word' id='word_1_734' title='bbox 2700 2685 2722 2711; x_wconf 78' lang='grc' dir='ltr'><strong>ο</strong></span> <span class='ocrx_word' id='word_1_735' title='bbox 2757 2674 2843 2725; x_wconf 80' lang='grc' dir='ltr'>τὸν</span> <span class='ocrx_word' id='word_1_736' title='bbox 2874 2674 3033 2740; x_wconf 88' lang='grc' dir='ltr'>νόμον</span> <span class='ocrx_word' id='word_1_737' title='bbox 3060 2672 3226 2739; x_wconf 77' lang='grc' dir='ltr'>ἔφησέ</span> <span class='ocrx_word' id='word_1_738' title='bbox 3264 2691 3317 2724; x_wconf 86' lang='grc' dir='ltr'>τι</span> <span class='ocrx_word' id='word_1_739' title='bbox 3342 2674 3468 2735; x_wconf 80' lang='grc' dir='ltr'>τοὺς</span> <span class='ocrx_word' id='word_1_740' title='bbox 3506 2690 3602 2724; x_wconf 86' lang='grc' dir='ltr'>πι-</span> 
     </span>
    </p>
   </div>
   <div class='ocr_carea' id='block_1_93' title="bbox 1964 2755 3600 2829">
    <p class='ocr_par' dir='ltr' id='par_1_93' title="bbox 1964 2755 3600 2829">
     <span class='ocr_line' id='line_1_94' title="bbox 1964 2755 3600 2829; baseline 0 -18"><span class='ocrx_word' id='word_1_741' title='bbox 1964 2762 2275 2821; x_wconf 81' lang='grc' dir='ltr'>στευθέντας</span> <span class='ocrx_word' id='word_1_742' title='bbox 2301 2760 2710 2829; x_wconf 89' lang='grc' dir='ltr'>καρπώσασθαι,</span> <span class='ocrx_word' id='word_1_743' title='bbox 2756 2760 2943 2827; x_wconf 86' lang='grc' dir='ltr'>ἐπειδή</span> <span class='ocrx_word' id='word_1_744' title='bbox 2970 2760 3273 2826; x_wconf 80' lang='grc' dir='ltr'>ἠπίστησαν</span> <span class='ocrx_word' id='word_1_745' title='bbox 3293 2775 3307 2789; x_wconf 88' lang='grc'>·</span> <span class='ocrx_word' id='word_1_746' title='bbox 3340 2759 3477 2827; x_wconf 82' lang='grc' dir='ltr'>ὅπερ</span> <span class='ocrx_word' id='word_1_747' title='bbox 3507 2755 3600 2811; x_wconf 82' lang='grc' dir='ltr'>οὖν</span> 
     </span>
    </p>
   </div>
   <div class='ocr_carea' id='block_1_94' title="bbox 1962 2841 3601 2914">
    <p class='ocr_par' dir='ltr' id='par_1_94' title="bbox 1962 2841 3601 2914">
     <span class='ocr_line' id='line_1_95' title="bbox 1962 2841 3601 2914; baseline 0.001 -18"><span class='ocrx_word' id='word_1_748' title='bbox 1962 2846 2055 2896; x_wconf 77' lang='grc' dir='ltr'>καὶ</span> <span class='ocrx_word' id='word_1_749' title='bbox 2096 2847 2123 2898; x_wconf 93' lang='lat'>6</span> <span class='ocrx_word' id='word_1_750' title='bbox 2167 2844 2326 2897; x_wconf 79' lang='grc' dir='ltr'>Δαυῖδ</span> <span class='ocrx_word' id='word_1_751' title='bbox 2373 2845 2571 2914; x_wconf 79' lang='grc' dir='ltr'>ἑτέρως</span> <span class='ocrx_word' id='word_1_752' title='bbox 2598 2844 2958 2911; x_wconf 80' lang='grc' dir='ltr'>αἰνιττόμενος</span> <span class='ocrx_word' id='word_1_753' title='bbox 2983 2843 3169 2909; x_wconf 83' lang='grc' dir='ltr'>ἐλεγε·</span> <span class='ocrx_word' id='word_1_754' title='bbox 3208 2841 3293 2906; x_wconf 83' lang='grc' dir='ltr'>Τῷ</span> <span class='ocrx_word' id='word_1_755' title='bbox 3326 2842 3395 2895; x_wconf 77' lang='grc' dir='ltr'>δέ</span> <span class='ocrx_word' id='word_1_756' title='bbox 3416 2844 3601 2911; x_wconf 84' lang='grc' dir='ltr'>άμαρ-</span> 
     </span>
    </p>
   </div>
   <div class='ocr_carea' id='block_1_95' title="bbox 1960 2926 3600 2997">
    <p class='ocr_par' dir='ltr' id='par_1_95' title="bbox 1960 2926 3600 2997">
     <span class='ocr_line' id='line_1_96' title="bbox 1960 2926 3600 2997; baseline -0.002 -15"><span class='ocrx_word' id='word_1_757' title='bbox 1960 2928 2125 2993; x_wconf 76' lang='grc' dir='ltr'>τωλῷ</span> <span class='ocrx_word' id='word_1_758' title='bbox 2143 2926 2309 2983; x_wconf 76' lang='grc' dir='ltr'>εἶπεν</span> <span class='ocrx_word' id='word_1_759' title='bbox 2324 2932 2353 2983; x_wconf 85' lang='grc' dir='ltr'>ό</span> <span class='ocrx_word' id='word_1_760' title='bbox 2376 2932 2516 2992; x_wconf 87' lang='grc' dir='ltr'>Θεός</span> <span class='ocrx_word' id='word_1_761' title='bbox 2530 2945 2545 2960; x_wconf 94' lang='grc'>·</span> <span class='ocrx_word' id='word_1_762' title='bbox 2570 2929 2699 2983; x_wconf 82' lang='grc' dir='ltr'>Ἵνα</span> <span class='ocrx_word' id='word_1_763' title='bbox 2719 2929 2775 2981; x_wconf 87' lang='grc' dir='ltr'>τί</span> <span class='ocrx_word' id='word_1_764' title='bbox 2793 2928 2873 2981; x_wconf 86' lang='grc' dir='ltr'>σὺ</span> <span class='ocrx_word' id='word_1_765' title='bbox 2890 2926 3138 2997; x_wconf 78' lang='grc' dir='ltr'>έκδιηγῇ</span> <span class='ocrx_word' id='word_1_766' title='bbox 3157 2928 3228 2980; x_wconf 86' lang='grc' dir='ltr'>τὰ</span> <span class='ocrx_word' id='word_1_767' title='bbox 3245 2927 3600 2995; x_wconf 77' lang='grc' dir='ltr'>δικαιώματά</span> 
     </span>
    </p>
   </div>
   <div class='ocr_carea' id='block_1_96' title="bbox 1956 3013 3605 3084">
    <p class='ocr_par' dir='ltr' id='par_1_96' title="bbox 1956 3013 3605 3084">
     <span class='ocr_line' id='line_1_97' title="bbox 1956 3013 3605 3084; baseline -0.001 -18"><span class='ocrx_word' id='word_1_768' title='bbox 1956 3030 2107 3082; x_wconf 86' lang='grc' dir='ltr'>μου;</span> <span class='ocrx_word' id='word_1_769' title='bbox 2150 3014 2360 3083; x_wconf 81' lang='grc' dir='ltr'>Ἐπειδὴ</span> <span class='ocrx_word' id='word_1_770' title='bbox 2394 3015 2498 3084; x_wconf 90' lang='grc' dir='ltr'>γάρ</span> <span class='ocrx_word' id='word_1_771' title='bbox 2527 3015 2636 3067; x_wconf 83' lang='grc' dir='ltr'>ἄνω</span> <span class='ocrx_word' id='word_1_772' title='bbox 2670 3014 2759 3064; x_wconf 78' lang='grc' dir='ltr'>καὶ</span> <span class='ocrx_word' id='word_1_773' title='bbox 2787 3014 2933 3066; x_wconf 87' lang='grc' dir='ltr'>κάτω</span> <span class='ocrx_word' id='word_1_774' title='bbox 2965 3013 2984 3051; x_wconf 75' lang='grc' dir='ltr'>ί</span> <span class='ocrx_word' id='word_1_775' title='bbox 3020 3016 3084 3083; x_wconf 80' lang='grc' dir='ltr'>τῇ</span> <span class='ocrx_word' id='word_1_776' title='bbox 3111 3014 3363 3084; x_wconf 85' lang='grc' dir='ltr'>ἀκροάσει</span> <span class='ocrx_word' id='word_1_777' title='bbox 3393 3013 3486 3065; x_wconf 90' lang='grc' dir='ltr'>τοῦ</span> <span class='ocrx_word' id='word_1_778' title='bbox 3515 3013 3605 3066; x_wconf 78' lang='lat' dir='ltr'>v6-</span> 
     </span>
    </p>
   </div>
   <div class='ocr_carea' id='block_1_97' title="bbox 1965 3098 3599 3170">
    <p class='ocr_par' dir='ltr' id='par_1_97' title="bbox 1965 3098 3599 3170">
     <span class='ocr_line' id='line_1_98' title="bbox 1965 3098 3599 3170; baseline -0.002 -17"><span class='ocrx_word' id='word_1_779' title='bbox 1965 3117 2063 3167; x_wconf 87' lang='grc' dir='ltr'>μου</span> <span class='ocrx_word' id='word_1_780' title='bbox 2099 3101 2236 3169; x_wconf 87' lang='grc' dir='ltr'>μέγα</span> <span class='ocrx_word' id='word_1_781' title='bbox 2266 3100 2535 3170; x_wconf 84' lang='grc' dir='ltr'>ἐφρόνουν,</span> <span class='ocrx_word' id='word_1_782' title='bbox 2556 3100 2654 3169; x_wconf 84' lang='grc' dir='ltr'>τῆς</span> <span class='ocrx_word' id='word_1_783' title='bbox 2674 3099 2918 3169; x_wconf 86' lang='grc' dir='ltr'>πράξεως</span> <span class='ocrx_word' id='word_1_784' title='bbox 2949 3098 3096 3158; x_wconf 77' lang='grc' dir='ltr'>ὄντες</span> <span class='ocrx_word' id='word_1_785' title='bbox 3126 3098 3339 3168; x_wconf 75' lang='grc' dir='ltr'>ἔρημοι,</span> <span class='ocrx_word' id='word_1_786' title='bbox 3367 3099 3460 3151; x_wconf 80' lang='grc' dir='ltr'>καὶ</span> <span class='ocrx_word' id='word_1_787' title='bbox 3483 3098 3599 3169; x_wconf 76' lang='grc' dir='ltr'>[Η]</span> 
     </span>
    </p>
   </div>
   <div class='ocr_carea' id='block_1_98' title="bbox 1960 3184 3600 3253">
    <p class='ocr_par' dir='ltr' id='par_1_98' title="bbox 1960 3184 3600 3253">
     <span class='ocr_line' id='line_1_99' title="bbox 1960 3184 3600 3253; baseline -0.001 -15"><span class='ocrx_word' id='word_1_788' title='bbox 1960 3188 1987 3238; x_wconf 91' lang='lat'>6</span> <span class='ocrx_word' id='word_1_789' title='bbox 2016 3186 2221 3249; x_wconf 86' lang='grc' dir='ltr'>Παῦλος</span> <span class='ocrx_word' id='word_1_790' title='bbox 2252 3187 2441 3248; x_wconf 83' lang='grc' dir='ltr'>αὐτοὺς</span> <span class='ocrx_word' id='word_1_791' title='bbox 2483 3186 2730 3251; x_wconf 84' lang='grc' dir='ltr'>ἐξέϐαλλε</span> <span class='ocrx_word' id='word_1_792' title='bbox 2770 3186 2861 3238; x_wconf 91' lang='grc' dir='ltr'>τοῦ</span> <span class='ocrx_word' id='word_1_793' title='bbox 2906 3185 3257 3253; x_wconf 83' lang='grc' dir='ltr'>καυχήματος</span> <span class='ocrx_word' id='word_1_794' title='bbox 3304 3184 3491 3237; x_wconf 87' lang='grc' dir='ltr'>εἰπών·</span> <span class='ocrx_word' id='word_1_795' title='bbox 3543 3185 3600 3236; x_wconf 88' lang='grc' dir='ltr'><em>Ὁ</em></span> 
     </span>
    </p>
   </div>
   <div class='ocr_carea' id='block_1_99' title="bbox 1961 3269 3601 3337">
    <p class='ocr_par' dir='ltr' id='par_1_99' title="bbox 1961 3269 3601 3337">
     <span class='ocr_line' id='line_1_100' title="bbox 1961 3269 3601 3337; baseline 0 -13"><span class='ocrx_word' id='word_1_796' title='bbox 1961 3269 2072 3326; x_wconf 87' lang='grc' dir='ltr'>οὖν</span> <span class='ocrx_word' id='word_1_797' title='bbox 2106 3273 2401 3325; x_wconf 83' lang='grc' dir='ltr'>διδάσκων</span> <span class='ocrx_word' id='word_1_798' title='bbox 2433 3273 2654 3337; x_wconf 82' lang='grc' dir='ltr'>ἕτερον,</span> <span class='ocrx_word' id='word_1_799' title='bbox 2688 3273 2945 3324; x_wconf 83' lang='grc' dir='ltr'>σεαυτὸν</span> <span class='ocrx_word' id='word_1_800' title='bbox 2970 3273 3041 3324; x_wconf 86' lang='grc' dir='ltr'>οὐ</span> <span class='ocrx_word' id='word_1_801' title='bbox 3066 3270 3404 3334; x_wconf 82' lang='grc' dir='ltr'>διδάσκεις;</span> <span class='ocrx_word' id='word_1_802' title='bbox 3434 3271 3531 3323; x_wconf 82' lang='grc' dir='ltr'>καί</span> <span class='ocrx_word' id='word_1_803' title='bbox 3564 3272 3601 3324; x_wconf 84' lang='grc' dir='ltr'><strong><em>ὁ</em></strong></span> 
     </span>
    </p>
   </div>
   <div class='ocr_carea' id='block_1_100' title="bbox 1961 3357 3601 3426">
    <p class='ocr_par' dir='ltr' id='par_1_100' title="bbox 1961 3357 3601 3426">
     <span class='ocr_line' id='line_1_101' title="bbox 1961 3357 3601 3426; baseline -0.002 -14"><span class='ocrx_word' id='word_1_804' title='bbox 1961 3361 2283 3426; x_wconf 80' lang='grc' dir='ltr'>κηρύσσων</span> <span class='ocrx_word' id='word_1_805' title='bbox 2342 3358 2423 3425; x_wconf 79' lang='grc' dir='ltr'>μὴ</span> <span class='ocrx_word' id='word_1_806' title='bbox 2472 3357 2766 3420; x_wconf 75' lang='grc' dir='ltr'>κλέπτειν,</span> <span class='ocrx_word' id='word_1_807' title='bbox 2820 3357 3132 3420; x_wconf 76' lang='grc' dir='ltr'>κλέπτεις;</span> <span class='ocrx_word' id='word_1_808' title='bbox 3190 3358 3298 3410; x_wconf 86' lang='lat' dir='ltr'>Kal</span> <span class='ocrx_word' id='word_1_809' title='bbox 3355 3359 3383 3410; x_wconf 89' lang='lat'>6</span> <span class='ocrx_word' id='word_1_810' title='bbox 3437 3357 3601 3409; x_wconf 76' lang='grc' dir='ltr'>Δαυῒδ</span> 
     </span>
    </p>
   </div>
   <div class='ocr_carea' id='block_1_101' title="bbox 1961 3442 3603 3513">
    <p class='ocr_par' dir='ltr' id='par_1_101' title="bbox 1961 3442 3603 3513">
     <span class='ocr_line' id='line_1_102' title="bbox 1961 3442 3603 3513; baseline -0.001 -17"><span class='ocrx_word' id='word_1_811' title='bbox 1961 3446 2155 3513; x_wconf 83' lang='grc' dir='ltr'>ὁμοίως</span> <span class='ocrx_word' id='word_1_812' title='bbox 2214 3443 2400 3509; x_wconf 84' lang='grc' dir='ltr'>λέγων·</span> <span class='ocrx_word' id='word_1_813' title='bbox 2462 3445 2530 3495; x_wconf 79' lang='grc' dir='ltr'>Εἰ</span> <span class='ocrx_word' id='word_1_814' title='bbox 2584 3442 2845 3509; x_wconf 84' lang='grc' dir='ltr'>έθεώρεις</span> <span class='ocrx_word' id='word_1_815' title='bbox 2905 3443 3185 3508; x_wconf 75' lang='grc' dir='ltr'>κλέπτην,</span> <span class='ocrx_word' id='word_1_816' title='bbox 3244 3442 3603 3510; x_wconf 82' lang='grc' dir='ltr'>συνέτρεχες</span> 
     </span>
    </p>
   </div>
   <div class='ocr_carea' id='block_1_102' title="bbox 1960 3527 3599 3599">
    <p class='ocr_par' dir='ltr' id='par_1_102' title="bbox 1960 3527 3599 3599">
     <span class='ocr_line' id='line_1_103' title="bbox 1960 3527 3599 3599; baseline -0.001 -16"><span class='ocrx_word' id='word_1_817' title='bbox 1960 3531 2136 3595; x_wconf 86' lang='grc' dir='ltr'>αὐτῷ,</span> <span class='ocrx_word' id='word_1_818' title='bbox 2166 3529 2261 3583; x_wconf 76' lang='grc' dir='ltr'>καὶ</span> <span class='ocrx_word' id='word_1_819' title='bbox 2284 3530 2430 3597; x_wconf 87' lang='grc' dir='ltr'>μετὰ</span> <span class='ocrx_word' id='word_1_820' title='bbox 2458 3529 2681 3599; x_wconf 88' lang='grc' dir='ltr'>μοιχῶν</span> <span class='ocrx_word' id='word_1_821' title='bbox 2708 3528 2818 3595; x_wconf 82' lang='grc' dir='ltr'>τὴν</span> <span class='ocrx_word' id='word_1_822' title='bbox 2836 3527 3045 3595; x_wconf 82' lang='grc' dir='ltr'>μερίδα</span> <span class='ocrx_word' id='word_1_823' title='bbox 3080 3542 3195 3580; x_wconf 92' lang='grc' dir='ltr'>σου</span> <span class='ocrx_word' id='word_1_824' title='bbox 3237 3528 3453 3594; x_wconf 81' lang='grc' dir='ltr'>έτίθης.</span> <span class='ocrx_word' id='word_1_825' title='bbox 3488 3528 3599 3582; x_wconf 68' lang='grc' dir='ltr'>Καὶ</span> 
     </span>
    </p>
   </div>
   <div class='ocr_carea' id='block_1_103' title="bbox 1961 3611 3602 3686">
    <p class='ocr_par' dir='ltr' id='par_1_103' title="bbox 1961 3611 3602 3686">
     <span class='ocr_line' id='line_1_104' title="bbox 1961 3611 3602 3686; baseline -0.016 -3"><span class='ocrx_word' id='word_1_826' title='bbox 1961 3619 2183 3686; x_wconf 68' lang='grc' dir='ltr'>ἡμέραν</span> <span class='ocrx_word' id='word_1_827' title='bbox 2224 3615 2492 3683; x_wconf 73' lang='grc' dir='ltr'>μεγάλην</span> <span class='ocrx_word' id='word_1_828' title='bbox 2525 3617 2632 3667; x_wconf 80' lang='grc' dir='ltr'>Οὐκ</span> <span class='ocrx_word' id='word_1_829' title='bbox 2667 3612 3081 3681; x_wconf 83' lang='grc' dir='ltr'>ἀνέχομαι.Τήν</span> <span class='ocrx_word' id='word_1_830' title='bbox 3118 3611 3482 3682; x_wconf 79' lang='grc' dir='ltr'>πεντηκοστὴν</span> <span class='ocrx_word' id='word_1_831' title='bbox 3514 3614 3602 3665; x_wconf 72' lang='grc' dir='ltr'>λι.</span> 
     </span>
    </p>
   </div>
   <div class='ocr_carea' id='block_1_104' title="bbox 1960 3696 3598 3772">
    <p class='ocr_par' dir='ltr' id='par_1_104' title="bbox 1960 3696 3598 3772">
     <span class='ocr_line' id='line_1_105' title="bbox 1960 3696 3598 3772; baseline -0.002 -16"><span class='ocrx_word' id='word_1_832' title='bbox 1960 3721 2065 3771; x_wconf 87' lang='grc' dir='ltr'>γει,</span> <span class='ocrx_word' id='word_1_833' title='bbox 2094 3703 2189 3772; x_wconf 84' lang='grc' dir='ltr'>τὴν</span> <span class='ocrx_word' id='word_1_834' title='bbox 2214 3700 2594 3770; x_wconf 88' lang='grc' dir='ltr'>σκηνοπηγίαν,</span> <span class='ocrx_word' id='word_1_835' title='bbox 2620 3700 2678 3751; x_wconf 82' lang='grc' dir='ltr'>τὸ</span> <span class='ocrx_word' id='word_1_836' title='bbox 2707 3700 2911 3767; x_wconf 88' lang='grc' dir='ltr'>Πάσχα,</span> <span class='ocrx_word' id='word_1_837' title='bbox 2937 3698 3026 3749; x_wconf 74' lang='grc' dir='ltr'>καὶ</span> <span class='ocrx_word' id='word_1_838' title='bbox 3051 3696 3148 3759; x_wconf 90' lang='grc' dir='ltr'>τάς</span> <span class='ocrx_word' id='word_1_839' title='bbox 3168 3696 3358 3760; x_wconf 83' lang='grc' dir='ltr'>λοιπὰς</span> <span class='ocrx_word' id='word_1_840' title='bbox 3386 3697 3598 3767; x_wconf 81' lang='grc' dir='ltr'>ἑορτάς.</span> 
     </span>
    </p>
   </div>
   <div class='ocr_carea' id='block_1_105' title="bbox 1961 3781 3599 3856">
    <p class='ocr_par' dir='ltr' id='par_1_105' title="bbox 1961 3781 3599 3856">
     <span class='ocr_line' id='line_1_106' title="bbox 1961 3781 3599 3856; baseline -0.007 -13"><span class='ocrx_word' id='word_1_841' title='bbox 1961 3790 2274 3856; x_wconf 88' lang='grc' dir='ltr'>Νηστείαν,</span> <span class='ocrx_word' id='word_1_842' title='bbox 2300 3787 2395 3840; x_wconf 81' lang='grc' dir='ltr'>καί</span> <span class='ocrx_word' id='word_1_843' title='bbox 2420 3786 2648 3854; x_wconf 83' lang='grc' dir='ltr'>ἀργίαν,</span> <span class='ocrx_word' id='word_1_844' title='bbox 2680 3784 2776 3837; x_wconf 80' lang='grc' dir='ltr'>καὶ</span> <span class='ocrx_word' id='word_1_845' title='bbox 2811 3784 2912 3848; x_wconf 83' lang='grc' dir='ltr'>τὰς</span> <span class='ocrx_word' id='word_1_846' title='bbox 2930 3782 3133 3849; x_wconf 68' lang='grc' dir='ltr'>ἑορτὰς</span> <span class='ocrx_word' id='word_1_847' title='bbox 3170 3781 3337 3849; x_wconf 84' lang='grc' dir='ltr'>ὑμῶν</span> <span class='ocrx_word' id='word_1_848' title='bbox 3368 3783 3533 3849; x_wconf 79' lang='grc' dir='ltr'>μισεῖ</span> <span class='ocrx_word' id='word_1_849' title='bbox 3558 3783 3599 3849; x_wconf 71' lang='grc' dir='ltr'><strong>ἠ</strong></span> 
     </span>
    </p>
   </div>
   <div class='ocr_carea' id='block_1_106' title="bbox 1961 3870 3598 3943">
    <p class='ocr_par' dir='ltr' id='par_1_106' title="bbox 1961 3870 3598 3943">
     <span class='ocr_line' id='line_1_107' title="bbox 1961 3870 3598 3943; baseline -0.004 -14"><span class='ocrx_word' id='word_1_850' title='bbox 1961 3876 2128 3943; x_wconf 70' lang='grc' dir='ltr'>ψυχή</span> <span class='ocrx_word' id='word_1_851' title='bbox 2155 3893 2291 3942; x_wconf 87' lang='grc' dir='ltr'>μου.</span> <span class='ocrx_word' id='word_1_852' title='bbox 2340 3871 2833 3943; x_wconf 85' lang='grc' dir='ltr'>Ἀνθρωπινώτερον</span> <span class='ocrx_word' id='word_1_853' title='bbox 2872 3871 3005 3939; x_wconf 81' lang='grc' dir='ltr'>πρὸς</span> <span class='ocrx_word' id='word_1_854' title='bbox 3043 3870 3238 3932; x_wconf 83' lang='grc' dir='ltr'>αὐτοὺς</span> <span class='ocrx_word' id='word_1_855' title='bbox 3273 3870 3598 3936; x_wconf 83' lang='grc' dir='ltr'>διαλέγεται.</span> 
     </span>
    </p>
   </div>
   <div class='ocr_carea' id='block_1_107' title="bbox 1975 3955 3598 4027">
    <p class='ocr_par' dir='ltr' id='par_1_107' title="bbox 1975 3955 3598 4027">
     <span class='ocr_line' id='line_1_108' title="bbox 1975 3955 3598 4027; baseline -0.003 -13"><span class='ocrx_word' id='word_1_856' title='bbox 1975 3960 2315 4027; x_wconf 77' lang='grc' dir='ltr'>Ἐγενήθητέ</span> <span class='ocrx_word' id='word_1_857' title='bbox 2342 3977 2440 4027; x_wconf 88' lang='grc' dir='ltr'>μοι</span> <span class='ocrx_word' id='word_1_858' title='bbox 2463 3961 2549 4022; x_wconf 85' lang='grc' dir='ltr'>εἰς</span> <span class='ocrx_word' id='word_1_859' title='bbox 2585 3956 2959 4025; x_wconf 77' lang='grc' dir='ltr'>πλησμονήν·</span> <span class='ocrx_word' id='word_1_860' title='bbox 2994 3958 3071 4019; x_wconf 83' lang='grc' dir='ltr'>εἰς</span> <span class='ocrx_word' id='word_1_861' title='bbox 3100 3955 3278 4025; x_wconf 87' lang='grc' dir='ltr'>κόρον,</span> <span class='ocrx_word' id='word_1_862' title='bbox 3309 3956 3390 4018; x_wconf 87' lang='grc' dir='ltr'>εἰς</span> <span class='ocrx_word' id='word_1_863' title='bbox 3423 3958 3598 4024; x_wconf 72' lang='grc' dir='ltr'>μῖσος.</span> 
     </span>
    </p>
   </div>
   <div class='ocr_carea' id='block_1_108' title="bbox 1962 4039 3606 4115">
    <p class='ocr_par' dir='ltr' id='par_1_108' title="bbox 1962 4039 3606 4115">
     <span class='ocr_line' id='line_1_109' title="bbox 1962 4039 3606 4115; baseline -0.005 -16"><span class='ocrx_word' id='word_1_864' title='bbox 1962 4047 2128 4099; x_wconf 90' lang='grc' dir='ltr'>Τοῦτο</span> <span class='ocrx_word' id='word_1_865' title='bbox 2149 4046 2254 4115; x_wconf 86' lang='grc' dir='ltr'>γὰρ</span> <span class='ocrx_word' id='word_1_866' title='bbox 2278 4043 2438 4098; x_wconf 84' lang='grc' dir='ltr'>αὐτοῦ</span> <span class='ocrx_word' id='word_1_867' title='bbox 2468 4044 2699 4096; x_wconf 84' lang='grc' dir='ltr'>δείκνυσι</span> <span class='ocrx_word' id='word_1_868' title='bbox 2723 4042 2818 4111; x_wconf 85' lang='grc' dir='ltr'>τὴν</span> <span class='ocrx_word' id='word_1_869' title='bbox 2845 4042 3046 4109; x_wconf 79' lang='grc' dir='ltr'>ἄφατον</span> <span class='ocrx_word' id='word_1_870' title='bbox 3072 4039 3468 4111; x_wconf 89' lang='grc' dir='ltr'>μακροθυμίαν,</span> <span class='ocrx_word' id='word_1_871' title='bbox 3506 4040 3606 4093; x_wconf 78' lang='grc' dir='ltr'>καὶ</span> 
     </span>
    </p>
   </div>
   <div class='ocr_carea' id='block_1_109' title="bbox 1960 4126 3601 4200">
    <p class='ocr_par' dir='ltr' id='par_1_109' title="bbox 1960 4126 3601 4200">
     <span class='ocr_line' id='line_1_110' title="bbox 1960 4126 3601 4200; baseline -0.005 -15"><span class='ocrx_word' id='word_1_872' title='bbox 1960 4134 2021 4185; x_wconf 84' lang='grc' dir='ltr'>τὸ</span> <span class='ocrx_word' id='word_1_873' title='bbox 2055 4132 2307 4193; x_wconf 87' lang='grc' dir='ltr'>πολλάκις</span> <span class='ocrx_word' id='word_1_874' title='bbox 2330 4130 2667 4200; x_wconf 86' lang='grc' dir='ltr'>ἁμαρτόντας</span> <span class='ocrx_word' id='word_1_875' title='bbox 2693 4130 2951 4194; x_wconf 77' lang='grc' dir='ltr'>ἐνεγκεῖν,</span> <span class='ocrx_word' id='word_1_876' title='bbox 2977 4126 3072 4179; x_wconf 67' lang='grc' dir='ltr'>καὶ</span> <span class='ocrx_word' id='word_1_877' title='bbox 3107 4126 3181 4196; x_wconf 82' lang='grc' dir='ltr'>μή</span> <span class='ocrx_word' id='word_1_878' title='bbox 3208 4126 3472 4196; x_wconf 86' lang='grc' dir='ltr'>πρότερον</span> <span class='ocrx_word' id='word_1_879' title='bbox 3501 4127 3601 4178; x_wconf 67' lang='grc' dir='ltr'>ἐπι</span> 
     </span>
    </p>
   </div>
   <div class='ocr_carea' id='block_1_110' title="bbox 1962 4210 3606 4281">
    <p class='ocr_par' dir='ltr' id='par_1_110' title="bbox 1962 4210 3606 4281">
     <span class='ocr_line' id='line_1_111' title="bbox 1962 4210 3606 4281; baseline -0.005 -11"><span class='ocrx_word' id='word_1_880' title='bbox 1962 4217 2213 4281; x_wconf 84' lang='grc' dir='ltr'>εξελθεῖν,</span> <span class='ocrx_word' id='word_1_881' title='bbox 2237 4216 2339 4278; x_wconf 81' lang='grc' dir='ltr'>ἐως</span> <span class='ocrx_word' id='word_1_882' title='bbox 2371 4216 2528 4269; x_wconf 83' lang='grc' dir='ltr'>αὐτὸν</span> <span class='ocrx_word' id='word_1_883' title='bbox 2559 4213 2708 4267; x_wconf 78' lang='grc' dir='ltr'>αὐτοὶ</span> <span class='ocrx_word' id='word_1_884' title='bbox 2740 4213 2788 4264; x_wconf 86' lang='grc' dir='ltr'>οί</span> <span class='ocrx_word' id='word_1_885' title='bbox 2812 4211 3327 4280; x_wconf 83' lang='grc' dir='ltr'>πεπλημμεληκότες</span> <span class='ocrx_word' id='word_1_886' title='bbox 3348 4212 3414 4280; x_wconf 80' lang='grc' dir='ltr'>τῇ</span> <span class='ocrx_word' id='word_1_887' title='bbox 3443 4210 3606 4281; x_wconf 80' lang='grc' dir='ltr'>ὑπερ-</span> 
     </span>
    </p>
   </div>
   <div class='ocr_carea' id='block_1_111' title="bbox 1963 4293 3605 4374">
    <p class='ocr_par' dir='ltr' id='par_1_111' title="bbox 1963 4293 3605 4374">
     <span class='ocr_line' id='line_1_112' title="bbox 1963 4293 3605 4374; baseline -0.006 -18"><span class='ocrx_word' id='word_1_888' title='bbox 1963 4305 2088 4374; x_wconf 80' lang='grc' dir='ltr'>ϐολῇ</span> <span class='ocrx_word' id='word_1_889' title='bbox 2126 4304 2222 4373; x_wconf 84' lang='grc' dir='ltr'>τῆς</span> <span class='ocrx_word' id='word_1_890' title='bbox 2265 4302 2521 4370; x_wconf 78' lang='grc' dir='ltr'>πονηρίας</span> <span class='ocrx_word' id='word_1_891' title='bbox 2564 4298 2961 4363; x_wconf 81' lang='grc' dir='ltr'>ἐξεκαλέσαντο.</span> <span class='ocrx_word' id='word_1_892' title='bbox 3015 4296 3222 4350; x_wconf 82' lang='grc' dir='ltr'>οὐκέτι</span> <span class='ocrx_word' id='word_1_893' title='bbox 3256 4295 3461 4361; x_wconf 81' lang='grc' dir='ltr'>ἀνήσω</span> <span class='ocrx_word' id='word_1_894' title='bbox 3496 4293 3605 4361; x_wconf 81' lang='grc' dir='ltr'>τὰς</span> 
     </span>
    </p>
   </div>
   <div class='ocr_carea' id='block_1_112' title="bbox 1962 4380 3605 4457">
    <p class='ocr_par' dir='ltr' id='par_1_112' title="bbox 1962 4380 3605 4457">
     <span class='ocr_line' id='line_1_113' title="bbox 1962 4380 3605 4457; baseline -0.006 -16"><span class='ocrx_word' id='word_1_895' title='bbox 1962 4389 2243 4457; x_wconf 78' lang='grc' dir='ltr'>ἁμαρτίας</span> <span class='ocrx_word' id='word_1_896' title='bbox 2265 4385 2445 4455; x_wconf 81' lang='grc' dir='ltr'>ὑμῶν.</span> <span class='ocrx_word' id='word_1_897' title='bbox 2471 4385 2665 4437; x_wconf 80' lang='grc' dir='ltr'>Οὐκέτι</span> <span class='ocrx_word' id='word_1_898' title='bbox 2698 4382 3115 4452; x_wconf 88' lang='grc' dir='ltr'>μακροθυμήσω.</span> <span class='ocrx_word' id='word_1_899' title='bbox 3159 4380 3362 4433; x_wconf 90' lang='grc' dir='ltr'>Ταύτόν</span> <span class='ocrx_word' id='word_1_900' title='bbox 3391 4381 3505 4433; x_wconf 91' lang='grc' dir='ltr'>ἐστι</span> <span class='ocrx_word' id='word_1_901' title='bbox 3542 4380 3605 4431; x_wconf 65' lang='grc' dir='ltr'>τὸ</span> 
     </span>
    </p>
   </div>
   <div class='ocr_carea' id='block_1_113' title="bbox 1964 4466 3601 4541">
    <p class='ocr_par' dir='ltr' id='par_1_113' title="bbox 1964 4466 3601 4541">
     <span class='ocr_line' id='line_1_114' title="bbox 1964 4466 3601 4541; baseline -0.005 -14"><span class='ocrx_word' id='word_1_902' title='bbox 1964 4476 2065 4527; x_wconf 74' lang='grc' dir='ltr'>ὐπδ</span> <span class='ocrx_word' id='word_1_903' title='bbox 2122 4473 2213 4526; x_wconf 89' lang='grc' dir='ltr'>τοῦ</span> <span class='ocrx_word' id='word_1_904' title='bbox 2277 4472 2434 4526; x_wconf 83' lang='grc' dir='ltr'>Δαυῖδ</span> <span class='ocrx_word' id='word_1_905' title='bbox 2495 4469 2796 4541; x_wconf 85' lang='grc' dir='ltr'>εἰρημένον·</span> <span class='ocrx_word' id='word_1_906' title='bbox 2875 4467 3067 4522; x_wconf 84' lang='grc' dir='ltr'>Ταῦτα</span> <span class='ocrx_word' id='word_1_907' title='bbox 3127 4466 3438 4533; x_wconf 82' lang='grc' dir='ltr'>ἐποίησας,</span> <span class='ocrx_word' id='word_1_908' title='bbox 3502 4466 3601 4519; x_wconf 77' lang='grc' dir='ltr'>και</span> 
     </span>
    </p>
   </div>
   <div class='ocr_carea' id='block_1_114' title="bbox 1963 4562 2234 4629">
    <p class='ocr_par' dir='ltr' id='par_1_114' title="bbox 1963 4562 2234 4629">
     <span class='ocr_line' id='line_1_115' title="bbox 1963 4562 2234 4629; baseline 0.007 -16"><span class='ocrx_word' id='word_1_909' title='bbox 1963 4562 2234 4629; x_wconf 76' lang='grc' dir='ltr'>ἑσίγησα.</span> 
     </span>
    </p>
   </div>
   <div class='ocr_carea' id='block_1_115' title="bbox 2032 4687 3605 4761">
    <p class='ocr_par' dir='ltr' id='par_1_115' title="bbox 2032 4687 3605 4761">
     <span class='ocr_line' id='line_1_116' title="bbox 2032 4687 3605 4761; baseline -0.007 -12"><span class='ocrx_word' id='word_1_910' title='bbox 2032 4698 2205 4749; x_wconf 86' lang='grc' dir='ltr'>Ὅταν</span> <span class='ocrx_word' id='word_1_911' title='bbox 2268 4694 2371 4759; x_wconf 78' lang='grc' dir='ltr'>τὰς</span> <span class='ocrx_word' id='word_1_912' title='bbox 2442 4693 2639 4761; x_wconf 82' lang='grc' dir='ltr'>χεῖρας</span> <span class='ocrx_word' id='word_1_913' title='bbox 2700 4692 2866 4758; x_wconf 84' lang='grc' dir='ltr'>ὑμῶν</span> <span class='ocrx_word' id='word_1_914' title='bbox 2926 4687 3225 4755; x_wconf 75' lang='grc' dir='ltr'>έκτείνητε</span> <span class='ocrx_word' id='word_1_915' title='bbox 3290 4688 3438 4755; x_wconf 84' lang='grc' dir='ltr'>πρός</span> <span class='ocrx_word' id='word_1_916' title='bbox 3489 4704 3605 4756; x_wconf 70' lang='grc' dir='ltr'>με,</span> 
     </span>
    </p>
   </div>
   <div class='ocr_carea' id='block_1_116' title="bbox 1961 4773 3611 4851">
    <p class='ocr_par' dir='ltr' id='par_1_116' title="bbox 1961 4773 3611 4851">
     <span class='ocr_line' id='line_1_117' title="bbox 1961 4773 3611 4851; baseline -0.007 -12"><span class='ocrx_word' id='word_1_917' title='bbox 1961 4785 2313 4851; x_wconf 64' lang='grc' dir='ltr'>ἀποστρέψει)</span> <span class='ocrx_word' id='word_1_918' title='bbox 2343 4781 2482 4845; x_wconf 90' lang='grc' dir='ltr'>τοὺς</span> <span class='ocrx_word' id='word_1_919' title='bbox 2510 4778 2849 4846; x_wconf 71' lang='grc' dir='ltr'>ὀφθαλμούς</span> <span class='ocrx_word' id='word_1_920' title='bbox 2870 4792 2987 4844; x_wconf 85' lang='grc' dir='ltr'>μου</span> <span class='ocrx_word' id='word_1_921' title='bbox 3015 4776 3114 4842; x_wconf 76' lang='grc' dir='ltr'>ἀφ’</span> <span class='ocrx_word' id='word_1_922' title='bbox 3140 4773 3325 4842; x_wconf 79' lang='grc' dir='ltr'>ὑμῶν·</span> <span class='ocrx_word' id='word_1_923' title='bbox 3368 4774 3464 4828; x_wconf 76' lang='grc' dir='ltr'>καὶ</span> <span class='ocrx_word' id='word_1_924' title='bbox 3494 4776 3611 4828; x_wconf 73' lang='grc' dir='ltr'>ἐὰν</span> 
     </span>
    </p>
   </div>
   <div class='ocr_carea' id='block_1_117' title="bbox 1962 4862 3611 4937">
    <p class='ocr_par' dir='ltr' id='par_1_117' title="bbox 1962 4862 3611 4937">
     <span class='ocr_line' id='line_1_118' title="bbox 1962 4862 3611 4937; baseline -0.005 -14"><span class='ocrx_word' id='word_1_925' title='bbox 1962 4872 2304 4937; x_wconf 73' lang='grc' dir='ltr'>πληθύνητε</span> <span class='ocrx_word' id='word_1_926' title='bbox 2353 4866 2465 4933; x_wconf 82' lang='grc' dir='ltr'>τὴν</span> <span class='ocrx_word' id='word_1_927' title='bbox 2519 4864 2749 4930; x_wconf 86' lang='grc' dir='ltr'>δέησιν,</span> <span class='ocrx_word' id='word_1_928' title='bbox 2799 4864 2908 4915; x_wconf 81' lang='grc' dir='ltr'>οὐκ</span> <span class='ocrx_word' id='word_1_929' title='bbox 2948 4863 3395 4930; x_wconf 84' lang='grc' dir='ltr'>εἰσακούσομαι.</span> <span class='ocrx_word' id='word_1_930' title='bbox 3444 4862 3611 4915; x_wconf 72' lang='grc' dir='ltr'>Ὅθεν</span> 
     </span>
    </p>
   </div>
   <div class='ocr_carea' id='block_1_118' title="bbox 1963 4947 3605 5025">
    <p class='ocr_par' dir='ltr' id='par_1_118' title="bbox 1963 4947 3605 5025">
     <span class='ocr_line' id='line_1_119' title="bbox 1963 4947 3605 5025; baseline -0.005 -17"><span class='ocrx_word' id='word_1_931' title='bbox 1963 4958 2133 5025; x_wconf 88' lang='grc' dir='ltr'>δῆλον,</span> <span class='ocrx_word' id='word_1_932' title='bbox 2173 4957 2253 5007; x_wconf 82' lang='grc' dir='ltr'>ὅτι</span> <span class='ocrx_word' id='word_1_933' title='bbox 2285 4953 2445 5020; x_wconf 82' lang='grc' dir='ltr'>εὐχῆς</span> <span class='ocrx_word' id='word_1_934' title='bbox 2486 4950 2673 5017; x_wconf 74' lang='grc' dir='ltr'>ὄφελος</span> <span class='ocrx_word' id='word_1_935' title='bbox 2709 4948 2878 5011; x_wconf 83' lang='grc' dir='ltr'>οὐδὲν,</span> <span class='ocrx_word' id='word_1_936' title='bbox 2918 4948 3009 5000; x_wconf 73' lang='grc' dir='ltr'>καλ⁵</span> <span class='ocrx_word' id='word_1_937' title='bbox 3044 4950 3261 5016; x_wconf 80' lang='grc' dir='ltr'>μακρᾶς</span> <span class='ocrx_word' id='word_1_938' title='bbox 3290 4947 3605 5018; x_wconf 76' lang='grc' dir='ltr'>γινομένης,</span> 
     </span>
    </p>
   </div>
   <div class='ocr_carea' id='block_1_119' title="bbox 1962 5032 3608 5108">
    <p class='ocr_par' dir='ltr' id='par_1_119' title="bbox 1962 5032 3608 5108">
     <span class='ocr_line' id='line_1_120' title="bbox 1962 5032 3608 5108; baseline -0.004 -16"><span class='ocrx_word' id='word_1_939' title='bbox 1962 5043 2085 5093; x_wconf 82' lang='grc' dir='ltr'>ὅταν</span> <span class='ocrx_word' id='word_1_940' title='bbox 2111 5040 2356 5108; x_wconf 83' lang='grc' dir='ltr'>ἐπιμείνῃ</span> <span class='ocrx_word' id='word_1_941' title='bbox 2380 5039 2487 5098; x_wconf 84' lang='grc' dir='ltr'>τοῖς</span> <span class='ocrx_word' id='word_1_942' title='bbox 2517 5035 2899 5104; x_wconf 79' lang='grc' dir='ltr'>ἁμαρτήμασιν</span> <span class='ocrx_word' id='word_1_943' title='bbox 2929 5034 2956 5084; x_wconf 86' lang='lat'>6</span> <span class='ocrx_word' id='word_1_944' title='bbox 2980 5032 3281 5102; x_wconf 83' lang='grc' dir='ltr'>εὐχόμενος.</span> <span class='ocrx_word' id='word_1_945' title='bbox 3307 5032 3468 5085; x_wconf 76' lang='grc' dir='ltr'>Οὐδὲν</span> <span class='ocrx_word' id='word_1_946' title='bbox 3495 5033 3608 5105; x_wconf 85' lang='grc' dir='ltr'>γὰρ</span> 
     </span>
    </p>
   </div>
   <div class='ocr_carea' id='block_1_120' title="bbox 1962 5118 3607 5193">
    <p class='ocr_par' dir='ltr' id='par_1_120' title="bbox 1962 5118 3607 5193">
     <span class='ocr_line' id='line_1_121' title="bbox 1962 5118 3607 5193; baseline -0.005 -15"><span class='ocrx_word' id='word_1_947' title='bbox 1962 5125 2159 5193; x_wconf 87' lang='grc' dir='ltr'>ἀρετῆς</span> <span class='ocrx_word' id='word_1_948' title='bbox 2203 5124 2334 5185; x_wconf 78' lang='grc' dir='ltr'>ἴσον,</span> <span class='ocrx_word' id='word_1_949' title='bbox 2386 5122 2477 5173; x_wconf 74' lang='grc' dir='ltr'>καὶ</span> <span class='ocrx_word' id='word_1_950' title='bbox 2520 5122 2616 5189; x_wconf 85' lang='grc' dir='ltr'>τῆς</span> <span class='ocrx_word' id='word_1_951' title='bbox 2665 5120 2771 5172; x_wconf 87' lang='grc' dir='ltr'>ἀπὸ</span> <span class='ocrx_word' id='word_1_952' title='bbox 2813 5118 2919 5172; x_wconf 87' lang='grc' dir='ltr'>τῶν</span> <span class='ocrx_word' id='word_1_953' title='bbox 2951 5118 3124 5188; x_wconf 77' lang='grc' dir='ltr'>ἔργων</span> <span class='ocrx_word' id='word_1_954' title='bbox 3156 5118 3357 5187; x_wconf 83' lang='grc' dir='ltr'>φωνῆς.</span> <span class='ocrx_word' id='word_1_955' title='bbox 3398 5121 3467 5171; x_wconf 62' lang='lat' dir='ltr'><strong><em>At</em></strong></span> <span class='ocrx_word' id='word_1_956' title='bbox 3494 5119 3607 5185; x_wconf 77' lang='grc' dir='ltr'>γὰρ</span> 
     </span>
    </p>
   </div>
   <div class='ocr_carea' id='block_1_121' title="bbox 1964 5204 3599 5280">
    <p class='ocr_par' dir='ltr' id='par_1_121' title="bbox 1964 5204 3599 5280">
     <span class='ocr_line' id='line_1_122' title="bbox 1964 5204 3599 5280; baseline -0.006 -15"><span class='ocrx_word' id='word_1_957' title='bbox 1964 5212 2151 5280; x_wconf 81' lang='grc' dir='ltr'>χεῖρες</span> <span class='ocrx_word' id='word_1_958' title='bbox 2204 5208 2366 5277; x_wconf 84' lang='grc' dir='ltr'>ὑμῶν</span> <span class='ocrx_word' id='word_1_959' title='bbox 2413 5208 2654 5275; x_wconf 80' lang='grc' dir='ltr'>αἵματος</span> <span class='ocrx_word' id='word_1_960' title='bbox 2704 5204 2976 5269; x_wconf 69' lang='grc' dir='ltr'>πλήρεις·</span> <span class='ocrx_word' id='word_1_961' title='bbox 3044 5206 3307 5269; x_wconf 83' lang='grc' dir='ltr'>τουτέστι,</span> <span class='ocrx_word' id='word_1_962' title='bbox 3366 5204 3599 5271; x_wconf 85' lang='grc' dir='ltr'>φονικαί·</span> 
     </span>
    </p>
   </div>
   <div class='ocr_carea' id='block_1_122' title="bbox 1963 5290 3605 5363">
    <p class='ocr_par' dir='ltr' id='par_1_122' title="bbox 1963 5290 3605 5363">
     <span class='ocr_line' id='line_1_123' title="bbox 1963 5290 3605 5363; baseline -0.005 -12"><span class='ocrx_word' id='word_1_963' title='bbox 1963 5300 2073 5352; x_wconf 78' lang='grc' dir='ltr'>ἀλλ’</span> <span class='ocrx_word' id='word_1_964' title='bbox 2097 5299 2194 5350; x_wconf 87' lang='grc' dir='ltr'>οὐκ</span> <span class='ocrx_word' id='word_1_965' title='bbox 2213 5294 2331 5348; x_wconf 84' lang='grc' dir='ltr'>εἶπε</span> <span class='ocrx_word' id='word_1_966' title='bbox 2353 5295 2583 5363; x_wconf 81' lang='grc' dir='ltr'>φονικαὶ,</span> <span class='ocrx_word' id='word_1_967' title='bbox 2608 5292 2763 5353; x_wconf 87' lang='grc' dir='ltr'>ἀλλὰ,</span> <span class='ocrx_word' id='word_1_968' title='bbox 2784 5290 3035 5357; x_wconf 76' lang='grc' dir='ltr'>Πλήρεις</span> <span class='ocrx_word' id='word_1_969' title='bbox 3058 5291 3301 5359; x_wconf 79' lang='grc' dir='ltr'>αἵματος</span> <span class='ocrx_word' id='word_1_970' title='bbox 3322 5293 3369 5355; x_wconf 69' lang='grc'>⁸,</span> <span class='ocrx_word' id='word_1_971' title='bbox 3391 5291 3605 5352; x_wconf 82' lang='grc' dir='ltr'>δεικνὺς</span> 
     </span>
    </p>
   </div>
   <div class='ocr_carea' id='block_1_123' title="bbox 2026 5430 3602 5491">
    <p class='ocr_par' dir='ltr' id='par_1_123' title="bbox 2026 5430 3602 5491">
     <span class='ocr_line' id='line_1_124' title="bbox 2026 5430 3602 5491; baseline -0.006 -6"><span class='ocrx_word' id='word_1_972' title='bbox 2026 5440 2050 5479; x_wconf 91' lang='lat' dir='ltr'><strong>d</strong></span> <span class='ocrx_word' id='word_1_973' title='bbox 2075 5442 2151 5487; x_wconf 79' lang='lat' dir='ltr'>Sic</span> <span class='ocrx_word' id='word_1_974' title='bbox 2190 5439 2443 5486; x_wconf 75' lang='lat' dir='ltr'>Bavaricus</span> <span class='ocrx_word' id='word_1_975' title='bbox 2487 5440 2637 5481; x_wconf 75' lang='lat' dir='ltr'>recte.</span> <span class='ocrx_word' id='word_1_976' title='bbox 2682 5430 2811 5479; x_wconf 79' lang='grc' dir='ltr'>Εόίῑὶ</span> <span class='ocrx_word' id='word_1_977' title='bbox 2850 5430 3008 5477; x_wconf 84' lang='grc' dir='ltr'>θυσίαν</span> <span class='ocrx_word' id='word_1_978' title='bbox 3042 5436 3094 5479; x_wconf 80' lang='grc' dir='ltr'>ει</span> <span class='ocrx_word' id='word_1_979' title='bbox 3131 5442 3241 5478; x_wconf 81' lang='lat' dir='ltr'>mox</span> <span class='ocrx_word' id='word_1_980' title='bbox 3282 5430 3602 5491; x_wconf 61' lang='grc' dir='ltr'>προσφερομέυ</span> 
     </span>
    </p>
   </div>
   <div class='ocr_carea' id='block_1_124' title="bbox 1962 5502 2243 5557">
    <p class='ocr_par' dir='ltr' id='par_1_124' title="bbox 1962 5502 2243 5557">
     <span class='ocr_line' id='line_1_125' title="bbox 1962 5502 2243 5557; baseline -0.011 -8"><span class='ocrx_word' id='word_1_981' title='bbox 1962 5521 2069 5557; x_wconf 87' lang='grc' dir='ltr'>νων,</span> <span class='ocrx_word' id='word_1_982' title='bbox 2104 5502 2243 5547; x_wconf 83' lang='lat' dir='ltr'><strong><em>male.</em></strong></span> 
     </span>
    </p>
   </div>
   <div class='ocr_carea' id='block_1_125' title="bbox 2026 5548 3599 5619">
    <p class='ocr_par' dir='ltr' id='par_1_125' title="bbox 2026 5548 3599 5619">
     <span class='ocr_line' id='line_1_126' title="bbox 2026 5548 3599 5619; baseline -0.008 -11"><span class='ocrx_word' id='word_1_983' title='bbox 2026 5548 2212 5609; x_wconf 71' lang='lat' dir='ltr'>oSavil.</span> <span class='ocrx_word' id='word_1_984' title='bbox 2252 5562 2298 5605; x_wconf 90' lang='lat' dir='ltr'>in</span> <span class='ocrx_word' id='word_1_985' title='bbox 2333 5560 2467 5619; x_wconf 34' lang='lat' dir='ltr'>textu</span> <span class='ocrx_word' id='word_1_986' title='bbox 2496 5554 2655 5619; x_wconf 60' lang='grc' dir='ltr'>αὖτὸνᾷ</span> <span class='ocrx_word' id='word_1_987' title='bbox 2678 5552 2821 5619; x_wconf 66' lang='grc' dir='ltr'>ωδιβ.</span> <span class='ocrx_word' id='word_1_988' title='bbox 2850 5550 3097 5619; x_wconf 38' lang='grc' dir='ltr'>Μοιςειηίη</span> <span class='ocrx_word' id='word_1_989' title='bbox 3125 5556 3261 5599; x_wconf 69' lang='lat' dir='ltr'>textu</span> <span class='ocrx_word' id='word_1_990' title='bbox 3293 5555 3345 5598; x_wconf 69' lang='lat' dir='ltr'>et</span> <span class='ocrx_word' id='word_1_991' title='bbox 3370 5548 3518 5599; x_wconf 82' lang='lat' dir='ltr'>Savil.</span> <span class='ocrx_word' id='word_1_992' title='bbox 3548 5550 3599 5596; x_wconf 84' lang='lat' dir='ltr'><strong>in</strong></span> 
     </span>
    </p>
   </div>
   <div class='ocr_carea' id='block_1_126' title="bbox 1966 5612 3504 5683">
    <p class='ocr_par' dir='ltr' id='par_1_126' title="bbox 1966 5612 3504 5683">
     <span class='ocr_line' id='line_1_127' title="bbox 1966 5612 3504 5683; baseline -0.01 -14"><span class='ocrx_word' id='word_1_993' title='bbox 1966 5620 2179 5679; x_wconf 71' lang='lat' dir='ltr'>margine</span> <span class='ocrx_word' id='word_1_994' title='bbox 2202 5619 2369 5683; x_wconf 63' lang='grc' dir='ltr'>αὐτοῖς.</span> <span class='ocrx_word' id='word_1_995' title='bbox 2399 5617 2515 5683; x_wconf 72' lang='lat' dir='ltr'>Reg.</span> <span class='ocrx_word' id='word_1_996' title='bbox 2545 5612 2876 5683; x_wconf 38' lang='lat' dir='ltr'>eIL‘Bafgricu&#39;s</span> <span class='ocrx_word' id='word_1_997' title='bbox 2899 5612 3079 5683; x_wconf 56' lang='grc' dir='ltr'>αὐτούς.</span> <span class='ocrx_word' id='word_1_998' title='bbox 3161 5670 3207 5683; x_wconf 33' lang='grc' dir='ltr'><strong>,Δ</strong></span> <span class='ocrx_word' id='word_1_999' title='bbox 3392 5670 3405 5683; x_wconf 26' lang='grc' dir='ltr'><strong>κ</strong></span> <span class='ocrx_word' id='word_1_1000' title='bbox 3491 5668 3504 5683; x_wconf 49' lang='grc' dir='ltr'><strong><em>Ι</em></strong></span> 
     </span>
    </p>
   </div>
   <div class='ocr_carea' id='block_1_127' title="bbox 2035 5670 3601 5739">
    <p class='ocr_par' dir='ltr' id='par_1_127' title="bbox 2035 5670 3601 5739">
     <span class='ocr_line' id='line_1_128' title="bbox 2035 5670 3601 5739; baseline -0.008 -12"><span class='ocrx_word' id='word_1_1001' title='bbox 2035 5670 2329 5739; x_wconf 53' lang='lat' dir='ltr'>{Loquendi</span> <span class='ocrx_word' id='word_1_1002' title='bbox 2375 5670 2548 5739; x_wconf 66' lang='lat' dir='ltr'>modix§</span> <span class='ocrx_word' id='word_1_1003' title='bbox 2584 5672 3105 5739; x_wconf 53' lang='lat' dir='ltr'>Palribqsfamiliaris.</span> <span class='ocrx_word' id='word_1_1004' title='bbox 3161 5670 3288 5739; x_wconf 77' lang='grc' dir='ltr'>’Λνῳ</span> <span class='ocrx_word' id='word_1_1005' title='bbox 3330 5670 3601 5739; x_wconf 53' lang='grc' dir='ltr'>καίριάτω,</span> 
     </span>
    </p>
   </div>
   <div class='ocr_carea' id='block_1_128' title="bbox 1968 5728 3602 5796">
    <p class='ocr_par' dir='ltr' id='par_1_128' title="bbox 1968 5728 3602 5796">
     <span class='ocr_line' id='line_1_129' title="bbox 1968 5728 3602 5796; baseline -0.008 -5"><span class='ocrx_word' id='word_1_1006' title='bbox 1968 5756 2154 5791; x_wconf 75' lang='lat' dir='ltr'>sursum</span> <span class='ocrx_word' id='word_1_1007' title='bbox 2169 5728 2395 5788; x_wconf 41' lang='lat' dir='ltr'>ldeorsum</span> <span class='ocrx_word' id='word_1_1008' title='bbox 2424 5735 2481 5781; x_wconf 85' lang='lat' dir='ltr'><strong><em>ad</em></strong></span> <span class='ocrx_word' id='word_1_1009' title='bbox 2522 5736 2728 5796; x_wconf 74' lang='lat' dir='ltr'>litteram</span> <span class='ocrx_word' id='word_1_1010' title='bbox 2768 5730 3161 5796; x_wconf 51' lang='lat' dir='ltr'>interpretamur,</span> <span class='ocrx_word' id='word_1_1011' title='bbox 3183 5738 3284 5796; x_wconf 49' lang='grc' dir='ltr'>,ειη</span> <span class='ocrx_word' id='word_1_1012' title='bbox 3308 5741 3386 5777; x_wconf 76' lang='lat' dir='ltr'>sus</span> <span class='ocrx_word' id='word_1_1013' title='bbox 3407 5728 3602 5796; x_wconf 54' lang='lat' dir='ltr'><strong><em>aeque;</em></strong></span> 
     </span>
    </p>
   </div>
   <div class='ocr_carea' id='block_1_129' title="bbox 1968 5789 3600 5861">
    <p class='ocr_par' dir='ltr' id='par_1_129' title="bbox 1968 5789 3600 5861">
     <span class='ocr_line' id='line_1_130' title="bbox 1968 5789 3600 5861; baseline -0.01 -9"><span class='ocrx_word' id='word_1_1014' title='bbox 1968 5789 2198 5861; x_wconf 15' lang='lat' dir='ltr'>gedvapud</span> <span class='ocrx_word' id='word_1_1015' title='bbox 2217 5801 2601 5861; x_wconf 70' lang='lat' dir='ltr'>(Zhrysostqmum</span> <span class='ocrx_word' id='word_1_1016' title='bbox 2626 5794 2837 5861; x_wconf 59' lang='lat' dir='ltr'>aliosqug</span> <span class='ocrx_word' id='word_1_1017' title='bbox 2866 5791 3050 5861; x_wconf 36' lang='lat' dir='ltr'>Patr-9:9,</span> <span class='ocrx_word' id='word_1_1018' title='bbox 3086 5797 3138 5861; x_wconf 77' lang='lat' dir='ltr'>u_l</span> <span class='ocrx_word' id='word_1_1019' title='bbox 3178 5789 3498 5849; x_wconf 74' lang='lat' dir='ltr'>frequentiam</span> <span class='ocrx_word' id='word_1_1020' title='bbox 3515 5794 3600 5837; x_wconf 72' lang='lat' dir='ltr'>aut</span> 
     </span>
    </p>
   </div>
   <div class='ocr_carea' id='block_1_130' title="bbox 1972 5852 3231 5918">
    <p class='ocr_par' dir='ltr' id='par_1_130' title="bbox 1972 5852 3231 5918">
     <span class='ocr_line' id='line_1_131' title="bbox 1972 5852 3231 5918; baseline -0.011 -7"><span class='ocrx_word' id='word_1_1021' title='bbox 1972 5852 2323 5914; x_wconf 65' lang='lat' dir='ltr'>veher&#39;nemiani</span> <span class='ocrx_word' id='word_1_1022' title='bbox 2346 5854 2601 5918; x_wconf 75' lang='lat' dir='ltr'>exprimal,</span> <span class='ocrx_word' id='word_1_1023' title='bbox 2630 5852 3087 5918; x_wconf 43' lang='grc' dir='ltr'>υ-ευτρειιιτηιιιίιοο</span> <span class='ocrx_word' id='word_1_1024' title='bbox 3114 5852 3231 5898; x_wconf 89' lang='lat' dir='ltr'>loco.</span> 
     </span>
    </p>
   </div>
   <div class='ocr_carea' id='block_1_131' title="bbox 2036 5911 3073 5976">
    <p class='ocr_par' dir='ltr' id='par_1_131' title="bbox 2036 5911 3073 5976">
     <span class='ocr_line' id='line_1_132' title="bbox 2036 5911 3073 5976; baseline -0.004 -13"><span class='ocrx_word' id='word_1_1025' title='bbox 2036 5926 2059 5963; x_wconf 82' lang='grc' dir='ltr'>ε</span> <span class='ocrx_word' id='word_1_1026' title='bbox 2084 5925 2161 5972; x_wconf 84' lang='lat' dir='ltr'>Sic</span> <span class='ocrx_word' id='word_1_1027' title='bbox 2190 5922 2352 5969; x_wconf 70' lang='lat' dir='ltr'>Bavar.</span> <span class='ocrx_word' id='word_1_1028' title='bbox 2379 5938 2388 5964; x_wconf 90' lang='lat'>:</span> <span class='ocrx_word' id='word_1_1029' title='bbox 2414 5911 2610 5976; x_wconf 73' lang='grc' dir='ltr'>αἵματος</span> <span class='ocrx_word' id='word_1_1030' title='bbox 2638 5914 2805 5961; x_wconf 76' lang='lat' dir='ltr'>deerat</span> <span class='ocrx_word' id='word_1_1031' title='bbox 2826 5912 2875 5957; x_wconf 84' lang='lat' dir='ltr'><strong>in</strong></span> <span class='ocrx_word' id='word_1_1032' title='bbox 2904 5911 3073 5960; x_wconf 70' lang='lat' dir='ltr'>lidius.</span> 
     </span>
    </p>
   </div>
  </div>
