4058 6216
449 399 515 452 21
1305 399 1361 456 S.
1400 401 1681 459 JOANNIS
1722 401 2093 460 CHRYSOST!

2234 402 2543 461 ARCIIIEP.
2583 403 3113 464 CONSTANTINOP.
3776 429 3845 482 22

463 505 543 560 ὅτι
569 506 798 579 μελέτην
831 508 1107 562 ἐποιοῦντο
1136 507 1230 580 τὴν
1251 513 1538 584 ἁμαρτίαν,
1566 519 1657 570 καὶ
1685 516 1952 586 πανταχοῦ
1988 518 2104 585 μετ’

462 593 786 656 ἐπιτάσεως.

536 685 609 741 ς’.
633 681 741 731 Καὶ
766 681 918 734 τοῦτο
941 682 995 736 δὲ
1017 684 1114 754 τῆς
1138 687 1466 757 ἡμερότητος
1489 685 1679 750 αὑτοῦ,
1701 687 1759 739 τὸ
1779 685 2101 740 ἀπειλοῦντα

461 763 862 831 ἀπολογεῖσθαι.
903 768 1092 839 Τίθησι
1127 771 1233 841 γὰρ
1267 771 1364 829 τάς
1407 771 1600 834 αίτίας,
1633 773 1698 824 δι’
1728 772 1795 834 ἃς
1828 774 1888 824 οὐ
1935 789 2102 842 προσ-

469 849 597 901 ίεται
644 850 744 921 τὴν
792 852 973 924 εὐχήν.
1021 858 1352 921 Λούσασθε,
1393 858 1629 924 καθαροὶ
1667 858 1918 926 γίνεσθε.
1953 859 2096 924 Πῶς,

463 934 651 999 εἰπὼν,
701 940 906 992 Οὐκέτι
949 941 1155 1008 ἀνήσω
1191 943 1295 1007 τὰς
1337 944 1616 1010 ἁμαρτίας
1653 943 1834 1010 ὑμῶν,
1863 946 2098 1013 συμσου-

461 1017 625 1084 λεύει,
655 1023 746 1075 καὶ
779 1025 958 1088 δείξας
985 1027 1175 1079 ἀνίατα
1209 1029 1508 1089 νοσοῦντας,
1536 1028 1814 1097 διόρθωσιν
1852 1030 2056 1098 εἰσάγει
2081 1046 2096 1095 ;

465 1105 624 1168 Ἐθος
654 1107 728 1174 τῷ
768 1109 902 1177 Θεῷ,
946 1111 1039 1162 καὶ
1064 1111 1224 1179 ήνίκα
1259 1113 1324 1165 ἂν
1352 1112 1567 1182 ἀπειλῇ,
1602 1112 1957 1183 ἀπαγορεύειν
1999 1115 2098 1184 τὴν

461 1192 749 1259 σωτηρίαν,
796 1193 933 1245 ὥστε
987 1195 1214 1263 αὐξῆσαι
1262 1199 1352 1248 τὸν
1398 1196 1576 1263 φόϐον,
1617 1197 1709 1249 καὶ
1756 1196 1828 1267 μὴ
1870 1198 2098 1252 ἐνταῦθα

459 1274 743 1327 καταλύειν
774 1276 863 1328 τὸν
891 1277 1066 1346 λόγον,
1102 1280 1238 1332 ὥστε
1269 1280 1506 1350 χρηστὰς
1532 1281 1803 1335 ὑποτεῖναι
1831 1283 1926 1347 τάς
1950 1285 2096 1337 ἐλπί-

457 1357 573 1422 δας,
627 1362 720 1412 καὶ
775 1362 942 1433 ταύτῃ
995 1366 1154 1418 πάλιν
1200 1367 1276 1426 είς
1331 1367 1614 1435 μετάνοιαν
1649 1367 1956 1435 ἐπανάγειν.
1990 1371 2097 1423 Καὶ

457 1444 612 1497 τοῦτο
643 1449 910 1518 πανταχοῦ
939 1451 1218 1520 γινόμενον
1253 1451 1352 1504 ῖδοι
1389 1467 1472 1514 τις
1513 1452 1598 1506 ἄν.
1633 1453 1752 1505 Ἐπὶ
1787 1454 1962 1521 μέντοι
1991 1454 2096 1507 τῶν

454 1529 750 1586 Νινευιτῶν
787 1535 846 1585 οὺ
881 1534 966 1586 διά
1003 1536 1277 1603 ῥημάτων,
1318 1537 1450 1588 ἀλλὰ
1484 1537 1572 1589 διὰ
1610 1539 1942 1606 πραγμάτων
1969 1538 2097 1590 αὐτὸ

457 1619 769 1688 πεποίηκεν.
815 1623 900 1673 Ἐν
928 1622 1035 1691 γὰρ
1072 1624 1183 1684 τοῖς
1221 1623 1396 1691 λόγοις
1429 1625 1577 1676 οὐδὲν
1606 1624 1833 1693 χρηστὸν
1867 1625 2094 1694 ὑποσχό-

459 1720 637 1771 μενος,
667 1704 801 1758 ἀλλὰ
829 1708 1038 1776 γυμνὴν
1068 1707 1160 1759 ἐπὶ
1184 1708 1281 1777 τῆς
1303 1708 1527 1778 ἀπειλῆς
1557 1709 1764 1760 κεῖσθαι
1805 1711 1901 1779 τὴν
1928 1726 2096 1777 τιμωο

456 1790 578 1857 ρίαν
605 1792 780 1857 ἀφεὶς,
816 1793 1003 1862 ἐπειδὴ
1042 1793 1108 1846 τά
1143 1796 1269 1864 παρ’
1301 1795 1503 1847 ἑαυτῶν
1533 1795 1868 1860 ἐπεδείξαντο
1900 1797 2096 1859 πάντες

452 1875 504 1924 οί
537 1874 819 1946 βάρϐαροι,
853 1879 1061 1948 ταχέως
1082 1880 1235 1932 ἔλυσε
1263 1881 1362 1950 τὴν
1395 1883 1580 1952 ὀργήν.
1618 1881 1770 1933 Οὕτω
1803 1883 1894 1934 καὶ
1935 1883 1993 1934 ἐν
2020 1882 2095 1951 τῷ

452 1955 650 2026 ψαλμῷ
683 1961 841 2013 πάλιν
875 1966 902 2015 6
933 1965 1112 2017 Δαυῖδ·
1149 1964 1316 2033 ἔφθην
1357 1965 1463 2032 γὰρ
1503 1963 1692 2027 εἰπὼν,
1727 1967 1804 2018 ὅτι
1845 1967 1978 2029 ὅλως
2027 1968 2094 2019 δι’

452 2042 573 2093 ὅλου
597 2045 673 2112 τῷ
697 2047 961 2116 προοιμίῳ
990 2048 1142 2100 τοῦτο
1162 2051 1463 2117 προσέοικεο
1495 2052 1586 2103 καὶ
1612 2051 1795 2119 ὥσπερ
1820 2046 1970 2114 οὗτός
1994 2069 2092 2122 φη-

452 2144 526 2178 σι·
561 2131 896 2195 Λούσασθε,
949 2134 1190 2200 καθαροί
1247 2136 1500 2202 γίνεσθε,
1537 2137 1674 2205 μετὰ
1714 2138 1813 2198 τὰς
1848 2138 2090 2200 ἀπειλάς·

449 2211 592 2265 οῦτω
647 2216 738 2267 καὶ
793 2218 994 2281 ἐκεῖνος
1036 2220 1172 2288 μετά
1220 2222 1280 2272 τὸ
1326 2225 1513 2287 είπεῖν,
1567 2223 1809 2290 Ἐλέγξω
1861 2239 1952 2285 σε,
1995 2224 2092 2276 καί

450 2301 817 2366 παραστήσω
864 2303 1012 2355 κατὰ
1043 2306 1363 2371 πρόσωπόν
1397 2322 1512 2360 σου
1543 2308 1647 2372 τὰς
1679 2308 1924 2374 ἀνομίας
1954 2325 2089 2372 σου,

450 2385 716 2453 ἐπήγαγε
749 2388 938 2440 Θυσία
965 2389 1244 2455 αίνέσεως
1271 2391 1510 2455 δοξάσει
1534 2410 1628 2461 με,
1657 2394 1752 2446 καί
1780 2393 1906 2446 ἐκεῖ
1930 2393 2088 2459 ὁδὸς,

449 2465 488 2538 ᾖ
512 2469 682 2533 δείξω
712 2473 911 2537 αὐτοῖς
948 2476 1011 2525 τὸ
1035 2477 1328 2541 σωτήριον
1356 2479 1459 2531 τοῦ
1494 2479 1656 2533 Θεοῦ·
1692 2478 1891 2532 αίνεσιν
1923 2480 2090 2546 λέγων

450 2556 547 2622 τὴν
583 2554 672 2609 διὰ.
713 2558 820 2608 τῶν
867 2557 1040 2628 ἔργων
1073 2558 1394 2627 δοξολογίαν,
1429 2562 1520 2615 καὶ
1547 2562 1642 2631 τὴν
1683 2561 1968 2630 ἐπίγνωσιν
1995 2563 2090 2633 τὴν

449 2642 529 2701 είς
557 2641 736 2695 αὐτόν.

520 2744 636 2797 Ἵνα
681 2747 768 2808 δὲ,
814 2749 1159 2810 Αούσασθε,
1203 2750 1445 2817 καθαροί
1502 2751 1768 2818 γίνεσθε,
1826 2751 2088 2805 ἀκούσαν-

445 2841 557 2893 τες,
607 2831 681 2900 μὴ
718 2832 844 2894 τοὺς
887 2833 1141 2896 είωθότας
1177 2834 1290 2906 [12]
1334 2837 1589 2904 νομίσωσι
1628 2837 1956 2907 καθαρμοὺς,
1994 2839 2090 2891 ἐπ-

447 2915 672 2984 ἢγαγεν·
731 2919 998 2985 Ἀφέλετε
1054 2922 1159 2983 τὰς
1203 2923 1486 2988 πονηρίας
1539 2923 1656 2976 ἀπὸ
1709 2923 1825 2974 τῶν
1878 2921 2090 2991 ⁴ψυχῶν

446 2999 612 3066 ὑμῶν
638 3002 922 3056 ἀπέναντι
963 3002 1079 3056 τῶν
1119 3005 1436 3072 ὀφθαλμῶν
1459 3023 1598 3073 μου,
1632 3008 1942 3060 παύσασθε
1973 3007 2087 3060 ἀπὸ

445 3084 565 3138 τῶν
583 3087 884 3154 πονηριῶν
902 3089 1085 3156 ὑμῶν.
1115 3089 1188 3140 Τδ
1209 3092 1304 3160 τῆς
1329 3090 1523 3158 ἀρετῆς
1549 3089 1763 3141 εὔκολον
1788 3091 1969 3154 ἔδειξε,
2000 3091 2090 3142 καὶ

445 3172 544 3238 τὴν
581 3173 680 3241 τῆς
705 3172 945 3235 ἐξουσίας
978 3172 1299 3241 ἐλευθερίαν,
1332 3174 1412 3225 ὅτι
1441 3174 1498 3224 ἐν
1531 3174 1711 3234 αὐτοῖς
1741 3170 1807 3242 ἦν
1837 3175 1896 3225 τὸ
1930 3191 2090 3242 μετα-

447 3255 720 3311 ϐαλέσθαι.
749 3256 975 3312 Μάθετε
1003 3258 1192 3311 καλὸν
1234 3260 1442 3317 ποιεῖν,
1483 3258 1664 3323 οὕτως
1705 3261 1809 3314 ὑπὸ
1840 3261 1938 3327 τῆς
1968 3261 2093 3312 πολ-

459 3337 554 3405 λῆς
585 3340 846 3409 πονηρίας
885 3344 977 3394 καὶ
1007 3343 1104 3414 τὴν
1143 3346 1449 3416 ἐπιστήμην
1484 3348 1581 3417 τῆς
1619 3348 1816 3417 ἀρετῆς
1850 3345 1988 3418 ἦσαν
2013 3351 2104 3402 ἐκ-

457 3424 796 3496 ϐεϐληκότες.
836 3428 990 3482 Οῦτω
1036 3431 1127 3482 καὶ
1167 3434 1194 3484 6
1240 3434 1518 3503 προφήτης
1543 3435 1701 3486 Δαυΐδ
1731 3453 1878 3503 φησι·
1910 3437 2102 3504 Δεῦτε,

455 3513 653 3578 τέκνα,
703 3518 998 3572 ἀκούσατέ
1034 3537 1173 3589 μου·
1206 3525 1391 3590 φόϐον
1426 3524 1640 3591 Κυρίου
1679 3525 1894 3588 διδάξω
1931 3528 2102 3595 ὑμᾶς.

454 3605 651 3657 Πασῶν
677 3608 781 3677 γὰρ
820 3611 1131 3678 ἐπιστημῶν
1162 3611 1295 3681 αὕτη
1327 3613 1584 3680 ἀνωτέρα,
1613 3614 1706 3665 καὶ
1733 3614 1971 3678 πλείονος
1998 3617 2103 3669 δεο-

456 3695 590 3765 μένη
633 3699 885 3769 σπουδῆς,
917 3701 1026 3770 ὅσῳ
1067 3701 1160 3755 καὶ
1203 3702 1421 3756 πλείονα
1468 3703 1577 3774 ἔχει
1617 3704 1684 3757 τὰ
1721 3704 2098 3771 διακωλύοντα,

447 3796 658 3861 φύσεως
695 3795 999 3867 τυραννίδα,
1040 3795 1131 3846 καὶ
1155 3794 1515 3863 προαιρέσεως
1548 3793 1831 3863 ρᾳθυμίαν,
1864 3794 1956 3845 καὶ
1978 3795 2089 3845 δαι-

451 3885 626 3952 μόνων
659 3883 965 3946 ἐπιϐουλὰς,
1009 3885 1101 3936 καὶ
1143 3884 1474 3953 πραγμάτων
1524 3883 1693 3951 ὄχλον.
1728 3881 1881 3933 Οῦτω
1911 3882 1971 3950 δὴ
1999 3882 2089 3934 καὶ

447 3971 680 4042 Βαρούχο
725 3967 910 4036 Οὗτος
945 3973 976 4023 ό
1016 3972 1157 4033 Θεὸς
1190 3971 1372 4037 ἡμῶνο
1407 3972 1478 4022 οὐ
1519 3970 1932 4037 λογισθήσεται
1969 3969 2090 4021 ἐτε-

440 4077 548 4127 ρος
582 4061 727 4127 πρὸς
759 4062 959 4113 αὐτόν’
984 4059 1185 4126 ἐξεῦρε
1207 4060 1408 4115 πᾶσαν
1431 4059 1571 4113 ὁδὸν
1595 4059 1940 4126 ἐπιστήμης.
1977 4060 2092 4111 Ἐκ-

447 4147 736 4216 ζητήσατε
767 4152 984 4218 κρίσιν.
1015 4151 1286 4212 Τουτέστι,
1315 4151 1372 4202 τὺ
1400 4151 1626 4203 ἐκδικεῖν
1656 4152 1777 4212 τοὺς
1811 4151 2092 4218 ἀδικουμέ-

446 4258 588 4306 νους,
618 4242 751 4310 ὅπερ
783 4239 973 4292 πολλοῦ
1002 4241 1159 4293 πόνου
1188 4240 1350 4292 δεῖται
1377 4241 1468 4292 καὶ
1498 4241 1763 4312 νηφούσης
1782 4241 1974 4310 ψυχῆς.
2001 4241 2091 4292 Διὸ

447 4331 542 4384 καί⁵
585 4331 950 4399 Ἐκζητήσατε
984 4325 1125 4382 εἷπε.
1158 4329 1331 4382 Πολλὰ
1359 4331 1464 4399 γάρ
1498 4333 1610 4383 ἐστι
1643 4331 1708 4383 τὰ
1738 4330 2090 4392 συσκιάζοντα

447 4421 508 4473 τὸ
547 4420 773 4484 δίκαιον,
818 4420 907 4472 καὶ
948 4419 1258 4489 δωροδοκία,
1305 4419 1395 4471 καὶ
1423 4421 1630 4486 ἄγνοια,
1672 4421 1763 4472 καὶ
1792 4420 2087 4482 δυναστεία,

450 4508 542 4558 καὶ
567 4508 746 4570 αἰδὼς,
788 4509 878 4561 καὶ
916 4508 1094 4574 φόϐος,
1128 4509 1218 4559 καὶ
1247 4508 1502 4577 θεραπεία
1543 4509 1857 4579 προσώπων·
1889 4511 1981 4561 καὶ
2013 4510 2092 4561 δεῖ

449 4601 650 4669 πολλῆς
711 4601 811 4669 τῆς
872 4600 1192 4670 ἀγρυπνίας.
1262 4600 1577 4653 Ῥὐσασθαι
1619 4612 1644 4640 ι
1681 4600 2090 4668 ἀδικούμενον.

450 4690 618 4742 Τοῦτο
653 4691 810 4742 πλέον
847 4691 940 4742 τοῦ
987 4690 1268 4759 προτέρου*
1303 4691 1361 4742 ού
1393 4690 1498 4759 γάρ
1531 4690 1747 4742 ἀπαιτεῖ
1777 4692 1835 4742 τὸ
1867 4693 2091 4760 ψηφίζε-

452 4779 570 4830 σθαι
600 4780 669 4831 τὰ
697 4781 899 4840 δίκαια,
939 4781 1070 4834 ἀλλὰ
1110 4781 1201 4831 καὶ
1239 4781 1296 4831 τὸ
1330 4783 1406 4841 είς
1442 4780 1610 4849 πέρας
1643 4782 1811 4848 ἄγειν.
1851 4783 2092 4847 Κρίνατε

450 4870 733 4937 ὀρφανὸν,
766 4872 862 4923 καὶ
895 4871 1240 4923 δικαιώσατε
1264 4871 1470 4938 χήραν.
1504 4871 1670 4932 Πολὺς
1697 4870 1772 4940 τῷ
1799 4872 1914 4939 Θεῷ
1941 4872 2092 4938 λόγος

448 4959 541 5013 τοῦ
587 4961 787 5030 μηδένα
821 4961 1044 5029 πάσχειν
1073 4960 1271 5022 κακῶς,
1305 4961 1498 5012 πλείων
1538 4960 1614 5024 δέ,
1661 4962 1785 5013 ὅταν
1827 4962 1960 5031 μετά
2004 4962 2092 5014 τοῦ

453 5050 678 5118 πάσχειν
703 5050 886 5112 κακῶς
913 5051 1005 5102 καὶ
1030 5050 1187 5119 ἑτέρα
1215 5050 1354 5108 τινὲς
1385 5043 1513 5100 ὦσιν
1538 5049 1864 5118 ἐνδεδυμένοι
1893 5067 2095 5119 συμφο-

453 5141 540 5208 ρᾷ.
598 5140 661 5190 Ἣ
698 5138 805 5208 γὰρ
849 5140 1106 5209 χηρανεία
1153 5141 1178 5180 δ
1236 5143 1327 5191 καὶ¹
1373 5137 1599 5206 ὀρφανία
1650 5140 1742 5192 καὶ
1788 5140 1907 5192 καθ’
1938 5139 2094 5192 ἑαυτὸ

451 5229 738 5298 ἀφόρητον·
779 5232 903 5282 ὃταν
944 5231 999 5282 δέ
1047 5233 1140 5283 καὶ
1174 5234 1301 5301 παρ’
1329 5232 1524 5301 ἐτέρων
1565 5231 1985 5300 ἐπηρεάζωνται,
2020 5233 2096 5284 διο

453 5317 617 5370 πλοῦν
637 5318 698 5369 τὸ
725 5320 994 5385 ναυάγιον.
1024 5320 1132 5372 Καὶ
1164 5318 1350 5383 δεῦτε,
1380 5322 1475 5373 καὶ
1499 5319 1908 5388 διαλεχθῶμεν,
1938 5321 2094 5388 λέγει

452 5409 683 5472 Κύριος.
734 5409 1149 5478 Παρατηρητέον
1194 5411 1273 5461 ὅτι
1315 5409 1584 5478 πανταχοῦ
1642 5410 1748 5461 τῶν
1809 5411 2095 5480 προφητῶν

452 5499 600 5550 οὐδὲν
633 5498 800 5560 οὕτως
849 5502 875 5550 6
925 5499 1054 5562 Θεὸς
1097 5499 1356 5570 ἐπιζητεῖ,
1395 5503 1468 5562 ώς
1503 5502 1561 5552 τὸ
1592 5505 1703 5563 τοῖς
1733 5503 2096 5572 ἀδικουμένοις

455 5585 768 5654 ἐπαμύνειν.
798 5587 949 5640 Οῦτω
1000 5587 1127 5654 γοῦν
1163 5589 1253 5639 καὶ
1287 5588 1535 5658 ἀλλαχοῦ,
1574 5588 1646 5652 ὡς
1689 5592 1744 5642 ἐν
1782 5591 1857 5661 τῷ
1890 5594 2094 5661 Μιχαία

516 5787 540 5855 ξ
565 5786 846 5855 [tegend-um
871 5789 1087 5855 ῥύσασθε,
1111 5788 1316 5848 liberare,
1337 5800 1394 5855 ιιι
1416 5794 1595 5855 legitur
1613 5797 1660 5843 in
1688 5793 1866 5843 Ribliis.

516 5845 543 5919 ξ
573 5845 823 5919 Χηρανεία,
847 5845 1082 5919 ιιιιίιιὶιιιε,
1113 5865 1200 5899 \‘ox
1225 5845 1348 5912 apud
1392 5845 1536 5901 £1“le
1582 5859 1763 5904 nullum
1806 5859 2090 5919 scriptorem

458 5907 572 5955 ulth
601 5907 753 5953 adhuc
778 5907 1047 5957 obser'.'ala.

2218 516 2474 584 λεγόντων
2516 518 2622 570 τῶν
2671 517 2928 572 Ἰουδαίων
2954 529 3008 556 α’
3053 522 3120 573 Et
3163 521 3330 574 δώσω
3359 527 3697 590 πρωτότοκὰ
3729 545 3841 596 μου

2206 602 2353 669 ὑπὲρ
2380 603 2651 668 ἀσεϐείας
2674 621 2811 672 μου,
2839 604 3067 671 καρπὸν
3089 607 3317 671 κοιλίας
3332 625 3449 675 μου
3477 611 3629 678 ὑπὲρ
3659 613 3841 681 ἀμαρ-

2204 687 2332 752 τίας
2352 687 2557 755 ψυχῆς
2570 705 2708 755 μου,
2743 689 2984 758 ἐπήγαγε
3013 690 3201 757 λέγων·
3232 693 3558 761 Ἀπαγγελῶ
3592 713 3710 756 σοι.
3748 697 3844 750 ἆν-

2201 776 2412 838 θρωπε,
2434 772 2491 825 τί
2506 774 2713 836 καλὸν,
2732 773 2826 825 καί
2844 775 2899 826 τί
2915 775 3123 841 Κύριος
3132 775 3358 842 ἐκζητεῖ
3371 780 3528 845 παρὰ
3549 783 3684 844 σοῦ,
3703 783 3844 836 ἀλλ’

2199 850 2237 917 ἢ
2254 851 2355 905 τοῦ
2371 851 2562 906 ποιεῖν
2576 853 2750 921 κρίμα
2763 852 2858 904 καί
2877 852 3113 922 ἀγαπᾷν
3127 855 3320 918 ἔλεον,
3338 859 3432 910 καί
3448 858 3680 928 ἕτοιμον
3690 858 3843 916 εἶναι

2198 936 2666 1004 τοῦοπορεύεσθαί
2675 953 2746 990 σε
2759 938 2948 990 ὀπίσω
2961 940 3179 1005 Κυρίου
3195 941 3298 993 τοῦ
3313 942 3459 995 Θεοῦ
3470 959 3605 998 σου.
3620 946 3726 999 Καὶ
3737 947 3840 999 ιιιτά⁸

2199 1019 2279 1073 λιν
2293 1023 2321 1073 6
2336 1023 2610 1091 προφήτης
2631 1015 2788 1074 Δαυῒδ
2817 1023 3016 1089 ἔλεγεν·
3044 1024 3253 1077 Ἕλεον
3277 1025 3373 1079 καὶ
3400 1029 3601 1094 κρίσιν
3620 1029 3840 1097 ᾷσομαί

2198 1117 2318 1168 σοι,
2347 1107 2539 1172 Κύριε.
2564 1103 2670 1158 Καί
2704 1105 2872 1160 δευτε
2897 1104 2991 1172 δή.
3033 1106 3298 1180 Πρότερον
3331 1113 3441 1175 τοῖς
3486 1112 3840 1184 δικαιώμασιν

2198 1189 2438 1252 ὁπλίσας,
2463 1191 2580 1243 τότε
2603 1192 2692 1244 ἐπὶ
2715 1193 2774 1245 τὸ
2793 1192 3132 1262 δικαστήριον
3154 1193 3318 1260 ἕλκει,
3343 1196 3435 1248 καὶ
3463 1195 3673 1261 διδάξας
3692 1194 3836 1263 ὅπως

2198 1277 2264 1329 ἂν
2292 1276 2644 1330 άποδύσαιντο
2669 1278 2734 1331 τὰ
2772 1279 3105 1350 ἐγκλήματα,
3145 1279 3264 1331 τότε
3315 1281 3532 1334 ἀπαιτεῖ
3564 1284 3660 1346 τὰς
3680 1286 3838 1338 εὐθύ-

2198 1378 2312 1424 νας,
2369 1360 2455 1414 ῖνα
2509 1362 2582 1431 μὴ
2638 1363 2874 1432 γυμνοὺς
2934 1358 3124 1426 αὐτοὺς
3183 1364 3282 1434 τῆς
3327 1366 3618 1434 ἀπολογίας
3659 1369 3836 1423 λαϐὼν

2198 1447 2514 1517 κατακρίνῃ.
2542 1447 2648 1500 Καὶ
2680 1446 3125 1515 διελεγχθῶμεν.
3157 1448 3528 1518 Δικασώμεθα,
3561 1453 3738 1522 φησίν.
3778 1454 3835 1506 Ὀ

2195 1532 2541 1601 δικαζόμενος
2571 1532 2860 1601 συνήγορος
2879 1531 3082 1599 γίνεται
3112 1535 3204 1586 καὶ
3236 1535 3434 1606 ἰατρός.
3457 1532 3586 1589 Εἶτα
3605 1537 3830 1600 δεικνὺς,

2196 1618 2275 1669 ὅτι
2317 1619 2418 1669 κᾶν
2463 1617 2668 1686 μεγάλα
2711 1610 3087 1686 ἐργασώμεθα,
3135 1619 3215 1671 ἔτι
3259 1622 3356 1690 τῆς
3405 1620 3567 1674 αὐτοῦ
3607 1621 3832 1692 δεόμεθα

2198 1702 2598 1773 φιλανθρωπίας
2647 1699 2725 1767 είς
2766 1698 2825 1756 τὸ
2869 1704 2974 1756 τῶν
3007 1701 3409 1775 ἁμαρτημάτων
3441 1707 3830 1778 ἀπαλλαγῆναι,

2197 1789 2376 1858 φησίν·
2421 1789 2552 1841 Ἐὰν
2581 1787 2730 1842 ὦσιν
2753 1787 2917 1856 ὑμῶν
2935 1791 2994 1844 al
3013 1791 3284 1858 ἁμαρτίαι
3303 1791 3383 1858 ὡς
3401 1793 3728 1860 φοινικοῦν,
3754 1796 3834 1860 ὡς

2197 1878 2365 1942 χιόνα
2379 1869 2671 1928 λευκανῶ·
2688 1873 2783 1936 τὰς
2801 1877 2863 1927 ἐκ
2879 1874 3163 1946 διαμέτρου
3185 1876 3469 1944 ποιότητας
3490 1879 3731 1932 ἐναντίας
3746 1880 3834 1932 λα-

2197 1957 2338 2022 ϐὼν,
2381 1959 2473 2010 καὶ
2515 1957 2873 2026 ὑποσχόμενος
2910 1959 3044 2029 πρὸς
3092 1958 3152 2012 τὸ
3198 1959 3436 2014 ἐναντίον
3475 1964 3830 2032 μεταστήσειν

2195 2045 2321 2097 αὐτό
2337 2044 2386 2101 ει.
2421 2044 2553 2098 Ἐὰν
2577 2043 2644 2096 δὲ
2667 2038 2817 2097 ὦσιν
2834 2041 2913 2107 ὡς
2941 2046 3236 2111 κόκκινον,
3260 2040 3339 2111 ὡς
3358 2047 3517 2114 ἔριον
3537 2048 3825 2102 levitati).

2195 2130 2365 2198 Πολλὴ
2394 2129 2494 2198 τῆς
2516 2130 2622 2182 τῶν
2658 2128 2839 2198 χηρῶν
2867 2131 3191 2198 προστασίας
3220 2133 3252 2200 ή
3283 2133 3523 2201 δύναμις,
3555 2133 3668 2204 [1⁸5]
3697 2136 3830 2201 εἴγε

2194 2215 2292 2284 τὴν
2337 2213 2477 2266 οὕτω
2504 2214 3016 2284 καταῤῥυπωθεῖσαν
3043 2215 3236 2284 ψυχὴν,
3264 2215 3338 2278 ὡς
3378 2218 3470 2270 καὶ
3497 2219 3627 2270 αὐτὸ
3654 2219 3828 2289 βαφὴν

2193 2301 2439 2365 δέξασθαι
2477 2303 2752 2372 πονηρίας,
2788 2303 2862 2372 μὴ
2902 2303 3059 2372 μόνον
3100 2304 3423 2358 ἀπαλλάττει
3467 2308 3565 2376 τῆς
3613 2306 3824 2373 κακίας,

2193 2387 2325 2441 ἀλλά
2368 2391 2460 2440 καὶ
2499 2388 2750 2458 λαμπρὰν
2783 2386 2953 2451 οὕτως
3003 2390 3297 2458 ἐργάζοιτο.
3333 2391 3438 2444 Καί
3471 2393 3577 2445 ἐὰν
3597 2391 3822 2459 θέλητε,

2193 2474 2288 2525 καί
2309 2473 2696 2541 είσακούσητέ
2708 2491 2846 2542 μου,
2867 2474 2937 2527 τὰ
2955 2475 3142 2542 ἀγαθὰ
3159 2475 3266 2541 τῆς
3278 2475 3351 2544 τῆ
3358 2498 3388 2543 ς
3400 2477 3674 2546 φάτεσθε.
3694 2479 3828 2532 Ἐὰν

2191 2558 2353 2624 δὲμὴ
2375 2559 2601 2624 θέλητε,
2638 2560 2782 2625 μηδὲ
2813 2555 3204 2626 είσακούσητέ
3229 2578 3364 2628 μου,
3384 2562 3643 2631 μάχαιρα
3671 2563 3823 2630 ὑμᾶς

2191 2643 2507 2695 κατέδεται.
2561 2644 2627 2695 Τὸ
2672 2642 2779 2710 γὰρ
2815 2644 3003 2710 στόμα
3049 2645 3267 2710 Κυρίου
3315 2645 3578 2713 ὲλάλησε
3619 2648 3822 2702 ταῦτα.

2204 2727 2413 2796 Ἐπειδὴ
2450 2727 2556 2797 γάρ
2597 2729 2706 2789 τοῖς
2739 2728 3057 2798 παχυτέροις
3089 2728 3184 2798 ούχ
3216 2728 3384 2793 οὕτως
3425 2733 3824 2802 ἁμαρτημάτων

2189 2809 2468 2880 ἀπαλλαγὴ
2532 2811 2771 2865 ποθεινὸν
2837 2812 2926 2866 καὶ
2993 2811 3344 2876 εὐσύνοπτον,
3401 2813 3474 2877 ὡς
3515 2815 3620 2868 τῶν
3657 2818 3711 2869 ἐν
3747 2807 3824 2885 τῷ

2190 2897 2409 2965 παρόντι
2445 2896 2542 2966 βίῳ
2574 2897 2866 2950 δοκούντων
2906 2894 3039 2950 εἶναι
3079 2899 3255 2951 καλῶν
3289 2900 3320 2968 ή
3367 2900 3677 2964 ἀπόλαυσις,
3708 2905 3822 2971 μετ’

2188 2981 2406 3033 ἐκείνων
2441 2982 2533 3034 καὶ
2564 2981 2731 3035 ταῦτα
2761 2980 3164 3051 ἐπαγγέλλεται·
3204 2984 3295 3036 καὶ
3322 2985 3425 3055 γάρ
3458 2985 3551 3038 καὶ
3580 2984 3731 3038 τοῦτο
3764 2986 3822 3053 ἐξ

2188 3065 2465 3202 ὲκὲξῗέίτα
2483 3139 2692 3202 δεικνὺς
2708 3140 2787 3193 ὅτι
2813 3140 3026 3194 εὔκολον
3047 3143 3077 3211 ἡ
3097 3143 3280 3214 ἀρετὴ,
3305 3144 3363 3198 ἐν
3379 3143 3456 3213 τῷ
3474 3142 3644 3196 θέλειν
3661 3144 3828 3213 αὐτὴν

2186 3223 2363 3293 τίθησι
2397 3225 2572 3292 μόνον.
2610 3226 2767 3279 Ὥστε
2797 3226 2852 3278 δέ
2883 3227 2954 3297 μὴ
2977 3231 3088 3291 τοῖς
3112 3235 3363 3298 χρηστοῖς
3395 3231 3636 3293 ἐκλῦσαι,
3670 3230 3831 3284 πάλιν

2186 3311 2263 3371 είς
2297 3309 2365 3362 τὰ
2395 3309 2596 3379 φοϐερά
2623 3313 2978 3376 κατακλείσας
3012 3315 3100 3366 τὸν
3141 3314 3317 3383 λόγον,
3349 3316 3654 3380 ἀξιόπιστον
3693 3317 3836 3368 ποιεῖ

2185 3397 2250 3464 τῇ
2271 3395 2490 3464 δυνάμει
2529 3395 2619 3448 τοῦ
2646 3397 2810 3450 ταῦτα
2839 3399 3270 3468 ἀποφηναμένου.
3295 3400 3422 3466 Πῶς
3439 3403 3670 3471 ἐγένετο
3693 3403 3836 3468 πόρ-

2187 3496 2261 3545 νη
2285 3481 2459 3544 πόλις
2479 3483 2659 3548 πιστὴ
2685 3484 2854 3548 Σιών;
2886 3485 2994 3538 Καὶ
3010 3486 3105 3554 τῆς
3123 3487 3312 3557 ὀδύνης
3336 3488 3428 3542 τοῦ
3451 3489 3716 3557 λέγοντος,
3741 3489 3834 3540 καὶ

2188 3565 2286 3633 τῆς
2339 3566 2532 3636 πολλῆς
2581 3568 2685 3621 τῶν
2726 3570 2986 3624 Ἰουδαίων
3031 3571 3380 3643 ἀναισθησίας
3426 3577 3458 3644 ή
3497 3574 3829 3644 διαπόρησις.

2191 3651 2282 3702 καὶ
2310 3650 2398 3703 τοῦ
2431 3653 2557 3724 παρ’
2589 3654 2774 3708 ἐλπίδα
2801 3656 3052 3724 γενέσθαι
3092 3658 3152 3710 τὸ
3191 3661 3570 3729 γεγενημένον.
3601 3656 3836 3712 Τοιαῦτα

2190 3740 2284 3792 καὶ⁵
2319 3741 2526 3805 Παῦλος
2555 3745 2644 3796 ἐπὶ
2672 3744 2922 3798 Γαλατῶν
2950 3745 3193 3817 διαπορεῖ
3217 3747 3407 3815 λέγων·
3437 3744 3712 3814 Θαυμάζω
3744 3744 3835 3797 ὅτι

2189 3836 2338 3888 οὕτω
2372 3834 2592 3901 ταχέως
2622 3832 3000 3897 μετατίθεσθε
3024 3847 3036 3859 ·
3069 3831 3202 3899 ὅπερ
3224 3833 3278 3881 ἐν
3304 3829 3654 3899 ἐγκλημάτων
3675 3827 3825 3889 τάξει

2191 3921 2282 3972 καὶ
2311 3919 2611 3988 προτροπῆς
2642 3913 2776 3978 εἶδός
2803 3917 2936 3978 ἐστι,
2966 3915 3098 3984 πρὸς
3132 3913 3328 3984 ἀρετὴν
3368 3912 3822 3980 ἀνακαλουμένου.

2191 4006 2253 4058 EE
2295 4005 2399 4075 γὰρ
2433 4003 2521 4057 καὶ
2569 4001 2872 4071 θαυμαστὸν
2914 4000 2972 4053 τὸ
3021 4000 3327 4070 λεγόμενον,
3369 3999 3460 4052 καὶ
3491 3997 3773 4065 ἐγκωμίων
3801 4007 3825 4034 ο

2191 4089 2571 4159 ἀναμέμικται,
2607 4089 2671 4157 τῇ
2700 4087 2996 4155 κατηγορία
3031 4085 3125 4155 τὴν
3155 4083 3481 4154 κατηγορίαν
3523 4083 3826 4152 χαλεπωτέ-

2197 4194 2291 4246 ραν
2324 4174 2523 4228 ποιοῦν.
2565 4174 2638 4226 Οὐ
2679 4173 2784 4242 γάρ
2825 4171 2964 4223 οῦτω
2992 4170 3281 4239 κακίζομεν
3321 4170 3444 4229 τοὺς
3471 4168 3616 4220 ούδέν
3647 4168 3826 4232 ὄντας,

2193 4263 2284 4315 καὶ
2317 4260 2515 4328 φαῦλον
2544 4258 2818 4328 μετιόντας
2850 4257 2979 4325 βίον,
3009 4255 3080 4316 ὡς
3110 4256 3234 4316 τοὺς
3263 4252 3580 4314 σπουδαίους
3616 4253 3710 4322 μὲν
3747 4248 3827 4304 εἷ-

2192 4365 2276 4400 ναι
2322 4347 2570 4412 δόξαντας
2624 4345 2946 4415 ἔμπροσθεν,
2989 4341 3056 4393 τὰ
3094 4340 3149 4392 δὲ
3186 4340 3290 4392 τῶν
3322 4337 3569 4408 πονηρῶν
3605 4339 3829 4408 ὕστερον

2192 4432 2675 4501 ἐπιδεικνυμένους.
2704 4429 2910 4499 Πόρνην
2938 4428 2992 4480 δέ
3024 4425 3249 4479 ἐνταῦθα
3282 4423 3451 4486 καλεῖ,
3487 4424 3544 4474 ού
3591 4441 3828 4493 σωματι-

2191 4518 2290 4588 κὴν
2319 4518 2599 4586 ἀσέλγειαν
2625 4516 2998 4583 αἰνιττόμενος,
3023 4512 3153 4564 άλλά
3175 4512 3270 4580 τὴν
3292 4510 3416 4578 περὶ
3436 4509 3564 4561 Θεὸν
3591 4509 3831 4578 ἀγνωμο-

2195 4605 2376 4672 σύνην,
2413 4605 2439 4654 δ
2471 4604 2716 4672 πορνείας
2746 4601 2953 4667 ἐκείνης
2984 4600 3098 4650 ἐστὶ
3127 4597 3513 4666 χαλεπώτερον.
3560 4597 3701 4648 Ἐκεῖ
3731 4598 3829 4664 μὲν

2192 4692 2298 4759 γὰρ
2317 4691 2595 4759 ἄνθρωπος
2616 4688 2976 4758 ὑϐριζόμενος,
3007 4686 3233 4737 ἐνταῦθα
3259 4685 3312 4735 δέ
3333 4684 3461 4746 Θεὸς
3485 4686 3512 4737 6
3541 4684 3832 4752 ἀθετοῦμε-

2193 4794 2294 4838 νος.
2332 4778 2478 4826 Ποιεῐ
2505 4775 2559 4825 δέ
2587 4775 2678 4826 καὶ
2705 4773 2832 4824 αὐτὸ
2853 4766 3002 4831 οὗτος
3033 4771 3125 4821 καὶ
3150 4771 3196 4820 οί
3223 4769 3365 4821 ἄλλοι
3398 4769 3594 4830 πάντες
3617 4771 3826 4839 προφῆ-

2194 4878 2300 4915 ται·
2343 4861 2524 4929 ἐπειδὴ
2563 4860 2654 4912 καὶ
2692 4859 2719 4912 6
2752 4858 2882 4920 Θεὸς
2913 4854 3241 4925 κατηξίωσεν
3277 4855 3332 4905 ἐν
3365 4852 3550 4924 ἀνδρὸς
3582 4854 3728 4920 τάξει
3761 4859 3826 4925 τῇ

2258 5081 2280 5108 ε
2310 5076 2552 5125 Edebatur
2573 5075 2718 5134 λέγων
2733 5074 2825 5119 τῶν
2869 5071 3119 5134 Ἰουδαίων.
3157 5068 3246 5134 Hic
3286 5071 3545 5134 legendum
3583 5078 3718 5132 pulat
3741 5073 3834 5120 ΑΙ-

2197 5139 2337 5184 lenus
2357 5138 2501 5196 λέγων
2528 5137 2578 5182 ἐκ
2600 5129 2855 5196 προσώπου
2880 5134 2974 5196 τῶν
3009 5129 3266 5196 Ἰουδαίων,
3311 5129 3508 5196 ἰοὶ-[δεῦε
3530 5129 3703 5178 mélius
3722 5135 3831 5194 περὶ

2195 5201 2286 5242 τῶν
2337 5193 2589 5251 Ἰουδαίων,
2630 5193 2706 5240 νει
2750 5193 2870 5238 γατά
2906 5193 3017 5245 τῶν,
3061 5203 3200 5248 quam
3245 5194 3497 5239 lectionem
3539 5199 3732 5251 secutus
3753 5199 3840 5240 est

2195 5257 2488 5304 'l‘ilmanuus.
2536 5250 2659 5303 Puto
2720 5265 2879 5299 veram
2917 5262 3027 5298 esse
3077 5251 3334 5298 leclionem
3368 5253 3587 5300 Bax-arict
3604 5250 3835 5309 λεγόντων

2194 5334 2303 5363 των.

2257 5376 2284 5414 d
2309 5378 2509 5424 Alienus
2532 5372 2789 5434 legendum
2805 5376 2948 5434 putat
2987 5370 3142 5434 αὐτάς,
3181 5382 3287 5434 quae
3307 5383 3395 5434 vox
3436 5374 3611 5434 melius
3631 5371 3838 5431 quadrat.

2195 5438 2252 5484 ad
2273 5436 2466 5484 seriem.
2491 5431 2744 5492 Baviricus
2765 5431 2918 5485 αὐτός,
2956 5442 3065 5489 qum
3090 5431 3233 5492 Iecgio
3259 5442 3351 5492 non
3373 5433 3438 5478 ita
3455 5433 3644 5492 placet.

2261 5501 2283 5525 ⁸⁵
2306 5496 2406 5543 Hoc
2432 5499 2535 5543 loco
2560 5498 2687 5540 notat
2715 5491 2945 5538 Savilius:
3006 5504 3024 5535 ι
3053 5489 3130 5549 καὶ
3168 5489 3425 5549 ἐγκωμίων.
3454 5489 3608 5538 Locus
3629 5489 3840 5536 mendo-

2195 5570 2296 5611 sus,
2324 5560 2404 5614 qui
2427 5568 2484 5602 ex
2510 5555 2781 5614 conjectura
2807 5552 2875 5596 sic
2899 5548 3089 5614 resumi
3129 5548 3305 5614 po‘lesl;
3334 5552 3410 5614 καὶ
3435 5551 3676 5614 ἐγκωμίων
3709 5549 3836 5614 ῥινα-

2231 5607 2353 5676 ιχθὲν
2372 5621 2427 5675 τῇ
2449 5607 2700 5676 κατηγορίᾳ
2723 5611 2806 5665 τήν
2827 5610 3102 5676 κατηγορίαν
3121 5610 3447 5676 χαλεπωτέραν
3462 5607 3609 5676 ςποιεῐ.
3626 5607 3834 5676 "Sane":

2231 5634 2347 5676 ιχυεν
2372 5634 2427 5675 τῃ
2449 5634 2700 5674 χατηγοριᾳ
2723 5634 2806 5665 την
2829 5634 3102 5678 ιαιῃγυριιιν
3121 5634 3447 5678 χαλεπωτεριαν
3462 5634 3609 5676 ,πυιιι
3645 5634 3834 5675 οσιιιειιι

2195 5634 2272 5723 tie
2305 5685 2380 5722 est
2418 5677 2555 5735 hujus
2579 5674 2667 5719 loci
2697 5683 2884 5735 εειιδυε,
2912 5683 2958 5735 ιιι
2984 5682 3097 5735 quo_,
3123 5674 3174 5735 u_l
3213 5679 3260 5715 In
3285 5671 3519 5735 ριιιιιιῃιε,
3559 5669 3836 5735 ,δειιυειιιιις-

2198 5744 2274 5782 lus
2296 5742 2371 5782 est
2393 5726 2656 5794 lnlérpres.
2697 5728 2882 5794 Boi_sius
2904 5726 3106 5794 είεζκαὶ,
3135 5726 3375 5794 ἐγκωμίων
3421 5729 3727 5794 ἀναμέμικται
3768 5732 3831 5788 τῇ

2193 5797 2446 5856 κατηγορίᾳ
2467 5787 2548 5848 τήν
2567 5788 2844 5856 κατηγορίαν
2867 5788 3191 5856 χαλεπωτέραν
3208 5787 3384 5856 ποιοῦν.
3415 5802 3432 5833 ι
3465 5787 3562 5856 .Hi_c
3579 5793 3711 5856 ειεξιτ
3751 5787 3832 5856 egi

2196 5843 2402 5902 aucl'dri's
2424 5843 2616 5904 εειιειιε.
2640 5843 2833 5896 ρι’ὴὲιιε
2868 5843 3156 5906 iioslmmain
3183 5847 3439 5892 lectionem
3463 5847 3606 5894 habet
3635 5846 3826 5895 “and.

2197 5929 2279 5963 eus
2298 5917 2464 5974 codex,
2486 5925 2624 5974 quam
2647 5906 2909 5968 sequimur.
2937 5907 3060 5956 Edili
3084 5907 3410 5967 ἀναμέμνηται.
