4058 6216
176 416 235 470 21
1465 394 1527 450 IN
1568 391 1764 449 ISMA!

1870 390 2000 445 ΞΑΡ.
2043 389 2085 445 l.
3339 412 3409 465 22

183 517 311 568 enim
334 526 511 570 uestrae
524 517 765 587 sanguine
788 517 949 586 plena:
972 522 1086 568 sunt
1112 530 1127 567 :
1159 513 1256 566 hoc
1286 520 1365 566 est
1384 554 1397 576 ,
1427 507 1703 563 homicidae
1731 523 1747 561 ι

183 614 232 657 at
262 619 373 658 non
403 605 570 668 dixit,
602 606 907 669 Homicidte,
940 604 1064 665 sed,
1101 603 1272 655 Plemc
1308 600 1584 669 sanguine,
1613 594 1752 647 iudi-

183 708 309 746 cans
341 694 461 746 illos
487 693 731 747 meditate
759 694 987 761 peccatis
1008 693 1246 745 addictos
1277 690 1455 752 fuisse,
1484 695 1537 742 et
1563 685 1753 753 ubique

184 800 302 837 cum
331 784 681 838 vehementia.

254 872 311 926 6.
342 875 537 943 Estque
560 875 685 927 illud
715 871 1129 926 mansuetudinis
1172 871 1284 939 ejus
1314 869 1582 932 indicium,
1614 867 1754 937 quod

188 978 307 1014 cum
338 964 703 1027 comminatur,
734 964 989 1015 rationem
1024 960 1225 1015 afferat.
1272 960 1469 1013 Causas
1505 957 1643 1011 enim
1664 956 1758 1011 ad—

186 1051 284 1116 dit,
317 1067 413 1105 cur
437 1068 539 1105 non
566 1053 805 1105 admittat
829 1052 1142 1104 orationem.
1165 1050 1247 1104 16.
1278 1048 1556 1113 Lavamini,
1583 1046 1758 1099 mundi

187 1154 360 1195 estote.
392 1144 518 1207 Cur,
544 1157 662 1196 cum
684 1142 899 1206 dixerit,
934 1140 1053 1194 Non
1101 1140 1235 1193 ultra
1269 1141 1514 1191 remittam
1559 1146 1758 1206 peccata

188 1244 376 1296 uestra,
396 1234 667 1288 consilium
690 1233 798 1295 dat,
822 1241 875 1285 et
898 1246 1017 1285 cum
1036 1230 1325 1285 ostenderit
1365 1231 1506 1297 ipsos
1547 1228 1755 1279 incura-

190 1324 280 1378 bili
313 1323 497 1377 morbo
528 1323 786 1385 laborare,
819 1321 1239 1376 emendationem
1273 1318 1513 1371 inducit?
1544 1317 1656 1369 Mos
1676 1325 1757 1369 cst

192 1415 333 1479 Deo,
363 1416 521 1468 etiam
549 1429 666 1467 cum
697 1414 1052 1467 comminatur
1072 1453 1085 1473 ,
1131 1411 1199 1466 de
1239 1411 1407 1463 salute
1435 1408 1759 1476 desperatio-

191 1518 311 1557 nem
338 1504 547 1568 ell‘arre,
597 1512 653 1557 ut
701 1511 890 1572 augeat
941 1510 1161 1567 metum,
1200 1515 1367 1569 neque
1397 1500 1482 1552 hic
1510 1497 1757 1567 loquendi

192 1594 348 1647 linem
374 1594 568 1657 facere,
611 1605 666 1646 ut
691 1593 881 1647 bonam
909 1606 1060 1661 spem
1086 1590 1346 1658 subjiciat,
1376 1597 1430 1641 et
1448 1591 1524 1642 sic
1549 1601 1756 1640 rursum

190 1686 254 1739 ad
276 1686 640 1755 paenitentiam
658 1693 892 1738 revocet.
916 1683 1078 1751 quue
1099 1682 1291 1749 ubique
1308 1680 1417 1733 fieri
1445 1680 1623 1731 videre
1652 1686 1754 1729 cst.

191 1776 326 1844 Erga
353 1774 608 1828 Ninivitas
631 1783 771 1829 certe
793 1772 845 1826 id
875 1787 979 1826 non
1007 1771 1202 1836 verbis,
1228 1770 1318 1823 sed
1340 1768 1585 1836 operibus
1616 1766 1754 1819 fet-it.

194 1866 379 1920 Verbis
407 1865 546 1919 enim
574 1864 704 1918 nihil
731 1864 852 1918 boni
878 1863 1166 1932 pollicitus,
1200 1861 1290 1915 sed
1337 1860 1504 1913 solum
1555 1858 1757 1925 suppli-

190 1956 331 2007 cium
381 1964 501 2021 post
546 1954 1009 2007 comminationem
1055 1950 1241 2005 adesse
1288 1957 1606 2011 monstrans,
1637 1947 1756 2015 quia

191 2045 401 2097 barbari
424 2059 629 2109 omnes,
652 2059 768 2112 qua:
805 2058 1018 2097 suarum
1041 2042 1266 2110 partium
1295 2048 1463 2103 erant,
1494 2039 1757 2107 praestite-

193 2142 337 2196 runt,
359 2134 487 2186 iram
510 2134 613 2186 cito
636 2132 855 2186 sedavit.
879 2131 966 2186 Sic
990 2141 1044 2185 et
1061 2146 1243 2184 rursus
1271 2131 1319 2183 in
1340 2129 1547 2183 Psalmo
1565 2128 1755 2180 David:

189 2223 295 2289 jam
326 2223 464 2275 enim
495 2222 602 2275 dixi
632 2223 800 2289 ipsum
828 2223 891 2274 iis
920 2234 1133 2289 prorsus
1156 2220 1346 2273 similia
1376 2218 1538 2286 loqui,
1567 2233 1683 2286 qua:
1707 2218 1756 2269 in

195 2314 295 2363 hoc
328 2312 581 2378 prooemio
612 2310 871 2364 habentur
899 2311 913 2341 ι
945 2327 958 2362 :
989 2324 1054 2364 ac
1076 2310 1211 2363 sicut
1242 2308 1325 2362 hic
1348 2308 1419 2360 ait
1443 2325 1455 2361 :
1476 2306 1755 2369 Lavamim',

194 2400 374 2451 mundi
422 2409 590 2463 estote,
638 2408 753 2467 post
797 2398 1235 2453 comminationes
1267 2414 1280 2450 :
1308 2400 1384 2450 sic
1413 2405 1462 2449 et
1502 2396 1588 2448 ille
1616 2404 1759 2461 post-

193 2506 353 2559 quam
384 2490 605 2555 dixerat,
644 2492 863 2559 Arguam
906 2501 953 2543 te
1004 2499 1052 2542 et
1100 2499 1314 2541 statuam
1357 2498 1529 2540 contra
1582 2488 1761 2554 faciem

196 2589 338 2630 tuam
364 2578 644 2647 iniquitates
664 2588 795 2639 tuas,
824 2576 1025 2631 addidit
1063 2594 1075 2629 :
1110 2577 1430 2643 Sacriﬁcium
1474 2576 1639 2627 laudis
1668 2576 1761 2625 Ito-

196 2669 475 2734 noriﬁcabit
503 2684 598 2733 me,
645 2678 689 2721 et
714 2670 816 2720 illic
860 2669 974 2732 iter,
1020 2683 1117 2735 quo
1164 2666 1419 2719 ostendam
1442 2666 1511 2717 eis
1544 2664 1763 2717 salutare

197 2757 291 2809 Dei
338 2756 518 2829 (Psal.
572 2756 660 2811 49.
710 2756 800 2811 2i.
850 2756 985 2824 23);
1018 2756 1224 2809 laudem
1260 2769 1450 2808 vocans
1484 2769 1635 2818 eam,
1663 2768 1763 2821 qua

198 2861 293 2913 per
318 2861 478 2913 opera
502 2846 666 2915 gloria
693 2847 800 2900 Deo
820 2846 1045 2900 refertur
1066 2884 1081 2911 ,
1128 2853 1182 2899 et
1227 2843 1576 2912 cognitionem
1628 2841 1763 2895 divi-

198 2951 408 2990 uorum.

270 3026 436 3078 Liberi
464 3027 652 3078 arbitrii
689 3034 922 3093 potestas.
959 3024 1169 3077 Virtutis
1194 3023 1480 3076 exercenda:
1504 3021 1765 3089 di/ﬁculta-

197 3127 290 3169 tes.
313 3144 383 3155 -—
402 3115 470 3170 Ut
496 3131 621 3169 vero
646 3131 762 3169 cum
792 3115 1053 3175 audirent,
1085 3113 1364 3177 Lavamini,
1390 3112 1561 3165 mundi
1590 3121 1761 3174 estote,

199 3223 307 3261 non
338 3206 515 3259 solitas
552 3206 667 3259 illas
710 3205 1099 3273 put-ilicationes
1125 3206 1452 3273 cogitarent,
1503 3202 1762 3269 subjecit:

197 3298 407 3364 Auferte
421 3295 634 3348 malitias
650 3295 709 3348 ab
722 3294 981 3347 animabus
995 3294 1164 3346 vestris
1184 3310 1214 3344 a
1235 3303 1492 3361 conspectu
1512 3294 1767 3345 oculorum

197 3404 424 3442 meorum
443 3428 458 3453 ,
480 3397 665 3440 cessate
694 3404 725 3439 a
749 3387 979 3454 nequitiis
1001 3389 1192 3440 vestris.
1222 3385 1437 3437 Virtutis
1463 3386 1765 3439 facilitatem

198 3476 452 3540 ostendit,
492 3485 546 3531 et
585 3477 856 3545 potestatis
902 3476 1210 3541 arbitrium,
1256 3478 1376 3545 quia
1424 3492 1586 3546 penes
1625 3477 1766 3543 ipsos

198 3577 393 3621 eratut
418 3577 759 3621 mutarentur.
809 3568 896 3620 17.
944 3566 1130 3621 Discite
1164 3567 1343 3619 bonum
1386 3570 1566 3635 facere.
1592 3566 1768 3633 Usque

202 3658 411 3711 adcocx
431 3660 620 3727 ingenti
641 3658 831 3711 malitia
850 3658 1060 3711 virtutis
1082 3658 1431 3724 cognitionem
1445 3657 1763 3722 abjecerant.

201 3748 289 3801 Sic
310 3756 363 3800 ct
398 3746 649 3815 propheta
681 3746 840 3799 David
881 3746 1051 3799 dicit:
1093 3745 1279 3808 Venite,
1312 3746 1425 3809 ﬁlii,
1465 3745 1634 3795 audite
1655 3760 1729 3794 me
1750 3759 1767 3794 :

206 3838 431 3887 timorem
483 3835 682 3887 Domini
733 3836 914 3887 docebo
955 3850 1040 3886 vos
1087 3833 1273 3903 (Psal.
1324 3835 1411 3887 55.
1463 3832 1584 3902 12).
1614 3832 1766 3885 Omni

204 3927 400 3993 quippe
428 3925 642 3978 scientia
672 3926 782 3977 lucc
810 3924 1050 3992 superior
1084 3932 1184 3988 est,
1212 3938 1326 3991 qme
1352 3936 1416 3975 co
1444 3922 1627 3989 majori
1650 3930 1770 3989 eget

204 4015 400 4077 studio,
426 4014 561 4082 quod
588 4014 732 4082 plura
749 4013 938 4067 habeat
959 4014 1351 4082 impedimenta,
1368 4021 1564 4065 naturae
1581 4026 1771 4079 nempe

208 4105 555 4175 tyrannidem,
589 4106 735 4158 liberi
756 4105 957 4158 arbitrii
987 4104 1268 4173 ignaviam,
1314 4104 1611 4157 dmmonum
1646 4101 1772 4154 insi-

205 4193 343 4257 dias,
389 4193 709 4261 negotiorum
759 4192 984 4245 turbam.
1024 4192 1109 4245 Sic
1138 4200 1192 4244 ct
1221 4190 1421 4243 Baruclt
1455 4207 1467 4243 :
1502 4189 1597 4240 Hic
1634 4187 1772 4239 Deus

209 4294 406 4347 noster;
452 4301 549 4337 non
590 4284 899 4353 reputabitur
922 4283 1052 4335 alius
1090 4282 1157 4332 ad
1182 4297 1292 4334 eum
1315 4297 1331 4333 :
1354 4280 1533 4332 invenit
1577 4294 1773 4330 onmem

209 4378 339 4427 uiam
364 4376 597 4427 scientiaz.
626 4373 885 4441 Exquirite
909 4372 1151 4437 iudicium
1182 4370 1434 4440 (Baruclt.
1466 4370 1518 4422 5.
1538 4370 1623 4422 56.
1650 4369 1713 4420 57
1732 4371 1769 4434 ).

213 4468 321 4519 lloc
354 4476 453 4530 cst,
486 4466 687 4533 injuriis
730 4464 946 4517 affectos
974 4463 1173 4522 ulcisci,
1204 4477 1302 4529 qua
1328 4462 1378 4513 in
1411 4476 1465 4513 re
1494 4460 1656 4512 mullo
1694 4462 1773 4510 la-

213 4561 340 4612 bore
368 4567 420 4611 et
449 4558 583 4625 vigili
621 4556 795 4608 animo
836 4563 919 4607 est
941 4568 1092 4620 opus.
1130 4551 1248 4605 Ideo
1295 4552 1446 4614 dixit,
1493 4550 1770 4614 Exquirite.

211 4650 367 4703 Multa
416 4650 554 4701 enim
598 4656 735 4710 sunt,
788 4660 905 4713 qua:
944 4643 1197 4712 justitiam
1242 4643 1543 4704 obscurent,
1589 4653 1776 4706 nempe

211 4743 379 4803 dona,
416 4739 702 4807 ignorantia
724 4779 737 4799 ,
780 4738 1032 4803 potentia,
1065 4734 1231 4803 pudor
1254 4774 1267 4797 ,
1302 4735 1488 4797 timor,
1524 4747 1775 4800 pcrsona~

213 4846 328 4885 rum
375 4830 576 4890 cultus;
626 4842 687 4880 ac
728 4826 891 4879 multa
938 4839 1073 4891 Opus
1114 4834 1195 4877 cst
1238 4824 1521 4891 vigilantia.
1554 4822 1777 4872 Liberate

212 4936 326 4974 eum
352 4919 438 4987 qui
466 4918 649 4983 injuria
700 4916 927 4983 afﬁcitur.
961 4914 1069 4966 lloc
1096 4913 1264 4979 majus
1306 4922 1385 4964 cst
1428 4912 1599 4979 priore
1634 4925 1774 4963 :non

211 5013 351 5066 enim
376 5010 535 5077 exigit
562 5018 615 5061 ut
636 5007 775 5075 juSIa
816 5006 1187 5068 deccrnantur,
1233 5003 1322 5056 scd
1371 5012 1427 5055 ut
1472 5001 1536 5054 ad
1580 5002 1776 5055 exitum

211 5104 371 5157 etiam
404 5099 769 5169 perducantur.
820 5096 1053 5147 Judicate
1098 5095 1361 5162 pupillum,
1415 5102 1460 5144 et
1503 5093 1780 5161 justiﬁcale

213 5195 431 5246 viduam.
464 5190 673 5243 Multam
707 5186 865 5239 habet
888 5186 1143 5238 rationem
1193 5185 1347 5247 Deus,
1402 5198 1468 5235 ne
1519 5182 1776 5250 quiSpiam

213 5286 349 5339 male
376 5284 632 5353 patiatur;
657 5278 905 5347 majorem
932 5292 1075 5341 vero,
1105 5290 1219 5329 cum
1242 5275 1274 5327 ii
1302 5275 1387 5342 qui
1421 5274 1552 5326 male
1576 5272 1780 5340 patiun-

274 5442 291 5475 Ι
328 5442 385 5490 In
405 5448 580 5496 arm,
618 5448 719 5498 ἳφην
742 5444 807 5493 γὰρ
832 5445 963 5498 nimim,
999 5441 1058 5498 5ft
1095 5440 1189 5498 ὅλας·
1208 5437 1254 5477 δι’
1279 5438 1433 5498 310‘s“;-
1468 5440 1638 5489 προοιμίῳ
1670 5440 1778 5475 τοῦτο

208 5518 406 5564 cm
431 5490 589 5557 Porro,
610 5490 987 5563 jux'La'Boisium,
1014 5490 1389 5564 legendumAest,
1412 5500 1515 5559 βλος.
1535 5501 1636 5558 Pro,

210 5548 451 5623 ei."
609 5548 739 5623 ἔθετο,
767 5562 815 5623 et
837 5557 905 5622 sic
927 5548 1102 5623 sensus
1136 5552 1293 5623 evadit
1314 5550 1497 5605 clarior,
1543 5548 1779 5623 siqua-lein

205 5610 419 5674 (sinesi
440 5610 455 5669 Ξ
481 5610 593 5669 itam
616 5610 739 5669 enim
762 5614 869 5665 dixi
891 5615 1016 5674 quod
1041 5619 1161 5662 totus
1189 5610 1417 5674 Psalmns,
1452 5622 1629 5674 nempe
1655 5614 1777 5655 XLIX

206 5627 321 5674 talis
345 5632 419 5671 est
444 5638 455 5669 :
483 5630 593 5669 Jam
616 5632 739 5669 emm
762 5627 869 5665 am
891 5627 1016 5723 quoa
1041 5627 1161 5662 tatus
1189 5627 1417 5666 t’satmns,
1452 5627 1629 5669 nempe
1658 5627 1777 5655 .\l.l.\

206 5688 271 5736 de
293 5696 550 5757 quosupra
577 5684 761 5730 locutus
784 5685 877 5735 est,
920 5674 1014 5725 mit:
1031 5672 1258 5737 proomu'o
1276 5671 1442 5723 similis
1467 5670 1527 5721 sit
1556 5682 1572 5719 :
1600 5681 1777 5730 nempe

208 5745 441 5806 vrocrmio
464 5745 617 5793 Isaiae.

1861 511 1963 567 tur,
1995 503 2093 561 alia
2122 503 2428 559 circumdati
2456 516 2574 561 sunt
2594 509 2908 564 calamitate.
2950 512 3177 568 viduitas
3196 520 3333 568 enim
3360 528 3416 571 et

1860 595 2123 663 pupillaris
2160 604 2285 648 actas
2312 611 2407 665 per
2434 612 2490 650 se
2518 608 2638 651 sunt
2660 600 3011 654 intolerabiles
3041 620 3053 657 :
3087 617 3203 657 eum
3233 606 3416 653 autem

1859 690 1924 737 ab
1950 687 2064 738 aliis
2092 687 2283 740 damno
2308 688 2638 751 afficiuntur,
2689 700 2811 743 tunc
2855 692 3044 758 duplex
3082 702 3165 748 est
3205 696 3418 747 naufra-

1859 778 2019 845 gium.
2056 778 2138 831 18.
2172 778 2236 829 Et
2276 780 2462 842 venite,
2513 791 2560 831 et
2599 780 2941 846 disceptemus,
2993 783 3108 834 dicit
3152 782 3411 836 Dominus.

1860 868 2251 921 Observandum
2283 880 2361 923 est
2392 869 2581 937 ubique
2605 870 2737 938 apud
2775 871 3055 936 prephetas
3084 871 3209 925 nihil
3255 873 3415 925 Deum

1862 963 1929 1015 ita
1953 964 2239 1027 requirere.
2272 970 2505 1030 quarunt
2539 962 2723 1027 injuria
2760 961 2925 1013 affecti
2957 962 3300 1018 vindicentur.
3332 964 3415 1017 Sir

1861 1062 1913 1104 et
1965 1050 2120 1110 alibi,
2171 1059 2227 1102 ut
2274 1051 2408 1116 apud
2464 1050 2731 1102 Michaeam
2757 1050 3051 1103 dicentibus
3090 1051 3282 1106 Judteis
3314 1069 3327 1104 :
3360 1054 3417 1107 Si

1862 1139 1989 1191 dabo
2015 1140 2338 1207 primogenita
2369 1154 2475 1189 mea
2502 1155 2590 1205 pro
2632 1140 2878 1204 impietate
2902 1157 3028 1204 mea,
3057 1144 3267 1210 fructum
3294 1146 3420 1195 uteri

1862 1230 1956 1282 mei
1982 1245 2073 1297 pro
2094 1238 2292 1294 peccato
2316 1229 2494 1280 anima:
2523 1244 2643 1279 mete
2664 1227 2838 1295 (Mich.
2866 1229 2916 1281 6.
2940 1230 2990 1281 7.
3017 1231 3094 1299 8),
3118 1231 3413 1299 subjunxit:

1863 1320 2177 1373 Amtuntiabo
2206 1320 2309 1382 tibi,
2340 1320 2503 1381 homo,
2530 1320 2646 1385 quid
2666 1320 2728 1370 sit
2752 1319 2948 1381 bonum,
2972 1332 3016 1373 et
3040 1324 3156 1390 quid
3180 1323 3418 1375 Dominus

1863 1413 2078 1481 requirat
2113 1428 2143 1461 a
2173 1421 2235 1471 te,
2267 1411 2361 1462 nisi
2389 1420 2441 1460 ut
2468 1410 2624 1478 facias
2640 1410 2907 1477 judicium,
2939 1421 2986 1462 et
3020 1413 3197 1481 diligas
3224 1415 3415 1466 miseri-

1863 1501 2105 1562 cordiam,
2132 1510 2177 1551 et
2204 1508 2408 1567 paratus
2435 1504 2501 1549 sis
2528 1498 2592 1549 ad
2615 1498 2970 1549 ambulandum
3000 1511 3108 1567 post
3149 1500 3416 1553 Dominum

1864 1591 2024 1644 Deum
2044 1600 2201 1641 tuum.
2231 1592 2305 1642 Ae
2334 1605 2514 1642 rursus
2564 1588 2811 1657 propheta
2847 1590 3003 1642 David
3049 1590 3251 1643 dicebat
3279 1608 3290 1641 :
3319 1590 3418 1642 Mi-

1862 1682 2180 1734 sericordiam
2216 1692 2258 1732 et
2295 1680 2542 1748 judicium
2586 1678 2790 1731 cantabo
2844 1681 2948 1741 tibi,
3005 1679 3213 1732 Domine
3240 1680 3414 1751 (Psal.

1866 1775 1985 1827 100.
2028 1775 2108 1841 l).
2144 1772 2208 1824 Et
2240 1773 2413 1823 venite.
2446 1772 2721 1838 Postquam
2766 1770 3224 1835 justilicationihus
3276 1786 3419 1824 com-

1867 1866 2105 1927 munivit,
2132 1874 2250 1916 tunc
2297 1862 2360 1915 ad
2391 1862 2613 1914 tribunal
2644 1860 2798 1912 trahit
2828 1878 2841 1913 :
2871 1870 2920 1912 et
2947 1870 3215 1928 postquam
3244 1862 3420 1914 docuit

1864 1956 2125 2026 quomodo
2154 1955 2370 2007 crimina
2395 1962 2606 2016 exuant,
2642 1959 2761 2004 tunc
2808 1953 3034 2003 rationes
3067 1953 3322 2017 exposuit,
3355 1967 3419 2005 ne

1867 2048 1981 2100 illus
2011 2045 2313 2098 defensioue
2356 2044 2630 2096 destitutos
2671 2042 3058 2108 reprehendens
3086 2041 3416 2095 condemnet.

1870 2138 1931 2190 Et
1959 2137 2301 2203 disceptemus.
2342 2135 2544 2187 Judicio
2570 2133 2960 2195 contendamus,
3000 2133 3070 2183 ait
3098 2134 3132 2183 ‘.
3157 2132 3254 2199 Qui
3277 2133 3418 2200 judi-

1864 2229 1946 2281 cio
1966 2226 2231 2280 contendit
2274 2226 2330 2276 lit
2360 2234 2607 2291 patronus
2651 2232 2702 2275 ct
2749 2222 2999 2274 medicus.
3057 2222 3251 2275 Deinde
3300 2236 3419 2275 cum

1866 2318 2187 2372 declarasset
2216 2329 2311 2367 nos
2338 2315 2540 2368 etiamsi
2584 2328 2765 2381 magna
2797 2326 2954 2378 opera
3001 2311 3295 2374 fecerimus,
3324 2312 3412 2363 ad-

1868 2410 1967 2461 huc
1993 2408 2105 2474 ejus
2134 2405 2408 2459 clementia
2435 2418 2566 2470 opus
2589 2402 2801 2465 habere,
2835 2412 2890 2453 ut
2939 2415 2968 2452 a
3018 2400 3241 2467 peccatis
3292 2400 3365 2452 lib
3384 2420 3421 2438 ι-

1868 2512 2062 2557 remur,
2094 2496 2166 2546 ait
2197 2512 2209 2545 :
2241 2495 2299 2547 Si
2330 2494 2510 2561 fuerint
2551 2501 2749 2560 peccata
2776 2500 2931 2542 vestra
2960 2490 3082 2541 sicut
3109 2490 3418 2550 vermiculus,

1866 2587 2007 2656 quasi
2028 2585 2183 2637 nivem
2219 2582 2457 2635 dealbabo
2485 2596 2501 2633 :
2526 2596 2588 2633 ex
2619 2581 2876 2632 diametro
2902 2579 3166 2647 Oppositus
3198 2577 3420 2646 qualita-

1869 2688 1947 2732 tes
1972 2690 2261 2737 assumens,
2308 2673 2668 2741 pollicitusque
2702 2685 2759 2723 se
2787 2671 2836 2721 in
2863 2669 3185 2721 contrarium
3230 2668 3276 2719 id
3311 2685 3423 2717 littl-

1869 2777 2111 2821 talurum.
2144 2766 2203 2818 Si
2235 2774 2397 2816 autem
2422 2774 2472 2815 ut
2514 2761 2784 2823 coccinum,
2807 2760 2946 2827 quasi
2974 2760 3139 2810 lanam
3164 2758 3419 2809 dealbabo.

1869 2859 2050 2925 Magna
2096 2856 2174 2908 vis
2228 2852 2451 2921 prtcsidii
2506 2864 2627 2917 erga
2676 2850 2855 2899 viduas
2884 2846 3117 2903 exhibiti.
3167 2846 3420 2912 siquidem

1868 2950 2094 3004 animant
2123 2948 2187 2999 ita
2214 2944 2499 3000 sordidam,
2544 2950 2597 2993 ut
2637 2938 2880 3006 nequitiae
2910 2938 3183 2991 tincturam
3212 2951 3426 3003 προυνν-

1870 3043 1957 3105 rit,
1990 3056 2093 3094 non
2121 3040 2278 3091 modo
2310 3038 2489 3089 liberat
2520 3049 2546 3085 a
2574 3032 2787 3093 malitia,
2831 3029 2922 3083 sed
2961 3030 3114 3082 etiam
3160 3030 3224 3080 ita
3251 3029 3428 3096 splen-

1870 3133 2043 3187 didam
2082 3133 2255 3184 efficit.
2290 3130 2370 3183 l9.
2406 3128 2467 3179 Et
2510 3128 2552 3179 si
2595 3124 2873 3184 volueritis,
2903 3131 2947 3174 et
2975 3120 3290 3173 exaudizritis
3327 3136 3425 3180 me,

1872 3227 1999 3279 bona
2050 3237 2195 3276 terra:
2237 3219 2517 3273 comedetis.
2551 3216 2639 3267 ΞΟ.
2698 3214 2757 3267 Si
2803 3222 2969 3263 autem
3023 3210 3295 3271 nolueritis,
3342 3226 3428 3260 nec

1872 3315 2188 3370 exaudieritis
2209 3328 2303 3373 me,
2335 3310 2531 3379 gladius
2552 3304 2800 3357 devorabit
2829 3318 2931 3354 vos.
2967 3301 3035 3352 0s
3060 3300 3187 3351 enim
3228 3298 3430 3350 Domini

1874 3410 2132 3473 loquutum
2182 3414 2251 3455 est
2284 3405 2404 3454 lucc.
2452 3400 2581 3465 Quia
2636 3399 2772 3450 enim
2823 3390 3164 3446 crassiorihus
3209 3406 3308 3441 non
3362 3391 3429 3441 ita

1873 3497 2100 3566 oputbile
2126 3504 2174 3547 et
2198 3492 2485 3561 jucundum
2513 3489 2714 3541 videtur
2734 3484 2941 3539 liberari
2964 3498 2991 3535 a
3021 3481 3429 3548 peccatisquam

1874 3588 1937 3641 iis
1959 3586 2055 3639 frui
2102 3585 2271 3645 bouis,
2304 3597 2419 3649 qua:
2456 3580 2506 3631 in
2551 3576 2792 3646 prmsenti
2824 3574 2923 3625 vita
2954 3571 3073 3624 talia
3100 3584 3216 3623 esse
3246 3568 3431 3619 viden-

1875 3687 1989 3739 tur,
2023 3690 2139 3728 eum
2173 3673 2273 3724 illis
2304 3670 2415 3722 lucc
2446 3669 2602 3720 etiam
2648 3662 2897 3733 promittit
2925 3680 2938 3713 :
2968 3674 3083 3711 nam
3116 3660 3211 3710 hoc
3253 3671 3315 3709 ex
3345 3655 3432 3706 illo

1874 3765 2085 3835 pendet.

1945 3859 1993 3910 7.
2041 3853 2233 3908 Deinde
2262 3850 2545 3905 ostendens
2572 3861 2725 3914 quam
2754 3843 2918 3895 facilis
2941 3842 3007 3894 sit
3037 3842 3196 3891 virtus
3221 3880 3237 3901 ,
3259 3838 3309 3890 in
3341 3851 3435 3887 vo-

1876 3947 2075 3999 luntate
2100 3952 2299 3995 tantum
2334 3941 2470 3991 illatn
2503 3936 2666 4005 penit.
2702 3933 2765 3986 Ut
2794 3949 2858 3984 ne
2882 3941 3053 3981 autem
3087 3945 3147 3981 ex
3178 3930 3432 3979 bonorum

1876 4032 2375 4091 commemoratione
2402 4028 2605 4080 animus
2640 4024 2889 4081 solveret,
2920 4034 3097 4073 rursus
3138 4019 3186 4070 in
3221 4016 3430 4071 terribi-

1877 4128 2012 4183 libus
2034 4136 2329 4178 sermonem
2358 4115 2679 4172 concludens
2699 4153 2711 4171 .
2742 4113 2897 4163 fidem
2930 4109 3052 4162 facit
3082 4109 3191 4175 ejus
3219 4106 3389 4159 virtuti
3418 4148 3431 4169 ,

1878 4218 1963 4286 qui
2006 4216 2119 4267 lucc
2163 4207 2532 4281 pronuntiavit.
2581 4203 2670 4257 2|.
2717 4199 2976 4267 Quomodo
3015 4203 3143 4267 facta
3176 4206 3246 4249 est
3281 4210 3437 4247 mere-

1880 4312 1979 4363 trix
2007 4308 2177 4359 civitas
2203 4303 2364 4371 ﬁdelis
2393 4298 2559 4354 Sion?
2586 4293 2891 4361 Hujusmodi
2933 4290 3152 4358 qumstio
3178 4297 3230 4340 et
3255 4286 3435 4338 dicen-

1880 4401 1945 4454 tis
1974 4397 2234 4458 dolorem,
2258 4402 2311 4446 et
2346 4394 2610 4459 ingentem
2638 4384 2937 4439 Judmorum
2966 4378 3318 4446 stupiditatem
3340 4374 3433 4426 de-

1878 4493 2058 4550 clarat,
2078 4500 2291 4555 remque
2317 4494 2507 4551 praeter
2530 4493 2675 4545 spem
2705 4474 2956 4527 accidisse
2985 4470 3167 4522 itntuit.
3189 4467 3439 4521 Similiter

1880 4581 2072 4636 Paulus
2095 4579 2231 4630 circa
2260 4566 2473 4626 Galatas
2498 4568 2687 4619 dubius
2716 4561 2970 4629 exquirit:
3002 4559 3156 4609 Miror
3184 4557 3313 4622 quod
3340 4566 3439 4607 tam

1880 4673 1975 4723 cito
2000 4662 2352 4733 transferimini
2384 4657 2588 4729 (Galat.
2623 4655 2671 4707 i.
2702 4652 2769 4719 6)
2797 4669 2809 4704 :
2844 4650 2892 4702 id
2918 4648 3053 4717 quod
3084 4646 3356 4700 accusandi
3388 4657 3441 4695 et

1884 4757 2121 4813 hortandi
2164 4752 2365 4821 species
2394 4756 2474 4801 est
2513 4754 2569 4797 ut
2595 4744 2657 4797 ad
2686 4742 2931 4795 virtutem
2961 4745 3195 4791 revocet.
3226 4734 3437 4787 Etiamsi

1882 4850 2020 4902 enim
2052 4848 2240 4898 mirum
2262 4850 2345 4895 est
2364 4840 2413 4893 id
2435 4836 2573 4907 quod
2600 4836 2810 4897 dicitur,
2840 4831 2992 4884 laude
3016 4840 3188 4881 tamen
3221 4826 3437 4878 mixtum

1883 4948 1982 5001 est,
2016 4938 2089 4989 sic
2119 4932 2506 4987 accusationem
2537 4924 2871 4979 accusatione
2906 4920 3195 4987 graviorem
3224 4917 3437 4968 iaciens.

1883 5028 1995 5081 Non
2024 5027 2160 5080 enim
2192 5026 2259 5077 ita
2289 5022 2609 5089 exagitamus
2640 5028 2732 5067 eos
2760 5014 2845 5081 qui
2876 5010 3069 5062 nullius
3100 5016 3220 5059 sunt
3268 5007 3441 5075 pretii,

1884 5119 2143 5186 vitamque
2172 5118 2355 5183 ignave
2386 5118 2563 5179 agunt,
2600 5116 2655 5161 ut
2694 5119 2785 5158 cos
2809 5102 2894 5173 qui
2924 5103 3063 5170 prius
3095 5101 3297 5152 virtutis
3324 5109 3435 5151 stu-

1885 5211 2017 5264 diosi
2064 5207 2392 5265 videbantur,
2443 5211 2495 5255 et
2548 5197 2903 5267 improborum
2950 5193 3195 5259 deiuCeps
3238 5206 3437 5243 morem

1885 5300 2088 5370 sequuti
2116 5306 2254 5351 sunt.
2288 5293 2613 5349 Meretricem
2639 5299 2814 5343 autem
2838 5288 2919 5340 hic
2942 5295 3110 5351 vocat,
3136 5301 3239 5339 non
3260 5299 3445 5352 corpo-

1938 5541 1953 5568 t
1981 5535 2033 5581 Ῑη
2074 5534 2194 5586 Reg.
2221 5532 2329 5587 post.
2361 5535 2511 5587 graeca
2530 5518 2691 5587 verba.
2717 5516 3035 5587 διιᾳσώμεθα,
3060 5512 3213 5586 φῃσίνε
3246 5507 3377 5587 addit
3395 5521 3413 5587 Δε

1874 5600 1965 5646 Καὶ
1984 5573 2077 5641 ’ἕξιν
2120 5573 2234 5637 dimi
2272 5573 2401 5645 opai;
2432 5586 2477 5647 ai
2521 5578 2761 5647 ᾴμαρτίαι,
2800 5578 2861 5645 ᾡς
2896 5573 3264 5647 ΞοινιῖιοξινἎὼς.
3287 5573 3420 5647 χιόνοξ

2122 5632 2312 5697 iam;
2335 5657 2424 5690 nec
2452 5641 2500 5689 in
2525 5632 2674 5704 S'avil.
2704 5636 2866 5704 ne_c__in
2896 5632 3065 5683 Morel.
3092 5632 3348 5689 habentur,
3370 5634 3423 5676 et

1876 5698 2231 5778 supervacanea
2258 5710 2335 5756 hic
2360 5715 2471 5754 esse
2492 5715 2551 5750 ex
2574 5699 2704 5750 serie
2731 5698 2975 5747 videntur.
