4058 6216
651 403 728 458 23
1392 386 1448 443 S.
1487 383 1763 441 JOANNIS
1799 371 2271 436 CHRYSOSTOMI
2307 372 2625 430 ARCHIEP.
2664 375 3189 433 CONSTANTINOP.
3504 400 3507 404 ·
3785 393 3852 445 24

644 520 788 561 ream
811 505 1150 561 subindicans
1175 503 1462 566 lasciviam,
1480 501 1573 555 sed
1604 500 1860 568 ingratum
1890 510 2011 564 erga
2041 495 2204 550 Deum

648 595 901 659 animum,
933 610 1051 663 qua:
1083 594 1363 647 fornicatlo
1389 593 1598 661 gravior
1634 600 1714 644 est
1757 590 1862 643 illa.
1918 589 2025 642 Illic
2066 587 2207 641 enim

649 682 808 737 homo
845 683 1161 736 contumelia
1191 681 1437 747 afficitur,
1471 681 1556 734 hic
1583 680 1724 733 Deus
1752 677 2117 733 contemnitur.
2153 674 2206 728 ιιι

648 783 823 825 autem
867 780 920 825 et
967 772 1053 826 hic
1101 781 1154 830 et
1184 771 1272 824 alii
1302 785 1488 825 omnes
1526 768 1794 838 propheta:
1832 767 2022 823 faciunt
2050 765 2206 834 :quia

657 859 794 915 Inus
823 861 994 914 mariti
1027 861 1142 914 loco
1183 858 1304 914 huic
1347 858 1543 912 civitati
1596 856 1837 926 dignatus
1879 863 1960 909 est
2005 852 2204 916 haberi,

651 949 967 1005 ineffabilem
1020 964 1167 1004 suam
1219 963 1342 1018 erga
1398 949 1516 1001 illos
1561 947 1892 1001 dilectionem
1939 959 2208 999 common-

650 1051 862 1093 strans:
895 1039 1075 1107 illique
1101 1048 1156 1092 ut
1180 1039 1246 1092 de
1272 1039 1383 1092 viro
1411 1047 1464 1091 et
1493 1052 1656 1091 uxore
1676 1051 1816 1105 saepe
1837 1036 2204 1103 loquebantur,

652 1144 756 1184 non
784 1137 839 1182 ut
865 1129 915 1182 in
959 1128 1240 1182 humanam
1273 1127 1564 1182 crassitiem
1602 1140 1901 1180 sermonem
1941 1125 2206 1194 deprime-

649 1226 790 1282 rent,
819 1217 913 1272 sed
942 1224 999 1271 ut
1032 1217 1148 1271 illos
1187 1231 1280 1285 per
1308 1230 1392 1270 res
1421 1215 1521 1270 sibi
1550 1214 1835 1269 familiares
1859 1213 1923 1266 ad
1953 1213 2210 1283 cognitio-

651 1321 771 1362 nem
798 1307 995 1361 amoris
1038 1307 1129 1362 Dei
1158 1305 1478 1361 deducerent
1504 1321 1519 1370 ;
1548 1305 1701 1359 simul
1723 1319 1849 1360 vero
1873 1303 2207 1373 turpitudinis

643 1397 996 1467 appellatione
1025 1397 1141 1452 illos
1163 1397 1428 1452 incessere
1448 1395 1710 1451 volebant.
1739 1395 1968 1460 Fidelis;
1999 1394 2098 1449 hoc
2126 1404 2207 1449 est

647 1487 753 1554 pia,
779 1494 832 1542 et
851 1488 992 1541 omni
1017 1487 1206 1542 virtute
1231 1486 1407 1557 plena,
1435 1485 1575 1542 unde
1603 1486 1762 1542 etiam
1791 1487 1962 1555 palam
1984 1496 2065 1541 est
2085 1500 2206 1541 eum

648 1591 754 1632 non
793 1577 859 1634 de
889 1578 1230 1633 fornicatione
1273 1592 1526 1648 corporea
1560 1578 1744 1648 loqui;
1775 1578 1903 1633 alias
1949 1579 2088 1632 enim
2127 1579 2209 1631 di-

645 1670 831 1736 xisset,
858 1669 1053 1725 Civitas
1079 1679 1255 1735 casta;
1286 1669 1338 1723 id
1365 1669 1508 1724 enim
1536 1669 1719 1724 fuisset
1741 1671 2003 1725 meretrici
2040 1684 2206 1740 oppo-

650 1759 852 1813 situm:
881 1775 1021 1816 nunc
1063 1773 1237 1816 autem
1279 1761 1564 1816 ostendens
1603 1775 1660 1816 se
1686 1776 1779 1829 per
1807 1761 2204 1816 fornicationem

646 1849 978 1904 subindicare
1022 1851 1362 1919 impietatem,
1397 1850 1551 1905 fidem
1589 1850 1687 1919 ipsi
1726 1849 2082 1906 adversariam
2109 1866 2205 1921 po-

646 1939 768 1992 suit.
818 1938 981 1993 Plena
1016 1940 1236 2009 judicii;
1277 1941 1330 1995 id
1377 1949 1478 2005 est,
1529 1942 1682 2008 plena
1726 1942 1961 2010 justitize.
2006 1943 2207 1997 Rursus

649 2027 933 2080 maximum
959 2028 1180 2095 crimen,
1210 2045 1314 2083 non
1336 2030 1474 2098 quod
1504 2031 1568 2084 ad
1597 2031 1896 2085 universam
1923 2032 2205 2100 nequitiam

650 2112 1002 2178 defecissent,
1050 2117 1142 2170 sed
1177 2119 1317 2186 quod
1351 2119 1644 2173 universam
1670 2119 1916 2173 virtutem
1947 2121 2205 2188 prodidis-

650 2211 786 2264 sent,
809 2212 862 2258 et
885 2220 1068 2260 omnes
1093 2206 1349 2262 bonorum
1379 2207 1586 2262 divitias
1605 2207 1882 2263 confertim
1906 2224 1936 2264 e
1966 2211 2207 2264 manibus

650 2292 982 2360 abjecissent,
1023 2297 1086 2349 ad
1126 2307 1414 2352 extremam
1442 2300 1699 2352 malorum
1729 2309 2088 2368 paupertatem
2117 2302 2209 2356 dc-

650 2382 794 2450 jecti.
819 2383 884 2438 In
917 2401 1014 2453 qua
1049 2387 1248 2455 justitia
1285 2388 1518 2456 requievit
1561 2391 1614 2442 in
1656 2406 1735 2443 ea.
1773 2389 1977 2454 Mansit,
2019 2392 2203 2458 inquit,

652 2471 921 2539 habitavit,
962 2475 1014 2529 id
1060 2484 1160 2541 est,
1210 2477 1440 2544 plantata
1482 2485 1582 2543 est,
1622 2480 1824 2534 radices
1861 2483 2059 2550 posuit,
2088 2497 2206 2536 cum

651 2561 919 2619 alacritate
960 2565 1026 2620 ab
1061 2566 1302 2620 omnibus
1339 2567 1541 2621 civibus
1583 2570 1943 2624 exercebatur.
1978 2571 2031 2625 ln
2065 2574 2205 2640 prio-

653 2653 794 2708 ribus
815 2655 1052 2710 laudibus
1072 2657 1398 2720 immoratur,
1413 2659 1569 2712 simul
1600 2674 1795 2727 augens
1821 2664 2206 2716 accusationem

651 2743 720 2797 de
739 2746 1042 2810 mutatione,
1062 2754 1114 2800 et
1129 2746 1317 2800 bonam
1335 2762 1480 2815 spem
1501 2747 1805 2816 subjiciens,
1819 2753 2209 2821 ostendensque

653 2830 807 2886 facile
832 2833 974 2901 ipsos
999 2848 1152 2902 posse
1181 2835 1233 2888 in
1264 2836 1543 2905 pristinum
1575 2845 1768 2892 statum
1801 2841 2024 2895 restitui.
2058 2842 2210 2897 Nunc

652 2932 817 2976 autem
841 2924 1194 2992 interfectores.
1225 2925 1510 2980 Homicida:
1533 2969 1548 2991 ,
1579 2927 1669 2982 ait.
1698 2927 1786 2981 ‘22.
1820 2930 2092 3000 Argentum
2125 2949 2207 2986 ve-

653 3019 813 3065 strum
847 3013 1127 3081 reprobum.
1156 3014 1210 3067 ld
1240 3023 1339 3080 est,
1367 3016 1502 3069 male
1527 3016 1787 3085 signatum
1807 3057 1821 3080 ,
1845 3019 2168 3088 illegitimum
2189 3063 2204 3087 ,

655 3102 863 3157 falsum.
893 3103 1153 3174 Caupones
1187 3107 1257 3158 tui
1280 3107 1483 3160 miscent
1508 3107 1674 3159 vinum
1700 3123 1849 3177 aqua.
1881 3108 2011 3175 Quia
2041 3110 2092 3165 in
2117 3127 2210 3166 ex-

653 3193 804 3246 ordio
827 3209 1008 3249 eorum
1039 3195 1324 3264 nequitiam
1357 3210 1460 3249 non
1493 3197 1760 3264 speciatim
1785 3200 2083 3266 recensuit;
2115 3201 2208 3255 sed

653 3282 729 3335 ait
753 3282 869 3338 illos
894 3282 1273 3352 contempsisse
1293 3324 1308 3348 ,
1340 3300 1520 3340 semen
1559 3286 1856 3353 improbum
1881 3302 2001 3343 esse
2022 3329 2037 3353 ,
2069 3297 2122 3343 et
2150 3290 2210 3343 ﬁ-

653 3373 752 3427 lios
789 3373 1024 3442 iniquos,
1060 3373 1195 3441 quod
1222 3375 1513 3430 convicium
1539 3376 1811 3430 videbatur
1848 3392 1966 3432 esse
2002 3381 2172 3448 potius

653 3479 808 3532 quam
848 3466 1156 3519 accusatio:
1197 3465 1283 3520 hic
1325 3468 1685 3522 accusationes
1731 3469 2002 3537 speciatim
2046 3486 2209 3524 enun-

655 3553 777 3619 tiat,
803 3564 856 3608 et
893 3554 1061 3622 primo
1080 3595 1094 3620 ,
1127 3555 1265 3624 quod
1298 3564 1378 3610 est
1405 3564 1458 3608 et
1486 3556 1708 3624 primum
1733 3558 1989 3613 malorum
2015 3568 2067 3614 et
2096 3576 2210 3615 me-

654 3644 798 3698 dium
825 3653 878 3699 et
897 3654 1188 3700 extremum
1210 3686 1225 3712 ,
1256 3647 1526 3701 avaritiam
1549 3688 1561 3710 ,
1593 3656 1647 3703 et
1674 3649 1811 3703 circa
1844 3659 1991 3718 pacta
2018 3666 2211 3719 caupo-

655 3736 853 3788 nariam
879 3744 1064 3789 artem.
1093 3735 1162 3790 At
1184 3736 1393 3802 quidam
1426 3737 1738 3791 ineffabilem
1765 3738 1857 3792 Dei
1898 3741 2206 3808 sapientiam

657 3839 760 3877 non
795 3825 1161 3890 intelligentes,
1205 3824 1304 3879 hoc
1328 3841 1421 3893 per
1450 3840 1719 3895 anagogen
1754 3827 1950 3882 dictum
1992 3844 2210 3898 accepe-

654 3923 795 3969 runt.
844 3914 1023 3985 Neque
1067 3917 1230 3976 enim.
1281 3917 1444 3981 aiunt,
1491 3932 1709 3986 magnus
1744 3919 1831 3972 ille
1879 3927 1932 3973 et
1971 3920 2210 3975 sublimis

655 4002 814 4057 Isaias
829 4004 894 4059 de
916 4004 1378 4060 nummulariorum
1395 4003 1620 4071 vafritie,
1635 4018 1684 4061 et
1702 4011 1766 4060 de
1786 4022 2077 4076 cauponum
2094 4026 2212 4064 cor-

655 4092 856 4159 ruptela
881 4093 1121 4161 loquutus
1148 4093 1330 4147 fuisset
1359 4112 1372 4146 :
1413 4093 1506 4147 sed
1533 4104 1809 4163 argentum
1842 4096 1924 4150 hic
1945 4098 2074 4152 dicit
2100 4099 2211 4152 elo-

655 4181 777 4247 quia
806 4180 896 4233 Dei
922 4219 935 4237 .
965 4190 1015 4233 et
1044 4181 1221 4235 vinum
1250 4181 1542 4236 doctrinam
1567 4223 1582 4247 ,
1622 4199 1778 4251 quam
1824 4187 2210 4253 permiscebant

654 4284 778 4324 suas
815 4270 1067 4325 addentes
1092 4272 1412 4340 disciplinas.
1449 4273 1560 4342 Ego
1587 4291 1715 4330 vero
1743 4275 1878 4331 hanc
1898 4281 2208 4348 explicatio-

655 4374 774 4413 nem
820 4374 924 4413 non
972 4361 1246 4428 improbo,
1277 4361 1370 4415 sed
1411 4364 1564 4416 aliam
1609 4366 1868 4419 veriorem
1911 4383 2027 4423 esse
2067 4370 2206 4425 dico.

653 4447 766 4502 Non
795 4449 953 4502 modo
977 4450 1115 4504 enim
1144 4465 1246 4504 non
1278 4450 1546 4521 indignum
1571 4454 1829 4522 propheta
1851 4465 1904 4508 et
1931 4456 1995 4509 de
2021 4460 2210 4513 talibus

658 4538 820 4607 loqui,
850 4539 940 4592 sed
968 4539 1118 4594 valde
1139 4540 1351 4609 dignum
1381 4550 1433 4595 et
1463 4542 1550 4595 illo
1577 4551 1634 4597 et
1665 4543 1759 4598 Dei
1786 4545 2126 4614 benignitate.
2147 4549 2211 4603 Et

651 4628 778 4697 quid
821 4642 953 4696 opus
992 4638 1076 4682 est
1118 4630 1277 4682 multa
1316 4630 1492 4686 dicere
1517 4631 1540 4683 2
1569 4631 1700 4686 Cum
1744 4634 1884 4687 enim
1911 4636 2211 4703 unigenitus

656 4720 746 4772 Dei
771 4718 932 4772 Filius
958 4718 1233 4773 sublimem
1254 4719 1479 4774 afl‘erens
1498 4722 1786 4777 doctrinam
1810 4725 2039 4792 advenit,
2063 4742 2212 4780 cum—

652 4823 754 4877 que
779 4809 1068 4877 angelicum
1093 4807 1215 4862 vita:
1253 4808 1547 4862 institutum
1587 4811 2022 4868 disseminatnrus
2044 4825 2206 4880 esset,

654 4911 757 4948 non
803 4911 964 4964 pauca
1012 4905 1064 4950 et
1092 4898 1201 4964 ipse
1243 4896 1310 4951 de
1355 4898 1619 4952 mensuris
1655 4900 1918 4964 disseruit,
1953 4905 2120 4973 deque
2148 4907 2210 4959 iis

653 5001 771 5050 qua:
812 4987 996 5040 viliora
1047 4987 1361 5042 videbantur
1395 5004 1535 5054 esse,
1581 4990 1648 5044 de
1695 4993 2113 5059 salutationibus,
2143 4999 2210 5051 de

653 5076 826 5129 medio
876 5077 991 5131 loco
1028 5078 1122 5146 (α),
1169 5079 1235 5133 de
1284 5081 1454 5148 primo
1497 5082 1758 5136 accubitu.
1797 5083 1925 5138 Nam
1955 5086 2066 5142 haec
2093 5104 2210 5156 qua:

652 5168 836 5236 exigua
871 5169 1117 5222 videntur
1139 5187 1274 5234 esse,
1309 5174 1351 5225 si
1394 5175 1739 5243 negligantur,
1769 5180 1938 5246 magni
1971 5191 2212 5248 peccato-

654 5271 768 5310 rtnn
803 5257 1007 5313 fomites
1043 5266 1181 5314 snnI.
1214 5261 1363 5327 Quod
1393 5264 1435 5315 si
1480 5264 1530 5316 in
1562 5265 1706 5318 Novo
1736 5266 2070 5322 Testamento
2099 5271 2211 5324 luce

714 5389 786 5449 (α)
820 5388 872 5437 lu
892 5397 1064 5445 arcem,
1089 5412 1286 5451 μισασμειν.
1310 5401 1418 5442 mre
1440 5403 1575 5442 recte
1601 5405 1729 5444 notat
1753 5400 1946 5448 Savilius
1967 5401 2054 5448 hoc
2071 5401 2171 5449 loco
2195 5417 2206 5450 :

660 5465 902 5518 «mgni.
925 5451 1102 5518 medios
1125 5454 1330 5518 incessus
1368 5455 1640 5518 signiﬁcat;
1670 5459 1750 5518 qui
1800 5459 1928 5507 locus
1973 5471 2045 5508 est
2087 5464 2209 5509 inter

652 5508 986 5577 ambulandum
1012 5508 1437 5577 1ξοιιοιπιζὶδείιιηιδξ
1458 5517 1568 5563 inde
1598 5508 1710 5564 illud
1742 5519 2041 5577 ilttpt-l‘illOl‘is
2064 5523 2118 5568 ad
2155 5508 2210 5569 Ir-

654 5569 842 5616 berttun
865 5583 1002 5617 suum
1029 5574 1153 5620 inter
1177 5573 1295 5621 duos
1317 5583 1568 5623 senatores
1608 5569 1819 5625 tnetlitnn'
1847 5581 2169 5630 ambulantem
2195 5597 2206 5629 :

656 5640 812 5734 grown
834 5637 878 5737 te
902 5631 1044 5722 pagtrt
1065 5631 1188 5682 inter
1209 5647 1286 5682 eos
1316 5635 1521 5684 medium
1554 5637 1791 5692 incedere,
1817 5652 2016 5701 quorum
2052 5656 2212 5692 semis

683 5702 755 5736 sse
770 5702 831 5737 po
849 5703 942 5737 eris
962 5727 974 5737 .
1007 5708 1028 5734 1

683 5702 755 5736 sse
769 5702 942 5750 poteris
962 5702 986 5740 ζ’
1007 5708 1028 5734 ι

2315 484 2586 557 dirigenda
2613 498 2784 554 erant,
2815 490 2982 545 multo
3011 493 3178 560 magis
3206 492 3256 546 in
3280 492 3480 560 Veteri,
3505 495 3718 566 quando
3736 511 3884 551 cras-

2312 579 2482 632 siores
2510 581 2779 634 auditores
2808 589 2983 647 erant,
3010 591 3065 637 et
3094 591 3200 638 tota
3222 584 3431 638 illorum
3454 587 3574 641 vitae
3594 589 3730 643 ratio
3753 590 3884 647 hinc

2315 668 2612 737 regebatur,
2635 683 2753 722 cum
2777 671 3001 738 populus
3029 672 3113 726 his
3137 674 3306 742 magis
3325 673 3647 741 erudiretur,
3670 687 3726 731 ut
3754 694 3885 746 pro-

2311 759 2396 810 cul
2417 759 2562 811 omni
2593 759 2824 826 nequitia
2854 769 3017 827 esset,
3043 770 3098 816 et
3125 764 3178 817 in
3223 763 3370 818 nullo
3405 766 3700 833 proximum
3733 763 3879 818 frau-

2312 846 2482 909 daret,
2518 862 2690 916 neque
2726 864 2820 917 per
2857 851 3048 905 malam
3077 852 3219 906 illam
3265 856 3636 923 cauponariam
3677 871 3879 925 paupe-

2313 936 2480 998 tiores
2501 940 2842 1006 opprimeret.

2383 1025 2434 1079 8.
2465 1025 2556 1080 His
2594 1043 2820 1097 namque
2862 1029 3115 1100 neglectis
3159 1046 3299 1102 saepe
3326 1035 3563 1091 civitates
3589 1040 3880 1103 subversae,

2312 1124 2366 1168 et
2395 1116 2657 1185 principes
2683 1117 2751 1172 de
2776 1119 2910 1172 solio
2933 1120 3194 1176 deturbati
3216 1133 3357 1190 sunt,
3380 1125 3619 1194 bellaque
3648 1128 3885 1196 inexpia-

2315 1203 2437 1258 bilia
2487 1207 2735 1260 suscitata
2779 1224 2792 1261 :
2829 1210 3273 1277 quemadmodum
3314 1213 3397 1268 bis
3436 1216 3726 1272 observatis
3775 1236 3877 1288 pax

2315 1295 2476 1350 multa
2503 1306 2556 1352 et
2585 1299 2934 1368 tranquillitas
2962 1300 3078 1366 fuit,
3106 1317 3310 1359 necnon
3339 1307 3594 1363 securitas
3619 1309 3686 1364 ad
3715 1311 3882 1364 virtu-

2313 1394 2420 1442 tem
2463 1388 2749 1445 deducens.
2792 1389 2882 1445 23.
2917 1390 3180 1463 Principes
3223 1397 3296 1448 tui
3335 1396 3704 1468 inobsequentes
3739 1413 3878 1457 sunt.

2312 1477 2551 1534 Maxima:
2615 1481 2940 1551 aegritudinis
2983 1491 3038 1538 et
3088 1487 3442 1554 perversitatis
3501 1490 3706 1558 signum
3755 1504 3876 1560 est,

2312 1571 2520 1641 quando
2542 1571 2731 1627 medici
2760 1577 2974 1629 morbos
2997 1574 3256 1645 adaugent
3279 1577 3377 1650 (a).
3405 1579 3704 1650 Principum
3735 1586 3878 1638 enim

2312 1671 2394 1718 est
2421 1664 2594 1732 populi
2623 1665 2908 1720 dissolutos
2945 1682 3123 1722 mores
3150 1684 3505 1740 compescere,
3549 1683 3691 1729 recte
3737 1677 3882 1730 ordi-

2311 1769 2458 1819 nare,
2485 1756 2756 1826 ipsumque
2778 1758 2981 1826 legibus
3002 1759 3448 1829 obtemperantem
3475 1765 3731 1820 reddere:
3754 1781 3876 1822 cum

2311 1853 2486 1898 autem
2516 1846 2610 1912 ipsi
2633 1847 2786 1915 primi
2815 1849 2958 1916 leges
2984 1852 3454 1919 transgrediuntur,
3475 1855 3737 1924 quomodo
3755 1859 3878 1912 aliis

2311 1931 2553 1988 doctores
2597 1935 2823 1990 fuerint?
2870 1938 2996 1990 illud
3033 1942 3198 2007 enim,
3242 1941 3620 2013 lnobsequentes
3657 1957 3791 2014 sunt,
3825 1949 3876 2002 id

2312 2035 2411 2090 est,
2442 2027 2554 2081 Non
2584 2029 2942 2098 obsequuntur
2971 2031 3094 2099 legi,
3127 2043 3384 2102 prmcepta
3407 2051 3511 2090 non
3540 2048 3787 2092 servant:
3823 2039 3875 2093 id

2311 2116 2450 2184 quod
2474 2117 2629 2171 etiam
2661 2119 2853 2173 Paulus
2879 2120 3005 2188 ipsis
3032 2121 3237 2175 crimini
3264 2123 3353 2176 dat
3376 2124 3555 2179 dicens
3584 2144 3597 2178 :
3633 2127 3728 2193 Qui
3753 2144 3877 2198 ergo

2311 2206 2465 2258 alium
2489 2207 2654 2268 doces,
2683 2211 2892 2272 teipsum
2925 2225 3027 2262 non
3050 2211 3196 2264 doces
3222 2211 3390 2281 (Rom.
3414 2215 3467 2266 2.
3492 2215 3551 2268 2|
3567 2216 3627 2281 )‘t
3653 2217 3876 2282 Quando

2311 2308 2438 2363 ergo
2469 2295 2617 2349 radix
2644 2305 2890 2364 corrupta
2919 2297 3095 2361 fuerit,
3126 2300 3193 2354 de
3230 2303 3390 2357 ramis
3413 2303 3536 2372 quid
3567 2305 3687 2359 boni
3708 2308 3876 2374 conji-

2312 2383 2458 2436 cias?
2486 2384 2624 2438 Socii
2653 2390 2841 2452 furum.
2875 2387 3125 2442 Aceessio
3148 2389 3398 2455 criminis,
3423 2393 3560 2461 quod
3578 2409 3680 2448 non
3701 2397 3874 2451 solum

2314 2474 2448 2526 mala
2481 2489 2582 2526 non
2613 2485 2910 2540 coerceant,
2952 2477 3045 2531 sed
3085 2487 3304 2534 conatus
3330 2479 3382 2534 in
3408 2485 3723 2538 contrarium
3752 2501 3877 2540 vcr-

2315 2571 2442 2628 tant,
2485 2563 2586 2618 non
2621 2566 2776 2617 modo
2815 2566 2955 2620 fures
3001 2584 3105 2623 non
3148 2581 3467 2641 Oppugnent,
3516 2575 3608 2630 sed
3653 2586 3706 2631 et
3746 2578 3876 2647 ipsis

2308 2651 2614 2721 jungantnr,
2646 2669 2709 2708 ex
2739 2654 2998 2710 diametro
3036 2661 3330 2727 Oppositam
3367 2663 3543 2717 virtuti
3583 2665 3876 2734 principum

2314 2743 2595 2808 nequitiam
2626 2744 2900 2799 adeuntes.
2935 2746 3206 2816 Diligentes
3234 2767 3458 2804 munera.
3498 2753 3672 2809 Altera
3701 2759 3877 2825 gravis

2313 2829 2517 2896 species
2541 2829 2692 2885 famis
2714 2833 2848 2897 auri,
2880 2848 2995 2901 qua
3025 2835 3254 2890 fucatum
3283 2841 3491 2906 quidem
3532 2843 3690 2898 habet
3721 2860 3881 2914 argu-

2314 2927 2567 2985 mentum,
2602 2921 2695 2975 sed
2743 2921 3118 2978 benevolentiae
3145 2927 3362 2982 obtentu
3389 2939 3674 2986 extremam
3707 2937 3880 2990 avari-

2314 3009 2437 3062 tiam
2486 3010 2680 3079 prodit.
2734 3011 3092 3082 Persequentes
3135 3017 3525 3074 retributionem.
3572 3021 3875 3078 Memoriam

2313 3098 2620 3167 injuriarum
2646 3116 2770 3172 erga
2819 3102 3061 3161 inimicos
3089 3117 3378 3175 servantes,
3409 3112 3544 3166 mala
3587 3114 3878 3172 retribuere

2313 3199 2568 3244 conantur
2597 3192 2660 3247 iis
2685 3193 2771 3262 qui
2798 3208 2856 3248 se
2884 3195 3071 3265 injuria
3098 3197 3400 3266 atl‘ecerunt,
3428 3217 3544 3271 qua:
3589 3214 3670 3260 est
3694 3206 3879 3278 ingens

2314 3281 2524 3334 malitia:
2568 3284 2770 3348 species
2810 3301 2824 3337 :
2863 3286 3204 3352 quamobrem
3251 3305 3354 3344 non
3397 3293 3448 3345 in
3490 3292 3634 3348 Novo
3676 3305 3878 3354 tantum

2314 3370 2672 3436 Testamento,
2703 3373 2796 3428 sed
2821 3376 2974 3428 etiam
3007 3376 3059 3430 in
3089 3378 3286 3444 Veteri,
3319 3397 3505 3450 magno
3533 3386 3706 3438 studio
3727 3403 3878 3442 coer-

2313 3470 2481 3514 cetur.
2513 3461 2762 3514 Matitiam
2786 3465 2950 3529 enim,
2988 3465 3175 3534 inquit,
3222 3472 3437 3537 proximi
3467 3475 3545 3525 sui
3584 3491 3648 3527 ne
3687 3488 3881 3531 revocet

2314 3553 2519 3620 quisque
2547 3561 2757 3606 vestrum
2799 3553 2852 3606 in
2901 3557 3050 3608 corde
3083 3573 3173 3609 suo
3209 3558 3386 3626 (Zach.
3421 3562 3471 3612 7.
3505 3562 3616 3631 10).
3659 3565 3738 3618 Ab
3779 3567 3883 3623 hoc

2315 3641 2453 3692 enim
2485 3642 2727 3710 nequitize
2756 3657 2950 3710 genere
2983 3659 3172 3713 purum
3212 3661 3329 3704 esse
3361 3660 3569 3717 oportet
3606 3655 3878 3723 populum,

2314 3730 2584 3800 multoque
2613 3734 2779 3801 magis
2825 3735 3136 3804 principem,
3184 3740 3270 3807 qui
3316 3741 3535 3796 subditis
3584 3745 3635 3798 in
3678 3746 3882 3814 judicio

2317 3820 2604 3887 prmcipere
2630 3821 2806 3883 debet,
2835 3833 2891 3875 ut
2917 3835 3112 3891 ponant
3143 3827 3458 3896 inimicitias,
3498 3848 3564 3887 ne
3608 3843 3791 3903 portus
3826 3837 3880 3891 in

2315 3910 2589 3975 scopulum
2615 3918 2866 3963 vertatur.
2902 3911 3123 3981 Pupillis
3150 3933 3248 3969 non
3271 3918 3570 3981 iudicantes.
3601 3923 3656 3977 ld
3684 3934 3786 3987 est,
3815 3927 3882 3980 iis

2315 4012 2419 4051 non
2447 4000 2856 4067 patrocinantes,
2887 4011 2940 4053 ut
2963 4003 3050 4070 jus
3086 4018 3236 4058 suum
3266 4007 3554 4064 obtineant.
3602 4012 3664 4065 Et
3680 4015 3884 4083 judicio

2315 4087 2575 4139 viduarum
2600 4105 2698 4141 non
2727 4091 3050 4144 attendentes.

2390 4177 2508 4230 Non
2532 4179 2678 4232 modo
2713 4181 2900 4232 malum
2927 4193 3231 4252 perpetrare,
3278 4186 3364 4238 sed
3387 4188 3534 4240 etiam
3568 4190 3750 4244 bonum
3780 4211 3885 4249 non

2316 4285 2461 4338 agere
2489 4270 2684 4321 crimini
2710 4271 2879 4323 datur.
2903 4300 2975 4310 —
2997 4272 3414 4342 Observandum,
3453 4294 3559 4333 non
3588 4283 3744 4335 modo
3771 4300 3887 4338 ma-

2317 4356 2424 4409 lum
2457 4367 2776 4425 perpetrare,
2809 4359 2899 4413 sed
2927 4362 3082 4415 etiam
3115 4363 3311 4418 bonum
3339 4383 3441 4421 non
3471 4384 3645 4439 agere,
3673 4373 3885 4429 crimini

2315 4446 2448 4510 dari,
2480 4447 2920 4515 quemadmodum
2941 4451 3098 4504 etiam
3128 4453 3176 4506 in
3209 4454 3354 4509 Novo
3375 4457 3726 4514 Testamento.
3749 4462 3886 4520 Nam

2317 4537 2405 4605 qui
2431 4538 2748 4592 esurientem
2779 4553 2883 4592 non
2906 4539 3071 4604 alunt,
3103 4557 3203 4595 non
3236 4545 3354 4612 quia
3379 4547 3546 4601 aliena
3572 4563 3879 4618 rapuerunt,

2317 4627 2408 4680 sed
2435 4628 2552 4696 quia
2584 4643 2676 4680 sua
2701 4627 2883 4697 egenis
2910 4644 3013 4683 non
3035 4643 3334 4700 erogarunt,
3359 4635 3408 4688 in
3429 4636 3682 4705 gehennae
3705 4641 3883 4710 ignem

2318 4717 2629 4770 mittuntur:
2667 4717 2744 4771 sic
2770 4717 2928 4785 igitur
2961 4717 3014 4771 hi
3054 4735 3195 4774 nunc
3238 4721 3558 4792 incusantur,
3601 4741 3705 4783 non
3738 4733 3882 4799 quod

2316 4808 2500 4860 alienis
2523 4808 2672 4860 bonis
2703 4807 2922 4872 inhient,
2954 4824 3058 4863 non
3088 4812 3224 4878 quod
3256 4813 3446 4881 injuste
3474 4820 3701 4884 potentia
3729 4829 3885 4875 utan-

2319 4906 2416 4958 tur,
2451 4897 2539 4949 sed
2569 4897 2707 4965 quod
2744 4897 2923 4966 egenis
2949 4898 3236 4953 officiosam
3268 4918 3476 4958 manuni
3506 4921 3609 4960 non
3641 4908 3881 4965 tendant.

2316 4985 2402 5038 24.
2443 4985 2652 5052 I’mpler
2690 4987 2782 5038 hoc
2825 4987 2932 5038 lucc
2967 4988 3088 5040 dicit
3133 4987 3425 5045 Dominator
3453 4994 3699 5049 Dominus
3741 4995 3884 5050 Sab-

2317 5075 2483 5139 baotlt,
2519 5085 2686 5142 potens
2714 5074 2878 5128 Israel
2908 5091 2926 5128 :
2956 5076 3003 5129 id
3043 5087 3143 5142 est,
3188 5083 3382 5148 populi.
3419 5082 3532 5136 Non
3571 5086 3684 5137 sine
3718 5101 3884 5144 causa

2318 5165 2463 5226 illud,
2499 5165 2705 5230 Potens,
2729 5167 2923 5235 posuit,
2955 5167 3046 5220 sed
3078 5169 3128 5222 in
3160 5172 3462 5223 memoriam
3493 5186 3744 5226 revocans
3775 5176 3886 5232 illis

2380 5345 2451 5408 (α)
2478 5345 2530 5392 In
2547 5351 2719 5408 Graeco,
2733 5356 2798 5408 5a;
2821 5346 3482 5408 nominenam...fl‘ilmannus
3495 5349 3653 5400 vertit.
3669 5348 3884 5408 inferum

2315 5404 2515 5470 morbos.
2535 5406 2623 5452 Sed
2650 5404 2823 5470 nielius
2847 5404 3146 5470 inte!ligitur.
3171 5407 3216 5454 ni
3249 5405 3596 5470 fallot',dntorbos
3617 5404 3880 5470 «duit/lem.

2317 5467 2441 5532 ut__i_n
2458 5465 2737 5532 diuturnius
2762 5473 2951 5532 tempus
2975 5467 3256 5521 extrahant;
3285 5466 3360 5532 vel
3390 5467 3511 5515 forte.
3536 5469 3605 5515 sic
3622 5465 3881 5532 possitinl

2317 5524 2489 5588 ωηερε,
2519 5525 2563 5571 in
2588 5523 2759 5588 morbis
2783 5523 2873 5588 ipsi
2893 5534 3166 5583 versantur;
3191 5541 3298 5588 quae
3331 5523 3664 5588 interpretatio
3701 5531 3884 5581 inclitis

2316 5587 2550 5647 qnmlrare
2577 5585 2766 5647 videtur
2789 5586 2843 5632 ad
2879 5598 2935 5633 ea
2958 5599 3067 5647 qua:
3090 5585 3373 5647 sequuntur.
3398 5587 3487 5636 Sed
3519 5589 3557 5635 si
3598 5589 3667 5636 sic
3694 5590 3882 5640 intelli-

2319 5643 2527 5710 gendum
2553 5652 2702 5710 esset,
2727 5643 2900 5705 aliquid
2925 5643 3071 5694 seriei
3111 5643 3282 5695 Griecze.
3303 5647 3571 5696 addendum
3611 5649 3883 5710 videretur,

2318 5706 2452 5752 verbi
2482 5707 2649 5766 gratia,
2676 5718 2722 5761 εἰς
2746 5720 2807 5761 τὰς
2832 5721 2952 5764 νόσους
2974 5720 3207 5768 impiam...
