4058 6216
450 361 522 415 25
1248 357 1304 414 S.
1348 358 1628 419 JOANNIS
1664 357 2147 418 CllRYSOSTOMI
2186 356 2500 414 ARCHIEP.
2541 354 3074 414 CONSTANTINOP.
3747 383 3820 438 26

453 458 539 544 ἷγα
570 460 647 521 εἰς
679 461 979 531 ἀπόγνωσιν
1003 468 1260 542 ἐμϐάλλῃ,
1292 472 1405 525 ἀλλ’
1436 476 1520 527 ἵνα
1552 474 1791 544 αὐξήσας
1815 473 1904 526 τὸν
1933 472 2096 539 φόϐον
2194 488 2328 534 σεως
2352 473 2443 525 καὶ
2475 471 2736 541 τιμωρίας
2760 469 2866 523 τῶν
2897 468 3184 537 πολεμίων.
3224 466 3380 520 Μετὰ
3400 466 3831 535 ἐλεημοσύνης,

450 541 528 604 εἰς
562 545 844 611 μετάνοιαν
874 551 1092 623 καλέσῃ.
1123 541 1238 627 [16⁷]
1262 556 1365 609 Τοῦ
1394 558 1501 629 γάρ
1531 570 1580 623 α,
1619 541 1701 611 Οὐ
1741 559 2024 611 παύσεται
2063 558 2096 610 ό
2189 556 2459 619 τουτέστι,
2524 556 2721 624 πολλῆς
2789 554 2885 624 τῆς
2950 552 3363 621 φιλανθρωπίας.
3432 551 3531 603 Δύο
3604 553 3831 604 ἐνταῦθα

449 628 652 694 θυμὸς,
701 633 1068 707 φοϐερώτερον
1108 641 1187 704 τὸ,
1238 643 1332 695 Ἑν
1377 628 1500 709 τοῖς
1540 644 1918 707 ὑπεναντίοις
1947 658 2085 709 μου.

446 712 607 808 Οὐδὲν
629 716 735 808 γὰρ
768 718 907 808 οὐτω
940 723 1027 808 τδν
1051 723 1181 777 Θεὸν
1210 727 1526 798 παροξύνειν
1551 729 1759 791 εἴωθεν,
1792 728 1866 791 ὡς
1894 729 1926 795 ή
1955 727 2092 780 κατά

442 804 552 851 τῶν
583 804 823 872 πενήτων
844 807 1023 860 ἀδικία
1050 812 1169 863 κατ’
1194 813 1387 876 αὐτοὺς
1411 815 1683 884 γινομένη.
1718 815 1859 867 Οὐαί
1884 814 1941 866 δέ
1969 813 2091 878 τοῖς

446 885 725 970 ἰσχύουσι
765 890 966 959 ἔλεγεν,
1007 896 1102 963 οὐχ
1140 896 1323 960 ἀπλῶς
1367 898 1463 968 τὴν
1502 900 1726 970 δύναμιν
1771 898 2086 963 διαϐάλλων,

443 969 575 1065 ἀλλὰ
612 973 711 1065 τὴν
754 976 845 1065 ἐπὶ
888 978 1042 1048 κακῷ
1066 980 1309 1051 δύναμιν.
1354 984 1529 1053 ’ἰσχὺν
1560 984 1616 1037 δέ
1640 969 1877 1039 ἐνταῦθα
1900 984 1962 1036 οὐ
1990 984 2088 1053 τὴν

443 1057 534 1106 τοῦ
578 1057 825 1127 σώματός
851 1079 1032 1133 φησιν,
1056 1066 1190 1119 ἀλλά
1223 1067 1321 1137 τὴν
1349 1069 1456 1122 ἀπὸ
1491 1069 1592 1139 τῆς
1618 1069 1725 1122 τῶν
1749 1068 2088 1140 πραγμάτων

443 1143 729 1216 περιϐολῆς
786 1146 1116 1204 δυναστείαν.
1156 1155 1263 1206 Kal
1308 1156 1508 1221 κρίσιν
1565 1155 1796 1223 ποιήσω
1848 1156 1916 1208 ἐκ
1970 1154 2087 1207 τῶν

440 1225 665 1311 ἐχθρῶν
683 1248 819 1298 μου.
847 1235 1071 1289 Κολάσω
1110 1239 1231 1300 τοὺς
1252 1239 1476 1311 ἐχθρούς
1511 1258 1634 1310 μου,
1669 1241 1893 1311 ἐχθροὺς
1922 1239 2083 1292 αὐτοῦ

441 1310 608 1396 λέγων
643 1319 765 1379 τοὺς
809 1319 915 1371 τῶν
953 1324 1199 1392 πενήτων
1254 1310 1479 1395 ἐχθροὺς
1527 1327 1613 1379 διά
1654 1327 1715 1379 τὸ
1761 1310 2084 1396 ἐπηρεάζειν

439 1395 594 1461 ὄντας
617 1416 628 1428 ο
660 1402 815 1456 τοῦτο
860 1405 916 1457 δέ
947 1406 1149 1475 ἔλεγεν,
1190 1408 1275 1462 ἵνα
1309 1410 1485 1480 μάθῃς
1523 1412 1621 1481 τῆς
1646 1395 1950 1473 ἀδικίαςτὺ
1985 1410 2082 1480 μέ-

438 1484 610 1550 γεθος-
644 1490 748 1540 Καὶ
774 1490 970 1553 ἐπάξω
996 1492 1110 1560 τὴν
1135 1495 1299 1562 χεῖρά
1317 1514 1436 1564 μου
1460 1497 1557 1549 ἐπὶ
1585 1496 1678 1561 σὲ,
1708 1497 1805 1549 και
1832 1496 2083 1562 πυρώσω

438 1585 510 1658 (ξε
541 1572 628 1658 fl?
664 1578 941 1658 κρθςιρόν-
980 1579 1094 1658 Ἵνα
1151 1581 1343 1651 μάθῃς,
1381 1584 1463 1635 ὅτι
1500 1583 1587 1634 οἵα
1614 1582 1679 1635 ἀν
1713 1578 1799 1654 ᾗή
1828 1583 1962 1651 ὀργὴ
1989 1580 2080 1633 τοῦ

416 1646 568 1699 Θεοῦ
625 1652 717 1703 καὶ
771 1654 804 1723 ή
853 1656 1109 1726 τιμωρία,
1140 1646 1239 1711 οὐκ
1269 1646 1392 1712 ’ἐπὶ
1430 1660 1631 1729 κακιῖμν
1679 1646 1874 1712 κᾶι“τδ’
1903 1646 2080 1710 δοῦναι

434 1731 585 1803 δίκην
613 1735 817 1803 γίνεται
853 1740 1031 1808 μόνον,
1061 1742 1172 1795 ἀλλ’
1200 1744 1291 1798 ἐπὶ
1321 1746 1399 1815 τῷ
1446 1744 1682 1815 βελτίους
1708 1744 1956 1812 γενέσθαι
1988 1744 2081 1796 καὶ

434 1819 627 1885 αὐτοὺς
680 1825 805 1889 τοὺς
851 1828 1259 1900 κολαζομένους.
1309 1834 1417 1887 Kal
1460 1834 1713 1901 πυρώσω
1765 1850 1856 1896 σε.
1892 1833 2075 1903 φησὶν.

433 1906 519 1969 εὶς
559 1910 832 1976 καθαρόν.
869 1914 941 1966 Οὐ
985 1915 1158 1969 τοίνυν
1194 1917 1321 1971 ὅταν
1364 1918 1738 1989 κολαζώμεθα,
1785 1920 1901 1973 ἀλλ’
1951 1920 2079 1974 ὅταν

434 1991 851 2064 ἀμαρτάνωμεν,
880 1998 999 2051 τότε
1031 2001 1213 2068 ἀλγεῖν
1258 2003 1490 2057 δίκαιον·
1515 2006 1576 2058 τὸ
1615 2007 1710 2075 μὲν
1747 2005 1855 2075 γὰρ
1885 2005 2075 2073 ῥύπον.

432 2078 491 2129 τὸ
513 2078 567 2131 δὲ
598 2080 871 2152 καθαρμὸν
903 2085 1209 2155 ἐργάζεται.
1251 2090 1315 2143 Τί
1351 2090 1408 2143 δέ
1437 2095 1601 2156 ἐστιν,
1641 2095 1742 2157 Εἰς
1780 2094 2077 2159 καθαρόν;

443 2162 528 2227 Ὠς
559 2167 691 2236 μηδὲ
725 2168 866 2238 ἴχνος
893 2167 1029 2225 εἰναι
1052 2174 1200 2244 παρά
1229 2177 1310 2229 σοὶ
1333 2176 1566 2247 κηλῖδος.
1595 2178 1773 2246 Ὅπερ
1809 2177 1917 2248 γάρ
1961 2178 2075 2229 ἐστι

428 2249 507 2319 τῷ
556 2253 760 2323 χρυσίῳ
812 2256 873 2307 τὸ
907 2256 1037 2327 πῦρ,
1067 2260 1222 2312 τοῦτο
1269 2263 1379 2324 τοῖς
1429 2261 1690 2332 ῥᾳθύμοις
1731 2265 1765 2333 ή
1816 2263 2073 2331 τιμωρία.

436 2334 581 2399 Τοὺς
607 2335 675 2388 δὲ
710 2337 1098 2407 ἀπειθοῦντας
1116 2344 1395 2397 ἀπολέσω
1414 2384 1429 2406 ,
1459 2346 1559 2399 καὶ
1599 2344 1803 2415 ἀφελῶ
1848 2345 2077 2410 πάντας

428 2419 689 2487 ἀνόμους
711 2422 829 2476 ἀπὸ
857 2426 993 2491 σοῦ,
1020 2427 1115 2480 καί
1145 2427 1371 2493 πάντας
1418 2430 1839 2499 ὑπερηφάνως
1877 2446 2076 2484 ταπει-

428 2508 619 2562 νώσω.
650 2512 714 2563 Οἱ
759 2511 867 2583 γάρ
912 2513 1102 2567 ἀνίατα
1133 2516 1431 2581 νοσοῦντες,
1456 2517 1612 2587 φησὶ,
1653 2517 1747 2570 καὶ
1769 2517 1889 2570 οὐδὲ
1911 2534 2076 2586 τιμω-

431 2593 573 2662 ρίαις
606 2595 862 2659 εἴκοντες,
902 2598 1242 2654 ἀπολοῦνται.
1284 2602 1348 2653 Τί
1397 2601 1507 2672 γάρ
1533 2602 1721 2670 ὄφελος
1738 2603 1837 2671 τῆς
1871 2602 2074 2654 τούτων

430 2677 594 2748 ζωῆς.
626 2681 752 2735 ὅταν
792 2682 886 2735 καὶ
914 2683 1123 2747 ἑαυτοῖς
1152 2684 1245 2739 καὶ
1290 2685 1496 2756 ἐτέροις
1549 2686 1969 2740 ἐπιϐουλεύωσιν
2016 2688 2075 2740 ἐν

428 2764 506 2833 τῷ
549 2763 682 2837 ζῇνς
723 2768 785 2820 Ol
826 2768 883 2821 δὲ
937 2768 1002 2821 ἐκ
1045 2770 1144 2841 τῆς
1187 2771 1411 2825 ἐκείνων
1461 2774 1731 2842 τιμωρίας
1789 2774 2072 2843 δυνάμενοι

432 2849 667 2919 βελτίους
695 2856 965 2921 γενέσθαι,
997 2857 1233 2928 μενοῦσι.
1253 2860 1408 2912 Δοκεῖ
1424 2859 1480 2913 δέ
1500 2877 1589 2930 μοι
1610 2860 1841 2915 ἐνταῦθα
1864 2862 1955 2913 καὶ
1975 2861 2073 2930 τὴν

428 2939 801 3007 αἰχμαλωσίαν
842 2943 1188 2999 αἰνίττεσθαι.
1220 2946 1330 2999 Kal
1363 2945 1667 3011 ἐπιστήσω
1703 2945 1845 3011 τοὺς
1871 2946 2073 3013 κριτάς

427 3038 566 3088 σου,
590 3027 671 3091 ὡς
702 3028 768 3079 τὸ
801 3028 1104 3097 πρότερον,
1140 3030 1237 3083 καί
1263 3030 1399 3097 τοὺς
1422 3032 1806 3101 συμϐούλους
1834 3049 1970 3099 σου,
1992 3034 2074 3096 ὡς

428 3109 495 3162 τὸ
517 3111 617 3165 ἀπ’
650 3112 857 3181 ἀρχῆς.

498 3196 560 3250 θ’.
606 3199 865 3253 Ἐνταῦθα
891 3201 985 3271 τὴν
1023 3203 1276 3257 ἐπάνοδόν
1313 3220 1463 3274 φησι.
1491 3204 1609 3258 Τῶν
1642 3222 1701 3257 τε
1736 3206 1843 3277 γὰρ
1883 3208 2074 3262 ἀνίατα

429 3284 722 3338 νοσούντων
781 3287 1167 3356 ἀναιρεθέντων
1194 3328 1208 3353 ,
1258 3289 1363 3341 τῶν
1418 3307 1475 3343 τε
1542 3292 1853 3360 ἐπιμέλειαν
1908 3294 2072 3347 ἐνδεί-

430 3374 620 3437 ξασθαι
656 3385 678 3414 ο
727 3376 1032 3447 δυναμένων
1075 3379 1495 3448 διορθωθέντων,
1553 3382 1818 3452 εὐκαίρως
1873 3384 1966 3435 καὶ
2013 3384 2074 3435 τὸ

427 3459 611 3514 λοιπὸν
660 3462 756 3532 τῆς
808 3454 1103 3533 θεραπείας
1136 3460 1271 3527 εἶδος
1310 3466 1671 3535 προστίθεται,
1692 3468 1926 3538 δοκίμων
1977 3469 2074 3538 ἀρ-

429 3547 627 3616 χόντων
684 3549 988 3612 ἐπιστασία,
1015 3550 1108 3602 καὶ
1166 3550 1480 3619 συμϐούλων
1538 3554 1753 3620 ἀγαθῶν
1793 3554 1952 3623 φορὰ,
1990 3555 2073 3606 ἵνα

429 3633 523 3685 καὶ
566 3632 657 3685 τοῦ
706 3632 949 3701 σώματος
1006 3635 1238 3697 εἴκοντος
1281 3640 1391 3697 τοῖς
1457 3639 1784 3708 φαρμάκοις,
1830 3639 1923 3693 καὶ
1965 3640 2073 3693 τῶν

433 3717 628 3788 ἰατρῶν
660 3718 887 3787 ἀρίστων
909 3719 1092 3780 ὄντων,
1129 3721 1457 3790 πανταχόθεν
1482 3724 1614 3792 πρὸς
1646 3724 1851 3792 ὐγίειαν
1878 3725 2071 3795 ἐπανίῃ

428 3804 495 3857 τά
526 3805 623 3873 τῆς
653 3804 857 3867 πόλεως
898 3805 1057 3875 μέρη.
1090 3806 1164 3858 Οὐ
1196 3806 1303 3877 γάρ
1342 3808 1537 3879 μικρὸν
1573 3810 1888 3880 εὐεργεσίας
1911 3807 2070 3873 εἶδος,

429 3894 699 3962 ἀρχόντων
743 3894 1119 3963 ἐπιτυγχάνειν
1148 3895 1383 3963 ἀγαθῶν.
1418 3897 1527 3950 Kal
1545 3899 1693 3966 μετὰ
1713 3898 1898 3951 ταῦτα
1928 3904 2075 3968 κλη-

428 3980 586 4047 θήσῃ
620 3981 793 4044 πόλις
839 3978 1251 4049 δικαιοσύνης,
1297 3983 1661 4050 μητρόπολις
1688 3983 1841 4037 Σιὼν
1867 3987 2071 4053 πιστή.

429 4066 619 4118 Καίτοι
644 4081 705 4132 γε
742 4064 970 4134 οὐδαμοῦ
1000 4065 1152 4118 τοῦτο
1190 4066 1510 4138 εὑρίσκομεν
1535 4068 1597 4121 τὸ
1626 4069 1796 4139 δνομα
1814 4072 1880 4140 τῇ
1925 4071 2073 4125 πόλει

427 4149 533 4201 τῶν
568 4148 949 4219 Ἰεροσολύμων
1001 4149 1266 4206 ἐπιτεθέν.
1296 4152 1359 4203 Τί
1402 4149 1493 4207 οῦν
1533 4155 1599 4206 ἀν
1639 4156 1920 4225 είποιμεν;
1953 4158 2073 4211 Ὀτι

427 4235 525 4306 τὴν
567 4234 675 4287 ἀπὸ
713 4235 820 4286 τῶν
872 4234 1209 4305 πραγμάτων
1256 4238 1620 4307 προσηγορίαν
1664 4239 1893 4293 ἐνταῦθά
1921 4259 2071 4311 φησι.

496 4320 665 4374 Τοῦτο
685 4321 739 4373 δέ
766 4322 897 4392 ήμῖν
920 4322 979 4374 οὐ
1008 4322 1199 4391 μικρὸν
1231 4324 1582 4394 συμϐαλεῖται
1602 4325 1654 4390 ά,
1682 4328 1808 4380 ὅταν
1840 4329 2075 4382 ἀπαιτῶ-

430 4424 514 4461 σιν
534 4409 678 4476 ἡμᾶς
692 4408 928 4461 Ἰουδαῖοι
947 4408 1038 4460 τοῦ
1055 4409 1393 4481 Ἐμμανουήλ
1412 4409 1509 4481 τὴν
1529 4412 1840 4482 ἑρμηνείαν.
1860 4414 2074 4482 Ἐπειδὴ

428 4493 537 4564 γάρ
580 4492 801 4554 Ἡσαΐας
834 4492 998 4564 ἔφησε
1026 4495 1115 4547 τὸν
1143 4496 1375 4566 Χριστὸν
1391 4496 1560 4561 οὕτως
1588 4498 2071 4569 ὀνομασθήσεσθαι,

426 4577 659 4647 οὐδαμοῦ
682 4576 738 4629 δέ
771 4576 1098 4647 ὠνόμασται,
1121 4581 1365 4649 εἴποιμεν
1387 4581 1451 4634 ἀν
1474 4583 1608 4651 πρὸς
1631 4584 1844 4647 αὐτοὺς,
1873 4587 1952 4637 ὅτι
1977 4587 2074 4656 τὴν

427 4665 535 4717 ἀπὸ
572 4663 677 4716 τῶν
731 4663 1068 4733 πραγμάτων
1122 4666 1395 4735 σημασίαν
1430 4668 1628 4736 ἔφησεν
1684 4671 1851 4740 ὐνομα
1899 4667 2069 4724 εἶναι·

426 4749 612 4820 ὥσπερ
659 4745 751 4802 οὖν
794 4751 887 4802 καὶ
922 4749 1171 4805 ἐνταῦθα.
1222 4751 1384 4805 Μετά
1427 4752 1537 4822 νάρ
1576 4756 1853 4823 κρίματος
1882 4758 2073 4824 σωθή-

426 4849 595 4888 σεται
626 4835 665 4900 ή
717 4837 1091 4903 αἰχμαλωσία
1111 4838 1317 4906 αὐτῆς,
1342 4837 1440 4892 καί
1468 4839 1619 4907 μετὰ
1636 4841 2070 4909 ἐλεημοσύνης.

425 4922 586 4975 Μετά
618 4923 914 4989 κρίματος,
962 4923 1226 4987 τουτέστι,
1264 4922 1381 4996 [17]
1420 4924 1559 4996 μετά
1609 4926 1763 4995 δίκης
1796 4928 1888 4979 καὶ
1918 4931 2074 4984 κολά-

490 5047 516 5075 ⁸
540 5045 823 5116 μεεεηάυξη
847 5050 986 5116 autat
1010 5047 1232 5116 _Allenus
1262 5047 1346 5097 τοῦ
1387 5052 1454 5100 δέ.
1494 5051 1621 5100 Infra
1655 5054 1761 5099 κατ’
1780 5054 1945 5109 αὐτούς
1965 5061 2073 5116 post

426 5107 583 5155 ἀδικία
600 5107 742 5153 deest
777 5109 826 5153 in
856 5107 1096 5155 Bavarico.

486 5166 513 5203 δ
542 5167 644 5212 Οὐκ
666 5167 873 5214 ἐπικοιλῶ
894 5166 1007 5219 δαν.
1029 5172 1080 5215 et
1110 5167 1278 5215 Morel.
1308 5168 1476 5218 Series
1497 5173 1665 5220 mutila
1686 5173 1763 5220 vel
1791 5171 1951 5223 vitiata
1978 5181 2069 5224 est.

425 5226 603 5273 Locum
627 5227 818 5288 eicAvult
839 5229 1030 5275 restitui
1064 5227 1235 5285 Savi|.,
1257 5228 1345 5288 sed
1369 5240 1430 5275 ex
1456 5233 1729 5288 conjectura
1758 5240 1938 5281 tantum
1961 5256 1971 5283 ε
1994 5239 2073 5284 καὶ

425 5290 453 5351 ᾖ
478 5285 683 5351 τιμωρία
701 5286 773 5351 ἐπὶ
794 5288 943 5351 καλῷ,
966 5289 1045 5351 καὶ
1079 5290 1223 5351 οὐτῷ
1244 5286 1402 5351 δοῦναι
1436 5285 1569 5351 δίκην
1591 5292 1761 5350 γίνεται
1784 5296 1940 5351 μόνον,
1972 5297 2072 5343 ἀλλ’

427 5348 501 5413 ἐπὶ
526 5346 1045 5413 *βελτίους-Βοκίας
1069 5362 1080 5395 :
1236 5348 1540 5413 έπίμκολᾴσει,
1564 5346 1643 5413 καὶ
1664 5354 1732 5411 τῷ
1754 5346 2072 5413 δοῦναιδίκην,

426 5412 527 5475 με.
546 5406 790 5475 éllelnlsi‘
803 5407 889 5475 οὐκ
912 5407 984 5453 ἐπὶ
1005 5411 1157 5475 κακῷ,
1175 5411 1253 5455 καὶ
1273 5410 1347 5475 τῷΔ
1360 5408 1520 5457 δοῦναι
1561 5411 1692 5475 δίκην
1709 5406 1885 5471 ¹γίνεται
1917 5406 2069 5473 μόνον,

426 5467 527 5515 ἀλλ’
554 5466 943 5529 ἐπίτῷίνΒοῇεὶυε
972 5466 1121 5529 τηυιιε
1145 5466 1389 5529 ’congei‘it.
1436 5478 1488 5518 ut
1526 5466 1855 5528 conjecmram
1900 5466 2074 5520 (Sentit;

426 5531 529 5592 Inet
549 5538 697 5572 suam.
713 5526 810 5573 Sed
832 5527 932 5592 haec
954 5526 1113 5575 omnia
1136 5526 1392 5592 divinando
1415 5526 1659 5589 dicuntui,
1678 5543 1766 5579 nec
1790 5540 1949 5592 potest
1966 5547 2072 5579 sum

425 5587 630 5650 allatum
650 5600 763 5650 mssA
785 5600 877 5650 ope
904 5591 1035 5635 locus
1054 5588 1262 5636 restitui.
1287 5590 1336 5636 Si
1361 5603 1451 5650 qua
1493 5604 1556 5638 ex
1584 5587 1743 5640 altatis
1785 5587 2074 5650 'conjectnris

422 5648 609 5753 a‘dmitti
629 5648 806 5753 'polswit,
831 5648 915 5694 οὐκ
940 5650 1013 5695 ἐπὶ
1039 5651 1174 5711 κακῷ
1194 5648 1408 5709 malleui,
1434 5662 1488 5697 ac
1507 5664 1615 5699 cum
1638 5654 1708 5700 sic
1725 5648 1897 5700 habeal
1922 5655 2070 5701 Bum-

423 5720 449 5752 r
469 5720 572 5753 οης.
600 5720 669 5753 suc
714 5720 820 5753 e20.

423 5720 572 5759 l‘ICIlS,
600 5720 669 5753 SIC
695 5720 820 5765 I930.

488 5771 509 5796 ε
539 5765 793 5814 Βιιγιπίευς
814 5768 1039 5819 δέξασθαι.

486 5825 509 5863 εὶ
539 5828 656 5894 lleg.
688 5832 739 5872 et
780 5827 988 5874 Savilius
1032 5830 1379 5894 Wﬁlin-tan
1404 5828 1501 5894 Sed
1546 5829 1799 5894 nauticus
1821 5836 2070 5894 συμϐαλεῖο

439 5902 521 5935 ςαι.
546 5889 663 5944 Qua:
684 5900 790 5935 mox
813 5895 1083 5947 sequuntur
1103 5892 1344 5939 tantillum
1369 5892 1589 5940 intricatu
1612 5891 1848 5940 videntur.

2196 639 2580 706 ἐπαγγέλλεται
2608 640 2852 708 μέγιστα
2880 638 3059 699 αὐτοῖς
3089 637 3255 707 δῶρα,
3292 636 3349 689 τό
3387 652 3445 688 τε
3474 635 3624 705 δίκην
3652 634 3833 689 δοῦναι

2192 724 2316 785 τοὺς
2348 724 2717 792 ἐπαγαγόντας
2738 764 2751 785 ,
2786 723 2846 775 τό
2877 739 2935 775 τε
2962 722 3154 784 αὐτοὺς
3188 722 3383 791 πολλῆς
3406 720 3701 774 ἀπολαῦσαι
3729 722 3833 790 τῆς

2192 810 2507 880 εὐημερίας,
2534 804 2607 863 ὧν
2640 812 2862 862 ἕκαστον
2895 810 2985 862 καὶ
3013 809 3132 863 καθ’
3170 808 3325 862 ἐαυτδ
3358 808 3616 877 μεγίστην
3648 807 3833 860 ἰκανὸν

2191 898 2491 964 παρασχεῖν
2540 895 2763 965 ἡδονήν
2809 896 2935 948 ὅταν
2990 895 3045 947 δέ
3084 894 3177 948 καὶ
3228 894 3505 963 ἀμφότερα
3531 892 3828 962 συνδράμῃ,

2190 980 2393 1045 άφατος
2422 980 2611 1046 γένοιτ’
2647 980 2712 1033 ἂν
2753 982 2785 1048 ή
2839 980 3159 1050 εὐφροσύνη.
3194 978 3397 1040 Ἀλλως
3438 994 3495 1029 τε
3538 977 3629 1030 καὶ
3662 976 3830 1041 δεῖξαι

2192 1065 2525 1135 βουλόμενος,
2558 1066 2637 1118 ὅτι
2670 1066 2762 1119 καὶ
2804 1066 2937 1135 μετὰ
2960 1066 3056 1134 τὴν
3083 1065 3292 1136 μακρὰν
3322 1062 3708 1133 αἰχμαλωσίαν,
3762 1063 3829 1114 οὐ

2188 1151 2276 1203 διὰ
2300 1152 2359 1203 τὸ
2388 1151 2563 1204 δοῦναι
2595 1151 2748 1221 δίκην
2778 1152 2950 1215 ἀξίαν,
2983 1152 3073 1203 καὶ
3101 1151 3160 1201 τὸ
3198 1149 3264 1201 τά
3292 1150 3654 1218 ἁμαρτήματα
3687 1148 3827 1199 ἀπο-

2190 1237 2467 1305 κείρασθαι
2497 1248 2541 1301 ο,
2572 1238 2703 1289 ά).λά
2731 1239 2817 1290 διά
2843 1238 2938 1306 τὴν
2965 1235 3361 1304 φιλανθρωπίαν
3388 1236 3483 1301 τὴν
3506 1233 3665 1286 αὐτοῦ
3690 1233 3827 1303 πρὸς

2188 1322 2283 1391 τὴν
2320 1324 2521 1376 οἰκείαν
2576 1325 2964 1390 ἐπανάγονται,
3001 1323 3093 1375 καὶ
3145 1321 3290 1373 ἐλέου
3350 1320 3542 1389 μᾶλλόν
3593 1320 3734 1372 ἐστιν
3787 1320 3826 1386 ἡ

2190 1406 2450 1476 σωτηρία,
2483 1408 2515 1478 ἢ
2547 1407 2862 1470 ἀντιδόσεως
2894 1407 2986 1459 καὶ
3015 1406 3263 1475 ἀμοιϐῆς,
3287 1407 3549 1474 ἐπήγαγε,
3570 1405 3675 1459 Kal
3696 1403 3826 1472 μετ’

2185 1492 2610 1559 ἐλεημοσύνης.
2636 1492 2741 1545 Kal
2768 1492 3264 1560 συντριϐήσονται
3302 1494 3354 1543 οἱ
3409 1491 3608 1558 ἄνομοι
3639 1490 3734 1542 καί
3768 1491 3825 1540 οἰ

2186 1577 2512 1644 ἀμαρτωλοί
2544 1578 2683 1646 ἅμα.
2716 1576 2907 1648 Τρίτον
2945 1577 3209 1629 καὶτοῦτο
3241 1575 3549 1644 εὐεργεσίας
3580 1568 3733 1635 εἶδος,
3762 1575 3827 1625 τὸ

2189 1662 2390 1731 μηδένα
2414 1659 2550 1716 εἶναι
2566 1665 2655 1717 τὸν
2678 1663 2891 1733 παρασύ
2902 1679 3056 1732 ροντα
3078 1661 3168 1714 καὶ
3192 1662 3322 1729 πρὸς
3348 1662 3557 1729 ἀπάτην
3577 1660 3825 1719 ἕλκοντα,

2184 1748 2297 1800 ἀλλ’
2324 1748 2564 1801 ἐκποδὼν
2584 1748 2824 1816 γίνεσθαι
2870 1749 2993 1810 τούς
3021 1750 3117 1817 τῆς
3159 1748 3418 1817 πονηρίας
3457 1745 3823 1805 διδασκάλους.

2184 1834 2292 1886 Kal
2343 1836 2397 1887 οἰ
2437 1835 2960 1902 ἐγκαταλείποντες
3011 1834 3114 1887 τόν
3161 1832 3375 1900 Κύριον
3424 1830 3826 1897 συντελεσθιξρ

2183 1934 2408 1974 σονται.
2442 1921 2507 1976 Οἱ
2540 1922 2595 1973 δὲ
2650 1921 2882 1983 ἀσεϐεῖς,
2916 1922 3097 1992 φησὶν,
3132 1918 3473 1972 ἀπολοῦνται.

2250 2010 2399 2061 Διότι
2424 2009 2540 2062 νῦν
2559 2008 3065 2076 αἰσχυνθήσονται
3092 2008 3159 2058 ἐν
3186 2005 3308 2070 τοῖς
3330 2004 3586 2068 εἰδώλο.·ς
3605 2001 3824 2066 αὐτῶν,

2180 2093 2270 2161 ἐφ’
2285 2088 2374 2159 οἶς
2388 2094 2554 2147 αὐτοὶ
2572 2095 2906 2147 ἐϐούλοντο.
2926 2094 3076 2154 Τινὲς
3098 2093 3192 2161 μὲν
3214 2093 3303 2143 καὶ
3324 2090 3461 2142 κατὰ.
3476 2090 3564 2140 τὸν
3582 2089 3825 2158 παρόντα

2181 2180 2367 2251 καιρὸν
2394 2181 2461 2233 τὰ
2490 2180 2750 2251 εἰρημένα
2794 2178 3049 2250 ἁρμόζειν
3082 2176 3441 2246 ἐπιχειροῦσιν
3462 2190 3474 2203 ο
3515 2174 3626 2227 ἀλλ’
3664 2175 3826 2241 ἡμεῖς

2180 2264 2301 2318 οὐτε
2329 2266 2567 2329 ἐκείνους
2603 2265 2972 2335 αἰτιασόμεθα,
3023 2264 3116 2316 καὶ
3143 2267 3207 2333 τῇ
3253 2261 3535 2330 ἀκολουθία
3564 2260 3821 2329 ἑψόμεθα.

2181 2350 2363 2402 Ταῦτα
2401 2351 2508 2421 γάρ
2528 2353 2692 2413 ἐστιν,
2728 2350 2764 2403 ἀ
2810 2348 3173 2419 συμϐήσεσοαί
3223 2364 3382 2415 φησιν
3426 2346 3514 2397 ἐπὶ
3561 2345 3657 2413 τῆς
3710 2344 3825 2395 τῶν

2183 2432 2448 2502 πολεμίων
2472 2432 2679 2500 ἐφόδου.
2714 2434 2879 2485 Ὅταν
2931 2432 3034 2503 γάρ
3064 2431 3155 2483 τοῦ
3193 2431 3462 2501 βαρϐάρου
3507 2427 3600 2497 τὴν
3639 2425 3825 2496 χώραν

2180 2519 2617 2588 κατατρέχοντος,
2649 2521 2741 2571 καὶ
2758 2520 2854 2589 τὴν
2882 2518 3031 2570 πόλιν
3062 2517 3488 2587 περικαθημένου
3510 2554 3523 2577 ,
3562 2515 3653 2565 καὶ
3683 2513 3824 2565 πάν-

2177 2615 2271 2661 τας
2299 2599 2372 2659 ὡς
2398 2602 2453 2651 ἐν
2481 2600 2713 2662 δικτύοις
2742 2599 2936 2668 μέσους
2968 2598 3194 2666 ἔχοντος.
3223 2597 3405 2664 μηδεὶς
3449 2597 3476 2645 ό
3524 2592 3739 2662 ἀμύνων

2180 2680 2271 2731 καί⁵
2296 2679 2355 2730 τὸ
2378 2679 2533 2746 νέφος
2561 2682 2730 2733 ἐκεῖνο
2755 2681 3163 2748 διακρουόμενος
3187 2678 3271 2729 διὰ
3309 2677 3404 2744 τὴν
3443 2673 3822 2742 ἐγκατάλειψιν

2178 2763 2270 2815 τοῦ
2312 2762 2467 2827 Θεοῦ,
2501 2764 2721 2827 εἰκότως
2774 2766 2867 2817 καὶ
2922 2764 2980 2826 ἐξ
3029 2765 3195 2829 αὐτῆς
3218 2763 3320 2813 τῶν
3352 2761 3680 2831 πραγμάτων
3718 2760 3822 2828 τῆς

2179 2848 2371 2918 πείρας
2422 2848 2584 2917 πολλὴ
2613 2848 3172 2915 κατασκεδασθήσετο.ι
3200 2847 3303 2897 τῶν
3336 2846 3402 2896 τὰ
3434 2845 3623 2898 εἴδωλα
3663 2845 3820 2914 θερα-

2178 2934 2446 2987 πευόντων
2499 2934 2532 3003 ή
2588 2934 2835 3003 αἰσχύνη.
2907 2932 3023 2999 Ἐφ’
3086 2927 3173 2993 οἷς
3220 2931 3555 2988 ἐϐούλοντο,
3608 2930 3731 2997 περὶ
3778 2928 3821 2983 ἃ.

2178 3018 2616 3083 ἐσπουδάκεισαν,
2664 3018 2814 3089 φησί.
2866 3017 2976 3070 Kal
3014 3018 3517 3086 αἰσχιιιι’θήσοντιιι
3555 3015 3647 3067 ἐπὶ
3694 3014 3818 3082 τοῖς

2178 3106 2460 3175 γλυπτοῖς
2490 3105 2705 3169 αὐτῶν,
2745 3105 2828 3171 ἐφ’
2861 3098 2939 3166 οἷς
2979 3104 3254 3171 ἐποίησαν.
3297 3103 3381 3153 Ἐν
3437 3100 3584 3164 τάξει
3628 3101 3818 3169 διηγή-

2179 3207 2313 3254 σεως
2344 3191 2667 3261 κατηγορίαν
2699 3190 2923 3260 τίθησιν.
2964 3191 3157 3259 Ἤρκει
3205 3188 3309 3257 γὰρ
3342 3188 3431 3239 καὶ
3457 3187 3559 3257 πρὸ
3586 3186 3680 3255 τῆς
3708 3185 3817 3237 τῶν

2176 3278 2496 3347 τραυμάτων
2542 3276 2830 3337 ἐκϐάσεως,
2854 3276 2945 3327 καὶ
3002 3275 3159 3337 αὐτὸς
3206 3274 3302 3341 τῆς
3326 3273 3573 3340 τοιαύτης
3600 3272 3809 3323 εἰδωλο-

2178 3363 2357 3425 ποιίας
2404 3364 2432 3413 ὁ
2482 3363 2676 3433 τρόπος
2715 3362 2906 3422 αὐτοὺς
2938 3360 3304 3428 καταισχῦναι.
3336 3360 3398 3409 Τί
3455 3360 3561 3428 γὰρ
3602 3357 3819 3426 αἰσχρό-

2177 3465 2331 3519 τερον
2355 3447 2447 3499 τοῦ
2478 3448 2593 3499 θεόν
2620 3465 2737 3499 τινα
2763 3446 2937 3515 ἐαυτῷ
2954 3447 3154 3505 ποιείνς
3183 3445 3287 3497 Kal
3311 3441 3817 3512 αἰσχυνθήσονται

2176 3533 2273 3585 ἐπὶ
2311 3534 2431 3599 τοῖς
2454 3535 2665 3599 κήποις
2696 3531 2907 3595 αὐτῶν,
2938 3530 3029 3599 ἐφ’
3057 3526 3144 3595 οἷς
3182 3530 3577 3597 ἐπεθύμησαν.
3605 3528 3678 3579 Οὐ
3706 3527 3817 3595 γὰρ

2177 3621 2239 3687 δὴ
2265 3621 2424 3685 ξόανα
2450 3620 2811 3690 προσεκύνουν
2852 3617 3028 3687 μόνον,
3052 3616 3184 3668 ἀλλὰ
3214 3617 3305 3667 καὶ
3335 3614 3519 3685 δένδρα
3540 3614 3595 3666 ἐν
3619 3614 3817 3683 κήποις

2178 3706 2523 3775 ἐθεράπευον.
2576 3708 2847 3758 Ἔσονται
2886 3703 2995 3773 γὰρ
3042 3703 3118 3767 ὠς
3151 3700 3476 3768 τερέϐινθος
3500 3698 3820 3765 ἀποϐεϐλη-

2178 3792 2316 3844 κυῖα
2351 3792 2538 3860 αὐτῆς
2563 3791 2634 3844 τὰ
2672 3792 2892 3859 φύλλα.
2922 3791 3076 3841 Ἤτοι
3113 3788 3177 3839 τὰ
3202 3787 3391 3839 εἴδωλα
3419 3785 3459 3846 ί,
3490 3784 3521 3855 ἢ
3572 3783 3722 3836 αὐτοί
3761 3784 3816 3835 οἰ

2179 3877 2274 3947 τὴν
2309 3878 2459 3931 πόλιν
2488 3876 2773 3937 οἰκοῦντες.
2802 3874 2910 3944 Τὴν
2943 3874 2998 3926 δέ
3032 3874 3209 3925 εἰκόνα
3237 3871 3327 3922 τοῦ
3372 3870 3582 3939 δένδρου
3626 3867 3815 3920 τούτου

2179 3966 2482 4035 παρήγαγε,
2528 3964 2614 4016 διά
2657 3979 2716 4013 τε
2762 3962 2818 4013 τὸ
2845 3960 3101 4029 ἐγχώριον
3135 3956 3266 4010 εἶναι
3298 3958 3526 4026 μάλιστα
3557 3956 3617 4007 τὸ
3650 3956 3817 4022 φυτὸν

2178 4052 2270 4102 καὶ
2299 4051 2431 4103 πολὺ
2487 4051 2615 4119 παρ’
2669 4048 2868 4109 αὐτοῖς,
2894 4047 2985 4098 καὶ
3029 4045 3112 4097 διὰ
3143 4044 3201 4095 τὸ
3259 4044 3457 4112 σφόδρα
3495 4041 3669 4093 ἀνθεῖν
3721 4044 3818 4094 καὶ

2177 4136 2474 4203 τεθηλέναι,
2535 4134 2693 4205 ἡνίκα
2749 4132 2813 4185 ἂν
2859 4130 3098 4200 ἀκμάζῃ,
3147 4130 3238 4182 καὶ
3281 4128 3510 4196 ἐσχάτην
3542 4127 3817 4196 ἀμορφίαν

2178 4221 2559 4284 ἐνδείκνυσθαι,
2619 4218 2831 4271 ἐπειδάν
2892 4216 3163 4286 ἀποϐάλλῃ
3218 4214 3286 4268 τὰ
3340 4212 3529 4282 φύλλα.
3570 4212 3677 4265 Kal
3732 4212 3816 4277 ὡς

2179 4307 2535 4373 παράδεισος
2566 4304 2718 4371 ὕδωρ
2749 4303 2832 4371 μὴ
2872 4302 3044 4368 ἔχων.
3077 4303 3182 4354 Καὶ
3209 4302 3241 4368 ὴ
3278 4299 3497 4368 δευτέρα
3528 4295 3687 4349 είκὼν
3713 4296 3815 4364 τῆς

2179 4393 2444 4462 προτέρας
2494 4390 2817 4457 σαφεστέρα,
2847 4388 2940 4441 καὶ
2968 4386 3293 4454 πιστουμένη
3324 4384 3430 4435 τῶν
3465 4384 3554 4434 ἐπὶ
3583 4384 3647 4450 τῇ
3684 4397 3811 4450 προ-

2178 4477 2309 4546 τέρᾳ
2329 4476 2499 4542 λόγων
2531 4475 2827 4545 εἰρημένων
2854 4482 2900 4526 Β,
2951 4472 3083 4524 υῦτε
3115 4472 3220 4540 γὰρ
3254 4470 3572 4538 παραδείσου
3598 4468 3815 4521 θάλλον-

2176 4578 2267 4624 τος
2293 4561 2665 4629 τερπνότερον,
2695 4557 2815 4610 οὐτε
2835 4556 3203 4627 ἐρημωθέντος
3235 4556 3641 4624 ἀτερπέστερον.
3672 4556 3816 4621 ἅπερ

2178 4648 2455 4718 ἀμφότερα
2481 4646 2697 4714 γέγονεν
2720 4644 2809 4696 ἐπὶ
2823 4644 2920 4712 τῆς
2948 4641 3318 4712 μητροπόλεως
3337 4640 3561 4709 ἐκείνης.
3582 4640 3814 4693 Πάντοτε

2176 4732 2283 4802 γὰρ
2308 4732 2373 4802 ἦν
2403 4732 2638 4801 ἀμείνων
2686 4730 2778 4782 καὶ
2818 4729 3183 4797 λαμπροτέρα,
3233 4725 3441 4795 μυρίοις
3481 4724 3814 4786 καλλωπιζο-

2180 4819 2316 4889 μένη
2366 4817 2621 4887 κόσμοις’
2673 4818 2766 4868 καὶ
2818 4816 3030 4868 πάντων
3081 4812 3425 4879 εὐτελεστέρα
3478 4811 3663 4877 γέγονε
3722 4809 3815 4861 καὶ

2177 4905 2535 4973 αἰσχροτέρα,
2585 4901 2829 4953 τοσοῦτον
2890 4900 3079 4969 ἀθρόον
3131 4895 3419 4964 εὐκοσμίας
3471 4892 3814 4946 ἀπολαϐοῦσα

2179 4990 2422 5044 πλοῦτον.
2478 4987 2589 5041 Kal
2650 4988 2819 5040 ἔσται
2876 4986 2913 5051 ἠ
2981 4984 3155 5052 ἰσχὺς
3213 4982 3405 5035 αὐτῶν
3450 4983 3529 5045 ὡς
3578 4979 3814 5046 καλάμη

2178 5077 2577 5132 στυππίου.Αί
2604 5075 2857 5144 πρότεραι
2901 5074 2995 5141 μὲν
3024 5072 3223 5132 εἰκόνες
3250 5069 3363 5139 118]
3394 5071 3469 5130 εἰς
3501 5067 3560 5117 τὸ
3580 5064 3815 5135 ἀτερπὲς

2179 5163 2614 5233 παρελήφθησαν,
2640 5160 2777 5228 αῦτη
2801 5161 2853 5210 δὲ
2884 5161 2959 5220 εἰς
2978 5158 3036 5210 τὸ
3056 5156 3303 5216 ἀσθενές·
3339 5156 3504 5204 πᾶσαι
3531 5152 3585 5203 δὲ
3613 5151 3815 5219 σφόδρα

2178 5252 2439 5319 ἐναργεῖς,
2477 5249 2568 5300 καὶ
2605 5246 2737 5297 πολὺ
2792 5245 2851 5294 τὸ
2896 5246 3058 5311 σαφὲς
3092 5243 3182 5296 καὶ
3224 5238 3546 5308 ἐμφαντικὸν
3576 5236 3810 5305 ἔχουσαι.

2189 5338 2280 5400 Ὡς
2318 5332 2551 5401 καλάμη
2598 5330 2922 5389 στυππίου,
2970 5328 3256 5388 τουτέστιν,
3303 5323 3561 5384 ἀσθενεῖς.
3604 5322 3710 5373 Καὶ
3752 5324 3814 5373 αἰ

2239 5486 2261 5511 ε
2286 5473 2376 5520 Καὶ
2398 5472 2452 5518 τὸ
2483 5471 2542 5516 τὰ
2568 5468 2879 5531 ἁμαρτήματα
2916 5466 3263 5531 ἀποκείρασθαι.
3298 5460 3470 5510 Nescio
3506 5473 3565 5508 an
3606 5472 3817 5519 unquam

2175 5533 2320 5579 talem
2345 5545 2481 5579 usum
2506 5526 2635 5577 vocis
2654 5526 2985 5589 ἀποκείρασθαι
3010 5526 3229 5589 videt-iul.

2243 5592 2258 5628 ῐ
2288 5594 2419 5649 Haec,
2445 5593 2551 5646 ἦτοι
2582 5592 2639 5636 τὰ
2666 5579 2854 5644 εἴδωλά,
2894 5588 3069 5635 desunt
3112 5588 3159 5631 in
3190 5582 3336 5630 Savll.
3375 5586 3425 5628 et
3451 5580 3593 5641 Reg.,
3614 5579 3701 5626 sed
3728 5579 3812 5625 ha-

2175 5651 2353 5699 bentur
2377 5657 2424 5701 in
2446 5652 2690 5699 Bavar’tco.

2238 5716 2260 5751 ε
2292 5699 2399 5760 ιὀςι
2428 5712 2676 5772 ειρημένων
2698 5709 2884 5772 Boislns
2907 5704 3145 5772 addiynlt
3166 5699 3569 5772 ἀλήθειανεβξιιιι.
3590 5699 3819 5772 tegm-

2175 5773 2338 5831 νείαν.)
2364 5760 2544 5820 Ιιήάὲιιῆ
2574 5780 2680 5831 pnst
2696 5768 2992 5831 τερπνότερον
3012 5766 3151 5812 deest
3176 5778 3234 5827 τι.
3269 5762 3412 5831 quod_
3432 5760 3576 5831 etiam
3602 5766 3712 5831 ante
3734 5772 3819 5831 ρο-

2176 5820 2334 5879 situm,
2360 5833 2509 5879 fuisse
2556 5820 2727 5890 notuit.
2752 5820 3036 5890 'Paulo'post
3073 5821 3595 5890 ρῐοπάντοτερΑιιοιιιιο
3644 5820 3817 5890 tegen-

2178 5894 2289 5940 dum
2327 5899 2457 5953 putant
2484 5882 2665 5938 πάντων
2686 5906 2749 5937 τε.
2774 5889 2869 5937 Sed
2891 5882 3103 5943 πάντοτέ,
3135 5884 3177 5929 ni
3192 5882 3347 5938 fallor,
3373 5882 3481 5927 ferri
3504 5884 3681 5941 μοιραί.
