4058 6216
202 422 273 477 25
1496 404 1558 459 IN
1597 403 1762 459 [SAM

1885 405 2028 460 ΟΜ».
2071 406 2109 459 l.
3350 422 3421 475 2-6

199 534 278 579 ea,
310 532 433 585 qua:
462 527 653 586 prteter
679 531 824 587 Spem
854 520 1159 587 consequuti
1190 526 1331 583 sunt,
1354 516 1626 582 beneficia,
1656 532 1773 586 gra-

199 624 422 676 vesque,
450 624 583 677 quas
614 609 750 678 passi
771 619 912 673 sunt,
942 624 1141 677 pennas.
1170 609 1301 674 Quia
1327 609 1466 663 enim
1493 624 1611 660 cum
1635 622 1771 676 sa'pe

198 708 252 751 et
281 700 449 751 multa
496 709 821 768 peccassent,
852 710 903 754 et
934 714 1171 769 magnam
1213 700 1304 753 Dei
1336 698 1636 767 patientiam
1676 713 1770 751 cx-

199 788 333 857 perti
381 797 581 855 essent,
637 789 691 843 in
740 790 994 858 ignaviam
1045 788 1355 852 inciderunt,
1402 788 1451 842 id
1493 798 1636 841 certe
1664 787 1773 839 vult

199 879 499 944 declarare,
529 880 669 948 quod
698 880 938 934 videlicet
970 880 1155 949 possit,
1198 880 1565 948 quando_vult,
1598 879 1767 932 vindi-

200 981 341 1024 ctam
373 986 607 1033 sumere,
656 972 770 1024 sine
810 971 913 1024 ulla
944 980 1153 1024 servata
1193 971 1439 1039 temporis
1477 970 1556 1023 vel
1581 983 1771 1039 oppor-

206 1062 449 1114 tunitatis
473 1062 770 1123 occasione,
803 1060 892 1113 sed
921 1060 1094 1113 omnia
1140 1060 1237 1115 sibi
1280 1075 1487 1128 semper
1516 1070 1691 1128 parata
1718 1070 1770 1112 et

202 1151 267 1203 ad
300 1167 517 1205 manum
545 1166 682 1206 esse.
716 1150 801 1203 Va.-
822 1152 1028 1219 fortibus
1056 1151 1219 1205 Israel
1244 1168 1261 1205 :
1288 1169 1385 1205 non
1410 1152 1539 1205 enim
1563 1150 1768 1204 cessabit

206 1244 349 1309 furor
373 1258 513 1295 meus
549 1254 721 1294 contra
747 1241 976 1294 inimicos
1016 1258 1167 1295 meos.
1197 1242 1329 1307 Quid
1358 1242 1495 1295 enim
1526 1240 1769 1295 miserius

206 1331 289 1392 iis.
318 1332 406 1399 qui
434 1332 597 1385 Deum
628 1331 819 1385 habent
844 1332 1147 1385 inimicum?
1174 1331 1291 1385 Non
1320 1332 1546 1395 cessabit,
1581 1332 1764 1401 inquit,

206 1440 311 1477 non
352 1433 410 1476 ut
450 1424 500 1478 in
544 1423 960 1491 desperationem
1002 1423 1275 1491 conjiciat,
1316 1424 1406 1477 sed
1436 1431 1491 1476 ut
1529 1424 1767 1477 timorem

205 1529 405 1583 augens
430 1514 493 1567 ad
526 1515 881 1582 paenitentiam
907 1524 1074 1568 vocet.
1112 1514 1239 1567 Nam
1273 1515 1381 1576 illo,
1414 1513 1531 1567 Non
1564 1514 1768 1569 cessabit

205 1608 371 1673 furor,
403 1605 685 1659 terribilius
714 1613 792 1659 est
817 1604 960 1670 illud,
989 1604 1173 1657 Contra
1199 1604 1421 1657 inimicos
1447 1621 1599 1658 meos.
1626 1604 1765 1658 Nihil

204 1695 346 1748 enim
384 1698 452 1747 ita
486 1696 647 1749 Deum
693 1693 757 1747 ad
808 1696 935 1748 iram
981 1695 1243 1748 concitare
1291 1694 1442 1755 solet,
1476 1706 1529 1747 ut
1579 1696 1766 1763 injuria

205 1784 525 1851 pauperibus
569 1786 723 1837 facta.
784 1784 867 1837 Vte
916 1792 1089 1838 autem
1135 1784 1344 1853 fortibus
1388 1784 1625 1850 dicebat,
1663 1799 1766 1838 non

204 1874 347 1941 quod
378 1876 681 1942 potentiam,
711 1876 801 1929 sed
831 1875 968 1943 quod
995 1876 1275 1943 potentiam
1306 1876 1370 1930 ad
1401 1875 1595 1930 malum
1620 1877 1772 1932 adhi-

208 1965 369 2017 bitam
400 1966 778 2019 criminaretur.
826 1965 1204 2020 Fortitudinem
1247 1982 1374 2021 vero
1402 1966 1487 2021 hic
1515 1982 1617 2022 non
1651 1983 1771 2023 cor-

204 2055 351 2123 poris
375 2055 517 2115 dicit,
551 2055 642 2109 sed
669 2069 785 2109 eam
818 2056 1097 2123 potentiam
1124 2072 1239 2125 quae
1265 2071 1330 2111 ex
1365 2056 1520 2112 rebus
1546 2060 1772 2113 circum-

204 2146 466 2198 stantibus
498 2146 715 2213 paritur.
749 2146 813 2197 Et
829 2146 1076 2213 judicium
1103 2146 1285 2215 faciam
1311 2148 1372 2201 de
1396 2148 1604 2203 inimicis
1625 2150 1763 2203 meis.

205 2235 437 2291 Plectam
467 2236 703 2291 inimicos
733 2251 900 2301 meos,
946 2236 1185 2292 inimicos
1224 2252 1347 2292 suos
1370 2253 1564 2294 vocans
1593 2241 1765 2294 inimi-

202 2340 296 2379 cos
338 2340 649 2394 pauperum,
690 2327 777 2395 qui
827 2326 927 2381 illis
965 2327 1210 2381 damnum
1254 2327 1484 2383 inferunt
1519 2346 1531 2380 :
1563 2328 1611 2383 id
1644 2345 1768 2384 vero

200 2416 414 2471 dicebat
445 2427 500 2469 ut
526 2416 698 2470 discas
725 2416 991 2485 injustitia:
1020 2418 1451 2487 magnitudinem.
1476 2418 1562 2475 25.
1595 2419 1660 2473 Et
1688 2421 1768 2474 in-

200 2510 388 2561 ducam
424 2526 625 2561 manum
665 2524 824 2562 meam
859 2526 1010 2577 super
1050 2518 1114 2577 te,
1144 2520 1189 2564 et
1214 2528 1484 2579 excoquam
1515 2522 1561 2566 te
1584 2515 1649 2565 ad
1676 2530 1768 2583 pu-

200 2616 339 2651 rum.
371 2599 438 2655 Ut
476 2600 667 2665 discas,
697 2600 1088 2669 qualiscumque
1114 2601 1182 2654 sit
1209 2600 1281 2654 ira
1323 2602 1413 2655 Dei
1439 2613 1491 2655 et
1517 2603 1762 2670 vindicta,

198 2704 320 2741 eam
354 2704 454 2742 non
484 2690 533 2741 in
562 2689 773 2748 malum.
804 2697 857 2743 et
895 2698 951 2743 ut
981 2704 1149 2758 paenae
1180 2690 1467 2745 inferantur
1491 2692 1659 2746 solum
1688 2693 1769 2746 in-

200 2782 333 2850 fligi,
364 2783 453 2837 sed
496 2791 552 2836 ut
596 2783 631 2836 ii
675 2783 759 2852 qui
806 2784 1089 2851 puniuntur
1135 2783 1200 2837 ad
1251 2783 1517 2839 meliorem
1564 2784 1763 2851 frugem

198 2883 537 2927 revocentur.
573 2874 641 2925 Et
670 2889 938 2941 excoquam
980 2882 1045 2938 te,
1077 2873 1263 2943 inquit,
1307 2874 1375 2927 ad
1408 2890 1606 2943 purum.
1651 2875 1763 2929 Non

194 2976 331 3031 ergo
358 2976 473 3014 cum
500 2963 834 3030 castigamur,
866 2962 958 3016 sed
990 2976 1109 3016 cum
1151 2976 1445 3028 peccamus,
1467 2978 1559 3019 nos
1586 2963 1767 3019 dolere

195 3065 296 3119 par
323 3061 401 3105 est
435 3069 447 3105 :
478 3051 601 3105 illud
641 3053 778 3106 enim
815 3051 1019 3117 sordes,
1066 3051 1165 3105 hoc
1203 3054 1559 3122 purgationem
1606 3058 1761 3123 parit.

194 3143 337 3210 Quid
368 3151 540 3195 autem
569 3150 668 3205 est,
698 3141 779 3194 Ad
806 3141 1024 3210 purum?
1056 3141 1120 3197 Ut
1148 3158 1214 3196 ne
1244 3144 1522 3213 vestigium
1553 3145 1761 3215 quidem

194 3232 374 3286 sordis
404 3232 453 3286 in
485 3241 535 3285 te
562 3241 788 3285 maneat.
829 3232 979 3299 Quod
1023 3232 1161 3287 enim
1196 3247 1325 3287 auro
1367 3235 1499 3304 ignis
1531 3244 1632 3301 est,
1666 3236 1765 3290 hnc

194 3325 403 3394 ignavis
427 3325 760 3393 supplicium.
811 3324 1157 3378 Inobedientes
1198 3341 1311 3379 vero
1342 3327 1564 3395 perdam,
1595 3338 1640 3381 et
1666 3345 1761 3380 au-

195 3420 360 3485 feram
381 3432 548 3469 omnes
572 3416 797 3469 inimicos
816 3431 847 3469 α
873 3424 938 3482 te,
962 3426 1008 3469 et
1029 3433 1196 3470 omnes
1209 3417 1446 3485 superbos
1468 3418 1758 3474 humiliabo.

195 3503 301 3570 Qui
330 3505 709 3574 enim,-inquit,
752 3504 1110 3559 insanabilitcr
1134 3516 1407 3576 aegrotant,
1445 3523 1540 3563 nec
1568 3510 1764 3577 suppli-

192 3595 295 3649 ciis
329 3594 539 3659 cedunt,
575 3594 625 3648 hi
655 3596 915 3664 peribunt.
946 3594 1072 3648 Nam
1110 3610 1225 3664 quas
1269 3596 1463 3650 utilitas
1486 3612 1550 3651 ex
1577 3612 1759 3651 eorum

192 3685 323 3748 vita,
354 3685 581 3751 quando,
608 3686 730 3739 dum
762 3686 962 3747 vivunt,
993 3694 1047 3739 et
1075 3685 1171 3739 sibi
1196 3695 1249 3739 et
1276 3686 1392 3740 aliis
1418 3687 1761 3741 insidiantur?

192 3776 293 3841 Qui
324 3785 496 3829 autem
523 3791 585 3830 ex
609 3791 789 3830 eorum
818 3776 1073 3846 supplicio
1102 3775 1341 3831 meliores
1378 3778 1485 3831 fieri
1521 3788 1756 3846 possunt,

192 3869 227 3922 ii
281 3868 591 3921 manebunt.
646 3867 742 3921 llic
788 3882 947 3938 porro
988 3867 1114 3923 mihi
1159 3867 1361 3921 videtur
1405 3869 1757 3936 captivitatem

191 3956 551 4012 subindicarc.
582 3957 670 4011 26.
704 3956 767 4010 Et
793 3958 1063 4026 pne/icium
1079 3956 1277 4026 judices
1302 3966 1431 4019 tuos,
1456 3958 1579 4011 sicut
1598 3959 1755 4028 prius,

191 4060 237 4102 et
264 4048 579 4101 consiliarios
602 4057 733 4113 tuos,
763 4049 888 4100 sicut
917 4048 977 4100 ab
1004 4049 1163 4101 initio.

263 4139 318 4190 9.
349 4138 443 4191 llic
470 4137 693 4191 reditum
721 4138 1010 4191 annuntiat.
1040 4138 1105 4190 lis
1131 4139 1268 4190 enim
1291 4139 1374 4207 qui
1400 4138 1759 4191 insanabilitcr

193 4228 522 4295 :rgrotabant
541 4227 777 4291 sublatis,
805 4238 857 4281 et
879 4229 941 4281 iis
960 4228 1045 4295 qui
1070 4226 1478 4295 resipiscentiam
1509 4228 1759 4282 exhibere

194 4326 437 4387 poterant
478 4317 808 4382 emendatis,
853 4326 1145 4385 opportune
1184 4318 1435 4379 reliquam
1475 4318 1759 4372 curationis

192 4409 426 4476 speciem
468 4407 681 4461 adhibet
714 4425 725 4460 :
757 4422 818 4461 ea
859 4415 940 4461 est
976 4407 1308 4476 probatorum
1341 4409 1627 4479 principum
1658 4410 1755 4464 do-

192 4499 444 4561 minatus,
467 4507 517 4550 ct
538 4497 955 4552 consiliariorum
979 4496 1233 4551 bonorum
1254 4499 1432 4567 copia;
1462 4508 1517 4553 ut
1536 4514 1758 4567 corpore

193 4590 445 4644 remediis
488 4590 735 4653 cedente,
777 4588 1097 4659 medicisque
1138 4589 1349 4657 optimis
1395 4589 1755 4655 adstantibus,

190 4681 339 4733 urbis
370 4690 545 4748 partes
570 4678 797 4746 undique
826 4678 889 4730 ad
920 4680 1195 4732 sanitatem
1224 4691 1609 4735 revocarentur.
1640 4682 1755 4735 Non

190 4773 333 4826 enim
362 4786 579 4838 parvum
624 4768 864 4823 beneficii
902 4784 1066 4838 genus
1095 4778 1208 4835 est,
1240 4770 1499 4838 principes
1527 4773 1755 4826 nancisci

189 4864 377 4916 honos.
409 4860 471 4912 Et
497 4871 603 4929 post
625 4862 729 4913 hazc
751 4861 1001 4913 vocaberis
1021 4862 1192 4914 civitas
1211 4862 1443 4929 justitite,
1470 4865 1756 4929 metropolis

189 4953 321 5007 Sion
361 4951 545 5019 ﬁdelis.
591 4950 747 5018 Atqui
794 4964 1047 5017 nusquam
1096 4950 1388 5018 reperimus
1433 4952 1531 5005 hoc
1564 4967 1753 5006 nomen

189 5043 306 5097 urbi
350 5041 799 5111 Jcrosolymorum
832 5040 1070 5094 inditmn.
1105 5040 1238 5105 Quid
1274 5056 1398 5109 ergo
1425 5042 1754 5097 dixerimus?

187 5135 339 5188 [lane
369 5131 774 5201 appellationem
803 5146 870 5184 ex
896 5130 1054 5184 rebus
1086 5131 1211 5199 ipsis
1242 5130 1310 5184 illi
1339 5132 1592 5185 attribuit.

255 5222 556 5275 Judworum
578 5221 841 5289 objectioni
859 5222 1201 5288 respondetur.
1222 5251 1287 5259 —
1305 5222 1433 5275 Illud
1456 5238 1577 5275 vero
1604 5222 1754 5276 nobis

186 5328 292 5369 non
318 5328 501 5382 parum
533 5312 653 5364 utile
680 5311 800 5372 erit,
828 5324 945 5363 cum
976 5311 1141 5365 Judaei
1169 5326 1195 5361 a
1229 5312 1379 5365 nobis
1405 5322 1582 5379 petent
1611 5314 1752 5366 vocis

188 5403 501 5459 Emmanuel
558 5402 1067 5469 interpretationem.
1134 5401 1290 5453 Isaias
1346 5417 1569 5470 namque
1624 5402 1753 5455 dixit

184 5496 451 5548 Christum
482 5493 555 5546 sic
586 5492 875 5545 vocandum
906 5490 1049 5552 fore,
1084 5502 1134 5545 et
1169 5503 1340 5544 tamen
1372 5506 1651 5560 numquam
1677 5492 1751 5545 sic

183 5595 403 5638 vocatus
427 5593 528 5647 est,
560 5582 973 5651 respondeamus
1000 5583 1145 5650 ipsis,
1178 5598 1295 5636 eum
1327 5582 1540 5645 dixisse,
1575 5598 1748 5635 rerum

183 5676 618 5745 significationem
663 5675 825 5742 ipsius
872 5688 1060 5727 nomen
1107 5687 1223 5727 esse
1265 5672 1414 5737 (lsai.
1446 5674 1495 5726 7.
1540 5672 1615 5740 4).
1664 5673 1750 5726 Sic

178 5765 339 5816 ttiam
370 5765 457 5817 hic
485 5762 799 5818 faciendum.
831 5762 917 5815 27.
950 5763 1075 5816 Cum
1101 5762 1296 5831 judicio
1324 5764 1451 5816 enim
1481 5761 1746 5815 salvabitur

1879 521 2139 585 captivitas
2163 524 2286 592 ejus,
2328 529 2373 574 et
2414 534 2526 572 cum
2574 517 2932 571 misericordia.
2970 515 3093 570 Cum
3118 514 3335 583 judicio,
3368 511 3421 566 id

1875 625 1948 664 ρει
1972 651 1986 671 ,
2026 627 2147 667 cum
2172 614 2396 667 vindicta
2418 655 2431 676 ,
2460 610 2692 665 cruciatu
2720 618 2771 663 et
2796 607 3053 679 supplicio
3078 606 3439 662 inimicorum.

1874 698 1998 753 Cum
2022 704 2358 756 misericordia
2382 744 2395 767 ,
2442 701 2542 755 hoc
2579 708 2695 765 est,
2737 714 2855 753 cum
2897 698 3056 751 multa
3088 696 3439 766 benignitate.

1876 793 1986 847 Duo
2024 794 2106 846 hic
2136 795 2261 863 ipsis
2292 796 2512 847 maxima
2543 793 2677 846 dona
2709 791 2985 860 pollicetur
3008 830 3022 854 ,
3074 787 3271 841 scilicet
3309 796 3431 841 tunc

1872 897 2055 951 ptenas
2090 884 2305 937 daturos
2348 900 2440 936 eos
2470 884 2555 950 qui
2597 898 2653 934 se
2697 881 3057 945 abduxeraat,
3103 889 3327 948 tuncque
3372 892 3432 932 se

1874 973 2035 1026 multa
2078 972 2329 1027 fruituros
2378 988 2494 1026 csse
2545 971 2827 1035 felicitate,
2874 985 3095 1039 quorum
3152 979 3429 1037 utrumque

1872 1063 2093 1117 seorsim
2120 1079 2359 1131 magnam
2392 1070 2562 1130 potest
2589 1061 2776 1115 afferre
2803 1060 3123 1127 volupta'em
3151 1076 3162 1111 :
3186 1073 3303 1112 cum
3334 1072 3430 1110 an—

1876 1164 1980 1209 tem
2007 1154 2161 1207 ambo
2187 1154 2581 1217 concurrerint,
2629 1150 2993 1206 inenarrabilis
3037 1150 3213 1203 laetitia
3253 1148 3429 1203 fuerit.

1873 1245 2097 1298 Aliunde
2122 1259 2247 1299 vero
2274 1244 2557 1299 ostendere
2586 1243 2798 1309 volens,
2830 1251 2947 1310 post
2977 1242 3179 1311 longam
3209 1242 3431 1308 captivi-

1875 1342 2033 1386 tatem
2064 1349 2175 1398 cos,
2202 1348 2303 1385 non
2331 1333 2468 1402 quod
2489 1333 2673 1401 dignas
2697 1345 2877 1400 poenas
2897 1330 3154 1396 dederint,
3176 1343 3271 1383 nec
3290 1330 3430 1397 quod

1875 1430 2081 1491 peccata
2130 1438 2221 1476 sua
2266 1422 2605 1491 cxpiaverint,
2653 1420 2744 1475 sed
2793 1429 3011 1490 propter
3062 1420 3430 1489 benignitatem

1876 1517 1985 1580 Dei,
2015 1519 2064 1570 'm
2095 1533 2239 1571 suam
2266 1517 2443 1571 reduci
2471 1526 2680 1571 terram.
2712 1530 2828 1583 quzc
2858 1514 3002 1567 salus
3032 1512 3197 1581 magis
3224 1520 3305 1565 est
3334 1511 3403 1565 mi

1871 1609 2192 1673 scricordim,
2224 1623 2379 1678 quam
2410 1606 2765 1661 retributionis
2794 1604 2872 1656 vel
2898 1604 3097 1673 prmmii
3121 1644 3134 1669 ,
3166 1602 3283 1657 ideo
3310 1602 3433 1656 sub-

1865 1697 2057 1766 junxit,
2090 1697 2154 1750 Et
2185 1714 2297 1751 cum
2322 1696 2673 1750 misericordia.
2705 1694 2792 1749 28.
2839 1693 2902 1746 Et
2941 1702 3249 1746 conterentur
3276 1692 3433 1760 iniqu:

1871 1801 1914 1843 et
1940 1800 2219 1858 peccatores
2261 1791 2430 1843 simul.
2460 1789 2633 1844 Tertia
2666 1788 2777 1840 haec
2808 1796 2888 1841 est
2914 1786 3116 1853 species
3147 1784 3384 1840 beneﬁcii
3412 1826 3427 1849 ,

1869 1883 2007 1951 quod
2036 1896 2192 1936 nemo
2218 1882 2287 1935 sit
2311 1881 2398 1949 qui
2427 1880 2650 1935 abducat
2678 1888 2731 1933 et
2758 1880 2807 1932 in
2844 1876 3081 1931 fraudem
3113 1876 3313 1940 trahat,
3342 1875 3432 1929 sed

1870 1972 2113 2040 nequitia:
2138 1972 2382 2025 doctores
2418 1972 2482 2024 dc
2527 1971 2697 2023 medio
2725 1968 2912 2022 sublati
2941 1968 3064 2022 sint.
3094 1966 3158 2019 Et
3187 1966 3269 2035 qui
3298 1967 3437 2017 a'ere-

1870 2061 2117 2128 liquerunt
2142 2060 2452 2123 Dominum,
2501 2059 2995 2112 consummabuntur.
3038 2056 3185 2127 Impii
3224 2067 3432 2116 autem,

1870 2151 2059 2220 inquit,
2081 2150 2347 2220 peribunt.

1937 2241 2251 2297 ldololatria:
2295 2242 2551 2311 turpitudo
2587 2251 2630 2294 et
2667 2240 2878 2294 vanitas.
2907 2268 2973 2278 —
2996 2239 3085 2293 ‘29.
3131 2238 3261 2305 Quia
3304 2253 3437 2290 nunc

1869 2333 2235 2402 confundentur
2258 2334 2309 2385 in
2337 2333 2484 2385 idolis
2505 2333 2630 2396 suis,
2653 2347 2762 2400 qua:
2784 2331 2879 2399 ipsi
2906 2329 3181 2383 voluerunt.
3212 2329 3431 2395 Quidam

1870 2423 1983 2476 hzec
2012 2422 2148 2476 dicta
2182 2423 2300 2476 huic
2331 2423 2550 2491 tempori
2593 2432 2772 2489 aptare
2801 2429 3059 2474 Conantur
3087 2438 3099 2473 :
3127 2430 3174 2472 at
3208 2434 3300 2472 nos
3332 2434 3434 2471 non

1868 2511 2255 2566 confutabimus
2281 2512 2417 2570 illos.
2442 2510 2533 2565 sed
2556 2512 2745 2565 seriem
2773 2525 3074 2577 sequemur.
3102 2509 3222 2562 llzec
3241 2508 3437 2577 quippe

1868 2610 2022 2668 sunt,
2067 2618 2182 2670 quae
2209 2614 2457 2655 eventura
2489 2602 2617 2655 dicit
2668 2602 2716 2654 in
2766 2601 2991 2653 hostium
3039 2600 3268 2653 incursu.
3298 2597 3431 2651 Cum

1868 2695 2005 2747 enim
2025 2733 2039 2756 ,
2070 2692 2293 2746 barbaro
2321 2702 2511 2745 terram
2541 2692 2844 2745 inenrsante
2872 2730 2884 2754 ,
2918 2691 3099 2742 urbem
3128 2688 3434 2751 obsidente,

1868 2792 1921 2837 et
1944 2796 2128 2837 omnes
2156 2782 2303 2852 quasi
2332 2783 2531 2836 retibus
2562 2782 2788 2837 inclusos
2816 2790 3022 2834 tenente
3042 2822 3057 2845 ,
3102 2794 3257 2834 nemo
3284 2778 3437 2833 fuerit

1866 2872 1953 2942 qui
1977 2872 2243 2935 defendat,
2267 2883 2319 2927 ct
2346 2873 2538 2927 nubem
2567 2872 2706 2925 illam
2737 2872 2980 2938 depellat,
3015 2885 3078 2923 eo
3105 2869 3245 2938 quod
3272 2884 3299 2922 a
3325 2870 3433 2921 Deo

1866 2963 2100 3018 derclicti
2132 2963 2347 3025 fuerint,
2367 2963 2482 3031 jure
2503 2978 2563 3015 ex
2595 2963 2704 3031 ipsa
2734 2977 2910 3016 rerum
2938 2960 3283 3027 experientia,
3314 2969 3437 3011 tunc

1868 3070 2057 3124 magno
2099 3055 2298 3124 pudore
2346 3055 2710 3108 suffnndentur
2759 3056 2791 3107 ii
2834 3054 2920 3123 qui
2968 3053 3245 3106 coluerunt
3273 3050 3433 3103 idola.

1870 3145 1995 3212 Qua:
2019 3146 2313 3210 voluerunt,
2342 3146 2541 3213 inquit,
2590 3145 2639 3197 in
2672 3144 2859 3211 quibus
2885 3141 3055 3195 studia
3082 3154 3172 3193 sua
3200 3138 3417 3193 colloca-

1866 3244 2003 3290 runt.
2033 3235 2100 3288 Et
2135 3237 2419 3290 erubescent
2461 3235 2510 3287 in
2550 3234 2861 3303 sculptilibus
2901 3233 3004 3286 suis
3032 3246 3145 3295 aute
3185 3230 3430 3299 fecerunt.

1865 3326 2137 3381 Narrantis
2188 3341 2333 3380 more
2385 3326 2774 3379 accusationem
2834 3322 3072 3377 instituit.
3132 3320 3435 3376 Sufficiehat

1864 3418 2002 3471 enim
2028 3418 2184 3471 etiam
2214 3426 2336 3470 ante
2362 3416 2613 3469 inflictum
2646 3415 2857 3478 vulnus,
2887 3413 2967 3467 vel
2997 3413 3106 3481 ipse
3134 3410 3269 3465 idola
3300 3424 3431 3463 con-

1868 3509 2073 3563 ficiendi
2102 3508 2289 3562 modus
2316 3508 2379 3561 ad
2410 3521 2503 3562 eos
2540 3506 2738 3574 pudore
2777 3503 3102 3558 afficiendos.
3129 3500 3262 3569 Quid
3289 3501 3430 3554 enim

1866 3601 2086 3668 turpius,
2115 3614 2269 3669 quam
2298 3600 2394 3652 sibi
2420 3598 2516 3666 ipsi
2546 3598 2701 3651 deum
2729 3596 2938 3650 facere?
2974 3594 3035 3647 Et
3065 3592 3431 3663 confundcntur

1862 3708 2011 3759 super
2039 3691 2194 3744 hortis
2223 3692 2345 3752 suis,
2376 3705 2487 3760 qua!
2515 3691 2917 3759 concupiverunt.
2947 3687 3059 3742 Non
3089 3686 3257 3740 solum
3288 3686 3427 3738 enim

1863 3781 2121 3850 sculptilis
2150 3780 2455 3842 adorabunt,
2486 3781 2575 3833 sed
2600 3781 2757 3833 etiam
2782 3778 2997 3832 arbores
3019 3778 3069 3831 in
3093 3777 3261 3831 hortis
3286 3776 3429 3829 cole-

1862 3871 2006 3926 bant.
2035 3871 2121 3927 50.
2164 3870 2328 3924 Erunt
2361 3873 2492 3923 enim
2522 3871 2666 3938 quasi
2697 3870 3015 3933 terebinthus,
3052 3883 3162 3935 qua:
3188 3867 3308 3935 folia
3337 3881 3429 3916 sua

1862 3965 2046 4017 amisit.
2077 3963 2288 4018 Scilicet
2320 3962 2453 4015 idola
2478 4002 2491 4023 ,
2532 3962 2612 4013 vel
2642 3960 2798 4013 etiam
2830 3974 2923 4013 eos
2951 3958 3037 4026 qui
3066 3956 3246 4010 urbem
3277 3954 3429 4006 inco-

1864 4056 2095 4110 lebant‘.
2128 4053 2408 4121 Imaginem
2442 4066 2596 4119 porro
2626 4049 2828 4103 arboris
2858 4048 3012 4116 hujus
3040 4046 3278 4109 induxit,
3305 4045 3426 4113 quia

1862 4146 1914 4199 in
1945 4145 2028 4198 illa
2070 4144 2285 4212 regione
2326 4143 2635 4195 nascebatur
2673 4150 2729 4193 et
2772 4141 3012 4209 frequens
3050 4144 3192 4197 erat,
3225 4146 3275 4190 et
3304 4136 3425 4205 quia

1861 4233 2140 4289 admodum
2182 4234 2335 4285 ﬂoret
2362 4241 2415 4285 ct
2451 4232 2612 4285 densa
2661 4231 2795 4284 foliis
2836 4238 2950 4294 est,
2996 4228 3118 4283 dum
3166 4228 3334 4288 viret,
3376 4236 3431 4277 et

1862 4339 2153 4381 extremam
2183 4326 2566 4379 deformitatem
2596 4339 2706 4393 pra:
2736 4338 2793 4378 sc
2824 4323 2973 4384 ferat,
3000 4335 3118 4374 cum
3152 4318 3270 4370 folia
3297 4318 3428 4369 ami-

1861 4419 2009 4473 serit.
2062 4417 2128 4470 Et
2175 4418 2299 4471 sicut
2345 4418 2516 4469 hortus
2561 4432 2657 4467 non
2715 4414 2898 4465 habens
2943 4426 3141 4479 aquam.
3186 4407 3426 4463 Secunda

1862 4510 2034 4578 imago
2061 4509 2235 4577 priore
2265 4507 2457 4559 clarior
2483 4513 2595 4564 est.
2644 4513 2697 4558 et
2740 4503 2894 4557 tidem
2943 4501 3062 4555 facit
3092 4501 3184 4563 iis,
3228 4515 3343 4560 quae
3374 4500 3425 4553 in

1861 4600 2037 4667 priore
2067 4599 2205 4651 dicta
2239 4606 2379 4649 sunt.
2407 4594 2543 4648 Nihil
2575 4593 2711 4645 enim
2740 4602 2819 4645 est
2841 4592 2994 4645 horto
3019 4589 3429 4652 virentejucun-

1860 4689 1996 4749 dius,
2026 4688 2152 4740 nihil
2181 4687 2331 4739 horto
2360 4687 2441 4739 bis
2468 4685 2716 4738 destituto
2746 4682 3096 4751 injucundius,
3126 4694 3241 4750 qua:
3266 4680 3426 4732 ambo

1862 4781 1932 4832 illi
1966 4780 2239 4847 metropoli
2276 4778 2624 4847 contigerunt.
2665 4775 2887 4845 Semper
2926 4775 3064 4829 enim
3092 4772 3284 4842 optima
3311 4777 3425 4823 erat

1859 4882 1915 4925 et
1955 4871 2375 4938 Splendidissima
2404 4909 2418 4931 ,
2470 4868 2757 4921 innumeris
2796 4867 3040 4920 decorata
3073 4859 3424 4919 ornamentis.

1859 4972 1913 5016 et
1953 4963 2187 5015 omnium
2230 4962 2476 5016 vilissima
2526 4958 2926 5027 turpissimaque
2972 4955 3105 5009 facta
3151 4960 3250 5019 est,
3304 4964 3424 5005 cum

1862 5064 2031 5109 tantas
2087 5054 2371 5122 derepente
2423 5060 2849 5104 ornamentorum
2891 5044 3098 5099 divitias
3140 5040 3422 5096 amisisset.

1858 5147 1945 5201 51.
1972 5146 2035 5199 Et
2056 5146 2146 5199 erit
2168 5143 2406 5215 fortitudo
2432 5158 2600 5195 eorum
2625 5140 2767 5208 quasi
2786 5138 2969 5206 stipula
2990 5145 3198 5207 stuppw.
3219 5134 3429 5189 Priures

1858 5237 2068 5303 quidem
2099 5235 2349 5302 imagines
2394 5233 2459 5286 ad
2506 5230 2842 5299 injucundum
2875 5226 3226 5296 spectaculum
3256 5232 3424 5293 capta:

1856 5335 1999 5390 sunt,
2031 5324 2146 5377 haec
2173 5336 2299 5376 vero
2322 5321 2388 5375 ad
2423 5322 2777 5374 infirmitatem
2806 5314 3173 5371 declarandam
3200 5331 3214 5367 ι
3242 5326 3425 5367 omnes

1856 5424 2030 5469 autem
2078 5412 2357 5467 admodum
2400 5412 2688 5481 perspicuae
2715 5420 2868 5473 sunt,
2902 5408 3169 5475 multaque
3196 5402 3428 5473 gaudent

1855 5508 2093 5560 claritate
2138 5515 2191 5559 et
2234 5504 2489 5572 emphasi.
2529 5503 2681 5567 Quasi
2733 5502 2919 5566 stipula
2963 5508 3174 5567 stuppae,
3218 5495 3266 5548 id
3311 5502 3423 5551 est.

1858 5595 2169 5649 imbecilles.
2204 5593 2270 5646 Et
2309 5610 2460 5662 Opera
2490 5610 2659 5645 eorum
2702 5591 2842 5660 quasi
2885 5588 3102 5643 scintilla
3145 5585 3291 5654 ignis.
3333 5583 3427 5637 Hic

1918 5710 1933 5739 ¹
1974 5708 2026 5755 In
2049 5706 2187 5754 savil.
2215 5714 2264 5755 et
2299 5712 2437 5767 Reg.,
2454 5704 2743 5767 quibusdam
2767 5702 2974 5761 omissis,
3001 5700 3072 5748 sic
3096 5696 3306 5759 legitur:
3328 5685 3427 5737 δοι-

1855 5769 1962 5818 liret
1988 5768 2022 5819 ii
2046 5768 2127 5828 qui
2150 5768 2311 5817 urbem
2334 5766 2615 5816 incolebant.
