4058 6216
614 361 685 418 27
1280 357 1329 415 ε.
1368 359 1644 416 JOANNIS
1684 362 2150 423 cnnvsosrom
2191 366 2504 426 ARCHIEP.
2544 370 3063 429 CONSTANTINOP.
3794 386 3870 440 23

613 474 843 532 ostendit
873 490 935 530 ex
964 474 1153 543 scipsis
1184 476 1320 530 mala
1352 477 1610 544 prodiissc
1633 518 1649 544 ,
1697 479 1944 547 ipsosque
1970 480 2069 534 sibi
2094 496 2184 535 ca-

615 565 912 636 ptivitatem
940 564 1228 634 peperisse,
1249 572 1302 620 et
1323 564 1588 622 fornacem
1617 567 1973 624 succendisse.
1995 569 2186 636 Quem-

615 654 901 710 admodum
955 655 1096 710 enim
1155 655 1396 711 scintilla:
1446 656 1647 725 illapsu:
1690 657 1865 727 ignem
1915 660 2183 726 excitant,

613 745 686 801 ita
720 753 932 816 peccata
971 759 1156 800 eorum
1201 754 1450 814 congesta
1492 745 1587 800 Dei
1633 745 1765 800 iram
1810 747 2181 802 accenderunt.

612 833 683 889 Et
710 836 824 906 igne
847 844 1200 891 consumantur
1223 833 1382 904 iniqui
1411 845 1457 890 et
1487 846 1768 906 peccatores
1800 837 1984 905 simul,
2014 847 2060 891 et
2085 854 2185 892 non

609 927 702 980 erit
722 927 806 996 qui
827 928 1126 999 exstinguat.
1147 927 1350 983 Rursus
1373 927 1597 999 denegat
1615 929 1836 984 salutem
1855 929 1924 984 ob
1943 929 2183 985 eamdem

610 1015 780 1085 ipsam
810 1031 1021 1074 causam
1045 1059 1061 1085 ,
1108 1033 1213 1073 non
1242 1028 1298 1074 ut
1325 1017 1631 1090 desperent,
1658 1019 1751 1076 sed
1777 1029 1834 1075 ut
1858 1019 1983 1075 hinc
2009 1020 2184 1076 valido

609 1109 801 1167 timore
831 1110 1089 1180 perculsi,
1121 1110 1387 1182 ingentem
1419 1111 1677 1182 ignaviam
1707 1112 1997 1167 excutiant.
2025 1111 2181 1166 Aliud

605 1215 817 1270 quoque
844 1201 931 1257 hic
956 1200 1254 1257 subindicat
1271 1242 1285 1268 ,
1318 1201 1483 1273 ipsius
1513 1217 1701 1273 nempe
1727 1201 2180 1273 inexpugnabilem

606 1292 897 1360 potentiam
916 1332 932 1359 ,
958 1292 1210 1364 quodque
1234 1294 1350 1363 ipso
1380 1293 1632 1364 puniente
1651 1335 1666 1360 ,
1699 1302 1753 1350 et
1775 1293 2059 1350 vindictam
2086 1311 2180 1351 su-

608 1389 807 1448 mente,
839 1397 997 1440 nemo
1026 1385 1194 1454 possit
1222 1383 1472 1442 resistere
1500 1395 1552 1440 et
1582 1384 1720 1441 mala
1747 1385 1973 1444 solvere.

1234 1515 1460 1573 CAPUT
1511 1514 1574 1570 11.

684 1622 917 1694 Verbum,
941 1628 1076 1696 quod
1098 1629 1289 1697 {actum
1319 1639 1386 1683 est
1413 1630 1480 1682 atl
1521 1629 1713 1684 Isaiam
1741 1631 1908 1699 [ilium
1935 1636 2103 1686 Amos.

677 1739 728 1792 1.
771 1738 904 1795 llinc
945 1740 1110 1811 liquet
1151 1741 1438 1810 prophetas
1474 1758 1578 1797 non
1622 1759 1727 1799 uno
1772 1754 2012 1813 tempore
2057 1760 2178 1814 pro-

605 1828 810 1896 phetias
833 1829 1052 1897 dixisse,
1075 1830 1169 1886 scd
1198 1831 1422 1887 diversis
1441 1833 1646 1890 amatos
1679 1836 2024 1904 temporibus,
2059 1851 2177 1905 par-

603 1927 683 1972 tes
710 1918 963 1989 quasdam
993 1921 1354 1989 annuntiasse,
1378 1938 1497 1993 ane
1514 1923 1726 1979 demum
1739 1926 1893 1981 simul
1914 1927 2174 1995 collectae,

604 2017 770 2064 totum
803 2009 992 2065 librum
1020 2011 1326 2069 effecerunt.
1357 2013 1480 2070 ldeo
1504 2017 1581 2071 sic
1618 2017 1816 2086 incipit.
1848 2018 2028 2088 Neque
2055 2019 2176 2075 hinc

603 2109 803 2155 tantum
846 2102 895 2157 id
927 2103 1096 2173 palam
1126 2105 1277 2160 nobis
1314 2115 1396 2161 est
1434 2114 1489 2161 et
1528 2107 1783 2178 liquidum
1806 2151 1822 2176 ,
1845 2109 1938 2165 sed
1973 2111 2094 2180 quia
2122 2112 2173 2165 in

603 2192 947 2260 sequentibus
973 2201 1208 2263 tempora
1240 2195 1536 2266 significat,
1567 2213 1708 2253 nunc
1751 2198 1936 2255 dicens
1964 2215 1979 2253 :
2004 2201 2168 2264 Anno,

601 2296 698 2349 quo
717 2281 968 2352 iugrrssus
994 2293 1063 2338 est
1088 2283 1295 2339 Nat/mu
1319 2286 1390 2356 (α)
1409 2288 1780 2358 AzotumUsai.
1802 2290 1893 2345 20.
1914 2293 1968 2360 1)
1996 2310 2009 2356 ;
2039 2309 2176 2348 nunc

599 2385 733 2426 vero
765 2389 777 2424 :
815 2371 882 2425 Et
909 2377 1096 2443 factum
1127 2385 1196 2429 est
1231 2378 1282 2428 iu
1328 2393 1461 2430 mmo
1497 2378 1549 2430 in
1589 2395 1686 2446 quo
1728 2390 1954 2434 mortuus
1993 2392 2063 2435 est
2087 2400 2176 2436 rex

605 2461 775 2530 Ozias,
807 2465 908 2518 vidi
937 2465 1208 2520 Dominum
1252 2468 1502 2522 sedentem
1526 2486 1676 2538 super
1715 2471 1898 2524 solium
1927 2475 2174 2527 excelsum

599 2565 646 2608 et
693 2555 936 2609 eleuatum
983 2555 1131 2625 (Isai.
1164 2556 1196 2611 6
1268 2558 1342 2627 1).
1393 2557 1506 2613 Non
1542 2561 1682 2615 enim
1731 2563 2172 2631 quemadmodum

603 2644 751 2700 Pauli
800 2644 1049 2716 Epistola:
1077 2657 1126 2703 et
1162 2647 1444 2720 Evangelia
1483 2652 1533 2705 in
1571 2668 1731 2706 unum
1760 2655 1980 2710 collecta
2027 2669 2169 2722 sunt,

601 2735 671 2790 ita
703 2745 755 2794 et
781 2738 1092 2808 prophetiae,
1116 2741 1208 2794 sed
1241 2741 1378 2812 quod
1407 2741 1538 2808 dixi,
1567 2743 1790 2800 diversis
1821 2747 2170 2815 temporibus.

600 2824 755 2882 Unde
779 2827 846 2882 ab
871 2829 976 2884 alio
999 2830 1220 2884 exordio
1258 2841 1571 2898 praesentem
1600 2833 1614 2864 ¹
1648 2850 1946 2890 sermonem
1968 2837 2169 2906 incipit.

598 2917 781 2986 Neque
832 2917 950 2973 ideo
986 2927 1209 2983 tantum,
1241 2921 1332 2975 sed
1363 2922 1484 2988 quia
1527 2935 1917 2993 argumentum,
1952 2926 2019 2982 de
2069 2943 2173 2998 quo

601 3008 915 3078 loquuturus
954 3018 1056 3075 est,
1087 3010 1244 3080 longo
1270 3013 1440 3080 spatio
1468 3012 1628 3067 distat
1648 3029 1678 3068 a
1707 3016 2130 3084 praecedentibus
2153 3061 2167 3085 ,

598 3100 978 3172 sublimiusque
996 3111 1096 3158 est.
1129 3104 1249 3172 Agit
1271 3104 1411 3158 enim
1435 3105 1501 3159 de
1520 3107 1752 3174 gentium
1781 3110 2077 3177 vocatione,
2105 3111 2172 3167 de

600 3190 989 3260 praedicationis
1009 3193 1257 3262 adventu,
1290 3195 1356 3251 de
1375 3197 1674 3266 cognitione
1697 3213 1789 3266 per
1802 3208 1965 3254 totum
1988 3202 2170 3256 orbem

598 3290 815 3335 extensa
841 3322 856 3347 ,
879 3291 932 3338 ct
972 3282 1039 3339 de
1089 3299 1216 3353 pace
1255 3286 1435 3340 orbem
1475 3298 1808 3356 occupatura.
1855 3289 2006 3356 Quod
2033 3292 2075 3345 si
2103 3293 2171 3348 de

600 3370 793 3427 talibus
821 3381 1136 3428 tractaturus
1160 3373 1514 3444 dogmatibus,
1541 3375 1774 3432 Judaeam
1801 3389 1854 3433 et
1874 3379 2167 3436 Jerusalem

595 3473 878 3530 memOrat,
906 3465 1033 3519 nihil
1062 3466 1273 3520 mirum.
1298 3467 1445 3534 Quod
1477 3468 1616 3521 enim
1636 3468 1912 3525 dicebatur
1940 3471 2172 3540 prophe-

600 3556 672 3608 tia
725 3557 969 3616 crat,his
1025 3557 1298 3612 nominum
1346 3559 1792 3628 appellationibus
1838 3562 2166 3618 adumbrata.

595 3644 1034 3715 Quandoquidem
1063 3647 1224 3703 David
1272 3648 1535 3704 Psahnum
1584 3653 2027 3723 septuagesimum
2060 3657 2172 3724 pri-

597 3751 742 3794 mum
769 3737 1175 3807 compositurus,
1207 3738 1355 3793 illum
1387 3740 1654 3796 Salomoni
1674 3743 2025 3812 inscripsit,et
2049 3760 2174 3814 pro-

596 3844 814 3901 gressus
853 3831 1011 3901 longe
1040 3831 1238 3901 majora
1278 3831 1574 3887 Salomonis
1599 3833 1887 3903 dignitate,
1924 3837 2031 3890 imo
2071 3854 2175 3906 po-

599 3920 704 3975 tius
735 3928 842 3975 tota
879 3920 1149 3976 hominum
1181 3930 1364 3976 natura
1389 3921 1510 3976 vidit
1529 3924 1569 3974 ¹.
1597 3923 1725 3977 Illud
1753 3925 1914 3992 enim,
1941 3926 2068 3979 Ante
2093 3945 2173 3981 so-

598 4013 698 4066 lem
735 4022 987 4081 permanet
1011 4029 1191 4067 nomen
1216 4013 1324 4082 eius
1346 4056 1361 4081 ,
1381 4023 1434 4069 et
1453 4055 1466 4078 ,
1497 4016 1624 4069 Ante
1649 4015 1818 4069 lunam
1843 4018 2051 4071 thronus
2067 4021 2175 4088 ejus

598 4100 774 4173 (Psal.
797 4104 884 4157 7i.
911 4105 992 4158 i7.
1020 4104 1124 4173 5),
1157 4105 1485 4174 similiaque,
1523 4121 1680 4160 nemo
1725 4109 1882 4162 etiam
1924 4125 1988 4163 ex
2038 4110 2171 4164 insi-

598 4194 946 4265 pientioribus
993 4195 1186 4250 dixerit
1223 4194 1290 4249 de
1331 4191 1553 4249 lmmana
1610 4207 1791 4251 natura
1839 4201 2173 4268 pronuntiata

599 4286 784 4340 fuisse.
837 4284 1004 4340 Jacob
1042 4301 1282 4355 quoque,
1318 4300 1436 4340 eum
1467 4285 1599 4350 hate,
1630 4303 1746 4356 qua:
1773 4304 1910 4342 nunc
1940 4291 2174 4347 dicturus

602 4385 686 4431 est
709 4376 887 4439 Isaias,
918 4375 1023 4429 imo
1045 4374 1125 4428 his
1153 4375 1302 4446 plura
1321 4376 1705 4444 pramuntiabat
1723 4376 1870 4446 (Gen.
1893 4379 1984 4446 49)
2009 4397 2024 4444 ;
2053 4395 2174 4434 nam

604 4483 726 4522 cum
756 4467 989 4536 gentium
1014 4468 1289 4520 vocatione
1320 4475 1542 4520 mortem
1571 4466 1728 4520 etiam
1751 4477 1803 4521 ct
1835 4471 2177 4525 resurrectio-

604 4572 726 4612 nem
753 4556 909 4620 dixit,
931 4565 1239 4624 tempusque
1259 4572 1364 4625 quo
1382 4554 1665 4628 [Christus]
1689 4558 1751 4611 ad
1761 4570 2011 4613 venturus
2026 4570 2173 4626 erat;

603 4663 709 4703 non
742 4658 917 4702 tamen
945 4646 1032 4701 ille
1062 4647 1175 4699 haec
1201 4647 1339 4700 nudo
1369 4646 1604 4714 protulit,
1637 4647 1728 4701 sed
1748 4663 1969 4718 persona
1997 4660 2050 4706 et
2078 4667 2180 4706 non

607 4739 751 4793 mine
782 4738 896 4792 Filii
938 4737 1018 4792 sui
1057 4737 1143 4790 illa
1193 4736 1444 4807 obtegens
1483 4753 1600 4805 qua:
1648 4740 1883 4796 dicturus
1935 4753 2068 4810 erat,
2101 4744 2179 4799 sic

603 4828 998 4898 praenuntiavit,
1025 4826 1174 4897 quasi
1203 4841 1264 4880 ea
1289 4841 1404 4895 qua:
1428 4825 1578 4881 Judaz
1601 4839 1852 4884 eventura
1881 4843 2031 4887 erant
2063 4849 2177 4888 me-

604 4934 855 4984 morans;
890 4926 949 4972 ut
994 4926 1168 4972 autent
1219 4932 1395 4972 rerum
1431 4927 1652 4972 eventus
1703 4920 2034 4989 testificatur,
2058 4939 2178 4994 qua:

602 5010 846 5069 Christus
893 5010 1101 5080 egregie
1147 5010 1380 5064 facturus
1429 5020 1543 5064 erat
1593 5011 1929 5079 pr:edicebat.
2001 5013 2180 5086 Neque

606 5103 748 5157 enim
770 5100 933 5156 Judas
959 5099 1052 5154 fuit
1087 5101 1410 5170 exspectatio
1438 5101 1671 5169 gentium
1698 5143 1713 5165 ,
1738 5119 1906 5173 neque
1933 5115 2057 5159 tunc
2087 5108 2180 5160 tri-

606 5193 709 5247 bus
735 5191 1088 5261 rcSplenduit,
1118 5206 1237 5246 cum
1269 5204 1454 5245 eorum
1500 5193 1794 5261 reSpublica
1829 5196 2056 5261 defecit;
2088 5201 2182 5254 sed

611 5283 726 5337 hinc
753 5282 931 5336 omnia
955 5291 1076 5335 tunc
1099 5290 1245 5350 gesta
1270 5289 1414 5343 sunt,
1443 5296 1563 5335 cum
1595 5283 1833 5340 Christus
1854 5286 2087 5341 advenit.

667 5421 692 5484 1_
708 5416 830 5484 Vox,
853 5421 1133 5484 pf‘wsentem
1157 5416 1259 5474 (Gr.
1273 5416 1544 5478 παρόντος),
1559 5415 1702 5464 deest
1724 5417 1769 5464 in
1783 5414 1907 5475 Reg.
1932 5415 2166 5473 etSavrl.,

604 5478 694 5527 sed
715 5483 792 5525 est
816 5475 865 5524 in
887 5475 1133 5523 Bavan'co.

670 5535 863 5604 [θεῷ.
884 5537 931 5584 in
955 5546 1110 5604 marg.
1153 5537 1286 5604 notat
1309 5535 1432 5604 forte
1459 5536 1718 5602 legendum
1745 5548 1876 5598 esse,
1913 5540 2056 5600 dixit,
2082 5555 2186 5604 pro,

607 5596 745 5647 vidit.
773 5598 968 5646 Alienus
992 5593 1257 5656 legendum
1282 5600 1435 5653 putat,
1461 5593 1648 5644 cecinit.

675 5679 747 5741 (α)
781 5678 883 5728 Vox
925 5679 1155 5727 Hebraica
1191 5689 1284 5731 est.
1305 5678 1460 5756 ῙΠΊῙἹ,
1490 5678 1711 5736 Tltarttm,
1739 5682 1786 5728 in
1815 5682 1987 5741 Bibliis,
2014 5699 2188 5749 τανάοαν,

607 5771 739 5823 unde
765 5773 914 5834 prima
936 5772 1126 5833 derupta
1152 5774 1330 5833 syllaba
1356 5772 1548 5832 factum,
1580 5785 1710 5828 suam,
1737 5775 1934 5823 Nutltmt.

2372 482 2550 536 Multa
2579 484 2852 554 prophetia:
2886 488 2949 542 de
2997 485 3305 543 Pntriarrltis
3343 492 3508 562 edita,
3535 510 3636 550 non
3669 499 3767 554 nisi
3794 503 3855 554 in

2297 587 2464 624 corum
2491 574 2749 642 nepotibus
2773 575 2989 647 impletin
3013 587 3146 632 sunt.
3174 609 3242 619 —
3266 579 3416 648 Quod
3446 585 3491 639 si
3527 586 3868 657 impudenter

2293 663 2643 731 agantludzei,
2660 665 2794 722 hanc
2815 669 3100 737 prophetia:
3119 670 3282 740 legem
3305 687 3578 743 perperam
3597 679 3862 747 explican-

2293 765 2392 820 tes,
2423 772 2488 812 ex
2511 757 2574 813 iis
2597 760 2823 815 maxime
2847 775 2963 831 qua:
2989 761 3127 816 dicta
3158 773 3280 816 sunt
3311 763 3460 820 facile
3487 766 3862 835 confutaverit,

2292 851 2334 904 si
2364 852 2482 922 quis
2509 864 2752 912 accurate
2779 858 3078 926 prophetias
3101 860 3392 929 explicans,
3419 871 3473 916 et
3493 863 3668 916 omnia
3694 862 3862 916 verba

2289 957 2409 996 cum
2439 943 2616 999 debita
2647 949 2935 1003 attentione
2962 952 3295 1014 examinans,
3317 950 3452 1006 dicta
3474 951 3623 1007 factis
3649 966 3840 1007 aceom

2289 1032 2485 1089 ntodct.
2535 1034 2612 1089 Ex
2636 1037 2922 1092 abundanti
2956 1041 3128 1110 itaque
3159 1041 3390 1110 ipsorum
3439 1056 3532 1095 ora
3571 1041 3856 1106 obturans,

2290 1135 2393 1177 non
2419 1139 2484 1179 ex
2506 1124 2570 1179 iis
2597 1140 2716 1195 quae
2739 1127 2806 1182 de
2829 1127 3041 1183 Christo
3061 1129 3197 1186 dicta
3223 1139 3346 1185 sunt
3364 1173 3377 1195 ,
3403 1130 3495 1186 sed
3522 1145 3587 1186 ex
3625 1132 3690 1186 iis
3730 1146 3854 1200 quas

2289 1225 2411 1268 sunt
2439 1214 2505 1271 de
2531 1218 2842 1286 patriarchis
2870 1220 3104 1290 ipsorum
3143 1224 3489 1292 praenuntiata
3509 1265 3524 1290 ,
3555 1223 3656 1278 hoc
3685 1225 3854 1292 ipsum

2287 1305 2428 1361 clare
2453 1306 2821 1366 demonstrare
2847 1313 3102 1380 conabor,
3134 1315 3421 1369 ostendens
3448 1330 3513 1370 ex
3558 1315 3855 1385 prophetiis

2288 1394 2479 1450 multas
2498 1395 2667 1453 dictas
2692 1398 2850 1454 fuisse
2875 1400 2942 1456 de
2973 1402 3200 1456 tribuum
3232 1403 3672 1473 progenitoribus,
3693 1404 3744 1457 in
3761 1418 3853 1456 eo-

2285 1502 2508 1557 rumque
2535 1491 2809 1554 nepotibus
2834 1493 3074 1563 impietas
3123 1510 3261 1550 esse.
3318 1496 3383 1550 Et
3425 1496 3651 1564 exempli
3693 1509 3851 1550 causa

2286 1592 2387 1630 una
2415 1578 2646 1635 alterave
2670 1581 2825 1636 allata
2855 1583 3089 1648 historia,
3109 1600 3218 1639 rem
3243 1585 3562 1654 propositam
3576 1586 3850 1655 attingam.

2286 1665 2490 1720 Etenim
2519 1683 2639 1723 cum
2659 1668 2976 1742 Symeonem
3001 1681 3055 1727 et
3082 1673 3209 1728 Levi
3235 1685 3472 1730 vocasset
3497 1674 3680 1737 lacob,
3714 1689 3850 1743 pra:-

2285 1758 2531 1814 nuntians
2558 1775 2622 1815 ea
2648 1776 2806 1830 ,qum
2830 1762 2958 1832 ipsis
2999 1772 3250 1818 eventura
3293 1775 3445 1819 erant
3469 1806 3482 1819 .
3521 1766 3597 1820 sic
3642 1765 3853 1820 dicebat

2284 1846 2504 1917 Symeon
2523 1859 2570 1904 et
2594 1849 2712 1905 Levi
2737 1855 2917 1921 fratres
2939 1852 3184 1923 (Gen.49.
3205 1855 3280 1924 5),
3301 1865 3354 1909 ct
3376 1855 3606 1909 incusata
3634 1855 3848 1909 illorum

2283 1939 2574 2010 iniquitate,
2597 1942 2896 2014 injustaque
2920 1943 3287 2000 Sieemitarum
3335 1949 3509 2009 caede,
3538 1948 3590 2001 in
3625 1961 3852 2016 sequen-

2283 2029 2420 2084 tibus
2443 2031 2517 2084 ait
2546 2047 2560 2085 :
2586 2030 2824 2087 Dividam
2847 2049 2930 2088 eos
2953 2035 3006 2089 in
3031 2034 3191 2090 Jacob
3211 2076 3225 2102 ,
3255 2046 3302 2090 et
3331 2036 3614 2107 dispergam
3640 2037 3755 2090 illos
3790 2040 3847 2092 in

2281 2119 2447 2175 Israel
2475 2119 2636 2192 (Ibid.
2655 2139 2702 2177 υ.
2730 2123 2806 2193 7).
2837 2123 2948 2180 Hoc
2989 2135 3164 2180 autem
3215 2140 3373 2180 nemo
3399 2126 3592 2180 dixerit
3634 2127 3686 2180 in
3739 2125 3844 2182 Le-

2281 2212 2330 2264 vi
2357 2221 2410 2266 et
2436 2211 2700 2284 Symeone
2741 2213 2936 2270 factum
2964 2229 3118 2282 esse,
3153 2216 3246 2272 sed
3280 2218 3330 2271 in
3371 2216 3610 2271 tribubus
3655 2231 3724 2272 ex
3766 2218 3848 2272 eis

2282 2302 2589 2370 progenitis.
2614 2303 2748 2358 Nam
2777 2303 2944 2358 tribus
2963 2305 3092 2360 Levi
3121 2305 3359 2373 dispersa
3386 2316 3496 2370 est,
3525 2307 3593 2360 ita
3619 2314 3676 2360 ut
3697 2305 3844 2361 deci-

2282 2404 2420 2443 mam
2452 2401 2656 2459 partem
2684 2391 2800 2462 ejus
2827 2407 3155 2463 unaquaeque
3195 2394 3364 2449 tribus
3391 2395 3607 2450 haberet
3633 2413 3650 2452 :
3678 2395 3846 2450 tribus

2281 2481 2405 2534 item
2451 2481 2731 2552 Symeonis
2765 2498 2886 2555 quae
2931 2483 3160 2554 idipsum
3205 2485 3316 2539 fere
3355 2495 3569 2555 experta
3607 2495 3706 2552 cst,
3753 2502 3848 2555 per

2278 2586 2463 2626 omnes
2490 2572 2607 2627 illas
2633 2581 2847 2629 extensa
2879 2588 2971 2644 per
2996 2584 3193 2630 sortem
3219 2617 3233 2637 ,
3265 2589 3367 2630 non
3397 2575 3844 2646 quemadmodum

2278 2663 2415 2728 aliae,
2445 2663 2782 2732 conjunctam
2807 2673 2861 2720 et
2884 2665 3040 2720 simul
3066 2666 3432 2735 conglobatam
3475 2666 3655 2720 habuit
3684 2665 3843 2720 here-

2277 2749 2517 2806 ditatem.
2542 2751 2704 2806 Jacob
2731 2754 2890 2807 etiam
2919 2769 2980 2808 ex
3009 2756 3237 2822 acceptis
3278 2771 3306 2809 a
3343 2764 3491 2825 patre
3521 2756 3846 2811 benedictio-

2279 2839 2452 2905 nibus,
2484 2840 2682 2895 nullam
2711 2841 2824 2912 ipse
2843 2854 3198 2912 consequutus
3224 2855 3322 2897 est.
3350 2844 3503 2899 Pater
3523 2846 3662 2899 enim
3681 2846 3846 2914 ipsius

2279 2932 2490 3001 longam
2516 2935 2916 3003 prosperitatem
2946 2935 3042 3004 ipsi
3076 2936 3410 3004 pra~dixerat,
3443 2946 3497 2990 et
3534 2946 3845 3006 perpetuum

2277 3024 2327 3078 in
2359 3024 2498 3079 Esau
2525 3025 2870 3092 dominatum,
2895 3029 2939 3081 is
2974 3042 3100 3082 vero
3139 3027 3189 3081 in
3215 3043 3392 3081 rerum
3432 3029 3845 3083 necessariarum

2278 3116 2497 3184 penuria
2539 3126 2690 3186 erat,
2725 3121 3187 3187 merccnariusque
3230 3119 3470 3172 alebatur
3491 3159 3506 3185 ,
3536 3128 3844 3188 tantumque

2275 3208 2461 3263 aberat
2498 3218 2555 3264 ut
2602 3210 2881 3281 imperium
2919 3211 3136 3266 haberet
3180 3212 3228 3264 in
3259 3211 3495 3276 fratrem,
3530 3219 3584 3265 ut
3618 3211 3686 3266 de
3737 3212 3845 3266 vita

2277 3300 2684 3369 periclitaretur,
2707 3310 2761 3357 et
2806 3301 2970 3357 semel
3003 3302 3074 3355 illi
3103 3302 3287 3357 obvius
3312 3316 3430 3355 cum
3463 3302 3630 3357 multo
3655 3302 3845 3356 timore

2277 3390 2464 3457 factus,
2488 3391 2624 3447 bene
2646 3405 2826 3446 secum
2843 3401 3015 3448 actum
3049 3395 3258 3462 putarit,
3294 3392 3431 3462 quod
3470 3393 3694 3458 potuerit
3728 3407 3843 3447 ma-

2276 3497 2376 3538 nus
2419 3482 2534 3553 ejus
2564 3482 2815 3554 effugere.
2859 3483 2995 3551 Quid
3034 3484 3188 3554 igitur
3218 3485 3283 3537 ad
3312 3485 3425 3538 haec
3459 3485 3736 3538 dicamus?
3776 3500 3846 3538 an

2277 3575 2582 3631 mendacem
2602 3591 2720 3633 esse
2744 3575 3113 3646 prOphetiam?
3143 3578 3290 3632 Absit
3325 3594 3336 3629 :
3364 3576 3456 3631 sed
3503 3578 3618 3644 ejus
3643 3591 3847 3630 murem

2278 3667 2418 3722 hunc
2444 3682 2584 3737 saepe
2611 3682 2750 3734 esse,
2774 3677 2832 3722 ut
2855 3683 2914 3722 ea
2944 3683 3059 3736 qua:
3095 3677 3218 3722 sunt
3256 3668 3375 3722 aliis
3418 3677 3696 3732 eventura,
3726 3667 3845 3722 aliis

2278 3759 2517 3828 personis
2544 3759 2841 3824 adscribat,
2875 3770 2924 3814 et
2956 3760 3055 3813 alia
3089 3775 3184 3829 pro
3208 3760 3324 3814 aliis
3353 3759 3656 3814 nominibus
3685 3773 3845 3812 usur-

2280 3859 2368 3919 pet
2398 3868 2413 3904 :
2447 3851 2498 3905 id
2527 3850 2668 3920 quod
2705 3852 2862 3906 etiam
2893 3852 2943 3905 in
2986 3850 3270 3906 Chanaano
3311 3853 3502 3906 factum
3535 3861 3635 3905 est.
3664 3849 3848 3919 Neque

2278 3941 2419 3996 cnim
2451 3941 2692 3997 videmus
2720 3942 2864 3996 illum
2899 3942 3180 3998 servivissc
3212 3941 3461 3996 fratribus
3496 3943 3624 4005 suis,
3671 3956 3848 4009 neque

2277 4032 2437 4086 etiam
2463 4031 2883 4086 maledictionem
2904 4031 3197 4098 excidisse,
3228 4032 3322 4086 sed
3349 4034 3398 4085 in
3431 4030 3733 4086 Gabaonitis
3780 4046 3845 4085 ex

2278 4121 2562 4177 Chanaano
2590 4122 2722 4176 ortis
2747 4124 2900 4177 ﬁnem
2926 4123 3212 4192 accepisse.
3246 4121 3376 4176 Nam
3398 4122 3447 4176 id
3475 4123 3613 4193 quod
3635 4123 3847 4178 diceba-

2280 4222 2365 4268 tur
2393 4212 2664 4283 prophetia
2692 4221 2834 4276 erat,
2865 4212 3250 4269 maledictionis
3289 4212 3455 4267 forma
3483 4214 3704 4282 prolata.

2348 4305 2403 4358 2.
2444 4305 2576 4359 Cum
2603 4315 2679 4358 tot
2699 4319 2822 4372 ergo
2852 4305 3075 4373 taliaque
3107 4305 3392 4357 habeamus
3419 4303 3660 4373 exempla
3682 4344 3698 4368 ,
3725 4303 3847 4371 qui-

2281 4396 2379 4450 bus
2408 4396 2675 4463 probatur,
2709 4394 2869 4449 multa
2899 4410 3015 4463 quae
3035 4396 3280 4449 dicuntur
3305 4394 3371 4448 de
3394 4394 3510 4448 aliis
3537 4391 3851 4462 proferri,et

2283 4488 2334 4540 in
2363 4487 2478 4541 aliis
2507 4486 2747 4542 accidere
2768 4527 2782 4552 ,
2810 4495 2862 4539 et
2888 4485 3186 4541 nominibus
3221 4486 3297 4539 sic
3327 4498 3449 4538 usos
3474 4499 3593 4539 esse
3623 4484 3852 4552 pr0pbc-

2283 4588 2384 4646 tas,
2414 4579 2537 4649 quid
2559 4581 2749 4633 mirum
2792 4578 2835 4632 si
2870 4591 3010 4631 nunc
3031 4592 3221 4630 nomen
3251 4576 3447 4631 iudicat
3473 4585 3526 4630 et
3558 4575 3853 4630 Jerusalem

2285 4673 2535 4742 pr0pheta
2562 4684 2841 4738 usurpans,
2871 4671 2937 4723 de
2961 4670 3196 4723 Ecclesia
3212 4669 3523 4723 vaticinetur
3544 4669 3565 4721 ?
3585 4666 3713 4721 Nam
3730 4668 3852 4734 quia

2286 4763 2510 4832 ingratis,
2561 4761 2896 4831 loquebatur,
2946 4761 3233 4829 pr0phetas
3272 4758 3651 4823 occidentibus,
3688 4756 3856 4810 libros

2283 4853 2730 4916 comburentibus,
2750 4865 2869 4906 aras
2889 4849 3308 4912 suffodientibus,
3324 4850 3443 4918 jure
3467 4848 3703 4902 velamen
3726 4847 3860 4916 ipsis

2285 4943 2585 5012 impositum
2616 4951 2729 4997 erat
2769 4942 2818 4996 in
2867 4941 3092 4996 lectione
3137 4938 3341 4993 Veteris
3368 4936 3725 4999 Testamenti,
3761 4949 3859 4989 se-

2285 5034 2512 5090 cundum
2555 5034 2762 5087 beatum
2808 5032 3019 5084 Paulum
3053 5031 3137 5096 (εὶ.
3170 5029 3286 5085 Cor.
3330 5030 3382 5084 5.
3431 5029 3556 5097 M).
3607 5025 3862 5092 Alioquin

2287 5127 2446 5180 libros
2463 5124 2816 5186 sustulissent,
2841 5123 2884 5174 si
2906 5122 3191 5190 prophetia:
3218 5119 3506 5174 tleChristo
3522 5118 3627 5172 vim
3647 5117 3863 5169 intelle-

2289 5217 2643 5273 xi»sent.Cum
2657 5216 2796 5271 enim
2812 5223 3126 5283 praesentem
3142 5213 3310 5280 ipsum
3323 5210 3574 5266 miracula
3586 5207 3865 5274 edentem,

2290 5309 2678 5376 perfectamque
2692 5303 2939 5374 potentiae
2959 5318 3068 5357 sua:
3085 5312 3134 5356 et
3150 5315 3442 5357 consensus
3456 5297 3869 5368 concordiaeque

2288 5412 2406 5451 cum
2451 5397 2605 5451 Patre
2633 5392 3137 5451 demonstrationem
3168 5391 3536 5454 exhibentem,
3566 5403 3672 5442 non
3703 5402 3871 5442 reve-

2291 5488 2376 5543 riti
2410 5488 2544 5552 sint,
2577 5500 2747 5556 neque
2773 5484 3072 5554 quieverint
3108 5483 3278 5550 donec
3301 5497 3422 5537 eum
3454 5479 3870 5540 crucifixissent,

2293 5581 2374 5634 vix
2407 5579 2763 5649 pepercissent
2787 5577 2870 5643 iis,
2909 5577 2997 5645 qui
3025 5576 3090 5630 de
3121 5576 3236 5645 ipso
3265 5573 3464 5643 loquuti
3491 5578 3703 5633 essent,
3730 5584 3880 5638 quos

2295 5670 2633 5725 nihilominus
2668 5669 2966 5736 frequenter
3005 5665 3323 5734 lapidabant.
3368 5661 3490 5716 ideo
3539 5657 3768 5729 pr0priis
3813 5667 3875 5713 et

2300 5765 2435 5818 tuuis
2476 5761 2574 5816 sibi
2615 5759 2913 5816 nominibus
2961 5757 3186 5815 libenter
3219 5761 3449 5819 utentes,
3499 5750 3596 5804 hac
3638 5761 3882 5822 persona
