4058 6216
212 350 282 404 27
1568 349 1631 405 IN
1671 349 1927 416 ISAIAM,
1957 350 2110 405 CAP.
2151 349 2220 403 ιι.
3547 369 3620 425 28

208 471 482 537 ἐργασίαι
512 469 707 524 αὐτῶν
744 467 822 532 ὠς
846 464 1106 534 σπινθὴρ
1136 465 1340 532 πυρός.
1371 464 1633 518 Ἐνταῦθα
1657 464 1859 516 δείκνυ.

210 577 292 610 σιν
323 559 406 610 ὅτι
439 557 647 609 οίκοθεν
691 555 760 608 τά
813 553 980 620 κακά,
1015 555 1106 606 καὶ
1154 553 1304 606 αὐτοὶ
1356 552 1453 622 τὴν
1493 551 1859 622 αἰχμαλωσίαν

206 645 413 707 ἔτεκον,
447 645 540 696 καὶ
571 643 666 713 τήν
696 641 921 710 κάμινον
950 641 1175 712 ἀνῆψαν.
1197 640 1408 710 Ὠσπερ
1435 639 1540 709 γάρ
1568 638 1860 708 σπινθῆρες

208 728 572 796 ἐμπίπτοντες
612 726 722 796 πῦρ
768 725 1152 796 ἀνεγείρουσιν,
1195 722 1338 777 οὕτω
1386 723 1456 776 τά
1498 723 1865 794 ἁμαρτήματα

205 815 415 867 τούτων
476 814 804 882 συναχθέντα
844 813 936 866 τοῦ
984 812 1115 865 Θεοῦ
1165 811 1265 882 τήν
1315 810 1483 882 ὀργὴν
1525 810 1716 879 ἀνῆψε.
1751 809 1863 861 Καὶ

217 900 778 963 κατακαυθήσονται
813 901 866 952 ot
920 898 1126 966 ἄνομοι
1159 896 1258 950 καί
1293 899 1347 950 οί
1366 895 1697 966 ἁμαρτωλοί
1724 896 1862 965 ἅμα,

209 987 306 1038 καὶ
325 989 438 1042 οὐκ
465 986 633 1039 ἔσται
653 989 685 1038 ό
708 984 959 1038 σϐέσων.
990 984 1154 1038 Πάλιν
1195 982 1524 1054 ἀπαγορεύει
1549 983 1645 1054 τὴν
1691 998 1863 1052 σωτη-

211 1074 335 1140 ρίαν
384 1073 475 1126 διά
518 1073 614 1143 τὴν
647 1072 811 1144 αύτήν
854 1072 1013 1126 πάλιν
1046 1070 1253 1136 αἰτίαν,
1292 1071 1390 1141 οὐχ
1423 1071 1510 1124 ἴνα
1535 1070 1859 1138 ἀπογνῶσιν,

209 1159 448 1211 ἀλλ’ἵνα
494 1160 662 1231 ταύτῃ
703 1161 832 1228 γοῦν
878 1159 1193 1230 ἀκμάζοντα
1239 1158 1330 1211 τὸν
1363 1157 1523 1226 φόϐον
1560 1158 1859 1228 δεξάμενοι,

209 1244 309 1310 τὴν
335 1245 536 1314 πολλὴν
565 1246 987 1308 ἀποτινάξωνται
1019 1243 1304 1314 ῥᾳθυμίαν.
1359 1245 1466 1296 Καὶ
1509 1244 1690 1313 ἕτερον
1721 1241 1778 1294 δέ
1807 1259 1860 1292 τι

208 1331 445 1384 ἐνταῦθα
477 1332 786 1393 αἰνίττεται,
811 1331 871 1383 16
889 1331 1096 1399 ἄμαχον
1121 1329 1282 1382 αὐτοῦ
1304 1330 1402 1397 τῆς
1437 1327 1735 1396 δυνάμεως,
1768 1326 1860 1377 καὶ

207 1417 291 1470 δτι
323 1418 641 1482 κολάζοντος
673 1418 856 1483 αὐτοῦ,
887 1418 982 1472 καὶ
1034 1416 1462 1487 τιμωρουμένου,
1505 1413 1675 1475 οὐδεὶς
1712 1414 1858 1465 ἀντι-

208 1505 404 1574 στῆναι
438 1506 531 1557 καὶ
557 1503 856 1558 καταλῦσαι
882 1504 1165 1573 δυνήσεται
1197 1502 1264 1556 τά
1285 1501 1450 1554 δεινά.

854 1605 1104 1659 ΚΕΦΑΛ.
1146 1604 1221 1657 B'.

216 1705 283 1758 ⁹0
307 1707 490 1775 λόγος
515 1709 551 1761 ό
586 1709 904 1778 γενόμενος
940 1705 1086 1775 πρὸς
1122 1704 1370 1758 Ἡσαΐαν
1405 1702 1538 1756 υίόν
1575 1702 1789 1772 Ἄμμὼς
1810 1714 1857 1756 ⁸.

277 1815 352 1863 α’.
379 1810 654 1863 Ἐντεῦθεν
675 1811 831 1879 δῆλον
851 1810 926 1873 ὡς
951 1809 1012 1862 ού
1038 1808 1214 1871 πάσας
1231 1808 1317 1876 ὑφ’
1335 1808 1392 1861 ἓν
1413 1808 1509 1871 τάς
1534 1808 1862 1878 προφητείας

207 1897 518 1964 εἰρήκασιν,
540 1897 672 1949 ἀλλά
706 1897 845 1948 κατὰ
886 1895 1172 1968 διαφόρους
1208 1897 1565 1967 ἐμπνεόμενοι
1617 1895 1859 1964 καιροὺς,

209 1983 516 2050 περικοπάς
565 1999 712 2045 τινας
757 1982 1112 2052 ἀπήγγελλον,
1145 1983 1199 2035 αἶ
1253 1983 1584 2036 συντεθεῖσαι
1637 1983 1860 2050 ὕστερον

207 2069 300 2135 ὑφ’
351 2068 427 2130 ἓν,
478 2069 763 2138 ὁλόκληρον
817 2070 1016 2139 βιϐλίον
1069 2071 1348 2141 ἐποίησαν.
1405 2071 1496 2123 Διὸ
1545 2070 1636 2124 καὶ
1690 2068 1860 2132 οῦτως

207 2154 458 2222 ἄρχεται.
492 2156 604 2206 Οὐκ
640 2155 885 2208 ἐντεῦθεν
921 2157 977 2209 δὲ
1018 2158 1174 2226 μόνον
1200 2156 1355 2210 τοῦτο
1397 2156 1552 2225 δῆλον
1577 2155 1724 2208 ἔσται
1770 2156 1861 2207 καὶ

209 2242 380 2308 σαφὲς
408 2244 557 2311 ήμῖν.
593 2244 704 2296 ἀλλ’
731 2244 786 2310 ἐξ
816 2237 888 2298 ὧν
919 2247 1120 2314 προῖὼν
1145 2245 1238 2299 καὶ
1263 2247 1387 2305 τοὺς
1423 2244 1643 2316 καιροὺς
1667 2245 1860 2312 ἐπιση-

210 2325 486 2393 μαίνεται,
534 2327 627 2378 νῦν
669 2329 767 2397 μὲν
803 2329 995 2396 λέγων,
1045 2329 1152 2382 Τοῦ
1186 2329 1477 2391 ἐνιαυτοῦ,
1513 2323 1584 2382 οὗ
1619 2327 1861 2394 εἰσῆλθε

205 2411 416 2466 Νάθαν
444 2415 530 2478 είς
574 2412 853 2473 Ἀζωτον·
897 2415 989 2468 νῦν
1017 2416 1073 2467 δὲ
1113 2414 1316 2482 λέγων’
1348 2413 1454 2468 Καὶ
1493 2413 1725 2482 ἐγένετο
1757 2414 1861 2467 τοῦ

205 2498 507 2562 ἐνιαυτοῦ,
538 2495 608 2554 οὗ
639 2501 936 2555 ἀπέθανεν
965 2501 1142 2565 Ὀζίας
1171 2502 1202 2554 ό
1228 2499 1544 2564 βασιλεὺς,
1567 2500 1728 2552 εἶδον
1755 2500 1861 2551 τόν

208 2585 430 2651 Κύριον
462 2585 799 2655 καθήμενον
833 2587 929 2640 ἐπὶ
959 2588 1169 2653 θρόνου
1205 2586 1445 2653 ὑψηλοῦ
1478 2585 1574 2638 καί
1605 2586 1858 2654 ἐπηρμέ-

207 2688 344 2723 νου.
380 2672 453 2722 Ού
508 2671 615 2742 γάρ
647 2672 833 2743 ὥσπερ
883 2674 938 2725 αί
971 2673 1276 2724 Ἐπιστολαὶ
1318 2673 1372 2724 αἱ
1420 2673 1629 2724 Παύλου
1666 2672 1757 2724 καὶ
1793 2672 1860 2724 τά

207 2759 518 2824 Εὑαγγέλια
547 2762 638 2826 ὑφ’
666 2761 723 2814 ἓν
756 2761 1132 2830 συνετέθησαν,
1154 2759 1294 2813 οὕτω
1316 2760 1378 2830 δὴ
1408 2761 1498 2812 καὶ
1517 2763 1858 2830 προφητεῖαι,

205 2843 328 2892 ἀλλ’
355 2844 489 2912 ὅπερ
523 2845 692 2913 ἔφθην
728 2845 914 2909 εἰπὼν,
951 2847 1006 2898 ἐν
1026 2846 1298 2914 διαφόροις
1327 2848 1551 2916 καιροῖς.
1582 2846 1744 2898 Ὅθεν
1767 2846 1861 2898 καὶ

204 2929 306 2979 ἀπ’
341 2930 512 3000 ἀρχῆς
551 2931 740 3001 ἐτέρας
780 2932 1004 3001 ἄρχεται
1035 2931 1128 2985 τοῦ
1160 2931 1423 3001 παρόντος
1446 2933 1621 3000 λόγου.
1661 2933 1768 2986 Καὶ
1799 2932 1858 2984 ού

204 3013 298 3067 διά
323 3015 476 3067 τοῦτο
517 3016 673 3086 μόνον
691 3058 706 3083 ,
733 3018 866 3070 ἀλλά
897 3018 990 3070 καὶ
1021 3017 1109 3071 διὰ
1137 3019 1197 3072 16
1223 3017 1320 3089 τὴν
1344 3018 1613 3083 ὑπόθεσιν,
1647 3019 1773 3090 περὶ
1792 3014 1859 3091 ἧς

209 3099 397 3170 μέλλει
427 3101 786 3170 διαλέγεσθαι,
829 3104 1032 3174 σφόδρα
1076 3103 1418 3174 ἀπηρτῆσθαι
1466 3105 1573 3157 τῶν
1606 3122 1860 3176 προειρης-

210 3187 413 3255 μένων,
442 3190 534 3242 καὶ
566 3190 896 3260 ὑψηλοτέραν
928 3185 1088 3243 εἶναι.
1125 3190 1258 3262 Περὶ
1284 3191 1390 3262 γὰρ
1415 3192 1511 3260 τῆς
1555 3192 1659 3244 τῶν
1693 3191 1858 3245 ἐθνῶν

209 3273 474 3344 κλήσεως,
501 3280 592 3330 καὶ
615 3278 713 3346 τῆς
737 3277 826 3330 τοῦ
853 3277 1201 3347 κηρύγματος
1228 3281 1604 3348 περιφανείας.
1633 3280 1724 3332 καὶ
1760 3279 1859 3346 τῆς

201 3362 486 3430 πανταχοῦ
513 3365 612 3432 τῆς
635 3364 955 3434 οἰκουμένης
989 3365 1306 3434 ἐκταθείσης
1329 3365 1578 3432 γνώσεως
1598 3402 1612 3427 ,
1641 3365 1734 3416 καὶ
1763 3365 1857 3433 τῆς

207 3446 660 3516 καταληψομένης
689 3447 785 3518 τὴν
820 3449 924 3518 γῆν
943 3450 1161 3518 εἰρήνης
1193 3450 1321 3518 ήμίν
1345 3449 1666 3516 διαλέγεται.
1707 3451 1768 3501 El
1800 3450 1857 3501 δὲ

209 3532 422 3601 μέλλων
454 3533 706 3586 τοιούτων
729 3534 995 3587 ἅπτεσθαι
1026 3535 1326 3604 δογμάτων,
1369 3535 1621 3596 Ἰουδαίας
1650 3534 1857 3605 μέμνη-

206 3635 301 3672 ται
335 3621 429 3672 καὶ
465 3620 848 3690 Ἰερουσαλήμ,
885 3620 1032 3685 ξένον
1072 3621 1242 3674 οὐδέν.
1282 3621 1588 3692 Προφητεία
1637 3622 1742 3689 γάρ
1791 3617 1858 3691 ἦν

210 3707 273 3758 τδ
314 3708 620 3776 λεγόμενον,
660 3707 1087 3779 συνεσκιασμένη
1120 3709 1258 3770 τέως
1305 3709 1419 3768 ταῖς
1447 3709 1553 3760 τῶν
1585 3709 1858 3776 ὀνομάτων

207 3795 600 3862 προσηγορίαις
633 3795 682 3848 ὶι.
739 3796 891 3847 Ἐπεὶ
950 3794 1045 3847 καὶ
1095 3795 1185 3847 τὸν
1239 3794 1449 3862 ψαλμὸν
1510 3794 1599 3847 τὸν
1641 3795 1859 3864 ἑϐδομη-

206 3879 400 3930 κοστὸν
429 3880 640 3948 πρῶτον
688 3883 717 3933 6
744 3880 902 3934 Δαυ⁴ίδ
941 3880 1239 3933 συντιθέναι
1277 3880 1501 3949 μέλλων,
1556 3881 1857 3951 ἐπέγραψεν

204 3963 368 4016 αὑτὸν
430 3965 509 4033 τῷ
565 3966 886 4035 Σολομῶντι,
933 3968 1026 4018 καὶ
1077 3965 1279 4034 προῖὼν
1319 3967 1493 4036 πολλῷ
1513 3967 1728 4036 μείζονα
1762 3969 1857 4037 τῆς

205 4048 548 4117 Σολομῶντος
580 4050 754 4115 ἀξίας,
791 4051 985 4120 μᾶλλον
1013 4051 1068 4103 δὲ
1097 4053 1189 4105 καὶ
1229 4051 1327 4120 τῆς
1370 4052 1618 4104 ἁπάντων
1647 4053 1851 4122 ἀνθρώο

205 4134 558 4202 πωνφύσεως
599 4136 768 4191 ίδενο.
817 4137 889 4190 T6
919 4138 1046 4204 γὰρ,
1078 4137 1194 4205 Πρὸ
1239 4138 1336 4190 τοῦ
1387 4138 1564 4204 ἡλίου
1601 4138 1856 4207 διαμένει

206 4220 275 4274 τὸ
325 4220 513 4289 ὄνομα
551 4221 758 4285 αὑτοῦ,
817 4222 929 4286 καὶ,
982 4223 1096 4290 Πρό
1134 4223 1243 4291 τῆς
1287 4224 1552 4294 σελήνης
1583 4229 1614 4278 ό
1651 4228 1857 4293 θρόνος

203 4307 416 4370 αὐτοῦ,
473 4308 566 4360 καὶ
603 4308 700 4360 ὅσα
748 4308 988 4373 τοιαῦτα,
1039 4310 1210 4374 οὐδεὶς
1257 4311 1320 4363 ἂν
1361 4313 1479 4363 οὐδὲ
1521 4313 1623 4364 τῶν
1657 4314 1856 4381 σφόδρα

203 4393 446 4463 ἀνοήτων
489 4395 615 4464 περὶ
655 4395 996 4466 ἀνθρωπίνης
1026 4398 1164 4449 εἴποι
1193 4398 1440 4465 λέγεσθαι
1479 4398 1706 4466 φύσεως.
1749 4400 1856 4450 Καὶ

203 4480 234 4530 6
267 4478 460 4530 Ἰακὼϐ
492 4480 568 4542 δὲ,
608 4481 767 4550 ἡνίκα
793 4481 983 4545 ταῦτα,
1019 4483 1054 4536 ἃ.
1095 4484 1272 4552 μέλλει
1299 4485 1393 4535 νῦν
1417 4487 1444 4536 6
1481 4483 1594 4555 [19]
1634 4486 1855 4546 Ἡσαΐας

203 4563 384 4630 λέγειν
400 4563 452 4628 ά,
491 4566 583 4617 καὶ
633 4565 850 4619 πλείονα
896 4567 1096 4620 τούτων
1147 4571 1529 4637 προανεφώνει·
1575 4571 1709 4639 μετά
1749 4570 1856 4640 γὰρ

202 4649 304 4717 τῆς
330 4649 439 4700 τῶν
464 4650 632 4702 ἐθνῶν
658 4651 898 4720 κλήσεως
933 4653 1027 4704 καὶ
1054 4653 1143 4705 τὸν
1193 4653 1416 4706 θάνατον
1464 4651 1582 4706 είπε
1623 4656 1714 4706 καὶ
1758 4656 1855 4726 τὴν

202 4735 519 4798 ἀνάστασιν,
571 4737 663 4788 καὶ
688 4737 775 4789 16v
808 4739 996 4809 καιρὸν
1030 4739 1149 4791 καθ’
1175 4739 1232 4791 δν
1267 4740 1455 4808 ἔμελλε
1485 4742 1812 4810 παρέσεσθαι
1840 4759 1853 4772 ο

201 4821 323 4873 οὐδὲ
369 4825 572 4885 ἐκεῖνος
623 4824 1024 4894 ἀπογυμνώσας
1075 4827 1212 4878 αὐτὰ
1264 4826 1536 4890 τέθεικεν,
1590 4830 1722 4881 ἀλλά
1776 4830 1853 4898 τῷ

202 4909 530 4980 προσωπείῳ
565 4921 589 4949 ο
628 4911 725 4978 τῆς
777 4913 1140 4981 προσηγορίας
1204 4913 1298 4965 τοῦ
1369 4915 1494 4966 Υίοῦ
1550 4916 1756 4986 κρύψας
1819 4918 1852 4971 ἃ.

202 4993 425 5062 ἔμελλεν
450 4995 612 5062 ἐρεῖν,
643 4996 812 5058 οὓτως
845 4997 981 5050 αὐτά
1009 4999 1444 5070 προανεφώνησε,
1467 5003 1540 5074 τῷ
1565 5005 1661 5073 μὲν
1681 5005 1852 5056 δοκεῖν

200 5081 268 5132 τά
332 5081 713 5152 συμϐησόμενα
753 5083 830 5154 τῷ
872 5083 1038 5155 Ἰούδᾳ
1079 5085 1280 5152 λέγων·
1322 5088 1502 5151 καθὼς
1546 5090 1602 5140 δὲ
1639 5090 1696 5141 τό
1748 5090 1851 5142 τῶν

201 5171 544 5241 πραγμάτων
589 5175 852 5244 μαρτυρεῖ
891 5174 1062 5239 τέλος,
1101 5174 1240 5246 άπερ
1283 5176 1474 5246 ἔμελλε
1509 5179 1797 5248 κατορθοῦν
1823 5183 1851 5231 6

263 5313 290 5377 ξ·
314 5311 394 5377 ξίε
415 5311 466 5359 In
486 5312 710 5377 omnibus
729 5315 1086 5377 exemplaribus
1108 5327 1197 5376 pro
1229 5315 1400 5377 Ἀμώς.

263 5371 292 5408 δ
320 5373 443 5440 Reg:
466 5377 661 5440 177916»:
693 5371 934 5440 ὀνομάτων
971 5371 1307 5440 προσηγορίαςξί
1343 5378 1549 5427 Alienus
1589 5379 1850 5440 legendum

200 5439 345 5499 puga!
355 5433 1034 5499 _1:a?¢1061wv363v639p¢'1w6
1051 5433 1397 5499 προάγορίαις.

266 5495 289 5522 ε
329 5493 498 5561 “prel.
523 5493 886 5561 Iaev._Sav._§I_Bé
910 5517 920 5544 :
948 5498 1024 5561 ως
1047 5493 1281 5561 θύιοζηίιὶ
1307 5501 1524 5561 margine
1555 5505 1687 5548 notat
1711 5499 1849 5561 ferte

200 5553 468 5660 iegfndum
487 5567 599 5602 esse
623 5555 739 5602 εἷπε.
763 5557 966 5605 Alienus
1001 5558 1263 5620 legendum
1286 5553 1437 5620 putat“
1448 5560 1549 5621 ᾖδε,
1573 5559 1756 5619 cecinit,
1789 5562 1847 5608 ab

233 5631 276 5660 ει
287 5632 366 5660 ιω.

233 5627 366 5661 ειοω.

227 5675 294 5742 ’τι
319 5675 438 5743 Reg.
467 5673 840 5743 c_l_Savil._x&i_6
868 5677 1036 5728 Ἰακὼϐ
1070 5681 1138 5743 δὲ,
1159 5680 1297 5743 ἡνίκα
1319 5683 1374 5728 ἂν
1409 5685 1434 5729 6
1463 5681 1660 5736 Ίῐσαΐας
1695 5684 1846 5742 μέλλει

202 5737 283 5780 νῦν
308 5737 457 5780 ταῦτα
483 5737 648 5791 λέγειν.
685 5739 865 5788 Boisius
887 5743 987 5788 vull
1027 5737 1286 5789 alio'modo
1311 5746 1519 5791 restitui.
1564 5744 1660 5789 Sed
1696 5737 1848 5790 ‘loclio

204 5753 283 5780 νυν
308 5753 457 5780 ταντα
485 5753 532 5782 λε
566 5753 648 5782 ειν.
685 5753 865 5788 υοιδιιιε
887 5753 987 5788 γυιι
1027 5753 1122 5789 auo
1145 5753 1286 5789 modo
1311 5753 1519 5791 rcsmui.
1564 5753 1660 5789 Sed
1703 5753 1847 5790 Ivem)

204 5794 508 5902 :Itirgil‘llilfma
534 5753 772 5846 Iiditionis
811 5799 937 5849 bene
981 5802 1163 5850 habere
1192 5804 1400 5861 Vidclur,
1441 5812 1492 5852 cl
1534 5803 1579 5851 in
1623 5805 1847 5852 Bumriw

221 5872 262 5902 ιδ
287 5873 298 5899 ι
419 5895 430 5902 .

221 5869 430 5903 υιιειιυτ.

264 5918 283 5938 ⁶
317 5918 436 5976 llvg.
465 5923 516 5968 cl
541 5919 649 5967 Sav.
681 5921 731 5966 τὸ
759 5925 1069 5984 προοωπιὶον,
1096 5926 1255 5974 minus
1278 5932 1427 5974 rule.

1966 463 2199 534 Χριστὸς
2256 465 2672 534 προαναφωνιῖνι.
2743 466 2876 519 Οὔτε
2938 470 3042 538 γὰρ
3105 469 3393 535 προσδοκία
3452 467 3620 518 ἐθνῶν

1977 551 2172 614 Ἰούδας
2199 552 2437 620 γέγονεν,
2472 553 2594 605 οὔτε
2625 553 2742 606 τότε
2763 553 2996 622 ἔλαμψεν
3019 557 3049 624 ἡ
3086 555 3243 624 φυλὴ,
3270 555 3353 607 ὅτε
3376 555 3618 619 ἐξέλιπεν

1965 639 2197 707 αύτῶνὴ
2251 639 2522 692 πολιτεία·
2555 640 2686 693 ἀλλά
2723 640 2889 692 ταῦτα
2934 641 3137 702 πάντα.
3186 644 3272 695 ὅτε
3308 644 3335 694 6
3389 643 3619 712 Χριστὸς

1964 724 2312 792 παρεγένετο,
2340 725 2576 792 γέγονεν.

2032 810 2092 861 Εἰ
2122 809 2176 862 δὲ
2206 812 2604 879 ἀναισχυντοῖεν
2643 811 2881 864 Ἰουδαῖοι
2926 811 3111 864 τοῦτον
3157 813 3618 882 παρακρουόμενοι

1962 893 2060 960 τῆς
2101 897 2431 966 προφητείας
2479 897 2570 950 τὸν
2620 897 2801 967 νόμον,
2833 897 3062 967 μάλιστα
3117 897 3213 965 μὲν
3274 895 3365 950 οὖν
3415 899 3510 952 καὶ
3557 899 3615 964 ἐξ

1961 980 2138 1033 αὐτῶν
2165 981 2269 1035 τῶν
2299 983 2598 1053 είρημένων
2633 982 2824 1054 ῥᾳδίως
2861 983 3234 1053 διελεγχθεῖεν,
3267 985 3318 1037 εἴ
3354 1000 3437 1047 τις
3479 983 3616 1052 μετὰ

1961 1066 2242 1137 ἀκριϐείας
2286 1069 2385 1133 τὰς
2433 1070 2766 1142 προφητείας
2830 1071 3142 1137 ὲξαπλώσας
3178 1069 3236 1138 ί,
3287 1072 3380 1124 καὶ
3436 1073 3615 1124 πᾶσαν

1963 1155 2120 1224 ῥῆσιν
2168 1157 2305 1225 μετὰ
2362 1160 2462 1227 τῆς
2532 1158 2912 1226 προσηκούσης
2971 1158 3235 1222 ἐξετάζων
3289 1157 3614 1227 προσοχῆς,

1961 1240 2187 1310 ἁρμόζοι
2211 1243 2276 1296 τά
2307 1245 2569 1315 εἰρημένα
2603 1246 2713 1307 τοῖς
2737 1245 3134 1312 γεγενημένοις.
3162 1245 3320 1296 Ὥστε
3346 1245 3399 1297 δὲ
3429 1247 3521 1296 καὶ
3551 1247 3614 1296 ἐκ

1963 1330 2276 1398 περιουσίας
2303 1331 2477 1382 αὐτῶν
2515 1331 2829 1402 ἁπορῤάψαι
2860 1331 2928 1382 τά
2958 1330 3214 1398 στόματα,
3252 1331 3348 1383 οὐκ
3374 1332 3479 1382 άπὸ
3506 1331 3612 1382 τῶν

1962 1415 2039 1474 εἰς
2077 1415 2165 1464 16v
2195 1417 2422 1482 Χριστὸν
2438 1418 2759 1486 εἰρημένων,
2783 1416 2895 1468 ἀλλ’
2921 1416 3029 1468 ἀπὸ
3049 1416 3153 1468 τῶν
3178 1419 3254 1478 εἰς
3281 1419 3402 1478 τοὺς
3433 1417 3610 1468 αὐτῶν

1963 1499 2299 1568 πατριάρχας
2325 1501 2819 1570 προφητευθέντων,
2845 1501 2999 1554 τοῦτο
3035 1502 3360 1570 πειράσομαι
3387 1503 3609 1571 ποιῆσαι

1962 1585 2434 1654 φανερὸν,δεικνὺς
2453 1587 2533 1640 ὅτι
2557 1590 2609 1640 αἱ
2644 1588 2832 1640 πολλαὶ
2863 1589 2969 1640 τῶν
2999 1587 3336 1656 προφητειῶν
3367 1587 3610 1656 εἴρηνται

1964 1671 2063 1740 μὲν
2082 1672 2158 1734 είς
2174 1672 2297 1733 τοὺς
2327 1672 2648 1741 φυλάρχους,
2673 1672 2932 1741 ἐξέϐησαν
2949 1673 3003 1725 δὲ
3033 1674 3110 1733 είς
3128 1673 3252 1734 τοὺς
3280 1670 3339 1735 ἐξ
3367 1673 3606 1726 ἐκείνων.

1962 1758 2070 1809 Καὶ
2113 1757 2546 1828 παραδείγματος
2573 1759 2754 1811 ἕνεκεν
2785 1758 2911 1827 μίαν
2941 1761 2971 1825 ἢ
3015 1760 3105 1811 καὶ
3153 1759 3409 1828 δευτέραν
3443 1757 3609 1810 είπιέιν

1964 1842 2221 1913 ἱστορίαν,
2255 1842 2456 1912 ἅψομαι
2512 1843 2619 1896 τῶν
2667 1845 3060 1914 προκειμένων.
3095 1844 3202 1896 Καὶ
3252 1845 3359 1914 γάρ
3398 1845 3484 1897 ὅτε
3518 1844 3608 1896 τὸν

1962 1928 2183 1998 Συμεὼν
2203 1929 2295 1982 καὶ
2321 1930 2412 1982 τὸν
2437 1931 2564 1982 Λευὶ
2589 1930 2817 1992 καλέσας
2839 1932 2867 1982 ό
2907 1929 3115 1994 Ἰακὼϐ,
3149 1933 3522 1999 προαναφωνεῖ
3543 1930 3610 1984 τά

1963 2017 2346 2087 συμϐησόμενα
2375 2018 2573 2082 αὐτοῖς,
2617 2017 2786 2082 οὕτως
2828 2019 3010 2088 ἔλεγε⁹
3054 2019 3294 2087 Συμεὼν
3322 2020 3420 2072 καὶ
3468 2019 3610 2074 Λευὶ

1959 2104 2224 2173 ἀδελφοὶ,
2251 2105 2344 2158 καὶ
2373 2107 2748 2176 κατηγορήσας
2777 2107 2954 2159 αὐτῶν
2981 2108 3077 2176 τῆς
3103 2106 3440 2177 παρανομίας
3457 2146 3471 2166 ,
3515 2107 3609 2159 καὶ

1959 2193 2057 2259 τῆς
2081 2191 2265 2243 ἀδίκου
2296 2192 2508 2260 σφαγῆς
2531 2193 2626 2262 τῆς
2647 2195 2727 2255 είς
2753 2195 2878 2254 τοὺς
2901 2194 3192 2263 Σικημίτας
3221 2193 3608 2262 γεγενημένης,

1961 2277 2162 2347 προϊών
2196 2295 2361 2348 φησι’
2405 2278 2679 2349 Διαμεριῶ
2729 2281 2949 2346 αὐτοὺς
2990 2281 3059 2332 ἐν
3103 2281 3328 2344 Ἰακὼϐ,
3361 2281 3456 2333 καὶ
3487 2279 3610 2334 δια-

1961 2364 2159 2431 σπερῶ
2182 2364 2399 2431 αὐτοὺς
2419 2366 2487 2418 ἐν
2529 2366 2785 2434 Ἰσραήλ.
2827 2365 2996 2418 Τοῦτο
3025 2366 3079 2418 δὲ
3107 2367 3195 2419 ἐπὶ
3226 2365 3316 2418 τοῦ
3347 2365 3475 2420 Λευὶ
3517 2367 3610 2419 καὶ

1959 2448 2052 2502 τοῦ
2091 2450 2312 2519 Συμεὼν
2359 2451 2526 2514 οὐδεὶς
2561 2452 2627 2505 ἂν
2663 2451 2760 2505 ἴδοι
2814 2453 3192 2521 γεγενημένον,
3217 2453 3328 2504 ἀλλ’
3368 2453 3460 2505 ἐπὶ
3497 2453 3606 2504 τῶν

1959 2534 2137 2601 φυλῶν
2157 2535 2262 2588 τῶν
2292 2535 2351 2600 ἐξ
2376 2535 2572 2591 αὐτῶν.
2611 2537 2719 2590 Καὶ
2745 2536 2850 2606 γὰρ
2879 2539 2910 2606 ὴ
2933 2537 3024 2588 τοῦ
3063 2534 3190 2590 Λευῒ
3221 2537 3358 2608 φυλὴ
3384 2537 3608 2591 διεσπά-

1963 2638 2050 2690 ρη.
2095 2621 2155 2673 16
2184 2622 2405 2676 δέκατον
2456 2624 2616 2694 μέρος
2663 2624 2829 2692 αὐτῆς
2872 2624 3108 2691 ἑκάστης
3147 2623 3313 2692 φυλῆς
3347 2623 3605 2693 ἐχούσηςο

1957 2707 1992 2773 ἦ
2024 2723 2083 2757 τε
2129 2707 2220 2758 τοῦ
2258 2707 2499 2777 Συμεὼν,
2545 2711 2664 2777 ήτις
2711 2709 2770 2760 16
2810 2709 2940 2760 αὐτὸ
2968 2709 3150 2776 σχεδὸν
3189 2709 3375 2771 ἔπαθε,
3410 2709 3612 2771 πάσαις

1959 2795 2145 2856 αὑταῖς
2191 2795 2587 2864 παρεκταθεῖσα
2644 2795 2780 2848 κατά
2832 2796 2921 2847 τὸν
2977 2796 3198 2864 κλῆρον,
3244 2795 3337 2848 καὶ
3389 2795 3508 2865 οὐχ,
3536 2795 3612 2859 ὡς

1959 2880 2162 2950 ἑκάστη
2196 2881 2300 2933 τῶν
2348 2880 2541 2944 ἄλλων,
2575 2883 2920 2951 συνημμένην
2946 2881 3106 2933 ἔλαϐε
3145 2883 3240 2951 τὴν
3264 2881 3609 2951 κληρουχίαν.

1959 2967 2054 3019 καὶ
2081 2967 2214 3036 πρὸς
2240 2967 2434 3038 ἑαυτὴν
2467 2969 2997 3038 συγκεκροτημένην.
3024 2970 3131 3021 Καὶ
3161 2971 3189 3021 ὁ
3230 2968 3426 3022 Ἰακὼϐ
3455 2967 3614 3032 δεξά-

1961 3071 2118 3124 μενος
2150 3054 2392 3123 εὐλογίας
2429 3054 2580 3126 παρά
2611 3054 2703 3108 τοῦ
2738 3056 2938 3126 πατρὸς
2971 3055 3222 3124 οὐδεμιᾶς
3268 3056 3444 3109 αὐτῶν
3503 3057 3610 3110 άπ-

1959 3143 2187 3211 ήλαυσεν
2211 3143 2388 3205 αὑτός.
2407 3143 2464 3195 '0
2488 3143 2585 3211 μὲν
2607 3143 2714 3210 γὰρ
2740 3143 2919 3212 πατὴρ
2935 3141 3096 3194 αὑτοῦ
3113 3141 3403 3212 προῦλεγεν
3428 3143 3610 3212 εὐετηο

1959 3232 2080 3300 ρίαν
2114 3232 2330 3302 πολλὴν,
2358 3232 2451 3285 καὶ
2485 3232 2700 3301 διηνεκῆ
2729 3231 3041 3284 δεσποτείαν
3077 3230 3170 3283 τοῦ
3219 3231 3390 3283 Ἠσαῦ
3413 3248 3426 3262 ·
3459 3225 3608 3294 οὗτος

1957 3317 2013 3369 δὲ
2050 3317 2142 3369 καὶ
2173 3317 2278 3369 τῶν
2307 3317 2613 3384 ἀναγκαίων
2651 3317 2866 3386 ἠπόρει,
2903 3317 2995 3369 καὶ
3052 3316 3288 3385 θητεύων
3332 3317 3607 3385 ἐτρέφετο,

1958 3401 2052 3454 καὶ
2075 3401 2323 3454 τοσοῦτον
2349 3403 2550 3469 ἀπέσχε
2585 3402 2852 3471 κρατῆσαι
2880 3401 3160 3468 τάδελφοῦ,
3177 3404 3256 3455 ὅτι
3284 3401 3348 3470 δὴ
3376 3401 3610 3473 καὶπερὶ

1957 3489 2134 3541 αὐτῶν
2160 3488 2458 3541 ἐκινδύνευε
2492 3489 2600 3541 τῶν
2639 3490 2877 3559 ἐσχάτων
2896 3529 2910 3553 ,
2939 3489 3030 3542 καὶ
3059 3490 3204 3553 ἅπαξ
3233 3489 3378 3559 αύτῴ
3418 3507 3610 3542 συντυ-

1957 3575 2067 3645 χὼν
2122 3576 2279 3645 μόνον
2338 3577 2473 3645 μετά
2503 3576 2694 3630 πολλοῦ
2741 3576 2834 3630 τοῦ
2863 3577 3045 3640 δέους,
3083 3576 3331 3647 ἠγάπησε
3363 3578 3422 3629 16
3453 3578 3610 3647 δυνη-

1957 3662 2404 3730 θῆναιδιαφυγὼν
2431 3663 2591 3714 αὐτὸν
2629 3664 2721 3716 καὶ
2754 3664 3007 3732 σωθῆναι.
3035 3665 3101 3715 Τὶ
3130 3661 3219 3716 οῦν
3261 3664 3325 3716 ἂν
3363 3665 3609 3732 εἴποιμεν

1957 3749 2092 3818 πρὸς
2127 3748 2328 3811 ταῦτα;
2354 3749 2432 3801 ὃτι
2455 3749 2642 3817 ψεῦδος
2672 3750 2706 3818 ἡ
2739 3749 3072 3820 προφητείας
3108 3751 3349 3814 ¹Ἄπαγε·
3384 3751 3494 3804 ἀλλ’
3526 3752 3608 3805 ὅτι

1956 3835 2191 3888 τοιοῦτον
2216 3835 2382 3904 αὐτῆς
2401 3834 2664 3904 πολλαχοῦ
2697 3836 2757 3887 16
2793 3836 2930 3899 έθος,
2963 3835 3028 3887 τά
3058 3835 3142 3901 ἐφ’
3175 3834 3414 3904 έτέρωνσ
3447 3835 3610 3905 ἐκϐη-

1959 3924 2157 3992 σόμενα
2209 3923 2408 3992 ἐτέρων
2468 3923 2835 3990 ὑποκειμένων
2890 3923 3196 3990 προσώπων
3249 3923 3444 3988 λέγειν,
3513 3927 3609 3977 καὶ.

1957 4009 2355 4078 άποκεχρῆσθαι
2384 4008 2636 4078 ὀνόμασιν
2678 4009 2858 4070 ἄλλοις
2903 4009 3016 4061 ἀνθ’
3047 4009 3280 4078 ἐτέρων·
3316 4009 3344 4060 ὃ
3377 4010 3470 4061 καὶ
3515 4010 3608 4062 ἐπὶ

1955 4095 2048 4147 τοῦ
2080 4096 2290 4146 Χαναὰν
2323 4094 2558 4161 γέγονεν.
2591 4094 2722 4146 Οὐδὲ
2767 4093 2876 4164 γὰρ
2903 4096 3114 4163 ὁρῶμεν
3154 4097 3356 4148 ἐκεῖνον
3394 4095 3608 4150 δουλεύ-

1959 4199 2124 4234 σαντα
2150 4183 2259 4242 τοῖς
2286 4182 2546 4248 ἀδελφοῖς,
2563 4182 2624 4232 ού
2657 4180 2761 4250 μὴν
2788 4181 2906 4232 ούδέ
2926 4182 3020 4250 τὴν
3056 4181 3191 4250 ἀράν
3224 4182 3604 4248 διαπεσοῦσαν,

1957 4267 2068 4320 ἀλλ’
2104 4267 2193 4317 ἐπὶ
2220 4266 2325 4318 τῶν
2344 4266 2702 4319 Γαϐαιονιτῶν
2726 4266 2992 4320 λαϐοῦσαν
3024 4269 3082 4319 16
3107 4268 3254 4331 τέλος
3276 4269 3383 4322 τῶν
3403 4270 3467 4322 ἐκ
3508 4269 3604 4322 τοῦ

1958 4353 2173 4404 Χαναὰν
2225 4353 2536 4419 γεγονότων.
2570 4355 2675 4406 Καὶ
2715 4353 2820 4422 γάρ
2849 4355 2906 4404 ἐν
2952 4354 3096 4418 τάξει
3125 4357 3263 4423 ἀράς
3301 4357 3604 4426 προφητεία

1955 4438 2017 4489 16
2040 4437 2324 4507 λεγόμενον
2346 4435 2434 4508 ἦν.

2029 4541 2142 4613 [20]
2182 4542 2246 4611 β’.
2287 4543 2560 4596 Τοσούτων
2596 4544 2768 4596 τοίνυν
2807 4545 2898 4597 καὶ
2929 4546 3177 4597 τοιούτων
3214 4546 3380 4596 ὅντων
3423 4561 3602 4616 παρα-

1955 4629 2260 4699 δειγμάτων
2301 4629 2407 4682 τῶν
2449 4630 2874 4682 ἀποδεικνύντων
2905 4633 3033 4699 ἡμῖν
3058 4671 3072 4693 ,
3131 4631 3211 4682 ὅτι
3273 4631 3441 4683 πολλὰ
3494 4634 3602 4686 τῶν

1955 4717 2252 4785 εἰρημένων
2304 4717 2512 4783 λέγεται
2575 4716 2670 4783 μὲν
2733 4718 2816 4784 ἐφ’
2874 4717 3090 4786 ἑτέρων,
3128 4717 3363 4770 ἐκϐαίνει
3413 4719 3469 4772 δὲ
3513 4721 3600 4772 ἐπ’

1954 4803 2143 4864 ἄλλων,
2205 4803 2294 4853 καὶ
2341 4802 2592 4870 ὀνόμασιν
2649 4801 3045 4871 άποκέχρηνται
3093 4804 3140 4854 οἰ
3191 4805 3495 4872 προφῆται,
3547 4807 3601 4859 τί

1954 4889 2257 4956 θαυμαστὸν
2289 4889 2335 4937 εἰ
2367 4887 2455 4938 καὶ
2508 4886 2597 4938 νῦν
2637 4887 2696 4938 16
2733 4888 2827 4956 τῆς
2872 4887 3121 4950 Ἰουδαίας
3152 4891 3240 4940 καὶ
3273 4893 3368 4958 τῆς
3406 4893 3600 4960 Ἰερουο

1955 4976 2131 5042 σαλὴμ
2162 4974 2377 5041 προθεὶς
2397 4975 2562 5042 ὄνομα
2594 4976 2620 5026 6
2646 4977 2949 5043 προφήτης,
2988 4976 3113 5044 περὶ
3143 4979 3238 5044 τῆς
3279 4977 3602 5046 Ἐκκλησίας

1953 5063 2354 5128 πωαναζιιινεῖ;
2390 5063 2496 5112 Καὶ
2529 5063 2633 5130 γάρ
2667 5061 2847 5130 ἐπειδὴ
2882 5061 3013 5129 πρὸς
3048 5060 3361 5130 ἀγνώμονας
3392 5066 3418 5114 ὀ
3446 5064 3600 5132 λόγος

1948 5142 2014 5215 ἦν
2051 5146 2214 5216 αὐτῷ,
2245 5149 2518 5216 προφήτας
2551 5146 2919 5217 ἀναιροῦντας,
2943 5149 3008 5199 τά
3031 5147 3205 5216 βιϐλία
3237 5149 3502 5214 καίοντας,
3529 5151 3597 5201 τά

1951 5232 2306 5302 θυσιαστήρια
2359 5235 2832 5297 κατασκάπτοντας
2865 5273 2878 5298 ,
2948 5235 3167 5297 εἰκότως
3216 5236 3276 5288 τὸ
3338 5236 3595 5305 κάλυμμα

1949 5319 2124 5370 ἔκειτο
2162 5320 2253 5370 ἐπὶ
2295 5323 2360 5388 τῇ
2409 5319 2702 5386 ἀναγνώσει
2744 5322 2839 5390 τῆς
2870 5321 3102 5385 παλαιάς
3134 5323 3424 5393 Διαθήκης,
3456 5325 3594 5376 κατά

1949 5406 2038 5456 τὸν
2089 5407 2350 5475 μακάριον
2420 5407 2644 5459 Παῦλον.
2703 5404 2777 5460 Ἶι
2833 5410 2936 5477 γάρ
2987 5411 3050 5462 ἂν
3094 5412 3187 5462 καὶ
3223 5412 3486 5480 ἠφάνισαν
3531 5413 3596 5463 τά

1953 5492 2150 5560 βιϐλία,
2189 5495 2235 5544 εί
2294 5494 2529 5560 συνῆκαν
2580 5495 2674 5564 τῆς
2726 5498 3056 5564 προφητείας
3095 5499 3190 5567 τὴν
3233 5499 3461 5568 δύναμιν
3495 5500 3593 5567 τῆς,

1953 5582 2076 5649 περὶ
2109 5581 2200 5632 τοῦ
2231 5581 2482 5650 Χριστοῦ.
2519 5583 2686 5635 Ὅπου
2713 5584 2818 5652 γάρ
2850 5585 3085 5654 παρόντα
3119 5587 3298 5648 αὐτὸν,
3350 5587 3441 5637 καὶ
3466 5586 3593 5638 θαυ-

1954 5667 2373 5737 ιιατουργοῦντα,
2407 5670 2496 5720 καὶ
2525 5670 2706 5739 ἐντελῆ
2736 5671 2831 5735 τῆς
2857 5673 3052 5734 οἰκείας
3081 5671 3357 5741 δυνάμεως
3382 5673 3471 5724 καὶ⁵
3496 5673 3593 5741 τῆς

2017 5811 2030 5845 ί
2067 5811 2210 5855 Smil.
2239 5816 2284 5854 (εὶ
2315 5811 2431 5871 Ιίρές.
2459 5811 2535 5862 τὰς
2560 5813 2777 5870 πςοφηηί

1951 5879 2104 5917 1mm
2132 5875 2174 5915 in
2204 5878 2356 5916 la-xlu.

2013 5936 2034 5968 Β
2081 5934 2173 5989 ’1τᾴ
2197 5935 2362 5993 ἐτέξιωι
2382 5934 2518 5981 dcuit
2540 5936 2586 5982 iu
2611 5935 2738 5983 δωιι
2787 5943 2833 5981 cl
2861 5935 2979 5994 Heg.

2784 5831 2831 5865 ας
2855 5815 3208 5874 ἀναπληρώσας,
3232 5814 3370 5863 male.
3400 5813 3592 5862 Banti-
