4058 6216
467 334 545 390 29
1226 335 1284 391 S.
1324 337 1605 392 JOANNIS
1636 333 2116 393 CIIRYSOSTOMI
2153 333 2467 397 ARCIIIEP.
2509 342 3046 402 CONSTANTINOP.
3775 359 3846 413 30

460 444 598 512 πρὸς
645 442 734 495 τὸν
782 441 993 512 Πατέρα
1033 445 1343 512 συμφωνίας
1385 464 1440 498 τε
1474 447 1566 499 καὶ
1592 446 1839 515 ὁμονοίας
1877 444 2104 514 παρεχό-

463 544 620 598 μενον
660 526 758 594 τὴν
805 525 1070 590 ἀπόδειξιν
1103 528 1199 580 οὐκ
1248 530 1579 598 ᾐδέσθησαν,
1627 530 1744 581 0666
1798 530 2103 597 ἀπέστησαν

458 616 564 676 ἕως
593 615 956 684 ἐσταύρωσαν.
994 616 1152 685 σχολῇ
1183 633 1244 682 γε
1283 617 1346 668 ἂν
1377 616 1481 668 τῶν
1507 629 1534 656 ι
1578 619 1702 687 περὶ
1731 617 1892 669 αὐτοῦ
1917 615 2100 682 λεγόν-

459 718 566 752 των
613 701 910 766 ἐφείσαντο,
951 699 1043 763 οὓς
1072 702 1164 754 καὶ
1196 701 1360 770 χωρὶς
1407 702 1588 754 τούτου
1638 704 1919 755 κατέλευον
1988 719 2107 754 συν-

460 787 617 856 εχῶς.
639 788 734 840 Διά
761 787 914 839 τοῦτο
934 791 1040 850 τοῖς
1061 787 1275 848 οἰκείοις
1306 788 1396 840 καὶ
1422 789 1711 858 γνωρίμοις
1740 787 1917 850 αὐτοῖς
1946 790 2103 855 ἐμφι-

460 871 816 942 λοχωροῦντες
863 873 1102 940 ὀνόμασι,
1150 871 1246 934 τὰς
1281 873 1608 942 προφητείας
1662 871 1833 940 τούτῳ
1894 872 2107 924 συσκιά-

462 957 612 1020 ζουσι
641 958 717 1027 τῷ
743 957 1031 1028 προσώπῳ.
1056 958 1176 1008 Ὀτι
1206 957 1310 1027 γὰρ
1342 958 1399 1009 ού
1431 957 1555 1028 περὶ
1593 957 1692 1025 τῆς
1727 956 1978 1020 Ἰουδαίας
2013 959 2103 1010 καὶ

473 1043 822 1113 Ἰερουσαλὴμ
866 1044 894 1094 ό
934 1042 1118 1109 λόγος,
1163 1043 1394 1113 ἑκάστην
1445 1043 1774 1113 παράγοντες
1823 1043 1962 1106 λέξιν
2026 1045 2106 1101 είς

466 1129 628 1196 μέσον
659 1129 793 1197 μετά
821 1127 1100 1198 ἀκριϐείας
1131 1129 1380 1198 εἰσόμεθα
1413 1131 1481 1182 τὰ
1507 1129 1784 1199 εἰρημένα.

535 1282 662 1334 Ὀτι
711 1284 880 1337 ἔσται
919 1284 986 1335 ἐν
1016 1284 1141 1347 ταῖς
1167 1283 1449 1349 ἐσχάταις
1488 1283 1730 1350 ἡμέραις
1753 1283 2010 1351 ἐμφανὲς
2042 1286 2102 1336 τὸ

465 1367 600 1434 ὄρος
628 1369 863 1434 Κυρίου.
892 1369 1031 1438 Ὅρα
1050 1368 1327 1436 ἀκρίϐειαν
1354 1369 1649 1434 προφήτου,
1676 1368 1735 1418 o6
1753 1367 1820 1419 τὰ
1847 1370 2103 1437 πράγμα-

463 1469 529 1504 τα
574 1453 815 1520 λέγοντος
859 1455 1033 1522 μόνον,
1072 1454 1205 1505 ἀλλά
1242 1455 1331 1505 καὶ
1367 1453 1455 1503 τὸν
1512 1452 1697 1522 χρόνον
1753 1454 2101 1522 ἐπισημαινο-

467 1537 646 1604 μένου.
679 1539 852 1606 Ὅπερ
881 1539 988 1607 γάρ
1029 1555 1189 1606 φησιν
1223 1540 1250 1590 6
1300 1537 1531 1600 Παῦλος,
1566 1538 1701 1590 Ὅτε
1732 1537 1798 1589 δὲ
1846 1534 1991 1605 ἦλθε
2038 1538 2104 1591 τὸ

464 1621 748 1689 πλήρωμα
795 1621 913 1675 τῶν
943 1623 1176 1690 καιρῶν,
1211 1623 1302 1675 καὶ
1346 1623 1567 1692 ἑτέρωθι
1611 1621 1790 1684 πάλιν,
1834 1626 1933 1687 Εἰς
1957 1625 2107 1676 οἱκο-

464 1707 677 1772 νομίαν
706 1706 810 1759 τοῦ
855 1707 1238 1775 πληρώματος
1297 1707 1412 1759 τῶν
1456 1705 1689 1774 καιρῶν,
1713 1707 1867 1760 τοῦτο
1894 1709 1921 1759 6
1977 1724 2106 1778 προ-

465 1793 641 1859 φήτης
680 1794 861 1860 φησὶν,
907 1794 1008 1845 Ἐν
1052 1793 1176 1857 ταῖς
1214 1793 1500 1860 ἐσχάταις
1544 1793 1804 1860 ἡμέραις.
1852 1795 2012 1864 Ὄρος
2048 1793 2104 1844 66

463 1876 564 1943 τὴν
609 1875 924 1945 Ἐκκλησίαν
975 1878 1066 1928 καὶ
1108 1877 1167 1929 16
1204 1876 1310 1928 τῶν
1348 1877 1624 1946 δογμάτων
1668 1877 2103 1944 ἀκαταγώνιστον

465 1959 635 2013 καλεῖ.
661 1962 922 2031 Καθάπερ
945 1961 1048 2032 γὰρ
1071 1962 1219 2028 δρεσι
1264 1962 1367 2014 κᾶν
1398 1963 1563 2032 μυρία
1592 1963 1899 2035 προσϐάλλῃ
1942 1981 2104 2034 στρα-

464 2046 678 2110 τόπεδα,
705 2048 830 2113 τξξα
855 2048 1112 2112 τείνοντα,
1147 2049 1238 2101 καὶ
1256 2047 1450 2117 δόρατα
1474 2049 1715 2118 ἀφιέντα,
1744 2051 2104 2121 μηχανήματα

467 2135 824 2203 προσάγοντα,
869 2138 1047 2188 ἐκεῖνα
1079 2136 1175 2203 μὲν
1217 2136 1335 2188 ούδέ
1388 2137 1732 2206 παραϐλάψαι
1769 2137 2101 2206 δυνήσονται,

465 2223 561 2290 τὴν
588 2224 643 2275 66
670 2225 868 2276 οἰκείαν
894 2225 1307 2277 κιαταλύσανταδ
1336 2227 1483 2295 ἰσχὺν
1515 2225 1897 2280 ἀπελεύσονται
1918 2242 1930 2256 ·
1964 2223 2104 2277 οὕτω

464 2306 529 2374 δή
559 2310 648 2359 καὶ
677 2312 722 2360 οἱ
754 2313 817 2378 τῇ
861 2310 1147 2379 Ἐκκλησία
1181 2311 1574 2380 πολεμήσαντες
1607 2313 1868 2376 ἅπαντες,
1905 2311 2104 2380 ταύτην

469 2391 567 2459 μὶν
605 2395 702 2446 ούκ
755 2394 983 2452 ἔσεισαν.
1027 2397 1125 2463 τὴν
1155 2395 1210 2446 δὲ
1231 2396 1436 2446 οἰκείαν
1487 2395 1840 2457 ἀπολέσαντες
1883 2395 2105 2464 δύναμιν

466 2478 928 2549 κατῃσχύνθησαν,
969 2482 1024 2532 ἐν
1081 2479 1155 2548 τῷ
1199 2481 1376 2531 παίειν
1402 2479 1754 2548 διαλυόμενοι,
1797 2480 1889 2532 καὶ
1925 2481 1982 2532 ἐν
2029 2479 2106 2549 τῷ

469 2563 678 2631 βάλλειν
709 2565 1068 2629 ἀσθενοῦντες,
1094 2565 1185 2617 καὶ
1210 2567 1263 2616 ἐν
1292 2565 1366 2633 τῷ
1407 2567 1574 2616 ποιεῖν
1602 2565 1706 2618 ὑπὸ
1739 2566 1848 2618 τῶν
1877 2566 2106 2635 πασχόν-

464 2665 572 2700 των
599 2649 907 2719 νικώμενοι·
937 2652 1069 2720 ὅπερ
1108 2653 1199 2704 καί
1231 2650 1524 2721 παράδοξος
1550 2652 1701 2721 νίκης
1741 2653 1936 2720 τρόπος
1969 2654 2100 2716 ἐστὶ,

467 2735 560 2786 καὶ
588 2736 684 2786 οὐκ
735 2736 1053 2804 ἀνθρώποις,
1087 2737 1217 2789 ἀλλά
1248 2737 1362 2806 Θεῷ
1415 2739 1568 2805 μόνον
1595 2737 1830 2798 δυνατός.
1887 2738 1958 2789 T6
1994 2738 2103 2807 γὰρ

468 2815 777 2886 θαυμαστὸν
821 2820 913 2887 τῆς
956 2820 1300 2888 Ἐκκλησίας,
1326 2821 1420 2888 οὐχ
1453 2821 1532 2871 ὅτι
1577 2820 1841 2888 ἐνίκησεν,
1875 2820 1984 2871 ἀλλ’
2023 2822 2103 2872 ὅτι

468 2903 561 2954 καὶ
585 2904 752 2966 οὕτως
780 2905 1042 2974 ἐνίκησεν.
1089 2905 1440 2973 Ἐλαυνομένη
1467 2906 1602 2972 γὰρ,
1643 2905 1974 2974 διωκομένη.
2009 2923 2106 2973 μυ-

470 2991 602 3059 ρίοις
626 2992 1065 3060 κατακοπτομένη
1091 2992 1326 3060 τρόποις,
1345 2993 1403 3042 οὐ
1432 2992 1586 3059 μόνον
1615 2992 1710 3042 οὐκ
1737 2992 2104 3058 ήλαττονοῦτο,

466 3074 600 3127 ἀλλά
643 3077 737 3126 καὶ
785 3075 980 3144 μείζων
1031 3076 1255 3141 ἐγίνετο,
1287 3075 1376 3126 καὶ
1420 3076 1543 3134 τοὺς
1584 3076 1754 3126 ταῦτα
1793 3077 1958 3126 ποιεῖν
1992 3077 2110 3125 ἐπι-

439 3161 781 3230 χειροῦντας
845 3160 971 3211 0616
1025 3159 1085 3211 16
1132 3160 1356 3227 πάσχειν
1419 3160 1573 3228 μόνον
1615 3161 1898 3212 κατέλυεν·
1973 3162 2108 3228 ὅπερ

465 3247 675 3314 ἀδάμας
705 3249 844 3297 ποιεῖ
870 3247 994 3314 περὶ
1024 3246 1113 3298 τὸν
1148 3247 1378 3315 σίδηρον,
1422 3245 1498 3315 τῷ
1534 3247 1785 3298 παίεσθαι
1810 3245 1966 3315 μόνον
1995 3247 2107 3298 δια-

466 3327 605 3379 λύων
654 3328 745 3379 τοῦ
801 3328 1046 3388 παίοντος
1096 3327 1191 3396 τὴν
1233 3327 1408 3395 ίσχύν·
1455 3328 1546 3378 καὶ
1587 3327 1783 3396 κέντρα
1824 3327 1958 3396 πρὸς
1985 3327 2108 3387 τοὺς

466 3415 831 3475 λακτίζοντας,
883 3413 1020 3465 αύτά
1054 3413 1148 3482 μὲν
1179 3413 1328 3464 οὐδὲν
1357 3412 1665 3482 ἀμϐλύτερα
1697 3413 1937 3466 ἐντεῦθεν
1960 3414 2104 3480 γινό-

469 3518 622 3568 μενα,
669 3502 790 3562 τοὺς
839 3500 895 3552 δὲ
949 3499 1288 3562 λακτίζοντας
1342 3499 1674 3568 αἱμάσσοντα
1707 3499 1891 3557 πόδας.
1915 3498 2012 3551 Διά
2042 3499 2104 3570 δὴ

465 3590 620 3642 τοῦτο
657 3589 778 3659 ὅρος
803 3589 1072 3641 ἐκάλεσεν.
1111 3589 1170 3637 Εἰ
1191 3587 1246 3639 δέ
1269 3587 1366 3638 οὐκ
1390 3587 1636 3654 ἀνέχεται
1684 3588 1781 3655 τῆς
1802 3589 2107 3655 μεταφορᾶς

466 3681 495 3730 6
538 3679 804 3739 Ἰουδαῖος,
825 3677 1028 3730 οἴκοθεν
1067 3677 1226 3728 πάλιν
1253 3675 1481 3744 δεχέσθω
1541 3675 1631 3726 τὸν
1670 3673 1905 3743 ἔλεγχον.
1939 3674 2106 3736 Αὐτὸς

467 3766 575 3834 γάρ
612 3757 762 3827 οὗτος
805 3765 832 3815 6
882 3765 1157 3832 προφήτης
1216 3761 1405 3822 λύκους
1456 3761 1548 3813 καὶ
1598 3761 1764 3828 ἄρνας
1808 3761 1974 3829 ἔφησε
2010 3760 2107 3828 τῆς

465 3850 635 3918 αὐτῆς
667 3850 833 3918 νομῆς
857 3848 1220 3916 κοινωνήσειν,
1251 3847 1343 3898 καὶ
1379 3846 1558 3914 μυίαις
1612 3845 1701 3898 τὸν
1736 3845 1862 3896 Θεὸν
1906 3846 2108 3914 συριεῖν

467 3938 561 3990 καὶ
590 3939 706 3996 ταῖς
738 3935 1030 4004 μελίσσαις,
1069 3934 1162 3985 καὶ
1210 3933 1444 4000 ποταμὸν
1475 3933 1690 3998 ἀνάγειν
1735 3932 1983 3999 ῥαγδαῖον
2019 3931 2108 3982 ἐπὶ

466 4027 593 4088 τοὺς
643 4023 945 4083 Ἰουδαίους,
972 4021 1056 4072 διὰ
1093 4021 1152 4072 16
1195 4021 1267 4090 μὴ
1292 4019 1568 4088 βούλεσθαι
1595 4018 1707 4088 [9-1]
1741 4019 1932 4080 αὐτοὺς
1968 4018 2108 4086 ἔχειν

465 4113 527 4163 16
582 4112 722 4178 ὕδωρ
772 4109 862 4161 τοῦ
923 4107 1156 4176 Σιλωάμ.
1200 4108 1374 4176 Ἀπερ
1426 4106 1478 4157 εί
1528 4122 1609 4166 τις
1643 4104 1734 4156 ἐπὶ
1777 4104 1884 4158 τῶν
1915 4105 2108 4168 λέξεων

468 4196 707 4259 ἐκλάϐοι,
738 4195 868 4248 πολὺ
902 4195 962 4247 16
990 4195 1334 4264 άπερινόητον
1358 4193 1498 4261 ἔχει’
1535 4190 1668 4243 άλλά
1690 4192 1771 4242 δεῖ
1799 4191 1866 4243 τά
1895 4192 1959 4243 ἐκ
1989 4191 2111 4242 τού-

469 4301 577 4335 των
609 4281 978 4351 σημαινόμενα
1009 4280 1324 4347 δεχομένους
1354 4279 1492 4330 οὕτω
1534 4277 1822 4330 ποικίλλειν
1851 4278 1958 4329 τῶν
1989 4295 2110 4345 νοη-

474 4370 655 4438 μάτων
681 4369 776 4439 τὴν
806 4367 1135 4420 ἀκολουθίαν.
1173 4365 1233 4417 Τί
1257 4360 1347 4417 οὖν
1367 4366 1479 4416 ἐστι
1504 4365 1571 4416 τὰ
1592 4367 1654 4416 ἐκ
1686 4365 1884 4416 τούτων
1916 4380 2112 4432 σημαι-

470 4456 700 4525 νόμενα;
730 4454 828 4506 Διά
876 4454 972 4522 μὲν
1025 4453 1131 4505 τῶν
1184 4451 1357 4504 λύκων
1399 4453 1488 4503 καὶ
1529 4451 1637 4502 τῶν
1682 4451 1876 4519 ἀρνῶν,
1924 4452 1973 4501 οἱ
1999 4451 2110 4502 τῶν

473 4540 772 4610 ἀνθρώπων
806 4539 992 4609 τρόποι
1028 4539 1076 4589 οἰ
1103 4536 1382 4606 θηριώδεις
1427 4537 1515 4588 καὶ
1548 4536 1740 4604 ἥμεροι
1761 4552 1772 4564 ·
1803 4535 1888 4586 διὰ
1918 4535 1973 4587 δὲ
2004 4535 2112 4587 τῶν

477 4627 688 4696 μυιῶν,
731 4626 791 4676 τὸ
834 4625 1181 4692 ἀναίσχυντον
1237 4622 1342 4675 τῶν
1391 4622 1727 4688 Αἰγυπτίων·
1773 4620 1859 4673 διὰ
1910 4621 1966 4672 δέ
2020 4622 2112 4672 τοῦ

474 4712 740 4782 ποταμοῦ,
773 4711 832 4762 τὸ
859 4709 1082 4780 σφοδρὸν
1124 4710 1220 4776 τῆς
1255 4708 1533 4779 στρατείας
1561 4707 1652 4760 τοῦ
1684 4707 1954 4777 βαρϐάρου
1976 4723 1988 4735 ⁸
2026 4706 2115 4759 διὰ

471 4800 528 4851 δέ
557 4799 649 4851 τοῦ
679 4797 912 4865 Σιλωάμ,
930 4797 988 4848 16
1009 4799 1178 4865 πρᾶον
1201 4797 1292 4847 καὶ
1310 4795 1540 4856 ἐπιεικὲς
1569 4794 1660 4846 τοῦ
1689 4796 1809 4846 τότε
1835 4794 2110 4863 ἄρχοντος,

470 4886 564 4939 τοῦ
611 4885 718 4937 τῶν
775 4884 1034 4936 Ἰουδαίων
1063 4882 1338 4951 βασιλέως.
1373 4882 1477 4932 Καὶ
1505 4881 1673 4936 οὐδεὶς
1701 4881 1819 4932 0666
1848 4880 1953 4931 τῶν
1989 4880 2116 4946 σφό-

471 4972 570 5041 δρα
596 4973 831 5039 ἀνοήτων
860 4971 992 5040 πρὸς
1012 4968 1178 5021 ταῦτα
1205 4970 1334 5036 ήμίν
1367 4969 1593 5034 ἀντερεῖ.
1625 4967 1833 5034 Ὥσπερ
1873 4968 1978 5036 γὰρ
2024 4962 2114 5017 οὖν

471 5061 654 5110 ἐκεῖνα
701 5057 902 5127 ἑτέροις
942 5055 1162 5124 ὀνόμασι
1216 5053 1560 5122 παρεδηλώθη
1587 5093 1601 5115 ,
1663 5051 1801 5103 οὕτω
1862 5054 1951 5103 καὶ
2017 5052 2115 5120 τῆς

484 5144 804 5212 Ἐκκλησίας
846 5144 905 5195 τὸ
944 5143 1183 5211 στερρὸν,
1226 5139 1282 5192 τὸ
1328 5140 1577 5207 ἀκίνητον
1605 5149 1651 5200 ο,
1681 5137 1741 5189 16
1798 5138 2016 5204 ὑψηλὸν,
2056 5140 2116 5189 τὸ

471 5233 763 5303 ἀχείρωτον
785 5232 873 5285 διὰ
897 5232 993 5300 τῆς
1028 5230 1118 5284 τοῦ
1152 5229 1308 5299 ὄρους
1337 5230 1550 5298 ᾐνίξατο
1584 5228 1965 5297 προσηγορίας.
2008 5228 2117 5281 Καὶ

535 5433 552 5456 ⁸
574 5434 694 5493 Reg.
722 5433 869 5493 σχολῇ
893 5432 978 5492 γὰρ
997 5432 1105 5477 τῶν.
1132 5431 1279 5479 Savil.
1307 5433 1456 5492 σχολῇ
1495 5448 1548 5491 γε
1568 5435 1678 5480 τῶν.
1724 5434 1927 5482 Praestat
1969 5432 2116 5482 lectio

473 5492 773 5545 Mureniana)
798 5492 1053 5548 Ediliouis,
1080 5499 1131 5539 et.
1151 5499 1227 5539 est
1250 5494 1296 5539 in
1325 5493 1568 5541 Bavarico.

537 5555 564 5593 δ
591 5554 710 5613 Reg.
739 5560 786 5600 el
807 5553 955 5600 Savil.
981 5553 1253 5606 τείνοντες...
1292 5553 1550 5613 ἀφιέντες...
1587 5556 1892 5614 προσάγοντες
1918 5592 1947 5602 ..
1975 5573 2114 5602 κατα·

471 5618 713 5672 λύσαντες,
759 5627 867 5672 quae
901 5615 1046 5660 etiam
1073 5615 1213 5658 lectio
1240 5616 1457 5672 quadrat,
1499 5622 1551 5661 et
1593 5616 1862 5664 innumeris
1904 5618 2115 5664 ﬁrmalur

475 5677 742 5734 exemplis;
766 5675 852 5721 sed
874 5687 980 5721 cum
1009 5673 1170 5734 Morel.
1222 5673 1364 5719 etiam
1387 5675 1534 5722 lectio
1568 5675 1694 5722 bene
1717 5677 1909 5730 habeat.
1939 5677 2114 5724 τείνον-

475 5755 591 5786 τα...
615 5733 806 5796 ἀφιέντα
830 5743 946 5791 elc.,
974 5739 1026 5781 et
1063 5733 1174 5782 Cod.
1217 5734 1440 5782 Bavarico
1478 5736 1713 5794 ﬁrmetur,
1757 5749 1860 5785 eam
1898 5740 2111 5785 retinere

479 5799 631 5848 visum
657 5803 749 5842 est.

539 5864 560 5889 ε
584 5856 657 5907 lla
677 5857 795 5917 Reg.
826 5863 871 5905 ei
898 5855 1042 5905 εει-11.
1070 5854 1122 5903 In
1167 5855 1333 5905 Morel.
1373 5856 1419 5903 τὲ
1450 5856 1652 5912 ixi-amo:
1680 5859 1862 5908 docnt.

2209 450 2313 518 γὰρ
2340 451 2520 520 ἔτερος
2549 456 2828 523 προφήτης
2852 456 2975 516 τοὺς
2998 452 3317 512 πεποιθότας
3350 451 3439 504 ἐπὶ
3463 453 3553 505 τὸν
3584 453 3713 506 Θεὸν
3734 455 3848 524 ὄρει

2208 536 2571 604 παραϐάλλει.
2629 539 2687 591 τὸ
2727 540 3155 606 άκαταγὼνιστον
3207 537 3386 591 αὐτῶν
3432 539 3847 608 ἐνδεικνύμενος.

2223 621 2528 690 Ἐμφανές.
2552 623 2718 676 Τοῦτο
2745 625 2863 677 0666
2890 626 2986 693 τῆς
3012 624 3116 679 ἀπὸ
3149 625 3240 676 τοῦ
3273 624 3430 692 λόγου
3469 622 3649 675 λοιπὸν
3683 626 3851 693 έρμη-

2207 709 2353 771 νείας
2380 711 2564 764 δεῖται.
2596 711 2779 772 Οὕτως
2808 710 2943 779 αὑτὴ
2976 711 3080 762 τῶν
3103 712 3440 780 πραγμάτων
3470 711 3501 780 ἡ
3527 709 3684 778 φύσις
3721 711 3850 762 σάλ-

2209 811 2399 862 πιγγος
2445 797 2823 868 λαμπροτέραν
2880 795 3060 866 φωνὴν
3129 798 3364 866 ἀφίησι,
3439 795 3499 850 16
3559 798 3851 866 περιφανὲς

2205 879 2577 952 ἐνδεικνυμένη
2641 883 2738 952 τῆς
2786 882 3122 950 Ἐκκλησίας.
3186 883 3258 934 U6
3313 882 3420 952 γάρ
3473 883 3648 946 οὕτως
3701 882 3852 950 ἥλιος

2207 963 2390 1030 φανὸς,
2422 966 2537 1018 0666
2572 966 2631 1019 16
2659 968 2722 1020 ἐκ
2776 966 2963 1019 τούτου
3015 967 3147 1034 φῶς,
3191 967 3264 1028 ὡς
3299 969 3394 1036 τῆς
3430 969 3754 1038 Ἐκκλησίας
3781 966 3853 1020 τὰ

2205 1048 2518 1119 πράγματα.
2543 1052 2651 1104 Καὶ
2687 1052 2793 1121 γάρ
2819 1057 2851 1106 ὀ
2884 1050 3046 1117 οἶκος
3076 1052 3180 1106 τοῦ
3217 1053 3360 1106 Θεοῦ
3387 1055 3476 1106 ἐπ’
3502 1054 3697 1122 ἄκρων
3727 1054 3848 1109 τῶν

2205 1134 2406 1203 ὀρέων.

2273 1280 2341 1339 γ’.
2382 1274 2502 1335 Πῶς
2531 1274 2596 1326 ἂν
2632 1274 2784 1326 τοῦτο
2814 1275 3188 1345 ἐρμηνεύσειεν
3216 1276 3243 1326 6
3288 1275 3563 1339 Ἰουδαῖος;
3596 1276 3846 1346 Οὑδαμοῢ

2205 1357 2311 1426 γὰρ
2347 1358 2431 1409 ἐπ’
2460 1359 2640 1426 ἄκρων
2669 1358 2772 1410 τῶν
2800 1360 2965 1426 ὀρέων
3003 1363 3030 1412 6
3061 1361 3185 1421 ναός
3225 1362 3367 1411 ἐστιν
3389 1375 3400 1388 ·
3446 1363 3478 1430 ἡ
3524 1362 3701 1429 μέντοι
3743 1362 3848 1430 τῆς

2219 1443 2535 1512 Ἐκκλησίας
2573 1444 2797 1514 δύναμις
2851 1445 3028 1496 αὐτῶν
3081 1447 3252 1513 ἥψατο
3293 1447 3398 1498 τῶν
3442 1448 3700 1516 οὐρανῶν.
3737 1449 3849 1501 Καὶ

2204 1527 2401 1579 ὡσανεὶ
2433 1525 2577 1591 οἰκος
2619 1529 2756 1599 ὑπὲρ
2789 1531 3030 1598 κορυφῆς
3065 1529 3207 1597 ὀρῶν
3249 1531 3493 1598 κείμενος
3535 1535 3696 1586 πᾶσίν
3727 1535 3846 1587 ἐστι

2205 1612 2515 1682 κατάδηλος,
2543 1614 2683 1666 οὕτω
2714 1614 2806 1666 καὶ
2838 1613 3016 1682 πολλῷ
3049 1614 3208 1666 πλέον
3247 1616 3381 1684 αὑτὴ
3412 1618 3707 1686 περιφανὴς
3738 1619 3850 1670 πᾶ·-

2207 1714 2289 1748 σιν
2323 1696 2620 1768 ἀνθρώποις
2648 1699 2855 1767 γέγονε.
2885 1701 2994 1752 Καὶ
3021 1699 3400 1768 ὑψωθήσεται
3430 1702 3698 1769 ὑπεράνω
3728 1701 3850 1754 τῶν

2199 1783 2458 1846 βουνῶν.
2481 1785 2551 1837 T6
2571 1786 2697 1838 0616
2723 1786 2874 1839 τοῦτο
2897 1786 3055 1840 πάλιν
3083 1788 3440 1856 ήρμήνευσεν,
3464 1787 3596 1857 ὅπερ
3627 1787 3715 1839 ἐπὶ
3747 1787 3847 1840 τοῦ

2204 1865 2330 1920 ναοῦ
2362 1867 2609 1920 οὐδέποτε
2642 1868 2855 1938 συνέϐη,
2885 1870 3003 1922 0666
3027 1870 3185 1940 ήνίκα
3209 1871 3403 1939 ἄριστα
3436 1871 3691 1940 πράττειν
3724 1871 3845 1923 ἐδό-

2205 1971 2307 2006 κει.
2356 1955 2477 2018 Πῶς
2512 1956 2639 2026 γάρ,
2673 1957 2804 2009 ὅπου
2838 1973 2900 2024 γε
2945 1956 3039 2008 καὶ
3078 1957 3167 2008 ὑπ’
3211 1957 3386 2009 αὐτῶν
3426 1958 3533 2009 τῶν
3580 1956 3849 2010 Ἰουδαίων

2205 2041 2455 2104 πολλάκις
2481 2042 2789 2112 ήτιμάζετο,
2810 2043 2903 2096 καὶ
2926 2041 3027 2096 ὑπὸ
3053 2042 3395 2113 βαρϐαρικῶν
3420 2043 3705 2111 ἠφανίζετο
3730 2060 3848 2110 χει-

2205 2127 2312 2198 ρῶν
2333 2145 2346 2190 ;
2376 2129 2436 2182 Ἦ
2457 2129 2512 2181 66
2534 2129 2632 2199 τῆς
2658 2130 2978 2201 Ἐκκλησίας
3009 2130 3158 2199 ίσχὺς
3190 2129 3494 2199 ἐπολεμήθη
3517 2129 3614 2198 μὲν
3634 2129 3848 2182 ἐκείνου

2202 2212 2570 2284 χαλεπώτερον
2604 2216 2693 2268 καὶ
2727 2215 2883 2268 πλέον
2901 2232 2914 2247 ’
2944 2214 3050 2279 εἶξε
3084 2215 3138 2267 δέ
3168 2215 3418 2267 οὐδέποτε
3447 2218 3567 2277 ταῖς
3597 2215 3702 2266 τῶν
3739 2231 3851 2265 πο-

2202 2299 2505 2368 λεμούντων
2536 2302 2715 2371 χερσὶν
2739 2342 2754 2367 ,
2789 2301 2900 2355 ἀλλ’
2933 2301 3232 2371 ὑψηλοτέρα
3269 2302 3361 2353 καὶ
3413 2301 3847 2370 περιφανεστέρα

2206 2388 2436 2454 μάλιστα
2457 2389 2560 2440 ὑπὸ
2583 2388 2688 2441 τῶν
2710 2389 2977 2458 πολεμίων
3009 2391 3230 2457 ἐγίνετο.
3255 2391 3384 2443 Τότε
3406 2391 3534 2457 γοῦν
3561 2391 3669 2442 τῶν
3704 2407 3846 2460 μαρ-

2203 2472 2378 2539 τύρων
2410 2473 2459 2523 οί
2491 2472 2646 2541 δῆμοι
2665 2513 2680 2533 .
2711 2476 2828 2526 τότε
2870 2477 2977 2526 τῶν
3005 2475 3345 2544 ὁμολογητῶν
3381 2477 3447 2526 τά
3491 2476 3688 2544 πλήθη,
3717 2475 3844 2526 τότε

2206 2563 2259 2612 αἰ
2301 2560 2512 2630 σιδήρου
2552 2561 2896 2631 στερρότεραι
2936 2562 3316 2613 ἀπεδείκνυντο
3359 2562 3563 2629 ψυχαὶ,
3607 2563 3699 2612 καὶ
3732 2561 3847 2612 τῶν

2207 2648 2444 2716 ἀστέρων
2475 2647 2650 2699 αὐτῶν
2678 2647 3059 2716 ἀκριϐέστερον
3087 2647 3344 2714 ἔλαμπον,
3378 2646 3486 2698 τῶν
3521 2647 3618 2715 μὲν
3659 2647 3846 2716 σωμά-

2204 2751 2309 2785 των
2343 2734 2517 2794 αὐτοῖς
2559 2733 3064 2802 κατακοπτομένων,
3104 2732 3200 2801 τῆς
3231 2731 3450 2802 γνώμης
3483 2733 3537 2784 δέ
3586 2733 3644 2784 ού
3678 2750 3844 2784 νικωο

2209 2820 2390 2886 μένης,
2414 2818 2547 2871 άλλά
2574 2819 2874 2889 κρατούσης
2905 2819 2994 2872 καὶ
3026 2820 3472 2886 στεφανουμένης.
3493 2818 3584 2880 Τίς
3612 2814 3737 2878 εἶδε,
3757 2819 3848 2881 τίς

2204 2907 2400 2971 ῆκουσε
2429 2907 2582 2974 φόνον
2611 2907 2863 2974 στέφανον
2888 2906 3134 2975 φέροντα,
3157 2908 3250 2957 καὶ
3281 2907 3489 2972 σφαγὴν
3515 2906 3663 2973 νίκην
3685 2906 3847 2973 ἐργα-

2206 2991 2455 3060 ζομένην,
2479 2994 2572 3044 καὶ
2603 2993 2719 3044 τότε
2745 2993 2804 3043 τὸ
2838 2991 3190 3060 στρατόπεδον
3223 2990 3593 3058 λαμπρότερον
3625 2991 3848 3056 γινόμε-

2205 3093 2312 3136 νον,
2357 3077 2443 3128 ὅτε
2495 3077 2705 3140 πλείους
2738 3079 2787 3128 οἰ
2834 3077 3183 3145 σφαττόμενοι
3231 3075 3380 3143 παρὰ
3423 3075 3527 3127 τῶν
3568 3073 3847 3143 πολεμίων

2206 3163 2477 3230 ἐφαίνοντο
2497 3181 2510 3227 ;

2274 3299 2378 3352 Καὶ
2424 3299 2675 3365 ἥξουσιν
2716 3298 2807 3350 ἐπ’
2856 3295 3014 3361 αὐτῷ
3061 3295 3253 3348 πάντα
3292 3294 3362 3348 τὰ
3412 3294 3575 3361 ἔθνη.
3633 3292 3850 3363 Προῖον

2207 3385 2529 3454 σαφέστερος
2564 3385 2591 3436 6
2625 3385 2904 3453 προφήτης
2947 3383 3170 3450 γίνεται,
3209 3382 3302 3434 καὶ
3342 3380 3538 3451 μᾶλλον
3574 3380 3849 3433 ἀνακαλύ-

2206 3488 2325 3522 πτει
2373 3471 2461 3522 16v
2505 3470 2677 3536 λόγον,
2721 3470 2813 3522 καὶ
2861 3467 3177 3538 τρανότερον
3221 3466 3456 3519 δείκνυσι
3494 3465 3592 3534 τὴν
3636 3482 3850 3534 προφη-

2204 3557 2372 3620 τείαν,
2408 3557 2498 3607 καὶ
2531 3554 2909 3625 ἀκριϐέστερον
2946 3553 3282 3622 ἀποῤῥάπτει
3326 3551 3433 3603 τῶν
3481 3551 3739 3603 Ἰουδαίων
3776 3549 3850 3602 τά

2208 3643 2464 3711 στόματα.
2496 3643 2662 3694 Τοῦτο
2693 3643 2798 3710 γὰρ
2818 3680 2833 3704 ,
2873 3641 2966 3692 καὶ
3006 3641 3054 3691 εἰ
3093 3639 3295 3708 σφόδρα
3327 3639 3749 3705 ἀναισχυντοῖεν,
3785 3635 3849 3686 o6

2205 3729 2516 3796 δυνήσονται
2555 3727 2631 3796 τῷ
2659 3727 2833 3779 αὐτῶν
2861 3726 2972 3794 ναῷ
3000 3726 3235 3794 ἁρμόσαι
3259 3723 3308 3774 ἀ.
3344 3723 3450 3774 Καὶ
3483 3723 3588 3789 γὰρ
3618 3721 3708 3772 καὶ
3739 3721 3851 3772 ἀπ-

2207 3810 2484 3878 ηγόρευτο,
2530 3810 2621 3861 καὶ
2666 3807 2780 3877 μεθ’
2829 3804 3130 3876 ὑπερϐολῆς
3177 3801 3446 3855 κεκώλυτο
3483 3801 3605 3868 ἔθνη
3645 3802 3723 3861 εἰς
3756 3799 3851 3852 τὸν

2206 3896 2328 3947 ναὸν
2357 3895 2595 3947 εἰσιέναι.
2631 3893 2739 3944 Καὶ
2781 3891 2832 3942 τί
2873 3891 3014 3956 λέγω
3047 3891 3124 3950 εἰς
3152 3888 3241 3939 τὸν
3273 3887 3395 3939 ναὸν
3433 3886 3674 3945 εἰσιέναι,
3713 3886 3851 3936 ὅπου

2206 3995 2270 4046 γε
2313 3979 2405 4032 καὶ
2441 3979 2618 4041 αὐτοῖς
2661 3979 2794 4048 μετά
2839 3977 3034 4044 πολλῆς
3081 3976 3177 4043 τῆς
3211 3973 3433 4040 ἀπειλῆς
3478 3970 3588 4041 [9.2]
3627 3973 3654 4023 6
3686 3971 3852 4037 νόμος

2208 4067 2510 4135 ἀπηγόρευε
2545 4067 2638 4126 τὰς
2663 4065 2769 4116 τῶν
2810 4063 2973 4115 ἐθνῶν
3014 4060 3323 4130 ἐπιμιξίας,
3357 4061 3448 4113 καὶ
3487 4060 3585 4126 τὴν
3625 4057 3852 4125 ἔσχατον

2209 4152 2346 4220 ὑπὲρ
2367 4151 2567 4203 τούτων
2597 4150 2788 4219 ἀπῄτει
2816 4148 3001 4217 δίκην;
3046 4148 3101 4198 '0
3127 4145 3254 4212 γοῦν
3284 4145 3560 4213 προφήτης
3599 4142 3853 4206 Ἀγγαῖος

2209 4236 2421 4289 ἅπασαν
2443 4239 2519 4299 εἰς
2547 4236 2701 4288 τοῦτο
2729 4235 3069 4304 κατηνάλωσε
3088 4232 3184 4300 τὴν
3205 4229 3553 4300 προφητείαν,
3581 4224 3850 4292 ἐγκαλῶν,

2209 4322 2464 4387 ἀπειλῶν,
2486 4322 2708 4383 εὐθύνας
2728 4320 2968 4373 ἀπαιτῶν
2993 4320 3087 4387 τῆς
3116 4318 3175 4368 06
3209 4313 3583 4384 προσηκούσης
3616 4314 3854 4376 ἐπιγαμ-

2211 4406 2386 4475 ϐρίας.
2422 4406 2556 4458 Ἀλλ’
2594 4407 2654 4457 06
2692 4405 2757 4456 τά
2794 4406 3028 4473 ἡμέτερα
3056 4400 3298 4458 τοιαῦτα,
3335 4398 3469 4450 ἀλλὰ
3506 4394 3640 4463 μετά
3668 4391 3852 4453 ἀδείας

2213 4492 2426 4560 ἀπάσης
2456 4493 2834 4544 ἀναπετάσασα
2855 4489 2978 4549 τοὺς
3001 4487 3225 4547 κόλπους
3257 4487 3289 4552 ή
3327 4481 3634 4548 Ἐκκλησία,
3665 4477 3852 4546 χερσὶν

2213 4578 2428 4639 ὑπτίαις
2459 4578 2669 4630 ἅπαντα
2693 4575 2760 4627 τά
2779 4576 2872 4643 τῆς
2905 4572 3221 4639 οἰκουμένης
3240 4568 3354 4620 καθ’
3378 4567 3608 4633 ἑκάστην
3640 4563 3852 4631 ἡμέραν

2213 4665 2525 4732 ὑποδέχεται
2557 4663 2705 4730 έθνη.
2738 4661 2904 4712 Τοῦτο
2942 4661 3045 4726 γὰρ
3079 4658 3169 4708 καὶ
3203 4658 3251 4706 οἰ
3283 4653 3485 4722 πρῶτοι
3516 4651 3622 4701 τῶν
3649 4648 3853 4716 δογμά-

2213 4768 2316 4802 των
2359 4749 2658 4802 διδάσκαλοι
2710 4747 2854 4818 παρά
2901 4744 2991 4797 τοῦ
3044 4741 3370 4806 Μονογενοῦς
3422 4735 3848 4803 ἐκελεύσθησαν,

2213 4837 2408 4905 ταύτην
2433 4836 2628 4897 εὐθέως
2653 4834 2975 4892 ἀκούσαντες
2996 4830 3090 4898 τὴν
3116 4831 3312 4896 φωνήν·
3340 4823 3724 4891 Πορευθέντες
3745 4836 3852 4888 μα-

2215 4923 2534 4985 θητεύσατε
2562 4919 2754 4971 πάντα
2790 4919 2861 4969 τὰ
2886 4916 3044 4979 ἔθνη.
3083 4912 3277 4964 Σκόπει
3308 4912 3363 4962 δέ
3397 4926 3484 4978 μοι
3513 4907 3625 4968 πῶς
3655 4906 3712 4957 06
3750 4905 3850 4972 τὴν

2217 5008 2402 5075 κλῆσιν
2425 5007 2532 5058 τῶν
2560 5005 2722 5057 ἐθνῶν
2751 5003 2964 5072 ᾐνίξατο
2999 5001 3153 5070 μόνον
3191 5002 3218 5050 6
3258 4998 3558 5066 προφήτης,
3594 4992 3726 5075 ἀλλά
3755 4990 3852 5044 καὶ

2215 5072 2315 5161 τὴν
2366 5093 2500 5161 μετὰ
2542 5090 2840 5160 προθυμίας
2879 5085 3054 5140 αὐτῶν
3103 5084 3364 5151 ὑπακοήν.
3402 5081 3474 5133 06
3521 5079 3626 5147 γὰρ
3675 5072 3849 5140 εἶπεν,

2216 5178 2564 5248 ἀχθήσονται,
2613 5177 2774 5237 ἀλλὰ,
2809 5175 3122 5234 Ἦξουσιν·
3160 5171 3293 5237 ὅπερ
3342 5167 3520 5235 ἐτερος
3568 5163 3878 5248 προφήτης,

2218 5246 2539 5330 σαφέστερον
2570 5258 2966 5326 ἐνδεικνύμενος
2987 5255 3136 5320 ἔλεγε
3159 5271 3172 5282 ·
3198 5253 3301 5305 Καὶ
3324 5253 3394 5303 οὺ
3417 5249 3500 5317 μὴ
3530 5246 3858 5299 διδάξωσιν

2215 5340 2460 5410 ἕκαστος
2492 5348 2593 5398 τὸν
2618 5346 2871 5409 πολίτην
2898 5340 3100 5403 αὐτοῦ,
3137 5339 3234 5391 καὶ
3266 5338 3514 5400 ἕκαστος
3542 5333 3647 5386 τὸν
3673 5332 3854 5384 ἀδελ-

2214 5433 2328 5501 φὸν
2368 5434 2566 5494 αὑτοῦ,
2604 5432 2814 5498 λέγων,
2859 5427 3047 5482 Γνῶθι
3095 5427 3198 5479 τὸν
3226 5425 3458 5490 Κύριον,
3506 5421 3593 5473 ὅτι
3633 5418 3856 5484 πάντες

2213 5519 2523 5584 εἰδήσουσί
2548 5535 2622 5585 με
2659 5517 2772 5568 ἀπὸ
2801 5513 3014 5582 μικροῦ
3044 5512 3149 5576 ἓως
3171 5509 3435 5578 μεγάλου
3471 5505 3684 5559 αὐτῶν.
3728 5505 3858 5557 Ἐπὶ

2218 5607 2313 5675 μὲν
2344 5609 2447 5674 γὰρ
2477 5605 2579 5657 τῶν
2614 5602 2878 5656 Ἰουδαίων
2907 5601 2994 5653 καὶ
3026 5602 3057 5669 ή
3087 5599 3254 5659 κτίσις
3287 5592 3726 5662 ἀνεστοιχειοῦτο,
3759 5593 3862 5646 καὶ

2271 5792 2293 5830 d
2320 5793 2432 5852 Reg.
2462 5792 2512 5837 οὐ
2537 5788 2806 5844 δυνήσονται
2827 5789 2919 5833 τῶν
2945 5785 3096 5852 αὐτῶν
3130 5783 3375 5852 ,Ἰουδαίωκ
3409 5784 3634 5847 ἁρμόσαι,
3671 5794 3855 5844 pc.“qu

2215 5868 2326 5902 Γλιιι.
2359 5847 2501 5902 iam.
2531 5854 2593 5915 τῷ
2619 5853 2713 5914 ναῷ
2740 5852 2828 5896 τῶν
2863 5847 3098 5897 Ἰουὲαίωυ
3122 5847 3340 5907 ἁρμόσαι.
