4058 6216
224 396 299 450 29
1515 365 1578 420 IN
1609 359 1855 423 ISAIAM,
1895 358 2049 413 cur.
2094 359 2156 412 tt.
3403 382 3475 437 30

216 500 520 569 pi-nphetias
570 494 968 550 admubrabaut.
1016 489 1164 557 Quod
1195 501 1335 542 emm
1373 497 1475 537 non
1503 481 1571 535 de
1601 476 1780 569 Judaea

214 566 264 643 et
283 566 355 643 de
377 587 666 643 Jerusalem
692 599 866 639 sermo
892 591 1048 644 esset,
1084 578 1285 647 singula
1314 577 1448 628 dicta
1477 572 1527 624 in
1557 566 1787 622 tnediutn

215 680 563 741 adducentes,
595 685 835 730 accurate
859 671 1361 727 demonstrabimus.

285 769 426 834 Quid
451 768 726 838 signi/irent
758 765 919 824 verba,
953 781 970 813 t
1000 763 1052 814 in
1073 757 1350 813 novissimis
1371 754 1542 807 diebus
1565 770 1609 803 ι.
1641 749 1789 802 Mons

227 858 432 911 Domini
477 857 705 910 Ecclesia
749 868 851 918 est;
899 852 1127 906 Ecclesia
1169 858 1342 901 vexata
1393 845 1507 897 vicit
1552 852 1597 896 et
1642 850 1790 894 aucta

217 960 307 999 est.
338 975 413 985 —
456 946 506 998 2.
558 944 667 997 Erit
709 946 758 996 in
804 942 1081 995 novissimis
1116 940 1286 991 diebus
1317 936 1607 1003 manifestus
1649 947 1791 983 mons

222 1037 448 1090 Domini.
474 1036 602 1089 Vide
629 1035 895 1103 propheta:
923 1030 1337 1090 accurationem,
1367 1027 1456 1095 qui
1489 1039 1594 1077 non
1621 1022 1792 1076 solum

222 1147 330 1183 rem
360 1129 526 1191 dicit,
575 1127 665 1181 sed
709 1136 912 1194 tempus
951 1124 1108 1178 etiam
1150 1121 1424 1190 signiﬁcat.
1473 1116 1622 1184 Quod
1653 1116 1792 1169 enim

220 1221 346 1275 dicit
391 1220 618 1276 Paulus.
665 1219 790 1271 Cum
833 1225 996 1267 autem
1040 1213 1169 1266 venit
1215 1209 1469 1278 plenitudo
1514 1217 1795 1274 temporum

223 1312 362 1379 (Gal.
401 1312 458 1364 4.
504 1311 586 1375 4).
612 1318 663 1362 et
690 1307 809 1360 alibi
857 1320 1085 1367 rursum,
1119 1301 1184 1354 In
1231 1297 1653 1368 dispensationem
1681 1295 1792 1364 ple-

224 1402 460 1454 nitudinis
491 1410 766 1467 temporum
808 1396 1021 1464 (Ep/tes.
1053 1396 1104 1448 1.
1136 1391 1222 1460 10)
1246 1430 1261 1456 ,
1314 1391 1414 1444 hoc
1442 1389 1518 1443 sic
1543 1387 1792 1456 exprimit

225 1490 510 1557 propheta,
558 1487 620 1540 In
646 1487 922 1539 novissimis
952 1483 1142 1536 diebus.
1175 1481 1404 1535 Montem
1443 1487 1616 1531 autem
1647 1483 1798 1529 vocat

228 1579 517 1632 Ecclesiam
545 1620 559 1642 ,
603 1587 653 1631 et
682 1573 1104 1643 inexpugnabilia
1129 1571 1394 1640 dogmata.
1444 1565 1798 1634 Quemadmo-

225 1669 348 1721 dum
375 1669 517 1722 enim
543 1668 584 1719 si
611 1665 990 1734 quisadversus
1013 1669 1220 1715 montes
1250 1661 1554 1713 innumeros
1584 1656 1799 1726 objiciat

224 1759 485 1811 exercitus
509 1797 525 1820 ,
554 1772 706 1809 arcus
737 1755 1030 1817 tendentes,
1064 1756 1238 1806 hastas
1269 1751 1534 1805 vibrantes
1554 1789 1569 1813 ,
1602 1747 1800 1801 machi-

228 1864 320 1902 nas
349 1848 695 1901 admoventes
718 1886 732 1910 ,
779 1846 894 1898 illos
939 1844 1149 1912 quidem
1190 1841 1334 1894 nullo
1364 1841 1555 1894 damno
1585 1837 1800 1891 afﬁcere

227 1949 490 2008 poterunt,
525 1939 614 1992 sed
639 1947 944 2004 consumpta
972 1936 1182 2005 propria
1203 1932 1503 1986 fortitudine
1521 1931 1796 1984 recedent:

227 2033 304 2082 sic
351 2040 406 2084 et
452 2029 768 2097 quicumque
816 2027 1099 2080 Ecclesium
1149 2026 1615 2092 iuipuguaverunt,
1666 2021 1802 2074 hanc

227 2120 440 2184 quidem
488 2133 590 2170 non
637 2118 922 2179 lmscrunt,
966 2114 1060 2167 sed
1106 2129 1198 2166 sua
1226 2113 1416 2165 amissa
1447 2112 1675 2179 potentia
1707 2126 1801 2178 pu~

226 2209 358 2261 dore
383 2216 504 2260 sunt
530 2206 719 2269 allecti,
751 2205 873 2258 dum
906 2204 1124 2258 ferirent
1151 2202 1343 2265 soluti,
1394 2201 1520 2254 dum
1563 2201 1677 2254 tclis
1702 2200 1801 2253 im-

228 2307 469 2364 jmtercnt
498 2296 766 2361 inﬁrmati,
790 2294 911 2348 dum
939 2308 1153 2363 agerem
1177 2309 1204 2346 a
1237 2293 1554 2363 patientibus
1575 2291 1762 2346 devicti
1786 2309 1799 2344 :

227 2389 317 2457 qui
355 2396 436 2442 est
478 2402 605 2442 sane
652 2386 948 2453 in0pinatus
995 2384 1225 2437 victoriae.
1256 2385 1476 2448 modus,
1509 2399 1664 2452 quem
1695 2397 1799 2436 non

232 2480 472 2533 homines
499 2480 726 2548 assequi,
750 2479 840 2533 sed
875 2478 1010 2531 Deus
1041 2477 1182 2530 solus
1203 2485 1393 2544 potest.
1421 2475 1550 2529 Nam
1576 2485 1719 2528 certe
1750 2475 1800 2527 in

233 2571 469 2626 Ecdesia
497 2571 734 2624 mirabile
761 2580 875 2634 est,
910 2585 1012 2621 non
1041 2568 1178 2636 quod
1213 2567 1412 2628 vicerit,
1445 2566 1538 2618 sed
1563 2565 1702 2633 quod
1731 2563 1800 2616 ita

233 2662 437 2714 vicerit.
483 2661 707 2729 lmpulsa
747 2660 919 2720 enim,
969 2667 1176 2721 vexata,
1233 2656 1518 2708 innumeris
1547 2668 1802 2708 concussa

233 2750 427 2814 modis,
458 2763 560 2802 non
589 2749 745 2800 modo
774 2763 874 2799 non
907 2747 1262 2810 minuebatur,
1286 2745 1376 2798 sed
1411 2745 1582 2812 major
1607 2742 1801 2797 evade-

234 2843 345 2905 bat,
390 2849 443 2894 et
483 2854 575 2893 eos
604 2839 693 2907 qui
728 2839 775 2890 id
807 2838 977 2891 facere
1005 2838 1274 2890 tentabant
1317 2834 1562 2906 patiendo
1602 2842 1802 2886 tantum

236 2929 579 2998 proﬁigabat;
612 2928 665 2982 id
689 2927 826 2995 quod
845 2927 1056 2979 adamas
1085 2926 1222 2978 ferro
1249 2924 1511 2993 impetitus
1526 2921 1802 2983 facit,dum

237 3032 518 3086 percussus
547 3026 747 3070 tantum
778 3017 932 3067 solvit
975 3015 1312 3082 percutientis
1340 3013 1530 3075 robur;
1575 3010 1803 3064 stimuli-

235 3125 341 3173 que
369 3108 760 3159 calcitrantibus
801 3106 1025 3171 objecti,
1072 3120 1174 3156 non
1206 3104 1502 3156 obtusiores
1534 3101 1654 3155 inde
1680 3101 1803 3154 red-

233 3200 447 3260 duntur,
478 3196 570 3249 sed
600 3196 984 3248 calcitrantium
1017 3195 1174 3262 pedes
1201 3203 1496 3248 cruentant.
1526 3194 1649 3248 Ideo
1677 3208 1805 3247 sane

237 3298 473 3340 montem
499 3285 720 3338 vocavit.
769 3285 918 3350 Quod
959 3285 1000 3338 si
1041 3285 1403 3353 metaphoram
1435 3299 1536 3337 nou
1565 3285 1806 3338 admittat

235 3377 481 3438 Jndtens,
533 3376 871 3429 domesticam
921 3375 1141 3442 accipiat
1197 3375 1632 3438 confutatiouem.
1692 3374 1807 3441 Ipse

239 3469 490 3536 propheta
519 3467 643 3520 dicit
667 3468 816 3534 lupos
847 3475 899 3518 et
923 3482 1086 3536 agnos
1112 3466 1412 3519 communia
1445 3480 1635 3533 pascua
1659 3465 1808 3519 habi-

239 3569 384 3611 turos
409 3601 424 3623 ,
466 3569 521 3612 et
565 3558 757 3610 muscis
797 3557 1089 3626 opibusque
1115 3557 1278 3610 Deum
1308 3557 1640 3611 sibilaturum
1662 3598 1676 3622 ,
1706 3557 1807 3610 ﬁu-

237 3652 483 3718 vinmque
505 3651 867 3702 vehementem
884 3649 1229 3702 adducturum
1261 3650 1310 3701 in
1331 3647 1560 3712 Judaeos,
1587 3664 1651 3702 eo
1668 3649 1808 3718 quod

240 3740 339 3806 ipsi
389 3739 583 3792 habere
626 3738 887 3790 noluerint
926 3753 1117 3807 aquam
1144 3737 1340 3792 Siloam
1387 3736 1538 3808 (Isai.
1566 3739 1653 3792 11.
1683 3739 1736 3793 6.
1761 3749 1808 3793 et

238 3830 329 3883 05.
360 3830 465 3892 25;
498 3829 548 3881 7.
586 3829 684 3883 18'.
715 3829 766 3882 8.
797 3829 848 3881 6.
879 3829 951 3897 7).
1003 3829 1133 3894 Quae
1162 3830 1206 3881 si
1234 3829 1350 3896 quis
1387 3828 1452 3881 ad
1479 3829 1696 3883 verbum
1723 3845 1820 3883 ac-

236 3922 473 3989 ceperit,
502 3935 628 3974 sane
658 3921 997 3990 intelligibilia
1030 3937 1134 3974 non
1177 3932 1302 3975 sunt
1333 3939 1346 3975 :
1380 3938 1562 3976 verum
1604 3931 1813 3991 oportet

238 4027 300 4064 ca
325 4026 441 4077 qua:
462 4011 543 4064 his
563 4010 920 4080 signiﬁcantur
937 4013 1198 4080 accipere,
1228 4013 1406 4081 sicque
1430 4014 1808 4067 sententiarum

239 4105 434 4157 seriem
467 4104 610 4157 varie
653 4103 962 4172 intelligere.
1008 4104 1260 4168 Quaanam
1307 4104 1463 4170 igitur
1503 4104 1584 4157 his
1611 4105 1812 4174 signiti-

240 4192 476 4245 cantur?
525 4191 625 4246 Per
667 4192 815 4260 lupos
843 4203 894 4246 et
931 4207 1126 4262 agnos,
1175 4192 1446 4246 hominum
1482 4209 1660 4248 mores
1689 4210 1808 4249 cum

241 4282 439 4334 ferinos
482 4290 590 4333 tum
626 4291 924 4336 mansuetos
953 4281 1184 4346 indicat;
1238 4298 1330 4351 per
1369 4299 1575 4337 muscas
1597 4325 1610 4347 ,
1642 4285 1812 4353 impu-

240 4370 473 4423 dentiam
493 4369 899 4440 Egyptiorum;
931 4387 1021 4439 per
1048 4372 1282 4438 fluvium,
1315 4374 1615 4427 violentiam
1649 4391 1812 4430 exer-

240 4465 378 4518 citus
407 4464 648 4527 barbari;
695 4481 787 4533 per
813 4465 1040 4530 Siloam,
1076 4466 1529 4520 mansuetudinem
1563 4469 1810 4521 modera-

243 4555 547 4617 tionemque
573 4553 707 4622 ejus,
733 4555 820 4622 qui
845 4565 965 4609 tunc
991 4557 1301 4624 imperabat,
1332 4558 1468 4626 regis
1488 4557 1811 4612 Judarorum.

238 4643 512 4713 Nemoque
537 4645 615 4698 vel
637 4660 697 4699 ex
728 4645 1171 4714 ineipientioribus
1193 4651 1327 4702 circa
1363 4652 1474 4702 lucc
1505 4650 1655 4703 nobis
1681 4666 1811 4703 con-

241 4731 483 4784 tradiret.
512 4733 958 4798 Quemadmodum
993 4739 1146 4805 igitur
1177 4740 1259 4790 illa
1279 4739 1394 4791 aliis
1417 4750 1535 4792 sunt
1567 4756 1813 4807 expressa

242 4821 566 4884 nominibus,
598 4823 675 4874 sic
703 4823 792 4876 ille
823 4825 1072 4877 Ecclesia:
1105 4827 1402 4880 ﬁrmitatem
1425 4867 1439 4890 ,
1473 4828 1812 4882 immobilita-

243 4921 391 4974 tem,
441 4911 850 4979 sublimitatem,
909 4915 1309 4984 inexpugnabile
1365 4918 1563 4980 robur,
1622 4920 1815 4974 montis

244 4999 458 5052 nomine
486 5000 851 5055 subindicavit.
883 5003 947 5056 Et
971 5005 1103 5057 alius
1135 5005 1393 5074 propheta
1425 5007 1543 5062 illos
1571 5009 1658 5077 qui
1682 5025 1811 5063 con-

245 5091 417 5146 fidunt
457 5093 507 5144 in
551 5092 773 5148 Domino
815 5096 979 5150 monti
1008 5108 1310 5168 comparat,
1357 5100 1600 5154 invictam
1631 5117 1814 5155 eorum

244 5182 605 5237 fortitudinem
627 5186 910 5240 ostendens
941 5187 1107 5258 (Psal.
1144 5190 1261 5243 {2L
1297 5192 1370 5260 1).
1408 5191 1724 5261 Manifestus.
1764 5191 1817 5247 Id

242 5273 387 5324 nulla
417 5272 662 5342 deinceps
691 5274 1120 5343 interpretatione
1142 5279 1353 5348 indiget.
1389 5280 1474 5334 Sic
1499 5282 1608 5348 ipsa
1641 5298 1816 5336 rerum

242 5373 433 5414 natura
480 5365 600 5417 tuba
643 5365 919 5419 clariorem
967 5369 1158 5421 emittit
1209 5385 1424 5434 vocem,
1479 5371 1814 5437 Splendorem

241 5454 530 5508 ostendens
571 5455 840 5511 Ecclesiaz.
896 5459 1100 5513 Etenim
1134 5476 1303 5529 neque
1346 5463 1423 5515 sol
1466 5462 1534 5514 ita
1579 5463 1816 5529 splendi-

230 5541 342 5611 ‘dus
367 5583 382 5605 ,
414 5557 582 5613 neque
610 5546 724 5614 ejus
749 5547 835 5600 lux
880 5547 947 5600 ita
974 5551 1117 5602 clara"
1137 5537 1334 5611 estfut
1361 5560 1482 5604 sunt
1513 5567 1596 5605 res
1623 5553 1687 5606 ad
1720 5555 1819 5607 Ec-

237 5624 820 5708 clesiatn'spcctantcs.
870 5637 1003 5693 Nam
1033 5639 1224 5695 Domus
1257 5641 1349 5695 Dci
1396 5658 1550 5712 supra
1591 5645 1818 5700 verticem

243 5727 505 5780 montium.
523 5733 538 5737 ”
624 5721 629 5724 ’

1963 473 2012 525 5.
2037 471 2312 539 Quomodo
2332 469 2447 526 hate
2466 469 2840 541 interpretatus
2863 472 3017 528 fuerit
3041 475 3289 530 Judmus?
3313 480 3475 532 Tem-

1893 566 2035 633 plum
2079 563 2221 618 euim
2262 578 2366 616 non
2407 572 2490 618 est
2534 578 2692 634 supra
2740 568 2988 620 verticem
3030 570 3287 622 montium
3321 589 3335 624 :
3370 570 3474 625 Ec-

1893 658 2067 710 clesia:
2096 667 2272 710 autem
2305 665 2536 724 potestas
2576 659 2718 725 ipsos
2753 659 2960 727 attingit
2996 661 3176 715 eteius.
3220 663 3282 716 Et
3325 667 3473 732 quasi

1893 747 2084 800 domus
2121 761 2278 815 supra
2321 747 2571 800 verticem
2620 748 2875 802 montium
2916 751 3084 816 posita
3125 751 3370 805 omnilms
3397 763 3479 805 est

1897 835 2194 900 manifesta,
2225 837 2303 891 sic
2330 845 2384 890 et
2412 838 2579 890 multo
2607 838 2772 907 magis
2800 840 3046 893 omnibus
3073 843 3352 909 conspicua
3384 842 3478 894 ho—

1897 928 2125 982 minibus
2165 928 2251 980 illa
2292 929 2478 982 evasit.
2525 927 2588 981 Et
2628 931 2929 983 exaltabitur
2967 948 3116 998 super
3151 934 3323 988 colles.
3369 934 3480 989 Hoc

1898 1021 2066 1088 ipsum
2096 1033 2279 1072 rursus
2309 1019 2680 1088 interpretatus
2701 1030 2801 1086 est,
2832 1022 2968 1091 quod
2997 1025 3188 1094 templo
3212 1025 3298 1078 illo
3325 1042 3480 1081 num-

1898 1123 2054 1176 quam
2085 1107 2338 1177 contigit,
2369 1124 2542 1179 neque
2567 1124 2688 1165 cum
2716 1111 2942 1166 maxime
2975 1112 3162 1168 florere
3187 1116 3471 1171 videretur.

1898 1197 2175 1263 Quomodo
2197 1198 2338 1252 enim
2365 1199 2432 1252 de
2455 1201 2652 1270 templo
2678 1201 3074 1271 intelligeretur,
3097 1206 3238 1274 quod
3259 1207 3326 1262 ab
3351 1209 3478 1277 ipsis

1899 1287 2096 1342 Judaris
2125 1301 2267 1355 saepe
2295 1287 2734 1357 inhonorabatur,
2763 1291 3210 1363 barbarorumque
3238 1298 3478 1353 manibus

1900 1381 2246 1435 diruebatur?
2293 1381 2546 1437 Ecclesia:
2594 1393 2768 1438 autem
2819 1384 3070 1438 fortitudo
3117 1386 3480 1444 vehementius

1900 1473 2197 1542 saepiusque
2227 1488 2382 1542 quam
2414 1475 2665 1543 templum
2697 1475 2994 1545 impugnata
3026 1476 3121 1531 fuit
3151 1496 3163 1531 :
3194 1494 3478 1550 numquam

1904 1579 2029 1618 vero
2061 1565 2222 1619 cessit
2259 1579 2318 1619 se
2358 1565 2771 1634 Oppugnantium
2802 1567 3071 1633 manibus,
3101 1569 3193 1622 sed
3223 1571 3482 1626 excelsior

1904 1657 2261 1724 illustriorque
2288 1657 2522 1710 maxime
2542 1655 2610 1710 ab
2631 1655 2868 1711 hostibus
2894 1656 3026 1712 facta
3048 1667 3149 1714 est.
3174 1660 3322 1716 Tunc
3343 1676 3482 1715 mar-

1906 1756 2077 1816 tyrum
2109 1756 2301 1812 ccetus,
2329 1755 2451 1800 tunc
2474 1748 2835 1801 confessorum
2863 1749 3163 1817 multitudo,
3192 1760 3315 1806 tunc
3340 1751 3482 1809 ferro

1905 1838 2165 1892 firmiores
2185 1838 2376 1892 animae
2397 1837 2834 1904 ostendebantur,
2864 1839 3092 1909 ipsisque
3115 1841 3280 1897 stellis
3303 1843 3479 1911 splen-

1904 1929 2137 1983 didiores
2177 1938 2360 1992 erant,
2396 1929 2626 1983 concisis
2661 1930 3001 1999 corporibus,
3035 1931 3225 1986 animis
3264 1933 3480 1989 minime

1906 2019 2086 2084 victis,
2118 2019 2212 2073 sed
2249 2018 2579 2072 vincentibus
2619 2027 2673 2073 et
2706 2021 2991 2075 coronatis.
3019 2020 3147 2086 Quis
3174 2022 3331 2089 vidit,
3361 2025 3481 2092 quis

1903 2109 2104 2163 audivit
2130 2108 2328 2163 caedem
2359 2117 2568 2178 gestare
2601 2124 2873 2176 coronam,
2900 2110 3280 2180 jugulatiouem
3311 2114 3479 2169 vieto-

1905 2201 2036 2255 riam
2070 2210 2457 2270 reportantem,
2490 2212 2719 2273 tuncque
2745 2205 3031 2258 exercitum
3070 2206 3478 2275 splendidiorem

1905 2292 2172 2356 effectum,
2203 2308 2323 2346 cum
2355 2293 2535 2362 plures
2564 2293 2658 2347 visi
2685 2303 2808 2348 sunt
2829 2294 2896 2348 ab
2923 2294 3160 2351 hosubus
3184 2297 3446 2368 jugulari?

1988 2382 2224 2436 Validam
2248 2393 2424 2436 contra
2450 2383 2659 2438 Judwos
2689 2385 2859 2438 telum.
2883 2415 2953 2424 -—
2975 2385 3038 2438 Et
3063 2388 3256 2440 venient
3279 2390 3346 2441 ad
3371 2407 3480 2443 eam

1906 2491 2075 2527 omnes
2120 2485 2308 2542 gentes.
2352 2473 2640 2543 Progressu
2684 2475 2878 2529 clarior
2921 2476 3144 2530 efﬁcitur
3183 2479 3435 2547 prepheta
3463 2520 3477 2543 ,

1907 2579 2206 2619 sermonem
2259 2565 2426 2634 magis
2475 2565 2702 2635 retegit,
2750 2565 3222 2636 dilucidioremque
3268 2568 3482 2625 exhibet

1911 2654 2274 2724 prophetiam,
2316 2656 2719 2723 accuratiusque
2764 2655 3065 2711 Judmorum
3110 2659 3316 2712 censuit
3364 2675 3478 2715 ora.

1908 2747 2018 2800 lloc
2047 2747 2218 2809 enim,
2261 2746 2467 2800 etiamsi
2506 2745 2789 2801 admodum
2835 2749 3162 2817 impudentes
3197 2752 3334 2820 sint,
3377 2768 3480 2807 non

1911 2845 2154 2903 poterunt
2181 2835 2246 2889 ad
2277 2833 2527 2905 templum
2554 2853 2704 2890 suum
2734 2838 2950 2894 referre.
2986 2844 3052 2895 At
3079 2843 3219 2897 enim
3249 2844 3482 2913 prohibi-

1912 2937 2019 2980 tum
2042 2936 2175 2990 erat,
2202 2925 2358 2996 idque
2377 2927 2772 2983 accuratissime
2793 2929 3186 2995 observabatur,
3212 2948 3277 2986 ne
3300 2944 3483 3002 gentes

1911 3018 1962 3070 in
2001 3018 2253 3086 templum
2289 3018 2584 3072 introirent.
2631 3019 2829 3089 Ecquid
2869 3020 2988 3076 dico
3025 3022 3076 3075 in
3115 3025 3362 3093 templum
3400 3025 3484 3080 itt-

1911 3109 2072 3162 troirc
2097 3149 2111 3173 ,
2157 3110 2368 3177 quando
2410 3111 2538 3178 ipsis
2584 3111 2667 3164 lex
2710 3126 2828 3164 cum
2878 3113 3020 3180 gravi
3061 3113 3486 3172 interminatione

1911 3199 2223 3265 prohibebat
2260 3213 2325 3252 ne
2355 3214 2475 3252 cum
2505 3199 2751 3268 gentibus
2787 3203 3287 3270 commiscerentur,
3316 3217 3366 3260 ct
3392 3223 3487 3260 ex-

1913 3298 2107 3342 tremas
2135 3288 2200 3342 de
2232 3287 2313 3341 his
2352 3288 2596 3358 exigebat
2634 3291 2849 3358 poenas?
2883 3290 3039 3346 Certe
3080 3294 3333 3362 propheta
3380 3299 3488 3366 Ag-

1911 3397 2054 3450 greus
2083 3390 2245 3435 totam
2283 3381 2380 3434 hac
2416 3382 2468 3434 in
2500 3396 2559 3435 re
2593 3397 2742 3435 suam
2773 3385 3097 3453 consumpsit
3128 3387 3489 3455 prophetiam,

1914 3473 2180 3537 incusans,
2210 3471 2562 3534 comminans,
2596 3485 2778 3540 pcenas
2808 3482 3050 3541 repetens
3075 3474 3141 3528 de
3172 3476 3346 3530 illicita
3377 3476 3490 3530 afli-

1914 3565 2097 3616 nitate.
2143 3565 2211 3616 At
2258 3573 2435 3617 nostra
2482 3563 2603 3616 talia
2651 3578 2761 3616 non.
2794 3574 2946 3628 sunt,
2976 3565 3069 3618 sed
3107 3567 3340 3622 Ecclesia
3371 3584 3490 3624 cum

1915 3659 2056 3711 omni
2087 3657 2333 3712 facilitate
2362 3659 2536 3712 sinum
2575 3673 2731 3713 suum
2771 3659 3104 3727 expandens,
3136 3659 3337 3727 supinis
3376 3677 3491 3714 mas

1917 3750 2069 3803 nibus
2091 3763 2278 3802 omnes
2300 3748 2442 3802 orbis
2470 3749 2627 3802 totius
2652 3757 2834 3818 gentes
2861 3748 3094 3818 quotidie
3120 3752 3354 3819 suscipit.
3381 3752 3492 3806 lloc

1916 3844 2053 3896 enim
2083 3843 2232 3910 primi
2260 3841 2332 3897 illi
2360 3841 2664 3912 dogmatum
2686 3842 2928 3896 doctores
2953 3843 3019 3896 ab
3041 3841 3320 3910 Unigenito
3344 3860 3493 3895 mau-

1916 3935 2094 3988 datum
2134 3943 2489 4003 acceperunt,
2525 3934 2621 3987 hac
2663 3933 2840 3988 statim
2882 3933 3055 3987 audita
3098 3947 3225 3987 \oce
3261 3951 3270 3983 :
3305 3934 3492 3986 Enntes

1917 4029 2084 4078 docete
2113 4041 2280 4077 omnes
2318 4035 2485 4093 gentes
2515 4025 2532 4091 (
2559 4023 2743 4076 Matth.
2783 4023 2873 4077 28.
2905 4021 3027 4094 l9).
3063 4023 3293 4078 Advorte
3320 4034 3494 4077 autem

1917 4117 2183 4186 quomodo
2213 4130 2315 4169 non
2348 4124 2546 4168 tantum
2575 4115 2904 4168 vocationem
2935 4114 3168 4182 gentium
3201 4113 3496 4167 subindica-

1917 4212 1990 4262 vit
2030 4210 2282 4279 propheta
2302 4251 2314 4272 ,
2346 4208 2439 4263 sed
2468 4208 2624 4261 etiam
2652 4221 2832 4260 earum
2865 4216 3159 4275 promptam
3189 4215 3241 4260 et
3267 4206 3495 4259 alacrem

1919 4301 2340 4369 obsequentiam.
2369 4299 2481 4352 Non
2510 4299 2650 4352 enim
2679 4297 2828 4362 dixit,
2860 4296 3218 4358 Adducentur,
3249 4295 3362 4359 sed,
3402 4294 3497 4347 Ve-

1919 4393 2053 4446 nient
2081 4407 2098 4443 :
2127 4391 2174 4444 id
2215 4389 2356 4458 quod
2395 4389 2531 4442 alius
2569 4385 2822 4455 propheta
2861 4385 3052 4438 clarius
3090 4384 3375 4437 ostendens
3415 4383 3498 4436 di-

1919 4485 2072 4539 ccbat
2096 4502 2106 4536 :
2134 4483 2201 4535 Et
2231 4497 2328 4534 non
2357 4479 2598 4533 docebunt
2624 4477 2958 4544 unusquisque
2984 4476 3233 4528 concivem
3263 4491 3428 4535 suum,
3453 4484 3500 4527 et

1921 4577 2252 4644 unusquisque
2280 4573 2488 4639 fratrem
2516 4585 2658 4623 suum
2687 4567 2886 4633 dicens,
2915 4567 3166 4637 Cognosce
3193 4567 3497 4630 Dominum,

1920 4671 2036 4737 quia
2065 4683 2232 4719 omnes
2267 4666 2420 4718 scient
2454 4679 2532 4715 me
2565 4679 2595 4715 a
2630 4679 2781 4730 parvo
2811 4676 2966 4730 usque
2991 4663 3058 4714 ad
3086 4678 3320 4731 magnum
3347 4660 3495 4728 (Jer.

1921 4761 2006 4813 5t.
2048 4758 2175 4825 54).
2209 4755 2358 4822 Quod
2397 4754 2461 4808 ad
2500 4753 2714 4809 Jndzeos
2755 4754 2895 4806 enim
2936 4753 3206 4821 spectabat
3241 4763 3499 4806 creatura:

1921 4847 2158 4902 ordinem
2197 4861 2349 4899 suum
2388 4845 2661 4898 mutabant
2691 4845 2788 4915 (α),
2818 4842 3036 4896 aderant
3065 4840 3369 4909 frequentes
3398 4843 3498 4893 mi-

1923 4957 2026 5004 um,
2058 4939 2315 5009 supplicia
2339 4937 2575 5003 assidua,
2603 4935 2790 4990 crebra
2819 4933 3088 4994 miracula,
3123 4931 3497 5000 prophetarum

1923 5033 2224 5094 discursus,
2257 5028 2574 5099 lcgislatoris
2614 5028 2803 5091 timor,
2838 5023 3291 5078 interminationes
3328 5023 3500 5078 bello-

1988 5191 2058 5252 (α)
2095 5190 2150 5238 In
2173 5195 2351 5252 Grzeco,
2373 5197 2671 5252 ἀνισυιιιωῡτρ.
2699 5183 2906 5252 obscura
2933 5181 3060 5250 vocis
3083 5180 3385 5252 snguiﬁcatio.
3407 5180 3502 5252 't‘il-

1925 5241 2124 5302 marinus
2148 5241 2347 5314 vertite
2360 5241 2583 5294 creatura
2607 5243 2751 5292 etiam
2789 5245 2894 5314 ipsa
2931 5242 2980 5314 in
3013 5241 3248 5314 primaria
3273 5242 3502 5314 etementa

1925 5315 2129 5363 resoluta
2153 5317 2237 5360 est.
2263 5309 2344 5356 Hic
2366 5314 2528 5354 autem
2544 5318 2704 5353 sermo
2730 5314 2805 5354 est
2822 5304 2886 5353 de
2903 5304 3070 5365 signis,
3093 5304 3503 5364 castigationibus,

1925 5377 2128 5436 aliisque
2152 5373 2208 5419 ad
2228 5370 2415 5417 Judazos
2433 5369 2822 5428 praevaricatores
2840 5366 3309 5474 perterrefaciendos
3332 5365 3504 5409 illunis-

1926 5441 2020 5474 eiq-
2049 5445 2116 5474 m-
2133 5430 2344 5474 exettlltli
2362 5442 2522 5474 causa.
2541 5440 2648 5474 cum
2671 5436 2817 5474 terra:
2857 5429 2971 5474 tiatu
2997 5427 3116 5474 Core
3143 5435 3191 5473 et
3209 5423 3406 5472 asseclm
3425 5424 3504 5471 ab.

1925 5423 2020 5494 sis;
2049 5423 2344 5494 iit,exempl_i
2362 5423 2522 5494 causa,
2541 5440 2648 5494 cum
2671 5423 2971 5494 terraajhiatu
2997 5427 3116 5477 Core
3143 5435 3192 5494 et
3209 5423 3409 5494 asseclm
3425 5424 3504 5494 ab.

1926 5485 2074 5558 sorpti
2100 5485 2429 5558 sunttaliique
2454 5490 2570 5551 igne
2594 5490 2849 5550 absumpti,
2875 5502 2981 5558 cu_m
2998 5491 3256 5558 serpentes
3287 5485 3503 5558 immissi,

1926 5547 2034 5609 cum
2059 5547 2274 5604 Samuele
2299 5547 2613 5599 co‘ncioﬁante
2637 5547 2784 5600 voces
2809 5558 2859 5598 et
2900 5549 3070 5610 pluvia:
3093 5547 3215 5595 data:
3240 5553 3368 5610 sunt,
3394 5558 3504 5607 qua

1930 5607 2152 5682 populum
2184 5618 2560 5682 exterruerttnt;
2602 5626 2697 5661 uno
2715 5613 2869 5682 verbo
2902 5607 3009 5682 cum
3045 5616 3224 5682 naturte
3261 5607 3502 5656 elementa

1931 5674 2144 5730 ordinem
2168 5689 2307 5724 suum
2332 5675 2602 5731 mutabant;
2630 5682 2681 5722 et
2713 5675 2801 5721 hoc
2833 5674 2970 5720 mulo
2995 5684 3176 5730 vocem,
3201 5681 3500 5733 ἀνιστοιιμοτιιι..

1937 5742 2224 5794 reddendam
2249 5749 2361 5785 esse
2388 5737 2541 5786 visum
2566 5736 2704 5788 nobis
2728 5741 2817 5786 est.
