4058 6216
579 347 641 400 31
1311 346 1364 400 S.
1400 344 1674 402 JOANNIS
1711 344 2180 402 CIIRYSOSTOMI
2219 345 2530 405 AﬂClllEl‘.
2571 349 3094 410 CONSTANTINOP.
3741 354 3815 405 32

579 473 693 511 tum
713 498 728 524 ,
758 457 1099 512 barbarorum
1129 459 1486 526 incursiones,
1515 476 1544 513 a
1575 461 1680 514 Deo
1707 461 1955 514 immissa:
1982 460 2149 514 vindi-

575 559 695 614 cur,
724 549 1096 618 castigationes
1122 566 1184 604 ex
1211 551 1354 604 melis
1385 553 1605 605 invecta:
1629 567 1642 603 ε
1667 550 2054 620 manebantque
2075 551 2146 603 illi

574 640 705 693 dura
732 642 939 694 cervice
967 651 1021 694 et
1062 641 1434 707 ineircumcisi,
1462 650 1518 696 ut
1551 642 1625 694 ait
1661 640 1982 708 Stephanus,
2014 655 2149 708 prte-

574 735 760 797 fracti,
787 743 839 789 et
865 735 1080 790 difficile
1117 734 1364 790 cedentes
1386 734 1533 803 (Act.
1557 733 1611 788 7.
1637 734 1729 801 51)
1755 750 1769 797 ;
1807 733 1872 786 ad
1913 733 2146 801 gentium

577 841 706 880 vero
730 823 1107 896 [vocationem]
1137 826 1265 880 satis
1289 824 1386 879 fuit
1410 826 1617 880 unicum
1645 833 1905 892 tenueque
1927 822 2147 877 verbum

570 917 854 983 audivisse,
881 927 936 972 et
963 932 1148 972 omnes
1173 917 1450 972 confestim
1471 925 1832 973 accurrerunt.
1852 915 2003 984 Quod
2022 915 2146 970 sub-

530 1031 532 1034 ·
570 1011 806 1065 iudicans
840 1010 1000 1064 David
1029 1010 1237 1065 dicebat
1270 1028 1284 1064 :
1315 1009 1574 1080 Populus,
1602 1025 1748 1078 quem
1776 1025 1878 1063 non
1905 1008 2142 1078 cognovi,

566 1101 763 1154 servivit
804 1100 927 1153 mihi
955 1099 1141 1170 (Psal.
1178 1102 1266 1155 17.
1307 1101 1442 1170 45);
1481 1109 1536 1155 et
1577 1100 1792 1154 modum
1830 1099 2144 1154 obedientiac

565 1191 832 1245 admirans
875 1192 1185 1260 subjiciebat
1214 1209 1226 1245 :
1258 1191 1326 1244 In
1363 1193 1538 1244 auditu
1577 1193 1716 1246 auris
1750 1193 1964 1246 obedile
1997 1191 2139 1244 mihi.

567 1281 679 1336 lloc
710 1283 877 1351 ipsum
909 1295 962 1338 et
988 1283 1151 1337 Jacob
1187 1282 1519 1353 aauigmatico
1545 1299 1694 1339 more
1727 1285 2003 1340 declarans
2032 1286 2141 1338 aie-

565 1371 654 1426 bat
681 1389 696 1425 :
724 1369 912 1443 Ligans
940 1373 1008 1426 ad
1044 1374 1236 1427 vineam
1279 1375 1474 1443 pullum
1506 1391 1686 1440 suum,
1721 1384 1767 1429 et
1791 1376 1860 1428 ad
1882 1375 2142 1428 surculum

566 1462 762 1530 pullum
791 1466 949 1518 asinae
975 1480 1082 1518 sua:
1110 1464 1258 1536 (Gen.
1290 1465 1380 1520 49.
1413 1467 1524 1536 ll).
1553 1468 1621 1521 At
1644 1467 1762 1537 quis
1787 1467 1914 1521 vidit
1939 1468 2140 1535 pullum

564 1554 728 1608 asinae
772 1555 985 1609 surculo
1021 1556 1292 1624 alligatum
1323 1567 1377 1611 et
1404 1557 1571 1611 vincte
1597 1559 1890 1612 adstantem
1911 1599 1926 1624 ,
1953 1568 2005 1612 et
2034 1557 2141 1612 fru-

565 1653 706 1697 ctum
739 1659 840 1698 non
883 1646 1356 1713 pessumdantem?
1384 1648 1437 1702 lit
1469 1648 1634 1701 brutis
1660 1648 1871 1717 quidem
1902 1649 2136 1715 minime,

565 1735 616 1786 in
644 1733 944 1789 hominibus
969 1744 1145 1791 autem
1171 1737 1220 1792 id
1246 1753 1368 1792 vere
1393 1747 1445 1792 ct
1470 1741 1641 1807 reipsa
1669 1740 1944 1808 contingit.
1973 1739 2138 1795 Judmi

565 1838 793 1894 namque
822 1826 1130 1883 innumeris
1156 1829 1386 1900 colligati
1425 1831 1643 1885 vinculis
1664 1872 1679 1896 ,
1715 1831 1897 1901 jugum
1923 1832 2134 1888 confre-

560 1927 785 1983 gerunt,
814 1918 1081 1974 vinculum
1110 1919 1449 1989 disruperunt
1471 1961 1486 1987 ,
1517 1931 1575 1976 ut
1605 1924 1678 1976 ait
1711 1922 1966 1993 propheta
1994 1923 2135 1994 (Jer.

561 2005 614 2060 5.
638 2008 726 2075 5);
754 2019 936 2078 gentes
964 2019 1138 2065 autem
1167 2012 1309 2066 nulla
1335 2013 1494 2068 simili
1515 2015 1771 2083 colligatze
1797 2017 2133 2082 necessitate,

562 2108 804 2166 prompte
841 2100 1182 2165 obedierunt,
1215 2103 1364 2171 quasi
1401 2103 1576 2173 pullus
1611 2106 1823 2159 surculo
1849 2107 2094 2174 alligatus
2116 2149 2131 2174 ,

559 2198 610 2240 ct
637 2203 700 2241 ex
729 2191 1002 2258 praeceptis
1029 2192 1154 2245 nihil
1186 2193 1677 2260 pessumdederunt,
1702 2196 1794 2249 sed
1819 2195 2134 2251 adstiterunt

559 2280 777 2333 multum
817 2279 1128 2335 exhibentes
1165 2282 1584 2351 obsequentiam.
1617 2286 1669 2339 3.
1701 2284 1764 2337 Et
1791 2285 1931 2338 ibunt
1959 2287 2134 2355 populi

558 2371 723 2436 multi,
751 2381 797 2425 et
825 2372 987 2425 dicent
1013 2387 1031 2425 :
1063 2369 1252 2437 Venite,
1275 2384 1320 2426 et
1345 2375 1673 2430 ascendamus
1694 2376 1761 2428 ad
1787 2386 2000 2430 montem
2025 2377 2130 2430 Do-

557 2463 712 2528 mini,
742 2473 787 2516 et
813 2464 880 2514 ad
908 2464 1112 2516 domum
1136 2464 1230 2518 Dei
1264 2465 1442 2519 Iacob.
1472 2466 1607 2522 Vide
1634 2467 1857 2523 choreas
1879 2479 2128 2539 agentes,

557 2563 609 2606 ct
635 2551 766 2606 festa
797 2552 1160 2617 celebrantes,
1187 2564 1240 2609 et
1268 2556 1400 2609 alter
1422 2556 1646 2611 alterum
1678 2557 1949 2614 hortantes
1971 2599 1986 2626 ,
2014 2575 2127 2614 om-

557 2656 755 2712 nesque
780 2643 830 2697 iu
857 2644 1104 2699 doctores
1126 2660 1412 2701 conversos
1438 2662 1452 2699 :
1478 2662 1648 2716 neque
1671 2663 1848 2714 unam,
1872 2649 1955 2703 vel
1977 2649 2127 2714 duas,

559 2733 636 2787 vel
686 2743 790 2787 tres
815 2774 831 2800 ,
871 2733 964 2788 sed
1004 2735 1196 2788 multas
1233 2745 1420 2803 gentes
1455 2746 1855 2793 concurrentes.
1906 2739 2130 2793 Venient

554 2824 725 2889 enim,
759 2825 958 2893 inquit,
991 2825 1168 2894 populi
1196 2826 1344 2879 multi
1370 2835 1422 2880 et
1450 2841 1516 2880 ex
1544 2827 1766 2882 diversis
1795 2827 1958 2894 locis,
1988 2830 2128 2898 quod

554 2914 691 2984 apud
716 2914 928 2970 Judteos
954 2931 1238 2984 numquam
1265 2919 1486 2985 contigit
1514 2935 1527 2970 :
1555 2918 1648 2972 sed
1686 2919 1732 2972 si
1769 2919 1857 2987 qui
1891 2934 2129 2975 accesse-

553 3015 708 3071 runt,
735 3006 788 3060 hi
831 3007 980 3073 pauci
1016 3017 1170 3062 erant
1213 3009 1462 3078 proselyti
1484 3049 1499 3074 ,
1527 3018 1580 3063 et
1607 3009 1659 3062 hi
1686 3024 1806 3064 cum
1837 3011 2005 3064 multo
2034 3025 2125 3066 nc-

551 3096 714 3164 gotio,
747 3105 802 3150 et
838 3113 1123 3166 numquam
1149 3107 1333 3167 gentes
1361 3100 1530 3153 vocati
1561 3109 1704 3165 sunt,
1734 3100 1827 3156 sed
1855 3102 2125 3172 proselyti.

552 3186 807 3257 Proselyti
831 3189 971 3242 enim
999 3190 1066 3242 ad
1091 3199 1137 3243 te
1160 3191 1457 3257 transibunt,
1479 3203 1526 3246 et
1549 3201 1694 3246 erunt
1715 3193 1802 3246 tibi
1823 3195 1953 3248 servi
1976 3193 2125 3264 (Isai.

550 3279 639 3332 bl.
671 3279 792 3346 15),
820 3279 1009 3347 inquit.
1037 3280 1186 3346 Quod
1214 3282 1258 3335 si
1290 3283 1339 3334 in
1372 3283 1680 3351 metaphora
1718 3286 1965 3351 persistat
2005 3301 2127 3354 pro-

553 3367 708 3436 pheta
729 3407 744 3429 ,
776 3377 1008 3422 montem
1040 3370 1309 3437 appellans
1349 3377 1403 3424 et
1439 3371 1655 3425 domum
1697 3371 1787 3427 Dei
1831 3373 2028 3438 Jacob,
2061 3390 2128 3430 ne

551 3458 778 3512 tnireris.
806 3458 956 3524 Quod
983 3459 1121 3512 enim
1143 3459 1250 3527 jam
1278 3459 1406 3525 dixi,
1437 3461 1592 3515 modo
1619 3462 1728 3517 fere
1752 3464 1940 3533 aperit,
1971 3465 2128 3519 modo

551 3548 829 3603 adumbrat
870 3549 1197 3618 pr0phetiam
1225 3568 1239 3615 ;
1268 3551 1395 3606 illud
1420 3552 1632 3622 quidem
1651 3592 1667 3616 ,
1694 3569 1799 3622 quo
1826 3553 2129 3622 prudentio-

551 3639 697 3696 ribus
725 3641 1056 3694 occasionem
1102 3642 1370 3710 przebeat,
1407 3653 1466 3697 ut
1501 3660 1617 3714 quae
1655 3643 1904 3700 dicuntur
1930 3647 2127 3702 intelli-

552 3736 710 3794 gant;
742 3727 842 3782 hoc
865 3738 1074 3797 autem,
1104 3741 1162 3785 ut
1195 3733 1520 3801 ingratorum
1548 3736 1928 3790 tumultuosum
1958 3736 2129 3806 impe-

555 3826 666 3871 tum
694 3827 937 3873 coerceat
963 3836 978 3872 :
1007 3830 1061 3874 et
1088 3821 1280 3891 ubique
1314 3838 1614 3879 sermonem
1643 3827 1832 3880 variat.

624 3911 679 3963 4.
710 3909 764 3963 Si
793 3919 970 3965 autem
1009 3912 1159 3978 dixit,
1191 3914 1411 3968 Domum
1448 3915 1549 3970 Dei
1575 3915 1755 3985 Jacob,
1784 3934 1851 3975 ne
1879 3920 2126 3986 turberis,

554 3997 747 4054 dilecte
771 4017 783 4052 :
815 4003 1010 4057 etenim
1032 4006 1332 4074 unigenitus
1361 4008 1454 4062 Dei
1483 4008 1619 4064 filius
1640 4010 1780 4065 Deus
1805 4011 1970 4067 Jacob
1993 4024 2126 4068 erat.

556 4091 572 4142 1
580 4106 673 4158 pse
698 4091 915 4148 enimet
943 4095 1113 4164 legem
1136 4096 1301 4161 dedit,
1323 4109 1377 4153 et
1402 4102 1578 4155 omnia
1597 4104 1738 4171 apud
1759 4119 1852 4158 eos
1877 4106 2130 4161 miracula

557 4181 747 4235 edidit:
772 4182 822 4237 id
844 4187 986 4252 quod
1015 4200 1076 4240 ex
1094 4187 1208 4255 ipso
1236 4189 1464 4245 maxime
1488 4191 1664 4247 Veteri
1688 4195 2027 4252 Testamento
2053 4197 2132 4251 vi-

557 4276 682 4329 dere
704 4285 785 4331 est
811 4295 824 4330 :
848 4277 975 4332 Novi
1001 4280 1195 4349 quippe
1219 4281 1540 4336 Testamenti
1568 4286 1707 4338 nulla
1730 4288 1867 4340 ratio
1887 4298 1967 4342 est
1993 4290 2131 4356 apud

556 4366 788 4420 Judaeos.
820 4367 1076 4423 Jeremias
1123 4372 1282 4441 igitur
1324 4373 1397 4425 ait
1431 4389 1444 4425 :
1476 4372 1757 4442 Disponam
1802 4377 1938 4434 vobis
1984 4389 2133 4430 testa-

555 4466 775 4508 mentum
792 4476 1005 4524 -novum,
1031 4477 1129 4513 non
1169 4463 1443 4516 secundant
1469 4472 1836 4531 testamentum,
1862 4469 1994 4535 quod
2025 4469 2131 4522 dis—

556 4545 703 4610 posui
727 4548 948 4610 patribus
995 4552 1165 4604 vestris
1207 4551 1360 4619 (Jer.
1389 4555 1478 4610 51.
1527 4556 1613 4610 3i.
1663 4557 1798 4625 52);
1844 4557 2134 4614 ostendens

558 4634 729 4694 ipsum
753 4649 871 4688 esse
911 4639 1183 4706 utriusque
1209 4643 1584 4710 legislatorem.
1614 4646 1745 4711 Quia
1775 4661 1901 4702 vero
1932 4649 2043 4717 ipse
2068 4665 2134 4703 ex

557 4723 788 4792 Aigypto
815 4725 932 4779 illos
960 4727 1171 4794 eripuit,
1199 4729 1401 4783 addidit
1428 4749 1443 4784 ε
1470 4731 1540 4784 1η
1579 4734 1661 4787 die
1693 4752 1793 4802 qua
1826 4739 2134 4804 apprehendi

557 4831 761 4866 manuut
801 4832 989 4880 eorum,
1023 4827 1075 4868 ut
1102 4818 1358 4871 educerent
1393 4836 1474 4874 eos
1507 4821 1570 4872 de
1596 4832 1727 4873 terra
1757 4824 1975 4893 Αἶῃῃριὶ
2004 4826 2133 4890 (lbi-

558 4905 723 4975 tlem).
777 4907 926 4972 Quod
954 4908 999 4961 si
1033 4909 1142 4976 ipse
1169 4908 1371 4975 eduxit,
1421 4911 1579 4965 etiam
1612 4911 1723 4975 ipse
1756 4913 1841 4963 illa
1876 4916 2050 4966 tunttia
2082 4917 2133 4969 iit

561 4999 794 5068 Egypto
813 5010 866 5054 et
891 5002 944 5054 in
969 5001 1185 5057 deserto
1207 5002 1461 5056 miracula
1492 5003 1736 5072 patravit.
1769 5001 1836 5056 Et
1864 5007 2137 5057 annuntia-

560 5091 626 5141 bit
665 5091 804 5143 nobis
824 5093 955 5144 viam
991 5111 1164 5160 suam,
1192 5095 1627 5149 etambulubitnus
1653 5096 1705 5147 in
1735 5112 1812 5147 ea.
1843 5094 2042 5149 Viden'
2081 5107 2138 5150 ut

559 5181 716 5233 aliam
758 5181 1034 5248 requirunt
1079 5185 1287 5253 legem?
1315 5186 1464 5239 Viam
1509 5189 1649 5239 enim
1679 5186 1947 5253 Scriptura
1997 5202 2136 5255 pra:-

559 5281 710 5336 cepta
742 5269 834 5324 Dei
865 5271 998 5324 solet
1036 5274 1333 5341 appellare;
1386 5277 1430 5328 si
1462 5276 1526 5329 de
1574 5276 1751 5343 priore
1795 5276 2139 5330 Testamento

560 5360 886 5427 loqueretur,
908 5376 1014 5414 non
1039 5362 1276 5429 dixisset,
1298 5365 1625 5418 Annuntiabt't
1650 5366 1790 5418 nobis
1808 5382 1826 5418 :
1849 5366 1976 5419 illud
1999 5367 2139 5420 enim

563 5459 676 5502 erat
709 5452 954 5506 omnibus
983 5452 1560 5522 manifestunt,planum
1591 5466 1645 5511 et
1672 5467 1877 5510 notum.

632 5539 788 5591 Aliud
817 5542 1012 5612 insigne
1050 5553 1222 5595 contra
1261 5542 1470 5597 Jndteos
1497 5557 1868 5615 argumentum.
1897 5575 1968 5584 -—
1993 5547 2142 5612 Quod

567 5641 743 5684 autem
773 5632 884 5687 hrec
914 5651 1015 5689 non
1048 5637 1279 5704 captiose
1307 5636 1565 5700 dicamus,
1597 5653 1715 5705 qua)
1744 5638 1882 5691 dicta
1915 5649 2034 5691 sunt
2063 5639 2142 5690 vel

567 5718 1043 5794 imprdentioribus
1066 5729 1222 5785 iidem
1243 5730 1414 5786 facere
1436 5738 1677 5800 possunt.
1693 5729 1824 5796 Quia
1845 5731 1985 5785 enim
2010 5732 2144 5784 viam

2256 476 2455 520 tantum
2485 471 2815 532 memoravit.
2840 471 2966 526 dicit
2991 487 3231 540 quamam
3264 470 3345 524 illa
3372 470 3438 523 sit
3467 470 3567 529 via,
3597 468 3819 537 ejusque

2255 559 2414 610 multa
2457 560 2604 626 ponit
2635 563 2876 629 insignia.
2909 562 3185 631 Sultjungit
3213 577 3338 630 ergo
3370 578 3382 613 :
3418 559 3550 612 Nam
3589 559 3649 610 de
3691 559 3818 612 Sion

2253 648 2402 700 exibit
2429 649 2528 714 lex,
2561 659 2607 702 et
2651 650 2850 703 verbum
2891 650 3096 705 Domini
3140 652 3201 704 de
3228 650 3528 704 Jerusalem.
3579 648 3655 701 Ad
3705 647 3817 700 haec

2251 737 2416 791 Juda:i
2444 753 2602 808 supra
2649 743 2861 795 modum
2910 743 3239 812 impudentes
3269 757 3334 796 ne
3377 742 3580 795 hiscere
3605 737 3815 809 quidem

2252 838 2516 898 poterunt.
2545 831 2696 899 Quod
2726 835 2868 888 enim
2901 834 3016 888 luce
3039 835 3104 889 de
3129 834 3273 888 Novo
3303 833 3642 887 Testamento
3676 831 3816 884 dicta

2249 920 2376 984 sint,
2401 931 2455 976 et
2487 937 2550 976 ex
2579 923 2716 989 loco,
2750 933 2802 977 et
2827 939 2890 978 ex
2928 932 3186 994 tempore,
3233 933 3282 979 et
3325 939 3388 979 ex
3421 924 3485 977 iis
3512 922 3600 991 qui
3642 922 3813 990 legem

2249 1021 2587 1081 receperunt,
2618 1023 2672 1068 et
2697 1029 2762 1068 ex
2786 1016 2948 1084 gestis
2971 1027 3088 1084 post
3112 1015 3304 1084 legem,
3330 1023 3385 1069 et
3405 1029 3470 1068 cx
3496 1012 3638 1067 omni
3665 1019 3813 1080 parte

2248 1102 2459 1157 demum
2507 1104 2691 1158 videre
2732 1115 2830 1160 est.
2871 1105 3048 1160 Primo
3077 1121 3140 1160 ex
3179 1105 3317 1170 loco,
3361 1120 3424 1159 ex
3466 1111 3640 1157 monte
3682 1102 3811 1155 Sion

2247 1209 2458 1264 nempe.
2491 1195 2596 1250 Lex
2627 1196 2768 1251 enim
2815 1213 2906 1267 per
2947 1197 3176 1265 Moysem
3215 1197 3318 1250 lata
3365 1196 3418 1249 in
3464 1205 3639 1248 monte
3665 1190 3812 1246 Sinai

2246 1286 2538 1354 majoribus
2567 1288 2800 1357 ipsorum
2829 1287 2951 1342 data
2994 1288 3111 1341 fuit.
3138 1287 3243 1340 Cur
3271 1299 3396 1354 ergo
3426 1285 3510 1337 hic
3548 1281 3692 1345 dicit,
3733 1277 3814 1332 De

2248 1373 2416 1429 Sion?
2444 1376 2625 1446 Neque
2651 1377 2753 1430 hoc
2783 1380 2910 1432 satis
2940 1378 3141 1442 habuit,
3172 1375 3264 1431 sed
3292 1374 3448 1429 etiam
3479 1382 3685 1439 tempus
3712 1368 3810 1422 ad-

2240 1466 2388 1536 jecit.
2417 1468 2528 1521 Non
2560 1470 2701 1522 enim
2728 1470 2878 1531 dixit,
2903 1469 3069 1521 Exivit
3099 1468 3202 1530 lex,
3229 1465 3342 1527 sed,
3364 1463 3529 1516 Exibit
3550 1463 3650 1524 lex,
3669 1459 3810 1528 quod

2243 1567 2325 1611 est
2377 1558 2533 1610 futuri
2583 1559 2862 1627 temporis,
2887 1562 2962 1612 rei
2987 1558 3218 1611 nondum
3264 1563 3440 1625 gestae.
3472 1552 3604 1606 Cum
3634 1560 3809 1604 autem

2245 1647 2360 1702 hate
2385 1650 2639 1717 pr0phcta
2670 1649 2891 1711 diceret,
2921 1662 2948 1698 a
2991 1648 3168 1701 multis
3203 1648 3311 1715 jam
3359 1645 3510 1698 annis
3556 1643 3641 1696 lex
3686 1640 3806 1694 data

2244 1737 2448 1793 fuerat:
2476 1739 2606 1793 Novi
2629 1754 2755 1793 vero
2773 1739 3092 1793 Tcstamenti
3122 1739 3202 1791 lex
3229 1747 3344 1806 post
3373 1734 3622 1805 plurimos
3642 1745 3808 1784 annos

2242 1829 2415 1884 danda
2445 1839 2578 1884 erat.
2608 1830 2731 1884 Ideo
2762 1848 2863 1883 non
2891 1830 3042 1894 dixit,
3075 1830 3268 1892 Exivit,
3296 1827 3410 1892 scd,
3441 1824 3627 1888 Exibit,
3653 1821 3704 1876 id
3725 1831 3810 1876 est

2243 1929 2444 1988 postea.
2471 1923 2547 1976 Ac
2572 1936 2779 1975 rursmu
2810 1921 2874 1974 ad
2904 1923 3073 1974 locum
3113 1921 3285 1987 ipsum
3328 1915 3561 1984 confugit
3589 1913 3804 1967 dicens:

2240 2011 2308 2065 Et
2351 2014 2551 2066 verbum
2593 2011 2796 2066 Domini
2824 2014 2886 2066 de
2908 2011 3210 2065 Jerusalem.
3257 2013 3514 2062 Accurate
3544 2002 3694 2056 nobis
3722 2000 3808 2054 hic

2238 2103 2369 2157 Novi
2403 2103 2728 2158 Tcstamenti
2755 2104 2961 2172 insigne
2987 2102 3153 2171 ponit.
3182 2100 3309 2154 Nam
3339 2096 3495 2151 modo
3534 2095 3586 2148 in
3630 2099 3806 2146 monte

2237 2195 2451 2260 sedens,
2477 2195 2720 2248 sublimia
2757 2203 2813 2248 et
2856 2194 3000 2248 etelis
3033 2192 3189 2260 digna
3221 2196 3481 2259 praecepta
3525 2187 3639 2250 lege
3677 2197 3806 2235 san-

2236 2286 2427 2351 ciebat,
2456 2285 2614 2340 modo
2645 2286 2696 2338 in
2738 2285 3033 2340 Jerusalem
3079 2297 3298 2336 versans
3328 2281 3550 2348 idipsum
3594 2275 3803 2344 agebat.

2234 2376 2366 2430 Cum
2407 2377 2630 2432 dixisset
2655 2393 2782 2446 ergo
2807 2387 2862 2431 et
2883 2377 3056 2430 locum
3096 2386 3149 2428 et
3173 2383 3398 2442 tempus,
3431 2370 3608 2438 adjicit
3637 2377 3688 2420 et
3711 2379 3805 2420 eos

2235 2468 2325 2536 qui
2372 2467 2516 2520 illam
2547 2467 2814 2535 accepturi
2844 2474 2998 2519 erant
3029 2465 3228 2532 legem,
3263 2461 3491 2528 undique
3535 2454 3802 2511 contradi-

2234 2561 2467 2613 centium
2495 2574 2586 2611 ora
2611 2573 2893 2612 consuens.
2918 2557 3142 2622 Quinam
3174 2569 3300 2621 ergo
3337 2553 3477 2604 illum
3508 2545 3803 2614 suscepturi

2233 2649 2423 2702 erant?
2452 2664 2576 2702 num
2621 2648 2962 2702 Hebraeorum
3011 2645 3186 2713 potius
3234 2640 3456 2711 pupulus
3499 2647 3554 2692 et
3593 2634 3805 2691 Judaei?

2233 2738 2576 2807 Nequaquam
2599 2779 2613 2803 ,
2645 2737 2737 2791 sed
2760 2738 2848 2806 qui
2879 2753 2946 2791 ex
2978 2735 3243 2803 gentibus.
3274 2731 3394 2785 Ideo
3421 2728 3624 2782 intulit:
3651 2728 3703 2779 4.
3731 2721 3805 2778 Et

2225 2829 2476 2897 jutlicabit
2524 2829 2653 2880 inter
2699 2837 2885 2897 gentes.
2938 2825 3068 2878 Illud
3100 2823 3241 2877 enim
3273 2821 3500 2873 maxime
3539 2818 3604 2870 ad
3635 2818 3804 2885 legem

2232 2921 2514 2990 pertinet‘,
2532 2920 2770 2988 judicare
2787 2918 2852 2971 dc
2875 2917 2977 2970 illis
2996 2915 3084 2984 qtti
3115 2915 3278 2982 ipsam
3302 2912 3626 2979 impugnant.
3649 2906 3804 2972 Quod

2231 3023 2407 3066 autent
2439 3012 2523 3066 hic
2564 3027 2669 3065 non
2699 3024 2878 3064 scrmo
2922 3009 2992 3062 sit
3037 3007 3102 3060 de
3128 3003 3300 3058 Veteri
3331 3002 3687 3062 Testamento,
3732 3011 3803 3051 ex

2232 3104 2360 3174 ipsis
2389 3105 2545 3158 rebus
2575 3103 2746 3173 palam
2773 3110 2873 3156 est.
2918 3099 3032 3152 Non
3060 3098 3198 3151 enim
3230 3094 3500 3148 sabbatum
3541 3091 3801 3144 observa-

2233 3213 2371 3263 mus,
2404 3196 2862 3251 circumcisiouem
2895 3206 2997 3246 non
3029 3189 3358 3250 admisimus,
3390 3203 3492 3238 mut
3525 3183 3654 3236 festa
3688 3181 3806 3233 illo-

2232 3304 2372 3353 rum,
2407 3303 2510 3341 uon
2540 3285 2683 3340 aliud
2727 3284 2993 3354 quidpiam
3043 3296 3108 3336 ex
3157 3278 3441 3333 veteribus.
3493 3273 3805 3327 Audiviiuus

2231 3383 2372 3436 enim
2403 3380 2621 3434 Paulum
2651 3378 2914 3431 dicentem
2951 3393 2962 3427 :
3009 3373 3068 3428 Si
3095 3368 3543 3432 circumcidamini,
3575 3365 3806 3419 Christus

2231 3474 2367 3526 vobis
2397 3471 2525 3523 nihil
2557 3469 2776 3538 proderit
2807 3465 2946 3538 (Gal.
2976 3467 3026 3519 5.
3053 3464 3109 3533 ‘2)
3135 3481 3146 3515 :
3179 3472 3252 3526 et,
3298 3461 3415 3513 Dies
3443 3457 3728 3518 observatis,
3756 3465 3808 3508 et

2231 3580 2443 3627 menses,
2473 3572 2520 3616 et
2547 3571 2791 3630 tempora,
2819 3567 2864 3612 et
2893 3558 3091 3610 annos?
3138 3555 3308 3607 Timeo
3346 3569 3406 3604 ne
3446 3555 3573 3621 forte
3613 3551 3806 3618 {rustra

2233 3653 2563 3709 laboraverint
2611 3653 2665 3704 in
2702 3651 2839 3704 vobis
2866 3648 3006 3718 (Gal.
3033 3649 3085 3700 4.
3118 3646 3226 3713 10).
3277 3644 3422 3698 Unde
3475 3642 3634 3710 liquet
3664 3640 3806 3692 hunc

2232 3758 2533 3798 sermonem
2576 3742 2642 3796 de
2671 3741 2817 3795 Novo
2863 3754 3002 3801 esse,
3044 3738 3163 3805 quia
3205 3740 3341 3787 inter
3382 3741 3563 3802 gentes
3602 3731 3810 3799 judica-

2233 3836 2308 3889 vit
2329 3835 2424 3904 (a),
2455 3831 2902 3902 quemadmodum
2934 3838 2987 3883 et
3015 3828 3209 3881 Paulus
3234 3827 3303 3876 ait
3331 3841 3345 3876 :
3378 3824 3440 3875 In
3481 3824 3559 3874 die
3603 3821 3808 3892 quando

2226 3924 2473 3995 judicabit
2491 3922 2625 3975 Deus
2645 3919 2836 3973 occulta
2858 3918 3111 3971 hominum
3136 3916 3306 3982 (Rom.
3327 3913 3380 3966 2.
3408 3912 3509 3981 16).
3530 3911 3809 3976 Quomodo

2232 4015 2527 4086 judicabit?
2556 4014 2642 4067 dic
2685 4011 2836 4076 mihi,
2861 4025 2926 4062 an
2971 4007 3258 4063 secundum
3286 4005 3447 4058 Vetus
3492 4003 3807 4056 Testamen-

2239 4112 2386 4163 tum?
2430 4109 2584 4162 Nullo
2615 4106 2792 4171 modo,
2823 4103 2915 4158 sed
2945 4101 3231 4156 Secundum
3268 4096 3595 4165 Evangelium
3622 4109 3804 4145 meum.

2236 4201 2430 4255 Videu’
2461 4199 2620 4252 verba
2653 4198 2879 4260 diversa,
2914 4192 3200 4247 sententias
3227 4198 3401 4241 autem
3434 4187 3569 4238 inter
3593 4199 3650 4237 se
3674 4197 3810 4236 con-

2237 4292 2562 4344 sentientes?
2600 4288 2757 4340 Isaias
2787 4286 2914 4338 dicit
2941 4300 2954 4334 :
2983 4281 3238 4334 Judicabit
3271 4280 3399 4330 inter
3423 4286 3626 4346 gentes;
3672 4273 3812 4326 Pati-

2241 4382 2323 4434 ltts
2371 4381 2466 4444 ait,
2515 4377 2774 4430 Judicabit
2823 4373 3095 4426 secundum
3147 4369 3473 4436 Evangelium
3522 4380 3702 4415 meum.
3743 4361 3811 4414 Et

2237 4480 2412 4539 arguet
2445 4469 2686 4538 populum
2717 4465 2964 4524 multum;
2991 4463 3125 4514 bella
3152 4468 3394 4528 gerentes
3418 4465 3471 4508 et
3510 4463 3809 4520 transgres-

2238 4573 2407 4614 sores.
2457 4558 2523 4610 Et
2560 4555 2662 4610 hoc
2687 4553 2963 4607 declarans
2987 4550 3229 4603 Christus
3277 4545 3483 4599 dicebat
3516 4562 3528 4596 :
3562 4541 3679 4594 Non
3719 4557 3813 4609 ego

2237 4652 2471 4720 iudicabo
2499 4665 2603 4708 vos,
2633 4647 2716 4700 sed
2746 4662 2926 4710 sermo,
2967 4658 3112 4715 quem
3156 4641 3384 4706 loquutus
3424 4653 3554 4700 sutn,
3591 4636 3696 4702 ipse
3726 4649 3815 4690 vos

2233 4741 2501 4811 judicabit.
2532 4739 2592 4790 lCt
2615 4738 2874 4790 concident
2904 4734 3101 4804 gladios
3119 4748 3234 4784 suos
3256 4731 3306 4781 in
3329 4741 3519 4788 aratra,
3540 4734 3586 4777 et
3611 4724 3818 4776 lanceas

2241 4849 2358 4886 suas
2401 4833 2452 4882 in
2499 4832 2671 4898 falces.
2726 4829 2791 4879 Et
2840 4844 2938 4879 non
2985 4825 3192 4892 accipiet
3238 4838 3354 4889 gens
3398 4829 3572 4870 contra
3621 4823 3820 4885 gentem

2241 4926 2488 4992 gladium.
2522 4933 2567 4974 et
2595 4940 2693 4974 non
2725 4923 2859 4973 ultra
2901 4921 3089 4970 discent
3116 4915 3339 4984 pt'tt'liari
3371 4912 3546 4979 (Joan.
3577 4909 3664 4963 l2.
3699 4909 3817 4974 £8).

2242 5014 2357 5066 Non
2387 5015 2515 5064 satis
2540 5011 2686 5063 fuere
2715 5011 2984 5079 prophetae
3016 5006 3188 5074 priora
3235 5003 3404 5070 signa.
3434 5001 3591 5053 Multa
3622 4998 3825 5066 quippe

2241 5114 2329 5158 est
2351 5104 2589 5156 veritatis
2636 5100 2876 5153 facultas.
2906 5099 3025 5150 Ideo
3053 5095 3191 5148 aliud
3240 5093 3413 5160 posuit
3455 5090 3583 5143 Novi
3629 5087 3822 5139 Testa-

2244 5195 2406 5248 menti
2438 5193 2685 5246 iudicium
2716 5206 2809 5258 per
2836 5200 3000 5242 totum
3029 5187 3210 5239 orbem
3240 5183 3520 5252 refulgens.
3542 5176 3825 5244 Quodnam

2312 5373 2326 5398 ³
2363 5374 2502 5414 Juxta
2523 5363 2760 5419 savilium,
2786 5362 2958 5409 melius
2997 5358 3223 5421 legetur,_
3257 5357 3320 5403 ad
3352 5353 3568 5415 judicem
3599 5351 3829 5421 pertinet,

2247 5408 2502 5490 quam-,ug‘d
2526 5408 2678 5490 legent
2698 5408 2916 5490 pertinet,
2942 5421 3028 5468 sed
3049 5408 3102 5468 iu
3129 5408 3270 5466 nullis
3293 5408 3398 5465 sive
3429 5423 3533 5461 Mss.
3570 5408 3678 5457 sive
3702 5408 3830 5458 ﬁdit.

2249 5487 2377 5551 prior
2401 5488 2598 5551 affertur
2624 5487 2782 5551 lectio.
2915 5543 2927 5551 _
3083 5541 3095 5551 ‘
3297 5539 3304 5546 _
3366 5537 3375 5545 ,
3415 5543 3478 5551 ___
3508 5536 3659 5551 MM“
3698 5529 3810 5551 im“

2311 5529 2382 5609 δι’)
2401 5529 2507 5596 “tt—ie.
2526 5529 2656 5593 torte
2675 5529 2892 5591 videatur
2915 5541 3196 5609 legendum,
3225 5539 3335 5600 quia
3359 5537 3485 5609 inter
3501 5529 3835 5609 gentes}:th-

2251 5590 2381 5659 ntbil’
2395 5624 2408 5667 ,'
2420 5590 2539 5657 nam
2687 5590 2845 5666 sequu
2855 5614 2900 5651 ut
2909 5590 3044 5651 ιιι-Ἐπὶ
3070 5590 3247 5668 1ιυπιιὶιί
3267 5617 3326 5648 ex
3337 5616 3344 5656 ι
3355 5598 3376 5642 ,1
3386 5590 3810 5668 1111111111ρηιᾲξιὶιξίίὶε
3822 5625 3836 5644 ,

2252 5656 2478 5720 futurum
2507 5656 2694 5728 tempus
2734 5656 2969 5728 iudicant;
2996 5665 3081 5712 sed
3126 5667 3230 5711 sine
3263 5658 3543 5710 auctoritate
3566 5656 3835 5714 exempla-

2257 5734 2380 5778 rium
2403 5732 2519 5779 lllltll
2538 5739 2720 5780 mutare
2744 5727 2992 5776 audemus.
