4058 6216
175 360 241 413 31
1560 340 1624 395 IN
1661 340 1912 409 ISAIAM,
1949 344 2098 399 CAP.
2132 345 2194 401 ll.

178 452 397 506 ἀπειλαὶ
433 455 690 521 συνεχεῖς,
719 456 811 506 καὶ
846 455 1091 518 κολάσεις
1121 455 1415 524 διηνεκεῖς,
1447 455 1540 506 καὶ
1574 455 1823 524 θαύματα

176 540 477 607 ἐπάλληλα,
510 543 599 592 καὶ
631 542 915 610 προφητῶν
948 544 1155 613 δρόμοι,
1197 545 1289 595 καὶ
1323 543 1608 612 νομοθέτου
1640 544 1822 610 φ66ο’,

177 626 273 677 καὶ
301 626 553 695 πολέμων
580 627 820 688 ἀπειλαὶ,
848 630 939 679 καὶ
971 629 1255 696 βαρϐάρων
1296 628 1468 694 ἔφοδοι
1488 665 1503 688 ,
1546 628 1637 680 καὶ
1664 629 1824 697 ὀργαὶ

176 712 449 780 Θεήλατοι,
477 712 569 763 καὶ
592 713 831 774 κολάσεις
853 713 916 764 ἐκ
942 714 1048 765 τῶν
1070 713 1308 781 οὐρανῶν
1334 714 1677 782 πεμπόμεναι
1695 728 1707 741 ⁸
1736 713 1828 763 καλ⁵

176 795 372 861 ἔμενον
403 795 853 865 σκληροτράχηλοι
894 799 985 849 καὶ
1013 799 1373 867 ἀπερίτμητοι
1398 798 1566 859 ὄντες,
1598 796 1774 857 καθὼς
1801 797 1829 846 6

179 880 453 945 Στέφανος
492 880 708 947 ἐλεγεν,
749 882 953 942 ἀτενεῖς
991 883 1085 934 καὶ
1134 882 1445 935 δυσένδοτοι·
1498 881 1590 933 ἐπὶ
1634 881 1689 932 δὲ
1722 879 1829 932 τῶν

178 964 355 1016 ἐθνῶν
396 966 592 1034 ἢρκεσε
624 967 774 1036 ῥῆμα
812 967 962 1034 ψιλὸν
1000 970 1095 1021 καὶ
1132 969 1269 1037 ἀκοή
1306 969 1458 1037 μόνη,
1497 968 1590 1021 καὶ
1634 967 1830 1028 πάντες

178 1050 386 1114 εὐθέως
410 1053 797 1122 προσέδραμον.
818 1054 992 1123 Ὅπερ
1008 1050 1101 1107 οὖν
1121 1055 1213 1106 καὶ
1236 1057 1265 1107 6
1286 1054 1446 1106 Δαυτδ
1472 1054 1831 1121 αἰνιττόμενος

180 1136 339 1202 ελεγι
363 1156 376 1167 ’
406 1140 581 1203 Δαός,
622 1138 694 1191 ὃν
721 1140 828 1191 οὐκ
865 1139 1073 1207 ἔγνων,
1101 1138 1425 1193 ἐδούλευσέ
1456 1154 1586 1207 μοι’
1622 1137 1714 1190 καὶ
1741 1136 1831 1188 τὸν

178 1222 387 1289 τρόπον
422 1224 521 1291 τῆς
551 1224 787 1291 ὑπακοῆς
818 1223 1109 1291 θαυμάζων
1137 1224 1473 1294 προσετίθει·
1514 1225 1615 1287 Εἰς
1642 1222 1833 1287 ἀκοὴν

177 1308 363 1361 ὠτίου
392 1308 696 1373 ἐπήκουσέ
728 1327 864 1376 μου.
908 1310 1076 1361 Τοῦτο
1113 1310 1243 1362 αὐτὸ
1284 1311 1376 1361 καὶ
1402 1311 1429 1361 6
1461 1308 1651 1361 Ἰακὼϐ
1692 1310 1832 1360 αίνι-

181 1395 629 1464 γματωδέστερον
667 1396 942 1463 ἐμφαίνων
980 1396 1168 1463 ἔλεγε*
1207 1396 1517 1462 Δεσμεύων
1544 1394 1691 1459 πρὸς
1727 1393 1835 1462 ἆμ-

180 1481 376 1531 πελον
404 1479 510 1531 τὸν
537 1478 737 1532 πῶλον
756 1481 959 1540 αὑτοῦ,
986 1482 1083 1533 καί
1105 1480 1178 1547 τῇ
1196 1480 1346 1534 ἕλικι
1369 1480 1474 1532 τὸν
1498 1479 1700 1531 πῶλον
1726 1476 1835 1544 τῆς

183 1564 335 1617 ενου
358 1566 559 1619 αὐτοῦ.
588 1567 775 1619 Καίτοι
806 1568 889 1629 τίς
914 1563 1052 1619 εἶδεν
1075 1566 1215 1619 ἐλικι
1246 1566 1422 1618 πῶλον
1450 1562 1831 1634 δεσμούμενον,

186 1650 282 1700 καὶ
336 1652 651 1719 παρεστῶτα
694 1651 919 1721 ἀμπέλῳ
944 1664 1006 1716 ι,
1060 1652 1155 1705 καὶ
1189 1651 1264 1720 μὴ
1314 1650 1700 1719 λυμαινόμενον
1742 1648 1835 1699 τὸν

185 1735 432 1803 καρπόν;
473 1738 593 1788 Ἐπὶ
633 1738 729 1805 μὲν
755 1737 861 1807 γάρ
899 1736 1006 1789 τῶν
1042 1736 1249 1804 ἀλόγων
1282 1737 1472 1798 οὐδεὶς,
1513 1736 1605 1788 ἐπὶ
1633 1734 1689 1785 δὲ
1728 1734 1835 1786 τῶν

185 1819 492 1888 ἀνθρώπων
540 1823 675 1889 μετά
722 1821 920 1889 πολλῆς
963 1819 1123 1873 τοῦτο
1166 1821 1356 1888 γέγονε
1392 1822 1489 1889 τῆς
1533 1819 1833 1888 ἀκριὸείας.

187 1906 249 1956 Ol
278 1905 379 1972 μὲν
394 1906 499 1974 γάρ
527 1905 759 1959 Ἰουδαῖοι
782 1908 991 1976 μυρίοις
1007 1907 1247 1969 δεθέντες
1268 1908 1499 1976 δεσμοῖς,
1519 1905 1837 1975 συνέτριψαν

186 1991 279 2042 τὸν
309 1990 490 2057 ζυγὸν,
520 1992 802 2062 διέρρηξαν
827 1992 917 2045 τὸν
940 1993 1156 2061 δεσμὸν,
1182 1992 1358 2054 καθὼς
1381 1996 1409 2043 6
1433 1992 1714 2060 προφήτης
1738 2007 1840 2060 φη-

189 2075 273 2126 σί·
294 2078 363 2127 τά
381 2077 435 2128 δέ
456 2077 578 2146 ἔθνη
602 2078 820 2145 οὐδεμιᾷ
842 2078 1058 2146 τοιαύτῃ
1080 2078 1297 2130 δεθέντα
1320 2078 1529 2147 ἀνάγκῃ
1545 2078 1593 2141 δ,
1612 2076 1841 2145 ἑτοίμως

189 2161 524 2229 ὑπήκουσαν,
555 2162 630 2223 ὡς
673 2163 737 2214 ἂν
770 2163 906 2214 ἕλικι
938 2162 1114 2225 πῶλος
1154 2163 1533 2233 δεσμούμενος,
1565 2164 1657 2214 καὶ
1690 2162 1841 2214 οὐδὲν

189 2246 525 2313 ἐλυμήναντο
574 2248 681 2298 τῶν
725 2248 1146 2317 ἐπιταγμάτων,
1195 2249 1330 2301 ἀλλά
1390 2250 1842 2316 παρειστήκεισαν

190 2330 394 2397 πολλὴν
439 2332 820 2401 ἐνδεικνύμενοι
863 2334 961 2402 τήν
1004 2334 1266 2404 ὑπακοήν.
1302 2335 1407 2387 Καὶ
1451 2335 1844 2401 πορεύσονται

189 2417 329 2468 λαοί
360 2417 590 2481 πολλοὶ,
621 2419 717 2470 καὶ
742 2419 943 2487 ἐροῦσι
964 2435 977 2447 ’
998 2419 1191 2481 Δεῦτε,
1218 2419 1317 2471 καὶ
1341 2418 1647 2485 ἀναδῶμεν
1669 2421 1755 2481 εἰς
1778 2418 1841 2470 τὸ

192 2502 330 2565 ὄρος
359 2502 462 2555 τοῦ
490 2504 725 2569 Κυρίου,
760 2505 855 2556 καί
882 2508 968 2569 είς
996 2504 1105 2557 τὸν
1131 2500 1297 2557 οἶκον
1322 2505 1426 2556 τοῦ
1454 2504 1597 2556 Θεοῦ
1625 2503 1840 2555 Ἰακὼϐ.

194 2587 344 2654 Ὀρα
394 2588 708 2657 χορεύοντας
757 2590 849 2641 καὶ
911 2589 1408 2659 πανηγυρίζοντας,
1467 2589 1557 2639 καὶ
1600 2570 1844 2656 ἀλλήλοις

194 2673 661 2741 ἐγκελευομένους,
679 2674 771 2725 καὶ
792 2673 995 2736 πάντας
1019 2675 1366 2736 διδασκάλους
1388 2674 1695 2743 γινομένους
1714 2691 1727 2702 ·
1754 2676 1847 2725 και)⁸

194 2760 293 2826 οὐχ
327 2759 403 2818 ἓν,
437 2760 526 2811 καὶ
562 2758 825 2828 δεύτερον,
869 2762 961 2811 καὶ
992 2761 1191 2830 τρίτον,
1225 2761 1358 2812 ἀλλά
1397 2760 1491 2812 καὶ
1528 2759 1690 2811 πολλά
1722 2758 1846 2826 ἐονη

197 2844 575 2912 συντρέχοντα.
610 2844 831 2907 Ἥξουσι
878 2844 1015 2914 γάρ,
1045 2846 1207 2914 φησὶ,
1250 2846 1368 2898 160".
1409 2845 1617 2905 πολλοὶ,
1652 2846 1744 2895 καὶ
1786 2846 1849 2895 ἐκ

195 2928 471 2998 διαφόρων
500 2931 710 3000 χωρῶν,
737 2932 868 3000 ὅπερ
898 2933 989 2983 ἐπὶ
1025 2932 1132 2984 τῶν
1179 2932 1443 2983 Ἰουδαίων
1481 2931 1728 2982 οὐδέποτε
1756 2929 1847 2995 γέ-

198 3030 357 3080 γονεν
379 3031 394 3045 ο
433 3015 542 3066 ἀλλ’
580 3018 627 3066 εί
660 3017 751 3067 καί
790 3033 932 3078 τινες
966 3017 1285 3085 προσῆλθον,
1316 3017 1481 3081 ὀλίγοι
1514 3016 1641 3067 ποτέ
1682 3032 1849 3084 προσ-

202 3102 411 3167 ήλυτοι,
440 3100 578 3167 μετά
624 3101 818 3167 πολλῆς
853 3102 944 3151 καὶ
991 3102 1141 3153 αὐτοὶ
1174 3102 1271 3168 τῆς
1308 3100 1419 3170 [23]
1453 3101 1850 3169 πραγματείας,

201 3186 297 3241 καὶ
330 3185 576 3236 οὐδέποτε
603 3184 727 3253 ἐθνη
761 3185 1085 3254 ἐκλήθησαν,
1122 3185 1257 3237 ἀλλά
1288 3186 1631 3255 προσήλυτοι.
1662 3189 1853 3250 Προσ-

198 3270 415 3336 ήλυτοι
452 3270 558 3338 γάρ
600 3270 698 3321 ἐπὶ
738 3270 811 3322 σὲ
858 3270 1297 3335 διελεύσονται,
1342 3273 1439 3325 καί
1466 3288 1562 3323 σοι
1614 3270 1855 3322 ἔσονται

199 3354 432 3417 δοῦλοι,
464 3356 643 3423 φησίν.
670 3355 731 3407 El
751 3357 805 3408 δὲ
832 3357 1080 3425 ἐπιμένει
1105 3358 1170 3427 τῇ
1206 3358 1482 3427 μεταφορᾷ
1502 3358 1529 3407 6
1552 3357 1852 3426 προφήτης,

198 3440 331 3508 ὅρος
363 3441 540 3493 καλῶν
569 3443 661 3493 καὶ
707 3438 849 3495 οἷκον
894 3443 986 3495 τοῦ
1017 3444 1151 3495 Θεοῦ
1197 3442 1407 3503 Ἰακὼϐ,
1441 3445 1516 3513 μὴ
1550 3442 1851 3511 θαυμάσῃς.

205 3521 388 3591 Ὅπερ
434 3522 540 3590 γάρ
583 3523 749 3593 ἔφθην
786 3524 973 3591 εἰπὼν,
1009 3524 1105 3578 νῦν
1155 3525 1253 3593 μὲν
1292 3524 1626 3594 παρανοίγει,
1669 3523 1761 3575 νῦν
1802 3521 1859 3573 δέ

205 3606 488 3669 συσκιάζει
512 3608 607 3678 τὴν
634 3611 963 3679 προφητείαν
983 3629 995 3641 ·
1021 3611 1081 3662 :6
1106 3611 1223 3681 μὲν,
1243 3612 1328 3664 ἵνα
1348 3614 1456 3673 τοῖς
1482 3609 1860 3678 συνετωτέροις

203 3695 463 3763 ἀφορμάς
496 3696 762 3765 παράσχοι
791 3696 882 3747 τοῦ
915 3697 1139 3749 συνιδεῖν
1172 3698 1239 3749 τὰ
1261 3698 1523 3764 λεγόμενα
1542 3713 1555 3725 ·
1584 3696 1641 3746 τὸ
1666 3696 1740 3759 δὲ,
1774 3697 1862 3749 ἱνα

205 3780 320 3831 τῶν
346 3781 671 3849 ἀγνωμόνων
702 3784 957 3851 κατάσχοι
986 3783 1082 3851 τὴν
1114 3784 1343 3836 ἄτακτον
1368 3784 1542 3851 ῥύμην
1562 3798 1574 3810 ·
1608 3782 1702 3834 καὶ
1730 3799 1863 3835 παν-

204 3865 439 3934 ταχόθεν
464 3866 724 3919 ποικίλλει
752 3869 841 3919 τὸν
870 3869 1044 3936 λόγον.

279 4001 344 4055 6'.
376 4005 439 4055 El
468 4005 525 4056 δὲ
557 4005 703 4058 Θεοῦ
731 4005 930 4058 Ἰακὼό
959 4004 1098 4069 εἷπε,
1136 4005 1209 4075 μή
1235 4004 1553 4073 θορυϐηθῇς,
1585 4001 1862 4070 ἀγαπητέ·

211 4090 309 4139 καὶ
352 4090 462 4157 γάρ
502 4092 530 4141 6
585 4090 872 4161 μονογενὴς
905 4091 1030 4152 Υίὸς
1074 4090 1167 4142 τοῦ
1200 4090 1332 4141 Θεοῦ
1375 4091 1503 4150 Θεὸς
1549 4086 1737 4139 Ἰακὼὸ
1776 4082 1865 4153 ἦν-

212 4174 385 4235 Λύτδς
432 4176 536 4243 γάρ
571 4176 663 4227 καὶ
696 4176 785 4228 τὸν
831 4177 992 4245 νόμον
1026 4176 1226 4240 ἐδωκε,
1258 4177 1351 4227 καὶ
1396 4175 1462 4225 τά
1516 4174 1633 4224 κατ’
1674 4172 1868 4230 αὐτοὺς

213 4260 727 4330 ἐθαυματούργησεν
772 4261 982 4313 ἅπαντα
1007 4278 1021 4293 ’
1062 4262 1155 4313 καὶ
1196 4262 1353 4313 τοῦτο
1384 4262 1445 4311 ἐκ
1483 4261 1581 4328 τῆς
1628 4258 1868 4318 Παλαιᾶς

213 4346 387 4413 αὐτῆς
423 4347 652 4413 μάλιστα
688 4343 832 4398 ἐστιν
857 4348 1003 4413 ίδεῖν,
1044 4348 1229 4415 ἐπειδὴ
1268 4347 1365 4415 τῆς
1400 4348 1603 4414 Καινῆς
1632 4345 1750 4395 οὐδέ
1791 4339 1870 4404 εἷς

228 4432 499 4493 Ἰουδαίοις
547 4433 721 4498 λόγος.
764 4434 823 4485 'U
860 4427 946 4487 οὐν
995 4434 1259 4503 Ἱερεμίας
1303 4433 1464 4501 φησί·
1514 4430 1872 4497 Διαθήσομαι

216 4517 361 4583 ὑμῖν
399 4519 690 4585 διαθήκην
726 4521 957 4585 καινὴν,
1002 4523 1072 4574 οὐ
1102 4519 1250 4572 κατὰ
1292 4520 1405 4584 τὴν
1443 4519 1761 4583 διαθήκην,
1795 4516 1874 4582 ἢν

217 4604 496 4671 διεθέμην
529 4608 651 4670 τοῖς
698 4608 989 4673 πατράσιν
1020 4607 1217 4675 ὑμῶν·
1249 4607 1460 4668 δεικνὺς
1490 4608 1567 4657 ὃτι
1603 4606 1875 4673 ἑκατέρων

215 4692 327 4741 τῶν
360 4693 536 4757 νόμων
558 4694 715 4753 αὐτὸς
744 4696 771 4743 6
798 4693 1087 4761 νομοθέτης
1114 4690 1203 4763 ἦν.
1228 4695 1352 4744 ’Ότι
1382 4695 1436 4743 δὲ
1464 4694 1553 4743 καὶ
1584 4694 1679 4758 τῆς
1709 4690 1874 4755 Αἰγύ-

221 4794 357 4827 πτου
387 4778 545 4838 αὐτὸς
582 4779 901 4845 ἀπήλλαξεν,
934 4781 1237 4845 ἐπήγαγεν·
1275 4780 1367 4828 Ἐν
1391 4778 1576 4843 ἡμέρᾳ
1605 4778 1877 4827 ἐπιλαϐο-

214 4862 407 4931 μένου
421 4881 537 4929 μου
558 4862 663 4929 τῆς
682 4864 873 4930 χειρὸς
892 4864 1103 4928 αὐτῶν,
1123 4864 1431 4931 ἐξαγαγεῖν
1448 4863 1664 4925 αὐτοὺς
1680 4863 1745 4913 ἐκ
1771 4859 1877 4929 γῆς

225 4951 545 5015 Αίγύπτου.
570 4949 633 5001 Εἰ
664 4950 718 4999 δὲ
756 4949 911 5011 αὐτὸς
953 4950 1185 5019 ἐξήγαγε
1207 4993 1222 5015 ,
1251 4951 1343 5002 καὶ
1376 4951 1548 5001 πάντα
1593 4950 1771 4999 ἐκεῖνα
1811 4946 1878 4998 τὰ

221 5036 282 5085 ἐν
316 5036 380 5102 τῇ
416 5035 666 5103 Αἰγύπτῳ
699 5037 787 5086 καὶ
815 5036 879 5087 τά
914 5038 969 5087 ἐν
996 5040 1060 5104 τῇ
1093 5038 1280 5106 ἐρήμῳ
1306 5037 1463 5097 αὐτὸς
1499 5035 1717 5101 ἐποίησε
1749 5032 1876 5084 θαύ-

226 5137 393 5187 ματα.
430 5120 533 5171 Kal
565 5121 877 5187 ἀναγγελεῖ
915 5122 1055 5188 ἡμῖν
1096 5122 1207 5185 τὴν
1237 5121 1379 5174 ὁδὸν
1412 5120 1616 5179 αὐτοῦ,
1654 5119 1747 5169 καὶ
1780 5135 1881 5168 πο-

213 5208 557 5271 ρευσόμεθα
593 5207 659 5257 ἐν
699 5206 865 5273 αὐτῇ.
903 5207 1061 5276 Ὀρᾷς
1108 5208 1290 5276 ἕτερόν
1340 5226 1457 5259 τινα
1498 5204 1881 5273 ἐπιζητοῦντας

225 5291 428 5355 νόμον;
464 5292 607 5342 ὐδδν
634 5292 739 5359 γὰρ
790 5295 821 5360 ὴ
855 5293 1037 5362 Γραφὴ
1069 5294 1167 5353 τάς
1196 5293 1408 5354 ἐντολάς
1439 5293 1530 5343 τοῦ
1565 5290 1696 5342 Θεοῦ
1728 5289 1880 5339 εἴωθε

223 5375 436 5441 λέγειν’
470 5377 516 5425 εί
548 5377 603 5427 δὲ
630 5378 721 5427 ἐπὶ⁸
746 5378 843 5446 τῆς
883 5380 1150 5448 προτέρας
1186 5379 1334 5445 ἔλεγε
1374 5380 1662 5446 Διαθήκης,
1690 5378 1786 5426 οὐκ
1820 5374 1883 5425 ἂν

224 5459 403 5525 εἶπεν,
441 5464 769 5529 Ἀναγγελεῖ
804 5465 977 5533 ἡμῖν’
1012 5466 1142 5534 δήλη
1183 5465 1291 5535 γὰρ
1340 5462 1405 5535 ἧν
1448 5466 1538 5517 καὶ
1573 5464 1745 5531 σαφὴς
1794 5463 1885 5513 καὶ

226 5552 505 5621 γνώριμος
538 5552 649 5603 ἆπα
658 5568 728 5603 σι.

291 5755 314 5819 ξι
488 5756 537 5796 et
562 5752 709 5819 ειμι-1..
737 5757 1013 5819 παρεστῶτα
1034 5756 1258 5815 ἄμπελον,
1286 5759 1429 5805 male.

289 5810 316 5878 ὶξ
348 5812 466 5883 Ht'g‘.
502 5815 719 5883 9l_SaVi|.
740 5814 973 5883 9665946;
1004 5810 1222 5873 τοιαύτης
1247 5810 1447 5866 ⁷δεθέντα
1474 5819 1692 5879 ἀνάγκης,
1742 5821 1884 5879 nulc,

232 5879 282 5917 ul
308 5874 413 5930 ιιιυο
434 5874 582 5921 Sami.
618 5876 885 5933 suspicatus
904 5885 998 5925 est.

3498 362 3570 416 32

1999 462 2104 512 Καὶ
2150 460 2230 511 ὅτι
2266 458 2324 509 οὐ
2366 456 2703 525 σοφιζόμενοι
2737 451 2909 504 ταῦτά
2938 465 3140 517 φαμεν,
3176 446 3241 499 τά
3280 447 3376 515 μὲν
3416 447 3567 515 είρη-

1929 551 2064 617 μένα
2100 551 2191 601 καὶ
2237 549 2360 609 τοὺς
2401 547 2601 614 σφόδρα
2637 538 3113 610 ἀναισχυντοῦντας
3162 536 3317 589 ίκανά
3363 537 3562 588 πεῖσαι.

1944 639 2157 708 Ἐπειδὴ
2207 638 2316 707 γάρ
2366 636 2483 687 ὀδοῦ
2540 636 2694 703 μόνον
2748 631 3018 701 ἐμνήσθη,
3069 628 3213 694 λέγει
3271 627 3361 678 καὶ
3411 626 3569 688 ποίας

1930 729 2070 787 ὁδοῦ,
2099 729 2192 780 καὶ
2222 727 2387 780 πολλά
2408 725 2616 794 τίθησιν
2646 723 2811 790 αὐτῆς
2838 720 2906 771 τὰ
2939 719 3257 788 παράσημα.
3296 716 3571 783 Ἑπήγαγε

1932 815 2061 881 γοῦν
2110 815 2309 881 λέγων·
2353 814 2451 865 Ἐκ
2486 813 2595 879 γὰρ
2635 807 2784 861 Σιὼν
2811 806 3186 869 ἐξελεύσεται
3228 803 3430 868 νόμος,
3468 799 3571 852 καὶ

1932 908 2111 971 λόγος
2133 904 2347 970 Κυρίου
2368 902 2431 964 ἐξ
2460 897 2867 967 Ἰερουσαλήμ.
2892 895 3031 965 Πρὸς
3055 892 3227 945 ταῦτα
3258 891 3347 943 καὶ
3374 890 3575 959 σφόδρα

1934 992 2406 1061 ἀναισχυντοῦντες
2444 989 2708 1042 Ἰουδαίων
2737 987 2917 1047 παῖδες
2958 984 3074 1035 οὐδέ
3102 983 3280 1050 διᾶραι
3307 980 3369 1032 :6
3405 979 3578 1047 στόμα

1934 1084 2264 1153 δυνήσονται.
2298 1083 2414 1133 Ὅτι
2456 1079 2561 1150 γὰρ
2610 1080 2734 1149 περὶ
2778 1077 2876 1145 τῆς
2916 1074 3115 1143 Καινῆς
3153 1071 3322 1123 ταῦτα
3366 1070 3577 1139 εἴρηται

1936 1174 2227 1241 Διαθήκης,
2258 1170 2352 1222 καὶ
2382 1169 2487 1221 ἀπὸ
2522 1168 2613 1219 τοῦ
2648 1169 2834 1231 τόπου,
2863 1166 2955 1218 καὶ
2981 1162 3086 1216 ἀπὸ
3114 1160 3203 1213 τοῦ
3243 1159 3450 1229 χρόνου,
3483 1159 3578 1210 καὶ

1936 1267 2041 1319 ἀπὸ
2070 1266 2176 1316 τῶν
2204 1261 2503 1329 δεξαμένων
2537 1258 2628 1309 τὸν
2655 1256 2835 1322 νόμον,
2869 1254 2958 1304 καὶ
2991 1251 3095 1303 61:6
3128 1249 3219 1302 τοῦ
3258 1248 3577 1317 πράγματος

1936 1354 2030 1407 τοῦ
2060 1353 2197 1423 μετὰ
2223 1351 2403 1419 νόμον,
2442 1348 2533 1400 καὶ
2562 1346 2820 1397 πάντοθεν
2845 1342 3025 1404 ἁπλῶς
3054 1340 3166 1392 ἐστι
3204 1336 3449 1389 συνιδεῖν.
3471 1332 3580 1385 Καὶ

1939 1421 2154 1513 πρῶτον
2174 1441 2281 1494 ἀπὸ
2308 1439 2399 1492 τοῦ
2430 1438 2614 1496 τόπου,
2639 1433 2729 1485 τοῦ
2753 1432 2887 1483 Σιὼν
2914 1431 3092 1498 ὅρους.
3116 1427 3173 1479 '0
3202 1423 3308 1492 γάρ
3338 1421 3425 1475 διὰ
3452 1422 3581 1475 Μω-

1942 1511 2075 1594 σέως
2116 1532 2276 1600 νόμος
2325 1532 2381 1581 ἐν
2410 1528 2486 1597 τῷ
2530 1525 2723 1593 Σιναίῳ
2769 1524 2883 1592 ὄρει
2930 1522 3042 1581 τοῖς
3083 1518 3363 1589 προγόνοις
3408 1511 3586 1567 αὐτῶν

1940 1622 2114 1690 ἐδόθη.
2135 1621 2257 1682 Πῶς
2282 1614 2372 1671 οὖν
2403 1615 2629 1670 ἐνταῦθα
2664 1615 2755 1664 Ἐκ
2790 1610 2938 1663 Σιών
2964 1624 3094 1677 φησι
3117 1624 3130 1671 ;
3165 1608 3271 1659 Καὶ⁵
3296 1606 3395 1657 οὐκ
3422 1602 3588 1672 ήρκέ-

1944 1712 2043 1781 σθη
2073 1712 2245 1779 τούτῳ
2275 1707 2453 1777 μόνον,
2482 1705 2615 1759 ἀλλά
2647 1704 2739 1755 καὶ
2767 1702 2857 1753 τὸν
2884 1700 3069 1769 χρόνον
3094 1695 3490 1767 προστέθεικεν.
3510 1692 3587 1744 Οὐ

1942 1806 2050 1873 γὰρ
2082 1798 2264 1867 εἶπεν,
2300 1799 2517 1867 Ἐξῆλθε
2551 1797 2733 1865 νόμος,
2767 1794 2902 1857 ἀλλ’,
2950 1790 3349 1855 Ἐξελεύσεται
3385 1786 3588 1853 νόμος,

1944 1899 2078 1966 ὅπερ
2114 1896 2204 1948 ἐπὶ
2233 1893 2508 1962 μέλλοντος
2530 1887 2739 1957 χρόνου,
2763 1886 2854 1936 καὶ
2881 1883 3197 1952 πράγματος
3214 1878 3421 1931 οὐδέπω
3442 1891 3592 1942 γεγε-

1944 1984 2196 2053 νημένου.
2237 1984 2365 2034 Ὅτε
2398 1980 2454 2031 δὲ
2482 1981 2509 2030 6
2538 1979 2815 2045 προφήτης
2841 1970 3008 2024 ταῦτα
3036 1971 3208 2038 ἐλεγε,
3240 1969 3345 2038 πρὸ
3380 1966 3591 2019 πολλῶν

1945 2075 2079 2127 ἐτῶν
2112 2069 2179 2142 ἦν
2224 2070 2498 2139 δεδομένος
2540 2069 2568 2119 ὁ
2610 2065 2803 2134 νόμος⁶
2851 2064 2879 2115 6
2921 2062 2977 2114 δὲ
3005 2060 3103 2129 τῆς
3148 2058 3354 2126 Καινῆς
3400 2054 3593 2125 ἔμελλε

1950 2170 2085 2239 μετά
2113 2170 2206 2236 ἐτη
2240 2166 2455 2218 πλείονα
2496 2161 2747 2214 δίδοσθαι.
2782 2159 2879 2210 Διά
2920 2155 3078 2209 τοῦτο
3107 2154 3205 2205 οὐκ
3230 2150 3397 2212 εἶπεν,
3438 2150 3595 2217 ἐξῆλ-

1948 2234 2057 2320 θεν,
2081 2234 2213 2316 ἀλλ’,
2251 2252 2679 2315 Ἐξελεύσεται,
2707 2245 2969 2305 τουτέστι,
2994 2242 3127 2311 μετὰ
3154 2239 3341 2291 ταῦτα.
3366 2237 3472 2287 Καὶ
3489 2234 3595 2287 πά·-

1946 2345 2028 2395 λιν
2056 2344 2147 2395 ἐπὶ
2173 2342 2261 2393 τὸν
2288 2341 2450 2393 τόπον
2475 2336 2636 2389 αὐτὸν
2670 2331 2996 2397 καταφεύγει
3037 2328 3238 2392 λέγων·
3274 2322 3383 2376 Καὶ
3415 2323 3595 2386 λόγος

1949 2430 2166 2493 Κυρίου
2191 2426 2259 2485 ἐξ
2282 2419 2679 2489 Ἰερουσαλήμ.
2705 2416 2850 2469 λιετά
2879 2412 3156 2483 ἀκριϐείας
3186 2411 3314 2476 ἡμῖν
3341 2407 3400 2457 :6
3422 2406 3595 2472 παρά-

1950 2489 2119 2581 σημον
2148 2510 2242 2575 τῆς
2270 2507 2453 2573 καινῆς
2480 2505 2747 2571 Διαθήκης
2773 2498 3000 2552 ἐνταῦθα
3028 2496 3223 2563 τίθησι.
3242 2492 3348 2544 Καὶ
3374 2492 3480 2559 γὰρ
3500 2489 3595 2541 νῦν

2075 2597 2132 2647 ἐν
2163 2574 2238 2663 τῷ
2275 2593 2387 2661 δρει
2432 2590 2757 2657 καθήμενος,
2784 2584 2851 2637 τά
2876 2582 3052 2653 ὑψηλά
3085 2579 3177 2633 καὶ
3210 2578 3318 2629 τῶν
3354 2574 3597 2645 οὐρανῶν

1951 2662 2075 2748 ἀξια
2123 2662 2514 2751 προστάγματα
2555 2674 2887 2744 ἐνομοθέτει,
2932 2670 3023 2724 νῦν
3069 2669 3125 2720 δὲ
3158 2668 3214 2719 ἐν
3254 2662 3600 2751 Ἰερουσαλὴμ

1951 2750 2255 2837 διατρίϐων.
2285 2762 2468 2817 Εἰπὼν
2506 2762 2685 2813 τοίνυν
2716 2759 2808 2812 καὶ
2838 2757 2928 2809 τὸν
2959 2755 3119 2808 τόπον
3152 2752 3243 2805 καὶ
3270 2750 3359 2803 τδν
3389 2750 3598 2818 χρόνον,

1954 2835 2271 2925 προστίθησι
2297 2849 2413 2921 [24]
2446 2850 2537 2901 καὶ
2570 2848 2693 2909 τοὺς
2728 2842 3078 2912 ὑποδέχεσθαι
3104 2838 3262 2891 αὐτὸν
3292 2835 3598 2906 μέλλοντας,

1952 2922 2284 3007 πανταχόθεν
2306 2936 2675 3006 ἀπορράπτων
2703 2932 2811 2983 τῶν
2843 2926 3219 2992 ἀντιλεγόντων
3244 2923 3310 2974 :6
3340 2922 3597 3007 στόματα.

1956 3027 2109 3086 Τίνες
2134 3003 2243 3075 τούν
2296 3023 2345 3073 οι
2393 3003 2673 3087 μέλλοντες
2724 3016 2883 3069 αὐτὸν
2919 3010 3302 3079 ὐποδέχεσθαι;
3345 3003 3453 3075 ἆρα
3493 3005 3603 3059 τῶν

1968 3112 2228 3180 Ἐϐραίων
2256 3113 2282 3162 6
2314 3110 2478 3176 δῆμος
2512 3109 2602 3158 καὶ
2641 3104 2907 3156 Ἰουδαίων
2939 3101 3152 3161 παῖδες;
3183 3096 3461 3163 Οὐδαμῶς,
3488 3095 3603 3147 ἀλλ’

1957 3200 2006 3252 οί
2035 3200 2091 3263 ἐξ
2124 3196 2311 3248 ἐθνῶν.
2352 3195 2443 3246 Διδ
2479 3195 2570 3244 καὶ
2610 3193 2853 3259 ἐπήγαγε
2873 3205 2885 3219 ο
2916 3187 3025 3241 Καὶ
3059 3184 3245 3252 κρινεῖ
3275 3180 3389 3235 ἀνὰ
3415 3182 3609 3248 μέσον

1958 3287 2165 3343 ἐθνῶν.
2195 3284 2363 3337 Τοῦτο
2396 3283 2501 3351 γὰρ
2542 3280 2770 3349 μάλιστα
2798 3277 2982 3345 νόμου,
3011 3274 3069 3325 τὸ
3097 3272 3333 3334 δικάζειν
3352 3272 3462 3330 τοῖς
3499 3285 3605 3336 μα·-

1960 3374 2205 3444 χομένοις
2228 3369 2385 3424 αὐτόν
2408 3379 2454 3419 θ’.
2478 3368 2593 3418 Ὀτι
2624 3365 2679 3415 δὲ
2716 3364 2774 3414 οὐ
2812 3361 2939 3431 περὶ
2977 3360 3074 3427 τῆς
3110 3357 3345 3417 Παλαιᾶς
3368 3358 3395 3406 6
3432 3354 3606 3419 λόγος,

1961 3438 2117 3529 δῆλον
2154 3458 2259 3510 ἀπὸ
2286 3456 2392 3507 τῶν
2431 3452 2765 3524 πραγμάτων
2784 3448 2979 3501 αὐτῶν.
3002 3445 3140 3498 Οὔτε
3165 3442 3270 3511 γὰρ
3297 3438 3612 3501 σαϐϐατίζο-

1968 3527 2083 3616 μεν,
2100 3546 2159 3597 οὐ
2185 3542 2482 3612 περιτομὴν
2508 3537 2823 3607 ἐδεξάμεθα,
2842 3536 2901 3587 οὐ
2923 3534 3019 3596 τὰς
3042 3531 3232 3600 ἐορτάς
3250 3529 3490 3589 ἐκείνων,
3513 3527 3614 3580 οὐκ

1964 3612 2089 3685 6110
2110 3630 2214 3682 τῶν
2237 3626 2483 3679 παλαιῶν
2497 3624 2666 3677 οὐδέν,
2706 3620 3040 3688 Ἥκούσαμεν
3058 3616 3163 3684 γὰρ
3192 3614 3399 3667 Παύλου
3434 3612 3616 3679 λέγον-

1965 3735 2075 3780 τος,
2100 3718 2179 3769 ὃτι
2202 3717 2335 3766 Ἐὰν
2360 3712 2803 3778 περιτέμνησθε,
2820 3704 3065 3771 Χριστὸς
3091 3702 3242 3768 ὑμᾶς
3267 3699 3447 3753 οὐδὲν
3466 3700 3617 3765 ὠφε-

1965 3805 2143 3871 λήσει
2160 3820 2173 3831 ’
2194 3802 2304 3863 καὶ,
2322 3798 2559 3863 Ἡμέρας
2580 3792 3027 3860 παρατηρεῖσθε,
3051 3788 3145 3839 καί
3160 3784 3371 3854 μῆνας,
3387 3784 3480 3835 καί
3500 3799 3619 3835 zac-

1960 3870 2127 3958 ροὺς,
2150 3888 2243 3939 καί
2267 3883 2607 3944 ὲνιαυτούς;
2629 3878 2919 3943 Φοϐοῦμαι
2938 3873 3019 3942 μή
3039 3889 3161 3936 πως
3191 3870 3317 3936 εικῆ
3346 3871 3621 3923 κεκοπία-

1970 3992 2047 4027 κα
2069 3977 2154 4037 εὶς
2174 3970 2511 4039 ὑμᾶς.”υθεν
2533 3966 2687 4034 δῆλον
2708 3965 2788 4015 ὅτι
2814 3963 2940 4031 περὶ
2965 3963 3060 4029 τῆς
3082 3958 3287 4025 Καινῆς
3304 3961 3330 4009 6
3349 3957 3523 4022 λόγος,
3538 3958 3622 4009 ὅτι

1971 4061 2073 4113 ἀνὰ
2096 4061 2257 4128 μέσον
2287 4056 2453 4109 ἐθνῶν
2473 4054 2650 4121 ἔκρινε
2664 4052 2713 4111 (ι,
2746 4049 2926 4110 καθὼς
2946 4050 3036 4101 καὶ
3056 4051 3083 4099 6
3099 4047 3301 4108 Παῦλός
3320 4062 3479 4114 φησιν
3499 4065 3507 4071 ·
3527 4046 3624 4097 Ἐν

1971 4127 2180 4211 ἡμέρᾳ,
2202 4143 2297 4193 ὅτε
2322 4138 2505 4206 κρινεῖ
2537 4139 2568 4189 ό
2602 4136 2746 4198 Θεὸς
2784 4134 2855 4185 τὰ
2887 4131 3113 4197 κρυπτὰ
3140 4129 3255 4181 τῶν
3280 4127 3621 4193 ἀνθρώπων.

1975 4228 2096 4287 Πῶς
2120 4228 2288 4293 κρινεί
2310 4241 2323 4287 ;
2350 4222 2470 4275 εἰπέ
2502 4237 2589 4289 μοι
2610 4236 2622 4248 ·
2657 4219 2797 4270 κατὰ
2817 4217 2914 4284 τὴν
2944 4213 3175 4267 παλαιὰν
3194 4211 3490 4279 Διαθήκην;
3523 4211 3628 4263 06-

1974 4313 2179 4381 δαμῶς,
2204 4311 2336 4363 ἀλλὰ
2374 4308 2530 4361 Κατὰ
2562 4304 2627 4356 τὸ
2655 4302 3019 4370 Εὐαγγέλιόν
3047 4316 3182 4365 μου.
3217 4293 3364 4357 Εἶδες
3396 4296 3626 4363 διάφορα

1981 4400 2077 4467 μὲν
2108 4398 2175 4447 τά
2208 4398 2444 4466 ῥήματα,
2488 4387 2874 4457 συμφωνοῦντα
2899 4385 2953 4435 δὲ
2984 4383 3051 4433 τά
3080 4386 3357 4452 νοήματα;
3400 4381 3627 4444 Ἡσαΐας

1981 4483 2145 4553 φησί·
2196 4478 2398 4547 Κρινεῖ
2434 4476 2547 4529 ἀνὰ
2571 4473 2763 4541 μέσον
2800 4468 2916 4521 τῶν
2956 4468 3175 4522 ἐθνῶν·
3222 4468 3426 4529 Παῦλός
3457 4484 3588 4535 φησι
3610 4483 3625 4497 ·

1980 4569 2174 4635 Κρινεῖ
2210 4564 2354 4617 κατὰ
2388 4561 2451 4612 τὸ
2494 4556 2857 4624 Εὐαγγέλιόν
2883 4572 3022 4623 μου.
3048 4553 3177 4635 ΔΚαὶ
3207 4553 3433 4623 ἐλέγξει
3476 4553 3632 4605 λαὸν

1980 4630 2174 4706 πολύν
2194 4668 2205 4680 ·
2239 4649 2361 4708 τοὺς
2398 4645 2730 4713 μαχομένους
2760 4643 2852 4694 καὶ
2875 4630 3320 4711 παραϐαίνοντας.
3343 4640 3447 4690 Καὶ
3474 4639 3633 4689 τοῦτο

1979 4739 2150 4806 δηλῶν
2179 4738 2205 4787 6
2225 4734 2449 4803 Χριστὸς
2480 4733 2689 4799 ἐλεγεν⁶
2728 4734 2846 4783 οὐκ
2872 4730 2984 4798 ἐγὼ
3022 4727 3200 4795 κρινῶ
3228 4724 3400 4793 ὑμᾶς,
3423 4725 3561 4777 ἀλλ’
3598 4728 3631 4776 ό

1982 4828 2181 4890 λόγος,
2208 4823 2278 4875 ὃν
2298 4821 2591 4885 ἐλάλησα,
2627 4820 2854 4882 ἐκεῖνος
2885 4814 3072 4883 κρινεῖ
3094 4812 3262 4881 ὑμᾶς.
3288 4812 3393 4863 Καὶ
3419 4812 3635 4878 συγκό-

1981 4916 2169 4980 ψουσι
2204 4910 2308 4974 τὰς
2348 4911 2643 4976 μαχαίρας
2675 4906 2866 4959 αὐτῶν
2902 4906 2987 4967 είς
3018 4902 3250 4967 ἄροτρα,
3288 4898 3382 4950 καί
3424 4897 3527 4961 τὰς
3559 4897 3635 4955 (c-

1984 5000 2165 5061 ϐύνας
2193 4995 2387 5048 αὐτῶν
2415 4997 2497 5057 είς
2531 4992 2807 5059 δρέπανα.
2852 4990 2958 5042 Καὶ
3004 4989 3065 5039 οὐ
3109 4985 3332 5054 λήψεται
3366 4984 3513 5044 ἐθνος
3550 4986 3636 5035 ἐπ’

1986 5087 2129 5146 ἔθνος
2148 5084 2431 5151 μάχαιραν,
2449 5082 2535 5131 καὶ
2551 5081 2609 5129 οὐ
2635 5080 2707 5146 μὴ
2729 5074 3051 5145 μάθωσινέτι
3069 5073 3338 5139 πολεμεῖν.
3354 5072 3465 5123 Οὐκ
3482 5072 3639 5138 ἠρκέ-

1991 5172 2087 5238 σθη
2125 5169 2363 5237 σημείοις
2390 5168 2500 5225 τοῖς
2526 5163 2801 5231 προτέροις
2830 5164 2857 5211 6
2885 5162 3184 5227 προφήτης.
3210 5157 3379 5226 Πολλὴ
3411 5157 3517 5224 γὰρ
3542 5158 3638 5224 τῆς

1989 5256 2235 5324 ἀληθείας
2260 5257 2290 5323 ή
2321 5250 2619 5319 περιουσία.
2652 5250 2747 5299 Διά
2776 5246 2930 5298 τοῦτο
2969 5247 3058 5298 x61.
3087 5246 3265 5315 ἕτερον
3300 5244 3477 5311 τίθησι
3500 5242 3639 5308 γνώ-

1995 5360 2159 5412 ρισμα
2182 5341 2277 5407 τῆς
2302 5337 2489 5404 καινῆς
2511 5335 2779 5402 Διαθήκης
2805 5333 2943 5385 κατὰ
2970 5334 3065 5401 τὴν
3084 5332 3403 5401 οἰκουμένην
3427 5329 3642 5394 λάμπον

1993 5411 2223 5481 ἃπασαν.
2254 5424 2315 5476 Τί
2342 5422 2398 5473 δὲ
2429 5420 2585 5472 τοῦτό
2620 5420 2799 5484 ἐστιν;
2834 5420 3036 5489 Εἰρήνη
3079 5419 3171 5471 καὶ
3205 5417 3449 5484 πολέμων
3485 5411 3640 5465 ἀναί-

2054 5642 2075 5667 °
2103 5637 2250 5685 Fnrlc
2278 5634 2453 5681 melius
2475 5632 2571 5685 τοῖς
2590 5632 2871 5692 μαχομένοις
2910 5627 3021 5689 πρὸς
3044 5625 3191 5672 αὐτόν.
3237 5622 3445 5692 Δίιῡηυς
3464 5616 3639 5692 proha-

1991 5699 2090 5747 bilP
2107 5681 2249 5757 ἰπὶ-ιλιι
2277 5696 2536 5754 legendum
2561 5681 2957 5757 ξὲεέδεχομένοις
2978 5702 3063 5749 pro
3108 5685 3401 5745 μαχομένοις,
3425 5681 3513 5728 sed
3546 5692 3642 5726 ma-

1995 5764 2073 5806 1111]
2102 5755 2377 5817 μαχομένοις
2404 5757 2513 5816 πρὸς
2535 5755 2689 5799 αὐτὸν.

2055 5821 2079 5857 ιι
2103 5801 2245 5875 ἳιῖῗῇξῖ
2266 5801 2334 5864 ότι
2368 5801 2459 5875 ’γὰρ
2491 5801 2578 5862 άνά
2604 5818 2743 5873 μέσον
2768 5815 2932 5873 ἔκρινε,
2972 5813 3112 5857 mare.
3153 5806 3241 5855 llic
3270 5805 3391 5853 forte
3421 5801 3640 5851 videatur

1996 5883 2257 5944 looeudum
2284 5884 2351 5927 οτι
2376 5881 2463 5925 ἀνα
2485 5882 2625 5938 μέσον
2647 5881 2783 5926 ἐθνῶν
2813 5875 2969 5935 κίιιιεί.
