4058 6216
543 342 614 396 33
1281 346 1338 402 S.
1375 345 1651 402 JOANNIS
1680 343 2156 401 CHRYSOSTOMI
2192 346 2501 402 ARCHIEP.
2549 345 3078 403 CONSTAN'I'INOP.
3801 366 3870 418 34

525 469 691 522 ρεσις.
712 453 874 507 Ὅταν
899 449 1004 526 γάρ
1027 456 1192 511 ταῦτα
1219 458 1454 528 γένηται,
1484 459 1634 529 φησί,
1662 458 1889 525 τοσαύτη
1923 457 2142 525 λήψεται

522 537 743 606 εὐνομία
772 541 866 608 τήν
884 542 1216 611 οἰκουμένην,
1243 542 1316 604 ὡς
1349 545 1438 594 καὶ
1474 544 1609 595 αὐτὰ
1635 543 1701 594 τὰ
1731 542 1866 593 ὅπλα
1900 543 1964 593 τά
1993 543 2143 593 πολε-

524 622 656 690 μικά
701 624 777 685 εἰς
807 627 1076 693 γεωργικά
1111 627 1458 694 χαλκεύεσθαι
1487 627 1715 695 δργανα·
1756 627 1887 694 ὅπερ
1917 627 2005 676 ἐπὶ
2033 626 2139 678 τῶν

522 706 724 775 καιρῶν
752 709 856 760 τῶν
884 710 1143 762 Ἰουδαίων
1174 711 1270 762 οὐκ
1288 710 1352 764 ἀν
1377 727 1456 772 τις
1484 711 1578 762 ίδοι
1608 709 1980 779 γεγενημένον,
2010 709 2139 762 ἀλλά

519 791 816 846 τούναντίον
837 794 996 847 ἁπαν.
1018 796 1089 848 Οὐ
1110 795 1216 866 γάρ
1234 796 1491 848 διέλειπον
1513 796 1721 848 ἅπαντα
1749 794 1847 862 τῆς
1876 794 2140 856 πολιτείας

521 876 693 928 αὐτῶν
725 877 814 930 τὸν
850 880 1033 948 καιρὸν
1077 880 1427 950 πολεμοῦντες
1471 881 1562 932 καὶ
1594 879 2004 948 πολεμούμενοι,
2045 881 2135 931 καί

516 957 601 1011 διὰ
633 961 839 1031 μακροῦ
871 963 960 1016 καὶ
998 964 1064 1017 δι’
1102 964 1274 1031 ὀλίγου
1307 966 1412 1017 τῶν
1444 964 1710 1033 πολεμίων
1745 964 1920 1025 αὺτοῖς
1957 963 2133 1015 ἐπιόν·

516 1060 642 1098 των.
679 1047 785 1098 Καὶ
819 1047 923 1117 γὰρ
959 1050 1007 1101 οἰ
1037 1051 1094 1102 ἐν
1123 1051 1258 1119 αὐτῇ
1292 1052 1354 1118 τῇ
1398 1049 1723 1120 Παλαιστίνῃ
1750 1046 1954 1116 χαλεπά
1994 1048 2133 1118 πρά-

515 1145 696 1198 γματα
718 1132 979 1202 παρέσχον
1001 1135 1176 1196 αὐτοῖς
1200 1133 1470 1197 πολλάκις,
1500 1134 1591 1187 καὶ
1613 1134 1738 1202 περὶ
1765 1131 1870 1184 τῶν
1899 1132 2133 1200 ἐσχάτων

523 1215 898 1286 ἐπεκρέμασαν
927 1217 1158 1270 κίνδυνον
1181 1230 1228 1271 ι.

581 1375 642 1421 ε’.
674 1369 782 1420 Καὶ
807 1369 970 1421 ταῦτα
1002 1370 1149 1438 δηλοῖ
1181 1370 1276 1438 μὲν
1308 1371 1342 1441 ή
1361 1370 1466 1422 τῶν
1496 1368 1776 1438 βασιλειῶν
1803 1367 2004 1437 ἱστορία
2036 1383 2127 1419 σσ-

510 1452 646 1519 φῶς,
672 1453 763 1523 δλη
794 1455 861 1506 δι’
899 1455 1023 1523 ὅλης
1057 1457 1120 1508 ἐκ
1160 1456 1404 1524 πολέμων
1439 1455 1763 1524 ὑφαινομένη
1789 1472 1802 1485 ·
1832 1453 2043 1521 δηλοῦσι
2075 1454 2130 1505 δὲ

506 1536 556 1588 οἰ
586 1539 852 1606 προφῆται
881 1539 1094 1602 πάντες,
1119 1540 1187 1591 τὰ
1207 1540 1464 1608 γενόμενα
1491 1539 1910 1606 ἀπαγγέλλοντες
1938 1537 2126 1598 ταῦτα,

507 1623 597 1675 καὶ
631 1624 757 1691 πρὶν
784 1624 816 1692 ἢ
839 1623 1079 1690 γενέσθαι
1104 1623 1600 1693 προαναφωνοῦντες
1619 1639 1633 1656 ο
1659 1624 1749 1676 καὶ
1774 1622 1831 1685 ἐξ
1855 1623 2038 1691 αὐτῆς,
2055 1623 2126 1684 ὡς

507 1709 696 1770 εἰπεῖν,
724 1708 819 1778 τῆς
846 1710 1066 1778 ἡμέρας,
1089 1705 1156 1780 ἦς
1185 1709 1567 1777 ἀπηλλάγησαν
1591 1709 1690 1776 τῆς
1711 1708 2014 1774 Αἰγυπτίων
2040 1724 2125 1759 τυ⁶

507 1793 768 1860 ραννίδος,
794 1794 850 1845 ἐν
889 1794 1134 1862 πολέμοις
1165 1793 1252 1846 τὸν
1278 1793 1491 1846 ἀπαντα
1517 1791 1704 1861 χρόνον
1735 1792 1986 1846 ἐϐίωσαν.

587 1943 721 1995 Ἀλλ’
757 1943 873 2012 οὐχὶ
900 1943 990 1996 νῦν
1028 1943 1210 2007 οὕτως,
1243 1943 1373 1997 ἀλλὰ
1401 1942 1561 2013 πολλὴ
1587 1941 1722 1994 κατά
1753 1941 1848 2011 τὴν
1875 1943 2125 2011 οἰκουμέ-

504 2045 601 2097 νην
625 2031 829 2098 εἰρήνη.
846 2030 906 2081 Εἰ
925 2029 977 2082 δέ
997 2046 1136 2092 τινες
1163 2029 1395 2096 γίνονται
1418 2028 1656 2096 πόλεμοι,
1675 2027 1786 2078 ἀλλ’
1809 2028 1904 2095 οὐχ
1933 2028 2126 2095 ὁμοίως

503 2111 578 2173 ὠς
601 2114 878 2183 πρότερον.
895 2114 1022 2165 Τότε
1052 2115 1145 2183 μὲν
1168 2114 1274 2182 γάρ
1300 2114 1390 2165 καὶ
1411 2112 1590 2173 πόλεις
1615 2112 1816 2175 πόλεσι,
1841 2114 1930 2162 καὶ
1957 2111 2123 2180 χῶραι

504 2197 722 2266 χώραις,
753 2200 844 2250 καὶ
877 2199 1034 2265 δῆμοι
1077 2200 1499 2268 συνερρήγνυντο
1529 2199 1736 2266 δήμοις,
1769 2198 1858 2247 καί
1891 2197 2035 2256 ἔθνος
2067 2197 2124 2248 ἐν

501 2283 580 2344 είς
610 2281 775 2334 πολλὰ
804 2282 1100 2350 διετέμνετο
1131 2283 1281 2350 μέρη.
1324 2280 1436 2350 [‘25]
1481 2281 1588 2332 Καὶ
1626 2280 1716 2331 τοῦ
1752 2280 1919 2347 Ἰησοῦ
1955 2279 2014 2330 :6
2046 2280 2122 2347 βι-

501 2365 641 2418 ϐλίον
665 2384 748 2429 τις
782 2367 1038 2434 ἀναγνοὺς
1077 2369 1169 2419 καὶ
1207 2367 1313 2418 τῶν
1359 2365 1589 2434 Κριτῶν,
1624 2364 1821 2416 εἴσεται
1859 2365 2049 2425 πόσους
2086 2366 2118 2432 ή

501 2451 818 2520 Παλαιστίνη
845 2452 900 2502 ἐν
931 2451 1118 2520 βραχεῖ
1139 2451 1398 2519 πολέμους
1425 2451 1544 2501 τότε
1574 2449 1783 2513 ἐδέξατο
1805 2449 1992 2518 καιρῷ.
2016 2450 2122 2500 Καὶ

499 2537 559 2589 οὐ
589 2537 741 2588 τοῦτο
768 2537 921 2604 μόνον
939 2532 1004 2605 ἦν
1032 2535 1090 2587 :6
1123 2537 1371 2605 χαλεπὸν,
1396 2535 1506 2587 ἀλλ’
1531 2536 1613 2587 ὅτι
1649 2535 1852 2595 πάντας
1882 2533 2015 2586 ὅπλα
2045 2534 2122 2585 τί-

500 2619 722 2672 θεσθαιδ
743 2623 769 2671 6
796 2621 950 2688 νόμος
980 2620 1245 2683 ἐκέλευσε,
1275 2621 1368 2672 καὶ
1396 2620 1565 2680 οὐδεὶς
1591 2618 1782 2687 ἀτελὴς
1800 2618 1997 2685 ταύτης
2023 2620 2120 2686 τῆς

496 2703 826 2776 λειτουργίας
859 2700 943 2776 ἧν.
983 2706 1088 2758 Καὶ
1116 2706 1175 2758 ού
1204 2705 1351 2774 παρά
1397 2703 1658 2765 Ἰουδαίοις
1709 2702 1863 2771 μόνον
1906 2698 2054 2766 οὗτος
2090 2705 2118 2756 6

495 2789 653 2858 νόμος
684 2792 914 2860 ἐκράτει,
935 2791 1066 2844 ἀλλά
1085 2793 1176 2843 καὶ
1199 2790 1466 2858 πανταχοῦ
1489 2792 1584 2858 τῆς
1611 2788 1927 2857 οἰκουμένης
1947 2805 1960 2818 ·
1986 2790 2114 2841 ὅπου

494 2892 556 2943 γε
579 2877 670 2928 καί
699 2877 918 2945 ῥήτορες
944 2877 1031 2927 καὶ
1057 2875 1322 2942 φιλόσοφοι
1346 2874 1597 2942 ἐξωμίδος
1620 2872 1777 2926 πλέον
1805 2873 1949 2924 οὐδὲν
1976 2872 2118 2940 έχον-

492 2978 601 3023 τες,
632 2961 860 3030 πολέμου
888 2961 1187 3023 καλοῦντος,
1217 2961 1308 3013 καὶ
1336 2959 1530 3012 ἀσπίδα
1557 2958 1997 3028 μεταχειρίζοντο,
2023 2960 2114 3010 κω

492 3047 581 3098 ἐπὶ
609 3045 952 3116 παρατάξεως
985 3047 1213 3099 ῐσταντο.
1251 3045 1308 3097 ὐ
1353 3044 1480 3111 γοῦν
1517 3044 1644 3114 παρ’
1684 3044 1976 3113 Ἀθηναίοις
2009 3044 2111 3112 μά-

491 3129 645 3184 λιστα
669 3132 880 3199 λάμψας
906 3129 1324 3201 ἀπραγμοσύνης
1343 3129 1524 3181 ἕνεκεν
1548 3131 1639 3182 καί
1674 3127 1977 3197 φιλοσοφίας
2006 3129 2114 3180 Σω-

491 3215 694 3284 κράτης
714 3218 741 3267 6
757 3216 1120 3283 Σωφρονίσκου
1154 3216 1244 3266 καὶ
1270 3214 1409 3277 ams
1441 3213 1532 3265 καὶ
1559 3214 1636 3275 δὶς
1653 3212 1743 3264 ἐπὶ
1765 3213 2114 3282 παρατάξεως

487 3298 634 3369 εστη.
668 3299 774 3351 Καὶ
804 3299 909 3350 τῶν
956 3300 1193 3366 ρητόρων
1224 3298 1330 3348 τῶν
1377 3298 1499 3363 παρ’
1529 3298 1707 3358 αὐτοῖς
1734 3297 1795 3348 τὸ
1830 3297 2114 3362 κεφάλαιον

487 3385 831 3454 Δημοσθένης
878 3384 981 3435 ἀπὸ
1023 3383 1114 3435 τοῦ
1170 3381 1406 3451 βήματος
1435 3382 1525 3432 ἐπὶ
1565 3381 1654 3432 τὸν
1697 3381 1923 3450 πόλεμον
1970 3381 2112 3451 ἐξῄει

487 3470 760 3532 πολλάκις.
793 3469 932 3521 Εἰδέ
965 3469 1195 3538 ῥήτορας
1225 3469 1318 3519 καὶ
1351 3467 1662 3534 φιλοσόφους
1689 3466 1859 3528 οὐδεὶς
1887 3466 2111 3536 ἐξῄρητο

487 3557 647 3625 νόμος
671 3555 761 3606 τοῦ
793 3554 1058 3622 πολεμεῖν,
1088 3552 1245 3622 σχολῇ
1274 3569 1336 3618 γε
1363 3551 1543 3619 ἕτερός
1568 3567 1650 3612 τις
1674 3550 1765 3602 τοῦ
1789 3551 1955 3622 δήμου
1981 3551 2111 3604 ταύ-

484 3658 584 3711 της
613 3640 888 3710 ἀπήλαυσε
916 3641 1012 3708 τῆς
1039 3639 1299 3700 ἀτελείας.
1329 3636 1461 3689 Ἀλλ’
1482 3637 1598 3706 οὐχὶ
1623 3636 1823 3689 τούτων
1846 3638 1990 3690 οὐδὲν
2020 3639 2110 3692 νῦν

485 3729 761 3797 γινόμενον
814 3725 910 3777 ῐδοι
947 3742 1029 3786 τις
1055 3725 1139 3778 ἀν.
1181 3724 1395 3791 Ἐπειδὴ
1433 3724 1536 3789 γὰρ
1573 3725 1601 3775 6
1641 3726 1738 3792 τῆς
1776 3723 2110 3792 δικαιοσύνης

485 3812 719 3880 ιλαμψεν
757 3811 920 3879 ἥλιος,
963 3810 1055 3862 καὶ
1090 3809 1269 3871 πόλεις
1313 3810 1404 3861 καὶ
1449 3810 1604 3878 δῆμοι
1649 3809 1738 3861 καὶ
1773 3809 1893 3878 ἔθνη
1937 3811 2110 3863 πάντα

485 3896 730 3948 τοσοῦτον
771 3895 1026 3961 ἀπέχουσι
1064 3893 1156 3945 τοῦ
1192 3894 1288 3962 ζῇν
1331 3896 1386 3946 ἐν
1429 3893 1686 3953 κινδύνοις
1725 3892 2000 3955 τοιούτοις,
2030 3896 2109 3947 ὅτι

483 3982 602 4032 οὐδὲ
626 3977 1086 4046 μεταχειρίζεσθαί
1110 3996 1160 4029 τι
1183 3979 1288 4030 τῶν
1314 3978 1615 4046 πολεμικῶν
1639 3978 1831 4040 ίσασιν,
1853 3978 1963 4048 ἀλλ’
1983 3979 2110 4030 είσω

484 4066 689 4116 πόλεων
717 4063 807 4114 καὶ
833 4063 1022 4130 τειχῶν
1048 4064 1370 4130 καθήμενοι,
1401 4063 1586 4131 πόρρω
1613 4061 1680 4114 τά
1717 4062 1823 4112 τῶν
1863 4061 2109 4130 πολέμων

487 4149 807 4220 μανθάνουσι
836 4148 1145 4216 πράγματα,
1167 4147 1258 4198 καὶ
1284 4148 1447 4214 δῆμος
1476 4148 1617 4208 ἀπας
1641 4149 1694 4197 ἐν
1721 4146 1993 4216 ἐλευθερίᾳ
2021 4147 2105 4215 ζῇ,

483 4240 575 4291 καὶ
614 4237 823 4307 ἀτελείᾳ
863 4237 956 4301 τῆς
995 4237 1317 4305 πικροτάτης
1353 4235 1551 4302 ταύτης
1579 4236 1930 4303 λειτουργίας.
1963 4239 2022 4288 El
2054 4236 2108 4288 δέ

485 4339 584 4375 που
616 4322 705 4374 καὶ
731 4321 822 4373 νῦν
853 4322 1121 4388 γίγνονται
1150 4321 1389 4388 πόλεμοι,
1420 4320 1603 4387 πόρῤω
1633 4336 1730 4370 που
1771 4322 1860 4372 καὶ
1893 4323 2020 4389 πρὸς
2043 4323 2107 4372 τά

483 4406 680 4475 ἔσχατα
703 4411 798 4476 τῆς
826 4407 1103 4476 Ῥωμαίων
1132 4407 1320 4476 ἀρχῆς,
1347 4406 1406 4456 ού
1440 4405 1575 4456 κατὰ
1610 4404 1758 4456 πόλιν
1785 4405 1875 4456 καὶ
1908 4406 2104 4474 χώραν,

481 4492 556 4552 ὼς
589 4492 902 4559 ἔμπροσθεν.
939 4493 1068 4543 Τότε
1101 4492 1194 4559 μέν
1228 4491 1352 4560 γὰρ,
1394 4489 1465 4550 ὡς
1493 4489 1656 4558 ἔφθην
1702 4488 1888 4551 εἰπὼν,
1933 4492 2023 4542 καὶ
2051 4493 2106 4541 ἐν

483 4575 561 4627 ἐνὶ
597 4574 733 4625 ἐθνει
769 4575 950 4641 μυρίαι
988 4575 1220 4642 συνεχῶς
1255 4576 1639 4635 ἐπαναστάσεις
1677 4574 1974 4640 ἐγίγνοντο,
2015 4577 2105 4628 καὶ

483 4659 886 4728 πολυπρόσωποι
918 4659 1164 4726 πόλεμοι·
1201 4660 1314 4710 νυνὶ
1352 4660 1406 4710 δὲ
1435 4660 1562 4727 ὅσην
1611 4659 1757 4726 ἥλιος
1809 4662 1974 4730 ἐφορᾷ
2007 4664 2105 4730 γῆν

480 4745 586 4799 ἀπὸ
620 4744 712 4797 τοῦ
749 4743 1004 4813 Τίγρητος
1038 4743 1127 4794 ἐπὶ
1171 4743 1267 4803 τὰς
1316 4743 1671 4811 Βρεττανικὰς
1715 4747 1924 4814 νήσους,
1972 4747 2106 4816 αὑτὴ

482 4830 645 4888 πᾶσα,
667 4825 755 4878 καὶ
783 4825 913 4894 μετά
933 4824 1128 4892 ταύτης
1153 4824 1341 4890 Λιϐύη,
1365 4825 1455 4873 καὶ
1483 4825 1769 4888 Αἴγυπτος,
1800 4828 1889 4877 καὶ
1915 4827 2108 4877 Παλαι-

480 4913 673 4966 στινῶν
717 4912 889 4976 ἐθνος,
930 4910 1122 4979 μᾶλλον
1170 4911 1223 4961 δὲ
1269 4909 1408 4960 ἅπαν
1452 4908 1512 4959 τὸ
1551 4908 1652 4958 ὑπὸ
1694 4909 1788 4976 τὴν
1831 4912 2106 4977 Ῥωμαίων

480 4998 649 5068 ἀρχὴν
692 4997 974 5066 κείμενονο
999 5011 1013 5026 ο
1055 4996 1163 5046 ίστε
1196 4996 1251 5046 δὲ
1285 4994 1358 5055 ὡς
1406 4987 1558 5044 αὗται
1607 4994 1660 5044 αἰ
1705 4994 1882 5055 πόλεις
1927 4996 2104 5056 ἀδείας

482 5084 803 5138 ἀπολαύουσι
841 5085 1053 5148 πάσης,
1098 5086 1229 5154 ἀκοῇ
1280 5084 1401 5145 τοὺς
1448 5081 1709 5149 πολέμους
1753 5083 2105 5151 μανθάνουσαι

540 5319 567 5349 ⁸
594 5315 719 5388 Reg._
744 5315 846 5388 περί
873 5316 970 5388 τὸν.
993 5317 1210 5388 ἔσχατον.
1229 5318 1544 5387 έπεκρέμασαν
1569 5316 1803 5388 λιίνδυνον.
1829 5315 2102 5388 [οςιίοιηοη

477 5375 765 5440 aperneﬁda.
797 5375 892 5440 Sed
931 5375 1080 5440 anei-Ei
1112 5380 1321 5440 Aretinerii
1344 5375 1544 5436 'potesl.
1569 5376 1716 5440 Pgulo
1755 5386 1859 5434 post
1886 5375 2030 5440 Savil.
2055 5378 2106 5422 ἐκ

478 5437 727 5498 πολεμίων,
771 5437 856 5483 sed
893 5437 1066 5484 melius
1106 5438 1157 5482 ἐκ
1201 5439 1434 5496 πολέμων,
1507 5442 1560 5485 ut
1604 5438 1709 5494 ipse
1736 5437 1938 5482 nolulin
1985 5450 2107 5482 mar-

476 5500 611 5558 sine.

537 5556 564 5595 δ
587 5559 747 5605 Ὅπλα
768 5556 964 5603 τίθεσθαι
987 5556 1175 5603 videtur
1217 5555 1507 5617 signiﬁcare,
1549 5568 1687 5604 arma
1707 5569 1877 5615 ponere
1902 5567 1918 5613 ;
1939 5560 1990 5617 rat
2030 5554 2107 5601 hic

476 5621 572 5682 εει,
598 5629 731 5682 arma
751 5629 951 5682 qumere,
979 5627 1087 5682 ¹«δεξιᾶ
1109 5615 1551 5682 ανηιίδϊῃειηιενρ,
1585 5622 1636 5661 ut
1664 5628 1722 5682 εκ
1766 5619 1893 5662 serie
1936 5616 2102 5674 liquet.

492 5673 685 5735 Ἐεωμίς
708 5677 824 5724 intra
847 5683 920 5722 est
942 5674 1094 5722 abolla
1119 5687 1204 5720 seu
1236 5675 1433 5734 pallium
1455 5673 1853 5735 philosophorwn.

546 5736 567 5764 ε
597 5734 708 5781 Ροθει
729 5737 932 5793 κείμενον
953 5737 1090 5781 deest
1115 5735 1311 5792 aliquid,
1342 5742 1389 5781 ut
1415 5734 1461 5780 έν
1492 5735 1645 5793 εἶρὴνῃ
1686 5735 1846 5793 διάγει,
1881 5734 1953 5782 \‘Cl
1991 5736 2104 5792 quia

481 5794 657 5854 Simile,
681 5799 805 5856 quod
829 5810 911 5844 uos
934 5808 1256 5850 exprmsuuus
1283 5794 1666 5854 lulcrprcluudo.

2246 459 2420 525 μόνον.
2458 462 2710 512 Ἠδύνατο
2762 461 2855 528 μὲν
2889 461 2995 528 γὰρ
3041 459 3135 512 καὶ
3166 461 3231 513 τά
3278 462 3503 530 λείψανα
3551 467 3786 522 καθελεῖν
3823 473 3852 524 6

2240 544 2485 611 Χριστὸς,
2530 546 2639 596 ἀλλ’
2669 545 2842 611 ἀφῆκε
2891 546 3257 615 σωφρονισμοῦ
3291 565 3428 610 τινος
3459 550 3704 603 ὑπόθεσιν
3743 558 3852 615 τοῖς

2239 630 2550 697 ῥᾳθυμοῦσι,
2573 631 2664 682 καὶ
2693 632 2792 681 ὑπὸ
2815 631 2910 697 τῆς
2933 632 3149 700 εἰρήνης
3181 636 3508 700 χαυνοτέροις
3535 639 3847 704 γινομένοις,

2235 715 2340 763 τῶν
2367 715 2645 783 βαρϐάρων
2677 710 2810 766 εἶναι
2841 715 2934 775 τάς
2968 715 3277 784 ἐπιδρομάς.
3308 719 3410 768 Καὶ
3440 719 3467 768 6
3495 724 3763 789 προφήτης
3793 724 3849 775 δέ

2234 799 2343 858 τοῖς
2384 799 2690 866 δυναμένοις
2731 798 2964 868 ἀκριϐῶς
3018 800 3240 850 συνιδεῖν
3273 803 3399 852 αὐτὸ
3430 803 3578 855 τοῦτο
3617 808 3845 874 ᾐνίξατο,

2237 882 2370 950 ὅπερ
2390 882 2555 950 ἔφθην
2601 883 2783 946 εἰπὼν,
2815 884 2871 934 τὸ
2929 884 3117 950 μηκέτι
3146 884 3242 944 τάς
3279 885 3340 935 δι’
3371 887 3542 952 ὀλίγου
3577 891 3846 954 γίγνεσθαι

2236 967 2635 1028 ἐπαναστάσεις.
2668 968 2740 1018 Οὐ
2769 966 2873 1035 γὰρ
2909 962 3076 1026 εἶπεν.
3097 970 3210 1021 Οὐκ
3232 968 3376 1020 ἔσται
3403 972 3626 1039 πόλεμος
3650 992 3813 1026 παντε
3830 1005 3846 1018 .

2233 1050 2358 1112 λῶς,
2390 1051 2520 1103 ἀλλά
2537 1053 2588 1102 τί
2608 1069 2621 1115 ;
2653 1055 2733 1104 Οὐ
2751 1052 2834 1119 μὴ
2856 1052 2966 1118 ἄρῃ
2987 1053 3156 1116 ἔθνος
3179 1053 3266 1104 ἐπ’
3297 1054 3465 1119 ἔθνος
3487 1057 3777 1124 μάχαιραν
3790 1061 3842 1099 d-

2231 1137 2323 1188 καὶ
2352 1136 2446 1205 τὴν
2479 1138 2583 1189 τῶν
2608 1138 2787 1206 δήμων
2822 1137 3121 1207 ἐλευθερίαν
3152 1140 3516 1206 προστέθεικεν
3546 1145 3726 1205 εἰπὼν,
3761 1149 3844 1199 Οὐ

2226 1220 2308 1287 μὴ
2332 1222 2598 1288 μάθωσιν
2623 1222 2706 1273 ἐτι
2736 1223 3044 1288 πολεμεῖν,
3080 1224 3212 1289 πλὴν
3241 1225 3426 1290 ὀλίγων
3462 1226 3565 1276 τῶν
3591 1230 3666 1289 εἰς
3693 1229 3844 1280 τοῦτο

2227 1309 2563 1374 τεταγμένων
2609 1309 2964 1375 στρατιωτῶν.
3003 1309 3112 1360 Καὶ
3160 1310 3273 1361 νῦν
3321 1311 3435 1371 σὺ,
3472 1313 3504 1362 ό
3534 1309 3691 1376 οἶκος
3740 1314 3844 1367 τοῦ

2239 1391 2470 1453 Ἰακὼϐ,
2511 1392 2707 1456 δεῦτε,
2755 1393 2848 1444 καὶ
2898 1394 3345 1459 πορευθῶμενέν
3363 1392 3442 1459 τῷ
3454 1398 3840 1470 φωτίΚυρίοιν.

2240 1475 2448 1539 Ἀνῆκε
2479 1476 2584 1542 γὰρ
2614 1477 2716 1528 τὸν
2741 1477 2890 1529 λαὸν
2924 1479 3104 1530 αὐτοῦ
3126 1517 3140 1540 ,
3169 1480 3272 1531 τὸν
3302 1477 3463 1532 οἷκον
3492 1483 3594 1534 τοῦ
3622 1484 3840 1540 Ἰακώϐ.

2240 1560 2560 1626 ’Λπαρτίσας
2585 1561 2679 1628 τὴν
2710 1563 2832 1630 περὶ
2853 1563 2947 1630 τῆς
2977 1564 3293 1632 Ἐκκλησίας
3318 1567 3660 1634 προφητείαν,
3683 1569 3842 1620 πάλιν

2226 1646 2314 1696 ἐπὶ
2350 1646 2445 1712 τὴν
2475 1646 2707 1712 ἱστορίαν
2735 1647 3060 1713 μεταϐαίνει,
3091 1649 3164 1711 ὡς
3182 1650 3242 1717 δὴ
3272 1650 3374 1701 τῶν
3402 1651 3511 1720 [ἓϐ]
3545 1652 3842 1703 ἀκολούθοιν

2226 1731 2475 1798 ἐχόμενος
2516 1731 2787 1798 ῥημάτων.
2835 1733 3083 1786 Τοιοῦτον
3115 1737 3221 1804 γάρ
3257 1735 3370 1797 ἐθος
3410 1737 3618 1798 αὐτοῖς,
3671 1739 3741 1805 μὴ
3772 1741 3837 1806 τῇ

2226 1815 2329 1866 τῶν
2347 1816 2641 1883 εἰρημένων
2671 1817 2930 1887 ἀσφαλείᾳ
2954 1830 2977 1856 ο
3002 1821 3176 1887 μόνον,
3211 1821 3340 1872 ἀλλά
3373 1823 3464 1873 καὶ
3494 1821 3570 1890 τῷ
3607 1825 3840 1890 σχήματι

2223 1900 2320 1967 τῆς
2350 1899 2658 1960 ἀκολουθίας
2682 1903 2985 1963 συσκιάζειν
3017 1902 3112 1971 τὴν
3135 1905 3480 1972 προφητείαν.
3511 1906 3702 1974 Διόπερ
3723 1907 3843 1959 οὐδὲ

2225 1984 2618 2052 ἀπηρτισμένον
2649 1988 2788 2036 ποιεῖ
2811 1986 2895 2036 τὸν
2924 1986 3095 2051 λόγον,
3135 1987 3264 2038 ἀλλά
3292 1988 3364 2049 ὼς
3391 1989 3515 2055 μίαν
3533 1991 3647 2042 τινὰ
3671 1990 3843 2042 ἕλκων

2225 2066 2425 2135 σειρὰν,
2467 2066 2608 2119 οὕτω
2638 2068 2764 2136 πρὸς
2810 2069 2904 2138 τὴν
2941 2069 3047 2121 τῶν
3087 2070 3344 2121 Ἰουδαίων
3379 2071 3646 2123 νουθεσίαν
3678 2089 3842 2140 μετα⁴

2223 2151 2389 2202 ϐαίνει
2406 2151 2582 2213 πάλιν,
2597 2152 2685 2203 καί
2707 2169 2833 2220 φησι
2850 2170 2860 2182 ’
2882 2153 2987 2207 Καὶ
3010 2154 3124 2206 νῦν
3147 2155 3246 2214 σὺ,
3265 2159 3295 2207 ό
3315 2157 3473 2220 οἰκος
3487 2157 3589 2208 τοῦ
3620 2157 3840 2220 Ἰακὼϐ,

2219 2234 2407 2294 δεῦτε,
2436 2236 2531 2287 καὶ
2563 2238 2930 2304 πορευθῶμεν
2952 2240 3020 2291 ἐν
3047 2238 3125 2302 τῷ
3155 2241 3294 2306 φωτί
3318 2242 3557 2306 Κυρίου’
3581 2242 3840 2302 τουτέστι,

2218 2321 2333 2379 ταῖς
2375 2321 2607 2381 ἐντολαῖς
2647 2322 2826 2384 αὐτοῦ,
2863 2322 2937 2389 τῷ
2968 2326 3112 2391 νόμῳ
3140 2325 3330 2376 αὑτοῦ·
3357 2326 3583 2391 Λύχνος
3614 2327 3716 2395 γὰρ
3741 2327 3843 2377 ἐγ-

2218 2403 2362 2469 τολὴ
2394 2405 2595 2470 νόμου,
2624 2406 2715 2456 καὶ
2744 2405 2865 2471 φῶς
2900 2406 2996 2459 καί
3019 2406 3147 2473 ζωὴ,
3179 2409 3275 2459 καί
3298 2409 3538 2475 ἔλεγχος
3581 2411 3672 2461 καὶ
3707 2427 3843 2463 παι-

2219 2489 2371 2540 δεία·
2409 2491 2538 2540 καὶὸ
2571 2489 2729 2542 Δαυῒδ
2764 2491 2920 2542 πάλιν
2953 2493 3139 2558 φησίν⁸
3178 2493 3237 2546 Ἠ
3263 2494 3474 2559 ἐντολὴ
3501 2495 3710 2558 Κυρίου
3741 2511 3843 2560 τη-

2220 2572 2465 2642 λαυγὴς,
2506 2574 2830 2641 φωτίζουσα
2874 2577 3241 2642 ὀφθαλμούςο
3282 2578 3391 2639 καὶ,
3439 2580 3668 2644 Λύχνος
3717 2578 3842 2642 τοῖς

2217 2659 2362 2711 ποσί
2394 2675 2509 2726 μου
2553 2661 2586 2714 ό
2631 2661 2808 2726 νόμος
2843 2674 2978 2724 σου,
3017 2660 3113 2713 καί
3148 2660 3269 2727 φῶς
3299 2660 3424 2724 ταῖς
3451 2663 3663 2728 τρέὸοις
3696 2680 3836 2728 μου.

2215 2744 2320 2796 Καὶ
2343 2744 2610 2810 πανταχοῦ
2636 2744 2773 2795 οὕτω
2794 2745 2881 2795 τὸν
2909 2745 3066 2812 νόμον
3091 2745 3410 2813 καλούμενον
3431 2746 3627 2798 κατίδοι
3649 2763 3725 2805 τις
3747 2747 3836 2798 ἀν.

2214 2827 2366 2880 Οῦτω
2393 2829 2485 2878 καὶ
2512 2829 2713 2888 Παῦλός
2741 2845 2869 2895 φησι
2891 2846 2904 2858 ο
2938 2829 3226 2892 Πέποιθάς
3247 2844 3307 2880 τε
3341 2830 3593 2881 σεαυτὸν
3620 2828 3841 2895 ὁδηγὸν

2212 2908 2360 2964 εἶναι
2392 2911 2649 2978 τυφλῶν,
2689 2912 2809 2978 φῶς
2834 2912 2949 2964 τῶν
2974 2913 3042 2964 ἐν
3065 2915 3281 2973 σκότει,
3315 2913 3634 2978 παιδευτὴν
3665 2915 3840 2979 ἀφρό-

2212 3015 2348 3050 νων.
2375 3001 2445 3049 Οὐ
2479 2999 2582 3065 γὰρ
2613 2996 2782 3059 οῦτως
2815 3001 2867 3049 αἰ
2897 2997 2988 3049 τοῦ
3014 2998 3158 3066 ήλίου
3188 3000 3395 3060 ἀκτῖνες
3421 2997 3840 3066 χειραγωγοῦσιν

2213 3084 2365 3152 ήμῶν
2395 3083 2486 3135 τοῦ
2520 3083 2763 3151 σώματος
2805 3084 2926 3144 τοὺς
2958 3081 3289 3149 ὀφθαλμοὺς,
3337 3083 3408 3143 ὡς
3440 3083 3494 3134 αἰ
3539 3082 3630 3134 τοῦ
3669 3084 3838 3151 νόμου

2211 3171 2416 3224 ἐντολαὶ
2445 3171 2835 3238 καταυγάζουσι
2868 3170 2929 3222 τά
2962 3171 3057 3238 τῆς
3088 3169 3259 3238 ψυχῆς
3288 3171 3521 3237 ὄμματα.

2281 3323 2352 3388 ς’.
2390 3326 2607 3387 Δεικνὺς
2633 3325 2806 3376 τοίνυν
2831 3325 2858 3375 6
2892 3324 3186 3394 προφήτης,
3227 3324 3305 3373 ὅτι
3337 3323 3427 3373 καὶ
3454 3321 3554 3391 πρὸ
3583 3322 3678 3388 τῆς
3697 3322 3838 3373 ἀντιρ

2208 3408 2419 3472 δόσεως,
2459 3409 2548 3459 καὶ
2579 3409 2683 3476 πρὸ
2713 3410 2809 3476 τῆς
2841 3408 3084 3476 ἀμοιϐῆς,
3125 3409 3181 3458 ἐν
3209 3405 3351 3472 αύτῷ
3383 3405 3457 3472 τῷ
3502 3404 3839 3472 πληροῦσθαι

2207 3494 2302 3562 τὴν
2352 3493 2580 3561 ἀμοιϐὴν
2626 3492 2946 3560 παρέχουσιν
2977 3493 3108 3558 ἡμῖν
3148 3490 3203 3542 al
3248 3488 3470 3549 ἐντολαὶ,
3513 3488 3625 3555 φῶς
3667 3488 3839 3552 αὑτὰς

2208 3577 2476 3629 ἐκάλεσεν.
2503 3577 2708 3644 Ὥσπερ
2743 3576 2845 3644 γὰρ
2866 3573 3132 3641 ὀφθαλμὸς
3155 3575 3210 3623 ἐν
3239 3572 3382 3639 αὑτῷ
3410 3571 3484 3640 τῷ
3513 3571 3836 3638 φωτίζεσθαι

2209 3662 2489 3732 κερδαίνει,
2520 3661 2658 3713 οὕτω
2698 3663 2788 3714 καὶ
2823 3660 2963 3728 ψυχὴ
3015 3662 3071 3711 ἐν
3113 3658 3259 3727 αὑτῷ
3309 3657 3383 3726 τῷ
3431 3656 3704 3708 πείθεσθαι
3751 3656 3834 3725 τῷ

2208 3749 2351 3816 νόμῳ
2384 3747 2448 3798 τά
2483 3746 2708 3814 μέγιστα
2759 3744 3078 3814 καρποῦται,
3111 3741 3554 3810 ἐκκαθαιρομένη.
3596 3741 3688 3793 καὶ
3729 3758 3836 3793 κα-

2209 3835 2329 3895 κίας
2377 3832 2832 3899 ἀπαλλαττομένη,
2883 3831 2975 3883 καὶ
3022 3831 3154 3898 πρὸς
3204 3829 3370 3896 αὐτὴν
3433 3827 3673 3879 ἀναϐᾶσα
3734 3828 3839 3895 τὴν

2209 3920 2402 3987 ἀρετήν
2428 3934 2440 3946 ο
2491 3918 2672 3984 ῶσπερ
2708 3913 2797 3967 οὖν
2849 3915 3151 3968 τούναντίον
3185 3915 3233 3965 οἰ
3282 3913 3698 3981 παραϐαίνοντες
3735 3913 3838 3964 καὶ

2207 4005 2310 4072 πρὸ
2359 4004 2451 4070 τῆς
2480 4002 2744 4061 κολάσεως
2776 4002 2831 4051 ἐν
2867 3998 3012 4068 αὐτῷ
3040 3998 3119 4067 τῷ
3151 3997 3501 4066 παραϐαίνειν
3552 3996 3705 4063 δίκην
3748 3995 3836 4047 δι-

2206 4089 2372 4149 δόασι,
2402 4087 2507 4137 τῶν
2551 4088 2604 4136 ἐν
2645 4085 2819 4136 σκότει
2851 4083 3164 4152 καθημένων
3203 4080 3518 4148 ἀθλιώτερον
3553 4080 3837 4146 διακείμε-

2208 4190 2306 4234 νοι,
2329 4174 2488 4240 φόϐου
2519 4172 2608 4223 καὶ
2629 4172 2824 4239 τρόμου
2857 4170 2948 4222 καί
2975 4168 3207 4236 πονηροῦ
3230 4167 3486 4234 γέμοντες
3514 4165 3835 4225 συνειδότος,

2207 4260 2300 4311 καὶ
2334 4259 2388 4308 ἐν
2413 4256 2718 4325 μεσημϐρίᾳ
2748 4255 2884 4324 μέσῃ
2916 4254 3206 4313 δεδοικότες
3239 4251 3328 4303 καὶ
3350 4251 3634 4319 τρέμοντες
3662 4250 3840 4301 ἀπαν-

2206 4359 2321 4402 τας,
2345 4343 2464 4400 τοὺς
2498 4340 2811 4398 συνειδότας,
2828 4338 2950 4398 τοὺς
2969 4337 3118 4388 οὐδὲν
3140 4335 3455 4395 συνειδότας.
3490 4334 3693 4400 Ἀνῆκε
3725 4335 3839 4400 γὰρ

2206 4426 2310 4477 τὸν
2359 4425 2508 4476 λαὸν
2556 4423 2758 4482 αὑτοῦ,
2801 4421 2902 4472 τὸν
2937 4417 3100 4472 οἷκον
3127 4419 3230 4470 τοῦ
3282 4418 3504 4470 Ἰακώό³’
3537 4419 3838 4480 τουτέστιν,

2206 4510 2401 4569 εἴασεν,
2437 4507 2628 4572 ἀφῆκε,
2661 4505 2899 4573 παρεῖδε,
2930 4504 3026 4571 τῆς
3047 4502 3207 4554 αὑτοῦ
3231 4503 3475 4569 προνοίας
3498 4501 3837 4569 ἐγύμνωσεν.

2207 4590 2334 4644 Εἶτα
2361 4592 2612 4658 φοϐήσας,
2645 4590 2797 4658 λέγει
2839 4587 3063 4658 καὶῗητὴν
3095 4586 3288 4658 αἰτίαν,
3316 4585 3449 4658 ὥστε
3480 4586 3668 4658 αῦτοίρς
3697 4586 3840 4658 6:09-

2208 4650 2381 4712 θῶσαι
2423 4650 2492 4710 τὲί
2538 4650 2888 4724 γεγενημένα.
2929 4650 3032 4714 Τίς
3067 4650 3157 4705 οὖν
3206 4656 3349 4703 ἐστιν
3391 4654 3422 4720 ἠ
3477 4654 3651 4718 αἰτία;
3702 4650 3841 4706 ’ωτι

2204 4743 2539 4807 ἐνεπλήσθη
2566 4745 2600 4809 ὴ
2636 4741 2787 4807 χώρα
2827 4738 3019 4792 αὐτῶν
3049 4736 3481 4803 κλῃδοινισμῶν,
3528 4739 3606 4801 ὠς
3639 4737 3676 4802 ἠ
3719 4739 3844 4789 uir

2205 4831 2580 4895 ἀλλοφύλων.
2609 4826 2945 4893 Ἐμπροσθεν
2969 4824 3062 4891 μὲν
3094 4824 3199 4890 γὰρ
3223 4823 3519 4888 καπηλείαν
3541 4823 3718 4882 αὐτοῖς
3741 4828 3846 4873 καὶ

2207 4914 2560 4982 φιλαργυρίαν
2590 4913 2679 4962 καὶ
2712 4911 2815 4960 τῶν
2857 4911 3035 4977 χηρῶν
3084 4909 3376 4975 ὑπεροψίαν
3415 4909 3651 4958 ἐνεκάλει
3677 4924 3691 4937 ⁸
3743 4911 3840 4959 ἐν-

2207 4997 2374 5049 ταῦθα
2396 4997 2448 5046 δὲ
2478 4998 2566 5046 καὶ
2613 4997 2849 5060 δόγματα
2888 4991 3113 5059 πονηρὰ,
3163 4993 3251 5041 καὶ
3291 4991 3537 5051 ἀσεϐείας
3589 4991 3842 5057 λείψανα,

2205 5082 2342 5134 κατά
2389 5080 2575 5147 μικρὸν
2614 5079 2800 5137 αὐτοὺς
2836 5077 3164 5142 ὑποσύροντα
3198 5075 3326 5142 πρὸς
3368 5075 3462 5140 τὴν
3505 5074 3610 5124 τῶν
3643 5075 3846 5144 δαιμό-

2204 5182 2307 5216 νων
2353 5165 2571 5229 πλάνην.
2600 5157 2726 5212 Εἶτα
2756 5160 3167 5228 καθικνούμενος
3194 5157 3389 5217 αὐτῶν,
3435 5158 3531 5207 οὐκ
3571 5154 3719 5209 εἶπεν
3752 5161 3846 5214 ὅτι

2207 5247 2593 5319 κλῃδονίζονται
2643 5245 2838 5306 ἁπλῶς,
2895 5245 3003 5295 ἀλλ’
3051 5246 3128 5295 ὅτι
3190 5239 3559 5305 Ἐνεπλήσθη
3602 5244 3639 5307 ἡ
3676 5245 3848 5309 χώρα,

2205 5335 2415 5387 αὐτῶν.
2465 5333 2615 5384 Μετά
2643 5331 2833 5397 πολλῆς
2860 5329 3156 5399 ὑπερϐολῆς
3189 5327 3218 5393 ἡ
3260 5325 3419 5375 κακία
3449 5326 3630 5377 αὐτῶν
3676 5329 3848 5381 πάλιν

2207 5422 2414 5491 ηὔξετο,
2447 5417 2624 5484 φησίν.
2653 5416 2856 5482 Ὥσπερ
2881 5414 3129 5481 ἀνωτέρω
3154 5410 3323 5476 ἔλεγε,
3344 5410 3502 5472 Λαὸς,
3528 5411 3624 5480 οὐχ
3652 5413 3848 5480 ἁπλῶς

2268 5672 2292 5708 εὶ
2325 5671 2441 5728 Reg.
2479 5675 2528 5713 et
2568 5667 2710 5728 Savjl.
2738 5665 2839 5728 691;;
2879 5664 3000 5728 ἐθνος
3037 5663 3105 5708 ἐπ’
3131 5662 3250 5716 ἔθνος
3289 5661 3538 5723 μάχαιραν,
3583 5671 3732 5711 reme.
3797 5665 3854 5712 In

2210 5735 2372 5779 Mnrvl.
2399 5725 2621 5775 rl'itlilinnn
2645 5726 2712 5769 ἐπ’
2736 5726 2853 5776 ἔθνος
2876 5725 3056 5768 dccml.

2269 5798 2283 5812 “
2307 5788 2509 5837 ΛιΙεῐιυδ
2534 5787 2786 5842 legendum
2811 5791 2944 5842 putat
2967 5780 3181 5839 ἁσαφεῗφ,
