4058 6216
243 366 321 419 33
1508 341 1570 399 IN
1597 336 1814 397 ISAIAM

1915 338 2029 399 ἷΑΡο
2068 341 2131 399 11.
3384 359 3453 413 34

230 466 365 524 illud
393 470 513 523 est?
565 468 671 523 Pax
718 476 771 522 et
814 465 1069 521 bellorum
1098 463 1388 534 abrogatio.
1416 460 1637 529 Quando
1682 457 1795 511 lucc

229 560 577 627 contingent,
610 557 812 625 inquit,
854 565 995 609 tanta
1042 556 1225 609 orbem
1273 553 1497 620 excipiet
1540 549 1795 617 tranquil-

234 649 379 711 litas,
429 658 483 702 ut
526 651 686 701 etiam
722 647 907 700 bellica
949 659 1093 699 arma
1138 645 1191 697 in
1232 641 1561 711 agricultura)
1605 639 1799 691 instru-

235 747 417 791 menta
442 737 735 791 cudautur:
763 735 900 803 quod
932 736 981 788 in
1020 733 1322 789 Judamrum
1365 728 1686 797 temporibus
1707 740 1797 780 ac-

234 829 431 881 cidisse
459 842 563 880 non
592 826 885 894 comperies
914 844 926 878 :
961 825 1067 877 imo
1091 838 1174 876 res
1202 822 1252 874 in
1291 820 1611 873 contrarium
1650 815 1796 869 abiit.

236 916 354 970 Non
380 923 653 970 cessarunt
673 914 811 968 enim
841 929 930 981 per
953 922 1117 967 totum
1140 909 1437 977 reipublicae
1456 922 1565 962 suae
1594 914 1799 971 tempus

238 1008 377 1060 bella
428 1008 617 1059 inferre
668 1014 723 1058 et
766 1005 917 1059 bellis
968 1001 1170 1070 impoti,
1202 999 1440 1053 hostibus
1488 998 1603 1051 illos
1642 995 1799 1049 modo

238 1097 457 1158 diutius,
486 1096 640 1150 modo
677 1096 949 1149 remissius
994 1090 1377 1145 invadentibus.
1421 1088 1629 1143 Etenim
1658 1086 1744 1153 qui
1769 1098 1800 1137 e

240 1188 417 1240 vicino
449 1187 768 1250 habitabant,
791 1187 893 1238 imo
922 1185 1077 1237 etiam
1104 1181 1189 1250 qui
1215 1181 1268 1234 in
1300 1180 1597 1243 Palaestina,
1623 1176 1799 1247 gravia

238 1277 371 1343 ipsis
420 1292 559 1345 saepe
604 1276 808 1345 negotia
855 1272 1202 1338 lacessebant,
1242 1272 1311 1326 ita
1360 1279 1417 1324 ut
1459 1269 1525 1323 de
1554 1265 1801 1322 extremis

241 1367 681 1436 periclitarentur.

312 1457 365 1510 5.
408 1457 472 1508 Et
500 1455 614 1507 hrec
643 1452 915 1522 perspicue
942 1450 1175 1505 declarat
1208 1449 1506 1517 Regnorum
1533 1444 1748 1498 historia
1780 1481 1796 1509 ,

243 1554 352 1598 tuta
379 1544 531 1598 bellis
556 1552 837 1597 contexta:
861 1540 1145 1595 ostendunt
1164 1540 1286 1592 item
1310 1535 1575 1605 propheta:
1596 1547 1797 1597 omnes,

241 1635 334 1702 qui
363 1635 472 1686 haec
493 1643 636 1702 gesta
672 1632 981 1696 narrabant,
1028 1638 1083 1684 et
1128 1636 1405 1696 antequam
1452 1624 1636 1679 flerent
1665 1638 1801 1691 pra:-

242 1726 555 1780 nuntiabant
586 1743 598 1777 :
630 1735 684 1779 et
707 1740 772 1778 ex
802 1724 918 1787 illa,
970 1731 1022 1775 ut
1055 1722 1126 1775 ita
1151 1720 1320 1773 dicam
1344 1760 1360 1782 ,
1401 1718 1487 1773 die
1510 1732 1609 1786 qua
1635 1716 1802 1784 erepti

242 1826 451 1869 suntex
478 1816 690 1885 Egypti
720 1812 1014 1883 tyrannide,
1032 1820 1194 1865 totam
1212 1810 1371 1863 vitam
1391 1809 1442 1863 in
1464 1808 1613 1863 bellis
1633 1816 1803 1861 trans-

239 1914 483 1973 egerunt.

319 1995 527 2064 Imperii
543 2005 698 2049 status
718 2011 830 2048 cum
857 1994 1233 2063 Chrysostomus
1254 1994 1549 2062 loqueretur.
1576 1990 1654 2043 De
1677 1988 1802 2043 bello

241 2088 385 2157 apud
423 2086 635 2155 populos
680 2087 1003 2155 antiquiores.
1031 2116 1101 2125 —
1124 2085 1313 2138 Verum
1352 2098 1488 2137 nunc
1517 2097 1619 2136 non
1649 2082 1718 2134 ita
1745 2095 1803 2135 se

244 2194 335 2231 res
382 2178 581 2231 habet:
615 2178 707 2230 sed
751 2191 937 2244 magna
979 2191 1075 2243 pax
1117 2191 1208 2242 per
1251 2174 1451 2227 orbem.
1482 2173 1547 2225 Et
1588 2172 1629 2224 si
1669 2171 1803 2224 bella

242 2267 487 2334 quaedam
517 2268 757 2320 oriuntur
779 2306 794 2331 ,
826 2281 930 2318 non
956 2265 1173 2334 perinde
1203 2273 1257 2317 ut
1291 2265 1453 2331 prius.
1495 2262 1640 2315 Tunc
1664 2262 1804 2314 enim

242 2359 487 2411 civitates
519 2365 699 2409 contra
726 2357 963 2409 civitates
988 2395 1003 2418 ,
1047 2354 1287 2422 regiones
1310 2363 1489 2407 contra
1529 2352 1799 2421 regiones,

244 2449 424 2517 populi
451 2456 634 2500 contra
658 2446 879 2513 populos
899 2445 1246 2513 conﬂigebant
1275 2461 1288 2496 :
1317 2459 1443 2512 gens
1471 2459 1572 2496 una
1592 2444 1642 2496 in
1669 2442 1804 2495 mul-

244 2548 329 2591 tas
356 2546 533 2604 partes
556 2536 911 2589 scindebatur.
936 2538 1011 2587 Ac
1033 2536 1075 2588 si
1098 2535 1216 2603 quis
1246 2535 1433 2587 librum
1455 2534 1612 2588 Josue
1637 2544 1687 2588 et
1711 2534 1803 2587 Ju—

242 2627 421 2680 dicum
447 2626 650 2693 legerit,
683 2626 813 2677 sciet
839 2634 965 2691 quot
994 2625 1124 2677 bella
1165 2624 1438 2677 Palzestina
1483 2623 1625 2676 brevi
1671 2632 1806 2676 tem—

244 2730 377 2783 pore
404 2716 716 2781 susceperit.
742 2712 921 2780 Neque
945 2713 994 2765 id
1021 2714 1187 2764 solum
1216 2713 1529 2765 incommodi
1553 2722 1685 2775 erat,
1716 2713 1806 2765 sed

242 2804 387 2873 quod
413 2804 493 2855 lex
525 2816 707 2854 omnes
733 2815 878 2852 arma
905 2815 1112 2852 sumere
1136 2800 1343 2866 juberet
1365 2839 1379 2861 ,
1421 2814 1679 2866 nemoque
1710 2800 1809 2852 im-

246 2892 425 2945 munis
452 2899 592 2944 esset
620 2904 649 2940 a
678 2888 766 2940 tali
788 2887 979 2941 oflicio.
1008 2886 1186 2956 Neque
1214 2898 1410 2941 tantum
1438 2888 1574 2955 apud
1602 2887 1810 2941 Judmos

247 2983 365 3035 lucc
392 2982 475 3035 lex
504 2979 815 3041 invaluerat,
846 2978 938 3032 sed
965 2990 1017 3031 et
1040 2979 1229 3047 ubique
1261 2988 1514 3033 terrarum
1539 2996 1551 3030 :
1578 2980 1812 3047 quando-

245 3070 462 3138 quidem
499 3080 553 3124 et
596 3070 834 3122 rhetores
877 3077 929 3121 et
968 3067 1297 3136 philosophi,
1342 3070 1427 3137 qui
1468 3070 1595 3121 nihil
1622 3079 1813 3136 praeter

246 3161 479 3213 abollam
509 3160 796 3224 habebant,
836 3159 900 3211 ad
930 3160 1117 3213 bellum
1148 3160 1408 3223 accersiti,
1436 3161 1675 3227 clvpeum
1704 3170 1811 3212 tra-

248 3253 465 3304 ctabant
484 3292 496 3313 ,
524 3261 577 3304 et
604 3251 653 3303 in
684 3252 795 3303 acie
821 3250 1047 3302 stabant.
1078 3250 1207 3303 Nam
1248 3250 1497 3303 Socrates
1523 3250 1813 3317 Sophroni-

249 3340 329 3393 sci
361 3341 517 3401 filius,
549 3340 637 3407 qui
664 3339 731 3391 ob
747 3339 867 3390 vita:
896 3338 1323 3406 tranquillitatem
1349 3346 1402 3391 et
1431 3338 1812 3405 philosophiam

249 3431 393 3498 apud
438 3431 789 3483 Athenienses
827 3429 1052 3482 maxime
1097 3428 1351 3490 ﬂorebat,
1382 3411 1545 3481 semel
1575 3439 1625 3483 et
1657 3429 1735 3481 bis
1762 3430 1814 3482 iu

250 3522 369 3575 acie
403 3522 546 3574 stetit
575 3520 696 3588 (α).
745 3518 811 3571 Et
841 3518 1109 3572 rhetorum
1138 3517 1273 3587 apud
1300 3517 1416 3570 illos
1445 3517 1685 3585 princeps
1716 3520 1815 3571 De-

252 3611 563 3665 mosthenes
585 3627 649 3664 ex
677 3618 923 3678 suggestu
952 3610 1017 3661 ad
1047 3608 1241 3662 bellum
1266 3622 1405 3675 saepe
1431 3608 1637 3675 prodiit.
1668 3609 1817 3676 Quod

250 3702 301 3754 si
334 3702 576 3754 rhetores
598 3710 647 3752 et
674 3700 1015 3767 philosomios
1043 3699 1182 3751 nulla
1208 3699 1289 3751 lcx
1317 3697 1577 3752 eximebat
1602 3714 1631 3752 a
1656 3701 1816 3765 bello,

252 3792 339 3845 vix
370 3792 487 3860 quis
519 3792 650 3843 alius
679 3805 709 3844 c
740 3790 928 3858 populo
954 3789 1042 3841 tali
1070 3788 1393 3841 immunitate
1434 3788 1710 3857 gaudebat.
1753 3792 1821 3841 At

256 3883 391 3936 nihil
441 3881 628 3932 horum
654 3881 762 3947 jam
790 3878 1096 3945 conspicere
1135 3886 1233 3931 est.
1274 3878 1532 3943 Quoniam
1571 3879 1711 3932 enim
1740 3878 1818 3931 sol

250 3973 469 4041 iustitia:
497 3971 720 4034 refulsit,
751 3984 812 4023 ac
838 3970 1094 4033 civitates,
1132 3969 1303 4036 populi
1332 3978 1383 4023 et
1407 3978 1591 4038 gentes
1616 3984 1819 4033 omnes,

257 4074 463 4117 tantum
506 4062 656 4114 abest
698 4069 752 4112 ut
778 4060 828 4112 in
859 4058 1048 4111 talibus
1073 4058 1315 4126 periculis
1343 4058 1539 4119 vivant,
1568 4068 1623 4111 ut
1653 4074 1823 4126 neque

259 4155 447 4208 bellica
470 4166 616 4204 arma
649 4159 873 4203 tractare
894 4148 1081 4209 sciant,
1105 4147 1196 4200 sed
1214 4148 1347 4200 intra
1378 4148 1535 4201 urbes
1561 4156 1613 4201 et
1643 4163 1823 4201 muros

257 4246 532 4306 sedentes,
564 4242 698 4294 bella
722 4240 903 4308 procul
930 4250 1077 4307 gesta
1102 4239 1316 4291 audiant
1342 4240 1541 4291 narrari
1572 4238 1821 4305 (Malacli.

260 4338 315 4389 4.
343 4336 402 4401 2)
428 4350 441 4395 ;
473 4341 714 4399 totusque
736 4330 960 4397 populus
986 4328 1038 4381 in
1070 4330 1311 4381 libertate
1336 4330 1491 4392 vivat,
1524 4338 1575 4383 et
1602 4329 1652 4381 in
1679 4345 1827 4383 acer-

260 4426 316 4479 bi
351 4425 508 4491 hujus
537 4420 810 4474 ministerii
843 4418 1185 4471 immunitate.
1219 4418 1370 4483 Quod
1395 4419 1437 4470 si
1468 4419 1659 4471 aliCubi
1691 4434 1826 4471 nunc

262 4514 405 4568 bella
431 4519 709 4579 gerantur,
740 4523 800 4561 ea
829 4506 1009 4576 procul
1034 4515 1155 4558 sunt
1181 4514 1235 4559 et
1264 4506 1312 4557 in
1335 4508 1588 4559 extremis
1624 4507 1827 4574 imperii

260 4603 492 4658 Romani
521 4599 791 4662 limitibus,
818 4613 920 4651 non
942 4612 1034 4665 per
1059 4597 1289 4667 singulas
1310 4598 1465 4650 urbes
1486 4605 1539 4651 et
1566 4599 1825 4667 regiones,

260 4706 323 4749 ut
348 4696 498 4747 olim.
550 4693 697 4744 Tunc
724 4690 863 4743 enim
888 4730 902 4753 ,
954 4698 1009 4741 ut
1032 4689 1140 4757 jam
1185 4687 1298 4740 dixi
1320 4727 1334 4751 ,
1366 4689 1445 4742 vel
1475 4690 1525 4743 iu
1554 4704 1652 4741 una
1673 4701 1828 4758 gente

262 4789 561 4840 innumera:
584 4795 725 4848 sepe
754 4778 1039 4832 seditiones
1063 4778 1385 4841 oriebantur,
1406 4787 1459 4831 et
1487 4778 1692 4831 diversa
1720 4779 1829 4831 bel-

264 4880 314 4931 la
345 4894 357 4926 :
390 4888 529 4926 nunc
552 4882 726 4925 autem
752 4877 1001 4936 quantum
1034 4878 1185 4919 terra:
1209 4868 1431 4934 spatium
1459 4868 1536 4919 sol
1566 4869 1776 4935 reSpicit
1800 4883 1831 4922 a

262 4965 485 5035 Tigride
514 4976 678 5029 usque
704 4961 769 5012 ad
803 4958 1125 5012 Britannicas
1161 4958 1389 5023 insulas,
1436 4960 1544 5025 ipsa
1594 4969 1701 5012 tota
1724 4998 1738 5022 ,
1780 4968 1833 5013 et

263 5074 392 5112 cum
428 5057 515 5109 illa
542 5054 737 5114 Africa,
768 5051 1026 5120 Egyptus
1052 5059 1105 5103 et
1133 5062 1261 5117 gens
1282 5050 1699 5112 Palmstinorum,
1729 5050 1835 5102 imo

263 5148 646 5220 quodcumque
668 5143 904 5195 Romano
930 5141 1153 5209 imperio
1172 5138 1428 5208 subiacet,
1455 5140 1504 5192 in
1523 5154 1649 5209 pace
1670 5140 1832 5209 degit.

331 5320 411 5379 (a)
430 5314 560 5379 Quod
586 5312 666 5379 hic
686 5310 858 5379 dicitur
875 5309 938 5379 de
959 5316 1148 5379 socrate
1165 5311 1233 5379 ad.
1246 5309 1428 5379 bellum
1451 5307 1839 5379 eseuntehabes

265 5368 407 5442 apud
438 5368 740 5427 Plutarchum
785 5374 833 5420 in
869 5368 1162 5442 Alcibiade;
1191 5370 1837 5442 uhimillc“philosophorum

268 5432 727 5503 princepsstrenue
746 5443 989 5503 pugnasse
1012 5440 1245 5503 narratur.
1270 5432 1392 5503 Vide
1418 5433 1531 5479 item
1560 5432 1605 5478 in
1630 5432 1839 5503 Diogene

268 5491 475 5554 laertio,
498 5497 584 5543 lib.
605 5495 654 5547 Ξ.
677 5491 763 5541 ubi
784 5491 834 5540 et
857 5491 1122 5554 Amphipoli
1145 5502 1195 5540 et
1220 5494 1434 5540 Potidaza:
1458 5505 1694 5553 pUgnasse
1722 5491 1841 5554 dici-

269 5574 369 5613 tur.
400 5551 816 5607 benemostheue
856 5552 1014 5614 etiam,
1051 5561 1103 5599 ut
1135 5566 1225 5600 non
1257 5554 1313 5601 ad
1349 5551 1551 5614 pugnam
1592 5551 1841 5599 admodum

270 5634 498 5675 strenuo.
520 5616 846 5665 testimonium
870 5613 1100 5661 Plutarchi
1126 5615 1171 5661 iu
1192 5628 1295 5677 ejus
1310 5614 1418 5663 Vita
1435 5616 1602 5673 habes,
1625 5614 1669 5661 in
1690 5622 1844 5675 pugna

268 5685 470 5737 scilicet
489 5679 551 5729 ad
566 5678 904 5728 Chemnzeam.

1899 453 2056 510 Scitis
2092 463 2265 510 autem
2298 472 2481 512 omnes
2520 457 2679 514 urbes
2722 458 2873 527 plena
2909 458 3009 514 frui
3043 457 3451 528 tranquillitate.

1899 547 2011 599 solo
2038 546 2215 599 auditu
2242 548 2376 601 bella
2401 548 2647 602 scientes.
2671 548 2883 601 Poterat
2906 557 3050 603 certe
3074 547 3312 602 Christus
3338 546 3450 602 belo

1901 635 2068 689 lorum
2094 636 2338 705 reliquias
2369 638 2571 708 tollere,
2594 637 2685 691 sed
2714 637 2950 705 permisit
2972 638 3038 691 ad
3060 638 3454 707 castigationem

1903 724 2209 792 ignavorum
2234 766 2247 789 ,
2282 725 2368 794 qui
2399 727 2540 793 pacis
2563 727 2838 780 occasione
2865 726 3133 794 segniores
3161 726 3443 789 evaserint,

1902 826 1958 869 ut
1975 813 2311 868 barbarorum
2329 814 2497 869 adhuc
2515 816 2836 870 incursiones
2856 822 3049 870 essent.
3072 814 3330 881 Propheta
3348 829 3461 869 cer-

1902 913 1955 957 te
1980 905 2043 957 iis
2070 905 2157 973 qui
2179 905 2340 974 probe
2367 905 2659 973 intelligere
2688 914 2902 972 possent
2926 904 2976 958 id
3000 902 3370 965 subindicavit,
3400 911 3453 954 ut

1903 994 2028 1058 dixi,
2064 1009 2165 1046 non
2197 994 2330 1047 ultra
2362 994 2473 1047 fore
2498 993 2613 1045 illas
2652 992 2949 1061 frequentes
2973 992 3073 1061 (α)
3114 990 3453 1060 irruptiones.

1901 1083 2013 1137 Non
2041 1084 2177 1137 enim
2206 1083 2372 1149 dixit,
2406 1083 2520 1137 Non
2550 1084 2650 1137 erit
2675 1082 2888 1136 omnino
2914 1083 3139 1144 bellum;
3175 1080 3266 1134 sed
3294 1080 3457 1149 quid?

1903 1171 2023 1224 Non
2051 1174 2255 1242 accipiet
2279 1190 2396 1241 gens
2423 1182 2595 1226 contra
2619 1180 2810 1241 gentem
2838 1172 3095 1239 gladium;
3138 1179 3189 1224 et
3234 1170 3457 1238 populo-

1902 1277 2016 1315 rum
2040 1263 2333 1316 libertatem
2359 1262 2551 1329 adjecit
2587 1262 2799 1325 dicens,
2846 1259 2965 1312 Non
3009 1259 3193 1311 discent
3240 1260 3458 1327 amplius

1903 1354 2120 1422 prwliari
2145 1393 2162 1417 ,
2199 1352 2506 1421 quibusdam
2536 1351 2769 1420 exceptis
2795 1350 3046 1403 militibus
3071 1348 3262 1402 adhoc
3289 1349 3456 1402 desti-

1902 1443 2060 1495 natis.
2090 1442 2143 1495 5.
2168 1441 2231 1494 Et
2257 1457 2388 1494 nunc
2409 1451 2481 1505 tu,
2522 1442 2697 1494 domus
2720 1439 2874 1493 Jacob
2894 1478 2909 1503 ,
2940 1440 3127 1502 venite,
3161 1448 3206 1491 et
3234 1438 3459 1491 ambule-

1902 1546 2011 1582 mus
2030 1531 2081 1581 in
2110 1529 2295 1583 lumine
2312 1527 2532 1582 Domini.
2558 1530 2612 1583 6.
2638 1528 2839 1582 Dimisit
2856 1527 2986 1580 enim
3014 1528 3258 1597 populum
3284 1543 3450 1591 suum,

1903 1618 2104 1671 domum
2141 1618 2320 1671 Jacob.
2370 1620 2649 1688 PrOphetia
2685 1619 2751 1673 de
2783 1618 3019 1672 Ecclesia
3040 1620 3149 1685 jam
3178 1617 3415 1671 absoluta
3440 1658 3458 1681 ,

1902 1722 2082 1762 rursus
2106 1708 2172 1762 ad
2200 1707 2469 1762 historiam
2496 1709 2718 1773 transit,
2772 1708 2919 1776 quasi
2954 1706 3233 1761 verborum
3269 1706 3459 1759 seriem

1903 1813 2196 1853 resumens.
2244 1798 2390 1853 Talis
2408 1798 2548 1853 enim
2579 1797 2680 1852 illis
2706 1811 2822 1850 mos
2857 1803 2971 1851 erat
2993 1837 3008 1862 ,
3056 1810 3161 1848 non
3199 1795 3461 1849 dictorum

1904 1892 2150 1947 ﬁrmitate
2177 1891 2253 1961 (b)
2281 1900 2499 1956 tantum,
2527 1890 2619 1944 sed
2640 1891 2799 1943 etiam
2829 1888 2981 1943 seriei
3006 1887 3209 1942 ratione
3235 1884 3463 1954 prophe-

1902 1984 2028 2036 tiam
2064 1982 2399 2037 adumbrare.
2439 1982 2767 2049 Quapropter
2806 1994 2908 2032 non
2949 1977 3246 2032 asholutum
3279 1977 3458 2042 explet

1903 2086 2220 2136 sermonem,
2248 2070 2340 2125 sed
2369 2070 2515 2139 quasi
2536 2070 2761 2138 aliquam
2790 2068 2960 2121 trahat
2988 2075 3261 2130 catenam,
3292 2065 3368 2116 sic
3392 2063 3458 2115 ad

1905 2161 2206 2216 Iudaeorum
2235 2161 2641 2214 admonitionem
2682 2174 2886 2211 rursum
2925 2158 3144 2222 transit,
3174 2166 3227 2209 et
3256 2157 3329 2208 ait
3355 2174 3367 2208 :
3396 2154 3465 2206 Et

1905 2266 2036 2302 nunc
2061 2259 2134 2314 tu,
2163 2255 2338 2301 domus
2357 2246 2514 2300 Iacob
2534 2290 2549 2310 ,
2576 2247 2764 2311 venite,
2789 2256 2834 2298 et
2863 2246 3164 2297 ambulemus
3190 2244 3240 2294 in
3279 2242 3466 2294 lumine

1906 2338 2110 2390 Domini
2130 2352 2151 2401 ,°
2179 2338 2229 2391 id
2258 2347 2359 2403 est,
2392 2338 2441 2390 in
2468 2337 2741 2405 przeceptis
2771 2334 2904 2403 ejus,
2933 2335 2987 2387 in
3018 2334 3131 2401 lege
3151 2334 3263 2399 ejus
3297 2350 3309 2384 :
3340 2347 3459 2384 nam

1907 2428 2220 2495 Prwceptum
2250 2426 2371 2496 legis
2398 2438 2468 2480 est
2498 2425 2717 2489 lucerna,
2741 2435 2787 2476 et
2814 2426 2901 2476 lux
2926 2433 2971 2475 et
3000 2424 3118 2486 vita,
3146 2421 3464 2489 reprehensio

1906 2529 1950 2570 et
1978 2517 2243 2586 disciplina
2287 2515 2476 2586 (Prov.
2521 2517 2573 2569 6.
2616 2515 2752 2584 23);
2802 2513 3066 2580 Davidquc
3110 2526 3317 2565 rursum
3346 2511 3462 2563 ait:

1911 2607 2222 2675 Praeceptum
2250 2605 2453 2658 Domini
2490 2605 2708 2657 lucidum
2732 2643 2747 2669 ,
2778 2603 3066 2655 illuminans
3094 2602 3263 2665 oculos
3284 2602 3302 2669 (
3322 2600 3465 2654 Psal.

1912 2697 1996 2750 l8.
2019 2693 2088 2763 9)
2114 2710 2127 2759 ;
2160 2704 2214 2749 et
2233 2735 2247 2760 ,
2277 2694 2500 2745 Lucerna
2521 2693 2724 2761 pedibus
2750 2693 2867 2743 meis
2890 2691 2971 2742 lex
2999 2699 3109 2755 tua,
3131 2698 3175 2740 et
3202 2690 3368 2741 lumen
3387 2703 3466 2740 se-

1911 2787 2041 2837 milis
2070 2786 2188 2837 meis
2227 2782 2403 2853 (Psal.
2436 2782 2554 2835 H8.
2589 2782 2740 2849 105).
2776 2780 2840 2832 Et
2868 2780 3055 2847 ubique
3084 2778 3249 2846 legem
3279 2778 3347 2829 ita
3372 2792 3467 2829 vo-

1911 2875 2016 2927 cari
2062 2873 2363 2942 perspicias.
2406 2872 2492 2925 Sic
2526 2882 2578 2924 et
2620 2870 2807 2922 Paulus
2845 2870 2919 2919 ait
2955 2865 3218 2932 :Conﬁdis
3257 2866 3470 2931 teipsum

1910 2982 2015 3017 esse
2038 2965 2209 3017 ducent
2236 2978 2498 3025 caecorum,
2527 2960 2692 3012 lumen
2716 2972 2884 3010 eorum
2913 2956 2997 3023 qui
3023 2956 3073 3006 in
3100 2952 3308 3006 tenebris
3332 2962 3467 3013 sunt,

1912 3054 2207 3107 eruditorem
2243 3049 2575 3118 insipientium
2604 3049 2621 3116 (
2646 3046 2794 3098 Rom.
2826 3044 2879 3096 2.
2912 3044 2994 3097 19.
3019 3042 3147 3110 20).
3184 3040 3299 3093 Non
3329 3039 3468 3093 enim

1913 3147 1981 3198 ita
2013 3144 2211 3198 solares
2241 3142 2370 3196 radii
2402 3151 2682 3207 corporeus
2712 3146 2919 3190 nostros
2940 3134 3123 3188 oculos
3148 3143 3369 3200 regunt,
3415 3142 3467 3184 ut

1915 3244 2172 3303 praecepta
2201 3232 2330 3301 legis
2353 3231 2538 3284 animae
2564 3228 2743 3281 oculos
2774 3226 3052 3278 illustrant.

1984 3326 2036 3379 6.
2052 3322 2311 3390 Propheta
2340 3321 2491 3387 igitur
2508 3326 2563 3370 ut
2577 3316 2821 3370 ostendat
2838 3314 2993 3366 etiam
3019 3320 3139 3365 ante
3163 3310 3461 3378 praemium,

1916 3426 1970 3470 et
2008 3422 2133 3468 ante
2164 3410 2481 3473 mercedem,
2510 3414 2791 3476 praecepta,
2820 3403 2946 3457 dum
2984 3402 3286 3468 implentur,
3315 3412 3469 3451 suam

1918 3506 2106 3559 all'erre
2135 3501 2453 3564 mercedem,
2486 3499 2661 3551 lumen
2693 3496 2806 3563 ipsa
2844 3492 3073 3546 vocavit.
3122 3487 3474 3556 Quemadmo-

1918 3599 2043 3651 dum
2060 3596 2199 3649 enim
2216 3593 2415 3655 oculus,
2439 3590 2561 3643 dum
2588 3586 2930 3649 illuminatur,
2954 3584 3157 3635 lucrum
3184 3579 3376 3632 refert:
3396 3577 3475 3629 sic

1920 3698 1973 3743 et
2002 3686 2197 3749 anima,
2225 3697 2344 3737 cum
2390 3678 2488 3747 legi
2535 3678 2899 3743 obtemperat,
2926 3670 3210 3725 maximum
3251 3668 3473 3719 fructum

1922 3778 2130 3845 accipit,
2164 3781 2449 3843 expurgata
2471 3778 2524 3824 et
2546 3784 2574 3821 a
2601 3764 2831 3834 nequitia
2854 3764 3093 3825 liberata,
3125 3767 3179 3811 et
3207 3756 3271 3809 ad
3308 3756 3476 3823 ipsam

1922 3869 2215 3925 ascendens
2277 3866 2519 3918 virtutem
2570 3878 2584 3913 :
2636 3853 3078 3926 quemadmodum
3134 3864 3165 3902 e
3210 3845 3476 3900 contrario

1924 3960 2353 4030 praevaricatores
2372 3962 2494 4006 ante
2511 3948 2821 4017 supplicium
2854 3946 2903 3995 in
2932 3945 3041 4010 ipsa
3063 3934 3478 4030 transgressione

1926 4020 2108 4121 pinnas
2137 4048 2263 4101 dant
2286 4086 2300 4110 ,
2331 4041 2712 4106 miserioreque
2740 4032 3045 4088 conditione
3076 4037 3229 4089 sunt,
3256 4040 3411 4093 quam
3444 4020 3479 4073 ii

1924 4116 2011 4213 qui
2036 4141 2221 4196 sedent
2244 4139 2293 4191 in
2325 4133 2578 4195 tenebris,
2610 4131 2817 4188 timore,
2846 4133 3075 4176 tremore
3096 4128 3149 4172 et
3176 4116 3310 4169 mala
3354 4128 3482 4165 one-

1925 4205 2024 4287 rati
2053 4230 2406 4290 conscientia,
2439 4224 2491 4277 in
2539 4218 2759 4274 meridie
2786 4216 2942 4270 etiam
2993 4211 3061 4263 ab
3096 4205 3338 4262 omnibus
3368 4218 3480 4255 me-

1930 4334 2135 4379 tuentes
2181 4331 2235 4375 et
2280 4325 2587 4378 trementes,
2629 4313 2740 4364 sive
2782 4305 3009 4360 consciis
3053 4300 3182 4361 sibi,
3220 4298 3331 4350 sive
3377 4310 3481 4347 non

1927 4414 2174 4470 consciis.
2206 4410 2406 4463 Dimisit
2436 4408 2564 4459 enim
2603 4401 2841 4471 populum
2870 4412 3034 4457 suum,
3063 4393 3265 4444 domum
3301 4385 3483 4449 Jacob,

1931 4509 1980 4561 id
2004 4515 2101 4568 est,
2135 4504 2289 4567 sivit,
2322 4498 2539 4561 dimisit,
2570 4490 2904 4558 contempsit,
2933 4499 3130 4554 suaque
3158 4477 3486 4549 providentia

1931 4597 2200 4665 spoliavit.
2231 4590 2426 4647 Deinde
2456 4588 2519 4641 iis
2549 4579 2955 4653 perterrefactis,
2988 4587 3202 4628 causam
3233 4569 3404 4629 all’ert,
3432 4576 3488 4665 ut

1932 4656 2006 4741 illi
2035 4698 2181 4756 gesta
2212 4698 2304 4737 sua
2345 4676 2647 4735 emendent.
2680 4671 2807 4737 Quae
2842 4668 3001 4735 igitur
3025 4676 3181 4717 causa
3209 4668 3289 4713 est
3306 4659 3336 4756 ἳ-
3358 4656 3490 4722 Quia

1932 4747 2133 4847 impleta
2160 4783 2231 4828 est
2270 4782 2397 4824 terra
2426 4780 2595 4820 eorum
2624 4758 2877 4827 auguriis,
2912 4765 2963 4807 ut
3016 4764 3147 4806 terra
3186 4747 3491 4815 alienigena-

1934 4835 2063 4923 rum.
2099 4866 2249 4920 Prius
2300 4861 2421 4913 illos
2469 4855 2537 4909 de
2580 4848 2919 4919 cauponaria,
2952 4844 3017 4897 de
3061 4839 3281 4894 avaritia
3326 4845 3380 4889 et
3424 4835 3494 4887 de

1935 4961 2207 5013 viduarum
2254 4954 2559 5016 contemptu
2602 4939 2883 4996 accusabat
2912 4954 2924 4988 :
2956 4932 3042 4986 hic
3069 4946 3195 4984 vero
3243 4927 3371 4995 ipsis
3402 4940 3494 4978 ex-

1999 5115 2069 5175 (a)
2090 5112 2143 5159 ln
2161 5115 2335 5166 διείρεο,
2354 5110 2401 5149 δι’
2424 5111 2551 5157 sum.
2575 5102 2713 5142 Porro
2738 5088 2869 5146 illud,
2884 5096 2931 5136 ει·
2955 5098 3091 5175 ὀλίγοῖ
3108 5082 3297 5149 videtur
3320 5074 3497 5136 duplici

2114 5173 2121 5175 “
2302 5167 2309 5174 ”
2390 5174 2397 5175 ί
2426 5173 2455 5175 ⁷-
2478 5172 2484 5175 “
2554 5164 2597 5175 ⁸·
2644 5165 2688 5175 “'
2835 5164 2843 5175 ’
2888 5174 2891 5175 ν
2943 5159 3027 5175 mw
3087 5155 3211 5175 roum
3235 5147 3497 5175 lvmmrum

1938 5144 2077 5225 ιιιὲέιέ
2096 5144 2335 5226 ’ἱὶιίἒὲῆῇ
2549 5164 2597 5205 δι’
2615 5165 2753 5226 ,δὲίτου
2784 5144 2930 5226 1W
2939 5159 3038 5226 Prii.
3048 5144 3108 5226 ff
3108 5144 3212 5226 flii“
3228 5147 3497 5226 ΞΤΕῩΖΣΞΊῘΞ

1938 5206 2528 5295 ξιςῑῖῑξέι,·έῖιῖβτῑειηλάιίιεν’;
2550 5216 2648 5295 εςιν
2666 5206 3497 5295 διῖἐλὲδιιῖξῖξξδὲἐὲῗὲξξῗλθῗιὲ,εῗέἲῒ

1940 5261 2758 5347 igﬁﬁ’ﬁiilziii'ﬁié?mea?“
2782 5261 2969 5347 ’ἓνίδέἒιίἒξ
2995 5261 3496 5347 [ῗὲείρῖἔξῖηεηίξέἓξ

1944 5329 2583 5408 wedge-digii:vhialuimus
2635 5329 2810 5382 riorem
2828 5330 2967 5389 sequi
2994 5329 3302 5396 sententiam.
3329 5329 3497 5376 Quam—

1944 5373 2091 5443 ἓξ.)
2110 5416 2260 5443 nim...
2284 5408 2405 5443 τοι-ιη
2428 5412 2575 5443 sensu
2604 5351 2713 5443 haec
2736 5394 2917 5443 possint
2940 5386 3186 5443 explicari.
3216 5381 3395 5429 Verum
3418 5390 3497 5425 res

1943 5381 2580 5482 'LiiZiB‘ibéié'ééB’s’d
2606 5381 2713 5443 haec
2736 5381 2917 5455 possint
2940 5385 3186 5449 explicari.
3216 5381 3395 5429 Verum
3418 5390 3501 5425 res

1948 5468 2022 5532 ὁδί
2045 5473 2595 5540 l33l'.“:‘-“‘°"w.m".,._.___.
2628 5522 2758 5540 ..ηιηο
2807 5508 3084 5540 Munus-imre
3132 5518 3228 5540 nm.
3267 5501 3324 5540 ῆι·

2013 5501 2598 5602 ἱῦὂωέἰιέἒίἰῖὶξῖἒέὲιιαιιω
2628 5522 2780 5578 putat.
2805 5508 3103 5583 ωξουνίιαις»
3132 5518 3233 5565 [πον
3263 5501 3501 5569 θνήιὲαιε·

2262 5593 2287 5602 ..
2428 5599 2442 5602 _
2464 5599 2472 5602 .
2503 5582 2693 5602 -.:.t.......
2735 5576 2822 5602 ρητι
2840 5585 2943 5602 c-no
2970 5568 3188 5602 f‘mhmnn
3218 5566 3501 5602 nttt‘lnrllale

1950 5566 2350 5654 1.1‘53rt'5'2t‘312iiié
2360 5566 2483 5636 "£2.55
2493 5566 2711 5634 videtur.
2735 5566 2825 5626 Sed
2839 5576 2944 5623 sine
2970 5568 3189 5619 Codicum
3217 5566 3507 5614 auctoritate

1951 5664 2064 5715 nihil
2088 5664 2340 5709 mutamus.
