4058 6216
583 351 655 406 35
1331 339 1388 395 S.
1421 337 1689 394 .IOANNIS
1726 336 2193 394 CIIRYSOSTOMI
2233 338 2545 395 ARCIIIEP.
2585 340 3110 406 CONSTANTINOP.
3733 373 3805 428 36

574 451 787 513 probrat
813 464 972 520 prava
1003 450 1269 520 dogmata,
1297 461 1352 505 et
1379 452 1663 519 impietatis
1700 451 1980 518 reliquias,
2012 464 2129 518 qua:

575 539 824 605 paulatim
856 539 1002 608 ipsos
1027 541 1093 594 ad
1120 541 1422 596 daemonum
1449 556 1733 595 erroneum
1773 542 1973 594 cultum
2013 556 2133 609 per-

573 627 872 681 trahcbant.
906 628 1020 683 Mox
1069 631 1189 683 illos
1218 631 1510 693 incessens,
1542 644 1647 682 non
1684 629 1841 684 modo
1868 629 2000 683 dicit
2038 643 2131 683 eos

573 719 804 786 auguriis
827 734 1043 788 operam
1075 720 1235 784 dare,
1265 719 1359 773 sed
1391 721 1645 788 repletam
1672 720 1737 772 iis
1775 733 1894 772 esse
1935 728 2128 772 terram

570 821 752 860 eorum
781 807 934 876 (lsai.
969 810 1016 862 l.
1045 811 1120 878 4).
1154 809 1324 875 Supra
1381 810 1593 863 modum
1616 850 1632 875 ,
1675 809 1872 878 inquit,
1903 810 2133 863 accrevit

572 898 800 965 nequitia
839 914 1045 953 eorum.
1076 899 1531 964 Quemadmodum
1559 913 1719 966 supra
1764 897 1973 953 dicebat
1994 940 2010 964 ,
2038 914 2131 967 po-

572 987 791 1055 pulum,
845 1002 949 1041 non
1003 997 1289 1058 utcumque
1339 998 1705 1059 peccatorem,
1753 989 1843 1042 sed
1918 989 2128 1058 plenum

572 1079 832 1143 peccatis;
855 1079 932 1131 sic
961 1087 1015 1131 et
1041 1078 1141 1132 hoc
1170 1079 1289 1134 loco
1314 1120 1329 1144 ,
1363 1079 1574 1148 Repleta
1602 1087 1691 1131 est.
1721 1077 1922 1134 Exinde
1947 1093 2130 1133 rursus

569 1166 819 1232 probrum
872 1168 1199 1236 ampliﬁcans
1253 1168 1493 1233 addidit,
1526 1167 1669 1221 Sicut
1713 1184 1746 1220 a
1790 1169 2055 1237 principio.
2086 1171 2129 1222 Α

569 1259 816 1327 principio
836 1299 850 1322 ,
880 1261 1254 1329 quandonam?
1278 1259 1499 1324 Quando
1521 1260 1686 1313 Deum
1713 1259 1945 1314 nondum
1971 1275 2131 1316 nove-

572 1357 721 1410 rant,
753 1351 963 1418 quando
1008 1352 1176 1419 legem
1228 1350 1462 1404 nondum
1516 1361 1874 1416 acceperant,
1918 1351 2130 1418 quando

570 1441 946 1495 beneﬁciorum
973 1443 1087 1510 ejus
1117 1441 1496 1510 experientiam
1549 1441 1775 1501 nondqu
1826 1440 2128 1507 habebant,

567 1535 776 1600 quando
791 1549 910 1586 cum
936 1535 1182 1603 gentibus
1199 1536 1463 1601 vivebant,
1481 1535 1619 1603 quod
1641 1543 1892 1588 extrema:
1912 1535 2131 1587 damna-

567 1623 729 1677 tionis
762 1633 900 1688 erat,
925 1623 1066 1693 quod
1098 1639 1201 1678 non
1232 1626 1419 1678 melius
1447 1633 1572 1678 tunc
1599 1639 1658 1679 se
1691 1623 1979 1689 baberent,
2013 1631 2132 1690 post

566 1723 764 1768 tantam
786 1716 1168 1784 providentiam
1197 1727 1250 1770 et
1278 1726 1474 1770 tantam
1503 1717 1938 1780 sollicitudinem,
1971 1731 2128 1784 quam

567 1806 602 1857 ii
649 1806 736 1873 qui
781 1807 910 1860 nihil
937 1822 1122 1861 eorum
1160 1810 1471 1877 consequuti
1515 1819 1686 1863 erant.
1740 1809 1845 1863 Sed
1888 1823 1992 1862 non
2046 1809 2133 1862 hic

563 1896 922 1958 stetit,verum
947 1897 1122 1950 denuo
1144 1899 1581 1966 perterrefaciens
1603 1913 1698 1954 eos
1723 1899 1950 1968 adjecit:
1973 1899 2132 1963 Quasi

566 1994 700 2037 terra
743 1986 1134 2054 alienigenarum
1162 2002 1181 2040 :
1227 1987 1326 2041 hac
1369 1990 1766 2058 comparatione
1834 1990 2130 2057 graviorem

565 2074 957 2130 accusationem
1011 2090 1224 2144 parans.
1275 2078 1424 2144 Quod
1477 2088 1531 2132 et
1586 2078 1777 2132 Paulus
1831 2079 2132 2148 frequenter

565 2164 742 2220 facere
789 2166 960 2230 solet;
992 2177 1048 2222 ut
1092 2177 1147 2221 et
1193 2169 1405 2238 quando
1452 2170 1616 2224 dicit:
1654 2170 1730 2222 De
1779 2169 2132 2224 dormientibus

560 2269 726 2311 autem
753 2259 869 2312 nolo
896 2275 979 2312 vos
1003 2262 1234 2330 ignorare
1254 2301 1269 2326 ,
1298 2262 1502 2328 fratres,
1534 2272 1588 2314 ut
1617 2279 1715 2315 non
1748 2261 2126 2328 contristemini,

560 2350 690 2400 sicut
714 2359 760 2401 et
785 2351 952 2402 cwtcri
975 2352 1060 2417 qui
1097 2367 1236 2418 spem
1282 2368 1381 2404 non
1416 2352 1594 2404 habent
1615 2352 1690 2421 (Ι.
1721 2351 1896 2406 Thess.
1921 2354 1975 2407 4.
2002 2352 2126 2422 19.);

563 2453 626 2489 ac
657 2453 867 2490 rursum
901 2457 912 2490 :
950 2439 1017 2492 Ut
1061 2443 1184 2491 sciat
1232 2443 1568 2509 unusquisque
1609 2451 1822 2494 vestrum
1872 2458 1957 2494 uas
1985 2457 2130 2493 suum

562 2530 816 2598 possidere
840 2535 889 2581 in
920 2533 1313 2598 sanctiﬁcatione
1339 2543 1384 2586 et
1423 2533 1609 2585 honore
1627 2575 1640 2596 ,
1669 2549 1769 2585 non
1807 2534 1859 2585 in
1900 2533 2132 2600 passione

563 2622 799 2673 desiderii
827 2620 986 2682 (Ibid.
1015 2636 1062 2672 υ.
1086 2623 1158 2689 4).
1194 2621 1373 2691 Neque
1416 2621 1516 2676 hoc
1566 2631 1844 2676 contentus
1873 2622 2001 2686 fttit,
2036 2621 2129 2676 sed

561 2709 758 2776 adjecit
779 2728 788 2759 :
812 2711 1246 2770 Quemadmodum
1274 2721 1320 2764 et
1349 2713 1554 2781 reliqua!
1574 2723 1740 2780 gentes
1764 2728 1874 2780 qua:
1895 2715 2130 2781 ignorant

567 2798 728 2852 Deum
751 2799 909 2867 (Ibid.
941 2817 986 2852 υ.
1016 2800 1094 2868 5).
1126 2799 1220 2854 llic
1247 2801 1442 2869 quippe
1475 2802 1664 2855 modus
1691 2804 1954 2856 sermonis
1982 2817 2127 2856 mor-

563 2890 691 2942 dere
718 2891 854 2943 solet
881 2892 1045 2944 etiam
1076 2906 1170 2944 cos
1195 2893 1282 2960 qui
1319 2892 1605 2945 admodum
1635 2892 1766 2962 lapsi
1799 2903 1940 2946 sunt.
1975 2893 2125 2958 Quod

560 2979 605 3033 si
652 2979 817 3033 .lndwi
857 2981 923 3034 de
976 2981 1166 3034 talibus
1207 2992 1544 3044 accusantur,
1577 2997 1731 3049 quam
1783 2997 1879 3036 nos
1915 2983 2126 3036 veniam

559 3085 970 3139 consequemur,
993 3087 1150 3140 quam
1195 3072 1580 3136 defensionem,
1615 3072 1701 3140 qui
1754 3081 1871 3141 post
1927 3081 2126 3126 tantam

559 3161 783 3230 gratiam
813 3168 869 3213 et
899 3160 1219 3215 ineffabilem
1251 3161 1531 3223 honorem,
1561 3176 1815 3230 Spemque
1848 3164 2125 3216 immorta-

561 3253 663 3304 lem
691 3291 705 3314 ,
756 3253 806 3304 in
861 3267 1069 3320 parem,
1125 3267 1282 3319 quam
1332 3252 1427 3314 illi,
1469 3251 1764 3306 decidimus
1805 3253 2037 3323 inopiam
2065 3255 2126 3307 ιτ

559 3341 702 3395 Multi
727 3358 951 3411 namque
972 3341 1080 3409 jam
1109 3352 1264 3407 sunt,
1295 3343 1381 3411 qui
1415 3343 1514 3396 hoc
1540 3344 1723 3396 morbo
1753 3343 2011 3409 laborant,
2037 3346 2126 3414 qui

563 3433 726 3485 vitam
776 3447 926 3485 suam
978 3432 1324 3496 labefactant,
1357 3433 1442 3500 qui
1493 3448 1746 3501 augurum
1801 3432 2019 3486 insania:
2067 3448 2126 3488 se

558 3523 780 3586 dedunt,
805 3523 1074 3591 Deumque
1095 3521 1387 3585 offendunt,
1405 3533 1458 3574 et
1484 3523 1779 3590 superﬂuos
1801 3522 2010 3576 dolores
2026 3523 2123 3576 sibi

559 3613 1028 3680 lucrantur,atque
1055 3615 1106 3665 in
1135 3613 1404 3666 laboribus
1434 3629 1528 3680 pro
1555 3617 1748 3666 virtute
1771 3615 2124 3681 suscipiendis

555 3703 939 3756 dissolvuntur.
971 3702 1082 3754 Hoc
1122 3703 1265 3755 enim
1310 3705 1527 3755 omnino
1566 3713 1718 3755 curat
1772 3703 2036 3767 diabolus,
2068 3713 2125 3756 ut

558 3794 1011 3864 insipientior-ibus
1040 3793 1294 3855 suadeat,
1324 3810 1429 3847 non
1462 3810 1624 3862 penes
1656 3809 1714 3848 se
1745 3809 1864 3848 esse
1900 3804 1989 3847 aut
2021 3795 2122 3847 vir-

558 3894 725 3939 tntem
774 3895 865 3938 aut
911 3883 1304 3952 improbitatem
1355 3885 1540 3948 adire,
1570 3899 1740 3953 neque
1780 3899 1840 3938 se
1883 3885 2124 3938 libertate

558 3974 788 4043 quamam
816 3975 1020 4028 arbitrii
1053 3975 1344 4028 honoratos
1372 3989 1512 4036 csse,
1541 3973 1652 4026 lucc
1680 3974 1785 4026 duo
1820 3974 2123 4042 turpissima

558 4068 816 4135 perlicere
847 4067 1059 4131 volens,
1085 4076 1143 4119 ut
1172 4067 1383 4120 labores
1414 4079 1509 4133 pro
1539 4065 1731 4119 virtute
1758 4065 2123 4133 suscipiendos

559 4159 763 4224 solvat,
794 4167 849 4212 ct
874 4159 1160 4212 maximum
1204 4158 1329 4212 illud
1370 4157 1627 4211 libertatis
1652 4156 1849 4210 donum
1893 4156 2118 4211 auferat.

560 4250 669 4302 Iloc
699 4264 794 4317 per
824 4250 1064 4318 auguria,
1097 4250 1196 4303 hoc
1225 4265 1316 4318 per
1337 4249 1516 4302 omina
1546 4247 1657 4319 (ιι),
1689 4248 1790 4301 hoc
1815 4263 1909 4317 per
1935 4249 2121 4300 obser-

557 4341 824 4392 vationem
851 4341 1077 4403 dierum,
1110 4339 1208 4392 hoc
1240 4355 1334 4406 per
1365 4356 1581 4407 pravum
1612 4341 1700 4393 fati
1727 4340 1917 4410 dogma
1937 4381 1952 4405 ,
1981 4341 2120 4394 hunc

559 4447 774 4498 gravem
815 4431 1055 4483 morbum
1107 4445 1202 4498 per
1238 4432 1341 4484 alia
1388 4433 1550 4484 multa
1583 4435 1635 4484 in
1680 4434 1840 4486 vitam
1884 4434 2116 4498 invexit,

621 4611 636 4636 ί
667 4605 716 4652 [fl
735 4615 913 4660 (τι-τοςο.
933 4619 1016 4666 πρὸς
1041 4621 1104 4664 τήν
1126 4619 1235 4665 αὑτήν
1267 4620 1405 4661 istim;
1440 4621 1584 4654 ιαταπὶν
1601 4632 1715 4662 sonte
1737 4620 1868 4655 κινὶαν.
1893 4614 2026 4654 Putat
2042 4607 2120 4653 Λι-

557 4667 698 4714 lcnus
721 4667 982 4727 legendum
1007 4681 1118 4715 esse
1142 4682 1319 4726 «mpm,
1341 4668 1613 4727 ucqaitt'am,
1633 4681 1724 4714 non
1742 4681 1872 4722 κινίαν,
1893 4667 2118 4728 inopiam.

555 4733 608 4774 Et
652 4740 768 4774 vere
802 4743 966 4787 πονηρίαν
998 4731 1191 4775 omnino
1232 4727 1496 4775 desiderari
1525 4728 1750 4787 Avidetnr.
1793 4735 1900 4774 Nam
1940 4728 2016 4774 hic
2056 4731 2122 4777 ait

556 4785 915 4850 Chrysostomus
941 4803 950 4835 :
986 4789 1116 4845 Quod
1141 4788 1184 4835 si
1204 4787 1365 4836 Judtei
1387 4791 1447 4837 de
1470 4785 1638 4850 talibus
1660 4796 1956 4850 accusantur,
1979 4801 2122 4849 quam

555 4861 638 4897 nos
656 4846 843 4910 beniam
867 4861 1218 4910 consequemur,
1244 4862 1386 4910 quam
1410 4849 1741 4909 defensionem,
1766 4849 1847 4910 qui
1883 4846 1999 4910 post
2020 4854 2121 4897 tan-

553 4917 652 4970 tam
673 4909 879 4970 gratiam
901 4917 945 4956 et
968 4906 1265 4970 intzmgbilem'
1280 4906 1519 4964 honorem,
1542 4921 1763 4970 spemque
1779 4906 2116 4968 inunortalcm,

553 4969 602 5031 in
646 4968 811 5031 parem
846 4982 984 5029 quant
1028 4968 1102 5031 illi
1147 4968 1410 5018 decidimus
1446 4968 1574 5031 καίων’
1600 4968 1695 5017 sive
1725 4971 1930 5031 τιονηςιίανῗ
1963 4971 2014 5017 Id
2048 4979 2121 5020 est

553 5029 778 5088 ἰηορἑη,
793 5039 875 5077 aut
896 5030 1168 5088 nequitiam.
1185 5037 1288 5077 t‘tra
1315 5045 1430 5077 vero
1453 5030 1596 5077 lectio
1618 5030 1767 5089 magis
1789 5031 1991 5090 quadret
2012 5033 2121 5080 hinc

556 5092 892 5149 peaspicietur,
917 5093 956 5137 si
999 5092 1302 5139 advertamus
1344 5092 1417 5138 hic
1461 5092 1551 5138 sibi
1588 5090 1714 5138 velle
1737 5091 2119 5151 Chrysostomum

553 5163 642 5197 nos
664 5153 710 5196 in
736 5164 896 5209 parem
921 5159 1066 5211 atque
1108 5152 1255 5199 Jttdn‘i
1288 5159 1458 5199 statum
1482 5151 1726 5198 decidere.
1745 5153 1854 5206 Quis
1879 5166 1994 5199 vero
2037 5153 2119 5200 ille

554 5213 834 5274 statusgest?
861 5212 950 5259 Ille
975 5213 1098 5274 haud
1131 5213 1276 5259 dubie
1300 5214 1344 5258 in
1370 5227 1513 5273 quem
1537 5225 1677 5274 supra
1700 5212 1820 5259 dixit
1849 5211 2119 5274 Chrysosto—

555 5283 660 5333 mus
697 5271 919 5333 delapsos
949 5273 1136 5320 Judms
1161 5286 1287 5328 esse,
1324 5276 1369 5320 in
1388 5271 1731 5332 icauponariam
1756 5271 2120 5333 nempe,'avari-

557 5331 687 5396 tiam,
710 5331 984 5396 doginaturn
1025 5336 1409 5392 perversitatem,
1454 5331 1756 5394 meum“:
1794 5331 1967 5393 quibus
2001 5349 2120 5396 prm-

556 5393 716 5438 missis
738 5406 856 5440 sane
883 5395 1069 5440 videtur
1095 5411 1242 5454 πονηρωι
1265 5397 1415 5452 magis
1446 5393 1699 5454 quadrare,
1724 5406 1863 5452 quam
1887 5393 2013 5443 πινίαῘ
2038 5397 2120 5444 At-

555 5458 713 5517 tamen
739 5455 1084 5514 exemplarium
1108 5457 1317 5502 omuium
1342 5458 1622 5503 auctoritate
1647 5463 1774 5512 lltUll,
1797 5454 1918 5502 hanc
1942 5465 2121 5517 postre-

554 5524 680 5574 tuatn
702 5513 956 5563 lectionem
981 5518 1172 5574 sequuti
1194 5529 1370 5561 smnus.

619 5573 691 5630 (τι)
724 5577 838 5629 Quid
864 5579 959 5623 sint
1001 5573 1077 5623 illa
1102 5578 1275 5631 omina,
1315 5577 1528 5634 [laribus
1566 5575 1647 5622 ille
1676 5574 1883 5635 explicat
1908 5578 1952 5623 in
1985 5578 2118 5626 Cate-

554 5631 696 5696 (τιμικὶΔ
728 5637 938 5683 secunda
982 5637 1039 5683 ad
1066 5631 1410 5696 illuminandos,
1442 5646 1573 5686 'I'om.
1602 5636 1662 5684 ll.
1705 5631 1784 5684 Lbi
1825 5645 1952 5687 totus
1990 5639 2121 5688 locus

553 5703 660 5740 etuti
687 5693 773 5742 hoc
797 5697 1114 5746 confcrcndus
1138 5706 1226 5744 est.

2239 450 2439 504 nullam
2471 451 2534 505 ad
2567 451 2666 507 hoc
2692 468 2796 507 non
2838 456 3134 512 machinam
3176 475 3412 518 movens.
3443 465 3797 532 Quamobrem

2237 539 2489 607 propheta
2543 542 2883 598 vehementer
2927 547 3088 601 instat
3134 551 3418 619 incusans,
3448 564 3504 609 ut
3554 562 3795 615 morbum

2235 629 2484 684 radicitus
2504 631 2713 686 evellat.
2745 631 2806 684 Et
2832 635 2928 701 ﬁlii
2953 638 3097 690 multi
3122 640 3414 711 alienigena
3437 647 3539 698 nati
3563 659 3678 702 sunt
3703 653 3793 704 eis.

2305 720 2356 772 7.
2398 718 2533 784 Quid
2569 729 2668 784 est,
2697 720 2820 775 Filii
2842 725 3181 796 alienigena?
3209 729 3312 785 Lex
3359 732 3462 787 illis
3506 745 3622 790 erat
3665 739 3795 795 olim

2235 809 2336 862 lata
2388 821 2607 879 propter
2648 813 2810 867 animi
2855 813 3222 885 fragilitatem,
3253 831 3307 877 et
3347 835 3576 880 mentem
3624 829 3794 886 fraudi

2235 909 2617 967 opportunam,
2673 911 2730 956 ut
2776 918 2896 958 cum
2949 909 3096 961 nullo
3147 912 3466 982 reliquorum
3521 917 3795 974 hominum

2233 986 2542 1042 afﬁnitatem
2589 992 3002 1060 contraherent,
3044 1013 3111 1052 ne
3165 999 3464 1069 hujusmodi
3509 1006 3796 1063 afﬁnitates

2235 1071 2520 1142 impietatis
2551 1077 2680 1146 ipsis
2703 1083 2913 1137 occasio
2939 1096 3139 1140 essent.
3168 1088 3298 1155 Quia
3327 1093 3467 1148 enim
3498 1111 3601 1150 non
3631 1097 3796 1153 modo

2234 1165 2366 1216 alios
2390 1167 2658 1235 corrigere
2680 1185 2782 1225 non
2815 1181 3081 1242 poterant,
3105 1179 3197 1231 sed
3221 1195 3392 1250 neque
3408 1182 3789 1242 detrimentum

2233 1256 2301 1308 ab
2339 1257 2491 1323 aliis,
2520 1260 2837 1331 quicumque
2878 1277 3095 1331 essent,
3141 1270 3241 1323 sibi
3303 1271 3641 1340 importatum
3697 1279 3795 1332 de-

2235 1346 2463 1413 pellere,
2490 1348 2602 1417 lege
2631 1349 2772 1418 ipsos
2809 1355 3029 1420 vallans,
3058 1365 3114 1412 et
3149 1359 3216 1412 ab
3244 1361 3503 1418 afﬁnitate
3527 1379 3647 1420 cum
3675 1370 3796 1423 aliis

2233 1437 2534 1504 abducens,
2567 1442 2791 1495 seorsim
2832 1444 2952 1498 illos
2996 1447 3308 1504 eﬂ'ormabat
3337 1463 3390 1506 et
3439 1456 3789 1513 instituebat:

2234 1529 2464 1595 optabile
2491 1531 2636 1584 enim
2661 1531 2983 1604 difﬁcileque
3012 1549 3128 1592 erat
3155 1550 3214 1595 ut
3237 1544 3320 1598 vel
3346 1545 3423 1598 sic
3448 1546 3589 1600 ducti
3614 1589 3630 1613 ,
3665 1565 3794 1619 pos-

2233 1629 2351 1672 sent
2397 1634 2610 1677 servare
2651 1623 2980 1694 disciplinam
3014 1642 3042 1681 a
3075 1630 3183 1685 Deo
3230 1633 3328 1686 sibi
3375 1637 3641 1692 traditam.
3685 1642 3791 1697 Sed

2233 1710 2674 1775 quemadmodum
2701 1716 2802 1770 alia
2833 1730 3097 1787 praecepta
3124 1727 3441 1793 transgressi
3467 1740 3610 1794 sunt,
3637 1731 3712 1785 sic
3735 1743 3798 1786 et

2235 1796 2336 1851 hoc
2359 1810 2683 1870 contempto,
2709 1808 3034 1863 transierunt
3063 1811 3129 1865 ad
3160 1813 3474 1870 aflinitatem
3511 1833 3631 1872 cum
3661 1821 3794 1874 vici-

2234 1889 2316 1942 nis
2344 1893 2758 1948 contrahendam
2781 1937 2796 1962 ,
2825 1907 2879 1952 et
2905 1901 3155 1956 uxoribus
3184 1904 3309 1958 inde
3335 1905 3507 1961 ductis
3531 1949 3545 1971 ,
3579 1924 3607 1963 a
3651 1910 3797 1964 Moa-

2233 1977 2360 2032 bitis
2389 1981 2652 2049 videlicet,
2681 1985 2748 2038 ab
2775 1989 3112 2056 Ammonitis,
3139 2001 3194 2045 et
3223 1994 3291 2047 ab
3317 1996 3433 2050 aliis
3460 1998 3636 2067 impiis
3666 2017 3797 2069 gen-

2235 2069 2402 2135 tibus,
2426 2073 2660 2142 aliasque
2689 2079 3033 2146 cognationes
3053 2083 3310 2150 amplexi,
3335 2085 3582 2141 doctores
3609 2093 3798 2155 nequi-

2237 2163 2321 2216 tia:
2349 2165 2696 2231 admiserunt,
2719 2179 2773 2222 et
2794 2170 3085 2226 nobilitatis
3109 2174 3356 2228 decorem
3388 2175 3794 2234 labefactarunt.

2235 2254 2344 2308 lloc
2375 2256 2548 2324 itaque
2591 2273 2710 2313 cum
2754 2260 2874 2314 aliis
2924 2263 3181 2330 propheta
3221 2265 3422 2320 crimen
3465 2267 3706 2321 intentat.
3738 2269 3792 2321 7.

2232 2341 2450 2411 lmpleta
2474 2358 2547 2398 est
2585 2350 2715 2400 enim
2739 2350 2876 2419 regio
2901 2367 3093 2417 eorum,
3123 2354 3320 2422 inquit,
3344 2367 3548 2425 argento
3575 2368 3619 2408 et
3643 2375 3795 2421 auro,

2230 2443 2279 2486 ct
2308 2450 2407 2486 non
2435 2445 2538 2487 erat
2564 2453 2796 2491 numerus
2825 2440 3168 2495 thesaurorum
3197 2461 3384 2497 eorum.
3417 2445 3470 2500 8.
3501 2445 3566 2498 Et
3591 2448 3800 2514 impleta

2231 2529 2302 2574 est
2339 2532 2473 2574 terra
2501 2540 2671 2576 eorum
2700 2528 2868 2594 equis,
2905 2539 2951 2581 et
2992 2546 3092 2583 non
3133 2542 3238 2584 erat
3277 2550 3509 2587 numerus
3556 2552 3800 2588 curruum

2232 2626 2423 2666 eorum.
2455 2613 2668 2683 Ecquod
2707 2616 2908 2671 crimen
2944 2618 3044 2674 hoc
3063 2661 3078 2686 ,
3105 2620 3300 2675 dixerit
3330 2624 3463 2678 forte
3491 2627 3749 2694 quispiam
3775 2665 3795 2691 ,

2231 2702 2442 2757 divitias
2486 2703 2701 2771 habere,
2728 2716 2781 2761 et
2818 2723 2984 2778 equos
3024 2713 3324 2780 pos~iderc,
3351 2732 3412 2770 ea
3462 2718 3798 2784 potissimum

2231 2801 2408 2860 astate,
2431 2796 2639 2864 quando
2661 2812 2764 2850 non
2790 2807 2989 2854 tantum
3013 2811 3126 2856 erat
3155 2803 3502 2874 phil050phiai
3524 2808 3796 2862 studium?

2229 2884 2365 2949 Quid
2384 2902 2512 2953 ergo
2533 2887 2860 2943 dixerimus?
2884 2890 3099 2946 Scilicet
3123 2909 3228 2948 non
3262 2911 3410 2949 usmn
3439 2898 3795 2966 improbabat,

2230 2975 2323 3030 sed
2347 2977 2578 3030 animum
2607 2993 2712 3033 non
2745 2980 2806 3032 iis
2846 2990 2904 3034 ut
2928 2984 3212 3050 oportebat
3243 2996 3500 3040 utentem.
3529 2991 3799 3055 Quemad-

2234 3065 2447 3119 modum
2482 3068 2624 3120 enim
2655 3083 2778 3122 cum
2817 3070 2978 3136 dicit,
3027 3071 3110 3125 Vw
3135 3075 3217 3140 qui
3248 3085 3468 3142 potentes
3493 3080 3606 3131 estis
3635 3078 3794 3147 (lsai.

2229 3156 2283 3208 1.
2311 3154 2424 3223 2i),
2452 3172 2556 3210 non
2599 3159 2780 3228 utique
2829 3162 3119 3227 potentiam
3149 3164 3240 3216 dat
3281 3166 3526 3230 crimini,
3561 3169 3653 3221 sed
3700 3185 3799 3224 eos

2228 3245 2316 3312 qui
2375 3247 2608 3312 potentia
2661 3249 2797 3303 male
2829 3259 3051 3304 utuntur
3085 3273 3098 3307 :
3132 3254 3209 3308 sic
3241 3263 3294 3308 et
3340 3255 3440 3310 hoc
3484 3257 3600 3310 loco
3627 3299 3641 3323 ,
3686 3275 3796 3313 non

2228 3335 2366 3402 quod
2412 3339 2661 3404 pecunias
2711 3341 3079 3407 possiderent,
3111 3344 3202 3397 sed
3242 3346 3382 3412 quod
3429 3361 3548 3399 cum
3598 3349 3797 3417 ingenti

2228 3428 2376 3495 Copia
2399 3469 2412 3492 ,
2445 3439 2497 3480 et
2527 3430 2657 3481 ultra
2705 3433 3072 3486 necessitatem
3105 3434 3221 3488 illas
3259 3448 3626 3504 congererent.
3675 3438 3799 3492 Non

2226 3530 2360 3581 erat,
2397 3521 2582 3588 inquit,
2613 3539 2845 3574 numerus
2871 3524 3217 3578 thesaurorum
3245 3543 3436 3580 eorum.
3469 3525 3654 3599 Neque
3693 3532 3799 3586 hoc

2227 3610 2395 3662 solum
2419 3652 2432 3674 ,
2465 3611 2556 3665 sed
2586 3615 2724 3680 quod
2755 3613 2821 3667 de
2849 3614 3044 3670 divitiis
3070 3627 3123 3670 et
3151 3617 3220 3670 dc
3245 3634 3499 3685 equorum
3525 3622 3673 3686 copia
3707 3622 3794 3678 in-

2227 3700 2336 3753 llati
2358 3743 2372 3765 ,
2405 3704 2649 3769 paulatim
2678 3721 2705 3757 a
2734 3720 2828 3772 spe
2871 3706 2922 3759 in
2965 3707 3131 3761 Deum
3171 3710 3622 3776 abstrahcrcntur,
3652 3714 3796 3780 quod

2229 3789 2353 3857 ipsis
2379 3791 2536 3844 etiam
2566 3794 2687 3846 alibi
2719 3795 2968 3863 prepheta
3009 3797 3218 3851 dicebat
3246 3815 3258 3850 :
3298 3797 3384 3852 Vw
3411 3801 3493 3868 qui
3533 3803 3798 3869 conﬁdunt

2225 3881 2277 3932 in
2325 3882 2504 3934 virtute
2537 3899 2628 3935 sua
2656 3923 2669 3946 ,
2713 3895 2758 3938 et
2799 3887 2851 3938 in
2903 3887 3219 3942 multitudine
3269 3890 3556 3945 divitiarum
3591 3910 3796 3946 suarum

2225 3972 2504 4040 gloriantur
2531 3973 2697 4043 (Psal.
2733 3977 2819 4030 48.
2853 3978 2929 4044 7).
2958 3979 3034 4032 Ac
3061 3995 3266 4034 rursum
3298 3982 3419 4034 alibi
3448 3999 3458 4032 :
3482 3982 3598 4035 Non
3620 3985 3794 4036 salva-

2228 4071 2310 4112 tur
2333 4079 2420 4115 rex
2450 4080 2537 4130 per
2564 4065 2770 4116 multam
2795 4067 3044 4132 virtutem,
3067 4080 3112 4121 et
3139 4071 3277 4138 gigas
3313 4087 3410 4122 non
3440 4073 3709 4123 salvabitur
3739 4075 3795 4125 in

2226 4153 2542 4207 multitudine
2585 4157 2777 4208 virtutis
2815 4158 3105 4226 sute(Psal.
3131 4161 3217 4213 52.
3250 4161 3362 4230 16).
3400 4163 3693 4231 Iternmque
3737 4166 3792 4217 in

2225 4245 2329 4297 alio
2357 4246 2563 4299 Psalmo
2593 4263 2607 4299 :
2644 4246 2760 4299 Non
2787 4249 2837 4300 in
2864 4251 3154 4318 fortitudine
3174 4252 3285 4320 equi
3315 4253 3615 4304 voluntatem
3643 4255 3794 4306 liabe-

2225 4332 2326 4399 bit,
2360 4351 2446 4386 nec
2475 4337 2524 4387 in
2551 4337 2680 4388 tibiis
2707 4338 2798 4388 viri
2821 4337 3179 4406 beneplacitum
3206 4341 3296 4392 erit
3321 4343 3383 4392 ei.
3413 4341 3793 4410 Beueplacitum

2224 4434 2294 4475 est
2337 4423 2548 4476 Domino
2591 4443 2739 4493 super
2773 4429 2996 4480 timentes
3037 4445 3167 4481 eum.
3210 4429 3274 4482 Et
3310 4432 3515 4499 impleta
3548 4443 3618 4484 est
3659 4442 3794 4487 terra

2224 4515 2666 4569 abominationibus
2697 4534 2898 4582 Operam
2931 4537 3169 4573 manuum
3193 4539 3432 4584 suarum,
3461 4534 3506 4574 et
3540 4525 3792 4576 adorare-

2225 4617 2336 4656 runt
2363 4623 2471 4674 qua:
2493 4611 2710 4675 fecerunt
2739 4609 2882 4676 digiti
2914 4627 3083 4662 eorum
3110 4609 3276 4679 (Psal.
3307 4612 3423 4665 HO.
3454 4614 3561 4678 10).
3592 4615 3656 4668 Ut
3699 4629 3791 4665 sa-

2227 4697 2373 4762 piens
2400 4698 2651 4758 mcdicus,
2684 4699 2933 4764 propheta
2963 4700 3128 4752 morbi
3156 4716 3368 4753 causam
3397 4702 3541 4763 dicit,
3571 4716 3625 4756 et
3670 4704 3792 4755 fon-

2228 4793 2328 4835 tem
2356 4785 2692 4838 morlii.Cum
2725 4789 2861 4838 cnim
2891 4804 3072 4841 corum
3103 4789 3420 4857 impietatem
3451 4801 3795 4846 accusaturus

2225 4884 2386 4940 esset,
2417 4878 2720 4930 occasiones
2745 4878 2908 4931 morbi
2941 4881 3083 4946 prius
3110 4879 3260 4945 dixit,
3293 4881 3601 4945 avaritiam,
3634 4898 3793 4935 arro~

2225 4967 2452 5032 gantiam
2477 5007 2491 5030 ,
2520 4968 2896 5020 connubiorum
2927 4968 3209 5022 afﬁnitates
3236 4985 3339 5023 non
3381 4972 3574 5029 licitas,
3607 4972 3790 5024 decla-

2226 5070 2346 5109 rans
2368 5071 2460 5110 eos
2483 5057 2602 5110 hinc
2629 5059 2872 5127 paulatim
2900 5061 3262 5127 supplantatos
3291 5063 3338 5114 in
3359 5060 3618 5126 perniciei
3637 5064 3795 5115 bara-

2227 5145 2400 5198 thrum
2444 5150 2737 5211 corruisse,
2769 5158 2822 5201 et
2864 5149 2999 5201 idola
3039 5150 3306 5204 adorasse.
3343 5151 3538 5203 Deinde
3580 5152 3794 5206 illorum

2225 5239 2418 5290 cultum
2449 5239 2744 5304 traducens,
2764 5241 3032 5308 snbjungit
3055 5282 3068 5303 ,
3101 5240 3317 5310 Operam
3340 5258 3572 5292 mmmam
3596 5258 3791 5294 eorum.

2225 5328 2356 5393 Quid
2387 5330 2524 5380 enim
2572 5330 2675 5381 risu
2715 5329 2922 5399 dignius
2973 5331 3128 5382 fuerit
3173 5346 3325 5398 quam
3365 5345 3482 5383 cum
3511 5331 3668 5383 homo
3697 5330 3788 5383 dei

2224 5427 2430 5471 creator
2459 5420 2722 5471 efﬁcitur?
2752 5421 3205 5473 Abominationcm
3232 5436 3356 5473 vero
3386 5421 3650 5487 Scriptura
3688 5435 3792 5470 v0-

2226 5522 2346 5560 carc
2401 5509 2534 5561 solet
2583 5509 2762 5562 idola:
2810 5511 3032 5579 indeque
3083 5512 3401 5564 abominatio
3450 5509 3798 5563 tlcsolationis

2229 5610 2440 5652 vocatur
2469 5610 2638 5654 statua
2680 5602 2730 5653 in
2760 5603 2952 5669 templo
2978 5613 3170 5654 erecta.
3207 5601 3329 5653 Cum
3371 5603 3498 5652 enim
3530 5599 3748 5650 uideritis
3771 5635 3791 5662 ,

2235 5690 2430 5758 inquit,
2486 5691 2898 5745 abominationem
2944 5693 3258 5745 desolationis
3309 5700 3526 5743 stantem
3568 5689 3620 5739 in
3663 5687 3778 5742 loco
