4058 6216
255 364 331 419 35
1611 345 1675 400 ΙΝ
1716 341 1964 407 ΙΞΛΙΛΜ.
2004 342 2153 399 CAP.
2193 342 2257 397 ῐΙ.
3586 370 3657 426 36

247 470 593 543 ἁμαρτωλὸς,
623 469 779 533 ἀλλά,
800 466 1019 541 Πλήρῆς
1038 464 1341 537 ἁμαρτιῶν,
1370 464 1510 516 οὕτω
1534 463 1627 514 καὶ
1654 457 1906 521 ἐνταῦθα,

262 568 665 635 Ἐνεπλήσθη.
696 562 828 620 Εἶτα
852 566 1013 621 πάλιν
1033 564 1313 618 ἐπιτείνων
1328 562 1387 616 1:6
1414 561 1611 623 ὄνειδος
1635 557 1903 629 προσέθη-

247 686 367 731 κεν,
409 669 501 732 Ὠς
530 667 597 720 τὸ
631 667 731 721 ἀπ’
754 664 966 734 ἀρχῆς.
1012 665 1126 718 Ἀπ’
1145 662 1353 730 ἀρχῆς,
1395 660 1552 725 πότες
1599 658 1728 709 Ὅτε
1767 653 1898 707 Θεὸν

246 770 351 822 οὐκ
377 766 726 835 ἐγνώκεισαν,
755 766 841 817 ὅτε
861 764 1021 833 νόμον
1046 763 1144 815 οὐκ
1168 762 1498 831 εἰλήφεισαν,
1523 758 1612 809 ὅτε
1633 754 1730 824 τῆς
1756 752 1903 823 εὺερ⁴

247 867 441 934 γεσίας
462 863 623 917 αὑτοῦ
658 867 851 933 πεῖραν
882 863 1160 933 εἰληφότες
1191 861 1289 914 οὐκ
1315 855 1473 930 ἦσαν,
1499 857 1586 910 ὅτε
1633 852 1769 925 μετά
1794 850 1901 904 τῶν

247 964 419 1018 ἐθνῶν
464 964 621 1027 ἐζων,
674 965 812 1030 ὅπερ
866 961 1098 1031 ἐσχάτης
1143 959 1533 1029 καταγνώσεως
1588 951 1676 1027 ἦν,
1737 951 1900 1024 μηδὲν

245 1063 470 1133 ἄμεινον
492 1063 792 1116 διακεῖσθαι
820 1061 933 1127 νῦν,
969 1060 1105 1131 μετά
1131 1058 1228 1130 τὴν
1249 1059 1516 1131 τοσαύτην
1555 1059 1807 1131 πρόνοιάν
1842 1076 1901 1112 τε

247 1163 345 1213 καὶ
384 1164 719 1233 ἐπιμέλειαν,
761 1163 867 1216 τῶν
921 1161 1145 1233 μηδενὸς
1187 1162 1390 1214 τούτων
1434 1160 1899 1215 ἀπολελαυκότων.

248 1262 364 1314 Kal
380 1263 498 1315 οὐδὲ
528 1262 759 1318 ἐνταῦθα
786 1263 938 1329 ἔστη,
980 1261 1115 1316 ἀλλά
1155 1260 1545 1331 καταπλήττων
1579 1260 1771 1323 αὐτοὺς
1799 1260 1902 1313 πά-

249 1360 339 1414 λιν
391 1361 773 1429 προστέθεικεν
798 1378 813 1392 ·
862 1358 980 1432 [27]
1034 1360 1132 1425 Ὠς
1172 1360 1210 1426 ἠ
1255 1357 1374 1411 τῶν
1409 1357 1803 1425 ἀλλοφύλων·
1832 1360 1899 1427 τῇ

248 1461 535 1531 συγκρίσει
563 1460 657 1514 τοῦ
689 1461 977 1531 προσώπου
1009 1459 1110 1529 τὴν
1146 1457 1477 1529 κατηγορίαν
1521 1456 1902 1527 χαλεπωτέραν

246 1560 441 1613 ποιῶν.
476 1562 540 1613 Ὀ
572 1561 664 1613 καὶ
692 1558 901 1622 Παῦλος
935 1556 1121 1611 εἴωθεν
1155 1555 1483 1626 ἐργάζεσθαι
1525 1554 1761 1624 συνεχῶς
1783 1570 1795 1584 ·
1826 1554 1902 1619 ώς

247 1660 381 1713 ὅταν
413 1660 572 1730 λέγῃ·
606 1658 743 1726 Περί
776 1658 845 1711 δὲ
868 1656 985 1710 τῶν
1013 1657 1453 1724 κεκοιμημένων
1482 1657 1551 1709 οὐ
1577 1655 1727 1707 θέλω
1752 1653 1903 1723 ὑμᾶς

246 1759 508 1830 ἀγνοεῖν,
536 1759 804 1827 ἀδελφοί,
827 1760 925 1811 ἵνα
941 1757 1025 1826 μὴ
1058 1756 1356 1823 λυπῆσθε,
1380 1758 1458 1821 ὠς
1480 1757 1575 1809 καὶ
1620 1760 1672 1809 οἰ
1704 1758 1902 1810 λοιποί

247 1859 308 1912 οι
327 1857 411 1926 μὴ
441 1857 682 1923 ἔχοντες
709 1855 944 1908 ἐλπίδα·
970 1854 1065 1907 καὶ
1086 1853 1247 1907 πάλιν
1266 1869 1280 1885 ·
1305 1853 1536 1908 Είδέναι
1561 1852 1819 1907 ἕκαστον
1836 1856 1900 1909 τὸ

247 1956 467 2012 ἑαυτοῦ
496 1954 720 2020 σκεῦος
743 1953 993 2009 κτᾶσθαι
1021 1952 1091 2006 ἐν
1119 1951 1387 2021 ἁγιασμῷ
1410 1954 1509 2006 καί
1535 1953 1670 2022 τιμῇ
1681 1997 1692 2011 .
1710 1954 1795 2022 μὴ
1827 1954 1899 2008 ἐν

246 2056 419 2110 πάθει
435 2054 764 2121 ἐπιθυμίας.
797 2053 906 2105 Kal
928 2053 1027 2105 οὐκ
1044 2049 1285 2122 ἠρκέσθη
1313 2052 1501 2122 τούτῳ,
1518 2052 1651 2106 ἀλλά
1676 2054 1902 2124 προστέο

245 2161 396 2213 θεικε
426 2159 618 2226 λέγων,
642 2156 846 2220 Καθὼς
876 2156 975 2209 καί
1014 2160 1086 2208 τὰ
1113 2155 1294 2210 λοιπὰ
1318 2157 1459 2224 ἔθνη
1501 2158 1570 2211 τὰ
1594 2159 1676 2226 μὴ
1705 2159 1901 2212 εἰδότα

241 2261 355 2313 τὸν
380 2262 547 2312 Θεόν.
579 2258 825 2311 Μάλιστα
848 2256 955 2325 γὰρ
975 2249 1128 2317 οὗτος
1156 2256 1184 2307 6
1203 2254 1357 2322 λόγος
1384 2255 1597 2308 δάκνειν
1624 2257 1779 2309 εἴωθε
1809 2258 1902 2311 καὶ

241 2360 371 2423 τοὺς
408 2359 610 2429 σφόδρα
640 2356 1114 2419 ἀναπεπτωκότας.
1157 2357 1217 2409 Et
1242 2356 1299 2409 δέ
1340 2356 1577 2411 Ἰουδαῖοι
1618 2357 1787 2411 ταῦτα
1812 2359 1902 2426 ἐγ-

242 2459 555 2526 καλοῦνται,
602 2457 748 2520 τίνος
780 2455 845 2511 ἂν
877 2456 1133 2527 τύχοιμεν
1175 2456 1503 2528 συγγνώμης
1528 2459 1710 2527 ἡμεῖς,
1745 2458 1903 2519 ποίας

243 2557 562 2626 ἀπολογίας,
596 2557 645 2610 οί
671 2555 808 2626 μετά
838 2555 1000 2625 χάριν
1026 2553 1315 2624 τοσαύτην,
1359 2556 1452 2607 καὶ
1476 2555 1641 2625 τιμὴν
1673 2554 1896 2622 ἄφατον,

245 2656 342 2708 καὶ
374 2654 471 2718 τὰς
521 2654 818 2715 ἀθανάτους
852 2652 1090 2715 ἐλπίδας,
1142 2652 1277 2721 πρὸς
1321 2650 1417 2723 τὴν
1455 2652 1622 2723 αὐτὴν
1675 2653 1901 2717 ἐκείνοις

243 2754 680 2816 καταπίπτοντες
715 2752 936 2818 πενίαν;
976 2752 1085 2806 Kal
1132 2752 1240 2823 7&9
1289 2752 1471 2806 πολλοὶ⁵
1500 2753 1596 2806 καὶ
1640 2753 1736 2808 νῦν
1794 2755 1900 2808 εἰσι

242 2852 325 2921 τῷ
352 2851 617 2919 νοσήματι
648 2848 972 2918 κεχρημένοι
994 2847 1185 2919 τούτῳ,
1210 2848 1413 2902 καὶτὸν
1442 2850 1648 2903 ἐαυτῶν
1669 2850 1904 2920 διαφθεί-

249 2965 437 3018 ροντες
474 2948 607 3016 βίον,
632 2947 681 3000 οῖ
704 2950 772 3016 τῇ
794 2947 900 3000 τῶν
931 2947 1200 3017 κλῃδόνων
1229 2947 1420 3018 ἀλογίᾳ
1452 2949 1746 3013 ἐκδιδόντες
1776 2952 1901 3006 ἐαυο

241 3051 392 3113 τοὺς,
419 3048 556 3118 μετά
580 3045 674 3100 τοῦ
694 3045 771 3116 τῷ
786 3045 906 3115 Θεῷ
936 3045 1316 3117 προσκρούειν,
1345 3049 1601 3119 περιττάς
1629 3050 1901 3120 καρποῦνο

242 3165 339 3202 ται
371 3149 567 3210 λύπας,
613 3147 707 3199 καὶ
739 3145 876 3216 πρὸς
904 3145 1031 3208 τοὺς
1068 3146 1209 3215 ὑπὲρ
1242 3145 1343 3215 τῆς
1378 3148 1575 3217 ἀρετῆς
1621 3149 1901 3203 ἐκλύονται

244 3248 465 3309 πόνους.
515 3247 625 3299 Kal
685 3246 791 3317 7&9
830 3245 1158 3299 ἐσπούδακεν
1200 3246 1228 3299 6
1273 3245 1515 3309 διάϐολος
1552 3248 1643 3301 διὰ
1688 3250 1902 3303 πάντων

244 3350 410 3404 τοῦτο
441 3351 623 3401 πεῖσαι
646 3359 671 3388 ι
700 3346 827 3408 τοὺς
858 3347 1260 3416 ἀνοητοτέρους,
1287 3347 1367 3399 ὅτι
1392 3347 1489 3399 οὐκ
1514 3347 1600 3400 ἐπ’
1630 3348 1810 3413 αὐτοῖς
1834 3350 1904 3403 τὰ

248 3453 347 3521 τῆς
380 3451 580 3521 ἀρετῆς
634 3448 728 3501 καὶ
765 3446 835 3500 τὰ
874 3448 973 3517 τῆς
1024 3446 1240 3512 κακίας,
1290 3447 1408 3501 οὐδὲ
1460 3447 1740 3519 ἐλευθερίᾳ
1796 3451 1904 3503 τινὶ

244 3547 625 3621 προαιρέσεώς
644 3548 748 3600 είσι
776 3547 1146 3617 τετιμημένοι,
1176 3544 1340 3599 δύοδέ
1364 3545 1536 3600 ταῦτα
1559 3546 1626 3600 τὰ
1653 3548 1903 3617 αἴσχιστα

247 3647 595 3717 κατορθῶσαι
654 3645 995 3716 βουλόμενος,
1035 3644 1131 3699 καὶ
1184 3645 1311 3709 τοὺς
1368 3645 1506 3715 ὑπὲρ
1556 3646 1655 3715 τῆς
1704 3646 1903 3717 ἀρετῆς

249 3747 477 3801 ἐκλῦσαι
516 3747 730 3808 πόνους,
779 3745 875 3797 καὶ
914 3744 975 3796 τὸ
1021 3743 1272 3815 μέγιστον
1308 3745 1407 3815 τῆς
1449 3744 1759 3815 ἐλευθερίας
1801 3746 1905 3816 ἀφ-

247 3846 467 3901 ελέσθαι
488 3844 682 3915 δῶρον.
703 3842 872 3896 Τοῦτο
894 3841 982 3895 διά
1008 3842 1298 3913 κλῃδόνων,
1319 3840 1474 3895 τοῦτο
1488 3842 1575 3895 διὰ
1599 3842 1902 3914 συμϐόλων,

245 3945 409 4000 τοῦτο
453 3942 542 3996 διὰ
576 3942 1004 4013 παρατηρήσεως
1037 3939 1278 4012 ήμερῶν,
1305 3938 1461 3993 τοῦτο
1496 3940 1584 3995 διὰ
1617 3940 1709 3995 τοῦ
1741 3959 1903 4013 πον-η·

253 4046 347 4119 ροῦ
376 4046 471 4115 τῆς
503 4042 840 4113 εἱμαρμένης
867 4041 1154 4113 δόγματος,
1181 4040 1337 4094 τοῦτο
1365 4041 1433 4095 δι’
1460 4041 1658 4111 ἐτέρων
1694 4042 1903 4096 πολλῶν

250 4150 333 4210 εἰς
368 4146 461 4198 τὸν
494 4143 606 4213 βίον
637 4143 898 4211 εἰσήγαγε
934 4142 994 4193 τὸ
1036 4141 1268 4210 χαλεπὸν
1314 4142 1545 4212 νόσημα,
1592 4144 1767 4195 πάντα
1793 4143 1903 4197 ἀνω

250 4246 346 4297 καὶ
372 4243 524 4297 κάτω
549 4241 736 4293 ποιῶν.
767 4241 847 4291 Δι’
876 4238 904 4291 6
929 4238 993 4308 δὴ
1024 4239 1118 4293 καὶ
1150 4240 1178 4293 6
1211 4242 1493 4311 προφήτης
1516 4240 1759 4310 σφοδρῶς
1776 4240 1903 4311 ἔστη

251 4340 598 4411 κατηγορῶν,
644 4337 784 4390 ῶστε
816 4338 1111 4408 πρόρριζον
1136 4338 1443 4392 ἀνασπάσαι
1472 4338 1531 4389 τὸ
1560 4338 1748 4401 πάθος.
1796 4340 1903 4393 Καὶ

248 4437 432 4489 τέκνα
460 4434 660 4486 πολλὰ
680 4434 1001 4501 ἀλλόφυλα
1028 4433 1312 4502 ἐγεννήθη
1335 4432 1553 4499 αὐτοῖς.

322 4533 385 4599 ζ’.
408 4533 476 4586 Τί
508 4534 646 4595 ἐστι,
675 4531 861 4586 Τέκνα
888 4531 1204 4599 ἀλλόφυλα
1230 4548 1249 4595 ;
1280 4532 1459 4603 Νόμος
1484 4528 1551 4604 ἦν
1572 4533 1751 4597 αὐτοῖς
1774 4533 1908 4587 ἄνω-

251 4635 344 4687 θεν
370 4634 622 4702 κείμενος
644 4632 730 4686 διὰ
758 4631 818 4685 τὸ
847 4631 945 4701 τῆς
970 4630 1193 4700 γνώμης
1224 4632 1250 4671 ι)
1282 4632 1571 4696 εὐόλισθον,
1597 4634 1690 4687 καὶ
1720 4634 1780 4687 τὸ
1807 4633 1906 4703 τῆς

249 4731 489 4792 διανοίας
524 4730 947 4798 εὐεξαπάτητον,
994 4730 1180 4800 μηδενὶ
1220 4729 1329 4782 τῶν
1366 4729 1564 4784 λοιπῶν
1611 4731 1907 4802 ἀνθρώπων

252 4826 662 4898 ἐπιμίγνυσθαι,
697 4826 838 4878 ὥστε
888 4825 962 4896 μὴ
1002 4826 1258 4890 τοιαύτας
1300 4828 1616 4895 συγγενείας
1654 4829 1905 4891 ἀσεϐείας

252 4925 510 4979 ὑπόθεσιν
536 4924 805 4991 γενέσθαι.
846 4924 1064 4995 Ἐπειδὴ
1084 4925 1191 4996 7&9
1222 4927 1282 4979 οὺ
1313 4928 1468 4995 μόνον
1507 4927 1723 4997 ἐτέρους
1767 4928 1905 4997 διορ-

253 5024 425 5078 θῶσαι
457 5025 557 5077 οὑκ
610 5026 810 5093 ἴσχυον,
856 5024 969 5078 ἀλλ’
1003 5025 1121 5077 ούδέ
1163 5024 1260 5096 τὴν
1300 5028 1429 5097 παρ’
1470 5026 1667 5096 ἐτέρων
1707 5022 1807 5079 οἷοί
1847 5043 1905 5079 τε

251 5120 395 5195 ἦσαν
448 5123 831 5194 διακρούεσθαι
859 5122 1084 5193 βλάϐην,
1113 5123 1190 5195 τῷ
1233 5125 1380 5195 νόμῳ
1409 5126 1649 5195 τειχίσας
1690 5124 1902 5187 αὐτοὺς.

252 5224 471 5293 καὶτῆς
498 5222 633 5294 πρὸς
664 5223 789 5287 τοὺς
814 5222 1033 5285 λοιποὺς
1060 5223 1337 5293 ἐπιμιξίας
1365 5224 1558 5285 αὐτοὺς
1575 5224 1902 5293 ἀποστήσας,

251 5324 377 5378 κατ’
424 5323 559 5375 ἰδίαν
606 5323 797 5386 αὐτοὺς
830 5321 1058 5375 ἔπλαττε
1092 5320 1187 5374 καὶ
1238 5321 1561 5392 ἐῤῥύθμιζεν
1582 5340 1595 5353 ·
1630 5323 1905 5391 ἀγαπητὸν

255 5408 367 5479 γὰρ
401 5404 468 5478 ἦν
504 5411 597 5461 καὶ
618 5408 789 5471 οὕτως
816 5408 1115 5478 ἀγομένους
1140 5408 1427 5479 δυνηθῆναι
1453 5411 1771 5479 διατηρῆσαι
1813 5408 1906 5477 τὴν

253 5508 410 5577 παρά
441 5506 536 5559 τοῦ
566 5508 699 5560 Θεοῦ
716 5508 1001 5579 δεδομένην
1030 5507 1302 5561 πολιτείαν
1320 5509 1518 5571 αὐτοῖς.
1556 5509 1693 5561 Ἀλλ’
1722 5507 1906 5578 ὥσπερ

318 5680 342 5705 ⁸
370 5678 520 5725 Savil.
556 5685 608 5727 et
636 5680 757 5740 Reg.
797 5680 873 5728 διὰ
906 5679 1092 5727 πάντων
1137 5678 1279 5727 τοῦτο
1317 5679 1495 5740 πεῖσαι,
1549 5678 1725 5725 melius
1768 5692 1907 5738 quam

253 5738 433 5802 Morel.
457 5746 509 5802 ενι
532 5738 807 5802 Bavarfqui
829 5740 970 5788 habel
994 5741 1170 5787 τούτων
1192 5740 1384 5802 πεῖσαι,
1423 5739 1542 5788 Infra
1572 5740 1653 5785 δύο
1677 5741 1725 5787 δὲ
1746 5740 1904 5786 ταῦτα.

255 5800 465 5847 Allenus
486 5800 752 5869 leggndum‘
771 5808 907 5863 putat
931 5803 1012 5850 δύο
1037 5804 1092 5859 δὴ
1116 5801 1278 5849 ταῦτα.
1310 5800 1431 5850 Infra
1462 5802 1537 5849 διὰ
1558 5802 1819 5862 συμϐόλων,
1862 5802 1907 5851 Id

259 5868 355 5908 ('s'l.
379 5873 463 5908 per
489 5872 664 5908 omma.

266 5990 273 5995 ι
320 5898 355 5958 ιί
378 5898 494 5976 [lt-:4.
527 5931 578 5970 el
618 5924 762 5972 Savil.
795 5929 874 5981 τῆς
892 5924 1123 5984 γνώσεως.

2014 458 2113 519 τὰς
2166 458 2329 519 άλλας
2377 457 2703 527 παρέϐαινον
2749 460 2986 527 ἐντολὰς,
3016 462 3156 514 οῦτω
3198 462 3263 533 δὴ
3313 464 3406 518 καὶ
3452 466 3655 534 ταύτης

2016 543 2378 613 ὑπεριδόντες,
2435 546 2737 615 μετέϐησαν
2760 548 2895 617 πρὸς
2937 548 3038 611 τὰς
3080 550 3187 602 τῶν
3238 550 3465 619 πλησίον
3507 553 3658 622 ἀγχι-

2012 643 2213 705 στείας,
2250 642 2341 695 καὶ
2360 643 2575 713 νύμφας
2595 646 2799 699 ἐκεῖθεν
2824 647 3077 717 ἀγόμενοι
3102 658 3124 685 ε
3160 648 3311 719 παρά
3332 649 3656 713 Μωαϐιτῶν,

1994 750 2124 823 ’[28]
2156 755 2307 825 παρά
2348 756 2728 826 Ἀμμανητῶν,
2777 758 2906 829 παρ’
2964 758 3163 829 ἐτέρων
3205 759 3414 813 ἀσεϐῶν
3465 758 3657 823 ἐθνῶν,

2010 852 2234 917 καὶτὰς
2285 855 2447 918 ἀλλας
2499 855 2862 925 ἀσπαζόμενοι
2918 858 3252 926 συγγενείας,
3310 858 3658 923 διδασκάλους

2010 953 2271 1024 πονηρίας
2291 954 2548 1024 ἐδέχοντο,
2566 956 2656 1007 καὶ
2674 956 2733 1007 τὸ
2753 957 2851 1026 τῆς
2871 957 3143 1025 εὐγενείας
3159 959 3416 1027 ἀκέραιον
3432 957 3661 1027 διέφθει-

2011 1068 2122 1121 ρον.
2156 1051 2323 1105 Τοῦτο
2357 1054 2532 1106 τοίνυν
2559 1055 2695 1123 μετὰ
2719 1054 2825 1107 τῶν
2850 1055 3023 1109 ἄλλων
3052 1056 3081 1107 6
3111 1058 3395 1128 προφήτης
3416 1056 3654 1125 ἐγκαλεῖ.

2021 1153 2393 1222 Ἐνεπλήσθη
2412 1156 2519 1224 γὰρ
2551 1158 2589 1223 ἠ
2613 1156 2769 1225 χώρα
2788 1157 3005 1219 αὐτῶν.
3046 1162 3227 1229 φησιν,
3262 1159 3657 1229 ὰρτινρίουκαι

2009 1253 2284 1319 χρυσίου,
2312 1254 2409 1307 καί
2436 1257 2545 1307 οὐκ
2574 1255 2653 1323 ἦν
2681 1257 2924 1325 ἀριθμὸς
2951 1256 3070 1311 τῶν
3089 1259 3405 1325 θησαυρῶν
3438 1256 3655 1311 αὐτῶν.

2007 1348 2111 1401 Καὶ
2126 1349 2469 1419 ἐνεπλήσθη
2486 1354 2522 1419 ἡ
2540 1352 2615 1421 γῆ
2631 1353 2827 1407 αὐτῶν
2846 1355 3062 1418 ἵππων,
3076 1355 3171 1408 καὶ
3189 1358 3298 1409 οὐκ
3318 1352 3396 1424 ἦν
3415 1354 3660 1423 ἀριθμὸς

2008 1445 2128 1501 τῶν
2159 1449 2431 1517 ἁρμάτων
2472 1450 2685 1504 αὐτῶν.
2719 1452 2827 1506 Kal
2855 1456 3003 1505 ποῖον
3042 1453 3289 1525 ἔγκλημα
3315 1452 3491 1514 τοῦτο,
3529 1453 3659 1515 ῖσως

2009 1544 2150 1596 εῖποι
2172 1563 2252 1609 τις
2274 1547 2360 1612 ἂν,
2384 1549 2442 1600 τὸ
2468 1550 2723 1619 χρήματα
2762 1549 2925 1620 ἐχειν,
2962 1551 3056 1602 καὶ
3096 1552 3291 1613 ῖππους
3334 1549 3657 1619 κεκτῆσθαι,

2010 1649 2104 1701 καὶ
2134 1651 2365 1719 μάλιστα
2395 1653 2486 1703 ἐπὶ
2510 1654 2608 1722 τῆς
2641 1655 2832 1721 γενεᾶς
2853 1654 3087 1724 ἐκείνης,
3134 1655 3220 1706 ὅτε
3253 1655 3313 1706 ού
3360 1653 3528 1725 πολλὴ
3566 1671 3660 1722 φι-

2009 1750 2257 1820 λοσοφίας
2296 1749 2361 1823 ἦν
2398 1754 2684 1824 ἀκρίϐεια;
2714 1754 2779 1807 Τί
2806 1751 2897 1809 οῦν
2926 1755 2990 1809 ἂν
3016 1756 3259 1824 εἴποιμεν
3282 1774 3295 1820 ;
3318 1756 3439 1807 Ὀτι
3472 1755 3533 1806 ού
3559 1754 3660 1826 τήν

2009 1853 2201 1921 χρῆσιν
2252 1853 2544 1917 διέϐαλλεν,
2594 1855 2726 1909 ἀλλά
2768 1854 2864 1926 τὴν
2908 1853 3129 1925 γνώμην
3166 1856 3263 1924 τὴν
3296 1855 3393 1906 οὐκ
3433 1855 3511 1917 εἰς
3542 1853 3662 1906 δέον

2009 1956 2189 2019 αὐτοῖς
2219 1957 2576 2028 κεχρημένην.
2618 1960 2825 2028 Ὠσπερ
2876 1958 2984 2027 γὰρ
3040 1958 3166 2010 ὅταν
3213 1957 3363 2025 λέγῃ,
3412 1955 3551 2010 Οὐαί
3603 1959 3659 2009 οι

2010 2056 2340 2123 ἰσχύοντες,
2372 2056 2431 2107 ού
2464 2057 2561 2125 τὴν
2602 2056 2915 2109 δυναστείαν
2949 2056 3207 2117 αἰτιᾶται,
3237 2054 3369 2108 ἀλλὰ
3404 2056 3528 2116 τοὺς
3560 2070 3659 2107 κα-

2007 2153 2117 2214 κῶς
2148 2156 2213 2223 τῇ
2242 2154 2522 2222 δυναστείᾳ
2554 2155 2953 2224 κεχρημένους·
3000 2154 3141 2207 οῦτω
3179 2153 3242 2224 δή
3279 2155 3370 2206 καὶ
3405 2153 3659 2216 ἐνταῦθα,

2007 2250 2102 2319 οὐχ
2138 2253 2217 2304 ὅτι
2250 2255 2505 2323 χρήματα
2538 2253 2846 2322 ἐκέκτηντο,
2891 2252 3008 2306 ἀλλ’
3046 2254 3125 2306 ὅτι
3168 2253 3305 2322 μετά
3338 2254 3535 2324 πολλῆς
3563 2255 3660 2324 τῆς

2008 2351 2340 2420 περιουσίας,
2392 2351 2484 2402 καὶ
2534 2350 2673 2419 ὑπὲρ
2715 2351 2819 2421 τὴν
2874 2352 3060 2421 χρείαν
3112 2352 3360 2421 συνῆγον.
3401 2355 3521 2404 οὐκ
3558 2348 3659 2419 ἦν,

2006 2448 2189 2517 φησὶν,
2223 2450 2467 2517 ἀριθμὸς
2492 2448 2612 2501 τῶν
2658 2449 2975 2517 θησαυρῶν
3006 2450 3221 2503 αὐτῶν.
3270 2452 3378 2504 Kal
3405 2452 3464 2503 ού
3501 2450 3659 2503 τοῦτο

2010 2548 2189 2618 μόνον,
2232 2548 2348 2602 ἀλλ’
2397 2549 2479 2603 δτι
2516 2549 2886 2619 πεφυσημένοι
2933 2548 3011 2619 τῷ
3056 2549 3268 2620 πλούτῳ
3304 2552 3395 2603 καὶ
3432 2554 3498 2622 τῇ
3549 2551 3660 2603 τῶν

2007 2647 2189 2700 ῖππων
2231 2648 2516 2719 δυναστείᾳ
2559 2648 2701 2701 κατά
2750 2648 2941 2719 μικρὸν
3002 2648 3111 2701 ἀπὸ
3150 2650 3249 2719 τῆς
3290 2650 3368 2714 είς
3409 2650 3499 2703 τὸν
3526 2650 3660 2704 Θεὸν

2006 2746 2219 2811 ἐλπίδος
2259 2748 2645 2821 παρεσύροντο,
2670 2749 2699 2802 6
2728 2750 2819 2803 καὶ
2855 2749 3086 2819 ἀλλαχοῦ
3117 2751 3296 2814 αὐτοῖς
3323 2753 3353 2803 6
3378 2753 3660 2824 προφήτης

2006 2848 2215 2918 ἔλεγεν·
2256 2851 2398 2905 Οὐαὶ
2431 2854 2484 2904 οι
2511 2851 2857 2917 πεποιθότες
2888 2852 2985 2904 ἐπὶ
3031 2851 3107 2919 τῇ
3143 2851 3389 2922 δυνάμει
3438 2854 3658 2920 αὐτῶν,

2007 2950 2105 3003 καί
2136 2950 2232 3004 ἐπὶ
2266 2949 2345 3015 τῷ
2378 2950 2590 3016 πλήθει
2624 2950 2729 3005 τοῦ
2754 2952 3019 3006 πλούτου
3049 2953 3251 3006 αὐτῶν
3285 2952 3657 3023 ἐγκαυχώμε-

2005 3061 2119 3099 νοι.
2153 3046 2260 3098 Kal
2291 3045 2448 3099 πάλιν
2490 3046 2745 3117 ἑτέρωθι·
2805 3049 2889 3101 Οὐ
2939 3046 3180 3108 σώζεται
3217 3049 3515 3114 βασιλεὺς
3562 3049 3660 3103 διὰ

2005 3146 2245 3215 πολλὴν
2273 3148 2543 3218 δύναμιν,
2570 3147 2665 3200 καί
2694 3148 2865 3215 τίτας
2889 3148 2962 3201 οὐ
2988 3147 3321 3213 σωθήσεται
3348 3148 3420 3201 ἐν
3446 3149 3658 3214 πλήθει

2009 3251 2220 3319 ίσχύος
2254 3248 2457 3304 αὑτοῦ.
2500 3248 2609 3302 Kal
2629 3250 2685 3301 ἐν
2716 3248 2885 3318 ἐτέρῳ
2930 3247 2987 3300 δὲ
3020 3246 3179 3301 πάλιν
3224 3247 3422 3318 ψαλμῷ
3465 3265 3657 3319 φησιν·

2003 3352 2123 3404 Οὐκ
2158 3350 2226 3402 ἐν
2261 3347 2335 3416 τῇ
2361 3349 2679 3415 δυναστείᾳ
2720 3348 2826 3401 τοῦ
2872 3348 3060 3400 ἵππου
3111 3346 3374 3411 θελήσει,
3421 3349 3559 3402 οὔτε
3593 3350 3663 3402 ἐν

2010 3452 2136 3517 ταῖς
2173 3452 2424 3521 κνήμαις
2458 3451 2563 3505 τοῦ
2592 3450 2807 3517 ἀνδρὸς
2836 3449 3087 3505 εὐδοκεῖ.
3134 3448 3419 3502 Εὑδοκεῖά
3451 3452 3664 3520 Κίφιος

2008 3550 2105 3602 ἐπὶ
2137 3550 2278 3616 τοὺς
2320 3550 2724 3619 φοϐουμένους
2763 3548 2967 3601 αὐτόν.
3008 3547 3115 3601 Καὶ
3140 3547 3488 3616 ἐνεπλήσθη
3520 3551 3557 3617 ἠ
3584 3552 3664 3620 γῆ

2004 3648 2436 3717 ,βδελυγμάτων
2484 3645 2602 3699 τῶν
2652 3648 2839 3714 ἔργων
2884 3644 3003 3698 τῶν
3046 3645 3258 3714 χειρῶν
3308 3646 3526 3712 αὐτῶν,
3562 3651 3661 3703 καί

2010 3749 2475 3817 προσεκύνησαν
2525 3740 2615 3810 οἷς
2661 3746 2955 3813 ἐποίησαν
2998 3748 3053 3799 οι
3098 3744 3380 3799 δάκτυλοι
3444 3746 3661 3802 αὐτῶν.

2011 3848 2221 3919 Ὠσπερ
2261 3848 2419 3917 σοφὸς
2449 3846 2649 3918 ίατρὸς,
2690 3847 2718 3899 6
2765 3846 3046 3916 προφήτης
3086 3845 3178 3897 τοῦ
3217 3846 3522 3916 νοσήματος
3565 3847 3668 3916 τὴν

2010 3947 2187 4001 αἰτίαν
2218 3946 2384 4014 λέγει,
2409 3946 2500 3998 καὶ
2525 3946 2624 4016 τήν
2650 3942 2829 4015 πηγήν
2856 3942 2948 3997 τοῦ
2963 3944 3284 4014 νοσήματος.
3313 3944 3535 3997 Μέλλων
3555 3945 3667 4016 γάρ

2012 4046 2331 4115 κατηγορεῖν
2373 4043 2548 4096 αὐτῶν
2594 4042 2691 4112 τὴν
2736 4041 3009 4105 ἀσέϐειαν,
3067 4041 3353 4115 προλαϐὼν
3399 4036 3519 4095 εἷπε
3565 4046 3665 4107 τὰς

2011 4142 2264 4213 ἀφορμὰς
2300 4142 2399 4211 τῆς
2447 4140 2775 4211 ἀρρωστίας,
2826 4139 3208 4214 φιλαργυρίαν,
3249 4141 3525 4206 ἀπόνοιαν,
3565 4142 3664 4204 τὰς

2011 4242 2071 4293 οὐ
2112 4240 2487 4312 προσηκούσας
2534 4238 2834 4309 ἐπιμιξίας,
2887 4239 3061 4308 δηλῶν
3113 4240 3193 4292 ὅτι
3241 4238 3487 4293 ἐντεῦθεν
3521 4240 3667 4298 κατὰ

2015 4339 2205 4410 μικρὸν
2233 4339 2693 4408 ὐπεσκελίσθησαν
2726 4340 2806 4400 είς
2844 4337 2903 4390 τὸ
2935 4338 3034 4403 τῆς
3068 4337 3338 4397 ἀπωλείας
3369 4336 3663 4405 βάραθρον,

2014 4439 2108 4491 καὶ
2152 4437 2341 4491 εἴδωλα
2391 4436 2818 4507 προσεκύνησαν.
2854 4429 2984 4488 Εῐτα
3030 4433 3306 4503 κωμῳδῶν
3348 4434 3525 4487 αὐτῶν
3566 4436 3665 4506 τὴν

2012 4537 2321 4610 θρησκείαν,
2352 4538 2616 4604 ἐπήγαγε,
2659 4535 2779 4586 Τῶν
2818 4535 3004 4603 ἔργων
3036 4532 3154 4587 τῶν
3186 4533 3398 4600 χειρῶν
3444 4532 3660 4587 αὐτῶν.

2013 4638 2077 4691 Τί
2119 4638 2225 4707 γὰρ
2260 4638 2324 4689 ἂν
2362 4636 2567 4703 γένοιτο
2608 4633 3134 4703 καταγελαστότερον
3178 4631 3325 4694 ἄλλο,
3362 4632 3397 4702 ἢ
3420 4632 3545 4684 ὅταν
3572 4632 3664 4684 ἇν-

2013 4740 2226 4811 θρωπος
2246 4736 2569 4807 δημιουργὸς
2594 4732 2626 4807 ᾗ
2652 4736 2771 4788 θεοῦ
2792 4753 2806 4801 ;
2828 4734 3106 4803 Βδέλυγμα
3135 4732 3189 4783 δὲ
3212 4731 3398 4783 εἴωθεν
3424 4732 3667 4805 ήΓραφὴ

2014 4841 2195 4893 καλεῖν
2238 4838 2305 4890 τὰ
2334 4838 2558 4891 εἴδωλα·
2592 4834 2839 4888 ἐντεῦθεν
2881 4836 2974 4888 καὶ
3015 4834 3287 4903 βδέλυγμα
3336 4830 3667 4901 ἐρημώσεως

2012 4941 2225 5008 λέγεται
2248 4942 2276 4993 6
2294 4939 2509 5010 ἀνδριάς
2529 4940 2557 4990 6
2578 4939 2669 4989 ἐπὶ
2686 4936 2777 4989 τοῦ
2793 4935 2919 4989 ναοῦ
2942 4934 3130 4996 ἐστώς.
3157 4931 3460 5000 "Utar-7&9
3483 4932 3667 4999 τδητε,

2013 5040 2162 5107 φησὶ,
2191 5038 2256 5091 τὸ
2279 5038 2591 5105 ,ϐδέλυγμα
2628 5035 2735 5101 τῆς
2768 5032 3114 5101 ἐρημώσεως
3168 5028 3358 5094 ἑστὼς
3398 5029 3467 5081 ἐν
3509 5030 3672 5093 τόπῳ

2012 5139 2155 5207 ἁγίῳ
2186 5155 2198 5168 °
2235 5140 2267 5191 ό
2302 5136 2727 5205 ἀναγινώσκων
2771 5134 2998 5186 νοείτω.
3067 5129 3279 5198 Ἐπειδὴ
3321 5127 3431 5198 7&9
3475 5129 3668 5193 αὐτοὺς

2013 5238 2261 5305 ἀπήγαγε
2294 5236 2386 5288 τοῦ
2415 5235 2547 5303 πρὸς
2578 5233 2647 5285 τὰ
2670 5231 2901 5302 αίσθητά
2933 5232 3248 5297 ἐπτοῆσθαι,
3297 5230 3670 5299 ἀπηγόρευσεν

2013 5338 2189 5399 αὐτοῖς
2239 5336 2344 5388 πᾶν
2378 5334 2719 5401 ἐξεικόνισμα
2754 5332 3007 5401 ποιῆσαι·
3068 5333 3159 5382 καὶ
3208 5330 3482 5400 βδέλυγμα
3514 5326 3669 5378 τοῦτο

2014 5436 2255 5499 ἐκάλεσε,
2286 5433 2567 5505 πόρρωθεν
2588 5432 2781 5494 αὐτοὺς
2808 5430 3144 5483 ἀναστέλλων
3173 5431 3272 5499 τῆς
3296 5427 3547 5488 ἀσεϐείας
3569 5442 3582 5455 ·
3610 5425 3670 5477 τὸ

2014 5534 2119 5603 γάρ
2160 5533 2529 5603 βδελύττεσθαι
2578 5532 2637 5584 τὸ
2682 5532 2797 5601 μεθ’
2827 5530 3129 5601 ὑπερϐολῆς
3164 5531 3278 5581 ἐστι
3343 5528 3541 5597 μισεῖν,
3590 5524 3664 5587 ὡς

2015 5634 2340 5703 ἀκάθαρτον,
2362 5632 2436 5693 ώς
2467 5631 2673 5697 ἐναγές.
2725 5632 2798 5683 Τὸ
2831 5631 3007 5683 τοίνυν
3050 5629 3319 5698 βδέλυγμα
3354 5624 3413 5677 τὸ
3446 5622 3672 5694 μισητὸν

2080 5867 2099 5891 θ
2132 5863 2248 5919 Reg.
2277 5864 2323 5906 ct
2344 5857 2495 5905 Savil.
2522 5854 2813 5919 ἀναγόμενοι.
2898 5913 2906 5919 1

2079 5922 2103 5959 *1
2129 5909 2245 5982 Reg.
2274 5920 2467 5967 εὐδοκιεῖ
2503 5920 2548 5965 in
2576 5909 2749 5974 fu'lu'ro,
2776 5913 2909 5973 quasi
2933 5910 2991 5959 ab
3022 5909 3263 5964 εύδοκίζω.
