4058 6216
205 371 282 425 37
1510 367 1575 421 IN
1634 363 1876 430 ISAIAM,
1905 363 2053 420 CAP.
2099 366 2160 421 ΙΙ.
3379 376 3450 432 33

196 488 374 530 uincto
396 495 416 542 ;
442 479 529 547 qui
558 479 705 549 legit,
736 478 983 550 intelligat
1013 478 1223 550 (Matth.
1256 478 1343 531 24.
1378 480 1485 547 15).
1511 480 1771 547 Quoniam

199 567 340 619 enim
362 567 509 634 ipsos
528 569 815 622 abduxerat
833 583 899 622 ne
919 570 1129 622 sensilia
1160 568 1567 633 admirarentur,
1596 566 1775 636 prohi-

197 657 312 710 buit
329 658 458 726 ipsis
477 675 543 713 ne
562 660 799 729 quamvis
820 661 1100 729 imaginem
1126 660 1357 713 facerent
1374 680 1385 722 ;
1405 660 1632 728 illudque
1654 659 1775 711 abo-

199 745 550 803 minationem
576 751 802 812 vocavit,
831 751 1012 818 procul
1044 750 1161 804 illos
1186 766 1409 805 avocans
1437 752 1502 802 ab
1533 761 1773 817 impieta-

196 844 251 888 te
278 836 647 909 (Dan.9.27).
678 839 806 893 Nam
839 840 1133 893 abominari
1163 854 1319 907 supra
1354 839 1567 892 nmdum
1596 838 1771 891 odisse

194 937 311 992 est,
364 930 516 997 quasi
563 931 857 999 impurum,
902 932 1051 1000 quasi
1103 930 1505 983 exsecrandum.
1552 927 1770 981 Abomi-

196 1017 379 1072 nabile
407 1019 581 1087 igitur,
627 1034 868 1086 perosum
896 1031 952 1072 et
979 1022 1252 1073 aversione
1288 1020 1500 1086 dignum
1539 1019 1589 1070 in
1632 1017 1771 1070 Scri-

202 1115 353 1173 ptura
384 1107 594 1162 dieitur.
630 1110 829 1163 Idolum
861 1120 1035 1163 autem
1065 1110 1285 1178 quodvis
1328 1108 1624 1176 bujusmodi
1666 1115 1765 1160 est.

197 1193 267 1246 Et
295 1197 627 1252 adorauerunt
651 1215 761 1267 qua,
786 1204 1007 1266 fecerunt
1032 1200 1176 1268 digiti
1196 1216 1386 1252 eorum.
1416 1198 1468 1251 9.
1494 1197 1559 1250 Et
1597 1198 1770 1249 incur-

192 1288 328 1337 eavit
376 1304 428 1340 se
466 1288 647 1352 homo,
676 1300 720 1341 et
761 1292 1053 1344 humiltatus
1081 1299 1153 1344 est
1192 1294 1285 1343 vir.
1316 1288 1767 1357 Quemadmodum

195 1377 337 1428 enim
370 1378 609 1431 adoratio
636 1380 723 1433 Dei
752 1381 1018 1434 hominem
1046 1382 1097 1433 in
1125 1382 1284 1433 altum
1314 1379 1511 1444 evehit,
1555 1380 1629 1431 sic
1672 1378 1769 1430 ad-

194 1467 368 1517 oratiu
399 1482 580 1520 eorum
606 1470 854 1538 depritnit
883 1471 1179 1538 dejicitque.
1201 1469 1333 1535 Quid
1357 1471 1493 1521 enim
1516 1468 1769 1536 abiectius

195 1552 415 1609 homine
436 1598 449 1618 ,
481 1558 567 1625 qui
609 1573 638 1610 a
664 1561 829 1611 salute
856 1560 1071 1622 decidit,
1105 1560 1574 1627 universorumque
1606 1559 1766 1611 Deum

195 1644 469 1697 inimicom
498 1648 596 1699 sibi
631 1648 895 1713 reddidit,
928 1648 1017 1717 qui
1050 1648 1348 1701 inanimatis
1383 1662 1441 1699 se
1481 1647 1757 1709 submittit,

194 1744 247 1785 et
278 1735 480 1801 lapides
506 1737 665 1789 colit?
688 1738 826 1790 Deus
843 1738 1039 1807 quippe
1069 1741 1120 1791 in
1152 1747 1348 1790 tantum
1382 1754 1477 1790 nos
1511 1738 1764 1791 honorem

194 1822 409 1886 evexit,
435 1833 491 1877 ut
514 1826 658 1879 caalis
683 1828 838 1880 etiarn
869 1842 966 1881 nos
991 1828 1325 1881 sublitniores
1351 1827 1627 1890 redderet;
1650 1828 1754 1879 dia-

192 1910 353 1967 bolos
374 1928 466 1967 eos
494 1916 581 1984 qui
612 1917 709 1971 sibi
740 1917 1167 1985 obsequebantur
1197 1918 1247 1969 in
1281 1926 1477 1969 tantam
1510 1917 1762 1969 vilitatem

192 2003 433 2071 deduxit,
463 2015 520 2061 ut
549 2007 884 2062 insensilibus
907 2009 1267 2062 insensiliores
1299 2008 1517 2061 faceret.
1546 2008 1668 2061 Ideo
1692 2007 1764 2060 ait

193 2094 450 2162 propheta
481 2112 495 2147 :
528 2095 832 2149 Humiliatus
869 2107 940 2150 est
979 2098 1072 2150 vir.
1118 2095 1428 2151 Sufficiebat
1464 2106 1606 2149 certe
1650 2096 1762 2149 haec

193 2187 461 2240 accusatio
489 2196 547 2241 ut
583 2198 756 2242 mente
787 2188 1063 2256 przeditum
1093 2189 1159 2242 ab
1189 2189 1289 2242 hoc
1318 2187 1503 2241 morbo
1528 2188 1760 2241 abduce-

194 2287 292 2327 ret.
326 2276 520 2330 Verum
565 2278 683 2346 quia
724 2279 962 2348 plerique
991 2278 1232 2332 homines
1259 2293 1362 2331 non
1392 2286 1496 2331 tam
1548 2290 1759 2346 peccata

192 2380 350 2432 quam
380 2368 633 2434 supplicia
684 2366 989 2432 formidant,
1019 2368 1107 2421 ille
1141 2368 1453 2437 supplicium
1499 2367 1756 2435 adiunxit,

190 2454 376 2509 dicens
408 2472 421 2508 :
473 2455 591 2510 Non
634 2457 880 2509 dimittam
909 2474 1012 2511 eos.
1044 2456 1156 2511 Non
1198 2457 1532 2522 condonabo,
1566 2457 1755 2525 inquit,

192 2559 296 2596 non
324 2544 609 2610 dimittam,
634 2562 736 2600 non
777 2546 1059 2614 negligam,
1084 2546 1177 2600 sed
1203 2546 1437 2600 rationes
1472 2560 1759 2615 poanasquc

192 2644 429 2702 repetam
476 2637 757 2689 scelerum.
788 2638 873 2691 10.
908 2636 975 2690 Et
1001 2652 1133 2689 nunc
1157 2636 1358 2691 introite
1405 2637 1457 2690 in
1490 2646 1680 2706 petras,
1713 2645 1758 2689 et

190 2727 553 2780 abscondimini
573 2730 626 2780 in
651 2737 781 2781 terra
803 2745 833 2780 α
862 2730 992 2799 facie
1010 2729 1199 2782 timoris
1217 2727 1443 2783 Domini.
1473 2729 1757 2798 Postquam

190 2818 399 2870 illorum
420 2818 896 2889 insipientiam,qui
926 2820 1062 2874 idola
1087 2821 1329 2883 adorant,
1358 2822 1486 2876 satis
1505 2822 1753 2885 traduxit,

190 2914 235 2957 et
263 2921 293 2959 a
322 2908 483 2960 modo
509 2907 796 2963 fabricandi
822 2925 1006 2964 eorum
1040 2912 1322 2965 amentiam
1352 2911 1605 2968 ostendit.
1631 2927 1753 2965 nec-

189 3010 291 3049 non
320 2996 577 3051 idolorum
601 2999 1048 3064 imbecillitatem;
1070 3016 1250 3054 rursus
1274 3002 1445 3055 verbis
1462 3012 1752 3068 coneertat,

186 3095 239 3141 et
258 3087 521 3143 dictorum
555 3090 947 3157 inquisitionem
968 3107 1145 3145 rerum
1174 3093 1510 3160 experientia:
1535 3094 1753 3161 permit-

190 3181 267 3243 tit,
298 3180 476 3249 aitque
508 3197 521 3233 :
549 3180 854 3235 Sufficiebat
876 3181 1003 3235 mihi
1033 3196 1126 3251 per
1147 3181 1245 3235 hoc
1275 3182 1443 3249 ipsum
1472 3181 1607 3250 quod
1642 3181 1754 3235 lnec

187 3267 323 3322 facta
353 3277 478 3323 sunt
506 3268 571 3323 ab
597 3270 913 3336 hominibus,
947 3286 1132 3325 eorum
1161 3272 1246 3339 qui
1280 3271 1485 3340 decepti
1517 3282 1638 3325 sunt
1671 3273 1753 3325 iu-

187 3358 485 3425 sipientiam
510 3362 801 3416 ostendisse
826 3379 838 3413 :
864 3362 983 3431 quia
1012 3376 1137 3416 vero
1158 3361 1425 3430 impietate
1451 3378 1548 3417 ceu
1580 3363 1754 3417 ebrie-

189 3456 295 3503 tate
322 3449 548 3518 quadam
570 3454 858 3520 aggravati,
890 3454 1028 3506 circa
1060 3467 1145 3506 res
1172 3454 1340 3507 claras
1365 3462 1417 3505 et
1448 3453 1754 3505 manifestas

176 3541 504 3605 modum,
535 3541 665 3595 tales
695 3544 875 3594 urbem
907 3544 1168 3611 excipient
1196 3544 1541 3604 calamitates,
1577 3555 1630 3596 ut
1671 3546 1750 3597 vel

172 3644 280 3682 eos
320 3630 411 3698 qui
454 3630 733 3685 admodum
782 3634 975 3701 stupidi
1020 3644 1142 3686 sunt
1189 3634 1433 3698 doceant,
1462 3643 1653 3703 quanta
1687 3635 1754 3689 sit

189 3716 399 3771 illorum
429 3718 776 3781 imbecillitas,
804 3728 857 3773 et
891 3728 1086 3788 quanta
1115 3720 1205 3774 Dei
1235 3721 1487 3790 potentia.

256 3807 310 3861 8.
355 3807 552 3861 Idcirco
578 3819 854 3878 antequam
880 3809 948 3863 de
973 3809 1110 3863 bello
1138 3810 1400 3879 loquatur,
1428 3826 1545 3880 quae
1570 3826 1635 3867 ex
1662 3813 1753 3866 illo

188 3906 571 3965 eonsequutnra
600 3898 704 3952 siut
727 3900 917 3968 aperit,
949 3900 1258 3969 praecipiens
1281 3911 1337 3955 ut
1365 3902 1415 3955 in
1458 3914 1633 3970 petras
1669 3904 1719 3957 in
1738 3932 1751 3944 -

188 3987 510 4055 grediantur,
556 3996 610 4042 et
643 3989 741 4041 sub
778 3989 889 4057 ipsa
931 3996 1070 4043 terra
1110 3990 1442 4055 delitescant,
1481 4007 1584 4044 non
1618 4000 1673 4044 ut
1702 3992 1751 4045 id

188 4086 363 4146 agant,
389 4077 483 4131 sed
508 4087 563 4131 ut
588 4078 708 4131 hinc
728 4080 983 4143 ediscant,
1021 4096 1174 4149 quam
1205 4082 1526 4135 intoleranda
1570 4083 1638 4136 sit
1677 4083 1753 4135 ira

191 4167 282 4219 Dei
314 4176 436 4221 tunc
464 4166 585 4221 illos
627 4168 891 4224 invasura.
976 4168 1107 4221 Nam
1135 4170 1207 4222 ait
1240 4186 1252 4222 :
1294 4170 1666 4223 Abscondimini
1701 4172 1753 4223 in

190 4266 321 4308 terra
355 4272 388 4307 a
421 4256 550 4326 facie
584 4257 774 4310 timoris
818 4255 1043 4323 Domini,
1075 4267 1121 4311 et
1164 4275 1195 4311 a
1238 4258 1401 4328 gloria
1446 4260 1754 4329 fortitudinis

190 4350 318 4417 ejus,
350 4364 463 4401 cum
488 4349 757 4402 surrexerit
775 4358 1031 4417 percutere
1059 4359 1260 4402 terram.
1291 4350 1405 4403 Non
1431 4352 1501 4404 ait
1526 4360 1751 4415 tantum,

193 4440 231 4490 A
263 4437 566 4492 fortitudine
602 4440 746 4505 ejus,
785 4440 901 4503 sed,
942 4439 989 4492 A
1030 4441 1191 4510 gloria
1235 4442 1559 4511 fortitudinis.
1608 4442 1753 4496 Talia

194 4543 418 4597 namque
445 4538 568 4582 sunt
592 4531 704 4597 ejus
734 4530 986 4598 prteclara
1015 4541 1181 4598 gesta,
1214 4533 1333 4585 talia
1362 4542 1580 4602 tropzea,
1618 4534 1751 4587 mul-

196 4625 301 4669 tum
331 4618 687 4685 splendorem,
714 4623 934 4674 multam
960 4620 1266 4689 dignitatem
1295 4637 1403 4690 prze
1431 4638 1489 4677 se
1516 4623 1751 4677 ferentia.

196 4709 289 4764 Hic
317 4710 444 4764 mihi
470 4711 673 4764 videtur
701 4714 970 4765 victoriam
1001 4714 1139 4765 illam
1183 4715 1475 4781 significare
1515 4731 1631 4783 qua:
1658 4716 1755 4768 sub

196 4799 414 4854 Ezecbia
445 4800 679 4868 contigit,
705 4809 897 4855 terram
930 4816 1124 4854 vocans
1164 4804 1548 4857 multitudinem
1582 4804 1753 4856 homi-

192 4907 338 4966 num,
367 4901 422 4945 et
462 4893 849 4960 pereas-sionem
882 4893 1089 4946 illorum
1134 4896 1357 4958 ruinam,
1404 4896 1751 4949 resurrectio-

196 4998 312 5038 nem
340 4999 467 5037 vero
491 4983 605 5051 ejus
628 4998 896 5051 egressum
925 4983 988 5035 ad
1014 4984 1386 5037 auxrliandnm.
1417 4985 1756 5049 Quandoqui-

194 5073 312 5127 dem
336 5082 392 5127 et
422 5073 581 5126 David
606 5072 729 5126 dicit
758 5089 769 5122 :
806 5072 1057 5141 Exsurgat
1084 5072 1237 5136 Deus,
1262 5084 1306 5126 et
1335 5076 1636 5143 dissipentur
1662 5076 1758 5126 ini-

197 5163 309 5213 mici
337 5163 445 5230 ejus
473 5161 639 5232 (Psal.
673 5162 758 5215 67.
786 5160 881 5229 εἰη
911 5176 973 5214 ac
1004 5177 1183 5215 rursus
1217 5181 1229 5216 :
1263 5164 1443 5233 Surge,
1487 5164 1638 5223 Deus.
1668 5166 1757 5230 ju-

197 5250 305 5301 dica
332 5258 515 5301 terram
542 5249 711 5319 (Psal.
752 5250 838 5303 8i.
872 5250 961 5317 8);
992 5250 1060 5302 ab
1091 5250 1331 5304 humanis
1359 5254 1521 5321 gestis
1558 5262 1611 5306 et
1642 5271 1756 5304 tuo-

195 5338 271 5391 dis
297 5338 387 5391 Dei
415 5339 744 5405 operationes
765 5340 1089 5407 exprimens.
1120 5340 1204 5394 il.
1234 5342 1381 5393 Oculi
1403 5344 1531 5394 cnim
1555 5342 1757 5395 Domini

200 5429 447 5489 sublimes,
482 5429 629 5481 homo
669 5439 834 5481 autem
879 5430 1101 5482 Immitis.
1153 5432 1348 5487 Deinde
1392 5450 1455 5487 ne
1499 5435 1755 5502 quispiam

199 5520 517 5572 audientium
539 5518 691 5573 dictis
719 5530 934 5590 negaret
957 5522 1111 5573 tidem
1156 5520 1354 5592 (multis
1393 5526 1531 5578 enim
1573 5536 1756 5579 contra

198 5625 338 5677 spem
368 5622 421 5665 et
447 5616 893 5679 exsliectationem
922 5625 1037 5667 erat
1067 5614 1116 5666 id
1157 5616 1291 5682 qtmd
1324 5628 1632 5671 eventurum
1673 5618 1755 5670 di-

201 5700 387 5767 cebat),
404 5700 732 5774 confugiebat
752 5702 816 5756 ad
847 5704 1132 5772 potentiam
1150 5703 1380 5771 Opilicis,
1410 5718 1459 5761 et
1486 5709 1549 5761 ad
1574 5725 1751 5763 eorum

1883 494 1969 546 qut
1995 478 2325 546 patiebantur
2353 479 2781 535 imbecillitatem.
2814 480 2992 551 Neque
3018 482 3177 549 enim,
3206 485 3296 546 ait,
3331 485 3441 539 Deo

1880 578 1959 623 est
1980 568 2244 637 quidpiam
2273 569 2568 632 sublimius,
2601 586 2769 639 neque
2815 574 3111 627 hominibus
3152 574 3322 629 vilius.
3360 574 3437 628 Ne

1881 671 2006 725 ergo
2032 657 2258 721 dubites,
2292 672 2414 709 num
2443 658 2605 724 possit
2635 659 2721 711 ille
2749 675 2965 727 magnus
2991 670 3044 714 et
3070 660 3219 716 fortis
3270 664 3438 716 imbe-

1878 750 2027 802 cilios
2044 750 2118 802 sic
2138 750 2412 803 Confestim
2433 750 2743 818 deprimere.
2772 753 2836 806 Et
2859 756 3094 824 apposite
3113 758 3260 818 dixit,
3289 758 3446 811 Oculi

1880 836 2081 888 Domini
2107 837 2357 891 sublimes.
2386 838 2497 891 Non
2528 839 2675 904 dixit,
2707 841 2963 907 Potentia,
2990 845 3103 908 sed,
3150 846 3298 899 Oculi
3325 846 3434 899 Do-

1876 927 2017 988 mini,
2047 928 2191 994 quasi
2222 928 2363 979 solus
2390 940 2631 995 aspectus
2655 932 2816 995 possit
2842 933 3013 984 omnia
3045 934 3143 987 sibi
3172 937 3434 990 reluctan-

1878 1017 1943 1067 tia
1978 1026 2349 1083 prosternere:
2382 1016 2429 1069 id
2456 1017 2592 1085 quod
2622 1021 2778 1069 etiam
2820 1020 2976 1073 David
3020 1024 3139 1074 alibi
3180 1025 3381 1078 dicelmt
3420 1045 3431 1078 :

1878 1105 1976 1169 Qui
2001 1107 2198 1174 respicit
2230 1118 2428 1169 terram,
2472 1118 2516 1158 et
2561 1111 2680 1177 facit
2720 1126 2827 1159 eam
2866 1120 3067 1163 tremere
3108 1112 3272 1184 (Psal.
3313 1117 3430 1170 105.

1872 1192 1996 1261 5‘2);
2028 1203 2076 1247 et
2105 1194 2238 1246 alius
2267 1195 2456 1248 iterum
2486 1198 2733 1262 propheta
2770 1215 2783 1250 :
2816 1198 3094 1267 Respiciam
3136 1204 3200 1252 ad
3228 1220 3358 1269 eum,
3387 1215 3433 1256 et

1874 1284 2149 1351 prwvalebo
2199 1286 2260 1337 ei.
2315 1284 2379 1336 Et
2427 1285 2771 1338 Immiliobitur
2820 1288 3029 1341 altitudo
3073 1292 3342 1359 hominum,
3390 1307 3434 1348 et

1873 1376 2170 1427 exaltabitur
2214 1375 2457 1427 Dominus
2500 1378 2635 1429 solus
2671 1379 2722 1430 in
2776 1380 2856 1430 die
2897 1380 2985 1433 illa
3035 1382 3183 1452 (Osee
3226 1387 3307 1438 Η.
3352 1389 3428 1454 4).

1870 1464 2157 1532 Conspecta
2189 1468 2328 1519 enim
2373 1466 2453 1518 illa
2488 1468 2749 1536 inopinata
2784 1471 3021 1535 victoria,
3068 1474 3271 1543 illisque
3304 1493 3431 1532 eon-

1871 1553 2064 1621 spicuis
2085 1554 2512 1623 admirandisque
2537 1558 2765 1624 tropmis,
2790 1558 3056 1614 dmmones
3077 1564 3262 1619 devicti
3286 1580 3427 1636 sunt,

1872 1642 2007 1695 idola
2033 1642 2294 1697 dedecore
2321 1645 2525 1710 affecta,
2560 1647 3129 1716 pseudoprOphetarum
3155 1671 3241 1706 ora
3272 1658 3428 1711 obtu-

1871 1742 2001 1796 rata,
2036 1732 2373 1787 barbarorum
2406 1736 2640 1803 tyrannis
2668 1737 2854 1800 soluta,
2907 1750 2956 1791 et
2993 1754 3051 1792 os
3082 1757 3255 1809 omne,
3287 1749 3425 1815 quod

1873 1822 1977 1874 Deo
2004 1825 2363 1888 aversabatur,
2396 1828 2724 1881 obstructum
2753 1838 2852 1882 est.
2898 1830 3017 1885 Ideo
3043 1836 3132 1899 ait,
3168 1835 3428 1892 Exattubi-

1869 1920 1949 1963 tur
1973 1911 2218 1966 Dominus
2243 1917 2399 1968 solus.
2432 1915 2616 1970 Nullus
2643 1919 2745 1970 erit
2767 1918 3015 1987 deinceps
3050 1924 3134 1991 qui
3161 1928 3423 1981 contradi‘

1866 2011 1969 2063 cat,
1994 2018 2089 2056 nec
2113 2006 2196 2072 qui
2222 2006 2288 2059 de
2313 2006 2401 2059 Dei
2433 2008 2659 2072 potentia
2679 2008 2899 2069 dubitet,
2922 2026 3039 2062 eum
3065 2028 3237 2068 rerum
3255 2028 3428 2085 gesta.

1868 2108 1980 2146 rum
1997 2094 2375 2150 demonstratio
2396 2098 2784 2152 evidentiSs-ima
2809 2098 2981 2153 fuerit.
3001 2102 3206 2157 Natura:
3231 2107 3424 2175 quippe

1864 2181 2054 2237 divina:
2080 2185 2332 2239 celsitudo
2366 2196 2610 2255 perpetua
2638 2197 2736 2247 est.
2783 2204 2845 2242 ac
2876 2206 3155 2259 numquam
3186 2194 3420 2264 incmpit,

1864 2273 1956 2327 sed
1981 2288 2190 2343 semper
2214 2286 2323 2340 est;
2356 2277 2577 2331 exaltari
2603 2288 2778 2331 autem
2814 2278 3005 2333 dicitur
3033 2282 3082 2334 in
3128 2295 3298 2337 meme
3328 2286 3421 2338 ho.

1864 2368 2082 2432 minum,
2115 2369 2323 2438 quando
2352 2370 2383 2423 ii
2415 2371 2501 2438 qui
2530 2370 2957 2423 contradicebant
3000 2382 3053 2424 et
3095 2375 3420 2430 reluctaban-

1866 2467 1968 2519 tur,
1997 2457 2107 2525 ipsa
2140 2474 2316 2511 rerum
2341 2458 2789 2513 demonstratione
2812 2461 3083 2523 suadente,
3116 2464 3327 2532 cedunt,
3358 2481 3417 2520 ae

1860 2554 2240 2613 competentem
2282 2546 2694 2601 benedictionem
2726 2546 2976 2602 referunt.
3010 2550 3089 2602 l2.
3134 2551 3251 2606 Dies
3288 2556 3418 2606 enim

1862 2633 2062 2688 Domini
2092 2635 2315 2689 Sabaoth
2342 2638 2536 2690 aduenit
2559 2654 2707 2706 super
2726 2654 2917 2690 omnem
2942 2642 3347 2695 contumeliosum
3369 2655 3416 2695 et

1858 2727 2144 2793 superbum,
2166 2737 2211 2779 et
2238 2744 2384 2797 super
2408 2743 2599 2780 onmem
2619 2729 2864 2781 excelsum
2888 2739 2932 2781 et
2957 2730 3230 2799 sublimem,
3253 2742 3299 2785 et
3325 2735 3422 2785 hu-

1861 2815 2199 2870 ntiliubuntur.
2228 2818 2312 2871 15.
2344 2816 2410 2869 Et
2439 2835 2591 2886 super
2610 2834 2804 2871 omnem
2828 2819 3031 2873 cedrum
3061 2821 3237 2876 Libani
3262 2829 3417 2877 επινι-

1859 2920 1965 2958 sam
1994 2915 2038 2957 et
2064 2905 2342 2970 sublimem,
2375 2916 2419 2959 et
2442 2923 2590 2975 super
2612 2923 2803 2960 onmem
2835 2909 3059 2961 arborem
3087 2911 3285 2980 glandis
3309 2912 3413 2965 Bu-

1858 3010 1947 3047 san
1974 2994 2071 3063 (a).
2100 2996 2185 3050 14.
2215 2995 2279 3048 Et
2304 3012 2453 3066 super
2478 3013 2673 3051 omnem
2701 3008 2915 3051 montem
2958 3001 3222 3067 excelsum,
3252 3013 3297 3055 et
3333 3020 3415 3055 su-

1856 3102 1946 3151 per
1966 3103 2157 3140 onmem
2186 3103 2381 3139 nmrum
2407 3088 2685 3141 sublimem.
2719 3089 2806 3142 15.
2830 3088 2896 3141 Et
2924 3106 3073 3159 super
3097 3107 3286 3144 omnem
3310 3104 3417 3144 tur-

1858 3177 1951 3228 rim
1979 3177 2252 3230 sublimem.
2289 3179 2373 3232 l6.
2417 3176 2483 3229 Et
2509 3194 2657 3246 super
2682 3194 2825 3231 omne
2862 3180 3111 3249 navigium
3153 3182 3323 3243 maris,
3366 3192 3416 3235 et

1855 3284 2003 3336 super
2027 3283 2219 3321 onmem
2248 3278 2499 3336 aspectum
2542 3267 2926 3337 pulchritudinis
2959 3271 3173 3323 nauium.
3216 3272 3301 3324 17.
3352 3272 3415 3326 Et

1857 3358 2204 3411 humiliubitur
2242 3358 2452 3409 altitudo
2498 3359 2776 3419 hominum,
2819 3366 2863 3410 et
2907 3359 3203 3411 exaltabitur
3244 3358 3415 3412 Domi-

1857 3463 1948 3498 nus
1985 3448 2121 3499 solus
2163 3448 2215 3499 in
2254 3448 2334 3498 die
2371 3448 2481 3499 illa.
2529 3448 2730 3499 Murum
2775 3445 2878 3509 ltic,
2923 3446 3158 3512 cedrum,
3203 3448 3411 3517 collem,

1854 3552 2105 3605 quercum
2151 3546 2387 3605 potentes
2430 3537 2671 3589 homines
2716 3545 2887 3601 vocat,
2940 3536 3209 3591 altitudine
3238 3538 3415 3607 hujus-

1855 3625 1995 3679 modi
2022 3625 2269 3679 arborum
2297 3639 2480 3679 eorum
2511 3626 2799 3694 potentiam
2827 3626 3181 3694 metaphorice
3216 3629 3414 3697 signiti-

1854 3729 1981 3768 eans
2007 3731 2021 3767 :
2050 3730 2113 3769 ac
2140 3730 2259 3769 cum
2290 3714 2551 3781 navigium
2581 3726 2633 3768 et
2668 3724 2935 3782 aspectum
2978 3717 3409 3783 pulchritudinis‘

1855 3804 2062 3859 navium
2091 3804 2234 3869 dicit,
2262 3818 2354 3858 eos
2384 3803 2697 3866 subindicat,
2726 3804 2811 3871 qui
2834 3814 2956 3856 sunt
2982 3805 3355 3873 opulentiores.

1925 3896 1978 3951 9.
2021 3896 2129 3950 Hoc
2150 3907 2325 3949 autem
2347 3895 2457 3949 vult
2476 3896 2790 3963 significare,
2819 3910 3004 3963 nempe
3027 3894 3212 3949 fortem
3230 3912 3413 3965 quem-

1855 3988 2001 4052 lihet,
2043 3997 2332 4055 potentem,
2374 3985 2561 4038 ducem
2599 3986 2879 4049 exercitus,
2920 3999 3179 4054 quemque
3220 3987 3414 4043 divitiis

1855 4078 2326 4142 circumﬂuentem,
2374 4085 2664 4144 totumque,
2710 4086 2765 4128 ut
2810 4080 2876 4129 ita
2917 4076 3107 4142 dicam,
3143 4076 3411 4133 hominum

1857 4168 2098 4221 decorem
2139 4181 2201 4220 ac
2252 4176 2413 4220 totam
2462 4165 2856 4230 fortitudinem,
2901 4175 3023 4219 tunc
3062 4166 3317 4221 abituram
3361 4180 3411 4222 et

1856 4257 2158 4311 solvendam
2187 4271 2340 4320 esse;
2372 4256 2606 4323 nihilque
2640 4256 2913 4322 patrocinii
2944 4256 3263 4323 profuturum
3293 4272 3411 4311 esse

1857 4348 1921 4402 ad
1952 4346 2297 4417 elfugiendam
2326 4346 2454 4400 iram
2484 4346 2595 4411 Dei,
2626 4361 2728 4398 non
2761 4346 2999 4397 virtutem
3030 4349 3281 4413 corporis,
3308 4362 3409 4401 non

1858 4439 2232 4507 experientiam
2264 4437 2409 4501 belli,
2444 4452 2545 4491 non
2577 4436 2911 4505 pecuniarum
2936 4437 3159 4504 copiam,
3190 4452 3289 4491 non
3322 4454 3412 4507 po-

1858 4530 2033 4585 tentiae
2058 4530 2373 4593 clientelam,
2402 4543 2505 4582 non
2547 4527 2810 4581 exercitus
2848 4527 3275 4596 magnitudinem,
3306 4544 3408 4583 non

1858 4621 1997 4675 aliud
2019 4620 2284 4690 quidpiam
2325 4619 2514 4673 simile.
2552 4618 2751 4673 Cedros
2784 4630 2962 4673 autem
3003 4617 3183 4671 Libani
3216 4635 3413 4674 memo-

1860 4725 1959 4779 rat,
1990 4714 2109 4782 quia
2146 4713 2213 4765 ibi
2259 4714 2486 4765 maxime
2534 4712 2762 4763 nascitur
2811 4712 2921 4763 bare
2962 4710 3137 4771 arbor,
3183 4711 3263 4764 vel
3294 4713 3412 4779 quia

1862 4819 1945 4856 res
1966 4804 2070 4871 jam
2095 4804 2350 4870 proxima:
2379 4810 2501 4855 sunt
2528 4802 2635 4868 (b);
2664 4810 2929 4868 aspectum
2953 4816 3075 4853 vero
3099 4801 3169 4853 ait
3191 4802 3413 4867 pulchri-

1863 4894 2055 4947 tudinis
2094 4894 2322 4957 navium,
2350 4893 2593 4946 deeoretn
2626 4890 2813 4943 ducum
2843 4890 3121 4950 exercitus,
3159 4890 3244 4957 qui
3275 4890 3413 4943 divi-

1865 4985 1967 5048 tiis,
1986 4984 2145 5036 armis
2163 4992 2215 5037 et
2234 4981 2545 5036 satellitibus
2562 4980 2784 5047 stipendi
2805 4980 2990 5032 forent.
3015 4979 3223 5034 Videtur
3240 4989 3417 5036 autem

1925 5117 1940 5147 ί
1968 5122 2113 5177 Juxta
2137 5114 2351 5177 savil._et
2376 5114 2545 5177 Morel._
2581 5114 3003 5177 legendumesset
3134 5126 3295 5163 eorum
3335 5130 3419 5177 po-

1862 5176 2055 5227 tentiam
2078 5182 2121 5225 et
2162 5174 2349 5225 divitias
2373 5173 2685 5236 metaphoricc
2717 5173 3025 5235 signiﬁcans;
3068 5182 3110 5223 et
3143 5188 3250 5224 cum
3289 5173 3418 5233 aspe-

1863 5246 1987 5286 ctum
2011 5236 2394 5299 pulchritudinis,
2422 5244 2538 5295 etc.;
2567 5238 2719 5309 minus
2742 5244 2893 5284 recte.

1927 5318 1998 5379 (α)
2013 5320 2269 5367 ttebraicus
2288 5324 2452 5365 textus
2471 5320 2618 5397 Iuntl
2641 5316 2797 5369 V3178.

1927 5407 1998 5516 (b3
2014 5416 2107 5457 Non
2132 5410 2247 5456 satis
2270 5406 2502 5468 perspicio
2526 5404 2637 5466 quid
2661 5406 2749 5452 sibi
2777 5404 2892 5453 velit
2914 5404 3289 5467 Chrysostomus.
3316 5420 3421 5455 cum

1952 5472 1963 5516 i
2001 5482 2060 5516 eo
2083 5469 2254 5516 cedros
2276 5466 2430 5514 Libani
2456 5466 2533 5512 hic
2557 5467 2829 5516 memorari.
2855 5470 2963 5516 uuia
2987 5480 3085 5516 res.
3119 5481 3292 5516 nempe
3316 5481 3421 5516 auze

1863 5466 2060 5518 ait‘ideo
2083 5469 2254 5516 cedros
2271 5466 2430 5514 Libani
2456 5466 2533 5528 hic
2557 5467 2829 5522 memorari,
2855 5470 2963 5526 quia
2987 5466 3085 5524 res,
3119 5481 3292 5528 nempe
3316 5481 3422 5527 qua:

1865 5530 2262 5591 praedicebantur,
2285 5528 2378 5587 jam
2404 5526 2631 5591 proximae
2648 5535 2803 5591 erant.
2831 5527 2900 5591 Au
2921 5530 3029 5588 quia
3050 5526 3285 5587 proxinms
3321 5526 3423 5577 erat

1863 5586 2038 5638 iudicat
2061 5586 2390 5649 Libanus,’per
2413 5587 2585 5649 cedros
2615 5586 2769 5634 Libani
2797 5586 2982 5649 excisas
3019 5586 3162 5648 prole
3186 5600 3309 5649 esse
3343 5600 3424 5635 res

1865 5655 2202 5714 prmnuntiatas
2239 5646 2448 5695 diierit?
2485 5654 2549 5697 Ne
2596 5648 2664 5695 sic
2700 5648 2893 5708 quidem
2932 5646 3035 5697 lane
3076 5646 3311 5711 quadrare
3352 5660 3416 5695 γι-

1872 5719 2062 5762 tleutttt'.
