4058 6216
628 369 702 424 39
1403 347 1460 405 s.
1497 347 1773 405 JOANNIS
1808 345 2276 404 cunvsosrout
2321 346 2631 405 ARCIIIEP.
2673 350 3200 413 CONSTANTINOP.

628 465 760 522 mibi
785 461 1116 518 subindicare
1152 460 1489 530 longinquam
1521 458 1865 514 barbarorum
1898 460 2188 528 expeditio-

629 570 768 608 nem.
797 553 862 607 18
909 550 974 605 Et
994 554 1284 620 manufacta
1311 550 1479 603 omnia
1499 549 1820 612 abscondent,
1849 551 1934 604 19.
1963 551 2198 612 [ureren-

627 655 698 699 tes
720 661 778 698 ea
810 644 866 697 in
905 658 1143 697 cavernas
1184 657 1245 694 ac
1282 641 1528 694 scissuras
1557 652 1842 710 petrarum,
1873 639 1998 692 etin
2027 643 2194 707 foveas

626 747 790 798 terret,
822 753 853 788 α
881 735 1010 805 [acie
1035 733 1224 786 timoris
1254 730 1479 794 Domini,
1523 739 1572 782 et
1617 747 1650 782 α
1691 730 1853 799 gloria
1881 728 2193 796 fortitudinis

622 830 750 896 ejus,
778 843 890 878 cum
928 823 1195 877 surrea‘erit
1221 821 1288 874 ad
1314 821 1684 891 percutiendum
1709 828 1909 872 terram.
1944 819 2189 885 Tantum,

624 915 812 984 inquit,
841 914 1028 980 aberit,
1055 923 1112 966 ut
1138 925 1323 966 eorum
1350 909 1421 963 dii
1449 909 1642 977 aliquid
1681 907 1798 975 opis
1832 906 2021 961 afferre
2065 921 2188 974 pos-

622 1008 746 1067 sint,
777 1014 832 1058 ιιι
863 1004 933 1057 illi
966 1004 1234 1058 hominum
1259 1000 1455 1053 auxilio
1480 1013 1613 1068 opus
1638 997 1866 1051 habituri
1904 997 2029 1060 sint,
2060 1012 2187 1051 nec-

623 1110 727 1148 uun
753 1094 988 1148 locorum
1010 1093 1192 1157 tutela,
1223 1100 1280 1145 ut
1310 1104 1376 1142 ne
1414 1088 1704 1156 capiantur,
1749 1087 1793 1139 Α
1825 1086 1953 1156 [acie
1996 1086 2190 1140 timoris

622 1185 846 1246 Domini,
877 1194 923 1236 et
961 1199 993 1237 a
1029 1183 1196 1252 gloria
1237 1180 1545 1252 fortitudinis
1587 1179 1716 1248 ejus,
1764 1194 1876 1230 cum
1919 1177 2189 1230 surrexerit

620 1285 878 1344 percutere
901 1283 1101 1326 terram.
1129 1270 1204 1325 Ne
1233 1271 1350 1339 quis
1373 1269 1514 1324 enim
1539 1268 1878 1321 barbarorum
1907 1265 2186 1334 irruptioni

619 1366 733 1419 lucc
761 1368 997 1432 imputet,
1030 1376 1162 1416 neve
1190 1361 1456 1415 existimet
1500 1359 1744 1412 timorem
1781 1371 1847 1410 ex
1877 1371 2062 1411 eorum
2087 1370 2185 1425 po-

621 1459 780 1512 tentia
813 1457 1106 1526 provenire,
1159 1466 1460 1508 serm0uem
1509 1446 1671 1503 refl-rt
1708 1447 1773 1502 ad
1821 1449 2185 1501 universorum

620 1550 807 1614 Deum,
835 1550 1039 1612 dicens,
1063 1561 1182 1600 eum
1215 1543 1334 1597 belli
1380 1541 1599 1610 hujusce
1625 1539 1811 1592 ducem
1847 1537 2101 1599 futurum,
2130 1544 2186 1590 et

617 1641 686 1693 ab
727 1655 792 1692 eo
830 1647 1138 1707 potestatem
1170 1650 1289 1690 esse
1333 1635 1383 1687 in
1423 1641 1568 1686 tanto
1616 1631 1847 1699 periculo
1884 1627 2184 1683 vindicandi

616 1732 814 1784 scelera
839 1731 948 1797 jam
987 1726 1234 1780 admissa.
1264 1724 1353 1778 20.
1397 1722 1495 1776 Die
1527 1725 1658 1775 enim
1699 1721 1790 1774 illa
1836 1720 1995 1789 ejiciet
2036 1718 2183 1771 homo

615 1819 1006 1872 abominationes
1028 1833 1143 1870 suas
1184 1823 1442 1884 argenteas
1479 1825 1528 1866 et
1565 1826 1764 1873 aureas,
1808 1825 1933 1877 quas
1963 1812 2183 1878 fecerunt

616 1912 704 1965 sibi
729 1911 852 1981 ipsis
880 1919 932 1961 ut
957 1910 1224 1962 adorarent
1261 1905 1432 1958 inania
1464 1920 1559 1956 sua
1597 1913 1643 1956 et
1672 1901 2060 1971 vespertiliones,
2088 1899 2179 1953 21.

616 2002 686 2054 ad
708 2000 1083 2070 ingrediendum
1113 1999 1163 2050 in
1192 1997 1379 2050 solidas
1400 2005 1584 2064 petras,
1617 2003 1663 2047 et
1683 1994 1733 2046 in
1755 1993 1998 2046 scissuras
2019 1999 2183 2058 petra-

613 2109 726 2146 rum
752 2110 782 2145 a
812 2092 940 2161 facie
959 2091 1148 2144 timoris
1180 2088 1399 2145 Domini.
1428 2097 1472 2140 et
1493 2103 1523 2138 a
1540 2086 1700 2156 gloria
1721 2082 2032 2152 fortitudinis
2051 2082 2177 2150 ejus,

613 2199 726 2235 cum
752 2184 1072 2235 resurrexcrit
1115 2179 1183 2232 att
1229 2178 1596 2246 percutiendum
1643 2185 1846 2228 terram.
1893 2173 2032 2228 Satis
2075 2184 2182 2226 tra-

614 2276 764 2328 duxit
787 2289 900 2338 eos,
929 2273 1214 2327 ostendens
1237 2271 1380 2339 ipsos
1407 2284 1526 2322 cum
1557 2268 1655 2320 diis
1681 2268 1791 2321 suis
1814 2266 2105 2329 delituisse,
2126 2273 2182 2320 et

615 2369 665 2421 in
698 2376 889 2420 terram
933 2379 990 2420 se
1019 2364 1301 2424 abdidisse,
1353 2377 1522 2431 neque
1561 2359 1797 2413 materia:
1827 2359 2050 2428 pretium
2078 2358 2180 2412 ali-

613 2455 736 2525 quid
781 2455 897 2524 opis
942 2455 1182 2508 conferre
1227 2452 1460 2521 potuisse
1510 2449 1814 2503 imminente
1856 2448 2174 2502 calamitate.

615 2549 752 2603 ldola
782 2562 938 2617 porro
963 2546 1362 2616 ves-pertinentes
1392 2543 1614 2604 vocavit,
1644 2541 1755 2596 sive
1791 2539 1860 2593 ob
1904 2537 2181 2593 imbecilli-

613 2648 798 2703 tatem,
827 2638 939 2692 sive
967 2637 1036 2690 ob
1060 2634 1258 2690 erroris
1285 2633 1548 2693 tenebras,
1576 2641 1631 2685 et
1654 2631 1773 2700 quia
1803 2630 1976 2684 omnia
2006 2644 2035 2681 a
2064 2627 2174 2682 da:-

611 2729 852 2784 nmuibus
895 2728 1033 2782 clam
1077 2733 1350 2795 geruntur.
1399 2719 1851 2792 Quemadmodum
1896 2718 2037 2774 enim
2080 2731 2174 2772 ve-

609 2818 998 2888 spertilionibus
1022 2817 1101 2870 sol
1129 2817 1369 2868 inimicus
1393 2821 1473 2865 est
1500 2818 1554 2866 et
1579 2811 1666 2864 lux
1693 2821 1921 2878 quoque,
1951 2821 2051 2860 nos
2078 2821 2176 2861 au-

611 2919 715 2961 tum
742 2917 795 2962 et
818 2907 1047 2961 tenebrat
1067 2906 1248 2958 amicm
1268 2911 1391 2956 sunt
1419 2919 1431 2955 :
1461 2902 1535 2955 sic
1573 2909 1626 2954 ct
1657 2898 2006 2963 dzemonibns,
2034 2905 2084 2951 et
2111 2896 2177 2952 iis

609 3016 742 3068 quos
767 3000 817 3053 in
842 3011 1074 3052 errorem
1095 2993 1443 3055 deduxerunt,
1470 2989 1698 3059 nequitia
1724 2998 1778 3043 et
1805 2989 1975 3057 iniqua
1997 2988 2173 3040 omnia

610 3090 881 3147 familiaria
910 3097 1032 3143 sunt
1055 3097 1108 3140 et
1131 3087 1321 3150 amica,
1353 3083 1517 3138 virtus
1547 3090 1722 3135 autem
1762 3089 1815 3133 et
1853 3093 2012 3147 opera
2042 3077 2173 3131 lucis

610 3184 818 3238 inimica
845 3190 988 3246 sunt,
1022 3180 1187 3249 iisque
1207 3175 1626 3247 Splendentibus,
1655 3173 1830 3227 statim
1859 3172 1930 3227 illi
1956 3172 2172 3226 obtenev

612 3276 850 3337 brantur,
867 3287 987 3326 cum
1007 3279 1190 3326 contra
1219 3269 1262 3323 is
1283 3268 1372 3337 qui
1393 3269 1586 3322 virtute
1604 3264 1858 3335 prmditus
1882 3264 2009 3317 vivit
2030 3265 2173 3318 nullo

610 3367 788 3423 labore
830 3365 912 3419 vel
952 3363 1142 3417 sudore
1169 3369 1340 3429 egeat.
1375 3357 1583 3413 Sufficit
1615 3357 1756 3410 enim
1793 3366 1852 3409 ut
1896 3356 1980 3409 ille
2008 3369 2171 3423 appa-

608 3466 741 3518 reat,
772 3457 1050 3521 omniaque
1088 3452 1175 3505 illa
1213 3450 1588 3504 dissolvuntur.
1627 3446 1716 3500 22.
1754 3444 2001 3510 Quiescite
2037 3446 2171 3498 vobis

606 3548 669 3600 ab
695 3547 909 3606 homine,
937 3546 1080 3616 cujus
1106 3553 1176 3597 est
1205 3541 1467 3610 respiratio
1492 3541 1544 3594 in
1569 3539 1771 3591 naribus
1794 3539 1901 3607 eius
1933 3555 1950 3590 :
1978 3539 2096 3604 quia
2119 3537 2171 3590 in

609 3655 707 3706 quo
731 3637 852 3706 ipsis
875 3644 1130 3704 reputatae
1155 3643 1224 3686 est
1247 3632 1325 3683 hic
1342 3632 1367 3684 1’
1395 3631 1488 3684 llic
1508 3630 1636 3684 mihi
1665 3630 1870 3684 videtur
1891 3628 2170 3684 Ezecliiam

607 3727 955 3786 subindicare,
985 3723 1070 3792 qui
1105 3737 1209 3790 prae
1236 3722 1425 3774 timore
1455 3730 1508 3773 et
1547 3733 1746 3788 angore
1783 3728 2047 3773 extremos
2073 3719 2169 3772 ba-

606 3819 732 3876 litus
756 3815 982 3868 alllabat.
1022 3811 1150 3880 Quia
1182 3811 1336 3879 igitur
1376 3809 1580 3864 barbari
1617 3825 1737 3863 cum
1782 3809 1930 3878 quasi
1973 3810 2171 3863 retibus

606 3908 949 3973 interceptum
996 3903 1268 3966 habentes,
1320 3910 1552 3969 [auratam
1582 3899 1682 3954 sibi
1713 3897 1943 3968 prtudam
1990 3907 2171 3953 tenere

607 3998 875 4067 putabant,
903 4009 1069 4063 neque
1095 3993 1193 4046 sibi
1228 3992 1404 4045 labore
1433 4005 1566 4059 Opus
1595 4005 1714 4044 esse
1742 3989 1808 4043 ad
1854 3989 2034 4043 urbem
2076 4005 2168 4044 ca-

608 4089 869 4160 piendam,
909 4096 962 4140 et
985 4100 1103 4138 eum
1129 4085 1391 4152 captivum
1427 4082 1812 4146 abducendum,
1843 4082 2165 4134 contrariqu

608 4179 843 4233 barbaris
865 4177 1071 4230 accidit.
1107 4174 1226 4228 Ideo
1253 4173 1346 4234 ait,
1389 4173 1635 4238 Quiescite
1670 4172 1730 4223 ab
1765 4173 1984 4237 homine,
2024 4173 2169 4241 cujus

605 4281 675 4327 cst
698 4269 961 4338 respiratio
983 4268 1032 4319 in
1061 4264 1265 4318 naribus
1294 4263 1401 4332 ejus
1428 4278 1446 4316 :
1469 4263 1587 4332 quia
1612 4263 1662 4314 in
1687 4279 1783 4332 quo
1810 4263 1930 4331 ipsis
1967 4273 2170 4332 reputa-

605 4370 684 4413 tus
733 4371 802 4412 est
843 4358 960 4411 hic?
996 4357 1048 4411 Id
1082 4366 1183 4420 est,
1214 4355 1264 4408 in
1312 4353 1463 4408 nullo
1509 4361 1775 4420 reputalus
1821 4361 1920 4405 cst.
1959 4353 2167 4407 Etenim

607 4452 756 4522 quasi
786 4466 878 4518 per
903 4449 1267 4503 excursionem
1295 4459 1353 4498 Se
1380 4444 1554 4497 omnia
1581 4443 1880 4497 sublaturos
1901 4457 2020 4497 esse
2044 4458 2173 4512 spe;

611 4540 830 4602 rabant;
862 4537 952 4590 scd
980 4537 1300 4588 contrarium
1331 4548 1545 4602 prorsus
1574 4532 1802 4596 accidit;
1835 4541 1887 4585 et
1916 4532 2002 4598 qui
2029 4547 2059 4584 a
2082 4547 2171 4584 vo-

614 4633 694 4685 bis
724 4645 815 4698 pro
857 4628 1018 4682 nihilo
1048 4627 1382 4696 reputabatur
1408 4634 1818 4694 expugnatuque
1849 4625 2035 4689 facilis,
2075 4625 2169 4679 Dei

611 4722 807 4776 auxilio
835 4724 1014 4785 fretus,
1045 4718 1278 4770 omnium
1301 4715 1760 4783 splendidissimus
1784 4717 2075 4787 apearebit.

1221 4848 1444 4904 CAPUT
1481 4849 1568 4903 ill.

614 4973 660 5021 l.
695 4967 822 5020 Ecce
848 4964 1140 5017 Dominator
1170 4963 1414 5016 Dominus
1445 4961 1667 5015 Sabaoth
1689 4965 1880 5032 auferet
1909 4963 1970 5016 de
1987 4963 2170 5015 Juda’a

889 5067 933 5107 et
958 5056 1019 5106 de
1042 5053 1318 5107 Jerusalem
1340 5052 1558 5105 validum
1585 5062 1630 5103 et
1650 5051 1886 5104 validam.

684 5167 733 5220 l.
777 5164 1220 5229 Quemadmodum
1247 5164 1476 5231 optimus
1522 5162 1776 5227 medicus,
1808 5162 1966 5216 modo
1989 5177 2167 5228 urens,

618 5256 774 5310 modo
799 5270 1000 5319 secans,
1030 5255 1183 5308 modo
1212 5269 1384 5305 amara
1430 5252 1658 5306 alfercns
1680 5252 1931 5313 remedia,
1955 5261 2172 5320 mgroto-

615 5362 730 5401 rum
782 5346 987 5398 sanitati
1035 5353 1144 5399 arte
1174 5345 1558 5413 prosliicit;sic
1604 5355 1654 5395 et
1707 5343 1960 5412 benignus
2008 5344 2167 5408 Deus,

617 5439 776 5495 variis
806 5445 858 5490 et
881 5436 1097 5489 diversis
1118 5435 1403 5503 suppliciis,
1435 5435 1576 5504 quod
1599 5434 1871 5488 difﬂuebat
1891 5443 1944 5488 et
1966 5433 2166 5501 lapsum

613 5535 726 5578 erat
748 5525 883 5593 apud
931 5526 1137 5581 Judmos
1173 5529 1560 5596 ceustriugeus,
1622 5526 1778 5579 modo
1827 5525 2170 5579 barbarorum

617 5614 908 5670 incursione
957 5619 1185 5684 ingratos
1245 5620 1529 5682 terrefacit,
1579 5619 1738 5672 modo
1785 5628 1908 5670 ante
1963 5618 2170 5671 illorum

623 5706 935 5764 invasiouetu
959 5710 1071 5766 aliis
1101 5709 1219 5767 illos
1246 5713 1757 5767 interminationilms
1786 5712 2041 5777 reprimit,
2068 5712 2170 5764 mi-

3803 388 3877 442 40

2304 474 2492 514 narum
2518 462 2772 520 varietate
2801 466 3096 523 imminenti
3145 469 3424 528 formidine
3448 475 3703 533 continuo
3749 494 3872 549 per-

2301 552 2526 609 cellens.
2553 555 2702 611 Nunc
2731 557 2909 628 itaque
2937 562 3295 618 infirmitatem
3324 565 3451 634 ipsis
3472 569 3868 642 interminatur,

2299 652 2355 696 et
2380 643 2570 699 famem
2591 655 2646 701 et
2666 647 2982 714 siccitatem,
3014 667 3120 706 non
3163 655 3376 722 quidem
3394 671 3571 712 rerum
3619 677 3864 717 necessa-

2299 735 2519 800 riarum,
2553 736 2646 791 sed
2671 753 2853 792 earum
2881 755 3000 810 quae
3039 756 3143 797 non
3173 745 3344 799 minus
3368 755 3504 816 aptat
3527 757 3650 804 sunt
3683 751 3748 804 ad
3793 754 3866 806 vi-

2299 835 2405 879 tam
2456 829 2898 885 conservandam.
2928 830 3044 884 Non
3077 833 3217 887 enim
3267 833 3430 891 fames
3471 838 3641 892 solum
3696 843 3868 910 gravis

2295 923 2399 995 est,
2421 916 2514 970 sed
2534 932 2694 987 grave
2719 920 2876 974 etiam
2900 930 2984 974 est
3009 936 3130 975 cum
3149 923 3322 978 nullus
3349 925 3500 980 adest
3517 929 3607 997 qui
3655 945 3867 997 rempu-

2294 1003 2486 1060 blicam
2510 1000 2869 1074 administret;
2900 1010 2950 1064 id
2976 1012 3115 1081 quod
3145 1029 3322 1067 rerum
3339 1015 3544 1084 comam
3575 1017 3710 1072 fame
3750 1035 3864 1073 mo-

2295 1095 2564 1152 lestiorem
2592 1100 2814 1156 reddere
2839 1101 2994 1156 solet.
3025 1103 3160 1168 Quid
3190 1106 3330 1160 enim
3359 1107 3597 1162 utilitatis
3617 1118 3696 1163 est
3744 1125 3859 1166 cum

2291 1205 2390 1245 ceu
2410 1206 2476 1246 ex
2501 1191 2730 1246 fontibus
2748 1195 2924 1247 omnia
2951 1194 3156 1260 ﬂuunt,
3179 1197 3222 1251 si
3250 1198 3420 1252 civilia
3444 1199 3580 1254 bella
3601 1202 3862 1265 oriantur,

2291 1289 2344 1335 et
2371 1295 2516 1335 mare
2542 1281 2873 1346 intumescat,
2907 1285 3392 1354 insanientibusque
3419 1288 3663 1344 ﬂuctibus
3689 1307 3863 1359 neque

2289 1372 2628 1441 gubernator,
2659 1389 2830 1443 neque
2890 1375 2956 1429 ad
2999 1392 3207 1445 proram
3247 1380 3456 1446 sedens,
3512 1398 3683 1451 neque
3722 1384 3861 1437 alius

2289 1463 2551 1533 quispiam
2599 1463 2735 1518 adsit
2780 1465 2868 1533 qui
2909 1466 3078 1534 possit
3121 1470 3446 1537 negotiorum
3494 1480 3863 1540 tempestatem

2289 1551 2538 1621 dirigere,
2559 1561 2613 1607 et
2667 1555 3094 1622 tranquillitatem
3124 1557 3451 1613 conciliare?
3485 1559 3705 1626 Quando
3757 1575 3858 1615 au-

2290 1651 2394 1696 tem
2424 1641 2658 1697 cumbis
2697 1643 2861 1698 fames
2906 1646 3065 1699 etiam
3112 1647 3299 1712 adest,
3344 1650 3512 1717 cogita
3559 1661 3750 1720 quanta
3795 1652 3865 1705 sit

2287 1734 2544 1787 malorum
2565 1731 2754 1788 moles.
2793 1735 2915 1788 Haec
2937 1737 3294 1804 itaqucomnia
3317 1740 3668 1792 comminatur
3688 1741 3856 1794 Deus:

2287 1824 2620 1892 primumque
2643 1832 2726 1878 est
2743 1825 2976 1878 omnium
3005 1827 3396 1894 gravissimum.
3424 1826 3554 1882 Ecce
3581 1832 3744 1895 enim,
3777 1832 3862 1885 in-

2285 1915 2418 1983 quit,
2471 1912 2768 1967 Dominator
2796 1913 3038 1968 Dominus
3084 1916 3328 1970 Sabaoth.
3361 1917 3467 1971 Hac
3513 1933 3659 1984 voce,
3707 1918 3858 1984 Ecce,

2284 2019 2426 2073 saepe
2451 2005 2718 2073 prepltctze
2741 2015 2975 2063 utuntur,
3007 2007 3220 2075 quando
3248 2007 3542 2061 auditorum
3573 2009 3638 2062 de
3689 2010 3852 2062 rebus

2284 2110 2401 2164 qua:
2426 2095 2628 2158 dicunt,
2658 2097 2940 2150 certiorem
2961 2095 3132 2150 facere
3147 2097 3349 2150 volunt.
3379 2095 3490 2150 Non
3519 2097 3603 2152 hic
3625 2107 3854 2161 tantum,

2282 2189 2374 2241 sed
2401 2189 2558 2241 etiam
2599 2187 2841 2257 superius
2866 2197 2920 2240 ct
2943 2203 2971 2240 a
3004 2188 3258 2256 principio
3287 2188 3463 2242 videre
3493 2197 3593 2253 est,
3636 2201 3850 2258 peccata

2283 2293 2594 2347 corpoream
2648 2280 3003 2333 infirmitatem
3058 2295 3199 2348 smpe
3263 2280 3614 2349 praecessisse,
3689 2290 3745 2335 ut
3800 2282 3854 2336 in

2284 2369 2413 2423 Cain
2447 2386 2461 2422 :
2491 2369 2613 2438 quia
2637 2369 2776 2423 enim
2800 2369 2991 2423 robore
3016 2370 3252 2436 corporis
3281 2384 3384 2423 non
3411 2379 3556 2424 recte
3583 2385 3710 2424 usus
3749 2378 3854 2433 est,

2275 2457 2394 2526 jure
2419 2459 2471 2511 in
2503 2458 2784 2528 paralysim
2837 2457 3038 2512 incidit.
3069 2458 3156 2514 Sic
3178 2460 3334 2512 etiam
3360 2461 3407 2513 ei
3443 2460 3530 2528 qui
3577 2461 3643 2512 ad
3695 2462 3849 2530 pisci-

2281 2563 2402 2601 nam
2429 2549 2685 2603 sedebat:
2709 2550 2829 2618 quia
2869 2548 3124 2619 paralysis
3152 2551 3301 2619 origo
3333 2560 3540 2616 peccata
3570 2560 3740 2613 erant,
3781 2551 3855 2605 ait

2279 2641 2561 2695 Christus:
2591 2639 2724 2694 Ecce
2745 2657 2897 2695 sanus
2921 2645 3086 2710 factus
3125 2657 3196 2705 es,
3248 2643 3353 2694 noti
3397 2643 3614 2710 amplius
3643 2659 3851 2710 peccata

2280 2731 2470 2800 (Joau.
2497 2732 2549 2786 5.
2579 2732 2643 2785 M
2731 2731 2922 2785 Paulus
2941 2747 3149 2802 quoque
3173 2733 3281 2788 ait:
3309 2731 3434 2785 Ideo
3450 2732 3585 2801 apud
3606 2747 3688 2785 vos
3712 2734 3851 2786 mul-

2279 2825 2314 2876 ti
2336 2823 2562 2893 inﬁrmi(
2580 2824 2630 2877 1.
2665 2823 2782 2878 Cor.
2814 2823 2898 2877 ll.
2925 2823 2997 2877 30
3020 2822 3062 2893 );
3081 2825 3201 2892 quia
3231 2823 3536 2893 peccabant,
3557 2823 3696 2892 quod
3737 2840 3842 2876 non

2277 2929 2406 2983 pura
2437 2914 2756 2968 conscientia
2787 2914 3156 2985 mysteriorum
3186 2912 3464 2981 participes
3486 2921 3681 2965 essent.
3714 2911 3849 2965 For-

2277 3005 2534 3058 uicarium
2563 3019 2772 3074 quoque
2817 3004 3106 3058 infirmitati
3156 3003 3391 3073 corporis
3421 3004 3578 3058 tradit
3598 3045 3615 3068 ,
3644 3004 3737 3056 bas
3781 3004 3851 3058 de

2276 3097 2508 3165 peccatis
2554 3111 2735 3163 pinnas
2779 3103 3047 3164 repetens.
3074 3091 3254 3164 Neque
3272 3102 3442 3148 tamen
3467 3108 3676 3162 semper
3696 3093 3850 3146 inﬁr-

2276 3188 2432 3242 mitas
2466 3196 2548 3242 est
2592 3196 2922 3256 peccatorum
2970 3187 3132 3250 ultio,
3175 3185 3269 3240 sed
3315 3184 3596 3255 aliquando
3633 3199 3850 3239 coronat

2278 3278 2496 3332 materia
2513 3286 2614 3341 est,
2649 3285 2706 3331 ut
2748 3278 2799 3331 in
2831 3277 3031 3331 Lazaro
3081 3285 3134 3330 et
3159 3276 3211 3330 in
3244 3274 3396 3330 Jobo.
3467 3274 3574 3328 Nec
3619 3274 3846 3328 inﬁrmi-

2275 3378 2410 3422 tates
2439 3377 2660 3433 tantum,
2690 3367 2782 3421 sed
2808 3379 2864 3421 et
2888 3367 2991 3421 alia
3019 3366 3257 3434 corporis
3299 3363 3628 3418 incommoda
3656 3379 3686 3417 a
3719 3378 3849 3432 pec-

2274 3461 2405 3511 catis
2453 3466 2571 3512 orta
2621 3469 2763 3522 sunt,
2789 3465 2848 3512 ut
2874 3456 3015 3511 Ozia:
3061 3456 3225 3524 lepra,
3274 3454 3342 3508 ob
3378 3454 3539 3507 animi
3567 3452 3843 3522 impuden-

2277 3550 2401 3604 tiam
2423 3589 2439 3614 ,
2472 3557 2530 3603 ut
2557 3547 2856 3603 Jeroboami
2886 3547 3024 3616 regis
3050 3559 3234 3599 manus
3258 3543 3553 3597 ariditatem
3593 3554 3843 3612 perpessa

2273 3652 2394 3710 est,
2447 3642 2518 3697 ob
2585 3643 2934 3711 arrogantiam
2981 3647 3036 3693 et
3095 3635 3395 3705 superbiam
3453 3633 3591 3702 ejus.
3643 3632 3861 3703 Lingua

2274 3749 2484 3805 quoque
2535 3732 2805 3787 Zachariae
2849 3745 2954 3785 non
3003 3726 3214 3780 aliunde
3241 3726 3395 3794 ligata
3419 3733 3503 3778 est
3519 3725 3558 3790 ί,
3587 3738 3745 3793 quam
3775 3724 3846 3780 ob

2272 3829 2462 3881 anima:
2510 3834 2801 3895 peccatum.
2845 3821 3099 3888 Quoniam
3131 3818 3283 3888 igitur
3316 3815 3512 3870 ludatis
3539 3815 3674 3870 bena
3698 3815 3843 3868 vale-

2274 3917 2401 3972 tudo
2451 3925 2507 3970 et
2549 3915 2714 3969 robur
2765 3913 3022 3981 corporis,
3075 3922 3266 3977 resque
3319 3920 3626 3975 prosperae,
3693 3919 3846 3958 arro-

2271 4009 2462 4079 gaulia:
2512 4008 2721 4061 occasio
2765 4003 2992 4067 fuerant,
3037 3999 3346 4069 arrogantia:
3370 3996 3601 4050 radicem
3633 3996 3847 4049 subtra-

2273 4105 2349 4155 xit
2401 4102 2574 4162 Dens,
2623 4093 3099 4152 commonefaeiens
3159 4091 3275 4145 illos
3327 4098 3381 4142 et
3427 4088 3492 4142 ad
3561 4088 3840 4143 meliorem

2273 4193 2473 4260 frugem
2500 4189 2778 4252 reducens,
2798 4186 3102 4254 maioraque
3127 4182 3277 4245 dans,
3307 4192 3461 4247 quam
3513 4177 3642 4246 ipsis
3686 4175 3842 4231 aufe.

2270 4283 2438 4336 rebat.
2463 4279 2598 4345 Quid
2632 4279 2772 4332 enim
2817 4271 3122 4330 detrimenti
3150 4277 3264 4324 erat
3288 4281 3509 4336 corpore
3551 4275 3835 4334 aegrotare,

2272 4372 2316 4422 si
2345 4369 2468 4422 hinc
2496 4366 2856 4420 institueretur
2909 4361 3123 4414 anima?
3157 4358 3348 4411 Deinde
3377 4370 3442 4408 ne
3487 4360 3732 4423 putarent
3779 4352 3832 4407 id

2272 4476 2337 4514 ex
2360 4467 2565 4513 natura:
2593 4454 2895 4509 infirmitate
2925 4450 3231 4520 procedere,
3261 4447 3309 4500 id
3350 4454 3658 4499 eventurum
3709 4457 3841 4510 pro-

2275 4551 2429 4619 pheta
2462 4545 2724 4616 praadixit,
2767 4556 2937 4610 neque
2986 4541 3126 4593 viros
3165 4547 3362 4592 tantum
3413 4535 3570 4590 minis
3623 4535 3840 4600 terruit,

2275 4640 2365 4694 sed
2395 4653 2600 4707 pinnam
2630 4634 2940 4688 mulieribus
2968 4643 3173 4699 quoque
3200 4625 3504 4688 transmisit,
3535 4625 3654 4694 quia
3694 4632 3842 4677 uter-

2270 4743 2376 4798 que
2406 4742 2562 4782 sexus
2589 4733 2864 4792 corruptus
2900 4728 3031 4784 erat,
3062 4727 3115 4772 et
3144 4717 3193 4770 in
3247 4729 3523 4783 progressu
3574 4712 3638 4765 ad
3694 4712 3842 4781 ipsas

2273 4821 2522 4874 mulieres
2549 4830 2843 4872 sermonem
2870 4813 3063 4880 dirigit,
3091 4817 3163 4873 et,
3189 4808 3256 4859 ob
3280 4805 3503 4860 absurda
3545 4803 3836 4857 admodum

2272 4919 2436 4980 gesta,
2469 4909 2685 4962 crimina
2714 4906 2840 4974 ipsis
2861 4903 3030 4966 otfert,
3059 4915 3175 4969 quae
3202 4897 3379 4953 urbem
3403 4900 3568 4967 ipsam
3587 4908 3615 4949 a
3639 4892 3840 4949 funda-

2275 5001 2466 5055 mentis
2513 4999 2805 5052 diruerunt.
2841 4992 2960 5046 Ideo
2988 4990 3103 5044 illas
3145 4987 3433 5056 pestilentia
3469 4983 3694 5051 affligit:
3746 4997 3837 5051 pc-

2276 5091 2560 5144 stilentiam
2586 5087 2725 5141 enim
2767 5082 2895 5136 mihi
2924 5078 3252 5134 subindicare
3280 5075 3482 5128 videtur
3505 5086 3624 5125 cum
3665 5071 3838 5128 dicit:

2275 5182 2512 5247 Auferam
2535 5175 2788 5229 robustum
2812 5180 2856 5224 ct
2875 5170 3158 5230 robustam,-
3185 5165 3264 5219 vel
3312 5163 3469 5216 alium
3517 5175 3837 5228 corporeum

2278 5268 2517 5322 morbum
2546 5265 2865 5318 medicorum
2890 5260 2985 5312 arti
3029 5272 3132 5310 non
3159 5253 3450 5308 cedentem.
3484 5249 3640 5302 Tales
3688 5252 3840 5302 enim

2276 5369 2398 5414 sunt
2449 5356 2537 5410 Dei
2569 5356 2750 5423 plagm.
2785 5350 2953 5402 Robur
2979 5349 3121 5414 panis
3156 5353 3201 5396 et
3236 5341 3385 5394 robur
3406 5353 3569 5406 aqutc.
3614 5339 3838 5390 Gravis-

2278 5450 2408 5504 sima
2452 5448 2564 5499 haec
2604 5442 2829 5496 vindicta
2857 5449 2957 5504 est,
2983 5435 3191 5506 quando
3223 5447 3324 5485 non
3358 5431 3518 5498 ipsam
3547 5427 3678 5480 tollit
3706 5426 3839 5480 sub-

2277 5542 2542 5602 stantiam,
2573 5535 2663 5589 sed
2687 5533 2787 5588 vim
2817 5547 2880 5585 ex
2905 5545 2964 5585 ea
2997 5528 3164 5581 aufert
3194 5525 3439 5583 innatam,
3469 5519 3537 5572 ita
3571 5527 3627 5574 ut
3652 5517 3735 5572 vel
3762 5531 3830 5568 ex

2335 5718 2350 5746 ι
2375 5714 2521 5763 Juxta
2547 5710 2668 5770 Reg.
2695 5711 2744 5755 et
2765 5707 2873 5755 Sav.
2901 5701 3096 5764 legitur,
3123 5697 3285 5746 edocta
3319 5697 3404 5744 est.
3434 5702 3537 5751 pro,
3562 5686 3709 5747 ligata
3730 5692 3821 5733 est.
