4058 6216
233 416 305 470 39

227 497 464 565 νομένην
494 493 795 562 ἀποδημίαν
826 491 933 543 τῶν
974 489 1254 559 βαρϐάρων
1291 487 1630 541 αἰνίττεσθαι.
1661 487 1766 541 Καὶ
1803 484 1872 537 τὰ

233 580 606 646 χειροποίητα
645 580 838 631 πάντα
878 576 1384 640 κατακρύψουσιν,
1428 573 1870 640 εὶσενέγκαντες

230 667 316 729 είς
344 664 416 716 τὰ
458 661 722 727 σπήλαια
759 659 854 712 καὶ
896 661 979 723 είς
1020 659 1124 721 τὰς
1165 657 1425 726 σχισμὰς
1467 655 1584 708 τῶν
1621 656 1865 721 πετρῶν,

231 750 327 802 καὶ
374 751 458 813 είς
489 748 591 813 τὰς
637 747 894 814 τρώγλας
926 743 1031 809 τῆς
1078 742 1207 810 γῆς,
1254 743 1370 794 ἀπὸ
1409 742 1726 807 προσώπου
1766 737 1868 790 τοῦ

230 838 418 902 φόϐου
457 836 692 900 Κυρίου,
725 833 818 884 καὶ
867 832 980 884 ἀπὸ
1019 829 1124 896 τῆς
1165 829 1349 894 δόξης
1382 847 1488 894 της
1526 827 1735 892 ίσχύος
1766 827 1869 877 αὑ-

230 921 357 979 τοῦ.
389 921 532 973 ὅταν
576 917 809 984 ἀναστῇ
849 916 1098 983 θραῦσαι
1145 915 1258 980 τὴν
1309 913 1441 982 γῆν.
1478 913 1735 964 Τοσοῦτον
1766 911 1870 978 γάρ

228 1003 514 1068 ἀφέξουσιν
545 1001 739 1065 αὐτῶν,
783 1001 962 1068 φησὶν,
999 999 1046 1049 οί
1086 997 1194 1049 θεοὶ
1249 997 1546 1064 παρασχεῖν
1588 1011 1705 1044 τινα
1737 1009 1871 1059 συμ-

231 1089 452 1156 μαχίαν,
499 1089 578 1139 ὅτι
627 1087 721 1155 τῆς
759 1087 906 1156 παρά
943 1086 1049 1136 τῶν
1097 1082 1392 1152 ἀνθρώπων
1436 1082 1707 1150 δεήσονται
1745 1080 1869 1147 βοη-

227 1171 412 1233 θείας,
464 1173 554 1223 καὶ
585 1172 760 1222 τόπων
803 1169 1125 1237 ἀσφαλείας,
1175 1167 1311 1218 ῶστε
1349 1165 1421 1234 μὴ
1459 1166 1688 1224 ἁλῶναι,
1740 1162 1869 1214 Ἀπὸ

225 1257 547 1323 προσώπου
585 1256 688 1308 τοῦ
726 1258 909 1323 φόϐου
962 1254 1202 1320 Κυρίου,
1251 1253 1341 1304 καί
1385 1251 1501 1304 ἀπὸ
1544 1250 1652 1316 τῆς
1692 1249 1871 1313 δόξης

225 1342 336 1408 τῆς
368 1345 576 1410 ίσχύος
619 1342 820 1404 αὑτοῦ,
863 1341 1007 1392 ὅταν
1035 1336 1268 1402 ἀναστῇ
1307 1335 1557 1404 θραῦσαι
1592 1335 1703 1399 τὴν
1737 1333 1865 1401 γῆν.

229 1422 344 1480 Ἵνα
385 1427 490 1495 γάρ
523 1428 593 1496 μή
627 1443 707 1487 τις
745 1428 807 1493 τῇ
852 1425 957 1475 τῶν
999 1423 1284 1492 βαρϐάρων
1321 1421 1490 1488 ἐφόδῳ
1529 1419 1695 1470 ταῦτα
1729 1419 1871 1484 λογί-

225 1514 406 1581 ζηται,
454 1513 583 1582 μηδὲ
613 1514 707 1579 τῆς
759 1511 935 1578 ἰσχύος
979 1511 1074 1576 τῆς
1103 1508 1320 1559 ἐκείνων
1363 1502 1499 1557 εἶναι
1551 1504 1739 1573 νομίζῃ
1783 1503 1870 1554 τὸν

225 1601 408 1668 φόϐον,
437 1600 623 1666 ἀνάγει
653 1600 738 1650 τὸν
772 1599 922 1664 λόγον
949 1598 1040 1650 ἐπὶ
1068 1597 1155 1648 τὸν
1186 1595 1289 1647 τῶν
1319 1595 1451 1646 ὅλων
1490 1593 1638 1655 Θεὸν,
1672 1594 1861 1659 λέγων.

222 1687 306 1738 δτι
363 1686 522 1746 αὐτὸς
571 1684 663 1737 τοῦ
719 1684 952 1751 πολέμου
1016 1683 1305 1751 στρατηγεί
1361 1679 1567 1740 τούτου,
1611 1679 1700 1730 καὶ
1743 1679 1868 1746 παρ’

224 1772 431 1825 ἐκείνου
469 1772 692 1840 δύναμις
738 1772 793 1821 ἐν
835 1770 1067 1838 τοσούτῳ
1099 1769 1320 1836 κινδύνῳ
1346 1768 1452 1819 τῶν
1481 1767 1579 1836 ἤδη
1624 1765 1871 1832 πεπλημ-

228 1857 538 1927 μελημένων
562 1868 609 1908 ι.
647 1854 723 1921 Τῇ
761 1855 867 1922 γὰρ
905 1853 1093 1921 ἡμέρᾳ
1135 1855 1334 1919 ἐκείνῃ
1380 1851 1620 1906 ἐκϐαλεῖ
1653 1852 1870 1916 ἀνθρώ.

224 1958 339 2006 πος
366 1943 435 1994 τὰ
462 1941 842 2006 ,βδελύτματα
866 1939 1066 2000 αὑτοῦ,
1094 1938 1163 1990 τὰ
1190 1935 1412 2005 ἀργυρᾶ
1436 1936 1532 1987 καὶ
1560 1934 1630 1986 τὰ
1655 1933 1868 2001 χρυσᾶ,

224 2026 261 2080 ἆ
300 2027 592 2091 ἐποίησαν
643 2025 871 2088 ἑαυτοῖς
911 2027 995 2087 είς
1038 2024 1104 2074 τὸ
1160 2021 1526 2088 προσκυνεῖν
1579 2021 1697 2084 τοῖς
1757 2035 1871 2086 μα-

222 2114 410 2176 ταίοις
445 2109 638 2164 αὐτῶν
670 2110 765 2161 καὶ
815 2110 938 2172 ταῖς
971 2109 1294 2174 νυκτερίσι,
1325 2107 1432 2160 τοῦ
1470 2105 1759 2159 εισελθεῖν
1786 2107 1872 2168 είς

223 2196 329 2258 τὰς
351 2194 596 2261 στερεάς
618 2192 832 2259 πέτρας
859 2193 952 2243 καί
979 2194 1062 2255 εἰς
1085 2192 1188 2255 τὰς
1213 2191 1472 2259 σχισμὰς
1498 2189 1614 2241 τῶν
1647 2189 1873 2254 πετρῶν

223 2279 342 2333 ἀπὸ
386 2279 700 2346 προσώπου
747 2278 851 2330 τοῦ
904 2278 1087 2344 ςρόϐου
1152 2278 1390 2342 Κυρίου,
1443 2275 1538 2326 καὶ
1597 2275 1710 2328 ἀπὸ
1767 2273 1872 2339 τῆς

223 2363 406 2430 δόξης
437 2363 544 2429 τῆς
575 2363 778 2429 ισχύος
820 2361 1026 2420 αὑτοῦ,
1056 2361 1198 2412 ὅταν
1223 2359 1454 2426 ἀναστῇ
1480 2359 1727 2426 θραῦσαι
1761 2358 1872 2423 τὴν

223 2448 363 2516 τῆν.
401 2449 615 2510 Ίκανῶς
663 2449 853 2509 αὐτοὺς
912 2446 1270 2515 ἐκωμῲδησε,
1318 2447 1526 2506 δεικνὺς
1578 2447 1710 2512 μετὰ
1766 2445 1870 2496 τῶν

222 2534 362 2586 θεῶν
412 2534 832 2603 κρυπτομένους,
869 2534 960 2584 καὶ
994 2535 1070 2594 είς
1108 2532 1203 2600 τὴν
1253 2532 1356 2599 γῆν
1408 2530 1866 2598 καταδυομένους,

222 2619 315 2670 καὶ
357 2618 475 2670 οὕτε
519 2620 616 2686 τὴν
669 2618 1009 2669 πολυτέλειαν
1052 2617 1150 2685 τῆς
1188 2616 1316 2685 ῦλης
1355 2617 1581 2685 ἀρκέσαι
1625 2634 1673 2666 τι
1717 2615 1870 2666 δυνα-

225 2705 391 2773 μένην
434 2705 567 2772 πρὸς
596 2703 689 2770 τὴν
737 2703 1082 2771 ἐπικειμένην
1114 2702 1410 2770 συμφοράν.
1449 2701 1773 2769 Νυκτερίδας
1815 2700 1868 2750 δέ

223 2789 446 2842 ἐκάλεσε
484 2789 551 2840 τὰ
591 2788 798 2848 εἴδωλα,
827 2789 860 2856 ἢ
894 2789 977 2838 διὰ
1015 2788 1105 2856 τὴν
1137 2786 1432 2846 ἀσθένειαν,
1473 2787 1504 2855 ἢ
1553 2785 1636 2836 διὰ
1679 2785 1735 2834 τὸ
1772 2783 1868 2849 τῆς

222 2875 432 2940 πλάνης
479 2876 872 2941 ἐσκοτισμένον,
909 2873 1000 2923 καὶ
1047 2872 1106 2922 τὸ
1148 2871 1320 2922 πάντα
1360 2871 1529 2938 λάθρα
1577 2868 1724 2936 παρά
1766 2868 1868 2919 τῶν

219 2960 491 3027 δαιμόνων
537 2958 880 3027 πράττεσθαι.
921 2959 1125 3026 Ὥσπερ
1173 2964 1278 3025 γαρ
1334 2958 1449 3017 ταῖς
1510 2955 1810 3022 νυκτερίσιν
1843 2956 1870 3006 ὁ

226 3048 325 3116 μὲν
353 3046 500 3116 ἥλιος
535 3045 784 3114 πολέμιον
821 3046 910 3097 καὶ
954 3045 1011 3096 τὸ
1041 3044 1174 3109 φῶς,
1203 3047 1234 3112 ἡ
1267 3044 1320 3095 δὲ
1349 3042 1442 3105 νὺξ
1479 3042 1571 3092 καὶ
1599 3041 1657 3091 τὸ
1689 3041 1871 3102 σκότος

224 3131 408 3198 φίλον·
456 3131 595 3182 οὕτω
645 3131 736 3182 καὶ
772 3132 879 3191 τοῖς
923 3131 1135 3197 δαίμοσι
1180 3130 1270 3181 καὶ
1322 3131 1429 3188 τοῖς
1455 3127 1480 3165 b
1524 3127 1612 3177 ὑπ’
1653 3126 1869 3176 ἐκείνων

220 3215 651 3284 πλανωμένοις-η
698 3215 924 3282 πονηρία
977 3215 1071 3282 μὲν
1118 3215 1303 3266 καὶτὰ
1335 3213 1616 3280 παράνομα
1662 3212 1869 3262 ᾶπαντα

223 3300 424 3370 συνήθη
457 3300 550 3351 καὶ
578 3298 722 3366 φίλα,
765 3299 926 3367 ἐχθρά
964 3299 1019 3350 δὲ
1051 3301 1082 3367 ἡ
1117 3299 1280 3365 ἀρετὴ
1314 3298 1404 3347 καὶ
1447 3297 1513 3347 τά
1560 3296 1649 3346 τοῦ
1697 3295 1865 3362 φωτὸς

222 3387 388 3455 ἔργα,
431 3387 524 3436 καὶ
566 3383 887 3452 λαμψάντων
927 3383 1122 3442 αὐτῶν,
1169 3383 1367 3442 εὐθέως
1416 3381 1772 3443 σκοτίζονται,
1808 3381 1867 3432 οὐ

221 3471 474 3538 δεομένου
517 3469 608 3520 τοῦ
657 3471 712 3520 ἐν
746 3471 908 3536 ἀρετῇ
944 3468 1139 3530 ζῶντος
1181 3468 1341 3517 πόνου
1379 3467 1520 3527 τινὸς
1552 3466 1642 3516 καὶ
1687 3465 1866 3533 καμά-

223 3573 336 3607 του.
371 3556 554 3623 Ἀρκεῖ
593 3553 698 3622 γάρ
730 3554 960 3620 φανῆναι
995 3553 1167 3620 μόνον,
1205 3552 1294 3602 καὶ
1325 3552 1495 3602 πάντα
1536 3549 1863 3601 καταλύσειε

227 3642 430 3694 ἐκεῖνα.
457 3641 775 3691 Παύσασθε
811 3638 949 3705 ὑμῖν
973 3637 1085 3690 ἀπὸ
1116 3636 1218 3688 τοῦ
1250 3637 1574 3700 ἀνθρώπου,
1606 3629 1676 3688 οὗ
1705 3634 1870 3685 ἐστιν

227 3724 496 3788 ἀναπνοὴ
536 3725 604 3775 ἑν
645 3721 896 3790 μυκτῆρι
944 3721 1153 3774 αὑτοῦ·
1195 3721 1279 3772 ὅτι
1318 3722 1384 3772 ἐν
1431 3723 1543 3771 τίνι
1586 3721 1866 3785 ἐλογίσθη

226 3810 426 3872 αὐτοῖς
454 3805 659 3872 οὗτος;
699 3808 955 3860 Ἐνταῦθα
999 3825 1086 3876 μοι
1119 3808 1261 3858 δοκεῖ
1297 3806 1384 3856 τὸν
1430 3805 1668 3868 Ἐζεκίαν
1700 3805 1868 3856 αἰνίτ-

224 3895 426 3950 τεσθαι,
455 3896 518 3944 ἐκ
540 3893 632 3944 τοῦ
661 3893 809 3954 δέους
838 3894 929 3943 καὶ
951 3895 1044 3959 τῆς
1077 3892 1270 3959 πολλῆς
1296 3889 1530 3956 ἀγωνίας
1560 3889 1689 3957 πρὸς
1713 3890 1869 3957 ἐσχά-

223 3995 322 4039 τας
345 3979 469 4029 δντα
511 3979 796 4039 ἀναπνοάς.
839 3978 989 4028 Ἐπεὶ
1019 3972 1109 4028 οὖν
1138 3975 1323 4044 ὥσπερ
1355 3977 1412 4025 ἐν
1442 3974 1676 4034 δικτύοις
1709 3975 1868 4025 αὑτὸν

223 4063 476 4124 λαϐόντες
522 4065 570 4115 οι
627 4062 914 4130 βάρϐαροι,
955 4062 1165 4129 ἐτοιμον
1201 4061 1442 4129 ἐνόμιζον
1495 4060 1660 4129 Θήραν
1706 4059 1865 4127 ἐχειν,

226 4149 461 4202 κα.ὶοὺδέ
492 4148 650 4200 πόνου
689 4148 890 4201 δεῖσθαι
919 4149 996 4208 είς
1032 4149 1128 4215 τῆν
1160 4147 1256 4213 τῆς
1292 4146 1492 4206 πόλεως
1525 4144 1739 4205 ἀλωσιν,
1780 4143 1868 4193 καὶ

223 4235 318 4303 τὴν
349 4233 718 4300 αἰχμαλωσίαν
756 4234 852 4299 τὴν
901 4231 1126 4294 ἐκείνου,
1175 4230 1368 4298 συνέϐη
1407 4229 1708 4280 τούναντίον
1759 4231 1866 4288 τοῖς

227 4317 546 4387 βαρϐάροις.
585 4317 680 4368 Διά
711 4317 867 4368 τοῦτό
917 4333 1078 4385 φησιο
1119 4317 1437 4367 Παύσασθε
1475 4315 1592 4367 ἀπὸ
1626 4314 1726 4365 τοῦ
1767 4315 1868 4365 ἀν-

227 4402 476 4468 θρώπου,
509 4397 578 4455 οὗ
609 4402 774 4452 ἐστιν
812 4401 1083 4464 ἀναπνοὴ
1124 4401 1193 4451 ἐν
1237 4398 1489 4466 μυκτῆρι
1532 4399 1740 4452 αὑτοῦ·
1783 4399 1868 4450 ὅτι

224 4487 291 4539 ἐν
324 4487 440 4538 τίνι
481 4487 763 4553 ἐλογίσθη
801 4486 1001 4548 αὐτοῖς
1051 4485 1175 4554 [52]
1223 4481 1431 4548 οὖτος;
1478 4485 1780 4546 Τουτέστιν,
1813 4485 1868 4535 ἐν

223 4572 397 4623 οὐδενὶ⁹
451 4571 717 4639 ἐλογίσθη.
753 4572 859 4621 Καὶ
896 4571 1000 4639 γὰρ
1034 4571 1107 4632 ώς
1140 4570 1198 4633 ἐξ
1236 4571 1530 4638 ἐπιδρομῆς
1569 4571 1742 4621 πάντα
1774 4571 1869 4637 ἦλ-

224 4673 389 4709 πισαν
433 4655 845 4724 ἀναιρήσεσθαι’
881 4655 1037 4724 ἐξέϐη
1065 4655 1119 4706 δὲ
1166 4657 1470 4708 τούναντίον
1515 4655 1688 4708 ἆπαν·
1723 4657 1815 4707 καὶ
1843 4659 1869 4709 ό

225 4741 391 4811 μηδὲν
429 4737 564 4792 εἶναι
614 4741 955 4809 νομιζόμενος
1004 4739 1129 4808 παρ’
1184 4743 1324 4808 ὒμῖν,
1369 4741 1479 4792 ἀλλ’
1508 4741 1869 4805 εὐκαταγώνι-

224 4843 369 4888 στος,
416 4822 567 4886 οὗτος
609 4826 983 4894 λαμπρότερος
1031 4826 1245 4879 πάντων
1279 4829 1543 4893 φανεῖται,
1591 4827 1685 4894 τῆς
1721 4827 1870 4893 παρά

223 4911 320 4963 τοῦ
353 4909 487 4962 Θεοῦ
523 4910 802 4961 ἀπολαύων
838 4913 1027 4979 ῥοπῆς.

869 5030 1110 5081 ΚΕΦΑΛ.
1155 5030 1221 5080 Γ’.

237 5133 380 5186 Ἰδοὺ
422 5137 452 5184 0'
494 5132 793 5195 Δεσπότης
837 5132 1043 5196 Κύριος
1084 5133 1318 5184 Σαϐαὼο
1358 5134 1568 5199 ἀφελεῖ
1601 5134 1714 5184 ἀπὸ
1761 5133 1869 5195 τῆς

309 5201 586 5263 Ἰουδαίας
641 5200 734 5250 καὶ
798 5200 914 5251 ἀπὸ
976 5201 1366 5268 Ἰερουσαλὴμ
1426 5205 1710 5266 laxi-crta
1772 5204 1866 5252 καὶ

294 5271 655 5337 ἰσχύουσαν.

295 5379 361 5424 α’.
399 5371 663 5438 Καθάπερ
706 5370 882 5439 ἰατρὸς
916 5370 1149 5439 ἄριστος,
1196 5371 1287 5421 νῦν
1335 5372 1430 5438 μὲν
1469 5372 1654 5433 καίων,
1690 5371 1781 5420 νῦν
1815 5371 1868 5421 δὲ

285 5509 312 5535 ³
332 5505 491 5555 Locus
513 5512 566 5554 ut
589 5507 785 5554 videtur
805 5513 1074 5566 corruptus,
1114 5508 1189 5552 cui
1230 5507 1462 5554 medicam
1485 5521 1673 5554 manum
1709 5508 1868 5554 admo-

225 5579 344 5614 vere
367 5572 522 5615 lenuit
545 5570 594 5614 in
629 5569 754 5615 nolis
778 5568 941 5615 Savilii
972 5567 1158 5612 Bnisius
1181 5566 1248 5613 sic
1272 5569 1426 5613 locum
1471 5571 1730 5615 restituens
1759 5589 1767 5612 :
1791 5569 1867 5612 καὶ

226 5629 256 5680 ἡ
281 5629 386 5688 παρ’
409 5628 584 5674 ἐκείνου
610 5627 795 5686 δύναμις
827 5629 1136 5681 καταπλήττει
1180 5627 1285 5679 τοὺς
1329 5629 1374 5673 ἐν
1419 5629 1629 5686 τοσούτῳ
1674 5627 1868 5686 κινδύνῳ

226 5689 540 5742 καθεστῶτας,
566 5689 755 5732 καὶτῶν
794 5689 883 5742 ἤδη
925 5689 1380 5745 πεπλημμελημένων
1422 5689 1576 5741 αὐτοῖς
1612 5689 1869 5739 δεδωκότας

226 5745 358 5800 δίκην
406 5746 588 5793 Verum
612 5748 698 5793 hoc
725 5748 938 5793 divinare
965 5754 1054 5792 est.

291 5812 315 5846 b
343 5806 470 5860 Haec,
498 5806 686 5865 ἰαίμοσι
706 5809 783 5851 καὶ
817 5809 926 5862 τοῖς,
953 5807 1153 5852 deerant
1189 5809 1235 5852 in
1279 5807 1394 5853 Mor.
1445 5807 1542 5853 Sed
1570 5820 1624 5852 ex
1650 5807 1771 5868 Rog.
1821 5815 1869 5854 el

233 5863 357 5911 S:I\'i|
408 5863 631 5912 τεςιὶιιιῐα
657 5874 786 5912 sum.

297 5927 318 5954 (⁵
347 5927 462 5986 Reg.
491 5926 768 5980 καταλῦσαι,
790 5939 896 5983 qua”:
920 5925 1064 5970 lectio
1099 5941 1187 5970 mm
1215 5928 1502 5980 swrrww’a.

643 6017 904 6072 l‘ATuuL.
951 6016 1064 6071 (in.
1117 6015 1264 6072 [Αἰ.

1595 374 1663 427 IN
1701 370 1868 428 ISAIA

1995 367 2144 423 CAP.
2180 367 2266 421 ιη.
3554 371 3628 427 4ο

1976 481 2205 550 τέμνων,
2237 479 2330 531 νῦν
2358 479 2414 530 δὲ
2446 477 2614 547 πικρά
2658 477 2829 540 διδοὺς
2861 475 3156 547 φάρμακα.
3200 473 3470 545 μεθοδεύει
3514 471 3621 525 τῶν

1974 565 2390 634 ἀρρωστούντων
2418 562 2514 633 τὴν
2544 562 2750 630 ὑγίειαν
2772 579 2783 590 ·
2820 561 2959 615 οὕτω
2986 562 3047 630 δὴ
3078 562 3168 613 καὶ
3191 564 3217 612 ὁ
3247 560 3619 629 φιλάνθρωπος

1974 651 2124 714 Θεὸς,
2154 649 2417 712 ποικίλαις
2450 649 2542 702 καὶ
2568 649 2838 718 διαφόροις
2861 649 3149 717 τιμωρίαις
3176 647 3234 699 τὸ
3256 647 3502 716 διαρρέον
3528 643 3620 695 καὶ

1975 738 2361 800 ἀναπεπτωκὸς
2407 736 2513 790 τῶν
2549 738 2814 792 Ἰουδαίων
2861 738 3218 805 ἐπισφίγγων,
3266 735 3357 786 νῦν
3408 734 3504 803 μὲν
3552 735 3619 802 τῇ

1975 823 2081 875 τῶν
2111 823 2406 892 Βαρϐάρων
2436 823 2603 892 ἐφόδῳ
2637 824 2786 890 φοϐεῖ
2811 825 2935 886 τοὺς
2959 823 3295 892 ἀγνώμονας,
3325 819 3416 872 νῦν
3441 820 3496 871 δέ
3529 821 3622 872 καὶ

1978 909 2082 976 πρὸ
2134 910 2230 976 τῆς
2286 909 2504 960 ἐκείνων
2552 910 2839 972 ἐπιθέσεως
2883 911 3094 980 ἐτέραις
3137 908 3330 969 αὐτοὺς
3378 906 3623 966 ἀπειλαῖς

1977 994 2342 1056 καταστέλλει,
2371 999 2435 1064 τῇ
2472 996 2703 1064 ποικιλία
2732 997 2836 1047 τῶν
2881 995 3112 1048 ἀπειλῶν
3161 991 3471 1064 ἀκμάζοντα
3502 991 3620 1042 δια-

1975 1079 2154 1148 τηρῶν
2197 1081 2253 1131 ἐν
2282 1081 2461 1142 αὐτοῖς
2489 1080 2579 1132 τὸν
2619 1081 2796 1147 φόϐον.
2825 1080 2936 1132 Νῦν
2959 1080 3087 1148 γοῦν
3122 1079 3402 1133 ἀσθένειαν
3430 1077 3622 1137 αὐτοὺς

1976 1165 2184 1216 ἀπειλεῖ
2203 1164 2250 1228 ἀ,
2284 1167 2376 1218 καὶ
2412 1167 2584 1234 λιμὸν,
2621 1167 2714 1217 καὶ
2747 1166 2972 1234 αὐχμὸν,
3003 1167 3120 1234 οὐχὶ
3148 1166 3254 1217 τῶν
3290 1164 3619 1230 ἀναγκαίων,

1976 1247 2107 1298 ἀλλά
2133 1249 2222 1299 καὶ
2247 1247 2465 1300 ἐκείνων
2493 1249 2598 1300 τῶν
2627 1249 2776 1300 οὐδὲν
2816 1249 3030 1300 ἔλαττον
3053 1249 3158 1300 τῶν
3187 1247 3498 1313 ἐπιτηδείων
3525 1245 3624 1314 τὴν

1977 1334 2245 1402 ἡμετέραν
2291 1335 2618 1402 συνεχόντων
2650 1335 2809 1404 ζωήν.
2854 1335 2927 1386 Οὐ
2975 1334 3080 1404 γάρ
3109 1334 3172 1403 δὴ
3203 1334 3356 1402 λιμὸς
3389 1333 3624 1401 χαλεπὸν

1979 1420 2153 1485 μόνον,
2196 1421 2330 1471 ἀλλά
2372 1425 2463 1471 καὶ
2492 1421 2552 1472 τὸ
2590 1425 2646 1473 ἐν
2691 1421 2890 1490 ἐρημίᾳ
2935 1420 3260 1472 καθεστάναι
3289 1420 3394 1471 τῶν
3423 1419 3624 1486 κυϐερ-

1976 1503 2184 1556 νώντων
2217 1505 2286 1556 τὰ
2319 1507 2612 1574 πράγματα
2637 1524 2650 1537 ·
2687 1507 2714 1559 δ
2744 1507 2836 1558 καὶ
2868 1507 2966 1576 τὴν
2997 1505 3244 1576 εὐθηνίαν
3271 1504 3428 1573 λιμοῦ
3462 1505 3621 1573 χαλε-

1977 1589 2222 1656 πωτέραν
2254 1591 2570 1656 ἀποφαίνειν
2615 1592 2789 1644 εἴωθε.
2840 1593 2904 1643 Τί
2947 1592 3054 1662 γὰρ
3091 1591 3280 1659 ὄφελος
3321 1591 3384 1642 ἐκ
3435 1588 3622 1654 πηγῶν

1976 1674 2185 1726 ἅπαντα
2220 1676 2463 1744 ἐπιρρεῖν
2502 1688 2546 1738 ο,
2589 1677 2712 1728 ὅταν
2750 1677 2995 1745 ἐμφύλιοι
3037 1677 3320 1729 τίκτωνται
3362 1675 3620 1742 πόλεμοι,

1977 1761 2068 1811 καὶ
2102 1762 2132 1829 ἡ
2171 1760 2409 1814 θάλασσα
2451 1763 2809 1833 διεγείρηται,
2857 1765 2948 1816 καὶ
2991 1764 3097 1815 τῶν
3129 1764 3385 1832 κυμάτων
3433 1778 3623 1830 μαινο-

1978 1845 2151 1914 μένων
2182 1849 2317 1917 μὴτε
2341 1850 2692 1919 κυϐερνήτης,
2725 1850 2861 1918 μήτε
2890 1850 3158 1919 πρωρεὺς.
3192 1851 3325 1918 μήτε
3358 1848 3513 1909 ἀλλος
3540 1863 3624 1908 τις

1977 1927 2008 2001 ᾖ
2037 1932 2326 2001 δυνάμενος
2352 1935 2606 1989 διαθεῖναι
2630 1935 2718 1988 τὸν
2746 1936 2851 1987 τῶν
2879 1936 3211 2004 πραγμάτων
3237 1935 3495 2003 χειμῶνα,
3531 1951 3596 1985 κα
3617 1949 3636 1984 ι

1977 2019 2310 2088 καταστῆσαι
2351 2021 2618 2090 γαλήνην;
2645 2022 2810 2073 Ὅταν
2840 2020 2896 2072 δέ
2934 2019 3067 2088 μετά
3104 2018 3307 2071 τούτων
3345 2019 3436 2070 καὶ
3468 2018 3624 2086 λιμὸς

1975 2100 2046 2174 ᾗ,
2096 2106 2342 2174 ἐννόησον
2395 2107 2504 2158 τῶν
2553 2106 2736 2159 κακῶν
2784 2107 2879 2176 τὴν
2926 2106 3248 2176 ὑπερϐολήν.
3304 2105 3486 2157 Ταῦτα
3533 2101 3623 2156 οῦν

1977 2190 2186 2242 ἅπαντα
2211 2192 2420 2243 ἀπειλεί
2445 2193 2472 2242 ὁ
2502 2191 2653 2253 Θεὸς,
2685 2192 2778 2242 καὶ¹
2807 2191 3018 2261 πρῶτον
3048 2191 3105 2244 τὸ
3137 2192 3350 2244 πάντων
3381 2189 3624 2258 χαλεπώ-

1974 2290 2149 2342 τερον.
2182 2274 2325 2327 Ἰδοὺ
2351 2274 2478 2343 γάρ,
2512 2277 2693 2344 φησὶν,
2725 2281 2760 2332 ό
2804 2277 3104 2341 Δεσπότης
3127 2277 3335 2342 Κύριος
3361 2274 3619 2328 Σαϐαὼθ.

1975 2359 2052 2428 Τῇ
2077 2359 2216 2422 λέξει
2245 2360 2432 2431 ταύτῃ,
2471 2360 2636 2424 Ἰδοὺ,
2661 2361 2896 2429 συνεχῶς
2924 2362 2972 2412 οἱ
2999 2361 3269 2430 προφῆται
3307 2361 3620 2430 κέχρηνται,

1975 2446 2098 2497 ὅταν
2129 2445 2532 2516 πληροφορῆσαι
2580 2446 2669 2499 τὸν
2701 2448 2969 2517 ἀκροατὴν
3020 2447 3308 2516 βούλωνται
3349 2448 3475 2515 περὶ
3509 2448 3617 2498 τῶν

1975 2530 2299 2599 λεγομένων.
2324 2532 2435 2582 Οὐκ
2468 2531 2694 2583 ἐνταῦθα
2716 2531 2771 2583 δὲ
2801 2533 2977 2600 μόνον,
3008 2533 3137 2584 ἀλλά
3164 2532 3254 2584 καὶ
3281 2533 3500 2595 ἀνωθεν,
3531 2533 3620 2584 καὶ

1977 2616 2036 2677 ἐξ
2062 2617 2231 2684 ἀρχῆς
2274 2614 2424 2670 ἐστιν
2475 2617 2617 2679 ἰδεῖν,
2649 2618 2728 2670 ὅτι
2774 2619 2870 2686 τῆς
2918 2621 3227 2688 σωματικῆς
3258 2618 3534 2678 ἀσθενείας
3564 2620 3618 2668 αί

1975 2701 2233 2768 ἁμαρτίαι
2288 2704 2666 2771 προηγήσαντο
2717 2703 3004 2764 πολλάκις,
3045 2703 3119 2765 ὡς
3165 2704 3254 2754 ἐπὶ
3302 2702 3393 2754 τοῦ
3447 2705 3616 2755 Κάῖν⁹

1975 2787 2157 2855 ἐπειδὴ
2195 2785 2298 2856 γάρ
2329 2787 2389 2837 οὐ
2425 2787 2599 2848 καλῶς
2633 2788 2897 2856 ἐχρήσατο
2924 2792 2986 2858 τῇ
3023 2790 3182 2857 ἰσχύϊ,
3222 2789 3500 2858 παρελύθη
3531 2806 3621 2840 κα-

1974 2871 2097 2934 λῶς.
2125 2871 2276 2924 υῦτω
2306 2873 2399 2926 καὶ
2427 2873 2455 2924 ό
2484 2873 2574 2924 ἐπὶ
2599 2874 2697 2942 τῆς
2727 2874 3102 2944 κολυμϐήθρας
3162 2877 3239 2927 δτι
3267 2875 3374 2945 γὰρ
3406 2877 3438 2943 ἠ
3471 2877 3618 2944 πηγὴ

1973 2959 2066 3026 τῆς
2115 2958 2392 3026 παρέσεως
2433 2957 2501 3010 τὰ
2540 2958 2908 3028 ἁμαρτήματα
2943 2955 3034 3030 ἦν,
3085 2962 3245 3028 φησὶν
3290 2963 3316 3011 ὁ
3349 2963 3576 3031 Χριστός
3602 2978 3617 2990 ⁹

1978 3041 2107 3101 Ἴδε,
2143 3042 2315 3110 ὑγιὴς
2349 3042 2616 3112 γέγονας,
2641 3045 2845 3111 μηκέτι
2881 3045 3190 3112 ἁμάρτανε.
3223 3047 3332 3100 Καὶ
3357 3049 3384 3099 ὁ
3412 3047 3620 3110 Παῦλος

1974 3127 2029 3178 δέ
2064 3144 2224 3196 φησι·
2256 3130 2359 3180 Διὰ
2387 3129 2557 3181 τοῦτο
2586 3130 2655 3180 ἐν
2683 3130 2821 3197 ὑμῖν
2854 3132 3065 3184 πολλοὶ
3096 3133 3366 3198 ἀσθενεῖς
3387 3151 3400 3162 ν
3434 3134 3618 3201 ἐπειδὴ

1975 3213 2280 3280 ἡμάρτανον
2319 3213 2376 3263 οὐ
2413 3212 2631 3281 καθαρῷ
2662 3214 2916 3266 συνειδότι
2949 3215 3055 3266 τῶν
3106 3218 3412 3286 μυστηρίων
3454 3234 3618 3286 μετα-

1974 3297 2353 3366 λαμϐάνοντες.
2398 3299 2506 3350 Καὶ
2546 3299 2635 3352 τὸν
2674 3301 3073 3369 πεπορνευκότα
3117 3301 3173 3354 δὲ
3214 3303 3462 3373 ἀσθενείᾳ
3512 3306 3617 3356 σώ-

1978 3399 2142 3450 ματος
2175 3383 2522 3451 παραδίδωσι,
2553 3385 2752 3453 ταύτην
2781 3385 2918 3453 ὑπὲρ
2947 3386 3349 3454 ἁμαρτημάτων
3375 3389 3619 3442 ἀπαιτῶν

1973 3467 2144 3535 δίκην.
2177 3468 2249 3518 Οὐ
2283 3467 2384 3536 μὴν
2418 3469 2687 3538 πανταχοῦ
2719 3471 3121 3541 ἁμαρτημάτων
3151 3473 3416 3541 ἐπιτίμιον
3442 3475 3616 3538 τοῦτο,

1973 3553 2086 3604 ἀλλ’
2125 3552 2270 3604 ἐστιν
2298 3553 2430 3604 ὅπου
2467 3554 2557 3606 καὶ
2597 3555 2870 3622 στεφάνων
2901 3555 3151 3618 ὑπόθεσις
3181 3557 3241 3608 τὸ
3272 3561 3500 3628 πρᾶγμα
3537 3562 3617 3628 γί-

1974 3653 2154 3698 νεται,
2185 3638 2259 3699 ὼς
2305 3639 2396 3689 ἐπὶ
2440 3639 2531 3690 τοῦ
2583 3640 2826 3710 Λαζάρου
2872 3641 2963 3692 καὶ
2995 3642 3088 3694 τοῦ
3137 3642 3272 3695 Ἰὼϐ.
3306 3645 3416 3695 Οὐκ
3459 3647 3618 3698 ἀσθέ-

1973 3739 2108 3774 νειαι
2133 3723 2188 3774 δὲ
2230 3723 2405 3790 μόνον,
2434 3723 2546 3794 [53]
2575 3725 2706 3777 ἀλλά
2736 3726 2828 3778 καὶ
2858 3725 3028 3779 λῶϐαι
3059 3727 3241 3796 ἕτεραι
3280 3728 3525 3799 σώματος
3561 3734 3616 3796 ἐξ

1973 3809 2377 3876 ἁμαρτημάτων
2415 3809 2664 3875 ἐγίνοντο,
2707 3809 2780 3872 ὡς
2811 3812 2842 3878 ἡ
2888 3811 3060 3880 λέπρα
3088 3812 3179 3864 τοῦ
3215 3813 3360 3876 Ὀζία
3406 3815 3492 3866 διὰ
3522 3818 3617 3885 τὴν

1973 3895 2345 3962 ἀναισχυντίαν
2371 3895 2468 3964 τῆς
2495 3893 2732 3964 γνώμης,
2757 3897 2831 3957 ὡς
2859 3898 2889 3964 ἡ
2923 3899 3040 3966 χεὶρ
3063 3897 3154 3948 τοῦ
3189 3897 3444 3965 βασιλέως
3466 3902 3617 3971 Ἰερο-

1975 3980 2114 4048 σοάμ
2141 3981 2237 4048 τὴν
2271 3981 2535 4048 ξηρότητα
2564 3982 2897 4048 ὑπομείνασα
2925 3982 3011 4034 διὰ
3042 3983 3140 4050 τὴν
3172 3984 3424 4036 ἀπόνοιαν
3456 3988 3617 4039 αὑτοῦ

1975 4066 2064 4115 καὶ
2096 4065 2428 4127 ἀλαζονείαν.
2484 4066 2589 4117 Καὶ
2633 4067 2722 4117 τοῦ
2771 4068 3038 4135 Ζαχαρίου
3081 4068 3137 4118 δὲ
3180 4070 3211 4137 ἡ
3259 4069 3469 4136 γλῶττα
3521 4074 3618 4142 οὐχ

1973 4150 2230 4216 ἑτέρωθεν
2283 4151 2512 4219 ἐπεδήθη
2543 4151 2586 4215 τ,
2629 4152 2797 4221 ἀλλ’ἢ
2832 4152 2917 4204 διὰ
2959 4153 3055 4222 τὴν
3089 4154 3184 4222 τῆς
3216 4154 3390 4225 ψυχῆς
3435 4158 3616 4228 ἀμαρ-

1972 4236 2110 4288 τίαν.
2146 4237 2294 4287 Ἐπεὶ
2315 4233 2408 4289 οὖν
2437 4239 2528 4288 καὶ
2556 4240 2663 4298 τοῖς
2697 4238 2964 4300 Ἰουδαίοις
2993 4239 3324 4307 εύσιιιματείν
3350 4243 3440 4293 καὶ
3471 4261 3617 4315 σφρι-

1973 4323 2073 4389 γᾷν
2111 4322 2200 4372 καὶ
2235 4321 2440 4384 τούτοις
2490 4325 2662 4391 κομᾷν
2693 4325 2802 4383 τοῖς
2861 4322 3318 4392 πλεονεκτήμασιν
3367 4330 3614 4385 ἀπονοίας

1975 4406 2225 4468 ὑπόθεσις
2269 4408 2489 4470 ἐγίνετο,
2542 4409 2775 4477 ὑπέσυρε
2816 4408 2912 4477 τῆς
2956 4409 3265 4471 ἀλαζονείας
3311 4412 3405 4481 τὴν
3440 4414 3612 4482 ρίζαν,

1976 4492 2236 4543 νουθετῶν
2264 4493 2458 4555 αὐτοὺς
2481 4496 2570 4545 καὶ
2602 4494 2836 4562 βελτίους
2857 4495 3040 4558 ποιῶν,
3069 4497 3158 4546 καὶ
3187 4497 3403 4564 μείζονα
3424 4499 3612 4564 διδοὺς,

1973 4579 2005 4646 ἢ
2039 4578 2431 4646 ἀφαιρούμενος
2479 4578 2536 4640 ἐξ
2565 4579 2757 4630 αὐτῶν.
2785 4581 2939 4630 Ποῖον
2975 4582 3078 4649 γὰρ
3126 4581 3316 4648 βλάϐος
3359 4584 3417 4634 τὸ
3463 4586 3613 4654 σῶμα

1975 4663 2236 4726 ἀσθενεῖν,
2269 4665 2391 4715 ὅταν
2430 4663 2674 4714 ἐντεῦθεν
2711 4663 3022 4734 παιδεύηται
3060 4667 3091 4733 ἡ
3132 4666 3308 4735 ψυχης
3353 4663 3482 4720 Εἶτα
3531 4672 3615 4723 ἵνα

1979 4749 2051 4814 μὴ
2083 4749 2337 4815 νομίζωσι
2363 4747 2575 4814 φύσεως
2603 4749 2880 4811 ἀσθενείας
2911 4747 3046 4802 εἶναι
3075 4751 3132 4802 τὸ
3161 4754 3463 4820 γενόμενον,
3493 4772 3614 4823 προ-

1975 4832 2314 4900 ανεφώνησεν
2343 4834 2476 4883 αὑτά
2499 4835 2526 4884 ὁ
2556 4839 2851 4902 προφήτης,
2881 4836 2970 4885 καὶ
2999 4838 3060 4887 οὐ
3094 4838 3249 4907 μέχρι
3278 4839 3382 4889 τῶν
3407 4841 3612 4910 ἀνδρῶν

1976 4917 2165 4984 ἔστησε
2194 4917 2292 4986 τὴν
2325 4917 2569 4986 ἀπειλὴν,
2601 4919 2733 4971 ἀλλά
2769 4921 2859 4972 καὶ
2897 4923 2986 4972 ἐπὶ
3027 4921 3088 4973 τὸ
3131 4927 3428 4988 γυναικεῖον
3461 4928 3612 4992 γένος

1975 5003 2237 5056 διεϐίϐασε
2277 5004 2374 5072 τὴν
2418 5005 2702 5072 τιμωρίαν,
2750 5007 2931 5074 ἐπειδὴ
2978 5009 3069 5060 καὶ
3112 5011 3344 5078 ἐκατέρα
3375 5013 3409 5079 ἡ
3455 5012 3611 5078 φύσις

1973 5090 2274 5157 διέφθαρτο,
2311 5093 2402 5142 καὶ
2435 5091 2636 5160 προῖὼν
2667 5091 2750 5143 διὰ
2778 5091 2871 5161 τὴν
2905 5094 3203 5164 ὑπερϐολὴν
3249 5099 3347 5166 τῆς
3389 5098 3612 5161 ἀτοπίας

1977 5177 2066 5224 καὶ
2099 5175 2228 5243 πρὸς
2259 5175 2423 5237 αὑτὰς
2459 5176 2791 5228 ἀποτείνεται
2818 5179 2913 5239 τὰς
2942 5183 3220 5244 γυναῖκας,
3251 5183 3491 5248 ἐγκαλῶν
3520 5187 3613 5236 αύ-

1977 5262 2091 5319 ταῖς
2121 5259 2454 5327 ἐγκλήματα,
2484 5261 2516 5313 ἃ
2546 5263 2643 5330 τὴν
2672 5264 2820 5314 πόλιν
2851 5265 3015 5332 αὐτὴν
3047 5267 3108 5316 ἐκ
3141 5266 3351 5336 βάθρων
3394 5270 3612 5338 ἀνέτρε-

1977 5362 2094 5396 πον.
2120 5346 2216 5394 Διά
2253 5346 2314 5413 δὴ
2342 5346 2494 5397 τοῦτο
2522 5349 2614 5398 καὶ
2647 5348 2812 5409 αὑτάς
2844 5349 2918 5416 τῷ
2950 5350 3117 5418 λοιμῷ
3149 5352 3486 5420 περιϐάλλει’
3522 5357 3612 5407 καὶ

1974 5431 2079 5499 γὰρ
2146 5431 2324 5499 λοιμὸν
2389 5433 2712 5483 αίνίττεσθαί
2775 5451 2862 5498 μοι
2925 5435 3068 5486 δοκεῖ
3125 5437 3332 5503 λέγων·
3401 5441 3613 5506 Ἀφελώ

2036 5565 2060 5600 d
2089 5565 2366 5625 Legendum
2396 5568 2588 5614 videtur
2609 5569 2762 5623 αὐτοῖς
2785 5571 2978 5617 ἀπειλεῖ.

2040 5627 2062 5653 θ
2090 5626 2339 5690 Ηίυ-ιοιιιςο
2364 5629 2701 5690 γει-ωιιινιὶρε.
2725 5638 2772 5676 el
2813 5632 2960 5676 δίη-Η.
3002 5633 3080 5690 qui
3129 5632 3306 5678 hahvnl
3337 5633 3386 5677 ἐκ
3426 5635 3615 5686 πληγῶν

1975 5686 2154 5730 ἅπαντα
2181 5687 2422 5745 ἐπιτηρεῖν.
2474 5689 2568 5734 Sed
2596 5686 2754 5735 vefum
2807 5686 3064 5737 lectionem
3111 5693 3258 5740 habet
3299 5693 3528 5738 ΜοΓιιΙΙυδ
3563 5694 3616 5738 ἐκ

1976 5747 2137 5802 πηγῶν
2161 5747 2341 5791 ἅπαντα
2372 5749 2586 5811 ἐπιρρεῖν,
2622 5765 2763 5809 quam
2806 5759 2999 5798 secutus
3031 5758 3105 5796 est
3147 5753 3427 5799 Tilmannus
3466 5753 3616 5797 inier-

1983 5819 2108 5862 pros.

2047 5869 2054 5897 ι
2095 5867 2210 5920 Reg.
2260 5872 2302 5909 ιιι
2350 5865 2553 5912 ςιινὶῐίιις
2605 5871 2870 5924 ἐπαιδεύθη,
2914 5871 3079 5915 Morel.
3129 5876 3178 5915 el
3219 5871 3469 5918 Ravaricus
3510 5874 3612 5919 5::-

1979 5927 2090 5977 ὁῆίλνι
2141 5927 2151 5967 l
2184 5937 2348 5984 mque
2379 5929 2522 5972 lculi.)
2563 5931 2670 5975 [ωτι
2698 5945 2735 5988 p-
2763 5938 2873 5986 ιρδι,
2901 5932 2983 5976 scd
3009 5941 3250 5990 postrema
3276 5931 3463 5978 Inekiur.
