4058 6216
392 312 461 366 41
1225 306 1280 360 ε.
1318 303 1602 359 JOANNIS
1637 301 2123 360 cnnvsosmm
2163 302 2476 360 ARCIIIEP.
2517 304 3055 361 CONSTANTINUP.
3742 292 3819 346 42

405 419 690 491 ἰσχύοντα
748 417 846 470 καὶ
883 417 1244 486 ἰσχύουσαν·
1279 419 1311 488 ἢ
1347 419 1510 487 ἀλλην
1574 419 1691 470 τινὰ
1749 419 2065 488 σωματικὴν

402 503 699 567 ἀσθένειαν,
729 504 845 555 ούδέ
882 503 1076 573 ἰατρῶν
1113 504 1362 556 εἴκουσαν
1389 504 1623 574 τέχναις.
1666 503 1922 556 Τοιαῦται
1957 505 2062 574 γὰρ

403 595 458 644 αἱ
488 591 580 644 τοῦ
610 590 740 643 Θεοῦ
782 590 1003 659 πληγαί.
1024 591 1219 660 Ἰσχὺν
1251 591 1433 658 ἄρτου
1471 592 1570 645 καί
1611 591 1795 660 ἰσχὺν
1821 591 2057 656 ὕδατος.

405 676 772 746 Χαλεπωτάτη
799 678 830 746 ή
871 675 1126 746 τιμωρία,
1164 678 1288 729 ὅταν
1325 674 1399 744 μὴ
1427 677 1594 744 αὐτὴν
1619 675 1815 745 ἀναιρῇ
1846 676 1944 746 τὴν
1975 677 2063 727 o0-

407 763 545 828 σίαν,
575 763 706 817 ἀλλά
731 763 827 833 τὴν
853 763 910 827 ἐξ
936 763 1102 832 αὐτῆς
1135 763 1487 832 ἐγγινομένην
1519 762 1766 831 δύναμιν,
1797 764 1937 816 ὥστε
1970 763 2062 815 καὶ

405 851 468 917 τῇ
497 849 614 917 δψει
645 848 964 911 κολάζεσθαι
1011 847 1276 917 μηδέποτε
1318 846 1782 917 ἐμπιπλαμένους,
1823 848 1915 899 καὶ
1963 847 2060 899 αύ-

404 936 555 988 τόθεν
603 937 850 1006 συνορᾷν,
898 936 977 987 ὅτι
1030 935 1282 1004 θεήλατος
1326 929 1392 1003 ἦν
1444 933 1602 1002 ὀργή.
1657 932 1918 1002 Γίγαντα
1963 934 2060 984 καὶ

403 1023 709 1090 ἰσχύοντα.
760 1022 994 1089 Γίγαντα
1036 1023 1122 1073 ἀεὶ
1165 1023 1198 1089 ή
1237 1019 1424 1090 Γραφὴ
1467 1020 1557 1072 τὸν
1613 1019 1832 1090 ἰσχυρὸν
1880 1019 2057 1087 λέγειν

405 1108 608 1172 εἴωθεν,
649 1109 801 1178 ἢτὸν
845 1109 1172 1178 ὑπερέχοντα
1213 1107 1319 1159 τῶν
1360 1105 1567 1160 πολλῶν
1615 1109 1680 1175 τῇ
1731 1106 1836 1158 τῶν
1881 1104 2060 1174 μελῶν

403 1197 679 1265 ἀναλογίᾳ.
707 1197 813 1248 Καὶ
839 1195 946 1263 γὰρ
975 1197 1030 1246 ἐν
1059 1197 1124 1263 τῇ
1156 1193 1329 1246 κτίσει
1355 1193 1482 1245 ὅταν
1509 1192 1662 1264 λέγῃ,
1695 1188 1868 1247 Οὗτοι
1901 1189 2060 1261 ἦσαν

402 1284 455 1335 οἰ
493 1283 781 1350 γίγαντες,
811 1283 863 1332 οἰ
902 1281 1194 1347 ἂνθρωποι
1227 1282 1280 1332 οἱ
1315 1279 1664 1348 ὀνομαστοὶ,
1701 1279 1800 1331 οὐκ
1838 1279 1963 1332 ἀλλο
2006 1295 2057 1328 τι

403 1369 554 1436 γένος
605 1367 926 1437 γεγενῆσθαι
979 1366 1306 1436 διηγουμένη
1355 1365 1526 1418 ταῦ-τά
1575 1382 1757 1434 φησιν,
1791 1365 1924 1418 ἀλλά
1966 1365 2060 1417 καὶ

401 1457 525 1517 τοὺς
567 1453 816 1523 ἰσχυροὺς
869 1453 961 1504 καὶ
1011 1450 1363 1520 εύρώστουςιι
1404 1451 1496 1503 καὶ
1545 1450 1888 1520 σφριγῶντας
1930 1449 2060 1518 ἡμῖν

401 1542 708 1594 αἰνίττεται.
742 1540 850 1593 Καὶ
877 1539 1187 1604 ἄνθρωπον
1215 1535 1586 1603 πολεμιστὴν
1617 1535 1715 1590 καί
1742 1533 2055 1599 δικαστήν.

415 1627 706 1696 ’Λφόρητος
738 1626 770 1694 ἡ
804 1624 1061 1694 τιμωρία,
1099 1625 1192 1674 καὶ
1225 1622 1455 1690 ἐσχάτης
1487 1620 1757 1682 ἀπωλείας
1789 1618 2059 1682 ἀπόδειξις

402 1714 469 1765 τά
499 1712 781 1782 εἰρημένα,
816 1710 927 1773 καὶ,
954 1709 1058 1761 τῶν
1089 1708 1280 1777 τειχῶν
1305 1707 1546 1759 ἑστώτων
1569 1707 1660 1760 καὶ
1680 1706 1785 1758 τῶν
1811 1706 2056 1775 πύργων,

400 1795 688 1864 αὔτανδρον
721 1796 830 1855 τοῖς
865 1791 1138 1860 πολεμίοις
1170 1789 1284 1868 τὴν.
1306 1788 1454 1841 πόλιν
1493 1787 1838 1858 παραδιδόναι
1859 1786 2056 1838 δύναιτ’

401 1882 486 1936 ἄν.
527 1880 815 1948 ’Λσφάλεια
858 1879 964 1948 γάρ
1009 1877 1213 1929 πόλεων
1245 1876 1344 1928 οὐκ
1372 1875 1428 1927 ἐν
1457 1873 1621 1937 λίθοις
1650 1873 1741 1926 καὶ
1762 1873 1936 1938 ξύλοις
1968 1872 2058 1922 καὶ

401 1968 724 2039 περιϐόλοις,
759 1965 870 2018 ἀλλ’
914 1966 970 2017 ἐν
1003 1965 1068 2032 τῇ
1107 1961 1317 2015 συνέσει
1358 1959 1467 2013 τῶν
1511 1961 1609 2028 τὴν
1651 1959 1802 2011 πόλιν
1844 1958 2054 2010 οἰκούν-

401 2073 526 2118 των,
554 2055 602 2108 οἳ
631 2055 792 2125 ἡνίκα
829 2052 926 2122 μὲν
955 2050 1019 2104 ἀν
1051 2045 1172 2113 ὦσι,
1206 2050 1300 2100 καὶ
1345 2046 1616 2116 πολεμίων
1656 2046 1845 2107 ὄντων,
1879 2046 2055 2112 ἀσφα-

400 2141 645 2209 λέστερον
667 2139 917 2192 ἁπάντων
944 2137 1110 2204 αὐτὴν
1132 2134 1478 2203 τειχίζουσιν·
1505 2132 1662 2200 ήνίκα
1683 2130 1738 2182 δὲ
1766 2131 1830 2182 ἂν
1851 2130 2052 2192 ἀπῶσι,

400 2219 492 2273 καὶ
535 2207 757 2288 μηδενὸς
785 2213 1144 2284 ἐνοχλοῦντος,
1172 2214 1268 2280 τῆς
1299 2209 1754 2279 πολιορκουμένης
1795 2207 2051 2260 ἀθλιωτέ-

402 2321 499 2376 ραν
527 2305 694 2374 αὐτὴν
720 2302 1124 2370 ἀποφαίνουσιν.

469 2393 531 2462 β’.
571 2393 729 2441 Ὥστε
776 2386 1054 2448 κάκείνους
1092 2382 1336 2444 καὶτοὺς
1380 2380 1668 2441 ἀκούοντας
1717 2381 1958 2440 ἅπαντας
1989 2380 2049 2431 00

400 2473 590 2542 μικρὸν
623 2469 930 2539 φιλοσοφίας
968 2467 1141 2535 δόγμα
1171 2464 1254 2517 διὰ
1287 2463 1486 2515 τούτων
1517 2465 1546 2516 0
1577 2462 1860 2531 προφήτης
1893 2461 2049 2513 ἐπαί-

394 2557 568 2622 δευσε,
604 2557 803 2608 πείθων
841 2553 1106 2623 μηδέποτε
1149 2550 1363 2620 μεγέθει
1391 2548 1597 2610 πόλεως
1635 2547 1876 2617 θαρρεῖν,
1916 2546 2049 2616 μηδέ

396 2645 618 2714 τάφροις
646 2643 740 2694 καὶ
772 2641 1174 2709 μηχανήμασιν,
1201 2636 1312 2687 ἀλλ’
1339 2635 1546 2705 ἀνδρῶν
1570 2633 1826 2685 ἐπιεικῶν
1857 2634 2047 2702 ἀρετῇ.

394 2730 574 2782 Φοϐῶν
611 2729 783 2780 τοίνυν
810 2724 1002 2786 αύτούς
1030 2740 1209 2791 φησιν,
1235 2723 1312 2774 ὅτι
1341 2719 1615 2789 ἐρημώσει
1637 2719 1734 2786 τῆς
1758 2717 2050 2785 ἀσφαλείας

395 2817 578 2886 αὐτὴν.
606 2815 664 2866 ού
692 2814 814 2874 τοὺς
842 2811 1094 2878 πολεμεῖν
1123 2808 1324 2869 εἰδότας
1351 2806 1677 2874 άναρπάζων
1706 2802 1885 2872 μόνον,
1916 2803 2051 2856 ἀλλά

396 2903 489 2956 καὶ
519 2904 642 2962 τοὺς
690 2897 924 2961 δικάζειν
959 2893 1382 2963 ἐπισταμένους,
1425 2892 1473 2943 οἳ
1522 2889 1628 2942 τῶν
1672 2888 2050 2958 πολεμούντων

393 2989 490 3041 οὑκ
522 2987 737 3038 ἔλαττον
767 2980 1073 3034 συντελοῦσι
1102 2982 1220 3040 ταῖς
1249 2977 1483 3039 πόλεσιν,
1517 2977 1737 3046 εἰρήνην
1765 2991 1824 3027 τε
1859 2970 1917 3028 εὖ
1946 2975 2052 3028 δια-

395 3074 651 3136 τιθέντες,
691 3071 785 3123 καὶ
825 3069 1088 3138 πολέμους
1116 3066 1143 3105 ιτ
1173 3065 1426 3126 πολλάκις
1471 3062 1715 3124 ἐπιόντας
1753 3062 2051 3132 ἀποκρουό-

399 3177 566 3230 μενοι.
602 3155 817 3226 Ἐπειδὴ
861 3154 969 3224 γάρ
1010 3146 1152 3205 οῦτοι
1183 3149 1416 3218 συνεχῶς
1446 3148 1553 3202 ἀπὸ
1598 3149 1694 3217 τῆς
1733 3145 1840 3199 τῶν
1873 3149 2052 3218 ἀμαρ-

393 3247 648 3315 τημάτων
689 3242 910 3312 φύονται
946 3239 1060 3310 [δι]
1102 3238 1277 3308 ῥίζης,
1317 3237 1535 3287 δυνατὸν
1571 3237 1696 3297 τοὺς
1733 3235 1839 3288 τῶν
1874 3234 2050 3302 νόμων

396 3333 668 3401 φύλακας,
716 3329 807 3381 καὶ
850 3327 943 3379 τοῦ
975 3325 1177 3406 δικαίου
1216 3325 1351 3392 μετά
1385 3321 1668 3389 ἀκριϐείας
1717 3319 2048 3389 προϊσταμέ-

398 3437 537 3480 νους,
566 3420 631 3470 τὰ
658 3416 872 3468 πλείονα
895 3411 1001 3464 τῶν
1027 3405 1429 3480 ἁμαρτημάτων
1456 3405 1868 3467 ἀναστέλλοντας
1900 3407 2050 3458 ἀναι-

399 3509 510 3576 ρεῖν
542 3504 631 3556 καὶ
662 3501 754 3553 τοῦ
786 3499 1021 3566 πολέμου
1056 3495 1152 3565 τὴν
1193 3494 1465 3547 ὑπόθεσιν.
1499 3492 1653 3552 Τίνος
1685 3485 1776 3542 οὖν
1810 3490 1991 3542 ἕνεκεν
2022 3493 2050 3543 0

395 3591 525 3653 Θεὸς
558 3589 752 3650 αὐτοὺς
791 3586 1043 3654 ἀνασπᾷ;
1079 3580 1292 3650 Ἐπειδὴ
1325 3578 1582 3647 παροῦσιν
1614 3577 1795 3637 αὐτοῖς
1828 3576 1928 3628 ούκ
1972 3579 2048 3641 εἰς

394 3678 517 3731 δέον
560 3674 872 3743 ἐκέχρηντο.
902 3671 1110 3738 Ὠσπερ
1158 3667 1263 3736 γὰρ
1309 3665 1378 3717 τά
1415 3665 1654 3733 σωτήρια
1707 3662 1868 3714 αὑτοῦ
1903 3660 2048 3716 διδά-

396 3779 580 3832 γματα
610 3759 807 3828 πολλὴν
837 3757 1026 3826 ἔφερον
1077 3757 1186 3816 τοῖς
1225 3750 1590 3819 ἀκροωμένοις
1637 3749 1733 3818 τὴν
1763 3749 2046 3815 ὠφέλειαν,

395 3851 486 3903 ἐπὶ
521 3848 576 3900 δέ
614 3846 719 3899 τῶν
757 3843 1018 3896 Ἰουδαίων
1065 3838 1408 3909 δημηγορῶν,
1451 3835 1736 3904 ἀσαφείαο
1785 3835 1852 3886 τά
1891 3835 2048 3902 λεγό-

399 3950 531 4004 μενα
565 3932 851 4000 ἔκρυπτεν,
895 3924 1080 3993 ἐπειδὴ
1129 3924 1202 3993 μὴ
1235 3923 1518 3992 προσεῖχον
1555 3920 2007 4004 τοῖςῌλεγομένοις
2029 3936 2043 3950 ο

395 4002 533 4072 οὕτω
558 4019 620 4087 δὴ
655 4019 749 4068 καὶ
776 4015 844 4064 τὰ
876 4013 1020 4080 δῶρα
1051 4009 1222 4069 ,αὑτοῦ
1262 4007 1329 4058 τά
1362 4005 1571 4076 μεγάλα
1595 4002 1787 4067 ταῦτα,
1819 4005 1912 4056 καὶ
1945 4021 2047 4055 σω-

394 4105 583 4176 τηρίαν
612 4102 740 4171 ήμῖν
770 4098 966 4165 πολλὴν
995 4095 1303 4164 κομίζοντα,
1334 4093 1398 4142 ὲκ
1430 4092 1594 4160 μέσου
1629 4090 1881 4152 πολλάκις
1908 4092 2051 4143 ἀναι-

397 4194 506 4262 ρεῖ,
547 4191 672 4242 ὅταν
703 4187 750 4238 οί
791 4182 1156 4253 λαμϐάνοντες
1199 4178 1360 4248 μηδὲν
1403 4177 1495 4228 ἀπ’
1530 4176 1708 4228 αὐτῶν
1749 4176 2048 4245 βουληθῶσι

394 4261 806 4348 καρπώσασθαι.
847 4268 954 4323 Καὶ
983 4265 1293 4334 προφήτην
1319 4262 1418 4315 καὶ
1450 4261 1815 4330 στοχαστήν.
1850 4263 1923 4315 O0
1957 4280 2045 4331 μι-

395 4364 522 4432 κρὸν
559 4362 615 4414 δέ
646 4360 811 4430 ὀργῆς
849 4351 986 4414 εἷδος
1027 4353 1120 4404 παὶ¹
1161 4351 1220 4403 τὸ
1253 4349 1350 4412 τάς
1389 4348 1719 4419 προφητείας
1760 4348 2044 4402 ἐπιλιπεῖν.

396 4451 524 4500 Ὅτε
559 4445 688 4512 γοῦν
717 4445 806 4495 τὸν
836 4442 942 4493 τῶν
977 4437 1242 4491 Ἰουδαίων
1265 4436 1434 4504 δῆμον
1462 4434 1550 4486 διά
1577 4433 1643 4485 τά
1677 4434 2047 4502 ἁμαρτήματα

393 4534 498 4586 τῶν
526 4532 617 4583 τοῦ
655 4529 768 4581 ’11λί
796 4527 999 4578 παίδων
1020 4528 1046 4578 0
1070 4522 1198 4585 Θεὸς
1225 4522 1565 4589 ἀπεστράφη,
1597 4521 1686 4571 καὶ
1717 4521 1813 4589 τὴν
1843 4520 2043 4588 πολλὴν

391 4619 485 4672 τοῦ
515 4616 746 4685 πλήθους
773 4613 988 4675 κακίαν,
1016 4610 1268 4662 ἐπέλιπεν
1299 4611 1331 4676 ή
1365 4607 1697 4677 προφητεία’
1733 4606 1910 4673 Ῥῆμα
1940 4607 2045 4674 γάρ

394 4708 604 4774 τιξμιον,
638 4703 818 4770 φησὶν,
847 4695 942 4766 ἦν,
970 4697 1064 4748 καί
1092 4697 1200 4748 οὐκ
1228 4689 1304 4762 ἦν
1335 4691 1797 4744 διαστέλλουσα.
1827 4692 2044 4759 Timor,

393 4792 653 4854 τουτέστι,
687 4788 924 4841 σπάνιον.
957 4784 1059 4834 Καὶ
1091 4783 1181 4834 ἐπὶ
1208 4780 1300 4832 τοῦ
1341 4779 1486 4841 Ὀζία
1513 4779 1574 4830 τὸ
1612 4779 1740 4830 αὐτὸ
1771 4777 1923 4830 τοῦτο
1956 4779 2046 4844 γέ-

396 4894 576 4944 γονεν·
621 4877 678 4927 ού
723 4875 829 4942 γάρ
871 4870 1039 4940 μικρὰ
1087 4869 1178 4919 καὶ
1221 4865 1463 4918 ἐντεῦθεν
1505 4865 1856 4933 ἐκαρποῦντο,
1893 4865 1944 4914 εἴ
1981 4881 2044 4929 γε

394 4964 690 5015 ἐϐούλοντο.
725 4961 796 5013 Τὸ
845 4961 953 5028 γάρ
1005 4955 1293 5026 μανθάνειν
1327 4953 1394 5003 τά
1427 4951 1578 5019 παρά
1623 4951 1716 5002 τοῦ
1767 4950 1921 5013 Θεοῦ,
1953 4953 2044 5003 καὶ

394 5050 526 5118 πρὸς
571 5049 636 5098 τά
684 5048 941 5115 μέλλοντα
997 5039 1501 5113 παρασκευάζεσθαι
1547 5037 1722 5100 δεινά,
1773 5037 1866 5088 καὶ
1908 5038 2044 5105 ύπέρ

392 5137 496 5188 τῶν
549 5135 753 5202 ἀδήλων
792 5132 1180 5190 πυνθάνεσθαι,
1222 5130 1314 5179 καὶ
1349 5127 1475 5178 πότε
1512 5125 1606 5194 μέν
1657 5123 1934 5175 ἐπιθέσθαι
1967 5123 2045 5174 δεῖ

394 5221 684 5289 πολεμίοις,
724 5219 850 5269 πότε
890 5219 945 5269 δὲ
986 5216 1292 5286 ἡσυχάζειν,
1329 5215 1418 5265 καὶ
1459 5213 1570 5272 πῶς
1603 5211 1813 5262 ἅπαντα
1844 5209 1909 5261 τὰ
1957 5209 2044 5261 λυ-

391 5310 540 5377 πηρὰ
589 5305 962 5374 διακρούεσθαι
1011 5305 1144 5367 δέοι,
1181 5301 1376 5369 πολλὴν
1417 5299 1607 5368 ἔφερεν
1651 5298 1829 5359 αύτοῖς
1869 5313 2041 5365 σωτηο

453 5461 798 5530 ⁰ᾍΕὖρώστονςζ
817 5457 931 5530 ﬂxae
954 5469 1044 5504 vox
1076 5457 1247 5503 deerat
1273 5457 1320 5503 in
1370 5451 1538 5501 Morel.
1565 5451 1680 5500 Sed.
1709 5463 1770 5499 ex
1820 5451 1940 5509 Reg.
1990 5455 2041 5496 et

391 5525 539 5571 Savil.
574 5517 754 5569 inserta
777 5517 881 5574 fuit,

451 5585 475 5620 b
502 5583 776 5641 Πολεμίους.
808 5571 924 5641 ἰὶές.
952 5584 1004 5625 et
1027 5578 1138 5641 δείν’.
1183 5581 1233 5623 et
1267 5581 1330 5622 ila
1357 5575 1479 5635 legit
1523 5575 1821 5641 Tilmannu§_.
1869 5571 2036 5618 Morel.

391 5658 507 5692 vero
530 5652 577 5689 et
608 5635 773 5689 Uavar.
798 5635 1047 5700 ποὶὶμους.
1090 5639 1205 5697 Quae
1245 5643 1486 5695 poslrema
1523 5636 1670 5683 lectio
1699 5635 1875 5678 melius
1918 5645 2039 5692 qua-

391 5706 530 5753 drare
557 5705 761 5748 videtur.
1489 5755 1523 5757 __
1553 5756 1558 5757 γ
1887 5749 1895 5757 ο

449 5769 469 5793 ε
499 5765 613 5822 Heg.
645 5762 959 5822 ἀσφα).εία,υἰ
982 5763 1044 5806 ita
1066 5760 1254 5804 videtur
1281 5758 1463 5821 legisse
1488 5755 1895 5822 Tihnalpms,_qnj
1931 5764 2038 5822 γει·-

387 5828 459 5878 ιίι,
507 5813 650 5870 multa
692 5813 906 5869 εὲιυίίυίιο
960 5832 1112 5882 quam
1153 5832 1199 5866 se
1241 5818 1510 5864 dicebautur
1552 5815 1752 5882 _lcg;cbu_t.
1786 5813 1882 5879 Sed
1920 5813 2035 5858 ἀσα-

382 5875 501 5946 φίέ,
531 5895 579 5932 ιιι
603 5884 780 5931 rubent
805 5875 1048 5929 {um-(~1ch
1075 5882 1204 5938 smn,
1233 5881 1405 5926 melius
1440 5875 1639 5936 quadrat
1665 5875 1719 5920 ..ιί
1745 5877 1943 5920 senum.

2175 417 2293 484 ρίας
2323 419 2584 470 εὐκολίαν.
2635 420 2768 470 Ἀλλ’
2813 419 2998 488 ἐπειδὴ
3053 418 3404 487 μανθάνοντες
3437 420 3533 472 οὐκ
3583 421 3818 478 ἐποίουν,

2172 504 2255 556 διὰ
2302 504 2456 556 τοῦτο
2503 505 2685 558 καὶτὸ
2719 505 3004 574 μανθάνειν
3038 507 3212 558 αὐτῶν
3263 506 3514 574 ἀφεῖλεν·
3555 507 3582 559 δ
3621 507 3818 577 πολλῆς

2173 587 2264 640 τοῦ
2302 588 2436 642 Θεοῦ
2481 590 2884 662 φιλανθρωπίας
2933 592 3128 659 δεῖγμα
3162 586 3249 661 ἦν,
3298 592 3356 644 τὸ
3401 593 3494 644 καὶ
3537 593 3820 662 προειδότα

2171 677 2235 729 τὰ
2271 677 2561 744 μέλλοντα,
2597 679 2687 730 καὶ
2719 679 2792 740 ὼς
2829 680 2887 730 00
2937 680 3224 747 χρήσονται
3266 679 3343 740 εἰς
3391 679 3509 731 δέον
3538 683 3644 741 τοῖς
3689 681 3820 750 παρ’

2170 763 2330 814 αὐτοῦ
2359 765 2568 834 δώροις,
2603 764 2669 816 τὰ
2707 763 2835 831 γοῦν
2873 763 3002 833 παρ’
3039 764 3197 817 αὑτοῦ
3244 765 3454 818 ἅπαντα
3495 769 3816 836 παρασχεῖν.

2169 850 2318 902 Μετά
2346 851 2400 903 δέ
2428 851 2519 903 τοῦ
2551 853 2824 922 προφήτου
2852 853 2945 904 καὶ
2973 854 3267 921 στοχαστήν
3297 869 3458 920 φησιν
3485 855 3745 922 ἀναιρεῖν.

2252 937 2512 991 Ἐνταῦθά
2557 956 2645 1006 μοι
2693 939 2839 992 δοκεῖ
2869 939 3050 1005 λέγειν
3082 939 3374 1008 στοχαστὴν
3421 938 3509 990 τὸν
3542 939 3648 991 ἀπὸ
3692 956 3818 991 συν-

2169 1017 2336 1079 έσεως
2370 1019 2566 1088 πολλῆς
2616 1019 2722 1071 τῶν
2773 1019 3070 1088 μελλόντων
3125 1019 3470 1088 στοχάζεσθαι
3497 1017 3544 1083 ἀ,
3584 1021 3674 1072 καὶ
3724 1021 3818 1074 ἀπ’

2168 1105 2335 1173 αὐτῆς
2381 1107 2489 1158 τῶν
2540 1107 2876 1176 πραγμάτων
2919 1107 3016 1174 τῆς
3064 1107 3274 1176 πείρας.
3306 1108 3526 1176 Ἕτερον
3561 1107 3656 1174 μὲν
3709 1107 3817 1178 γὰρ

2170 1191 2488 1258 στοχασμὸς,
2533 1191 2626 1243 καὶ
2658 1190 2958 1260 προφητεία
3003 1189 3159 1244 ἄλλο·
3194 1192 3221 1242 0
3261 1190 3360 1260 μέν
3388 1191 3495 1261 γὰρ
3543 1191 3817 1261 Πνεύματι

2167 1276 2293 1344 θείῳ
2341 1277 2666 1343 φθέγγεται,
2704 1278 2852 1330 οὐδὲν
2917 1277 3122 1330 οἴκοθεν
3180 1277 3484 1347 εἰσφέρων
3534 1278 3562 1330 0
3609 1277 3665 1330 δὲ
3716 1277 3814 1341 τάς

2166 1362 2416 1432 ἀφορμὰς
2459 1364 2565 1416 ἀπὸ
2617 1363 2723 1417 τῶν
2773 1365 2871 1434 ἥδη
2922 1365 3296 1432 γεγενημένων
3347 1363 3665 1434 λαμϐάνων,
3721 1366 3816 1417 καὶ

2165 1447 2261 1517 τὴν
2307 1449 2510 1502 οἰκείαν
2550 1449 2760 1503 σύνεσιν
2804 1449 3101 1520 διεγείρων,
3147 1449 3312 1502 πολλά
3358 1449 3466 1502 τῶν
3517 1449 3816 1520 μελλόντων

2166 1537 2404 1606 προορᾷ,
2455 1538 2528 1600 ώς
2583 1538 2729 1600 εἰκὸς
2780 1536 3060 1606 άνθρωπον
3111 1537 3236 1589 ὄντα
3289 1535 3503 1588 συνετὸν
3553 1537 3809 1606 προῐδεῖν.

2179 1623 2336 1675 ’Λλλά
2374 1623 2504 1676 πολὺ
2544 1623 2603 1675 τὸ
2650 1623 2811 1692 μέσον
2845 1623 3031 1676 τούτου
3086 1623 3368 1684 κάκείνου,
3407 1625 3500 1676 καὶ
3539 1624 3810 1687 τοσοῦτον,

2164 1710 2284 1760 ὅσον
2329 1711 2589 1771 συνέσεως
2634 1709 2975 1779 ἀνθρωπίνης
3016 1710 3106 1762 καὶ
3146 1709 3293 1772 θείας
3338 1709 3558 1779 χάριτος
3594 1709 3654 1762 τὸ
3695 1709 3810 1763 διά⁹

2165 1813 2347 1864 φορον.
2380 1797 2496 1848 Ἵνα
2532 1795 2586 1848 δὲ
2624 1795 2715 1847 καὶ
2754 1796 2844 1847 ἐπὶ
2883 1795 3268 1864 ύποδείγματος
3296 1796 3384 1848 τὸν
3418 1797 3572 1864 λόγον
3602 1796 3814 1866 ποιήσω

2165 1883 2425 1951 φανερὸν,
2478 1884 2814 1952 ἐννοήσωμεν
2865 1882 2953 1933 τὸν
3006 1881 3320 1950 Σολομῶντα
3361 1883 3453 1936 καὶ
3501 1881 3592 1935 τὸν
3635 1881 3812 1935 Ἐλισ-

2165 1971 2344 2020 σαῖονο
2385 1969 2679 2038 ἀμφότεροι
2720 1967 2827 2036 γὰρ
2865 1967 3213 2036 κεκρυμμένα
3266 1967 3559 2037 πράγματα
3595 1969 3673 2029 εἰς
3712 1968 3810 2037 μέ-

2165 2071 2253 2106 σον
2292 2055 2528 2125 ήγαγον,
2567 2055 2662 2105 καὶ
2701 2052 3053 2122 κεκρυμμένα
3102 2053 3475 2121 ἀνεκάλυψανο
3516 2054 3808 2123 ἀμφότεροι

2161 2140 2216 2193 δέ
2250 2142 2308 2192 o0
2349 2144 2412 2210 τῇ
2452 2143 2586 2209 αὐτῇ
2629 2140 2888 2208 δυνάμειο
2929 2137 3042 2190 ἀλλ’
3070 2137 3098 2188 0
3138 2139 3234 2207 μὲν
3270 2139 3378 2191 ἀπὸ
3415 2140 3676 2202 συνέσεως
3710 2141 3808 2193 ἀν-

2163 2226 2436 2294 θρωπίνης
2475 2224 2624 2292 παρά
2659 2225 2756 2293 τῆς
2795 2223 3007 2291 φύσεως
3061 2223 3233 2277 λαϐὼν
3284 2225 3533 2294 ἀφορμὰς
3568 2227 3659 2278 ἐπὶ
3697 2225 3805 2279 τῶν

2160 2311 2374 2380 πύρνων
2425 2309 2696 2376 γυναικῶν
2748 2311 2968 2362 ἐκείνων
2992 2325 3004 2338 ·
3046 2312 3073 2363 0
3108 2310 3164 2362 δέ
3202 2309 3441 2379 λογισμῷ
3497 2311 3595 2379 μὲν
3631 2311 3804 2364 οὐδενὶ

2159 2397 2492 2466 χρησάμενος
2533 2395 2714 2464 (ποῖος
2757 2395 2862 2466 γὰρ
2901 2396 3153 2465 λογισμὸς
3203 2396 3537 2464 ἀνακαλύψαι
3583 2398 3804 2462 δυνατὸς

2156 2478 2224 2550 ἦν
2257 2482 2348 2534 τοῦ
2386 2481 2543 2551 Γιεζῆ
2570 2481 2670 2550 τῆν
2697 2481 2959 2550 κλοπήν;)
3004 2481 3121 2550 Θείᾳ
3138 2481 3194 2533 δὲ
3224 2482 3401 2552 χάριτι
3431 2481 3497 2534 τά
3521 2483 3801 2552 πόρρωθεν

2158 2568 2491 2636 γεγενημένα
2519 2567 2797 2637 προειδώς.
2826 2566 2933 2619 Καὶ
2959 2567 3356 2634 πρεσϐύτερον
3389 2565 3502 2637 [55]
3533 2569 3628 2620 καί
3659 2582 3800 2620 πεν-

2157 2655 2580 2721 τηκόνταρχον.
2628 2653 2783 2706 Μετά
2816 2653 2872 2705 δέ
2914 2653 3112 2704 τούτων
3152 2654 3242 2704 καὶ
3290 2653 3651 2724 πρεσϐύτερον
3709 2655 3802 2707 καί

2159 2739 2619 2807 πεντηκόνταρχόν
2641 2755 2800 2807 φησιν
2818 2738 3052 2807 ἀναιρεῖν
3075 2755 3089 2769 ο
3125 2737 3484 2808 πρεσϐύτερον
3499 2740 3594 2807 οὐχ
3619 2739 3801 2803 ἁπλῶς

2157 2824 2498 2894 γεγηρακότα
2557 2824 2748 2890 λέγων,
2802 2823 2932 2876 ἀλλά
2987 2823 3075 2875 τὸν
3122 2824 3256 2891 μετὶι
3303 2824 3402 2892 τῆς
3459 2825 3646 2887 πολιᾶς
3703 2825 3800 2895 τὴν

2157 2912 2534 2979 προσήκουσαν
2569 2911 2635 2979 τῇ
2667 2909 2824 2976 πολιᾷ
2849 2908 3199 2978 διατηροῦντα
3241 2909 3470 2962 σύνεσιν.
3523 2911 3630 2963 Καὶ
3670 2928 3800 2963 πεν-

2155 2995 2384 3064 τηκόντα
2395 3013 2517 3065 ρχον
2541 2995 2598 3048 δέ
2627 2996 2750 3048 ὅταν
2776 2995 2927 3064 λέγῃ,
2949 2996 3046 3062 οὐχ
3071 2995 3166 3046 ἕνα
3194 2993 3310 3046 τινὰ
3341 2995 3800 3066 πεντηκόνταρχόν

2157 3099 2338 3151 φησιν,
2371 3081 2507 3134 ἀλλά
2539 3080 2616 3150 τῷ
2653 3080 2875 3148 ὀνόματι
2912 3079 3084 3148 τούτῳ
3126 3081 3247 3142 τοὺς
3292 3081 3555 3149 ἄρχοντας
3594 3083 3798 3145 πάντας

2156 3169 2465 3222 αἰνίττεται.
2520 3168 2682 3220 υύδέν
2717 3167 2844 3236 γὰρ,
2885 3166 3032 3218 ούδέν
3094 3166 3350 3234 ἀναρχίας
3408 3167 3797 3238 χαλεπώτερον,

2156 3255 2340 3324 ὥσπερ
2367 3254 2485 3307 ούδέ
2514 3253 2697 3307 πλοίου
2737 3270 2790 3304 τι
2833 3250 3232 3322 σφαλερώτερον
3281 3252 3474 3318 γένοιτ’
3503 3251 3568 3307 ἂν
3605 3254 3802 3324 κυϐερ-

2157 3345 2321 3412 νήτην
2352 3341 2449 3394 ούκ
2469 3342 2699 3409 ἔχοντος.
2736 3341 2843 3392 Καὶ
2871 3339 2988 3391 ούδέ
3018 3338 3243 3391 ἐνταῦθα
3274 3338 3502 3404 ἵσταται,
3537 3339 3670 3394 ἀλλά
3707 3343 3802 3396 καὶ

2157 3429 2344 3496 ἑτέραν
2381 3428 2619 3496 μεγάλην
2651 3426 2945 3494 ἀσφάλειαν
2980 3425 3288 3494 ἀναιρήσειν
3323 3425 3547 3491 ἀπειλεῖ,
3582 3428 3705 3490 τοὺς
3733 3428 3802 3482 τά

2155 3514 2350 3582 ἄριστα
2396 3511 2665 3582 βουλεύειν
2707 3512 2932 3572 εἰδότας,
2973 3511 3021 3562 οἳ
3063 3510 3168 3561 τῶν
3221 3511 3397 3562 ὃπλων
3430 3512 3526 3562 οὐκ
3550 3511 3801 3567 ἐλάττονα

2155 3601 2494 3669 εἰσφέρουσιν
2514 3598 2827 3667 εὐεργεσίαν
2855 3599 2970 3658 ταῖς
2993 3596 3226 3648 πόλεσιν.
3259 3596 3468 3663 Ἀφελῶ
3492 3597 3617 3668 γὰρ,
3647 3601 3800 3670 φησι,

2156 3687 2252 3740 καί
2285 3687 2628 3753 θαυμαστὸν
2654 3685 3015 3751 σύμϐουλον,
3046 3683 3141 3734 καί
3173 3683 3365 3750 σοφὸν
3389 3682 3799 3750 ἀρχιτέκτοναο

2154 3774 2273 3842 ούχὶ
2300 3773 2392 3826 τὸν
2416 3771 2689 3840 οἰκοδόμον
2715 3770 2905 3835 λέγων,
2941 3768 3074 3821 ἀλλά
3105 3768 3211 3820 τῶν
3249 3769 3582 3838 πραγμάτων
3611 3771 3802 3841 ἐμπει-

2156 3877 2266 3929 ρον,
2296 3860 2389 3911 καὶ
2419 3858 2584 3910 πολλά
2609 3857 2984 3924 ἐπιστάμενον,
3017 3856 3108 3907 καὶ
3137 3854 3270 3924 μετά
3303 3855 3564 3918 συνέσεως
3587 3857 3800 3911 ᾶπαντα

2154 3948 2222 4000 τά
2247 3948 2341 4016 τῆς
2367 3947 2572 4008 πόλεως
2596 3943 2886 3996 διατιθέναι
2917 3944 3211 4011 πράγματα
3237 3942 3432 3994 εἰδότα.

2223 4042 2293 4102 γ’.
2332 4034 2440 4086 Καὶ
2479 4031 2616 4101 μετά
2649 4030 2873 4088 τούτων,
2909 4027 3014 4080 Καὶ
3043 4028 3299 4079 συνετὸν
3326 4027 3644 4094 ἀκροατήν.
3705 4031 3801 4083 “Av

2155 4122 2262 4191 γὰρ
2290 4120 2444 4172 τοῦτο
2469 4119 2602 4187 ἀπῇ,
2648 4116 2750 4168 κᾶν
2777 4115 2940 4168 τάλλα
2984 4116 3192 4166 ᾶπαντα
3227 4115 3398 4183 παρῇ,
3449 4113 3608 4168 πλέον
3653 4117 3802 4173 οὐδέν

2155 4212 2268 4261 ἐστι
2313 4209 2432 4268 ταῖς
2477 4206 2680 4264 πόλεσι,
2717 4202 2820 4255 κάν
2867 4201 3135 4271 προφῆται
3171 4194 3290 4264 ὦσι,
3337 4201 3440 4252 κάν
3491 4200 3798 4271 σύμϐουλοι,

2155 4295 2257 4347 κᾶν
2282 4294 2556 4354 δυνάσται,
2605 4291 2633 4342 0
2663 4289 2718 4341 δέ
2749 4288 3106 4356 ἀκουσόμενος
3152 4285 3333 4356 μηδεὶς
3374 4284 3430 4359 ᾖ,
3468 4287 3642 4341 πάντα
3679 4291 3798 4360 εἰκῆ

2155 4381 2246 4431 καί⁵
2274 4379 2467 4448 μάτην.
2515 4375 2668 4445 Ἐμοὶ
2705 4373 2851 4426 δοκεῖ
2881 4370 3109 4424 ἐνταῦθα
3142 4371 3201 4422 τὸ
3245 4369 3469 4439 ’Λςρελῶ
3502 4371 3696 4439 λέγειν,
3739 4376 3801 4427 τὸ

2153 4473 2296 4523 ἐάσω
2328 4471 2418 4521 καὶ
2463 4469 2677 4536 ἀφήσω,
2715 4464 2902 4533 ὥσπερ
2944 4463 2972 4513 0
3019 4461 3224 4522 Παῦλός
3255 4477 3414 4529 φησι·
3455 4461 3802 4527 Παρέδωκεν

2151 4555 2368 4620 αὐτοὺς
2396 4557 2482 4619 εἰς
2505 4553 2788 4619 ἀδόκιμον
2811 4548 2962 4601 νοῦν
2986 4561 2999 4575 ⁶
3037 4547 3095 4598 ού
3125 4545 3281 4597 τοῦτο
3309 4546 3536 4610 δεικνὺς,
3583 4549 3662 4600 ὅτι
3710 4551 3800 4602 ἐν·

2154 4638 2340 4695 έϐαλεν
2379 4642 2456 4702 εἰς
2503 4639 2707 4702 ἄνοιαν,
2747 4635 2860 4688 ἀλλ’
2891 4634 2970 4686 ὅτι
2999 4633 3174 4702 ἀφῆκε
3206 4631 3299 4683 καὶ
3335 4631 3511 4684 εἴασεν
3544 4633 3800 4704 ἀνοήτους

2151 4729 2329 4789 ὄντας.

2221 4813 2331 4866 Καὶ
2360 4811 2662 4876 ἐπιστήσω
2693 4809 3047 4870 νεανίσκους
3069 4805 3358 4872 ἄρχοντας
3390 4805 3600 4859 αὐτῶν.
3631 4806 3796 4860 Τοῦτο

2151 4901 2409 4968 ἀναρχίας
2455 4901 2630 4967 χεῖρον
2677 4897 2770 4948 καὶ
2812 4894 2990 4962 πολλῷ
3027 4892 3414 4960 χαλεπώτερον.
3469 4893 3525 4944 ’0
3557 4894 3796 4963 μὲνγὰρ

2151 4988 2248 5037 ούκ
2311 4986 2445 5053 ἔχων
2503 4984 2771 5051 ἄρχοντα,
2827 4979 3191 5045 ἀπεστέρηται
3248 4977 3340 5029 τοῦ
3402 4979 3796 5046 χειραγωγοῦν-

2149 5088 2269 5132 τοςο
2310 5071 2337 5121 0
2375 5070 2430 5120 δέ
2466 5068 2693 5137 πονηρὸν
2729 5066 2884 5135 ἔχων,
2919 5065 3006 5116 τὸν
3048 5063 3376 5132 ἐμϐάλλοντα
3418 5064 3495 5124 εἰς
3521 5068 3794 5133 κρημνοὺς

2149 5158 2279 5225 ἔχει.
2322 5155 2649 5214 Νεανίσκους
2690 5153 2744 5204 δὲ
2784 5150 3012 5202 ἐνταῦθα
3053 5150 3171 5218 ούχί
3219 5150 3399 5210 άπλῶς
3443 5150 3540 5218 τὴν
3580 5153 3792 5220 ἡλικίαν

2148 5243 2442 5296 διαϐάλλων
2509 5241 2725 5307 ἔφησεν,
2790 5238 2903 5288 ἀλλ’
2968 5237 3074 5287 ἀπὸ
3127 5236 3218 5287 τοῦ
3273 5235 3650 5299 πλεονάζοντος
3691 5239 3790 5308 τὴν

2149 5329 2330 5381 ἄνοιαν
2363 5327 2538 5380 αὐτῶν
2569 5326 2946 5376 ἐπιδείκνυται.
2993 5324 3144 5374 Ἔστι
3177 5322 3282 5391 γὰρ
3329 5323 3420 5374 καὶ
3461 5323 3610 5385 νέους
3654 5321 3790 5377 εἶναι

2151 5416 2414 5477 συνετοὺς,
2462 5414 2550 5462 καὶ
2594 5410 2965 5478 γεγηρακότας
3002 5408 3155 5476 ἀνοίᾳ.
3200 5407 3398 5476 συζῇν·
3448 5408 3561 5460 ἀλλ’
3605 5409 3788 5479 ἐπειδὴ

2149 5501 2300 5553 τοῦτο
2326 5501 2418 5568 μὲν
2444 5497 2730 5557 σπανιάκις
2771 5495 3083 5563 συμϐαίνειν
3114 5494 3287 5558 εἴωθε,
3330 5495 3387 5546 τὸ
3413 5495 3468 5546 δὲ
3501 5494 3788 5555 πλεονάζον

2145 5586 2443 5639 τούναντίον
2470 5584 2634 5646 ἐστὶν,
2663 5580 2720 5644 ἐξ
2747 5581 2952 5632 ἐκείνου
2997 5581 3249 5645 ἀνοήτους
3290 5581 3585 5650 ὠνόμασεν.
3639 5581 3786 5632 Ἑπεί

2207 5747 2231 5784 ἀ
2259 5745 2348 5794 Τὸν
2368 5745 2458 5791 ἀπὸ
2489 5742 2718 5795 συνέσεως
2737 5741 2910 5793 πολλῆς
2950 5741 3040 5783 τῶν
3063 5740 3137 5798 με)
3148 5739 3319 5784 λὸντων
3339 5738 3662 5798 στοχάζεσθαι.
3703 5734 3781 5798 δᾳ·

2148 5811 2285 5854 ulius
2305 5814 2434 5866 putat
2460 5803 2716 5865 legendum
2743 5814 2850 5848 esu:
2874 5795 3209 5859 στοχαζόμενον
3232 5802 3302 5846 vel
3331 5795 3630 5859 στοχάζεσθαι
3652 5795 3758 5842 δυνά

2148 5889 2170 5931 μ
2183 5887 2295 5916 ενυν.
