4058 6216
246 376 313 427 41
1499 340 1559 394 ΙΝ
1599 338 1816 394 ISAHM

1931 337 2022 393 AP.
2065 337 2148 395 ill.
3396 356 3469 410 42

250 482 365 545 ipso
395 482 607 541 aspectu
629 468 927 524 crucientur
952 474 1232 529 numquam
1258 458 1450 518 satiati,
1496 465 1549 507 et
1573 455 1692 505 hinc
1719 456 1768 505 in

252 566 485 632 icitigant
508 579 536 615 a
568 563 672 613 Deo
704 559 985 611 inmissam
1015 554 1172 606 fuisse
1202 553 1347 603 iram.
1378 550 1430 601 2.
1466 548 1723 615 Gigantem
1761 554 1804 596 et

252 666 519 723 potentem.
557 652 828 719 Gigantem
877 661 1084 713 semper
1134 644 1400 711 Scriptum
1452 640 1636 692 fortem
1675 638 1807 690 solet

254 758 461 803 vocare,
490 742 572 794 vel
604 755 719 793 eum
750 737 834 804 qui
862 733 1197 803 proportione
1238 730 1587 783 membrorum
1632 726 1807 778 multis

255 830 553 885 antecellat.
589 826 794 881 Etenim
822 826 873 876 in
915 822 1197 883 creatione,
1223 835 1342 873 cum
1368 818 1512 879 dicit,
1564 814 1630 867 Ili
1672 824 1809 867 erant

256 926 500 993 gigantes,
552 920 772 971 homines
835 913 1070 967 nominati
1112 910 1274 982 (Gen.
1307 910 1357 961 6.
1382 906 1473 977 4).
1527 921 1630 958 non
1671 905 1807 955 aliud

256 1028 423 1081 genus
463 1011 621 1064 fuisse
669 1009 813 1071 dicit,
843 1004 935 1059 sed
977 1002 1156 1065 fortes,
1188 1001 1450 1060 robustos,
1494 1006 1550 1051 et
1598 1005 1810 1056 vegetos

260 1102 411 1154 nobis
435 1098 748 1153 subindicat.
778 1094 841 1147 Et
868 1092 1111 1146 hominem
1149 1089 1437 1143 bellatorem
1477 1095 1523 1138 ct
1566 1085 1807 1154 judicent.

261 1189 594 1246 Intolerabile
617 1184 947 1254 supplicium,
978 1192 1030 1235 et
1056 1180 1140 1233 illa
1170 1194 1285 1247 qua:
1310 1177 1445 1230 dicta
1481 1183 1602 1227 sunt
1640 1183 1813 1227 extre-

262 1297 362 1334 ma:
393 1278 637 1349 perniciei
658 1286 777 1329 sunt
810 1279 1168 1341 argumentum
1190 1310 1205 1334 ,
1232 1282 1367 1337 quae,
1399 1264 1654 1320 stantibus
1704 1280 1816 1315 mu-

264 1373 339 1424 ris
365 1380 419 1424 et
443 1368 692 1427 turribus,
727 1366 909 1419 urbem
958 1362 1161 1431 possint
1187 1375 1303 1413 cum
1345 1358 1542 1411 civibus
1590 1356 1815 1408 inimicis

264 1456 744 1512 dedere.Tutamen
759 1451 953 1520 quippe
969 1450 1173 1505 urbium
1193 1465 1293 1503 non
1312 1448 1361 1501 in
1377 1441 1816 1518 lapidibusJignis

265 1559 319 1600 et
338 1548 501 1614 septis
534 1546 689 1597 situm
720 1553 824 1606 est,
842 1541 936 1595 sed
965 1540 1016 1592 in
1057 1537 1329 1607 prudentia
1356 1534 1563 1597 civium,
1588 1533 1817 1601 quicum

267 1639 402 1691 tales
421 1637 629 1697 adsunt,
662 1634 816 1687 etiam
838 1637 1094 1699 przesente
1121 1629 1288 1693 hoste,
1338 1626 1497 1679 tutius
1536 1640 1690 1693 quam
1716 1638 1818 1676 ci:-

269 1739 382 1781 tera
434 1726 606 1777 omnia
661 1724 824 1790 ipsam
877 1720 1114 1772 muniunt
1144 1735 1156 1769 :
1186 1733 1305 1772 cum
1330 1726 1503 1769 autem
1540 1717 1572 1769 ii
1608 1717 1818 1778 absunt,

268 1819 427 1869 etiam
464 1814 669 1867 nomine
714 1820 951 1877 urgente,
992 1808 1315 1862 miseriorem
1361 1807 1501 1859 illam
1563 1806 1815 1861 exhibent

270 1920 427 1972 quam
459 1904 500 1954 si
526 1902 870 1955 obsideretur.

341 1992 397 2043 9..
438 1992 613 2059 Itaque
652 2000 704 2044 et
745 1990 860 2042 illos
906 1998 959 2041 ct
1000 1987 1261 2040 auditores
1299 2000 1481 2040 omnes
1524 2000 1626 2037 non
1665 1998 1824 2051 parvo

274 2084 620 2151 philosophia:
662 2083 973 2134 documento
1010 2080 1193 2132 imbuit
1220 2079 1490 2146 propheta,
1519 2077 1743 2131 suadens
1770 2087 1825 2130 ut

275 2188 342 2225 ne
382 2184 623 2238 umquam
670 2172 719 2222 in
771 2168 1124 2236 magnitudine
1194 2167 1339 2222 urbis
1410 2182 1554 2235 Spem
1602 2176 1816 2234 ponant,

276 2276 375 2312 nec
416 2261 464 2311 in
512 2259 662 2310 vallis
690 2266 742 2311 et
766 2257 1019 2309 machinis
1040 2297 1055 2319 ,
1099 2255 1190 2309 sed
1218 2255 1267 2307 in
1295 2254 1424 2323 frugi
1455 2257 1685 2308 virorum
1724 2257 1827 2309 vir-

277 2356 405 2400 tute.
434 2346 553 2400 lllos
596 2346 749 2414 igitur
782 2346 1023 2398 territans
1046 2345 1134 2406 ait,
1168 2344 1335 2410 ipsum
1361 2358 1477 2395 eam
1510 2344 1666 2396 tutela
1683 2346 1827 2398 omni

274 2435 644 2487 destituturum
690 2447 825 2494 esse,
871 2447 971 2485 non
999 2431 1152 2485 modo
1178 2432 1383 2484 bellicae
1409 2432 1483 2485 rei
1514 2432 1708 2499 peritos
1731 2448 1825 2485 au-

276 2526 513 2589 ferendo,
544 2524 633 2576 sed
661 2524 817 2576 etiam
843 2522 1043 2589 judices
1061 2560 1075 2583 ,
1104 2522 1189 2589 qui
1222 2535 1324 2573 non
1352 2521 1520 2573 minus
1541 2521 1724 2589 juvant
1752 2522 1828 2575 ci-

282 2616 467 2667 titates
508 2628 660 2681 quam
703 2611 1017 2674 bellatores,
1064 2610 1185 2663 dum
1229 2624 1411 2679 pacem
1464 2620 1680 2678 curant,
1726 2613 1831 2665 imo

276 2719 418 2769 smpe
469 2700 787 2753 imminentia
833 2699 967 2752 bella
1000 2701 1014 2729 ¹
1044 2698 1362 2766 propulsant.
1417 2699 1478 2751 lli
1527 2700 1664 2752 enim
1712 2714 1829 2753 cum

276 2791 577 2859 frequenter
607 2805 636 2843 a
667 2790 843 2843 radice
871 2799 1199 2858 peccatorum
1228 2790 1484 2853 oriantur,
1528 2790 1636 2842 lieri
1663 2799 1833 2857 potest

279 2894 338 2940 ut
362 2886 533 2950 legum
547 2881 809 2944 custodes,
837 2895 1033 2947 eosque
1055 2881 1142 2948 qui
1160 2879 1263 2947 juri
1290 2880 1513 2932 dicundo
1533 2894 1651 2933 cum
1672 2881 1831 2947 tequi-

277 2987 388 3031 tate
431 2972 734 3039 praesident,
774 2972 993 3039 plurima
1036 2981 1246 3037 peccata
1285 2970 1663 3037 reprimentes,
1710 2970 1828 3023 belli

282 3076 493 3117 causam
537 3061 793 3113 auferant.
841 3060 944 3112 Cur
982 3073 1108 3128 ergo
1147 3059 1283 3112 Deus
1319 3073 1412 3112 eos
1440 3061 1681 3111 amovet?
1705 3060 1833 3122 Quia

281 3152 384 3204 illis
426 3147 769 3217 prmscutibus
814 3160 918 3200 non
962 3156 1021 3200 ut
1062 3146 1333 3214 oportebat
1361 3147 1438 3199 usi
1468 3155 1607 3201 sunt.
1639 3148 1835 3213 Quem-

281 3240 564 3292 admodum
604 3239 746 3291 enim
786 3236 1029 3290 salutaria
1056 3237 1167 3304 ejus
1196 3236 1437 3304 dogmata
1474 3238 1688 3289 multam
1714 3236 1837 3290 alle-

283 3329 470 3383 rebant
498 3328 822 3381 audientibus
850 3328 1151 3390 utilitatem,
1198 3326 1391 3379 ludatis
1419 3336 1589 3379 autem
1622 3328 1832 3379 concio-

286 3437 439 3485 nans,
470 3422 604 3474 dicta
633 3436 723 3473 sua
747 3419 1060 3473 obscuritate
1082 3419 1241 3471 multa
1270 3418 1583 3481 involvebat,
1615 3417 1731 3485 quia
1765 3418 1833 3469 illi

284 3512 439 3565 dictis
459 3527 561 3563 non
586 3510 922 3563 attendebant
949 3524 962 3561 :
992 3508 1058 3560 ita
1085 3507 1198 3561 haec
1221 3508 1356 3560 dona
1380 3522 1471 3560 sua
1502 3522 1835 3575 Inagna,qu:e

286 3601 504 3654 multant
530 3600 677 3653 nobis
707 3600 925 3653 salutem
951 3596 1245 3659 conferunt,
1273 3597 1338 3650 dc
1365 3597 1539 3650 medio
1565 3611 1703 3663 smpe
1734 3596 1835 3651 tol-

288 3692 383 3753 lit,
426 3704 545 3744 cunt
575 3690 606 3742 ii
637 3689 725 3756 qui
753 3687 1013 3754 accipiunt
1038 3686 1165 3738 nihil
1196 3686 1319 3738 hinc
1348 3685 1543 3739 fructus
1569 3686 1836 3753 percipere

287 3780 486 3833 volunt.
519 3778 583 3831 Et
613 3777 901 3845 praphetam
924 3784 969 3828 et
993 3775 1334 3844 conjectorem.
1368 3773 1480 3828 Non
1506 3789 1719 3842 parvum
1745 3788 1838 3826 au-

288 3878 394 3921 tem
426 3869 513 3920 ira:
539 3881 704 3935 genus
729 3874 810 3920 est
836 3880 953 3919 cum
984 3865 1267 3934 pmphetiae
1307 3864 1571 3918 deficiunt.
1618 3864 1837 3930 Quando

289 3958 445 4026 igitur
488 3956 760 4009 Judaicum
800 3954 1043 4024 populum
1094 3955 1231 4008 Deus
1264 3954 1332 4007 ob
1374 3963 1581 4021 peccata
1613 3956 1835 4008 ﬁliorum

291 4048 405 4099 lleli
459 4054 731 4100 aversatus
778 4054 877 4109 est,
921 4044 1090 4113 obque
1143 4042 1487 4096 multitudinis
1530 4045 1834 4111 nequitiam,

287 4136 478 4191 defecit
523 4135 836 4204 prophetia:
877 4134 1088 4187 Verbum
1110 4135 1251 4188 enim
1278 4174 1292 4197 ,
1334 4133 1515 4201 inquit,
1573 4134 1837 4201 pretiosum

286 4237 409 4291 crat,
452 4238 496 4280 et
524 4243 625 4280 non
652 4235 753 4279 erat
781 4227 901 4279 visio
926 4225 1227 4293 distinguens
1264 4224 1340 4293 (i.
1373 4222 1494 4291 Reg.
1519 4224 1571 4277 3.
1597 4224 1671 4293 i).
1713 4223 1837 4277 Pre-

288 4319 489 4380 tiosum,
540 4316 589 4369 id
636 4325 748 4379 est,
797 4329 971 4367 rarum
1013 4323 1146 4367 erat.
1198 4313 1264 4365 Et
1308 4312 1404 4365 sub
1440 4312 1562 4365 Ozia
1615 4312 1834 4380 idipsum

287 4405 473 4457 accidit
503 4422 517 4458 :
546 4418 716 4471 neque
743 4403 880 4456 enim
908 4403 1027 4455 hinc
1045 4406 1285 4471 exiguum
1313 4401 1533 4454 fruetum
1556 4401 1834 4468 cepissent,

286 4494 331 4547 si
362 4494 668 4547 voluissent.
699 4492 827 4546 Nam
856 4491 1032 4545 divina
1057 4492 1309 4555 ediscere,
1335 4500 1389 4544 et
1409 4490 1473 4545 ad
1505 4490 1674 4544 futura
1703 4494 1835 4545 mala

288 4584 592 4651 preparari,
619 4584 685 4637 de
712 4583 923 4637 incertis
945 4582 1103 4637 rebus
1129 4597 1375 4650 responsa
1399 4584 1655 4651 accipere,
1672 4598 1838 4651 quan-

286 4673 479 4725 donam
504 4672 1000 4724 inimicosiuvadere
1026 4680 1283 4738 oporteat,
1312 4671 1518 4738 quando
1547 4671 1835 4739 quiescere,

288 4760 554 4831 quomodo
601 4760 764 4812 tristia
809 4758 985 4812 omnia
1032 4759 1313 4827 depellere,
1354 4761 1569 4813 multam
1612 4761 1739 4828 ipsis
1772 4759 1835 4812 ad

285 4855 511 4907 salutem
542 4851 789 4906 afferebat
817 4850 1144 4905 facilitatem.
1191 4851 1383 4905 Verum
1417 4852 1535 4919 quia
1564 4866 1680 4919 qua:
1701 4850 1835 4903 didi-

284 4952 468 4998 ccrant
507 4958 610 4995 non
646 4941 959 5009 explebant,
1002 4942 1120 4994 ideo
1160 4941 1487 5008 disciplinam
1530 4941 1663 4995 hanc
1712 4941 1838 5009 ipsis

282 5036 481 5088 ademit
511 5051 525 5085 :
556 5033 695 5101 quod
723 5042 835 5085 erat
864 5031 1085 5098 ingentis
1116 5031 1207 5084 Dei
1234 5032 1523 5085 clementite
1557 5046 1835 5099 argumen-

286 5134 419 5187 tum,
446 5121 588 5190 quod
615 5135 732 5173 cum
762 5118 929 5171 futura
961 5118 1286 5186 prcevideret,
1331 5120 1591 5185 sciretque
1618 5133 1707 5171 cos
1733 5133 1835 5171 non

287 5220 428 5262 recte
465 5208 620 5263 donis
645 5222 830 5262 usuros
850 5248 865 5271 ,
914 5216 1088 5259 tamen
1114 5223 1229 5275 qua:
1256 5221 1346 5259 sua
1374 5216 1523 5260 erant
1548 5208 1717 5259 omnia
1745 5222 1837 5260 ex-

288 5299 513 5350 biberet.
581 5296 709 5350 Cum
757 5296 1009 5364 propheta
1048 5309 1175 5347 vero
1224 5295 1570 5362 conjectorem
1612 5310 1669 5349 se
1712 5294 1837 5348 dicit

287 5389 579 5440 ablaturum
627 5402 765 5440 esse.

357 5478 621 5546 Conjector
639 5478 746 5546 quis
774 5478 855 5529 sit.
880 5505 951 5515 ——
977 5474 1335 5543 Conjectorem
1366 5476 1449 5529 hic
1474 5477 1597 5528 mihi
1628 5476 1835 5529 videtur

353 5614 369 5643 ί
407 5618 522 5669 Reg.
550 5618 601 5659 et
642 5610 776 5657 savii.
808 5596 1001 5667 habent,
1040 5608 1189 5658 hostes
1225 5610 1532 5668 imminentes,
1572 5624 1671 5669 pro,
1713 5610 1833 5659 bella

291 5674 341 5721 in
362 5671 601 5721 mittentia.
626 5677 735 5729 Quae
758 5681 995 5732 postrema
1019 5670 1159 5719 lectio
1182 5670 1352 5719 melius
1374 5673 1604 5731 quadrare
1628 5672 1829 5720 videtur.

1912 451 2085 506 dicere
2108 466 2248 517 eum,
2276 452 2361 522 qui
2388 467 2449 505 ex
2483 450 2643 505 multa
2671 450 3005 519 intelligentia
3025 492 3037 513 ,
3077 457 3130 503 et
3158 464 3219 503 ex
3248 448 3356 516 ipsa
3380 464 3463 502 res

1909 556 2022 594 rum
2050 542 2372 609 experientia
2402 542 2568 594 futura
2598 542 2857 609 conjicere
2887 548 3103 608 poterat.
3122 537 3275 591 Aliud
3314 537 3453 591 enim

1910 639 1990 684 est
2024 629 2344 697 conjectura,
2376 630 2516 683 aliud
2558 628 2829 697 prophetia
2880 647 2893 682 :
2940 627 3191 696 propheta
3219 626 3357 681 enim
3394 641 3459 678 ex

1911 721 2086 775 divino
2103 720 2293 789 Spiritu
2324 721 2570 788 loquitur,
2603 734 2663 773 et
2688 733 2743 772 se
2773 718 2897 771 nihil
2928 717 3187 780 aﬂ‘erens;
3221 715 3306 770 ille
3336 730 3463 770 vero

1912 811 2182 865 occasione
2210 820 2357 879 capta
2387 826 2449 864 ex
2480 811 2542 863 iis
2563 826 2686 879 quze
2717 811 2823 878 jam
2864 812 3214 878 contigerunt,
3268 808 3459 862 intelli-

1912 902 2138 969 gentiam
2164 915 2416 954 exercens
2445 916 2589 953 suam
2610 939 2624 963 ,
2670 903 2956 952 futurorum
2988 900 3149 951 multa
3178 897 3424 966 prospicit
3442 936 3458 957 ,

1916 1001 1969 1043 ut
2001 1006 2091 1059 par
2115 1001 2194 1045 est
2228 991 2390 1044 virum
2420 992 2724 1059 prudentem
2760 990 3080 1059 prospicere.
3138 990 3204 1043 At
3244 989 3461 1041 multum

1918 1082 2052 1135 hunc
2078 1081 2213 1134 inter
2239 1091 2289 1135 et
2316 1083 2458 1135 illum
2490 1082 2767 1134 discrimen
2793 1098 2807 1145 ;
2860 1089 3183 1148 tantumque,
3212 1088 3458 1148 quantum

1916 1183 1996 1228 est
2023 1174 2348 1227 intervallum
2380 1175 2517 1226 inter
2546 1173 2870 1241 prudentiam
2915 1172 3191 1225 humanam
3236 1178 3287 1225 et
3332 1170 3466 1223 divi-

1917 1277 2034 1315 nam
2062 1264 2295 1330 gratiam.
2331 1262 2397 1316 Ut
2416 1272 2585 1314 autem
2614 1260 2853 1329 exemplo
2876 1274 3170 1314 sermonem
3197 1258 3469 1312 dilucidio-

1918 1368 2026 1405 rem
2073 1352 2304 1413 reddam,
2354 1353 2637 1421 cogitemus
2698 1350 3031 1405 Salomonem
3074 1358 3129 1403 et
3171 1348 3411 1403 Elisznum
3447 1364 3460 1399 :

1919 1444 2072 1498 ambo
2108 1445 2246 1497 enim
2274 1457 2357 1496 res
2386 1443 2617 1496 occultas
2658 1443 2709 1495 in
2752 1442 2978 1495 medium
3018 1441 3362 1504 adducebant,
3410 1448 3459 1493 ct

1920 1532 2219 1585 abscondita
2253 1532 2551 1585 revelabant
2580 1550 2593 1586 :
2625 1532 2714 1585 sed
2741 1548 2842 1585 non
2866 1534 3018 1585 ambo
3044 1532 3222 1585 eadem
3246 1532 3466 1595 virtute;

1921 1624 2010 1675 sed
2040 1622 2123 1675 ille
2152 1621 2359 1690 quidem
2385 1638 2447 1675 ex
2476 1621 2742 1689 prudentia
2772 1621 2991 1674 humana
3014 1662 3027 1684 ,
3078 1636 3107 1673 a
3157 1630 3336 1674 natura
3385 1634 3473 1673 se»

1925 1725 2071 1765 mens
2098 1711 2424 1764 occasionem
2454 1710 2589 1764 circa
2616 1712 2919 1765 meretrices
2948 1711 3063 1764 illas
3085 1711 3328 1765 mulieres
3357 1710 3466 1777 (n);

1927 1800 2008 1853 hic
2034 1814 2155 1851 vero
2176 1798 2449 1852 ratiocinio
2470 1799 2613 1853 nullo
2631 1814 2775 1863 usus,
2796 1800 2951 1868 (quod
2982 1800 3121 1853 enim
3144 1800 3468 1853 ratiocinium

1926 1892 2065 1945 Giezi
2096 1892 2285 1946 furtum
2311 1895 2542 1947 revelare
2572 1893 2894 1965 potuisset?)
2946 1894 3035 1948 sed
3062 1909 3124 1948 ex
3155 1894 3326 1947 divina
3354 1908 3470 1963 gra-

1926 1982 1995 2034 tia
2023 1997 2081 2035 ea
2109 1998 2224 2051 qua:
2252 1984 2429 2052 procul
2462 1984 2591 2037 facta
2618 1996 2766 2038 erant
2794 1985 3043 2053 pnevidit.
3091 1984 3156 2037 Et
3184 2000 3374 2049 senem,
3417 1987 3468 2039 5.

1927 2079 1970 2122 et
1996 2072 2265 2140 principem
2288 2089 2435 2141 super
2462 2075 2835 2145 quinquaginta.
2864 2072 2992 2127 Cum
3022 2075 3082 2127 iis
3109 2076 3263 2128 etiam
3294 2089 3471 2129 senem

1927 2169 1981 2214 et
2010 2163 2292 2231 principem
2319 2177 2474 2231 super
2498 2165 2863 2232 quinquaginta
2894 2179 2948 2218 se
2990 2164 3314 2219 sublaturum
3359 2179 3475 2218 esse

1930 2250 2055 2304 dicit
2102 2267 2115 2305 :
2164 2267 2340 2305 senem
2373 2268 2475 2307 non
2502 2254 2808 2322 simpliciter
2845 2270 2963 2307 eum
3005 2255 3091 2323 qui
3141 2254 3477 2309 consenuerit

1929 2340 2074 2403 dicit,
2106 2342 2197 2395 sed
2235 2357 2354 2395 eum
2393 2344 2481 2409 qui
2520 2360 2635 2397 cum
2680 2345 2873 2398 canitie
2912 2346 3239 2412 prudentiam
3268 2345 3476 2400 canitiei

1930 2436 2331 2482 consentaneam
2355 2440 2545 2484 servat.
2576 2430 2702 2484 Cum
2724 2448 2847 2485 vero
2871 2432 2997 2487 dicit
3018 2433 3299 2501 principem
3322 2448 3479 2500 super

1931 2519 2333 2588 quinquaginta,
2379 2537 2479 2575 non
2525 2525 2818 2591 quempiam
2854 2525 3146 2592 lmjusmodi
3195 2527 3477 2595 principem

1934 2620 2209 2674 memorat,
2256 2611 2349 2666 scd
2390 2611 2489 2665 hoc
2515 2614 2727 2668 nomine
2754 2615 3013 2683 principes
3042 2629 3224 2670 omnes
3244 2615 3479 2670 subindi-

1933 2706 2036 2750 cat.
2080 2698 2217 2751 Nihil
2243 2701 2403 2764 enim,
2434 2702 2561 2755 nihil
2586 2710 2731 2757 certe
2762 2704 3129 2771 miserabilius,
3155 2720 3307 2774 quam
3339 2706 3482 2759 nullo

1936 2787 2236 2854 magistratu
2267 2789 2405 2858 regi,
2452 2799 2506 2844 ut
2534 2792 2659 2844 nihil
2686 2792 3031 2858 periculosius
3056 2795 3170 2847 navi
3197 2808 3292 2849 suo
3318 2794 3481 2849 desti-

1939 2885 2044 2929 tuta
2091 2878 2460 2946 gubernatore.
2512 2879 2691 2947 Neque
2736 2882 2821 2935 hic
2857 2883 3071 2951 gradum
3113 2884 3266 2949 sistit,
3298 2884 3387 2937 sed
3429 2893 3485 2936 et

1938 2965 2090 3017 aliam
2121 2982 2359 3035 magnam
2382 2970 2592 3022 tutelam
2615 2985 2672 3024 se
2690 2971 2983 3025 ablaturum
3005 2975 3368 3038 comminatur,
3392 2988 3486 3027 cos

1939 3054 2025 3120 qui
2052 3054 2185 3107 bona
2211 3055 2337 3109 dare
2360 3058 2575 3110 consilia
2605 3059 2825 3125 possint,
2866 3060 2955 3127 qui
2996 3076 3098 3113 non
3130 3063 3299 3114 minus
3326 3078 3481 3129 quam

1938 3158 2081 3197 arma
2104 3146 2396 3199 civitatibus
2419 3146 2639 3201 alterunt
2667 3148 2934 3201 auxilium.
2962 3150 3090 3203 Nam
3121 3152 3191 3203 ait
3214 3168 3226 3203 :
3250 3153 3485 3220 Auferam

1939 3236 2279 3289 admirabilem
2312 3237 2684 3303 consiliarium,
2730 3248 2774 3291 et
2814 3241 3086 3305 sapiente»:
3126 3242 3483 3304 architectum;

1942 3340 2042 3376 non
2101 3336 2409 3380 strnctorem
2464 3326 2669 3393 dicens,
2724 3328 2813 3382 scd
2860 3329 2910 3381 in
2963 3331 3183 3398 negotiis
3226 3332 3483 3398 peritum,

1942 3415 2099 3467 multa
2151 3415 2397 3481 doctmn,
2441 3426 2494 3470 et
2536 3432 2655 3471 cum
2700 3420 2971 3487 prudentia
3036 3421 3209 3473 omnia
3261 3420 3487 3475 civitatis

1943 3504 2143 3569 negotia
2182 3504 2546 3560 administrare
2587 3508 2857 3561 scientem.

2010 3594 2062 3645 5.
2100 3594 2227 3646 Cum
2275 3594 2357 3647 his
2402 3596 2591 3660 etiam,
2642 3596 2706 3650 Et
2749 3598 3037 3664 prudentem
3088 3602 3379 3657 auditorem.
3432 3605 3490 3659 Si

1941 3684 2077 3735 enim
2123 3683 2219 3736 hoc
2263 3684 2521 3749 abfuerit,
2558 3687 2655 3739 etsi
2697 3688 2797 3741 alia
2835 3689 3009 3742 omnia
3058 3690 3269 3757 adsint,
3322 3694 3488 3747 nihilo

1944 3774 2059 3840 plus
2102 3772 2299 3830 accedit
2342 3775 2667 3839 civitatibus,
2720 3780 2816 3831 etsi
2866 3780 3154 3846 prophetm,
3188 3783 3282 3836 etsi
3312 3783 3487 3837 consi-

1943 3861 2095 3925 liarii,
2128 3866 2225 3915 etsi
2254 3864 2586 3931 magistratus
2613 3864 2803 3930 adsint,
2825 3866 2866 3918 si
2894 3868 3066 3920 nullus
3092 3871 3159 3921 sit
3184 3871 3271 3939 qui
3292 3872 3485 3937 audiat,

1941 3952 2112 4005 omnia
2156 3950 2344 4005 frustra
2385 3955 2516 4006 etin
2548 3954 2763 4007 nihilum
2804 3955 3014 4012 abeunti
3059 3958 3273 4013 Videtur
3314 3973 3485 4017 autem

1942 4041 2064 4093 mihi
2088 4041 2171 4095 hic
2195 4043 2429 4111 Auferam
2449 4044 2568 4106 dici,
2586 4046 2729 4113 quasi
2749 4045 2945 4110 Sinam,
2968 4048 3290 4115 Permittam,
3309 4068 3488 4123 quem-

1941 4130 2219 4183 admodum
2246 4131 2436 4185 Paulus
2461 4133 2535 4185 ait
2580 4150 2593 4186 :
2638 4132 2862 4187 Tradidit
2894 4152 2976 4189 eos
3004 4138 3054 4189 in
3083 4141 3344 4207 reprobum
3372 4158 3489 4195 sen-

1940 4237 2048 4272 sum
2092 4220 2259 4291 (liam.
2297 4222 2347 4274 i.
2376 4219 2501 4291 28);
2552 4236 2652 4275 non
2699 4221 2799 4277 hoc
2841 4239 3018 4288 sensu,
3049 4228 3197 4293 quasi
3227 4230 3279 4281 in
3308 4243 3488 4284 amen-

1942 4312 2064 4363 tiam
2093 4313 2232 4381 ipsos
2256 4312 2558 4380 eonjecerit,
2581 4312 2670 4367 sed
2690 4314 2810 4382 quia
2828 4314 2923 4366 insi
2932 4316 3133 4382 pientes
3148 4330 3265 4370 cum
3286 4328 3485 4387 essent,

1944 4404 2083 4470 ipsos
2107 4404 2301 4457 dimisit
2329 4413 2382 4457 et
2410 4405 2638 4471 reliquit.

2013 4493 2227 4546 Pramat
2257 4494 2447 4545 nullum
2476 4510 2623 4561 quam
2649 4496 2832 4547 malum
2857 4498 3027 4549 ducent
3052 4499 3245 4553 habere.
3266 4503 3396 4557 -4,
3430 4503 3498 4557 Et

1940 4582 2193 4634 instituam
2218 4582 2601 4634 adolescentulos
2628 4585 2871 4652 principes
2895 4602 3081 4639 eorum.
3138 4589 3248 4644 Hoc
3284 4590 3488 4646 defectu

1942 4672 2099 4723 etiam
2126 4670 2514 4740 magistratuum
2545 4671 2691 4738 pejus
2729 4681 2782 4725 et
2810 4674 2973 4727 multo
2997 4678 3202 4743 gravius
3226 4687 3324 4732 est.
3356 4679 3485 4733 Nam

1942 4761 2029 4827 qui
2062 4760 2344 4827 principem
2380 4775 2483 4813 non
2525 4760 2700 4826 habet,
2740 4762 2870 4816 duce
2918 4766 3179 4831 privatur;
3232 4769 3318 4837 qui
3363 4785 3486 4825 vero

1944 4853 2136 4905 malum
2162 4860 2343 4905 nactus
2371 4864 2454 4905 est
2477 4852 2663 4905 ducem
2683 4892 2695 4913 .
2740 4853 2895 4907 habet
2920 4857 3008 4922 qui
3039 4870 3095 4909 se
3123 4858 3172 4910 in
3204 4861 3486 4929 prazcipitia

1942 4941 2206 5009 conjiciat.
2238 4941 2669 4995 Adolescentulos
2692 4954 2865 4995 autem
2899 4942 2983 4997 hic
3008 4959 3264 5002 memorat
3290 4966 3393 5005 non
3433 4963 3486 5006 ut

2002 5122 2073 5181 (η)
2105 5128 2213 5167 tltec
2249 5119 2509 5183 respiciunt
2545 5120 2942 5183 caputquintum
2974 5119 3079 5167 libri
3111 5126 3486 5183 Proverbiorum,

1942 5178 2021 5228 ubi
2047 5178 2207 5229 eontra
2230 5178 2535 5241 meretricum
2562 5178 2813 5227 illecebras
2836 5179 3134 5241 fallaciasque
3156 5178 3491 5235 adolescentes

1942 5244 2210 5290 communit.
2232 5240 2357 5297 Quod
2381 5248 2540 5287 autem
2564 5241 2639 5288 hic
2660 5242 2723 5287 ait
2747 5240 3366 5299 comparaodo’Salomonem
3386 5261 3490 5294 cum

1942 5302 2121 5360 Elismo,
2148 5302 2276 5350 illum
2304 5315 2364 5349 ex
2390 5302 2637 5359 prudentia
2683 5302 2881 5347 humana
2922 5302 3164 5361 loquutum
3203 5318 3328 5361 esse,
3364 5307 3487 5355 hunc

1944 5378 2059 5425 vero
2084 5378 2142 5411 ex
2190 5364 2338 5422 gratia
2374 5363 2545 5425 divina,
2582 5364 2648 5408 sic
2673 5361 2927 5425 intelligas,
2954 5377 3047 5409 non
3085 5366 3218 5425 quasi
3257 5366 3485 5422 Salomon,

1942 5424 2051 5471 dum
2076 5424 2434 5472 Proverbiorum
2450 5422 2626 5483 librum
2658 5423 2909 5477 scriberet,
2936 5427 3083 5483 gratia
3105 5422 3258 5471 divina
3286 5427 3490 5475 destitu-

1943 5491 2017 5531 tus
2044 5493 2201 5542 esset;
2226 5484 2310 5529 sed
2337 5482 2458 5543 quod
2486 5494 2559 5540 ea,
2591 5495 2697 5543 qua:
2723 5482 3022 5542 experientia
3059 5492 3107 5532 et
3129 5487 3383 5543 sagacitate
3406 5500 3490 5535 sua

1944 5555 2155 5599 noverat,
2195 5545 2435 5606 dirigentc
2470 5546 2636 5602 Spiritu
2676 5553 2853 5599 sancto,
2882 5546 3032 5592 literis
3078 5545 3344 5606 mandaret;
3385 5562 3489 5596 etuu

1942 5619 2104 5714 cloutr:
2127 5607 2313 5653 tiliswus
2343 5605 2419 5653 illa
2453 5612 2632 5653 tantum
2667 5607 2918 5664 scriberet,
2944 5621 3048 5667 qua:
3090 5606 3273 5655 aiilante
3299 5605 3491 5658 Numine

1942 5683 1955 5711 ι
1978 5681 2071 5714 tsce
2106 5676 2168 5714 at.

1942 5676 2168 5717 discebat.
