4058 6216
544 366 617 422 43
1194 362 1247 415 S.
1291 357 1560 412 JOANNIS
1594 353 2052 415 CHRYSOSTOMI
2093 350 2398 409 ARCHIEP.
2438 354 2956 413 CONSTANTINOP.
3696 374 3769 428 44

524 492 730 538 aetatem
774 481 979 548 culpet,
1026 478 1118 534 sed
1166 487 1221 531 ttt
1262 477 1469 530 illorum
1512 474 1859 542 insipientiam
1915 473 2084 541 aptius

524 572 788 628 ostendat.
818 570 1082 638 Contingit
1101 568 1240 623 enim
1276 566 1498 634 juvenes
1526 578 1646 619 esse
1673 562 1989 632 prudentes,
2035 570 2089 614 et

524 677 680 718 senes
721 663 773 715 in
820 659 1117 729 insipientia
1167 658 1361 711 vixisse
1409 673 1422 709 :
1467 670 1649 709 verum
1680 654 1801 723 quia
1839 652 1892 709 id
1919 653 2087 706 rarius

522 751 763 807 accidere
792 749 947 813 solet,
994 749 1086 802 sed
1111 746 1431 801 contrarium
1460 746 1772 814 plerumque
1796 742 2083 810 contingit;

521 842 642 894 ideo
685 840 802 894 illos
832 840 1137 907 insipientes
1166 837 1470 890 nominavit.
1504 834 1633 888 Nam
1683 844 1736 888 et
1780 832 2086 887 Timotheus

515 933 726 1001 juvenis
752 939 866 986 erat
896 949 908 984 :
942 931 985 983 is
1030 939 1200 983 tamen
1248 926 1535 994 sapientius
1559 968 1573 986 .
1626 939 1781 993 (μιιηῖ
1830 922 2086 976 innumeri

518 1037 707 1087 senes,
749 1020 1014 1076 Ecclesizts
1061 1018 1475 1080 administravit;
1525 1024 1579 1070 et
1621 1015 1871 1069 Salomon
1921 1026 2088 1065 annos

521 1123 675 1167 natus
699 1111 973 1166 duodecim
1005 1110 1113 1179 (α),
1161 1123 1280 1162 cum
1318 1108 1425 1161 Deo
1453 1107 1781 1175 loquebatur,
1821 1105 2090 1170 multaque

521 1212 635 1259 erat
658 1201 867 1257 dicendi
893 1199 1074 1255 ﬁducia
1110 1199 1417 1261 instructus,
1464 1211 1526 1249 ac
1557 1211 1646 1249 rex
1675 1194 1970 1249 declaratus
1994 1208 2084 1247 eoo

519 1302 839 1361 ronatusque
884 1300 1000 1355 est,
1048 1288 1407 1356 barbarosque
1452 1284 1633 1339 habuit
1670 1283 1938 1351 sapientiae
1979 1297 2087 1337 sua:

520 1392 883 1452 spectatores;
933 1394 1103 1448 neque
1144 1378 1242 1431 viri
1290 1377 1460 1430 solum
1484 1417 1497 1438 ,
1550 1374 1643 1428 sed
1672 1383 1723 1427 et
1748 1372 1995 1427 mulieres
2022 1387 2085 1426 ex

526 1473 819 1544 longinquis
846 1469 1148 1540 regionibus
1173 1468 1464 1530 venientes,
1499 1464 1635 1517 hanc
1662 1462 1826 1516 solam
1855 1462 2087 1530 peregri-

522 1564 748 1618 nationis
785 1575 996 1615 causam
1050 1557 1335 1616 habebant.
1386 1569 1576 1622 nempe
1617 1561 1675 1606 ut
1714 1566 1779 1606 ex
1808 1551 1923 1619 ejus
1960 1564 2088 1603 voce

520 1654 786 1725 quidpiam
816 1651 1112 1705 ediscerent
1138 1657 1191 1701 et
1215 1643 1619 1709 audirentzsetl
1666 1649 1724 1696 ut
1769 1640 1832 1694 ad
1880 1639 2085 1693 senium

523 1742 796 1811 pervenit,
840 1740 1062 1795 mttltum
1111 1737 1177 1791 de
1223 1738 1415 1789 virtute
1448 1733 1699 1787 detraxit.
1752 1730 1918 1798 Hujus
1963 1744 2088 1783 vero

520 1844 672 1905 pater
712 1832 895 1887 beatus
932 1827 1097 1884 David
1144 1841 1307 1897 grave
1344 1824 1471 1878 illud
1517 1832 1787 1893 peccatum
1824 1835 1929 1873 non
1967 1834 2086 1873 cum

519 1926 728 1995 juvenis
752 1934 806 1979 et
833 1937 961 1991 puer
988 1929 1164 1985 esset,
1186 1918 1279 1973 sed
1319 1932 1439 1971 cum
1470 1916 1613 1969 illam
1635 1922 1846 1969 nitatem
1869 1919 2087 1981 praeter-

520 2031 735 2089 gressus
784 2022 949 2071 esset.
978 2020 1098 2066 tunc
1142 2008 1393 2079 peccavit.
1451 2006 1583 2061 Cum
1626 2013 1802 2058 autem
1842 2002 2088 2072 puerulus

523 2116 698 2173 esset,
722 2103 962 2159 mirabile
990 2109 1242 2170 troptnum
1269 2099 1456 2162 erexit,
1486 2097 1760 2152 barbarum
1786 2094 2083 2163 prostravit.

522 2211 838 2266 omnemque
882 2194 1119 2249 exhibuit
1153 2189 1582 2262 philosophiam,
1639 2202 1809 2257 neqtte
1862 2184 2086 2254 impedi-

525 2299 703 2343 mento
747 2286 996 2356 juventus
1046 2284 1161 2346 fuit,
1216 2280 1495 2349 quominus
1521 2278 1633 2332 haec
1658 2276 1909 2345 praeclara
1941 2285 2088 2343 gesm

521 2378 723 2434 ederet.
765 2374 1047 2430 Jeremiam
1077 2386 1286 2442 quoque
1310 2370 1398 2440 qui
1436 2368 1603 2423 tetatis
1628 2366 1832 2422 obicem
1870 2363 2088 2433 objicie-

524 2472 617 2526 bat
661 2478 720 2525 ut
765 2474 1055 2533 recusaret,
1106 2479 1209 2519 non
1245 2462 1456 2517 admisit
1496 2461 1654 2525 Deus,
1700 2460 1793 2514 sed
1818 2456 1999 2513 eduxit
2021 2456 2088 2510 ad

524 2560 775 2633 populum
801 2558 1100 2620 Judaicum,
1121 2556 1290 2624 ipsum
1316 2554 1444 2607 nihil
1467 2551 1587 2607 inde
1616 2548 1855 2619 impediri
1882 2547 2084 2611 dicens,

521 2654 568 2709 si
594 2659 771 2707 mente
800 2649 949 2703 ﬁrma
978 2646 1227 2717 praiditus
1250 2654 1409 2698 esset.
1464 2643 1592 2707 llac,
1639 2643 1744 2693 into
1789 2638 1957 2691 multo
1986 2638 2087 2689 tui-

525 2755 656 2797 nore
680 2747 854 2800 actate,
882 2750 1036 2793 senes
1063 2734 1245 2789 Daniel
1271 2731 1544 2802 judicavit.
1593 2731 1657 2784 Et
1685 2728 1858 2783 .losias
1895 2742 1962 2781 ne
1990 2726 2086 2779 de-

523 2846 640 2887 cem
669 2828 879 2899 quidem
922 2840 1089 2881 annos
1138 2833 1315 2885 natus,
1350 2823 1399 2876 in
1426 2821 1614 2876 solium
1648 2818 1791 2888 regni
1818 2814 2087 2878 ascendit,

524 2930 753 2989 tuncque
778 2916 1032 2979 ﬂorebat;
1085 2913 1179 2968 sed
1224 2922 1404 2981 postea
1435 2909 1696 2964 tantillum
1742 2908 1987 2975 delapsus
2038 2906 2093 2960 in

523 3010 810 3082 ignaviam,
844 3008 1092 3061 virtutem
1120 3004 1279 3057 animi
1311 3000 1662 3056 labefactavit.
1691 2996 1827 3064 Quid
1850 3010 1978 3051 vero
1996 2993 2087 3050 ioc

524 3101 695 3172 seph‘t
742 3100 933 3154 Annon
973 3095 1203 3167 juvenis,
1252 3103 1306 3148 et
1330 3090 1612 3147 admodum
1635 3088 1885 3159 juvenis,
1929 3099 2089 3156 grave

525 3194 651 3249 illttd
678 3192 871 3247 bellum
898 3189 1147 3257 suscepit,
1170 3201 1273 3240 non
1297 3183 1552 3239 adversus
1580 3179 1843 3245 homines,
1874 3176 1965 3233 sed
1991 3176 2090 3230 ad-

525 3300 707 3342 versus
748 3285 914 3354 ipsam
958 3291 1158 3335 naturae
1203 3275 1529 3348 tyrannidem
1568 3273 1885 3335 decertans,
1930 3277 1985 3324 et
2023 3282 2088 3322 ex

525 3376 695 3432 media
740 3375 951 3429 fornace
996 3370 1314 3438 ﬂammaque
1360 3366 1563 3429 multo,
1619 3378 1775 3433 quam
1826 3361 1913 3415 illa
1965 3360 2092 3413 Per-

524 3470 631 3524 sica
662 3466 757 3538 (b),
785 3464 1049 3534 graviore,
1093 3461 1287 3513 illaesus
1315 3456 1527 3521 exsiliit,
1574 3470 1677 3507 non
1710 3453 1903 3515 minus,
1936 3464 2090 3519 quam

527 3571 633 3613 tres
661 3558 731 3613 illi
762 3556 929 3626 pueri,
966 3554 1081 3607 sine
1123 3550 1317 3604 damno
1352 3544 1613 3601 manens?
1639 3542 2090 3611 Quemadmodum

524 3650 663 3704 enim
692 3646 769 3701 illi
792 3658 1014 3713 corpora
1044 3657 1163 3695 cum
1182 3640 1308 3709 ipsis
1328 3637 1532 3707 capillis
1562 3635 1724 3689 illaesa
1751 3642 1876 3687 tunc
1893 3630 2091 3702 egressi

526 3737 888 3798 ostenderunt,
933 3749 1000 3788 ex
1050 3732 1190 3785 fonte
1222 3730 1396 3797 potius
1431 3741 1587 3796 quam
1625 3740 1692 3778 ex
1736 3722 1953 3777 fornace
1995 3736 2091 3776 ex-

528 3842 714 3885 euntes
745 3844 759 3881 :
789 3826 866 3880 sic
894 3834 946 3879 et
976 3823 1074 3877 iste
1104 3821 1155 3874 in
1184 3816 1491 3877 certamine,
1529 3829 1594 3868 ex
1620 3812 1881 3883 [Egyptire
1923 3810 2099 3864 mani-

528 3924 625 3975 bus
668 3917 878 3985 elapsus
908 3914 925 3944 ¹
951 3954 965 3980 ,
1006 3910 1153 3974 exiit,
1183 3922 1354 3978 neque
1380 3921 1410 3960 a
1436 3914 1597 3971 tactu,
1632 3918 1804 3969 neque
1832 3918 1862 3955 a
1895 3901 2092 3962 verbis,

528 4022 700 4078 neque
724 4006 789 4061 ab
817 4012 1052 4073 aSpectu,
1084 4014 1255 4069 neque
1281 4013 1311 4051 a
1337 3997 1681 4057 vestimentis,
1707 4008 1877 4061 neque
1902 3992 1966 4045 ab
1996 4007 2094 4044 un-

528 4098 756 4169 guentis,
787 4107 904 4163 quae
947 4090 1229 4146 sarmentis
1252 4097 1303 4143 et
1329 4089 1444 4156 pice
1469 4084 1824 4140 ardentiorem
1850 4082 2100 4150 concupi-

529 4191 742 4246 scentiae
762 4185 1027 4240 ﬂammam
1054 4180 1447 4244 accendebant;
1490 4191 1660 4247 neque
1684 4177 1750 4229 ab
1771 4182 1924 4229 relate
1952 4174 2098 4241 ejus-

532 4281 674 4338 modi
695 4277 962 4349 quidpiam
998 4287 1185 4344 passus
1215 4281 1314 4338 est,
1360 4270 1516 4340 quale
1547 4278 1603 4322 ut
1630 4271 1789 4321 homo
1818 4267 1919 4335 pati
1943 4281 2098 4334 posse

534 4370 827 4426 videbatur.
874 4367 950 4421 Ac
978 4374 1086 4420 tres
1123 4364 1196 4417 illi
1226 4362 1394 4432 pueri,
1436 4362 1488 4415 in
1515 4361 1630 4429 ipso
1652 4358 1941 4427 juventutis
1970 4359 2100 4411 flore

537 4472 591 4516 et
615 4468 850 4514 ventrem
879 4462 1228 4524 superarunt,
1274 4460 1328 4507 et
1357 4450 1544 4505 mortis
1570 4448 1907 4503 formidinem
1933 4447 2101 4501 calca-

535 4560 687 4614 runt,
738 4556 1044 4616 tantumque
1090 4544 1380 4599 exercitum
1423 4543 1762 4609 furoremque
1807 4539 1948 4608 regis
1992 4538 2100 4605 ipsa

536 4640 751 4695 fornace
794 4636 1147 4691 ardentiorem
1196 4634 1455 4694 vicerunt.
1510 4632 1743 4700 nihilque
1772 4630 1892 4685 illos
1929 4636 2104 4683 exter-

536 4737 664 4795 ruit,
708 4727 805 4785 sed
846 4733 1155 4782 constanter
1182 4730 1495 4777 manserunt
1519 4720 1698 4775 animo
1737 4719 1953 4773 minime
1986 4730 2100 4771 ser-

537 4820 629 4875 vili
659 4818 919 4875 instructi.
936 4816 1053 4872 Non
1082 4816 1241 4885 igitur
1266 4822 1475 4868 aetatem
1503 4812 1783 4867 traducens
1810 4811 1923 4864 haec
1946 4808 2100 4864 dicit:

608 5023 625 5050 ι
662 5017 840 5066 Boisius
862 5012 1001 5076 legit,
1022 5009 1225 5076 impuris
1241 5008 1472 5076 ﬁgyptite
1494 5005 1709 5056 manibus
1732 5005 1936 5076 elapsus.

601 5063 687 5141 (a)_
806 5082 883 5141 est
912 5063 1235 5137 Euommdam
1265 5063 1664 5141 eiii-'onologorum
1694 5063 1959 5141 sententia,
1984 5065 2110 5114 Salo-

547 5129 738 5191 tuouem
759 5129 1065 5186 duoden'nem
1086 5145 1295 5196 regnare
1324 5129 1550 5194 coepisse,
1577 5142 1736 5191 eaque
1760 5129 2007 5188 sapientiae
2030 5139 2108 5174 ar-

547 5206 773 5263 gumenta
797 5198 1095 5263 exhibuisse,
1122 5195 1244 5263 qua:
1276 5195 1326 5242 in
1356 5196 1602 5263 Scriptura
1618 5196 1867 5239 narrantur
1892 5201 1903 5236 :
1939 5200 2110 5263 verum

544 5248 802 5325 peritiores
823 5248 1100 5325 chronologi
1115 5248 1213 5319 ja'm
1236 5263 1338 5304 tum
1354 5248 1513 5306 virum
1541 5254 1687 5323 fuisse
1718 5256 1938 5325 censent.
1965 5248 2111 5318 Certe

542 5310 583 5373 'si
601 5319 867 5393 dpodenais
887 5318 1038 5393 solum
1050 5310 1522 5393 feratncumregnare
1543 5315 1704 5375 coepit,
1730 5310 2112 5393 ethuadraginta

546 5372 682 5450 annis
704 5380 1001 5450 regnaverit,
1011 5387 1070 5450 ‘ut
1092 5381 1156 5428 ait
1172 5372 1698 5450 ScrithI'zt,.at_l‘l.IOS'Ciuc
1720 5380 1861 5445 natus
1878 5372 2112 5432 quinqua-

546 5442 676 5502 ginta
699 5434 819 5492 duos
852 5434 1042 5502 abierit,
1064 5434 1300 5502 quomodo
1322 5438 1465 5486 stabit
1488 5434 1603 5483 illud
1619 5434 1908 5502 ’Scripturte,
1935 5440 2112 5502 ttegum

548 5496 629 5553 lib.
652 5505 699 5562 '5,
720 5517 764 5553 c.
792 5502 865 5561 11,
883 5516 930 5551 v.
947 5500 979 5548 4
997 5514 1010 5562 ;
1030 5496 1240 5561 cumque
1253 5501 1362 5561 jam
1383 5510 1529 5549 senex
1552 5502 1689 5555 esset,
1714 5496 2025 5555 depravatum
2047 5496 2114 5540 est

553 5578 634 5616 cor
657 5566 759 5625 ejus
781 5575 866 5625 per
888 5561 1149 5611 mulieres?

612 5616 693 5687 (ιη’
714 5616 967 5674 Foinacem
991 5630 1128 5672 vocat
1151 5622 1382 5670 Persicam
1405 5620 1531 5668 illam
1556 5617 1879 5687 eabylouicam
1899 5616 1947 5684 in
1970 5624 2115 5687 quam

547 5676 810 5749 tres'pueri
833 5687 1036 5749 conjecti
1060 5691 1332 5749 sunt.__Jam
1376 5694 1507 5742 25th0
1548 5676 1767 5749 vidimus,
1795 5676 2028 5738 Assyriam
2066 5680 2117 5722 et

547 5743 845 5811 Babyloniam
867 5743 1108 5797 Persidem
1130 5761 1156 5795 a
1179 5746 1510 5807 Chrysostomo
1533 5743 1705 5791 vocari.

2195 471 2612 541 quandoquidem
2639 484 2689 527 et
2714 474 2905 530 Paulus
2932 490 3052 530 cum
3082 478 3154 529 ait
3207 494 3218 529 :
3264 476 3384 530 Non
3425 477 3746 547 reophytum,

2192 578 2254 615 ne
2302 563 2353 616 in
2400 565 2681 633 superbiam
2716 567 2894 628 elatus,
2948 567 2999 619 in
3034 568 3284 636 judicium
3331 568 3519 622 incidat
3564 568 3749 620 diaboli

2192 652 2267 721 (1.
2296 652 2430 708 Tim.
2462 655 2515 709 ’5.
2543 654 2622 724 6),
2663 671 2769 710 non
2798 666 2952 711 mtate
2973 658 3220 726 juvenem
3250 658 3398 723 dicit,
3449 658 3539 711 sed
3565 673 3750 712 recens

2192 744 2501 814 plautatutn,
2530 747 2582 801 id
2611 758 2711 813 est,
2751 749 3045 802 institutum
3079 765 3094 813 ;
3125 749 3362 818 plantare
3385 750 3582 820 quippe
3624 747 3752 802 dictt

2192 839 2455 893 catechesi
2503 841 2792 905 instituere,
2852 851 2906 896 et
2951 842 3176 906 docere;
3227 850 3282 895 ut
3322 856 3438 897 cum
3472 844 3543 895 ait
3583 859 3595 894 :
3638 838 3751 909 Ego

2196 930 2437 998 plantavi,
2472 929 2654 1000 Apollo
2680 932 2855 1001 rigavit
2894 932 2966 1000 (1.
2997 929 3113 985 Cor.
3142 932 3195 986 5.
3224 928 3304 999 6).
3342 928 3581 986 Christus
3617 945 3749 998 quo-

2190 1032 2293 1087 que
2323 1018 2374 1072 id
2405 1019 2776 1087 platttationem
2802 1029 2953 1083 vocat
2980 1020 3160 1075 dicens
3210 1038 3223 1073 :
3268 1018 3444 1074 Omnis
3482 1020 3745 1088 plantatie,

2190 1122 2338 1175 quam
2375 1124 2472 1161 non
2508 1109 2749 1177 plantavit
2787 1108 2945 1162 Pater
2968 1125 3104 1163 meus
3130 1107 3371 1173 calcatis,
3412 1108 3750 1161 eradicabitur

2192 1197 2401 1265 (Matth.
2436 1199 2518 1253 15.
2542 1199 2653 1266 15).
2672 1197 2802 1253 Nam
2829 1200 2872 1253 si
2904 1199 3222 1269 ne0pltytutn
3244 1198 3747 1266 dixissctjuveuem,

2192 1287 2523 1342 Timotheum
2559 1297 2724 1356 certe,
2776 1288 2865 1357 qui
2889 1288 3096 1357 juvenis
3127 1296 3262 1353 erat,
3307 1296 3361 1342 et
3404 1288 3473 1341 ita
3511 1286 3744 1356 juvenis,

2194 1388 2249 1433 ut
2301 1379 2389 1432 ille
2431 1378 2668 1446 diceret,
2718 1378 2882 1434 Nemo
2918 1381 3224 1449 juventutem
3278 1388 3415 1431 tuam
3470 1385 3748 1431 contemnat

2192 1470 2271 1538 (1.
2315 1468 2446 1523 Tim.
2477 1470 2530 1525 4.
2563 1470 2650 1535 12)
2674 1511 2688 1534 ,
2736 1471 2801 1526 ad
2841 1480 3040 1525 tantum
3084 1471 3297 1525 culmen
3336 1469 3604 1538 dignitatis
3641 1483 3746 1522 non

2190 1561 2472 1624 evexisset.
2501 1576 2600 1615 nec
2630 1570 2705 1616 tot
2731 1561 3078 1617 Ecelcsiarum
3108 1559 3247 1616 ferre
3275 1575 3453 1614 curam
3477 1559 3749 1630 permisis-

2191 1661 2291 1707 set.
2337 1652 2400 1706 Et
2426 1653 2656 1708 illusores
2681 1654 3063 1707 dominabuntur
3086 1652 3175 1705 eis.
3227 1651 3383 1705 Vides
3426 1650 3593 1718 ipsum
3644 1663 3746 1700 non

2192 1744 2498 1813 simpliciter
2542 1754 2752 1800 :etatem
2801 1744 3108 1810 traducere,
3151 1742 3241 1796 sed
3284 1750 3585 1810 corruptum
3632 1740 3747 1792 ani—

2192 1836 2374 1889 tnum?
2417 1836 2523 1890 llac
2546 1837 2685 1891 enim
2711 1836 2975 1890 additione
3001 1834 3049 1888 id
3075 1834 3263 1888 clarius
3289 1832 3467 1888 efﬁcit.
3504 1832 3752 1886 lllusores

2191 1927 2329 1981 enim
2357 1925 2439 1980 hic
2466 1937 2615 1981 vocat
2639 1926 2967 1995 deceptores,
3012 1925 3360 1989 cavillatores,
3408 1923 3707 1977 adulatores
3732 1962 3750 1986 ,

2191 2030 2283 2070 eos
2322 2016 2407 2085 qui
2439 2017 2611 2071 verbis
2659 2018 2879 2085 gratiam
2909 2024 3175 2085 captantes
3205 2016 3349 2083 ipsos
3375 2013 3583 2066 diabolo
3629 2027 3751 2079 pro-

2191 2109 2454 2176 pinarent.
2503 2109 2555 2163 5.
2607 2108 2670 2160 Et
2705 2117 2901 2161 corruet
2930 2106 3161 2176 populus,
3195 2109 3341 2158 homo
3369 2104 3434 2155 ad
3462 2104 3749 2165 hominem,

2190 2206 2236 2250 et
2281 2198 2427 2251 homo
2480 2197 2547 2251 ad
2599 2198 2877 2267 proximum
2921 2212 3087 2250 suum.
3135 2193 3580 2262 Quemadmodum
3608 2194 3751 2247 enim

2190 2289 2342 2357 lignis
2373 2304 2491 2359 qua:
2530 2288 2749 2343 tediﬁcia
2783 2288 3120 2342 continebant
3145 2285 3427 2354 corruptis,
3459 2292 3548 2337 aut
3575 2283 3753 2337 subla—

2191 2379 2276 2446 tis,
2327 2394 2544 2435 necesse
2571 2387 2651 2435 est
2677 2379 2835 2433 etiam
2862 2392 3040 2431 muros
3083 2377 3370 2446 perrumpi,
3420 2376 3564 2427 nullo
3616 2373 3749 2425 ultra

2190 2471 2449 2525 retinente
2499 2487 2514 2524 :
2565 2469 2642 2524 sic
2687 2468 2788 2523 illis
2839 2468 3076 2532 sublatis,
3102 2467 3191 2536 qui
3232 2480 3389 2534 supra
3436 2464 3561 2517 dicti
3604 2473 3748 2524 sunt,

2190 2562 2531 2632 principibus,
2582 2558 2915 2623 consiliariis,
2954 2557 3235 2627 judicibus,
3284 2554 3572 2624 prophetis,
3621 2552 3751 2605 nihil

2190 2655 2521 2726 prohibebat,
2565 2654 2687 2723 quin
2736 2650 2960 2721 populus
2986 2652 3037 2703 in
3069 2648 3320 2703 factiones
3349 2661 3407 2700 se
3444 2644 3750 2707 scinderet,

2190 2758 2245 2803 et
2271 2760 2456 2815 magna
2491 2743 2815 2813 perturbatio
2843 2742 3089 2796 oriretur.

2260 2838 2316 2893 ι.
2346 2835 2512 2890 lrruet
2550 2835 2785 2905 puerulus
2829 2832 3063 2885 adversus
3099 2846 3288 2891 senem,
3310 2838 3357 2882 ct
3391 2826 3622 2895 ignobilis
3660 2825 3756 2876 ad-

2187 2942 2360 2983 versus
2395 2923 2629 2979 nobilem.
2675 2919 3083 2985 Adversabitur,
3119 2918 3284 2986 inquit
3311 2958 3326 2979 ,
3348 2916 3556 2984 juvenis
3599 2913 3712 2967 seni
3736 2952 3753 2976 ,

2187 3015 2483 3084 deSpiciet,
2528 3018 2828 3067 contemnet
2878 3009 3043 3062 illum.
3095 3007 3217 3060 Haec
3266 3006 3421 3059 etiam
3470 3014 3754 3070 antequam

2191 3103 2383 3160 bellum
2427 3103 2646 3156 instaret
2682 3098 2867 3170 quovis
2895 3097 3035 3152 bello
3071 3095 3305 3164 graviora
3334 3101 3501 3147 erant.
3531 3092 3757 3158 Quando

2190 3197 2331 3251 enim
2365 3201 2609 3249 senectus
2650 3207 2679 3245 a
2720 3190 2992 3261 juventute
3031 3187 3370 3241 inhonoratur
3393 3223 3409 3248 ,
3436 3183 3674 3250 vilesque
3702 3190 3757 3235 et

2190 3285 2381 3354 abiecti
2408 3283 2647 3337 homines
2673 3278 3003 3333 honorabiles
3032 3276 3172 3344 prius
3204 3274 3345 3327 viros
3372 3272 3577 3326 calcant
3601 3310 3615 3333 ,
3646 3284 3755 3323 non

2193 3374 2394 3429 meliori
2425 3374 2476 3427 in
2504 3380 2641 3426 statu
2672 3377 2911 3425 versatur
2938 3363 3234 3433 hujusmodi
3272 3362 3457 3415 civitas
3480 3399 3496 3425 ,
3523 3373 3682 3428 quam
3710 3358 3757 3412 si

2195 3466 2426 3521 hariolos
2469 3463 2707 3517 haberet.
2747 3460 2799 3516 6.
2828 3460 2958 3526 Quia
2985 3454 3317 3526 apprehendet
3356 3453 3503 3504 homo
3547 3453 3758 3520 fratrem

2193 3572 2339 3610 suum
2376 3565 2464 3607 aut
2494 3553 2811 3607 domesticum
2842 3548 2995 3617 patris
3038 3546 3117 3597 sui
3154 3544 3320 3595 dicens
3347 3556 3367 3592 :
3403 3539 3759 3591 Vestimentum

2196 3645 2365 3710 habes,
2400 3644 2627 3711 princeps
2653 3648 2813 3692 noster
2840 3645 2960 3697 esto,
2990 3643 3037 3687 et
3064 3632 3198 3685 cibus
3224 3645 3360 3682 meus
3388 3629 3479 3680 sub
3508 3636 3554 3679 te
3578 3627 3664 3680 sit.
3701 3625 3755 3677 7.

2197 3735 2264 3790 Et
2291 3734 2592 3803 respondens
2612 3733 2664 3784 in
2689 3731 2768 3782 die
2791 3728 2880 3781 illa
2913 3725 3039 3778 dicet
3061 3738 3080 3776 :
3102 3721 3219 3776 Non
3245 3736 3328 3774 ero
3357 3719 3588 3788 princeps
3611 3732 3631 3768 :
3655 3730 3758 3768 non

2197 3828 2327 3881 enim
2352 3835 2425 3879 est
2462 3826 2516 3878 in
2553 3825 2698 3876 domo
2728 3836 2835 3873 mea
2870 3816 3013 3887 ponis
3043 3829 3197 3881 neque
3231 3811 3593 3864 uestimentum.
3636 3804 3758 3858 Non

2200 3932 2284 3970 ero
2327 3915 2554 3984 princeps
2576 3910 2748 3981 pepuli
2776 3908 2943 3975 hujus.
2970 3904 3062 3957 llic
3102 3902 3227 3955 mihi
3255 3899 3461 3952 videtur
3495 3905 3587 3949 aut
3615 3893 3761 3948 obsi-

2200 4007 2408 4061 dioncm
2440 4004 2663 4072 aliquam
2703 3997 3057 4069 gravissimam
3086 3991 3434 4052 subindicare,
3464 4001 3583 4055 qua:
3613 3985 3760 4053 ipsos

2200 4099 2252 4153 in
2283 4106 2571 4152 extremam
2615 4089 2975 4145 necessitatem
3023 4079 3426 4149 redegerit;aut
3454 4075 3570 4129 sine
3612 4073 3760 4127 obsi-

2201 4188 2358 4243 dione
2385 4187 2573 4238 famem
2602 4180 2875 4251 quamdam
2900 4171 3297 4233 intolerabilem,
3322 4167 3644 4234 multamque
3672 4178 3761 4217 re-

2202 4293 2316 4332 rttm
2331 4273 2742 4331 necessariarum
2761 4265 3047 4336 penuriam.
3073 4260 3202 4316 Usus
3215 4267 3295 4313 est
3312 4266 3483 4310 autem
3495 4251 3766 4308 communi

2203 4365 2449 4435 loquendi
2497 4356 2869 4416 consuetudine
2911 4370 2923 4406 :
2964 4360 3015 4405 et
3060 4350 3194 4403 sicut
3240 4345 3386 4399 multi
3434 4345 3662 4398 dicunt:
3709 4340 3769 4394 Si

2204 4433 2529 4524 contingeret
2557 4449 2737 4503 urbem
2769 4454 2926 4498 totam
2953 4439 3108 4495 obolo
3143 4433 3483 4493 venumdari,
3512 4446 3619 4485 non
3649 4443 3774 4497 pos-

2206 4562 2316 4603 sem
2346 4547 2484 4600 illam
2521 4553 2696 4595 emere
2716 4577 2730 4601 ,
2758 4544 3045 4589 extremam
3074 4530 3150 4582 sic
3178 4532 3537 4595 paupertatem
3580 4531 3771 4575 osteu-

2207 4638 2340 4691 dens
2370 4652 2381 4686 :
2410 4634 2485 4688 sic
2525 4640 2578 4684 et
2626 4625 2874 4698 propheta
2912 4620 3037 4674 dicit
3067 4636 3079 4671 :
3106 4616 3162 4671 Si
3207 4613 3529 4683 principatus
3577 4616 3771 4663 veneat

2208 4725 2520 4781 vestimento
2546 4734 2648 4774 uno
2672 4757 2687 4782 ,
2711 4726 2797 4768 aut
2824 4725 2956 4781 pane
2978 4708 3090 4761 solo
3108 4747 3123 4770 ,
3149 4719 3303 4758 nemo
3341 4702 3440 4755 erit
3469 4700 3556 4768 qui
3585 4708 3731 4753 emat
3755 4716 3771 4753 :

2211 4826 2348 4874 tanta
2370 4828 2545 4871 rerum
2563 4804 2971 4865 necessariarum
2998 4795 3211 4868 penuria
3235 4794 3353 4848 erit.
3374 4791 3425 4846 8.
3452 4791 3585 4857 Quia
3607 4790 3776 4843 disso-

2211 4914 2318 4967 luta
2352 4918 2423 4963 est
2450 4901 2729 4959 Jerusalem
2754 4913 2772 4950 :
2793 4898 2893 4949 hoc
2919 4901 3020 4955 est,
3052 4887 3295 4942 derelicta
3324 4892 3378 4937 et
3405 4883 3614 4935 deserta
3648 4887 3733 4933 est
3756 4918 3774 4943 ,

2214 5002 2306 5057 Dei
2330 4993 2653 5071 providentia
2686 4984 2965 5043 denudata.
2997 4978 3063 5032 Et
3088 4976 3270 5030 Judtea
3293 4972 3551 5026 concidit:
3572 4976 3780 5037 pertur-

2213 5059 2443 5150 batione,
2470 5083 2636 5152 inquit
2659 5122 2673 5145 ,
2695 5086 2748 5133 et
2774 5072 2993 5128 tumultu
3021 5066 3214 5134 repleta
3239 5072 3319 5118 est
3341 5102 3353 5125 ,
3388 5059 3701 5114 confusione
3725 5066 3782 5110 et

2215 5145 2490 5236 seditione.
2520 5145 2585 5225 Et
2615 5171 2796 5236 lingua:
2820 5174 2988 5216 eorum
3016 5171 3126 5209 cum
3152 5152 3413 5223 iniquitate
3437 5148 3517 5199 Itis
3541 5161 3657 5214 qua:
3676 5145 3780 5197 Do-

2216 5270 2337 5324 mini
2378 5275 2491 5319 sunt
2538 5277 2636 5313 non
2677 5235 3029 5318 obtemperant.
3072 5242 3265 5297 Deinde
3311 5250 3469 5291 causa
3515 5235 3781 5288 malorum

2218 5356 2562 5417 subnectitur,
2583 5350 2769 5415 linguae
2791 5334 3203 5406 intemperantia.
3230 5329 3281 5382 Id
3311 5326 3450 5396 quod
3472 5326 3613 5378 Osee
3634 5339 3789 5378 enar-

2217 5452 2328 5523 guit
2367 5416 2581 5501 dicens:
2608 5434 2850 5507 Epitraim
2882 5432 2933 5482 in
2969 5426 3217 5480 interitum
3252 5419 3479 5471 abierunt
3519 5416 3571 5468 in
3612 5416 3790 5470 diebus

2219 5507 2620 5609 :cdargutionis;
2655 5530 2705 5582 in
2771 5523 2988 5576 tribubus
3034 5512 3195 5569 Israel
3242 5508 3435 5562 ostendi
3484 5507 3588 5574 ﬁde
3633 5509 3790 5577 digna

2222 5594 2448 5705 losses.
2480 5624 2533 5694 9)
2563 5640 2576 5686 ;
2605 5594 2661 5674 et
2690 5610 2965 5670 Malacbias
3002 5604 3184 5661 eadem
3222 5600 3413 5705 iteru't‘n
3452 5598 3584 5697 dicit
3613 5614 3626 5649 ;
3655 5594 3787 5647 Pro.

2226 5685 2384 5793 pheta:
2401 5685 2747 5785 arpi-omam“
2772 5703 2830 5756 iis
2847 5700 2927 5770 qui
2946 5697 3323 5767 prouocauerunt
3343 5685 3502 5738 Deum
3526 5686 3578 5737 in
3601 5702 3798 5740 sermo-
