4058 6216
383 369 458 426 45
1087 359 1144 415 S.
1179 356 1460 414 JOANNIS
1496 355 1972 415 CIIRYSOSTOMI
2005 355 2322 416 ARCHIEP.
2357 357 2895 417 CONSTANTINOP.
3697 385 3773 441 46

387 478 578 550 νόμον·
634 474 932 546 ὀφείλοντες
983 471 1111 541 γοῦν
1168 471 1511 542 αἰσχύνεσθαι
1576 471 1667 524 ἐπὶ
1722 471 1891 541 τούτῳ
1936 471 2028 524 καὶ

383 565 660 638 ἐρυθριᾷν,
701 560 1127 632 ἐγκαλύπτεσθαι
1176 560 1269 612 καὶ
1301 559 1448 613 κάτω
1474 558 1718 619 κύπτειν,
1759 559 1807 609 οἰ
1851 557 1904 610 δὲ
1935 558 2028 610 καὶ

381 651 802 721 ἐπαγωνίζονται
837 651 948 711 τοῖς
989 647 1288 718 προτέροις,
1332 646 1470 714 μετά
1495 644 1587 697 τοῦ
1635 646 1710 712 μὴ
1748 645 1917 697 ποιεῖν
1953 643 2022 696 τά

381 738 775 808 ἐπιτεταγμένα
816 736 910 789 καὶ
947 733 1177 804 φορτικά
1370 731 1728 801 φθεγγόμενοι
1767 731 1983 801 ῥήματα
2007 745 2020 758 ·

377 823 576 880 ὡσανεί
633 824 847 894 οἰκέτης
905 839 988 885 τις
1068 819 1354 888 ἀγνώμων,
1411 817 1893 887 ἐγκαταλιμπάνων
1958 815 2027 868 τὰ

381 912 725 982 ἐπιτάγματα
754 909 845 962 τοῦ
871 907 1154 972 δεσπότου,
1179 905 1257 958 ἐτι
1287 905 1381 958 καὶ
1409 903 1741 975 θρασύνοιτο.
1789 901 1886 955 Διό
1913 901 2026 955 νῦν

377 995 786 1063 ἐταπεινώθηή
807 993 956 1058 δόξα
984 992 1190 1058 αὑτοῦ,
1223 989 1320 1044 καί
1347 990 1386 1058 ἠ
1414 990 1673 1058 αἰσχύνη
1707 987 1811 1042 τοῦ
1837 1001 2022 1055 προσ-

379 1083 542 1138 ώπου
586 1081 769 1136 αὑτοῦ
807 1077 1065 1146 ἀντέστη
1094 1076 1315 1142 αὐτοῖς.
1362 1075 1530 1130 Πάλιν
1569 1075 1636 1129 τὰ
1668 1073 1925 1143 μέλλοντα
1950 1072 2025 1136 ὡς

379 1167 783 1243 παρεληλυθότα
818 1165 984 1234 λέγει,
1019 1164 1097 1235 τῷ
1129 1163 1348 1234 συνήθει
1381 1162 1715 1232 κεχρημένος
1748 1160 1896 1230 νόμῳ
1924 1157 2023 1228 τῆς

378 1255 728 1330 προφητείας.
797 1251 1135 1308 Ταπείνωσιν
1186 1251 1242 1304 δέ
1289 1249 1446 1320 δόξης
1497 1249 1593 1319 τήν
1655 1247 2025 1318 αἰχμαλωσίαν

377 1345 550 1400 καλεῖ.
580 1343 654 1400 Οὐ
683 1341 791 1413 γάρ
815 1342 911 1411 τῆς
935 1339 1201 1410 τυχούσης
1231 1337 1486 1407 αἰσχύνης
1518 1331 1607 1406 ἦν,
1638 1335 1763 1397 τοὺς
1790 1336 1847 1387 ἐν
1876 1332 2024 1397 τάξει

375 1432 484 1486 τῶν
507 1430 892 1502 βασιλευόντων
918 1427 1015 1498 τῆς
1034 1427 1354 1497 οἰκουμένης
1377 1425 1554 1486 δντας.
1573 1419 1789 1484 τούτους
1816 1420 2022 1491 ἀνθρώ-

377 1537 498 1583 ποις
534 1517 777 1589 βεϐήλοις
817 1515 912 1569 καί
943 1513 1236 1586 βαρϐάροις
1267 1510 1642 1580 ὑποτετάχθαι.
1671 1507 1936 1578 Αἰσχύνην
1965 1506 2021 1558 δὲ

377 1605 666 1679 ⁴προσώπου
704 1599 932 1657 ἐνταῦθα
958 1601 1055 1672 τὴν
1085 1599 1191 1655 ἀπὸ
1222 1601 1320 1670 τῆς
1356 1599 1627 1668 ἁμαρτίας
1672 1595 2022 1679 ἐγγινομένην

377 1676 529 1763 φησί.
558 1689 807 1752 Τοιοῦτος
834 1687 942 1759 γὰρ
970 1683 1038 1758 ἦν
1061 1686 1236 1741 αὐτῶν
1267 1685 1295 1737 ό
1325 1684 1454 1753 βίος.
1509 1681 1658 1735 Ἐπεὶ
1697 1676 1788 1735 οῦν
1821 1679 2021 1750 προλα-

376 1781 558 1844 ϐόντες
593 1778 812 1842 ἑαυτοὺς
870 1776 1228 1847 κατῄσχυναν,
1265 1772 1330 1826 δι’
1376 1765 1449 1825 ὧν
1495 1770 1777 1841 ἔπραττον,
1822 1769 1908 1822 διὰ
1959 1767 2022 1839 δὴ

373 1866 529 1921 τοῦτο
554 1864 726 1929 όΘεδς
748 1863 844 1934 τῆς
867 1862 1024 1930 δόξης
1060 1861 1252 1923 αὐτοὺς
1281 1858 1549 1926 ἐξέϐαλεν,
1580 1857 1816 1910 ἐλάττονι
1845 1873 2020 1926 παρα-

373 1955 546 2017 διδοὺς
571 1952 810 2023 τιμωρίᾳ
831 1951 928 2020 τῆς
955 1949 1046 2002 ὑπ’
1080 1948 1256 2002 αὐτῶν
1289 1946 1665 2017 ἐπενεχθείσης
1711 1945 1910 2006 αὐτοῖς.
1946 1943 2020 1996 Ού

372 2043 482 2114 γὰρ
503 2042 673 2105 οὕτως
713 2036 850 2111 ἦσαν
889 2037 1231 2091 ἐπονείδιστοι
1259 2037 1358 2106 τὴν
1388 2033 1668 2105 ἀλλοτρίαν
1710 2031 1979 2096 οἰκοῦντες
2004 2073 2020 2098 ,

373 2131 447 2194 ὼς
484 2130 572 2183 ὅτε
599 2128 695 2197 τὴν
722 2124 1046 2196 μητρόπολιν
1077 2123 1288 2193 ἔχοντες
1332 2122 1699 2191 παρηνόμουν.
1742 2119 1874 2172 Τότε
1923 2118 2020 2187 μὲν

373 2218 480 2288 γὰρ
498 2215 592 2270 καὶ
619 2213 932 2268 ἐνεκόπτετο
964 2213 1144 2274 αὐτοῖς
1180 2209 1248 2262 τά
1289 2209 1385 2278 τῆς
1421 2207 1648 2269 κακίας·
1687 2206 1777 2258 ἐπὶ
1818 2205 1876 2258 δὲ
1922 2204 2022 2273 τῆς

373 2302 626 2375 πατρίδος
655 2303 749 2355 καί
776 2300 909 2370 πρὸς
933 2299 993 2352 τὸ
1023 2299 1202 2368 μεῖζον
1229 2297 1407 2367 ᾔρετο.
1441 2295 1597 2361 Μέγα
1625 2293 1803 2346 τοίνυν
1827 2291 2020 2353 αὐτοὺς

371 2395 398 2446 6
423 2391 703 2462 προφήτης
730 2386 976 2440 ἐπαίδευε
1017 2385 1212 2454 δόγμα,
1244 2379 1515 2449 πανταχοῦ
1554 2379 1750 2431 πείθων
1780 2378 1884 2448 πρὸ
1925 2376 2020 2444 τῆς

373 2478 639 2540 κολάσεως
666 2473 760 2544 τὴν
793 2470 1052 2542 πονηρίαν
1079 2469 1317 2538 φεύγειν,
1349 2467 1443 2521 καὶ
1472 2465 1899 2534 ἐγκαλύπτεσθαι
1928 2464 2020 2517 καὶ

369 2560 719 2633 αἰσχύνεσθαι
745 2575 756 2588 ·
783 2559 880 2628 οὐχ
907 2559 1033 2610 ὃταν
1064 2554 1324 2626 βάρϐαροι
1356 2553 1608 2614 λαϐόντες
1655 2550 1870 2613 δούλους
1911 2551 2019 2604 ἀπ·-

375 2647 719 2720 άγωσιν,ἀλλ’
741 2647 869 2700 ὅταν
891 2647 924 2714 ἡ
959 2647 1057 2714 τῆς
1090 2642 1357 2712 ἁμαρτίας
1379 2640 1622 2710 τυραννὶς
1647 2635 2019 2708 αἰχμαλώτους

367 2739 488 2809 ἔχῃ.
527 2735 650 2802 Τὴν
674 2735 740 2788 δὲ
759 2731 1046 2802 ἁμαρτίαν
1065 2729 1280 2791 αὐτῶν,
1315 2732 1395 2793 ὡς
1422 2727 1714 2794 Σοδόμων,
1745 2723 2018 2793 ἀνήγγει-

366 2829 488 2879 λαν
510 2822 608 2876 καί
635 2819 995 2889 ἐνεφάνισαν
1035 2829 1084 2870 ⁸.
1131 2817 1196 2869 'O
1239 2815 1494 2876 πολλάκις
1531 2809 1700 2877 εἷπον,
1745 2813 1886 2880 λέγω
1927 2812 2019 2864 καὶ

367 2912 486 2966 νῦν·
509 2912 590 2964 ὅτι
609 2909 821 2970 δεικνὺς
843 2905 934 2960 τοῦ
957 2905 1089 2958 Θεοῦ
1112 2902 1207 2975 τὴν
1231 2903 1635 2974 φιλανθρωπίαν
1659 2904 1687 2956 ό
1715 2904 2015 2972 προφήτης,

364 3000 463 3070 οὐχ
508 2997 544 3052 ἀ
589 2996 836 3066 μέλλουσι
875 2995 1098 3062 πάσχειν
1147 2991 1417 3062 προλέγει,
1451 2989 1583 3042 ἀλλά
1613 2990 1707 3042 καὶ
1743 2990 1780 3044 ἀ
1827 2989 2018 3043 παθεῖν

364 3084 504 3158 ἦσαν
527 3085 685 3152 ἄξιοι.
717 3083 796 3136 Τά
821 3081 918 3151 μὲν
945 3081 1052 3150 γὰρ
1074 3078 1429 3149 ἡμαρτημένα
1454 3077 1631 3140 αὐτοῖς
1661 3077 1749 3129 ἴσα
1769 3075 2018 3146 Σοδόμοις

363 3171 451 3245 ἦν,
483 3175 550 3228 τά
585 3172 641 3227 δὲ
674 3171 772 3241 τῆς
797 3168 1060 3239 τιμωρίας
1087 3166 1498 3235 καταδεέστερα.
1546 3165 1619 3216 Οὐ
1653 3163 1761 3234 γὰρ
1785 3164 2010 3232 προρρί-

365 3263 492 3326 ζους
549 3260 744 3320 αὖτοὺς
791 3256 1122 3326 ἀνήρπασεν,
1181 3253 1299 3306 οὐδὲ
1342 3254 1406 3304 ἐκ
1459 3252 1670 3322 βάθρων
1720 3251 1816 3322 τὴν
1867 3251 2018 3302 πόλιν

365 3350 670 3404 ἀνέσπασεν
697 3345 748 3410 1),
773 3344 892 3397 οὑδέ
925 3343 1150 3410 λείψανα
1188 3339 1280 3392 τοῦ
1319 3341 1504 3406 γένους
1531 3340 1778 3408 ⁴ήφάνισε.
1827 3337 1899 3390 Τὸ
1938 3337 2014 3400 δὲ,

377 3434 762 3504 Ἀνήγγεινίαν
795 3430 888 3483 καί
926 3427 1306 3497 ἐνεφάνισαν,
1351 3425 1826 3495 ἀνθρωπινώτερον
1869 3424 2019 3495 εἴρη-

364 3522 568 3577 ται.ού
601 3515 709 3592 γὰρ
738 3519 856 3571 τότε
888 3516 1184 3587 μανθάνειὸ
1217 3513 1346 3576 Θεὸς
1388 3513 1456 3565 τὰ
1498 3512 1852 3582 γεγενημένα,
1891 3512 2018 3565 ὃταν

365 3609 583 3679 γένηται
601 3606 738 3678 (πῶς
751 3604 879 3674 γὰρ,
902 3606 928 3656 6
945 3603 1117 3655 πάντα
1146 3600 1297 3664 εἰδὼς
1328 3600 1455 3668 πρὶν
1476 3601 1736 3668 γενέσεως
1759 3598 1934 3652 αὐτῶν
1954 3603 2013 3667 ς),

362 3696 476 3752 ἀλλ’
504 3696 590 3747 ἵνα
618 3693 766 3762 δείξῃ
809 3692 867 3744 τὸ
909 3689 1133 3758 μέγεθος
1161 3689 1256 3756 τῆς
1311 3689 1590 3757 συμφορᾶς
1626 3686 1796 3750 οῦτως
1842 3684 2012 3743 εἶπεν.

433 3788 495 3838 ε’.
538 3781 745 3848 Ὠσπερ
789 3780 896 3846 γὰρ
936 3775 1164 3843 ἀλλαχοῦ
1207 3791 1388 3843 φησιν,
1461 3775 1665 3839 Ἀνέϐη
1710 3775 1743 3842 ἡ
1789 3775 2014 3842 κραυγὴ

362 3868 471 3938 τῆς
501 3867 710 3932 κακίας
738 3863 931 3919 αὐτῶν
960 3864 1106 3932 πρός
1132 3879 1226 3930 με,
1275 3863 1392 3930 ούχί
1423 3861 1510 3912 τὸν
1550 3860 1679 3912 Θεὸν
1723 3862 2016 3922 ἀποικέζων

364 3975 466 4010 που
500 3957 705 4026 πόρρω,
759 3953 849 4005 καί¹
901 3953 978 4013 είς
1027 3950 1117 4002 τὸν
1163 3947 1388 4018 οὐρανὸν
1455 3947 1795 4015 περικλείων,
1848 3948 2017 4000 ταῦτά

365 4061 548 4111 φησιν,
573 4040 706 4094 ἀλλά
736 4039 797 4091 τὸ
831 4037 1054 4108 μέγεθος
1079 4040 1174 4102 τῆς
1218 4035 1489 4104 ἁμαρτίας
1521 4034 1694 4102 δηλῶν
1720 4051 1732 4064 ·
1774 4033 1913 4086 οῦτω
1952 4035 2013 4104 δὴ

366 4131 459 4182 καὶ
481 4126 731 4186 ἐνταῦθα,
763 4123 1159 4191 ’Λνήγγειλαν,
1183 4121 1278 4190 τὴν
1309 4119 1609 4189 ὑπερϐολὴν
1635 4120 1729 4188 τῆς
1759 4120 2016 4189 πονηρίας

362 4215 708 4284 δεικνύμενος
776 4210 940 4278 λέγει.
999 4208 1078 4260 Τὰ
1129 4209 1224 4277 μὲν
1276 4208 1380 4276 γὰρ
1429 4224 1445 4242 ι’
1489 4207 1879 4276 καταδεέστερα
1909 4207 2013 4258 τῶν

365 4301 771 4372 ἁμαρτημάτων
809 4299 901 4349 καὶ
949 4297 1126 4348 λαθεῖν
1164 4295 1361 4346 δύναιτ’
1405 4295 1467 4347 ἄν
1493 4311 1505 4322 ·
1559 4294 1624 4346 τὰ
1665 4295 1718 4346 δὲ
1750 4295 2015 4362 ὑπερϐάλ-

366 4393 525 4445 λοντα
572 4390 666 4443 καὶ
716 4387 920 4458 μεγάλα
967 4387 1129 4438 πᾶσίν
1168 4387 1282 4436 ἐστι
1312 4383 1558 4452 γνώριμα
1594 4383 1684 4433 καὶ
1714 4384 2014 4451 καταφανῆ,

367 4476 468 4530 κᾶν
505 4475 689 4545 μηδεὶς
717 4476 745 4527 ὁ
782 4471 1096 4542 κατηγορῶν
1140 4466 1196 4540 ᾖ,
1244 4469 1376 4538 μηδὲ
1422 4469 1672 4536 ἐλέγχων.
1724 4467 1867 4519 Λὺτά
1910 4469 2016 4536 γὰρ

368 4563 534 4618 ἑαυτὰ
564 4560 909 4628 καταγγέλλει
939 4561 1029 4610 καὶ
1059 4558 1191 4626 δῆλα
1221 4559 1380 4609 ποιεῖ.
1416 4555 1738 4625 Βουλόμενος
1770 4555 1796 4593 ιι
1830 4556 1858 4606 ὁ
1885 4573 2017 4624 προ-

367 4654 540 4720 φήτης
573 4647 801 4700 ἐνταῦθα
830 4645 1172 4708 δείξασθαιτὸ
1205 4642 1426 4712 μέγεοος
1455 4643 1562 4694 τῶν
1593 4641 1796 4704 κακῶν,
1833 4641 2013 4710 φησὶν,

379 4736 764 4805 Ἀνήγγ-ειλαν
787 4730 1287 4798 καίένεφάνισαν,
1332 4731 1592 4791 τουτέστι,
1638 4731 1773 4797 μετά
1820 4728 2014 4797 πολλῆς

364 4823 459 4892 τῆς
481 4821 799 4890 ὑπερϐολῆς,
835 4818 969 4888 μετά
993 4816 1188 4885 πολλῆς
1224 4816 1320 4884 τῆς
1353 4816 1721 4884 ὑπερηφανίας
1767 4815 1833 4866 τὰ
1877 4815 2016 4866 κακά

365 4910 647 4977 ἔπραττον,
670 4907 788 4960 οὐδὲ
815 4905 1208 4974 αἰσχυνόμενοι,
1235 4903 1352 4955 οὐδὲ
1381 4903 1859 4970 ἐγκαλυπτόμενοι,
1883 4903 2015 4953 ἀλλά

367 4993 594 5063 μελέτην
620 4992 717 5062 τὴν
747 4992 1006 5060 πονηρίαν
1046 4988 1370 5058 ποιούμενοι.

435 5081 580 5132 Οὐαὶ
613 5077 683 5145 τῇ
712 5075 880 5146 ψυχῇ
904 5075 1119 5139 αὐτῶν,
1151 5076 1297 5127 διότι
1322 5075 1748 5138 ,ϐεϐούλευνται
1775 5075 2017 5138 βουλὴν

363 5168 635 5233 πονηρὰν
685 5164 812 5218 καθ’
884 5163 1131 5227 ἑαυτῶν,
1203 5165 1505 5227 εἰπόντες·
1572 5161 1851 5230 Δήσωμεν
1912 5163 2017 5215 τὸν

363 5253 613 5317 δίκαιον,
639 5254 727 5307 ὅτι
754 5252 1140 5320 δύσχρηστος
1167 5249 1309 5318 ἡμῖν
1336 5251 1514 5301 ἐστιν.
1561 5250 1832 5312 Ἑπίτασις
1864 5268 2017 5319 πονη-

423 5459 594 5520 ‘Reg.
641 5456 923 5518 ἐνεφάνησαν
964 5454 1042 5503 hic
1083 5459 1130 5502 el
1155 5454 1297 5509 infra,
1325 5452 1471 5500 Savil.
1499 5460 1549 5500 et
1597 5453 1763 5500 Morel.
1811 5455 2014 5515 ἐνεφάνι-

359 5537 465 5619 Ὕ
489 5580 619 5637 μερο,
641 5577 748 5626 οὐδέ
766 5579 819 5626 ἐκ
841 5577 1020 5639 βάθρων
1040 5578 1123 5631 τὴν
1155 5577 1287 5622 πόλιν
1307 5575 1588 5632 ἀνέσπασεν,
1613 5575 1790 5623 desum
1814 5577 1860 5622 in
1891 5575 2010 5637 Reg.

360 5647 412 5689 et
424 5642 666 5760 fama};
691 5700 776 5761 γάρ
800 5702 910 5760 pust
932 5699 1014 5757 μέν
1034 5697 1194 5744 deest.
1221 5695 1338 5743 Ibid.
1364 5699 1471 5743 δαν.
1499 5697 1650 5742 λαθεῖν
1675 5697 1864 5745 δύναιτ’.
1893 5697 2010 5745 Mor.

362 5762 520 5825 μαθεῖν
545 5760 743 5825 δύναιτ’,
757 5760 918 5806 minus
938 5766 1096 5825 ντρείυ.
1132 5818 1140 5825 _
1347 5814 1362 5825 ν

419 5823 446 5860 ἀ
474 5824 588 5870 Ροςί
610 5823 882 5882 βουλόμενος
905 5820 1094 5868 ιἸιΙιδίιιΓ
1114 5818 1286 5864 «ίρρδυρ
1316 5818 1415 5874 οὖν,
1460 5825 1534 5864 a'll
1562 5820 1674 5878 quid
1720 5821 1876 5868 εὶιιιὶιι·
1912 5836 1919 5866 .'
1951 5824 2013 5884 il;

362 5891 528 5932 censet
551 5884 774 5931 Samius.

2134 472 2254 542 ρίας
2290 471 2425 544 [59],
2463 474 2590 526 ὅταν
2622 473 2696 544 μὴ
2727 473 2882 543 μόνον
2915 471 3281 542 ἁμαρτάνωσι,
3329 473 3462 545 μηδέ
3502 475 3576 546 μὴ
3613 479 3766 547 μόνον

2135 558 2267 626 μετὰ
2295 562 2601 630 παρρησίας
2630 561 3028 630 ἁμαρτάνωσιν,
3065 559 3178 612 ἀλλ’
3211 562 3337 613 ὅταν
3365 564 3598 626 καὶτοὺς
3618 564 3769 618 δυνα-

2130 644 2321 713 μένους
2347 647 2416 700 τά
2438 647 2659 701 τοιαῦτα
2680 646 2919 716 διορθοῦν
2937 647 3323 700 ἀπελαύνωσιν.
3359 648 3566 720 Ὥσπερ
3592 651 3698 721 γάρ
3721 651 3768 703 οἰ

2124 735 2383 804 φρενίτιδι
2413 736 2760 807 κατεχόμενοι
2805 736 2896 789 τὸν
2940 735 3121 807 ἰατρὸν
3151 735 3406 800 πολλάκις
3451 738 3766 807 συνέκοψαν,

2121 819 2264 874 οὕτω
2292 821 2355 891 δὴ
2381 822 2473 875 καὶ
2512 815 2656 877 οὗτοι
2691 822 2786 876 τοῦ
2835 825 3007 876 νοσεῖν
3047 823 3238 877 ἀνίατα
3283 823 3536 893 μέγιστον
3575 825 3769 894 δεῖγμα

2120 906 2276 960 τοῦτο
2301 909 2572 980 ἐξέφερον,
2590 911 2650 964 τὸ
2662 910 2786 973 τοὺς
2809 911 3045 973 δικαίους
3065 910 3361 964 ἐκϐάλλειν.
3391 909 3638 964 Τοιοῦτον
3663 915 3772 985 γὰρ

2121 993 2156 1064 ἡ
2186 997 2352 1066 ἀρετή
2377 1012 2392 1026 ·
2439 998 2532 1050 καὶ
2568 997 2862 1070 φαινομένη
2908 997 3085 1067 μόνον,
3133 1000 3294 1066 ἀρκεῖ
3337 997 3568 1067 λυπῆσαι
3597 999 3686 1051 τὸν
3714 1001 3763 1052 ἐκ

2121 1083 2288 1168 κακίᾳ
2311 1082 2505 1146 ζῶντα.
2544 1084 2793 1138 Τοιοῦτον
2822 1086 2856 1154 ἡ
2885 1084 3050 1138 κακία
3072 1100 3088 1115 ·
3128 1085 3246 1138 οὐδὲ
3277 1084 3602 1156 ἐλεγχομένη
3639 1087 3768 1168 πολ-

2120 1165 2294 1232 λάκις,
2348 1171 2443 1223 καὶ
2482 1171 2580 1241 τὴν
2632 1171 2929 1241 παρουσίαν
2985 1172 3151 1242 αὐτὴν
3217 1172 3506 1244 βαρύνεται
3561 1173 3667 1226 τῶν
3705 1165 3769 1226 ’ἐν

2119 1253 2385 1326 ἐπιεικείᾳ
2411 1259 2829 1328 προαιρουμένη.
2860 1258 3028 1329 Διπλῆ
3053 1258 3108 1312 δὲ
3141 1259 3371 1314 ἐνταῦθα
3397 1262 3430 1330 ή
3451 1261 3765 1330 κατηγορία,

2121 1343 2212 1394 καὶ
2271 1343 2330 1396 τὸ
2386 1344 2600 1414 δεσμεῖν
2653 1346 2742 1399 τὸν
2778 1347 3002 1412 δίκαιον,
3068 1347 3160 1401 καὶ
3210 1348 3270 1400 τὸ
3326 1347 3400 1411 ὡς
3447 1348 3712 1418 ἄχρηστον
3743 1360 3767 1388 ο

2117 1427 2352 1497 δεσμεῖν.
2386 1429 2548 1483 Ὅταν
2570 1427 2660 1484 οὖν
2682 1449 2765 1496 τις
2787 1432 2852 1485 τά
2880 1434 3187 1502 ὠφελοῦντα
3219 1433 3293 1504 μὴ
3319 1434 3475 1504 μόνον
3500 1435 3558 1486 ού
3601 1452 3769 1506 προσ-

2122 1511 2278 1578 ίεται,
2329 1515 2464 1568 ἀλλά
2517 1517 2613 1569 καὶ
2646 1516 2883 1589 βλαϐερὰ
2913 1518 3050 1572 αύτά
3081 1519 3272 1590 νομίζῃ
3302 1514 3461 1578 εἶναι,
3495 1520 3620 1572 ποία
3661 1520 3769 1572 λεί-

2119 1614 2278 1652 πεται
2304 1600 2485 1654 λοιπὸν
2511 1602 2842 1673 διορθώσεως
2874 1607 3177 1675 πρόφασις;
3205 1606 3294 1659 Διὸ
3319 1607 3411 1659 καὶ
3437 1609 3464 1659 6
3489 1609 3768 1677 προφήτης

2122 1685 2246 1739 ίδὼν
2288 1689 2368 1751 εἰς
2415 1689 2638 1758 ἔσχατον
2680 1690 3077 1757 ἐξοκείλαντας,
3125 1692 3231 1746 ἀπὸ
3273 1691 3483 1764 θρήνων
3546 1692 3767 1762 ἄρχεται

2121 1772 2302 1836 πάλιν,
2339 1774 2436 1828 οὐκ
2484 1774 2591 1828 ἀπὸ
2635 1778 2959 1849 κατηγορίας
2988 1779 3080 1832 καί
3125 1779 3500 1850 ἐγκλημάτων,
3562 1780 3764 1848 λέγων·

2122 1861 2264 1912 Οὐαί
2297 1859 2371 1930 τῇ
2401 1863 2570 1931 ψυχῇ
2592 1864 2818 1917 αὐτῶν·
2865 1865 3042 1919 καὶτὸ
3071 1866 3198 1936 ἑξῆς
3230 1867 3364 1936 μετά
3407 1867 3604 1938 πολλῆς
3649 1885 3745 1921 συν

2119 1946 2286 2010 έσεως
2313 1965 2325 1977 ·
2399 1949 2518 2003 Ὅτι
2578 1952 3005 2014 ,ϐεϐούλευνται
3049 1955 3290 2022 βουλὴν
3329 1956 3595 2022 πονηρὰν
3639 1957 3767 2011 καθ’

2116 2031 2363 2088 ἑαυτῶν.
2413 2035 2600 2088 Καίτοι
2655 2038 2721 2091 τὰ
2752 2040 3013 2108 γενόμενα
3055 2039 3199 2092 δοκεῖ
3235 2040 3372 2093 κατά
3411 2041 3504 2092 τοῦ
3559 2039 3766 2094 δικαίου

2117 2119 2445 2188 τολμᾶσθαι·
2471 2122 2586 2174 ἀλλ’
2613 2125 2664 2176 εί
2691 2142 2774 2188 τις
2797 2125 3035 2193 ἀκριϐῶς
3060 2125 3382 2191 ἐξετάσειεν,
3427 2126 3488 2179 ού
3517 2127 3655 2180 κατά
3675 2125 3765 2180 τοῦ

2118 2203 2433 2275 πάσχοντος,
2488 2209 2622 2264 ἀλλά
2675 2211 2782 2264 τῶν
2833 2212 3125 2265 ποιούντων
3179 2215 3210 2284 ἡ
3270 2213 3432 2285 βουλὴ
3487 2215 3761 2283 τρέπεται.

2129 2290 2388 2347 Ἐνταῦθα
2455 2297 2815 2366 μανθάνομεν,
2871 2299 2950 2351 ὅτι
2992 2302 3020 2352 6
3067 2301 3165 2368 μὲν
3209 2301 3390 2364 καλὸς,
3443 2301 3544 2354 κᾶν
3601 2303 3765 2372 μυρία

2119 2379 2298 2451 πάσχῃ
2323 2382 2488 2444 δεινὰ,
2522 2384 2672 2436 οὐδὲν
2719 2384 3040 2454 βεϐλάψεται
3085 2387 3233 2458 παρά
3280 2389 3387 2440 τῶν
3433 2390 3761 2442 ποιούντων·

2116 2467 2164 2518 οί
2191 2466 2247 2518 δὲ
2280 2467 2731 2535 ἐπιϐουλεύοντες,
2754 2467 2896 2525 οὗτοι
2928 2473 3128 2541 μᾶλλόν
3163 2478 3297 2528 εἰσιν
3324 2477 3372 2526 οἰ
3409 2475 3527 2528 καθ’
3561 2477 3766 2528 ἑαυτῶν

2117 2555 2177 2607 τὸ
2225 2555 2375 2625 ξίφος
2419 2557 2704 2621 ὠθοῦντες,
2752 2560 2997 2630 καθάπερ
3027 2563 3120 2614 καὶ
3152 2555 3318 2614 οὗτοι.
3368 2564 3470 2616 Τὸν
3518 2564 3616 2632 μέν
3657 2566 3766 2635 γάρ

2115 2641 2320 2696 δίκαιον
2368 2643 2516 2696 ούδέν
2577 2644 2837 2699 ἔϐλαπτον
2897 2649 3236 2716 δεσμοῦντες,
3301 2652 3524 2712 ἐαυτοῦς
3587 2653 3643 2705 δέ
3709 2655 3765 2705 ἐν

2118 2728 2319 2782 πλείονι
2345 2731 2492 2799 ζόφῳ
2519 2732 2612 2784 καὶ
2638 2734 2841 2802 ἐρημίᾳ
2871 2733 3161 2800 καθίστων,
3191 2736 3278 2789 τὸν
3313 2737 3500 2807 λύχνον
3524 2739 3766 2792 ἐκποδὼν

2115 2815 2468 2884 ἁρπάζοντες.
2510 2819 2718 2872 Τοίνυν
2754 2820 2824 2873 τὰ
2860 2821 3195 2889 γεννήματα
3225 2823 3341 2877 τῶν
3365 2826 3551 2894 ἔργων
3570 2828 3766 2881 αὐτῶν

2115 2899 2421 2969 φάγονται.
2465 2903 2715 2957 Τοιοῦτον
2754 2906 2860 2976 γὰρ
2891 2908 2923 2977 ή
2961 2907 3154 2962 κακία·
3189 2911 3324 2981 αὑτὴ
3371 2914 3428 2963 ἐν
3470 2914 3632 2984 ἑαυτῇ
3668 2915 3766 2985 τήν

2114 2987 2381 3058 τιμωρίαν
2407 2987 2538 3059 ἔχει.
2568 2992 2677 3044 Καὶ
2713 2991 2741 3044 δ
2770 2992 3001 3046 ἐνταῦθά
3032 3011 3183 3065 φησι,
3217 2997 3359 3049 τοῦτ’
3383 2999 3528 3051 ἐστιν
3554 3017 3566 3028 ·
3605 3001 3763 3053 Ἀπο-

2114 3073 2400 3128 λαύσονται
2438 3076 2545 3130 τῶν
2573 3079 2799 3150 καρπῶν
2826 3080 3024 3147 αὐτῶν,
3078 3083 3135 3135 ἐν
3175 3083 3376 3138 πλείονι
3408 3087 3765 3151 καθιστῶντες

2113 3162 2308 3226 αὐτοὺς
2335 3165 2558 3235 ἐρημίᾳ,
2587 3167 2680 3218 καὶ
2704 3166 2926 3231 πολλοὺς
2953 3173 3442 3236 κατασκευάζοντες
3470 3176 3590 3236 τοὺς
3633 3192 3764 3243 κρη-

2117 3249 2302 3318 μνούς.
2358 3253 2501 3305 Οὐαὶ
2549 3251 2630 3317 τῷ
2670 3253 2897 3322 ἀνόμῳ·
2964 3257 3193 3324 πονηρὰ
3242 3259 3350 3326 γὰρ
3396 3259 3764 3326 συμϐήσεται

2113 3335 2273 3401 αὐτῷ
2293 3337 2440 3390 κατὰ
2469 3339 2540 3391 τὰ
2575 3338 2717 3408 ἔργα
2745 3338 2863 3392 τῶν
2899 3341 3109 3408 χειρῶν
3151 3344 3352 3399 αὑτοῦ.
3421 3345 3580 3414 Ὁρᾷς
3637 3349 3764 3416 παρ⁹

2114 3424 2268 3493 ἡμῶν
2293 3423 2362 3477 τὰ
2396 3425 2566 3495 μέτρα
2603 3427 2701 3496 τῆς
2738 3429 3000 3498 τιμωρίας
3044 3429 3129 3482 ἀεὶ
3174 3431 3264 3481 καὶ
3299 3431 3393 3494 τὰς
3426 3431 3595 3499 ἀρχὰς
3622 3448 3763 3498 γινο-

2117 3511 2314 3580 μένας;
2345 3512 2442 3566 Διά
2475 3513 2538 3584 δὴ
2565 3513 2718 3566 τοῦτο
2749 3515 2906 3567 πάλιν
2935 3517 2962 3567 ὁ
2990 3518 3268 3586 προφήτης
3297 3516 3481 3586 θρηνεί
3527 3519 3616 3570 καὶ
3647 3519 3764 3570 ὀδύ-

2118 3615 2265 3668 ρεται
2295 3600 2388 3653 καὶ
2435 3600 2803 3665 διακόπτεται,
2837 3604 2918 3654 ὅτι
2961 3604 3112 3655 αὐτοὶ
3149 3605 3372 3666 ἑαυτοὺς
3414 3605 3762 3658 ἐπεϐούλευον

2113 3687 2160 3737 οἰ
2220 3686 2477 3750 Ἰουδαῖοι,
2529 3687 2624 3740 καὶ
2687 3688 2943 3757 πολεμίου
2996 3689 3193 3752 παντὸς
3249 3690 3620 3759 χαλεπώτερον
3663 3691 3762 3759 τὴν

2113 3772 2318 3824 ἐαυτῶν
2351 3772 2680 3843 ἐλυμήναντο
2710 3776 2978 3845 σωτηρίαν
3001 3791 3013 3805 ·
3057 3771 3118 3827 οὗ
3152 3777 3203 3828 τί
3237 3777 3430 3844 γένοιτ’
3469 3777 3532 3829 ἂν
3569 3777 3761 3830 ἀθλιώ-

2112 3875 2305 3928 τερον;
2367 3862 2523 3926 Λαός
2550 3879 2688 3930 μου,
2725 3864 2778 3914 οί
2816 3863 3136 3930 πράκτορες
3178 3863 3343 3930 ὑμῶν
3389 3863 3759 3932 καλαμῶνται

2115 3946 2285 4013 ὑμᾶς.
2329 3947 2496 3998 Τοῦτο
2529 3948 2748 4016 ἀρίστου
2789 3949 3123 4014 διδασκάλου,
3158 3949 3448 4001 ποικίλλειν
3472 3952 3561 4001 τὸν
3588 3951 3760 4018 λόγον,

2114 4035 2206 4084 καὶ
2237 4035 2370 4103 μήτε
2399 4035 2682 4103 τραχύνειν
2713 4037 2891 4105 μόνον,
2939 4038 3074 4106 μήτε
3121 4039 3360 4106 προσηνῆ
3404 4041 3594 4100 ποιεῖν,
3631 4040 3761 4092 ἀλλὰ

2113 4119 2206 4172 νῦν
2251 4119 2348 4188 μὲν
2389 4119 2562 4183 τοῦτο,
2617 4121 2711 4174 νῦν
2756 4122 2812 4174 δὲ
2851 4125 3024 4175 ἐκεῖνο
3062 4124 3452 4193 μεταχειρίζειν
3503 4123 3560 4175 τὸ
3606 4123 3759 4188 εἶδος,

2113 4203 2251 4258 ὥστε
2275 4207 2471 4276 πολλὴν
2501 4209 2563 4258 ἐκ
2588 4209 2684 4276 τῆς
2723 4209 2918 4277 μίξεως
2951 4209 3197 4276 γενέσθαι
3227 4211 3322 4281 τὴν
3350 4210 3631 4278 ὠφέλειαν.
3667 4213 3761 4264 Διά

2111 4293 2175 4363 δὴ
2206 4293 2360 4346 τοῦτο
2393 4298 2482 4346 καὶ
2508 4298 2535 4348 ό
2588 4299 2868 4366 προφήτης
2897 4299 2993 4350 ούκ
3026 4300 3244 4366 ἐγκαλεῖ
3273 4301 3450 4368 μόνον,
3497 4301 3630 4352 ἀλλὰ
3669 4303 3761 4352 καὶ

2114 4379 2316 4448 θρηνεῖ,
2351 4380 2378 4432 ὃ
2420 4382 2714 4451 βαρύτερον
2751 4385 2848 4452 μέν
2885 4386 2999 4436 ἐστι
3038 4385 3144 4437 τῶν
3183 4385 3557 4454 ἐγκλημάτων,
3607 4387 3761 4439 ἐλάτ-

2114 4483 2239 4518 τονα
2263 4467 2319 4517 δὲ
2353 4468 2576 4536 παρέχει
2609 4469 2706 4538 τὴν
2740 4470 2956 4540 ὀδύνην·
2999 4473 3093 4524 καὶ
3141 4472 3200 4524 τὸ
3249 4473 3557 4540 θαυμαστὸν
3585 4473 3760 4536 τοῦτο,

2113 4554 2191 4605 ὅτι
2246 4555 2303 4606 ἐν
2341 4553 2609 4625 βαθυτέρᾳ
2655 4559 2720 4626 τῇ
2777 4561 2912 4626 τομῇ
2966 4559 3368 4628 προσηνεστέρα
3420 4561 3450 4627 ἠ
3498 4560 3758 4628 ἀλγηδών.

2115 4640 2224 4692 Καὶ
2267 4641 2327 4692 ού
2363 4641 2547 4710 θρηνεί
2572 4643 2750 4710 μόνον,
2790 4643 2925 4696 ἀλλά
2971 4646 3059 4696 καὶ
3106 4645 3413 4714 θεραπεύει,
3455 4647 3544 4697 καὶ
3581 4647 3762 4715 ἕτερον

2115 4725 2275 4779 πάλιν
2313 4727 2618 4797 θαυμαστὸν
2644 4730 2984 4792 διδασκαλίας
3012 4732 3253 4783 ἀνακινεῖ
3275 4732 3488 4801 τρόπον.
3525 4735 3678 4784 Ποῖον
3700 4733 3762 4802 δὴ

2114 4808 2334 4876 τοῦτον;
2370 4814 2441 4866 Τὸ
2476 4814 2549 4884 μὴ
2583 4817 2745 4868 πᾶσιν
2783 4816 2872 4884 ὑφ’
2904 4816 2961 4868 ἓν
2991 4819 3262 4886 ἐπιτιμᾷν,
3314 4817 3447 4869 ἀλλά
3475 4818 3763 4886 ἀποσχίσαι

2115 4895 2204 4947 τὸν
2227 4899 2394 4967 δῆμον
2421 4900 2527 4952 τῶν
2561 4903 2852 4972 ἀρχόντων,
2887 4903 2979 4955 καὶ
3009 4904 3087 4965 είς
3117 4904 3211 4972 τὴν
3235 4905 3452 4956 ἐκείνων
3477 4904 3761 4970 ἐπιτρέψαι

2117 4985 2352 5055 κεφαλὴν
2422 4989 2490 5041 τά
2555 4991 2888 5059 ἐγκλήματα.
2957 4991 3216 5042 Τοσοῦτον
3279 4992 3385 5059 γάρ
3458 4993 3570 5040 ἐστι
3649 4989 3760 5061 [40]

2114 5072 2303 5125 τούτου
2325 5075 2414 5127 τοῦ
2441 5078 2612 5138 εἴδους
2637 5078 2697 5130 τὸ
2719 5079 2927 5147 κέρδος,
2973 5079 3046 5141 ὡς
3085 5079 3173 5131 τὸν
3216 5078 3448 5132 Μωῦσέα
3491 5080 3578 5129 καὶ
3627 5081 3762 5146 μετά

2117 5159 2355 5223 πλείονος
2387 5163 2517 5214 αὐτὸ
2557 5165 2775 5232 ποιῆσαι
2820 5166 2915 5232 τῆς
2949 5166 3270 5234 ὑπερϐολῆς.
3302 5157 3466 5225 Οὗτος
3507 5167 3602 5234 μὲν
3634 5167 3757 5236 γὰρ,

2118 5247 2330 5301 πάντων
2379 5251 2544 5303 ὄντων
2598 5253 2907 5305 ὑπευθύνων
2958 5258 3068 5316 τοῖς
3117 5255 3471 5321 ἐγκλήμασιν,
3506 5255 3593 5306 ἐπὶ
3639 5258 3762 5320 τοὺς

2114 5335 2376 5406 ἄρχοντας
2422 5339 2608 5407 τρέπει
2651 5340 2739 5393 τὸν
2791 5339 2973 5409 λόγον·
3024 5344 3050 5393 6
3094 5342 3149 5393 δὲ
3182 5339 3418 5407 Μωῡσῆς
3463 5341 3634 5409 εὑρὼν
3672 5344 3763 5396 τὸν

2181 5655 2202 5711 ς
2239 5643 2318 5699 Ὦς
2340 5644 2591 5711 ἄχρηστον,
2614 5646 2661 5693 Μ
2685 5650 2777 5702 est,
2798 5646 2940 5711 quasi
2962 5646 3174 5697 inutilem
3189 5660 3209 5711 ,j
3251 5650 3336 5697 sed
3363 5653 3472 5711 quia
3497 5651 3597 5699 hmc
3619 5652 3764 5702 ver-hu

2114 5706 2465 5775 τριετυιιιυιςαά
2493 5709 2573 5754 illa
2596 5721 2739 5774 :supra
2765 5706 2904 5772 vallata
2925 5711 3145 5775 vqrsiculi
3188 5710 3218 5757 9
3249 5706 3397 5775 Isaiae;
3447 5714 3517 5758 ὅτι
3563 5714 3766 5775 δύσχρη-

2115 5781 2222 5818 στος
2244 5768 2354 5833 ἡμῖν
2377 5767 2494 5833 ἐστι,
2522 5768 2634 5826 quia
2663 5770 2832 5816 "unus
2876 5769 3007 5833 nobis
3034 5778 3116 5823 est,
3145 5776 3193 5817 (ιί
3215 5774 3322 5833 quia
3369 5767 3559 5833 ιίυλιυιιι
3587 5767 3765 5833 μιιὶἴυεὲ,

2113 5830 2540 5895 ιιιιιιιιιμίιιιιιιίυεη,
2579 5840 2804 5895 (onyx-ml.
2833 5831 3056 5895 ‘nihgul'i,
3099 5832 3233 5894 quasi
3269 5832 3462 5882 noxium
3501 5830 3748 5895 ιουειυιίιιιιδ

2119 5890 2238 5934 In!“
2268 5890 2448 5936 limum:
2474 5893 2585 5950 legi?
2626 5893 2674 5936 az}
2701 5909 2747 5953 π⁸
2766 5892 2963 5937 πηλίίιαι.
