4058 6216
280 386 359 441 45
1540 389 1604 444 IN
1646 388 1894 455 lSAlAM,
1936 388 2083 444 CAP.
2130 390 2217 445 Ill.
3473 404 3548 459 46

264 502 413 556 uibus
572 512 638 557 ιιι
679 504 877 559 dixistis
902 521 919 558 :
943 503 1005 557 In
1036 522 1132 573 quo
1175 505 1549 571 provocavimus
1597 504 1753 556 cum?
1783 502 1849 556 lu

260 609 321 644 eo
364 594 497 662 quod
540 594 739 648 dicitis:
765 595 942 649 Omnis
979 597 1064 665 qui
1092 596 1211 666 facit
1242 596 1465 660 malum,
1495 595 1650 647 bonus
1686 604 1760 648 est
1798 596 1849 647 iu

260 694 533 752 conspectu
560 684 785 751 Domini,
815 697 861 741 et
897 688 949 740 iu
975 689 1045 741 eis
1088 688 1194 755 ipse
1230 687 1322 740 sibi
1356 686 1475 739 bene
1522 686 1843 754 complacuit.

266 776 331 828 lt't
372 776 456 829 ubi
483 786 553 831 est
580 776 719 831 Deus
743 779 959 847 justitiaz
982 778 1000 848 (
1026 777 1153 832 Mal.
1184 778 1237 830 2.
1273 779 1336 832 17
1359 777 1419 845 )l
1448 778 1523 831 De
1558 778 1659 831 hoc
1704 787 1849 831 certe

261 880 319 925 et
382 870 499 940 ipse
546 880 805 937 accusat,
855 871 1047 940 duplex
1097 870 1370 940 proferens
1413 871 1613 924 crimen
1644 909 1660 936 ,
1705 869 1846 939 quod

264 978 371 1017 non
419 964 591 1019 solum
634 979 740 1018 non
786 964 1153 1033 obtemperent
1182 1003 1197 1029 ,
1226 979 1324 1019 nec
1368 965 1540 1019 solum
1585 972 1850 1033 transgre-

262 1055 477 1109 diautur
503 1055 671 1124 legem
696 1072 712 1117 ;
740 1071 859 1110 cum
887 1054 1114 1111 debeant
1151 1056 1248 1110 hac
1294 1054 1361 1109 de
1404 1070 1462 1110 re
1506 1056 1705 1125 pudore
1733 1055 1845 1109 suf-

262 1148 412 1203 fundi
457 1158 614 1218 atque
659 1149 1007 1215 erubescere,
1040 1163 1159 1203 sese
1202 1148 1397 1203 abdere
1427 1156 1481 1202 et
1514 1157 1671 1215 caput
1699 1146 1850 1201 ineli-

262 1255 428 1303 nare;
468 1240 542 1294 illi
581 1239 757 1310 priora
802 1240 1137 1295 accumulare
1184 1238 1547 1302 contendunt,
1582 1252 1682 1291 nec
1718 1238 1846 1291 satis

259 1329 522 1387 habentes
548 1340 805 1401 prmcepta
838 1333 1132 1401 transgredi
1159 1372 1173 1397 ,
1206 1347 1433 1388 onerosa
1473 1348 1683 1401 quoque
1724 1347 1845 1400 pro-

257 1420 440 1477 ferunt
464 1423 621 1478 verba
646 1439 660 1477 :
685 1423 827 1479 velut
864 1424 1089 1478 famulus
1126 1425 1385 1494 quispiam
1427 1425 1731 1493 improbus,
1755 1426 1842 1493 qui

259 1508 375 1565 beri
413 1510 658 1569 mndata
688 1516 1097 1581 praetermittens
1118 1555 1133 1579 ,
1168 1514 1233 1567 ad
1272 1514 1385 1568 hinc
1411 1515 1571 1569 etiam
1607 1514 1843 1569 insolen-

256 1613 343 1659 ter
385 1604 512 1675 agit.
542 1604 594 1659 9.
628 1604 829 1659 Idcirco
872 1622 1004 1659 nunc
1033 1607 1297 1659 humiliata
1322 1618 1393 1661 est
1432 1606 1594 1677 gloria
1618 1609 1727 1678 ejus
1750 1649 1765 1673 ,
1796 1617 1842 1661 εξ

254 1699 492 1768 confusio
530 1699 675 1769 faciei
716 1700 825 1770 ejus
870 1700 1052 1754 resistit
1098 1700 1190 1753 eis.
1223 1699 1423 1754 Rursus
1472 1700 1645 1754 futura
1692 1701 1839 1770 quasi

256 1794 529 1862 prmterita
553 1794 703 1860 dixit,
731 1802 981 1849 consueta
1010 1810 1134 1849 usus
1164 1794 1456 1865 prophetiae
1488 1795 1627 1865 lege.
1658 1794 1839 1848 llumi-

256 1882 528 1937 liationem
557 1891 732 1938 autem
758 1883 941 1953 gloria:
966 1884 1322 1954 captivitatem
1350 1895 1522 1939 vocat.
1554 1884 1669 1939 Non
1700 1885 1839 1940 enim

256 1975 489 2045 vulgaris
524 1975 751 2029 infamias
779 1986 892 2031 erat
917 2016 932 2041 ,
960 1990 1054 2030 eos
1080 1978 1169 2045 qui
1212 1992 1392 2045 regum
1423 1978 1567 2031 orbis
1597 1978 1839 2031 ordinem

257 2074 521 2130 tenerent,
547 2066 848 2121 hominibus
874 2066 1107 2135 profanis
1133 2078 1185 2122 et
1212 2068 1449 2123 barbaris
1478 2068 1687 2137 subjici.
1711 2068 1840 2123 Con-

258 2154 521 2211 fusionem
548 2173 674 2212 vero
709 2157 884 2212 vultus
913 2157 997 2211 hic
1030 2168 1185 2211 vocat
1216 2173 1332 2212 eam
1360 2201 1375 2225 ,
1404 2175 1521 2228 quae
1551 2175 1579 2212 a
1612 2162 1841 2228 peccatis

255 2247 445 2301 oritur.
477 2246 621 2302 Talis
658 2248 852 2319 quippe
890 2256 1006 2303 erat
1042 2263 1225 2303 eorum
1263 2250 1390 2303 vita.
1418 2250 1548 2304 Cum
1596 2252 1737 2304 enim
1780 2265 1839 2305 se

255 2339 404 2406 prius
424 2338 837 2395 dedecorassent
865 2356 958 2409 per
984 2349 1129 2410 gesta
1156 2356 1271 2408 sua,
1304 2342 1424 2397 ideo
1451 2344 1588 2397 Deus
1618 2357 1644 2395 a
1670 2342 1836 2412 gloria

254 2442 349 2483 sua
389 2429 510 2483 illos
539 2429 729 2499 dejecit
753 2471 768 2493 ,
797 2430 984 2486 leviori
1014 2432 1227 2487 tradens
1252 2434 1511 2503 supplicio
1534 2475 1549 2499 ,
1583 2448 1739 2503 quam
1787 2435 1835 2487 id

254 2520 398 2590 quod
432 2522 532 2589 ipsi
559 2522 659 2576 sibi
696 2520 1014 2577 indixerant.
1042 2522 1155 2577 Non
1184 2524 1324 2578 enim
1358 2524 1427 2577 ita
1461 2525 1836 2593 vituperabiles

254 2620 410 2665 erant
433 2628 555 2665 cum
585 2613 806 2667 alienam
840 2622 1032 2668 terram
1055 2615 1365 2679 incolerent,
1392 2630 1549 2685 quam
1577 2631 1695 2670 eum
1727 2632 1837 2671 mc-

256 2702 505 2770 tropolim
532 2718 681 2757 suam
714 2703 965 2759 habentes
995 2708 1487 2773 praevaricarentur.
1516 2707 1664 2761 Tunc
1690 2710 1832 2761 enim

254 2810 441 2850 eorum
469 2796 699 2865 nequitia
727 2796 1174 2865 comprimebatur
1196 2814 1209 2851 :
1235 2798 1287 2852 in
1316 2800 1482 2868 patria
1511 2815 1637 2853 vero
1669 2802 1836 2869 magis

253 2902 319 2943 ac
342 2888 511 2957 magis
538 2887 844 2957 augebatur.
874 2888 1113 2959 Magnum
1137 2891 1294 2960 igitur
1313 2892 1423 2946 illis
1450 2893 1706 2962 propheta
1732 2892 1826 2947 do-

252 2989 560 3036 cumentum
595 2981 773 3042 tradit,
807 2981 997 3051 ubique
1024 2984 1250 3038 suadens
1274 2993 1332 3037 ut
1359 2994 1480 3040 ante
1519 2987 1832 3055 supplicium

254 3071 544 3140 nequitiam
586 3072 817 3140 fugiant,
847 3088 909 3128 ac
934 3074 1136 3143 pudore
1161 3075 1461 3144 ruboreque
1504 3086 1787 3132 coerceant
1815 3095 1828 3131 :

252 3180 359 3218 non
390 3174 665 3234 postquam
690 3166 894 3220 barbari
928 3167 1043 3220 illos
1072 3176 1253 3236 captos
1276 3167 1557 3235 abducunt,
1588 3171 1679 3225 sed
1710 3186 1828 3223 cum

251 3254 452 3320 peccati
478 3254 713 3322 tyrannis
736 3255 853 3309 illos
869 3257 1105 3325 captivos
1131 3258 1343 3313 tenebit.
1371 3258 1641 3312 Peccatum
1666 3273 1830 3314 (tltlt‘m

248 3359 415 3406 suum,
440 3352 493 3397 ut
518 3345 569 3397 iu
593 3343 849 3411 Sodomis,
872 3348 1229 3401 auuuntiarunt
1249 3358 1293 3402 et
1314 3350 1654 3403 ostenderunt.
1680 3353 1827 3419 Quod

248 3450 392 3505 tat-pe
431 3436 539 3491 dixi
566 3478 581 3503 ,
614 3453 751 3493 nunc
795 3440 951 3494 etiam
982 3440 1100 3495 dico
1130 3458 1142 3493 :
1170 3442 1309 3510 quod
1355 3443 1611 3513 propheta
1640 3462 1827 3513 nempe

247 3526 342 3581 Dei
380 3528 715 3583 clementiam
748 3530 1062 3597 ostendens,
1095 3547 1199 3587 non
1227 3548 1288 3587 ea
1320 3549 1435 3603 qua:
1467 3538 1668 3603 passuri
1708 3548 1827 3591 sunt

246 3620 519 3685 prtedicat,
565 3621 659 3675 sed
703 3636 763 3676 ea
815 3637 932 3691 qua:
962 3622 1101 3692 digni
1143 3625 1349 3678 fuerant
1396 3635 1449 3678 ut
1500 3636 1822 3693 paterentur.

244 3707 466 3764 Peccata
514 3711 707 3780 quippe
748 3713 982 3781 ipsorum
1020 3714 1409 3769 Sodomitarum
1443 3718 1651 3785 flagitiis
1682 3722 1823 3786 paria

241 3810 415 3866 erant,
448 3803 761 3871 supplicium
784 3815 958 3859 autem
987 3806 1170 3859 levius.
1194 3806 1307 3860 Non
1338 3809 1477 3862 enim
1511 3811 1653 3879 ipsos
1686 3813 1827 3865 radi-

243 3893 379 3946 citus
422 3894 651 3961 evulsit,
682 3911 853 3965 neque
896 3912 923 3949 a
969 3896 1324 3953 fundamentis
1369 3902 1551 3956 urbem
1580 3905 1816 3969 diruit‘,

241 3996 415 4050 neque
439 3983 689 4052 reliquias
714 3987 923 4054 generis
948 3988 1161 4042 delevit.
1198 3989 1327 4044 Illud
1364 4003 1537 4047 autem
1562 4034 1575 4057 ,
1610 3996 1821 4049 Annuu-

237 4072 429 4125 tiarunt
457 4082 506 4125 et
544 4076 901 4143 ostenderunt,
932 4078 1226 4133 humaniori
1270 4096 1417 4137 more
1461 4084 1660 4139 dictum
1703 4088 1815 4143 fuit.

237 4159 419 4230 Neque
448 4162 590 4217 enim
622 4163 758 4217 Deus
783 4181 900 4234 qua:
931 4166 1063 4220 facta
1091 4177 1215 4221 sunt
1242 4179 1362 4225 tunc
1383 4171 1557 4236 discit,
1583 4191 1700 4228 eum
1733 4179 1816 4229 illa

238 4249 391 4315 (iuuit,
435 4252 741 4321 (quomodo
783 4256 945 4323 enim,
984 4273 1102 4312 cum
1149 4262 1324 4315 omnia
1368 4263 1499 4317 sciat
1537 4276 1815 4334 antequam

236 4346 451 4417 ﬁant?)
498 4349 590 4403 sed
636 4358 692 4405 ut
728 4352 1043 4409 calamitatis
1074 4360 1487 4427 magnitudinem
1533 4364 1814 4427 ostendat,

235 4435 306 4489 ita
338 4436 583 4506 loquutus
604 4450 705 4495 est.

306 4527 357 4580 5.
388 4526 840 4595 Quemadmodum
862 4536 1002 4590 enim
1030 4538 1153 4592 alibi
1183 4539 1335 4594 dicit:
1368 4544 1602 4597 Ascendit
1628 4547 1816 4600 clamor

234 4621 443 4675 molitae
467 4638 637 4677 eorum
662 4627 729 4679 ad
756 4644 833 4681 me
854 4628 1003 4697 (Gen.
1032 4630 1118 4684 i8.
1147 4632 1267 4700 ΞΟ),
1296 4649 1399 4687 non
1433 4636 1595 4690 Deum
1629 4642 1812 4707 procul

232 4709 557 4766 habitantem
589 4718 946 4782 constituens,
976 4730 1029 4773 et
1074 4723 1123 4774 in
1168 4724 1298 4777 casio
1329 4725 1771 4785 circumscribens
1797 4775 1809 4795 ,

230 4803 346 4857 hate
378 4801 503 4857 dicit
530 4844 546 4869 ,
578 4806 671 4860 sed
704 4810 905 4875 peccati
936 4814 1348 4882 magnitudinem
1389 4818 1667 4875 declarans
1697 4841 1707 4875 :
1737 4826 1812 4877 sic

218 4903 277 4947 et
312 4891 411 4948 hoc
440 4894 559 4949 loco
584 4937 598 4959 ,
630 4898 1002 4955 Aununtiarunt
1026 4944 1039 4966 ,
1076 4908 1322 4975 nequitia:
1365 4911 1675 4979 gravitatem
1721 4931 1809 4970 os-

222 4985 453 5046 tendens
484 4987 630 5042 dicit.
667 4989 887 5047 Leviora
919 4994 1060 5048 enim
1104 5010 1313 5065 peccata
1348 5001 1511 5056 latere
1548 5015 1807 5071 possunt;

215 5078 537 5150 gravissima
578 5088 756 5135 autem
802 5095 854 5137 et
898 5088 1124 5141 maxima
1155 5092 1399 5146 omnibus
1436 5106 1558 5149 sunt
1590 5108 1711 5150 uota
1756 5109 1808 5153 ct

216 5171 511 5238 Conspicua
540 5212 557 5238 ,
587 5174 684 5227 etsi
732 5189 887 5229 nemo
928 5190 1138 5233 accuset
1164 5182 1243 5235 vel
1283 5196 1482 5253 arguat.
1512 5186 1625 5254 Ipsa
1666 5191 1805 5242 enim

222 5274 346 5314 sese
376 5263 691 5317 aununtiaut
733 5276 785 5319 et
828 5266 1119 5324 declarant.
1154 5270 1354 5327 Volens
1382 5290 1508 5344 ergo
1551 5280 1803 5347 propheta

222 5351 647 5419 magnitudinem
692 5356 948 5411 malorum
979 5362 1261 5416 ostendere
1285 5404 1298 5427 ,
1324 5364 1452 5420 dixit
1478 5407 1492 5431 ,
1526 5368 1807 5423 Annuntia-

224 5452 343 5495 runt
367 5452 414 5498 et
440 5445 779 5513 declararunt,
812 5450 861 5503 id
886 5459 999 5517 est,
1029 5454 1159 5508 Cum
1190 5456 1439 5525 audacia,
1473 5474 1591 5514 cum
1622 5477 1807 5531 super-

297 5596 426 5668 t__lla
450 5600 1186 5668 voces,_neque_a_fundamentis
1213 5606 1377 5658 urbem
1410 5606 1597 5660 diruit.
1624 5615 1798 5663 desunt

230 5659 282 5705 tu
310 5658 428 5721 lteg.
457 5666 509 5707 et
536 5658 819 5719 Savi|.,‘sed
847 5658 1089 5713 habentur
1116 5666 1161 5714 in
1194 5668 1363 5717 Morel.
1392 5679 1441 5718 et
1477 5658 1640 5721 llavar.

299 5720 367 5775 tu)
400 5720 448 5792 tu
476 5721 703 5792 ttalactua
727 5724 904 5783 πνείων
926 5740 938 5791 ⁸;
965 5730 1007 5792 of.
1036 5730 1364 5792 nummatis;
1388 5734 1466 5780 κάν
1492 5737 1607 5780 (ιω
1704 5740 1792 5792 tua.

231 5780 382 5838 λύγοις
403 5782 550 5841 ὑμῶν,
576 5781 658 5845 qui
680 5780 1016 5845 profomt‘iatia
1048 5780 1189 5839 Deum
1220 5791 1263 5839 in
1290 5780 1577 5844 sermonibus
1606 5780 1773 5848 vestris

1960 503 2042 557 hia
2090 519 2274 574 magna
2302 548 2315 573 ,
2349 508 2484 562 mala
2516 512 2892 581 perpetrabant
2937 515 3050 571 sine
3079 514 3187 571 ullo
3219 515 3421 585 pudore
3465 520 3545 571 vel

1958 595 2169 660 rubore;
2202 598 2294 651 sed
2327 598 2393 654 de
2424 600 2680 656 industria
2712 604 2998 675 nequitiam
3030 607 3409 675 operabantur.

2026 684 2252 757 lmproln'
2280 691 2452 744 uirtuti
2469 702 2585 746 sunt
2609 694 2812 763 infensi,
2842 699 3095 766 ipsiusque
3120 700 3196 755 vel
3224 700 3544 769 pra’seutiam

1955 793 2085 849 egre
2116 784 2317 851 ferunt;
2339 785 2556 851 nequitia
2584 786 2638 839 in
2652 788 2816 856 seipsa
2850 790 3156 859 supplicium
3178 791 3345 844 habet.
3365 822 3426 830 —
3456 790 3543 844 Va:

1955 872 2138 926 anima:
2165 889 2356 939 eorum,
2379 876 2496 944 quia
2524 877 2742 932 inierunt
2775 881 3040 934 consilium
3068 883 3343 953 malignum
3370 892 3544 936 contra

1955 964 2262 1033 semetipsos,
2295 965 2513 1021 dicentes
2541 982 2561 1021 :
2588 969 2673 1023 10.
2700 970 2977 1039 Alligemus
2993 973 3194 1042 justum
3221 973 3339 1042 quia
3358 974 3540 1027 noxius

1954 1064 2025 1108 est
2056 1056 2212 1110 nobis.
2236 1056 2906 1131 Exsuperautianequitizn,
2929 1077 3047 1117 cum
3077 1080 3181 1117 non
3212 1063 3386 1119 solum
3410 1078 3538 1133 pec-

1952 1158 2076 1202 cant
2097 1189 2112 1213 ,
2148 1163 2319 1219 neque
2344 1151 2516 1206 solum
2556 1166 2675 1207 cum
2716 1153 2933 1209 audacia
2963 1167 3183 1225 peccant
3209 1197 3221 1219 .
3253 1157 3349 1213 sed
3377 1158 3536 1212 etiam

1951 1253 2045 1294 eos
2070 1240 2158 1307 qui
2182 1240 2304 1295 talia
2326 1242 2610 1298 emendare
2640 1255 2878 1313 possunt,
2897 1245 3165 1314 rejiciunt.
3191 1247 3538 1314 Quemadmo-

1950 1329 2075 1383 dum
2104 1330 2245 1385 enim
2274 1330 2573 1402 phrenitide
2602 1337 2829 1406 correpti
2856 1351 3000 1407 saepe
3040 1338 3302 1394 medicum
3342 1339 3535 1395 verbe-

1951 1431 2154 1487 rarunt,
2185 1424 2263 1478 sic
2291 1433 2345 1478 et
2376 1424 2429 1479 hi
2459 1426 2763 1481 incurabilis
2792 1429 2960 1483 morbi
2992 1430 3282 1485 maximum
3316 1429 3419 1486 hoc
3445 1444 3534 1484 ar-

1948 1524 2257 1584 gumentum
2299 1518 2617 1573 exhibebant
2642 1560 2657 1582 .
2689 1520 2828 1589 quod
2870 1521 3041 1589 iustos
3081 1524 3357 1592 ejicerent.
3391 1523 3534 1578 Talis

1950 1604 2144 1673 quippe
2165 1606 2331 1661 virtus
2356 1616 2438 1662 est
2461 1626 2476 1663 :
2498 1608 2579 1662 vel
2607 1609 2777 1663 solum
2799 1624 2856 1664 se
2878 1621 3203 1676 monstrans,
3227 1613 3279 1667 in
3303 1613 3532 1683 nequitia

1950 1695 2213 1751 viventem
2243 1696 2427 1752 dolore
2455 1696 2643 1752 allicit.
2670 1698 2813 1753 Talis
2843 1709 2923 1754 est
2955 1701 3188 1770 nequitia
3212 1718 3225 1753 :
3250 1716 3318 1757 ne
3346 1717 3531 1772 repre-

1950 1785 2111 1841 hensa
2159 1787 2371 1857 quidem
2419 1804 2597 1859 saepe,
2624 1789 2708 1844 vel
2750 1793 3086 1860 prtesentiam
3111 1808 3296 1848 eorum
3340 1794 3429 1863 qui
3479 1795 3530 1848 in

1947 1878 2195 1947 tequitate
2240 1878 2422 1933 vivunt
2463 1880 2685 1935 moleste
2725 1880 2846 1935 fert.
2877 1882 3077 1952 Duplex
3104 1891 3282 1939 autem
3322 1883 3409 1939 hic
3450 1897 3532 1940 est

1946 1976 2233 2035 accusatio,
2255 1980 2311 2026 et
2334 1972 2476 2042 quod
2499 1972 2701 2041 justum
2726 1975 2963 2044 alligent,
2992 1984 3045 2030 et
3066 1976 3206 2044 quod
3234 1992 3353 2031 eum
3381 1977 3529 2046 quasi

1947 2064 2159 2117 noxium
2190 2062 2425 2132 alligent.
2457 2063 2681 2131 Quando
2722 2064 2880 2133 igitur
2907 2065 3024 2135 quis
3064 2066 3206 2120 utilia
3235 2082 3340 2121 non
3372 2068 3530 2121 modo

1947 2171 2052 2209 non
2090 2154 2360 2222 admittit,
2390 2156 2482 2211 sed
2515 2157 2670 2211 noxia
2695 2157 2793 2211 sibi
2830 2166 3010 2227 putat,
3041 2173 3283 2227 quaenam
3312 2160 3526 2214 demum

1944 2248 2257 2317 relinquitur
2303 2248 2687 2304 emendationis
2722 2250 2976 2304 occasio?
3006 2250 3361 2317 Quamobrem
3408 2267 3530 2321 pro-

1946 2342 2104 2408 pheta
2134 2340 2319 2394 videns
2344 2355 2437 2395 eos
2467 2341 2533 2395 ad
2562 2350 2798 2396 extrema
2827 2343 3136 2410 prorupisse
3162 2383 3175 2406 ,
3209 2356 3235 2394 a
3269 2342 3527 2396 lamenta-

1944 2428 2087 2483 tione
2122 2430 2312 2482 iterum
2342 2429 2559 2498 incipit,
2588 2446 2690 2485 non
2723 2432 2788 2485 ab
2817 2433 3153 2485 accusatione
3193 2442 3246 2485 et
3288 2433 3528 2502 increpa—

1945 2520 2086 2573 tione
2110 2561 2124 2584 ,
2154 2519 2337 2574 dicens
2365 2538 2376 2574 :
2414 2520 2498 2576 Vw
2522 2522 2705 2576 anima:
2730 2540 2900 2576 eorum
2924 2538 2942 2584 ;
2971 2524 3109 2592 quod
3137 2525 3375 2593 sequitur
3404 2543 3523 2578 tzum

1943 2611 2107 2665 multa
2139 2612 2412 2680 prudentia
2441 2613 2651 2667 additur
2670 2654 2684 2677 ,
2721 2614 2851 2681 Quia
2874 2616 3089 2669 inierunt
3117 2618 3380 2669 consilium
3418 2634 3523 2668 ma-

1942 2704 2133 2774 lignum
2176 2714 2353 2757 contra
2398 2707 2710 2775 semetipsos.
2742 2707 2900 2774 Atqui
2940 2722 3001 2761 ea
3034 2722 3150 2777 quae
3195 2707 3327 2761 facta
3360 2718 3481 2761 sunt
3506 2749 3521 2773 ,

1941 2793 2186 2849 videntur
2211 2804 2394 2849 contra
2420 2795 2621 2863 justum
2647 2807 2888 2865 suscepta
2917 2812 3036 2851 esse
3060 2814 3072 2850 :
3097 2796 3190 2853 sed
3223 2799 3265 2853 si
3298 2800 3414 2868 quis
3436 2814 3523 2852 ae—

1940 2896 2121 2941 curate
2149 2887 2520 2955 exploraverit,
2542 2903 2647 2941 non
2671 2897 2852 2943 contra
2881 2890 3189 2956 patientem,
3215 2890 3307 2943 sed
3338 2899 3517 2943 eontra

1939 2992 2032 3032 eos
2083 2977 2171 3045 qui
2221 2978 2271 3031 id
2313 2979 2754 3049 aggrediebantur
2798 2981 3075 3034 consilium
3126 2984 3368 3034 vertitur.
3427 2981 3521 3033 "lC

1938 3066 2190 3121 discimus
2213 3069 2382 3122 virum
2413 3069 2656 3138 probum,
2685 3070 2782 3123 etsi
2812 3080 3058 3123 sexcenta
3087 3072 3222 3123 mala
3254 3073 3478 3140 patiatur
3504 3114 3517 3136 ,

1939 3159 1989 3212 in
2019 3159 2162 3213 nullo
2188 3160 2254 3213 ab
2282 3159 2342 3213 iis
2369 3161 2455 3229 qui
2482 3176 2541 3216 se
2570 3161 2878 3215 adoriuntur
2907 3162 3202 3215 laedendum
3232 3177 3351 3217 esse
3375 3180 3389 3227 ;
3424 3164 3518 3217 sed

1937 3264 2030 3303 eos
2060 3251 2145 3318 qui
2178 3250 2274 3318 ipsi
2303 3250 2617 3306 insidiantur
2645 3254 2818 3322 potius
2851 3254 2899 3306 in
2928 3254 3131 3317 seipsos
3159 3253 3389 3323 gladium
3420 3255 3517 3308 im-

1938 3342 2182 3410 pulsuros
2207 3355 2359 3404 sese;
2387 3349 2444 3395 ut
2483 3352 2536 3397 ct
2574 3341 2627 3395 hi
2672 3342 2950 3397 faciebant.
2978 3343 3184 3397 iustum
3214 3344 3356 3398 enim
3387 3344 3519 3398 nihil

1936 3434 2215 3497 lindebant,
2236 3450 2353 3489 cum
2371 3435 2771 3505 alligarent,st
2789 3437 2991 3504 seipsos
3013 3436 3062 3489 in
3088 3437 3272 3506 majori
3294 3438 3519 3507 caligine

1934 3534 1988 3579 et
2012 3526 2295 3580 Solitudine
2320 3527 2727 3587 constituebant.
2744 3528 2867 3581 dum
2898 3528 3163 3582 lucernam
3183 3530 3249 3582 ab
3266 3544 3323 3584 se
3345 3545 3518 3583 remo-

1934 3626 2137 3670 verent.
2186 3615 2211 3667 1
2218 3618 2350 3685 gitur
2379 3620 2572 3686 fructus
2600 3633 2806 3686 0pcrum
2833 3635 3038 3673 suorum
3064 3621 3340 3674 comedent.
3372 3620 3516 3674 Talis

1931 3705 2125 3774 quippe
2145 3716 2226 3759 cst
2247 3707 2474 3775 nequitia
2501 3725 2512 3760 :
2540 3710 2590 3761 in
2616 3708 2787 3776 seipsa
2817 3710 3129 3777 supplicium
3156 3709 3333 3764 habet.
3364 3710 3514 3775 Quod

1930 3806 2107 3851 autem
2135 3795 2221 3851 hic
2238 3796 2384 3862 dicit,
2409 3796 2510 3851 hoc
2530 3798 2627 3852 sibi
2652 3799 2789 3852 vult:
2810 3798 3085 3853 Fructibus
3107 3801 3215 3854 suis
3238 3801 3511 3854 donabun-

1932 3894 2037 3951 tur,
2059 3886 2108 3939 iu
2130 3887 2313 3955 majori
2335 3901 2392 3941 se
2405 3886 2686 3941 solitudine
2702 3889 3108 3955 constituentes,
3128 3890 3393 3959 multaque
3413 3891 3509 3945 sibi

1933 3980 2219 4047 prmcipitia
2248 3979 2585 4034 adornantes.
2618 3982 2702 4034 tl.
2740 3980 2823 4035 Va:
2851 3983 3019 4049 iniquo
3046 3983 3220 4037 :mala
3241 3985 3370 4037 enim
3392 4001 3509 4038 cou-

1931 4070 2117 4139 tiugcnt
2136 4070 2181 4123 ei
2206 4071 2482 4123 secundum
2507 4088 2659 4138 opera
2688 4089 2924 4125 manuum
2955 4074 3080 4142 ejus.
3109 4074 3291 4129 Vidcn‘
3310 4092 3337 4128 a
3360 4078 3509 4129 nobis

1929 4174 2139 4228 semper
2169 4176 2471 4215 mensuram
2509 4172 2559 4216 et
2588 4164 2735 4217 initia
2764 4166 3005 4235 supplicii
3036 4167 3206 4221 oriri?
3233 4168 3356 4223 Ideo
3388 4186 3509 4238 pro-

1930 4249 2083 4317 pheta
2111 4268 2319 4306 rursum
2344 4254 2503 4323 luget,
2526 4255 2842 4311 lamentatur
2861 4272 3085 4329 seseque
3110 4271 3358 4327 macerat,
3386 4264 3505 4329 quia

1926 4340 2091 4396 Judaei
2137 4344 2480 4415 sibimetipsis
2520 4348 2903 4403 insidiabantur
2926 4388 2942 4415 ,
2969 4359 3022 4403 et
3059 4352 3292 4406 atrocius
3344 4369 3502 4422 quam

1924 4434 2144 4502 quilibet
2174 4433 2340 4489 hostis
2366 4437 2585 4490 salutem
2613 4454 2760 4492 suam
2794 4439 3222 4508 pessumdabant,
3246 4458 3351 4512 quo
3380 4445 3503 4514 quid

1925 4524 2277 4578 miserabilius
2326 4524 2516 4579 luerit?
2550 4526 2635 4581 12.
2666 4527 2863 4595 Papule
2912 4530 2979 4584 mi
3006 4570 3021 4595 ,
3053 4541 3310 4587 exactores
3356 4537 3503 4589 vestri

1924 4616 2173 4668 demetunt
2203 4632 2306 4669 vos.
2340 4617 2533 4685 Optimi
2570 4618 2806 4673 doctoris
2842 4629 2955 4686 est,
2987 4625 3249 4679 sermonis
3282 4629 3504 4682 varieta~

1924 4716 2026 4760 tem
2068 4708 2258 4762 afferre
2280 4749 2294 4771 ,
2329 4725 2499 4778 neque
2539 4725 2857 4783 exasperare
2885 4724 3120 4783 tantum,
3150 4734 3320 4788 neque
3342 4721 3505 4775 etiam

1922 4816 2131 4867 semper
2174 4814 2505 4857 mansuetum
2554 4805 2809 4874 reddere;
2838 4808 2929 4863 sed
2982 4825 3119 4865 nunc
3164 4811 3288 4866 illud
3316 4852 3329 4874 ,
3363 4830 3511 4869 nunc

1919 4890 2058 4942 aliud
2110 4901 2336 4946 tractare
2378 4894 2621 4962 loquendi
2664 4911 2865 4965 genus,
2900 4909 2955 4953 ut
2990 4916 3055 4953 ex
3102 4899 3200 4955 hac
3245 4902 3504 4959 mixtione

1920 4981 2078 5034 multa
2110 4996 2355 5051 exsurgat
2398 4987 2616 5039 utilitas.
2650 4988 2848 5042 Idcirco
2895 4992 3147 5058 propheta
3196 5008 3300 5048 non
3340 4998 3504 5054 modo

1918 5071 2138 5134 incusat,
2171 5074 2262 5127 sed
2290 5076 2444 5127 etiam
2478 5079 2637 5145 luget,
2663 5081 2800 5145 quod
2822 5083 3032 5149 gravius
3060 5092 3140 5137 est
3171 5084 3281 5152 ipsa
3313 5089 3490 5141 crimi~

1918 5162 2147 5221 natiooe,
2176 5164 2267 5215 sed
2300 5165 2557 5218 minorem
2589 5170 2723 5235 parit
2753 5169 2989 5222 dolorem
3019 5188 3029 5222 :
3054 5174 3301 5244 quodque
3334 5179 3493 5229 mira-=

1916 5250 2019 5305 bile
2046 5263 2125 5307 est
2151 5295 2163 5316 ,
2193 5256 2243 5307 in
2284 5256 2523 5324 graviore
2568 5261 2822 5316 incisione
2860 5264 3182 5321 moderatior
3212 5281 3293 5323 est
3317 5271 3486 5325 dolor.

1913 5342 2093 5413 Neque
2124 5347 2290 5399 solum
2325 5348 2480 5415 luget,
2504 5351 2593 5403 sed
2618 5353 2773 5404 etiam
2802 5366 2969 5419 sanat,
2995 5358 3261 5429 aliumque
3284 5377 3485 5415 rursum

1914 5435 2207 5489 mirabilem
2258 5437 2509 5493 doctrinae
2557 5439 2746 5510 ingerit
2790 5445 3025 5500 modum.
3066 5448 3193 5515 Quis
3237 5451 3323 5503 ille
3369 5452 3492 5505 est?

1912 5524 2059 5590 Quod
2092 5542 2194 5581 non
2224 5528 2379 5583 simul
2408 5544 2591 5585 omnes
2620 5534 2871 5603 increpet,
2902 5540 2992 5593 sed
3024 5542 3269 5608 pepulum
3293 5556 3319 5595 a
3348 5545 3491 5612 prin~

1912 5617 2115 5684 cipibus
2141 5618 2368 5684 dividat,
2402 5631 2451 5675 et
2484 5622 2531 5675 in
2579 5624 2787 5679 illorum
2822 5640 2977 5697 caput
3008 5632 3225 5685 crimina
3264 5650 3488 5691 convcr-

1911 5718 2001 5763 tat.
2035 5709 2258 5763 Tantum
2288 5713 2427 5766 enim
2453 5727 2531 5769 cst
2564 5718 2612 5769 in
2644 5718 2739 5771 hac
2770 5722 3019 5789 arguendi
3054 5726 3229 5785 Specie
3260 5728 3484 5794 luctuui,

1917 5810 1975 5851 ut
2003 5798 2050 5851 id
2085 5798 2289 5867 Moyses
2330 5809 2555 5866 maxime
2579 5812 2927 5890 frequentant
2975 5816 3019 5873 ls
3046 5818 3185 5871 enim
3212 5837 3337 5875 cum
3360 5836 3449 5876 om
