4058 6216
544 377 615 430 47

535 487 629 528 nes
654 480 832 528 essent
852 469 1161 525 criminibus
1186 472 1418 537 obnoxii,
1442 473 1506 528 ad
1533 475 1796 545 principes
1819 490 2118 532 sermonem

533 564 690 618 vertit
714 582 727 616 :
755 563 867 632 ipSc
898 577 1023 616 vero
1055 561 1263 632 Moyses
1291 577 1410 616 cum
1440 564 1564 617 vidit
1598 566 1849 634 populum
1886 569 2122 620 maxime

533 653 986 721 li-zcvaricationis
1027 652 1190 706 fuisse
1216 663 1485 708 auctorem
1511 695 1526 720 ,
1557 656 1823 710 Aaronem
1853 670 1980 709 vero
2017 671 2119 710 non

527 756 676 800 tanta
722 746 1084 814 increpatione
1111 746 1327 816 dignum
1355 761 1474 800 esse
1498 788 1513 812 ,
1542 746 1774 801 dimissis
1820 749 1882 801 iis
1912 749 1998 818 qui
2029 749 2119 803 ad-

532 836 746 890 modum
786 835 866 889 rci
894 844 1066 901 erant,
1097 835 1162 889 ad
1193 837 1370 890 minus
1400 851 1548 890 reum
1581 839 1972 892 accusationem
2003 855 2120 892 ver-

531 930 625 995 tit,
653 945 746 998 per
769 929 990 982 crimina
1023 927 1118 997 ipsi
1149 927 1355 996 objecta
1385 929 1724 984 conscientia:
1764 930 1998 1000 ipsorum
2030 947 2119 986 re-

527 1020 774 1089 linquens
798 1059 818 1085 ,
844 1029 898 1073 ut
935 1033 994 1072 se
1022 1019 1224 1087 majore
1252 1019 1514 1088 supplicio
1553 1020 1743 1090 dignos
1776 1021 2077 1090 judicarent
2101 1042 2114 1076 ε

525 1111 666 1182 quod
693 1113 848 1167 etiam
876 1112 1069 1165 evenit.
1101 1109 1280 1179 Neque
1309 1112 1450 1166 enim
1472 1126 1604 1182 opus
1627 1112 1942 1168 habuitaliis
1965 1113 2122 1169 dein-

525 1217 651 1271 ceps
687 1203 1022 1257 sermonibus
1063 1203 1316 1271 populum
1350 1202 1578 1272 alloqui;
1606 1203 1699 1257 sed
1730 1203 1859 1258 satis
1901 1203 2118 1259 fuerunt

524 1310 692 1365 pauca
742 1295 833 1348 illa
875 1295 1034 1348 verba
1081 1294 1275 1348 Aaroni
1320 1295 1496 1359 dicta,
1527 1303 1584 1348 ut
1633 1303 1710 1350 tot
1737 1296 1931 1363 millia,
1964 1297 2114 1365 quasi

524 1402 686 1443 unum
729 1387 996 1440 hominem
1044 1386 1498 1454 comprimerent;
1532 1395 1586 1440 ct
1623 1401 1652 1440 a
1701 1386 1788 1440 tali
1838 1384 2115 1442 ferocitate

520 1481 848 1551 audaciaque
879 1483 931 1537 in
955 1493 1249 1538 extremum
1282 1484 1527 1539 timorem
1559 1499 1918 1554 angorcmque
1947 1482 2114 1538 dedu-

524 1583 726 1629 cerent.
755 1575 904 1640 Quod
928 1591 1046 1629 cum
1077 1576 1394 1645 praivideret
1416 1575 1644 1646 Moyses,
1677 1577 1857 1629 statim
1888 1575 2114 1630 descen-

526 1669 656 1722 (l-ns
679 1667 882 1721 tabulas
909 1668 1157 1738 projecit,
1185 1678 1238 1721 et
1273 1668 1471 1722 Aaroni
1497 1668 1665 1723 dixit:
1695 1667 1831 1733 Quid
1861 1667 1978 1736 fecit
2025 1667 2114 1720 tibi

510 1731 739 1825 impulus
767 1760 849 1811 hic
877 1731 1039 1827 [quia
1069 1731 1229 1830 fecisti
1258 1775 1369 1812 eum
1397 1759 1641 1828 gaudium
1667 1731 1885 1812 inimicis
1915 1757 2110 1829 (Exod.

525 1850 610 1903 52.
642 1849 770 1922 21)?

593 1941 646 1995 6.
679 1941 788 1995 lloc
813 1951 867 1996 et
893 1941 976 1996 hic
1000 1941 1254 2011 propheta
1285 1941 1428 2006 facit,
1460 1949 1810 2012 sanctumque
1839 1941 1988 1996 illum
2016 1941 2114 1997 du-

525 2030 646 2099 plici
674 2032 831 2086 modo
857 2033 1109 2086 imitatur.
1141 2033 1256 2088 Non
1288 2034 1431 2088 enim
1472 2033 1646 2087 solum
1690 2041 1820 2088 tunc
1844 2033 2113 2088 accusavit

524 2124 751 2196 Moyses,
780 2125 886 2178 imo
907 2127 1066 2180 etiam
1089 2124 1317 2179 dolentis
1345 2139 1628 2194 personam
1654 2125 1978 2194 assumpsit,
2005 2125 2112 2180 sic-

523 2232 624 2284 que
651 2217 1038 2269 accus:itioncm
1069 2216 1313 2269 instituit.
1344 2215 1416 2269 Ita
1446 2224 1496 2270 et
1523 2216 1606 2270 hic
1629 2225 1913 2285 utrumque
1940 2215 2085 2269 imita

525 2316 607 2358 tus
637 2314 719 2358 est
745 2305 928 2360 dit-ens
959 2323 971 2356 :
1009 2304 1207 2373 Papule
1237 2306 1304 2357 mi
1329 2345 1345 2370 ,
1388 2315 1643 2358 exactores
1672 2305 1821 2357 uestri
1863 2306 2114 2358 demetunt

520 2412 626 2449 νος.
664 2394 794 2448 Nam
825 2406 877 2448 et
911 2396 1029 2449 illus
1059 2395 1361 2461 incusavit,
1389 2404 1443 2449 et
1466 2395 1614 2465 quasi
1643 2409 1763 2448 eum
1794 2395 1989 2464 pepulo
2012 2395 2110 2448 do-

523 2485 635 2540 lens
669 2485 783 2540 hinc
817 2486 969 2539 dixit.
1019 2486 1305 2540 Exactores
1329 2493 1509 2540 autem
1550 2485 1634 2539 hic
1663 2499 1855 2539 vocare
1885 2485 2110 2550 videtur,

521 2591 614 2631 eos
662 2577 749 2647 qui
795 2586 1086 2647 repetunt:
1119 2591 1219 2648 ego
1256 2591 1381 2631 vero
1423 2585 1550 2646 puto
1591 2575 1764 2646 ipsum
1793 2587 2032 2646 raptores
2061 2585 2115 2630 ct

521 2686 714 2726 avaros
740 2686 923 2726 eorum
950 2669 1324 2732 subindicare;
1372 2670 1454 2723 sin
1484 2669 1658 2722 minus
1690 2668 1811 2734 hoc,
1843 2678 1988 2722 certe
2016 2667 2113 2721 tri-

524 2767 773 2819 butorum
805 2765 1138 2820 collectores.
1179 2763 1276 2817 ilic
1313 2761 1430 2831 ejus
1459 2761 1579 2814 vide
1610 2760 1963 2830 prudentiam.
1996 2758 2111 2813 Non

526 2858 670 2913 enim
695 2873 808 2914 rem
834 2857 1116 2926 improbat,
1138 2856 1231 2911 sed
1260 2854 1657 2909 immoderatam
1686 2853 1970 2908 rationem.
1997 2851 2112 2907 Non

526 2949 721 3017 quippe
748 2947 916 3014 dixit,
942 2946 1198 3016 Exigunt,
1228 2944 1320 2999 sed
1342 2985 1358 3011 ,
1393 2943 1655 2997 Demetunt
1680 2961 1694 3006 ;
1742 2942 1794 2996 id
1824 2950 1925 3008 est,
1954 2941 2059 2996 Vos
2084 2957 2116 2996 a

530 3039 864 3094 facultatibus
896 3038 1190 3100 denudant,
1230 3031 1519 3091 exactiouis
1555 3033 1776 3087 obtentu
1817 3047 1918 3088 vos
1943 3029 2115 3085 omni-

530 3131 629 3184 bus
671 3130 919 3200 spoliant.
974 3127 1085 3182 lloe
1115 3135 1291 3180 autem
1329 3125 1548 3192 protulit
1583 3123 1800 3178 verbum
1832 3138 1897 3177 ex
1940 3131 2113 3178 meta-

531 3224 696 3293 phora
717 3219 1114 3276 demetentium.
1146 3218 1421 3273 Demetere
1444 3215 1585 3271 enim
1613 3214 1805 3268 dicitur
1831 3224 1949 3283 post
1976 3227 2116 3268 mes-

531 3331 647 3371 sem
676 3315 849 3384 lapsas
873 3328 903 3368 e
930 3312 1172 3366 manibus
1201 3310 1513 3364 metentium
1541 3307 1715 3376 spicas
1739 3307 2013 3375 colligere,
2061 3314 2114 3359 ct

533 3407 663 3462 nihil
693 3405 911 3462 omnino
941 3404 992 3457 in
1024 3416 1151 3456 arvo
1180 3401 1478 3469 relinquere
1507 3414 1522 3454 :
1551 3397 1690 3468 quod
1717 3397 1768 3451 hi
1803 3408 1926 3450 tunc
1946 3396 2108 3450 facie-

534 3501 679 3562 bant,
707 3498 983 3553 universas
1009 3493 1282 3549 facultates
1306 3491 1649 3561 abripientes,
1685 3504 1748 3543 ac
1775 3488 1944 3542 nudos
1971 3487 2115 3556 ipsos

535 3591 911 3659 relinquentes.
945 3586 1011 3641 Et
1036 3595 1290 3639 exactores
1319 3582 1642 3636 dominantur
1662 3580 1834 3633 vestri.
1859 3578 2118 3647 Quodque

536 3680 745 3750 gravius
773 3687 904 3743 erat,
953 3691 1125 3745 neque
1153 3675 1239 3728 hic
1275 3672 1510 3727 avaritia:
1550 3670 1760 3725 termini
1799 3679 1970 3750 erant,
2023 3668 2116 3722 sed

536 3734 872 3843 :yrannidem
891 3770 1025 3823 ultra
1053 3766 1470 3838 promovebant,
1499 3763 1737 3818 servituti
1776 3734 2117 3831 subjicieutes

537 3879 630 3922 eos
650 3863 737 3933 qui
768 3862 918 3917 liberi
948 3869 1115 3914 erant.
1151 3857 1347 3926 Papule
1376 3856 1477 3918 nti,
1505 3855 1590 3925 qui
1621 3870 1706 3906 vos
1730 3853 1904 3906 dicunt
1929 3853 2115 3914 beatos,

539 3955 788 4024 decipiunt
823 3967 926 4005 vos.
971 3950 1065 4003 llic
1095 3947 1222 4002 mihi
1250 3946 1454 4001 videtur
1483 3941 1972 4014 pseudoprophetas
1997 3940 2118 3995 sub-

540 4044 802 4105 indicare,
850 4041 932 4094 vel
959 4054 1051 4094 eos
1091 4038 1178 4106 qui
1218 4036 1285 4090 ad
1327 4036 1550 4106 gratiam
1582 4033 1710 4103 ipsis
1745 4031 2120 4102 loquebantur,

539 4133 676 4200 quod
691 4139 943 4187 extremae
963 4129 1280 4196 corruptela:
1306 4127 1498 4196 ubique
1516 4139 1672 4180 causa
1702 4133 1802 4179 cst.
1825 4122 2122 4177 Noeumen-

543 4241 650 4283 tum
679 4227 839 4298 igitur
876 4223 1000 4278 inde
1037 4222 1356 4291 proveiiicns
1393 4231 1450 4274 ut
1477 4219 1774 4273 declararet
1803 4214 2075 4282 subjunxit
2105 4230 2118 4265 :

544 4317 609 4372 Et
634 4317 864 4370 semitam
906 4313 1094 4383 pedum
1134 4321 1408 4364 vestrorum
1449 4306 1647 4358 turbant
1680 4320 1702 4356 :
1731 4304 1831 4356 hoc
1860 4312 1973 4366 est,
2005 4301 2119 4355 Non

541 4411 719 4463 sinunt
745 4413 888 4460 recte
916 4401 1184 4474 progredi,
1209 4400 1575 4455 subvertentes
1594 4436 1610 4462 ,
1640 4394 2009 4456 dissulvenlc~,
2040 4405 2123 4444 se-

541 4499 751 4570 gniores
777 4509 870 4550 vos
899 4493 1202 4548 reddentes.

611 4587 750 4641 Deus
763 4588 850 4657 jus
879 4586 1048 4638 dicens
1071 4582 1131 4635 ab
1160 4579 1298 4635 Isaia
1323 4577 1598 4632 inducitur.
1629 4574 1862 4645 Stupidis
1896 4571 2126 4625 accusari

543 4696 642 4733 non
664 4693 846 4749 grave,
879 4674 1027 4740 plecti
1057 4671 1289 4726 terribile.
1332 4669 1550 4723 Peccata
1581 4666 1860 4737 principum
1889 4673 1934 4716 et
1963 4663 2129 4715 senio-

543 4787 655 4823 rum
698 4769 895 4838 majora
934 4766 1245 4836 privatorum
1276 4762 1582 4831 peccatis.—
1612 4759 1697 4813 15.
1724 4757 1830 4810 Sed
1855 4772 1988 4808 nunc
2007 4771 2127 4807 con-

544 4861 776 4914 stituetur
803 4858 855 4911 in
874 4856 1128 4929 judicium
1151 4853 1396 4907 Dominus
1417 4892 1434 4912 ,
1460 4860 1506 4904 et
1527 4860 1702 4904 statuet
1725 4848 2129 4918 papulumsuum

545 4951 611 5003 ad
633 4949 884 5021 judicium
916 4963 934 5003 :
962 4948 1047 5002 id.
1074 4947 1180 5017 ipse
1207 4945 1452 4998 Dominus
1471 4943 1536 4995 ad
1564 4941 1812 5010 iudiciuin
1835 4939 1991 4992 ueniet
2017 4953 2129 4990 cum

545 5040 823 5096 senioribus
867 5039 1072 5109 populi,
1113 5048 1297 5091 etcum
1320 5033 1629 5105 principibus
1660 5032 1908 5102 ipsorum.
1943 5027 2132 5082 Adhuc

547 5135 598 5188 in
647 5131 834 5188 eadem
885 5140 1084 5200 perstat
1129 5129 1473 5185 correctionis
1514 5126 1728 5196 specie,
1771 5139 1800 5177 a
1827 5123 2022 5194 populo
2061 5121 2128 5174 ad

548 5224 788 5276 seniores
814 5231 867 5278 et
909 5220 975 5274 ad
1022 5220 1285 5289 principes
1332 5217 1747 5286 increpationcm
1795 5223 2029 5275 vertens,
2068 5223 2132 5262 ac

553 5328 854 5368 sermonem
886 5312 1112 5368 reddens
1142 5311 1549 5373 terribiliorem;
1599 5308 1778 5378 ipsum
1809 5319 1935 5361 vero
1963 5303 2136 5357 Deum

555 5406 752 5462 inducit
770 5405 859 5474 jus
876 5407 1141 5462 dicentem
1161 5415 1216 5460 et
1232 5405 1678 5459 condemuantcm
1707 5416 1726 5453 ι
1739 5414 1800 5452 ac
1817 5398 1882 5452 de
1898 5396 2133 5468 peccatis

551 5508 734 5554 contra
763 5497 1013 5566 populum
1035 5494 1352 5567 perpetratis
1378 5500 1713 5547 accusantem
1736 5502 1830 5543 eos
1850 5488 1939 5556 qui
1971 5501 2136 5554 popu-

553 5592 661 5647 lum
699 5591 962 5646 laedebant
984 5590 1024 5644 ¹.
1076 5589 1431 5655 Quamobrem
1471 5585 1722 5641 dicebat:
1755 5581 1823 5640 Et
1851 5597 1982 5635 nunc
2010 5596 2134 5633 cow-

621 5749 638 5782 ι
675 5756 761 5797 Pro
785 5749 954 5806 verbo,
977 5743 1234 5804 (tradebant,
1260 5739 1474 5806 Savi'.._in
1498 5746 1640 5806 textu
1661 5737 1823 5806 εαξη-ι,
1838 5734 2134 5806 omittebant.

559 5815 606 5863 in
632 5819 742 5862 uota
784 5800 952 5860 autem
981 5800 1232 5874 proﬁtetur
1252 5816 1309 5855 se
1333 5801 1497 5864 malle,
1518 5800 1863 5866 gubernabant.

1280 359 1335 414 S.
1377 356 1653 414 JOANNIS
1677 358 2153 421 CHRYSOSTOMI
2177 365 2491 423 ARCHIEP.
2541 372 3065 438 CONSTANTINOP.

3731 420 3806 474 48

2234 482 2464 537 stituetur
2491 485 2557 538 ad
2577 489 2828 557 judicium
2868 492 3135 550 Dominus.
3186 498 3314 567 Quia
3342 505 3482 559 enim
3511 520 3808 566 accusando

2231 588 2531 629 sermonem
2557 585 2884 651 consumpsit
2909 627 2921 649 ,
2965 588 3028 641 iis
3057 604 3182 643 vero
3216 592 3305 661 qui
3336 594 3514 651 animo
3542 609 3664 654 sunt
3689 611 3808 656 stu-

2231 666 2352 734 pido
2379 672 2610 724 accusari
2652 689 2756 727 non
2797 676 3080 733 admodum
3120 696 3279 750 grave
3319 695 3434 751 est,
3478 690 3648 757 puniri
3678 708 3804 748 vero

2229 760 2461 814 terribile
2486 804 2499 825 ,
2529 763 2632 828 ait,
2670 765 2776 819 Res
2801 782 2904 820 non
2936 770 2986 822 in
3024 776 3362 831 accusatione
3390 785 3595 833 tantum
3623 785 3804 836 consi-

2226 861 2362 918 stet,
2395 854 2488 907 sed
2531 856 2659 909 ultio
2688 869 2894 925 peccata
2929 873 3198 931 sequetur,
3232 866 3319 920 illo
3347 869 3434 937 qui
3461 869 3807 928 damnaturus

2225 953 2306 996 est
2333 960 2517 1012 pmnas
2548 948 2760 1003 deumm
2786 952 3059 1020 exigente,
3093 967 3146 1009 et
3185 958 3436 1014 adversus
3483 954 3803 1030 praivarica-

2227 1043 2368 1090 tores
2406 1037 2491 1107 jus
2533 1039 2762 1097 dicente.
2810 1044 2958 1110 Quod
2997 1059 3140 1101 certe
3181 1055 3668 1120 attemperationem
3709 1057 3803 1111 Dei

2223 1127 2442 1182 multam
2466 1133 2729 1199 ostendit,
2759 1136 2847 1204 qui
2879 1138 3003 1190 velit
3031 1139 3188 1193 etiam
3218 1156 3338 1196 eum
3371 1144 3431 1196 iis
3460 1146 3637 1201 subire
3661 1146 3804 1216 judi-

2222 1219 2360 1272 cium
2385 1261 2399 1284 ,
2433 1237 2494 1275 ac
2524 1238 2825 1278 sermonem
2865 1229 3023 1282 vertit
3047 1229 3111 1284 ad
3139 1233 3474 1288 excitandum
3520 1237 3803 1305 pudorem,

2223 1309 2274 1363 id
2314 1311 2454 1380 quod
2494 1323 2638 1368 certe
2686 1316 3031 1387 intelligentia
3063 1321 3312 1389 prmditos
3341 1324 3390 1376 in
3416 1339 3679 1380 summum
3703 1343 3798 1380 an—

2220 1414 2402 1468 gorem
2433 1404 2698 1472 conjicere
2729 1407 2880 1462 solet.
2939 1408 3120 1479 Neque
3149 1412 3321 1466 solum
3360 1414 3428 1468 ob
3458 1429 3572 1469 eam
3596 1457 3610 1482 ,
3642 1431 3802 1485 quam

2220 1503 2379 1561 supra
2404 1492 2530 1557 dixi,
2555 1511 2766 1550 causam
2787 1498 2851 1550 ad
2876 1498 3140 1568 principes
3165 1509 3218 1556 et
3241 1505 3477 1559 seniores
3496 1521 3801 1561 sermonem

2219 1589 2523 1642 convertit:
2556 1588 2648 1643 sed
2699 1600 2755 1642 ut
2781 1605 2967 1644 omnes
3001 1591 3219 1657 doceat,
3270 1595 3538 1663 graviores
3581 1597 3803 1650 daturos

2219 1690 2338 1729 esse
2366 1691 2549 1745 poenas
2577 1679 2839 1749 principes
2857 1721 2873 1746 ,
2902 1697 3059 1751 quam
3092 1684 3348 1739 subditos.
3381 1685 3629 1740 Subditus
3655 1687 3797 1741 enim

2220 1779 2320 1834 pro
2346 1781 2404 1822 se
2440 1777 2638 1822 tantum
2663 1811 2677 1835 ,
2721 1772 2965 1841 princeps
3004 1788 3128 1828 vero
3168 1789 3262 1843 pro
3291 1776 3466 1846 seipso
3495 1786 3548 1831 et
3575 1794 3670 1848 pro
3700 1793 3801 1848 po-

2197 1859 2364 1928 .pulo,
2396 1861 2445 1914 in
2474 1876 2629 1930 quem
2662 1863 2757 1931 ipsi
2784 1865 3061 1934 imperium
3091 1868 3337 1921 traditum
3369 1881 3482 1935 est,
3513 1869 3601 1923 dat
3631 1872 3800 1924 ratio-

2219 1966 2340 2005 nem
2380 1969 2394 2005 :
2432 1962 2485 2007 et
2526 1967 2554 2006 a
2600 1955 2897 2009 senioribus
2942 1971 3151 2026 quoque
3194 1972 3297 2011 non
3345 1959 3607 2014 immerito
3656 1968 3798 2012 tanta

2221 2042 2506 2111 requiritur
2533 2044 2820 2114 diligentia.
2877 2046 3028 2111 Quod
3071 2049 3210 2101 enim
3244 2048 3347 2104 illis
3374 2058 3457 2103 est
3495 2050 3798 2118 imperium,

2218 2132 2444 2201 idipsum
2473 2133 2586 2187 istis
2611 2144 2758 2188 tetas.
2796 2136 2991 2205 Dignus
3015 2137 3156 2190 enim
3188 2146 3269 2192 est
3297 2140 3452 2193 etiam
3471 2139 3650 2209 junior
3675 2154 3799 2193 eor-

2217 2224 2457 2294 reptione
2485 2225 2527 2278 si
2554 2225 2785 2293 graviter
2820 2235 3034 2294 peccet;
3085 2228 3178 2282 sed
3225 2228 3316 2283 ille
3349 2230 3438 2298 qui
3471 2246 3566 2298 per
3586 2239 3802 2284 aetatem

2219 2314 2604 2369 immunitatem
2628 2325 2709 2370 est
2733 2316 2986 2387 adeptus,
3016 2332 3186 2386 neque
3219 2327 3293 2372 tot
3318 2318 3598 2372 affectuum
3623 2318 3800 2372 ﬂucti-

2220 2406 2317 2457 bus
2343 2405 2633 2467 obsidetur,
2662 2407 2746 2459 cui
2778 2415 3068 2475 temperate
3089 2407 3267 2462 vivere
3291 2407 3493 2463 facilius
3521 2418 3620 2470 est,
3655 2417 3710 2462 ct
3732 2407 3802 2462 ab

2219 2495 2333 2549 aliis
2374 2495 2716 2550 smcularibus
2765 2496 2924 2550 rebus
2966 2497 3108 2551 nullo
3149 2497 3362 2567 negotio
3409 2498 3675 2552 abstinere
3705 2512 3801 2566 po-

2220 2597 2341 2653 test,
2371 2595 2424 2642 et
2467 2603 2644 2641 rerum
2683 2588 3004 2656 experientia
3035 2588 3289 2657 majorem
3321 2588 3545 2656 adeptus
3568 2587 3802 2655 pruden-

2221 2684 2343 2736 tiam
2366 2700 2378 2748 ;
2403 2682 2522 2750 jure
2547 2685 2744 2750 majore
2769 2697 2924 2752 quam
2943 2681 3027 2734 alii
3051 2695 3235 2736 omnes
3251 2678 3588 2735 damnatione
3607 2679 3804 2748 dignus

2219 2782 2319 2836 est,
2349 2780 2532 2841 utpote
2559 2773 2647 2840 qui
2687 2772 2949 2840 juvenum
2978 2770 3243 2825 lasciviam
3272 2772 3324 2824 in
3352 2778 3597 2838 provecta
3640 2779 3799 2823 actate

2219 2863 2537 2918 exhibuerit.
2577 2861 2674 2916 Vos
2701 2872 2868 2915 autem
2894 2877 2983 2914 cur
3020 2862 3308 2914 incendistis
3329 2861 3518 2913 vineam
3541 2875 3718 2922 meum,
3751 2867 3799 2911 et

2217 2955 2400 3022 rapina
2439 2954 2675 3023 pauperis
2715 2963 2786 3006 est
2829 2952 2882 3004 in
2921 2952 3149 3004 domibus
3192 2949 3407 3004 vestris?
3456 2949 3660 3018 Ubique
3688 2948 3799 3002 Deo

2220 3061 2406 3115 magna
2433 3044 2756 3113 providentia
2780 3054 2861 3097 est
2884 3058 3005 3112 erga
3028 3057 3121 3096 eos
3144 3041 3230 3111 qui
3256 3041 3440 3110 injuria
3463 3040 3797 3094 afﬁciuntur:

2219 3151 2281 3191 ac
2307 3151 2410 3190 non
2438 3136 2611 3190 minus
2631 3176 2645 3199 ,
2676 3135 2782 3188 imo
2808 3133 3090 3204 aliquando
3131 3132 3248 3202 plus
3273 3130 3568 3201 indignatur
3589 3130 3655 3184 de
3676 3145 3803 3200 pec-

2219 3231 2351 3286 eatis
2391 3244 2513 3300 erga
2560 3241 2845 3282 conservos
2869 3267 2884 3290 ,
2930 3240 3090 3295 quam
3130 3223 3196 3278 de
3239 3223 3467 3305 peccatis
3498 3223 3550 3276 in
3599 3222 3797 3289 ipsum.

2223 3320 2428 3374 Etenim
2459 3317 2694 3388 permisit
2716 3327 2769 3370 ut
2797 3317 2839 3370 is
2861 3316 2948 3384 qui
2968 3313 3300 3368 fornicariam
3321 3313 3535 3366 haberet
3554 3326 3797 3374 uxorem,

2222 3410 2363 3463 illam
2395 3408 2684 3476 expelleret
2705 3406 2916 3476 (Matth.
2938 3407 2990 3460 5.
3015 3405 3124 3473 5'2),
3157 3403 3400 3473 gentilcm
3418 3417 3544 3456 vero
3570 3415 3804 3454 uxorem

2221 3516 2410 3561 secus;
2450 3501 2571 3555 licet
2604 3500 2704 3552 hoc
2731 3505 3004 3566 peccatum
3036 3506 3217 3549 contra
3248 3494 3415 3562 ipsum
3447 3500 3625 3556 esset,
3655 3490 3800 3543 aliud

2223 3595 2296 3662 (Vl.
2327 3593 2442 3647 Cor.
2474 3593 2524 3646 7.
2558 3591 2646 3659 l2)
2675 3605 2801 3644 vero
2824 3599 3005 3642 contra
3039 3586 3324 3640 hominem.
3369 3583 3434 3637 Et
3463 3583 3634 3636 hostia
3662 3597 3804 3649 pra:-

2223 3695 2393 3751 sente,
2420 3684 2575 3752 jussit
2600 3682 2894 3749 relinquere
2925 3692 3134 3741 munus,
3166 3691 3262 3729 nec
3289 3683 3410 3727 ante
3434 3671 3561 3725 illud
3581 3671 3800 3736 offerre,

2224 3790 2528 3846 quamcum
2576 3773 2735 3826 fratre
2785 3768 3213 3824 reconciliaretur
3252 3766 3330 3828 is,
3380 3764 3469 3834 qui
3497 3762 3804 3831 proximum

2224 3870 2515 3925 offenderat
2546 3865 2751 3932 (Matth.
2784 3865 2837 3919 5.
2865 3862 2953 3916 23.
2981 3861 3095 3931 24).
3146 3859 3351 3912 Etcum
3375 3855 3442 3911 de
3483 3856 3575 3909 illo
3597 3852 3804 3923 judica-

2224 3963 2298 4015 vit
2325 3959 2417 4029 qui
2441 3958 2618 4012 decies
2644 3955 2789 4008 mille
2817 3954 3006 4007 talenta
3035 3950 3408 4012 devoraverat,
3427 3959 3550 3999 cum
3579 3944 3645 3998 de
3675 3958 3803 4011 pec-

2225 4054 2356 4106 catis
2382 4057 2564 4103 contra
2593 4061 2649 4099 se
2678 4042 2972 4098 commissis
3007 4040 3151 4092 illum
3181 4044 3472 4100 accusaret,
3505 4050 3607 4087 non
3628 4033 3803 4100 ipsum

2227 4155 2452 4210 nequam
2489 4135 2800 4207 appellavit,
2848 4131 2940 4185 sed
2981 4131 3084 4183 cito
3126 4142 3241 4181 cum
3290 4126 3379 4178 illo
3427 4123 3802 4178 reconciliatus

2226 4246 2327 4301 est,
2360 4244 2632 4300 totumque
2657 4227 2892 4282 debitum
2927 4222 3126 4277 dimisit
3154 4220 3232 4284 ei;
3267 4225 3321 4270 at
3348 4231 3466 4271 cum
3497 4215 3563 4269 de
3584 4224 3802 4269 centum

2226 4325 2458 4382 denariis
2487 4329 2750 4390 ageretur,
2779 4326 2832 4370 et
2852 4329 3059 4368 servum
3090 4326 3308 4379 nequam
3337 4315 3510 4368 vocat,
3546 4312 3599 4359 ct
3630 4313 3798 4359 torto-

2228 4420 2375 4473 ribus
2397 4413 2582 4468 tradit:
2602 4424 2696 4462 nec
2725 4409 2865 4476 prius
2885 4419 3003 4459 eum
3027 4417 3083 4456 se
3104 4400 3440 4455 dimiSsurum
3465 4396 3619 4462 dixit,
3645 4408 3804 4463 quam

2231 4517 2397 4562 totum
2421 4502 2666 4558 redderet
2690 4498 2929 4551 debitum
2957 4491 3158 4562 (Matth.
3194 4490 3307 4556 25).

2302 4598 2354 4650 Ἰ.
2390 4593 2506 4663 Ipse
2535 4601 2742 4658 quoque
2769 4583 3011 4637 Christus
3051 4594 3168 4632 cum
3208 4574 3445 4644 colaphis
3486 4573 3809 4636 caideretur,

2233 4687 2362 4745 nihil
2389 4697 2544 4739 servo
2570 4675 2881 4750 percutienti
2905 4672 3097 4726 malum
3125 4667 3320 4731 retulit,
3353 4664 3444 4718 sed
3473 4665 3631 4717 etiam
3666 4679 3812 4716 man-

2232 4793 2381 4835 suete
2417 4775 2686 4847 respondit
2719 4792 2731 4827 :
2760 4770 2817 4827 Si
2846 4770 2974 4822 male
3015 4765 3245 4834 loquutus
3283 4777 3422 4822 smn,
3469 4758 3810 4811 testimonium

2233 4873 2434 4942 perltibe
2459 4846 2520 4922 de
2549 4868 2680 4920 malo
2703 4880 2722 4928 ;
2762 4864 2804 4916 si
2830 4870 2995 4913 autem
3019 4857 3165 4918 bene,
3193 4850 3312 4921 quid
3340 4866 3416 4903 me
3443 4849 3594 4902 caedis
3626 4846 3808 4942 (Joan.

2236 4935 2323 5017 ᾖε.
2363 4961 2494 5030 2'5)?
2546 4959 2678 5011 Cum
2716 4962 2890 5007 autem
2933 4946 3210 5002 Jeroboam
3252 4953 3467 4994 manum
3511 4935 3814 5030 extendens

2235 5053 2545 5126 prophetam
2576 5047 2663 5118 qui
2696 5061 2755 5099 se
2793 5053 2916 5097 tunc
2943 5035 3192 5107 arguebat
3220 5029 3630 5126 apprehendere
3645 5041 3814 5126 cona-

2238 5117 2425 5208 iian'ir,
2467 5117 2680 5194 manum
2709 5135 2821 5203 ejus
2848 5129 3050 5184 aridam
3086 5122 3316 5179 reddidit
3341 5121 3416 5191 (δ.
3445 5118 3574 5186 Reg.
3610 5117 3697 5208 is.
3729 5117 3812 5184 ι),

2239 5246 2290 5292 te
2319 5206 2566 5290 erudiens
2591 5270 2604 5293 ,
2657 5238 2713 5282 ut
2756 5222 2972 5293 injurias
3001 5217 3095 5271 tibi
3122 5215 3293 5269 illatas
3336 5218 3611 5264 mansuete
3645 5206 3810 5270 feras,

2241 5342 2330 5381 cas
2377 5338 2503 5377 vero
2557 5333 2673 5389 quae
2725 5313 2947 5368 Domino
2997 5306 3290 5360 inferuntur
3337 5299 3815 5352 vehementissime

2241 5414 2531 5473 ulciscaris.
2576 5387 2701 5464 ideo
2725 5404 2822 5460 etsi
2848 5416 2967 5456 cum
2994 5399 3160 5466 legem
3191 5393 3352 5448 terret
3371 5431 3389 5455 ,
3417 5387 3655 5442 secundo
3698 5389 3817 5442 loco

2240 5508 2476 5579 posuerit
2523 5512 2758 5555 amorem
2803 5505 2925 5561 erga
2970 5487 3262 5557 proximum
3290 5522 3305 5547 ,
3355 5488 3530 5533 tamen
3575 5477 3817 5577 similem

2241 5567 2374 5654 dixit
2400 5593 2559 5666 priori
2588 5608 2601 5643 :
2630 5602 2692 5642 ac
2730 5585 2865 5638 sicut
2894 5579 3036 5633 illum
3068 5569 3461 5666 accuratissime
3504 5567 3708 5666 exigit,
3738 5568 3815 5620 sic

2243 5701 2292 5745 et
2327 5656 2464 5743 hunc
2489 5693 2716 5752 quoque.
2765 5675 2840 5728 De
2866 5671 2954 5725 illo
2983 5667 3122 5722 enim
3149 5662 3246 5726 ait,
3296 5658 3497 5752 Extoto
3524 5656 3676 5752 corde
3708 5666 3819 5718 tuo,

2240 5790 2285 5833 ct
2317 5796 2376 5832 ca:
2405 5747 2523 5831 tota-
2546 5747 2713 5825 anima
2753 5777 2872 5828 tua;
2917 5759 2984 5816 de
3025 5754 3126 5811 hoc
3164 5759 3375 5808 autem.
3425 5747 3569 5803 Sicut
3602 5748 3822 5815 “ipsum
