4058 6216
245 363 318 418 47
1614 360 1682 414 IN
1724 357 1974 421 ISAIAM,
2014 355 2164 411 CAP.
2203 356 2292 416 ιιι.
3568 393 3641 449 48

238 479 399 547 δῆμον
443 477 564 530 τότε
609 475 838 547 μάλιστα
882 476 1012 530 ὄντα
1052 476 1142 529 τὸν
1187 475 1287 543 τὴν
1333 475 1669 544 παρανομίαν
1724 475 1889 543 ἐργα-

236 564 467 633 σάμενον
532 562 762 632 ἐκείνην,
816 564 908 616 τὸν
955 563 1012 616 δὲ
1067 560 1271 631 ’Δαρὼν
1325 561 1383 613 ού
1424 560 1690 630 τοσαύτης
1761 559 1890 613 ὄντα

230 648 567 718 κατηγορίας
616 649 782 710 ἀξιον.
824 650 980 717 ἀφεῖς
1007 650 1131 709 τοὺς
1174 647 1374 716 σφόδρα
1401 645 1759 708 ὑπευθύνους,
1800 646 1892 699 ἐπί

227 738 319 788 τὸν
343 737 441 805 οὐχ
472 736 641 800 οὓτως
674 735 969 788 ὑπεύθυνον
1015 735 1204 806 τρέπει
1248 736 1346 804 τὴν
1379 734 1732 804 κατηγορίαν,
1783 735 1894 794 τοῖς

230 824 540 891 ἐγκλήμασι
583 826 692 885 τοῖς
737 823 853 874 κατ’
886 823 1096 875 ἐκείνου
1137 821 1308 883 διδοὺς
1341 821 1416 890 τῷ
1464 822 1720 872 συνειδότι
1775 821 1894 871 τού-

226 927 340 961 ’των
375 909 592 978 μείζονα
631 909 834 960 ἐαυτῶν
876 907 1354 977 καταψηφίσασθαι
1396 907 1695 975 τιμωρίαν·
1755 906 1782 957 ὃ
1829 905 1891 974 δὴ

229 996 324 1045 καὶ
366 995 596 1062 ἐγένετο.
645 994 721 1048 Οὐ
773 995 880 1063 γὰρ
935 994 1126 1064 ἐδεήθη
1192 993 1372 1045 λοιπὸν
1414 993 1584 1060 λόγων
1634 991 1769 1060 πρὸς
1803 991 1892 1042 τὸν

226 1079 398 1148 δῆμον
429 1081 649 1151 ἐτέρων,
693 1081 806 1133 ἀλλ’
854 1081 1052 1150 ἤρκεσε
1089 1078 1158 1132 τά
1184 1079 1309 1148 ψιλά
1353 1081 1531 1131 ἐκεῖνα
1580 1080 1797 1146 ῥήματα
1825 1077 1890 1129 τὰ

229 1168 368 1236 πρὸς
402 1167 493 1220 τὸν
531 1168 736 1238 Ἀαρὼν
781 1168 1044 1239 εἰρημένα
1086 1166 1326 1234 χιλιάδας
1357 1165 1639 1226 τοσαύτας,
1681 1165 1754 1224 ῶς
1800 1163 1892 1214 ’ἐνα

226 1256 538 1324 ἄνθρωπον,
572 1256 937 1317 καταστεῖλαι,
981 1255 1076 1307 καὶ
1115 1254 1220 1306 ἀπὸ
1257 1251 1524 1319 τοσαύτης
1558 1251 1890 1320 θρασύτητος

227 1345 308 1403 εἰς
342 1341 542 1393 δειλίαν
571 1343 662 1393 καὶ
691 1342 924 1409 ἀγωνίαν
952 1344 1300 1409 κατενεγκεῖν
1324 1339 1420 1408 τὴν
1451 1339 1700 1406 ἐσχάτην.
1739 1339 1803 1388 Ἃ
1827 1337 1888 1405 δὴ

227 1427 482 1497 προορῶν
515 1430 543 1479 6
588 1431 842 1498 Μωῦσῆς,
886 1427 1131 1489 καταϐάς
1174 1427 1393 1486 εὐθέως,
1440 1425 1536 1487 τάς
1583 1441 1638 1475 τε
1679 1422 1888 1485 πλάκας

227 1515 445 1584 ἔρριψε,
480 1515 574 1566 καὶ
604 1515 739 1584 πρὸς
772 1515 862 1566 τὸν
903 1512 1114 1582 Ἀαρὼν
1135 1513 1286 1579 ἔλεγε
1307 1530 1319 1542 ·
1360 1512 1418 1564 Τί
1446 1510 1694 1576 ἐποίησέ
1727 1526 1821 1565 σοι
1858 1513 1889 1562 ὀ

225 1600 380 1664 λαὸς
431 1594 637 1664 οὗτος,
686 1599 774 1650 ὅτι
821 1599 1116 1665 ἐποίησας
1158 1597 1344 1651 αὐτὸν
1409 1597 1703 1665 ἐπίχαρμιι
1767 1595 1883 1660 τοῖς

225 1685 464 1753 ἐχθροῖς
484 1703 502 1749 ;

301 1779 374 1836 ς’.
409 1773 576 1824 Τοῦτο
593 1774 686 1825 καὶ
711 1774 738 1824 ὁ
756 1773 1036 1842 προφήτης
1051 1766 1202 1835 οὗτος
1228 1775 1385 1836 ποιεῖ,
1405 1771 1493 1823 τὸν
1513 1771 1664 1837 ἆγιον
1685 1771 1887 1821 ἐκεῖνον

232 1859 566 1929 μιμούμενος
596 1860 765 1930 διπλῷ
784 1860 860 1930 τῷ
880 1861 1083 1930 τρόπῳ.
1104 1861 1176 1912 Ού
1201 1859 1309 1929 γὰρ
1336 1859 1399 1929 δὴ
1426 1860 1580 1927 μόνον
1606 1857 1881 1908 ἐνεκάλεσε

230 1948 353 1999 τότε
377 1949 404 1998 6
437 1947 691 2017 Μωῢσῆς,
724 1947 859 2000 ἀλλά
886 1948 977 1999 καὶ
1014 1946 1406 2014 συναλγοῦντος
1434 1947 1771 2014 προσωπεῖον
1795 1944 1885 1995 λα-

229 2031 362 2093 ϐὼν,
395 2031 566 2095 οὕτως
599 2034 828 2085 ἐποιεῖτο
858 2033 955 2103 τὴν
987 2033 1318 2103 κατηγορίαν
1345 2033 1584 2099 ἐκείνην.
1617 2030 1771 2084 Οῦτω
1797 2031 1886 2082 καὶ

233 2115 386 2181 οὗτος
417 2120 702 2190 ἀμφότερα
732 2122 1043 2188 ἐμιμήσατο
1077 2119 1271 2187 λέγων’
1303 2119 1459 2184 Λαός
1492 2136 1630 2188 μου,
1663 2121 1714 2170 οἱ
1739 2116 1878 2185 πρά-

230 2221 444 2271 κτορες
468 2205 633 2274 ὑμῶν
657 2205 1035 2274 καλαμῶνται
1061 2202 1235 2273 ὑμᾶς.
1259 2206 1369 2258 Kal
1389 2204 1494 2274 γάρ
1520 2204 1886 2272 κατηγόρησεν

232 2287 477 2349 ἐκείνων,
512 2288 605 2340 καὶ
628 2287 701 2349 ὡς
733 2288 1010 2354 συναλγῶν
1039 2289 1118 2358 τῷ
1146 2288 1300 2358 δήμῳ
1325 2287 1496 2340 ταῦτα
1526 2287 1698 2354 ἐλεγε.
1737 2287 1884 2358 Πρά-

231 2389 434 2440 κτορα;
462 2373 517 2424 δέ
561 2373 789 2426 ἐνταῦθα
829 2373 976 2426 δοκεῖ
1005 2374 1105 2444 μὲν
1139 2376 1262 2435 τοὺς
1292 2372 1648 2434 ἀπαιτοῦντας
1679 2372 1883 2439 λέγειν’

231 2457 345 2524 ἐγὼ
390 2459 447 2511 δέ
491 2457 644 2528 οἶμαι
676 2461 802 2523 τοὺς
851 2461 1127 2531 ἅρπαγας,
1178 2462 1301 2524 τοὺς
1337 2461 1660 2522 πλεονέκτας
1709 2460 1886 2512 αὐτῶν

232 2545 597 2598 αἰνίττεσθαι·
635 2547 767 2600 εἰδὲ
803 2547 876 2618 μή
913 2546 1091 2612 τοῦτο,
1121 2547 1256 2601 άλλά
1279 2549 1402 2611 τοὺς
1444 2546 1884 2616 φορολογοῦντας.

235 2631 378 2701 Ὅρα
409 2631 569 2684 αὑτοῦ
609 2633 883 2686 κάνταῦθα
910 2634 1006 2702 τὴν
1037 2633 1267 2686 σύνεσιν.
1305 2633 1379 2686 Οὐ
1423 2633 1529 2702 γάρ
1567 2633 1624 2684 τὸ
1659 2634 1887 2702 πρᾶγμα

234 2717 510 2782 ἐκϐάλλει,
540 2718 672 2771 ἀλλά
699 2719 797 2788 τὴν
820 2719 1107 2789 ἀμετρίαν.
1130 2720 1202 2773 Ού
1226 2719 1330 2789 γὰρ
1354 2714 1524 2780 εἶπεν,
1546 2719 1885 2782 ἀπαιτοῦσιν,

231 2803 404 2867 ἀλλά,
450 2803 868 2872 Καλαμῶνται,
905 2807 1170 2868 τουτέστι,
1219 2804 1480 2874 γυμνοῦσι
1531 2805 1638 2857 τῶν
1693 2805 1884 2869 ὄντων,

232 2888 629 2960 ἀποστεροῦσιν
675 2891 930 2944 ἁπάντων
985 2893 1330 2961 προσχήματι
1373 2894 1470 2962 τῆς
1520 2893 1883 2962 ἀπαιτήσεως.

234 2976 455 3045 Ταύτην
483 2977 541 3028 δέ
573 2977 758 3048 εἴρηκε
788 2978 883 3048 τὴν
912 2979 1054 3042 λέξιν
1087 2979 1195 3032 ἀπὸ
1235 2981 1542 3049 μεταφορᾶς
1575 2979 1680 3031 τῶν
1729 2980 1889 3032 καλα-

237 3061 484 3131 μώντων.
527 3064 885 3133 Καλαμᾶσθαι
915 3065 1023 3134 γὰρ
1053 3065 1269 3133 λέγεται
1305 3067 1364 3117 τὸ
1399 3071 1534 3135 μετὰ
1563 3066 1652 3117 τὸν
1683 3066 1887 3134 ἀμητὺν

229 3149 361 3212 τοὺς
400 3150 728 3213 ἐκπεσόντας
774 3153 836 3203 ἐκ
879 3151 985 3203 τῶν
1029 3151 1347 3222 θεριζόντων
1395 3154 1662 3222 ἀστάχυας
1701 3153 1888 3205 ἀναλέ-

233 3236 450 3300 γεσθαι,
487 3237 578 3288 καὶ
625 3237 787 3305 μηδὲν
819 3237 953 3298 ὅλως
985 3249 1011 3276 ι
1047 3239 1138 3289 ἐπί
1176 3239 1273 3307 τῆς
1321 3240 1555 3309 ἀρούρας
1583 3241 1832 3306 ἀφιέναι·
1860 3239 1887 3291 ὃ

235 3322 305 3391 δὴ
336 3324 429 3374 καὶ
448 3321 568 3374 τότε
593 3319 734 3375 οὗτοι
761 3322 1204 3394 ἐποίουν,ὁλόκλη
1216 3326 1361 3394 ρατα
1383 3325 1507 3377 ὄντα
1532 3327 1883 3395 ἁρπάζοντες,

236 3410 336 3461 καὶ
369 3411 605 3479 γυμνοὺς
634 3403 877 3477 ἀφιέντες
909 3411 1123 3472 αὐτούς.
1161 3411 1268 3464 Καὶ
1290 3415 1342 3464 οἱ
1374 3411 1761 3478 ἀπαιτοῦντες
1795 3431 1889 3466 κυ-

225 3501 547 3568 ριεύουσιν
589 3499 769 3567 ὑμῶν.
804 3501 911 3552 Kal
942 3499 1001 3550 τὸ
1029 3499 1093 3570 δὴ
1125 3499 1251 3569 χαλε
1265 3501 1516 3570 πῶτερον,
1550 3501 1630 3552 ὅτι.
1657 3501 1774 3552 ούδέ
1806 3504 1889 3554 ἐν-

232 3584 409 3638 ταῦθα
434 3587 531 3655 τῆς
558 3584 860 3647 πλεονεξίας
888 3585 1121 3648 ἵσταντο,
1147 3586 1278 3638 ἀλλά
1308 3587 1399 3638 καὶ
1430 3587 1735 3656 περαιτέρω
1767 3604 1888 3656 προσ

235 3672 372 3739 ἦγον
395 3672 492 3737 τὴν
523 3671 827 3740 τυραννίδα,
858 3671 1073 3733 δούλους
1095 3673 1220 3733 τοὺς
1247 3672 1556 3741 ἐλευθέρους
1591 3673 1884 3733 ποιοῦντες.

235 3757 398 3820 Λαός
433 3775 573 3823 μου,
609 3761 661 3808 vi
691 3757 1112 3824 μακαρίζοντες
1145 3757 1318 3825 ὑμᾶς,
1359 3759 1668 3811 πλανῶσιν
1712 3756 1884 3825 ὑμᾶς.

248 3842 513 3896 Ἑνταῦθά
547 3860 635 3912 μοι
669 3843 790 3904 τοὺς
818 3843 1264 3912 ψευδοπροφήτας
1296 3843 1619 3896 αἰνίττεσθαι
1645 3844 1808 3906 δοκεῖ,
1853 3846 1884 3914 ἢ

234 3929 366 3989 τοὺς
397 3927 531 3998 πρὸς
564 3927 719 3997 χάριν
768 3929 949 3992 αὐτοῖς
989 3929 1420 3998 διαλεγομένους,
1458 3930 1485 3981 ὃ
1515 3931 1612 3999 τῆς
1656 3931 1887 4000 ἐσχάτης

235 4015 536 4083 διαφθοράς
566 4014 732 4066 αἴτιον
763 4015 968 4081 γίνεται
1001 4017 1294 4086 πανταχοῦ.
1327 4018 1436 4086 Τὴν
1461 4017 1587 4083 γοῦν
1613 4018 1676 4069 ἐκ
1701 4019 1886 4069 τούτου

238 4101 447 4173 βλάϐην
479 4102 650 4171 δηλῶν
701 4103 966 4171 ἐπήγαγε,
1011 4103 1118 4156 Καὶ
1151 4103 1264 4170 τὴν
1294 4106 1490 4171 τρίϐον
1529 4103 1642 4155 τῶν
1689 4104 1890 4155 ποδῶν

233 4188 408 4253 ὑμῶν
427 4189 796 4255 ταράσσουσι
813 4204 824 4216 ·
853 4189 1143 4246 τουτέστιν.
1175 4191 1273 4240 οὐκ
1296 4191 1453 4240 ἐῶσιν
1477 4189 1607 4259 ὀρθά
1635 4189 1886 4256 βαδίζειν,

235 4275 682 4342 διαστρέφοντες,
736 4275 1056 4336 ἐκλύοντες,
1120 4273 1516 4344 ῥᾳθυμοτέρως
1589 4273 1884 4334 ποιοῦντες.

324 4360 496 4414 Ἀλλὰ
524 4360 639 4413 νῦν
669 4360 1106 4428 καταστήσεται
1153 4364 1240 4426 εἰς
1273 4361 1475 4428 κρίσιν
1523 4362 1751 4428 Κύριος,
1792 4362 1888 4413 καί

236 4448 457 4516 στήσει
483 4452 569 4513 εἰς
595 4450 794 4516 κρίσιν
823 4451 926 4502 τὸν
957 4451 1112 4504 λαὸν
1135 4451 1318 4504 αὐτοῦ
1341 4467 1353 4480 °
1383 4450 1562 4514 αὐτὸς
1579 4452 1788 4517 Κύριος
1803 4455 1888 4516 εἰς

237 4539 448 4603 κρίσιν
480 4536 611 4604 ἣξει
652 4539 800 4605 μετὰ
822 4536 941 4591 τῶν
980 4538 1392 4606 πρεσϐυτέρων
1431 4537 1536 4591 τοῦ
1579 4539 1751 4599 λαοῦ,
1793 4539 1888 4591 καί

231 4624 388 4692 μετὰ
415 4622 530 4675 τῶν
553 4625 856 4692 ἀρχόντων
884 4625 1100 4677 αὐτῶν.
1136 4627 1255 4677 Ἔτι
1278 4625 1354 4694 τῷ
1384 4625 1528 4694 αύτῷ
1551 4625 1678 4676 εῖδει
1696 4627 1886 4693 ἐπιμέ-

235 4721 324 4755 νει
350 4703 447 4772 τῆς
475 4704 825 4774 διορθώσεως,
872 4706 979 4757 ἀπὸ
1023 4705 1115 4756 τοῦ
1145 4705 1312 4775 δήμου
1345 4706 1479 4774 πρὸς
1512 4705 1634 4768 τοὺς
1659 4721 1889 4776 γεγηρα-

238 4788 409 4850 κότας
454 4791 546 4841 καὶ
582 4791 706 4852 τοὺς
738 4790 1003 4859 ἄρχοντας
1052 4792 1267 4861 τρέπων
1297 4791 1392 4859 τὴν
1424 4791 1755 4858 ἐπιτίμησιν,
1798 4793 1888 4843 καὶ

236 4875 610 4946 φοϐερώτερον
643 4875 1028 4945 μεταχειρίζων
1057 4878 1145 4929 τὸν
1171 4876 1323 4944 λόγον
1344 4893 1355 4905 ·
1381 4875 1494 4948 [41]
1525 4877 1683 4928 αὑτὸν
1703 4878 1758 4929 δέ
1787 4880 1886 4929 εἰσ⁸

233 4964 362 5025 άγει
394 4961 480 5013 τὸν
507 4961 636 5013 Θεὸν
661 4961 1005 5031 δικαζόμενον
1042 4965 1137 5016 καὶ
1165 4961 1604 5025 καταδικάζοντα,
1636 4965 1726 5015 καὶ
1753 4965 1887 5033 ὑπὲρ

233 5043 348 5094 τῶν
389 5043 466 5104 είς
501 5043 590 5094 τὸν
636 5042 802 5112 δῆμον
835 5043 1243 5114 ἀμ,ρτημάτων
1278 5044 1606 5111 ἐγκαλοῦντα
1645 5049 1755 5108 τοῖς
1797 5047 1888 5098 τὸν

233 5126 412 5194 δῆμον
435 5126 676 5178 ἀδικοῦσι
704 5126 752 5177 ιο.
784 5127 872 5178 Διὸ
892 5127 982 5179 καὶ
1008 5127 1190 5192 ἔλεγεν
1209 5142 1222 5156 '
1263 5128 1435 5179 Ἀλλὰ
1457 5127 1571 5178 νῦν
1595 5127 1889 5194 καταστή-

233 5225 410 5264 σεται
431 5213 516 5276 είς
545 5212 746 5279 κρίσιν
778 5214 1009 5279 Κύριος.
1055 5213 1273 5280 Ἐπειδὴ
1314 5213 1421 5282 γὰρ
1447 5215 1526 5274 εἰς
1572 5212 1888 5281 ἐγκλήματα

233 5296 496 5363 τὸνλόγον
511 5299 770 5368 ἀνήλωσε,
789 5302 900 5361 τοῖς
913 5299 969 5350 δέ
988 5298 1321 5368 ἀναισθήτως
1338 5297 1694 5367 διακειμένοις
1713 5299 1772 5350 τὸ
1791 5300 1886 5367 μὲν

235 5383 586 5452 ἐγκαλεῖσθαι
611 5387 671 5438 οὒ
707 5387 907 5457 σφόδρα
935 5385 1093 5456 βαρὺ,
1124 5386 1186 5438 τὺ
1211 5386 1267 5439 δέ
1288 5384 1605 5450 κολάζεσθαι
1639 5386 1882 5456 φοϐερον,

305 5569 476 5632 ξιιθε.
501 5574 554 5618 et
572 5569 719 5632 savii,
741 5570 820 5618 καὶ
840 5571 980 5632 μηδὲν
1001 5571 1164 5632 οὕτως.

303 5629 653 5699 Ιι-ᾏοὶεΙ-κτοῖς
673 5631 759 5699 τὸν.
776 5629 922 5692 δῆμον
940 5631 1176 5699 ἀδικοῦσι,
1203 5639 1355 5682 recte.
1388 5636 1507 5699 Reg.
1533 5644 1585 5687 et
1620 5638 1764 5688 Savil.
1790 5637 1888 5695 τοῖς

235 5690 321 5738 τὸν
337 5692 484 5749 δῆμον
501 5690 720 5750 ἀλγοῦσι·
747 5693 796 5739 in
817 5690 925 5752 (iure
966 5693 1106 5741 verba
1147 5690 1249 5741 meo
1274 5704 1406 5744 notat
1448 5690 1655 5748 S'avilius
1681 5714 1690 5746 :
1722 5720 1745 5741 ‹‹
1773 5690 1886 5747 Boil

235 5752 340 5799 sius
359 5752 482 5818 leng
503 5752 769 5818 ἀλγύνουσι,
791 5754 880 5818 ho;
903 5759 974 5800 es!
1001 5753 1217 5818 λυποῦσι,
1245 5755 1368 5804 Malo
1391 5759 1576 5818 ἄγουσι,
1602 5761 1688 5807 hoc
1709 5769 1782 5806 εει
1803 5763 1886 5816 δη-

275 5811 531 5872 αγωγοῦσι.
553 5827 571 5857 ι
600 5813 836 5862 Sedmalo
857 5815 1115 5865 lectionem
1148 5815 1354 5877 Morem,
1396 5811 1536 5879 qinam
1563 5811 1714 5869 habet
1736 5811 1882 5870 eli-uin

275 5877 497 5922 mancus
528 5874 697 5922 codex.

284 5885 497 5922 εισι-ισοξ
528 5885 678 5923 ςυσοκ
688 5909 697 5917 -

1998 475 2178 543 φησὶν,
2209 476 2289 527 ὅτι
2317 475 2376 526 ού
2412 473 2570 544 μέχρι
2601 477 2927 547 κατηγορίας
2947 478 3012 532 τά
3045 482 3338 556 πράγματα
3366 490 3634 559 στήσεται,

1998 563 2132 647 ἀλλὰ
2164 565 2256 615 καὶ
2285 563 2406 647 δίκη
2433 566 2544 647 τοῖς
2569 564 2954 647 ἁμαρτήμασιν
2975 567 3178 636 ἐψεται,
3203 573 3368 627 αὐτοῦ
3398 575 3491 630 τοῦ
3517 579 3636 647 μέλε

2000 645 2180 706 λοντος
2214 645 2594 708 καταδικάζειν
2627 646 2852 710 εὐθύνας
2895 648 3077 703 λοιπὸν
3121 654 3492 724 ἀπαιτοῦντος,
3519 645 3638 714 καὶ

1994 731 2310 818 κρινομένου
2357 731 3246 818 πρδςῌτοὺςῖπεπλημμεληκότας.
3287 744 3352 794 Ὃ
3397 748 3490 797 καὶ
3540 748 3638 818 τὴν

1997 816 2399 882 συγκατάϐασιν
2429 815 2522 869 τοῦ
2567 817 2700 870 Θεοῦ
2750 819 2947 890 πολλὴν
2975 821 3257 891 δείκνυσιν,
3311 815 3636 900 ἀνεχομένου

1994 903 2306 954 δικάζεσθαι
2346 904 2459 971 μετ’
2489 903 2729 966 ἐκείνων,
2765 907 2857 958 καὶ
2890 909 3234 978 ἐντρεπτικὸν
3261 918 3406 968 ποιεῖ
3439 918 3528 970 τὸν
3553 919 3640 972 λό-

1993 1006 2105 1073 γον,
2133 989 2278 1073 δ-καῖ
2303 991 2426 1050 τοὺς
2453 989 2576 1041 νοῦν
2595 990 2812 1060 ἔχοντας
2834 993 2913 1054 εἰς
2940 993 3177 1066 μεγάλην
3199 999 3433 1065 ἀγωνίαν
3469 1004 3637 1073 ἐμϐα..

1992 1071 2100 1122 λείν
2123 1070 2327 1160 εἴωθεν.
2354 1073 2466 1124 υύκ
2486 1073 2698 1142 ἐκείνης
2716 1075 2771 1126 δὲ
2795 1075 2976 1129 ἕνεκεν
2997 1079 3091 1147 τῆς
3119 1081 3314 1146 αἰτίας,
3337 1080 3404 1154 ἦς
3433 1070 3637 1160 ἐμπρο-

1995 1157 2118 1209 σθεν
2147 1154 2318 1218 εἶπον,
2355 1158 2490 1228 πρὸς
2519 1161 2644 1222 τοὺς
2671 1161 2933 1230 ἄρχοντας
2975 1165 3068 1216 καὶ
3108 1167 3230 1229 τοὺς
3261 1154 3637 1240 γεγηρακότας

1992 1246 2181 1313 τρέπει
2219 1245 2309 1296 τὸν
2340 1245 2515 1312 λόγον,
2553 1247 2687 1299 ἀλλὰ
2719 1249 2809 1300 καὶ
2838 1247 3098 1303 διδάσκων
3131 1253 3389 1321 ἅπαντας,
3425 1259 3506 1311 ὃτι
3541 1261 3637 1329 βα-

1993 1334 2214 1402 ρύτεραι
2247 1330 2353 1383 τῶν
2385 1333 2704 1401 ἀρχομένων
2750 1338 2861 1398 τοῖς
2898 1336 3150 1405 ἄρχουσιν
3199 1343 3252 1393 αἰ
3297 1343 3532 1400 εύθῦναι.
3578 1348 3635 1401 '0

1995 1417 2092 1485 μὲν
2122 1416 2229 1486 γὰρ
2278 1416 2415 1486 ὑπὲρ
2441 1418 2632 1471 ἐαυτοῦ
2669 1420 2847 1487 μόνον,
2876 1424 2904 1473 ὁ
2936 1423 2991 1474 δὲ
3017 1425 3154 1492 ὑπὲρ
3186 1425 3376 1480 ἐαυτοῦ
3406 1433 3498 1483 καὶ
3541 1435 3636 1486 τοῦ

1990 1503 2182 1571 δήμου,
2208 1498 2267 1556 οὗ
2287 1504 2384 1574 τὴν
2405 1505 2576 1576 ἀρχὴν
2610 1506 3080 1576 ἐγκεχειρισμένος
3102 1514 3376 1581 τυγχάνει,
3410 1520 3634 1590 παρέχει

1989 1591 2078 1642 τὸν
2101 1591 2255 1658 λόγον
2276 1608 2288 1621 ⁸
2311 1592 2402 1643 καὶ
2427 1595 2474 1644 οἰ
2493 1594 2846 1664 πρεσϐύτεροι
2863 1596 2917 1647 δὲ
2940 1598 3038 1650 οὐκ
3058 1601 3355 1666 ἀπεικότως
3375 1608 3635 1680 τοσαύτην

1989 1678 2344 1730 ἀπαιτοῦνται
2365 1678 2462 1749 τὴν
2495 1680 2795 1749 ἀκρίϐειαν.
2823 1681 3000 1752 Ὅπερ
3026 1685 3132 1756 γὰρ
3157 1688 3381 1753 ἐκείνοις
3413 1695 3447 1762 ή
3471 1678 3632 1765 ἀρχή,

1987 1763 2142 1815 τοῦτο
2167 1763 2373 1827 τούτοις
2402 1767 2432 1834 ἠ
2477 1765 2677 1836 ήλικία.
2712 1767 2890 1832 ’Ἄξιος
2925 1769 3021 1836 μὲν
3053 1774 3160 1842 γάρ
3194 1777 3285 1826 καὶ
3309 1779 3335 1829 6
3378 1779 3492 1841 νέος
3517 1763 3634 1832 ἐπι-

1988 1853 2256 1920 τιμήσεως
2297 1853 2444 1904 δεινά
2469 1854 2822 1923 ἁμαρτάνων·
2857 1857 2885 1907 6
2929 1857 2984 1909 δὲ
3007 1859 3102 1928 τὴν
3152 1861 3255 1912 ἀπὸ
3287 1863 3382 1932 τῆς
3423 1866 3633 1935 ἡλικίας

1989 1937 2230 1989 ἀτέλειαν
2261 1939 2416 2006 ἔχων,
2449 1945 2541 1992 καὶ
2565 1941 2834 2004 τοσούτοις
2865 1943 3050 1996 παθῶν
3087 1947 3146 1998 ού
3186 1949 3632 2022 πολιορκούμενος

1989 2021 2244 2091 κύμασιν,
2281 2023 2414 2075 ἀλλὰ
2437 2025 2531 2076 καὶ
2556 2031 2846 2096 σωφρονεῖν
2875 2029 3249 2103 εὐκολώτερον,
3283 2037 3373 2087 καὶ
3400 2021 3506 2090 τῶν
3538 2041 3630 2092 ἀλ-

1988 2108 2094 2160 λων
2114 2109 2397 2178 άνέχεσθαι
2411 2111 2518 2163 τῶν
2536 2111 2797 2180 βιωτικῶν
2821 2116 2949 2185 ῥᾷον
2968 2115 3275 2187 δυνάμενος,
3305 2124 3396 2174 καὶ
3415 2125 3632 2180 πλείονα

1990 2195 2320 2264 κεκτημένος
2341 2196 2551 2250 σύνεσιν
2577 2198 2684 2251 ἀπὸ
2707 2199 2803 2267 τῆς
2826 2201 2932 2252 τῶν
2957 2205 3290 2274 πραγμάτων
3321 2210 3630 2280 ἐμπειρίας,

1987 2281 2207 2344 δικαίως
2235 2283 2300 2335 ἂν
2327 2283 2525 2353 μᾶλλον
2553 2286 2804 2340 ἁπάντων
2833 2289 3258 2356 καταδικάζοιτο,
3275 2295 3342 2348 τά
3370 2297 3477 2349 τῶν
3505 2301 3634 2352 ἀκο-

1987 2370 2194 2424 λάστων
2227 2371 2360 2423 νέων
2391 2373 2448 2424 ἐν
2479 2373 2626 2443 γήρα
2657 2374 3110 2446 ἐπιδεικνύμενος.
3145 2380 3324 2448 Ὑμεῖς
3362 2383 3430 2434 δὲ
3461 2386 3517 2437 τί
3541 2386 3635 2438 ἐν-

1985 2457 2306 2522 επιορίσατε
2332 2457 2438 2509 τὸν
2480 2459 2800 2526 ἀμπελῶνά
2852 2477 2991 2528 μου,
3021 2465 3120 2516 καί
3162 2468 3194 2533 ἠ
3240 2467 3474 2537 ἁρπαγὴ
3526 2471 3636 2524 τοῦ

1986 2541 2224 2610 πτωχοῦ
2247 2543 2316 2595 ἐν
2344 2543 2466 2608 τοῖς
2487 2547 2672 2610 οἴκοις
2691 2546 2856 2614 ὑμῶν
2870 2564 2890 2611 ;
2919 2549 3198 2620 Πανταχοῦ
3225 2553 3301 2622 τῷ
3322 2554 3438 2624 Θεῷ
3467 2557 3635 2628 πολλὴ

1985 2628 2094 2680 τῶν
2121 2629 2488 2700 ἀδικουμένων
2517 2635 2548 2701 ή
2577 2634 2798 2702 πρόνοια
2817 2650 2830 2664 ο
2861 2637 2952 2688 καὶ
2977 2639 3084 2690 τῶν
3103 2640 3182 2702 εἰς
3211 2640 3369 2693 αὑτὸν
3393 2643 3634 2714 ἀμαρτηο

1991 2715 2172 2803 μάτων
2205 2717 2302 2770 οὐκ
2339 2717 2592 2782 ἔλαττον,
2639 2719 2751 2773 ἀλλ’
2799 2720 2944 2776 ἐστιν
2979 2724 3112 2776 ὅπου
3151 2727 3241 2779 καὶ
3295 2728 3452 2782 πλέον
3490 2747 3632 2803 παρ.

1988 2799 2233 2864 οξύνεται
2254 2803 2392 2872 ὑπὲρ
2408 2803 2517 2857 τῶν
2539 2806 2620 2868 εἰς
2648 2807 2772 2868 τοὺς
2790 2807 3108 2877 ὁμοδούλους
3133 2812 3419 2884 πλημμελη
3430 2799 3629 2884 μάτων.

1988 2888 2097 2940 Καὶ
2121 2889 2230 2959 γάρ
2257 2889 2348 2941 τὸν
2377 2889 2476 2958 μὲν
2512 2891 2715 2962 πόρνην
2741 2891 2930 2964 ἔχοντα
2958 2899 3188 2963 γυναῖκα
3227 2899 3504 2954 ἐκϐάλλειν
3536 2905 3634 2956 ἐπ-

1988 2973 2200 3044 έτρεψε,
2234 2975 2324 3028 τὸν
2347 2976 2402 3029 δέ
2433 2977 2708 3049 Ἑλληνίδα
2735 2981 2915 3034 ούκέτι
2939 2993 2961 3021 ο
2989 2999 3000 3011 ·
3020 2985 3194 3036 καίτοι
3221 2986 3281 3038 τὸ
3317 2987 3414 3056 μὲν
3441 2991 3519 3052 εἰς
3539 2991 3636 3042 αύ-

1987 3061 2093 3125 τὸν,
2109 3061 2167 3113 τὸ
2190 3062 2245 3114 δὲ
2266 3065 2344 3125 εἰς
2364 3065 2643 3134 ἄνθρωπον
2657 3067 2714 3120 τὸ
2735 3069 3051 3141 ἁμάρτημα.
3067 3074 3174 3126 Καὶ
3186 3075 3281 3144 τῆς
3299 3075 3482 3141 θυσίας
3505 3098 3636 3148 προ-

1988 3149 2261 3218 κειμένης,
2277 3151 2702 3221 καταλιμπάνειν
2725 3157 2784 3207 τὸ
2801 3157 2967 3227 δῶρον
2989 3159 3256 3224 ἐκέλευσε,
3287 3165 3379 3216 καὶ
3407 3166 3479 3235 μὴ
3503 3169 3634 3236 πρό-

1986 3250 2140 3300 τερον
2170 3236 2297 3289 αὐτὸ
2315 3239 2626 3307 προσάγειν,
2641 3242 2743 3305 ἓως
2758 3241 2822 3294 ἂν
2853 3245 2918 3298 τὰ
2947 3245 3080 3314 πρὸς
3094 3247 3183 3299 τὸν
3204 3247 3425 3318 ἀδελφὸν
3447 3248 3504 3305 εὖ
3524 3253 3632 3305 δια-

1989 3321 2145 3390 θῆναι
2173 3327 2200 3373 6
2225 3323 2314 3376 τὸν
2344 3325 2568 3393 πλησίον
2592 3327 2924 3400 λελυπηκὼς.
2952 3333 3061 3385 Καὶ
3087 3335 3244 3404 ήνίκα
3268 3336 3358 3389 τὸν
3383 3338 3450 3391 τὰ
3472 3339 3636 3409 μύρια

1986 3408 2218 3461 τάλαντα
2253 3412 2642 3480 κατεδηδοκότα
2674 3415 2904 3485 ἔκρινεν,
2945 3418 3082 3488 ὑπὲρ
3121 3421 3216 3489 μὲν
3241 3422 3345 3475 τῶν
3375 3425 3452 3485 εἰς
3476 3408 3636 3480 αὐτὸν

1988 3494 2232 3560 ἐγκαλῶν
2257 3497 2688 3567 ἁμαρτημάτων,
2711 3500 2831 3552 οὔτε
2849 3503 3079 3572 πονηρὸν
3097 3505 3369 3571 ἐκάλεσεν,
3391 3509 3523 3562 ἀλλά
3545 3514 3635 3564 καὶ

1988 3583 2300 3651 κατηλλάγη
2331 3587 2558 3654 ταχέως,
2590 3589 2682 3638 καὶ
2712 3588 2771 3638 τὸ
2804 3589 3008 3641 δάνειον
3051 3591 3193 3644 ἅπαν
3225 3593 3433 3662 ἀφῆκεν
3457 3613 3470 3626 ·
3496 3598 3634 3669 ὑπὲρ

1988 3666 2044 3716 δὲ
2073 3667 2178 3718 τῶν
2212 3669 2402 3721 ἐκατδν
2432 3671 2717 3741 δηναρίων,
2749 3674 2842 3725 καὶ
2867 3677 3098 3744 πονηρὸν
3127 3677 3305 3730 δοῦλον
3335 3685 3507 3744 καλεῖ,
3540 3666 3634 3736 καὶ

1987 3757 2099 3814 τοῖς
2149 3753 2499 3822 βασανισταῖς
2532 3759 2881 3827 παραδίδωσι,
2925 3762 3018 3813 καὶ
3046 3763 3104 3814 ού
3133 3765 3392 3836 πρότερον
3435 3767 3634 3840 ἔφησεν

1990 3840 2089 3908 ἀνή
2102 3857 2230 3900 σειν,
2260 3841 2364 3904 ἕως
2389 3843 2531 3896 ἆπαν
2563 3845 2744 3914 ἀποδῷ
2776 3845 2837 3898 τὸ
2867 3847 3041 3917 χρέος.

2058 3927 2119 3990 ζ’.
2159 3928 2267 3980 Καὶ
2301 3929 2458 3997 ἡνίκα
2507 3930 2604 4000 μέν
2631 3931 2788 3993 αὐτὸς
2811 3933 3131 4002 ἐρῤαπίξετο
3154 3938 3181 3989 6
3205 3937 3452 4006 Χριστὸς,
3483 3941 3630 3996 οὐδὲν

1988 4012 2076 4064 τὸν
2111 4013 2290 4065 δοῦλον
2325 4016 2616 4083 εἰργάσατο
2639 4017 2728 4068 τὸν
2750 4018 2845 4087 τὴν
2873 4018 3082 4090 πληγὴν
3107 4024 3465 4093 ἐπαγαγόντα,
3497 4029 3630 4084 ἀλλά

1992 4101 2083 4150 καὶ
2112 4100 2300 4169 πράως
2329 4102 2659 4171 ἀπεκρίνατο
2687 4102 2858 4171 λέγων
2880 4120 2893 4134 ·
2913 4109 2982 4158 El
2999 4106 3114 4173 μὲν
3137 4109 3462 4185 κακῶς-μὶ]
3491 4116 3629 4168 ἐλά-

1986 4188 2167 4249 λησα,
2197 4188 2583 4254 μαρτύρησον
2619 4190 2881 4256 περὶτοῦ
2904 4193 3118 4246 κακοῦ·
3151 4195 3289 4249 εἰδὲ
3328 4199 3545 4265 καλῶς,
3575 4204 3630 4255 τί

1982 4287 2058 4338 με
2084 4271 2305 4338 “pate;
2336 4274 2463 4326 Ὅτε
2491 4275 2547 4327 δέ
2575 4277 2604 4328 6
2643 4276 2918 4347 Ἰεροϐοάμ
2946 4280 3042 4350 τὴν
3067 4285 3220 4351 χεῖρα
3249 4285 3488 4348 ἐκτείνας
3508 4290 3627 4340 ἐπι-

1987 4357 2240 4411 λαϐέσθαι
2267 4358 2358 4411 τοῦ
2391 4362 2666 4432 προφήτου
2705 4362 2798 4416 τοῦ
2836 4365 2955 4416 τότε
2988 4367 3296 4433 ἐλέγξαντος
3347 4371 3505 4425 αὑτὸν
3533 4376 3630 4427 ἐπ-

1990 4445 2263 4514 εχείρησε,
2295 4445 2464 4515 ξηρὰν
2492 4447 2590 4516 τὴν
2632 4451 2785 4518 χεῖρα
2815 4451 3120 4519 εἰργάσατο,
3153 4455 3416 4508 παιδεύων
3448 4461 3540 4511 καὶ
3568 4461 3628 4514 at

1985 4530 2053 4582 τά
2090 4532 2185 4600 μὲν
2215 4531 2404 4583 ἐαυτοῦ
2446 4534 2636 4602 πράως
2663 4535 2866 4603 φέρειν,
2904 4536 2970 4588 τὰ
3010 4537 3066 4589 δὲ
3107 4540 3186 4602 εἰς
3236 4540 3324 4594 τὸν
3355 4546 3629 4616 Δεσπότην

1991 4617 2124 4686 μετά
2165 4617 2360 4685 πολλῆς
2401 4617 2635 4670 ἐκδικεῖν
2676 4621 2772 4689 τῆς
2802 4621 3170 4692 σφοδρότητος.
3219 4629 3314 4680 Διά
3349 4629 3504 4683 τοῦτο
3537 4635 3631 4686 καὶ

1988 4701 2309 4786 νομοθετῶν,
2339 4704 2387 4753 εἰ
2425 4705 2518 4756 καὶ
2544 4706 2798 4775 δευτέραν
2827 4708 3024 4776 ἔφησεν
3049 4709 3146 4779 τὴν
3174 4714 3252 4775 εἰς
3288 4714 3379 4767 τὸν
3405 4716 3630 4786 πλησίον

1987 4783 2205 4852 ἀγάπην
2230 4781 2392 4847 εἶναι,
2421 4786 2534 4839 ἀλλ’
2558 4789 2747 4856 ὁμοίαν
2773 4792 2838 4859 τῇ
2864 4791 3102 4861 προτέρᾳ
3120 4807 3135 4824 ⁸
3164 4795 3255 4846 καὶ
3282 4797 3466 4866 ῶσπερ
3489 4781 3629 4852 ἐκεί-

1988 4882 2084 4932 νην
2121 4867 2255 4934 μετά
2285 4867 2464 4938 πάσης
2494 4869 2713 4921 ἀπαιτεῖ
2732 4869 2832 4939 τῆς
2862 4871 3183 4940 ὑπερϐολῆς,
3215 4873 3354 4927 οῦτω
3382 4879 3474 4930 καὶ
3502 4881 3632 4933 ταύ-

1986 4964 2105 5015 την.
2145 4948 2259 5000 Ἐπ’
2276 4950 2482 5002 ἐκείνου
2500 4951 2604 5021 μέρ
2634 4952 2738 5022 γάρ
2757 4969 2939 5021 φησιν,
2977 4954 3076 5017 Ἐξ
3096 4955 3244 5022 ὅλης
3263 4958 3370 5025 τῆς
3384 4962 3632 5030 καρδίας

1987 5032 2253 5118 σουςκαί
2286 5034 2358 5118 ,ἐξ
2409 5035 2555 5102 ὅλης
2587 5036 2697 5104 τῆς
2739 5037 2943 5105 ψυχῆς
2989 5055 3137 5093 σου·
3183 5042 3275 5094 ἐπὶ⁸
3303 5044 3358 5096 δὲ
3407 5047 3626 5118 ταύτης,

2000 5115 2094 5179 Ὠς
2115 5114 2347 5170 ἑαυτόν.
2384 5118 2492 5170 Καὶ
2526 5119 2786 5188 ἑτέρωθεν
2823 5121 2919 5188 μὲν
2945 5121 3263 5191 πολλαχόθεν
3295 5125 3389 5178 ἴδοι
3426 5146 3506 5192 τις
3539 5114 3627 5195 ἀν,

1986 5199 2115 5268 ὅσην
2157 5201 2438 5272 ἀκρίϐειαν
2479 5204 2620 5273 ὑπὲρ
2651 5204 2760 5256 τῶν
2787 5207 2921 5276 πρὸς
2950 5207 3203 5279 ἀλλήλους
3239 5212 3382 5280 ἡμᾶς
3412 5214 3631 5272 ἀπαιτεῖ

1985 5285 2203 5339 δικαίων
2241 5291 2268 5340 6
2310 5289 2460 5350 Θεός.
2485 5289 2624 5360 Ὅρα
2657 5292 2786 5358 γοῦν
2810 5293 2969 5346 αὑτὸν
3006 5296 3098 5347 καὶ
3127 5296 3354 5350 ἐνταῦθα
3389 5302 3630 5370 σφοδρῶς

1987 5373 2331 5444 ἐπικείμενον
2355 5377 2447 5427 καὶ
2467 5375 2692 5440 αὔξοντα
2719 5379 2815 5448 τὴν
2839 5381 3163 5452 κατηγορίαν
3195 5383 3505 5454 βαρυτάτοις
3533 5390 3628 5458 ρή-

1990 5477 2149 5529 μασιν
2172 5477 2185 5492 ο
2239 5461 2418 5531 Ὑμεῖς
2453 5463 2541 5530 δὲ,
2574 5465 2725 5536 φησὶ,
2762 5467 2819 5520 τί
2863 5467 3252 5538 ἐνεπυρίσατε
3297 5471 3403 5525 τὸν
3443 5475 3628 5542 ἀμπε-

2046 5764 2260 5840 ⁸,Τήνέδέ
2288 5761 2534 5840 Ἑλληνίδα
2555 5766 2727 5828 οὐκέτι,
2744 5769 2968 5840 getp'item
2994 5784 3102 5823 ιένο
3120 5786 3269 5840 εει-ιιι.
3296 5775 3383 5825 ﬂic
3407 5793 3495 5840 por
3521 5773 3628 5840 Ἦλις

1984 5823 2146 5903 ληνίδα
2186 5823 2428 5903 ἱιιιοιίιςίι
2449 5842 2553 5903 eam
2587 5845 2695 5893 qua:
2717 5823 2977 5882 ’ἱῖιυιοιυιιι
3000 5823 3158 5884 ιὐιιιιι
3187 5823 3631 5903 αυὰιιξιίέεκὸιξᾯι

1989 5887 2191 5941 (λυ-κίονι
2228 5887 2555 5950 scric’liqucl.
2605 5887 2617 5893 ’
3328 5887 3334 5888 ⁷
3386 5901 3392 5906 ’
