4058 6216
209 362 285 417 49
1418 354 1484 410 IN
1521 354 1768 412 lSAlAM.
1807 357 1958 414 CAP.
1998 359 2087 414 ιιι.
3391 373 3466 432 50

198 463 418 533 (Matth.
440 465 534 520 22.
566 468 652 522 57.
682 468 793 534 59).
827 469 892 523 Et
910 469 1252 539 alibiquoque
1277 483 1416 536 saepe
1444 467 1620 522 videre
1642 469 1778 538 quis-

197 571 305 624 que
349 557 519 626 possit
554 568 806 627 quantam
852 560 992 615 Dens
1017 575 1046 612 a
1076 561 1228 614 nobis
1255 560 1430 628 exigat
1455 558 1777 628 diligentiam

195 645 347 700 circa
371 661 433 702 ea
461 663 581 717 qutn
621 650 771 704 nobis
802 659 984 704 mutuo
1015 650 1269 705 debemus
1307 649 1500 704 officia.
1544 649 1778 705 Observa

195 736 364 806 igitur
383 737 471 793 hic
488 740 683 795 acriter
701 741 1005 804 instantem,
1028 750 1084 797 et
1102 743 1488 797 accusationem
1507 741 1779 796 acerrimis

196 828 385 883 verbis
416 838 724 900 augentem.
739 846 859 886 cum
877 830 1037 887 dicit:
1066 832 1155 886 Vos
1171 839 1341 884 autem
1359 847 1450 883 cur
1489 831 1778 885 incendistis

193 917 399 971 vineam
425 935 586 972 meam
606 920 632 972 ?
674 920 822 986 Quod
853 921 1110 976 immanes
1137 919 1348 991 quidam
1376 921 1556 976 hostes
1583 932 1636 976 et
1658 921 1774 976 bar-

192 1008 316 1063 bari
345 1009 564 1064 fecerint
581 1051 596 1076 ,
638 1010 738 1066 hoc
778 1027 872 1066 vos
897 1027 1021 1082 erga
1046 1012 1335 1068 familiares
1358 1021 1564 1067 vestros
1586 1012 1775 1067 admit-

193 1099 331 1154 titis.
364 1097 584 1155 Vineam
616 1116 778 1171 porro
803 1113 958 1157 vocat
979 1103 1232 1172 populum
1257 1143 1272 1169 ,
1302 1102 1442 1173 quod
1469 1118 1589 1158 eum
1611 1103 1776 1157 multo

190 1189 377 1244 studio
412 1197 468 1246 et
503 1206 732 1259 superna
763 1192 1090 1260 providentia
1135 1201 1435 1247 conservet.
1485 1191 1552 1246 Et
1579 1205 1774 1260 augens

189 1280 590 1336 accusationem
612 1322 628 1346 ,
662 1298 765 1336 non
789 1284 918 1338 dixit
941 1325 958 1350 ,
998 1285 1106 1340 Cur
1128 1297 1412 1338 conservos
1432 1323 1448 1347 ,
1482 1281 1771 1352 proximos,

190 1370 394 1428 fratres
417 1390 433 1439 ;
463 1374 578 1440 sed,
603 1375 738 1441 Quid
763 1391 902 1442 mea,
928 1376 1116 1446 inquit,
1142 1374 1462 1444 perdidistis,
1493 1389 1605 1426 mea
1631 1372 1774 1426 labo-

191 1461 473 1520 factastis?
527 1465 728 1520 Deinde
773 1465 1002 1521 incendii
1049 1466 1280 1534 speciem
1321 1463 1624 1526 ostendens,
1650 1463 1768 1514 ait:

190 1556 405 1626 Rapina
432 1559 668 1628 pauperis
691 1568 760 1612 est
785 1559 837 1610 in
873 1558 1100 1611 domibus
1127 1558 1317 1612 uestris.
1369 1555 1481 1610 Non
1521 1555 1661 1609 enim
1703 1553 1770 1606 ita

188 1647 332 1701 solet
355 1648 562 1718 grando
587 1649 769 1704 vineas
794 1657 1031 1712 vastare,
1076 1657 1134 1703 ut
1168 1647 1413 1716 iniquitas
1441 1647 1686 1717 pauperis
1719 1654 1773 1699 et

189 1736 370 1805 inopis
420 1737 654 1791 animum
706 1737 1063 1801 succendere,
1106 1746 1276 1791 morte
1327 1737 1620 1806 graviorem
1672 1737 1771 1803 ipsi

190 1842 484 1883 mceror-em
509 1827 759 1883 inferens.
793 1827 996 1898 Ubique
1024 1828 1182 1898 igitur
1218 1829 1398 1896 rapina
1431 1828 1621 1880 malum
1653 1835 1766 1887 est;

190 1918 428 1972 maxime
455 1931 585 1972 vero
612 1933 732 1972 cum
761 1918 805 1972 is
839 1918 924 1972 cui
962 1917 1213 1972 damnum
1254 1916 1474 1972 infertur
1504 1917 1556 1970 in
1595 1926 1771 1970 extre-

191 2025 337 2064 mam
364 2010 612 2066 redac'tus
639 2021 723 2065 est
748 2019 1128 2081 paupertatem.
1157 2010 1338 2079 Neque
1365 2017 1566 2064 tantum
1595 2008 1766 2062 incre-

191 2109 284 2169 pat
312 2100 430 2156 huic
456 2100 684 2155 dicendo
705 2142 718 2164 ,
765 2100 860 2155 sed
887 2101 1045 2155 etiam
1076 2100 1313 2170 corrigit,
1342 2099 1557 2153 mittens
1583 2112 1676 2153 eos
1701 2097 1767 2152 ad

188 2193 394 2260 rapina:
438 2192 817 2260 spectaculum.
864 2192 984 2248 Post
1032 2192 1326 2260 huiusmodi
1366 2190 1561 2245 dictum
1600 2191 1766 2256 enim,

189 2293 438 2353 aspectus
479 2284 556 2338 rei
599 2283 700 2338 sub
747 2283 916 2338 oculis
961 2283 1145 2352 posita:
1189 2298 1548 2353 compungere
1595 2290 1770 2351 potest

188 2391 335 2442 enm,
375 2376 464 2445 qui
499 2390 602 2429 non
633 2374 1094 2444 impudentissimo
1127 2373 1280 2428 fuerit
1320 2375 1515 2427 animo.
1549 2373 1634 2428 15.
1665 2373 1768 2426 Cur

185 2484 273 2522 vos
301 2468 492 2538 injuria
527 2467 720 2537 aﬁicitis
759 2467 1001 2537 papulum
1028 2467 1236 2520 meum?
1286 2465 1337 2519 In
1365 2465 1554 2520 eodem
1583 2479 1766 2519 rursus

187 2569 496 2628 perseverat
523 2557 733 2612 dicendi
759 2572 955 2627 genere
987 2574 998 2608 :
1031 2558 1166 2610 sicut
1189 2557 1324 2619 illic,
1361 2555 1563 2608 Vincunt
1583 2570 1763 2620 meam,

185 2651 255 2704 ita
286 2650 393 2713 hic,
427 2649 686 2716 Populum
705 2665 886 2711 meum,
915 2648 1059 2701 dicit.
1095 2647 1158 2699 Et
1181 2647 1334 2714 [acies
1356 2645 1620 2698 humilium
1644 2661 1765 2698 con-

185 2739 442 2812 funditis?
480 2740 622 2806 Quos
647 2739 912 2808 corrigere
939 2738 1249 2806 oportebat,
1302 2736 1399 2791 hos
1452 2735 1760 2805 impellitis;

185 2847 320 2902 quos
358 2831 567 2900 erigere
589 2871 605 2894 ,
652 2829 752 2883 hos
786 2828 1138 2897 confringitis.
1188 2826 1317 2880 Nam
1349 2835 1468 2895 post
1503 2826 1761 2894 rapinam,

185 2921 404 2976 viliores
434 2919 773 2988 respuebant,
803 2928 856 2972 et
885 2917 1146 2985 indignius
1172 2932 1332 2987 quam
1362 2915 1638 2984 mancipiis
1660 2915 1764 2968 illis

184 3012 500 3074 utebantur,
530 3018 724 3079 praeter
751 3009 1022 3063 avaritiam
1050 3008 1401 3076 arrogantiam
1428 3021 1636 3076 quoque
1666 3021 1762 3060 au-

181 3113 404 3173 gentes,
450 3112 504 3156 ct
550 3117 644 3170 per
681 3101 888 3155 divitias
933 3101 1108 3169 inique
1151 3111 1326 3168 partas
1351 3099 1513 3153 multa
1549 3099 1764 3166 insuper

182 3209 308 3250 sese
349 3193 631 3248 efferentes
661 3190 981 3260 arrogantia.
1026 3189 1274 3243 Avaritia:
1313 3190 1456 3242 enim
1501 3189 1763 3258 superbia:

181 3285 408 3339 morbus
442 3282 744 3352 adiungitur
772 3299 785 3335 :
817 3292 870 3335 et
901 3292 1098 3348 quanto
1139 3280 1256 3348 plus
1294 3280 1502 3335 divitias
1526 3279 1646 3347 quis
1668 3293 1763 3332 eu-

179 3375 419 3439 mularit,
461 3383 606 3426 tanto
636 3373 802 3440 magis
830 3370 1048 3425 morbus
1077 3369 1163 3424 hic
1189 3369 1491 3424 increverit.
1537 3368 1650 3422 Hoc
1677 3369 1761 3421 di-

179 3467 246 3517 cit
278 3464 546 3528 Dominus,
577 3461 838 3527 Dominus,
869 3462 1114 3514 Dominus
1142 3462 1466 3514 exercituum.
1493 3458 1627 3527 Quid
1657 3466 1758 3524 est,

181 3553 552 3608 Exercituum?
575 3554 894 3623 Angelorum
921 3552 1066 3618 dicit,
1096 3551 1548 3620 archangelorum,
1572 3565 1759 3619 snper-

181 3661 371 3700 narum
399 3645 648 3698 virtutum
671 3685 686 3710 ,
715 3659 747 3698 a
777 3653 918 3698 terra
948 3644 1012 3697 ad
1054 3643 1241 3697 cadum
1273 3642 1568 3695 auditorem
1597 3640 1760 3693 addu-

182 3750 343 3798 ccns,
369 3745 428 3788 ut
457 3735 557 3803 ipsi
591 3735 964 3804 cogitationem
991 3735 1164 3802 magni
1196 3734 1334 3788 illius
1362 3733 1510 3802 regni
1539 3732 1757 3800 injiciat,

182 3840 241 3881 ut
290 3827 436 3879 illum
488 3828 564 3880 sic
618 3827 970 3895 stupefactum
1009 3824 1440 3893 temperatiorem
1491 3822 1756 3885 redderet,

181 3917 592 3983 ostenderetque
619 3925 816 3970 tantam
838 3916 1141 3984 patientiam
1170 3929 1273 3968 non
1296 3914 1635 3978 infirmitatis,
1664 3913 1757 3967 sed

182 4008 397 4060 maximi
435 4006 596 4059 animi
638 4020 778 4060 esse.
830 4004 916 4059 16.
953 4005 1074 4058 flwc
1110 4006 1230 4058 dicit
1260 4005 1522 4058 Dominus.
1569 4005 1674 4056 I’ro
1702 4019 1758 4056 co

181 4097 316 4165 quod
349 4097 582 4150 exaltatw
618 4107 732 4149 sunt
775 4096 898 4164 ﬁlia:
937 4095 1098 4161 Sion,
1142 4105 1189 4149 ct
1227 4112 1434 4165 egressae
1469 4104 1584 4147 sunt
1628 4097 1758 4148 elato

179 4193 334 4248 collo.
366 4200 411 4242 et
437 4189 638 4242 nutibus
671 4189 966 4251 oculorum,
1009 4199 1052 4241 et
1087 4191 1279 4240 incessu
1307 4187 1484 4256 pedum
1513 4187 1756 4238 trahentes

179 4281 334 4334 simul
359 4281 550 4332 tunicas
572 4321 584 4343 ,
613 4281 855 4350 simulque
879 4280 1083 4348 pedibus
1105 4279 1348 4332 ludentes.
1380 4280 1466 4332 17.
1495 4278 1561 4332 Et
1588 4279 1757 4331 humi-

181 4372 326 4425 liabit
349 4370 486 4424 Deus
510 4372 861 4424 dominatrices
890 4371 1022 4439 ﬁlias
1045 4371 1192 4434 Sion,
1227 4380 1272 4423 et
1297 4369 1540 4422 Dominus
1567 4371 1755 4422 revela—

179 4466 248 4518 bit
278 4463 499 4516 habitum
535 4480 706 4518 earum
735 4464 788 4516 in
813 4464 894 4517 die
917 4463 1028 4517 illa.
1072 4464 1158 4518 18.
1191 4462 1256 4520 Et
1293 4466 1484 4532 auferet
1509 4460 1757 4514 Dominus

179 4557 396 4627 gloriam
420 4556 693 4610 uestimenti
720 4572 914 4620 carum,
951 4565 997 4608 et
1017 4566 1248 4608 ornatum
1268 4571 1440 4607 earum
1467 4555 1566 4623 (a),
1583 4565 1626 4607 et
1647 4556 1753 4606 ciu-

177 4651 356 4703 cinnos
393 4665 597 4713 earum,
641 4659 684 4702 et
715 4648 972 4717 corymbos
992 4688 1008 4713 ,
1040 4658 1084 4700 ct
1115 4647 1318 4701 lunulas
1339 4687 1352 4709 ,
1387 4647 1472 4700 19.
1506 4654 1550 4698 et
1575 4645 1756 4698 monile

178 4755 354 4793 carum
376 4779 391 4803 ,
423 4748 469 4790 et
499 4749 729 4791 ornatum
755 4739 900 4808 [aciei
930 4754 1100 4791 earum
1124 4778 1139 4802 ,
1174 4747 1219 4789 et
1246 4737 1648 4804 compositionem
1675 4752 1757 4787 or-

177 4830 406 4884 namenti
433 4829 626 4898 gloriae,
649 4839 694 4881 et
718 4829 964 4893 armillas,
989 4838 1034 4880 et
1062 4837 1279 4897 torques,
1303 4827 1393 4881 ‘20.
1414 4836 1458 4880 et
1475 4827 1750 4888 reticulum,

178 4935 224 4978 ct
248 4923 489 4985 annulus,
531 4931 577 4974 et
601 4921 830 4984 collaria,
859 4931 906 4973 et
928 4922 1149 4983 inaures,
1185 4921 1272 4972 21.
1301 4929 1346 4972 et
1375 4935 1598 4987 purpura
1623 4934 1754 4986 prte-

178 5023 346 5066 tcxtas
367 5052 382 5074 ,
428 5021 473 5064 et
502 5026 694 5080 pannos
725 5026 810 5079 per
839 5011 1072 5074 domum,
1119 5020 1164 5062 et
1194 5011 1455 5079 perspicua
1486 5006 1753 5070 Laconica,

173 5103 267 5157 9.9...
313 5112 361 5155 et
390 5101 609 5171 byssina,
640 5111 684 5152 et
711 5101 1032 5169 hyacinthina
1054 5115 1074 5162 ;
1105 5100 1191 5154 25.
1213 5101 1459 5164 coccinea,
1488 5111 1532 5152 et
1560 5100 1757 5168 byssum

174 5211 295 5249 cum
323 5209 449 5246 uuro
476 5203 520 5246 et
542 5192 812 5261 hyacintho
849 5201 1148 5254 contextam,
1179 5201 1225 5246 et
1255 5193 1483 5244 thcristra
1510 5209 1634 5244 auro
1661 5192 1756 5242 ad-

173 5292 369 5344 stricta.
413 5286 502 5340 24.
531 5284 598 5338 Ει
621 5286 714 5338 erit
739 5301 828 5354 pro
853 5286 993 5336 suavi
1021 5286 1172 5337 odore
1211 5287 1399 5353 pulvis,
1428 5295 1474 5336 et
1514 5301 1603 5350 pro
1631 5299 1759 5334 zona

178 5380 410 5452 funiculo
437 5379 650 5447 ciugeris
673 5420 686 5438 ,
717 5388 761 5431 et
789 5393 878 5445 pro
909 5388 1198 5430 ornamento
1219 5379 1394 5444 capitis
1419 5378 1487 5428 tui
1514 5376 1757 5428 calvitiem

178 5471 388 5526 habebis
414 5481 616 5538 propter
643 5485 792 5538 Opera
821 5478 908 5520 tua
932 5508 944 5530 ,
989 5477 1036 5520 e:
1061 5484 1152 5536 pro
1183 5469 1348 5521 tunica
1389 5483 1616 5536 purpura
1651 5467 1757 5520 cla-

176 5572 296 5620 t'ala
335 5561 410 5632 (b)
462 5561 863 5630 circumcingeris
909 5575 1074 5612 sacco.
1125 5559 1247 5612 lla‘c
1291 5559 1373 5610 tibi
1424 5576 1512 5626 pro
1557 5567 1754 5611 ornatu.

245 5699 320 5757 (η)
354 5705 430 5746 lla?
458 5711 618 5749 voces.
644 5704 687 5744 et
706 5704 922 5744 ornatum
947 5709 1128 5746 carum.
1155 5697 1331 5744 desunt
1355 5699 1399 5742 in
1427 5696 1600 5743 Bililiis.

246 5701 296 5757 (η
354 5705 430 5746 lla?
458 5711 618 5749 voces.
644 5704 687 5744 et
706 5704 922 5744 ornatum
947 5709 1128 5746 carum.
1155 5701 1331 5744 desunt
1355 5701 1399 5742 in
1427 5701 1555 5743 Biliili

246 5701 320 5822 (lt;
352 5761 472 5809 Vide
495 5759 802 5819 Antiquitatis
827 5767 998 5806 nostra;
1044 5765 1167 5806 'l'oin.
1197 5761 1242 5815 3,
1271 5759 1351 5805 lib.
1385 5760 1420 5815 1,
1446 5772 1486 5805 ς.
1513 5760 1557 5802 8.

1887 467 1977 522 25.
2014 467 2078 522 Et
2120 469 2256 536 ﬁlius
2289 479 2401 526 tuus
2439 471 2801 540 pulcherrimus
2821 511 2833 534 ,
2879 487 3024 540 quem
3049 471 3254 542 diligis,
3284 471 3461 542 gladio

1883 558 2022 611 cadet
2045 575 2065 622 ;
2108 569 2155 612 et
2179 563 2330 629 fortes
2357 563 2506 616 vestri
2543 563 2713 631 gladio
2735 565 2931 630 cadent,
2963 572 3008 617 et
3032 563 3450 618 humiliabuntur.

1881 645 1970 702 26.
1996 647 2062 700 Et
2087 650 2318 717 lugebant
2343 653 2495 704 theca:
2515 660 2718 705 ornatus
2738 652 2903 717 uestri,
2932 660 2978 706 et
3004 653 3298 718 relinqueris
3321 654 3451 716 sola,

1882 747 1926 792 et
1955 739 2006 791 in
2047 748 2228 794 terram
2271 742 2594 809 prosterncris
2627 742 2726 814 (α).
2761 743 3027 798 Insolitam
3055 759 3170 799 rem
3196 745 3450 814 preplieta

1882 828 2034 896 fecit,
2077 830 2288 900 longum
2313 831 2379 887 ad
2413 833 2660 888 mulieres
2685 833 2918 904 dirigens
2946 849 3280 903 sermonem,
3308 837 3449 904 quod

1882 935 2138 989 nusquam
2177 923 2230 976 in
2265 923 2548 993 Scripturis
2591 924 2783 980 factum
2827 925 3084 981 videmus.
3133 926 3262 995 Quae
3293 927 3450 996 igitur

1884 1027 2036 1067 causa
2062 1022 2145 1068 est
2172 1014 2396 1070 insolitae
2427 1015 2540 1070 rei?

1950 1103 2003 1157 8.
2034 1101 2249 1158 Videtur
2273 1105 2400 1158 mibi
2427 1113 2552 1159 tunc
2575 1106 2827 1174 temporis
2859 1121 3102 1175 magnam
3138 1107 3301 1162 fuisse
3329 1122 3447 1160 mu-

1878 1189 2065 1246 lierum
2095 1194 2385 1258 mollitiem,
2415 1197 2740 1263 multumque
2765 1196 3051 1252 contulisse
3071 1197 3189 1252 illas
3217 1197 3283 1251 ad
3310 1199 3444 1252 viro-

1877 1295 1995 1335 rum
2033 1283 2340 1352 nequitiam.
2381 1283 2504 1340 ldeo
2533 1285 2653 1340 illas
2691 1286 2968 1356 Speciatim
3001 1286 3288 1357 redarguit,
3327 1302 3447 1358 gra-

1879 1374 2092 1428 vissima
2121 1375 2226 1430 illis
2251 1376 2480 1432 offerens
2503 1377 2748 1443 crimina,
2777 1392 3186 1447 sermonemque
3213 1378 3278 1433 ad
3301 1378 3448 1448 prin-

1876 1464 2070 1532 cipium
2097 1477 2331 1533 revocat,
2363 1483 2426 1523 ex
2453 1482 2678 1536 persona
2709 1467 2802 1522 Dei
2833 1468 3020 1522 iterum
3047 1468 3291 1538 loquens.
3317 1467 3444 1522 Haec

1876 1557 1996 1612 dicit
2023 1557 2271 1613 Dominus
2295 1576 2315 1615 :
2341 1559 2447 1614 Pro
2475 1576 2532 1614 eo
2571 1560 2707 1630 quod
2743 1559 2975 1614 excitata:
3005 1570 3124 1614 sunt
3149 1561 3270 1630 ﬁlia:
3295 1559 3441 1625 Sion,

1877 1655 1923 1701 et
1961 1648 2331 1702 ambulauerunt
2357 1651 2488 1703 elato
2512 1650 2663 1703 collo.
2705 1650 2873 1718 Caput
2898 1649 3158 1703 malorum
3189 1650 3316 1716 ipsis
3339 1649 3448 1704 cri-

1875 1737 2003 1792 mini
2039 1738 2165 1803 dat,
2197 1740 2492 1810 superbiam
2521 1748 2577 1795 et
2603 1739 2978 1809 arrogantiam.
3024 1740 3135 1794 Hoc
3159 1740 3300 1794 enim
3327 1739 3444 1793 ubi-

1875 1842 1976 1897 que
2016 1842 2178 1898 grave
2217 1838 2326 1896 est,
2376 1831 2604 1884 maxime
2629 1845 2755 1884 vero
2779 1845 2898 1885 cum
2933 1831 2986 1885 in
3027 1830 3268 1885 muliebri
3312 1845 3443 1884 sexu

1875 1917 2128 1972 exoritur.
2182 1919 2304 1974 Alto
2341 1921 2481 1974 enim
2509 1920 2697 1990 spiritu
2727 1919 2885 1988 plena
2910 1919 3128 1987 mulier,
3158 1928 3342 1988 utpote
3371 1920 3445 1974 lc-

1873 2007 1990 2062 vior
2012 2016 2068 2062 et
2097 2009 2536 2075 irrationabilior,
2565 2010 2718 2063 facile
2750 2010 3070 2078 pervertitur
3092 2051 3108 2073 ,
3145 2010 3444 2078 submergi-

1877 2104 1991 2161 tur,
2039 2097 2367 2168 naufragium
2411 2101 2643 2168 patitur,
2694 2100 2761 2153 ab
2804 2101 2947 2154 omni
2984 2100 3212 2168 maligno
3258 2099 3442 2167 spiritu

1876 2187 2119 2257 impulsa,
2153 2189 2285 2244 fastu
2315 2199 2370 2245 et
2397 2191 2694 2260 arrogantia
2727 2191 2889 2259 ipsam
2922 2190 3315 2259 submergente.
3354 2189 3443 2242 Vi-

1872 2281 2026 2335 detur
2068 2298 2227 2350 porro
2265 2283 2732 2353 Jerosolymitanas
2780 2282 3029 2336 mulieres
3073 2281 3270 2350 alloqui
3303 2300 3316 2334 :
3354 2281 3441 2335 id-

1871 2389 2040 2444 eoque
2068 2375 2199 2428 filias
2230 2375 2355 2430 Sion
2384 2379 2608 2430 vocavit.
2637 2374 2700 2427 Et
2726 2375 3103 2428 ambulaverunt
3129 2375 3260 2427 elato
3285 2372 3439 2426 collo.

1875 2464 1966 2518 llic
1994 2465 2111 2518 illas
2134 2464 2377 2531 traducit,
2417 2480 2478 2520 ac
2506 2465 2813 2518 muliebrem
2842 2463 3076 2518 ostendit
3104 2463 3316 2526 fastum,
3349 2462 3440 2530 qui

1871 2571 1976 2610 non
2009 2565 2182 2624 potest
2223 2557 2275 2610 in
2321 2555 2497 2610 animo
2522 2569 2581 2609 se
2615 2556 2888 2608 continere
2909 2594 2927 2618 ,
2957 2552 3051 2607 sed
3081 2553 3345 2622 erumpit,
3375 2567 3441 2607 ac

1869 2661 1965 2716 per
1989 2661 2275 2715 corporeos
2312 2656 2484 2700 motus
2505 2660 2623 2700 sese
2650 2644 2844 2713 prodit.
2871 2643 2978 2699 Nec
3010 2643 3063 2697 in
3083 2643 3436 2713 arrogantiam

1871 2739 2062 2802 modo,
2113 2738 2205 2792 sed
2251 2738 2408 2792 etiam
2453 2738 2507 2792 in
2548 2737 2819 2792 lasciviam
2850 2737 2967 2790 illas
2992 2735 3212 2806 dejicit;
3258 2735 3433 2790 hocin

1868 2829 2209 2898 sequentibus
2233 2829 2360 2883 dicit
2387 2837 2441 2884 et
2464 2829 2714 2884 declarat.
2765 2828 2941 2898 Pergit
2972 2829 3130 2897 igitur
3160 2845 3173 2881 :
3202 2827 3270 2882 Et
3296 2829 3434 2882 nuti-

1867 2919 1958 2974 bus
1979 2921 2234 2974 oculorum
2254 2962 2268 2986 ,
2299 2920 2350 2975 id
2386 2921 2524 2991 quod
2549 2920 2868 2974 amasiarum
2894 2920 3166 2989 proprium
3188 2927 3270 2974 est
3286 2960 3300 2983 ,
3339 2932 3434 2987 pu-

1869 3011 2020 3081 pillas
2046 3021 2273 3077 vertere,
2299 3012 2676 3081 mollitiemque
2704 3011 2920 3065 multam
2941 3020 2993 3065 ct
3023 3009 3290 3064 lasciviam
3313 3009 3435 3064 hinc

1867 3101 2198 3172 exprimere;
2249 3103 2487 3157 mollitiei
2513 3113 2686 3156 autem
2726 3117 2789 3156 ac
2830 3101 3058 3156 lascivia:
3099 3101 3302 3155 nullum
3334 3100 3434 3154 hoc

1867 3193 2037 3261 majus
2075 3191 2322 3245 indicium
2369 3191 2606 3245 habetur.
2657 3190 2723 3242 Et
2753 3191 2948 3243 incessu
2976 3190 3156 3257 pedum
3185 3189 3435 3242 trahentes

1865 3282 2015 3336 simul
2043 3283 2253 3335 tunicas.
2285 3280 2399 3335 Non
2420 3282 2604 3349 exigua
2628 3281 2742 3334 lucc
2759 3287 2843 3333 est
2861 3279 3162 3332 criminatio
3182 3320 3198 3342 ,
3225 3279 3431 3333 etiamsi

1867 3388 2027 3443 parva
2055 3372 2296 3427 videatur
2323 3387 2440 3426 esse
2464 3412 2479 3437 ,
2524 3370 2619 3425 sed
2658 3380 2909 3425 extremae
2947 3379 3029 3424 est
3077 3369 3432 3436 corruptionis

1866 3475 2260 3534 argumentum,
2287 3465 2520 3520 mollitiei
2543 3478 2750 3532 nempe,
2778 3463 3022 3525 lasciviae,
3043 3457 3428 3518 dissolutionis,

1869 3560 2039 3611 tunica
2071 3557 2333 3611 diffluens.
2386 3556 2496 3611 lloc
2530 3565 2841 3610 exterorum
2883 3555 3142 3624 quispiam
3184 3554 3432 3608 adversa-

1866 3649 2000 3702 rium
2023 3663 2174 3700 suum
2199 3648 2474 3700 traducens
2502 3645 2578 3700 sic
2603 3645 2862 3714 expressit
2889 3661 2901 3696 :
2931 3644 3152 3698 Pallium
3173 3645 3430 3697 dcmittens

1866 3755 2019 3808 usque
2046 3738 2112 3790 ad
2137 3738 2263 3790 talos
2295 3737 2390 3806 (b).
2437 3735 2696 3804 Simulque
2729 3735 2931 3794 pedibus
2967 3735 3209 3788 ludentes.
3240 3735 3304 3788 Et
3331 3733 3430 3787 hoc

1866 3844 2072 3882 rursum
2101 3827 2336 3896 ejusdem
2378 3827 2714 3895 turpitudinis
2755 3825 3134 3880 demonstratio
3171 3836 3272 3880 est.
3328 3825 3429 3878 Per

1867 3917 1978 3973 haec
2005 3919 2143 3971 enim
2189 3917 2360 3971 omnia
2382 3957 2396 3980 ,
2453 3931 2544 3984 per
2571 3915 2752 3968 oculos
2771 3957 2784 3978 ,
2827 3930 2922 3983 per
2951 3915 3257 3968 vestimenta
3276 3955 3289 3978 ,
3336 3928 3428 3982 per

1865 4012 2024 4081 pedes
2048 4053 2062 4074 ,
2096 4026 2190 4078 per
2219 4011 2479 4062 incessum
2506 4049 2519 4069 ,
2565 4022 2656 4060 seu
2687 4008 2900 4060 castitas
2931 4021 3026 4060 seu
3069 4005 3277 4058 lascivia
3306 4019 3426 4059 sese

1865 4102 2059 4170 prodit.
2104 4101 2234 4153 Nam
2277 4101 2417 4153 intus
2459 4097 2694 4152 sedentis
2733 4097 2921 4150 anima:
2965 4109 3213 4150 sensuum
3254 4106 3428 4149 motus

1863 4193 2008 4261 quasi
2053 4206 2324 4260 praecones
2351 4190 2562 4261 quidam
2593 4199 2734 4244 sunt.
2770 4190 2844 4242 Ac
2869 4187 3309 4258 quemadmodum
3343 4189 3425 4254 pi-

1864 4295 2036 4340 ctores
2056 4285 2263 4340 Colores
2286 4284 2541 4354 quosdam
2564 4283 2866 4343 miscentes,
2898 4280 3154 4348 imagines
3181 4295 3312 4346 quas
3336 4294 3424 4331 vos

1865 4379 1975 4432 lunt
2002 4376 2304 4444 exprimunt
2338 4391 2353 4428 :
2389 4376 2465 4428 sic
2489 4383 2543 4428 et
2569 4383 2742 4426 motus
2773 4372 3132 4426 membrorum
3163 4368 3423 4436 corporis,

1863 4469 2020 4521 animi
2052 4468 2385 4521 characteres
2414 4465 2554 4518 foras
2590 4470 2908 4532 expromunt
2933 4501 2946 4524 ,
2997 4469 3049 4514 et
3089 4469 3212 4511 ante
3240 4457 3424 4512 oculos

1864 4570 2070 4614 nostros
2113 4568 2333 4628 ponunt.
2384 4555 2736 4623 Quamobrem
2769 4555 2900 4607 alius
2929 4552 3188 4622 quispiam
3214 4551 3428 4619 sapiens

1862 4649 2068 4704 dicebat
2096 4665 2107 4701 :
2132 4649 2352 4701 Amictus
2383 4647 2491 4712 viri,
2521 4655 2568 4699 et
2593 4647 2722 4698 risus
2751 4645 2990 4711 dentium,
3023 4654 3067 4696 et
3094 4644 3312 4696 incessus
3343 4658 3429 4710 pe-

1863 4740 1942 4792 dis
1965 4745 2407 4805 annuntzantqua:
2432 4736 2500 4788 ad
2521 4736 2692 4802 ipsum
2712 4744 2962 4801 spectant.
2988 4735 3168 4803 (Eccli.
3198 4735 3280 4789 19.
3309 4736 3421 4804 27.)

1946 4885 1996 4948 η)
2019 4886 2110 4948 llic
2132 4886 2255 4946 Reg.
2280 4882 2532 4946 subiungit
2555 4888 2876 4948 totum_caput
2896 4890 3122 4948 quartum
3149 4883 3297 4931 Isaite.

1951 4943 1996 5008 b)
2025 4946 2075 4992 In
2099 4943 2403 4994 lumélocum
2429 4943 2562 4993 ndtat
2592 4943 2932 5004 Boisius’apud
2954 4945 3186 4990 Savilinm
3221 4959 3231 4990 :
3263 4959 3283 5008 ι
3319 4943 3424 5008 Ipse

1864 5003 2000 5057 locus
2022 5008 2230 5055 nondum
2252 5009 2480 5059 occurrit.
2508 5020 2600 5054 nec
2631 5012 2764 5052 vacat
2789 5003 2914 5052 tuine
2937 5017 3163 5064 quaerere
3194 5018 3204 5050 :
3231 5003 3425 5050 similli-

1863 5083 1936 5116 ma
1964 5075 2123 5116 tamen
2149 5075 2262 5116 sunt
2283 5075 2333 5116 et
2366 5069 2584 5127 ejusdem
2629 5069 2771 5126 plane
2813 5075 3037 5120 mnnelrn,
3063 5079 3174 5124 qum
3199 5068 3248 5112 in
3274 5079 3426 5113 uniuu

1863 5132 2063 5190 Collegit
2088 5129 2394 5178 doctissimus
2415 5129 2726 5175 (“asaubonus
2762 5127 3310 5190 nosterCommentario
3338 5141 3428 5172 suo

1863 5192 1920 5238 ad
1942 5189 2262 5250 Tlieophrasti
2287 5191 2604 5250 (lliaractercs
2624 5190 2781 5246 Cupite
2809 5191 2884 5232 cui
2913 5189 3106 5232 llrmrus
3131 5189 3303 5250 titulus
3329 5193 3424 5250 est,

1865 5265 1948 5312 ιιιρὶ
1969 5245 2307 5312 μικροᾶοτίαωιδὶ
2332 5249 2401 5298 sic
2422 5250 2590 5296 scribit
2616 5263 2626 5294 :
2652 5245 3062 5312 Quemadmodum
3090 5247 3237 5312 vestis
3261 5245 3425 5312 brevi-

1866 5309 1938 5361 tas
1965 5309 2045 5360 est
2060 5309 2270 5360 sordium
2294 5315 2652 5371 argumentum,
2692 5311 2761 5355 sic
2788 5311 2936 5371 restis
2964 5309 3020 5354 ad
3045 5309 3169 5371 talos
3195 5309 3426 5371 (it-missu,

1867 5373 1975 5420 vitae
1999 5373 2221 5422 delicatus
2242 5380 2293 5420 et
2313 5367 2579 5424 dissolutae,
2601 5375 2654 5417 ut
2677 5370 2803 5423 apud
2831 5370 3080 5415 Platonem
3104 5368 3149 5416 in
3175 5367 3427 5416 Alcibiade

1866 5436 2027 5496 priore
2066 5431 2529 5496 tuuicwprolractio
2566 5429 2798 5496 indicium
2824 5429 3075 5496 .mollitiei.
3114 5432 3228 5496 Inde
3259 5430 3422 5496 Horat.

1872 5487 2066 5555 iipodnn
2117 5494 2205 5543 Od.
2234 5487 2297 5541 [ς
2335 5495 2538 5541 Sacram
2563 5489 2778 5555 metiente
2820 5498 2861 5539 tc
2881 5490 3008 5555 pium
3037 5505 3142 5555 cum
3168 5488 3332 5555 bis_tcr
3353 5487 3428 5555 ul-_

1867 5547 2038 5610 narum
2063 5564 2185 5616 toga.
2215 5555 2353 5615 Apud
2384 5557 2582 5616 Dionem
2617 5551 3016 5616 (‘alrnuscbjirit
3039 5549 3261 5616 Ciceroni
3297 5547 3430 5606 quod

1867 5631 2012 5680 usque
2035 5618 2096 5680 uti
2111 5612 2238 5664 talos
2261 5612 2728 5680 restentdemitteret.
2753 5629 2768 5658 ι
2799 5612 2884 5660 llis
2906 5613 3430 5680 adiiciatur(Iit-ormnem

1871 5674 2022 5737 ipsum
2049 5679 2267 5737 Catilina}
2289 5676 2488 5737 Lissi-clis
2512 5676 2808 5737 exprobrari-
2837 5676 2966 5732 quod
2994 5674 3299 5737 inceden-ut.
3317 5685 3432 5737 _nm_-

1869 5732 2032 5788 uicatis
2052 5746 2094 5787 ct
2107 5733 2530 5795 tuluribustunicis,
2545 5732 2660 5785 velis
2673 5735 2886 5793 tintictus,
2902 5750 2990 5781 nm
3010 5732 3126 5794 togis
3165 5734 3213 5780 ln
3227 5735 3304 5782 tlal
3317 5732 3367 5781 il.
3383 5733 3423 5778 ‘2.
