4058 6216
617 345 685 398 51
1353 335 1409 390 8.
1449 335 1722 390 ,ΙΟᾹΝΝΙΞ
1760 332 2190 390 ΟΗΒΫΒΟΞΤΟΜ

2298 329 2576 384 tRClllEP.
2618 329 3144 385 CONSTANTINOP.
3775 333 3850 387 52

622 454 683 500 1ιί
716 446 1008 500 humiliabit
1032 446 1166 499 Deus
1192 445 1556 499 dominatrices
1599 446 1736 514 ﬁlias
1771 445 1940 499 Sion:
1969 455 2017 500 et
2063 447 2173 501 Do-

620 539 792 592 minus
821 538 1060 591 reuelabit
1091 537 1321 590 habilum
1354 554 1532 592 earum
1553 541 1608 591 in
1643 540 1724 591 die
1745 539 1858 591 illa.
1882 539 1947 592 Et
1975 542 2173 610 auferet

619 630 873 682 Dominus
889 629 1109 698 gloriam
1124 629 1410 682 vestimenti
1428 645 1629 683 earum.
1646 629 1861 682 Duobus
1876 629 2063 698 positis
2079 629 2177 684 cri-

621 721 869 783 minibus,
909 721 1206 788 arrogantia
1229 730 1281 773 et
1309 721 1540 782 lascivia,
1573 721 1789 786 singulis
1809 722 2182 785 congruentiam

621 810 837 863 adhibet
860 809 1168 863 medicinam
1187 851 1200 873 ,
1232 809 1402 877 primo
1427 809 1672 876 primam,
1702 805 1934 860 secundo
1955 817 2182 871 sequen-

623 906 773 952 tem:
810 900 1155 968 arrogantiae,
1197 899 1649 962 humiliationem;
1699 895 1912 950 ornatui
1953 895 2182 956 habitus,

623 987 785 1057 ipsius
805 990 1185 1058 ahrcptionem.
1211 989 1378 1051 Bello,
1404 987 1588 1056 inquit,
1615 998 1736 1041 tunc
1751 995 1990 1055 urgente,
2013 985 2187 1038 omnia

624 1077 946 1132 Iulerentur.
1005 1080 1133 1145 Qure
1185 1080 1326 1134 enim
1375 1079 1645 1132 tumebant
1691 1085 1744 1132 et
1788 1075 2182 1144 superbiebant,

624 1180 768 1222 metu
806 1183 1157 1238 compressae,
1197 1170 1262 1224 ab
1301 1170 1399 1223 hoc
1424 1170 1609 1223 morbo
1638 1168 1994 1222 liberabuntur
2027 1184 2040 1219 :
2073 1181 2188 1236 quae

624 1260 843 1313 mollitie
872 1272 922 1314 et
949 1261 1071 1314 luxu
1103 1263 1314 1313 omnino
1334 1261 1658 1325 difﬂuebant,
1688 1261 1737 1314 in
1766 1260 2078 1328 captivitatis
2101 1260 2187 1327 ju-

623 1365 745 1419 gum
781 1351 1089 1416 incidentes,
1115 1352 1180 1405 ab
1201 1351 1340 1405 omni
1365 1352 1449 1404 illa
1481 1351 1698 1405 mollitie
1718 1359 1990 1404 eruentur.

697 1438 969 1493 Mulierum
1023 1440 1186 1494 luxus.
1214 1470 1282 1480 ——
1316 1440 1386 1495 Ut
1431 1449 1605 1494 autem
1656 1439 2015 1494 onerosiorem
2062 1436 2190 1505 ipsis

626 1537 829 1583 texeret
859 1544 1177 1594 sermonem,
1211 1538 1263 1584 et
1291 1529 1588 1583 auditarum
1619 1539 1845 1582 mentem
1876 1526 2193 1597 perstringe-

626 1627 1103 1681 ret,ornainentnm
1128 1619 1345 1672 vestium
1370 1619 1641 1671 mulierum
1665 1617 1871 1670 illarum
1897 1615 2190 1669 minutatim

625 1714 898 1772 recenset,
929 1713 1050 1774 puta
1077 1721 1355 1761 aureorum
1376 1721 1392 1772 ;
1416 1707 1537 1775 quid
1567 1708 1616 1760 in
1644 1707 1828 1771 oculis,
1860 1705 1981 1775 quid
2023 1706 2073 1758 in
2103 1719 2192 1759 re-

629 1797 772 1864 liquo
792 1811 1014 1866 corpore
1042 1813 1056 1850 :
1087 1797 1208 1851 hinc
1232 1800 1468 1866 procedit
1490 1799 1554 1852 ad
1578 1799 1764 1852 domus
1787 1805 2049 1852 ornatum.
2076 1795 2188 1850 Non

627 1889 796 1942 Solum
819 1888 958 1941 enim
989 1903 1209 1957 corpora
1235 1891 1558 1944 ornamentis
1585 1890 1920 1954 decorabant,
1943 1887 2034 1943 sed
2059 1890 2192 1941 hanc

627 1981 999 2034 Contumeliam
1029 1995 1194 2049 usque
1223 1983 1286 2033 ad
1325 1983 1551 2050 parietes
1577 1980 1963 2043 extendebant,
2005 1994 2189 2048 supcr-

630 2073 748 2127 lluis
782 2073 1111 2141 sumptibus;
1151 2081 1205 2127 et
1243 2073 1544 2127 calamistro
1590 2073 1807 2142 capillos
1851 2081 2150 2141 torquentes
2175 2111 2189 2134 ,

629 2162 741 2215 alas
768 2162 784 2192 ¹
826 2161 1126 2230 hujusmodi
1173 2161 1390 2216 fallaciae
1421 2163 1612 2231 ubique
1631 2161 2003 2216 extendebant.
2048 2162 2194 2214 lianc

629 2251 806 2318 itaque
835 2251 1056 2303 intentat
1089 2251 1474 2304 accusationem
1503 2265 1621 2304 cum
1651 2251 1778 2309 dicit
1806 2268 1818 2303 :
1850 2251 2051 2318 Auferet
2081 2250 2190 2318 glo-

625 2341 755 2393 riam
776 2341 1050 2394 vestimenti
1076 2357 1244 2394 earum
1265 2381 1279 2404 ,
1307 2350 1350 2393 et
1378 2350 1609 2394 ornatum
1635 2357 1804 2393 earum
1828 2381 1842 2405 ,
1871 2349 1914 2393 et
1942 2341 2194 2392 cincinnos

629 2447 820 2496 earum,
851 2442 898 2484 et
925 2431 1202 2501 corymbos.
1237 2432 1528 2501 Corymbos
1549 2442 1726 2486 autem
1750 2432 1896 2496 dicit,
1927 2432 2007 2484 vel
2035 2446 2193 2484 orna-

628 2531 738 2576 tum
762 2523 1062 2593 quempiam
1084 2522 1288 2592 capitis,
1318 2523 1397 2577 vel
1424 2523 1563 2577 vittae
1583 2533 1739 2592 caput
1760 2523 2061 2592 stringentis
2089 2521 2193 2576 for-

628 2627 789 2665 tnam.
825 2611 890 2664 Et
930 2612 1133 2665 lunulas
1165 2627 1182 2664 :
1210 2622 1574 2665 ornamentum
1613 2612 1814 2667 scilicet
1836 2614 1974 2667 circa
2001 2614 2193 2666 collum

626 2699 796 2756 lunari
838 2702 1027 2756 forma.
1082 2702 1148 2755 Et
1197 2705 1443 2757 cathema.
1492 2704 1648 2759 Forte
1694 2704 1995 2759 theristrum
2047 2704 2193 2758 dicit.

627 2793 695 2848 Et
737 2805 967 2847 ornatum
1017 2794 1163 2862 faciei
1209 2811 1398 2849 earum.
1447 2794 1542 2850 Hic
1593 2796 1719 2854 mihi
1761 2796 1968 2850 videtur
2021 2794 2193 2849 fucum

627 2894 681 2937 et
713 2884 974 2952 pigmenta
999 2885 1351 2938 subindicare.
1380 2884 1445 2938 Et
1475 2885 1880 2955 compositionem
1917 2885 2195 2938 ornamenti

628 2974 822 3043 gloriae.
873 2973 982 3027 Hoc
1020 2989 1150 3027 auro
1196 2975 1580 3029 circumdatum
1632 2976 1776 3030 dicit.
1823 2975 1889 3028 Et
1933 2976 2195 3031 armillas:

629 3064 777 3118 aurei
805 3080 992 3133 nempe
1031 3076 1247 3119 ornatus
1281 3066 1418 3120 circa
1446 3067 1676 3119 brachia.
1712 3066 1776 3119 Et
1815 3067 2196 3122 dextrocheria.’

629 3158 768 3211 circa
805 3173 1052 3211 manuum
1075 3157 1366 3226 juncturas.
1409 3157 1474 3210 Et
1503 3159 1802 3211 reticulum:
1831 3165 2194 3212 ornamentum

631 3262 848 3300 aureum
876 3249 1013 3302 circa
1044 3255 1219 3316 caput.
1250 3246 1317 3301 Et
1341 3249 1572 3311 annulos,
1606 3249 1967 3315 dextrocheria,
1998 3259 2042 3301 et
2069 3265 2197 3318 prte-

630 3347 765 3390 texla
786 3355 1030 3406 purpura,
1051 3350 1094 3391 et
1112 3340 1304 3391 clavata
1326 3356 1566 3408 purpura,
1591 3349 1634 3392 ct
1660 3357 1850 3409 pannos
1872 3357 1958 3411 per
1973 3342 2193 3406 domum,

630 3437 676 3478 et
718 3426 966 3494 pellucida
1007 3425 1275 3480 Laconica.
1309 3427 1530 3481 Tantum
1576 3430 1714 3482 enim
1747 3430 1874 3497 ipsis
1915 3430 2082 3483 inerat
2119 3431 2198 3484 lac

627 3517 804 3570 scivia:
834 3517 1064 3570 studium
1090 3558 1104 3583 ,
1158 3527 1213 3570 ut
1242 3533 1345 3571 non
1387 3519 1542 3572 modo
1570 3519 1633 3571 iis
1671 3529 1940 3573 uterentur
1962 3560 1976 3584 ,
2003 3535 2119 3589 qua:
2148 3520 2199 3573 in

627 3622 721 3658 sua
751 3605 964 3674 regione
1004 3615 1188 3671 erant,
1223 3607 1315 3660 sed
1346 3609 1504 3660 etiam
1536 3623 1602 3661 ex
1629 3609 1800 3662 aliena
1832 3618 1969 3663 terra
2016 3609 2195 3678 procul

629 3696 745 3748 illas
787 3696 974 3750 advehi
1031 3708 1276 3750 curarent
1319 3712 1412 3765 per
1442 3701 1822 3753 transmarinos
1850 3711 2195 3756 commeatus.

629 3785 846 3840 Multum
879 3788 1019 3842 enim
1050 3788 1275 3855 spatium
1316 3798 1370 3842 et
1399 3791 1612 3858 pelagus
1642 3791 1953 3845 immensum
1993 3801 2076 3847 est
2102 3793 2200 3846 Pa-

627 3877 884 3930 lznstinatn
913 3877 1049 3930 inter
1073 3886 1126 3930 et
1156 3877 1606 3932 Lacedaemonem.

701 3968 754 4022 9.
795 3967 910 4022 Non
949 3970 1064 4022 sine
1107 3983 1264 4023 causa
1293 3970 1446 4038 igitur
1479 3971 1746 4038 regionem
1782 3970 1990 4040 posuit,
2035 3972 2197 4026 misso

626 4057 1059 4110 vestimentorum
1099 4059 1343 4121 nomine,
1381 4059 1474 4113 sed
1507 4067 1564 4112 ut
1601 4060 1864 4128 ingentem
1902 4075 2082 4114 earum
2112 4061 2194 4114 lu-

624 4162 750 4200 xum
777 4146 1185 4202 demonstraret.
1221 4147 1282 4201 Et
1307 4149 1505 4218 byssina
1530 4160 1574 4202 et
1601 4151 1942 4218 hyacinthina,
1970 4163 2016 4205 et
2039 4152 2196 4206 cocci-

626 4253 750 4301 nea,
787 4245 831 4290 et
856 4237 1058 4306 byssum
1099 4253 1211 4290 cum
1246 4254 1370 4291 auro
1404 4247 1448 4291 et
1483 4240 1750 4307 hyacintho
1789 4251 2070 4295 contextam
2093 4283 2108 4305 ,
2149 4253 2197 4296 et

627 4327 858 4378 theristra
893 4342 1020 4379 auro
1065 4328 1322 4379 adstricta.
1363 4326 1572 4381 Nullam
1599 4330 1739 4382 enim
1764 4331 1992 4397 speciem
2031 4332 2114 4385 vel
2143 4332 2196 4385 in

625 4415 955 4468 vestimentis
977 4415 1056 4468 vel
1080 4416 1130 4468 in
1151 4415 1254 4468 alio
1278 4425 1466 4470 ornatu
1489 4417 1844 4487 reliquerunt;
1874 4419 1964 4473 sed
1986 4433 2195 4474 omnem

625 4505 779 4559 luxus
799 4507 938 4560 viam
966 4514 1254 4572 tentarunt,
1280 4521 1346 4560 ex
1370 4507 1598 4562 lasciviae
1625 4509 1896 4578 tyrannide
1916 4509 2198 4581 lymphatis

623 4596 843 4650 similes.

702 4685 979 4739 Mulierum
1004 4685 1207 4739 lascivia
1240 4695 1456 4755 tempore
1487 4687 1844 4756 Cltrysostonti.
1872 4718 1941 4727 —
1958 4687 2124 4743 Porro
2149 4690 2195 4744 si

626 4777 711 4832 lite
751 4785 875 4831 tunc
899 4777 1294 4831 criminationes
1321 4777 1674 4831 offerebantur
1704 4790 1825 4832 ante
1857 4780 2076 4848 gratiam
2097 4819 2111 4843 ,
2143 4788 2197 4834 et

623 4875 749 4922 ante
779 4877 975 4920 tantam
1000 4865 1383 4936 phil050phiam
1406 4908 1420 4932 ,
1445 4883 1598 4936 quam
1628 4869 1832 4921 veniam
1862 4883 2194 4938 consequan-

625 4955 860 5019 tur‘illae,
892 4971 1009 5025 qua:
1036 4939 1177 5010 nunc
1206 4957 1257 5010 in
1282 4957 1466 5010 caelum
1499 4966 1768 5020 vocantur,
1789 4966 1841 5011 et
1868 4958 1932 5011 ad
1963 4958 2195 5026 longiora

623 5045 934 5107 certamina,
962 5059 1182 5114 qumque
1201 5045 1265 5098 ad
1286 5046 1589 5114 angelorum
1615 5046 1958 5100 imitationem
1983 5047 2196 5103 trahun-

625 5142 731 5200 tur,
760 5142 813 5188 et
839 5133 996 5203 longe
1026 5134 1191 5202 magis
1216 5133 1352 5187 hanc
1380 5149 1629 5202 superare
1660 5148 1877 5204 possunt
1904 5137 2193 5206 lasciviam,

624 5233 682 5279 et
716 5233 892 5279 tamen
925 5238 1016 5279 eas
1042 5239 1160 5293 qua:
1187 5225 1237 5277 in
1266 5226 1437 5279 scenis
1462 5235 1515 5279 et
1555 5227 1773 5281 theatris
1801 5240 2076 5282 versantur
2119 5230 2194 5282 la-

625 5315 792 5371 scivia
821 5316 1077 5371 vincunt?
1103 5316 1358 5387 Quodque
1377 5319 1589 5387 gravius
1618 5332 1714 5384 est,
1749 5337 1814 5375 ne
1838 5337 2056 5390 peccare
2081 5324 2196 5391 qui-

684 5440 701 5470 ¹
737 5440 887 5489 Juxta
911 5444 1074 5488 notam
1098 5441 1155 5489 ad
1187 5453 1318 5490 oram
1340 5439 1453 5490 libri
1476 5440 1684 5490 Lutetia
1705 5455 1830 5490 anno
1861 5441 1976 5489 1588
2005 5443 2172 5492 excusi

624 5502 849 5569 positam,
880 5501 1155 5569 legendum
1179 5507 1287 5569 (δέη,⁵
1309 5501 1557 5562 indagines
1576 5501 2023 5569 _(nsptateroiattata),
2067 5517 2171 5569 pro,

621 5561 849 5632 clastra
867 5561 1078 5632 “πξερά).
1125 5563 1222 5610 Sed
1277 5563 1377 5610 haec
1417 5561 1855 5632 mutatiomioime
1892 5561 2172 5632 necessaria

628 5622 836 5686 videtur.
867 5622 1057 5671 Boisins
1086 5636 1249 5686 vocem
1291 5624 1436 5684 πτερά
1468 5628 1683 5672 retinet:
1710 5632 1786 5672 est
1824 5622 1971 5680 enim,
2015 5623 2174 5686 inquit

623 5683 730 5744 ille,
746 5684 947 5746 elegans
965 5685 1143 5735 allusio
1153 5683 1211 5734 ad
1227 5697 1410 5745 pennas
1431 5688 1633 5745 pavonis
1644 5691 1831 5734 erectas
1851 5692 1972 5734 ctex
1980 5683 2169 5747 pansas.

2292 441 2410 495 dem
2439 455 2496 494 se
2525 451 2724 510 putant.
2759 441 2878 495 Ideo
2916 442 3167 495 adversus
3203 442 3315 494 illas
3342 457 3436 494 vox
3469 447 3735 510 propheta:
3759 457 3857 513 0p-

2293 533 2531 601 ponenda
2570 543 2668 587 est.
2704 534 2815 587 Non
2863 535 3031 587 Solum
3063 535 3202 587 enim
3241 535 3494 587 adversus
3541 535 3658 588 illas
3687 536 3809 589 olim
3836 578 3849 590 .

2292 624 2382 676 sed
2423 623 2579 676 etiam
2620 622 2870 678 adversus
2909 627 3001 676 has
3046 623 3465 692 pronuntiabilur
3496 623 3545 676 id
3589 623 3725 692 quod
3769 640 3856 678 se-

2294 713 2471 778 quitur
2502 729 2514 765 :
2547 712 2658 765 Erit
2703 731 2792 780 pro
2821 715 2960 767 suavi
2996 715 3146 767 odore
3180 713 3359 782 pultis.
3397 713 3575 768 Vidcn‘
3597 715 3859 782 quomodo

2295 803 2567 857 unctiones
2599 805 2753 857 etiam
2783 814 3160 871 unguentorum
3194 803 3471 873 reprobet,
3507 820 3857 872 magnumque

2297 893 2392 958 ipsi
2422 892 2686 946 adscribat
2724 895 3076 962 supplicium?
3112 895 3386 948 Pulverem
3427 894 3566 948 enim
3611 894 3693 946 hic
3732 893 3862 947 dicit

2293 997 2410 1035 eum
2436 983 2522 1052 qui
2550 985 2807 1038 excitatur
2831 994 2949 1053 post
2977 985 3158 1040 urbem
3180 1000 3421 1040 eversam
3441 995 3494 1040 et
3515 985 3860 1040 barbarorum

2296 1073 2668 1130 incursionem.
2701 1075 2830 1130 Nam
2859 1079 2999 1130 illam
3030 1078 3133 1147 igni
3170 1087 3221 1132 et
3248 1077 3388 1132 ferro
3415 1087 3535 1131 tunc
3561 1078 3857 1138 diruerant,

2295 1165 2439 1218 aliud
2487 1165 2796 1231 diruentes,
2835 1168 2977 1221 aliud
3023 1168 3129 1237 igni
3185 1167 3472 1222 tradentes.
3514 1167 3640 1221 Ηωρ
3684 1169 3861 1236 itaque

2298 1259 2649 1322 prmnunlians
2668 1258 2873 1312 dicebat
2897 1279 2909 1313 :
2936 1258 3036 1311 Pro
3061 1261 3201 1312 suavi
3222 1259 3372 1314 odore
3388 1260 3545 1328 pulvis
3569 1260 3679 1320 erit,
3704 1268 3749 1311 et
3770 1275 3862 1325 pro

2295 1361 2422 1398 zona
2451 1348 2673 1417 funiculo
2701 1349 2946 1419 cingeris;
2976 1351 3076 1404 sub
3107 1351 3286 1404 oculos
3317 1365 3515 1420 ponens
3544 1349 3863 1418 captivitatis

2297 1436 2518 1490 formam
2544 1479 2556 1503 ,
2589 1447 2641 1492 et
2677 1439 3042 1494 abductionem
3072 1442 3122 1493 in
3157 1441 3497 1494 barbarorum
3539 1450 3752 1495 terram.
3793 1438 3861 1493 Et

2296 1544 2385 1594 pro
2407 1539 2694 1582 ornamento
2713 1529 2889 1597 capitis
2912 1531 2982 1582 tui
3005 1531 3246 1583 calvitiem
3269 1531 3501 1594 habebis;
3530 1531 3638 1584 sive
3657 1529 3862 1598 capillis

2296 1618 2364 1671 ob
2390 1619 2654 1673 miseriam
2681 1620 3054 1685 deﬂuentibus,
3087 1621 3199 1676 sive
3225 1621 3273 1675 id
3301 1621 3575 1690 agentibus
3600 1621 3860 1683 hostibus,

2297 1708 2408 1761 sive
2437 1708 2562 1774 ipsis
2593 1709 2792 1778 seipsas
2817 1710 3172 1764 tendentibus.
3198 1710 3309 1766 Mos
3333 1712 3472 1765 enim
3513 1720 3626 1765 erat
3653 1710 3780 1764 olim
3810 1711 3861 1764 in

2300 1795 2442 1850 luctu
2477 1808 2528 1850 et
2566 1800 2861 1852 calamitate
2905 1814 3022 1854 sese
3061 1799 3279 1854 tondere
3307 1811 3358 1854 et
3388 1801 3594 1857 radere.
3640 1800 3852 1854 Etenim

2297 1885 2424 1950 Job,
2452 1888 2624 1940 audita
2661 1888 2944 1942 liberorum
2967 1889 3279 1952 calamitate,
3305 1899 3461 1960 caput
3484 1889 3708 1944 totondit
3732 1889 3862 1956 (Job

2298 1977 2348 2030 1.
2375 1977 2444 2031 20
2465 1976 2504 2047 ).
2536 1979 2599 2032 Et
2632 1979 2682 2032 in
2713 1979 3050 2048 sequentibus
3077 1979 3147 2034 ait
3179 1981 3447 2048 propheta,
3481 1995 3601 2034 cum
3627 1995 3781 2033 sacco
3810 1988 3863 2033 et

2297 2065 2436 2120 luctu
2455 2071 2612 2122 etiam
2637 2069 2925 2123 tonsionem
2951 2069 3173 2123 futuram
3194 2070 3343 2138 (Isai.
3366 2070 3452 2123 22.
3478 2071 3588 2140 12).
3612 2071 3864 2139 Aliusque

2298 2172 2508 2210 rursum
2537 2159 2607 2212 ait
2639 2176 2652 2212 :
2682 2158 2750 2212 Et
2779 2161 2954 2213 radere
2978 2170 3023 2214 et
3045 2161 3249 2215 tondere
3274 2178 3421 2230 super
3445 2161 3579 2229 filios
3607 2171 3716 2214 tuos
3744 2163 3862 2216 deli-

2297 2258 2450 2301 catos.
2474 2247 2542 2301 Et
2564 2265 2654 2318 pro
2680 2250 2847 2301 tunica
2882 2266 3107 2319 purpura
3149 2253 3345 2304 clavata
3375 2252 3690 2320 praecingeris
3717 2268 3862 2305 sacco

2299 2340 2497 2411 (blich.
2540 2343 2590 2395 1.
2625 2341 2747 2411 l6).
2779 2344 2965 2395 Annon
3009 2343 3122 2396 haec
3154 2344 3406 2397 terribilia
3435 2353 3488 2397 et
3528 2344 3857 2400 intoleranda

2296 2447 2415 2487 esse
2438 2432 2714 2487 videntur?
2736 2432 2927 2488 Verum
2954 2434 3088 2502 apud
3111 2448 3208 2492 nos
3234 2450 3336 2489 non
3365 2433 3450 2488 hic
3475 2434 3693 2503 gradum
3715 2435 3862 2489 sistet

2299 2523 2427 2578 ultio
2448 2565 2462 2588 ,
2496 2524 2587 2578 sed
2617 2525 2809 2577 vermis
2835 2537 3143 2590 venenatus,
3175 2525 3267 2579 sed
3295 2524 3524 2578 tenebra:
3560 2524 3866 2577 intermina-

2300 2614 2428 2668 biles
2453 2615 2732 2684 excipient.
2759 2615 2814 2670 Si
2837 2615 2975 2668 enim
3020 2615 3138 2669 illos
3167 2615 3441 2684 captivitas
3462 2655 3476 2678 ,
3519 2615 3745 2669 servitus
3769 2656 3784 2678 ,
3811 2625 3864 2668 et

2300 2715 2535 2758 extrema
2576 2707 2709 2758 mala
2739 2714 3096 2773 exceperunt,
3130 2705 3286 2775 idque
3328 2720 3423 2774 pro
3463 2713 3651 2758 ornatu
3682 2723 3696 2758 :
3723 2704 3863 2774 quod

2298 2797 2439 2848 enim
2468 2793 2621 2862 hujus
2651 2808 2834 2863 poenas
2859 2794 3114 2862 exigeret,
3146 2803 3198 2846 et
3229 2795 3328 2847 hoc
3356 2794 3564 2862 proprie
3592 2802 3864 2861 peccatum

2299 2885 2508 2953 puniret
2527 2924 2540 2948 ,
2571 2884 2691 2936 audi
2720 2883 2982 2951 quomodo
3009 2882 3091 2936 his
3116 2883 3439 2938 enumeratis
3457 2922 3471 2945 ,
3498 2897 3710 2937 causam
3739 2883 3863 2936 sub-

2293 2974 2503 3046 junxit:
2537 2973 2663 3026 Haec
2698 2974 2786 3026 tibi
2813 2990 2902 3042 pro
2928 2982 3107 3027 ornatu
3133 2973 3208 3041 (a)
3234 2989 3248 3026 :
3275 2973 3318 3025 si
3348 2973 3503 3042 igitur
3520 2970 3716 3025 Judaate
3744 2987 3864 3024 mu-

2301 3066 2456 3118 lieres
2480 3064 2548 3117 ob
2575 3064 2730 3118 talem
2761 3073 3005 3117 ornatum
3031 3072 3203 3116 tantas
3228 3062 3438 3117 subiere
3465 3076 3668 3130 poenas,
3696 3062 3863 3130 patria

2297 3172 2326 3210 a
2350 3156 2629 3212 lundamen
2637 3157 2700 3211 tis
2714 3156 2908 3219 excisa,
2929 3165 2979 3210 et
2997 3165 3115 3224 post
3131 3163 3327 3209 tantam
3343 3154 3658 3223 voluptatem
3673 3168 3864 3218 servw,

2299 3251 2518 3319 captivte
2547 3258 2600 3303 et
2626 3257 2900 3313 extorres,
2949 3248 3000 3301 in
3047 3248 3274 3302 alienam
3316 3247 3584 3316 regionem
3624 3245 3866 3298 abducta:

2299 3347 2441 3400 sunt,
2472 3353 2533 3391 ac
2558 3337 2699 3401 fami,
2723 3339 2853 3405 pesti
2874 3336 3119 3405 milleque
3147 3335 3404 3390 mortibus
3431 3334 3631 3388 tradita:
3649 3349 3667 3398 ;
3688 3347 3864 3386 annon

2301 3429 2637 3500 perspicuum
2680 3437 2761 3482 est
2783 3466 2797 3492 ,
2831 3443 2927 3480 nos
2956 3427 3195 3495 graviora
3236 3439 3481 3495 passuros
3521 3437 3640 3477 esse
3662 3463 3678 3489 ,
3701 3422 3788 3493 qui
3812 3423 3864 3474 in

2300 3521 2484 3575 eadem
2522 3528 2734 3588 peccata
2766 3519 3072 3572 incidimus?
3101 3516 3553 3584 Quemadmodum
3591 3516 3734 3570 enim
3762 3514 3859 3569 lto-

2301 3624 2459 3664 nores
2483 3611 2732 3677 majores,
2765 3609 2834 3662 ita
2860 3608 3101 3677 graviora
3129 3607 3408 3676 supplicia.

2370 3699 2507 3752 Deus
2536 3715 2634 3752 non
2660 3714 2851 3766 semper
2878 3698 3062 3752 similia
3093 3707 3348 3766 peccantes
3376 3694 3604 3749 similiter
3631 3694 3862 3762 castigat.

2299 3819 2370 3829 —
2387 3789 2536 3856 Quod
2563 3789 2607 3842 si
2628 3790 2766 3842 nulla
2793 3789 2983 3843 mulier
3013 3788 3168 3842 talem
3192 3796 3433 3840 ornatum
3455 3786 3707 3840 all'ectans
3737 3785 3863 3837 hac-

2303 3888 2456 3934 tenus
2497 3878 2690 3948 aliquid
2720 3879 2820 3932 tale
2864 3893 3012 3947 passa
3044 3887 3124 3931 est
3148 3919 3162 3942 ,
3207 3893 3273 3930 ne
3314 3876 3432 3929 ideo
3461 3874 3708 3929 conﬁdat.
3755 3875 3864 3926 Mos

2300 3970 2442 4024 enim
2471 3979 2554 4024 est
2579 3971 2685 4023 Deo
2713 3983 2895 4038 poenas
2922 3969 3144 4022 delinire
3171 3969 3256 4019 nni
3283 3966 3525 4028 etalteri,
3549 3974 3603 4018 et
3629 3980 3721 4033 per
3750 3965 3866 4018 illos

2300 4057 2749 4113 commonefacere
2775 4069 2996 4111 caeteros
3037 4072 3222 4111 onmes
3250 4056 3317 4110 de
3351 4056 3519 4125 pretiis
3568 4069 3684 4123 quae
3725 4055 3867 4122 ipsos

2300 4158 2596 4218 exceptura:
2621 4147 2760 4203 sunt.
2788 4147 2851 4202 Ut
2873 4158 3046 4201 autem
3072 4146 3122 4199 id
3152 4147 3343 4200 clarius
3367 4143 3572 4209 evadat,
3595 4153 3865 4211 peccatum

2299 4256 2459 4310 grave
2483 4241 2805 4294 admiserunt
2831 4240 2955 4291 olim
2984 4238 3014 4291 ii
3041 4240 3126 4306 qni
3155 4236 3382 4290 Sodoma
3410 4234 3737 4296 incolebant,
3771 4247 3869 4285 ex-

2303 4342 2496 4387 tremas
2533 4332 2792 4386 dederunt
2822 4346 3002 4399 poenas
3022 4371 3036 4393 ,
3072 4331 3134 4382 iis
3161 4328 3409 4382 immissis
3446 4325 3747 4388 fulminibus
3772 4364 3785 4387 ,
3817 4333 3868 4376 ct

2304 4422 2521 4479 urbibus
2542 4464 2556 4486 ,
2585 4423 2790 4491 populis
2820 4432 3062 4489 terraque
3086 4421 3196 4487 ipsa
3228 4435 3347 4472 cum
3376 4418 3684 4486 corporibus
3711 4415 3869 4469 simul

2301 4516 2606 4594 combustis.
2654 4514 2786 4581 Quid
2827 4513 3018 4582 igitur?
3060 4513 3301 4565 nullusne
3355 4522 3471 4579 post
3517 4509 3637 4562 illos
3677 4508 3866 4560 similia

2302 4622 2460 4662 ausus
2485 4606 2605 4660 est?
2633 4605 2777 4659 Multi
2806 4613 2950 4658 certe
2971 4643 2985 4666 ,
3013 4611 3065 4655 et
3093 4602 3143 4654 in
3175 4601 3355 4654 multis
3385 4615 3477 4668 per
3500 4599 3682 4652 orbem
3716 4596 3862 4649 locis.

2301 4696 2406 4751 Cur
2438 4709 2567 4765 ergo
2608 4693 2738 4748 nihil
2769 4691 3126 4761 hujuscemodi
3171 4690 3310 4759 passi
3342 4688 3499 4742 sunt?
3543 4687 3673 4752 Quia
3712 4687 3870 4753 longe

2299 4786 2527 4858 graviori
2570 4794 2905 4840 reservantur
2959 4783 3236 4850 supplicio.
3292 4780 3416 4834 Ideo
3457 4792 3683 4847 namque
3728 4777 3872 4830 Dens

2299 4887 2573 4949 postquam
2595 4876 2644 4930 id
2668 4876 2830 4929 semel
2857 4873 2996 4935 fecit,
3023 4871 3242 4936 destitit,
3266 4878 3320 4923 ut
3339 4870 3427 4938 qui
3454 4869 3571 4923 talia
3592 4868 3868 4928 auderent,

2300 4969 2506 5022 etiamsi
2536 4967 2620 5020 hic
2646 4980 2828 5035 poenas
2853 4980 2957 5018 non
2987 4964 3204 5024 darent,
3236 4972 3380 5015 certo
3409 4962 3603 5014 scirent
3629 4973 3687 5012 se
3716 4974 3867 5011 nunt-

2299 5073 2457 5128 quam
2484 5056 2788 5126 eﬂ'ugituros
2808 5069 2944 5109 esse.
2972 5052 3246 5120 Quomodo
3284 5051 3424 5105 enim
3453 5056 3866 5106 consentaneum

2299 5150 2487 5204 rationi
2505 5148 2680 5214 fuerit,
2697 5157 2817 5201 ante
2832 5146 3051 5214 gratiam
3068 5154 3120 5198 et
3137 5152 3256 5196 ante
3275 5143 3464 5212 legem,
3482 5155 3574 5195 eos
3594 5141 3680 5208 qui
3699 5154 3868 5208 neque

2299 5243 2581 5310 prophetas
2601 5280 2615 5306 ,
2646 5253 2814 5307 neque
2852 5237 3012 5289 alium
3045 5235 3341 5305 quempiam
3369 5232 3726 5295 audivissent,
3772 5246 3870 5299 pro

2299 5333 2543 5386 admissis
2564 5330 2792 5399 peccatis
2820 5327 2942 5380 talia
2964 5341 3145 5395 passos
3162 5340 3279 5380 esse
3297 5341 3312 5389 ;
3330 5337 3423 5377 eos
3442 5331 3618 5376 autem
3637 5321 3727 5390 qui
3751 5333 3872 5389 post

2364 5446 2435 5506 (a)
2471 5444 2550 5493 Ait
2573 5442 2933 5503 Chrysostomus
2963 5440 3131 5506 Isaiam
3154 5447 3262 5506 post
3287 5436 3701 5506 enumerationem
3740 5433 3871 5483 illam

2299 5501 2606 5555 muliebrium
2645 5501 3031 5550 ornamentorum
3062 5503 3138 5549 his
3160 5501 3325 5548 verbis
3361 5501 3698 5545 recensionem
3734 5508 3870 5542 suam

2299 5568 2542 5618 claudere.
2559 5564 2736 5611 Verum
2754 5565 2857 5626 iure
2877 5577 2966 5610 non
2985 5564 3178 5622 reperio
3203 5563 3247 5609 in
3274 5559 3430 5626 Bibliis
3448 5565 3571 5626 I._t_t.\’_.
3587 5557 3870 5626 magna

2298 5632 2409 5679 olnn
2436 5635 2540 5676 erat
2573 5624 2916 5684 exetnplarium
2943 5618 3164 5683 varietas,
3207 5629 3259 5670 ut
3299 5624 3345 5670 in
3369 5618 3765 5668 l‘rwliuunaribus
3809 5620 3871 5666 ad

2300 5691 2509 5752 tte-sapia
2533 5687 2744 5749 alibique
2766 5686 2985 5734 diximus.
