4058 6216
492 327 566 384 53
1251 342 1306 395 8.
1347 341 1626 397 JOANNIS
1661 339 2136 398 CHRYSOSTOMI
2177 340 2496 400 ARCIIIEP.
2537 349 3064 405 CONSTANTl-NOP.
3796 365 3868 421 54

496 435 682 490 ἔδοσαν
703 442 913 497 οὐδέπω
948 448 1038 498 καὶ
1067 451 1337 519 σήμερον;
1368 453 1478 503 ’Ίνα
1508 453 1681 521 μάθῃς
1709 454 1789 504 ὅτι
1819 452 1952 503 πολὺ
1976 450 2129 518 χαλε-

497 527 714 597 πωτέρᾳ
737 530 1022 598 τηροῦνται
1049 539 1303 606 τιμωρίᾳ.

573 645 756 699 ι’.⁶’οτι
779 649 888 718 γὰρ
906 650 1022 703 ἔστι
1041 653 1384 725 χαλεπώτερα
1409 657 1652 726 Σοδόμων
1669 657 1878 718 παθεῖν,
1907 656 2134 708 ἄκουσον

495 730 589 783 τοῦ
622 732 858 802 Χριστοῦ
890 736 1165 803 λέγοντος
1210 740 1614 809 Ἀνεκτότερον
1639 744 1806 795 ἔσται
1847 741 1922 809 γῇ
1962 741 2133 794 Σοδό-

493 833 621 882 μων
652 819 747 871 καὶ
794 823 1096 889 Γομόρῤας
1130 826 1198 878 ὲν
1235 827 1422 893 ἡμέρῃ
1467 831 1734 894 κρίσεως,
1773 828 1809 893 ἥ
1857 827 1931 894 τῇ
1967 828 2136 878 πόλει

497 900 870 968 ταύτῃ.Ὥστε
895 907 994 958 κᾶν
1026 908 1487 978 καλλωπιζόμεναι
1519 911 1610 964 νῦν
1654 913 1902 978 γυναῖκες
1932 911 2003 980 μὴ
2033 911 2135 962 πά-

497 985 680 1048 θωσιν,
710 989 849 1060 ἅπερ
872 991 1068 1044 ἔπαθον
1093 996 1148 1047 αἱ
1176 997 1293 1047 τότε
1315 998 1793 1065 καλλωπιζόμεναι,
1824 997 1898 1065 μὴ
1926 996 2136 1065 θαρρεί-

497 1074 772 1126 τωσαν.Ἦ
811 1075 919 1145 γὰρ
949 1078 1111 1148 ἀνοχὴ
1152 1081 1285 1150 αὐτὴ
1319 1084 1410 1134 καὶ
1441 1084 1472 1151 ή
1510 1083 1855 1152 μακροθυμία
1895 1082 2135 1150 χαλεπω-

497 1155 660 1224 τέραν
691 1161 915 1227 σωρεύει
942 1163 1034 1215 τοῦ
1066 1165 1230 1234 πυρὸς
1256 1167 1350 1235 τήν
1377 1169 1618 1236 κάμινον,
1649 1170 1740 1220 καὶ
1779 1167 1996 1235 μείζονα
2041 1168 2136 1236 τὴν

497 1240 669 1308 φλόγα
693 1243 998 1310 ἐργάζεται.
1021 1248 1188 1300 Τοῦτο
1219 1251 1309 1301 καὶ
1335 1251 1427 1302 ἐπὶ
1456 1252 1692 1305 Ἀνανίου
1716 1253 1807 1303 καὶ
1831 1250 2135 1319 Σαπφείρας

497 1326 705 1393 γέγονε.
738 1327 840 1381 Καὶ
875 1331 982 1400 γὰρ
1013 1334 1205 1386 ἐκεῖνοι
1241 1338 1299 1387 ἐν
1343 1337 1480 1406 ἀρχῇ
1510 1337 1603 1389 καὶ
1631 1336 1893 1406 προοιμίῳ
1918 1338 2008 1389 τοῦ
2036 1355 2135 1405 κη-

501 1409 773 1479 ρύγματος
827 1416 1139 1486 ὑφελόμενοι
1179 1420 1290 1473 τῶν
1337 1423 1629 1491 χρημάτων
1679 1421 1915 1481 ἐκείνων,
1949 1421 2137 1491 ἀθρόον

497 1497 938 1568 ἀνηρπάσθησαν,
972 1504 1104 1568 μετά
1136 1505 1192 1556 δέ
1229 1505 1463 1568 ἐκείνους
1494 1507 1674 1559 πολλοὶ
1703 1507 1919 1560 τοιαῦτα
1942 1507 2136 1576 τολμή·

500 1598 708 1645 σαντες,
731 1586 881 1636 οὐδὲν
909 1587 1124 1640 ἔπαθον.
1152 1589 1272 1650 Πῶς
1296 1585 1385 1642 οὖν
1407 1590 1472 1642 ἂν
1500 1590 1607 1659 ἔχοι
1626 1592 1798 1657 λόγον,
1827 1591 1915 1643 τὸν
1935 1591 2137 1644 δίκαιον

499 1666 686 1736 κριτὴν
717 1671 807 1721 καὶ
854 1673 985 1722 πᾶσι
1016 1671 1083 1723 τὰ
1117 1671 1227 1742 [47]
1267 1673 1352 1725 ίσα
1399 1675 1645 1743 νέμοντα,
1680 1677 1800 1737 τοὺς
1850 1677 1944 1743 μὲν
1979 1672 2136 1746 ἦττον

497 1752 877 1821 ἡμαρτηκότας
905 1756 1150 1819 κολάσαι,
1184 1760 1306 1821 τοὺς
1336 1760 1389 1811 δέ
1425 1760 1770 1829 χαλεπώτερα
1814 1761 2136 1828 ποιήσαντας

499 1836 745 1904 ἀφεῖναι;
781 1842 893 1892 Οὐκ
919 1841 1156 1912 εὔδηλον,
1185 1844 1263 1896 ὅτι
1301 1845 1481 1914 ἐπειδὴ
1519 1845 1738 1914 ἔστησεν
1765 1846 1990 1915 ἡμέραν,
2020 1847 2076 1898 ἐν

500 1922 679 1988 μέλλει
709 1925 908 1992 κρίνειν
937 1927 1032 1996 τὴν
1063 1930 1397 1998 οἰκουμένην,
1422 1931 1507 1982 διὰ
1531 1931 1684 1982 τοῦτο
1710 1932 2020 1982 ἀνεϐάλλετο
2041 1932 2137 1999 τὴν

497 2009 780 2076 τιμωρίαν,
813 2010 895 2062 ἵνα
945 2012 976 2079 ἢ
1027 2016 1090 2082 τῇ
1140 2015 1482 2084 μακροθυμίᾳ
1527 2015 1784 2082 γένωνται
1817 2016 2135 2084 βελτίους,ἣ

497 2093 606 2152 τοῖς
656 2093 836 2156 αὐτοῖς
881 2098 1223 2165 ἐπιμένοντες
1273 2100 1620 2170 χαλεπώτερα
1670 2100 1940 2161 πάθωσιν;
1975 2101 2137 2151 Ὅταν

497 2176 669 2227 τοίνυν
700 2180 1032 2248 ἁμαρτόντες
1054 2195 1077 2222 ⁸
1124 2184 1191 2235 τὰ
1222 2185 1358 2236 αὐτά
1388 2189 1498 2247 τοῖς
1528 2185 1627 2254 ἥδη
1658 2185 2137 2254 πεπλημμεληκόσι

498 2262 589 2312 καὶ
620 2263 942 2324 κολασθεῖσι,
974 2268 1046 2336 μὴ
1098 2269 1166 2320 τὰ
1208 2271 1344 2321 αὐτά
1385 2270 1661 2339 πάθωμεν,
1707 2271 1778 2340 μὴ
1832 2270 2133 2339 θαρρῶμεν,

495 2347 629 2398 ἀλλά
661 2351 856 2416 μᾶλλον
891 2353 1410 2424 φοϐώμεθα.Ὥσπ.ερ
1447 2357 1554 2423 7&9
1582 2357 1740 2424 νόμον
1768 2355 1863 2424 τὴν
1892 2359 1975 2406 ἐπ’
1998 2356 2137 2407 ἐκεί-

495 2450 600 2483 νων
648 2437 912 2505 τιμωρίαν
961 2436 1244 2506 ἐξήνεγκεν
1291 2441 1319 2492 6
1369 2441 1517 2504 Θεὸς,
1553 2443 1682 2493 πᾶσι
1718 2441 2012 2508 παραινῶν,
2046 2441 2138 2492 καὶ

497 2518 696 2585 λέγων,
722 2523 801 2573 ὅτι
832 2524 928 2576 Διά
969 2524 1122 2577 τοῦτο
1148 2527 1237 2577 τὸν
1267 2527 1322 2591 ἐξ
1342 2527 1522 2596 ἀρχῆς
1552 2526 1857 2595 ἁμαρτόντα
1888 2525 2135 2589 ἐκόλασα,

497 2603 583 2655 ἵνα
615 2606 706 2656 καὶ
737 2606 800 2657 σύ
835 2609 863 2659 6
889 2609 1003 2674 μετ’
1031 2611 1263 2672 ἐκείνους
1293 2611 1640 2680 πλημμελῶν,
1668 2611 1735 2662 τὰ
1760 2611 1894 2661 αὐτά
1935 2609 2135 2678 ἀναμέ-

497 2705 612 2760 νῃς,
639 2693 724 2743 ῖνα
748 2695 1054 2765 μεταϐάλλῃ
1081 2697 1172 2747 καὶ
1195 2696 1324 2768 γένῃ
1344 2696 1582 2764 βελτίων.
1605 2697 1728 2757 Τοῖς
1757 2696 1863 2765 γὰρ
1883 2695 2135 2754 τοιούτοις

497 2776 848 2847 ἁμαρτήμασι
877 2780 1118 2832 τοιαῦται
1160 2785 1361 2834 κεῖνται
1406 2782 1680 2852 τιμωρίαι,
1715 2780 1813 2833 κᾶν
1847 2782 1918 2850 μὴ
1959 2798 2134 2849 παρα-

497 2862 683 2930 χρῆμα
712 2863 990 2932 ἐρχωνται.
1022 2867 1236 2929 Τούτοις
1268 2868 1323 2919 δὲ
1357 2869 1450 2936 οὐχ
1474 2868 1651 2929 ἁπλῶς
1679 2867 1995 2936 ἐνδιέτριψα,
2022 2866 2135 2917 ἀλλ’

497 2948 679 3016 ἐπειδὴ
713 2951 943 3020 πονηρὸν
974 2952 1180 3021 νόσημα
1209 2955 1285 3014 είς
1312 2953 1409 3015 τάς
1439 2955 1544 3004 τῶν
1571 2954 1863 3023 ἀνθρώπων
1894 2952 2135 3022 είσῆλθεν

497 3034 671 3097 οἰκίας
690 3035 775 3088 διὰ
797 3038 893 3106 τῆς
914 3038 1019 3090 τῶν
1040 3039 1305 3106 γυναικῶν
1332 3040 1599 3108 βλακείας,
1625 3040 1652 3090 6
1673 3040 1770 3107 τῆς
1790 3039 2134 3108 φιλοκοσμίας

497 3119 655 3189 ἔρως,
696 3122 752 3185 ὃς
783 3126 876 3176 καὶ
910 3125 1006 3194 τήν
1036 3126 1142 3178 τῶν
1177 3128 1469 3197 χρημάτων
1508 3127 1745 3179 ἐπέτεινε
1776 3127 1959 3194 ρανίδα
1977 3127 2025 3188 b,
2059 3129 2136 3187 εἰς

496 3207 755 3276 ἀκαίρους
802 3209 1041 3273 δαπάνας
1087 3213 1210 3274 τοὺς
1248 3213 1439 3282 ἄνδρας
1469 3211 1734 3281 ἐμϐαλὼν,
1766 3214 1858 3264 καὶ
1902 3211 2133 3280 πολέμου

501 3293 591 3344 καὶ
642 3294 879 3358 στάσεως
920 3298 1012 3348 καὶ
1056 3298 1376 3365 φιλονεικίας
1407 3299 1655 3361 ὑπόθεσις
1699 3300 1974 3367 γινόμενος
2003 3298 2134 3349 καθ-

500 3377 783 3448 ημερινῆς,
813 3381 905 3432 καὶ
934 3383 1032 3443 τὰς
1073 3382 1177 3433 τῶν
1209 3385 1448 3452 πενήτων
1481 3382 1802 3434 κατατείνων
1848 3383 2132 3451 γαστέρας.

501 3459 670 3514 ’Όταν
699 3463 806 3534 7&9
834 3464 1048 3517 ἅπασαν
1073 3466 1169 3536 τὴν
1194 3466 1376 3518 οὐσίαν
1404 3467 1557 3536 γυνὴ,
1594 3467 1625 3535 ἦ
1662 3468 1750 3518 καὶ
1772 3467 1831 3518 τὸ
1851 3467 2007 3518 πλέον
2029 3467 2135 3518 τῶν

497 3547 684 3610 ὄντων,
712 3551 791 3608 είς
833 3551 931 3620 τήν
962 3550 1055 3603 τοῦ
1092 3551 1335 3621 σώματος
1368 3552 1522 3622 ὕϐριν
1550 3551 1824 3623 ἀναγκάζῃ
1858 3552 1946 3603 τὸν
1972 3551 2135 3621 ἄνδρα

498 3635 738 3705 δατεανᾷν
771 3637 946 3708 (ὕϐρις
980 3637 1085 3706 γὰρ
1111 3638 1370 3705 σώματος,
1392 3639 1452 3689 τὸ
1478 3639 1846 3709 περικείμενον
1871 3639 2134 3708 χρυσίον),

496 3720 709 3791 ἀνάγκη
739 3721 834 3790 τὴν
857 3725 1012 3792 χεῖρα
1045 3723 1415 3775 συστέλλεσθαι
1438 3725 1570 3792 πρὸς
1597 3725 1693 3792 τὴν
1720 3725 1816 3792 τῆς
1845 3726 2135 3794 ἐλεημοσύ-

498 3823 592 3874 νης
611 3806 933 3876 φιλοτιμίαν.
960 3809 1066 3861 Καὶ
1090 3809 1256 3860 πολλὰ
1275 3810 1327 3861 δὲ
1356 3810 1512 3877 ἕτερα
1545 3810 1607 3861 ἐκ
1636 3809 1819 3862 τούτου
1847 3812 2136 3880 τικτόμενα

497 3892 642 3947 ἐστιν
677 3895 802 3947 ίδεῖν
829 3895 1232 3966 ἁμαρτημάτων
1263 3897 1393 3964 εἴδη.
1444 3897 1600 3948 Ἀλλά
1627 3896 1794 3948 ταῦτα
1826 3898 2047 3963 ἀφέντες
2068 3899 2132 3965 τῇ

494 3979 660 4050 πείρᾳ
701 3980 808 4032 τῶν
866 3981 1176 4048 πασχόντων
1226 3983 1416 4033 εἰδέναι
1466 3982 1667 4048 σαφῶς,
1716 3983 1820 4033 τῶν
1869 3983 2134 4050 ἐχομένων

494 4065 811 4134 ἁπτώμεθα.
845 4066 990 4118 Μετὰ
1018 4068 1126 4136 γὰρ
1162 4067 1222 4118 τὸ
1265 4069 1604 4137 παραστῆσαι
1631 4068 1728 4136 τῆς
1768 4069 2135 4136 αἰχμαλωσίας

493 4151 554 4203 τὸ
583 4151 783 4221 σχῆμα,
816 4152 908 4204 καὶ
935 4152 1124 4214 είπεῖν,
1151 4152 1230 4203 ὄτι
1271 4154 1412 4205 Ἀντί
1427 4153 1519 4205 τοῦ
1534 4154 1908 4222 καλλωπισμοῦ
1935 4154 2133 4224 ταύτην

493 4239 698 4305 ἐπάγω,
724 4237 977 4288 ἐπιτείνει
999 4236 1094 4306 τὴν
1126 4237 1420 4307 συμφορὰν,
1451 4237 1620 4305 λέγων
1639 4254 1651 4266 ·
1681 4239 1784 4290 Καὶ
1813 4242 1844 4290 ό
1873 4239 1999 4303 υἱός
2018 4255 2132 4294 σου

493 4328 526 4377 ό
558 4325 898 4389 κάλλιστος,
928 4323 999 4374 ὃν
1042 4322 1292 4391 ἀγαπᾷς,
1320 4324 1577 4391 μαχαίρᾳ
1625 4322 1902 4384 πεσεῖται,
1942 4324 2038 4376 καί
2081 4327 2133 4376 οι

494 4412 804 4479 ἰσχύοντες
841 4409 1007 4478 ὑμῶν
1031 4409 1286 4477 μαχαίρᾳ
1323 4409 1663 4462 πεσοῦνται.
1696 4409 1859 4460 Τοῦτο
1901 4409 2004 4476 γὰρ
2052 4410 2134 4460 αί-

493 4495 800 4564 χμαλωσίας
827 4494 1219 4563 χαλεπώτερον.
1250 4493 1354 4545 Καὶ
1382 4493 1486 4564 γάρ
1513 4495 1627 4544 ἐστι
1661 4493 1770 4560 ζωή
1802 4492 2027 4545 θανάτου
2046 4511 2134 4544 πι-

494 4581 913 4651 κροτέρα.“οταν
957 4581 1062 4648 γὰρ
1106 4579 1239 4647 μετὰ
1270 4579 1365 4647 τῆς
1393 4579 1629 4640 δουλείας
1658 4580 1747 4631 καὶ
1780 4580 1932 4648 ἄωρα
1963 4579 2130 4648 πένθη

492 4669 705 4737 θρηνεῖν
734 4665 1158 4732 ἀναγκάζωνται,
1187 4665 1431 4733 ἐννόησον
1478 4666 1597 4717 ὅσον
1641 4665 1736 4731 τῆς
1771 4668 2049 4735 συμφορᾶς
2073 4666 2131 4715 τὸ

494 4753 739 4822 μέγεθος,
767 4751 873 4804 τῶν
904 4751 1023 4803 καθ’
1045 4749 1250 4801 ἐαυτάο
1285 4750 1493 4818 πικρῶν
1526 4749 1690 4801 ὄντων
1723 4752 2131 4818 συναπτομένων

491 4840 752 4908 ἀλλήλοις.
789 4839 896 4890 Καὶ
926 4837 1033 4907 7&9
1077 4838 1125 4888 εί
1170 4835 1507 4904 αίχμαλωσία
1551 4835 1680 4903 μόνη
1728 4832 1815 4904 ἦν,
1867 4839 2131 4906 ἀφόρητον

490 4921 558 4995 ἦν
591 4925 652 4976 τὸ
698 4925 896 4976 δεινόν·
952 4924 1044 4975 καὶ
1108 4924 1156 4974 εί
1222 4923 1278 4972 ἐν
1335 4921 1611 4990 ἐλευθερία
1661 4920 1873 4982 ζώντων
1911 4924 2131 4974 τοιαῦτα

493 5011 766 5064 συνέϐαινε
816 5009 1006 5079 πένθη,
1043 5010 1265 5062 θανάτου
1309 5009 1600 5077 πικροτέρα
1644 5003 1709 5075 ῆν
1741 5010 1772 5075 ή
1803 5009 1932 5077 ζωή.
1974 5009 2131 5061 Ἀλλά

490 5097 585 5150 νῦν
616 5098 896 5166 ἀμφότερα
925 5096 1094 5156 ἔσται,
1125 5095 1274 5162 φησὶ,
1304 5095 1609 5162 συνηγμένα
1631 5094 1889 5163 ἀλλήλοις.
1922 5095 2130 5147 Μᾶλλον

490 5183 546 5236 δὲ
574 5184 762 5253 διπλῆν
786 5185 865 5235 δεῖ
890 5181 1090 5251 ταύτην
1119 5181 1298 5232 καλεῖν
1335 5181 1630 5250 συμφορὰν,
1657 5181 1747 5232 καὶ
1769 5182 2017 5251 τριπλῆν,
2039 5184 2130 5233 καὶ

526 5377 567 5450 ..³
595 5378 1137 5484 Πεε.ΐὰμαρτῶντες,ει
1161 5379 1230 5424 sic
1270 5375 1495 5437 superius
1535 5379 1852 5438 ἀμαρτῶντας,
1894 5385 1943 5427 el
1983 5383 2131 5442 ἁμαρ·

526 5455 641 5484 ωντα
667 5453 714 5484 ιιι
741 5452 806 5484 ra.

490 5455 641 5486 τωντα
667 5452 806 5485 1111Γέὶ.

553 5499 580 5538 b
615 5500 760 5547 Savil.
788 5497 1061 5558 suspicatur
1083 5498 1339 5556 legendum
1371 5499 1629 5559 τυραννίδα,
1657 5500 1719 5545 ila
1757 5504 1913 5547 tamen
1940 5501 2130 5550 ulhanc

491 5561 636 5607 etiam
663 5572 829 5606 vocem
861 5560 974 5605 huic
1000 5559 1102 5604 Iocn
1125 5571 1216 5603 non
1257 5572 1448 5617 prorsus
1471 5568 1624 5617 aplam
1654 5561 1916 5607 existimet.
1947 5562 2130 5609 Boisius

491 5621 683 5678 cnnjicil
711 5622 877 5680 ἔρωτα.
906 5619 1003 5680 sed
1043 5620 1184 5664 nimia
1210 5632 1372 5680 ιιοιςυηι
1417 5620 1680 5665 divorsius.
1715 5620 1773 5666 Ut.
1818 5628 1871 5667 ιιι
1905 5634 1984 5668 res
2035 5630 2127 5675 est.

491 5677 650 5743 ῥανίδα
676 5677 751 5743 ὴίιξ
774 5677 1082 5743 pcregrinum
1106 5680 1223 5727 olet.
1251 5679 1356 5726 Mox
1383 5681 1496 5739 Reg.
1529 5681 1737 5739 ἐμϐαλών
1765 5688 1913 5729 recte.
1961 5682 2125 5730 Morel.

490 5741 543 5789 ει
564 5742 711 5788 Savil.
734 5741 957 5786 ἐκϐαλών.

555 5805 575 5832 ο
603 5803 726 5862 lleg.
751 5808 801 5849 el
824 5801 970 5851 SMU.
998 5800 1098 5848 καθ’
1118 5800 1292 5847 ἑαυτῶν

2237 457 2559 526 τετραπλῆν,
2588 460 2711 511 ὅταν
2753 461 2846 512 καὶ
2875 460 3005 520 υἰδς,
3036 461 3126 512 καὶ
3155 460 3449 522 κάλλιστος,
3484 462 3577 514 καὶ
3606 462 3871 529 ποθούμε-

2238 557 2341 604 νος,
2368 543 2458 593 καὶ
2504 545 2605 596 ὐπὸ
2638 545 2940 614 βαρϐάρων,
2975 545 3108 598 ἀλλὰ
3138 545 3212 614 μὴ
3238 545 3315 614 τῷ
3347 547 3505 615 κοινῷ
3539 548 3639 616 τῆς
3662 547 3868 616 φύσεως

2239 628 2486 681 καταλύει
2513 631 2659 699 νόμῳ
2685 631 2772 682 τὸν
2801 631 2911 699 βίον
2930 646 2943 660 ⁸
2974 631 3066 682 καὶ
3105 630 3239 697 μετὰ
3270 631 3453 683 τούτου
3483 634 3572 684 καὶ
3595 634 3644 685 οί
3673 635 3729 685 ἐν
3753 633 3866 701 ἠλι-

2237 713 2328 783 κίᾳ
2376 715 2591 777 πάντες,
2624 717 2761 768 ὥστε
2809 717 2939 786 μηδὲ
2980 717 3166 768 ἐλπίδα
3205 716 3382 778 αὐτοῖς
3431 714 3564 770 εἶναι
3611 718 3866 787 χρηστὴν,

2235 799 2355 850 ὅσον
2387 801 2464 861 είς
2492 801 2827 871 ἀνθρωπίνην
2865 797 2964 870 ἧκε
3006 801 3251 870 βοήθειαν
3281 803 3369 854 καὶ
3400 803 3724 870 συμμαχίαν.
3762 804 3869 856 Καὶ

2236 884 2726 949 ταπεινωθήσεται
2750 885 2777 926 ά
2805 904 2818 916 ·
2850 887 2947 939 καὶ
2982 885 3096 957 [48]
3137 887 3542 951 πενθήσουσιν
3586 889 3645 940 αἱ
3693 886 3870 953 θῆκαι

2236 969 2341 1021 τοῦ
2371 972 2597 1039 κόσμου
2638 973 2818 1041 ὑμῶν,
2849 974 2944 1026 καὶ
2972 973 3409 1042 καταλειφθήσῃ
3439 974 3617 1041 μόνη,
3646 975 3743 1026 καὶ
3783 976 3870 1039 είς

2236 1054 2350 1120 τὴν
2379 1055 2495 1122 γῆν
2522 1055 2911 1125 ὲδαφισθήσῃ.
2944 1058 3041 1111 Διὰ
3073 1059 3285 1111 πάντων
3324 1058 3472 1121 αὕξει
3519 1058 3607 1111 τὸν
3655 1057 3868 1127 θρῆνον,

2237 1142 2488 1195 ἐπιτείνει
2508 1143 2598 1195 τὸν
2617 1144 2796 1210 φόϐον,
2825 1145 3171 1213 ἀκμάζουσαν
3191 1146 3285 1212 τὴν
3306 1141 3539 1211 ἀγωνίαν
3563 1143 3870 1214 ἐργάζεται,

2237 1227 2325 1277 ὐπ’
2357 1226 2474 1295 ὄψιν
2507 1228 2624 1295 ἄγει
2663 1229 2730 1280 τὰ
2753 1230 2918 1292 δεινὰ,
2948 1230 3158 1299 εὐρύνει
3199 1234 3294 1299 τῆς
3327 1231 3603 1299 συμφορᾶς
3649 1229 3746 1298 τήν
3789 1230 3871 1280 δι-

2236 1313 2448 1380 ήγησιν,
2474 1313 2740 1382 πανταχοῦ
2774 1315 3122 1383 περιτρέχων,
3148 1315 3400 1367 πάντοθεν
3420 1315 3658 1380 συνάγων
3689 1313 3755 1364 τὰ
3780 1312 3871 1362 λυ-

2237 1396 2385 1464 πηρά
2426 1396 2514 1448 διὰ
2562 1398 2659 1468 τὴν
2699 1399 2806 1450 τῶν
2850 1399 3149 1452 ἀκουόντων
3187 1397 3872 1468 ἀναισθησίαν.’Δγαπητδν

2235 1481 2342 1550 γὰρ
2375 1477 2444 1551 ῆν
2485 1483 2766 1546 τοσαύταις
2811 1485 3226 1554 κατασειομένας
3257 1484 3421 1547 αὐτὰς
3447 1484 3690 1545 ἀπειλαῖς
3719 1483 3873 1534 ἀνεν·

2237 1571 2432 1633 εγκεῖν,
2461 1569 2552 1621 καὶ
2579 1569 2758 1622 λαϐεῖν
2784 1570 3027 1640 αἴσθησιν
3057 1571 3163 1624 τῶν
3190 1571 3480 1640 μελλόντων
3505 1567 3872 1638 συμϐήσεσθαι

2237 1653 2508 1722 λυπηρῶν.
2540 1655 2637 1706 Διά
2662 1655 2724 1724 δὴ
2749 1655 2903 1707 τοῦτο
2931 1656 3023 1708 καὶ
3058 1657 3348 1725 ἐπήγαγεν,
3371 1654 3400 1707 6
3422 1655 3621 1724 σφόδρα
3645 1652 3873 1706 ἐλεεινὸν

2237 1735 2372 1790 εἶναι
2398 1740 2558 1802 δοκεῖ,
2587 1741 2646 1791 τὸ
2689 1741 2907 1809 χρυσίου
2953 1741 3123 1810 θήκην
3150 1743 3280 1810 ὁρᾷν
3312 1740 3706 1809 κεκενωμένην,
3737 1737 3874 1791 ὑπό-

2241 1842 2426 1894 μνημα
2468 1825 2567 1893 τῆς
2609 1826 2839 1886 παλαιᾶς
2875 1827 3191 1893 εὐπραγίας,
3226 1826 3312 1878 διὰ
3354 1826 3450 1894 τῆς
3493 1825 3662 1892 ὅψεως
3696 1823 3874 1892 ἀκμά-

2237 1909 2430 1972 ζουσαν
2457 1910 2740 1978 διατηροῦν
2771 1910 2869 1979 τὴν
2909 1910 3191 1979 ἀλγηδόνα.
3223 1911 3328 1961 Καὶ
3362 1909 3468 1978 7&9
3494 1909 3610 1960 τότε
3640 1908 3876 1976 μάλιστα

2236 1993 2444 2046 δάκνειν
2479 1996 2619 2062 ὑμᾶς
2665 1995 2909 2046 εἰώθασιν
2941 1997 3000 2046 αῖ
3053 1996 3340 2062 συμφοραὶ,
3369 1994 3493 2045 ὅταν
3545 1993 3713 2053 αὐτὰς
3754 1993 3874 2052 ταῖς

2238 2081 2525 2150 προτέραις
2569 2080 2992 2150 παραϐάλλωμεν
3030 2081 3372 2149 εὐημερίαις·
3404 2078 3495 2130 καὶ¹
3522 2080 3554 2146 ἡ
3593 2079 3876 2145 σύγκρισις

2239 2166 2604 2235 χαλεπώτερον
2631 2167 2690 2217 τὸ
2715 2166 2867 2228 ἓλκος
2900 2164 3201 2233 ἐργάζεται.
3236 2163 3403 2215 Τοῦτο
3450 2162 3577 2229 γοῦν
3623 2177 3749 2212 ποτε
3778 2159 3876 2212 καὶ

2237 2253 2264 2301 6
2301 2250 2416 2303 Ἰὼϐ
2447 2251 2653 2321 θρηνῶν
2680 2252 2826 2317 ἔλεγε
2849 2266 2861 2278 ⁸
2897 2252 2991 2314 Τίς
3023 2251 3100 2302 ἄν
3120 2267 3193 2317 με
3224 2250 3346 2315 θείη
3371 2248 3515 2317 μετὰ
3545 2247 3708 2314 μῆνα
3731 2247 3875 2313 ἠμε-

2231 2335 2354 2402 ρῶν
2374 2335 2488 2386 τῶν
2510 2338 2872 2404 ἕμπροσθεν;
2893 2335 2982 2388 καὶ
3002 2336 3262 2405 διηγεῖται
3281 2335 3369 2386 τὴν
3391 2332 3614 2385 πλοῦτον
3637 2332 3875 2392 ἅπαντα,

2239 2422 2329 2473 καὶ
2363 2421 2428 2472 τὰ
2456 2421 2637 2491 ὥσπερ
2663 2423 2725 2472 ἐκ
2753 2422 2940 2492 πηγῶν
2975 2422 3289 2491 ἐπιρρέοντα
3321 2419 3514 2486 ἀγαθά,
3545 2419 3643 2487 τὰς
3687 2417 3874 2486 τιμάς,

2235 2507 2333 2568 τάς
2360 2508 2664 2576 προσόδους,
2696 2507 2794 2576 τὴν
2831 2509 3178 2576 περιφάνειαν
3211 2506 3445 2564 ἅπασαν,
3481 2503 3618 2555 ὥστε
3647 2505 3712 2572 τῇ
3746 2518 3877 2569 συγ⁴

2236 2592 2409 2660 κρίσει
2435 2593 2635 2644 τούτων
2668 2591 2840 2661 πολλῷ
2868 2593 3214 2662 χαλεπώτερα
3240 2592 3402 2654 δεῖξαι
3427 2590 3493 2642 τά
3521 2591 3758 2659 παρόντα
3783 2589 3877 2641 καὶ

2238 2678 2587 2746 κατειληφότα
2638 2678 2795 2731 αὐτὸν
2847 2679 3008 2731 δεινά.
3042 2681 3105 2730 "0
3149 2679 3212 2747 δὴ
3245 2678 3335 2729 καὶ
3381 2678 3409 2728 6
3455 2677 3733 2746 προφήτης
3777 2674 3876 2726 νῦν

2239 2764 2475 2832 ἐποίησε,
2509 2765 2613 2815 τῶν
2647 2765 2823 2832 θηκῶν
2852 2766 3182 2833 ἀναμνήσας,
3210 2766 3300 2816 καὶ
3332 2764 3448 2815 οὐδέ
3475 2762 3679 2824 τούτοις
3705 2761 3875 2831 ἀρκε-

2239 2848 2407 2913 σθεὶς,
2439 2849 2572 2901 ἀλλά
2601 2849 2691 2900 καὶ
2724 2848 3026 2916 εἰσαγαγὼν
3056 2850 3218 2910 αὐτὰς
3255 2848 3564 2909 πενθούσας.
3583 2848 3874 2916 Ἐμφαντι-

2238 2937 2470 3006 κώτερον
2516 2937 2621 3005 7&9
2669 2935 2822 2988 τοῦτο
2859 2937 2951 2988 τοῦ
2995 2937 3150 3002 λόγου
3179 2937 3236 2987 τὸ
3266 2931 3421 2998 εἶδος,
3459 2937 3583 2988 ὅταν
3620 2934 3874 2996 τοιαύτας

2237 3022 2531 3092 ἐργάζηται
2562 3023 3156 3092 προσωποποιίας.“Ηδη
3189 3023 3316 3087 γοῦν
3340 3023 3430 3073 καὶ
3458 3021 3728 3089 ἀμπέλους
3747 3021 3876 3088 θρη-

2236 3109 2424 3170 νούσας
2451 3108 2678 3176 είσάγει,
2715 3109 2804 3160 καὶ
2824 3106 2981 3169 οἶνον,
3015 3107 3152 3161 ὥστε
3188 3108 3382 3176 μᾶλλον
3414 3106 3728 3159 καθικέσθαι
3761 3105 3872 3156 τῶν

2235 3195 2611 3264 ἀκροωμένων,
2645 3195 2736 3245 καὶ
2763 3194 2858 3262 τῆς
2883 3193 3185 3262 παχύτητος
3214 3191 3389 3244 αὐτῶν
3417 3191 3777 3259 καθάψασθαι.
3807 3190 3873 3240 Τί

2233 3280 2289 3332 δέ
2321 3281 2455 3339 ἐστι,
2500 3277 2949 3345 Καταλειερθήσῃ
2993 3279 3187 3345 Mm;
3220 3276 3326 3329 Καὶ
3365 3275 3682 3345 συμμάχων,
3716 3272 3868 3341 φησὶ,

2237 3365 2325 3415 καὶ
2352 3365 2448 3430 τῆς
2480 3364 2570 3415 τοῦ
2602 3362 2733 3414 Θεοῦ
2778 3362 3027 3430 προνοίας
3071 3360 3428 3430 ἐρημωθεῖσα,
3457 3361 3550 3411 καὶ
3581 3361 3679 3426 τῆς
3706 3358 3872 3425 ἄλλης

2239 3448 2582 3518 περιφανείας
2625 3447 2965 3516 γυμνωθεῖσα
3010 3448 3205 3513 πάσης,
3253 3446 3344 3497 καὶ
3393 3444 3720 3512 πανταχόθεν
3767 3443 3873 3495 ὐπὸ

2234 3535 2338 3586 τῶν
2385 3533 2650 3603 πολεμίων
2682 3532 3037 3599 κυκλουμένη,
3073 3532 3163 3584 καὶ⁵
3196 3533 3250 3582 ἐν
3286 3530 3465 3598 μέσοις
3491 3528 3868 3597 ἀπειλημμένη

2237 3621 2545 3689 βαρϐάροις.
2575 3616 2705 3670 Εἶτα
2732 3619 2826 3686 τὴν
2849 3616 3144 3686 ὑπερϐολὴν
3164 3617 3261 3683 τῆς
3281 3614 3654 3675 ταπεινώσεως
3691 3630 3871 3682 παρα-

2236 3707 2428 3774 στῆσαι
2478 3705 2662 3766 θέλων,
2693 3704 2848 3774 φησί’
2888 3703 2994 3756 Καὶ
3038 3704 3123 3766 εἰς
3171 3701 3284 3767 τὴν
3319 3699 3433 3768 γῆν
3471 3697 3868 3766 ἐδαφισθήσῃ.

2236 3793 2385 3852 Οὐδὲ,
2417 3791 2582 3858 Πέσῃ,
2604 3786 2770 3853 εἷπεν,
2804 3789 2943 3852 οὐδὲ,
2978 3788 3376 3856 Κατενεχθήσῃ,
3407 3785 3517 3838 ἀλλ’
3549 3784 3709 3854 ἑτέρᾳ
3729 3783 3870 3845 λέξει

2236 3877 2558 3944 σαφέστερον
2590 3874 2962 3944 ἐνδεικνυμένῃ
3002 3873 3096 3941 τὴν
3138 3872 3403 3924 εὐτέλειαν
3447 3870 3612 3937 αὐτῆς
3656 3869 3871 3921 ἃπασαν

2233 3962 2592 4033 ἀπεχρήσατο.

2878 4059 3121 4112 ΚΕΦΛΛ.
3159 4060 3232 4113 Δ’.

2234 4189 2338 4244 Καὶ
2368 4187 2762 4255 ἐπιλήψονται
2785 4184 2932 4255 ἑπτὰ
2961 4183 3236 4255 γυναῖκες
3361 4180 3435 4248 τῇ
3466 4181 3651 4255 ἡμέρᾳ
3671 4179 3872 4255 ἐκείκῃ

2302 4249 2608 4323 ἀνθρώπου
2628 4255 2780 4318 ἐνὸς,
2803 4249 3085 4323 λέγουσαι
3105 4269 3119 4283 ·
3151 4252 3262 4304 Τὸν
3289 4251 3472 4323 ἄρτον
3681 4253 3872 4323 squ-reb:

2299 4316 2481 4393 μεθα,
2497 4324 2593 4376 καί
2623 4324 2694 4374 τὰ
2721 4316 2915 4393 ιμάτιά
2941 4321 3105 4393 ἡμῶν
3131 4316 3592 4393 περιϐαεῑώμεθαζ
3615 4318 3781 4393 πᾼὴν
3792 4316 3868 4393 τὸ

2302 4385 2487 4459 ὄνομά
2514 4409 2628 4444 σου
2659 4385 3080 4456 κεκλήσθωέφ
3111 4389 3285 4457 ἡμᾶς,
3317 4387 3498 4455 ἄφελε
3527 4388 3631 4439 τὸν
3658 4385 3870 4438 ὀνειδι-

2302 4465 2459 4529 σμὸν
2489 4459 2673 4527 ἡμῶν.

2304 4565 2488 4633 α’.Τὴν
2504 4564 2568 4615 ἐκ
2594 4561 2686 4613 τοῦ
2712 4560 2940 4629 πολέμου
2961 4577 3020 4611 συ
3029 4559 3238 4628 μϐἄσαν
3265 4555 3687 4626 ὀλιγανθρωπίαν
3703 4556 3872 4625 ἐμφῆ-

2233 4668 2318 4701 ναι
2348 4650 2609 4718 βούλεται,
2644 4648 2733 4699 καὶ
2763 4646 2876 4706 πῶς
2905 4647 2982 4706 εἰς
3009 4646 3281 4713 ἐλάχιστον
3320 4644 3574 4714 περιέστη
3595 4655 3618 4681 ο
3648 4644 3676 4694 6
3704 4643 3869 4712 δῆμος

2232 4736 2338 4788 τῶν
2383 4735 2666 4787 Ἰουδαίων,
2724 4732 2854 4784 Οὐδέ
2897 4731 3004 4798 γὰρ
3063 4731 3386 4798 προστασίας
3423 4730 3625 4798 ἔφησαν
3665 4729 3870 4781 δεῖσθαι

2231 4826 2346 4883 ταῖς
2377 4822 2585 4889 γυναιξὶ
2615 4817 2986 4888 προσηκούσης
3006 4816 3110 4868 ὐπὸ
3141 4816 3343 4884 ἀνδρῶν
3372 4815 3716 4886 παρέχεσθαι,
3735 4815 3870 4867 ἀλλὰ

2232 4909 2392 4975 ἀτελῆ
2421 4908 2518 4976 τῆς
2549 4905 2878 4974 λειτουργίας
2911 4904 3072 4955 αὐτὸν
3103 4905 3314 4970 ἀφεῖναι
3343 4902 3562 4969 ταύτης,
3597 4902 3688 4952 καὶ
3716 4902 3870 4968 στέρο

2231 5013 2344 5062 γειν
2377 4994 2468 5046 καὶ
2497 4994 2731 5059 ἀγαπᾷν,
2761 4991 2807 5041 εί
2830 4989 3014 5049 ἁπλῶς
3061 4988 3190 5055 γοῦν
3235 4989 3325 5039 καὶ
3364 4989 3436 5048 ὡς
3466 4987 3620 5053 ἔτυχε
3651 4984 3744 5037 τοῦ
3771 4985 3867 5054 τῆς

2232 5082 2449 5152 χηρείας
2479 5080 2830 5146 ἀπαλλαγεῖεν
2860 5077 3139 5144 ὀνόματος.
3171 5076 3340 5127 Τοῦτο
3379 5077 3482 5140 γάρ
3523 5077 3700 5133 ἐστιν,
3737 5075 3869 5140 Ἀςρο

2231 5174 2328 5221 ale
2362 5168 2465 5219 τὸν
2496 5164 2832 5231 ὀνειδισμὸν
2870 5162 3031 5228 ἡμῶν
3055 5180 3067 5191 ·
3103 5163 3286 5229 ἐπειδὴ
3315 5162 3371 5211 τὸ
3408 5161 3628 5210 παλαιὸν
3670 5159 3869 5221 δνειδος

2231 5253 2420 5305 τοῦτοί
2464 5248 2599 5302 εἶναι
2645 5249 2832 5299 ἐδόκει.
2873 5246 2947 5312 Τῇ
2989 5247 3054 5297 δὲ
3101 5247 3283 5311 ἡμέρᾳ
3313 5246 3510 5310 ἐκείνῃ
3549 5245 3866 5312 ἐπιλάμψει

2231 5344 2261 5392 o'
2293 5340 2432 5401 Θεὸς
2463 5339 2530 5389 ἐν
2563 5333 2761 5400 βουλῇ
2783 5333 2928 5400 μετὰ
2965 5333 3145 5397 δόξης
3174 5332 3268 5382 ἐπὶ
3301 5331 3409 5400 [49]
3441 5332 3546 5396 τῆς
3593 5331 3722 5398 γῆς,
3762 5334 3867 5386 τοῦ

2230 5425 2464 5492 ὑψῶσαι
2487 5424 2582 5474 καὶ
2607 5420 2708 5472 τοῦ
2723 5419 2971 5482 δοξάσαι
2992 5417 3056 5470 τὸ
3075 5417 3462 5484 καταλειφθὲν
3481 5417 3583 5470 τοῦ
3601 5418 3862 5485 Ἰσραήλ.

2291 5564 2315 5601 (ι
2343 5563 2546 5610 Alienus
2568 5558 2826 5619 legendum
2845 5558 3024 5604 indicat
3054 5558 3133 5603 καὶ
3165 5556 3604 5612 ταπεινωθήσονται,
3630 5561 3684 5602 ιιι
3704 5568 3862 5615 supra.

2231 5628 2326 5674 Sed
2351 5621 2462 5669 nihil
2492 5623 2593 5668 ausi
2619 5632 2781 5665 sumus
2805 5625 3007 5666 mutare.

2296 5701 2316 5724 c
2345 5684 2424 5731 Sic
2445 5683 2558 5728 Mor.
2588 5686 2639 5726 ει
2674 5677 2962 5736 Bavaricus;
2990 5679 3106 5738 Reg.
3151 5681 3199 5724 ei
3250 5676 3396 5723 Savil.
3425 5675 3670 5736 περίεστιν)
3711 5678 3867 5725 minus

2233 5755 2418 5852 Γρῖιὲἰυ
2450 5804 2611 5849 “mur.
2641 5808 2688 5848 cl
2713 5801 2900 5858 ληνοῖς
2945 5804 2988 5848 in
3013 5801 3114 5858 “0;:
3159 5808 3208 5846 t‘l
3256 5798 3398 5845 Savil.
3427 5795 3563 5842 τοῦτο
3597 5797 3749 5845 deost.
