4058 6216
229 350 299 405 53
1480 329 1543 384 IN
1583 326 1779 384 lSAlAl

1889 327 2018 383 IAP.
2063 329 2149 382 IV.
3379 341 3451 396 54

216 448 330 502 illos
363 454 569 501 tantam
593 447 975 519 providentiam
1003 446 1140 499 nacti
1169 452 1327 508 sunt,
1361 459 1529 513 neque
1552 443 1797 509 exemplo

213 540 659 607 tcmpcrantiorcs
697 545 1019 602 evaserunt,
1047 536 1098 590 id
1126 535 1262 605 quod
1305 544 1578 602 peccatum
1627 532 1797 585 reddit

212 631 369 700 longe
397 632 627 700 gravius,
655 645 865 699 poenam
894 630 1024 699 ipsis
1051 628 1368 683 destinatam
1389 625 1660 694 eﬁugere‘l
1690 622 1796 677 Cur

217 735 339 790 ergo
381 720 639 775 hactenus
666 735 851 790 poenas
881 734 986 773 non
1016 717 1311 773 dederunt?
1338 716 1404 772 Ut
1443 714 1648 770 ediscas
1676 712 1795 766 illos

215 811 377 880 longe
403 811 631 879 graviori
662 812 922 865 reservari
952 808 1231 877 supplicio.

284 902 377 955 10.
406 900 560 968 Quod
591 902 733 955 enim
764 901 971 971 possint
993 901 1254 954 atrociora
1282 897 1471 967 inlligi,
1502 909 1660 965 quam
1690 894 1790 948 So-

208 991 467 1056 domitis,
514 990 635 1045 audi
672 990 937 1045 Christum
983 990 1244 1045 dicentem
1274 1005 1288 1040 :
1318 986 1657 1043 Tolerabilius
1698 984 1791 1037 erit

211 1092 361 1133 terra:
382 1081 720 1135 Sodomorum
739 1090 785 1134 et
804 1080 1098 1133 Gomorrth
1124 1080 1178 1133 in
1200 1080 1281 1134 die
1297 1079 1501 1149 judicii,
1535 1092 1685 1143 quant
1710 1076 1783 1128 ci-

211 1171 355 1222 riuui
392 1172 510 1223 huic
540 1170 770 1239 (Matth.
806 1170 894 1224 10.
927 1170 1054 1238 15).
1088 1169 1162 1222 Ita
1192 1176 1251 1221 ut
1279 1170 1435 1223 etiam
1473 1167 1517 1223 si
1543 1181 1660 1233 qua:
1690 1165 1791 1217 hoc

208 1274 407 1317 ornatu
432 1264 633 1333 fulgent
670 1263 918 1317 mulieres
948 1278 1053 1316 non
1080 1263 1227 1333 paria
1254 1263 1520 1331 patiantur
1548 1262 1610 1315 iis
1633 1301 1647 1325 ,
1676 1274 1793 1328 qua:

210 1363 335 1408 tunc
367 1353 712 1419 ornabantur,
738 1369 804 1408 ne
828 1354 1118 1408 conﬁdant.
1140 1353 1269 1407 Nam
1293 1352 1567 1407 tolerantia
1590 1350 1794 1419 patien-

210 1444 387 1511 tiaque
414 1445 711 1513 graviorem
727 1444 1022 1499 accumulat
1044 1444 1179 1512 ignis
1204 1442 1492 1508 fornacem,
1518 1444 1792 1510 majorem-

208 1545 306 1598 quc
338 1533 605 1587 flammam
629 1534 807 1589 efﬁcit.
829 1534 940 1591 Hoc
960 1533 1178 1588 Ananizn
1203 1543 1255 1587 et
1275 1532 1547 1602 Sapphiraa
1576 1531 1793 1599 contigit

206 1623 345 1689 (Act.
373 1623 451 1693 5).
476 1623 603 1677 Nam
627 1625 697 1678 illi
720 1625 772 1678 in
794 1625 1051 1693 principio
1072 1634 1126 1679 et
1144 1623 1362 1678 exordio
1383 1621 1788 1691 pratdicationis,

206 1727 328 1765 cum
361 1728 431 1766 ex
474 1714 706 1780 pecuniis
735 1715 835 1768 illis
860 1714 1128 1784 quidpiam
1168 1714 1404 1768 suffurati
1435 1722 1633 1776 essent,
1664 1726 1792 1765 con—

207 1804 385 1857 festim
419 1806 626 1873 abrepti
666 1813 822 1871 sunt;
847 1814 967 1873 post
991 1806 1110 1859 illos
1147 1813 1322 1859 autem
1370 1804 1517 1857 multi
1543 1803 1631 1872 qui
1669 1802 1788 1855 talia

205 1893 320 1946 ausi
351 1892 596 1957 fuerant,
641 1893 769 1947 nihil
807 1894 1047 1964 perpessi
1090 1903 1232 1949 sunt.
1263 1894 1361 1961 Qui
1404 1893 1560 1962 igitur
1598 1891 1787 1945 rationi

207 1992 628 2037 consentaneum
657 1998 775 2039 esse
800 1985 985 2052 possit,
1012 1984 1215 2054 justum
1236 1982 1470 2053 judicem
1488 2022 1503 2046 ,
1529 1980 1617 2049 qui
1640 1980 1784 2048 paria

210 2074 461 2127 omnibus
483 2075 777 2140 distribuit,
807 2089 899 2130 eos
919 2075 1009 2145 qui
1031 2076 1203 2128 minus
1224 2073 1559 2144 peccaverint
1582 2070 1786 2133 ulcisci,

210 2176 304 2216 eos
330 2172 510 2217 autem
549 2165 637 2232 qui
673 2164 911 2233 graviora
954 2164 1219 2218 admisere
1252 2164 1449 2218 scelera
1486 2160 1787 2217 dimittere?

214 2255 405 2306 Annon
431 2253 602 2321 palam
625 2264 724 2319 est,
741 2255 861 2323 quia
884 2254 1023 2307 diem
1044 2254 1248 2319 statuit,
1269 2255 1319 2307 in
1340 2268 1440 2323 qua
1458 2252 1785 2322 judicaturus

211 2352 291 2396 est
311 2344 529 2409 orbem,
564 2345 681 2399 ideo
710 2346 1018 2414 supplicium
1040 2345 1293 2410 differre,
1327 2355 1383 2399 ut
1416 2354 1507 2398 aut
1537 2344 1786 2413 patientia

214 2433 597 2501 ejusmeliorcs
620 2436 938 2503 reddantur,
962 2446 1054 2491 aut
1099 2438 1143 2490 si
1170 2439 1222 2490 in
1260 2438 1446 2492 iisdem
1482 2438 1783 2504 pet-sistant,

213 2525 476 2578 atrociora
506 2526 805 2593 patiantur?
831 2527 958 2580 Cum
983 2527 1138 2596 igitur
1162 2528 1344 2581 eadem
1371 2529 1569 2582 scelera
1593 2528 1786 2580 admit-

216 2614 397 2676 timus,
429 2630 546 2683 qua:
574 2616 899 2670 admiserunt
921 2618 993 2670 illi
1027 2619 1114 2686 qtti
1140 2618 1395 2686 supplicio
1435 2617 1606 2671 affecti
1637 2627 1779 2682 sunt,

216 2720 313 2759 nec
340 2705 529 2759 eadem
556 2721 674 2775 qu:c
704 2707 778 2760 illi
808 2708 1055 2776 patimur,
1085 2724 1151 2762 ne
1171 2708 1519 2772 conﬁdamus,
1549 2709 1641 2763 sed
1669 2723 1782 2761 nta-

213 2796 293 2864 gis
317 2796 616 2851 timeamus.
648 2796 794 2853 Sicut
823 2798 961 2853 enim
1004 2798 1173 2869 legem
1202 2799 1319 2853 tulit
1358 2800 1495 2855 Deus
1535 2814 1630 2868 per
1667 2800 1783 2854 illo-

214 2902 328 2939 rum
357 2886 670 2957 supplicium
692 2929 707 2954 ,
736 2904 920 2943 omnes
945 2889 1266 2953 admonens,
1298 2889 1584 2959 dicensque
1617 2905 1629 2943 :
1659 2889 1783 2944 Ideo

213 2992 335 3030 eum
363 2978 453 3045 qui
482 2978 548 3032 ab
578 2979 723 3032 initio
760 2979 994 3047 peccavit
1021 2979 1277 3048 supplicio
1302 2980 1449 3034 aﬁ'cci
1471 3021 1485 3045 ,
1524 2989 1581 3033 ut
1612 2989 1666 3034 et
1696 2990 1781 3045 tu,

212 3067 304 3134 qui
340 3076 459 3134 post
487 3068 603 3122 illos
624 3068 823 3121 scelera
850 3068 1104 3135 admittis,
1131 3069 1316 3122 eadem
1348 3072 1460 3138 ipsa
1482 3079 1779 3138 exspectes,

212 3167 266 3210 et
287 3158 615 3211 convertaris
654 3166 708 3211 et
740 3158 931 3211 melior
969 3159 1181 3213 evadas.
1208 3160 1479 3215 Similibus
1512 3161 1651 3214 enim
1678 3160 1782 3213 cri-

213 3248 448 3302 minibus
475 3249 675 3303 similes
717 3264 888 3318 poenat
926 3252 1224 3307 constitutae
1262 3261 1411 3318 sunt,
1443 3251 1648 3307 etiamsi
1676 3265 1778 3305 non

212 3339 394 3392 statim
447 3340 677 3394 veniant.
725 3339 780 3394 ln
810 3339 893 3395 his
947 3357 1104 3411 porro
1154 3358 1258 3396 non
1306 3343 1419 3397 sine
1460 3356 1619 3397 causa
1663 3356 1779 3395 sum

213 3430 558 3494 immoratus;
587 3431 679 3485 sed
703 3432 824 3500 quia
847 3432 1033 3485 noxius
1057 3432 1144 3485 ille
1171 3434 1383 3486 morbus
1415 3434 1467 3486 in
1506 3431 1777 3487 hominum

212 3519 358 3573 aedes
385 3520 651 3589 ingressus
676 3530 757 3574 est
793 3521 861 3575 ob
883 3521 1162 3575 mulierum
1202 3522 1496 3590 mollitiem,
1524 3538 1672 3577 amor
1696 3524 1776 3576 vi-

211 3609 408 3663 delicet
454 3621 921 3675 ornamentorum,
974 3612 1062 3681 qui
1112 3613 1450 3680 pecuniarum
1513 3614 1776 3681 impensas

210 3700 379 3763 anxit,
414 3702 464 3753 in
498 3710 739 3769 sumptus
770 3702 1168 3771 intempestivos
1197 3703 1438 3756 homines
1465 3703 1772 3771 conjieicns,

208 3805 274 3842 ac
310 3791 452 3855 belli,
490 3792 853 3857 dissensionis,
887 3800 941 3846 ct
981 3794 1297 3861 quotidianae
1341 3793 1449 3846 litis
1488 3808 1643 3847 causa
1670 3800 1773 3856 est,

210 3894 603 3950 pauperumque
635 3890 846 3935 ventres
870 3883 1068 3935 atterit.
1105 3880 1235 3936 Cum
1262 3884 1402 3935 enim
1434 3890 1568 3935 totas
1606 3882 1774 3936 facul-

209 3980 367 4033 tates,
396 3983 485 4024 aut
520 3987 659 4041 sarpc
699 3975 834 4027 ultra
878 3973 1174 4037 facultates,
1206 3974 1394 4029 mulier
1425 3975 1476 4027 in
1502 3984 1775 4028 contume-

212 4064 335 4116 liam
379 4064 615 4130 corporis
639 4065 716 4117 sui
745 4066 913 4117 virum
953 4073 1107 4132 cogat
1135 4064 1434 4132 impendere
1462 4064 1603 4133 (nam
1629 4074 1775 4118 certe

206 4154 527 4208 contumelia
570 4156 804 4223 corporis
829 4162 912 4207 est
934 4169 1121 4209 aurum
1163 4152 1643 4224 circumpositum),
1677 4168 1773 4207 ne-

206 4257 361 4298 cesse
392 4257 603 4311 prorsus
645 4254 726 4297 est
770 4258 986 4298 manum
1028 4244 1297 4298 retrahere
1332 4244 1399 4298 ab
1436 4245 1772 4313 elcemosyna

206 4334 494 4404 eroganda.
524 4334 788 4403 Multaque
815 4335 914 4388 alia
946 4334 1071 4388 hinc
1088 4343 1200 4389 orla
1229 4343 1441 4404 peccata
1467 4335 1644 4388 videre
1670 4344 1771 4389 est.

210 4426 405 4479 Verum
434 4424 515 4477 bis
540 4424 770 4479 dimissis
789 4466 805 4491 ,
835 4432 892 4478 ut
921 4440 982 4479 ea
1006 4425 1326 4493 experientia
1355 4424 1560 4479 discant
1588 4425 1654 4487 ii,
1685 4425 1772 4493 qui

209 4515 321 4567 lucc
350 4515 642 4582 patientur,
675 4531 733 4570 ea
769 4532 889 4585 quae
922 4525 1214 4585 sequuntur
1253 4518 1591 4585 attingamus.
1621 4516 1773 4569 Post-

204 4618 363 4671 quam
412 4605 726 4671 captivitatis
763 4606 985 4659 formam
1032 4606 1348 4672 declaravit,
1380 4616 1433 4659 et
1459 4606 1630 4661 dixit:
1672 4606 1772 4660 l’ro

204 4704 393 4746 ornatu
422 4694 587 4761 ipsam
633 4696 873 4748 inducam
894 4736 908 4758 ,
939 4705 1098 4763 auget
1125 4698 1477 4750 calamitatem
1497 4737 1513 4761 ,
1544 4696 1723 4750 dicens
1756 4713 1768 4749 :

208 4781 273 4835 Et
302 4784 438 4851 ﬁlius
464 4793 578 4835 tuus
602 4784 982 4850 pulcherrimus,
1014 4801 1158 4852 quem
1193 4785 1381 4853 diligis,
1412 4785 1582 4853 gladio
1606 4786 1768 4849 cadet,

204 4890 247 4928 et
278 4878 430 4945 {ortos
459 4875 605 4927 vestri
631 4872 799 4942 gladio
833 4874 1030 4925 cadent.
1062 4873 1174 4927 Hoc
1215 4876 1407 4942 quippe
1447 4883 1530 4928 est
1567 4875 1645 4928 vel
1677 4889 1770 4928 ca-

205 4970 445 5038 ptivitate
476 4968 705 5037 gravius.
738 4967 832 5021 Est
860 4968 1000 5020 enim
1033 4968 1135 5020 vita
1164 4969 1403 5037 quredam
1435 4976 1603 5021 morte
1620 4982 1772 5021 acer-

207 5065 341 5115 bior.
366 5060 497 5115 Nam
525 5057 733 5129 quando
753 5073 870 5112 cum
893 5059 1149 5112 servitute
1179 5059 1573 5126 intempestivos
1601 5059 1771 5112 luctus

207 5152 454 5220 prosequi
480 5159 758 5219 coguntur,
786 5150 952 5217 cogita
981 5158 1178 5215 quanta
1207 5150 1275 5203 sit
1310 5150 1621 5203 calamitatis
1655 5165 1768 5202 nta-

202 5242 454 5309 gnitudo,
498 5256 616 5293 cum
654 5240 952 5293 continuata
990 5239 1127 5292 serie
1166 5256 1415 5293 aerumnae
1451 5239 1546 5293 sibi
1589 5250 1770 5292 mutuo

204 5330 511 5383 succedunt.
542 5329 671 5381 Nam
699 5330 793 5383 etsi
822 5327 1097 5395 captivitas
1120 5328 1230 5381 sola
1254 5329 1481 5393 adesset,
1508 5344 1568 5382 ea
1597 5338 1768 5382 tanton

202 5428 344 5470 esset
370 5417 753 5470 intolerandum
785 5417 978 5469 malum
1014 5432 1025 5468 :
1058 5424 1109 5469 et
1145 5417 1187 5469 si
1220 5418 1267 5469 in
1303 5416 1543 5469 libertate
1584 5418 1767 5469 viven-

204 5510 340 5561 tibus
373 5508 502 5562 tales
540 5516 710 5559 luctus
750 5506 1150 5574 contingerent,
1183 5516 1355 5560 morte
1392 5506 1636 5559 acerbior
1663 5508 1766 5557 vita

203 5607 358 5651 esset.
395 5598 500 5651 Sed
534 5612 668 5649 nunc
692 5598 801 5650 haec
822 5597 977 5649 ambo
1008 5605 1181 5660 erunt,
1214 5598 1400 5665 inquit,
1436 5606 1617 5648 ntutuo
1638 5610 1765 5647 con—

201 5690 398 5742 iuncta.
434 5689 541 5743 Ιιιω
562 5690 732 5755 potius
754 5686 888 5741 banc
914 5685 1261 5741 calamitatem
1294 5687 1555 5754 duplicem
1587 5686 1763 5753 appel-

1906 438 2016 493 lare
2055 455 2149 508 par
2186 446 2285 505 est,
2326 441 2590 510 ctiantqne
2639 442 2895 511 triplicem
2945 454 3000 499 et
3045 446 3472 519 quadruplicem,

1905 527 2113 595 quando
2159 537 2212 583 ct
2253 528 2411 595 ﬁlius,
2457 540 2512 584 et
2553 530 2955 598 pulcherrimus,
2980 544 3032 588 et
3079 535 3321 604 dilectus,
3362 550 3416 596 et
3442 557 3471 595 a

1903 617 2141 671 barbaris
2172 632 2339 673 cmsus
2361 660 2374 684 ,
2407 619 2501 672 sed
2536 635 2704 689 neque
2733 636 2797 674 ex
2823 624 3088 677 communi
3122 634 3320 679 natura:
3356 628 3468 698 lege

1904 709 2061 761 vitam
2102 709 2320 774 clausit;
2360 720 2412 764 et
2436 725 2554 764 cum
2584 711 2674 765 illo
2708 726 2893 767 omnes
2931 715 3018 785 qui
3049 716 3099 770 in
3130 716 3299 769 aetatis
3338 717 3466 773 ﬂore

1902 808 2070 861 erant,
2102 800 2169 852 ita
2198 809 2251 853 ut
2278 802 2473 855 nullam
2500 815 2647 871 Spem
2674 802 2865 856 bonam
2903 803 3184 871 haberent,
3210 814 3464 875 quantum

1900 890 2152 943 attinebat
2178 890 2243 943 ad
2270 889 2554 945 humanum
2598 893 2846 946 auxilium
2877 902 2929 947 et
2967 894 3350 949 commilitium.
3395 893 3464 949 Et

1901 979 2241 1032 humiliabitur
2272 996 2290 1033 :
2311 990 2353 1034 et
2379 982 2613 1051 lugebant
2642 983 2798 1036 (hocce
2824 994 3031 1038 ornatus
3062 986 3229 1049 vestri,
3257 996 3303 1039 et
3324 986 3462 1040 dere‘

1900 1071 2133 1139 linqueris
2184 1074 2325 1139 sola,
2374 1084 2418 1127 et
2460 1074 2529 1126 ad
2577 1083 2757 1128 (errant
2806 1078 3150 1145 prosterncris.
3198 1078 3298 1133 Per
3348 1078 3460 1134 haec

1898 1163 2074 1216 omnia
2122 1163 2315 1217 luctum
2360 1165 2667 1234 amplificat,
2705 1177 2859 1235 auget
2904 1168 3167 1233 timorem,
3210 1184 3458 1239 angorem

1900 1252 2072 1306 reddit
2109 1252 2381 1321 majorem.
2410 1255 2517 1309 Sub
2554 1265 2823 1324 aspectum
2860 1257 3003 1313 ducit
3042 1274 3333 1328 atrumnas,
3363 1277 3461 1316 ex-

1901 1342 2065 1396 tendit
2106 1343 2419 1398 calamitatis
2459 1347 2834 1411 narrationem,
2875 1363 3303 1417 quoquoversum
3359 1353 3464 1407 cir-

1897 1445 2267 1496 cumcurrens,
2302 1434 2531 1503 undique
2577 1436 2742 1489 tristia
2780 1438 3031 1507 colligens
3059 1440 3127 1493 ob
3164 1441 3460 1496 auditorum

1897 1522 2255 1577 stoliditatem.
2286 1525 2413 1578 Nam
2447 1526 2675 1594 optabile
2710 1527 2893 1582 fuisset
2923 1530 3038 1585 illas
3079 1540 3155 1585 tot
3184 1533 3339 1587 minis
3365 1549 3459 1587 ex-

1895 1614 2115 1681 agitatas
2158 1630 2275 1670 sese
2313 1619 2552 1687 erigere,
2582 1628 2636 1674 et
2664 1621 2715 1673 in
2743 1636 2957 1676 sensum
2993 1623 3283 1680 futurarum
3310 1628 3456 1680 cala-

1896 1702 2133 1757 mitatum
2162 1706 2360 1759 venire.
2406 1707 2528 1761 ldeo
2574 1709 2849 1777 subiunxit
2896 1712 2945 1765 id
2972 1713 3110 1780 quod
3157 1714 3456 1769 miserabile

1896 1808 2111 1862 prorsus
2136 1810 2255 1851 esse
2284 1798 2577 1866 videbatur,
2610 1800 2748 1868 quod
2778 1802 2891 1855 auri
2920 1803 3123 1857 thecam
3150 1815 3453 1859 evacuatam

1896 1889 2082 1941 visuras
2109 1899 2290 1944 essent
2310 1931 2325 1953 ,
2356 1892 2407 1945 in
2439 1903 2834 1947 monumentum
2874 1895 3109 1963 prisnina:
3136 1898 3455 1965 prosperita-

1895 1978 1980 2043 tis,
2011 1987 2066 2031 ut
2094 1994 2185 2048 per
2214 1981 2395 2034 oculos
2428 1995 2711 2037 mmrorcm
2751 1987 3011 2052 vigentem
3040 1995 3326 2040 servarent.
3356 1987 3449 2041 Et-

1892 2069 2033 2121 enim
2063 2077 2185 2123 tunc
2212 2085 2310 2125 nos
2345 2072 2509 2139 magis
2536 2087 2729 2139 angere
2758 2074 2929 2127 solent
2959 2074 3301 2137 calamitates.
3327 2090 3449 2130 cum

1895 2158 2007 2211 illas
2026 2172 2143 2212 cum
2173 2160 2388 2229 pristina
2416 2160 2665 2216 felicitate
2691 2177 3088 2231 comparamus;
3126 2167 3449 2234 comparatio

1891 2248 2084 2315 quippe
2114 2249 2321 2317 gravius
2368 2250 2515 2305 ulcus
2544 2250 2724 2305 efficit.
2758 2253 2869 2307 Hoc
2910 2254 3063 2323 igitur
3102 2264 3156 2309 et
3197 2256 3297 2309 Job
3324 2257 3448 2310 olim

1890 2338 2097 2394 diccbat
2140 2358 2150 2393 :
2196 2341 2321 2405 Quis
2360 2359 2437 2395 me
2488 2354 2639 2412 ponat
2684 2346 2956 2398 secundum
2994 2363 3211 2400 mensem
3256 2348 3450 2401 dierum

1892 2429 2216 2497 pristinorum
2251 2429 2368 2499 (Job
2402 2431 2487 2484 29.
2518 2432 2551 2484 2
2578 2434 2637 2501 )‘?
2676 2443 2959 2501 narratque
2999 2435 3203 2488 divitias
3238 2451 3444 2501 omnes,

1890 2530 1943 2573 ct
1977 2520 2111 2575 bona
2156 2521 2258 2575 sibi
2302 2522 2449 2590 quasi
2498 2537 2563 2576 ex
2591 2521 2820 2576 fontibus
2861 2524 3145 2589 affluentia,
3193 2525 3445 2592 honores,

1893 2621 2177 2679 proventus
2196 2652 2210 2677 ,
2243 2613 2575 2680 splendorem
2616 2630 2855 2680 omnem;
2888 2616 2956 2669 ila
2986 2626 3040 2670 ut
3070 2618 3273 2671 illorum
3301 2633 3446 2672 com-

1891 2703 2162 2770 paratione
2191 2703 2359 2757 multo
2380 2705 2649 2773 graviores
2668 2706 2908 2759 ostendat
2933 2722 3193 2762 zerumnas
3212 2722 3445 2777 [mesen-

1890 2801 2002 2856 tes,
2032 2806 2149 2861 qua:
2178 2793 2347 2861 ipsum
2388 2804 2723 2863 exceperant.
2756 2797 2907 2859 Quod
2948 2799 3103 2852 etiam
3145 2815 3281 2854 nunc
3320 2815 3445 2868 pro-

1890 2883 2048 2949 pbeta
2079 2882 2219 2950 fecit,
2245 2883 2423 2940 thecas
2450 2900 2889 2955 commemorans,
2914 2904 3084 2958 neque
3121 2890 3200 2944 his
3224 2902 3443 2946 conten-

1889 2982 1991 3041 tus,
2022 2974 2135 3029 illas
2155 2975 2406 3032 inducens
2428 2977 2683 3048 lugentes.
2705 2980 2825 3034 Hatc
2842 2984 2981 3036 enim
2996 2982 3199 3037 dicendi
3218 2983 3445 3041 formula

1888 3063 2123 3132 emphasi
2157 3065 2364 3132 plenior
2386 3075 2494 3131 est,
2522 3082 2640 3122 cum
2678 3071 2806 3124 tales
2838 3074 3230 3141 prosopopoeias
3259 3074 3440 3130 efficit.

1885 3152 2000 3207 Jam
2027 3168 2151 3223 ergo
2175 3163 2228 3209 et
2255 3158 2434 3210 vineas
2461 3158 2697 3227 lugentes
2726 3160 2923 3215 inducit
2951 3171 3003 3216 et
3027 3162 3202 3217 vinunt
3222 3204 3237 3230 ,
3267 3174 3323 3219 ut
3351 3182 3445 3221 au-

1886 3244 2086 3300 ditores
2108 3247 2275 3316 magis
2305 3259 2528 3318 pungat,
2560 3258 2614 3304 et
2652 3252 2858 3306 illorum
2888 3255 3177 3308 crassitiem
3201 3258 3439 3326 attingat.

1885 3335 2019 3402 Quid
2044 3346 2221 3391 autem
2247 3349 2347 3405 est,
2374 3340 2743 3409 Dereliuqueris
2771 3343 2916 3396 sola?
2966 3344 3024 3396 Et
3045 3346 3440 3410 auxliatoribns,

1886 3426 2081 3496 inquit,
2117 3438 2170 3483 et
2199 3429 2292 3484 Dei
2331 3430 2656 3499 providentia
2686 3433 2789 3487 eris
2836 3448 3016 3497 vacua,
3050 3444 3103 3489 et
3150 3441 3293 3491 omni
3340 3439 3443 3493 alio

1883 3519 2163 3588 splendore
2211 3522 2455 3591 Spoliata,
2497 3522 2836 3593 hostibusque
2894 3526 3121 3596 undique
3160 3528 3347 3589 cincta.
3390 3530 3442 3583 in

1884 3609 2175 3679 mediisque
2203 3613 2448 3666 conclusa
2475 3612 2731 3666 barbaris.
2760 3613 2867 3668 Sub
2908 3614 3020 3669 haec
3048 3618 3232 3671 volens
3262 3620 3440 3675 humi-

1881 3699 2110 3756 liationis
2136 3704 2548 3772 magnitudinem
2578 3706 2857 3760 ostendere
2880 3748 2895 3773 ,
2924 3708 2997 3761 ait
3032 3724 3045 3761 :
3073 3708 3137 3761 Et
3163 3711 3229 3763 ad
3257 3719 3438 3766 terram

1881 3793 2223 3859 prosterneris.
2254 3793 2370 3847 Non
2398 3795 2503 3859 ait,
2528 3793 2716 3859 (.ades,
2748 3798 2860 3863 vel,
2889 3797 3191 3866 Dejicieris;
3223 3802 3315 3858 sed
3339 3804 3438 3857 alia

1882 3898 2007 3937 usus
2034 3892 2116 3938 est
2142 3884 2374 3940 dictione
2392 3926 2407 3953 ,
2445 3900 2563 3955 qua:
2592 3886 2841 3942 vilitatem
2871 3888 2984 3957 ejus
3011 3903 3222 3946 omnem
3248 3891 3439 3948 clarius

1879 3974 2220 4043 exprimeret.

2486 4086 2711 4143 CAPUT
2750 4088 2835 4142 IV.

1880 4195 1932 4249 1.
1975 4193 2039 4248 Et
2065 4196 2440 4266 appreltcndent
2467 4207 2651 4267 septem
2689 4200 2916 4253 mulieres
2949 4200 3001 4253 in
3036 4200 3117 4254 die
3153 4203 3243 4257 illa
3280 4204 3439 4259 virum

1948 4302 2122 4350 unum,
2154 4287 2370 4339 dicentes
2397 4303 2416 4340 :
2450 4286 2635 4340 Panem
2662 4298 2884 4343 nostrum
2910 4291 3217 4344 comedemus
3235 4334 3250 4359 ,
3276 4304 3323 4346 et
3362 4310 3443 4347 ve-

1948 4379 2191 4431 stimentis
2236 4380 2417 4432 nostris
2462 4381 2778 4449 aperientur:
2804 4391 3031 4433 cauerunt
3076 4398 3254 4437 nomen
3300 4392 3442 4439 tuum

1949 4469 2199 4521 invocetur
2220 4485 2371 4536 super
2390 4484 2499 4534 nos,
2522 4470 2665 4537 aufer
2692 4473 3011 4539 opprobrium
3038 4482 3281 4529 nostrum.

1951 4603 2001 4655 l.
2046 4602 2369 4657 Paucitatem
2399 4601 2629 4655 virorum
2671 4617 2734 4655 ex
2781 4603 2919 4658 bello
2960 4605 3293 4662 residuorum
3333 4611 3441 4663 vult

1878 4690 2177 4755 ostendere,
2224 4700 2276 4745 et
2302 4691 2568 4760 quomodo
2596 4692 2660 4745 ad
2691 4693 2964 4747 minimum
2994 4711 3267 4750 numerum
3308 4700 3443 4752 red-

1877 4791 2024 4836 actus
2052 4784 2119 4835 sit
2140 4785 2361 4851 pepulus
2382 4782 2704 4838 Judmorum.
2723 4784 2902 4853 Neque
2920 4786 3057 4839 cnim
3085 4788 3180 4839 sibi
3208 4788 3441 4843 subsidio

1878 4886 2008 4939 opus
2034 4886 2151 4925 esse
2179 4872 2460 4937 dixerunt,
2493 4874 2631 4942 quod
2656 4874 2962 4929 mulieribus
2986 4889 3017 4927 a
3046 4875 3170 4931 viris
3200 4876 3321 4931 ferri
3350 4895 3443 4947 par

1878 4971 1959 5015 est
1980 5003 1994 5027 ,
2024 4962 2117 5016 sed
2144 4977 2201 5016 se
2226 4962 2370 5015 illum
2394 4977 2424 5015 a
2452 4964 2536 5016 tali
2563 4962 2732 5017 ofﬁcio
2776 4964 3064 5019 immunem
3094 4967 3368 5036 complccu
3394 4982 3443 5024 et

1878 5066 2086 5115 amare,
2126 5052 2167 5104 si
2208 5061 2491 5120 utcumque
2521 5053 2688 5105 solum
2718 5068 2745 5104 a
2775 5054 3036 5108 viduitatis
3067 5057 3277 5111 nomine
3310 5059 3441 5111 libe-

1879 5153 2079 5198 rentur.
2114 5143 2166 5197 ld
2194 5146 2332 5197 enim
2359 5145 2456 5197 sibi
2488 5144 2599 5198 vult
2625 5145 2749 5198 illud
2784 5164 2796 5198 :
2826 5148 2981 5216 Aufer
3006 5150 3325 5217 opprobrium
3358 5167 3438 5201 no-

1877 5244 2033 5286 strum
2079 5251 2096 5286 :
2137 5234 2379 5301 quoniam
2409 5234 2532 5287 olim
2562 5234 2608 5286 id
2640 5234 2895 5302 vituperio
2922 5251 3037 5290 esse
3063 5237 3350 5293 videbatur.
3389 5238 3439 5291 2.

1877 5322 1901 5374 Ι
1912 5341 1942 5375 η
1970 5324 2048 5375 die
2070 5324 2158 5375 illa
2179 5324 2449 5390 splendebit
2481 5324 2615 5377 Deus
2642 5326 2693 5376 in
2722 5326 2928 5377 consilio
2960 5342 3071 5378 cum
3102 5328 3262 5396 gloria
3293 5344 3438 5395 stlpcf

1879 5425 2094 5473 terram,
2122 5423 2175 5465 ut
2201 5414 2378 5465 exultet
2407 5423 2450 5465 et
2480 5414 2721 5481 gloriﬁcet
2749 5416 2884 5483 quod
2913 5416 3137 5468 relictum
3163 5428 3230 5471 est
3261 5418 3429 5472 Israe-

1876 5506 1953 5555 lis.
1999 5504 2127 5570 Quia
2164 5520 2227 5557 ex
2275 5503 2497 5556 tristium
2540 5502 2945 5557 comminatione
2973 5507 3204 5559 animum
3233 5508 3438 5563 illorum

1876 5594 2156 5647 admodum
2202 5595 2500 5657 concussit,
2542 5602 2593 5645 et
2630 5593 2981 5649 calamitatem
3010 5596 3135 5650 satis
3167 5597 3434 5662 traduxit,

1884 5686 2137 5754 longoque
2166 5697 2408 5737 sermone
2440 5682 2689 5738 terribilia
2719 5686 2982 5751 narravit,
3012 5685 3073 5738 ad
3105 5686 3313 5740 meliora
3347 5688 3429 5743 de
