4058 6216
620 349 692 403 55
1370 334 1424 390 S.
1466 332 1740 390 JOANNIS
1765 327 2232 387 CHRYSOSTOMI
2275 330 2589 386 ARCIIIEP.
2628 333 3160 389 CONSTANTINOP.
3799 354 3884 409 56

608 466 750 504 nnnn
791 465 848 506 se
887 451 1164 506 convertit.
1211 450 1299 504 llla
1342 450 1480 504 enim
1517 449 1788 504 medicina:
1814 449 2011 518 optima
2041 449 2176 500 ratio

604 552 707 607 est,
741 557 842 595 non
872 542 1040 596 solum
1065 557 1248 596 secare
1275 551 1328 595 et
1357 556 1529 603 urere,
1558 541 1649 594 sed
1679 540 1889 592 dolores
1917 539 2036 592 inde
2057 554 2178 606 par-

609 644 692 688 tos
725 634 1045 690 dulcioribus
1089 633 1384 704 pharmacis
1411 633 1575 687 lenire
1605 648 1617 684 :
1651 631 1700 685 id
1731 633 1842 700 ipse
1869 645 2008 684 nunc
2035 631 2175 683 facit.

606 725 788 794 Neque
832 726 968 779 enim
1020 726 1070 778 in
1101 726 1267 778 tristia
1295 733 1459 778 totum
1487 723 1776 778 desiturum
1804 738 1923 778 esse
1950 723 2054 787 ait,
2083 723 2176 776 sed

605 817 760 871 malis
779 817 844 870 de
870 817 1042 870 medio
1069 817 1289 870 sublatis
1310 815 1388 888 (a)
1408 816 1624 870 meliora
1651 825 1902 870 eventura
1920 830 2066 869 esse:
2086 831 2178 867 ne-

604 923 706 978 que
753 918 953 962 tantum
1000 923 1354 962 aerumnarum
1404 907 1720 960 solutionem
1767 909 1879 960 fore
1929 906 2038 969 ait,
2085 906 2176 959 scd

601 1001 760 1053 etiam
813 1000 1034 1054 multum
1078 999 1410 1068 splendorem
1462 1013 1813 1068 magnamque
1860 998 2171 1052 claritatem.

608 1091 716 1144 Iloc
737 1091 876 1144 enim
899 1089 1296 1144 illustrationem
1327 1089 1417 1142 Dei
1448 1097 1599 1142 vocat
1625 1103 1743 1158 quae
1773 1089 2000 1142 tristitia:
2029 1098 2172 1141 tene-

601 1182 722 1234 bras
752 1181 941 1247 solvat,
973 1180 1248 1249 lmtamque
1268 1179 1409 1233 diem
1433 1179 1621 1246 pariat,
1652 1178 1896 1247 ipsosque
1923 1178 2173 1231 illustrio-

603 1287 690 1325 res
737 1271 942 1326 reddat.
989 1269 1119 1325 Illud
1167 1280 1381 1335 autem,
1414 1267 1737 1332 lnconsilio,
1766 1269 2026 1338 significat
2051 1284 2170 1322 eum

604 1362 887 1431 prudenter
908 1362 1080 1414 omnia
1110 1361 1281 1414 facere
1299 1400 1313 1422 ,
1342 1368 1536 1413 etcum
1566 1358 1817 1427 sapientia
1841 1357 1939 1411 sibi
1961 1372 2172 1423 compe-

605 1455 751 1508 tenti.
782 1455 834 1508 5.
868 1451 934 1507 Et
959 1453 1050 1506 erit
1075 1452 1210 1522 quod
1232 1451 1484 1504 residuum
1511 1451 1658 1519 fuerit
1687 1447 1894 1502 Israelis
1921 1450 1972 1501 in
2004 1448 2128 1502 Sion
2152 1491 2166 1514 ,

601 1558 644 1601 et
686 1548 818 1615 quod
849 1547 1073 1599 relictum
1100 1546 1250 1615 fuerit
1273 1546 1324 1598 in
1349 1543 1658 1606 Jerusalem,
1686 1543 1846 1596 sancti
1870 1539 2170 1593 vocabuntur

600 1655 768 1690 omnes
800 1638 884 1705 qui
920 1638 1092 1705 scripti
1118 1645 1234 1690 sunt
1257 1635 1326 1688 ad
1351 1635 1500 1688 vitam
1529 1637 1580 1687 in
1607 1633 1909 1686 Jerusalem.
1939 1632 2007 1687 Ut
2032 1632 2168 1685 scias

601 1742 703 1779 non
731 1727 946 1781 fortuito
974 1742 1097 1780 casu
1125 1725 1348 1780 salutem
1380 1735 1563 1779 nactos
1588 1739 1707 1779 esse
1730 1739 1822 1778 eos
1845 1723 1934 1792 qui
1964 1723 2169 1791 pericu-

600 1817 708 1868 ltnn
731 1815 1062 1885 effugerunt,
1092 1817 1185 1871 sed
1206 1815 1430 1870 celestis
1457 1815 1730 1870 sententia:
1754 1814 1968 1869 decreto
1991 1813 2167 1866 muni-

599 1918 713 1973 tos,
756 1909 912 1962 etiam
961 1909 1010 1962 in
1056 1909 1244 1963 mediis
1286 1907 1440 1963 malis
1471 1924 1574 1962 non
1614 1918 1794 1977 captos
1826 1907 2017 1972 fuisse,
2049 1907 2166 1960 ideo

596 2001 668 2052 ait
702 2017 713 2052 :
744 1999 923 2053 Sancti
959 2000 1260 2053 vocabuntur
1284 2015 1451 2053 omnes
1475 2000 1559 2069 qui
1588 2000 1756 2069 scripti
1782 2009 1894 2051 sunt
1919 1999 1985 2050 ad
2014 1998 2166 2049 vitam

596 2095 647 2144 in
671 2091 971 2145 Jerusalem.
1004 2092 1101 2160 Qui
1129 2093 1385 2161 segregati
1413 2102 1566 2159 sunt,
1596 2092 1794 2161 inquit,
1823 2092 1911 2160 qni
1938 2090 2161 2159 probati,

596 2184 681 2251 qui
726 2183 942 2252 signati,
984 2193 1038 2236 ut
1076 2183 1206 2237 nihil
1237 2184 1357 2237 mali
1391 2193 1714 2253 paterentur.
1745 2183 1870 2237 Jure
1899 2193 2072 2236 autem
2103 2183 2164 2235 il-

596 2275 677 2327 los
717 2287 924 2329 sanctos
960 2285 1143 2341 vocat,
1185 2276 1472 2331 ostendens
1497 2276 1913 2346 segregationem
1945 2293 2047 2329 non
2081 2286 2161 2329 te-

595 2380 739 2418 mere
764 2405 777 2426 ,
823 2380 919 2418 nec
964 2366 1078 2420 sine
1117 2380 1271 2419 causa
1309 2366 1401 2420 Dei
1427 2367 1695 2420 decretum
1730 2366 1845 2418 illos
1876 2379 2113 2418 servasse
2145 2382 2159 2418 :

595 2456 688 2510 sed
727 2456 924 2525 aliquid
964 2457 1034 2510 illi
1066 2457 1140 2511 rei
1167 2457 1456 2511 contulisse
1482 2457 1729 2510 virtutem
1750 2497 1764 2521 ,
1796 2457 1906 2508 sive
1935 2470 1993 2508 ea
2025 2470 2160 2522 prm-

595 2547 847 2608 cesserit.
877 2547 988 2602 sive
1014 2557 1131 2617 post
1155 2546 1473 2617 subsequuta
1504 2546 1591 2600 sit.
1623 2545 1841 2600 Etiamsi
1869 2547 2007 2600 enim
2039 2545 2161 2598 boni

595 2637 806 2706 quidam
840 2638 1029 2692 fuerint
1059 2651 1112 2692 et
1137 2639 1270 2706 :cqui
1291 2677 1306 2703 ,
1343 2648 1573 2692 attamen
1600 2653 1664 2692 ex
1693 2637 1755 2690 iis
1784 2653 1898 2705 qua:
1926 2638 2161 2703 contige-

595 2738 716 2781 runt
737 2728 980 2782 meliores
1009 2744 1070 2782 ac
1096 2729 1456 2797 diligentiores
1476 2738 1775 2782 evaserunt.
1801 2727 2158 2793 Quemadmo-

594 2819 717 2872 dum
742 2820 880 2872 enim
907 2835 1090 2872 aurum
1113 2819 1216 2887 igni
1242 2819 1490 2872 traditum
1513 2833 1723 2872 omnem
1746 2819 1972 2871 seoriam
1993 2817 2156 2884 depo-

597 2912 706 2974 nit,
755 2913 831 2964 sic
875 2921 926 2964 et
972 2912 1118 2978 probi
1165 2911 1216 2965 in
1265 2909 1637 2966 tentationibus
1679 2910 1951 2979 probiores
1989 2908 2156 2972 fiunt,

593 3017 802 3057 omnem
828 3004 1099 3058 abluentes
1134 3003 1450 3057 socordiam.
1483 3005 1533 3057 4.
1571 3002 1700 3068 Quia
1726 3002 1889 3054 abluet
1912 2999 2160 3054 Dominus

592 3095 787 3148 sordem
816 3095 1034 3160 filiorum
1057 3104 1101 3147 et
1130 3095 1346 3163 filiarum
1370 3094 1515 3156 Sion,
1543 3104 1586 3146 et
1600 3095 1890 3163 sanguinem
1909 3109 2161 3161 expurga-

593 3187 660 3238 bit
704 3187 764 3239 de
811 3187 970 3239 medio
1013 3202 1179 3240 eorum
1216 3185 1395 3253 spiritu
1413 3185 1622 3255 judicii,
1658 3194 1701 3238 et
1730 3183 1909 3252 spiritu
1938 3183 2158 3236 ardoris.

592 3278 864 3346 Duplicem
896 3278 980 3332 hic
1008 3277 1136 3332 mihi
1169 3278 1374 3331 videtur
1403 3277 1579 3331 dicere
1607 3277 2038 3345 expurgationem
2059 3317 2074 3341 ,
2105 3285 2160 3331 et

590 3369 730 3438 quod
762 3368 889 3423 dent
927 3378 1256 3436 peccatorum
1285 3382 1494 3436 poenas,
1523 3378 1575 3422 et
1602 3368 1743 3437 quod
1772 3368 1963 3422 exhinc
1995 3369 2043 3421 in
2073 3368 2157 3422 fu-

591 3470 766 3515 turum
789 3458 1144 3528 diligentiores
1167 3457 1412 3512 evadant.
1444 3458 1762 3527 Sanguinem
1790 3474 1914 3512 vero
1938 3457 2156 3512 Jerusa-

592 3552 698 3606 lem
746 3553 918 3606 cazdes
960 3561 1110 3606 vocat
1149 3551 1429 3620 caedesque
1466 3551 1704 3620 injustas.
1737 3551 1933 3606 Deinde
1958 3567 2156 3618 augens

588 3645 976 3698 accusationem
1020 3644 1124 3708 ait,
1182 3642 1255 3694 De
1279 3643 1441 3696 medio
1482 3659 1671 3696 eorum.
1707 3642 1820 3696 Non
1848 3645 1988 3697 enim
2019 3643 2152 3697 clam

591 3733 869 3789 homicidia
900 3736 1129 3804 aggressi
1152 3743 1307 3800 sunt,
1338 3735 1429 3789 sed
1456 3739 1606 3802 pejus
1632 3752 1787 3804 quam
1822 3736 2074 3800 latrones,
2105 3747 2157 3790 et

589 3825 622 3877 ii
663 3824 750 3894 qui
796 3825 844 3877 in
887 3825 1108 3891 publicis
1146 3824 1242 3878 viis
1283 3824 1496 3878 insidias
1524 3826 1716 3879 locant.
1747 3826 1822 3879 llli
1851 3843 2077 3895 namque
2105 3829 2152 3879 in

590 3916 818 3970 tenebris
844 3917 1066 3972 latentes
1089 3924 1141 3972 et
1167 3916 1218 3970 in
1246 3916 1636 3984 solitudinibus,
1663 3927 1908 3972 consueta
1928 3916 2152 3971 facinora

588 4007 998 4076 aggrediuntur;
1051 4007 1104 4061 hi
1153 4016 1331 4060 autem
1378 4006 1551 4061 medio
1599 4007 1651 4061 in
1696 4007 1842 4073 foro,
1892 4008 1944 4061 in
1981 4007 2153 4061 media

591 4097 721 4151 urbe
763 4108 816 4151 et
863 4098 912 4150 in
958 4097 1084 4166 ipsis
1126 4098 1470 4152 tribunalibus
1494 4098 1676 4154 eadem
1706 4114 1820 4168 qua:
1852 4099 1922 4152 illi
1955 4099 2152 4152 scelera

591 4186 982 4256 perpetrabant.
1013 4187 1115 4241 Sed
1146 4197 1198 4240 et
1225 4190 1482 4242 maculam
1511 4187 1633 4242 inde
1658 4200 1827 4242 ortam
1855 4188 2046 4242 bellum
2076 4189 2156 4241 in

588 4292 781 4349 gruens
825 4289 1118 4335 consumet.
1166 4279 1370 4333 Etenim
1414 4280 1466 4332 in
1511 4289 1745 4348 tempore
1789 4279 2043 4334 bonorum
2090 4281 2154 4333 de

589 4374 838 4426 arumnis
881 4374 1023 4440 prius
1063 4371 1217 4426 illatis
1257 4385 1314 4425 se
1357 4369 1622 4436 defendit,
1653 4370 1792 4439 quod
1821 4371 2025 4424 scilicet
2052 4370 2154 4422 illa:

590 4461 708 4516 ideo
739 4462 1072 4528 acciderent,
1107 4470 1162 4515 ut
1181 4462 1550 4525 abluerentur,
1578 4477 1640 4515 ac
1664 4461 1848 4514 sordes
1874 4471 2150 4529 ponerent,

587 4563 643 4606 ut
675 4555 793 4621 igne
821 4562 1168 4623 purgarentur
1198 4553 1244 4618 ,
1277 4562 1332 4606 ut
1357 4567 1568 4607 omnem
1595 4553 1851 4605 maculam
1881 4552 2150 4615 absterge-

589 4654 740 4706 rent,
768 4655 820 4697 ut
845 4646 1093 4712 probrum
1114 4661 1176 4699 ex
1204 4644 1431 4713 peccatis
1453 4654 1504 4697 et
1525 4644 1753 4698 cmdibus
1776 4652 1981 4710 partum
2005 4642 2153 4695 elue-

587 4744 722 4790 rent.
774 4735 907 4801 Quid
953 4750 1078 4789 vero
1118 4745 1200 4790 est
1243 4735 1380 4802 quod
1406 4737 1513 4799 ait,
1546 4736 1743 4804 Spiritu
1763 4735 1946 4803 judicii
1973 4743 2019 4786 et
2047 4735 2152 4800 spi-

585 4825 683 4877 ritu
729 4825 969 4878 ardoris?
996 4824 1051 4878 In
1081 4824 1383 4892 metaphora
1413 4823 1653 4878 conata;
1683 4824 1958 4878 metallieae
1985 4833 2152 4875 mate-

587 4919 679 4970 t'izt!
724 4915 972 4970 substitit.
1014 4914 1462 4980 Quemadmodum
1508 4916 1650 4968 enim
1695 4916 1798 4969 illic
1838 4916 2052 4982 spiritus
2101 4917 2152 4967 in

585 5011 948 5063 tronflatoriam
977 5008 1241 5063 fornacem
1273 5006 1539 5061 immissus
1564 5019 1616 5061 et
1641 5007 1903 5059 flanunam
1934 5007 2118 5060 amans
2137 5045 2152 5070 ,

585 5101 1018 5171 ardentioresque
1047 5114 1240 5170 prunas
1266 5099 1522 5164 reddens,
1552 5113 1766 5153 omnem
1793 5099 2020 5152 absumit
2038 5113 2157 5153 sco-

702 5264 824 5316 Haec,
849 5263 897 5306 ut
919 5257 1026 5318 igne
1048 5262 1382 5320 purgarentur,
1410 5257 1585 5305 desunt
1621 5257 1667 5304 in
1694 5263 1803 5320 Reg.
1835 5261 1885 5320 et
1907 5253 2044 5303 Savil.
2066 5255 2158 5304 Sed

586 5320 632 5366 in
660 5325 815 5380 navar.
838 5327 888 5367 et
908 5317 1069 5368 Merel'.
1097 5317 1351 5376 habentur,
1380 5325 1430 5368 et
1446 5320 1679 5380 quadrant
1700 5317 1756 5364 ad
1775 5318 1970 5380 seriem.

651 5380 722 5440 (a)
758 5379 998 5445 laureace,
1026 5399 1094 5431 tot
1375 5379 1484 5440 piceo
1513 5391 1725 5445 tneor-nm.
1749 5380 1867 5445 laesi
1892 5379 2156 5445 aliquantu-

588 5441 684 5503 lum
705 5438 764 5489 an
787 5443 854 5489 sic
873 5443 1177 5503 interpretari
1198 5438 1451 5503 oporteret
1474 5457 1484 5490 :
1510 5438 1732 5503 improbis
1749 5439 1808 5488 de
1826 5438 1980 5488 medio
1997 5438 2157 5486 subla-

587 5502 661 5560 tis,
678 5517 755 5561 an,
774 5503 911 5552 malis
933 5501 1021 5551 seu
1045 5501 1258 5552 tristibus
1283 5504 1342 5553 de
1371 5504 1527 5552 medio
1551 5501 1761 5552 sublatis.
1784 5509 1840 5550 Ea
1865 5503 2043 5561 quippe
2063 5514 2154 5547 vox

588 5583 740 5626 gmw.
760 5565 966 5625 priorem
1004 5565 1162 5625 potius
1181 5568 1434 5626 requirere
1469 5565 1742 5612 versionem
1767 5566 2043 5626 videbatur;
2069 5562 2155 5609 sed

589 5637 650 5672 ex
676 5622 806 5674 Serie
830 5635 879 5674 et
900 5622 1198 5687 conuentione
1223 5622 1529 5687 sequentium
1565 5627 1877 5687 posteriorem
1903 5622 2064 5682 malui,
2108 5629 2158 5670 et

586 5687 654 5736 sic
677 5688 822 5739 vertit
844 5700 1034 5752 quoque
1058 5686 1347 5741 'tilmannuS.

2289 447 2419 501 riam
2465 465 2480 502 :
2526 450 2594 503 ita
2635 459 2688 504 et
2719 451 2803 505 hic
2833 451 3065 505 immissa
3094 467 3123 504 a
3155 452 3262 506 Deo
3290 453 3363 507 ira
3383 495 3398 516 ,
3430 464 3485 509 et.
3509 456 3742 513 incidens
3768 461 3876 513 lto-

2286 538 2443 591 stium
2490 539 2770 606 incursus,
2814 541 2982 594 instar
3023 542 3158 611 ignis
3204 545 3316 597 urbi
3365 545 3530 599 factus
3567 557 3679 615 est,
3729 551 3874 622 ignis

2286 642 2388 681 non
2420 629 2707 696 perniciem
2735 629 3038 696 inferentis,
3071 633 3164 687 sed
3199 636 3416 698 urentis,
3450 640 3736 706 purgantis,
3763 657 3870 708 pu-

2285 719 2479 772 nientis
2503 729 2555 773 et
2584 720 2932 774 emendantis.
2959 721 3108 776 llnnc
3129 723 3268 776 enim
3295 738 3505 779 sensum
3531 726 3685 781 habet
3708 728 3868 794 illud,

2284 808 2481 874 Spiritu
2500 809 2688 875 judicii
2706 825 2726 873 ,'
2757 809 2858 864 hoc
2883 820 2998 877 est,
3031 813 3318 879 punitionis
3339 856 3354 879 ,
3387 815 3630 870 vindicta:
3649 858 3664 882 ,
3697 819 3866 871 ultio-

2284 897 2383 950 nis.
2428 898 2479 951 5.
2514 897 2578 950 Et
2622 900 2780 952 veniet
2820 900 3085 954 Dominus.
3118 902 3414 957 Adventum
3445 906 3561 973 ejus
3590 909 3864 976 operatio-

2283 1002 2404 1041 nem
2428 998 2595 1042 rocat.
2630 987 2693 1041 Et
2720 992 2811 1042 erit
2843 997 3002 1044 omnis
3032 991 3172 1046 locus
3201 995 3381 1048 montis
3412 994 3568 1061 Sion,
3601 1008 3645 1049 et
3667 1000 3863 1061 omnia,

2280 1095 2391 1148 qua:
2423 1080 2476 1132 in
2507 1081 2718 1134 circuitu
2746 1084 2854 1152 ejus
2882 1094 2998 1136 sunt
3018 1124 3034 1150 ,
3068 1084 3376 1139 obumbrabit
3401 1089 3554 1142 nubes
3577 1106 3664 1158 per
3686 1091 3816 1143 diem
3839 1133 3860 1158 ,

2279 1180 2324 1222 et
2353 1171 2498 1237 quasi
2528 1173 2667 1240 {mna
2691 1213 2706 1238 ,
2737 1182 2781 1224 et
2809 1174 2954 1241 quasi
2981 1174 3091 1226 lucc
3114 1174 3243 1245 ignis
3269 1177 3490 1230 ardentis
3514 1195 3601 1246 per
3629 1191 3857 1248 noctem,

2279 1264 2412 1314 omni
2440 1261 2602 1330 gloria
2622 1273 2919 1332 protegetur.
2949 1265 3000 1318 6.
3032 1264 3099 1317 Et
3126 1269 3218 1319 erit
3243 1269 3293 1320 in
3314 1269 3660 1324 untbraculum
3681 1273 3778 1325 diei
3795 1273 3860 1325 ab

2275 1361 2399 1403 testu
2424 1391 2439 1415 ,
2483 1362 2530 1404 et
2563 1352 2615 1404 in
2643 1363 2922 1422 tegumenta
2954 1365 3000 1407 et
3027 1355 3079 1408 in
3108 1356 3402 1410 abscondito
3427 1360 3488 1411 ab
3516 1363 3782 1429 asperitate
3807 1373 3857 1416 et

2275 1441 2462 1509 pluvia.
2509 1441 2711 1496 Nubem
2759 1443 2844 1496 hic
2871 1453 3023 1498 vocat
3049 1447 3468 1502 consolationem
3501 1449 3550 1502 in
3580 1452 3731 1504 malis
3756 1453 3856 1505 da-

2276 1543 2381 1586 tam
2405 1549 2418 1592 ;
2446 1549 2627 1602 rogum
2656 1535 2728 1606 (a)
2759 1551 2886 1591 vero
2913 1537 3196 1592 adventum
3221 1540 3334 1608 ejus
3351 1556 3470 1594 cum
3491 1545 3855 1599 considatione

2272 1625 2593 1692 adjunctnm.
2637 1627 2785 1694 Quod
2818 1630 2957 1682 enim
2985 1630 3036 1682 itt
3066 1642 3198 1684 testu
3226 1639 3307 1685 est
3335 1633 3530 1698 nubes,
3563 1634 3662 1690 hoc
3689 1637 3739 1689 in
3771 1648 3852 1691 te-

2273 1717 2451 1769 nebris
2480 1727 2531 1769 et
2559 1719 2815 1785 prolunda
2846 1730 2999 1774 nocte
3027 1736 3185 1788 rogus
3211 1723 3468 1790 splendidi
3501 1725 3634 1793 ignis
3663 1743 3852 1780 aet-en-

2271 1822 2384 1860 sus.
2407 1808 2498 1863 llla
2527 1810 2667 1862 enim
2695 1820 2880 1863 aestum
2907 1811 3146 1880 depellit,
3167 1813 3254 1867 bic
3281 1829 3405 1868 vero
3430 1815 3704 1885 caliginem
3733 1818 3849 1870 dis-

2269 1898 2423 1952 cutit.
2446 1896 2740 1952 Adventum
2779 1916 2905 1968 ergo
2941 1900 3055 1970 ejus
3083 1918 3227 1971 pyra:
3249 1903 3549 1971 splendori,
3582 1907 3850 1960 remissio-

2271 2004 2391 2040 nem
2431 2004 2557 2042 vero
2604 1998 2658 2043 et
2685 1991 3066 2046 recreationem
3095 1993 3298 2047 umbrae
3323 1995 3475 2048 nobis
3501 2001 3843 2063 comparavit.

2271 2079 2470 2133 Deinde
2513 2081 2800 2134 ostendens
2838 2098 2942 2136 non
2982 2083 3233 2151 paulatim
3260 2085 3443 2139 solutis
3471 2086 3707 2140 tristibus
3735 2089 3848 2141 lure

2267 2181 2517 2224 eventura
2549 2187 2668 2227 esse
2690 2213 2706 2239 ,
2739 2173 2831 2226 sed
2859 2174 3150 2244 derepente
3172 2175 3223 2228 in
3252 2177 3465 2244 ipsaque
3490 2192 3845 2231 :erumnarum

2270 2263 2317 2316 vi
2345 2263 2456 2318 fore
2482 2265 2824 2319 mutationem
2846 2305 2862 2332 ,
2891 2275 3020 2320 utet
3047 2267 3169 2322 inde
3195 2267 3434 2335 discant,
3465 2286 3567 2322 non
3599 2286 3659 2324 ex
3686 2287 3843 2324 revo-

2268 2354 2466 2410 lutione
2492 2356 2718 2425 quadam
2744 2367 2797 2411 et
2818 2358 3038 2412 fortuito
3061 2361 3405 2413 mutationem
3437 2361 3487 2413 in
3517 2362 3702 2415 melius
3723 2376 3843 2414 esse

2266 2444 2456 2500 factam
2490 2460 2506 2510 ;
2552 2446 2646 2500 sed
2689 2461 2753 2500 ex
2798 2463 3026 2517 superna
3069 2447 3265 2502 virtute
3310 2459 3472 2502 totum
3511 2465 3630 2503 esse
3662 2451 3844 2504 coore-

2264 2545 2406 2590 ctum
2424 2579 2442 2603 ,
2476 2538 2621 2593 Sicut
2646 2539 2762 2609 igne
2785 2540 2990 2593 ardente
3012 2541 3064 2593 in
3093 2550 3268 2602 nocte,
3301 2541 3496 2610 inquit,
3522 2543 3597 2595 sic
3619 2542 3706 2594 et
3725 2558 3843 2594 mn-

2264 2631 2394 2683 tatio
2413 2671 2427 2693 ,
2458 2629 2524 2682 Et
2549 2631 2638 2684 erit
2666 2632 2717 2683 in
2746 2633 2973 2684 umbram
2999 2649 3088 2700 per
3114 2633 3267 2686 dicat.
3296 2635 3545 2696 Quantam
3577 2633 3688 2685 hinc
3718 2649 3840 2685 unt-

2265 2722 2403 2775 bra?
2432 2721 2522 2777 Dei
2550 2723 2826 2788 auxilium,
2856 2723 3045 2793 inquit,
3069 2734 3123 2777 et
3149 2722 3461 2785 subsidium,
3487 2723 3631 2791 quasi
3655 2724 3839 2776 umbra

2264 2813 2315 2866 in
2347 2822 2480 2866 testu
2500 2853 2516 2878 ,
2546 2823 2598 2866 et
2625 2814 2772 2881 quasi
2797 2823 2991 2868 tectum
3020 2813 3101 2868 vel
3129 2829 3374 2868 caverna:
3403 2813 3672 2867 latibulum
3692 2855 3706 2877 ,
3735 2814 3840 2866 im-

2261 2903 2358 2958 bre
2395 2903 2697 2959 vehementi
2739 2906 2962 2960 cadente
2982 2948 2998 2973 ,
3049 2906 3101 2960 in
3148 2916 3262 2960 tuto
3287 2915 3462 2961 servat
3485 2922 3604 2961 eum
3630 2907 3718 2977 qui
3746 2907 3840 2961 illo

2262 2994 2496 3063 confugit
2541 3013 2554 3048 :
2597 2997 2673 3049 sic
2699 3006 2752 3050 et
2778 2997 2868 3050 Dei
2899 2998 3269 3051 commilitium
3293 2997 3426 3051 nihil
3451 2998 3588 3052 sinet
3613 2998 3718 3066 pati
3744 2997 3842 3051 de-

2263 3084 2496 3139 trimenti
2523 3125 2537 3150 ,
2571 3094 2718 3140 tanto
2746 3086 3019 3158 ingruente
3047 3087 3185 3144 bello
3207 3129 3223 3156 ,
3255 3103 3347 3143 eos
3371 3103 3505 3158 quos
3524 3103 3554 3142 a
3580 3088 3839 3158 principio

2261 3190 2476 3233 servare
2503 3177 2746 3234 Voluerit.

2885 3309 3111 3367 CAPUT
3152 3310 3217 3366 .

2265 3425 2316 3479 1.
2361 3422 2584 3476 Cantabo
2623 3423 2804 3477 dilecto
2854 3423 3104 3477 canticum
3143 3424 3312 3477 dilecti
3359 3425 3457 3479 mei
3500 3425 3655 3479 vinea
3688 3441 3836 3480 mete.

2334 3537 2384 3589 1.
2427 3536 2710 3604 Postquam
2752 3535 2976 3588 tristium
3017 3536 3428 3591 comminatione
3461 3525 3738 3602 exterruit,
3779 3550 3837 3594 et

2260 3627 2517 3681 bonorum
2549 3625 2902 3694 promissione
2928 3624 3240 3679 exhilaravit
3260 3666 3276 3691 ,
3320 3626 3623 3696 variamque
3650 3630 3832 3683 mede-

2261 3717 2362 3769 lam
2391 3714 2661 3780 adhibuit,
2708 3714 2761 3768 in
2797 3714 2936 3768 aliud
2967 3715 3141 3769 denuo
3172 3715 3483 3785 principium
3528 3733 3833 3773 sermonem

2261 3808 2486 3873 reducit,
2519 3808 2829 3877 principium
2852 3848 2866 3873 ,
2909 3807 3121 3876 inquam
3140 3849 3154 3872 ,
3189 3808 3330 3876 quod
3359 3811 3644 3879 prophetiae
3672 3827 3832 3867 exor-

2259 3898 2404 3951 dium
2435 3898 2692 3951 videatur.
2731 3896 3186 3962 Quemadmodum
3212 3899 3350 3951 cnim
3381 3914 3410 3954 a
3441 3900 3694 3969 principio
3720 3912 3832 3954 sta-

2261 3988 2352 4039 tim
2386 3985 2639 4040 bcneficia
2685 3986 2812 4054 ipsis
2856 4003 2884 4039 a
2928 3987 3040 4040 Deo
3081 3989 3270 4040 collata
3318 3991 3583 4042 recensuit
3624 3991 3829 4055 dicens,

2260 4077 2421 4130 Filios
2448 4077 2596 4146 genui
2620 4085 2663 4128 et
2689 4077 2902 4129 exaltavi
2934 4074 3100 4146 (lsai.
3128 4078 3179 4130 1.
3208 4077 3298 4145 2),
3324 4078 3561 4132 adductis
3588 4081 3830 4147 proposi-

2260 4168 2428 4236 tisque
2457 4167 2778 4232 sceleribus,
2813 4182 2928 4234 qua:
2959 4167 3030 4219 illi
3063 4175 3397 4236 patravcrant
3420 4211 3435 4234 ,
3465 4184 3687 4237 nempe,
3721 4169 3834 4238 Ipsi

2258 4269 2547 4327 spreverunt
2573 4275 2666 4323 me,
2696 4268 2767 4324 et,
2793 4257 2959 4311 Israel
2984 4269 3148 4310 autent
3177 4277 3255 4312 me
3273 4277 3370 4312 non
3395 4262 3641 4330 cognovit,
3668 4271 3712 4314 et
3740 4280 3831 4328 po-

2259 4348 2409 4418 pulus
2437 4365 2572 4402 meus
2614 4364 2693 4401 me
2736 4366 2836 4401 non
2870 4349 3113 4401 intellexit
3141 4347 3300 4417 (lsai.
3332 4349 3379 4401 1.
3409 4348 3476 4420 5)
3502 4367 3514 4402 :
3549 4350 3623 4402 sic
3651 4360 3703 4402 et
3731 4350 3832 4404 hoc

2258 4441 2373 4494 loco
2402 4440 2518 4493 aliis
2548 4440 2739 4504 dictis,
2781 4439 2874 4492 sed
2915 4439 3101 4493 eadem
3148 4440 3405 4493 sententia
3454 4455 3514 4493 ea
3559 4441 3668 4507 ipsa
3711 4455 3830 4508 qua:

2259 4533 2401 4600 prius
2429 4531 2660 4584 exhibet.
2695 4530 2890 4584 Verum
2930 4545 3031 4598 qua
3075 4531 3144 4584 de
3189 4545 3346 4584 causa
3388 4531 3826 4598 reprehensuros,

2258 4622 2721 4690 reprehensionem
2745 4619 3005 4673 canticum
3029 4620 3223 4673 vocat?
3252 4621 3451 4690 Moyses
3473 4623 3612 4673 enim
3640 4619 3690 4673 id
3710 4621 3830 4688 jure

2261 4715 2379 4768 fecit
2405 4729 2523 4766 cum
2549 4713 2729 4775 Maria,
2757 4720 2937 4780 utpote
2962 4711 3278 4780 triumphale
3306 4712 3564 4765 canticum
3595 4713 3829 4767 modula-

2261 4816 2408 4858 turus
2428 4849 2443 4870 ,
2475 4806 2764 4871 meritoque
2791 4804 2867 4856 sic
2896 4801 3078 4870 incipit
3110 4819 3122 4853 :
3149 4801 3412 4854 Cantemus
3435 4801 3650 4855 Dontino
3672 4818 3691 4855 :
3715 4803 3827 4872 glo-

2258 4899 2388 4949 riose
2414 4896 2544 4949 enim
2573 4894 2923 4963 magnicatus
2953 4902 3024 4944 est
3043 4932 3058 4957 ,
3100 4907 3278 4957 equum
3307 4899 3352 4943 et
3378 4907 3684 4944 ascensorem
3713 4907 3830 4957 pro.

2250 4990 2369 5058 jecit
2414 4989 2464 5038 in
2508 5002 2644 5038 mare
2689 4983 2897 5054 (Exod.
2927 4983 3012 5037 15.
3047 4984 3140 5051 1).
3186 4984 3251 5036 Et
3293 4983 3492 5037 Debora
3541 4993 3657 5050 post
3696 4983 3827 5036 illud

2259 5078 2566 5132 admirabile
2596 5087 2848 5144 tropceum
2868 5114 2885 5140 ,
2929 5083 2984 5128 et
3021 5074 3342 5142 insperatam
3381 5075 3648 5127 victoriam
3670 5115 3682 5137 ,
3709 5074 3827 5142 jure

2260 5170 2519 5223 Canticum
2547 5167 2674 5221 illud
2707 5165 3022 5234 triumphale
3045 5165 3340 5230 contexuit,
3361 5165 3566 5218 laudem
3594 5164 3827 5221 referens

2263 5261 2370 5315 Deo
2399 5259 2605 5330 (Judic.
2635 5258 2719 5328 5).
2763 5257 2857 5311 Hic
2887 5265 3064 5310 autem
3090 5256 3459 5310 crimittaturus
3479 5297 3492 5320 ,
3522 5271 3642 5309 cum
3672 5258 3829 5311 vehe-

2337 5441 2405 5498 ()
2438 5445 2516 5509 (ir.
2544 5443 2917 5509 nupeiv._HlC__0l
2957 5443 3076 5509 infra
3289 5454 3648 5509 commemorat,
3690 5452 3824 5509 quasi

2273 5515 2330 5549 ea
2356 5517 2442 5548 vox
2472 5503 2516 5549 in
2553 5504 2940 5567 praecedentibus
2975 5503 3241 5567 Scriptores.
3268 5507 3518 5554 versiculis
3543 5503 3824 5567 haberetur,

2271 5576 2394 5629 quae.
2415 5570 2573 5629 tamen
2609 5563 2674 5611 ibi
2715 5579 2808 5629 non
2853 5563 3118 5626 comparet.
3156 5566 3251 5614 Sed
3297 5577 3411 5626 puto
3435 5563 3824 5629 Chrysostonmtn

2272 5622 2355 5669 has
2379 5622 2511 5669 Isaia?
2535 5636 2696 5695 voces,
2723 5627 2784 5691 ti);
3441 5622 3618 5690 vox-E64,
3643 5628 3719 5677 hic
3738 5644 3826 5691 per

2270 5696 2440 5732 vocem
2637 5699 2662 5732 C
2705 5699 2930 5745 pt'tmere.
