  <div class='ocr_page' id='page_1' title='image "/cluster/home/n/w/nwhite01/storage/ocr_20150623/56/nnc1.0114695758/062.png"; bbox 0 0 4058 6216; ppageno 0'>
   <div class='ocr_carea' id='block_1_1' title="bbox 228 370 1875 440">
    <p class='ocr_par' dir='ltr' id='par_1_1' title="bbox 228 370 1875 440">
     <span class='ocr_line' id='line_1_1' title="bbox 228 370 1875 440; baseline -0.01 0"><span class='ocrx_word' id='word_1_1' title='bbox 228 385 310 440; x_wconf 85' lang='grc'>55</span> <span class='ocrx_word' id='word_1_2' title='bbox 1546 373 1611 430; x_wconf 83' lang='lat' dir='ltr'>IN</span> <span class='ocrx_word' id='word_1_3' title='bbox 1656 370 1875 431; x_wconf 81' lang='lat' dir='ltr'>ISMAM</span> 
     </span>
    </p>
   </div>
   <div class='ocr_carea' id='block_1_2' title="bbox 1979 370 3624 440">
    <p class='ocr_par' dir='ltr' id='par_1_2' title="bbox 1979 370 3624 438">
     <span class='ocr_line' id='line_1_2' title="bbox 1979 370 3624 438; baseline 0.008 -13"><span class='ocrx_word' id='word_1_4' title='bbox 1979 370 2098 427; x_wconf 69' lang='lat' dir='ltr'>iAP.</span> <span class='ocrx_word' id='word_1_5' title='bbox 2155 371 2218 427; x_wconf 70' lang='grc' dir='ltr'>ν.</span> <span class='ocrx_word' id='word_1_6' title='bbox 3549 382 3624 438; x_wconf 87' lang='grc'>56</span> 
     </span>
    </p>
   </div>
   <div class='ocr_carea' id='block_1_3' title="bbox 225 486 1875 566">
    <p class='ocr_par' dir='ltr' id='par_1_3' title="bbox 225 486 1875 566">
     <span class='ocr_line' id='line_1_3' title="bbox 225 486 1875 566; baseline 0.002 -25"><span class='ocrx_word' id='word_1_7' title='bbox 225 486 448 561; x_wconf 79' lang='grc' dir='ltr'>Ἐπειδὴ</span> <span class='ocrx_word' id='word_1_8' title='bbox 498 493 698 564; x_wconf 73' lang='grc' dir='ltr'>σφόδρα</span> <span class='ocrx_word' id='word_1_9' title='bbox 738 496 1017 548; x_wconf 79' lang='grc' dir='ltr'>κατέσεισε</span> <span class='ocrx_word' id='word_1_10' title='bbox 1059 496 1157 566; x_wconf 83' lang='grc' dir='ltr'>τὴν</span> <span class='ocrx_word' id='word_1_11' title='bbox 1200 495 1432 548; x_wconf 84' lang='grc' dir='ltr'>διάνοιαν</span> <span class='ocrx_word' id='word_1_12' title='bbox 1462 492 1639 546; x_wconf 75' lang='grc' dir='ltr'>αὐτῶν</span> <span class='ocrx_word' id='word_1_13' title='bbox 1668 494 1734 561; x_wconf 80' lang='grc' dir='ltr'>τῇ</span> <span class='ocrx_word' id='word_1_14' title='bbox 1770 489 1875 541; x_wconf 81' lang='grc' dir='ltr'>τῶν</span> 
     </span>
    </p>
   </div>
   <div class='ocr_carea' id='block_1_4' title="bbox 211 573 1875 651">
    <p class='ocr_par' dir='ltr' id='par_1_4' title="bbox 211 573 1875 651">
     <span class='ocr_line' id='line_1_4' title="bbox 211 573 1875 651; baseline 0.005 -27"><span class='ocrx_word' id='word_1_15' title='bbox 211 573 473 645; x_wconf 79' lang='grc' dir='ltr'>λυπηρῶν</span> <span class='ocrx_word' id='word_1_16' title='bbox 502 579 713 649; x_wconf 81' lang='grc' dir='ltr'>ἀπειλῇ,</span> <span class='ocrx_word' id='word_1_17' title='bbox 736 582 826 632; x_wconf 78' lang='grc' dir='ltr'>καὶ</span> <span class='ocrx_word' id='word_1_18' title='bbox 848 583 942 649; x_wconf 80' lang='grc' dir='ltr'>τὴν</span> <span class='ocrx_word' id='word_1_19' title='bbox 971 581 1253 651; x_wconf 77' lang='grc' dir='ltr'>συμφορὰν</span> <span class='ocrx_word' id='word_1_20' title='bbox 1282 578 1475 641; x_wconf 79' lang='grc' dir='ltr'>ἱκανῶς</span> <span class='ocrx_word' id='word_1_21' title='bbox 1510 577 1875 647; x_wconf 79' lang='grc' dir='ltr'>ὲτραγῴδησε.</span> 
     </span>
    </p>
   </div>
   <div class='ocr_carea' id='block_1_5' title="bbox 214 663 1875 737">
    <p class='ocr_par' dir='ltr' id='par_1_5' title="bbox 214 663 1875 737">
     <span class='ocr_line' id='line_1_5' title="bbox 214 663 1875 737; baseline 0.002 -23"><span class='ocrx_word' id='word_1_22' title='bbox 214 663 313 714; x_wconf 72' lang='grc' dir='ltr'>καὶ</span> <span class='ocrx_word' id='word_1_23' title='bbox 346 667 550 734; x_wconf 75' lang='grc' dir='ltr'>μακρὸν</span> <span class='ocrx_word' id='word_1_24' title='bbox 592 667 839 719; x_wconf 80' lang='grc' dir='ltr'>ἀπέτεινε</span> <span class='ocrx_word' id='word_1_25' title='bbox 870 669 1021 735; x_wconf 90' lang='grc' dir='ltr'>λόγον</span> <span class='ocrx_word' id='word_1_26' title='bbox 1049 669 1116 721; x_wconf 76' lang='grc' dir='ltr'>τὰ</span> <span class='ocrx_word' id='word_1_27' title='bbox 1143 668 1345 737; x_wconf 84' lang='grc' dir='ltr'>φοϐερά</span> <span class='ocrx_word' id='word_1_28' title='bbox 1377 666 1746 734; x_wconf 86' lang='grc' dir='ltr'>διηγούμενος,</span> <span class='ocrx_word' id='word_1_29' title='bbox 1782 680 1875 731; x_wconf 84' lang='grc' dir='ltr'>με·</span> 
     </span>
    </p>
   </div>
   <div class='ocr_carea' id='block_1_6' title="bbox 213 749 1877 825">
    <p class='ocr_par' dir='ltr' id='par_1_6' title="bbox 213 749 1877 825">
     <span class='ocr_line' id='line_1_6' title="bbox 213 749 1877 825; baseline 0.007 -26"><span class='ocrx_word' id='word_1_30' title='bbox 213 750 503 803; x_wconf 75' lang='grc' dir='ltr'>ταϐάλλει⁸</span> <span class='ocrx_word' id='word_1_31' title='bbox 534 753 713 805; x_wconf 86' lang='grc' dir='ltr'>λοιπὸν</span> <span class='ocrx_word' id='word_1_32' title='bbox 737 756 826 807; x_wconf 77' lang='grc' dir='ltr'>ἐπὶ</span> <span class='ocrx_word' id='word_1_33' title='bbox 849 754 913 807; x_wconf 86' lang='grc' dir='ltr'>τά</span> <span class='ocrx_word' id='word_1_34' title='bbox 938 756 1288 825; x_wconf 84' lang='grc' dir='ltr'>χρηστότερα.</span> <span class='ocrx_word' id='word_1_35' title='bbox 1317 753 1485 806; x_wconf 86' lang='grc' dir='ltr'>Τοῦτο</span> <span class='ocrx_word' id='word_1_36' title='bbox 1510 752 1613 820; x_wconf 84' lang='grc' dir='ltr'>γὰρ</span> <span class='ocrx_word' id='word_1_37' title='bbox 1641 749 1877 817; x_wconf 76' lang='grc' dir='ltr'>ἰατρείας</span> 
     </span>
    </p>
   </div>
   <div class='ocr_carea' id='block_1_7' title="bbox 214 833 1874 908">
    <p class='ocr_par' dir='ltr' id='par_1_7' title="bbox 214 833 1874 908">
     <span class='ocr_line' id='line_1_7' title="bbox 214 833 1874 908; baseline -0.004 -15"><span class='ocrx_word' id='word_1_38' title='bbox 214 833 447 903; x_wconf 79' lang='grc' dir='ltr'>ἀρίστης</span> <span class='ocrx_word' id='word_1_39' title='bbox 492 837 703 906; x_wconf 79' lang='grc' dir='ltr'>τρόπος,</span> <span class='ocrx_word' id='word_1_40' title='bbox 742 839 814 907; x_wconf 85' lang='grc' dir='ltr'>μὴ</span> <span class='ocrx_word' id='word_1_41' title='bbox 865 840 1079 908; x_wconf 79' lang='grc' dir='ltr'><strong>τέμνειν</strong></span> <span class='ocrx_word' id='word_1_42' title='bbox 1117 838 1250 908; x_wconf 83' lang='grc' dir='ltr'>μηδὲ</span> <span class='ocrx_word' id='word_1_43' title='bbox 1300 839 1475 889; x_wconf 77' lang='grc' dir='ltr'>καίειν</span> <span class='ocrx_word' id='word_1_44' title='bbox 1534 837 1712 905; x_wconf 86' lang='grc' dir='ltr'>μόνον,</span> <span class='ocrx_word' id='word_1_45' title='bbox 1741 834 1874 887; x_wconf 88' lang='grc' dir='ltr'>ἀλλά</span> 
     </span>
    </p>
   </div>
   <div class='ocr_carea' id='block_1_8' title="bbox 214 920 1877 995">
    <p class='ocr_par' dir='ltr' id='par_1_8' title="bbox 214 920 1877 995">
     <span class='ocr_line' id='line_1_8' title="bbox 214 920 1877 995; baseline 0.001 -24"><span class='ocrx_word' id='word_1_46' title='bbox 214 920 315 971; x_wconf 76' lang='grc' dir='ltr'>καὶ</span> <span class='ocrx_word' id='word_1_47' title='bbox 344 922 443 983; x_wconf 73' lang='grc' dir='ltr'>τὰς</span> <span class='ocrx_word' id='word_1_48' title='bbox 468 925 671 976; x_wconf 77' lang='grc' dir='ltr'>ἐκεῖθεν</span> <span class='ocrx_word' id='word_1_49' title='bbox 702 928 983 994; x_wconf 86' lang='grc' dir='ltr'>γινομένας</span> <span class='ocrx_word' id='word_1_50' title='bbox 1008 926 1196 988; x_wconf 79' lang='grc' dir='ltr'>ὀδύνας</span> <span class='ocrx_word' id='word_1_51' title='bbox 1223 925 1517 995; x_wconf 83' lang='grc' dir='ltr'>προσηνέσι</span> <span class='ocrx_word' id='word_1_52' title='bbox 1548 921 1877 992; x_wconf 87' lang='grc' dir='ltr'>παραμυθεῖ-</span> 
     </span>
    </p>
   </div>
   <div class='ocr_carea' id='block_1_9' title="bbox 216 1006 1875 1081">
    <p class='ocr_par' dir='ltr' id='par_1_9' title="bbox 216 1006 1875 1081">
     <span class='ocr_line' id='line_1_9' title="bbox 216 1006 1875 1081; baseline 0.004 -25"><span class='ocrx_word' id='word_1_53' title='bbox 216 1006 344 1058; x_wconf 85' lang='grc' dir='ltr'>σθαι</span> <span class='ocrx_word' id='word_1_54' title='bbox 391 1011 723 1078; x_wconf 81' lang='grc' dir='ltr'>φαρμάκοις·</span> <span class='ocrx_word' id='word_1_55' title='bbox 767 1012 919 1064; x_wconf 89' lang='grc' dir='ltr'>τοῦτο</span> <span class='ocrx_word' id='word_1_56' title='bbox 950 1013 1011 1081; x_wconf 82' lang='grc' dir='ltr'>δὴ</span> <span class='ocrx_word' id='word_1_57' title='bbox 1046 1012 1138 1065; x_wconf 73' lang='grc' dir='ltr'>καὶ</span> <span class='ocrx_word' id='word_1_58' title='bbox 1167 1012 1325 1073; x_wconf 81' lang='grc' dir='ltr'>αὐτὸς</span> <span class='ocrx_word' id='word_1_59' title='bbox 1352 1013 1511 1063; x_wconf 88' lang='grc' dir='ltr'>ποιεῖ.</span> <span class='ocrx_word' id='word_1_60' title='bbox 1542 1010 1613 1061; x_wconf 86' lang='grc' dir='ltr'>Οὺ</span> <span class='ocrx_word' id='word_1_61' title='bbox 1661 1009 1767 1075; x_wconf 76' lang='grc' dir='ltr'>γὰρ</span> <span class='ocrx_word' id='word_1_62' title='bbox 1812 1007 1875 1075; x_wconf 81' lang='grc' dir='ltr'>δὴ</span> 
     </span>
    </p>
   </div>
   <div class='ocr_carea' id='block_1_10' title="bbox 214 1091 1876 1166">
    <p class='ocr_par' dir='ltr' id='par_1_10' title="bbox 214 1091 1876 1166">
     <span class='ocr_line' id='line_1_10' title="bbox 214 1091 1876 1166; baseline 0.001 -25"><span class='ocrx_word' id='word_1_63' title='bbox 214 1091 300 1153; x_wconf 82' lang='grc' dir='ltr'>εἰς</span> <span class='ocrx_word' id='word_1_64' title='bbox 342 1094 408 1144; x_wconf 77' lang='grc' dir='ltr'>τά</span> <span class='ocrx_word' id='word_1_65' title='bbox 447 1096 739 1165; x_wconf 88' lang='grc' dir='ltr'>σκυθρωπά</span> <span class='ocrx_word' id='word_1_66' title='bbox 788 1097 1107 1150; x_wconf 79' lang='grc' dir='ltr'>καταλύσειν</span> <span class='ocrx_word' id='word_1_67' title='bbox 1140 1098 1306 1166; x_wconf 82' lang='grc' dir='ltr'>ἔφησε</span> <span class='ocrx_word' id='word_1_68' title='bbox 1344 1096 1404 1147; x_wconf 82' lang='grc' dir='ltr'>τὸ</span> <span class='ocrx_word' id='word_1_69' title='bbox 1434 1097 1558 1153; x_wconf 83' lang='grc' dir='ltr'>πᾶν,</span> <span class='ocrx_word' id='word_1_70' title='bbox 1594 1094 1727 1145; x_wconf 83' lang='grc' dir='ltr'>ἀλλά</span> <span class='ocrx_word' id='word_1_71' title='bbox 1770 1093 1876 1145; x_wconf 89' lang='grc' dir='ltr'>τῶν</span> 
     </span>
    </p>
   </div>
   <div class='ocr_carea' id='block_1_11' title="bbox 216 1180 1871 1253">
    <p class='ocr_par' dir='ltr' id='par_1_11' title="bbox 216 1180 1871 1253">
     <span class='ocr_line' id='line_1_11' title="bbox 216 1180 1871 1253; baseline 0.001 -24"><span class='ocrx_word' id='word_1_72' title='bbox 216 1180 469 1248; x_wconf 83' lang='grc' dir='ltr'>πονηρῶν</span> <span class='ocrx_word' id='word_1_73' title='bbox 486 1183 547 1233; x_wconf 83' lang='grc' dir='ltr'>ὲκ</span> <span class='ocrx_word' id='word_1_74' title='bbox 571 1184 730 1251; x_wconf 81' lang='grc' dir='ltr'>μέσου</span> <span class='ocrx_word' id='word_1_75' title='bbox 752 1183 1057 1253; x_wconf 73' lang='grc' dir='ltr'>ληφθέντων</span> <span class='ocrx_word' id='word_1_76' title='bbox 1079 1184 1411 1253; x_wconf 72' lang='grc' dir='ltr'>διαδέχεσθαι</span> <span class='ocrx_word' id='word_1_77' title='bbox 1431 1184 1497 1235; x_wconf 91' lang='grc' dir='ltr'>τά</span> <span class='ocrx_word' id='word_1_78' title='bbox 1520 1182 1871 1251; x_wconf 87' lang='grc' dir='ltr'>χρηστότερα·</span> 
     </span>
    </p>
   </div>
   <div class='ocr_carea' id='block_1_12' title="bbox 221 1266 1877 1342">
    <p class='ocr_par' dir='ltr' id='par_1_12' title="bbox 221 1266 1877 1342">
     <span class='ocr_line' id='line_1_12' title="bbox 221 1266 1877 1342; baseline 0.001 -26"><span class='ocrx_word' id='word_1_79' title='bbox 221 1266 319 1317; x_wconf 83' lang='grc' dir='ltr'>καὶ</span> <span class='ocrx_word' id='word_1_80' title='bbox 349 1268 447 1319; x_wconf 85' lang='grc' dir='ltr'>οὐκ</span> <span class='ocrx_word' id='word_1_81' title='bbox 475 1269 787 1340; x_wconf 78' lang='grc' dir='ltr'>ἀπαλλαγὴν</span> <span class='ocrx_word' id='word_1_82' title='bbox 816 1271 1029 1323; x_wconf 80' lang='grc' dir='ltr'>ἔσεσθαι</span> <span class='ocrx_word' id='word_1_83' title='bbox 1062 1273 1217 1342; x_wconf 86' lang='grc' dir='ltr'>μόνον</span> <span class='ocrx_word' id='word_1_84' title='bbox 1249 1272 1355 1323; x_wconf 88' lang='grc' dir='ltr'>τῶν</span> <span class='ocrx_word' id='word_1_85' title='bbox 1384 1270 1582 1341; x_wconf 88' lang='grc' dir='ltr'>ἀηδῶν,</span> <span class='ocrx_word' id='word_1_86' title='bbox 1616 1267 1749 1320; x_wconf 86' lang='grc' dir='ltr'>ἀλλά</span> <span class='ocrx_word' id='word_1_87' title='bbox 1785 1270 1877 1320; x_wconf 78' lang='grc' dir='ltr'>καὶ</span> 
     </span>
    </p>
   </div>
   <div class='ocr_carea' id='block_1_13' title="bbox 222 1352 1868 1427">
    <p class='ocr_par' dir='ltr' id='par_1_13' title="bbox 222 1352 1868 1427">
     <span class='ocr_line' id='line_1_13' title="bbox 222 1352 1868 1427; baseline 0.001 -23"><span class='ocrx_word' id='word_1_88' title='bbox 222 1352 426 1424; x_wconf 78' lang='grc' dir='ltr'>πολλὴν</span> <span class='ocrx_word' id='word_1_89' title='bbox 460 1355 553 1422; x_wconf 79' lang='grc' dir='ltr'>τὴν</span> <span class='ocrx_word' id='word_1_90' title='bbox 581 1359 931 1426; x_wconf 78' lang='grc' dir='ltr'>περιφάνειαν</span> <span class='ocrx_word' id='word_1_91' title='bbox 976 1359 1069 1410; x_wconf 66' lang='grc' dir='ltr'>καὶ¹</span> <span class='ocrx_word' id='word_1_92' title='bbox 1102 1358 1340 1427; x_wconf 84' lang='grc' dir='ltr'>μεγάλην</span> <span class='ocrx_word' id='word_1_93' title='bbox 1372 1357 1470 1427; x_wconf 84' lang='grc' dir='ltr'>τὴν</span> <span class='ocrx_word' id='word_1_94' title='bbox 1496 1354 1868 1425; x_wconf 87' lang='grc' dir='ltr'>λαμπρότητα.</span> 
     </span>
    </p>
   </div>
   <div class='ocr_carea' id='block_1_14' title="bbox 218 1438 1874 1512">
    <p class='ocr_par' dir='ltr' id='par_1_14' title="bbox 218 1438 1874 1512">
     <span class='ocr_line' id='line_1_14' title="bbox 218 1438 1874 1512; baseline 0.001 -22"><span class='ocrx_word' id='word_1_95' title='bbox 218 1438 394 1492; x_wconf 76' lang='grc' dir='ltr'>Τοῦτο</span> <span class='ocrx_word' id='word_1_96' title='bbox 422 1442 526 1512; x_wconf 86' lang='grc' dir='ltr'>γάρ</span> <span class='ocrx_word' id='word_1_97' title='bbox 559 1443 850 1512; x_wconf 74' lang='grc' dir='ltr'>ὲπίλαμψιν</span> <span class='ocrx_word' id='word_1_98' title='bbox 887 1444 1019 1495; x_wconf 83' lang='grc' dir='ltr'>Θεοῦ</span> <span class='ocrx_word' id='word_1_99' title='bbox 1055 1444 1225 1507; x_wconf 83' lang='grc' dir='ltr'>καλεῖ,</span> <span class='ocrx_word' id='word_1_100' title='bbox 1259 1445 1321 1496; x_wconf 89' lang='grc' dir='ltr'>τὸ</span> <span class='ocrx_word' id='word_1_101' title='bbox 1364 1444 1552 1504; x_wconf 81' lang='grc' dir='ltr'>σκότος</span> <span class='ocrx_word' id='word_1_102' title='bbox 1598 1442 1694 1509; x_wconf 80' lang='grc' dir='ltr'>τῆς</span> <span class='ocrx_word' id='word_1_103' title='bbox 1743 1441 1874 1493; x_wconf 87' lang='grc' dir='ltr'>ἀθυ-</span> 
     </span>
    </p>
   </div>
   <div class='ocr_carea' id='block_1_15' title="bbox 220 1527 1877 1603">
    <p class='ocr_par' dir='ltr' id='par_1_15' title="bbox 220 1527 1877 1603">
     <span class='ocr_line' id='line_1_15' title="bbox 220 1527 1877 1603; baseline 0.003 -25"><span class='ocrx_word' id='word_1_104' title='bbox 220 1527 353 1595; x_wconf 82' lang='grc' dir='ltr'>μίας</span> <span class='ocrx_word' id='word_1_105' title='bbox 382 1528 627 1595; x_wconf 89' lang='grc' dir='ltr'>λύουσαν,</span> <span class='ocrx_word' id='word_1_106' title='bbox 660 1534 749 1584; x_wconf 80' lang='grc' dir='ltr'>καὶ</span> <span class='ocrx_word' id='word_1_107' title='bbox 780 1531 1007 1601; x_wconf 75' lang='grc' dir='ltr'>φαιδρὰν</span> <span class='ocrx_word' id='word_1_108' title='bbox 1038 1534 1294 1585; x_wconf 81' lang='grc' dir='ltr'>ποιοῦσαν</span> <span class='ocrx_word' id='word_1_109' title='bbox 1327 1533 1559 1603; x_wconf 82' lang='grc' dir='ltr'>ἡμέραν,</span> <span class='ocrx_word' id='word_1_110' title='bbox 1602 1533 1697 1585; x_wconf 78' lang='grc' dir='ltr'>καὶ</span> <span class='ocrx_word' id='word_1_111' title='bbox 1725 1549 1877 1602; x_wconf 88' lang='grc' dir='ltr'>περι-</span> 
     </span>
    </p>
   </div>
   <div class='ocr_carea' id='block_1_16' title="bbox 214 1615 1878 1687">
    <p class='ocr_par' dir='ltr' id='par_1_16' title="bbox 214 1615 1878 1687">
     <span class='ocr_line' id='line_1_16' title="bbox 214 1615 1878 1687; baseline 0.005 -23"><span class='ocrx_word' id='word_1_112' title='bbox 214 1617 407 1679; x_wconf 78' lang='grc' dir='ltr'>φανεῖς</span> <span class='ocrx_word' id='word_1_113' title='bbox 436 1615 789 1672; x_wconf 86' lang='grc' dir='ltr'>καθιστῶσαν.</span> <span class='ocrx_word' id='word_1_114' title='bbox 817 1619 887 1671; x_wconf 84' lang='grc' dir='ltr'>Τὸ</span> <span class='ocrx_word' id='word_1_115' title='bbox 913 1620 989 1681; x_wconf 82' lang='grc' dir='ltr'>δὲ,</span> <span class='ocrx_word' id='word_1_116' title='bbox 1009 1620 1102 1670; x_wconf 79' lang='grc' dir='ltr'>Ἐν</span> <span class='ocrx_word' id='word_1_117' title='bbox 1124 1619 1346 1686; x_wconf 73' lang='grc' dir='ltr'>βουλῇ.</span> <span class='ocrx_word' id='word_1_118' title='bbox 1370 1621 1448 1672; x_wconf 78' lang='grc' dir='ltr'>ὅτι</span> <span class='ocrx_word' id='word_1_119' title='bbox 1480 1618 1731 1681; x_wconf 79' lang='grc' dir='ltr'>συνετῶς,</span> <span class='ocrx_word' id='word_1_120' title='bbox 1775 1636 1878 1687; x_wconf 87' lang='grc' dir='ltr'>φη-</span> 
     </span>
    </p>
   </div>
   <div class='ocr_carea' id='block_1_17' title="bbox 216 1702 1876 1777">
    <p class='ocr_par' dir='ltr' id='par_1_17' title="bbox 216 1702 1876 1777">
     <span class='ocr_line' id='line_1_17' title="bbox 216 1702 1876 1777; baseline 0.003 -25"><span class='ocrx_word' id='word_1_121' title='bbox 216 1702 295 1763; x_wconf 78' lang='grc' dir='ltr'>σὶ,</span> <span class='ocrx_word' id='word_1_122' title='bbox 331 1702 507 1756; x_wconf 84' lang='grc' dir='ltr'>πάντα</span> <span class='ocrx_word' id='word_1_123' title='bbox 534 1705 841 1772; x_wconf 80' lang='grc' dir='ltr'>ἐργάσεται,</span> <span class='ocrx_word' id='word_1_124' title='bbox 873 1708 967 1759; x_wconf 77' lang='grc' dir='ltr'>καὶ</span> <span class='ocrx_word' id='word_1_125' title='bbox 1014 1708 1151 1775; x_wconf 89' lang='grc' dir='ltr'>μετά</span> <span class='ocrx_word' id='word_1_126' title='bbox 1179 1707 1277 1776; x_wconf 83' lang='grc' dir='ltr'>τῆς</span> <span class='ocrx_word' id='word_1_127' title='bbox 1324 1707 1703 1777; x_wconf 82' lang='grc' dir='ltr'>προσηκούσης</span> <span class='ocrx_word' id='word_1_128' title='bbox 1729 1706 1876 1776; x_wconf 81' lang='grc' dir='ltr'>αὐτῷ</span> 
     </span>
    </p>
   </div>
   <div class='ocr_carea' id='block_1_18' title="bbox 216 1790 1877 1862">
    <p class='ocr_par' dir='ltr' id='par_1_18' title="bbox 216 1790 1877 1862">
     <span class='ocr_line' id='line_1_18' title="bbox 216 1790 1877 1862; baseline 0.005 -23"><span class='ocrx_word' id='word_1_129' title='bbox 216 1790 431 1856; x_wconf 79' lang='grc' dir='ltr'>σοφίας.</span> <span class='ocrx_word' id='word_1_130' title='bbox 468 1792 573 1845; x_wconf 82' lang='grc' dir='ltr'>Καὶ</span> <span class='ocrx_word' id='word_1_131' title='bbox 613 1793 780 1845; x_wconf 82' lang='grc' dir='ltr'>ἔσται</span> <span class='ocrx_word' id='word_1_132' title='bbox 826 1794 893 1846; x_wconf 85' lang='grc' dir='ltr'>τὸ</span> <span class='ocrx_word' id='word_1_133' title='bbox 933 1795 1328 1862; x_wconf 65' lang='grc' dir='ltr'>καταλειφθὲν</span> <span class='ocrx_word' id='word_1_134' title='bbox 1370 1795 1476 1847; x_wconf 86' lang='grc' dir='ltr'>τοῦ</span> <span class='ocrx_word' id='word_1_135' title='bbox 1520 1795 1765 1862; x_wconf 78' lang='grc' dir='ltr'>Ἰσραὴλ</span> <span class='ocrx_word' id='word_1_136' title='bbox 1808 1795 1877 1848; x_wconf 82' lang='grc' dir='ltr'>ἐν</span> 
     </span>
    </p>
   </div>
   <div class='ocr_carea' id='block_1_19' title="bbox 214 1874 1876 1949">
    <p class='ocr_par' dir='ltr' id='par_1_19' title="bbox 214 1874 1876 1949">
     <span class='ocr_line' id='line_1_19' title="bbox 214 1874 1876 1949; baseline 0.005 -23"><span class='ocrx_word' id='word_1_137' title='bbox 214 1874 388 1938; x_wconf 82' lang='grc' dir='ltr'>Σιὼν,</span> <span class='ocrx_word' id='word_1_138' title='bbox 415 1877 598 1930; x_wconf 79' lang='grc' dir='ltr'>καὶτὸ</span> <span class='ocrx_word' id='word_1_139' title='bbox 621 1880 1012 1947; x_wconf 62' lang='grc' dir='ltr'>καταλειφθὲν</span> <span class='ocrx_word' id='word_1_140' title='bbox 1033 1880 1102 1933; x_wconf 80' lang='grc' dir='ltr'>ἐν</span> <span class='ocrx_word' id='word_1_141' title='bbox 1131 1880 1535 1949; x_wconf 70' lang='grc' dir='ltr'>Ἰερουσαλὴμ,</span> <span class='ocrx_word' id='word_1_142' title='bbox 1559 1880 1709 1948; x_wconf 80' lang='grc' dir='ltr'>ἅγιοι</span> <span class='ocrx_word' id='word_1_143' title='bbox 1734 1884 1876 1948; x_wconf 76' lang='grc' dir='ltr'>κλη-</span> 
     </span>
    </p>
   </div>
   <div class='ocr_carea' id='block_1_20' title="bbox 216 1960 1874 2035">
    <p class='ocr_par' dir='ltr' id='par_1_20' title="bbox 216 1960 1874 2035">
     <span class='ocr_line' id='line_1_20' title="bbox 216 1960 1874 2035; baseline 0.005 -24"><span class='ocrx_word' id='word_1_144' title='bbox 216 1960 505 2026; x_wconf 78' lang='grc' dir='ltr'>θήσονται</span> <span class='ocrx_word' id='word_1_145' title='bbox 533 1962 753 2029; x_wconf 83' lang='grc' dir='ltr'>πὰντες</span> <span class='ocrx_word' id='word_1_146' title='bbox 775 1968 828 2017; x_wconf 80' lang='grc' dir='ltr'>οἰ</span> <span class='ocrx_word' id='word_1_147' title='bbox 851 1965 1169 2034; x_wconf 71' lang='grc' dir='ltr'>γραφέντες</span> <span class='ocrx_word' id='word_1_148' title='bbox 1195 1970 1282 2032; x_wconf 85' lang='grc' dir='ltr'>είς</span> <span class='ocrx_word' id='word_1_149' title='bbox 1307 1964 1459 2034; x_wconf 79' lang='grc' dir='ltr'>ζωὴν</span> <span class='ocrx_word' id='word_1_150' title='bbox 1488 1969 1557 2020; x_wconf 83' lang='grc' dir='ltr'>ἐν</span> <span class='ocrx_word' id='word_1_151' title='bbox 1587 1968 1874 2035; x_wconf 85' lang='grc' dir='ltr'>Ἰερουσα-</span> 
     </span>
    </p>
   </div>
   <div class='ocr_carea' id='block_1_21' title="bbox 211 2047 1873 2123">
    <p class='ocr_par' dir='ltr' id='par_1_21' title="bbox 211 2047 1873 2123">
     <span class='ocr_line' id='line_1_21' title="bbox 211 2047 1873 2123; baseline 0.004 -24"><span class='ocrx_word' id='word_1_152' title='bbox 211 2047 489 2115; x_wconf 67' lang='grc' dir='ltr'>λήμ.”1να</span> <span class='ocrx_word' id='word_1_153' title='bbox 536 2050 711 2122; x_wconf 80' lang='grc' dir='ltr'>μάθῃς</span> <span class='ocrx_word' id='word_1_154' title='bbox 742 2053 823 2104; x_wconf 83' lang='grc' dir='ltr'>ὅτι</span> <span class='ocrx_word' id='word_1_155' title='bbox 855 2054 914 2105; x_wconf 81' lang='grc' dir='ltr'>οὐ</span> <span class='ocrx_word' id='word_1_156' title='bbox 957 2054 1239 2122; x_wconf 81' lang='grc' dir='ltr'>συντυχίας</span> <span class='ocrx_word' id='word_1_157' title='bbox 1270 2053 1412 2115; x_wconf 83' lang='grc' dir='ltr'>τινὸς</span> <span class='ocrx_word' id='word_1_158' title='bbox 1450 2056 1482 2123; x_wconf 83' lang='grc' dir='ltr'><strong>ή</strong></span> <span class='ocrx_word' id='word_1_159' title='bbox 1520 2055 1757 2123; x_wconf 88' lang='grc' dir='ltr'>σωτηρία</span> <span class='ocrx_word' id='word_1_160' title='bbox 1782 2057 1873 2121; x_wconf 88' lang='grc' dir='ltr'>γέ-</span> 
     </span>
    </p>
   </div>
   <div class='ocr_carea' id='block_1_22' title="bbox 214 2135 1875 2214">
    <p class='ocr_par' dir='ltr' id='par_1_22' title="bbox 214 2135 1875 2214">
     <span class='ocr_line' id='line_1_22' title="bbox 214 2135 1875 2214; baseline 0.005 -29"><span class='ocrx_word' id='word_1_161' title='bbox 214 2151 339 2200; x_wconf 77' lang='grc' dir='ltr'>γονε</span> <span class='ocrx_word' id='word_1_162' title='bbox 370 2135 478 2188; x_wconf 90' lang='grc' dir='ltr'>τῶν</span> <span class='ocrx_word' id='word_1_163' title='bbox 506 2136 869 2206; x_wconf 80' lang='grc' dir='ltr'>διαφυγόντων</span> <span class='ocrx_word' id='word_1_164' title='bbox 901 2140 991 2214; x_wconf 75' lang='grc' dir='ltr'>τὸν</span> <span class='ocrx_word' id='word_1_165' title='bbox 1018 2140 1277 2203; x_wconf 89' lang='grc' dir='ltr'>κίνδυνον,</span> <span class='ocrx_word' id='word_1_166' title='bbox 1310 2140 1429 2193; x_wconf 72' lang='grc' dir='ltr'>ἀλλ’</span> <span class='ocrx_word' id='word_1_167' title='bbox 1452 2141 1515 2192; x_wconf 84' lang='grc' dir='ltr'>ὲκ</span> <span class='ocrx_word' id='word_1_168' title='bbox 1542 2139 1641 2209; x_wconf 79' lang='grc' dir='ltr'>τῆς</span> <span class='ocrx_word' id='word_1_169' title='bbox 1673 2141 1875 2194; x_wconf 86' lang='grc' dir='ltr'>ἀνωθεν</span> 
     </span>
    </p>
   </div>
   <div class='ocr_carea' id='block_1_23' title="bbox 213 2219 1876 2299">
    <p class='ocr_par' dir='ltr' id='par_1_23' title="bbox 213 2219 1876 2299">
     <span class='ocr_line' id='line_1_23' title="bbox 213 2219 1876 2299; baseline 0.005 -27"><span class='ocrx_word' id='word_1_170' title='bbox 213 2219 397 2291; x_wconf 75' lang='grc' dir='ltr'>ψήφου</span> <span class='ocrx_word' id='word_1_171' title='bbox 425 2224 805 2291; x_wconf 88' lang='grc' dir='ltr'>τειχισθέντες,</span> <span class='ocrx_word' id='word_1_172' title='bbox 836 2227 925 2279; x_wconf 75' lang='grc' dir='ltr'>καὶ</span> <span class='ocrx_word' id='word_1_173' title='bbox 952 2227 1010 2278; x_wconf 84' lang='grc' dir='ltr'>ὲν</span> <span class='ocrx_word' id='word_1_174' title='bbox 1041 2228 1225 2297; x_wconf 83' lang='grc' dir='ltr'>μέσοις</span> <span class='ocrx_word' id='word_1_175' title='bbox 1254 2230 1363 2290; x_wconf 87' lang='grc' dir='ltr'>τοῖς</span> <span class='ocrx_word' id='word_1_176' title='bbox 1395 2228 1584 2291; x_wconf 88' lang='grc' dir='ltr'>δεινοῖς</span> <span class='ocrx_word' id='word_1_177' title='bbox 1610 2228 1757 2291; x_wconf 77' lang='grc' dir='ltr'>ὄντες</span> <span class='ocrx_word' id='word_1_178' title='bbox 1780 2229 1876 2299; x_wconf 72' lang='grc' dir='ltr'>οὐχ</span> 
     </span>
    </p>
   </div>
   <div class='ocr_carea' id='block_1_24' title="bbox 214 2308 1876 2385">
    <p class='ocr_par' dir='ltr' id='par_1_24' title="bbox 214 2308 1876 2385">
     <span class='ocr_line' id='line_1_24' title="bbox 214 2308 1876 2385; baseline 0.005 -24"><span class='ocrx_word' id='word_1_179' title='bbox 214 2308 482 2376; x_wconf 77' lang='grc' dir='ltr'>ἑάλωσαν,</span> <span class='ocrx_word' id='word_1_180' title='bbox 513 2310 599 2364; x_wconf 83' lang='grc' dir='ltr'>διά</span> <span class='ocrx_word' id='word_1_181' title='bbox 628 2312 782 2367; x_wconf 87' lang='grc' dir='ltr'>τοῦτὸ</span> <span class='ocrx_word' id='word_1_182' title='bbox 817 2332 979 2384; x_wconf 87' lang='grc' dir='ltr'>φησιν</span> <span class='ocrx_word' id='word_1_183' title='bbox 1002 2332 1015 2344; x_wconf 82' lang='lat'><strong>&#39;</strong></span> <span class='ocrx_word' id='word_1_184' title='bbox 1046 2317 1233 2385; x_wconf 83' lang='grc' dir='ltr'>Ἀγιοι</span> <span class='ocrx_word' id='word_1_185' title='bbox 1273 2316 1680 2383; x_wconf 75' lang='grc' dir='ltr'>κληθήσονται</span> <span class='ocrx_word' id='word_1_186' title='bbox 1729 2316 1876 2369; x_wconf 77' lang='grc' dir='ltr'>πάν-</span> 
     </span>
    </p>
   </div>
   <div class='ocr_carea' id='block_1_25' title="bbox 215 2398 1874 2474">
    <p class='ocr_par' dir='ltr' id='par_1_25' title="bbox 215 2398 1874 2474">
     <span class='ocr_line' id='line_1_25' title="bbox 215 2398 1874 2474; baseline 0.006 -28"><span class='ocrx_word' id='word_1_187' title='bbox 215 2410 316 2457; x_wconf 82' lang='grc' dir='ltr'>τες</span> <span class='ocrx_word' id='word_1_188' title='bbox 342 2399 398 2449; x_wconf 79' lang='grc' dir='ltr'>οι</span> <span class='ocrx_word' id='word_1_189' title='bbox 426 2398 745 2466; x_wconf 70' lang='grc' dir='ltr'>ῃοαφέντες</span> <span class='ocrx_word' id='word_1_190' title='bbox 775 2404 859 2466; x_wconf 83' lang='grc' dir='ltr'>εἰς</span> <span class='ocrx_word' id='word_1_191' title='bbox 884 2400 1035 2468; x_wconf 78' lang='grc' dir='ltr'>ζωὴν</span> <span class='ocrx_word' id='word_1_192' title='bbox 1060 2402 1128 2455; x_wconf 83' lang='grc' dir='ltr'>ἐν</span> <span class='ocrx_word' id='word_1_193' title='bbox 1153 2402 1565 2471; x_wconf 77' lang='grc' dir='ltr'>Ἰερουσαλήμ.</span> <span class='ocrx_word' id='word_1_194' title='bbox 1595 2404 1654 2455; x_wconf 71' lang='lat' dir='ltr'>Ol</span> <span class='ocrx_word' id='word_1_195' title='bbox 1686 2405 1874 2474; x_wconf 85' lang='grc' dir='ltr'>ἀφορι-</span> 
     </span>
    </p>
   </div>
   <div class='ocr_carea' id='block_1_26' title="bbox 218 2476 1875 2556">
    <p class='ocr_par' dir='ltr' id='par_1_26' title="bbox 218 2476 1875 2556">
     <span class='ocr_line' id='line_1_26' title="bbox 218 2476 1875 2556; baseline 0.008 -29"><span class='ocrx_word' id='word_1_196' title='bbox 218 2476 456 2541; x_wconf 86' lang='grc' dir='ltr'>σθέντες,</span> <span class='ocrx_word' id='word_1_197' title='bbox 495 2481 674 2551; x_wconf 77' lang='grc' dir='ltr'>φησὶν,</span> <span class='ocrx_word' id='word_1_198' title='bbox 705 2484 753 2535; x_wconf 82' lang='grc' dir='ltr'>οἱ</span> <span class='ocrx_word' id='word_1_199' title='bbox 786 2484 1217 2554; x_wconf 78' lang='grc' dir='ltr'>δοκιμασθέντες,</span> <span class='ocrx_word' id='word_1_200' title='bbox 1249 2489 1295 2538; x_wconf 90' lang='grc' dir='ltr'>οί</span> <span class='ocrx_word' id='word_1_201' title='bbox 1324 2487 1662 2548; x_wconf 83' lang='grc' dir='ltr'>τυπωθέντες</span> <span class='ocrx_word' id='word_1_202' title='bbox 1680 2486 1728 2549; x_wconf 69' lang='grc' dir='ltr'>ι»,</span> <span class='ocrx_word' id='word_1_203' title='bbox 1771 2506 1875 2556; x_wconf 89' lang='grc' dir='ltr'>μη-</span> 
     </span>
    </p>
   </div>
   <div class='ocr_carea' id='block_1_27' title="bbox 216 2562 1869 2641">
    <p class='ocr_par' dir='ltr' id='par_1_27' title="bbox 216 2562 1869 2641">
     <span class='ocr_line' id='line_1_27' title="bbox 216 2562 1869 2641; baseline 0.007 -27"><span class='ocrx_word' id='word_1_204' title='bbox 216 2562 305 2615; x_wconf 79' lang='grc' dir='ltr'>δὲν</span> <span class='ocrx_word' id='word_1_205' title='bbox 356 2566 549 2619; x_wconf 82' lang='grc' dir='ltr'>παθεῖν</span> <span class='ocrx_word' id='word_1_206' title='bbox 596 2570 783 2622; x_wconf 89' lang='grc' dir='ltr'>δεινόν.</span> <span class='ocrx_word' id='word_1_207' title='bbox 830 2572 1065 2634; x_wconf 78' lang='grc' dir='ltr'>Εἰκότως</span> <span class='ocrx_word' id='word_1_208' title='bbox 1112 2573 1168 2624; x_wconf 85' lang='grc' dir='ltr'>δὲ</span> <span class='ocrx_word' id='word_1_209' title='bbox 1213 2573 1408 2635; x_wconf 72' lang='grc' dir='ltr'>αὑτοὶς</span> <span class='ocrx_word' id='word_1_210' title='bbox 1464 2573 1649 2641; x_wconf 79' lang='grc' dir='ltr'>ἁγίους</span> <span class='ocrx_word' id='word_1_211' title='bbox 1697 2574 1869 2636; x_wconf 87' lang='grc' dir='ltr'>καλεῖ,</span> 
     </span>
    </p>
   </div>
   <div class='ocr_carea' id='block_1_28' title="bbox 216 2648 1871 2728">
    <p class='ocr_par' dir='ltr' id='par_1_28' title="bbox 216 2648 1871 2728">
     <span class='ocr_line' id='line_1_28' title="bbox 216 2648 1871 2728; baseline 0.007 -27"><span class='ocrx_word' id='word_1_212' title='bbox 216 2648 450 2715; x_wconf 77' lang='grc' dir='ltr'>δεικνὺς,</span> <span class='ocrx_word' id='word_1_213' title='bbox 482 2654 564 2705; x_wconf 85' lang='grc' dir='ltr'>ὅτι</span> <span class='ocrx_word' id='word_1_214' title='bbox 593 2656 687 2724; x_wconf 78' lang='grc' dir='ltr'>οὐχ</span> <span class='ocrx_word' id='word_1_215' title='bbox 716 2656 898 2718; x_wconf 88' lang='grc' dir='ltr'>άπλῶς</span> <span class='ocrx_word' id='word_1_216' title='bbox 925 2660 952 2710; x_wconf 91' lang='grc' dir='ltr'>ό</span> <span class='ocrx_word' id='word_1_217' title='bbox 990 2658 1289 2728; x_wconf 83' lang='grc' dir='ltr'>ἀφορισμδς</span> <span class='ocrx_word' id='word_1_218' title='bbox 1321 2658 1516 2721; x_wconf 79' lang='grc' dir='ltr'>αὐτοὺς</span> <span class='ocrx_word' id='word_1_219' title='bbox 1550 2659 1871 2728; x_wconf 82' lang='grc' dir='ltr'>ἀπήλλαξεν,</span> 
     </span>
    </p>
   </div>
   <div class='ocr_carea' id='block_1_29' title="bbox 216 2737 1875 2817">
    <p class='ocr_par' dir='ltr' id='par_1_29' title="bbox 216 2737 1875 2817">
     <span class='ocr_line' id='line_1_29' title="bbox 216 2737 1875 2817; baseline 0.006 -28"><span class='ocrx_word' id='word_1_220' title='bbox 216 2737 339 2791; x_wconf 76' lang='grc' dir='ltr'>οὐδὲ</span> <span class='ocrx_word' id='word_1_221' title='bbox 365 2739 605 2811; x_wconf 78' lang='grc' dir='ltr'>ἀπλῶςὴ</span> <span class='ocrx_word' id='word_1_222' title='bbox 637 2742 727 2795; x_wconf 89' lang='grc' dir='ltr'>τοῦ</span> <span class='ocrx_word' id='word_1_223' title='bbox 761 2742 891 2795; x_wconf 88' lang='grc' dir='ltr'>Θεοῦ</span> <span class='ocrx_word' id='word_1_224' title='bbox 925 2744 1100 2815; x_wconf 78' lang='grc' dir='ltr'>ψῆφος</span> <span class='ocrx_word' id='word_1_225' title='bbox 1120 2761 1133 2775; x_wconf 87' lang='grc'><strong>·</strong></span> <span class='ocrx_word' id='word_1_226' title='bbox 1166 2745 1302 2798; x_wconf 90' lang='grc' dir='ltr'>ἀλλά</span> <span class='ocrx_word' id='word_1_227' title='bbox 1337 2764 1389 2799; x_wconf 89' lang='grc' dir='ltr'>τι</span> <span class='ocrx_word' id='word_1_228' title='bbox 1424 2748 1515 2799; x_wconf 78' lang='grc' dir='ltr'>καὶ</span> <span class='ocrx_word' id='word_1_229' title='bbox 1543 2746 1574 2816; x_wconf 80' lang='grc' dir='ltr'>ἡ</span> <span class='ocrx_word' id='word_1_230' title='bbox 1604 2747 1710 2799; x_wconf 85' lang='grc' dir='ltr'>τῶν</span> <span class='ocrx_word' id='word_1_231' title='bbox 1755 2748 1875 2817; x_wconf 85' lang='grc' dir='ltr'>τρό-</span> 
     </span>
    </p>
   </div>
   <div class='ocr_carea' id='block_1_30' title="bbox 218 2826 1873 2903">
    <p class='ocr_par' dir='ltr' id='par_1_30' title="bbox 218 2826 1873 2903">
     <span class='ocr_line' id='line_1_30' title="bbox 218 2826 1873 2903; baseline 0.007 -26"><span class='ocrx_word' id='word_1_232' title='bbox 218 2842 337 2878; x_wconf 86' lang='grc' dir='ltr'>πων</span> <span class='ocrx_word' id='word_1_233' title='bbox 362 2826 673 2896; x_wconf 72' lang='grc' dir='ltr'>εἰσήνεγκεν</span> <span class='ocrx_word' id='word_1_234' title='bbox 704 2831 891 2902; x_wconf 80' lang='grc' dir='ltr'>ἀρετὴ,</span> <span class='ocrx_word' id='word_1_235' title='bbox 925 2833 1031 2883; x_wconf 75' lang='grc' dir='ltr'>εἴτε</span> <span class='ocrx_word' id='word_1_236' title='bbox 1065 2834 1323 2903; x_wconf 86' lang='grc' dir='ltr'>προτέρα,</span> <span class='ocrx_word' id='word_1_237' title='bbox 1359 2835 1467 2887; x_wconf 77' lang='grc' dir='ltr'>εἴτε</span> <span class='ocrx_word' id='word_1_238' title='bbox 1520 2836 1655 2903; x_wconf 88' lang='grc' dir='ltr'>μετά</span> <span class='ocrx_word' id='word_1_239' title='bbox 1683 2835 1873 2887; x_wconf 90' lang='grc' dir='ltr'>ταῦτα.</span> 
     </span>
    </p>
   </div>
   <div class='ocr_carea' id='block_1_31' title="bbox 218 2908 1877 2991">
    <p class='ocr_par' dir='ltr' id='par_1_31' title="bbox 218 2908 1877 2991">
     <span class='ocr_line' id='line_1_31' title="bbox 218 2908 1877 2991; baseline 0.008 -30"><span class='ocrx_word' id='word_1_240' title='bbox 218 2908 282 2962; x_wconf 83' lang='grc' dir='ltr'>Εἰ</span> <span class='ocrx_word' id='word_1_241' title='bbox 309 2909 417 2980; x_wconf 87' lang='grc' dir='ltr'>γάρ</span> <span class='ocrx_word' id='word_1_242' title='bbox 446 2913 539 2964; x_wconf 78' lang='grc' dir='ltr'>καὶ</span> <span class='ocrx_word' id='word_1_243' title='bbox 571 2917 792 2984; x_wconf 88' lang='grc' dir='ltr'>χρηστοί</span> <span class='ocrx_word' id='word_1_244' title='bbox 817 2934 958 2981; x_wconf 90' lang='grc' dir='ltr'>τινες</span> <span class='ocrx_word' id='word_1_245' title='bbox 990 2912 1128 2987; x_wconf 84' lang='grc' dir='ltr'>ἦσαν</span> <span class='ocrx_word' id='word_1_246' title='bbox 1158 2920 1249 2971; x_wconf 72' lang='grc' dir='ltr'>καὶ</span> <span class='ocrx_word' id='word_1_247' title='bbox 1278 2922 1557 2984; x_wconf 83' lang='grc' dir='ltr'>ἐπιεικεῖς,</span> <span class='ocrx_word' id='word_1_248' title='bbox 1595 2919 1708 2973; x_wconf 91' lang='grc' dir='ltr'>ἀλλ’</span> <span class='ocrx_word' id='word_1_249' title='bbox 1728 2922 1877 2991; x_wconf 82' lang='grc' dir='ltr'>ὅμως</span> 
     </span>
    </p>
   </div>
   <div class='ocr_carea' id='block_1_32' title="bbox 220 2994 1873 3077">
    <p class='ocr_par' dir='ltr' id='par_1_32' title="bbox 220 2994 1873 3077">
     <span class='ocr_line' id='line_1_32' title="bbox 220 2994 1873 3077; baseline 0.008 -30"><span class='ocrx_word' id='word_1_250' title='bbox 220 2994 323 3047; x_wconf 78' lang='grc' dir='ltr'>ὑπὸ</span> <span class='ocrx_word' id='word_1_251' title='bbox 344 2996 453 3049; x_wconf 89' lang='grc' dir='ltr'>τῶν</span> <span class='ocrx_word' id='word_1_252' title='bbox 482 2999 797 3067; x_wconf 84' lang='grc' dir='ltr'>συμϐάντων</span> <span class='ocrx_word' id='word_1_253' title='bbox 823 3002 1060 3071; x_wconf 89' lang='grc' dir='ltr'>βελτίους</span> <span class='ocrx_word' id='word_1_254' title='bbox 1085 3004 1329 3073; x_wconf 79' lang='grc' dir='ltr'>ἐγένοντο</span> <span class='ocrx_word' id='word_1_255' title='bbox 1359 3007 1449 3057; x_wconf 75' lang='grc' dir='ltr'>καὶ</span> <span class='ocrx_word' id='word_1_256' title='bbox 1477 3006 1873 3077; x_wconf 87' lang='grc' dir='ltr'>ἀκριϐέστεροι.</span> 
     </span>
    </p>
   </div>
   <div class='ocr_carea' id='block_1_33' title="bbox 218 3080 1876 3161">
    <p class='ocr_par' dir='ltr' id='par_1_33' title="bbox 218 3080 1876 3161">
     <span class='ocr_line' id='line_1_33' title="bbox 218 3080 1876 3161; baseline 0.008 -29"><span class='ocrx_word' id='word_1_257' title='bbox 218 3080 485 3153; x_wconf 84' lang='grc' dir='ltr'>Καθάπερ</span> <span class='ocrx_word' id='word_1_258' title='bbox 520 3086 626 3154; x_wconf 84' lang='grc' dir='ltr'>γὰρ</span> <span class='ocrx_word' id='word_1_259' title='bbox 654 3087 714 3138; x_wconf 84' lang='grc' dir='ltr'>τὸ</span> <span class='ocrx_word' id='word_1_260' title='bbox 742 3091 960 3158; x_wconf 89' lang='grc' dir='ltr'>χρυσίον</span> <span class='ocrx_word' id='word_1_261' title='bbox 986 3091 1061 3160; x_wconf 84' lang='grc' dir='ltr'>τῷ</span> <span class='ocrx_word' id='word_1_262' title='bbox 1087 3093 1217 3161; x_wconf 79' lang='grc' dir='ltr'>πυρί⁵</span> <span class='ocrx_word' id='word_1_263' title='bbox 1248 3092 1669 3161; x_wconf 83' lang='grc' dir='ltr'>παραδιδόμενον</span> <span class='ocrx_word' id='word_1_264' title='bbox 1698 3096 1876 3146; x_wconf 81' lang='grc' dir='ltr'>πᾶσαν</span> 
     </span>
    </p>
   </div>
   <div class='ocr_carea' id='block_1_34' title="bbox 220 3164 1873 3251">
    <p class='ocr_par' dir='ltr' id='par_1_34' title="bbox 220 3164 1873 3251">
     <span class='ocr_line' id='line_1_34' title="bbox 220 3164 1873 3251; baseline 0.006 -29"><span class='ocrx_word' id='word_1_265' title='bbox 220 3164 535 3222; x_wconf 80' lang='grc' dir='ltr'>ἀποτίθεται</span> <span class='ocrx_word' id='word_1_266' title='bbox 560 3172 767 3242; x_wconf 87' lang='grc' dir='ltr'>κηλῖδα,</span> <span class='ocrx_word' id='word_1_267' title='bbox 798 3175 938 3227; x_wconf 80' lang='grc' dir='ltr'>οὕτω</span> <span class='ocrx_word' id='word_1_268' title='bbox 971 3178 1062 3228; x_wconf 74' lang='grc' dir='ltr'>καὶ</span> <span class='ocrx_word' id='word_1_269' title='bbox 1088 3180 1133 3229; x_wconf 84' lang='grc' dir='ltr'>οἱ</span> <span class='ocrx_word' id='word_1_270' title='bbox 1168 3180 1442 3231; x_wconf 85' lang='grc' dir='ltr'>σπουδαῖοι</span> <span class='ocrx_word' id='word_1_271' title='bbox 1476 3178 1873 3251; x_wconf 85' lang='grc' dir='ltr'>σπουδαιότεροι</span> 
     </span>
    </p>
   </div>
   <div class='ocr_carea' id='block_1_35' title="bbox 218 3253 1875 3334">
    <p class='ocr_par' dir='ltr' id='par_1_35' title="bbox 218 3253 1875 3334">
     <span class='ocr_line' id='line_1_35' title="bbox 218 3253 1875 3334; baseline 0.009 -31"><span class='ocrx_word' id='word_1_272' title='bbox 218 3253 570 3308; x_wconf 85' lang='grc' dir='ltr'>καθίστανται</span> <span class='ocrx_word' id='word_1_273' title='bbox 616 3260 673 3311; x_wconf 83' lang='grc' dir='ltr'>ὲν</span> <span class='ocrx_word' id='word_1_274' title='bbox 717 3263 828 3323; x_wconf 87' lang='grc' dir='ltr'>τοῖς</span> <span class='ocrx_word' id='word_1_275' title='bbox 872 3266 1214 3331; x_wconf 84' lang='grc' dir='ltr'>πειρασμοῖς,</span> <span class='ocrx_word' id='word_1_276' title='bbox 1247 3266 1425 3317; x_wconf 80' lang='grc' dir='ltr'>πᾶσαν</span> <span class='ocrx_word' id='word_1_277' title='bbox 1460 3265 1875 3334; x_wconf 83' lang='grc' dir='ltr'>ἀπονιπτόμενοι</span> 
     </span>
    </p>
   </div>
   <div class='ocr_carea' id='block_1_36' title="bbox 221 3339 1877 3417">
    <p class='ocr_par' dir='ltr' id='par_1_36' title="bbox 221 3339 1877 3417">
     <span class='ocr_line' id='line_1_36' title="bbox 221 3339 1877 3417; baseline 0.01 -28"><span class='ocrx_word' id='word_1_278' title='bbox 221 3339 648 3409; x_wconf 77' lang='grc' dir='ltr'>ῥᾳθυμίαν.”οτι</span> <span class='ocrx_word' id='word_1_279' title='bbox 677 3346 963 3401; x_wconf 80' lang='grc' dir='ltr'>ἐκπλυνεῐ</span> <span class='ocrx_word' id='word_1_280' title='bbox 986 3352 1199 3417; x_wconf 82' lang='grc' dir='ltr'>Κύριος</span> <span class='ocrx_word' id='word_1_281' title='bbox 1228 3351 1334 3403; x_wconf 79' lang='grc' dir='ltr'>τὸν</span> <span class='ocrx_word' id='word_1_282' title='bbox 1358 3352 1556 3417; x_wconf 75' lang='grc' dir='ltr'>ῥύπον</span> <span class='ocrx_word' id='word_1_283' title='bbox 1582 3352 1700 3405; x_wconf 86' lang='grc' dir='ltr'>τῶν</span> <span class='ocrx_word' id='word_1_284' title='bbox 1731 3351 1877 3405; x_wconf 77' lang='grc' dir='ltr'>υἱῶν</span> 
     </span>
    </p>
   </div>
   <div class='ocr_carea' id='block_1_37' title="bbox 223 3424 1875 3507">
    <p class='ocr_par' dir='ltr' id='par_1_37' title="bbox 223 3424 1875 3507">
     <span class='ocr_line' id='line_1_37' title="bbox 223 3424 1875 3507; baseline 0.01 -30"><span class='ocrx_word' id='word_1_285' title='bbox 223 3424 321 3477; x_wconf 78' lang='grc' dir='ltr'>καί</span> <span class='ocrx_word' id='word_1_286' title='bbox 344 3426 463 3479; x_wconf 86' lang='grc' dir='ltr'>τῶν</span> <span class='ocrx_word' id='word_1_287' title='bbox 486 3431 815 3499; x_wconf 78' lang='grc' dir='ltr'>θυγατέρων</span> <span class='ocrx_word' id='word_1_288' title='bbox 845 3433 1014 3499; x_wconf 72' lang='grc' dir='ltr'>Σιὼν,</span> <span class='ocrx_word' id='word_1_289' title='bbox 1058 3436 1155 3488; x_wconf 78' lang='grc' dir='ltr'>καὶ</span> <span class='ocrx_word' id='word_1_290' title='bbox 1184 3436 1247 3488; x_wconf 90' lang='grc' dir='ltr'>τὸ</span> <span class='ocrx_word' id='word_1_291' title='bbox 1280 3432 1421 3505; x_wconf 81' lang='grc' dir='ltr'>αἷμα</span> <span class='ocrx_word' id='word_1_292' title='bbox 1447 3438 1785 3507; x_wconf 78' lang='grc' dir='ltr'>ἐκκαθαριεῖ</span> <span class='ocrx_word' id='word_1_293' title='bbox 1808 3439 1875 3493; x_wconf 85' lang='grc' dir='ltr'>ἐκ</span> 
     </span>
    </p>
   </div>
   <div class='ocr_carea' id='block_1_38' title="bbox 215 3509 1879 3593">
    <p class='ocr_par' dir='ltr' id='par_1_38' title="bbox 215 3509 1879 3593">
     <span class='ocr_line' id='line_1_38' title="bbox 215 3509 1879 3593; baseline 0.01 -31"><span class='ocrx_word' id='word_1_294' title='bbox 215 3509 411 3574; x_wconf 83' lang='grc' dir='ltr'>μέσου</span> <span class='ocrx_word' id='word_1_295' title='bbox 450 3514 644 3567; x_wconf 84' lang='grc' dir='ltr'>αὐτῶν</span> <span class='ocrx_word' id='word_1_296' title='bbox 676 3521 963 3586; x_wconf 83' lang='grc' dir='ltr'>πνεύματι</span> <span class='ocrx_word' id='word_1_297' title='bbox 996 3522 1245 3588; x_wconf 81' lang='grc' dir='ltr'>κρίσεως</span> <span class='ocrx_word' id='word_1_298' title='bbox 1285 3523 1382 3575; x_wconf 83' lang='grc' dir='ltr'>καὶ</span> <span class='ocrx_word' id='word_1_299' title='bbox 1414 3525 1702 3593; x_wconf 82' lang='grc' dir='ltr'>πνεύματι</span> <span class='ocrx_word' id='word_1_300' title='bbox 1745 3528 1879 3579; x_wconf 80' lang='grc' dir='ltr'>καύ⁸</span> 
     </span>
    </p>
   </div>
   <div class='ocr_carea' id='block_1_39' title="bbox 218 3603 1875 3681">
    <p class='ocr_par' dir='ltr' id='par_1_39' title="bbox 218 3603 1875 3681">
     <span class='ocr_line' id='line_1_39' title="bbox 218 3603 1875 3681; baseline 0.01 -32"><span class='ocrx_word' id='word_1_301' title='bbox 218 3612 393 3663; x_wconf 80' lang='grc' dir='ltr'>σεως.</span> <span class='ocrx_word' id='word_1_302' title='bbox 425 3603 651 3655; x_wconf 85' lang='grc' dir='ltr'>Διπλοῦν</span> <span class='ocrx_word' id='word_1_303' title='bbox 680 3606 909 3659; x_wconf 77' lang='grc' dir='ltr'>ἐνταῦθά</span> <span class='ocrx_word' id='word_1_304' title='bbox 945 3625 1032 3677; x_wconf 89' lang='grc' dir='ltr'>μοι</span> <span class='ocrx_word' id='word_1_305' title='bbox 1066 3609 1211 3660; x_wconf 87' lang='grc' dir='ltr'>δοκεῖ</span> <span class='ocrx_word' id='word_1_306' title='bbox 1250 3610 1424 3677; x_wconf 86' lang='grc' dir='ltr'>λέγειν</span> <span class='ocrx_word' id='word_1_307' title='bbox 1455 3611 1754 3681; x_wconf 85' lang='grc' dir='ltr'>καθαρμὸν,</span> <span class='ocrx_word' id='word_1_308' title='bbox 1783 3615 1875 3666; x_wconf 79' lang='grc' dir='ltr'>καὶ</span> 
     </span>
    </p>
   </div>
   <div class='ocr_carea' id='block_1_40' title="bbox 218 3683 1875 3765">
    <p class='ocr_par' dir='ltr' id='par_1_40' title="bbox 218 3683 1875 3765">
     <span class='ocr_line' id='line_1_40' title="bbox 218 3683 1875 3765; baseline 0.009 -29"><span class='ocrx_word' id='word_1_309' title='bbox 218 3683 282 3736; x_wconf 77' lang='grc' dir='ltr'>τὸ</span> <span class='ocrx_word' id='word_1_310' title='bbox 310 3685 493 3739; x_wconf 83' lang='grc' dir='ltr'>δοῦναι</span> <span class='ocrx_word' id='word_1_311' title='bbox 522 3688 674 3757; x_wconf 87' lang='grc' dir='ltr'>δίκην</span> <span class='ocrx_word' id='word_1_312' title='bbox 701 3685 774 3743; x_wconf 83' lang='grc' dir='ltr'>ὧν</span> <span class='ocrx_word' id='word_1_313' title='bbox 802 3694 1067 3763; x_wconf 82' lang='grc' dir='ltr'>ἥμαρτον,</span> <span class='ocrx_word' id='word_1_314' title='bbox 1104 3696 1197 3747; x_wconf 77' lang='grc' dir='ltr'>καὶ</span> <span class='ocrx_word' id='word_1_315' title='bbox 1229 3696 1288 3746; x_wconf 78' lang='grc' dir='ltr'>τὸ</span> <span class='ocrx_word' id='word_1_316' title='bbox 1319 3697 1761 3765; x_wconf 83' lang='grc' dir='ltr'>σπουδαιοτέρους</span> <span class='ocrx_word' id='word_1_317' title='bbox 1786 3715 1875 3764; x_wconf 84' lang='grc' dir='ltr'>γε-</span> 
     </span>
    </p>
   </div>
   <div class='ocr_carea' id='block_1_41' title="bbox 220 3772 1876 3855">
    <p class='ocr_par' dir='ltr' id='par_1_41' title="bbox 220 3772 1876 3855">
     <span class='ocr_line' id='line_1_41' title="bbox 220 3772 1876 3855; baseline 0.01 -33"><span class='ocrx_word' id='word_1_318' title='bbox 220 3772 403 3824; x_wconf 88' lang='grc' dir='ltr'>νέσθαι</span> <span class='ocrx_word' id='word_1_319' title='bbox 449 3775 582 3843; x_wconf 82' lang='grc' dir='ltr'>πρὸς</span> <span class='ocrx_word' id='word_1_320' title='bbox 614 3776 672 3827; x_wconf 83' lang='grc' dir='ltr'>τὸ</span> <span class='ocrx_word' id='word_1_321' title='bbox 707 3778 894 3844; x_wconf 83' lang='grc' dir='ltr'>μέλλον</span> <span class='ocrx_word' id='word_1_322' title='bbox 939 3780 1202 3833; x_wconf 82' lang='grc' dir='ltr'>ἐντεῦθεν.</span> <span class='ocrx_word' id='word_1_323' title='bbox 1238 3778 1384 3848; x_wconf 73' lang='grc' dir='ltr'>Αἷμα</span> <span class='ocrx_word' id='word_1_324' title='bbox 1431 3784 1489 3835; x_wconf 85' lang='grc' dir='ltr'>δὲ</span> <span class='ocrx_word' id='word_1_325' title='bbox 1528 3784 1876 3855; x_wconf 80' lang='grc' dir='ltr'>Ἰερουσαλὴμ</span> 
     </span>
    </p>
   </div>
   <div class='ocr_carea' id='block_1_42' title="bbox 221 3859 1876 3935">
    <p class='ocr_par' dir='ltr' id='par_1_42' title="bbox 221 3859 1876 3935">
     <span class='ocr_line' id='line_1_42' title="bbox 221 3859 1876 3935; baseline 0.01 -27"><span class='ocrx_word' id='word_1_326' title='bbox 221 3859 347 3921; x_wconf 74' lang='grc' dir='ltr'>τοὺς</span> <span class='ocrx_word' id='word_1_327' title='bbox 380 3860 571 3928; x_wconf 83' lang='grc' dir='ltr'>φόνους</span> <span class='ocrx_word' id='word_1_328' title='bbox 598 3862 761 3930; x_wconf 82' lang='grc' dir='ltr'>λέγει,</span> <span class='ocrx_word' id='word_1_329' title='bbox 792 3866 888 3927; x_wconf 79' lang='grc' dir='ltr'>τάς</span> <span class='ocrx_word' id='word_1_330' title='bbox 914 3868 1123 3934; x_wconf 85' lang='grc' dir='ltr'>σφαγάς</span> <span class='ocrx_word' id='word_1_331' title='bbox 1148 3868 1244 3929; x_wconf 76' lang='grc' dir='ltr'>τὰς</span> <span class='ocrx_word' id='word_1_332' title='bbox 1270 3868 1504 3931; x_wconf 83' lang='grc' dir='ltr'>ἀδίκους.</span> <span class='ocrx_word' id='word_1_333' title='bbox 1538 3868 1670 3923; x_wconf 76' lang='grc' dir='ltr'>Εἶτα</span> <span class='ocrx_word' id='word_1_334' title='bbox 1700 3870 1876 3935; x_wconf 76' lang='grc' dir='ltr'>αὔξων</span> 
     </span>
    </p>
   </div>
   <div class='ocr_carea' id='block_1_43' title="bbox 221 3944 1878 4027">
    <p class='ocr_par' dir='ltr' id='par_1_43' title="bbox 221 3944 1878 4027">
     <span class='ocr_line' id='line_1_43' title="bbox 221 3944 1878 4027; baseline 0.008 -30"><span class='ocrx_word' id='word_1_335' title='bbox 221 3944 285 3997; x_wconf 84' lang='grc' dir='ltr'>τὸ</span> <span class='ocrx_word' id='word_1_336' title='bbox 309 3944 559 4016; x_wconf 74' lang='grc' dir='ltr'>ἐγκλημά</span> <span class='ocrx_word' id='word_1_337' title='bbox 588 3963 770 4019; x_wconf 83' lang='grc' dir='ltr'>φησιν·</span> <span class='ocrx_word' id='word_1_338' title='bbox 786 3953 877 4003; x_wconf 83' lang='grc' dir='ltr'>Ἐκ</span> <span class='ocrx_word' id='word_1_339' title='bbox 916 3952 1109 4019; x_wconf 87' lang='grc' dir='ltr'>μέσου</span> <span class='ocrx_word' id='word_1_340' title='bbox 1139 3954 1353 4009; x_wconf 75' lang='grc' dir='ltr'>αὐτῶν.</span> <span class='ocrx_word' id='word_1_341' title='bbox 1384 3957 1515 4009; x_wconf 85' lang='grc' dir='ltr'><strong>Οὐδὲ</strong></span> <span class='ocrx_word' id='word_1_342' title='bbox 1546 3957 1651 4027; x_wconf 83' lang='grc' dir='ltr'>γάρ</span> <span class='ocrx_word' id='word_1_343' title='bbox 1680 3958 1878 4011; x_wconf 76' lang='grc' dir='ltr'>λανθά-</span> 
     </span>
    </p>
   </div>
   <div class='ocr_carea' id='block_1_44' title="bbox 223 4035 1877 4111">
    <p class='ocr_par' dir='ltr' id='par_1_44' title="bbox 223 4035 1877 4111">
     <span class='ocr_line' id='line_1_44' title="bbox 223 4035 1877 4111; baseline 0.009 -29"><span class='ocrx_word' id='word_1_344' title='bbox 223 4048 404 4093; x_wconf 85' lang='grc' dir='ltr'>νοντες</span> <span class='ocrx_word' id='word_1_345' title='bbox 440 4035 533 4085; x_wconf 74' lang='grc' dir='ltr'>καὶ</span> <span class='ocrx_word' id='word_1_346' title='bbox 564 4037 922 4105; x_wconf 78' lang='grc' dir='ltr'>κρυπτόμενοι</span> <span class='ocrx_word' id='word_1_347' title='bbox 950 4040 1047 4101; x_wconf 77' lang='grc' dir='ltr'>τὰς</span> <span class='ocrx_word' id='word_1_348' title='bbox 1076 4041 1422 4109; x_wconf 80' lang='grc' dir='ltr'>ἀνδροφονίας</span> <span class='ocrx_word' id='word_1_349' title='bbox 1452 4044 1711 4111; x_wconf 82' lang='grc' dir='ltr'>ἐτόλμων,</span> <span class='ocrx_word' id='word_1_350' title='bbox 1745 4045 1877 4097; x_wconf 87' lang='grc' dir='ltr'>ἀλλά</span> 
     </span>
    </p>
   </div>
   <div class='ocr_carea' id='block_1_45' title="bbox 222 4118 1877 4199">
    <p class='ocr_par' dir='ltr' id='par_1_45' title="bbox 222 4118 1877 4199">
     <span class='ocr_line' id='line_1_45' title="bbox 222 4118 1877 4199; baseline 0.008 -30"><span class='ocrx_word' id='word_1_351' title='bbox 222 4118 330 4171; x_wconf 87' lang='grc' dir='ltr'>τῶν</span> <span class='ocrx_word' id='word_1_352' title='bbox 362 4119 572 4188; x_wconf 81' lang='grc' dir='ltr'>λῃστῶν</span> <span class='ocrx_word' id='word_1_353' title='bbox 618 4123 710 4175; x_wconf 72' lang='grc' dir='ltr'>καὶ</span> <span class='ocrx_word' id='word_1_354' title='bbox 740 4123 846 4175; x_wconf 89' lang='grc' dir='ltr'>τῶν</span> <span class='ocrx_word' id='word_1_355' title='bbox 892 4125 986 4188; x_wconf 89' lang='grc' dir='ltr'>τάς</span> <span class='ocrx_word' id='word_1_356' title='bbox 1019 4126 1319 4197; x_wconf 83' lang='grc' dir='ltr'>λεωφόρους</span> <span class='ocrx_word' id='word_1_357' title='bbox 1350 4130 1742 4199; x_wconf 84' lang='grc' dir='ltr'>ὲφεδρευόντων</span> <span class='ocrx_word' id='word_1_358' title='bbox 1768 4135 1877 4199; x_wconf 87' lang='grc' dir='ltr'>χεῖ-</span> 
     </span>
    </p>
   </div>
   <div class='ocr_carea' id='block_1_46' title="bbox 227 4206 1877 4282">
    <p class='ocr_par' dir='ltr' id='par_1_46' title="bbox 227 4206 1877 4282">
     <span class='ocr_line' id='line_1_46' title="bbox 227 4206 1877 4282; baseline 0.008 -26"><span class='ocrx_word' id='word_1_359' title='bbox 227 4221 336 4273; x_wconf 82' lang='grc' dir='ltr'>ρον.</span> <span class='ocrx_word' id='word_1_360' title='bbox 355 4206 578 4259; x_wconf 83' lang='grc' dir='ltr'>Ἐκεῖνοι</span> <span class='ocrx_word' id='word_1_361' title='bbox 625 4208 731 4278; x_wconf 80' lang='grc' dir='ltr'>γὰρ</span> <span class='ocrx_word' id='word_1_362' title='bbox 778 4213 867 4261; x_wconf 62' lang='grc' dir='ltr'>καὶ</span> <span class='ocrx_word' id='word_1_363' title='bbox 896 4210 972 4277; x_wconf 81' lang='grc' dir='ltr'>τῷ</span> <span class='ocrx_word' id='word_1_364' title='bbox 1002 4213 1175 4281; x_wconf 83' lang='grc' dir='ltr'>σκότῳ</span> <span class='ocrx_word' id='word_1_365' title='bbox 1208 4214 1568 4282; x_wconf 83' lang='grc' dir='ltr'>κρυπτόμενοι</span> <span class='ocrx_word' id='word_1_366' title='bbox 1618 4218 1711 4269; x_wconf 76' lang='grc' dir='ltr'>καὶ</span> <span class='ocrx_word' id='word_1_367' title='bbox 1757 4220 1877 4276; x_wconf 84' lang='grc' dir='ltr'>ταῖς</span> 
     </span>
    </p>
   </div>
   <div class='ocr_carea' id='block_1_47' title="bbox 224 4291 1877 4370">
    <p class='ocr_par' dir='ltr' id='par_1_47' title="bbox 224 4291 1877 4370">
     <span class='ocr_line' id='line_1_47' title="bbox 224 4291 1877 4370; baseline 0.007 -27"><span class='ocrx_word' id='word_1_368' title='bbox 224 4291 478 4361; x_wconf 72' lang='grc' dir='ltr'>ἐρημίαις</span> <span class='ocrx_word' id='word_1_369' title='bbox 502 4292 736 4362; x_wconf 87' lang='grc' dir='ltr'>τολμῶσι</span> <span class='ocrx_word' id='word_1_370' title='bbox 774 4294 842 4346; x_wconf 91' lang='grc' dir='ltr'>τά</span> <span class='ocrx_word' id='word_1_371' title='bbox 888 4296 1143 4349; x_wconf 76' lang='grc' dir='ltr'>είωθότα”</span> <span class='ocrx_word' id='word_1_372' title='bbox 1180 4292 1323 4350; x_wconf 71' lang='grc' dir='ltr'>οὗτοι</span> <span class='ocrx_word' id='word_1_373' title='bbox 1351 4299 1408 4350; x_wconf 82' lang='grc' dir='ltr'>δὲ</span> <span class='ocrx_word' id='word_1_374' title='bbox 1443 4301 1498 4352; x_wconf 78' lang='grc' dir='ltr'>ὲν</span> <span class='ocrx_word' id='word_1_375' title='bbox 1539 4302 1731 4370; x_wconf 84' lang='grc' dir='ltr'>μέσαις</span> <span class='ocrx_word' id='word_1_376' title='bbox 1759 4306 1877 4365; x_wconf 89' lang='grc' dir='ltr'>ταῖς</span> 
     </span>
    </p>
   </div>
   <div class='ocr_carea' id='block_1_48' title="bbox 224 4378 1879 4458">
    <p class='ocr_par' dir='ltr' id='par_1_48' title="bbox 224 4378 1879 4458">
     <span class='ocr_line' id='line_1_48' title="bbox 224 4378 1879 4458; baseline 0.007 -30"><span class='ocrx_word' id='word_1_377' title='bbox 224 4378 471 4448; x_wconf 79' lang='grc' dir='ltr'>ἀγοραῖς,</span> <span class='ocrx_word' id='word_1_378' title='bbox 499 4378 556 4429; x_wconf 83' lang='grc' dir='ltr'>ὲν</span> <span class='ocrx_word' id='word_1_379' title='bbox 584 4379 719 4449; x_wconf 83' lang='grc' dir='ltr'>μέσῃ</span> <span class='ocrx_word' id='word_1_380' title='bbox 764 4383 829 4449; x_wconf 82' lang='grc' dir='ltr'>τῇ</span> <span class='ocrx_word' id='word_1_381' title='bbox 875 4382 1044 4444; x_wconf 85' lang='grc' dir='ltr'>πόλει,</span> <span class='ocrx_word' id='word_1_382' title='bbox 1073 4384 1128 4434; x_wconf 80' lang='grc' dir='ltr'>ὲν</span> <span class='ocrx_word' id='word_1_383' title='bbox 1158 4386 1338 4447; x_wconf 81' lang='grc' dir='ltr'>αὐτοῖς</span> <span class='ocrx_word' id='word_1_384' title='bbox 1366 4389 1474 4447; x_wconf 83' lang='grc' dir='ltr'>τοῖς</span> <span class='ocrx_word' id='word_1_385' title='bbox 1513 4388 1879 4458; x_wconf 84' lang='grc' dir='ltr'>δικαστηρίοις</span> 
     </span>
    </p>
   </div>
   <div class='ocr_carea' id='block_1_49' title="bbox 223 4460 1875 4542">
    <p class='ocr_par' dir='ltr' id='par_1_49' title="bbox 223 4460 1875 4542">
     <span class='ocr_line' id='line_1_49' title="bbox 223 4460 1875 4542; baseline 0.008 -29"><span class='ocrx_word' id='word_1_386' title='bbox 223 4460 294 4514; x_wconf 83' lang='grc' dir='ltr'>τά</span> <span class='ocrx_word' id='word_1_387' title='bbox 343 4464 563 4515; x_wconf 74' lang='grc' dir='ltr'>ἐκείνων</span> <span class='ocrx_word' id='word_1_388' title='bbox 617 4466 1158 4534; x_wconf 82' lang='grc' dir='ltr'>παρηνόμουν.’Λλλά</span> <span class='ocrx_word' id='word_1_389' title='bbox 1187 4471 1279 4522; x_wconf 83' lang='grc' dir='ltr'>καὶ</span> <span class='ocrx_word' id='word_1_390' title='bbox 1326 4471 1425 4539; x_wconf 89' lang='grc' dir='ltr'>τὴν</span> <span class='ocrx_word' id='word_1_391' title='bbox 1464 4472 1689 4534; x_wconf 76' lang='grc' dir='ltr'>ἐκεῖθεν,</span> <span class='ocrx_word' id='word_1_392' title='bbox 1724 4477 1875 4542; x_wconf 73' lang='grc' dir='ltr'>φησὶ,</span> 
     </span>
    </p>
   </div>
   <div class='ocr_carea' id='block_1_50' title="bbox 223 4549 1878 4631">
    <p class='ocr_par' dir='ltr' id='par_1_50' title="bbox 223 4549 1878 4631">
     <span class='ocr_line' id='line_1_50' title="bbox 223 4549 1878 4631; baseline 0.008 -32"><span class='ocrx_word' id='word_1_393' title='bbox 223 4549 518 4618; x_wconf 85' lang='grc' dir='ltr'>γενομένην</span> <span class='ocrx_word' id='word_1_394' title='bbox 541 4550 730 4619; x_wconf 90' lang='grc' dir='ltr'>κηλῖδα</span> <span class='ocrx_word' id='word_1_395' title='bbox 755 4552 993 4605; x_wconf 78' lang='grc' dir='ltr'>ἐπελθὼν</span> <span class='ocrx_word' id='word_1_396' title='bbox 1019 4555 1046 4605; x_wconf 87' lang='grc' dir='ltr'>ό</span> <span class='ocrx_word' id='word_1_397' title='bbox 1080 4554 1310 4623; x_wconf 89' lang='grc' dir='ltr'>πόλεμος</span> <span class='ocrx_word' id='word_1_398' title='bbox 1335 4556 1617 4611; x_wconf 84' lang='grc' dir='ltr'>ἀναλώσει.</span> <span class='ocrx_word' id='word_1_399' title='bbox 1644 4561 1750 4612; x_wconf 69' lang='grc' dir='ltr'>Καὶ</span> <span class='ocrx_word' id='word_1_400' title='bbox 1770 4561 1878 4631; x_wconf 85' lang='grc' dir='ltr'>γὰρ</span> 
     </span>
    </p>
   </div>
   <div class='ocr_carea' id='block_1_51' title="bbox 222 4633 1877 4714">
    <p class='ocr_par' dir='ltr' id='par_1_51' title="bbox 222 4633 1877 4714">
     <span class='ocr_line' id='line_1_51' title="bbox 222 4633 1877 4714; baseline 0.008 -28"><span class='ocrx_word' id='word_1_401' title='bbox 222 4635 283 4686; x_wconf 81' lang='grc' dir='ltr'>ὲν</span> <span class='ocrx_word' id='word_1_402' title='bbox 308 4633 385 4702; x_wconf 87' lang='grc' dir='ltr'>τῷ</span> <span class='ocrx_word' id='word_1_403' title='bbox 417 4636 591 4705; x_wconf 84' lang='grc' dir='ltr'>καιρῷ</span> <span class='ocrx_word' id='word_1_404' title='bbox 628 4638 735 4689; x_wconf 88' lang='grc' dir='ltr'>τῶν</span> <span class='ocrx_word' id='word_1_405' title='bbox 767 4640 1014 4708; x_wconf 89' lang='grc' dir='ltr'>χρηστῶν</span> <span class='ocrx_word' id='word_1_406' title='bbox 1056 4641 1193 4711; x_wconf 85' lang='grc' dir='ltr'>ὑπὲρ</span> <span class='ocrx_word' id='word_1_407' title='bbox 1223 4642 1329 4695; x_wconf 90' lang='grc' dir='ltr'>τῶν</span> <span class='ocrx_word' id='word_1_408' title='bbox 1361 4645 1636 4714; x_wconf 83' lang='grc' dir='ltr'>προτέρων</span> <span class='ocrx_word' id='word_1_409' title='bbox 1680 4647 1877 4699; x_wconf 87' lang='grc' dir='ltr'>ἀπολο-</span> 
     </span>
    </p>
   </div>
   <div class='ocr_carea' id='block_1_52' title="bbox 222 4720 1879 4797">
    <p class='ocr_par' dir='ltr' id='par_1_52' title="bbox 222 4720 1879 4797">
     <span class='ocr_line' id='line_1_52' title="bbox 222 4720 1879 4797; baseline 0.008 -28"><span class='ocrx_word' id='word_1_410' title='bbox 222 4720 397 4787; x_wconf 85' lang='grc' dir='ltr'>γεῖται</span> <span class='ocrx_word' id='word_1_411' title='bbox 437 4721 713 4791; x_wconf 83' lang='grc' dir='ltr'>λυπηρῶν,</span> <span class='ocrx_word' id='word_1_412' title='bbox 742 4724 819 4775; x_wconf 82' lang='grc' dir='ltr'>ὅτι</span> <span class='ocrx_word' id='word_1_413' title='bbox 854 4727 944 4781; x_wconf 76' lang='grc' dir='ltr'>καὶ</span> <span class='ocrx_word' id='word_1_414' title='bbox 989 4727 1124 4777; x_wconf 84' lang='grc' dir='ltr'>αύτά</span> <span class='ocrx_word' id='word_1_415' title='bbox 1166 4730 1346 4779; x_wconf 82' lang='grc' dir='ltr'>ἐκεῖνα</span> <span class='ocrx_word' id='word_1_416' title='bbox 1386 4730 1450 4780; x_wconf 83' lang='grc' dir='ltr'>τά</span> <span class='ocrx_word' id='word_1_417' title='bbox 1485 4731 1765 4797; x_wconf 81' lang='grc' dir='ltr'>συμϐάντα</span> <span class='ocrx_word' id='word_1_418' title='bbox 1792 4732 1879 4785; x_wconf 83' lang='grc' dir='ltr'>διὰ</span> 
     </span>
    </p>
   </div>
   <div class='ocr_carea' id='block_1_53' title="bbox 222 4804 1874 4887">
    <p class='ocr_par' dir='ltr' id='par_1_53' title="bbox 222 4804 1874 4887">
     <span class='ocr_line' id='line_1_53' title="bbox 222 4804 1874 4887; baseline 0.007 -30"><span class='ocrx_word' id='word_1_419' title='bbox 222 4804 378 4858; x_wconf 81' lang='grc' dir='ltr'>τοῦτο</span> <span class='ocrx_word' id='word_1_420' title='bbox 426 4807 643 4876; x_wconf 86' lang='grc' dir='ltr'>συνέϐη,</span> <span class='ocrx_word' id='word_1_421' title='bbox 687 4808 798 4880; x_wconf 82' lang='lat'>[50]</span> <span class='ocrx_word' id='word_1_422' title='bbox 832 4811 916 4861; x_wconf 86' lang='grc' dir='ltr'>ίνα</span> <span class='ocrx_word' id='word_1_423' title='bbox 967 4812 1323 4875; x_wconf 81' lang='grc' dir='ltr'>έκπλυθῶσιν,</span> <span class='ocrx_word' id='word_1_424' title='bbox 1372 4815 1455 4867; x_wconf 76' lang='grc' dir='ltr'>ἵνα</span> <span class='ocrx_word' id='word_1_425' title='bbox 1510 4818 1874 4887; x_wconf 83' lang='grc' dir='ltr'>καθαρθῶσιν,</span> 
     </span>
    </p>
   </div>
   <div class='ocr_carea' id='block_1_54' title="bbox 226 4893 1879 4970">
    <p class='ocr_par' dir='ltr' id='par_1_54' title="bbox 226 4893 1879 4970">
     <span class='ocr_line' id='line_1_54' title="bbox 226 4893 1879 4970; baseline 0.007 -24"><span class='ocrx_word' id='word_1_426' title='bbox 226 4893 314 4948; x_wconf 78' lang='grc' dir='ltr'>ἵνα</span> <span class='ocrx_word' id='word_1_427' title='bbox 339 4893 724 4963; x_wconf 73' lang='grc' dir='ltr'>πυρωθῶσινο,</span> <span class='ocrx_word' id='word_1_428' title='bbox 754 4896 839 4948; x_wconf 81' lang='grc' dir='ltr'>ἵνα</span> <span class='ocrx_word' id='word_1_429' title='bbox 884 4899 1062 4949; x_wconf 82' lang='grc' dir='ltr'>πᾶσαν</span> <span class='ocrx_word' id='word_1_430' title='bbox 1107 4900 1410 4953; x_wconf 83' lang='grc' dir='ltr'>ἀποθῶνται</span> <span class='ocrx_word' id='word_1_431' title='bbox 1449 4902 1655 4970; x_wconf 88' lang='grc' dir='ltr'>κηλῖδα,</span> <span class='ocrx_word' id='word_1_432' title='bbox 1696 4905 1781 4956; x_wconf 83' lang='grc' dir='ltr'>ἵνα</span> <span class='ocrx_word' id='word_1_433' title='bbox 1819 4908 1879 4958; x_wconf 85' lang='grc' dir='ltr'>τὸ</span> 
     </span>
    </p>
   </div>
   <div class='ocr_carea' id='block_1_55' title="bbox 227 4979 1878 5055">
    <p class='ocr_par' dir='ltr' id='par_1_55' title="bbox 227 4979 1878 5055">
     <span class='ocr_line' id='line_1_55' title="bbox 227 4979 1878 5055; baseline 0.006 -24"><span class='ocrx_word' id='word_1_434' title='bbox 227 4980 293 5032; x_wconf 74' lang='grc' dir='ltr'>ὲκ</span> <span class='ocrx_word' id='word_1_435' title='bbox 315 4979 420 5031; x_wconf 87' lang='grc' dir='ltr'>τῶν</span> <span class='ocrx_word' id='word_1_436' title='bbox 446 4980 848 5049; x_wconf 79' lang='grc' dir='ltr'>ἁμαρτημάτων</span> <span class='ocrx_word' id='word_1_437' title='bbox 872 4984 961 5035; x_wconf 77' lang='grc' dir='ltr'>καὶ</span> <span class='ocrx_word' id='word_1_438' title='bbox 986 4984 1093 5035; x_wconf 89' lang='grc' dir='ltr'>τῶν</span> <span class='ocrx_word' id='word_1_439' title='bbox 1113 4986 1332 5052; x_wconf 85' lang='grc' dir='ltr'>σφαγῶν</span> <span class='ocrx_word' id='word_1_440' title='bbox 1355 4987 1718 5055; x_wconf 67' lang='grc' dir='ltr'>ἀπονίψωνται</span> <span class='ocrx_word' id='word_1_441' title='bbox 1744 4990 1878 5041; x_wconf 77' lang='grc' dir='ltr'>ὄνει-</span> 
     </span>
    </p>
   </div>
   <div class='ocr_carea' id='block_1_56' title="bbox 230 5066 1881 5139">
    <p class='ocr_par' dir='ltr' id='par_1_56' title="bbox 230 5066 1881 5139">
     <span class='ocr_line' id='line_1_56' title="bbox 230 5066 1881 5139; baseline 0.007 -21"><span class='ocrx_word' id='word_1_442' title='bbox 230 5066 335 5129; x_wconf 81' lang='grc' dir='ltr'>δος.</span> <span class='ocrx_word' id='word_1_443' title='bbox 365 5067 429 5119; x_wconf 91' lang='grc' dir='ltr'>Τί</span> <span class='ocrx_word' id='word_1_444' title='bbox 461 5066 515 5118; x_wconf 84' lang='grc' dir='ltr'>δέ</span> <span class='ocrx_word' id='word_1_445' title='bbox 548 5068 691 5119; x_wconf 75' lang='grc' dir='ltr'>ἐστιν</span> <span class='ocrx_word' id='word_1_446' title='bbox 718 5068 745 5119; x_wconf 85' lang='grc' dir='ltr'>ὃ</span> <span class='ocrx_word' id='word_1_447' title='bbox 774 5085 925 5136; x_wconf 90' lang='grc' dir='ltr'>φησι,</span> <span class='ocrx_word' id='word_1_448' title='bbox 960 5071 1253 5139; x_wconf 79' lang='grc' dir='ltr'>Πνεύματι</span> <span class='ocrx_word' id='word_1_449' title='bbox 1279 5074 1529 5139; x_wconf 84' lang='grc' dir='ltr'>κρίσεως</span> <span class='ocrx_word' id='word_1_450' title='bbox 1573 5076 1668 5127; x_wconf 84' lang='grc' dir='ltr'>καί</span> <span class='ocrx_word' id='word_1_451' title='bbox 1710 5080 1881 5131; x_wconf 68' lang='grc' dir='ltr'>,τεν-εὐ.</span> 
     </span>
    </p>
   </div>
   <div class='ocr_carea' id='block_1_57' title="bbox 222 5154 1879 5229">
    <p class='ocr_par' dir='ltr' id='par_1_57' title="bbox 222 5154 1879 5229">
     <span class='ocr_line' id='line_1_57' title="bbox 222 5154 1879 5229; baseline 0.008 -25"><span class='ocrx_word' id='word_1_452' title='bbox 222 5169 359 5221; x_wconf 64' lang='lat' dir='ltr'>pan</span> <span class='ocrx_word' id='word_1_453' title='bbox 396 5155 697 5219; x_wconf 84' lang='grc' dir='ltr'>καύσεως;</span> <span class='ocrx_word' id='word_1_454' title='bbox 725 5154 801 5223; x_wconf 80' lang='grc' dir='ltr'>Τῇ</span> <span class='ocrx_word' id='word_1_455' title='bbox 836 5160 1115 5226; x_wconf 76' lang='grc' dir='ltr'>μεταφορᾷ</span> <span class='ocrx_word' id='word_1_456' title='bbox 1161 5159 1266 5210; x_wconf 90' lang='grc' dir='ltr'>τῶν</span> <span class='ocrx_word' id='word_1_457' title='bbox 1310 5162 1689 5229; x_wconf 85' lang='grc' dir='ltr'>χωνευομένων</span> <span class='ocrx_word' id='word_1_458' title='bbox 1739 5164 1879 5217; x_wconf 84' lang='grc' dir='ltr'>ὑλῶν</span> 
     </span>
    </p>
   </div>
   <div class='ocr_carea' id='block_1_58' title="bbox 229 5238 1878 5319">
    <p class='ocr_par' dir='ltr' id='par_1_58' title="bbox 229 5238 1878 5319">
     <span class='ocr_line' id='line_1_58' title="bbox 229 5238 1878 5319; baseline 0.006 -28"><span class='ocrx_word' id='word_1_459' title='bbox 229 5238 721 5307; x_wconf 72' lang='grc' dir='ltr'>ὲπέμενεν.Ὥσπερ</span> <span class='ocrx_word' id='word_1_460' title='bbox 747 5240 850 5308; x_wconf 87' lang='grc' dir='ltr'>γάρ</span> <span class='ocrx_word' id='word_1_461' title='bbox 875 5242 989 5291; x_wconf 86' lang='grc' dir='ltr'>ἐκεῖ</span> <span class='ocrx_word' id='word_1_462' title='bbox 1007 5242 1066 5291; x_wconf 86' lang='grc' dir='ltr'>τὸ</span> <span class='ocrx_word' id='word_1_463' title='bbox 1096 5242 1310 5312; x_wconf 88' lang='grc' dir='ltr'>πνεῦμα</span> <span class='ocrx_word' id='word_1_464' title='bbox 1338 5247 1417 5307; x_wconf 85' lang='grc' dir='ltr'>είς</span> <span class='ocrx_word' id='word_1_465' title='bbox 1443 5245 1503 5296; x_wconf 82' lang='grc' dir='ltr'>τὸ</span> <span class='ocrx_word' id='word_1_466' title='bbox 1526 5250 1878 5319; x_wconf 85' lang='grc' dir='ltr'>χωνευτήριον</span> 
     </span>
    </p>
   </div>
   <div class='ocr_carea' id='block_1_59' title="bbox 227 5327 1881 5407">
    <p class='ocr_par' dir='ltr' id='par_1_59' title="bbox 227 5327 1881 5407">
     <span class='ocr_line' id='line_1_59' title="bbox 227 5327 1881 5407; baseline 0.007 -28"><span class='ocrx_word' id='word_1_467' title='bbox 227 5327 494 5394; x_wconf 68' lang='grc' dir='ltr'>ἐμπῖπτον</span> <span class='ocrx_word' id='word_1_468' title='bbox 542 5328 635 5380; x_wconf 79' lang='grc' dir='ltr'>καὶ</span> <span class='ocrx_word' id='word_1_469' title='bbox 677 5328 772 5397; x_wconf 86' lang='grc' dir='ltr'>τὴν</span> <span class='ocrx_word' id='word_1_470' title='bbox 803 5327 971 5394; x_wconf 84' lang='grc' dir='ltr'>φλόγα</span> <span class='ocrx_word' id='word_1_471' title='bbox 1002 5331 1372 5400; x_wconf 77' lang='grc' dir='ltr'>ἀναρριπίζον,</span> <span class='ocrx_word' id='word_1_472' title='bbox 1409 5335 1499 5386; x_wconf 77' lang='grc' dir='ltr'>καὶ</span> <span class='ocrx_word' id='word_1_473' title='bbox 1524 5335 1881 5407; x_wconf 81' lang='grc' dir='ltr'>θερμοτέρους</span> 
     </span>
    </p>
   </div>
   <div class='ocr_carea' id='block_1_60' title="bbox 228 5412 1879 5489">
    <p class='ocr_par' dir='ltr' id='par_1_60' title="bbox 228 5412 1879 5489">
     <span class='ocr_line' id='line_1_60' title="bbox 228 5412 1879 5489; baseline 0.007 -23"><span class='ocrx_word' id='word_1_474' title='bbox 228 5412 411 5466; x_wconf 68' lang='grc' dir='ltr'>⁸ποιοῦν</span> <span class='ocrx_word' id='word_1_475' title='bbox 442 5414 563 5475; x_wconf 75' lang='grc' dir='ltr'>τοὺς</span> <span class='ocrx_word' id='word_1_476' title='bbox 592 5414 882 5484; x_wconf 84' lang='grc' dir='ltr'>ἄνθρακας,</span> <span class='ocrx_word' id='word_1_477' title='bbox 912 5415 1122 5467; x_wconf 71' lang='grc' dir='ltr'>ἅπαντα</span> <span class='ocrx_word' id='word_1_478' title='bbox 1156 5418 1365 5489; x_wconf 74' lang='grc' dir='ltr'>δαπανᾷ</span> <span class='ocrx_word' id='word_1_479' title='bbox 1394 5420 1559 5489; x_wconf 81' lang='grc' dir='ltr'>ῥύπον</span> <span class='ocrx_word' id='word_1_480' title='bbox 1580 5439 1592 5450; x_wconf 79' lang='lat'><strong><em>°</em></strong></span> <span class='ocrx_word' id='word_1_481' title='bbox 1622 5422 1763 5475; x_wconf 80' lang='grc' dir='ltr'>οὓτω</span> <span class='ocrx_word' id='word_1_482' title='bbox 1789 5428 1879 5478; x_wconf 75' lang='grc' dir='ltr'>καὶ</span> 
     </span>
    </p>
   </div>
   <div class='ocr_carea' id='block_1_61' title="bbox 226 5499 1877 5578">
    <p class='ocr_par' dir='ltr' id='par_1_61' title="bbox 226 5499 1877 5578">
     <span class='ocr_line' id='line_1_61' title="bbox 226 5499 1877 5578; baseline 0.006 -25"><span class='ocrx_word' id='word_1_483' title='bbox 226 5499 459 5553; x_wconf 63' lang='grc' dir='ltr'>ἐνταῦθα</span> <span class='ocrx_word' id='word_1_484' title='bbox 490 5502 521 5569; x_wconf 85' lang='grc' dir='ltr'>ἡ</span> <span class='ocrx_word' id='word_1_485' title='bbox 556 5501 809 5570; x_wconf 77' lang='grc' dir='ltr'>θεήλατος</span> <span class='ocrx_word' id='word_1_486' title='bbox 834 5502 988 5571; x_wconf 85' lang='grc' dir='ltr'>ὀργὴ,</span> <span class='ocrx_word' id='word_1_487' title='bbox 1024 5504 1116 5554; x_wconf 73' lang='grc' dir='ltr'>καὶ</span> <span class='ocrx_word' id='word_1_488' title='bbox 1167 5507 1197 5573; x_wconf 83' lang='grc' dir='ltr'>ὴ</span> <span class='ocrx_word' id='word_1_489' title='bbox 1244 5507 1349 5557; x_wconf 86' lang='grc' dir='ltr'>τῶν</span> <span class='ocrx_word' id='word_1_490' title='bbox 1383 5508 1650 5577; x_wconf 82' lang='grc' dir='ltr'>πολεμίων</span> <span class='ocrx_word' id='word_1_491' title='bbox 1694 5511 1877 5578; x_wconf 85' lang='grc' dir='ltr'>ἔφοδος</span> 
     </span>
    </p>
   </div>
   <div class='ocr_carea' id='block_1_62' title="bbox 290 5663 1876 5741">
    <p class='ocr_par' dir='ltr' id='par_1_62' title="bbox 290 5663 1876 5741">
     <span class='ocr_line' id='line_1_62' title="bbox 290 5663 1876 5741; baseline 0.013 -32"><span class='ocrx_word' id='word_1_492' title='bbox 290 5663 513 5741; x_wconf 47' lang='grc' dir='ltr'>ξηοτθι.</span> <span class='ocrx_word' id='word_1_493' title='bbox 540 5667 829 5741; x_wconf 64' lang='grc' dir='ltr'>μεταβάλλει.</span> <span class='ocrx_word' id='word_1_494' title='bbox 888 5667 1034 5715; x_wconf 84' lang='lat' dir='ltr'>Savil.</span> <span class='ocrx_word' id='word_1_495' title='bbox 1080 5672 1440 5733; x_wconf 77' lang='grc' dir='ltr'>μεταλαμϐάνει,</span> <span class='ocrx_word' id='word_1_496' title='bbox 1484 5683 1534 5725; x_wconf 83' lang='lat' dir='ltr'>el</span> <span class='ocrx_word' id='word_1_497' title='bbox 1569 5680 1616 5725; x_wconf 90' lang='lat' dir='ltr'><strong>in</strong></span> <span class='ocrx_word' id='word_1_498' title='bbox 1658 5682 1876 5741; x_wconf 80' lang='lat' dir='ltr'>margine</span> 
     </span>
    </p>
   </div>
   <div class='ocr_carea' id='block_1_63' title="bbox 232 5726 793 5785">
    <p class='ocr_par' dir='ltr' id='par_1_63' title="bbox 232 5726 793 5785">
     <span class='ocr_line' id='line_1_63' title="bbox 232 5726 793 5785; baseline 0.011 -17"><span class='ocrx_word' id='word_1_499' title='bbox 232 5731 355 5771; x_wconf 68' lang='lat' dir='ltr'>notat</span> <span class='ocrx_word' id='word_1_500' title='bbox 376 5726 493 5778; x_wconf 80' lang='grc' dir='ltr'>ἴσως</span> <span class='ocrx_word' id='word_1_501' title='bbox 515 5729 793 5785; x_wconf 79' lang='grc' dir='ltr'>μεταϐαίνει.</span> 
     </span>
    </p>
   </div>
   <div class='ocr_carea' id='block_1_64' title="bbox 291 5787 1359 5855">
    <p class='ocr_par' dir='ltr' id='par_1_64' title="bbox 291 5787 1359 5855">
     <span class='ocr_line' id='line_1_64' title="bbox 291 5787 1359 5855; baseline 0.011 -25"><span class='ocrx_word' id='word_1_502' title='bbox 291 5787 316 5855; x_wconf 60' lang='grc' dir='ltr'><strong><em>ξ</em></strong></span> <span class='ocrx_word' id='word_1_503' title='bbox 340 5788 398 5855; x_wconf 71' lang='lat' dir='ltr'>_(_)l</span> <span class='ocrx_word' id='word_1_504' title='bbox 422 5789 703 5855; x_wconf 65' lang='grc' dir='ltr'>τυπωθέντες</span> <span class='ocrx_word' id='word_1_505' title='bbox 732 5790 875 5855; x_wconf 56' lang='grc' dir='ltr'>σερε-»ι</span> <span class='ocrx_word' id='word_1_506' title='bbox 908 5792 953 5855; x_wconf 70' lang='lat' dir='ltr'>in</span> <span class='ocrx_word' id='word_1_507' title='bbox 982 5790 1127 5841; x_wconf 81' lang='lat' dir='ltr'>Savil.</span> <span class='ocrx_word' id='word_1_508' title='bbox 1156 5798 1207 5839; x_wconf 75' lang='lat' dir='ltr'>et</span> <span class='ocrx_word' id='word_1_509' title='bbox 1241 5794 1359 5855; x_wconf 75' lang='lat' dir='ltr'>Reg.</span> 
     </span>
    </p>
   </div>
   <div class='ocr_carea' id='block_1_65' title="bbox 289 5846 1518 5913">
    <p class='ocr_par' dir='ltr' id='par_1_65' title="bbox 289 5846 1518 5913">
     <span class='ocr_line' id='line_1_65' title="bbox 289 5846 1518 5913; baseline 0.007 -20"><span class='ocrx_word' id='word_1_510' title='bbox 289 5847 310 5874; x_wconf 72' lang='lat'>‘</span> <span class='ocrx_word' id='word_1_511' title='bbox 340 5846 469 5905; x_wconf 63' lang='lat' dir='ltr'><strong>time,</strong></span> <span class='ocrx_word' id='word_1_512' title='bbox 494 5848 566 5893; x_wconf 78' lang='grc' dir='ltr'>ἵνα</span> <span class='ocrx_word' id='word_1_513' title='bbox 592 5850 885 5909; x_wconf 78' lang='grc' dir='ltr'>πυρωθὼσιν,</span> <span class='ocrx_word' id='word_1_514' title='bbox 921 5853 1095 5899; x_wconf 62' lang='lat' dir='ltr'>(ipsum</span> <span class='ocrx_word' id='word_1_515' title='bbox 1115 5855 1161 5899; x_wconf 81' lang='lat' dir='ltr'><strong>in</strong></span> <span class='ocrx_word' id='word_1_516' title='bbox 1190 5856 1291 5913; x_wconf 69' lang='lat' dir='ltr'>ltng</span> <span class='ocrx_word' id='word_1_517' title='bbox 1314 5846 1381 5905; x_wconf 46' lang='lat' dir='ltr'>“et</span> <span class='ocrx_word' id='word_1_518' title='bbox 1411 5858 1518 5907; x_wconf 58' lang='grc' dir='ltr'>εον,</span> 
     </span>
    </p>
   </div>
   <div class='ocr_carea' id='block_1_66' title="bbox 646 5947 1272 6010">
    <p class='ocr_par' dir='ltr' id='par_1_66' title="bbox 646 5947 1272 6010">
     <span class='ocr_line' id='line_1_66' title="bbox 646 5947 1272 6010; baseline -0.003 0"><span class='ocrx_word' id='word_1_519' title='bbox 646 5952 909 6010; x_wconf 74' lang='grc' dir='ltr'>ΡΑτιιΟι..</span> <span class='ocrx_word' id='word_1_520' title='bbox 958 5948 1073 6010; x_wconf 71' lang='lat' dir='ltr'>Gn.</span> <span class='ocrx_word' id='word_1_521' title='bbox 1122 5947 1272 6008; x_wconf 75' lang='lat' dir='ltr'>LVI.</span> 
     </span>
    </p>
   </div>
   <div class='ocr_carea' id='block_1_67' title="bbox 1985 480 3634 557">
    <p class='ocr_par' dir='ltr' id='par_1_67' title="bbox 1985 480 3634 557">
     <span class='ocr_line' id='line_1_67' title="bbox 1985 480 3634 557; baseline -0.007 -16"><span class='ocrx_word' id='word_1_522' title='bbox 1985 489 2315 557; x_wconf 79' lang='grc' dir='ltr'>ἐμπεσοῦσα,</span> <span class='ocrx_word' id='word_1_523' title='bbox 2342 488 2454 539; x_wconf 70' lang='grc' dir='ltr'>ἀντὶ</span> <span class='ocrx_word' id='word_1_524' title='bbox 2479 488 2645 556; x_wconf 73' lang='grc' dir='ltr'>πυρὸς</span> <span class='ocrx_word' id='word_1_525' title='bbox 2673 488 2736 555; x_wconf 82' lang='grc' dir='ltr'>τῇ</span> <span class='ocrx_word' id='word_1_526' title='bbox 2762 484 2908 537; x_wconf 85' lang='grc' dir='ltr'>πόλει</span> <span class='ocrx_word' id='word_1_527' title='bbox 2930 482 3137 551; x_wconf 80' lang='grc' dir='ltr'>γέγονε,</span> <span class='ocrx_word' id='word_1_528' title='bbox 3164 480 3329 551; x_wconf 80' lang='grc' dir='ltr'>πυρὸς</span> <span class='ocrx_word' id='word_1_529' title='bbox 3356 480 3453 533; x_wconf 84' lang='grc' dir='ltr'>οὐκ</span> <span class='ocrx_word' id='word_1_530' title='bbox 3474 480 3634 532; x_wconf 77' lang='grc' dir='ltr'>ἀπολο</span> 
     </span>
    </p>
   </div>
   <div class='ocr_carea' id='block_1_68' title="bbox 1984 566 3634 639">
    <p class='ocr_par' dir='ltr' id='par_1_68' title="bbox 1984 566 3634 639">
     <span class='ocr_line' id='line_1_68' title="bbox 1984 566 3634 639; baseline -0.005 -13"><span class='ocrx_word' id='word_1_531' title='bbox 1984 576 2189 637; x_wconf 83' lang='grc' dir='ltr'>λύντος,</span> <span class='ocrx_word' id='word_1_532' title='bbox 2220 574 2353 627; x_wconf 80' lang='grc' dir='ltr'>ἀλλά</span> <span class='ocrx_word' id='word_1_533' title='bbox 2376 574 2639 635; x_wconf 85' lang='grc' dir='ltr'>καίοντος,</span> <span class='ocrx_word' id='word_1_534' title='bbox 2672 573 2763 624; x_wconf 75' lang='grc' dir='ltr'>καὶ</span> <span class='ocrx_word' id='word_1_535' title='bbox 2792 570 3160 639; x_wconf 82' lang='grc' dir='ltr'>καθαίροντος,</span> <span class='ocrx_word' id='word_1_536' title='bbox 3186 568 3278 620; x_wconf 70' lang='grc' dir='ltr'>καὶ</span> <span class='ocrx_word' id='word_1_537' title='bbox 3298 566 3634 630; x_wconf 83' lang='grc' dir='ltr'>κολάζοντος,</span> 
     </span>
    </p>
   </div>
   <div class='ocr_carea' id='block_1_69' title="bbox 1975 656 3637 731">
    <p class='ocr_par' dir='ltr' id='par_1_69' title="bbox 1975 656 3637 731">
     <span class='ocr_line' id='line_1_69' title="bbox 1975 656 3637 731; baseline -0.007 -18"><span class='ocrx_word' id='word_1_538' title='bbox 1975 663 2068 715; x_wconf 77' lang='grc' dir='ltr'>καὶ</span> <span class='ocrx_word' id='word_1_539' title='bbox 2118 660 2514 731; x_wconf 81' lang='grc' dir='ltr'>διορθουμένου.</span> <span class='ocrx_word' id='word_1_540' title='bbox 2548 660 2621 711; x_wconf 87' lang='grc' dir='ltr'>Τὸ</span> <span class='ocrx_word' id='word_1_541' title='bbox 2668 659 2796 727; x_wconf 80' lang='grc' dir='ltr'>γὰρ,</span> <span class='ocrx_word' id='word_1_542' title='bbox 2843 658 3135 723; x_wconf 78' lang='grc' dir='ltr'>Πνεὺματι</span> <span class='ocrx_word' id='word_1_543' title='bbox 3184 656 3454 723; x_wconf 76' lang='grc' dir='ltr'>κρίσεως,</span> <span class='ocrx_word' id='word_1_544' title='bbox 3484 669 3637 705; x_wconf 86' lang='grc' dir='ltr'>τουτ-</span> 
     </span>
    </p>
   </div>
   <div class='ocr_carea' id='block_1_70' title="bbox 1978 738 3639 814">
    <p class='ocr_par' dir='ltr' id='par_1_70' title="bbox 1978 738 3639 814">
     <span class='ocr_line' id='line_1_70' title="bbox 1978 738 3639 814; baseline -0.005 -15"><span class='ocrx_word' id='word_1_545' title='bbox 1978 748 2110 809; x_wconf 87' lang='grc' dir='ltr'>έστι,</span> <span class='ocrx_word' id='word_1_546' title='bbox 2143 747 2434 809; x_wconf 81' lang='grc' dir='ltr'>κολάσεως,</span> <span class='ocrx_word' id='word_1_547' title='bbox 2472 744 2757 814; x_wconf 83' lang='grc' dir='ltr'>τιμωρίας,</span> <span class='ocrx_word' id='word_1_548' title='bbox 2798 744 3144 812; x_wconf 78' lang='grc' dir='ltr'>ἐκδικήσεως.</span> <span class='ocrx_word' id='word_1_549' title='bbox 3188 742 3295 793; x_wconf 82' lang='grc' dir='ltr'>Καὶ</span> <span class='ocrx_word' id='word_1_550' title='bbox 3345 740 3476 805; x_wconf 79' lang='grc' dir='ltr'>ἣξει</span> <span class='ocrx_word' id='word_1_551' title='bbox 3522 738 3639 792; x_wconf 82' lang='grc' dir='ltr'>Κύο</span> 
     </span>
    </p>
   </div>
   <div class='ocr_carea' id='block_1_71' title="bbox 1967 826 3638 903">
    <p class='ocr_par' dir='ltr' id='par_1_71' title="bbox 1967 826 3638 903">
     <span class='ocr_line' id='line_1_71' title="bbox 1967 826 3638 903; baseline -0.005 -17"><span class='ocrx_word' id='word_1_552' title='bbox 1967 852 2117 901; x_wconf 83' lang='grc' dir='ltr'>ριος.</span> <span class='ocrx_word' id='word_1_553' title='bbox 2151 834 2455 903; x_wconf 88' lang='grc' dir='ltr'>Παρουσίαν</span> <span class='ocrx_word' id='word_1_554' title='bbox 2496 832 2657 885; x_wconf 86' lang='grc' dir='ltr'>αὐτοῦ</span> <span class='ocrx_word' id='word_1_555' title='bbox 2686 830 2782 899; x_wconf 83' lang='grc' dir='ltr'>τὴν</span> <span class='ocrx_word' id='word_1_556' title='bbox 2814 831 3093 901; x_wconf 83' lang='grc' dir='ltr'>ἐνέργειαν</span> <span class='ocrx_word' id='word_1_557' title='bbox 3123 828 3293 881; x_wconf 83' lang='grc' dir='ltr'>καλεῖ.</span> <span class='ocrx_word' id='word_1_558' title='bbox 3324 826 3431 880; x_wconf 80' lang='grc' dir='ltr'>Καὶ</span> <span class='ocrx_word' id='word_1_559' title='bbox 3467 826 3638 880; x_wconf 74' lang='grc' dir='ltr'>ἔσται</span> 
     </span>
    </p>
   </div>
   <div class='ocr_carea' id='block_1_72' title="bbox 1976 916 3637 988">
    <p class='ocr_par' dir='ltr' id='par_1_72' title="bbox 1976 916 3637 988">
     <span class='ocr_line' id='line_1_72' title="bbox 1976 916 3637 988; baseline -0.003 -16"><span class='ocrx_word' id='word_1_560' title='bbox 1976 921 2091 986; x_wconf 79' lang='grc' dir='ltr'>πᾶς</span> <span class='ocrx_word' id='word_1_561' title='bbox 2120 925 2299 984; x_wconf 84' lang='grc' dir='ltr'>τόπος</span> <span class='ocrx_word' id='word_1_562' title='bbox 2326 920 2432 973; x_wconf 88' lang='grc' dir='ltr'>τοῦ</span> <span class='ocrx_word' id='word_1_563' title='bbox 2463 920 2637 988; x_wconf 84' lang='grc' dir='ltr'>ὄρους</span> <span class='ocrx_word' id='word_1_564' title='bbox 2665 918 2832 981; x_wconf 83' lang='grc' dir='ltr'>Σιὼν,</span> <span class='ocrx_word' id='word_1_565' title='bbox 2852 919 2949 971; x_wconf 83' lang='grc' dir='ltr'>καὶ</span> <span class='ocrx_word' id='word_1_566' title='bbox 2979 917 3175 969; x_wconf 82' lang='grc' dir='ltr'>πάντα</span> <span class='ocrx_word' id='word_1_567' title='bbox 3208 916 3279 969; x_wconf 84' lang='grc' dir='ltr'>τὰ</span> <span class='ocrx_word' id='word_1_568' title='bbox 3302 916 3637 983; x_wconf 72' lang='grc' dir='ltr'>περικύκλῳ</span> 
     </span>
    </p>
   </div>
   <div class='ocr_carea' id='block_1_73' title="bbox 1974 1001 3639 1074">
    <p class='ocr_par' dir='ltr' id='par_1_73' title="bbox 1974 1001 3639 1074">
     <span class='ocr_line' id='line_1_73' title="bbox 1974 1001 3639 1074; baseline -0.005 -14"><span class='ocrx_word' id='word_1_569' title='bbox 1974 1008 2164 1074; x_wconf 83' lang='grc' dir='ltr'>αὐτῆς</span> <span class='ocrx_word' id='word_1_570' title='bbox 2190 1007 2427 1059; x_wconf 82' lang='grc' dir='ltr'>σκιάσει</span> <span class='ocrx_word' id='word_1_571' title='bbox 2457 1005 2680 1074; x_wconf 71' lang='grc' dir='ltr'>νεφέλη</span> <span class='ocrx_word' id='word_1_572' title='bbox 2712 1005 2954 1073; x_wconf 77' lang='grc' dir='ltr'>ἡμέρας,</span> <span class='ocrx_word' id='word_1_573' title='bbox 2998 1004 3097 1057; x_wconf 78' lang='grc' dir='ltr'>καὶ</span> <span class='ocrx_word' id='word_1_574' title='bbox 3130 1004 3209 1068; x_wconf 88' lang='grc' dir='ltr'>ὼς</span> <span class='ocrx_word' id='word_1_575' title='bbox 3257 1001 3509 1065; x_wconf 83' lang='grc' dir='ltr'>καπνοῦ,</span> <span class='ocrx_word' id='word_1_576' title='bbox 3539 1005 3639 1054; x_wconf 76' lang='grc' dir='ltr'>καὶ</span> 
     </span>
    </p>
   </div>
   <div class='ocr_carea' id='block_1_74' title="bbox 1974 1088 3638 1161">
    <p class='ocr_par' dir='ltr' id='par_1_74' title="bbox 1974 1088 3638 1161">
     <span class='ocr_line' id='line_1_74' title="bbox 1974 1088 3638 1161; baseline -0.002 -16"><span class='ocrx_word' id='word_1_577' title='bbox 1974 1094 2053 1157; x_wconf 86' lang='grc' dir='ltr'>ὡς</span> <span class='ocrx_word' id='word_1_578' title='bbox 2092 1093 2280 1161; x_wconf 70' lang='grc' dir='ltr'>φωτὸς</span> <span class='ocrx_word' id='word_1_579' title='bbox 2312 1092 2500 1159; x_wconf 80' lang='grc' dir='ltr'>πυρὸς</span> <span class='ocrx_word' id='word_1_580' title='bbox 2538 1091 2855 1159; x_wconf 78' lang='grc' dir='ltr'>καιομένου</span> <span class='ocrx_word' id='word_1_581' title='bbox 2885 1091 3118 1155; x_wconf 75' lang='grc' dir='ltr'>νυκτὸς,</span> <span class='ocrx_word' id='word_1_582' title='bbox 3164 1090 3331 1156; x_wconf 79' lang='grc' dir='ltr'>πάσῃ</span> <span class='ocrx_word' id='word_1_583' title='bbox 3369 1088 3445 1155; x_wconf 79' lang='grc' dir='ltr'>τῇ</span> <span class='ocrx_word' id='word_1_584' title='bbox 3488 1088 3638 1154; x_wconf 80' lang='grc' dir='ltr'>δόξῃ</span> 
     </span>
    </p>
   </div>
   <div class='ocr_carea' id='block_1_75' title="bbox 1974 1173 3641 1246">
    <p class='ocr_par' dir='ltr' id='par_1_75' title="bbox 1974 1173 3641 1246">
     <span class='ocr_line' id='line_1_75' title="bbox 1974 1173 3641 1246; baseline -0.004 -15"><span class='ocrx_word' id='word_1_585' title='bbox 1974 1180 2478 1246; x_wconf 81' lang='grc' dir='ltr'>σκεπασθήσεται.</span> <span class='ocrx_word' id='word_1_586' title='bbox 2530 1179 2637 1231; x_wconf 76' lang='grc' dir='ltr'>Καὶ</span> <span class='ocrx_word' id='word_1_587' title='bbox 2680 1179 2850 1230; x_wconf 82' lang='grc' dir='ltr'>ἐσται</span> <span class='ocrx_word' id='word_1_588' title='bbox 2888 1180 2973 1242; x_wconf 76' lang='grc' dir='ltr'>εἰς</span> <span class='ocrx_word' id='word_1_589' title='bbox 3022 1176 3204 1229; x_wconf 78' lang='grc' dir='ltr'>σκιὰν</span> <span class='ocrx_word' id='word_1_590' title='bbox 3248 1175 3471 1243; x_wconf 78' lang='grc' dir='ltr'>ἡμέρας</span> <span class='ocrx_word' id='word_1_591' title='bbox 3518 1173 3641 1227; x_wconf 80' lang='grc' dir='ltr'>ἀπὸ</span> 
     </span>
    </p>
   </div>
   <div class='ocr_carea' id='block_1_76' title="bbox 1974 1261 3639 1333">
    <p class='ocr_par' dir='ltr' id='par_1_76' title="bbox 1974 1261 3639 1333">
     <span class='ocr_line' id='line_1_76' title="bbox 1974 1261 3639 1333; baseline -0.002 -16"><span class='ocrx_word' id='word_1_592' title='bbox 1974 1267 2291 1333; x_wconf 80' lang='grc' dir='ltr'>καύματος,</span> <span class='ocrx_word' id='word_1_593' title='bbox 2319 1266 2414 1317; x_wconf 75' lang='grc' dir='ltr'>καὶ</span> <span class='ocrx_word' id='word_1_594' title='bbox 2444 1266 2511 1317; x_wconf 80' lang='grc' dir='ltr'><em>ἐν</em></span> <span class='ocrx_word' id='word_1_595' title='bbox 2532 1268 2729 1331; x_wconf 79' lang='grc' dir='ltr'>σκέπῃ</span> <span class='ocrx_word' id='word_1_596' title='bbox 2758 1265 2853 1317; x_wconf 82' lang='grc' dir='ltr'>καὶ</span> <span class='ocrx_word' id='word_1_597' title='bbox 2876 1265 2945 1316; x_wconf 76' lang='grc' dir='ltr'>ἐν</span> <span class='ocrx_word' id='word_1_598' title='bbox 2966 1264 3293 1330; x_wconf 72' lang='grc' dir='ltr'>ἀποκρύφῳ</span> <span class='ocrx_word' id='word_1_599' title='bbox 3317 1261 3435 1315; x_wconf 83' lang='grc' dir='ltr'>ἀπὸ</span> <span class='ocrx_word' id='word_1_600' title='bbox 3455 1263 3639 1325; x_wconf 76' lang='grc' dir='ltr'>σκλη-</span> 
     </span>
    </p>
   </div>
   <div class='ocr_carea' id='block_1_77' title="bbox 1970 1345 3639 1418">
    <p class='ocr_par' dir='ltr' id='par_1_77' title="bbox 1970 1345 3639 1418">
     <span class='ocr_line' id='line_1_77' title="bbox 1970 1345 3639 1418; baseline -0.004 -15"><span class='ocrx_word' id='word_1_601' title='bbox 1970 1352 2219 1418; x_wconf 85' lang='grc' dir='ltr'>ρότητος</span> <span class='ocrx_word' id='word_1_602' title='bbox 2244 1351 2342 1403; x_wconf 84' lang='grc' dir='ltr'>καί</span> <span class='ocrx_word' id='word_1_603' title='bbox 2368 1350 2562 1405; x_wconf 84' lang='grc' dir='ltr'>ὑετοῦ.</span> <span class='ocrx_word' id='word_1_604' title='bbox 2586 1350 2831 1418; x_wconf 86' lang='grc' dir='ltr'>Νεφέλην</span> <span class='ocrx_word' id='word_1_605' title='bbox 2862 1348 3092 1402; x_wconf 77' lang='grc' dir='ltr'>ἐνταῦθα</span> <span class='ocrx_word' id='word_1_606' title='bbox 3115 1349 3211 1418; x_wconf 81' lang='grc' dir='ltr'>τὴν</span> <span class='ocrx_word' id='word_1_607' title='bbox 3238 1350 3302 1400; x_wconf 64' lang='grc' dir='ltr'>ἐκ</span> <span class='ocrx_word' id='word_1_608' title='bbox 3325 1346 3431 1399; x_wconf 88' lang='grc' dir='ltr'>τῶν</span> <span class='ocrx_word' id='word_1_609' title='bbox 3454 1345 3639 1399; x_wconf 88' lang='grc' dir='ltr'>κακῶν</span> 
     </span>
    </p>
   </div>
   <div class='ocr_carea' id='block_1_78' title="bbox 1974 1432 3641 1507">
    <p class='ocr_par' dir='ltr' id='par_1_78' title="bbox 1974 1432 3641 1507">
     <span class='ocr_line' id='line_1_78' title="bbox 1974 1432 3641 1507; baseline -0.002 -19"><span class='ocrx_word' id='word_1_610' title='bbox 1974 1437 2324 1506; x_wconf 81' lang='grc' dir='ltr'>ὲγγινομένην</span> <span class='ocrx_word' id='word_1_611' title='bbox 2357 1437 2681 1506; x_wconf 80' lang='grc' dir='ltr'>παραψυχήν</span> <span class='ocrx_word' id='word_1_612' title='bbox 2710 1453 2871 1507; x_wconf 90' lang='grc' dir='ltr'>φησι·</span> <span class='ocrx_word' id='word_1_613' title='bbox 2906 1436 3085 1506; x_wconf 74' lang='grc' dir='ltr'>πυρὰν</span> <span class='ocrx_word' id='word_1_614' title='bbox 3130 1435 3185 1487; x_wconf 86' lang='grc' dir='ltr'>δὲ</span> <span class='ocrx_word' id='word_1_615' title='bbox 3217 1434 3317 1504; x_wconf 85' lang='grc' dir='ltr'>τὴν</span> <span class='ocrx_word' id='word_1_616' title='bbox 3360 1432 3499 1503; x_wconf 88' lang='grc' dir='ltr'>μετά</span> <span class='ocrx_word' id='word_1_617' title='bbox 3538 1432 3641 1502; x_wconf 85' lang='grc' dir='ltr'>τῆς</span> 
     </span>
    </p>
   </div>
   <div class='ocr_carea' id='block_1_79' title="bbox 1976 1515 3639 1592">
    <p class='ocr_par' dir='ltr' id='par_1_79' title="bbox 1976 1515 3639 1592">
     <span class='ocr_line' id='line_1_79' title="bbox 1976 1515 3639 1592; baseline -0.003 -19"><span class='ocrx_word' id='word_1_618' title='bbox 1976 1521 2322 1591; x_wconf 86' lang='grc' dir='ltr'>παραμυθίας</span> <span class='ocrx_word' id='word_1_619' title='bbox 2386 1522 2738 1592; x_wconf 85' lang='grc' dir='ltr'>περιφάνειαν</span> <span class='ocrx_word' id='word_1_620' title='bbox 2803 1519 3254 1591; x_wconf 89' lang='grc' dir='ltr'>προσγινομένην.</span> <span class='ocrx_word' id='word_1_621' title='bbox 3288 1518 3461 1587; x_wconf 79' lang='grc' dir='ltr'>Ὅπερ</span> <span class='ocrx_word' id='word_1_622' title='bbox 3528 1515 3639 1585; x_wconf 91' lang='grc' dir='ltr'>γάρ</span> 
     </span>
    </p>
   </div>
   <div class='ocr_carea' id='block_1_80' title="bbox 1973 1601 3639 1677">
    <p class='ocr_par' dir='ltr' id='par_1_80' title="bbox 1973 1601 3639 1677">
     <span class='ocr_line' id='line_1_80' title="bbox 1973 1601 3639 1677; baseline -0.004 -18"><span class='ocrx_word' id='word_1_623' title='bbox 1973 1609 2118 1660; x_wconf 79' lang='grc' dir='ltr'>ἐστιν</span> <span class='ocrx_word' id='word_1_624' title='bbox 2145 1609 2202 1661; x_wconf 82' lang='grc' dir='ltr'>ὲν</span> <span class='ocrx_word' id='word_1_625' title='bbox 2234 1608 2473 1677; x_wconf 84' lang='grc' dir='ltr'>καύματι</span> <span class='ocrx_word' id='word_1_626' title='bbox 2517 1607 2731 1677; x_wconf 87' lang='grc' dir='ltr'>νεφέλη,</span> <span class='ocrx_word' id='word_1_627' title='bbox 2761 1606 2918 1660; x_wconf 89' lang='grc' dir='ltr'>τοῦτο</span> <span class='ocrx_word' id='word_1_628' title='bbox 2946 1608 3002 1658; x_wconf 72' lang='grc' dir='ltr'>ὲν</span> <span class='ocrx_word' id='word_1_629' title='bbox 3033 1606 3206 1673; x_wconf 86' lang='grc' dir='ltr'>σκότῳ</span> <span class='ocrx_word' id='word_1_630' title='bbox 3236 1604 3330 1657; x_wconf 73' lang='grc' dir='ltr'>καὶ</span> <span class='ocrx_word' id='word_1_631' title='bbox 3358 1603 3513 1656; x_wconf 77' lang='grc' dir='ltr'>νυκτὶ</span> <span class='ocrx_word' id='word_1_632' title='bbox 3543 1601 3639 1671; x_wconf 85' lang='grc' dir='ltr'>βα-</span> 
     </span>
    </p>
   </div>
   <div class='ocr_carea' id='block_1_81' title="bbox 1974 1688 3641 1765">
    <p class='ocr_par' dir='ltr' id='par_1_81' title="bbox 1974 1688 3641 1765">
     <span class='ocr_line' id='line_1_81' title="bbox 1974 1688 3641 1765; baseline -0.002 -20"><span class='ocrx_word' id='word_1_633' title='bbox 1974 1694 2175 1763; x_wconf 84' lang='grc' dir='ltr'>θυτάτῃ</span> <span class='ocrx_word' id='word_1_634' title='bbox 2204 1694 2352 1765; x_wconf 88' lang='grc' dir='ltr'>πυρὰ</span> <span class='ocrx_word' id='word_1_635' title='bbox 2374 1694 2625 1764; x_wconf 87' lang='grc' dir='ltr'>λαμπροῦ</span> <span class='ocrx_word' id='word_1_636' title='bbox 2642 1691 2669 1730; x_wconf 70' lang='grc' dir='ltr'>ά</span> <span class='ocrx_word' id='word_1_637' title='bbox 2701 1693 3065 1762; x_wconf 85' lang='grc' dir='ltr'>ἀναπτομένη.</span> <span class='ocrx_word' id='word_1_638' title='bbox 3085 1692 3148 1744; x_wconf 75' lang='grc' dir='ltr'>Ἠ</span> <span class='ocrx_word' id='word_1_639' title='bbox 3178 1691 3275 1761; x_wconf 80' lang='grc' dir='ltr'>μὲν</span> <span class='ocrx_word' id='word_1_640' title='bbox 3304 1688 3413 1760; x_wconf 79' lang='grc' dir='ltr'>γάρ</span> <span class='ocrx_word' id='word_1_641' title='bbox 3433 1689 3525 1741; x_wconf 82' lang='grc' dir='ltr'>τὸν</span> <span class='ocrx_word' id='word_1_642' title='bbox 3543 1688 3641 1741; x_wconf 83' lang='grc' dir='ltr'>αῦ-</span> 
     </span>
    </p>
   </div>
   <div class='ocr_carea' id='block_1_82' title="bbox 1973 1770 3639 1852">
    <p class='ocr_par' dir='ltr' id='par_1_82' title="bbox 1973 1770 3639 1852">
     <span class='ocr_line' id='line_1_82' title="bbox 1973 1770 3639 1852; baseline -0.005 -18"><span class='ocrx_word' id='word_1_643' title='bbox 1973 1781 2110 1851; x_wconf 86' lang='grc' dir='ltr'>χμὸν</span> <span class='ocrx_word' id='word_1_644' title='bbox 2145 1772 2529 1852; x_wconf 85' lang='grc' dir='ltr'>ἀποκρούεται,</span> <span class='ocrx_word' id='word_1_645' title='bbox 2563 1783 2596 1851; x_wconf 86' lang='grc' dir='ltr'><strong>ἡ</strong></span> <span class='ocrx_word' id='word_1_646' title='bbox 2622 1780 2677 1832; x_wconf 83' lang='grc' dir='ltr'>δὲ</span> <span class='ocrx_word' id='word_1_647' title='bbox 2701 1779 2903 1834; x_wconf 86' lang='grc' dir='ltr'>διαλύει</span> <span class='ocrx_word' id='word_1_648' title='bbox 2925 1779 3016 1831; x_wconf 83' lang='grc' dir='ltr'>τὸν</span> <span class='ocrx_word' id='word_1_649' title='bbox 3048 1777 3230 1846; x_wconf 78' lang='grc' dir='ltr'>ζόφον.</span> <span class='ocrx_word' id='word_1_650' title='bbox 3259 1776 3370 1845; x_wconf 84' lang='grc' dir='ltr'>Τὴν</span> <span class='ocrx_word' id='word_1_651' title='bbox 3416 1774 3515 1844; x_wconf 74' lang='grc' dir='ltr'>μὲν</span> <span class='ocrx_word' id='word_1_652' title='bbox 3545 1770 3639 1827; x_wconf 80' lang='grc' dir='ltr'>οὖν</span> 
     </span>
    </p>
   </div>
   <div class='ocr_carea' id='block_1_83' title="bbox 1973 1861 3635 1939">
    <p class='ocr_par' dir='ltr' id='par_1_83' title="bbox 1973 1861 3635 1939">
     <span class='ocr_line' id='line_1_83' title="bbox 1973 1861 3635 1939; baseline -0.005 -19"><span class='ocrx_word' id='word_1_653' title='bbox 1973 1870 2327 1939; x_wconf 79' lang='grc' dir='ltr'>περιφάνειαν</span> <span class='ocrx_word' id='word_1_654' title='bbox 2353 1870 2417 1938; x_wconf 83' lang='grc' dir='ltr'>τῇ</span> <span class='ocrx_word' id='word_1_655' title='bbox 2448 1868 2788 1938; x_wconf 84' lang='grc' dir='ltr'>λαμπρότητι</span> <span class='ocrx_word' id='word_1_656' title='bbox 2812 1867 2907 1935; x_wconf 81' lang='grc' dir='ltr'>τῆς</span> <span class='ocrx_word' id='word_1_657' title='bbox 2929 1866 3125 1934; x_wconf 78' lang='grc' dir='ltr'>πυρᾶς,</span> <span class='ocrx_word' id='word_1_658' title='bbox 3152 1864 3252 1934; x_wconf 82' lang='grc' dir='ltr'>τὴν</span> <span class='ocrx_word' id='word_1_659' title='bbox 3281 1862 3337 1915; x_wconf 84' lang='grc' dir='ltr'>δὲ</span> <span class='ocrx_word' id='word_1_660' title='bbox 3364 1861 3546 1915; x_wconf 81' lang='grc' dir='ltr'>ἀνεσιν</span> <span class='ocrx_word' id='word_1_661' title='bbox 3569 1864 3635 1931; x_wconf 76' lang='grc' dir='ltr'>τῇ</span> 
     </span>
    </p>
   </div>
   <div class='ocr_carea' id='block_1_84' title="bbox 1974 1947 3639 2025">
    <p class='ocr_par' dir='ltr' id='par_1_84' title="bbox 1974 1947 3639 2025">
     <span class='ocr_line' id='line_1_84' title="bbox 1974 1947 3639 2025; baseline -0.004 -20"><span class='ocrx_word' id='word_1_662' title='bbox 1974 1957 2101 2024; x_wconf 83' lang='grc' dir='ltr'>σκιᾷ</span> <span class='ocrx_word' id='word_1_663' title='bbox 2137 1955 2235 2023; x_wconf 85' lang='grc' dir='ltr'>τῆς</span> <span class='ocrx_word' id='word_1_664' title='bbox 2264 1954 2491 2025; x_wconf 83' lang='grc' dir='ltr'>νεφέλης</span> <span class='ocrx_word' id='word_1_665' title='bbox 2522 1952 2845 2022; x_wconf 85' lang='grc' dir='ltr'>παρέϐαλεν.</span> <span class='ocrx_word' id='word_1_666' title='bbox 2877 1947 3011 2005; x_wconf 73' lang='grc' dir='ltr'>Εἶτα</span> <span class='ocrx_word' id='word_1_667' title='bbox 3048 1949 3259 2013; x_wconf 72' lang='grc' dir='ltr'>δεικνὺς</span> <span class='ocrx_word' id='word_1_668' title='bbox 3298 1948 3371 2011; x_wconf 89' lang='grc' dir='ltr'>ὼς</span> <span class='ocrx_word' id='word_1_669' title='bbox 3402 1948 3463 2001; x_wconf 80' lang='grc' dir='ltr'>οὐ</span> <span class='ocrx_word' id='word_1_670' title='bbox 3496 1948 3639 2001; x_wconf 84' lang='grc' dir='ltr'>κατά</span> 
     </span>
    </p>
   </div>
   <div class='ocr_carea' id='block_1_85' title="bbox 1976 2034 3638 2112">
    <p class='ocr_par' dir='ltr' id='par_1_85' title="bbox 1976 2034 3638 2112">
     <span class='ocr_line' id='line_1_85' title="bbox 1976 2034 3638 2112; baseline -0.007 -17"><span class='ocrx_word' id='word_1_671' title='bbox 1976 2042 2168 2112; x_wconf 82' lang='grc' dir='ltr'>μικρὸν</span> <span class='ocrx_word' id='word_1_672' title='bbox 2206 2042 2313 2094; x_wconf 84' lang='grc' dir='ltr'>τῶν</span> <span class='ocrx_word' id='word_1_673' title='bbox 2351 2042 2537 2094; x_wconf 87' lang='grc' dir='ltr'>δεινῶν</span> <span class='ocrx_word' id='word_1_674' title='bbox 2564 2040 2835 2110; x_wconf 87' lang='grc' dir='ltr'>λυομένων</span> <span class='ocrx_word' id='word_1_675' title='bbox 2862 2039 3033 2091; x_wconf 87' lang='grc' dir='ltr'>ταῦτα</span> <span class='ocrx_word' id='word_1_676' title='bbox 3066 2036 3241 2097; x_wconf 73' lang='grc' dir='ltr'>ἔσται,</span> <span class='ocrx_word' id='word_1_677' title='bbox 3271 2034 3406 2089; x_wconf 86' lang='grc' dir='ltr'>ἀλλά</span> <span class='ocrx_word' id='word_1_678' title='bbox 3443 2034 3638 2104; x_wconf 89' lang='grc' dir='ltr'>ἀθρόον</span> 
     </span>
    </p>
   </div>
   <div class='ocr_carea' id='block_1_86' title="bbox 1973 2120 3638 2197">
    <p class='ocr_par' dir='ltr' id='par_1_86' title="bbox 1973 2120 3638 2197">
     <span class='ocr_line' id='line_1_86' title="bbox 1973 2120 3638 2197; baseline -0.004 -20"><span class='ocrx_word' id='word_1_679' title='bbox 1973 2128 2030 2178; x_wconf 85' lang='grc' dir='ltr'>ὲν</span> <span class='ocrx_word' id='word_1_680' title='bbox 2054 2128 2190 2197; x_wconf 81' lang='grc' dir='ltr'>αὐτῇ</span> <span class='ocrx_word' id='word_1_681' title='bbox 2222 2128 2326 2179; x_wconf 88' lang='grc' dir='ltr'>τῶν</span> <span class='ocrx_word' id='word_1_682' title='bbox 2350 2126 2609 2195; x_wconf 89' lang='grc' dir='ltr'>λυπηρῶν</span> <span class='ocrx_word' id='word_1_683' title='bbox 2648 2128 2797 2195; x_wconf 78' lang='grc' dir='ltr'>ἀκμῇ</span> <span class='ocrx_word' id='word_1_684' title='bbox 2834 2126 2867 2194; x_wconf 81' lang='grc' dir='ltr'>ἡ</span> <span class='ocrx_word' id='word_1_685' title='bbox 2905 2121 3172 2193; x_wconf 78' lang='grc' dir='ltr'>μεταϐολὴ</span> <span class='ocrx_word' id='word_1_686' title='bbox 3205 2122 3509 2189; x_wconf 74' lang='grc' dir='ltr'>γενήσεται,</span> <span class='ocrx_word' id='word_1_687' title='bbox 3551 2120 3638 2172; x_wconf 82' lang='grc' dir='ltr'>ἵνα</span> 
     </span>
    </p>
   </div>
   <div class='ocr_carea' id='block_1_87' title="bbox 1974 2208 3638 2285">
    <p class='ocr_par' dir='ltr' id='par_1_87' title="bbox 1974 2208 3638 2285">
     <span class='ocr_line' id='line_1_87' title="bbox 1974 2208 3638 2285; baseline -0.004 -20"><span class='ocrx_word' id='word_1_688' title='bbox 1974 2214 2067 2266; x_wconf 74' lang='grc' dir='ltr'>καὶ</span> <span class='ocrx_word' id='word_1_689' title='bbox 2095 2214 2339 2267; x_wconf 67' lang='grc' dir='ltr'>ἐντεῦθεν</span> <span class='ocrx_word' id='word_1_690' title='bbox 2375 2215 2637 2285; x_wconf 86' lang='grc' dir='ltr'>μάθωσιν,</span> <span class='ocrx_word' id='word_1_691' title='bbox 2665 2215 2745 2266; x_wconf 84' lang='grc' dir='ltr'>ὅτι</span> <span class='ocrx_word' id='word_1_692' title='bbox 2781 2212 2897 2283; x_wconf 72' lang='grc' dir='ltr'>οὐχὶ</span> <span class='ocrx_word' id='word_1_693' title='bbox 2942 2214 3005 2263; x_wconf 81' lang='grc' dir='ltr'>ὲκ</span> <span class='ocrx_word' id='word_1_694' title='bbox 3033 2209 3330 2281; x_wconf 73' lang='grc' dir='ltr'>περιφορᾶς</span> <span class='ocrx_word' id='word_1_695' title='bbox 3367 2224 3510 2268; x_wconf 87' lang='grc' dir='ltr'>τινος</span> <span class='ocrx_word' id='word_1_696' title='bbox 3542 2208 3638 2259; x_wconf 57' lang='grc' dir='ltr'>καὶ⁵</span> 
     </span>
    </p>
   </div>
   <div class='ocr_carea' id='block_1_88' title="bbox 1980 2292 3637 2372">
    <p class='ocr_par' dir='ltr' id='par_1_88' title="bbox 1980 2292 3637 2372">
     <span class='ocr_line' id='line_1_88' title="bbox 1980 2292 3637 2372; baseline -0.005 -19"><span class='ocrx_word' id='word_1_697' title='bbox 1980 2301 2270 2370; x_wconf 88' lang='grc' dir='ltr'>συντυχίας</span> <span class='ocrx_word' id='word_1_698' title='bbox 2297 2303 2329 2371; x_wconf 84' lang='grc' dir='ltr'><strong>ἡ</strong></span> <span class='ocrx_word' id='word_1_699' title='bbox 2356 2302 2492 2372; x_wconf 83' lang='grc' dir='ltr'>πρὸς</span> <span class='ocrx_word' id='word_1_700' title='bbox 2522 2302 2583 2353; x_wconf 80' lang='grc' dir='ltr'>τὸ</span> <span class='ocrx_word' id='word_1_701' title='bbox 2610 2301 2813 2371; x_wconf 83' lang='grc' dir='ltr'>βέλτιον</span> <span class='ocrx_word' id='word_1_702' title='bbox 2840 2299 3026 2368; x_wconf 79' lang='grc' dir='ltr'>γέγονε</span> <span class='ocrx_word' id='word_1_703' title='bbox 3062 2296 3406 2367; x_wconf 86' lang='grc' dir='ltr'>μετάστασις,</span> <span class='ocrx_word' id='word_1_704' title='bbox 3432 2292 3543 2347; x_wconf 85' lang='grc' dir='ltr'>ἀλλ’</span> <span class='ocrx_word' id='word_1_705' title='bbox 3571 2294 3637 2345; x_wconf 82' lang='grc' dir='ltr'>ὲκ</span> 
     </span>
    </p>
   </div>
   <div class='ocr_carea' id='block_1_89' title="bbox 1973 2379 3631 2457">
    <p class='ocr_par' dir='ltr' id='par_1_89' title="bbox 1973 2379 3631 2457">
     <span class='ocr_line' id='line_1_89' title="bbox 1973 2379 3631 2457; baseline -0.005 -18"><span class='ocrx_word' id='word_1_706' title='bbox 1973 2387 2071 2455; x_wconf 85' lang='grc' dir='ltr'>τῆς</span> <span class='ocrx_word' id='word_1_707' title='bbox 2110 2386 2314 2440; x_wconf 88' lang='grc' dir='ltr'>ἀνωθεν</span> <span class='ocrx_word' id='word_1_708' title='bbox 2346 2388 2629 2457; x_wconf 87' lang='grc' dir='ltr'>δυνάμεως</span> <span class='ocrx_word' id='word_1_709' title='bbox 2669 2387 2729 2440; x_wconf 79' lang='grc' dir='ltr'>τὸ</span> <span class='ocrx_word' id='word_1_710' title='bbox 2772 2388 2877 2439; x_wconf 82' lang='grc' dir='ltr'>πᾶν</span> <span class='ocrx_word' id='word_1_711' title='bbox 2927 2381 3409 2454; x_wconf 83' lang='grc' dir='ltr'>κατώρθωται,Ὤς</span> <span class='ocrx_word' id='word_1_712' title='bbox 3448 2379 3631 2447; x_wconf 79' lang='grc' dir='ltr'>πυρὸς</span> 
     </span>
    </p>
   </div>
   <div class='ocr_carea' id='block_1_90' title="bbox 1973 2471 3634 2544">
    <p class='ocr_par' dir='ltr' id='par_1_90' title="bbox 1973 2471 3634 2544">
     <span class='ocr_line' id='line_1_90' title="bbox 1973 2471 3634 2544; baseline -0.002 -17"><span class='ocrx_word' id='word_1_713' title='bbox 1973 2475 2285 2543; x_wconf 82' lang='grc' dir='ltr'>καιομένου</span> <span class='ocrx_word' id='word_1_714' title='bbox 2306 2478 2525 2541; x_wconf 72' lang='grc' dir='ltr'>νυκτὸς</span> <span class='ocrx_word' id='word_1_715' title='bbox 2545 2518 2557 2538; x_wconf 91' lang='grc'>,</span> <span class='ocrx_word' id='word_1_716' title='bbox 2589 2477 2750 2544; x_wconf 75' lang='grc' dir='ltr'>φησὶν</span> <span class='ocrx_word' id='word_1_717' title='bbox 2774 2516 2788 2538; x_wconf 89' lang='grc'>,</span> <span class='ocrx_word' id='word_1_718' title='bbox 2825 2475 2993 2537; x_wconf 72' lang='grc' dir='ltr'>οὕτως</span> <span class='ocrx_word' id='word_1_719' title='bbox 3030 2477 3063 2544; x_wconf 85' lang='grc' dir='ltr'>ἡ</span> <span class='ocrx_word' id='word_1_720' title='bbox 3101 2471 3371 2543; x_wconf 84' lang='grc' dir='ltr'>μεταϐολὴ</span> <span class='ocrx_word' id='word_1_721' title='bbox 3410 2471 3634 2538; x_wconf 86' lang='grc' dir='ltr'>γενήσε-</span> 
     </span>
    </p>
   </div>
   <div class='ocr_carea' id='block_1_91' title="bbox 1972 2556 3633 2629">
    <p class='ocr_par' dir='ltr' id='par_1_91' title="bbox 1972 2556 3633 2629">
     <span class='ocr_line' id='line_1_91' title="bbox 1972 2556 3633 2629; baseline -0.002 -18"><span class='ocrx_word' id='word_1_722' title='bbox 1972 2578 2083 2614; x_wconf 87' lang='grc' dir='ltr'>ται.</span> <span class='ocrx_word' id='word_1_723' title='bbox 2116 2563 2222 2614; x_wconf 83' lang='grc' dir='ltr'>Καὶ</span> <span class='ocrx_word' id='word_1_724' title='bbox 2255 2562 2424 2616; x_wconf 79' lang='grc' dir='ltr'>ἔσται</span> <span class='ocrx_word' id='word_1_725' title='bbox 2460 2565 2546 2628; x_wconf 76' lang='grc' dir='ltr'>εἰς</span> <span class='ocrx_word' id='word_1_726' title='bbox 2592 2563 2774 2615; x_wconf 79' lang='grc' dir='ltr'>σκιὰν</span> <span class='ocrx_word' id='word_1_727' title='bbox 2820 2561 3061 2629; x_wconf 74' lang='grc' dir='ltr'>ἡμέρας.</span> <span class='ocrx_word' id='word_1_728' title='bbox 3095 2561 3190 2621; x_wconf 87' lang='grc' dir='ltr'>Τίς</span> <span class='ocrx_word' id='word_1_729' title='bbox 3221 2559 3403 2622; x_wconf 73' lang='grc' dir='ltr'>ἔσταις</span> <span class='ocrx_word' id='word_1_730' title='bbox 3445 2558 3509 2609; x_wconf 85' lang='grc' dir='ltr'><strong>Ἦ</strong></span> <span class='ocrx_word' id='word_1_731' title='bbox 3539 2556 3633 2608; x_wconf 83' lang='grc' dir='ltr'>τοῦ</span> 
     </span>
    </p>
   </div>
   <div class='ocr_carea' id='block_1_92' title="bbox 1972 2643 3638 2719">
    <p class='ocr_par' dir='ltr' id='par_1_92' title="bbox 1972 2643 3638 2719">
     <span class='ocr_line' id='line_1_92' title="bbox 1972 2643 3638 2719; baseline -0.002 -20"><span class='ocrx_word' id='word_1_732' title='bbox 1972 2646 2106 2699; x_wconf 86' lang='grc' dir='ltr'>Θεοῦ</span> <span class='ocrx_word' id='word_1_733' title='bbox 2160 2648 2399 2719; x_wconf 79' lang='grc' dir='ltr'>βοήθεια,</span> <span class='ocrx_word' id='word_1_734' title='bbox 2429 2651 2581 2719; x_wconf 77' lang='grc' dir='ltr'>φησὶ,</span> <span class='ocrx_word' id='word_1_735' title='bbox 2615 2650 2707 2701; x_wconf 75' lang='grc' dir='ltr'>καὶ</span> <span class='ocrx_word' id='word_1_736' title='bbox 2752 2652 2785 2718; x_wconf 87' lang='grc' dir='ltr'><strong>ή</strong></span> <span class='ocrx_word' id='word_1_737' title='bbox 2836 2647 3137 2718; x_wconf 89' lang='grc' dir='ltr'>συμμαχία,</span> <span class='ocrx_word' id='word_1_738' title='bbox 3176 2646 3362 2718; x_wconf 86' lang='grc' dir='ltr'>ὥσπερ</span> <span class='ocrx_word' id='word_1_739' title='bbox 3409 2643 3537 2697; x_wconf 90' lang='grc' dir='ltr'>σκιά</span> <span class='ocrx_word' id='word_1_740' title='bbox 3578 2644 3638 2695; x_wconf 82' lang='grc' dir='ltr'>ὲν</span> 
     </span>
    </p>
   </div>
   <div class='ocr_carea' id='block_1_93' title="bbox 1973 2730 3633 2808">
    <p class='ocr_par' dir='ltr' id='par_1_93' title="bbox 1973 2730 3633 2808">
     <span class='ocr_line' id='line_1_93' title="bbox 1973 2730 3633 2808; baseline -0.001 -21"><span class='ocrx_word' id='word_1_741' title='bbox 1973 2735 2235 2803; x_wconf 89' lang='grc' dir='ltr'>καύματι,</span> <span class='ocrx_word' id='word_1_742' title='bbox 2266 2737 2359 2790; x_wconf 77' lang='grc' dir='ltr'>καὶ</span> <span class='ocrx_word' id='word_1_743' title='bbox 2388 2737 2572 2807; x_wconf 80' lang='grc' dir='ltr'>ῶσπερ</span> <span class='ocrx_word' id='word_1_744' title='bbox 2602 2737 2794 2808; x_wconf 74' lang='grc' dir='ltr'>ὄροφος</span> <span class='ocrx_word' id='word_1_745' title='bbox 2824 2735 2856 2806; x_wconf 82' lang='grc' dir='ltr'><strong>ἢ</strong></span> <span class='ocrx_word' id='word_1_746' title='bbox 2891 2736 3178 2796; x_wconf 76' lang='grc' dir='ltr'>κατάδυσις</span> <span class='ocrx_word' id='word_1_747' title='bbox 3221 2751 3303 2793; x_wconf 87' lang='grc' dir='ltr'>τις</span> <span class='ocrx_word' id='word_1_748' title='bbox 3348 2730 3633 2799; x_wconf 77' lang='grc' dir='ltr'>σπηλαίου.</span> 
     </span>
    </p>
   </div>
   <div class='ocr_carea' id='block_1_94' title="bbox 1973 2818 3639 2893">
    <p class='ocr_par' dir='ltr' id='par_1_94' title="bbox 1973 2818 3639 2893">
     <span class='ocr_line' id='line_1_94' title="bbox 1973 2818 3639 2893; baseline -0.002 -21"><span class='ocrx_word' id='word_1_749' title='bbox 1973 2821 2175 2891; x_wconf 77' lang='grc' dir='ltr'>ὃμϐρου</span> <span class='ocrx_word' id='word_1_750' title='bbox 2206 2824 2721 2893; x_wconf 80' lang='grc' dir='ltr'>καταρῤηγνυμένου</span> <span class='ocrx_word' id='word_1_751' title='bbox 2760 2822 3009 2892; x_wconf 88' lang='grc' dir='ltr'>σφοδροῦ,</span> <span class='ocrx_word' id='word_1_752' title='bbox 3033 2824 3089 2874; x_wconf 85' lang='grc' dir='ltr'>ὲν</span> <span class='ocrx_word' id='word_1_753' title='bbox 3118 2819 3385 2888; x_wconf 75' lang='grc' dir='ltr'>ἀσφαλείᾳ</span> <span class='ocrx_word' id='word_1_754' title='bbox 3403 2819 3492 2870; x_wconf 85' lang='grc' dir='ltr'>τὸν</span> <span class='ocrx_word' id='word_1_755' title='bbox 3520 2818 3639 2870; x_wconf 80' lang='grc' dir='ltr'>ἐκεῖ</span> 
     </span>
    </p>
   </div>
   <div class='ocr_carea' id='block_1_95' title="bbox 1974 2904 3634 2981">
    <p class='ocr_par' dir='ltr' id='par_1_95' title="bbox 1974 2904 3634 2981">
     <span class='ocr_line' id='line_1_95' title="bbox 1974 2904 3634 2981; baseline -0.003 -20"><span class='ocrx_word' id='word_1_756' title='bbox 1974 2911 2352 2978; x_wconf 84' lang='grc' dir='ltr'>καταφυγόντα</span> <span class='ocrx_word' id='word_1_757' title='bbox 2385 2910 2789 2981; x_wconf 75' lang='grc' dir='ltr'>διατηροῦσαοο</span> <span class='ocrx_word' id='word_1_758' title='bbox 2839 2910 2979 2963; x_wconf 76' lang='grc' dir='ltr'>οὕτω</span> <span class='ocrx_word' id='word_1_759' title='bbox 3022 2909 3085 2979; x_wconf 79' lang='grc' dir='ltr'>δὴ</span> <span class='ocrx_word' id='word_1_760' title='bbox 3136 2908 3229 2961; x_wconf 70' lang='grc' dir='ltr'>καὶ</span> <span class='ocrx_word' id='word_1_761' title='bbox 3269 2908 3303 2977; x_wconf 88' lang='grc' dir='ltr'><strong>ή</strong></span> <span class='ocrx_word' id='word_1_762' title='bbox 3352 2906 3445 2958; x_wconf 84' lang='grc' dir='ltr'>τοῦ</span> <span class='ocrx_word' id='word_1_763' title='bbox 3498 2904 3634 2957; x_wconf 86' lang='grc' dir='ltr'>Θεοῦ</span> 
     </span>
    </p>
   </div>
   <div class='ocr_carea' id='block_1_96' title="bbox 1975 2990 3636 3067">
    <p class='ocr_par' dir='ltr' id='par_1_96' title="bbox 1975 2990 3636 3067">
     <span class='ocr_line' id='line_1_96' title="bbox 1975 2990 3636 3067; baseline -0.003 -20"><span class='ocrx_word' id='word_1_764' title='bbox 1975 2997 2257 3065; x_wconf 87' lang='grc' dir='ltr'>συμμαχία</span> <span class='ocrx_word' id='word_1_765' title='bbox 2285 2998 2384 3050; x_wconf 80' lang='grc' dir='ltr'>οὐκ</span> <span class='ocrx_word' id='word_1_766' title='bbox 2407 2998 2605 3067; x_wconf 85' lang='grc' dir='ltr'>ἀφήσει</span> <span class='ocrx_word' id='word_1_767' title='bbox 2627 2997 2795 3049; x_wconf 84' lang='grc' dir='ltr'>δεινὸν</span> <span class='ocrx_word' id='word_1_768' title='bbox 2829 2996 2983 3049; x_wconf 82' lang='grc' dir='ltr'>οὐδὲν</span> <span class='ocrx_word' id='word_1_769' title='bbox 3010 2995 3222 3054; x_wconf 81' lang='grc' dir='ltr'>παθεῖν,</span> <span class='ocrx_word' id='word_1_770' title='bbox 3264 2994 3356 3046; x_wconf 72' lang='grc' dir='ltr'>καὶ</span> <span class='ocrx_word' id='word_1_771' title='bbox 3380 2990 3636 3044; x_wconf 79' lang='grc' dir='ltr'>τοσούτου</span> 
     </span>
    </p>
   </div>
   <div class='ocr_carea' id='block_1_97' title="bbox 1974 3077 3635 3153">
    <p class='ocr_par' dir='ltr' id='par_1_97' title="bbox 1974 3077 3635 3153">
     <span class='ocr_line' id='line_1_97' title="bbox 1974 3077 3635 3153; baseline -0.002 -19"><span class='ocrx_word' id='word_1_772' title='bbox 1974 3083 2490 3153; x_wconf 83' lang='grc' dir='ltr'>καταρρηγνυμένου</span> <span class='ocrx_word' id='word_1_773' title='bbox 2522 3084 2777 3152; x_wconf 80' lang='grc' dir='ltr'>πολέμου,</span> <span class='ocrx_word' id='word_1_774' title='bbox 2806 3082 2898 3144; x_wconf 86' lang='grc' dir='ltr'>οὒς</span> <span class='ocrx_word' id='word_1_775' title='bbox 2932 3082 2997 3135; x_wconf 85' lang='grc' dir='ltr'>ἂν</span> <span class='ocrx_word' id='word_1_776' title='bbox 3029 3082 3214 3151; x_wconf 74' lang='grc' dir='ltr'>ἕληται</span> <span class='ocrx_word' id='word_1_777' title='bbox 3240 3079 3300 3145; x_wconf 67' lang='grc' dir='ltr'>ἐξ</span> <span class='ocrx_word' id='word_1_778' title='bbox 3323 3080 3492 3148; x_wconf 82' lang='grc' dir='ltr'>ἀρχῆς</span> <span class='ocrx_word' id='word_1_779' title='bbox 3516 3077 3635 3131; x_wconf 82' lang='grc' dir='ltr'>δια-</span> 
     </span>
    </p>
   </div>
   <div class='ocr_carea' id='block_1_98' title="bbox 1976 3185 2166 3221">
    <p class='ocr_par' dir='ltr' id='par_1_98' title="bbox 1976 3185 2166 3221">
     <span class='ocr_line' id='line_1_98' title="bbox 1976 3185 2166 3221; baseline 0.005 -1"><span class='ocrx_word' id='word_1_780' title='bbox 1976 3185 2166 3221; x_wconf 88' lang='grc' dir='ltr'>σωσαι.</span> 
     </span>
    </p>
   </div>
   <div class='ocr_carea' id='block_1_99' title="bbox 2618 3315 2982 3370">
    <p class='ocr_par' dir='ltr' id='par_1_99' title="bbox 2618 3315 2982 3370">
     <span class='ocr_line' id='line_1_99' title="bbox 2618 3315 2982 3370; baseline 0.003 -1"><span class='ocrx_word' id='word_1_781' title='bbox 2618 3316 2868 3369; x_wconf 79' lang='grc' dir='ltr'>ΚΕΦΑΛ.</span> <span class='ocrx_word' id='word_1_782' title='bbox 2911 3315 2982 3370; x_wconf 85' lang='grc' dir='ltr'>Ε¹.</span> 
     </span>
    </p>
   </div>
   <div class='ocr_carea' id='block_1_100' title="bbox 1979 3452 3637 3527">
    <p class='ocr_par' dir='ltr' id='par_1_100' title="bbox 1979 3452 3637 3527">
     <span class='ocr_line' id='line_1_100' title="bbox 1979 3452 3637 3527; baseline -0.001 -18"><span class='ocrx_word' id='word_1_783' title='bbox 1979 3458 2139 3526; x_wconf 75' lang='grc' dir='ltr'>’ᾼσω</span> <span class='ocrx_word' id='word_1_784' title='bbox 2168 3458 2242 3522; x_wconf 80' lang='grc' dir='ltr'>δὴ</span> <span class='ocrx_word' id='word_1_785' title='bbox 2275 3457 2353 3521; x_wconf 85' lang='grc' dir='ltr'>τῷ</span> <span class='ocrx_word' id='word_1_786' title='bbox 2380 3458 2736 3527; x_wconf 75' lang='grc' dir='ltr'>ἠγαπημένῳ</span> <span class='ocrx_word' id='word_1_787' title='bbox 2774 3453 2935 3523; x_wconf 77' lang='grc' dir='ltr'>ᾆσμα</span> <span class='ocrx_word' id='word_1_788' title='bbox 2957 3458 3062 3511; x_wconf 87' lang='grc' dir='ltr'>τοῦ</span> <span class='ocrx_word' id='word_1_789' title='bbox 3088 3455 3395 3526; x_wconf 78' lang='grc' dir='ltr'>ἀγαπητοῦ</span> <span class='ocrx_word' id='word_1_790' title='bbox 3412 3472 3529 3525; x_wconf 80' lang='grc' dir='ltr'>μου</span> <span class='ocrx_word' id='word_1_791' title='bbox 3556 3452 3637 3519; x_wconf 82' lang='grc' dir='ltr'>τῷ</span> 
     </span>
    </p>
   </div>
   <div class='ocr_carea' id='block_1_101' title="bbox 2554 3537 3042 3604">
    <p class='ocr_par' dir='ltr' id='par_1_101' title="bbox 2554 3537 3042 3604">
     <span class='ocr_line' id='line_1_101' title="bbox 2554 3537 3042 3604; baseline -0.004 -16"><span class='ocrx_word' id='word_1_792' title='bbox 2554 3537 2861 3604; x_wconf 72' lang='grc' dir='ltr'>ἀμπελῶνί</span> <span class='ocrx_word' id='word_1_793' title='bbox 2904 3553 3042 3601; x_wconf 83' lang='grc' dir='ltr'>μου.</span> 
     </span>
    </p>
   </div>
   <div class='ocr_carea' id='block_1_102' title="bbox 2047 3694 3641 3766">
    <p class='ocr_par' dir='ltr' id='par_1_102' title="bbox 2047 3694 3641 3766">
     <span class='ocr_line' id='line_1_102' title="bbox 2047 3694 3641 3766; baseline -0.003 -17"><span class='ocrx_word' id='word_1_794' title='bbox 2047 3704 2113 3749; x_wconf 88' lang='grc' dir='ltr'>α’.</span> <span class='ocrx_word' id='word_1_795' title='bbox 2154 3694 2398 3763; x_wconf 79' lang='grc' dir='ltr'>Φοϐήσας</span> <span class='ocrx_word' id='word_1_796' title='bbox 2446 3697 2557 3755; x_wconf 85' lang='grc' dir='ltr'>τοῖς</span> <span class='ocrx_word' id='word_1_797' title='bbox 2608 3695 2886 3766; x_wconf 82' lang='grc' dir='ltr'>λυπηροῖς,</span> <span class='ocrx_word' id='word_1_798' title='bbox 2917 3694 3190 3764; x_wconf 85' lang='grc' dir='ltr'>εὐφράνας</span> <span class='ocrx_word' id='word_1_799' title='bbox 3216 3696 3327 3757; x_wconf 83' lang='grc' dir='ltr'>τοῖς</span> <span class='ocrx_word' id='word_1_800' title='bbox 3366 3696 3641 3763; x_wconf 86' lang='grc' dir='ltr'>χρηστοῖς,</span> 
     </span>
    </p>
   </div>
   <div class='ocr_carea' id='block_1_103' title="bbox 1975 3780 3640 3850">
    <p class='ocr_par' dir='ltr' id='par_1_103' title="bbox 1975 3780 3640 3850">
     <span class='ocr_line' id='line_1_103' title="bbox 1975 3780 3640 3850; baseline -0.003 -15"><span class='ocrx_word' id='word_1_801' title='bbox 1975 3782 2222 3850; x_wconf 83' lang='grc' dir='ltr'>ποικίλην</span> <span class='ocrx_word' id='word_1_802' title='bbox 2252 3781 2349 3850; x_wconf 84' lang='grc' dir='ltr'>τὴν</span> <span class='ocrx_word' id='word_1_803' title='bbox 2399 3780 2692 3849; x_wconf 88' lang='grc' dir='ltr'>θεραπείαν</span> <span class='ocrx_word' id='word_1_804' title='bbox 2740 3781 3133 3850; x_wconf 76' lang='grc' dir='ltr'>ἐργασάμενος,</span> <span class='ocrx_word' id='word_1_805' title='bbox 3170 3782 3248 3843; x_wconf 88' lang='grc' dir='ltr'>εἰς</span> <span class='ocrx_word' id='word_1_806' title='bbox 3277 3782 3449 3850; x_wconf 79' lang='grc' dir='ltr'>ἀρχὴν</span> <span class='ocrx_word' id='word_1_807' title='bbox 3481 3780 3640 3833; x_wconf 85' lang='grc' dir='ltr'>πάλιν</span> 
     </span>
    </p>
   </div>
   <div class='ocr_carea' id='block_1_104' title="bbox 1977 3866 3642 3938">
    <p class='ocr_par' dir='ltr' id='par_1_104' title="bbox 1977 3866 3642 3938">
     <span class='ocr_line' id='line_1_104' title="bbox 1977 3866 3642 3938; baseline -0.002 -17"><span class='ocrx_word' id='word_1_808' title='bbox 1977 3868 2170 3938; x_wconf 80' lang='grc' dir='ltr'>ἑτέραν</span> <span class='ocrx_word' id='word_1_809' title='bbox 2210 3867 2397 3934; x_wconf 86' lang='grc' dir='ltr'>ἀνάγει</span> <span class='ocrx_word' id='word_1_810' title='bbox 2431 3867 2521 3918; x_wconf 85' lang='grc' dir='ltr'>τὸν</span> <span class='ocrx_word' id='word_1_811' title='bbox 2558 3866 2744 3933; x_wconf 85' lang='grc' dir='ltr'>λόγον,</span> <span class='ocrx_word' id='word_1_812' title='bbox 2780 3868 2953 3937; x_wconf 82' lang='grc' dir='ltr'>ἀρχὴν</span> <span class='ocrx_word' id='word_1_813' title='bbox 2989 3869 3227 3919; x_wconf 75' lang='grc' dir='ltr'>ἐοικυῖαν</span> <span class='ocrx_word' id='word_1_814' title='bbox 3257 3866 3335 3935; x_wconf 80' lang='grc' dir='ltr'>τῷ</span> <span class='ocrx_word' id='word_1_815' title='bbox 3373 3867 3642 3936; x_wconf 77' lang='grc' dir='ltr'>προοιμίῳ</span> 
     </span>
    </p>
   </div>
   <div class='ocr_carea' id='block_1_105' title="bbox 1980 3951 3640 4024">
    <p class='ocr_par' dir='ltr' id='par_1_105' title="bbox 1980 3951 3640 4024">
     <span class='ocr_line' id='line_1_105' title="bbox 1980 3951 3640 4024; baseline -0.002 -16"><span class='ocrx_word' id='word_1_816' title='bbox 1980 3953 2092 4024; x_wconf 80' lang='grc'>[51]</span> <span class='ocrx_word' id='word_1_817' title='bbox 2121 3954 2217 4023; x_wconf 85' lang='grc' dir='ltr'>τῆς</span> <span class='ocrx_word' id='word_1_818' title='bbox 2242 3952 2594 4023; x_wconf 87' lang='grc' dir='ltr'>προφητείας.</span> <span class='ocrx_word' id='word_1_819' title='bbox 2624 3952 2887 4019; x_wconf 82' lang='grc' dir='ltr'>Καθάπερ</span> <span class='ocrx_word' id='word_1_820' title='bbox 2910 3952 3016 4020; x_wconf 78' lang='grc' dir='ltr'>γάρ</span> <span class='ocrx_word' id='word_1_821' title='bbox 3044 3953 3342 4021; x_wconf 83' lang='grc' dir='ltr'>ἀρχόμενος</span> <span class='ocrx_word' id='word_1_822' title='bbox 3363 3951 3459 4013; x_wconf 90' lang='grc' dir='ltr'>τάς</span> <span class='ocrx_word' id='word_1_823' title='bbox 3487 3954 3640 4023; x_wconf 74' lang='grc' dir='ltr'>εύερ·</span> 
     </span>
    </p>
   </div>
   <div class='ocr_carea' id='block_1_106' title="bbox 1976 4038 3639 4108">
    <p class='ocr_par' dir='ltr' id='par_1_106' title="bbox 1976 4038 3639 4108">
     <span class='ocr_line' id='line_1_106' title="bbox 1976 4038 3639 4108; baseline -0.001 -16"><span class='ocrx_word' id='word_1_824' title='bbox 1976 4041 2164 4107; x_wconf 87' lang='grc' dir='ltr'>γεσίας</span> <span class='ocrx_word' id='word_1_825' title='bbox 2198 4039 2494 4108; x_wconf 82' lang='grc' dir='ltr'>ἀπήγγειλε</span> <span class='ocrx_word' id='word_1_826' title='bbox 2514 4038 2607 4089; x_wconf 71' lang='grc' dir='ltr'>τοῦ</span> <span class='ocrx_word' id='word_1_827' title='bbox 2634 4038 2769 4090; x_wconf 87' lang='grc' dir='ltr'>Θεοῦ</span> <span class='ocrx_word' id='word_1_828' title='bbox 2794 4038 2891 4100; x_wconf 87' lang='grc' dir='ltr'>τὰς</span> <span class='ocrx_word' id='word_1_829' title='bbox 2915 4040 2993 4100; x_wconf 86' lang='grc' dir='ltr'>εἰς</span> <span class='ocrx_word' id='word_1_830' title='bbox 3017 4038 3213 4100; x_wconf 78' lang='grc' dir='ltr'>αὐτοὺς</span> <span class='ocrx_word' id='word_1_831' title='bbox 3247 4040 3639 4108; x_wconf 84' lang='grc' dir='ltr'>γεγενημένας,</span> 
     </span>
    </p>
   </div>
   <div class='ocr_carea' id='block_1_107' title="bbox 1976 4124 3639 4196">
    <p class='ocr_par' dir='ltr' id='par_1_107' title="bbox 1976 4124 3639 4196">
     <span class='ocr_line' id='line_1_107' title="bbox 1976 4124 3639 4196; baseline 0.001 -18"><span class='ocrx_word' id='word_1_832' title='bbox 1976 4126 2167 4194; x_wconf 85' lang='grc' dir='ltr'>λέγων,</span> <span class='ocrx_word' id='word_1_833' title='bbox 2208 4124 2380 4189; x_wconf 79' lang='grc' dir='ltr'>Υίοὺς</span> <span class='ocrx_word' id='word_1_834' title='bbox 2405 4124 2703 4192; x_wconf 73' lang='grc' dir='ltr'>ἐγέννησα</span> <span class='ocrx_word' id='word_1_835' title='bbox 2728 4125 2824 4177; x_wconf 81' lang='grc' dir='ltr'>καὶ</span> <span class='ocrx_word' id='word_1_836' title='bbox 2868 4125 3103 4191; x_wconf 73' lang='grc' dir='ltr'>ὕψωσα,</span> <span class='ocrx_word' id='word_1_837' title='bbox 3137 4127 3231 4177; x_wconf 79' lang='grc' dir='ltr'>καὶ</span> <span class='ocrx_word' id='word_1_838' title='bbox 3261 4126 3360 4188; x_wconf 87' lang='grc' dir='ltr'>τὰς</span> <span class='ocrx_word' id='word_1_839' title='bbox 3402 4144 3639 4196; x_wconf 76' lang='grc' dir='ltr'>παρανοο</span> 
     </span>
    </p>
   </div>
   <div class='ocr_carea' id='block_1_108' title="bbox 1982 4210 3641 4282">
    <p class='ocr_par' dir='ltr' id='par_1_108' title="bbox 1982 4210 3641 4282">
     <span class='ocr_line' id='line_1_108' title="bbox 1982 4210 3641 4282; baseline 0 -18"><span class='ocrx_word' id='word_1_840' title='bbox 1982 4214 2107 4282; x_wconf 89' lang='grc' dir='ltr'>μίας</span> <span class='ocrx_word' id='word_1_841' title='bbox 2130 4213 2228 4275; x_wconf 79' lang='grc' dir='ltr'>τὰς</span> <span class='ocrx_word' id='word_1_842' title='bbox 2252 4213 2342 4263; x_wconf 82' lang='grc' dir='ltr'>ὑπ’</span> <span class='ocrx_word' id='word_1_843' title='bbox 2364 4211 2541 4262; x_wconf 78' lang='grc' dir='ltr'>αὐτῶν</span> <span class='ocrx_word' id='word_1_844' title='bbox 2564 4210 2921 4280; x_wconf 84' lang='grc' dir='ltr'>τολμηθείσας</span> <span class='ocrx_word' id='word_1_845' title='bbox 2944 4212 3160 4279; x_wconf 83' lang='grc' dir='ltr'>ἐπάγων</span> <span class='ocrx_word' id='word_1_846' title='bbox 3177 4212 3268 4265; x_wconf 70' lang='grc' dir='ltr'>καὶ</span> <span class='ocrx_word' id='word_1_847' title='bbox 3293 4212 3562 4282; x_wconf 83' lang='grc' dir='ltr'>προτιθεὶς</span> <span class='ocrx_word' id='word_1_848' title='bbox 3597 4213 3641 4275; x_wconf 67' lang='grc' dir='ltr'>τ,</span> 
     </span>
    </p>
   </div>
   <div class='ocr_carea' id='block_1_109' title="bbox 1978 4298 3641 4367">
    <p class='ocr_par' dir='ltr' id='par_1_109' title="bbox 1978 4298 3641 4367">
     <span class='ocr_line' id='line_1_109' title="bbox 1978 4298 3641 4367; baseline -0.001 -15"><span class='ocrx_word' id='word_1_849' title='bbox 1978 4300 2252 4354; x_wconf 80' lang='grc' dir='ltr'>ὅτιΑὐτοι</span> <span class='ocrx_word' id='word_1_850' title='bbox 2271 4316 2347 4367; x_wconf 83' lang='grc' dir='ltr'>με</span> <span class='ocrx_word' id='word_1_851' title='bbox 2373 4298 2703 4365; x_wconf 73' lang='grc' dir='ltr'>ἠθέτησαν,</span> <span class='ocrx_word' id='word_1_852' title='bbox 2732 4298 2843 4361; x_wconf 69' lang='grc' dir='ltr'>καὶ,</span> <span class='ocrx_word' id='word_1_853' title='bbox 2890 4300 2972 4349; x_wconf 83' lang='grc' dir='ltr'>ὅτι</span> <span class='ocrx_word' id='word_1_854' title='bbox 3014 4299 3248 4365; x_wconf 72' lang='grc' dir='ltr'>Ἰσραήλ</span> <span class='ocrx_word' id='word_1_855' title='bbox 3291 4299 3358 4350; x_wconf 82' lang='grc' dir='ltr'>δέ</span> <span class='ocrx_word' id='word_1_856' title='bbox 3397 4316 3474 4366; x_wconf 85' lang='grc' dir='ltr'>με</span> <span class='ocrx_word' id='word_1_857' title='bbox 3528 4300 3641 4351; x_wconf 79' lang='grc' dir='ltr'>οὐκ</span> 
     </span>
    </p>
   </div>
   <div class='ocr_carea' id='block_1_110' title="bbox 1978 4385 3642 4456">
    <p class='ocr_par' dir='ltr' id='par_1_110' title="bbox 1978 4385 3642 4456">
     <span class='ocr_line' id='line_1_110' title="bbox 1978 4385 3642 4456; baseline -0.001 -17"><span class='ocrx_word' id='word_1_858' title='bbox 1978 4387 2149 4456; x_wconf 76' lang='grc' dir='ltr'>ἔγνω,</span> <span class='ocrx_word' id='word_1_859' title='bbox 2175 4386 2271 4439; x_wconf 80' lang='grc' dir='ltr'>καὶ</span> <span class='ocrx_word' id='word_1_860' title='bbox 2300 4390 2332 4438; x_wconf 88' lang='grc' dir='ltr'>ό</span> <span class='ocrx_word' id='word_1_861' title='bbox 2363 4386 2509 4451; x_wconf 73' lang='grc' dir='ltr'>λαός</span> <span class='ocrx_word' id='word_1_862' title='bbox 2539 4404 2655 4452; x_wconf 81' lang='grc' dir='ltr'>μου</span> <span class='ocrx_word' id='word_1_863' title='bbox 2681 4385 2785 4453; x_wconf 83' lang='grc' dir='ltr'>ἐμὲ</span> <span class='ocrx_word' id='word_1_864' title='bbox 2824 4388 2895 4437; x_wconf 83' lang='grc' dir='ltr'>οὐ</span> <span class='ocrx_word' id='word_1_865' title='bbox 2925 4385 3199 4452; x_wconf 79' lang='grc' dir='ltr'>συνῆκεν</span> <span class='ocrx_word' id='word_1_866' title='bbox 3224 4401 3239 4415; x_wconf 71' lang='grc'><strong>⁸</strong></span> <span class='ocrx_word' id='word_1_867' title='bbox 3271 4385 3411 4437; x_wconf 73' lang='grc' dir='ltr'>οὕτω</span> <span class='ocrx_word' id='word_1_868' title='bbox 3441 4387 3504 4456; x_wconf 80' lang='grc' dir='ltr'>δὴ</span> <span class='ocrx_word' id='word_1_869' title='bbox 3548 4388 3642 4440; x_wconf 74' lang='grc' dir='ltr'>καὶ</span> 
     </span>
    </p>
   </div>
   <div class='ocr_carea' id='block_1_111' title="bbox 1981 4472 3643 4541">
    <p class='ocr_par' dir='ltr' id='par_1_111' title="bbox 1981 4472 3643 4541">
     <span class='ocr_line' id='line_1_111' title="bbox 1981 4472 3643 4541; baseline 0 -15"><span class='ocrx_word' id='word_1_870' title='bbox 1981 4474 2213 4526; x_wconf 81' lang='grc' dir='ltr'>ἐνταῦθα</span> <span class='ocrx_word' id='word_1_871' title='bbox 2236 4474 2409 4538; x_wconf 79' lang='grc' dir='ltr'>λέξεσι</span> <span class='ocrx_word' id='word_1_872' title='bbox 2447 4473 2543 4540; x_wconf 81' lang='grc' dir='ltr'>μὲν</span> <span class='ocrx_word' id='word_1_873' title='bbox 2583 4473 2813 4541; x_wconf 82' lang='grc' dir='ltr'>ἑτέραις,</span> <span class='ocrx_word' id='word_1_874' title='bbox 2851 4476 3082 4540; x_wconf 76' lang='grc' dir='ltr'>νοήμασι</span> <span class='ocrx_word' id='word_1_875' title='bbox 3124 4472 3177 4525; x_wconf 85' lang='grc' dir='ltr'>δὲ</span> <span class='ocrx_word' id='word_1_876' title='bbox 3212 4474 3323 4535; x_wconf 87' lang='grc' dir='ltr'>τοῖς</span> <span class='ocrx_word' id='word_1_877' title='bbox 3362 4474 3543 4536; x_wconf 77' lang='grc' dir='ltr'>αὐτοῖς</span> <span class='ocrx_word' id='word_1_878' title='bbox 3576 4477 3643 4526; x_wconf 78' lang='grc' dir='ltr'>τά</span> 
     </span>
    </p>
   </div>
   <div class='ocr_carea' id='block_1_112' title="bbox 1981 4558 3644 4628">
    <p class='ocr_par' dir='ltr' id='par_1_112' title="bbox 1981 4558 3644 4628">
     <span class='ocr_line' id='line_1_112' title="bbox 1981 4558 3644 4628; baseline 0.001 -16"><span class='ocrx_word' id='word_1_879' title='bbox 1981 4561 2117 4613; x_wconf 83' lang='grc' dir='ltr'>αύτά</span> <span class='ocrx_word' id='word_1_880' title='bbox 2146 4563 2256 4622; x_wconf 89' lang='grc' dir='ltr'>τοῖς</span> <span class='ocrx_word' id='word_1_881' title='bbox 2278 4559 2554 4628; x_wconf 76' lang='grc' dir='ltr'>προτέροις</span> <span class='ocrx_word' id='word_1_882' title='bbox 2577 4559 2925 4612; x_wconf 74' lang='grc' dir='ltr'>ἐνδείκνυται.</span> <span class='ocrx_word' id='word_1_883' title='bbox 2958 4559 3118 4612; x_wconf 81' lang='grc' dir='ltr'>Ἀλλά</span> <span class='ocrx_word' id='word_1_884' title='bbox 3140 4558 3284 4623; x_wconf 85' lang='grc' dir='ltr'>τίνος</span> <span class='ocrx_word' id='word_1_885' title='bbox 3304 4560 3487 4613; x_wconf 72' lang='grc' dir='ltr'>ἕνεκεν</span> <span class='ocrx_word' id='word_1_886' title='bbox 3510 4579 3644 4614; x_wconf 85' lang='grc' dir='ltr'>κατ-</span> 
     </span>
    </p>
   </div>
   <div class='ocr_carea' id='block_1_113' title="bbox 1982 4641 3641 4718">
    <p class='ocr_par' dir='ltr' id='par_1_113' title="bbox 1982 4641 3641 4718">
     <span class='ocr_line' id='line_1_113' title="bbox 1982 4641 3641 4718; baseline 0.002 -21"><span class='ocrx_word' id='word_1_887' title='bbox 1982 4649 2198 4715; x_wconf 83' lang='grc' dir='ltr'>ηγορεῖν</span> <span class='ocrx_word' id='word_1_888' title='bbox 2249 4645 2475 4714; x_wconf 88' lang='grc' dir='ltr'>μέλλων,</span> <span class='ocrx_word' id='word_1_889' title='bbox 2506 4641 2655 4713; x_wconf 77' lang='grc' dir='ltr'>ᾆσμα</span> <span class='ocrx_word' id='word_1_890' title='bbox 2682 4644 2779 4714; x_wconf 81' lang='grc' dir='ltr'>τὴν</span> <span class='ocrx_word' id='word_1_891' title='bbox 2806 4646 3136 4715; x_wconf 87' lang='grc' dir='ltr'>κατηγορίαν</span> <span class='ocrx_word' id='word_1_892' title='bbox 3175 4648 3357 4708; x_wconf 79' lang='grc' dir='ltr'>καλεῖς</span> <span class='ocrx_word' id='word_1_893' title='bbox 3400 4649 3641 4718; x_wconf 82' lang='grc' dir='ltr'>Μωῦσῆς</span> 
     </span>
    </p>
   </div>
   <div class='ocr_carea' id='block_1_114' title="bbox 1984 4732 3642 4802">
    <p class='ocr_par' dir='ltr' id='par_1_114' title="bbox 1984 4732 3642 4802">
     <span class='ocr_line' id='line_1_114' title="bbox 1984 4732 3642 4802; baseline 0.001 -18"><span class='ocrx_word' id='word_1_894' title='bbox 1984 4734 2082 4801; x_wconf 80' lang='grc' dir='ltr'>μὲν</span> <span class='ocrx_word' id='word_1_895' title='bbox 2112 4733 2217 4801; x_wconf 83' lang='grc' dir='ltr'>γάρ</span> <span class='ocrx_word' id='word_1_896' title='bbox 2253 4732 2474 4792; x_wconf 83' lang='grc' dir='ltr'>εἰκότως</span> <span class='ocrx_word' id='word_1_897' title='bbox 2503 4732 2657 4783; x_wconf 88' lang='grc' dir='ltr'>τοῦτο</span> <span class='ocrx_word' id='word_1_898' title='bbox 2696 4732 2917 4801; x_wconf 78' lang='grc' dir='ltr'>ἐποίησε</span> <span class='ocrx_word' id='word_1_899' title='bbox 2957 4732 3091 4801; x_wconf 82' lang='grc' dir='ltr'>μετὰ</span> <span class='ocrx_word' id='word_1_900' title='bbox 3121 4734 3221 4802; x_wconf 79' lang='grc' dir='ltr'>τῆς</span> <span class='ocrx_word' id='word_1_901' title='bbox 3264 4734 3480 4802; x_wconf 87' lang='grc' dir='ltr'>Μαρίας</span> <span class='ocrx_word' id='word_1_902' title='bbox 3501 4774 3514 4795; x_wconf 92' lang='grc'>,</span> <span class='ocrx_word' id='word_1_903' title='bbox 3546 4735 3642 4787; x_wconf 63' lang='lat' dir='ltr'>an</span> 
     </span>
    </p>
   </div>
   <div class='ocr_carea' id='block_1_115' title="bbox 1980 4817 3640 4887">
    <p class='ocr_par' dir='ltr' id='par_1_115' title="bbox 1980 4817 3640 4887">
     <span class='ocr_line' id='line_1_115' title="bbox 1980 4817 3640 4887; baseline 0.002 -18"><span class='ocrx_word' id='word_1_904' title='bbox 1980 4819 2077 4886; x_wconf 83' lang='grc' dir='ltr'>τὴν</span> <span class='ocrx_word' id='word_1_905' title='bbox 2128 4818 2387 4870; x_wconf 76' lang='grc' dir='ltr'>ἐπινίκιον</span> <span class='ocrx_word' id='word_1_906' title='bbox 2425 4817 2632 4887; x_wconf 82' lang='grc' dir='ltr'>μέλλων</span> <span class='ocrx_word' id='word_1_907' title='bbox 2670 4818 2815 4887; x_wconf 74' lang='grc' dir='ltr'>ᾅδειν</span> <span class='ocrx_word' id='word_1_908' title='bbox 2854 4817 2996 4887; x_wconf 77' lang='grc' dir='ltr'>ᾠδὴν</span> <span class='ocrx_word' id='word_1_909' title='bbox 3019 4858 3032 4879; x_wconf 90' lang='grc'>,</span> <span class='ocrx_word' id='word_1_910' title='bbox 3065 4819 3157 4871; x_wconf 82' lang='grc' dir='ltr'>καὶ</span> <span class='ocrx_word' id='word_1_911' title='bbox 3205 4821 3428 4881; x_wconf 90' lang='grc' dir='ltr'>εἰκότως</span> <span class='ocrx_word' id='word_1_912' title='bbox 3470 4820 3640 4883; x_wconf 78' lang='grc' dir='ltr'>οὕτως</span> 
     </span>
    </p>
   </div>
   <div class='ocr_carea' id='block_1_116' title="bbox 1981 4905 3638 4976">
    <p class='ocr_par' dir='ltr' id='par_1_116' title="bbox 1981 4905 3638 4976">
     <span class='ocr_line' id='line_1_116' title="bbox 1981 4905 3638 4976; baseline 0.003 -20"><span class='ocrx_word' id='word_1_913' title='bbox 1981 4906 2277 4976; x_wconf 82' lang='grc' dir='ltr'>ἀρχόμενος</span> <span class='ocrx_word' id='word_1_914' title='bbox 2306 4906 2485 4972; x_wconf 80' lang='grc' dir='ltr'>ἔλεγεν</span> <span class='ocrx_word' id='word_1_915' title='bbox 2506 4923 2517 4934; x_wconf 93' lang='grc'><strong>·</strong></span> <span class='ocrx_word' id='word_1_916' title='bbox 2554 4908 2825 4975; x_wconf 71' lang='grc' dir='ltr'>’.ᾼσωμεν</span> <span class='ocrx_word' id='word_1_917' title='bbox 2873 4905 2950 4969; x_wconf 82' lang='grc' dir='ltr'>τῷ</span> <span class='ocrx_word' id='word_1_918' title='bbox 2987 4908 3180 4973; x_wconf 81' lang='grc' dir='ltr'>Κυρίῳ</span> <span class='ocrx_word' id='word_1_919' title='bbox 3200 4923 3211 4935; x_wconf 92' lang='grc'><strong>·</strong></span> <span class='ocrx_word' id='word_1_920' title='bbox 3248 4907 3501 4973; x_wconf 72' lang='grc' dir='ltr'>ἐνδόξως</span> <span class='ocrx_word' id='word_1_921' title='bbox 3528 4911 3638 4976; x_wconf 73' lang='grc' dir='ltr'>γὰρ</span> 
     </span>
    </p>
   </div>
   <div class='ocr_carea' id='block_1_117' title="bbox 1981 4991 3639 5061">
    <p class='ocr_par' dir='ltr' id='par_1_117' title="bbox 1981 4991 3639 5061">
     <span class='ocr_line' id='line_1_117' title="bbox 1981 4991 3639 5061; baseline 0.002 -16"><span class='ocrx_word' id='word_1_922' title='bbox 1981 4992 2355 5057; x_wconf 80' lang='grc' dir='ltr'>δεδόξασται,</span> <span class='ocrx_word' id='word_1_923' title='bbox 2378 4995 2563 5044; x_wconf 79' lang='grc' dir='ltr'>ἵππον</span> <span class='ocrx_word' id='word_1_924' title='bbox 2585 4993 2679 5044; x_wconf 82' lang='grc' dir='ltr'>καί</span> <span class='ocrx_word' id='word_1_925' title='bbox 2703 4991 3005 5058; x_wconf 79' lang='grc' dir='ltr'>ἀναϐάτην</span> <span class='ocrx_word' id='word_1_926' title='bbox 3030 4993 3274 5061; x_wconf 70' lang='grc' dir='ltr'>ἕρῤιψεν</span> <span class='ocrx_word' id='word_1_927' title='bbox 3300 4997 3386 5058; x_wconf 79' lang='grc' dir='ltr'>εἰς</span> <span class='ocrx_word' id='word_1_928' title='bbox 3417 4995 3639 5049; x_wconf 74' lang='grc' dir='ltr'>θάλασ-</span> 
     </span>
    </p>
   </div>
   <div class='ocr_carea' id='block_1_118' title="bbox 1981 5078 3639 5155">
    <p class='ocr_par' dir='ltr' id='par_1_118' title="bbox 1981 5078 3639 5155">
     <span class='ocr_line' id='line_1_118' title="bbox 1981 5078 3639 5155; baseline 0.002 -24"><span class='ocrx_word' id='word_1_929' title='bbox 1981 5093 2119 5131; x_wconf 74' lang='grc' dir='ltr'>σαν.</span> <span class='ocrx_word' id='word_1_930' title='bbox 2150 5080 2258 5130; x_wconf 76' lang='grc' dir='ltr'>Καὶ</span> <span class='ocrx_word' id='word_1_931' title='bbox 2289 5081 2321 5149; x_wconf 80' lang='grc' dir='ltr'>ἡ</span> <span class='ocrx_word' id='word_1_932' title='bbox 2348 5078 2550 5148; x_wconf 86' lang='grc' dir='ltr'>Δεϐόρα</span> <span class='ocrx_word' id='word_1_933' title='bbox 2589 5078 2644 5130; x_wconf 84' lang='grc' dir='ltr'>δὲ</span> <span class='ocrx_word' id='word_1_934' title='bbox 2673 5078 2809 5147; x_wconf 89' lang='grc' dir='ltr'>μετά</span> <span class='ocrx_word' id='word_1_935' title='bbox 2844 5079 2901 5131; x_wconf 77' lang='grc' dir='ltr'>τὸ</span> <span class='ocrx_word' id='word_1_936' title='bbox 2934 5080 3241 5150; x_wconf 84' lang='grc' dir='ltr'>θαυμαστὸν</span> <span class='ocrx_word' id='word_1_937' title='bbox 3288 5084 3461 5135; x_wconf 77' lang='grc' dir='ltr'>ἐκεῖνο</span> <span class='ocrx_word' id='word_1_938' title='bbox 3512 5084 3639 5155; x_wconf 83' lang='grc' dir='ltr'>τρό-</span> 
     </span>
    </p>
   </div>
   <div class='ocr_carea' id='block_1_119' title="bbox 1984 5164 3641 5238">
    <p class='ocr_par' dir='ltr' id='par_1_119' title="bbox 1984 5164 3641 5238">
     <span class='ocr_line' id='line_1_119' title="bbox 1984 5164 3641 5238; baseline 0.003 -21"><span class='ocrx_word' id='word_1_939' title='bbox 1984 5183 2162 5227; x_wconf 89' lang='grc' dir='ltr'>παιον,</span> <span class='ocrx_word' id='word_1_940' title='bbox 2194 5168 2286 5219; x_wconf 68' lang='grc' dir='ltr'>καὶ</span> <span class='ocrx_word' id='word_1_941' title='bbox 2310 5166 2406 5234; x_wconf 84' lang='grc' dir='ltr'>τὴν</span> <span class='ocrx_word' id='word_1_942' title='bbox 2444 5164 2743 5234; x_wconf 79' lang='grc' dir='ltr'>παράδοξον</span> <span class='ocrx_word' id='word_1_943' title='bbox 2772 5167 2945 5234; x_wconf 83' lang='grc' dir='ltr'>νίκην,</span> <span class='ocrx_word' id='word_1_944' title='bbox 2994 5169 3216 5231; x_wconf 73' lang='grc' dir='ltr'>εἰκότως</span> <span class='ocrx_word' id='word_1_945' title='bbox 3256 5168 3403 5238; x_wconf 78' lang='grc' dir='ltr'>ᾠδὴν·</span> <span class='ocrx_word' id='word_1_946' title='bbox 3429 5170 3641 5238; x_wconf 82' lang='grc' dir='ltr'>ὑφαίνει</span> 
     </span>
    </p>
   </div>
   <div class='ocr_carea' id='block_1_120' title="bbox 1982 5252 3635 5326">
    <p class='ocr_par' dir='ltr' id='par_1_120' title="bbox 1982 5252 3635 5326">
     <span class='ocr_line' id='line_1_120' title="bbox 1982 5252 3635 5326; baseline 0.005 -23"><span class='ocrx_word' id='word_1_947' title='bbox 1982 5254 2079 5321; x_wconf 79' lang='grc' dir='ltr'>τὴν</span> <span class='ocrx_word' id='word_1_948' title='bbox 2123 5253 2384 5305; x_wconf 78' lang='grc' dir='ltr'>ἐπινίκιον</span> <span class='ocrx_word' id='word_1_949' title='bbox 2428 5252 2661 5321; x_wconf 77' lang='grc' dir='ltr'>ἐκείνην,</span> <span class='ocrx_word' id='word_1_950' title='bbox 2698 5254 2970 5323; x_wconf 87' lang='grc' dir='ltr'>εὐφημίαν</span> <span class='ocrx_word' id='word_1_951' title='bbox 3021 5255 3364 5325; x_wconf 88' lang='grc' dir='ltr'>ἀναφέρουσα</span> <span class='ocrx_word' id='word_1_952' title='bbox 3396 5258 3473 5326; x_wconf 85' lang='grc' dir='ltr'>τῷ</span> <span class='ocrx_word' id='word_1_953' title='bbox 3501 5259 3635 5326; x_wconf 84' lang='grc' dir='ltr'>Θεῷ.</span> 
     </span>
    </p>
   </div>
   <div class='ocr_carea' id='block_1_121' title="bbox 1983 5333 3640 5410">
    <p class='ocr_par' dir='ltr' id='par_1_121' title="bbox 1983 5333 3640 5410">
     <span class='ocr_line' id='line_1_121' title="bbox 1983 5333 3640 5410; baseline 0.002 -18"><span class='ocrx_word' id='word_1_954' title='bbox 1983 5333 2152 5402; x_wconf 74' lang='grc' dir='ltr'>Οὗτος</span> <span class='ocrx_word' id='word_1_955' title='bbox 2193 5339 2247 5390; x_wconf 81' lang='grc' dir='ltr'>δὲ</span> <span class='ocrx_word' id='word_1_956' title='bbox 2277 5342 2599 5410; x_wconf 88' lang='grc' dir='ltr'>κατηγορεῖν</span> <span class='ocrx_word' id='word_1_957' title='bbox 2634 5339 2868 5409; x_wconf 83' lang='grc' dir='ltr'>μέλλων.</span> <span class='ocrx_word' id='word_1_958' title='bbox 2912 5342 3003 5393; x_wconf 76' lang='grc' dir='ltr'>καὶ</span> <span class='ocrx_word' id='word_1_959' title='bbox 3052 5344 3301 5394; x_wconf 81' lang='grc' dir='ltr'>συντόνου</span> <span class='ocrx_word' id='word_1_960' title='bbox 3342 5343 3499 5410; x_wconf 82' lang='grc' dir='ltr'>λόγου</span> <span class='ocrx_word' id='word_1_961' title='bbox 3525 5344 3640 5396; x_wconf 72' lang='grc' dir='ltr'>δεόο</span> 
     </span>
    </p>
   </div>
   <div class='ocr_carea' id='block_1_122' title="bbox 1987 5425 3637 5497">
    <p class='ocr_par' dir='ltr' id='par_1_122' title="bbox 1987 5425 3637 5497">
     <span class='ocr_line' id='line_1_122' title="bbox 1987 5425 3637 5497; baseline 0.002 -20"><span class='ocrx_word' id='word_1_962' title='bbox 1987 5443 2164 5493; x_wconf 85' lang='grc' dir='ltr'>μενος,</span> <span class='ocrx_word' id='word_1_963' title='bbox 2192 5427 2285 5476; x_wconf 76' lang='grc' dir='ltr'>καὶ</span> <span class='ocrx_word' id='word_1_964' title='bbox 2320 5425 2499 5495; x_wconf 73' lang='grc' dir='ltr'>ψυχῆς</span> <span class='ocrx_word' id='word_1_965' title='bbox 2531 5428 2629 5477; x_wconf 81' lang='grc' dir='ltr'>οὐκ</span> <span class='ocrx_word' id='word_1_966' title='bbox 2670 5428 2955 5497; x_wconf 88' lang='grc' dir='ltr'>ἀνειμένης</span> <span class='ocrx_word' id='word_1_967' title='bbox 2982 5469 2995 5493; x_wconf 92' lang='grc'>,</span> <span class='ocrx_word' id='word_1_968' title='bbox 3030 5429 3163 5481; x_wconf 82' lang='grc' dir='ltr'>ἀλλά</span> <span class='ocrx_word' id='word_1_969' title='bbox 3209 5431 3602 5497; x_wconf 83' lang='grc' dir='ltr'>συντεταμένης</span> <span class='ocrx_word' id='word_1_970' title='bbox 3622 5470 3637 5493; x_wconf 94' lang='grc'>,</span> 
     </span>
    </p>
   </div>
   <div class='ocr_carea' id='block_1_123' title="bbox 1982 5511 3637 5585">
    <p class='ocr_par' dir='ltr' id='par_1_123' title="bbox 1982 5511 3637 5585">
     <span class='ocr_line' id='line_1_123' title="bbox 1982 5511 3637 5585; baseline 0.005 -23"><span class='ocrx_word' id='word_1_971' title='bbox 1982 5512 2130 5581; x_wconf 82' lang='grc' dir='ltr'>ᾄσειν</span> <span class='ocrx_word' id='word_1_972' title='bbox 2154 5514 2283 5580; x_wconf 62' lang='grc' dir='ltr'>ὗμῖν</span> <span class='ocrx_word' id='word_1_973' title='bbox 2314 5512 2723 5579; x_wconf 80' lang='grc' dir='ltr'>ἐπαγγέλλεται,</span> <span class='ocrx_word' id='word_1_974' title='bbox 2749 5515 2841 5567; x_wconf 79' lang='grc' dir='ltr'>καὶ</span> <span class='ocrx_word' id='word_1_975' title='bbox 2866 5511 3103 5585; x_wconf 73' lang='grc' dir='ltr'>ᾆσμα·τά</span> <span class='ocrx_word' id='word_1_976' title='bbox 3126 5516 3442 5585; x_wconf 81' lang='grc' dir='ltr'>ἐγκλήματα</span> <span class='ocrx_word' id='word_1_977' title='bbox 3463 5517 3637 5570; x_wconf 81' lang='grc' dir='ltr'>καλεῖ.</span> 
     </span>
    </p>
   </div>
   <div class='ocr_carea' id='block_1_124' title="bbox 2044 5672 3643 5747">
    <p class='ocr_par' dir='ltr' id='par_1_124' title="bbox 2044 5672 3643 5747">
     <span class='ocr_line' id='line_1_124' title="bbox 2044 5672 3643 5747; baseline -0.001 -25"><span class='ocrx_word' id='word_1_978' title='bbox 2044 5672 2233 5747; x_wconf 47' lang='lat' dir='ltr'>{Pupi</span> <span class='ocrx_word' id='word_1_979' title='bbox 2260 5675 2469 5747; x_wconf 57' lang='grc' dir='ltr'>Ξενίιὶιιξς</span> <span class='ocrx_word' id='word_1_980' title='bbox 2490 5676 2568 5747; x_wconf 68' lang='lat' dir='ltr'>hjc</span> <span class='ocrx_word' id='word_1_981' title='bbox 2588 5674 2767 5747; x_wconf 72' lang='lat' dir='ltr'>aliquid</span> <span class='ocrx_word' id='word_1_982' title='bbox 2804 5676 2997 5724; x_wconf 78' lang='lat' dir='ltr'>deesse.</span> <span class='ocrx_word' id='word_1_983' title='bbox 3048 5675 3233 5747; x_wconf 47' lang='lat' dir='ltr'>Bolsius</span> <span class='ocrx_word' id='word_1_984' title='bbox 3281 5674 3383 5740; x_wconf 66' lang='grc' dir='ltr'>ιίιιι</span> <span class='ocrx_word' id='word_1_985' title='bbox 3406 5673 3501 5747; x_wconf 69' lang='lat' dir='ltr'>legi</span> <span class='ocrx_word' id='word_1_986' title='bbox 3525 5676 3643 5736; x_wconf 81' lang='grc' dir='ltr'>λαμ,-</span> 
     </span>
    </p>
   </div>
   <div class='ocr_carea' id='block_1_125' title="bbox 1979 5737 3519 5858">
    <p class='ocr_par' dir='ltr' id='par_1_125' title="bbox 1979 5737 3519 5858">
     <span class='ocr_line' id='line_1_125' title="bbox 1979 5737 3519 5796; baseline 0.001 -15"><span class='ocrx_word' id='word_1_987' title='bbox 1979 5738 2123 5796; x_wconf 75' lang='grc' dir='ltr'>πρῶς.</span> <span class='ocrx_word' id='word_1_988' title='bbox 2152 5737 2249 5789; x_wconf 69' lang='lat' dir='ltr'>Eqn</span> <span class='ocrx_word' id='word_1_989' title='bbox 2278 5743 2395 5795; x_wconf 78' lang='lat' dir='ltr'>pulo</span> <span class='ocrx_word' id='word_1_990' title='bbox 2414 5737 2490 5783; x_wconf 87' lang='lat' dir='ltr'>hic</span> <span class='ocrx_word' id='word_1_991' title='bbox 2512 5737 2841 5791; x_wconf 79' lang='grc' dir='ltr'>ἀποσιώπησιν</span> <span class='ocrx_word' id='word_1_992' title='bbox 2874 5750 2986 5784; x_wconf 83' lang='lat' dir='ltr'>esse</span> <span class='ocrx_word' id='word_1_993' title='bbox 3012 5750 3097 5795; x_wconf 83' lang='lat' dir='ltr'>pro</span> <span class='ocrx_word' id='word_1_994' title='bbox 3120 5737 3336 5795; x_wconf 78' lang='grc' dir='ltr'>λαμπροῦ</span> <span class='ocrx_word' id='word_1_995' title='bbox 3357 5737 3519 5796; x_wconf 80' lang='grc' dir='ltr'>πυρός.</span> 
     </span>
     <span class='ocr_line' id='line_1_126' title="bbox 2056 5796 3373 5858; baseline 0.002 -19"><span class='ocrx_word' id='word_1_996' title='bbox 2056 5798 2298 5843; x_wconf 66' lang='lat' dir='ltr'>eSamius</span> <span class='ocrx_word' id='word_1_997' title='bbox 2322 5798 2526 5857; x_wconf 72' lang='grc' dir='ltr'>διατηρεῖ</span> <span class='ocrx_word' id='word_1_998' title='bbox 2568 5799 2688 5856; x_wconf 86' lang='lat' dir='ltr'>conj.</span> <span class='ocrx_word' id='word_1_999' title='bbox 2718 5798 2813 5845; x_wconf 68' lang='lat' dir='ltr'>Sed</span> <span class='ocrx_word' id='word_1_1000' title='bbox 2838 5796 3120 5858; x_wconf 66' lang='grc' dir='ltr'>διατηροῦσα</span> <span class='ocrx_word' id='word_1_1001' title='bbox 3154 5798 3373 5856; x_wconf 75' lang='lat' dir='ltr'>quadrat.</span> 
     </span>
    </p>
   </div>
   <div class='ocr_carea' id='block_1_126' title="bbox 2056 5813 2967 5919">
    <p class='ocr_par' dir='ltr' id='par_1_126' title="bbox 2056 5813 2967 5919">
     <span class='ocr_line' id='line_1_127' title="bbox 2056 5813 2967 5857; baseline 0.004 -18"><span class='ocrx_word' id='word_1_1002' title='bbox 2056 5813 2298 5843; x_wconf 61' lang='lat' dir='ltr'>‘haVHIUS</span> <span class='ocrx_word' id='word_1_1003' title='bbox 2322 5813 2524 5857; x_wconf 71' lang='grc' dir='ltr'>οιατηρει</span> <span class='ocrx_word' id='word_1_1004' title='bbox 2568 5813 2688 5856; x_wconf 71' lang='grc' dir='ltr'>ΕΟΙΙ].</span> <span class='ocrx_word' id='word_1_1005' title='bbox 2718 5813 2813 5845; x_wconf 68' lang='grc' dir='ltr'>δρα</span> <span class='ocrx_word' id='word_1_1006' title='bbox 2838 5815 2967 5853; x_wconf 70' lang='grc' dir='ltr'>οιςιτη</span> 
     </span>
     <span class='ocr_line' id='line_1_128' title="bbox 2056 5859 2727 5919; baseline 0 -16"><span class='ocrx_word' id='word_1_1007' title='bbox 2056 5864 2076 5898; x_wconf 76' lang='grc' dir='ltr'>ι’</span> <span class='ocrx_word' id='word_1_1008' title='bbox 2106 5859 2220 5919; x_wconf 73' lang='lat' dir='ltr'>Heg.</span> <span class='ocrx_word' id='word_1_1009' title='bbox 2252 5866 2300 5906; x_wconf 78' lang='lat' dir='ltr'>el</span> <span class='ocrx_word' id='word_1_1010' title='bbox 2323 5860 2431 5905; x_wconf 69' lang='grc' dir='ltr'>δαν.</span> <span class='ocrx_word' id='word_1_1011' title='bbox 2455 5859 2727 5915; x_wconf 79' lang='grc' dir='ltr'>προστιθείς.</span> 
     </span>
    </p>
   </div>
   <div class='ocr_carea' id='block_1_127' title="bbox 3222 5960 3257 6018">
    <p class='ocr_par' dir='ltr' id='par_1_127' title="bbox 3222 5960 3257 6018">
     <span class='ocr_line' id='line_1_129' title="bbox 3222 5960 3257 6018; baseline 0 -8"><span class='ocrx_word' id='word_1_1012' title='bbox 3222 5960 3257 6018; x_wconf 74' lang='grc' dir='ltr'>ίι</span> 
     </span>
    </p>
   </div>
  </div>
