4058 6216
391 368 462 424 57
1183 365 1242 418 S.
1283 360 1566 417 JOANNIS
1607 358 2095 415 (ZIIRYSOSTOMI
2137 360 2454 417 AIKCIHEP.
2495 355 3038 416 CONS'fANTINOP.
3726 371 3798 428 53

373 477 485 528 υὺκ
508 475 668 538 αὑτὸς
695 475 750 528 δὲ
785 475 960 545 μόνος,
991 477 1126 529 ἀλλὰ
1167 481 1258 530 καὶ
1288 478 1316 527 ό
1356 478 1526 546 μέγας
1557 479 1760 538 ἐκεῖνος
1799 475 2040 543 Μωῦσῆς

370 565 470 634 τὴν
498 567 756 617 ἐπινίκιον
780 566 897 617 τότε
928 566 1061 636 ᾄσας
1089 567 1250 636 ᾠδὴν,
1279 565 1597 634 κατηγορῶν
1619 565 1725 615 τῶν
1751 564 2038 625 Ἰουδαίων,

377 652 593 720 μακρὰν
622 652 763 721 ᾠδὴν
793 653 857 703 τὰ
894 653 1211 721 ἐγκλήματα
1245 651 1511 719 πεποίηκε
1547 665 1570 691 δι
1613 652 1815 717 λέγων·
1855 650 2044 702 Ταῦτα

375 737 456 800 τῷ
484 736 681 803 Κυρίῳ
719 738 1180 802 ἁντιιποδίδοτε;
1219 735 1406 802 Οὗτος
1435 741 1466 790 ὀ
1493 736 1644 800 λαὸς
1667 737 1863 804 μωρὸς
1882 776 1895 799 ,
1946 736 2044 788 καί

377 824 513 892 ούχί
545 825 736 891 σοφός
761 841 774 854 ’
807 824 898 876 καὶ
930 825 1129 887 πολλὰς
1167 825 1379 886 συνθεὶς
1421 824 1771 894 κατηγορίας,
1821 823 2046 892 ᾅδοντας

378 908 571 970 αὐτοὺς
597 909 770 962 ταῦτα
791 910 968 976 λέγειν
999 911 1303 978 ἐνομοθέτει
1329 926 1341 938 ·
1377 910 1470 961 καὶ
1499 909 1578 962 ἔτι
1599 910 1691 962 καὶ
1716 908 1808 961 νῦν
1830 907 2047 977 ᾄδοντες

375 993 543 1046 ταῦτα
576 995 804 1062 λέγομεν
830 997 922 1048 καὶ
951 998 1125 1065 ἡμεῖς.

447 1083 602 1145 Τίνος
632 1079 725 1136 οὖν
746 1085 929 1136 ἕνεκεν
960 1086 1054 1146 τὰς
1082 1085 1409 1154 κατηγορίας
1435 1085 1577 1156 ᾠδὴν
1604 1082 1816 1136 ποιοῦσι
1838 1099 1852 1146 ;
1877 1082 2046 1152 Σοφία

379 1170 707 1238 κεχρημένοι
730 1174 1066 1240 πνευματικῇ
1096 1171 1186 1223 καὶ
1211 1171 1342 1224 πολὺ
1364 1172 1423 1223 τὸ
1453 1172 1641 1241 κέρδος
1668 1169 1898 1222 ἐνθεῖναι
1928 1170 2047 1230 ταῖς

377 1256 484 1306 τῶν
531 1257 833 1309 ἀκουόντων
879 1257 1189 1326 βουλόμενοι
1223 1259 1440 1327 ψυχαῖς.
1494 1256 1714 1327 Ἐπειδὴ
1747 1256 1854 1325 γὰρ
1897 1255 2047 1308 οὐδὲν

377 1342 518 1394 οὕτω
551 1345 837 1412 χρήσιμον,
876 1343 949 1405 ὡς
983 1344 1042 1395 τὸ
1075 1343 1562 1414 πλημμελημάτων
1607 1343 1914 1414 μεμνῆσθαι
1970 1341 2048 1393 δι-

385 1428 609 1496 ηνεκῶς,
636 1430 855 1497 μνήμην
878 1429 933 1481 δὲ
953 1429 1102 1481 οὐδὲν
1129 1429 1272 1482 οὕτω
1293 1431 1515 1500 μόνιμον
1536 1431 1610 1493 ὠς
1631 1428 1860 1499 μελῳδία
1882 1428 2046 1490 ποιεῖ,

381 1515 467 1568 ἵνα
502 1516 574 1585 μὴ
609 1515 696 1568 διὰ
742 1517 840 1586 τὴν
876 1516 1179 1586 ὑπερϐολὴν
1213 1518 1322 1570 τῶν
1369 1517 1715 1588 κατηγοριῶν
1762 1513 2046 1576 ὀκνοῦντες

381 1603 730 1664 ἀναδυόμενοι
771 1603 1012 1672 φεύγωσι
1065 1604 1124 1656 τὸ
1174 1605 1410 1674 συνεχῶς
1469 1601 1776 1674 μεμνῆσθαι
1811 1601 1920 1653 τῶν
1971 1601 2048 1652 oi-

378 1690 540 1743 κείων
579 1693 1016 1761 ἁμαρτημάτων,
1055 1692 1134 1762 τῷ
1182 1693 1332 1764 μέλει
1381 1693 1479 1764 τῆς
1511 1693 1652 1763 ᾠδῆς
1695 1691 2048 1744 ὑποκλέπτων

380 1777 479 1846 τὴν
511 1777 618 1830 ἀπὸ
647 1779 745 1846 τῆς
773 1780 992 1849 μνήμης
1021 1779 1302 1849 αἰσχύνην,
1335 1781 1431 1832 καὶ
1462 1779 1561 1850 τὴν
1609 1779 1881 1849 ἀφόρητον
1914 1775 2047 1829 ἀθυ-

383 1864 512 1934 μίαν
536 1866 1048 1936 παραμυθούμενος,
1084 1867 1302 1938 ᾅσματα
1339 1867 1479 1920 αὑτά
1508 1866 1824 1936 πεποίηκεν,
1857 1865 1945 1917 ἴνα
1971 1862 2050 1933 τῷ

381 1951 532 2020 πόθῳ
585 1953 848 2021 μελῳδίας
895 1953 1324 2024 ἀναγκαζόμενοι
1357 1951 1594 2023 συνεχῶς
1633 1953 1773 2005 αὑτά
1817 1951 2051 2021 φθέγγε-

383 2039 527 2100 σθαι,
563 2040 798 2108 συνεχῶς
832 2040 1010 2092 αὑτῶν
1054 2034 1154 2092 ὦσι
1195 2041 1571 2110 μεμνημένοι,
1603 2039 1697 2092 καί.
1731 2036 1993 2108 διηνεκῶς
2020 2033 2047 2074 δ

381 2123 546 2192 ἔχωσί
603 2142 720 2177 τινα
743 2125 1090 2179 διδασκαλίαν
1128 2128 1326 2198 ἀρετῆς
1355 2127 1454 2196 τὴν
1484 2125 1702 2196 διηνεκῆ
1733 2125 1842 2176 τῶν
1871 2125 2044 2193 ἁμαρ-

381 2211 638 2280 τημάτων
673 2220 911 2284 μνήμην.
948 2214 1087 2267 Ἴστε
1120 2214 1270 2280 γοῦν,
1307 2215 1387 2266 ὃτι
1426 2214 1520 2267 καὶ
1547 2211 1643 2265 νῦν
1672 2212 1741 2264 τά
1781 2212 1877 2281 μὲν
1917 2209 2050 2264 ἄλλα

379 2298 488 2350 οὐδ’
524 2298 581 2363 ἐξ
605 2299 861 2368 ὀνόματος
887 2301 998 2361 τοῖς
1027 2299 1239 2362 πολλοῖς
1268 2302 1383 2352 ἐστι
1413 2300 1602 2351 Βιϐλία
1637 2299 1917 2368 γνώριμα’
1947 2296 2047 2364 τὴν

381 2385 437 2438 δὲ
463 2385 572 2437 τῶν
596 2387 839 2455 Ψαλμῶν
872 2389 1254 2457 πραγματείαν
1281 2387 1374 2439 ἐπὶ
1397 2387 1660 2455 στόματος
1682 2385 1918 2445 ἅπαντες
1949 2383 2047 2451 φέ-

384 2489 556 2542 ρουσι,
588 2473 679 2525 καὶ
707 2475 874 2536 αὑτὰς
907 2474 1107 2536 ταύτας
1141 2474 1238 2536 τὰς
1271 2472 1442 2543 ᾠδάς’
1477 2472 1621 2525 οὕτω
1645 2472 1712 2524 δι’
1740 2471 1917 2524 αὑτῶν
1940 2469 2049 2521 τῶν

381 2561 721 2630 πραγμάτων
749 2563 1042 2626 δείκνυται,
1077 2562 1242 2615 πόσον
1265 2561 1371 2614 ἀπὸ
1407 2562 1506 2631 τῆς
1540 2560 1803 2631 μελῳδίας
1833 2557 1894 2610 τδ
1919 2557 2047 2628 κέρ·

381 2645 471 2709 δος
501 2649 635 2701 ἐστί.
682 2651 780 2700 Διά
806 2648 867 2718 δὴ
914 2648 1072 2700 τοῦτο
1122 2649 1214 2701 καὶ
1259 2648 1422 2710 αὑτός
1449 2665 1613 2717 φησιν
1635 2665 1647 2679 ·
1679 2649 1841 2715 ’ᾼσω
1867 2645 1942 2711 δὴ
1972 2639 2053 2708 τῷ

381 2731 744 2800 ἠγαπημένῳ
787 2726 951 2801 ᾆσμα
983 2733 1088 2787 τοῦ
1133 2733 1442 2801 ἀγαπητοῦ
1477 2750 1600 2802 μου
1640 2732 1720 2796 τῷ
1743 2730 2052 2799 ἀμπελῶνί

376 2838 516 2889 μου.
550 2817 753 2890 τᾼσμα
787 2820 865 2885 τῷ
906 2822 1284 2890 ἠγαπημένῳ,
1326 2822 1517 2890 φησὶν,
1559 2818 1899 2888 ἀμπελῶνι·
1936 2817 2051 2888 ᾄσω

383 2906 510 2975 περὶ
539 2905 699 2957 αὑτοῦ
728 2904 820 2957 τοῦ
851 2907 1036 2974 ὴγαπη
1048 2905 1227 2974 μένου.
1260 2907 1368 2958 Καὶ
1405 2903 1551 2974 αὑτῷ
1578 2904 1685 2975 γὰρ
1714 2904 1824 2975 ᾄδω
1843 2946 1856 2967 ,
1886 2903 2049 2972 φησὶ,

383 3007 477 3044 και
510 2992 542 3060 ὴ
569 2990 932 3058 ὑπόθεσιςτῆς
963 2991 1102 3060 ᾠδῆς
1133 2991 1259 3061 περὶ
1284 2990 1446 3043 αὑτοῦ
1475 2989 1695 3042 καὶτῶν
1719 2987 1879 3042 αὑτοῦ
1913 3005 2054 3056 πρα-

383 3076 609 3146 γμάτων
637 3077 802 3128 ἐστίν.
824 3077 884 3127 El
901 3076 958 3128 δέ
984 3076 1188 3145 μέλλων
1219 3079 1563 3145 κατηγορεῖν,
1595 3075 1875 3144 ἀγαπητὸν
1899 3073 2055 3125 καλεῖ

384 3169 478 3217 καὶ
499 3165 684 3233 ὴγαπη
695 3163 874 3232 μένον,
898 3163 971 3233 μὴ
997 3163 1298 3234 θαυμάσῃς.
1324 3163 1432 3216 Καὶ
1451 3162 1608 3215 τοῦτο
1624 3161 1732 3231 γὰρ
1757 3161 2007 3230 μέγιστον
2027 3170 2049 3198 α

385 3252 715 3319 κατηγορίας
749 3249 976 3318 ἐφόδιον,
1009 3250 1089 3301 ὅτι
1124 3249 1185 3319 δὴ
1215 3248 1626 3318 ἀγαπηθέντες,
1661 3250 1753 3300 καὶ
1781 3248 2051 3313 τοσαύτης

385 3334 784 3395 ἀπολαύσαντες
832 3333 979 3402 παρὰ
1010 3331 1143 3383 Θεοῦ
1174 3331 1274 3400 τῆς
1323 3329 1436 3401 [52]
1473 3330 1713 3393 εὐνοίας,
1757 3330 1876 3382 οὑδέ
1913 3330 2053 3380 οὕτω

387 3419 626 3488 βελτίους
650 3420 912 3486 ἐγένοντο.
943 3417 1111 3469 Τοῦτο
1149 3417 1278 3484 γοῦν
1309 3417 1403 3469 καὶ
1435 3418 1617 3487 ἕτερος
1647 3416 1931 3486 προφήτης
1970 3416 2054 3467 αἱ·

384 3507 692 3574 νιττόμενος
721 3505 902 3573 ἔλεγεν
923 3521 936 3535 δ
974 3504 1066 3569 Ὠς
1092 3504 1417 3572 σταφυλὴν
1443 3504 1511 3556 ἐν
1538 3501 1732 3570 ἐρήμῳ
1745 3499 1925 3570 εὗρον
1950 3502 2055 3554 τὸν

397 3592 662 3658 Ἰσραὴλ,
685 3592 763 3656 ὠς
793 3591 1028 3644 σκοπὸν
1052 3591 1120 3643 ἐν
1141 3589 1302 3657 συκῇ
1322 3589 1584 3658 πρὼὶμον
1611 3587 1772 3642 εἶδον
1794 3588 2054 3654 πατέρας

384 3676 582 3731 αὐτῶν
602 3695 613 3709 ·
647 3677 706 3729 τὸ
737 3675 979 3729 ποθεινὸν
1011 3676 1187 3728 αὑτῶν
1221 3675 1314 3728 καὶ
1341 3675 1636 3744 ἐπέραστον
1670 3674 1755 3726 διὰ
1777 3673 1884 3725 τῶν
1918 3689 2055 3742 καρ-

387 3763 505 3817 πῶν
534 3763 735 3815 τούτων
766 3761 1169 3831 ἐνδεικνύμενος
1189 3777 1201 3789 ·
1234 3761 1478 3814 ποθεινὸν
1509 3761 1564 3812 δέ
1604 3760 1765 3811 αὑτὸν
1819 3760 1912 3812 καὶ
1958 3759 2055 3808 ἐπ-

392 3851 618 3921 έραστον
641 3851 700 3902 οὑ
733 3849 883 3921 παρὰ
909 3849 1004 3918 τὴν
1027 3849 1231 3901 οἰκείαν
1247 3848 1445 3917 ἀρετὴν
1468 3888 1482 3912 ,
1509 3847 1640 3900 ἀλλὰ
1668 3845 1819 3918 παρὰ
1840 3847 1934 3914 τὴν
1960 3845 2052 3896 τοῦ

386 3936 524 3989 Θεοῦ
556 3935 882 4004 άγαθότητα.
924 3937 986 3988 ’Ὀ
1016 3935 1073 3987 δέ
1109 3935 1286 4002 λέγει,
1313 3932 1546 3987 τοιοῦτόν
1574 3935 1719 3985 ἐστιν
1742 3973 1756 3996 ,
1791 3933 1873 3984 ὅτι
1917 3930 2054 3998 Ἐγὼ

390 4023 488 4092 μέν
511 4022 682 4084 οὕτως
710 4023 991 4091 ἠγάπησα,
1032 4021 1106 4084 ὡς
1130 4020 1196 4074 ἀν
1225 4038 1306 4083 τις
1341 4019 1613 4088 σταφυλὴν
1651 4018 1822 4090 εὑρὼν
1853 4019 1909 4070 ἐν
1929 4018 2056 4086 ἐρή-

391 4127 493 4178 μῳ,
531 4108 562 4177 ἦ
590 4109 662 4169 ὠς
689 4109 751 4160 ἂν
783 4125 866 4169 τις
904 4107 1102 4158 σκοπὸν
1124 4110 1181 4160 ἐν
1212 4111 1370 4177 συκῇ.
1410 4108 1472 4159 Εἰ
1501 4106 1608 4176 γὰρ
1631 4106 1724 4159 καὶ
1749 4106 1943 4168 ἀνάξια
1963 4104 2054 4157 τοῦ

386 4194 519 4247 Θεοῦ
555 4194 621 4246 τὰ
670 4193 1118 4262 παραδείγματα,
1151 4193 1285 4246 ἀλλά
1329 4192 1638 4262 κατάλληλα
1681 4192 1784 4261 τῆς
1835 4191 2055 4243 ἐκείνων

387 4282 842 4351 γαστριμαργίας.
873 4281 1050 4334 Αὐτοὶ
1091 4281 1177 4342 δέ,
1212 4281 1377 4348 φησὶ,
1415 4282 1681 4348 τοσαύτης
1714 4278 2057 4331 ἀπολαύσαν-

387 4387 476 4432 τες
527 4370 624 4438 τῆς
662 4368 914 4436 ἀγάπης,
964 4365 1578 4433 ἀπηλλοτριώθησαν,
1617 4364 1713 4417 καὶ
1767 4363 2058 4430 εἰσῆλθον

389 4456 535 4522 πρὸς
575 4454 680 4506 τόν
706 4453 1068 4522 Βεελίβεγώρ.
1101 4453 1255 4506 Οὕτω
1290 4453 1352 4523 δὴ
1377 4452 1471 4504 καὶ
1506 4450 1737 4504 ἐνταῦθα
1761 4449 2054 4519 ἠγαπημέ-

388 4559 477 4593 νον
511 4540 670 4592 αὑτὺν
709 4541 861 4593 καλεῖ
895 4541 988 4594 καὶ
1019 4539 1299 4609 ἀγαπητὸν
1320 4580 1333 4603 ,
1376 4539 1582 4600 δεικνὺς
1612 4539 1692 4590 ὅτι
1724 4539 1751 4589 ό
1791 4537 1888 4606 μὲν
1927 4535 2056 4598 Θεὸς

387 4626 456 4678 τὰ
480 4627 605 4695 παρ’
630 4626 820 4678 ἐαυτοῦ
845 4627 1020 4678 πάντα
1044 4626 1373 4690 ἐπεδείξατο,
1395 4625 1496 4677 οὑκ
1517 4623 1696 4676 αὑτῶν
1712 4621 2056 4693 ἀρξαμένων,

389 4713 523 4768 ἀλλὰ
550 4711 641 4764 τοῦ
669 4711 801 4762 Θεοῦ
835 4712 1200 4780 ἡγησαμένου.
1247 4712 1470 4762 Ἐκεῖνοι
1492 4710 1547 4762 δὲ
1575 4709 1695 4762 οὑδέ
1728 4708 1865 4777 μετὰ
1887 4707 2057 4760 ταῦτα

391 4799 574 4864 ἀξίους
608 4799 830 4860 ἐαεδτοὺς
871 4798 970 4865 τῆς
1019 4797 1335 4865 εὐεργεσίας
1368 4795 1595 4860 ἔδειξαν,
1631 4794 1764 4846 ἀλλὰ
1802 4795 2060 4848 τάναντία

390 4885 732 4950 ἐπεδείξαντο
787 4884 1020 4938 ἅπαντα.
1071 4882 1378 4950 Ἀμπελὼν
1426 4881 1676 4950 ἐγενήθη
1715 4882 1794 4945 τῷ
1830 4882 2060 4948 ἠγαπη-

386 4973 567 5041 μένῳ.
593 4973 661 5025 ἐν
687 4970 907 5039 κέρατι,
945 4971 1013 5022 ἐν
1044 4971 1201 5031 τόπῳ
1230 4969 1412 5021 πίονι.
1448 4968 1537 5038 Τῷ
1568 4968 1791 5036 ὀνόματι
1822 4967 1914 5018 τοῦ
1948 4968 2057 5036 ἁμ-

393 5059 628 5121 πελῶνος
657 5061 834 5111 πᾶσαν
860 5058 1086 5128 ἐνέφηνε
1117 5058 1214 5128 τὴν
1244 5056 1527 5125 πρόνοιαν,
1558 5055 1649 5106 καὶ
1676 5053 1774 5124 τὴν
1800 5054 1926 5124 περί
1957 5053 2056 5105 αὑ-

389 5143 497 5194 τῶν
524 5142 549 5180 ά
583 5144 920 5212 ἐπιμέλειαν.

465 5230 526 5298 β’.
565 5230 637 5280 UO
687 5229 789 5298 μὴν
825 5230 1035 5282 ἵσταται
1070 5229 1230 5298 μέχρι
1260 5227 1467 5292 τούτου,
1498 5225 1635 5279 ἀλλὰ
1679 5225 1772 5278 καὶ
1805 5224 1872 5277 τά
1895 5224 2060 5295 ἕτερα

393 5315 782 5386 ἀπαριθμεῖται
838 5317 1286 5386 εὐεργετήματα·
1350 5315 1444 5368 καὶ
1490 5314 1750 5386 πρότερον
1809 5312 1917 5366 ἀπὸ
1962 5315 2059 5383 τῆς

455 5485 482 5513 ⁸
507 5484 747 5541 Πεποίηκε
769 5484 913 5531 deest
934 5483 979 5531 in
1004 5483 1128 5543 Reg.
1155 5491 1206 5530 et
1244 5482 1392 5530 Savil.
1417 5483 1503 5532 Illa
1531 5490 1692 5529 autem
1715 5481 1898 5528 sublata
1920 5491 2060 5543 voce,

393 5544 530 5593 locus
551 5559 746 5594 mancus
767 5557 875 5592 esse
907 5542 1115 5600 videtur,
1163 5545 1238 5590 cui
1265 5545 1586 5591 restaurando
1609 5555 1774 5590 vorem
1794 5542 1926 5589 καλεῖ
1951 5554 2059 5602 pro-

463 5609 529 5654 nil
556 5608 781 5675 Saviiius.
814 5606 909 5653 Sed
933 5617 1042 5675 eum
1063 5605 1293 5660 πεποίηκε
1317 5606 1364 5651 in
1394 5606 1557 5652 liavar.
1581 5611 1633 5652 et
1655 5604 1823 5651 Morel.
1851 5604 2060 5665 legatur,

415 5677 531 5728 οτςυε
554 5668 649 5726 jam
671 5667 867 5728 integer
891 5673 982 5714 est.

458 5723 654 5788 b_Sévi|.
678 5723 960 5788 μεμνημένοι
999 5727 1236 5782 διηνεκῶς.
1263 5723 1362 5771 Sed
1405 5724 1509 5774 ἰηεο
1528 5727 1678 5775 lectio
1697 5726 1876 5774 seriem
1905 5726 2064 5773 inter-

393 5785 574 5843 turbat,
603 5785 791 5836 sublata
814 5785 1146 5837 distinctione.

461 5850 484 5910 ’ᾗ
506 5848 626 5910 Beg.
652 5855 702 5896 et
736 5850 883 5897 Savil.
910 5852 990 5896 καὶ
1009 5847 1150 5897 τοῦτο
1173 5849 1390 5909 μέγιστον
1410 5844 1589 5897 omisso
1611 5849 1714 5910 γάρ.

459 5901 626 5971 «ιιιρξ.
652 5910 960 5972 περίαὑτούς.
1174 5901 1183 5909 ’
1241 5901 1251 5909 ’
1621 5901 1632 5909 ⁷
1675 5901 1700 5910 ”

2147 475 2344 539 θέσεως
2373 476 2465 527 τοῦ
2495 476 2659 527 τόπου
2696 473 2853 524 τοῦτο
2889 472 3065 523 ποιεῖ·
3095 467 3155 519 τὸ
3183 465 3308 536 γὰρ,
3348 465 3449 517 Ἐν
3489 462 3706 527 κέρατι,
3732 460 3801 512 ἐν

2147 563 2303 622 τόπῳ
2327 562 2509 620 πίονι.
2541 561 2602 612 τὸ
2637 561 2731 629 μὲν
2765 559 2862 628 τὴν
2901 555 3060 624 φύσιν
3096 555 3194 624 τῆς
3228 553 3328 620 γῆς
3359 549 3589 602 ἐπαινῶν
3627 547 3799 612 ἔλεγε,

2141 648 2201 699 τὸ
2233 648 2287 700 δὲ
2319 648 2418 716 τὴν
2451 646 2595 699 θέσιν
2616 663 2629 676 ·
2659 647 2794 714 ὅπερ
2829 643 2921 696 καὶ
2951 645 2978 694 ό
3009 640 3168 692 Δαυῖδ
3197 637 3409 707 ψάλλων
3440 635 3635 704 ἔφησεν
3657 673 3670 686 .
3719 633 3798 685 ὅτι

2154 734 2525 804 Ἰερουσαλὴμ,
2566 735 2710 798 Ὀρη
2745 732 2948 793 κύκλῳ
2976 727 3163 793 αὐτῆς
3187 766 3200 786 ,
3233 725 3328 779 καί
3364 723 3571 788 Κύριος
3601 720 3800 804 κύκλῳ

2143 803 2248 872 τοῦ
2286 819 2436 872 ,λαοῦ
2471 816 2674 870 αὐτοῦ.
2725 815 2984 883 Ἐτείχισε
3021 812 3116 881 μὲν
3141 811 3246 880 γὰρ
3286 808 3452 877 αὑτὴν
3477 846 3491 868 ,
3524 804 3672 874 φησὶ,
3707 803 3798 854 καὶ

2144 909 2209 976 τῇ
2243 906 2388 958 θέσει
2416 905 2509 957 τοῦ
2537 905 2702 956 τόπου
2724 918 2736 931 ·
2785 901 2921 970 πλὴν
2951 899 3047 950 οὑκ
3087 896 3323 968 ἠρκέσθη
3358 894 3547 962 τούτῳ,
3585 890 3715 976 ἀλλά
3741 890 3800 940 τὸ

2149 972 2401 1061 μέγιστον
2433 993 2607 1060 τεῖχος
2655 988 2816 1050 αὑτὸς
2863 988 2995 1056 αὑτῇ
3036 985 3285 1052 γέγονεν·
3335 982 3362 1033 ὃ
3409 980 3469 1049 δὴ
3520 980 3612 1032 καὶ
3652 972 3801 1038 οὗτος

2146 1079 2437 1133 αἰνίττεται
2469 1077 2662 1144 λέγων.
2708 1076 2804 1129 Ἐν
2834 1074 3052 1140 κέρατι,
3082 1072 3141 1123 τό
3182 1087 3238 1122 τε
3287 1069 3578 1137 ἀχείρωτον
3615 1065 3707 1116 καὶ
3741 1062 3803 1114 τὺ

2146 1164 2584 1234 ἀκαταγώνιστον
2637 1162 2730 1215 τοῦ
2779 1161 2965 1223 τόπου,
3000 1160 3091 1211 καί
3127 1157 3231 1226 πρὸ
3258 1155 3467 1217 τούτου,
3509 1153 3604 1222 τὴν
3653 1148 3801 1220 παρά

2144 1254 2238 1307 τοῦ
2278 1252 2411 1305 Θεοῦ
2453 1251 2699 1321 βοήθειαν
2717 1246 2923 1316 δηλῶν,
2971 1244 3078 1298 ἀπὸ
3129 1241 3437 1312 μεταφορᾶς
3481 1238 3572 1289 τοῦ
3628 1236 3802 1306 κέρως

2144 1339 2238 1391 τοῦ
2265 1338 2404 1407 βοός.
2436 1337 2547 1390 Καὶ
2575 1335 2681 1402 γὰρ
2702 1333 2794 1386 καὶ
2822 1331 3087 1403 παροιμία
3106 1328 3325 1396 τοιαύτη
3346 1323 3597 1394 δημώδης
3623 1321 3803 1390 ἐξενήο

2147 1441 2329 1477 νεκται
2363 1422 2491 1493 περὶ
2522 1421 2631 1473 τῶν
2659 1422 2736 1482 εἰς
2763 1417 3000 1486 ἀσφαλές
3027 1433 3078 1468 τι
3111 1415 3304 1485 χωρίον
3334 1408 3800 1478 καταφευγόντων.

2160 1510 2377 1578 Ἐπειδὴ
2409 1509 2517 1578 γὰρ
2544 1506 2888 1577 ἰσχυρότερον
2911 1503 3123 1556 πάντων
3144 1502 3170 1552 ό
3199 1499 3416 1569 ταῦρος,
3453 1495 3611 1549 αὑτοῦ
3634 1495 3688 1578 δέ
3711 1493 3802 1545 τοῦ

2148 1597 2286 1659 ζώου
2316 1576 2375 1647 τδ
2407 1576 2746 1664 ἰσχυρότερον
2785 1591 2843 1643 τὸ
2873 1589 3068 1659 κέρας·
3106 1585 3251 1654 ὅπλῳ
3287 1584 3394 1654 γὰρ
3434 1581 3580 1652 αὑτῷ
3606 1576 3806 1650 κέχρη-

2147 1700 2263 1737 ται·
2298 1682 2385 1735 διὰ
2411 1682 2469 1734 τὸ
2493 1680 2868 1749 δυσχείρωτον,
2899 1675 3054 1728 τοῦτο
3089 1685 3113 1712 θ
3147 1671 3362 1725 εἰώθασι
3402 1669 3577 1735 λέγειν
3605 1668 3651 1719 οί
3681 1665 3805 1716 πολ-

2148 1768 2229 1821 λοί
2247 1784 2261 1799 ο
2297 1769 2387 1820 καὶ
2412 1768 2444 1837 ὴ
2480 1766 2668 1836 Γραφὴ
2692 1765 2750 1816 δέ
2778 1762 3035 1824 πολλάκις
3064 1759 3232 1830 κέρας
3269 1756 3454 1827 μονοκέ
3467 1769 3628 1825 ρωτος
3655 1750 3809 1803 καλεῖ

2146 1856 2274 1917 τοὺς
2293 1855 2349 1906 ἐν
2376 1852 2643 1922 ἀσφαλείᾳ
2673 1851 2848 1912 ὄντας.
2887 1851 2988 1901 Ἐν
3007 1850 3206 1913 κέρατι
3229 1841 3322 1896 οὖν
3358 1839 3591 1893 ἐνταῦθά
3622 1853 3805 1906 φησιν,

2149 1942 2206 1993 ἐν
2235 1939 2522 2009 ἀσφαλείᾳ,
2563 1939 2618 1989 ἐν
2662 1936 2804 2005 ὕψει,
2847 1936 2983 2005 ὅπερ
3025 1933 3320 2002 ἀρχόμενος
3367 1929 3581 1994 ἔλεγεν·
3639 1922 3807 1987 Υίοὺς

2148 2028 2464 2096 ἐγέννησα,
2496 2025 2592 2078 καί
2621 2025 2858 2091 ὕψωσα.
2906 2023 3001 2073 Ἐν
3022 2021 3178 2084 τόπῳ
3198 2019 3359 2069 πίονι
3384 2032 3395 2044 ·
3425 2017 3562 2082 ὅπερ
3592 2013 3618 2063 ό
3641 2011 3809 2096 Μωῦ-

2152 2095 2250 2184 σῆς
2284 2109 2427 2178 εἷπε,
2459 2111 2589 2179 Γῆν
2611 2111 2880 2178 ῥέουσαν
2908 2106 3060 2178 γάλα
3101 2105 3197 2157 καὶ
3211 2102 3368 2172 μέλι.
3401 2101 3505 2153 Καὶ
3542 2095 3812 2165 φραγ-μὸν

2151 2201 2489 2268 περιέθηκα,
2522 2199 2618 2252 καί
2646 2196 3021 2266 ἐχαράκωσα.
3057 2188 3380 2259 Φραγμὸνῆ
3420 2187 3477 2240 τὸ
3511 2184 3683 2254 τεῖχός
3708 2198 3810 2250 φη-

2154 2305 2236 2340 σιν
2255 2328 2266 2350 ,
2295 2287 2325 2356 ἢ
2353 2286 2443 2338 τὸν
2479 2285 2660 2354 νόμον,
2686 2286 2718 2354 ἢ
2741 2284 2834 2352 τὴν
2861 2281 3024 2335 αὑτοῦ
3051 2279 3326 2349 πρόνοιαν.
3347 2275 3454 2327 Καὶ
3474 2272 3579 2340 γὰρ
3610 2270 3810 2356 όνὸμος

2148 2355 2360 2442 τείχους
2372 2370 2770 2439 ἀσφαλέστερον
2781 2370 2962 2428 αὐτοῖς
2980 2365 3302 2436 περιέκειτο.
3321 2361 3422 2413 Kal
3439 2355 3809 2442 ἐχαράκωσα,

2146 2460 2441 2520 τουτέστιν,
2483 2456 2725 2527 Ἰσχυράν
2751 2457 2847 2524 τὴν
2877 2453 3172 2521 ἀσφάλειαν
3203 2446 3564 2515 ἐποιησάμην.
3595 2438 3812 2507 Ἐπειδὴ

2151 2545 2260 2616 γὰρ
2281 2543 2536 2606 πολλάκις
2558 2523 2813 2612 φραγμὸς
2839 2537 3263 2607 εὐεπιχείρητον,
3292 2531 3385 2585 καὶ
3419 2529 3630 2616 ἑτέραν,
3656 2523 3810 2616 φησὶ,

2153 2613 2470 2702 περιέὸαλον
2495 2629 2676 2690 αὑτοῖς
2707 2644 2766 2678 συ
2777 2624 3038 2696 μμαχίαν.
3065 2621 3174 2675 Καὶ
3207 2620 3508 2688 ἐφύτευσα
3542 2613 3814 2702 ᾅμπελον

2151 2700 2378 2785 Σωρήχ.
2420 2713 2693 2783 Ἐπιμένει
2720 2715 2782 2782 τῇ
2811 2711 3104 2781 μεταφορᾷ,
3133 2708 3272 2777 ἣνοὺ
3297 2706 3374 2757 δεῖ
3397 2703 3533 2754 κατὰ
3567 2700 3710 2785 λέξιν
3734 2700 3815 2766 ἐρ-

2156 2784 2428 2872 μηνεύειν,
2479 2799 2613 2852 ἀλλά
2671 2800 2759 2850 τὸν
2811 2799 3008 2848 σκοπὸν
3043 2795 3248 2854 εἰδότας
3289 2788 3568 2860 ἀρκεῖσθαι
3619 2784 3810 2852 τούτῳ.

2153 2869 2344 2959 ἷωρὴχ
2384 2889 2440 2940 δέ
2491 2886 2722 2938 ἐνταῦθα
2775 2883 3032 2952 ἀληθινήν
3072 2897 3255 2950 φησιν,
3297 2876 3510 2944 εὑγενῆ,
3544 2872 3662 2941 οὑχὶ
3706 2869 3813 2959 τῶν

2153 2957 2369 3044 φαύλων
2409 2972 2609 3040 φυτῶν,
2639 2972 2757 3024 οὑδέ
2787 2970 2892 3020 τῶν
2927 2965 3380 3034 καταδεεστέρων,
3420 2961 3551 3014 ἀλλὰ
3583 2960 3689 3012 τῶν
3725 2957 3814 3009 δοο

2153 3043 2329 3132 κίμων
2359 3062 2452 3113 καί
2478 3059 2726 3130 πρώτων.
2758 3055 2934 3110 Πολλὰ
2964 3054 3071 3124 γὰρ
3091 3051 3207 3124 [53]
3233 3051 3488 3121 ἀμπέλων
3517 3047 3668 3116 γένη,
3706 3043 3812 3132 καί

2152 3129 2780 3215 ᾠκοδόμησαίπύργον
2813 3141 2908 3194 καί
2952 3139 3278 3208 προλήνιον
3304 3138 3371 3189 ἐν
3401 3135 3568 3202 μέσῳ
3605 3129 3811 3184 αὑτοῦ.

2155 3234 2310 3296 Τινὲς
2337 3233 2356 3270 ί
2395 3233 2484 3284 τὸν
2515 3232 2637 3283 ναόν
2670 3247 2799 3297 φασι
2823 3267 2836 3291 ,
2865 3229 2957 3280 καὶ
2992 3226 3276 3296 προλήνιον
3307 3223 3366 3274 τὸ
3396 3219 3778 3287 θυσιαστήριον
3798 3254 3813 3281 ,

2155 3321 2249 3372 ἅτε
2275 3319 2382 3372 τῶν
2415 3319 2637 3386 καρπῶν
2653 3319 2767 3369 ἐκεῖ
2800 3313 3176 3382 συναγομένων
3210 3312 3303 3380 τῆς
3331 3309 3527 3377 ἀρετῆς
3560 3306 3659 3374 τῆς
3684 3304 3814 3357 ἐκά-

2155 3423 2302 3464 στου,
2322 3403 2541 3456 καὶτῶν
2571 3400 2914 3472 προσφορῶν,
2943 3401 3036 3452 καὶ
3064 3398 3170 3449 τῶν
3199 3396 3393 3448 θυσιῶν
3424 3390 3648 3446 ἁπασῶν
3668 3406 3680 3419 ·
3709 3389 3817 3456 ἐγὼ

2157 3488 2336 3556 μέντοι
2362 3485 2536 3544 τοῦτο,
2579 3486 2714 3553 ὅπερ
2745 3483 2912 3550 ἔφθην
2955 3485 3122 3533 εἰπὼν
3142 3522 3156 3545 ,
3185 3480 3278 3531 καὶ
3313 3478 3404 3530 νῦν
3435 3476 3544 3544 ἐρῶ
3564 3513 3577 3538 ,
3627 3475 3708 3524 ὅτι
3739 3470 3816 3540 τῷ

2157 3572 2338 3641 σκοπῷ
2369 3573 2448 3623 δεῖ
2492 3569 2775 3639 προσέχειν
2817 3569 2912 3637 τῆς
2947 3567 3274 3635 μεταφορᾶς.
3311 3563 3406 3614 Διὰ
3451 3561 3555 3630 γὰρ
3600 3560 3817 3610 πάντων

2153 3659 2309 3712 τοῦτο
2371 3657 2612 3727 βούλεται
2667 3657 2856 3717 εἰπεῖν,
2912 3654 2991 3705 ὃτι
3030 3653 3110 3703 Τὰ
3165 3650 3291 3720 παρ’
3344 3645 3579 3718 ἐμαυτοῦ
3641 3645 3819 3697 πάντα

2155 3746 2288 3815 ἐπλή
2300 3761 2464 3815 ρωσα,
2491 3743 2667 3795 πᾶσαν
2696 3741 3003 3810 ἐπιμέλειαν
3031 3737 3405 3806 ἐπεδειξάμην.
3430 3735 3504 3787 Οὑ
3535 3732 3817 3785 κατέτεινα

2155 3833 2438 3898 καμάτοις,
2475 3830 2534 3880 οὑ
2569 3828 2858 3898 συνέτριψα
2881 3827 3080 3889 πόνοις,
3111 3825 3209 3876 οὑκ
3234 3824 3427 3884 αὐτοὺς
3465 3819 3819 3888 οἰκοδομῆσαι

2155 3919 2433 3976 ἐκέλευσα,
2459 3916 2557 3967 οὑκ
2590 3915 2783 3975 αὑτοὺς
2811 3912 3033 3980 σκάψαι,
3057 3912 3154 3962 οὑκ
3176 3911 3370 3970 αὑτοὺς
3398 3906 3681 3974 φυτεῦσαι,
3706 3901 3819 3956 ἀλλ’

2156 4002 2558 4074 ἀπηρτισμένον
2588 3999 2647 4051 τὸ
2689 3998 2844 4068 ἔργον
2870 3997 3172 4064 παρέδωκα.
3220 3996 3327 4046 Καὶ
3361 3993 3475 4045 οὑδέ
3503 3993 3665 4061 μέχρι
3698 3991 3821 4042 τού-

2154 4107 2245 4142 του
2266 4089 2333 4140 τά
2357 4088 2455 4156 τῆς
2482 4083 2885 4154 φιλανθρωπίας
2906 4081 3104 4150 ἐστησα
3129 4079 3305 4148 μόνον,
3327 4077 3459 4130 άλλά
3485 4077 3592 4130 Καὶ
3616 4075 3821 4144 ἔμεινα

2155 4175 2261 4230 τοῦ
2287 4173 2536 4241 ποιῆσαι
2569 4169 2911 4239 σταφυλὴν,
2948 4167 3039 4220 καὶ
3068 4166 3323 4234 ἀνέμεινα
3351 4163 3441 4216 τὸν
3475 4163 3822 4233 προσήκοντα

2158 4262 2346 4332 καιρὸν
2374 4262 2473 4329 τῆς
2515 4257 2887 4330 καρποφορίας
2911 4293 2924 4312 .
2958 4252 3301 4325 μακροθυμία
3340 4251 3508 4320 πολλῇ
3550 4249 3825 4320 χρησάμε-

2157 4364 2265 4409 νος.
2290 4345 2362 4396 Τὸ
2394 4345 2520 4412 γὰρ,
2548 4345 2811 4410 Ἔμεινα,
2844 4339 2999 4392 τοῦτο
3031 4338 3195 4406 δηλοῖ.
3240 4337 3520 4401 Ἐποίησε
3540 4333 3606 4386 δὲ
3635 4333 3822 4386 ἀκὰνο

2156 4439 2282 4498 ϐας.
2329 4434 2431 4484 Τὸν
2452 4433 2696 4499 ἄκαρπον
2725 4429 2900 4480 αὑτῶν
2942 4427 3052 4495 βίον
3095 4425 3443 4487 ἐνδείκνυται,
3472 4422 3561 4474 τὸν
3590 4421 3818 4490 τραχὺν,

2155 4522 2246 4573 τὸν
2285 4518 2536 4588 σκληρόν.
2589 4517 2742 4579 Τίνος
2768 4511 2858 4568 οῦν
2897 4514 2960 4567 ἂν
3003 4510 3109 4565 εἷεν
3151 4509 3480 4581 συγγνώμης
3513 4508 3654 4572 ἄξιοι
3684 4508 3824 4578 μετὰ

2155 4606 2423 4675 τοσαύτην
2450 4604 2765 4673 ἐπιμέλειαν
2797 4602 3014 4663 τούτους
3034 4599 3319 4661 ἀποδόντες
3346 4598 3421 4666 τῷ
3444 4596 3673 4666 γεωργῷ
3697 4597 3825 4658 τοὺς

2157 4694 2436 4765 καρπούς;
2473 4693 2580 4744 Καὶ
2609 4691 2746 4754 νῦν,
2767 4689 3070 4756 ἅνθρωπος
3097 4685 3202 4738 τοῦ
3246 4683 3441 4738 Ἰούδα
3471 4684 3565 4736 καί
3598 4685 3651 4734 οί
3682 4699 3826 4734 κατ-

2158 4781 2464 4844 οικοῦντες
2519 4775 2903 4844 Ἰερουσαλὴμ
2928 4813 2942 4838 ,
2992 4773 3230 4840 κρίνατε
3273 4771 3342 4822 ἐν
3385 4769 3514 4838 ἐμοὶ
3554 4768 3655 4820 καὶ
3706 4769 3827 4821 ἀνὰ

2154 4868 2349 4936 μέσον
2396 4864 2503 4918 τοῦ
2537 4861 2888 4930 ἀμπελῶνος
2924 4876 3060 4927 μου.
3096 4856 3270 4925 Πολλὴ
3299 4856 3405 4908 τῶν
3439 4853 3826 4922 δικαιωμάτων

2157 4956 2190 5024 ή
2232 4951 2538 5022 περιουσία,
2588 4949 2715 5000 ὅταν
2764 4945 2960 5006 αὑτοὺς
3010 4945 3135 5004 τοὺς
3176 4941 3505 5002 ὑπευθύνους
3559 4940 3825 5004 δικαστὰς

2158 5039 2358 5110 καθίζῃ
2381 5042 2489 5099 τοῖς
2520 5037 2609 5088 ὑπ’
2638 5033 2799 5085 αὑτοῦ
2834 5030 3246 5100 γεγενημένοις,
3276 5029 3368 5081 καὶ
3404 5029 3516 5088 τοῖς
3545 5026 3636 5078 ὑπ’
3677 5026 3827 5078 ἐκεί-

2159 5144 2282 5179 νων.
2320 5124 2426 5178 Κιιί
2448 5121 2582 5176 νῦν.
2612 5121 2684 5173 Οὑ
2719 5119 2859 5186 λέγω
2887 5117 2954 5169 τὰ
2983 5115 3203 5178 παλαιὰ,
3240 5114 3418 5182 φησὶν,
3449 5112 3582 5165 ἀλλὰ
3610 5113 3698 5165 καὶ
3727 5113 3827 5182 σή-

2165 5229 2326 5283 μερον
2356 5209 2567 5279 ἕτοιμός
2589 5208 2701 5276 εἰμι
2727 5203 3056 5268 δικάζεσθαι.
3083 5201 3263 5262 Οὕτως
3283 5199 3532 5252 οὐδέποτε
3558 5198 3826 5252 διαλείπω

2160 5301 2226 5353 τὰ
2259 5297 2494 5368 ἐμαυτοῦ
2539 5293 2760 5364 πληρῶν
2785 5334 2799 5357 ,
2829 5291 2949 5343 οὑδέ
2991 5291 3146 5359 ὑμεῖς
3185 5289 3252 5338 τὰ
3287 5286 3495 5338 ἑαυτῶν
3523 5285 3824 5357 πληροῦτε.

2168 5388 2226 5440 Τί
2252 5383 2479 5449 ποιήσω
2507 5381 2591 5433 ἔτι
2621 5378 2699 5442 τῷ
2738 5376 3044 5445 ἀμπελῶνί
3060 5392 3174 5444 μου
3195 5375 3218 5412 ε
3244 5389 3260 5438 ;
3289 5372 3436 5425 διότι
3457 5373 3694 5439 ἔμεινα,
3722 5374 3828 5427 ἵνα

2163 5472 2384 5540 ποιήσῃ
2416 5465 2755 5535 σταφυλὴν,
2787 5465 3033 5528 ἐποίησε
3060 5461 3126 5513 δὲ
3152 5459 3436 5524 ἀκάνθας.
3478 5460 3539 5512 Ἠ
3579 5460 3824 5531 συνθήκη

2229 5611 2252 5638 e
2274 5597 2327 5643 In
2353 5596 2471 5654 Reg.
2499 5599 2551 5640 et
2581 5591 2736 5654 ξεῖ-ῆι.
2762 5587 2902 5654 τοῦτο
2926 5589 3082 5636 deest.

2232 5659 2250 5694 f
2283 5645 2557 5704 Secufﬁlum
2579 5652 2819 5699 Tilmanni
2837 5647 3287 5709 interpretationem
3311 5647 3478 5708 πύργω
3504 5645 3826 5694 inserendum

2163 5720 2400 5835 Ἦόερὸιῦίρ
2429 5777 2703 5835 sequuntur
2723 5776 2831 5835 po§t
2851 5769 3230 5835 ὰμπελῷνίημογ,
3253 5777 3410 5835 iisque
3432 5767 3504 5835 ,βό
3531 5766 3700 5835 ἐπειδὴ-
3735 5765 3826 5835 τήν

2164 5827 2313 5896 νίκηνῖ
2335 5827 2672 5883 desidei-antur
2694 5827 2744 5882 iii
2774 5827 2896 5894 Reg;
2920 5837 2972 5877 et
2994 5827 3624 5888 Ξεινίί.,δι’ὁμοιοτέ).ιυτον,
3654 5832 3709 5873 ut
3748 5827 3825 5874 ιιι

2164 5903 2325 5956 detur,
2351 5898 2540 5946 omissa.
