4058 6216
208 442 282 498 5.,
1486 408 1552 464 IN
1594 403 1837 472 ISAIAM.
1879 410 2030 466 car.
2077 406 2132 468 ν.

193 535 361 593 menti
390 546 635 588 sermone
654 537 824 600 egeat,
852 536 905 583 et
932 527 1107 581 animo
1126 538 1229 579 non
1253 520 1495 585 remisso,
1523 520 1613 574 sed
1636 534 1761 574 con-

193 628 380 687 citato,
410 642 466 681 se
496 632 818 679 cantaturum
845 619 996 673 nobis
1023 615 1297 687 promittit,
1326 621 1379 667 et
1401 611 1762 666 accusatiOnes

191 717 457 774 canticum
501 722 675 767 vocat.
722 712 791 764 At
829 725 935 764 non
978 710 1093 778 ipse
1119 707 1264 762 solus
1287 745 1302 769 ,
1332 703 1426 759 sed
1455 713 1502 757 et
1544 716 1762 771 magnus

197 807 286 861 ille
308 806 543 875 Moyses,
571 806 657 871 qui
688 810 809 855 tunc
834 798 1151 867 triumphale
1187 794 1312 849 illud
1337 794 1595 848 canticum
1620 791 1761 845 ccci-

199 908 391 961 nerat;
436 896 559 949 dum
592 893 803 947 Judzeos
836 887 1201 960 reprehendit,
1236 887 1445 955 longum
1477 884 1602 939 illud
1632 894 1763 938 can-

198 988 363 1041 ticum
388 985 516 1039 fecit
534 981 1029 1052 reprehensionibus
1043 976 1466 1045 plenum,dicens
1490 994 1503 1029 :
1531 974 1763 1028 Haecine

198 1077 418 1131 Domino
438 1074 680 1128 redditis?
706 1071 805 1125 Hic
830 1071 1045 1140 populus
1070 1068 1251 1122 stultus
1270 1076 1316 1119 et
1337 1066 1571 1135 insipiens
1585 1062 1759 1135 (Deut.

197 1169 288 1224 '52.
318 1167 433 1238 6);
464 1176 517 1220 et
544 1165 719 1219 multis
753 1162 990 1217 collectis
1017 1157 1451 1218 accusationibus.
1486 1157 1599 1209 haec
1623 1156 1765 1223 ipsos

199 1272 399 1313 canere
426 1258 539 1325 lege
568 1253 850 1324 praecepit;
880 1260 935 1305 et
962 1264 1060 1303 nos
1083 1247 1344 1317 hodieque
1378 1254 1627 1302 canentes
1651 1247 1765 1299 lucc

200 1349 445 1403 dicimus.

267 1439 529 1495 Canticum
574 1453 665 1490 cur
709 1434 1076 1488 criminationes
1118 1431 1385 1486 contineat.
1410 1460 1479 1470 —
1504 1428 1613 1484 Cur
1640 1441 1765 1499 ergo

198 1529 596 1585 criminationes
617 1534 674 1579 ut
692 1524 952 1580 canticum
974 1523 1332 1577 concinnant?
1357 1520 1624 1589 Sapientia
1650 1533 1766 1574 cer-

199 1631 251 1674 te
282 1619 364 1673 usi
408 1616 698 1687 spirituali,
740 1624 792 1670 et
828 1614 1051 1668 multum
1088 1612 1429 1667 emolumenti
1470 1609 1764 1665 auditorum

196 1709 391 1763 animis
420 1707 611 1762 inferre
635 1706 893 1761 volentes.
925 1703 1055 1770 Quia
1082 1702 1223 1757 enim
1250 1702 1378 1755 nihil
1405 1702 1483 1755 sic
1508 1701 1638 1755 utile
1662 1709 1762 1764 est,

201 1809 256 1852 ut
295 1797 561 1853 scelerum
592 1795 801 1850 assidue
846 1793 1151 1857 recordari,
1200 1792 1432 1861 nihilque
1459 1792 1765 1845 memoriam

195 1893 266 1947 ita
313 1893 519 1945 firmam
562 1890 728 1959 parit,
760 1895 816 1941 ut
845 1884 1069 1941 melodia
1093 1924 1109 1950 ,
1152 1898 1218 1939 ne
1245 1884 1315 1938 ob
1342 1884 1764 1938 criminationum

198 1981 614 2050 magnitudinem
646 1977 865 2031 taederet
896 1990 988 2031 eos
1009 2015 1024 2040 ,
1055 1984 1108 2030 et
1135 1974 1400 2029 assiduam
1430 1983 1765 2045 peccatorum

200 2072 514 2127 memoriam
542 2069 983 2138 subterfugerent,
1012 2067 1198 2122 cantici
1225 2067 1576 2121 modulatione
1602 2066 1767 2134 pudo-

196 2178 309 2217 rem
337 2161 635 2230 subripiens
662 2175 727 2215 ex
756 2159 1008 2214 memoria
1039 2166 1244 2226 partum
1264 2197 1278 2219 ,
1307 2166 1357 2211 et
1384 2156 1765 2211 intolerabilem

196 2266 489 2308 mmrorem
535 2250 757 2313 leniens,
812 2248 925 2302 haec
965 2247 1170 2301 cantica
1220 2245 1379 2310 fecit,
1423 2254 1481 2299 ut
1526 2243 1766 2299 melodizc

197 2354 385 2393 amore
426 2339 592 2393 coacti
626 2338 693 2393 ad
742 2352 806 2392 ea
834 2337 1135 2403 frequenter
1179 2333 1559 2404 pronuntianda
1583 2373 1597 2392 .
1629 2346 1769 2401 saepe

199 2430 414 2484 illorum
443 2429 853 2484 recordarentur
871 2469 887 2494 ,
915 2428 1229 2495 assidueque
1255 2425 1545 2479 doctrinam
1574 2424 1641 2478 de
1677 2438 1769 2478 co-

197 2520 355 2574 lenda
385 2520 580 2574 virtute
608 2519 863 2573 haberent
881 2559 896 2583 ,
926 2531 1117 2586 nempe
1145 2515 1406 2570 assiduam
1436 2524 1767 2583 peccatorum

199 2609 650 2664 recordationem.
696 2607 853 2664 Scitis
900 2608 1057 2676 igitur
1101 2606 1235 2659 alios
1276 2604 1559 2673 Scriptura:
1604 2604 1768 2658 libros

198 2700 383 2754 multis
422 2698 683 2767 hodieque
725 2712 795 2751 ne
835 2696 902 2751 de
930 2696 1141 2750 nomine
1181 2694 1393 2765 quidem
1436 2702 1588 2747 notos
1616 2708 1767 2759 esse;

200 2790 534 2844 Psalmorum
563 2800 737 2842 autem
765 2802 898 2855 opus
935 2799 1121 2840 omnes
1160 2787 1211 2837 in
1241 2799 1333 2838 ore
1369 2784 1535 2845 ferre,
1575 2792 1629 2836 et
1658 2782 1771 2836 hate

203 2880 367 2933 etiam
392 2879 594 2932 cantica
618 2894 632 2929 :
657 2877 837 2945 sicque
858 2891 922 2930 ex
947 2875 1105 2929 rebus
1130 2874 1257 2942 ipsis
1277 2872 1588 2938 ostenditur,
1614 2888 1772 2939 quan-

201 2980 314 3024 tum
342 2984 411 3023 ex
440 2976 595 3023 cantu
619 2967 822 3022 lucrum
849 2965 1083 3020 accedat.
1125 2964 1325 3018 Idcirco
1353 2963 1465 3030 ipse
1493 2963 1566 3017 ait
1591 2979 1605 3015 :
1632 2960 1770 3016 Can-

203 3061 320 3113 tabo
346 3057 527 3111 dilecto
556 3073 665 3110 meo
693 3056 941 3110 canticum
969 3054 1132 3109 dilecti
1162 3054 1258 3105 mei
1282 3054 1436 3106 vincte
1471 3067 1611 3107 meat.
1640 3051 1773 3107 Can—

203 3150 360 3203 ticum
388 3149 567 3201 dilecto
585 3188 600 3213 ,
628 3147 732 3210 ait,
765 3148 956 3199 vincte:
985 3142 1209 3197 cantabo
1236 3144 1375 3196 circa
1418 3143 1587 3211 ipsum
1631 3142 1770 3196 dile-

202 3253 369 3298 ctum.
416 3243 483 3297 Et
511 3242 610 3312 ipsi
649 3249 824 3307 canto,
869 3239 1054 3308 inquit,
1094 3246 1146 3292 ct
1172 3246 1537 3308 argumentum
1584 3235 1772 3291 cantici

202 3336 347 3389 circa
379 3334 525 3387 illum
554 3342 606 3387 et
634 3347 720 3387 res
746 3331 813 3385 ad
850 3345 972 3385 eum
1014 3338 1310 3399 spectantes
1334 3338 1589 3382 versatur.
1621 3325 1771 3393 Quod

205 3424 253 3479 si
284 3425 653 3491 objurgaturus
676 3430 729 3476 et
763 3422 1009 3475 dilectum
1034 3428 1187 3473 vocat
1213 3427 1269 3472 et
1295 3426 1546 3479 amatum,
1576 3432 1642 3469 ne
1669 3417 1771 3469 mi-

205 3514 363 3567 reris.
414 3512 544 3566 Nam
590 3522 642 3565 et
687 3511 787 3565 hoc
833 3524 1078 3576 magnum
1122 3516 1204 3561 est
1244 3506 1309 3560 ad
1352 3506 1770 3559 criminationem

204 3600 487 3667 viaticum,
533 3600 671 3665 quod
716 3599 918 3653 scilicet
962 3612 1081 3652 cum
1123 3596 1487 3663 diligerentur,
1533 3604 1586 3649 et
1627 3603 1772 3648 tanta

206 3695 507 3748 fruerentur
537 3691 630 3745 Dei
658 3688 1047 3753 benevolentia,
1072 3674 1245 3756 neque
1272 3687 1348 3740 sic
1376 3687 1620 3739 meliores
1649 3684 1773 3738 eﬂ‘e-

205 3783 277 3836 cti
308 3782 433 3835 sint.
484 3780 594 3834 lloc
629 3788 683 3833 et
710 3779 845 3832 alius
884 3778 1141 3846 propheta
1168 3775 1503 3830 subindicans
1524 3774 1727 3828 dicebat
1753 3792 1768 3827 :

207 3873 366 3938 Quasi
393 3888 541 3925 uvam
580 3873 633 3923 in
672 3870 862 3924 deserto
889 3870 1051 3921 inveni
1086 3867 1251 3921 Israel
1274 3907 1289 3931 ,
1316 3867 1459 3937 quasi
1486 3882 1692 3934 scopum
1718 3868 1772 3919 in

208 3965 310 4032 ﬁcu
353 3960 429 4033 (a)
475 3976 742 4029 praecocem
784 3960 885 4013 uidi
928 3969 1092 4027 patres
1136 3974 1306 4011 eorum
1343 3956 1510 4025 (Osee
1540 3957 1592 4011 9.
1627 3956 1769 4026 l0):

204 4054 469 4123 optabiles
499 4052 618 4106 illos
657 4052 1012 4119 amabilesque
1054 4064 1173 4104 esse
1202 4063 1296 4117 per
1325 4048 1424 4103 hos
1467 4047 1664 4103 fruetus
1695 4048 1773 4101 in-

204 4145 391 4200 dicans
420 4160 433 4196 :
462 4142 718 4213 optabiles
738 4182 753 4206 ,
784 4141 996 4210 inquam
1017 4181 1033 4205 ,
1065 4140 1421 4208 amabilesque
1447 4153 1549 4192 non
1588 4153 1652 4192 ex
1678 4152 1769 4192 sua

202 4234 435 4297 virtute,
482 4232 575 4288 sed
615 4247 683 4287 ex
722 4231 815 4285 Dei
859 4231 1199 4298 benignitate.
1231 4228 1379 4295 Quod
1407 4236 1579 4282 autem
1624 4228 1768 4294 dicit,

206 4324 513 4395 hujusmodi
538 4333 617 4379 est
650 4342 662 4377 :
694 4323 812 4393 Ego
838 4324 909 4376 ita
939 4322 1117 4384 dilexi,
1145 4329 1205 4373 ut
1226 4321 1271 4375 si
1299 4320 1416 4389 quis
1445 4336 1597 4374 uvam
1626 4321 1772 4375 inve-

206 4416 348 4470 nerit
377 4414 429 4469 in
454 4413 685 4477 deserto,
713 4422 803 4467 aut
829 4413 873 4466 si
902 4412 1021 4481 quis
1045 4425 1261 4479 scopum
1288 4411 1543 4478 repererit
1568 4412 1619 4463 in
1649 4411 1768 4464 ficu.

202 4507 425 4563 Etiamsi
454 4506 597 4561 enim
624 4504 737 4558 lucc
764 4502 1005 4571 exempla
1039 4501 1248 4569 indigna
1277 4498 1383 4553 sint
1413 4499 1539 4563 Deo,
1568 4509 1621 4553 at
1652 4500 1771 4553 illo-

201 4613 321 4653 rum
350 4595 596 4665 ingluviei
638 4600 990 4647 consentanea
1020 4598 1161 4645 sunt.
1189 4588 1298 4657 Ipsi
1325 4604 1483 4653 vero,
1515 4590 1621 4653 ait,
1650 4604 1769 4644 cum

203 4696 349 4742 tanta
374 4684 658 4739 dilectione
679 4681 1004 4744 fruerentur,
1027 4678 1297 4733 abalienati
1314 4688 1447 4743 sunt,
1471 4680 1772 4748 ingressique

201 4786 320 4830 sunt
344 4775 413 4827 ad
439 4771 765 4843 Beelphegor.
793 4772 881 4825 Sic
906 4785 1034 4824 sane
1058 4770 1202 4823 illum
1233 4770 1317 4823 hic
1344 4777 1498 4823 vocat
1519 4769 1769 4823 dilectum

200 4879 256 4923 et
295 4874 534 4920 amatum
562 4904 578 4930 ,
618 4861 903 4917 ostendens
942 4861 1103 4915 Deum
1148 4860 1323 4914 omnia
1365 4875 1481 4928 qua:
1521 4874 1550 4912 a
1596 4861 1769 4927 seipso

199 4962 354 5011 erant
378 4954 677 5010 exhibuisse
695 4992 710 5016 ,
738 4966 844 5005 non
874 4950 1013 5020 quod
1053 4950 1152 5019 ipsi
1195 4950 1447 5018 coeperint
1468 4989 1483 5013 ,
1512 4948 1603 5002 sed
1630 4949 1765 5017 quod

202 5049 345 5103 Deus
378 5046 524 5116 prior
548 5045 754 5099 amarit.
788 5041 865 5097 llli
887 5056 1015 5097 vero
1038 5056 1209 5110 neque
1236 5050 1417 5109 postea
1442 5040 1627 5109 dignos
1649 5056 1768 5096 sese

197 5137 468 5194 beneﬂcio
495 5136 881 5199 exbibuerunt;
918 5132 1013 5187 sed
1038 5146 1201 5202 opere
1239 5132 1353 5199 ipso
1393 5132 1567 5185 omnia
1612 5132 1765 5185 exhi-

197 5230 367 5283 buere
411 5225 696 5285 contraria.
739 5222 894 5276 Vinea
934 5222 1069 5291 facta
1118 5229 1187 5274 est
1242 5220 1453 5283 dilecto,
1486 5221 1537 5272 in
1574 5236 1763 5283 cornu,

198 5320 253 5373 in
300 5319 412 5373 loco
458 5316 648 5387 pingui.
694 5314 871 5370 Vinea:
921 5312 1135 5368 nomine
1168 5326 1380 5365 omnem
1423 5311 1768 5367 subindicavit

258 5452 332 5514 (a)
365 5450 422 5514 in
442 5456 622 5514 9mm,
644 5461 691 5504 ὧς
712 5459 842 5497 σκαιὸν
865 5460 900 5496 ιν
918 5461 1023 5514 qui.
1060 5451 1235 5514 sensus
1278 5449 1371 5514 est,
1397 5442 1534 5514 quasi
1555 5443 1768 5514 specula-

194 5505 347 5563 torem
363 5511 413 5560 in
427 5509 540 5572 ficu.
560 5517 669 5572 Nam
692 5521 820 5564 σκοπός
837 5505 1113 5572 pauloante
1133 5507 1181 5552 iu
1207 5505 1381 5572 eodem
1393 5506 1594 5572 capite?
1612 5515 1764 5572 escae,

198 5587 244 5620 v.
288 5573 337 5632 8,
364 5564 442 5621 est.
463 5567 749 5631 speculator.
775 5564 877 5632 ,Ηίέ
900 5575 1063 5632 autem
1096 5578 1240 5632 versu
1266 5566 1322 5614 lO
1344 5564 1546 5628 Vulgata
1571 5566 1715 5632 habet
1750 5581 1763 5617 :

196 5626 336 5693 quasi
380 5626 538 5694 pruna
580 5643 720 5694 poma
762 5626 994 5694 ﬁculneis.
1042 5627 1095 5694 lu
1135 5630 1340 5694 ‘Helirzeo
1382 5626 1542 5694 autem
1589 5628 1765 5694 legitur

463 5685 601 5757 quasi
622 5685 803 5753 primus
825 5690 1007 5752 [ructus
1030 5685 1263 5750 ﬁculnew,
1299 5688 1433 5750 quasi
1455 5685 1765 5752 piimog'unira

260 5771 286 5804 tt
309 5770 426 5805 ιιεω.

231 5768 426 5809 εειιιιεω.

3370 448 3443 506 58

1868 525 2242 591 providentiam
2269 567 2285 594 ,
2321 545 2574 601 suamque
2613 532 2748 587 circa
2790 531 2905 586 illos
2940 533 3364 594 sollicitudinem.

1934 616 1988 670 2.
2028 618 2209 687 Neque
2234 621 2319 674 hic
2344 622 2560 689 gradqu
2591 624 2760 689 sistit,
2793 626 2883 679 sed
2911 628 3009 680 alia
3038 629 3193 683 etiam
3226 632 3427 684 hem-tl-

1864 708 1943 761 cia
1971 719 2247 763 enumerat
2275 727 2287 762 :
2317 712 2593 782 primoque
2626 714 2675 768 id
2702 726 2914 783 pratstat
2944 732 2973 771 a
3002 717 3103 773 situ
3134 720 3269 786 loci;
3303 722 3426 777 illud

1865 800 2004 851 enim
2026 836 2043 866 ,
2071 796 2138 851 In
2166 815 2323 853 cornu
2341 842 2356 865 ,
2397 802 2448 854 in
2476 803 2586 857 loco
2607 805 2813 875 pingui,
2848 816 2953 860 tum
2983 818 3221 863 naturam
3249 822 3424 871 terrae.

1868 896 1979 941 tum
2006 889 2166 942 situm
2193 890 2419 946 laudans
2443 893 2571 947 dicit
2599 914 2611 949 :
2641 895 2691 949 id
2721 897 2859 966 quod
2888 907 2940 951 et
2968 899 3127 953 David
3157 903 3428 969 psallendo

1866 975 1998 1030 dixit
2023 976 2090 1033 de
2114 978 2405 1035 Jerusalem
2434 998 2448 1035 :
2479 982 2674 1039 Montes
2696 986 2750 1039 in
2778 988 2988 1041 circuitu
3019 990 3145 1059 ejus,
3177 1000 3224 1043 et
3247 990 3425 1047 Domi-

1867 1081 1961 1119 nus
1985 1066 2038 1121 in
2065 1068 2277 1123 circuitu
2308 1072 2481 1140 papuli
2503 1073 2580 1125 sui
2608 1072 2774 1143 (Psal.
2802 1076 2918 1131 124.
2943 1077 3023 1147 2).
3053 1077 3289 1148 Namque
3316 1080 3429 1133 cin-

1868 1158 1942 1211 xit
1965 1172 2114 1224 eam,
2151 1159 2349 1228 inquit,
2376 1161 2456 1216 vel
2484 1177 2548 1216 ex
2589 1164 2690 1217 situ
2722 1165 2820 1220 loci
2850 1184 2863 1219 :
2894 1177 3143 1223 ueterum
3175 1171 3273 1223 hoc
3296 1184 3426 1224 con-

1868 1257 2041 1303 tentus
2066 1265 2170 1304 non
2198 1250 2325 1319 fuit,
2359 1253 2451 1307 sed
2491 1254 2750 1309 maximus
2776 1256 2886 1325 ipse
2920 1273 3102 1313 murus
3144 1259 3218 1313 illi
3261 1261 3428 1316 factus

1867 1351 1949 1395 est
1977 1359 1991 1394 :
2016 1342 2155 1411 quod
2186 1342 2273 1399 hic
2312 1346 2608 1401 subindicat
2636 1348 2816 1402 dicens
2840 1389 2853 1413 ,
2886 1347 2951 1402 In
2992 1366 3146 1403 cornu
3168 1392 3181 1411 .
3210 1351 3428 1421 inexpu-

1864 1433 2129 1501 gnabilem
2157 1449 2347 1503 nempe
2370 1452 2489 1491 esse
2511 1438 2682 1491 locum
2709 1454 2724 1502 ;
2754 1448 2809 1491 at
2831 1438 2968 1507 quod
2994 1439 3163 1509 majus
3192 1450 3304 1507 est,
3336 1442 3424 1494 Dei

1867 1521 2156 1577 subsidium
2183 1524 2413 1579 declarat
2448 1541 2514 1581 ex
2555 1528 2855 1597 metaphora
2897 1528 3072 1583 bovini
3101 1544 3283 1585 cornu.
3330 1530 3424 1584 Et—

1865 1615 2007 1667 enim
2036 1614 2138 1667 tale
2162 1613 2403 1685 adagium
2433 1617 2482 1669 in
2508 1617 2692 1686 vulgus
2716 1618 2842 1672 exiit
2878 1618 2943 1673 de
2972 1619 3038 1673 iis
3061 1620 3146 1688 qui
3176 1621 3227 1673 in
3260 1628 3425 1673 lutum

1866 1701 2093 1771 aliquem
2118 1702 2289 1757 locum
2314 1704 2638 1774 confugiunt.
2663 1707 2793 1771 Quia
2818 1708 2959 1762 enim
2983 1709 3215 1761 omnium
3252 1708 3428 1764 fortis-

1868 1792 2033 1846 simus
2061 1802 2143 1847 est
2174 1802 2353 1849 taurus
2371 1836 2387 1861 ,
2414 1796 2552 1865 quod
2583 1810 2708 1851 vero
2734 1796 2919 1852 fortius
2945 1799 2995 1852 in
3022 1813 3106 1865 eo,
3134 1807 3213 1853 est
3238 1815 3423 1865 cornu,

1866 1896 1973 1951 quo
1992 1896 2089 1937 ceu
2112 1884 2274 1937 armis
2299 1884 2481 1951 utitur,
2504 1886 2624 1955 quia
2645 1897 2799 1956 captu
2821 1887 3035 1944 difllcile
3058 1899 3158 1955 εει,
3182 1890 3232 1944 id
3257 1892 3430 1945 solent

1867 1972 2018 2026 multi
2046 1971 2224 2029 dicere
2253 1990 2267 2027 :
2300 1988 2363 2028 ac
2389 1975 2655 2045 Scriptura
2685 1992 2827 2046 saepe
2853 1992 3020 2033 cornu
3046 1980 3312 2035 unicornis
3336 1994 3428 2034 vo-

1867 2069 1955 2115 cat
1978 2076 2071 2117 eos
2093 2102 2108 2126 ,
2147 2063 2238 2133 qui
2267 2064 2320 2118 in
2361 2074 2473 2119 tuto
2503 2067 2655 2133 positi
2682 2076 2822 2122 sunt.
2870 2067 2935 2121 In
2960 2085 3113 2123 cornu
3145 2070 3315 2140 itaque
3344 2072 3429 2125 hic

1868 2150 2016 2214 dicit.
2045 2154 2200 2220 quasi
2228 2154 2279 2207 in
2307 2162 2439 2218 tuto,
2464 2153 2515 2208 in
2546 2156 2652 2209 alto
2681 2156 2796 2210 loco
2828 2176 2840 2212 :
2868 2158 2917 2212 id
2948 2160 3084 2228 quod
3112 2159 3259 2213 initio
3286 2161 3429 2214 dice-

1868 2239 1959 2293 bat
1979 2256 1993 2293 :
2015 2240 2177 2294 Filios
2198 2244 2347 2310 genui
2367 2252 2413 2296 et
2432 2244 2645 2297 exaltovi
2665 2244 2811 2312 (Isai.
2835 2248 2885 2300 l.
2903 2246 2979 2305 2).
3004 2247 3070 2301 In
3092 2249 3199 2302 loco
3220 2250 3429 2319 pingui:

1869 2328 2010 2396 quod
2053 2329 2261 2400 Moyses
2305 2332 2513 2387 dicebat
2551 2348 2565 2386 :
2604 2333 2809 2388 Terram
2851 2337 3085 2405 ﬂuentem
3126 2339 3204 2391 lac
3242 2348 3292 2393 et
3332 2339 3430 2393 mel

1874 2419 2064 2489 (Exod.
2082 2422 2135 2476 5.
2154 2423 2230 2491 8).
2254 2422 2309 2475 2.
2338 2423 2397 2476 Et
2418 2441 2583 2492 sepem
2602 2427 2955 2495 circumposui,
2974 2440 3020 2482 et
3040 2431 3427 2484 circumcallavi.

1872 2511 2056 2583 Sepem
2081 2523 2171 2567 aut
2193 2529 2397 2568 murum
2421 2515 2567 2579 dicit,
2599 2526 2689 2569 aut
2714 2517 2899 2587 legem,
2931 2526 3021 2571 aut
3050 2518 3428 2589 providentiam

1872 2620 2043 2660 suam.
2076 2606 2283 2660 Etenim
2324 2608 2406 2661 lex
2448 2609 2611 2662 tutius
2649 2624 2804 2678 quam
2835 2625 3015 2664 murus
3052 2610 3168 2665 ilios
3198 2613 3429 2666 circum-

1869 2698 2128 2766 cingebat.
2160 2696 2228 2748 Et
2266 2699 2635 2753 circumvallaui
2658 2715 2677 2762 ;
2721 2709 2882 2753 tutam
2923 2702 3074 2769 posui
3116 2702 3428 2757 custodiam.

1871 2788 2001 2851 Quia
2024 2788 2163 2840 enim
2185 2803 2337 2855 sepes
2357 2789 2493 2842 solet
2516 2804 2635 2842 esse
2655 2799 2900 2858 superatu
2929 2792 3112 2855 facilis,
3140 2792 3277 2845 aliud
3305 2793 3431 2861 ipsis

1874 2876 2173 2944 praesidium
2207 2879 2576 2947 circumposui.
2608 2879 2675 2933 Et
2700 2880 2919 2947 plantavi
2947 2882 3137 2935 vineam
3168 2882 3341 2937 Sorec.
3374 2882 3430 2935 In

1872 2967 2181 3037 metaphora
2213 2968 2478 3037 persistit,
2509 2984 2626 3038 qua:
2669 2983 2774 3024 non
2803 2980 2883 3025 est
2923 2970 2987 3024 ad
3030 2971 3234 3025 literam
3261 2973 3430 3041 expli-

1872 3057 2059 3123 canda,
2088 3057 2181 3112 sed
2205 3073 2325 3111 cum
2355 3072 2574 3127 scopum
2604 3059 2887 3128 attigimus,
2918 3060 3018 3116 hoc
3043 3062 3169 3115 satis
3194 3077 3309 3117 esse
3335 3062 3432 3116 de-

1873 3147 1982 3201 bet.
2009 3146 2173 3203 Sorec
2199 3158 2374 3202 autem
2420 3148 2508 3202 hic
2548 3149 2804 3218 significat
2822 3189 2838 3215 ,
2863 3165 3039 3205 veram
3059 3191 3074 3215 ,
3100 3165 3430 3220 generosam,

1874 3254 1978 3293 non
2002 3238 2152 3292 malis
2168 3254 2265 3293 nec
2286 3238 2544 3294 inferioris
2561 3249 2696 3294 notae
2718 3240 3084 3310 propaginibus
3103 3242 3431 3308 instructam,

1873 3328 1966 3383 sed
2004 3328 2233 3395 probatis
2269 3338 2321 3383 et
2356 3329 2651 3397 prmcipuis.
2688 3329 2847 3383 Multa
2873 3344 3097 3400 namque
3123 3332 3308 3387 vitium
3337 3347 3433 3402 ge-

1875 3436 1999 3473 nera
2028 3427 2170 3473 sunt.
2216 3418 2285 3472 Et
2324 3420 2565 3487 adiﬁcavi
2608 3421 2783 3473 turrim
2806 3459 2822 3487 ,
2862 3430 2910 3474 et
2950 3424 3165 3476 torcular
3190 3424 3242 3477 in
3270 3425 3433 3477 medio

1874 3513 2000 3581 ejus.
2032 3510 2251 3577 Quidam
2282 3510 2466 3563 turrim
2506 3508 2916 3578 interpretantur
2946 3512 3214 3583 templum,
3246 3522 3299 3567 et
3329 3522 3435 3566 tor-

1874 3604 2022 3658 cular
2044 3604 2248 3657 altare:
2279 3604 2400 3672 quia
2433 3602 2535 3656 illic
2566 3603 2769 3657 fructus
2798 3602 3005 3657 virtutis
3028 3608 3281 3673 cujusque
3308 3618 3436 3657 con-

1875 3695 2243 3764 gregabantur,
2269 3708 2472 3748 necnon
2493 3693 2785 3749 oblationes
2807 3704 2859 3748 et
2884 3696 3067 3750 hostiae
3090 3710 3274 3751 omnes
3297 3713 3311 3749 :
3335 3711 3435 3765 ego

1876 3784 2217 3853 utique,quod
2242 3784 2417 3838 dicere
2442 3798 2728 3852 coeperam,
2758 3798 2897 3838 nunc
2924 3784 3081 3839 etiam
3102 3785 3293 3851 dicam,
3317 3786 3434 3840 aui-

1875 3890 2017 3928 mum
2048 3888 2237 3943 nempe
2263 3872 2584 3944 metaphora:
2604 3888 2767 3944 scopo
2792 3874 3143 3929 adhibendum
3170 3889 3307 3930 esse.
3334 3874 3435 3931 Per

1875 3967 1989 4021 haec
2013 3967 2151 4021 enim
2174 3967 2348 4021 omnia
2371 3967 2471 4021 hoc
2492 3966 2791 4036 significare
2813 3968 2924 4021 vult
2952 3984 2964 4019 :
2992 3965 3120 4031 Quae
3145 3981 3260 4022 mea
3283 3976 3435 4021 erant

1874 4060 2086 4129 implevi
2114 4060 2311 4123 omnia,
2342 4073 2553 4112 omnem
2579 4057 2794 4112 exhibui
2818 4057 3161 4127 diligentiam.
3204 4057 3318 4111 Non
3349 4066 3434 4111 at-

1874 4153 1991 4208 trivi
2022 4150 2286 4205 laboribus
2307 4190 2322 4215 ,
2354 4164 2458 4202 non
2487 4147 2620 4217 fregi
2646 4146 2926 4201 sudoribus
2947 4185 2962 4212 ,
2992 4161 3098 4200 non
3133 4147 3276 4215 ipsos
3300 4145 3432 4214 jussi

1873 4242 2169 4305 aediﬁcare,
2208 4254 2313 4292 non
2344 4237 2556 4301 fodere,
2599 4251 2702 4290 non
2729 4236 2987 4305 plantare,
3016 4234 3110 4289 sed
3138 4235 3430 4292 absolutum

1874 4332 1999 4401 ipsis
2027 4345 2160 4399 opus
2187 4327 2395 4381 tradidi.
2434 4326 2613 4394 Neque
2637 4325 2739 4379 huc
2763 4323 2895 4379 desii
2921 4324 3292 4393 benignitatem
3334 4340 3433 4378 ex—

1874 4426 2085 4489 hibere,
2114 4422 2205 4477 sed
2231 4421 2526 4490 Ezspectavi
2554 4429 2604 4471 ut
2635 4423 2820 4489 faceret
2844 4433 2989 4471 uvam
3007 4458 3021 4483 ,
3053 4427 3106 4472 et
3132 4419 3433 4486 exspectavi

1874 4524 2081 4584 tempus
2121 4523 2469 4582 Opportunum
2514 4519 2573 4564 ut
2615 4509 2837 4563 fructum
2882 4508 3074 4572 ferret,
3108 4509 3268 4561 multa
3308 4523 3434 4561 usus

1872 4604 2121 4673 patientia
2154 4616 2166 4654 :
2199 4600 2325 4655 illud
2355 4600 2493 4653 enim
2514 4638 2530 4663 ,
2551 4598 2879 4667 Exspectavi,
2910 4598 2961 4651 id
2990 4596 3265 4666 signiﬁcat.
3295 4596 3435 4649 Fecit

1872 4707 2035 4748 autem
2076 4695 2267 4761 spinas.
2310 4690 2693 4745 lnfructuosam
2736 4690 2943 4743 illorum
2982 4690 3140 4741 vitam
3181 4688 3429 4752 ostendit,

1872 4800 2136 4855 asperam,
2164 4784 2369 4837 duram.
2395 4783 2505 4847 Qua
2537 4794 2665 4849 ergo
2694 4780 2848 4833 venia
2872 4778 3013 4848 digni
3038 4778 3230 4834 fuerint
3256 4778 3311 4845 il,
3342 4780 3432 4849 qui

1871 4885 1991 4945 post
2018 4882 2211 4927 tantam
2242 4872 2482 4941 agricolae
2526 4885 2727 4935 curam,
2764 4870 2895 4923 tales
2936 4872 3135 4923 fructus
3168 4871 3264 4939 ipsi
3308 4870 3431 4924 red-

1871 4966 2039 5020 dunt?
2070 4966 2123 5019 5.
2150 4964 2213 5017 Et
2243 4979 2393 5025 nunc,
2422 4962 2567 5014 homo
2587 4959 2726 5013 Iuda
2753 4970 2799 5013 et
2826 4961 3104 5014 habitantes
3126 4960 3429 5026 Jerusalem,

1864 5058 2088 5128 judicate
2114 5055 2245 5106 inter
2270 5068 2347 5105 me
2374 5062 2418 5105 et
2446 5051 2640 5104 vineam
2673 5066 2850 5102 meam.
2880 5050 3063 5118 Magna
3097 5050 3231 5119 juris
3255 5052 3429 5119 copis,

1870 5163 1991 5201 cum
2016 5146 2158 5214 ipsos
2184 5158 2303 5197 reos
2346 5142 2615 5196 constituit
2650 5140 2855 5209 judices
2889 5141 3026 5195 inter
3060 5155 3122 5194 ea
3152 5156 3268 5211 quae
3297 5144 3427 5212 ipse,

1870 5246 1925 5292 et
1950 5239 2083 5289 inter
2106 5250 2164 5289 ea
2195 5248 2311 5303 qua:
2354 5233 2427 5286 illi
2471 5233 2723 5287 fecerunt.
2766 5229 2835 5283 Et
2873 5247 3020 5284 nunc.
3049 5231 3164 5285 Non
3193 5246 3427 5287 comme-

1872 5347 2021 5386 moro
2049 5339 2247 5394 vetera,
2278 5329 2473 5397 inquit,
2502 5327 2595 5383 sed
2622 5327 2777 5381 hodie
2808 5338 3016 5396 paratus
3041 5341 3155 5381 sum
3177 5326 3429 5396 judicium

1871 5426 2067 5479 subire.
2100 5424 2187 5477 Sic
2223 5436 2503 5489 numquam
2530 5435 2681 5473 cesso
2717 5421 2936 5488 implere
2966 5434 3102 5481 mea,
3141 5434 3232 5473 vos
3260 5428 3427 5471 vestra

1870 5531 1975 5570 non
2016 5513 2261 5582 impletis.
2303 5512 2355 5564 4.
2402 5510 2533 5577 Quid
2563 5511 2749 5579 faciam
2788 5511 3005 5578 amplius
3047 5510 3348 5562 uincientem
3371 5508 3429 5559 ‘2

1945 5634 1959 5663 ί
1988 5633 2104 5689 Qua-
2126 5637 2401 5693 sequuntur
2424 5632 2655 5694 posthac
2679 5631 2840 5694 verba,
2869 5632 2993 5690 Quid
3016 5630 3191 5694 faciam
3221 5630 3430 5692 amplius

1884 5693 2031 5760 uinea;
2056 5695 2201 5743 mch
2225 5706 2377 5760 usque
2413 5692 2487 5740 ad.
2518 5692 2940 5760 Quidguittoriam,
2965 5692 3090 5743 bene
3120 5696 3269 5743 multa
3288 5700 3430 5742 certe

1885 5754 2091 5805 desider.
2111 5766 2221 5804 ntur
2257 5754 2302 5802 iu
2331 5755 2449 5814 llcg.
2478 5762 2528 5802 ct
2553 5756 2698 5804 Sat‘il.
