4058 6216
594 415 668 471 59
1308 395 1361 449 S.
1404 390 1675 448 JOANNIS
1714 386 2178 444 CllllYSOS'lâ€˜UMl
2218 384 2532 440 ARClllEP.
2570 385 3098 442 CONSTANTINOP.
3753 399 3824 453 60

587 516 826 583 quoniam
849 515 1120 580 exspectavi
1148 522 1199 565 ut
1225 517 1404 581 faceret
1432 527 1594 574 uvam,
1625 511 1740 579 fecit
1765 520 1927 562 autent
1957 507 2146 574 spinus.

593 602 855 658 Orationis
885 614 1145 657 structura
1179 603 1385 654 videtur
1409 615 1526 654 esse
1561 599 1834 652 obscurior
1864 618 1878 654 :
1910 599 2153 666 quocirca

590 709 811 749 necesse
839 702 918 747 est
949 695 1088 746 illam
1115 691 1478 744 dilucidiorcm
1508 690 1808 744 reddamus.
1836 690 1984 756 Quod
2005 689 2152 754 dicit,

589 785 690 838 hoc
727 783 822 836 sibi
857 783 965 836 vult
998 801 1010 836 :
1041 782 1173 848 Quid
1217 780 1492 850 oportebat
1536 782 1724 843 facere,
1771 788 1825 834 et
1865 795 1967 832 non
2013 778 2157 832 feci?

586 874 881 938 Nimirum,
915 883 970 926 ut
999 874 1119 925 talia
1163 881 1373 940 peccata
1403 871 1763 925 admitterent.
1807 869 1942 936 Quid
1976 879 2154 923 autem

589 966 821 1035 objiccre
852 962 1112 1032 possunt?
1142 977 1208 1016 an
1238 962 1376 1031 quod
1407 961 1718 1032 quibusdam
1763 961 2152 1028 praetermissis,

587 1057 684 1125 ipsi
714 1057 794 1110 sic
821 1054 1180 1123 deliquerint?
1212 1055 1345 1120 Quid
1375 1054 1557 1121 faciam
1590 1052 1721 1104 ultra
1746 1052 1900 1104 vinea;
1927 1068 2080 1116 mete,
2109 1062 2154 1105 et

587 1165 684 1202 non
729 1147 823 1215 feci
852 1145 994 1214 ipsi?
1039 1145 1165 1213 Qure
1205 1144 1333 1210 feci,
1378 1144 1583 1213 inquit,
1633 1141 1746 1197 haec
1773 1152 1894 1197 sunt
1926 1162 1938 1195 :
1973 1157 2153 1196 verum

581 1241 690 1305 jam
723 1237 872 1293 factis
907 1254 1010 1292 non
1037 1247 1317 1292 contentus
1351 1251 1488 1302 sum,
1533 1251 1702 1305 neque
1740 1235 1858 1290 dico
1882 1251 1967 1290 me
1993 1237 2154 1290 multa

585 1330 838 1385 beneficia
886 1330 1174 1384 contulisse
1219 1346 1232 1382 :
1279 1327 1372 1382 sed
1411 1329 1454 1380 si
1500 1343 1604 1380 non
1647 1328 1821 1382 omnia
1862 1328 1994 1392 feci,
2038 1337 2156 1396 post

585 1436 702 1486 quae
746 1420 874 1473 nihil
913 1420 1209 1474 faciendum
1253 1418 1684 1487 relinquebatur,
1722 1418 1773 1472 id
1811 1433 1939 1488 rogo
1967 1419 2155 1472 dicatis

586 1511 746 1576 mihi,
787 1527 884 1564 vos
927 1512 1016 1579 qui
1056 1511 1168 1563 haec
1210 1510 1558 1579 consequuti,
1598 1520 1648 1565 et
1691 1519 1960 1579 gestorum
1991 1518 2155 1564 testes

584 1605 732 1668 estis,
777 1620 842 1658 ex
883 1603 1207 1671 experientia
1249 1604 1361 1656 hrec
1398 1601 1679 1668 didicistis,
1719 1617 1825 1656 non
1864 1601 2064 1656 alienos
2103 1609 2156 1656 et

585 1696 894 1765 peregrinos
918 1696 1204 1763 interrogo.
1233 1696 1286 1748 5.
1316 1694 1463 1748 Nunc
1487 1703 1650 1746 autem
1670 1692 1976 1747 annuntiabo
1998 1693 2152 1757 vobis,

585 1786 706 1852 quid
746 1787 927 1855 faciam
973 1787 1125 1838 vineae
1165 1800 1306 1838 mete.
1354 1784 1486 1851 Quia
1530 1784 1805 1839 victoriam
1847 1783 2153 1854 reportavit,

588 1876 957 1944 ingratumque
979 1875 1188 1930 illorum
1217 1876 1450 1928 animum
1477 1874 1875 1940 demonstravit,
1913 1883 2036 1928 tunc
2062 1874 2156 1928 de-

587 1981 731 2019 muni
759 1967 958 2034 profert
994 1967 1332 2028 sententiam,
1374 1973 1428 2020 et
1466 1980 1584 2034 qua:
1623 1966 1856 2019 facturus
1897 1965 1966 2019 sit
2005 1965 2151 2031 dicit,

590 2073 697 2111 non
722 2067 776 2110 ut
803 2057 1142 2124 condemnet,
1171 2057 1266 2112 sed
1290 2067 1345 2112 ut
1365 2073 1432 2112 ex
1467 2067 1610 2113 metu
1635 2073 1727 2128 per
1749 2058 1918 2112 minas
1944 2059 2157 2114 incusso

590 2147 974 2202 tnoderatiores
1015 2148 1222 2202 reddat.
1263 2147 1503 2216 Auferam
1545 2165 1710 2218 sepem
1740 2149 1867 2218 ejus,
1908 2159 1955 2203 et
1990 2150 2083 2203 erit
2105 2151 2159 2204 in

589 2237 915 2304 direptionem
948 2255 965 2290 :
992 2249 1036 2291 et
1073 2238 1323 2291 destruam
1353 2256 1552 2292 murum
1581 2241 1716 2309 ejus,
1747 2250 1796 2293 et
1823 2242 1916 2294 erit
1957 2242 2009 2294 in
2034 2256 2158 2295 cort-

587 2330 936 2382 culcatiouem.

664 2419 716 2472 3.
759 2417 1030 2483 Auferam,
1065 2419 1251 2487 inquit,
1284 2421 1532 2474 auxilium
1558 2436 1755 2486 meum,
1784 2421 2030 2490 pratsidio
2056 2438 2157 2477 n-

588 2509 747 2573 dabo,
776 2510 860 2562 tali
898 2509 1222 2578 providentia
1252 2524 1443 2565 vacuos
1465 2511 1701 2577 reddam,
1733 2521 1787 2566 et
1815 2511 2158 2568 adversorum

583 2603 916 2673 experientia
939 2603 1126 2668 scient,
1152 2605 1360 2673 quantis
1380 2612 1503 2659 ante
1522 2603 1674 2659 bonis
1695 2604 2014 2670 fruerentur,
2038 2620 2162 2664 cum

587 2693 784 2747 fuerint
821 2693 1064 2748 omnibus
1084 2693 1148 2748 ad
1170 2694 1518 2764 direptionem
1543 2696 1786 2767 expositi.
1815 2697 1867 2753 6.
1893 2698 1957 2751 Et
1989 2699 2160 2752 dimit-

588 2795 691 2836 tant
731 2785 923 2837 vineam
961 2801 1154 2850 meam,
1187 2794 1232 2839 et
1274 2801 1372 2839 non
1413 2788 1697 2854 putabitur,
1737 2805 1892 2862 neque
1918 2792 2156 2857 fodietur.

589 2874 792 2929 Rursus
832 2875 987 2941 dico,
1027 2890 1148 2929 eum
1186 2877 1493 2946 metaphora
1524 2879 1617 2933 uti.
1665 2879 1719 2934 Si
1758 2882 1876 2951 quis
1903 2893 2075 2939 tamen
2106 2885 2158 2941 id

588 2965 883 3019 accuratius
915 2965 1190 3033 explorare
1237 2966 1492 3034 voluerit,
1541 2969 1607 3024 de
1640 2970 1895 3027 doctrina:
1923 2984 1976 3028 et
2005 2991 2159 3029 man-

588 3054 830 3108 datorum
862 3055 1216 3111 sollicitudine
1247 3058 1493 3126 loquitur.
1525 3058 1639 3114 Non
1667 3062 1808 3115 enim
1839 3063 2024 3118 iisdem
2054 3065 2159 3119 fru-

589 3157 745 3198 entur
792 3147 980 3214 quibus
1024 3156 1203 3213 antea,
1255 3165 1359 3202 non
1407 3149 1654 3206 doctores
1700 3151 1999 3220 habebunt,
2052 3172 2157 3212 non

589 3231 877 3306 principes,
910 3252 1015 3292 non
1047 3238 1331 3308 prophetas
1358 3241 1492 3295 sicut
1520 3242 1668 3311 olim,
1700 3245 1790 3313 qui
1821 3246 1963 3315 ipsos
1991 3249 2157 3302 corri-

588 3337 750 3396 gant,
803 3329 889 3397 qui
936 3330 1168 3399 ipsorqu
1211 3347 1392 3386 curam
1437 3344 1641 3403 gerant.
1695 3335 1845 3391 Sicut
1883 3339 2022 3392 enim
2069 3341 2156 3409 qui

587 3421 771 3474 vineas
801 3421 999 3486 colunt,
1035 3422 1258 3491 fodiunt,
1292 3435 1494 3492 putant,
1525 3427 1600 3481 sic
1629 3429 1716 3498 qui
1742 3430 1944 3486 animas
1969 3447 2154 3486 emen-

589 3509 736 3573 dant,
761 3511 1166 3578 comminantur,
1191 3523 1476 3576 exterrent,
1496 3516 1708 3582 docent,
1732 3521 2150 3588 reprehendunt:

587 3617 771 3657 verum
804 3604 867 3656 iis
895 3602 1130 3658 destituti
1157 3616 1344 3674 erunt,
1385 3609 1585 3677 inquit,
1616 3611 1667 3665 iu
1690 3612 1914 3666 alienam
1945 3615 2158 3670 abducti

591 3705 806 3748 terram.
854 3694 917 3747 Et
948 3698 1175 3750 ascendet
1206 3715 1294 3768 per
1327 3716 1468 3765 eam,
1495 3705 1641 3771 quasi
1671 3721 1759 3773 per
1796 3707 2036 3761 incultam
2064 3719 2160 3762 ter-

587 3802 729 3850 ram,
761 3788 907 3853 spina
935 3802 954 3839 :
983 3798 1029 3841 et
1067 3789 1276 3842 nubibus
1314 3793 1595 3861 mandabo,
1641 3811 1703 3848 ue
1738 3797 1917 3867 pluunt
1958 3800 2010 3852 in
2048 3816 2158 3853 eam

588 3876 814 3930 imbrem.
844 3880 948 3932 Aut
976 3878 1354 3936 desolationem
1385 3883 1528 3938 urbis
1559 3897 1849 3954 memorat,
1881 3899 1968 3944 aut
1998 3891 2159 3945 deso-

590 3967 842 4023 lationem
892 3984 1073 4025 eorum
1122 3981 1175 4027 et
1218 3974 1629 4046 uniuscujusque
1689 3979 1879 4036 anima:
1926 3999 2151 4049 eorum;

590 4062 759 4116 nubes
785 4071 959 4117 autem
984 4064 1070 4118 hic
1093 4065 1304 4134 quidam
1327 4066 1510 4123 dicunt
1536 4086 1654 4124 esse
1681 4074 1984 4142 pr0phetas,
2007 4077 2160 4145 quip-

590 4167 657 4221 pe
685 4153 773 4220 qui
804 4152 1034 4221 pluviam
1063 4153 1291 4223 desuper
1332 4158 1665 4227 acciperent,
1698 4171 1751 4215 et
1780 4164 1879 4218 sibi
1925 4165 2059 4219 dicta
2091 4166 2157 4220 ad

592 4245 848 4313 populum
876 4247 1316 4301 transmitterent.
1348 4249 1542 4304 Verum
1588 4268 1654 4306 ne
1695 4255 1746 4306 hi
1788 4256 2001 4324 quidem
2040 4273 2158 4327 quae

590 4347 978 4390 consueverant
1020 4337 1230 4392 facient.
1277 4341 1494 4397 Etiamsi
1537 4347 1677 4398 enim
1723 4361 1858 4401 unus
1900 4349 1984 4403 vel
2027 4351 2159 4404 alter

593 4426 853 4496 propheta
878 4442 997 4482 cum
1024 4429 1149 4497 ipsis
1165 4433 1553 4500 commigrarat,
1579 4436 1952 4504 prophetarum
1981 4448 2156 4495 tamen

595 4519 743 4573 turba
775 4529 900 4574 tunc
929 4519 1135 4574 silebat.
1166 4523 1216 4574 7.
1251 4520 1404 4576 Vinea
1428 4525 1559 4578 enim
1586 4525 1792 4581 Domini
1818 4531 2040 4584 Sabaoth
2066 4534 2160 4586 do-

591 4625 701 4663 mus
728 4607 894 4662 Israel
917 4619 1008 4673 est,
1039 4620 1087 4663 et
1115 4612 1262 4664 homo
1289 4612 1426 4666 Iuda
1451 4615 1647 4669 novella
1673 4617 1919 4685 plantatio
1949 4622 2154 4675 dilecta.

601 4699 888 4768 Exspectaui
910 4741 924 4764 ,
957 4711 1009 4754 ut
1037 4701 1220 4770 faceret
1251 4704 1534 4772 judicium,
1579 4709 1694 4777 fecit
1735 4719 1900 4762 autem
1926 4712 2159 4780 iniquita-

591 4801 710 4853 tem,
738 4804 784 4845 et
817 4811 916 4848 non
932 4797 1183 4866 justitiam
1203 4840 1214 4862 ,
1257 4800 1344 4851 sed
1385 4800 1674 4854 clamorem.
1707 4802 1961 4868 Quoniam
1996 4807 2158 4860 multa

594 4884 864 4938 nominum
893 4889 1197 4956 metaphora
1231 4907 1354 4945 usus
1381 4901 1480 4956 est,
1514 4895 1754 4957 vineam,
1798 4898 2013 4961 turrim,
2048 4907 2160 4953 tor-

590 4973 759 5038 cular,
801 4990 978 5044 sepem
999 5020 1011 5041 ,
1045 4979 1359 5046 fossionem,
1390 4992 1443 5036 et
1475 4986 1794 5051 putationem
1825 4989 1991 5042 vinea:
2017 5005 2162 5043 com-

591 5080 926 5128 memorans;
959 5083 1026 5122 ne
1067 5071 1182 5136 quis
1227 5072 1581 5140 insipientium
1621 5076 1688 5131 de
1716 5077 1864 5130 vinea
1916 5080 2028 5135 lucc
2057 5083 2158 5136 dici

592 5165 830 5222 putaret,
863 5158 962 5212 sub
992 5159 1146 5212 tinem
1179 5173 1394 5229 repente
1438 5174 1600 5216 totum
1643 5167 2014 5236 interpretatus
2055 5182 2154 5226 est.

600 5244 754 5299 Vinea
791 5250 921 5300 enim
966 5249 1171 5304 Domini
1212 5253 1436 5306 Sabaoth
1481 5256 1655 5308 domus
1700 5259 1863 5314 Israel
1905 5274 1995 5315 cst.
2044 5264 2156 5318 Non

590 5343 729 5392 enim
757 5342 823 5395 de
854 5343 1042 5410 plantis
1069 5345 1196 5398 mihi
1239 5362 1415 5400 sermo
1442 5359 1541 5412 est,
1579 5366 1744 5419 neque
1770 5353 1836 5407 de
1867 5367 2047 5408 natura
2081 5359 2151 5409 iu-

590 5431 819 5485 animata
848 5433 944 5504 (a),
973 5452 1141 5505 neque
1166 5437 1231 5490 dc
1264 5439 1520 5508 lapidibus
1547 5453 1595 5494 et
1627 5443 1788 5496 muris
1813 5461 1824 5508 ;
1858 5448 1947 5498 sed
1975 5448 2038 5501 de
2067 5463 2160 5515 p0-

597 5748 611 5762 .
655 5689 728 5761 (et)
764 5689 817 5762 lu
839 5697 1016 5762 Grzeco,
1040 5706 1116 5754 rupi
1139 5706 1437 5762 dulietiâ€˜bby'onL
1465 5695 1533 5743 Ad
1559 5695 1742 5744 literam
1787 5708 1877 5757 est,
1921 5702 1979 5750 de
2001 5703 2160 5752 anima

591 5752 868 5829 inquirnata,
893 5752 1218 5829 (.ptaletu'csse
1242 5752 1362 5804 dieit
1390 5757 1749 5820 Chrysostomus
1777 5752 1979 5813 animam
2007 5782 2156 5829 vege-

593 5811 772 5860 lantem
798 5815 842 5861 in
871 5811 1064 5877 plantis.

2266 504 2387 573 pulo
2417 514 2615 560 nostro.
2670 505 2788 562 Ideo
2827 507 3130 576 subjunxit,
3173 506 3238 560 Et
3277 508 3424 561 homo
3457 507 3598 560 .Iuda
3636 507 3824 560 novella

2265 597 2507 665 plantatio
2551 599 2729 653 dilecta
2759 616 2777 653 :
2819 601 2940 669 quia
2978 601 3180 655 scilicet
3223 600 3356 655 Juda
3405 598 3522 669 plus
3568 596 3836 652 obtineret

2262 704 2416 758 quam
2463 702 2668 745 cauerat
2715 693 2882 746 tribus
2923 711 2936 746 :
2981 702 3200 763 eratque
3245 693 3350 747 illic
3397 708 3428 747 e
3457 692 3629 746 vicino
3667 692 3824 748 situm

2262 779 2513 848 templum
2533 820 2548 845 ,
2578 791 2630 835 et
2658 783 2893 850 reliquus
2930 784 3102 837 cultus
3138 801 3150 836 :
3176 792 3334 852 atque
3364 782 3450 836 illa
3481 782 3644 851 magis
3669 797 3825 850 quam

2261 877 2468 922 uetera:
2488 884 2670 925 omnes
2691 871 2929 937 florebat,
2953 871 3018 925 ad
3040 872 3341 942 regiamque
3361 871 3526 941 magis
3547 871 3823 932 accedens,

2261 960 2527 1025 potentior
2550 971 2679 1015 erat.
2704 963 2958 1016 Dilectum
2985 971 3158 1017 autem
3180 962 3328 1027 dixit,
3358 977 3537 1016 rursus
3569 962 3684 1015 illos
3709 976 3824 1029 per-

2260 1047 2546 1117 stringens.
2576 1052 2712 1118 quod
2745 1053 2877 1106 tales
2900 1067 3022 1120 erga
3049 1068 3106 1106 se
3131 1053 3281 1106 valde
3309 1061 3570 1105 amantem
3595 1067 3712 1104 sese
3735 1067 3827 1104 ex-

2261 1135 2571 1194 bibuissent.
2603 1142 2676 1196 Ea
2705 1146 2896 1214 quippe
2918 1146 3002 1200 lex
3030 1154 3112 1198 est
3139 1145 3483 1213 diligentiam,
3508 1159 3574 1198 ne
3599 1144 3650 1197 in
3679 1143 3826 1198 obla-

2261 1232 2329 1286 tis
2359 1234 2569 1301 quidem
2609 1236 3062 1291 criminationibus
3108 1253 3353 1307 magnum
3396 1252 3546 1290 suum
3591 1251 3824 1290 amorem

2260 1323 2544 1378 occultare.
2576 1325 2708 1380 ï¬‚inc
2735 1327 2872 1382 aliud
2901 1328 3167 1397 quidpiam
3199 1343 3300 1382 non
3333 1327 3686 1397 spernendum
3714 1327 3827 1383 edi-

2260 1414 2478 1468 scimus.
2503 1414 2668 1482 Quale
2693 1416 2862 1470 illud?
2885 1417 3086 1486 Nempe
3104 1419 3315 1487 quando
3334 1431 3386 1472 et
3405 1434 3522 1488 quae
3543 1418 3828 1487 Scriptura:

2262 1506 2378 1561 loca
2427 1506 2710 1577 allegorice
2758 1509 3092 1578 interpretari
3139 1520 3418 1580 oporteat:
3451 1525 3622 1580 neque
3666 1525 3829 1580 penes

2261 1606 2494 1652 nostram
2523 1613 2641 1654 esse
2684 1599 2983 1656 facultatem
3014 1601 3108 1654 has
3136 1600 3278 1670 leges
3317 1616 3414 1669 pro
3456 1601 3621 1656 lubito
3657 1601 3826 1669 expli-

2261 1701 2418 1753 care,
2455 1688 2548 1743 sed
2579 1690 2744 1759 ipsam
2784 1691 3066 1760 Scriptura:
3107 1700 3338 1744 mentem
3383 1692 3528 1758 sequi
3559 1702 3825 1760 Oportere,

2262 1776 2440 1845 sicque
2466 1778 2716 1848 allegoria
2746 1782 2838 1835 uti.
2881 1779 3031 1846 Quod
3059 1790 3235 1835 autem
3260 1779 3401 1844 dico,
3431 1781 3506 1834 sic
3533 1779 3828 1848 intelligen-

2261 1867 2406 1923 dum.
2435 1869 2704 1941 Scriptura
2732 1888 2871 1928 nunc
2893 1875 3098 1928 vineam
3129 1873 3282 1939 dixit,
3325 1887 3526 1941 sepem.
3562 1872 3790 1926 torcular
3814 1890 3827 1925 :

2263 1974 2362 2014 nec
2389 1975 2550 2030 penes
2577 1961 2870 2017 auditorem
2901 1964 3112 2033 reliquit
3130 2005 3144 2024 .
3173 1973 3230 2017 ut
3259 1978 3352 2032 pro
3381 1963 3543 2017 lubito
3573 1962 3685 2016 haec
3709 1963 3829 2032 qui-

2263 2047 2484 2104 busdam
2508 2051 2668 2106 rebus
2697 2061 2788 2106 aut
2814 2055 3052 2122 personis
3077 2061 3317 2122 aptaret;
3360 2054 3452 2107 sed
3482 2054 3532 2106 iu
3559 2053 3829 2121 sequenti-

2263 2138 2364 2195 bus
2387 2154 2506 2196 sese
2535 2143 2875 2212 interpretata
2904 2153 2985 2198 est
3023 2145 3204 2199 dicens
3230 2161 3244 2199 :
3277 2143 3432 2197 Vinea
3460 2145 3591 2198 eiiiÂ»:
3625 2143 3832 2196 Domini

2265 2231 2491 2287 Sabaoth
2533 2234 2711 2288 domus
2755 2234 2922 2290 Israel
2967 2248 3037 2290 est
3081 2235 3303 2305 (Ezech.
3331 2236 3414 2290 17.
3450 2236 3542 2305 5).
3583 2235 3831 2290 Ezechiel

2262 2338 2391 2378 vero
2436 2339 2684 2392 rursum,
2732 2341 2850 2380 cura
2894 2327 3122 2397 aquilam
3169 2342 3412 2397 magnam
3443 2335 3497 2381 et
3521 2341 3830 2396 magnarum

2261 2415 2468 2471 alarum
2490 2417 2870 2486 ingredientem
2898 2420 2949 2474 in
2977 2418 3257 2485 Libanum,
3279 2429 3332 2473 et
3350 2420 3663 2473 avellentem
3686 2433 3834 2471 sumo

2265 2519 2410 2558 mum
2437 2508 2688 2561 verticem
2712 2507 2858 2562 cedri
2893 2517 3304 2572 commemorat,
3337 2525 3440 2562 non
3471 2508 3716 2577 relinquit
3742 2521 3834 2574 pe-

2263 2606 2361 2649 nes
2387 2593 2665 2649 arbitrium
2703 2596 3001 2651 auditorum
3031 2597 3183 2666 hujus
3221 2597 3485 2666 allegoria:
3515 2598 3834 2666 interpreta-

2267 2685 2502 2750 tionem;
2533 2684 2626 2740 sed
2655 2686 2883 2756 explicat
2912 2686 3017 2754 ille,
3049 2702 3204 2756 quam
3230 2687 3458 2756 aquilam
3482 2685 3648 2752 dicat,
3675 2701 3834 2754 quam

2263 2772 2504 2827 cedrum.
2547 2773 2614 2828 Et
2661 2774 2745 2829 hic
2773 2790 2978 2830 rursum
3010 2776 3061 2830 iu
3093 2777 3466 2845 sequentibus,
3499 2775 3586 2830 ubi
3616 2776 3833 2830 ï¬‚uvium

2265 2863 2546 2933 quemdam
2577 2864 2864 2920 violentum
2910 2866 3108 2920 inducit
3153 2867 3204 2920 iu
3250 2866 3507 2933 Judaeum,
3554 2881 3622 2920 ne
3651 2868 3834 2920 liceret

2263 2955 2486 3009 auditori
2511 2955 2676 3009 cuivis
2700 2970 2941 3024 personae
2971 2972 3065 3025 pro
3089 2957 3310 3011 arbitrio
3335 2956 3448 3010 haec
3474 2966 3680 3025 aptare,
3700 2955 3834 3009 dixit

2262 3059 2441 3113 regem
2473 3060 2590 3099 esse
2617 3061 2737 3100 eum
2761 3086 2774 3110 ,
2805 3063 2960 3116 quem
2989 3047 3202 3100 fluvium
3233 3049 3554 3102 nominasset
3583 3047 3745 3120 (lsai.
3775 3048 3832 3102 8.

2264 3134 2296 3187 7
2324 3136 2362 3203 ).
2388 3133 2511 3188 Haec
2536 3150 2663 3188 vero
2689 3137 2770 3189 lex
2799 3137 2993 3203 ubique
3021 3138 3255 3190 locorum
3282 3141 3334 3192 in
3357 3139 3629 3206 Scriptura
3655 3153 3835 3193 serva-

2265 3233 2371 3290 tur,
2404 3236 2462 3279 ut
2489 3240 2607 3279 cum
2635 3227 2913 3296 allegorice
2941 3227 3192 3297 loquitur,
3223 3230 3486 3297 allegoria:
3517 3231 3837 3298 interpreta-

2267 3315 2464 3369 tionem
2505 3315 2728 3378 aï¬‚â€˜erat,
2769 3327 2827 3372 ut
2868 3334 2935 3372 ne
2981 3334 3163 3372 eorum
3203 3320 3292 3388 qui
3329 3321 3608 3388 allegorias
3659 3329 3839 3374 amant

2264 3405 2487 3474 cupidus
2516 3407 2723 3461 animus
2755 3417 2951 3464 temere
2980 3421 3032 3464 et
3072 3410 3289 3464 fortuito
3329 3419 3470 3465 erret
3499 3421 3553 3465 et
3577 3427 3839 3481 quocum-

2266 3512 2368 3565 que
2395 3497 2611 3552 feratur.
2647 3498 2714 3552 Et
2741 3499 2866 3569 quid
2894 3503 3120 3566 miraris,
3153 3503 3196 3556 si
3230 3503 3278 3556 id
3311 3503 3580 3571 propheta:
3607 3503 3839 3557 faciant?

2267 3587 2673 3643 Proverbiorum
2718 3602 2863 3646 certe
2909 3602 3092 3647 auctor
3138 3595 3186 3646 id
3229 3594 3492 3648 observat.
3527 3596 3656 3648 Cum
3697 3597 3839 3649 enim

2265 3679 2488 3734 dixisset
2517 3698 2529 3733 :
2559 3680 2741 3736 Cervus
2767 3685 3028 3748 amicitiae,
3063 3696 3107 3738 et
3137 3687 3307 3755 pullus
3333 3688 3610 3756 gratiarum
3639 3698 3841 3738 tuarum

2264 3785 2578 3827 conversetur
2603 3784 2764 3828 tecum
2793 3793 2811 3829 :
2834 3787 2880 3829 et
2925 3777 3036 3846 fons
3063 3795 3208 3846 aqua:
3247 3791 3346 3831 tua:
3386 3779 3472 3830 tibi
3517 3778 3611 3830 soli
3654 3780 3720 3831 sit
3759 3780 3841 3847 (a)

2263 3866 2446 3935 (Prov.
2460 3866 2640 3935 5.19):
2663 3867 3036 3937 interpretatus
3056 3878 3156 3936 est,
3173 3885 3268 3923 cur
3285 3869 3396 3922 luec
3411 3869 3632 3932 diceret,
3649 3885 3843 3938 nempe

2267 3962 2334 4016 de
2365 3975 2527 4015 uxore
2567 3960 2796 4029 legitima
2836 3970 2888 4016 et
2913 3961 3099 4025 libera,
3134 3973 3190 4015 ut
3218 3971 3479 4016 averteret
3507 3977 3536 4014 a
3561 3963 3843 4016 meretrice

2265 4063 2317 4106 et
2343 4053 2532 4108 aliena.
2578 4052 2696 4106 Pari
2727 4052 2883 4106 modo
2922 4052 3006 4106 hic
3045 4053 3328 4121 explicavit
3375 4052 3473 4106 hoc
3515 4053 3653 4115 loco,
3681 4068 3842 4122 quam

2265 4143 2465 4199 diceret
2509 4161 2627 4200 esse
2667 4146 2896 4199 vincam.
2955 4144 3155 4198 Deinde
3197 4159 3316 4197 cum
3373 4159 3560 4197 eorum
3614 4145 3843 4198 crimina

2265 4237 2609 4302 enuntiasset,
2655 4236 3018 4305 suppliciaque
3042 4234 3281 4298 dixisset,
3321 4248 3504 4288 rursus
3531 4235 3580 4287 in
3613 4235 3720 4289 fine
3745 4236 3843 4289 de-

2266 4326 2558 4381 fensionem
2590 4336 2741 4397 parat
2782 4327 2962 4381 dicens
2991 4343 3005 4379 :
3036 4324 3334 4396 Exspectavi
3356 4367 3370 4389 ,
3399 4335 3453 4378 ut
3482 4327 3668 4392 faceret
3690 4328 3840 4396 judi-

2265 4417 2399 4467 cium
2423 4457 2438 4478 ,
2483 4417 2599 4485 fecit
2641 4425 2807 4470 autem
2848 4417 3160 4485 iniquitatem
3183 4456 3196 4478 ,
3232 4426 3278 4468 et
3306 4432 3403 4468 non
3424 4416 3678 4484 justitiam
3700 4457 3714 4480 ,
3756 4417 3844 4470 sed

2264 4508 2553 4560 clamorem.
2583 4506 2731 4561 Juste
2758 4547 2775 4572 ,
2809 4506 3013 4574 inquit,
3043 4521 3252 4573 pronam
3298 4506 3470 4576 exigo.
3520 4505 3842 4575 Exspecmvi

2265 4597 2426 4661 enim,
2460 4596 2528 4650 Ut
2552 4597 2733 4666 faceret
2749 4596 3023 4666 judicium,
3054 4596 3105 4648 id
3135 4605 3234 4660 est,
3259 4596 3514 4664 justitiam
3540 4613 3554 4660 ;
3591 4597 3692 4664 ipsi
3716 4613 3846 4650 vero

2263 4688 2528 4740 contraria
2578 4687 2970 4750 exhibuerunt,
3017 4686 3383 4754 iniquitatem,
3431 4684 3743 4753 injustitiam
3791 4699 3845 4743 et

2265 4777 2570 4831 clamorem.
2618 4776 2914 4830 Clamorem
2961 4776 3044 4830 hic
3082 4785 3233 4830 vocat
3271 4777 3577 4846 acquirendi
3635 4782 3844 4848 cupidi-

2267 4874 2452 4931 talem,
2497 4865 2745 4934 injustum
2788 4865 3039 4928 furorem,
3082 4867 3495 4920 irrationabilcm
3541 4869 3694 4934 iram,
3739 4887 3843 4940 pu-

2265 4973 2415 5026 gnas,
2446 4958 2828 5012 contentiones.
2873 4958 2924 5012 8.
2965 4957 3048 5012 Va:
3081 4960 3164 5024 qui
3201 4961 3512 5029 conjungunt
3542 4961 3750 5014 domum
3773 4965 3845 5016 ad

2266 5051 2503 5113 domum,
2531 5068 2708 5121 agrum
2732 5051 2799 5103 ad
2838 5067 3013 5120 agrum
3043 5061 3292 5120 aptantes,
3335 5063 3386 5104 ut
3425 5069 3454 5104 Î±
3488 5053 3720 5121 proximo
3748 5072 3827 5107 auÂ»

2267 5144 2431 5212 [erant
2461 5141 2668 5210 aliquid.
2702 5141 2832 5194 Cum
2855 5141 3075 5194 dixisset
3104 5142 3272 5208 ipsum
3299 5142 3584 5195 clamorem
3621 5142 3836 5207 fecisse,

2267 5231 2317 5284 id
2355 5241 2436 5286 est
2478 5231 2783 5300 acquirendi
2827 5229 3198 5297 cupiditatem,
3243 5239 3295 5283 et
3335 5233 3579 5298 rapinas,
3624 5233 3842 5300 SUIâ€™jiCiâ€˜

2269 5323 2556 5392 iniquitatis
2583 5322 2811 5389 speciem
2842 5321 3001 5373 multa
3030 5320 3235 5388 plenam
3264 5323 3492 5388 nequitia
3517 5339 3530 5385 ;
3564 5337 3626 5375 ac
3653 5339 3841 5378 rursus

2265 5430 2292 5465 a
2328 5413 2570 5466 lamentis
2610 5413 2810 5464 initium
2851 5410 3011 5474 ducit,
3050 5410 3458 5477 magnitudinem
3494 5422 3838 5479 peccatorum

2265 5503 2546 5556 ostendens
2577 5537 2594 5566 ,
2634 5516 2826 5570 eosque
2871 5501 3137 5553 insinuans
3179 5500 3266 5568 qui
3313 5501 3586 5554 iucurabili
3645 5505 3840 5557 morbo

2268 5595 2590 5648 laborabant.

2330 5706 2400 5765 (a)
2434 5712 2542 5751 llzec
2564 5717 2655 5751 non
2699 5705 2761 5765 ita
2800 5701 3027 5765 leguntur
3072 5703 3115 5748 in
3149 5700 3271 5765 libro
3293 5703 3654 5750 Proverbiorum
3681 5706 3727 5753 5.
3761 5707 3839 5757 19.

2267 5760 2345 5832 sic.
2359 5760 2518 5814 autem
2539 5763 2808 5832 sgepesolet
2823 5760 3182 5832 Cbrysostomus
3196 5760 3298 5810 loca
3316 5765 3567 5832 Î´ÎµÏ-á¼±ÏÏ‰Î¹á½²
3582 5765 3676 5832 alio
3692 5781 3837 5826 quam

2263 5830 2450 5888 iaci-ant
2476 5824 2617 5876 modo
2635 5825 2830 5884 aï¬‚'erre,
2849 5824 2958 5886 quia
2982 5835 3158 5886 nempe
3181 5826 3461 5876 memoriter
3483 5824 3740 5877 afferebat.
