4058 6216
405 329 473 384 61
1165 313 1222 369 S.
1262 311 1542 367 JOANNIS
1570 309 2050 368 CHRYSOSTOMI
2077 311 2392 369 ARCIIIEP.
2428 307 2969 370 CONSTANTINOP.
3737 300 3809 355 62

470 433 535 486 δ’.
561 432 741 487 Ταῦτα
765 433 819 485 δέ
845 431 938 485 καὶ
976 431 1069 484 νῦν
1108 429 1424 498 τολμώμενα
1452 429 1546 480 ίδοι
1569 444 1652 490 τις
1698 427 1763 480 ἂν
1781 428 1928 498 παρά
1947 427 2052 479 τῶν

399 527 585 589 κακῶς
609 525 685 595 τῷ
721 521 933 592 πλούτῳ
966 521 1336 591 κεχρημένων,
1372 520 1420 570 οἳ
1446 519 1544 580 τάς
1581 519 1902 586 γειτνιάσεις
1929 521 2054 571 ἐπι-

401 612 641 674 νοοῦσιν,
677 610 775 662 οὐκ
821 610 900 670 εἰς
955 606 1247 674 ἀσφάλειαν
1272 643 1287 665 ,
1326 604 1442 656 ἀλλ’
1476 606 1555 666 είς
1609 603 1901 672 ἐπιϐουλὴν
1945 605 2053 670 τῶν

403 699 648 770 πλησίον,
682 696 928 766 καθάπερ
958 694 1068 764 πῦρ
1098 693 1200 763 ὁδῷ
1231 692 1462 762 βαδίζον,
1493 692 1632 745 οῦτω
1665 694 1790 754 τοὺς
1830 696 1894 746 ἐκ
1941 711 2054 760 γει-

399 786 569 838 τόνων
604 784 806 845 πάντας
852 780 1248 850 ἐπινεμόμενοι.
1295 779 1389 846 Μὴ
1440 777 1715 842 οἰκήσετε
1754 779 1924 847 μόνοι
1958 779 2056 832 ἐπὶ

401 870 513 938 τῆς
535 868 677 938 γῆς;
705 868 992 933 Ἠκούσθη
1027 866 1136 935 γὰρ
1165 864 1281 918 νῦν
1311 867 1398 928 εὶς
1425 864 1499 918 τὰ
1535 859 1654 917 ὦτα
1695 865 1916 930 Κυρίου
1951 867 2061 916 Σα-

404 955 556 1010 ϐαὼθ
601 955 803 1009 ταῦτα.
855 953 1130 1006 Δείκνυσιν
1157 953 1386 1022 ἀνόνητα
1443 952 1748 1022 κάμνοντας
1790 951 1882 1004 καὶ
1933 951 2059 1021 εἰκῆ

404 1042 498 1094 καὶ
539 1041 733 1111 μάτην.
782 1040 995 1110 Ἐπειδὴ
1060 1040 1166 1111 γὰρ
1213 1040 1310 1107 οὐχ
1341 1037 1513 1101 οὕτως
1574 1039 1629 1090 αί
1675 1037 1922 1101 κολάσεις
1968 1039 2062 1090 καὶ

403 1131 458 1182 αἱ
509 1128 767 1198 τιμωρίαι
799 1129 924 1189 τοὺς
962 1125 1229 1188 τοιούτους
1267 1126 1489 1192 ἀγαγεῖν
1549 1123 1828 1188 εἰώθασιν,
1883 1125 1957 1186 ὼς
2002 1125 2062 1176 τὸ

408 1215 597 1284 μαθεῖν
633 1214 908 1284 ἀκριϐῶς,
957 1214 1038 1265 ὅτι
1080 1212 1178 1264 οῦκ
1225 1211 1618 1265 ἀπολαύσονται
1651 1213 1746 1281 τῆς
1789 1212 2058 1281 ἁρπαγῆς,

405 1302 608 1370 ταύτην
637 1303 818 1362 αὐτοῖς
857 1299 1048 1367 ἐπάγει
1079 1299 1177 1368 τὴν
1208 1299 1452 1368 ἀπειλὴν,
1486 1298 1676 1366 λέγων,
1712 1299 1792 1350 ὅτι
1821 1297 2061 1367 καμοῦν-

405 1405 496 1441 ται
528 1389 624 1458 μὲν
651 1387 741 1440 καὶ
765 1385 1258 1454 ταλαιπωρήσουσι,
1288 1384 1381 1436 καὶ
1408 1383 1505 1454 τὴν
1537 1385 1806 1452 ἁμαρτίαν
1844 1381 2064 1452 καρπώ-

409 1492 608 1538 σονται,
650 1475 750 1542 τῆς
791 1473 846 1525 δέ
875 1471 1220 1534 ἀπολαύσεως
1253 1471 1606 1523 ἐκπεσοῦνται
1650 1469 1786 1540 [56].
1821 1471 1934 1522 Οὐκ
1968 1471 2064 1538 ἐφ-

407 1561 667 1630 ησυχάζει
696 1559 823 1629 γάρ.
854 1560 1006 1629 φησὶ,
1030 1561 1142 1620 τοῖς
1172 1559 1474 1627 γινομένοις
1502 1559 1528 1608 ὁ
1552 1559 1843 1625 ἀκοίμητος
1866 1557 2065 1623 ὀφθαλ-

411 1646 528 1716 μός.
561 1647 633 1697 Τὸ
662 1646 741 1708 δὲ,
772 1644 1039 1715 Ἠκούσθη
1065 1643 1180 1709 νῦν,
1205 1645 1304 1713 οὐχ
1334 1643 1409 1706 ώς
1446 1643 1564 1694 τότε
1586 1643 1693 1694 τῶν
1727 1643 2066 1711 πραγμάτων

407 1733 698 1804 γνωρίμων
740 1735 1040 1802 γενομένων
1082 1731 1230 1800 αὐτῷ
1278 1729 1451 1782 ταῦτά
1491 1745 1673 1798 φησιν,
1717 1728 1829 1779 ἀλλ’
1865 1728 1940 1789 ὡς
1968 1727 2067 1796 τῆς

407 1817 562 1888 δίκης
593 1818 733 1871 κατά
764 1818 925 1880 πόδας
958 1816 1140 1885 ἰούσης
1175 1816 1378 1877 λοιπὸν,
1410 1816 1502 1868 καὶ
1538 1817 1634 1884 τῆς
1664 1813 2068 1876 ἀνταποδόσεως

409 1904 720 1974 γινομένης.
779 1904 917 1960 Ἐὰν
972 1903 1082 1972 γὰρ
1123 1902 1405 1970 γένωνται
1448 1901 1625 1954 οίκίαι
1672 1899 1928 1964 πολλαί,
1982 1901 2070 1965 είς

409 1991 632 2057 ἔρημον
657 1990 898 2044 ἔσονται
923 1989 1176 2058 μεγάλαι
1208 1988 1305 2041 καί
1327 1988 1527 2053 καλαί,
1559 1986 1657 2040 καί
1683 1987 1794 2040 οὐκ
1825 1985 2069 2041 ἔσονται

410 2079 465 2129 οἰ
503 2077 919 2142 κατοικοῦντες
941 2078 1008 2129 ἐν
1034 2075 1260 2141 αὐταῖς.

482 2163 732 2216 Τοιοῦτον
771 2164 877 2232 γὰρ
918 2166 949 2232 ἠ
987 2162 1299 2228 πλεονεξίαο
1339 2163 1466 2215 ὅταν
1515 2161 1733 2214 πλείονα
1772 2159 2071 2231 περιϐάλλῃ

411 2254 523 2313 τοῖς
554 2251 758 2320 έχουσι,
790 2252 883 2304 καὶ
913 2250 1020 2303 τῶν
1046 2251 1322 2321 προτέρων
1362 2249 1556 2309 αὐτοὺς
1589 2246 1871 2318 ἐξήγαγεν.
1913 2248 1977 2298 Ὀ
2008 2246 2071 2316 δὴ

414 2337 508 2390 καὶ
547 2335 776 2390 ἐνταῦθα
806 2337 1095 2390 αἰνίττεται
1128 2336 1297 2403 λέγων
1320 2375 1334 2398 ,
1370 2336 1450 2388 ὃτι
1479 2335 1650 2387 ’Ὅταν
1683 2333 2072 2402 οἰκοδομήσητε

414 2423 696 2493 λαμπρῶς,
731 2426 820 2476 καὶ
852 2425 919 2477 τὰ
954 2425 1166 2477 πάντων
1198 2423 1349 2493 ὑμῶν
1379 2423 1555 2475 αὐτῶν
1597 2421 1912 2492 ποιήσησθε,
1953 2421 2073 2472 τότε

415 2513 508 2564 καὶ
532 2513 640 2564 τῶν
665 2514 941 2583 προτέρων
966 2512 1355 2584 ἀποστήσεσθε.
1375 2512 1483 2564 Καὶ
1507 2513 1793 2581 στήσονται
1825 2513 1880 2563 αἰ
1906 2511 2075 2562 οἰκίαι

415 2601 702 2669 οἰκήτορας
736 2601 834 2669 μὲν
870 2601 968 2652 οὐκ
1015 2601 1253 2670 ἔχουσαι,
1281 2600 1576 2667 σάλπιγγος
1617 2599 1674 2651 δὲ
1706 2599 1887 2668 πάσης
1931 2597 2074 2666 λαμ-

415 2687 685 2756 προτέραν
727 2687 966 2754 ἀφιεῖσαι
1006 2687 1188 2755 φωνὴν
1239 2686 1379 2738 κατά
1409 2686 1518 2737 τῶν
1564 2687 1715 2754 παρά
1755 2685 1852 2755 τὴν
1901 2685 2076 2752 ἀρχὴν

415 2773 740 2842 ὴρπακότων
787 2773 984 2838 αὑτάς,
1033 2773 1130 2842 τῆς
1176 2770 1504 2842 ἐρημώσεως
1535 2772 1634 2839 τῆς
1685 2770 2076 2838 ἐπιτεταμένης

417 2861 540 2915 ἀντὶ
562 2861 819 2932 τροπαίου
849 2859 990 2923 τινὸς
1014 2860 1363 2928 φαινομένης.
1395 2855 1476 2914 Οὖ
1500 2859 1607 2927 γὰρ
1629 2856 1911 2926 ἐργῶνται
1932 2855 2078 2909 δέκα

419 2945 590 3014 ζεύγη
631 2946 814 3011 βοῶν,
860 2945 1094 3012 ποιήσει
1141 2945 1422 3014 κεράμιον
1459 2945 1559 2997 ἓν·
1606 2945 1701 2996 καί
1744 2947 1775 2996 ό
1817 2943 2077 3010 σπείρων

417 3035 675 3100 ἀρτάϐας
700 3033 790 3098 ἐξ,
815 3033 1052 3098 ποιήσει
1081 3033 1265 3102 μέτρα
1291 3036 1440 3102 τρία.
1474 3032 1604 3084 ’Λπὸ
1631 3035 1728 3102 τῆς
1757 3031 1963 3092 πόλεως
1988 3030 2079 3081 ἐπὶ

418 3121 516 3191 τὴν
546 3123 645 3190 τῆς
685 3122 866 3191 χώρας
895 3121 1128 3191 ἐρημίαν
1165 3121 1344 3188 ἐξάγει
1376 3121 1468 3172 τὸν
1500 3119 1674 3187 λόγον,
1709 3119 1850 3170 ὥστε
1886 3117 2081 3169 πάντο⁹

420 3209 511 3261 θεν
537 3210 874 3278 καταπλῆξαι
901 3211 992 3261 τὸν
1016 3213 1306 3280 ἀκροατήν.
1344 3209 1479 3260 Οῦτε
1509 3208 1616 3278 γὰρ
1638 3210 1692 3259 αἰ
1715 3207 1901 3269 οἰκίαι,
1924 3205 2077 3275 φησὶ,

423 3295 706 3361 καθέξουσι
753 3297 878 3358 τοὺς
905 3295 1266 3356 ἐνοικοῦντας,
1301 3293 1422 3345 οὔτε
1457 3295 1490 3362 ή
1524 3294 1596 3360 γῆ
1626 3294 1722 3360 τὴν
1755 3293 1922 3362 αὐτῆς
1960 3295 2079 3343 ἐπι-

417 3383 646 3447 δείξεται
673 3381 916 3452 δύναμιν.
951 3381 1059 3434 Καὶ¹
1089 3381 1194 3450 γὰρ
1228 3381 1284 3445 ἐξ
1319 3381 1490 3448 ἀρχῆς
1520 3378 1607 3430 διά
1638 3379 1737 3446 τὴν
1778 3377 1872 3429 τοῦ
1909 3377 2077 3445 Ἀδὰμ

423 3471 698 3540 ἁμαρτίαν
737 3468 974 3531 ἀκάνθας
1027 3468 1120 3520 καὶ
1159 3466 1434 3537 τριϐόλους
1479 3465 1769 3535 ἐξήνεγκε·
1806 3464 1900 3517 καὶ
1961 3463 2077 3533 μετ’

421 3558 652 3621 ἐκεῖνον,
684 3556 772 3609 διὰ
800 3556 896 3627 τὴν
923 3554 1016 3607 τοῦ
1052 3555 1191 3607 Κάῖν
1225 3552 1588 3623 παρανομίαν,
1612 3551 1869 3605 ἐλάττονα
1901 3549 2078 3619 πολλῷ

419 3646 511 3698 τὸν
542 3647 699 3698 πόνον
728 3645 817 3698 τὸν
846 3646 1050 3698 ἐκείνου
1076 3658 1100 3685 ιι
1127 3644 1220 3697 καί⁵
1240 3645 1338 3712 τῆς
1365 3643 1567 3706 οἰκείας
1592 3644 1772 3712 ἰσχύος
1791 3645 1888 3711 τὴν
1912 3641 2080 3712 φοράν

422 3734 785 3788 ἐπεδείκνυτο.
834 3734 941 3788 Καὶ
976 3733 1243 3803 πολλαχοῦ
1282 3732 1337 3785 δὲ
1377 3731 1608 3801 ἀλλαχοῦ
1646 3731 1742 3783 ἴδοι
1773 3749 1856 3794 τις
1897 3731 1962 3784 ἂν
1994 3731 2080 3783 διά

421 3822 519 3883 τάς
563 3822 671 3875 τῶν
704 3820 1001 3893 ἀνθρώπων
1043 3821 1313 3891 ἁμαρτίας
1353 3820 1520 3888 αὐτὴν
1555 3818 1938 3888 κολαζομένην.
1976 3817 2083 3869 Καὶ

420 3909 472 3962 τί
505 3910 821 3981 θαυμάζεις,
855 3915 904 3967 εἰ
939 3914 1103 3982 πηροῖ
1124 3913 1220 3975 τάς
1248 3912 1410 3980 γονὰς
1447 3912 1613 3982 αὐτῆς
1641 3913 1733 3964 καὶ
1767 3915 1864 3974 τὰς
1891 3912 2081 3974 ὠδῖνας

421 3997 533 4048 τῶν
565 3999 864 4068 ἀνθρώπων
909 4001 942 4068 ὴ
973 4000 1300 4069 παρανομία,
1334 4001 1466 4051 ὅπου
1513 4017 1576 4068 γε
1619 4001 1710 4052 καὶ
1758 4000 1969 4070 φθαρτὴ
2014 3999 2081 4053 δι’

426 4087 572 4156 ἡμᾶς
617 4086 855 4150 ἐγένετο,
897 4087 987 4137 καὶ
1025 4084 1296 4153 ἄφθαρτος
1347 4085 1508 4137 πάλιν
1551 4085 1616 4136 δι’
1649 4087 1792 4154 ἡμᾶς
1835 4085 2080 4152 γίνεται;

439 4174 655 4243 Ἐπειδὴ
687 4174 793 4244 γὰρ
824 4173 958 4234 ὅλως
986 4171 1046 4222 τὸ
1077 4166 1213 4222 εἶναι
1240 4171 1305 4222 δι’
1335 4173 1483 4240 ἡμᾶς
1516 4171 1672 4224 ἐλαϐε
1709 4175 1800 4223 καὶ
1826 4173 1921 4242 τὴν
1948 4174 2087 4241 ἠμε-

427 4263 589 4332 τέραν
637 4261 941 4322 διακονίαν,
974 4261 1066 4311 καὶ
1098 4259 1159 4310 τὸ
1198 4257 1364 4320 οὕτως
1406 4259 1438 4327 ἢ
1485 4259 1707 4320 ἐκείνως
1757 4257 1895 4311 εῖναι
1931 4259 2088 4312 πάλιν

430 4349 677 4402 ἐντεῦθεν
707 4346 970 4416 λαμϐάνει
1004 4345 1100 4416 τὴν
1128 4345 1298 4416 ἀρχὴν
1327 4347 1417 4398 καὶ
1450 4346 1547 4416 τὴν
1574 4344 1746 4415 ῥίζαν.
1773 4346 1928 4397 Οὕτω
1958 4345 2089 4413 γοῦν

431 4437 528 4490 καὶ
557 4437 649 4488 ἐπὶ
678 4435 769 4488 τοῦ
796 4435 938 4491 Νῶε.
970 4433 1183 4503 Ἐπειδὴ
1204 4434 1335 4503 πρὸς
1360 4434 1553 4485 κακίαν
1580 4433 1808 4502 ἐσχάτην
1839 4432 2090 4495 ἐξώκειλε

430 4523 540 4576 τῶν
582 4520 878 4591 ἀνθρώπων
911 4523 944 4590 ὴ
973 4521 1154 4588 φύσις,
1196 4523 1372 4578 πάντα
1407 4521 1634 4592 ἐφύρετο
1665 4521 1729 4573 τά
1771 4521 2089 4591 πράγματα,

433 4611 528 4664 καί⁸
558 4609 865 4678 σπέρματα,
913 4609 1005 4658 καὶ
1040 4609 1203 4675 φυτὰ,
1251 4611 1342 4661 καὶ
1372 4608 1577 4676 ἀλόγων
1617 4608 1770 4677 γένη,
1801 4608 1893 4659 καὶ
1927 4609 1960 4678 ή
1993 4606 2089 4676 γῆ,

434 4699 527 4750 καὶ
562 4695 818 4758 θάλαττα,
849 4693 942 4746 καὶ
972 4693 1100 4762 ἀὴρ,
1141 4694 1233 4745 καὶ
1264 4694 1384 4762 ὅρη,
1416 4696 1512 4746 καὶ
1537 4696 1723 4759 νάπαι,
1761 4697 1854 4748 καὶ
1894 4694 2091 4765 βουνοὶ,

434 4785 530 4838 καὶ
564 4783 766 4844 πόλεις,
789 4782 880 4841 καὶ
900 4780 1072 4848 τείχη,
1096 4780 1188 4833 καὶ
1213 4779 1396 4839 οἰκίαι,
1420 4782 1512 4831 καὶ
1539 4781 1736 4849 πύργοι
1756 4798 1770 4810 ο
1799 4782 1891 4833 καὶ
1920 4780 2095 4832 πάντα

439 4871 625 4933 ἁπλῶς
655 4869 844 4938 ἐκείνῳ
874 4865 950 4935 τῷ
977 4863 1187 4934 φοϐερῷ
1221 4863 1339 4915 τότε
1378 4863 1676 4932 ἐκρύπτετο
1705 4866 1950 4932 πελάγει.
1987 4866 2098 4917 Καὶ

444 4958 629 5025 ἐπειδὴ
657 4957 817 5008 πάλιν
849 4952 1122 5007 ἐπιδοῦναι
1151 4951 1212 5003 τὸ
1244 4950 1400 5016 γένος
1431 4949 1552 5010 ἔδει,
1574 4949 1670 5018 τὴν
1705 4951 1909 5001 οἰκείαν
1940 4950 2098 5001 εὐτα-

444 5046 560 5113 ξίαν
593 5042 975 5112 ἀπελάμϐανεν
1003 5041 1036 5108 ὴ
1059 5038 1152 5107 γῆ,
1174 5037 1264 5089 καὶ
1285 5037 1360 5098 εἰς
1382 5035 1476 5105 τὴν
1504 5034 1770 5104 προτέραν
1795 5036 2097 5104 εὐμορφίαν

441 5130 669 5200 ἐπανῄει
705 5129 882 5181 πάλιν.
905 5127 1030 5183 Ἴδοι
1052 5128 1095 5182 δ’
1121 5126 1184 5178 ἄν
1211 5141 1291 5186 τις
1310 5123 1466 5174 τοῦτο
1496 5123 1589 5174 καὶ
1619 5121 1708 5172 ἐπὶ
1731 5121 1924 5189 μέρους
1955 5123 2098 5186 γινό-

447 5234 607 5288 μενον
641 5216 725 5268 διὰ
769 5215 866 5282 τὴν
900 5215 977 5275 εἰς
1016 5211 1329 5282 ἀνθρώπους
1367 5210 1548 5277 τιμήν.
1589 5208 1698 5258 Καὶ
1732 5206 1838 5278 γὰρ
1869 5207 2096 5274 πέλαγος

445 5304 735 5375 ἠφανίσθη,
770 5301 861 5352 καὶ
900 5299 1058 5350 πάλιν
1096 5299 1290 5367 ἐφάνη,
1334 5298 1425 5350 καὶ
1458 5297 1604 5365 ἣλιος
1636 5295 1927 5364 ἐχαλινώθη
1965 5295 2100 5364 μετὰ

448 5389 695 5457 σελήνης,
739 5382 946 5436 καὶτὸν
979 5383 1172 5433 οἰκεῖον
1221 5381 1416 5450 δρόμον
1450 5380 1669 5432 ἐπέλιπε
1693 5420 1707 5443 ,
1748 5379 1840 5431 καὶ
1895 5378 2002 5448 πῦρ
2033 5379 2103 5430 τά

449 5477 636 5534 ὓδατος
665 5471 988 5534 ἐπεδείξατο,
1024 5471 1116 5522 καὶ
1141 5471 1210 5537 γῆ
1241 5469 1308 5520 τά
1331 5469 1618 5534 πελάγους,
1641 5470 1734 5521 καὶ
1767 5470 1997 5536 πέλαγος
2036 5468 2105 5521 τά

449 5563 547 5632 τῆς
589 5563 692 5632 γῆς
715 5579 727 5594 ⁶
761 5561 852 5614 καὶ
899 5560 1094 5625 πάντα,
1130 5559 1206 5621 ὡς
1250 5559 1419 5611 εἰπεῖν
1452 5557 1655 5621 ἁπλῶς,
1685 5557 1820 5628 πρὸς
1855 5559 1954 5628 τὴν
1999 5556 2105 5609 τῶν

520 5798 546 5861 μ
571 5791 661 5840 “Ic
682 5793 879 5861 qmnino
898 5792 1162 5861 lgggndgm
1199 5793 1391 5843 videtur
1419 5794 1510 5841 τῶν
1537 5793 1691 5842 πόνων
1716 5794 1809 5841 τῶν
1833 5793 2030 5857 ἐκείνου,
2057 5797 2111 5844 ut

459 5854 604 5904 etiam
631 5854 965 5905 animadvertit
987 5855 1210 5905 Savilius.

2158 429 2458 498 ἀνθρώπων
2507 422 3037 498 μετασχηματίζεται
3083 416 3431 471 λυσιτέλειαν,
3465 410 3571 466 Καὶ
3623 409 3811 478 ἐπειδὴ

2160 517 2374 570 πάντων
2399 515 2717 584 τιμιώτερος
2747 512 3045 580 ἅνθρωπος,
3067 507 3157 559 καὶ
3179 506 3245 557 δι’
3276 502 3435 556 αὑτὸν
3453 500 3519 552 τά
3547 498 3809 566 γενόμενα

2154 603 2384 663 ἅπαντα,
2407 603 2493 654 διά
2509 619 2589 654 τοι
2612 600 2766 652 τοῦτο
2789 597 2880 649 καὶ
2905 595 3020 659 νῦν,
3042 591 3153 664 [57]
3183 591 3367 657 ἐπειδὴ
3383 589 3624 658 ἥμαρτεν
3650 587 3676 635 ὁ
3703 584 3812 635 τῶν

2167 690 2433 743 Ἰουδαίων
2461 690 2647 758 δῆμος,
2680 685 2862 754 ἐπέχει
2892 682 2988 744 τῆς
3014 682 3116 749 γῆς
3147 679 3244 741 τάς
3276 676 3466 738 ὠδῖνας
3498 673 3688 734 ὀθεὸς,
3719 671 3811 723 καλ

2161 778 2295 848 μετά
2321 777 2544 839 πολλοὺς
2567 776 2756 836 πόνους
2778 773 2868 824 καὶ
2892 769 3118 839 ἱδρῶτας
3145 768 3241 819 οὐκ
3265 764 3452 832 ἀφίησι
3471 762 3583 848 τὰς,
3599 759 3810 848 ἐκείνης

2157 844 2390 932 λαγόνας
2416 865 2513 934 τὴν
2535 862 2782 915 εἰωθυῖαν
2812 856 2982 928 φορὰν
3005 856 3261 920 ἐνεγκεῖν,
3286 851 3370 903 ἵνα
3392 845 3682 934 κάντεῦθεν
3711 844 3811 934 ya-

2161 951 2346 1013 θωσιν,
2380 933 2478 1003 ὅτι
2503 950 2563 1002 οὐ
2593 946 2910 1019 γεωργικῶν
2951 941 3145 1013 χειρῶν
3179 940 3360 1007 τέχνη,
3400 935 3519 988 οὐδέ
3566 933 3683 1000 βόες
3721 933 3812 983 καὶ

2159 1040 2414 1109 ἄροτρον,
2448 1039 2566 1092 ούδέ
2596 1038 2696 1106 γῆς
2749 1034 2928 1102 φύσις,
2963 1032 3063 1084 οὐκ
3108 1028 3234 1082 ἄλλο
3282 1028 3387 1080 τῶν
3430 1023 3684 1076 τοιούτων
3724 1022 3814 1074 οὐ-

2159 1107 2266 1188 δέν,
2297 1107 2408 1179 ἀλλ’
2429 1124 2674 1177 ὁτούτων
2713 1121 2963 1174 ἁπάντων
2997 1117 3267 1183 Δεσπότης
3296 1108 3446 1174 οὗτός
3472 1113 3616 1162 ἐστιν
3661 1109 3690 1159 ὁ
3719 1107 3813 1159 καὶ

2159 1211 2368 1280 δαψιλεῖ
2397 1214 2462 1281 τῇ
2499 1211 2642 1278 χειρὶ
2666 1209 2838 1261 πάντα
2861 1205 3086 1273 ἐκχέων,
3107 1203 3201 1255 καὶ
3231 1200 3410 1263 πάλιν,
3441 1195 3655 1249 ἐπειδάν
3688 1191 3812 1281 βού-

2161 1298 2338 1368 ληται,
2359 1280 2656 1349 συστέλλων
2678 1296 2907 1348 ἅπαντα.
2931 1293 3073 1344 Οὺαί
3102 1292 3154 1344 οί
3178 1288 3528 1356 ἐγειρόμενοι
3551 1280 3812 1368 τὸνπρωῒ,

2161 1365 2258 1436 καὶ
2291 1384 2356 1435 τό
2383 1383 2595 1448 σίκερα
2620 1379 3020 1442 διώκοντες,οί
3043 1375 3328 1442 μένοντες
3355 1372 3420 1422 τὸ
3452 1367 3584 1436 ὀψέ.
3625 1367 3686 1417 '0
3707 1365 3816 1434 γὰρ

2161 1466 2323 1534 οἶνος
2353 1468 2570 1531 αὐτοὺς
2592 1466 2944 1535 συγκαύσει.
2961 1461 3117 1516 Μετὰ
3143 1459 3252 1527 γὰρ
3285 1455 3523 1522 κιθάρας
3545 1451 3639 1505 καὶ
3661 1454 3816 1519 ψαλο

2161 1557 2369 1623 τηρίου
2396 1553 2491 1606 καί
2522 1551 2848 1621 τυμπάνων
2866 1550 2961 1602 καί
2987 1546 3188 1602 αὐλῶν
3214 1545 3318 1596 τὸν
3351 1539 3515 1596 οἶνον
3535 1540 3778 1592 πίνουσι
3797 1552 3812 1567 ·

2161 1642 2234 1696 τὰ
2265 1641 2332 1694 δὲ
2367 1641 2509 1709 ἔργα
2538 1639 2644 1692 τοῦ
2679 1636 2824 1691 Θεοῦ
2865 1639 2975 1690 οὐκ
3015 1634 3400 1702 ἐμϐλέπουσι,
3430 1626 3525 1680 καί
3565 1625 3635 1679 τὰ
3677 1623 3820 1692 ἔργα

2163 1729 2282 1784 τῶν
2302 1728 2514 1797 χειρῶν
2533 1725 2717 1780 αὑτοῦ
2738 1725 2808 1778 οὺ
2836 1720 3216 1775 κατανοοῦσι.
3231 1719 3621 1787 Κατηγορήσας
3643 1710 3821 1765 αὐτῶν

2166 1804 2472 1878 πλεονὲξίαν
2523 1812 2740 1882 πολλὴν,
2770 1809 2862 1863 καὶ
2915 1808 3011 1878 τὴν
3045 1806 3200 1876 ῥίζαν
3243 1804 3334 1857 τοῦ
3377 1801 3549 1855 κακοῦ
3586 1799 3818 1868 τίθησιν.

2165 1902 2312 1973 Λῦτη
2342 1902 2398 1954 δὲ
2428 1896 2494 1972 ἦν
2533 1903 2565 1970 ή
2597 1899 2755 1969 μέθη,
2787 1897 2993 1967 μυρίων
3023 1892 3277 1963 γινομένη
3325 1889 3510 1942 κακῶν
3544 1886 3819 1946 ὑπόθεσις,

2167 1991 2259 2043 καὶ
2297 1989 2530 2060 μάλιστα
2577 1989 2703 2040 ὅταν
2735 1985 2872 2056 μετὰ
2915 1982 3178 2050 τοσαύτης
3207 1977 3468 2047 τολμᾶται
3507 1974 3604 2043 τῆς
3652 1973 3824 2041 ὑπερ-

2168 2077 2352 2146 ϐολῆς.

2239 2144 2303 2215 ε’.
2332 2163 2527 2214 Σκόπει
2556 2160 2686 2228 γοῦν
2717 2158 2832 2220 πῶς
2863 2155 3000 2227 μετά
3031 2151 3313 2224 ἀκριϐείας
3330 2149 3527 2210 αὐτοὺς
3554 2144 3824 2215 κωμῳδεῖ.

2168 2249 2354 2302 Πᾶσαν
2381 2247 2487 2317 γὰρ
2518 2247 2617 2316 τὴν
2648 2245 2860 2314 ἡμέραν
2887 2244 2965 2303 εἰς
2992 2239 3148 2292 τοῦτο
3177 2234 3512 2289 δαπανᾶσθαί
3540 2247 3724 2300 φησιν.

2167 2334 2276 2405 γὰρ
2309 2336 2437 2387 ὅταν
2459 2316 2922 2403 ἀριστοποιεῖσθαι
2953 2327 3068 2395 δέῃ,
3098 2323 3255 2377 τοῦτο
3295 2321 3613 2390 πράττουσι,
3638 2316 3825 2405 φησὶν,

2169 2402 2303 2476 ἀλλά
2336 2402 2516 2474 πάντα
2544 2420 2635 2472 τὸν
2673 2417 2860 2488 καιρὸν
2899 2413 3066 2484 μέθης
3099 2410 3368 2470 ποιοῦντες
3399 2406 3608 2476 καιρὸν,
3639 2402 3730 2455 καὶ
3765 2403 3829 2455 ἐκ

2171 2508 2468 2579 προοιμίων
2509 2507 2606 2574 τῆς
2635 2504 2866 2574 ἡμέρας,
2923 2501 3011 2552 ὅτε
3050 2498 3281 2568 μάλιστα
3324 2495 3503 2554 αὐτοῖς
3545 2489 3830 2561 προσέχειν

2172 2577 2360 2667 ἐχρῆν,
2388 2594 2566 2664 πολλῷ
2594 2592 2670 2663 τῷ
2705 2591 2927 2661 ἀκράτῳ
2961 2587 3191 2646 διδόντες
3213 2582 3458 2642 ἑαυτοὺς,
3487 2578 3581 2632 καὶ
3609 2577 3833 2667 ἀκοντες

2171 2663 2356 2734 λοιπόν
2391 2682 2484 2733 καὶ
2517 2663 2676 2748 μέχρι
2703 2681 2798 2747 τῆς
2838 2675 3074 2743 ἐσπέρας
3121 2669 3540 2738 ἐναπομένοντες
3572 2663 3648 2732 τῷ
3674 2663 3833 2729 νοσή-

2175 2785 2324 2836 ματι.
2360 2765 2608 2817 Ἐπειδὰν
2639 2763 2746 2832 γὰρ
2775 2760 2920 2823 ἅπαξ
2958 2759 3202 2826 φθάσωσι
3237 2751 3722 2817 καταποντισθῆναι
3754 2750 3832 2808 εἰς

2171 2834 2260 2906 τὸν
2282 2852 2379 2921 τῆς
2414 2848 2678 2919 ἀκρασίας
2707 2846 2883 2914 βυθὸν,
2919 2844 3013 2895 καὶ
3050 2842 3159 2893 τῶν
3192 2838 3332 2892 κατά
3369 2837 3528 2904 φύσιν
3557 2834 3831 2886 ἐκπέσωσι

2173 2939 2408 3010 φρενῶν,
2439 2939 2532 2989 καὶ¹
2566 2935 2662 3005 τὴν
2689 2932 2864 3003 ψυχὴν
2896 2929 3238 3000 αἰχμάλωτον
3269 2927 3334 2995 τῇ
3365 2923 3574 2993 πονηρᾷ
3613 2921 3709 2989 τῆς
3735 2921 3835 3010 μέ·-

2175 3027 2274 3097 θης
2317 3023 2677 3095 παραδώσωσι
2706 3019 2995 3089 τυραννίδι,
3039 3015 3289 3083 καθάπερ
3324 3013 3506 3064 πλοῖον
3542 3009 3834 3097 ἀνερμάτι-

2176 3093 2320 3175 στον,
2343 3093 2435 3163 καὶ
2457 3109 2788 3178 κυϐερνήτου
2815 3106 2910 3158 καὶ
2940 3102 3151 3156 ναυτῶν
3172 3097 3629 3168 ἀπεστερημένον,
3651 3093 3833 3155 ἁπλῶς

2176 3200 2271 3252 κα)⁵
2297 3198 2418 3268 εἰκῆ
2445 3198 2692 3266 φέρεται,
2721 3196 2785 3263 τῇ
2813 3191 2921 3243 τῶν
2951 3189 3157 3242 ὑδάτων
3196 3187 3414 3254 ἀτάκτῳ
3444 3183 3608 3268 ῥύμη.
3629 3197 3833 3268 πανταέ

2175 3289 2272 3356 χοῦ
2310 3286 2731 3355 περιαγόμενον,
2777 3282 2868 3334 τὸν
2900 3279 3063 3332 αὐτὸν
3092 3277 3154 3348 δὴ
3195 3275 3392 3345 τρόπον
3432 3273 3526 3325 καὶ
3554 3263 3697 3322 οῦτοι
3732 3267 3837 3320 ὑπὸ

2176 3375 2276 3442 τῆς
2306 3373 2476 3442 μέθης
2523 3369 2840 3438 ὑποϐρύχιοι
2891 3366 3190 3434 γενόμενοι.
3234 3362 3322 3413 Διό
3365 3374 3558 3428 φησιν⁸
3604 3356 3749 3409 Οὐαὶ
3781 3358 3835 3442 at

2175 3440 2530 3526 ἐγειρόμενοι
2571 3457 2634 3508 τὸ
2672 3455 2850 3521 πρωῒ,
2896 3453 2991 3504 καί
3034 3453 3099 3502 τὸ
3149 3449 3360 3514 σίκερα
3391 3444 3724 3506 διώκοντες.
3759 3440 3834 3492 Οὐ

2177 3547 2284 3617 γὰρ
2312 3547 2409 3614 τὴν
2439 3544 2627 3614 χρείαν
2667 3541 2954 3611 ἐπλήρουν,
2985 3536 3105 3589 οὐδὲ
3139 3535 3395 3602 ἀνέμενον
3427 3529 3837 3617 ἐπιθυμίαςᾼγε-

2177 3613 2407 3704 νομένης
2457 3613 2741 3699 πληρῶσαι
2784 3628 2881 3696 τὴν
2916 3624 3150 3686 ἔνδειαν,
3196 3620 3309 3673 ἀλλ’
3357 3619 3516 3704 ἔργον
3561 3613 3837 3668 ἐποιοῦντο

2177 3703 2335 3775 τοῦτο
2363 3721 2454 3772 καὶ
2488 3717 2736 3787 μελέτην,
2767 3713 2828 3765 τὸ
2857 3708 3115 3780 διηνεκῶς
3149 3707 3385 3777 μεθύειν.
3429 3703 3519 3756 Διό
3559 3716 3740 3770 φησιν’
3774 3703 3839 3753 οι

2180 3809 2491 3872 διώκοντες
2519 3807 2745 3872 σίκερα.
2786 3802 2984 3871 Σίκερα
3021 3799 3077 3851 δὲ
3117 3795 3347 3849 ἐνταῦθά
3378 3810 3509 3862 φησι
3537 3791 3644 3842 τῶν
3672 3789 3841 3858 φοινί-

2182 3914 2291 3950 κων
2318 3897 2408 3949 τδν
2441 3894 2591 3955 όπὺν,
2630 3894 2689 3945 ὃν
2736 3889 3075 3959 ἐπετήδευον,
3109 3883 3476 3954 συντρίϐοντες
3510 3879 3599 3930 τὸν
3631 3877 3842 3946 καρπὸν

2183 3987 2278 4039 καὶ
2311 3982 2702 4044 καταθλῶντες,
2729 3981 2806 4041 εἰς
2826 3977 2968 4029 οἴνου
3012 3966 3503 4044 μετασχηματίζειν
3533 3965 3710 4032 φύσιν.
3736 3964 3844 4015 Ka-

2188 4070 2413 4143 ρωτικὸν
2461 4070 2517 4122 δέ
2567 4070 2682 4120 ἐστι
2731 4066 2791 4118 τὸ
2838 4061 3097 4125 τοιοῦτον,
3148 4058 3241 4111 καὶ
3295 4048 3837 4143 μέθης-ἐργαστικόν.

2197 4159 2335 4211 Ἀλλ’
2357 4158 2506 4210 οὐδὲν
2534 4153 2826 4225 ὑφωρῶντο
2847 4149 3048 4203 τούτων
3072 4149 3286 4209 ἐκεῖνοι,
3308 4141 3404 4211 τὴν
3428 4137 3618 4208 ἡδονὴν
3646 4152 3844 4188 παντα-

2185 4247 2282 4316 χοῦ
2313 4222 2624 4304 διώκοντες,
2657 4222 2911 4308 μένοντες
2949 4236 3007 4288 τὸ
3042 4234 3156 4302 ὀψέ.
3198 4233 3250 4283 Ὀ
3282 4232 3390 4298 γὰρ
3425 4223 3582 4316 οἶνος
3622 4222 3844 4316 αὐτοὺς

2186 4309 2538 4400 συγκαύσει.
2570 4327 2802 4394 Τοιαύτη
2836 4323 2943 4392 γὰρ
2969 4322 3065 4390 τῆς
3095 4319 3261 4389 μέθης
3295 4319 3328 4386 ή
3370 4313 3546 4400 φύσις·
3582 4309 3844 4400 προϊοῦσα

2187 4420 2426 4484 αὒξεται,
2449 4416 2543 4469 καὶ⁵
2570 4412 2948 4483 χαλεπώτερον
2972 4408 3031 4458 τὸ
3065 4405 3214 4473 δίψος
3246 4402 3405 4454 ποιεῖ.
3446 4395 3579 4450 Εἶτα
3609 4397 3702 4449 καὶ
3728 4396 3846 4446 ἐτε-

2190 4480 2284 4575 ρον
2307 4503 2405 4554 οὐκ
2440 4480 2655 4552 ἔλαττον
2681 4495 2929 4562 ἔγκλημα
2955 4491 3049 4543 τοῦ
3079 4488 3343 4558 προτέρου
3379 4482 3721 4575 προστίθησι,
3759 4480 3850 4531 λέ⁴

2186 4566 2320 4659 γων·
2342 4589 2502 4641 Μετὰ
2527 4587 2636 4654 γὰρ
2653 4581 2895 4648 κιθάρας
2925 4578 3020 4631 καί
3046 4575 3380 4644 ψαλτηρίου
3404 4571 3501 4623 καί
3526 4566 3849 4659 τυμπάνων

2190 4656 2288 4730 καί
2321 4673 2527 4728 αὐλῶν
2565 4673 2672 4724 τὸν
2713 4666 2881 4721 οἶνον
2908 4667 3174 4718 πίνουσι.
3211 4660 3382 4713 Τοῦτο
3413 4659 3506 4712 καὶ
3543 4658 3728 4726 ἕτερος
3759 4656 3851 4722 ἐγ-

2191 4763 2346 4819 καλεῖ
2374 4760 2654 4830 προφήτης
2694 4757 2885 4822 λέγων·
2907 4757 2973 4807 Ol
3004 4752 3280 4813 πίνοντες
3315 4746 3421 4800 τὸν
3460 4742 3852 4830 διυλισμένον

2191 4846 2379 4912 οἶνον,
2406 4847 2505 4899 καί
2550 4847 2623 4897 τὰ
2649 4842 2850 4910 ,πρῶτα
2883 4841 3042 4907 μύρα
3069 4838 3386 4905 χριόμενοι,
3417 4835 3470 4885 οί
3500 4829 3851 4897 κροτοῦντες

2192 4938 2341 5005 πρὸς
2371 4936 2487 5000 τὴν
2523 4932 2732 5000 φωνὴν
2766 4931 2792 4968 b
2818 4927 2936 4981 τῶν
2963 4925 3246 4992 ὀργάνων.
3287 4923 3378 4986 Ὠς
3401 4918 3628 4973 ἑστῶτα
3657 4913 3850 4981 ἐλογί-

2192 5003 2402 5084 σαντο,
2427 5021 2525 5073 καὶ
2560 5021 2672 5086 οὐχ
2699 5019 2780 5082 ὠς
2806 5017 3119 5084 φεύγοντα.
3152 5012 3262 5065 Καὶ
3289 5011 3396 5080 γὰρ
3425 5006 3658 5076 ἐσχάτης
3689 5003 3848 5055 ἀναλ-

2193 5109 2391 5178 γησίας
2438 5105 2596 5157 τοῦτο
2641 5105 2702 5156 τὸ
2747 5103 2989 5172 σημεῖον,
3023 5100 3115 5151 καὶ
3155 5098 3327 5168 ψυχῆς
3377 5090 3755 5160 ἐκλελυμένης,
3787 5087 3852 5141 τὸ

2196 5203 2422 5271 θέατρον
2478 5201 2651 5250 ποιεῖν
2700 5195 2796 5264 τὴν
2852 5195 3027 5246 οἰκίαν
3074 5193 3171 5262 τὴν
3216 5189 3424 5249 ἑαυτοῦ,
3461 5186 3554 5238 καὶ
3588 5183 3851 5244 τοιούτοις

2197 5269 2430 5360 ᾄσμασιν
2493 5285 2714 5345 ἑαυτοὺς
2774 5282 3059 5335 ἐκδιδόναι.
3091 5281 3261 5348 Ὅπερ
3315 5275 3407 5328 καὶ
3454 5275 3487 5341 ὴ
3533 5269 3668 5339 μέθη
3709 5270 3850 5360 ποίεῖ

2200 5375 2486 5438 σκοτοῦσα,
2529 5373 2684 5425 τοῦτο
2712 5373 2745 5439 ἡ
2788 5369 3016 5439 μουσικὴ
3051 5369 3382 5437 μαλάττουσα
3410 5361 3469 5412 τὸ
3501 5357 3713 5410 εὔτονον
3752 5355 3850 5423 τῆς

2198 5463 2452 5524 διανοίας,
2501 5461 2592 5512 καὶ
2632 5455 2955 5510 κατακλῶσα
2980 5456 3094 5524 1581
3126 5455 3222 5522 τῆς
3246 5449 3422 5519 ψυχῆς
3450 5445 3549 5516 τὴν
3578 5441 3848 5512 ἀνδρείαν,

2201 5551 2294 5604 καὶ
2323 5549 2412 5601 ἐπὶ
2439 5547 2683 5618 μείζονας
2723 5543 2986 5610 ἐξάγουσα
3025 5538 3323 5605 ἀσελγείας.
3361 5533 3434 5586 Td
3468 5530 3534 5583 δὲ
3567 5530 3706 5598 ἔργα
3743 5525 3852 5581 τοῦ

2264 5790 2294 5830 ἲν
2319 5791 2368 5837 1η
2398 5785 2766 5843 ΒὶδΙίἱεὶριξίιηι·
2790 5787 2833 5832 οἱ
2879 5779 3229 5834 ἐπικοατοῦντες
3271 5777 3383 5838 προς
3430 5771 3727 5843 την-,φορήν
3779 5770 3854 5818 Ιο-

2207 5833 2678 5914 τυεείιιείίίεᾹιιμέέί
2719 5850 2943 5896 imcrsus
2986 5833 3473 5900 είῑρτῑυι-,ιίιιειιινω
3500 5833 3795 5886 dicebamus.
