4058 6216
256 382 327 438 61
1509 358 1574 415 rs
1613 358 1818 415 tsam

1925 358 2055 415 IAP.
2099 358 2162 414 ν.
3437 380 3511 435 62

320 489 369 541 4.
406 486 525 540 llmc
544 485 850 540 etiamnunc
864 483 1050 538 tentari
1070 480 1247 535 videre
1266 484 1344 532 est
1364 476 1431 530 ab
1456 475 1539 541 iis,
1568 475 1657 544 qui
1689 473 1826 527 male

247 579 447 632 divitiis
486 588 722 643 utuntur,
770 578 860 646 qui
905 575 1077 629 vicina
1124 572 1237 625 loca
1291 567 1539 623 invadere
1558 558 1820 634 cogitant,

246 686 356 724 non
380 678 434 723 ut
455 670 791 723 securitatem
821 667 1044 735 pariant,
1078 667 1171 718 sed
1212 672 1268 715 ut
1316 658 1536 713 insidias
1566 657 1825 727 proximis

254 763 560 823 moliantur,
605 760 692 830 qui
724 768 780 813 ut
808 758 941 828 ignis
979 770 1226 825 grassans
1247 794 1261 818 ,
1292 752 1361 805 ita
1392 750 1596 804 vicinos
1640 763 1827 802 omnes

245 850 495 921 Spoliant.
530 850 791 919 Numquid
822 845 1105 901 habitabilis
1131 845 1227 899 soli
1240 859 1388 913 super
1406 840 1695 895 terram?9.
1723 840 1827 892 Au-

246 945 356 997 dita
381 956 494 999 sunt
518 947 649 999 enim
697 962 830 998 nunc
883 948 933 998 in
983 943 1187 996 auribus
1217 939 1422 995 Domini
1448 939 1672 995 Sabaoth
1700 938 1824 990 lucc.

249 1035 493 1092 Ostendit
522 1038 639 1090 illos
664 1036 857 1090 frustra
902 1035 1145 1089 laborare
1188 1042 1240 1087 et
1267 1033 1415 1087 nullo
1455 1030 1651 1084 fructu.
1693 1027 1826 1095 Quia

248 1127 395 1181 enim
419 1141 524 1179 non
550 1126 620 1181 ita
641 1128 898 1194 supplicia
926 1134 980 1179 et
1016 1124 1283 1178 cruciatus
1310 1121 1611 1191 hujusmodi
1653 1118 1827 1173 homi-

251 1230 347 1269 nes
371 1214 634 1270 abducere
664 1217 858 1279 solent,
891 1224 947 1268 ut
973 1229 1097 1268 cum
1118 1214 1284 1283 probe
1329 1212 1629 1274 didicerint,
1659 1225 1715 1265 se
1736 1224 1827 1263 ra-

252 1306 391 1373 pina:
415 1306 639 1359 fructum
668 1321 773 1360 non
799 1315 1163 1375 percepturos,
1198 1305 1332 1358 hanc
1353 1305 1404 1358 in
1432 1317 1523 1358 eos
1546 1304 1646 1357 fert
1674 1316 1825 1355 com-

248 1396 591 1449 minationem
636 1396 856 1461 dicens,
900 1395 1044 1464 ipsos
1095 1394 1461 1458 laboraturos,
1506 1399 1560 1447 et
1601 1391 1828 1446 miseriis

245 1485 463 1539 affectos
489 1495 758 1556 peccatum
778 1486 1124 1551 admissuros,
1154 1485 1246 1540 sed
1277 1485 1344 1538 ab
1370 1485 1483 1555 ejus
1515 1499 1613 1538 usu
1642 1493 1694 1538 et
1716 1484 1827 1537 fru-

245 1584 333 1628 ctu
368 1576 605 1645 lapsuros
636 1593 773 1632 esse.
793 1578 908 1632 Non
934 1578 1075 1632 enim
1102 1578 1359 1633 insomnis
1386 1578 1474 1632 ille
1497 1579 1681 1632 oculus
1707 1576 1825 1629 tali-

247 1666 345 1722 bus
375 1670 502 1722 visis
531 1668 847 1723 facinoribus
874 1670 1129 1739 quiescet.
1165 1668 1295 1723 Illud
1325 1682 1471 1733 vero,
1504 1668 1689 1721 Audita
1715 1676 1829 1720 sunt

245 1776 396 1824 nunc,
422 1776 526 1814 non
557 1761 683 1815 dicit
703 1761 851 1831 quasi
880 1771 1003 1815 tunc
1027 1775 1113 1815 res
1143 1768 1305 1830 gesta:
1330 1768 1471 1814 notce
1499 1759 1599 1813 sibi
1625 1765 1823 1823 essent,

244 1851 338 1905 sed
374 1852 523 1921 quasi
559 1852 688 1906 ultio
728 1868 760 1907 e
800 1852 1019 1922 vestigio
1072 1860 1416 1921 sequeretur,
1446 1849 1829 1918 retributioque

245 1941 487 1996 instaret.
516 1941 577 1997 Si
604 1943 735 1996 enim
762 1944 947 2010 fuerint
991 1944 1169 1996 domus
1212 1942 1402 2006 nmine,
1428 1942 1481 1994 in
1508 1940 1827 1994 solitudinem

243 2044 389 2086 erunt
421 2050 615 2101 magna:
634 2044 679 2088 et
701 2036 945 2103 pulchrce,
972 2052 1059 2088 nec
1088 2044 1228 2088 erunt
1261 2034 1345 2103 qui
1370 2033 1588 2087 habitent
1610 2034 1661 2087 in
1688 2035 1781 2087 eis.

316 2126 558 2178 Avaritia
595 2126 815 2179 morbus.
843 2156 915 2167 --
949 2126 1257 2194 llujusmodi
1304 2133 1386 2180 est
1414 2125 1634 2179 avaritia
1664 2143 1677 2179 :
1705 2140 1826 2180 cum

242 2214 395 2282 plura
421 2215 818 2282 possessoribus
860 2216 1023 2280 addit,
1061 2215 1205 2285 ipsos
1245 2216 1403 2269 etiam
1436 2231 1496 2270 ex
1531 2216 1673 2284 prius
1699 2230 1826 2285 pos-

244 2306 406 2359 sessis
431 2305 626 2374 dejicit.
657 2306 805 2373 Quod
833 2307 993 2361 etiam
1018 2306 1103 2360 hic
1131 2307 1661 2363 subindicatdiceus:
1694 2308 1825 2363 Cum

243 2397 523 2466 splendide
567 2398 973 2464 tediticaveritis,
1011 2407 1064 2453 et
1101 2400 1333 2453 omnium
1362 2399 1497 2454 bona
1530 2400 1678 2453 vobis
1705 2414 1824 2455 cor-

245 2489 522 2553 raseritis,
566 2497 689 2543 tunc
736 2490 895 2543 etiam
942 2490 1009 2543 ab
1036 2490 1135 2552 iis,
1167 2505 1286 2558 qum
1329 2494 1473 2559 prius
1514 2490 1824 2553 habebatis,

244 2579 521 2633 cxcidetis.
555 2580 617 2633 Et
638 2582 852 2633 stabunt
892 2580 1034 2633 aedes
1074 2580 1246 2634 nullos
1274 2579 1597 2635 habitatores
1625 2581 1824 2635 haben-

248 2678 347 2735 tes,
379 2670 470 2722 sed
506 2670 625 2722 tuba
652 2670 930 2725 clariorem
978 2670 1276 2725 emittentes
1308 2686 1489 2724 vocem
1516 2681 1701 2725 contra
1728 2684 1822 2725 eos

242 2759 335 2825 qui
386 2759 504 2813 illas
534 2760 678 2827 prius
709 2768 1012 2828 rapuerant,
1053 2760 1300 2815 vastitate
1338 2762 1428 2815 illa
1458 2769 1600 2815 tanta
1643 2761 1826 2829 tropaei

246 2850 414 2903 instar
459 2851 711 2904 exhibita.
744 2851 828 2905 10.
865 2849 962 2905 Ubi
1003 2851 1137 2904 enim
1180 2862 1452 2920 operantur
1490 2849 1659 2904 decem
1696 2852 1827 2921 juga

245 2941 414 3001 boum,
449 2942 599 3012 faciet
630 2940 952 3011 lagunculam
976 2957 1129 2995 unam
1156 2956 1175 2995 :
1196 2950 1240 2994 et
1264 2941 1350 3011 qui
1377 2942 1590 2995 seminat
1625 2943 1827 2996 artabas

245 3050 352 3094 sex,
383 3034 531 3102 faciet
570 3049 827 3087 mensuras
856 3044 972 3087 tres.
1004 3033 1086 3087 Ab
1134 3033 1267 3088 urbe
1296 3034 1347 3087 in
1376 3034 1485 3103 agri
1528 3034 1827 3087 vastitatem

246 3138 550 3178 sermonem
584 3124 780 3186 educit,
812 3125 878 3175 ita
910 3133 966 3177 ut
1002 3123 1232 3192 undique
1279 3123 1571 3177 auditorem
1621 3124 1824 3192 percel-

247 3215 339 3266 lat.
374 3212 555 3281 Neque
599 3216 741 3269 enim
769 3213 978 3279 domus,
1021 3214 1220 3283 inquit,
1255 3214 1581 3269 habitatores
1619 3216 1826 3269 detine-

246 3304 407 3369 bunt,
456 3321 627 3374 neque
672 3317 808 3360 terra
846 3321 993 3360 suam
1022 3306 1263 3360 ostendet
1297 3304 1525 3359 nativam
1552 3306 1821 3364 virtutem.

245 3397 460 3451 Etenim
489 3398 555 3451 ab
576 3398 725 3453 initio
748 3399 814 3453 ob
839 3397 968 3453 Adze
998 3407 1274 3469 peccatum
1316 3397 1497 3466 spinas
1523 3406 1576 3452 et
1603 3398 1826 3452 tribulos

247 3489 496 3556 protulit;
540 3504 601 3543 ac
656 3498 771 3558 post
814 3490 983 3555 illum,
1014 3499 1230 3558 propter
1277 3487 1423 3543 Caini
1473 3490 1821 3559 iniquitatem,

246 3580 415 3632 multo
437 3580 696 3633 minorem
723 3594 881 3648 quam
907 3580 1115 3634 labores
1134 3579 1250 3649 ejus
1267 3579 1567 3649 exigebant,
1591 3587 1645 3633 et
1664 3593 1822 3647 quam

243 3672 323 3724 vis
350 3670 524 3723 nativa
558 3680 711 3724 terrm
752 3672 1085 3740 postulabat,
1117 3680 1429 3739 proventum
1462 3670 1598 3724 tulit.
1645 3670 1824 3738 Smpe-

242 3778 347 3832 que
372 3763 495 3816 alibi
526 3762 708 3817 videre
729 3771 812 3817 est
838 3770 1034 3816 terram
1059 3763 1126 3816 ob
1156 3772 1369 3830 peccata
1399 3761 1669 3814 hominum
1703 3762 1819 3829 ple-

242 3854 334 3906 cti.
368 3852 433 3906 Et
463 3852 586 3920 quid
630 3851 859 3916 miraris,
899 3852 943 3905 si
989 3852 1238 3920 iniquitas
1283 3860 1439 3905 terras
1497 3851 1819 3905 fertilitatem

240 3944 502 3997 obtundat
552 3942 931 4013 hominumque
964 3942 1339 3997 fecunditatem
1362 3983 1377 4008 ,
1411 3942 1623 4012 quando
1660 3944 1819 3997 etiam

241 4043 460 4102 propter
503 4047 600 4087 nos
648 4033 1006 4102 corruptibilis
1044 4032 1180 4088 facta
1232 4042 1333 4098 est,
1360 4041 1413 4087 et
1462 4042 1675 4103 propter
1721 4050 1819 4089 nos

241 4138 456 4179 rursum
530 4123 938 4191 incorruptibilis
1005 4124 1270 4179 efﬁcitur?
1324 4123 1457 4191 Quia
1506 4125 1650 4178 enim
1699 4142 1821 4193 pro-

238 4223 356 4283 pter
393 4228 493 4268 nos
541 4213 779 4277 omnino,
807 4220 859 4267 et
900 4223 1116 4281 propter
1148 4214 1498 4267 ministerium
1552 4224 1813 4281 nostrum,

239 4302 602 4356 exsistentiam
639 4301 862 4369 accepit,
909 4299 1033 4354 hinc
1072 4300 1234 4355 etiam
1257 4301 1445 4370 accipit
1490 4311 1547 4356 ut
1592 4302 1691 4358 hac
1732 4306 1817 4360 vel

238 4393 326 4447 illa
347 4391 653 4446 conditione
676 4392 782 4445 sint
800 4390 912 4460 ejus
938 4391 1253 4461 principium
1276 4403 1327 4447 et
1354 4393 1526 4447 radix.
1555 4393 1643 4449 Sic
1656 4396 1816 4450 etiam

244 4495 487 4552 tempore
535 4482 647 4536 Noe
680 4482 898 4537 factum.
941 4482 1072 4549 Quia
1102 4484 1151 4537 in
1181 4494 1472 4538 extremam
1526 4487 1815 4554 nequitiam

240 4582 422 4629 natura
452 4572 725 4627 hominum
760 4572 1083 4639 deﬂexerat,
1112 4587 1199 4635 res
1219 4588 1406 4628 omnes
1433 4575 1811 4641 miscebantur,

239 4665 463 4729 semina,
496 4662 709 4732 plantae,
740 4662 1013 4717 brutorum
1040 4678 1256 4733 genera,
1295 4673 1432 4719 terra
1456 4706 1472 4731 ,
1505 4681 1671 4732 mare,
1699 4682 1809 4733 aer,

235 4763 466 4817 montes,
498 4752 683 4816 saltus,
720 4752 905 4815 colles,
943 4754 1124 4815 urbes,
1156 4755 1313 4817 muri,
1348 4754 1557 4821 domus,
1591 4766 1764 4812 turres
1796 4774 1808 4810 :

233 4842 520 4910 omniaque
563 4856 779 4910 prorsus
809 4842 1029 4897 terribili
1076 4844 1164 4897 illo
1205 4845 1390 4913 pelago
1418 4847 1803 4903 obruebantur.

232 4936 366 5001 Quia
408 4950 539 4991 vero
576 4950 787 4990 rursum
826 4950 1046 4991 necesse
1084 4930 1197 4989 erat
1224 4945 1281 4990 ut
1321 4938 1607 4993 humanum
1646 4956 1812 5010 genus

234 5036 586 5091 accresceret,
620 5036 757 5081 terra
786 5028 1022 5081 nativum
1046 5041 1199 5081 suum
1232 5028 1473 5083 ordinem
1502 5032 1727 5099 accepit,
1757 5041 1812 5085 et

230 5124 284 5178 in
318 5120 552 5190 priorem
582 5118 895 5187 elegantiam
936 5118 1175 5172 restituta
1205 5127 1307 5171 est.
1338 5118 1393 5172 ld
1426 5129 1599 5174 autem
1631 5122 1809 5175 videas

231 5225 294 5264 ex
324 5218 474 5276 parte
508 5207 698 5261 factum
724 5206 776 5260 in
802 5206 1073 5260 hominum
1119 5206 1396 5260 honorem.
1426 5209 1632 5262 Etenim
1661 5211 1808 5278 prla-

230 5314 327 5369 gus
368 5312 427 5352 se
456 5296 763 5360 summovit,
792 5304 847 5350 et
876 5296 1065 5351 iterum
1094 5300 1354 5374 apparuit,
1404 5298 1481 5352 sol
1514 5298 1808 5353 refrenatus

228 5398 311 5444 est
330 5404 453 5443 cum
482 5388 626 5452 luna,
656 5387 980 5455 solitumque
1001 5404 1212 5443 cursum
1239 5390 1500 5454 deseruit,
1532 5392 1665 5460 ignis
1686 5407 1807 5461 qum

228 5480 293 5534 ad
313 5495 504 5549 aquam
522 5478 855 5548 pertinebant
874 5480 1134 5547 priestitit,
1170 5490 1308 5535 terra
1335 5496 1454 5548 qum
1478 5482 1542 5534 ad
1567 5481 1800 5550 pelagus,

227 5570 444 5639 pelagus
472 5584 589 5637 quae
620 5568 685 5621 ad
717 5578 913 5622 terram
945 5585 957 5621 :
994 5572 1299 5639 omniaque,
1332 5581 1388 5625 ut
1418 5572 1580 5626 semel
1608 5572 1802 5638 dicam,

226 5662 281 5715 in
312 5659 591 5715 utilitatem
618 5660 891 5715 hominum
922 5677 979 5717 se
1012 5663 1406 5719 transformant.
1446 5665 1511 5718 Et
1537 5666 1658 5733 quia
1684 5680 1801 5718 om-

226 5752 311 5806 nia
344 5753 544 5808 honore
574 5752 823 5824 prteccdit
852 5753 1008 5809 homo
1032 5796 1045 5823 ,
1081 5766 1397 5826 propterque
1422 5755 1594 5826 ipsum
1622 5755 1801 5811 omnia

1932 473 2068 527 facta
2098 481 2252 534 sunt;
2310 474 2430 531 ideo
2456 484 2509 531 et
2537 491 2699 544 nunc,
2726 476 2847 547 quia
2862 478 3369 553 Iudaicus-populus
3396 502 3508 555 pce-

1929 566 2101 631 cavit,
2132 577 2287 620 terra:
2314 578 2493 636 partus
2526 570 2664 624 Deus
2692 570 2920 635 cohibet,
2960 590 3021 628 ac
3048 586 3169 644 post
3194 580 3388 634 multos
3420 580 3500 633 la-

1932 661 2091 715 bores
2118 661 2443 731 sudoresque
2469 680 2572 716 non
2606 665 2732 718 sinit
2758 665 2873 733 ejus
2903 668 3103 723 viscera
3135 672 3348 727 solitum
3379 689 3505 742 pro-

1931 762 2144 804 ventum
2189 750 2429 815 referre;
2480 762 2537 807 ut
2583 753 2705 807 inde
2750 756 2977 824 discant,
3020 774 3123 813 non
3170 764 3504 831 agricultura:

1930 851 2119 906 artem,
2148 857 2246 896 nec
2286 842 2448 897 boves
2477 853 2526 899 et
2555 854 2790 900 aratrum
2813 887 2827 909 ,
2860 864 3029 919 neque
3061 860 3214 906 terra:
3240 866 3507 923 naturam,

1932 949 2030 989 nec
2059 936 2201 991 aliud
2231 938 2401 991 simile
2422 938 2713 1007 quidpiam,
2738 938 2833 993 sed
2863 941 3049 995 horum
3072 944 3306 998 omnium
3332 946 3515 1001 Domi-

1933 1044 2056 1081 num
2086 1044 2227 1095 esse,
2272 1031 2363 1099 qui
2418 1030 2626 1085 liberali
2655 1046 2813 1085 manu
2842 1034 3017 1086 omnia
3062 1035 3303 1101 effundit,
3332 1049 3384 1092 et
3412 1040 3510 1093 ite-

1932 1132 2072 1185 rum,
2116 1134 2236 1173 cum
2267 1120 2399 1185 vult,
2440 1119 2616 1174 omnia
2661 1120 2893 1176 cohibet.
2922 1125 3006 1177 11.
3049 1123 3137 1179 Va:
3172 1130 3258 1196 qui
3296 1141 3509 1199 surgunt

1930 1224 2095 1274 mane,
2115 1220 2159 1263 et
2178 1210 2387 1264 siceram
2416 1221 2793 1280 persequuntur,
2819 1214 2903 1281 qui
2924 1226 3124 1269 ntanent
3148 1218 3213 1270 ad
3229 1235 3504 1289 vesperam.

1944 1298 2123 1353 Vinum
2162 1317 2290 1354 enim
2340 1303 2612 1356 succendet
2650 1319 2755 1356 eos.
2791 1303 2880 1357 12.
2914 1303 3051 1357 Nam
3097 1323 3211 1361 cum
3237 1310 3434 1363 cithara
3459 1322 3509 1365 et

1934 1392 2173 1459 psalterio
2196 1402 2243 1445 et
2283 1394 2536 1462 tympanis
2559 1402 2605 1446 et
2645 1394 2780 1447 tibiis
2809 1396 2980 1448 vinum
2999 1396 3172 1450 bibunt
3198 1416 3215 1452 :
3237 1417 3390 1469 opera
3416 1418 3514 1454 au-

1931 1496 2027 1534 tem
2055 1480 2152 1535 Dei
2173 1499 2274 1535 non
2294 1485 2587 1553 respiciunt,
2621 1494 2666 1538 et
2685 1500 2838 1552 opera
2860 1503 3100 1540 manuum
3128 1489 3235 1557 ejus
3260 1508 3360 1544 non
3381 1504 3501 1544 con-

1930 1574 2170 1628 siderant.
2198 1575 2480 1644 Postquam
2509 1576 2779 1646 ingentem
2803 1579 3013 1633 illorum
3034 1583 3311 1637 avaritiam
3327 1585 3511 1640 redar-

1929 1668 2059 1736 guit,
2091 1668 2217 1722 mali
2256 1668 2489 1723 radicem
2512 1670 2595 1722 hic
2620 1670 2790 1739 ponit.
2820 1668 2946 1724 llcec
2972 1688 3097 1726 vero
3117 1684 3231 1727 erat
3256 1675 3507 1743 ebrietas,

1931 1769 2303 1816 sexcentorum
2335 1776 2492 1816 causa
2534 1763 2792 1816 malorum
2823 1780 2835 1816 :
2864 1779 2983 1818 cum
3025 1767 3251 1822 maxime
3280 1768 3367 1823 illa
3395 1786 3511 1823 mo-

1930 1850 2059 1906 dum
2089 1866 2304 1907 omnem
2332 1854 2561 1907 excedit.

2000 1942 2054 1996 5.
2114 1942 2302 1997 Contra
2349 1943 2651 1997 ebrietatem.
2704 1976 2775 1986 —
2822 1946 3055 2001 Observa
3106 1948 3299 2019 igitur,
3349 1968 3507 2015 quam

1929 2041 2173 2087 accurate
2196 2033 2314 2087 illos
2363 2034 2621 2088 traducat.
2651 2036 2841 2089 Totum
2881 2038 3021 2090 enim
3047 2038 3186 2093 diem
3213 2040 3264 2093 in
3290 2041 3402 2095 hare
3429 2043 3508 2096 in-

1930 2121 2067 2174 sumi
2095 2121 2244 2176 dicit.
2283 2121 2464 2191 Neque
2491 2124 2631 2178 enim
2661 2139 2780 2179 cum
2820 2127 3181 2194 prandendum
3213 2140 3315 2196 est,
3336 2132 3386 2185 id
3433 2132 3510 2185 faa

1929 2211 2109 2273 ciunt,
2135 2210 2323 2280 inquit,
2350 2212 2443 2266 sed
2469 2228 2627 2268 omne
2654 2224 2861 2283 tempus
2908 2216 2958 2268 in
2987 2217 3255 2271 ebrietatis
3302 2230 3512 2287 tempus

1931 2311 2199 2356 vertentes
2219 2342 2234 2366 ,
2265 2302 2332 2357 ab
2358 2312 2479 2357 ortu
2503 2303 2605 2358 diei
2628 2344 2644 2369 ,
2687 2306 2898 2375 quando
2938 2309 3169 2364 maxime
3204 2310 3304 2364 sibi
3335 2320 3507 2367 atten-

1929 2392 2057 2445 dere
2080 2392 2344 2446 debebant
2367 2433 2382 2459 ,
2414 2394 2578 2449 multo
2604 2410 2753 2451 mero
2778 2412 2837 2451 se
2865 2397 3139 2463 dedentes,
3173 2403 3367 2457 vellent
3392 2406 3511 2459 nol-

1929 2481 2039 2535 lent
2073 2481 2326 2551 deinceps
2365 2498 2532 2553 usque
2562 2486 2627 2539 ad
2652 2501 2929 2555 vesperam
2959 2490 3009 2543 in
3044 2493 3231 2546 morbo
3261 2510 3509 2561 perseve-

1930 2569 2134 2626 rabant.
2172 2570 2396 2637 Quando
2438 2574 2578 2628 enim
2619 2576 2785 2631 semel
2824 2577 2874 2630 in
2916 2582 3215 2649 voraginem
3246 2583 3507 2655 intempe-

1928 2663 2114 2717 rantia:
2140 2678 2260 2719 sese
2284 2663 2649 2720 demerserant
2675 2707 2690 2734 ,
2717 2683 2779 2723 ac
2805 2668 2873 2723 de
2902 2674 3125 2725 naturali
3152 2678 3342 2729 mentis
3363 2688 3505 2732 statu

1928 2752 2265 2820 deciderant,
2314 2756 2651 2826 animamque
2686 2760 2949 2827 captivam
3003 2777 3175 2830 pravae
3228 2767 3504 2824 ebrietatis

1930 2844 2192 2914 tyrannidi
2229 2845 2587 2913 tradiderant;
2619 2850 3062 2917 quemadmodum
3103 2856 3252 2911 navis
3279 2871 3382 2911 non
3417 2875 3515 2913 sa-

1931 2933 2165 3000 burrata,
2194 2938 2661 3008 gubernatoreque
2690 2948 2744 2994 et
2772 2942 2946 2997 nautis
2975 2941 3247 3009 destituta,
3280 2945 3504 3004 fortuito

1930 3036 1983 3081 et
2014 3043 2425 3097 quoquoversus
2471 3030 2671 3097 fertur,
2704 3036 2986 3089 temerario
3011 3052 3267 3105 aquarum
3306 3040 3507 3111 impetu

1929 3119 2234 3187 exagitata:
2267 3120 2514 3174 eumdem
2547 3122 2598 3174 in
2638 3122 2854 3176 modum
2881 3124 2936 3177 lti
2972 3127 3229 3183 ebrietate
3274 3130 3509 3187 demersi

1931 3209 2189 3264 feruntur.
2221 3209 2347 3264 Ideo
2377 3210 2449 3264 ait
2480 3228 2493 3265 :
2534 3209 2620 3264 Va:
2650 3213 2736 3282 qui
2765 3224 2975 3283 surgunt
3013 3232 3157 3271 mane
3181 3258 3194 3281 ,
3221 3229 3270 3272 et
3294 3222 3505 3276 siceram

1929 3314 2312 3373 persequuntur.
2342 3303 2459 3359 Non
2487 3304 2627 3359 cnim
2650 3308 3023 3361 necessitatem
3058 3312 3376 3380 explebant,
3412 3334 3508 3370 nc-

1926 3408 2030 3463 quc
2059 3395 2349 3463 appetitum
2395 3396 2791 3465 exspectabant,
2843 3407 2899 3452 ut
2933 3398 3009 3453 illi
3062 3400 3299 3456 facerent
3343 3416 3507 3473 satis;

1926 3484 2021 3538 sed
2048 3485 2098 3537 in
2129 3484 2233 3539 hoc
2260 3488 2351 3539 loti
2379 3485 2775 3550 incumbebant,
2811 3486 2909 3542 hoc
2930 3490 3206 3558 curabant,
3237 3502 3290 3545 ut
3320 3508 3507 3563 perpe.

1927 3581 2019 3626 tuo
2051 3575 2328 3629 temulenti
2356 3585 2552 3629 essent.
2585 3573 2787 3631 ldeirco
2810 3577 2883 3630 ait
2917 3595 2930 3631 :
2960 3578 3058 3644 Qui
3086 3581 3298 3633 siceram
3328 3600 3504 3651 perse-

1925 3675 2167 3729 quuntur.
2187 3666 2419 3720 Siceram
2439 3666 2580 3719 enim
2603 3665 2687 3720 hic
2701 3666 2832 3720 dicit
2848 3667 3139 3737 palmarum
3160 3685 3375 3727 succum
3401 3675 3500 3745 (a),

1924 3771 2083 3825 quam
2114 3755 2484 3821 conficiebant,
2532 3756 2763 3811 fructum
2811 3769 3149 3817 conterentes
3194 3773 3249 3817 et
3275 3776 3502 3822 contun-

1924 3847 2113 3902 dentes
2137 3888 2152 3912 ,
2183 3855 2240 3900 ut
2270 3847 2321 3901 in
2361 3848 2467 3901 vini
2502 3848 2940 3905 transformarent
2983 3863 3247 3910 naturam.
3282 3858 3500 3927 Sopori-

1926 3940 2084 3993 ftcum
2127 3949 2303 3993 autem
2332 3951 2413 3995 est
2452 3940 2603 4005 illud,
2648 3940 3066 4011 ehrietatemque
3111 3948 3266 4013 parit.
3311 3957 3379 4003 At
3426 3952 3501 4007 illi

1924 4030 2055 4084 nihil
2086 4030 2274 4084 horum
2306 4030 2661 4086 observabant
2681 4072 2696 4097 ,
2732 4032 3053 4102 voluptatem
3083 4037 3275 4108 ubique
3321 4056 3501 4109 perse-

1922 4132 2165 4191 quentes,
2219 4130 2274 4177 et
2306 4136 2469 4192 usque
2514 4123 2581 4176 ad
2632 4139 2915 4193 vesperam
2961 4140 3257 4188 manentes.
3318 4133 3502 4192 Vinum

1923 4216 2054 4268 enim
2073 4216 2337 4269 succendet
2363 4232 2463 4271 eos.
2484 4216 2627 4271 Talis
2656 4219 2849 4288 quippe
2865 4229 2947 4275 est
2970 4223 3246 4280 ebrietatis
3269 4239 3452 4284 natura
3478 4252 3492 4287 :

1922 4319 2201 4375 progressa
2230 4316 2472 4376 augetur,
2492 4317 2551 4363 et
2578 4312 2876 4377 graviorem
2899 4312 3039 4366 sitim
3057 4316 3269 4371 excitat.
3299 4319 3499 4375 Deinde

1920 4398 2061 4452 aliud
2092 4415 2195 4452 non
2228 4400 2402 4454 minus
2444 4401 2619 4470 priore
2644 4403 2846 4458 crimen
2878 4404 3063 4472 objicit
3096 4407 3276 4462 dicens
3307 4428 3319 4464 :
3354 4412 3491 4465 Nam

1919 4507 2035 4543 cum
2063 4491 2256 4544 cithara
2287 4503 2334 4545 et
2363 4494 2603 4561 psalterio
2624 4533 2638 4557 ,
2686 4504 2733 4548 et
2766 4497 3019 4565 tympanis
3056 4508 3103 4551 et
3148 4500 3279 4556 tibiis
3324 4504 3497 4563 vinum

1920 4581 2112 4635 bibunt.
2157 4582 2301 4635 llanc
2348 4582 2774 4638 criminationem
2821 4588 3021 4654 profert
3068 4590 3203 4644 alter
3235 4596 3493 4661 propheta

1919 4672 2100 4726 dicens
2141 4689 2154 4724 :
2197 4672 2292 4735 Qui
2320 4671 2494 4725 bibunt
2534 4673 2831 4743 defmcatum
2870 4676 3058 4743 uinum,
3104 4691 3149 4733 et
3187 4684 3362 4751 primis
3388 4701 3485 4739 un-

1918 4763 2113 4832 guentis
2140 4762 2299 4828 uncti,
2323 4764 2407 4830 qui
2429 4763 2681 4831 plaudunt
2696 4765 2763 4817 ad
2784 4781 2948 4820 vocem
2968 4785 3295 4839 organorum.
3333 4776 3490 4839 Quasi

1915 4855 2105 4907 stantia
2131 4863 2505 4923 reputaverunt,
2538 4866 2583 4909 et
2606 4873 2707 4910 non
2748 4859 2893 4925 quasi
2917 4862 3159 4931 fugientia
3208 4864 3225 4931 (
3250 4866 3399 4921 Amos
3435 4869 3487 4924 6.

1918 4945 1970 4998 6.
2001 4944 2089 5015 5).
2122 4940 2352 5000 Etcuim’
2379 4956 2631 5002 extrema:
2662 4948 2967 5004 stoliditatis
3001 4952 3209 5020 signum
3239 4965 3343 5018 est,
3376 4960 3496 5012 aui—

1915 5034 2093 5103 mique
2131 5035 2373 5089 dissoluti
2420 5036 2635 5090 domum
2672 5052 2821 5091 suam
2855 5039 2906 5092 in
2938 5040 3203 5095 theatrum
3233 5055 3487 5113 vertere,

1914 5137 1967 5181 et
2000 5127 2300 5197 hujusmodi
2338 5129 2559 5184 canticis
2598 5144 2658 5185 se
2699 5130 2915 5185 dedere.
2950 5131 3103 5197 Quod
3151 5143 3208 5189 et
3257 5138 3490 5197 ebrietas

1975 5258 2046 5330 fa)
2079 5259 2341 5330 singularis
2366 5268 2522 5330 _certe
2565 5262 2711 5319 vocis,
2744 5260 2931 5330 sicera,
2966 5262 3323 5326 interpretatio.
3348 5276 3497 5321 Nemo

1913 5322 2093 5382 quippe
2138 5324 2319 5379 nescit,
2366 5322 2489 5370 hanc
2532 5335 2704 5370 vocem
2744 5324 3027 5372 Hebraicam
3074 5322 3186 5375 esse
3220 5341 3232 5376 :
3279 5341 3340 5378 ex
3381 5336 3496 5387 Ὄτυ

1912 5394 2133 5461 nimirum
2160 5405 2447 5461 expressum
2472 5400 2565 5461 est,
2589 5392 2764 5461 sicera.
2802 5394 3039 5461 Signiﬁcat
3060 5404 3223 5446 autem
3243 5411 3386 5448 omne
3410 5414 3495 5461 po-

1914 5455 2055 5501 tionis
2078 5467 2235 5515 genus
2262 5454 2539 5515 inebriandi
2572 5457 2667 5503 vim
2690 5454 2899 5515 habens;
2925 5456 3055 5508 unde
3077 5470 3105 5507 a
3130 5462 3320 5509 caeteris
3344 5454 3493 5509 inter-

1911 5514 2132 5580 pretibus
2153 5514 2387 5580 redditur.
2413 5515 2631 5565 ebrietas.
2657 5516 2922 5580 Hesychius
2942 5516 3309 5580 interpretatur,
3334 5522 3490 5571 vinum

1910 5576 2218 5646 condimentis
2241 5576 2462 5624 mixtum.
2487 5584 2724 5646 Tempore
2747 5576 2951 5646 fortasse
2976 5576 3312 5646 Chr'ysoswtni,
3338 5582 3494 5645 liquor

1911 5651 1970 5686 cx
1998 5637 2423 5707 palmarum‘succo
2458 5637 2725 5707 confectus,
2743 5638 2897 5689 sicera
2926 5637 3200 5689 vocabatur.
3226 5637 3332 5689 Eam
3356 5637 3499 5707 qiiip-

1909 5714 1969 5770 pe
1995 5701 2445 5763 interpretationem
2472 5702 2629 5763 ipsum
2668 5716 2781 5753 esse
2814 5713 3138 5755 oonuneutum
3163 5717 3259 5753 non
3287 5701 3490 5768 pume-

1908 5776 1929 5810 ι·
1934 5776 1962 5809 ιι
1968 5776 2014 5812 ιι.
