4058 6216
569 357 642 411 63
1274 340 1330 395 s.
1371 339 1647 397 JOANNJS
1681 341 2143 400 cnnvsosroatt

2246 344 2506 402 RCHIEP.
2547 347 3054 414 CONSTANTINO”

564 454 690 508 facit
734 452 966 510 tenebris
1012 453 1314 520 effundens,
1339 454 1441 509 hoc
1475 465 1529 510 et
1554 453 1752 510 musica
1779 463 2032 525 operatur
2057 453 2141 509 vi-

560 559 743 614 gorem
784 545 978 599 mentis
1017 544 1336 611 emolliens,
1375 545 1643 615 roburque
1671 545 1833 600 animi
1864 544 2142 616 lrangens,

561 643 614 689 et
655 633 720 688 ad
747 634 1005 702 majorem
1031 635 1272 689 alliciens
1295 634 1588 689 lasciviam.
1627 634 1799 705 Opera
1840 643 2007 690 autem
2047 634 2144 689 Dei

561 739 662 778 non
692 725 985 794 respiciunt,
1013 734 1059 779 et
1086 739 1239 794 opera
1267 740 1508 779 manuum
1536 726 1646 796 ejus
1671 742 1773 779 non
1797 726 2140 780 considerant.

565 813 658 872 Vel
685 814 943 870 miracula
971 815 1088 885 ejus
1107 814 1254 881 dicit,
1277 816 1358 870 vel
1381 825 1585 872 natura
1612 817 2138 888 contemplationem.

561 904 842 972 Quomodo
861 915 1038 962 autem
1059 907 1263 976 possint
1286 906 1478 962 horum
1503 917 1832 978 spectatores
1851 923 1990 973 esse,
2018 923 2142 964 cum

560 997 702 1053 diem
730 998 784 1052 in
826 1008 1036 1055 noctem
1079 1009 1317 1067 vertant,
1373 1009 1533 1055 noctu
1580 1015 1709 1055 vero
1753 1001 1922 1056 nihilo
1952 1000 2144 1056 melius

560 1090 669 1144 sint
695 1087 870 1144 allecti
892 1130 908 1154 ,
941 1103 1103 1158 quam
1130 1090 1363 1146 mortui?
1385 1089 1659 1162 quomodo
1689 1100 1942 1161 poterunt
1967 1091 2137 1147 solem

563 1181 834 1238 orientem
881 1180 1080 1248 videre,
1115 1181 1233 1237 caeli
1258 1181 1626 1252 splendentem
1655 1182 2102 1253 pulchritudinem
2124 1225 2140 1252 ,

561 1289 887 1346 vespereqtm
915 1274 1118 1330 varium
1156 1275 1301 1330 illum
1331 1275 1606 1330 stellarum
1635 1275 1880 1344 chorum,
1911 1286 2143 1332 cauera-

561 1379 789 1435 rumque
817 1375 1183 1421 creaturarum
1214 1367 1460 1422 ordinem
1481 1376 1536 1424 et
1560 1369 1916 1424 ministerium
1944 1410 1961 1436 ,
1988 1378 2145 1426 exte-

562 1457 791 1512 rioribus
830 1457 1275 1528 interioribusque
1320 1458 1488 1513 oculis
1535 1459 1771 1528 privati?
1811 1459 1928 1515 Non
1957 1474 2140 1530 parum

561 1563 693 1619 ergo
735 1548 787 1604 in
818 1548 920 1604 hoc
968 1548 1079 1604 laesi
1106 1557 1263 1617 sunt,
1295 1548 1437 1619 quod
1478 1565 1768 1620 numquam
1797 1551 2142 1621 contemplati

564 1641 658 1696 Dei
679 1641 938 1697 mirabilia
978 1657 1043 1697 ex
1077 1641 1178 1696 hac
1218 1641 1323 1696 vita
1352 1641 1651 1710 discedant,
1679 1655 1802 1698 cum
1833 1644 1976 1699 omni
2008 1653 2144 1700 tem-

565 1747 697 1800 pore
721 1732 995 1787 ebrietatis
1031 1732 1264 1788 tenebris
1292 1732 1465 1788 obruti
1503 1734 1714 1789 iuerint.
1745 1735 1832 1790 15.
1858 1734 2024 1805 Igitur
2052 1751 2143 1788 ca-

565 1823 728 1892 ptivus
749 1823 914 1893 factus
937 1833 1008 1878 est
1035 1824 1251 1894 pepulus
1276 1840 1435 1889 nteus,
1458 1840 1515 1878 eo
1535 1825 1669 1895 quod
1697 1841 1797 1879 non
1819 1831 2142 1897 cognoverint

563 1912 859 1968 Dominum.
889 1913 1090 1969 llnrsus
1117 1915 1256 1986 quod
1299 1914 1528 1970 futurum
1556 1927 1671 1971 erat
1718 1925 1775 1970 ut
1815 1917 2142 1985 praeteritum

565 2006 867 2071 annuntiat,
899 2013 953 2060 et
991 2021 1200 2077 pinnam
1246 2007 1408 2062 infert
1432 2007 1627 2062 delicto
1671 2007 1817 2062 huic.
1866 2007 2142 2078 Siquidem

561 2095 646 2150 vel
669 2095 780 2165 ipsa
807 2096 1036 2151 ebrietas
1061 2096 1285 2167 quodvis
1310 2098 1628 2168 supplicium
1657 2107 1923 2168 exrcquat,
1949 2099 2145 2154 tumul-

563 2195 672 2239 tum
725 2186 776 2240 in
821 2186 997 2241 anima
1053 2188 1285 2258 pariens,
1330 2188 1556 2257 caligine
1595 2199 1826 2244 mentem
1883 2189 2097 2259 replens
2123 2230 2141 2257 ,

561 2280 823 2349 captivam
851 2281 1020 2351 ipsam
1049 2282 1402 2348 constituens,
1444 2282 1742 2338 innumeris
1771 2284 1892 2338 illos
1922 2285 2145 2338 interius

561 2381 616 2426 et
663 2375 894 2429 exterius
935 2377 1168 2429 obruens
1220 2375 1437 2428 morbis.
1483 2374 1597 2429 lloe
1649 2385 1872 2429 noverat
1915 2375 2141 2442 Paulus,

562 2480 754 2535 nempe
804 2457 1058 2520 tnaliiiam
1099 2481 1194 2535 pro
1234 2467 1495 2535 supplicio
1542 2482 1695 2532 esse;
1741 2467 1862 2521 ideo
1904 2467 1975 2522 ait
2012 2486 2025 2520 :
2077 2466 2144 2522 Et

563 2556 837 2610 mercedem
862 2573 1010 2626 quant
1039 2558 1280 2626 oportuit,
1313 2558 1495 2611 erroris
1525 2559 1604 2611 sui
1633 2559 1683 2610 in
1707 2559 1985 2627 semetipsis
2013 2558 2144 2612 reci-

562 2647 750 2714 pientes
771 2647 790 2716 (
808 2646 952 2701 Rom.
983 2644 1034 2699 1.
1057 2645 1170 2714 27).
1211 2646 1406 2702 Verum
1433 2647 1646 2716 quando
1675 2648 1727 2702 id
1751 2650 1913 2703 etiam
1942 2648 2144 2703 stolidi-

564 2739 685 2794 tatis
709 2753 892 2793 corum
929 2739 1202 2809 proprium
1245 2748 1363 2804 est,
1403 2739 1546 2809 quod
1575 2739 1899 2808 puniantur,
1949 2754 2048 2794 nec
2086 2754 2146 2795 se

561 2833 736 2901 puniri
765 2833 1018 2899 sentiant,
1052 2831 1194 2902 quod
1230 2841 1510 2902 mgrotent,
1557 2847 1657 2886 nec
1696 2833 1866 2886 sciant
1896 2847 1957 2886 se
1985 2847 2148 2902 aegro-

563 2935 697 2990 tare,
735 2925 803 2979 ab
839 2925 1038 2980 exteris
1079 2925 1242 2980 etiam
1271 2924 1593 2994 supplicium
1641 2922 1865 2990 inducit,
1918 2924 2142 2992 aitque:

561 3015 730 3090 Igitur
767 3016 990 3085 captivus
1033 3017 1196 3087 factus
1223 3025 1294 3068 est
1321 3015 1540 3086 populus
1567 3031 1730 3079 meus,
1779 3031 1837 3068 eo
1885 3015 2018 3083 quod
2041 3030 2143 3067 non

562 3108 881 3182 cognoverint
926 3105 1222 3160 Dominum.
1256 3105 1322 3158 Et
1350 3106 1622 3159 multitudo
1657 3109 1792 3175 facta
1824 3115 1894 3159 cst
1918 3114 2144 3157 mortuo-

561 3219 675 3255 rum
705 3211 910 3271 pmpter
935 3205 1118 3271 fantem
1138 3205 1184 3255 et
1207 3197 1340 3255 sitim
1373 3212 1537 3269 aqua.
1568 3195 1694 3252 Vide
1722 3194 1940 3250 multam
1979 3195 2147 3253 inser-

563 3301 671 3346 tam
721 3293 773 3345 in
821 3291 1082 3361 supplicio
1124 3292 1496 3355 monitionem,
1547 3304 1719 3359 neque
1772 3290 2141 3359 gravissimam

561 3383 741 3437 statim
769 3382 951 3436 induci
982 3382 1301 3437 sectionem.
1334 3381 1515 3450 Neque
1542 3383 1686 3436 enim
1713 3383 1895 3436 subito
1923 3381 2145 3451 captivi-

565 3483 728 3528 tatem
770 3473 986 3538 intulit,
1017 3472 1112 3528 sed
1154 3472 1345 3526 famem
1384 3473 1533 3541 prius
1568 3481 1625 3527 et
1678 3472 1848 3538 sitim,
1890 3483 1947 3526 ut
1998 3471 2143 3526 domi

563 3575 876 3630 manentes,
911 3564 1158 3619 meliores
1193 3563 1525 3629 evaderent,
1567 3578 1740 3634 neque
1765 3565 1836 3619 ob
1877 3563 2144 3618 incurabi-

567 3659 672 3714 lem
691 3657 936 3713 morbum
955 3656 1300 3712 barbarorum
1320 3656 1610 3710 exercitum
1635 3654 1985 3709 attraherent.
2007 3654 2142 3720 Quia

563 3764 692 3804 vero
716 3764 822 3804 non
843 3757 1139 3812 cesserunt,
1159 3746 1397 3816 nihilque
1426 3745 1754 3800 indelucrati
1777 3755 1939 3812 sunt,
1975 3754 2144 3800 extre-

564 3855 712 3894 mum
743 3839 973 3910 denique
997 3838 1123 3909 ipsis
1139 3836 1342 3894 inducit
1365 3837 1706 3906 supplicium.
1739 3839 1992 3891 Attamen
2020 3848 2144 3893 ante

564 3932 655 3986 illa
681 3974 696 4000 ,
727 3932 905 3988 verbis
934 3930 1141 3987 extollit
1167 3939 1224 3984 et
1251 3930 1542 4000 ampliﬁcat
1568 3929 1724 3983 famis
1751 3930 2139 3998 calamitatem,

563 4029 793 4084 dicens:
829 4027 914 4081 14.
963 4023 1208 4078 Dilataoit
1250 4023 1476 4092 infernus
1514 4023 1738 4075 animum
1788 4038 1933 4076 suam
1980 4038 1999 4076 :
2038 4037 2144 4077 non

563 4117 706 4189 quod
750 4115 989 4170 infernus
1018 4116 1249 4168 animam
1294 4114 1484 4169 habent
1518 4132 1531 4168 :
1566 4113 1660 4170 sed
1690 4130 1933 4184 personae
1976 4115 2144 4171 forma

566 4209 738 4263 minas
785 4207 1047 4270 intentat,
1082 4213 1140 4259 ut
1178 4205 1380 4274 majore
1410 4219 1534 4259 cum
1578 4207 1820 4276 emphasi
1871 4207 2140 4277 loquatur,

566 4297 871 4370 ingentique
910 4297 1101 4351 timore
1128 4295 1429 4350 auditorum
1459 4298 1670 4351 animos
1713 4297 1981 4365 percellat.
2019 4297 2146 4353 Ideo

567 4393 623 4445 in
659 4389 1027 4460 prosopopceia
1053 4388 1291 4459 persistit
1317 4388 1534 4443 dicens:
1563 4387 1633 4442 Et
1657 4391 1854 4455 aperuit
1886 4407 1943 4444 os
1968 4408 2134 4456 suum,

569 4493 622 4537 ut
665 4498 765 4534 non
791 4491 944 4534 cesset
978 4496 997 4534 :
1016 4481 1167 4550 quasi
1191 4480 1259 4535 de
1291 4479 1402 4534 fera
1435 4472 1594 4534 irerba
1621 4481 1821 4536 faciens
1839 4521 1856 4548 ,
1878 4491 1933 4536 et
1958 4482 2146 4552 imagi-

569 4589 692 4629 nem
732 4588 913 4628 rerum
959 4585 1122 4640 prope
1154 4573 1297 4639 ipsos
1326 4571 1616 4627 adducens.
1646 4572 1905 4642 Quodque
1934 4574 2149 4644 gravius

569 4674 673 4730 est,
725 4677 830 4717 non
867 4662 1027 4716 modo
1055 4662 1262 4729 aperuit
1289 4677 1349 4716 es
1384 4677 1558 4727 suum,
1585 4662 1682 4718 sed
1710 4663 1877 4720 hianti
1903 4679 1998 4720 ore
2028 4679 2146 4718 ma-

572 4765 682 4819 net,
715 4769 812 4808 nec
855 4769 920 4808 ex
944 4753 1054 4821 jam
1089 4752 1353 4820 absorptis
1381 4755 1625 4807 satiatur.
1663 4753 1730 4806 Et
1757 4755 2052 4808 descendent
2079 4756 2147 4807 ad

568 4863 683 4900 eum
712 4844 918 4915 gloriosi
940 4884 954 4908 ,
983 4853 1029 4896 et
1057 4853 1314 4913 magnetes
1338 4883 1352 4906 ,
1379 4855 1425 4896 et
1468 4844 1644 4897 divites
1667 4885 1683 4909 ,
1733 4857 1778 4898 et
1813 4856 1972 4914 pestes
2015 4849 2144 4915 ejus.

571 4935 798 4998 Exhinc,
837 4946 892 4988 ut
921 4935 1060 4989 scias
1085 4950 1190 4989 non
1215 4934 1507 4989 secundum
1533 4947 1737 4990 natura:
1765 4937 2007 4993 ordinem
2036 4939 2150 4995 have

571 5026 708 5088 ﬁeri,
734 5025 827 5079 sed
855 5041 884 5077 a
910 5027 1017 5079 Deo
1046 5025 1336 5080 immissam
1373 5040 1494 5080 esse
1523 5026 1761 5095 plagam,
1791 5038 1845 5080 et
1875 5028 2146 5082 decretum

567 5133 632 5171 ex
662 5117 794 5170 caelo
809 5115 1043 5170 delatum
1063 5156 1077 5178 ,
1097 5117 1148 5170 in
1181 5116 1435 5185 dignitate
1452 5127 1505 5171 et
1536 5118 1770 5186 potentia
1798 5119 2146 5184 constitutus,

569 5206 659 5274 qui
678 5205 855 5260 omnia
881 5206 1195 5273 miscebant,
1212 5207 1725 5277 resqueludzeornm
1747 5209 2145 5276 subvertebant,

571 5312 635 5350 eo
660 5296 1014 5351 descensuros
1041 5311 1160 5352 esse
1189 5299 1283 5351 ait.

644 5390 695 5444 6'.
728 5391 911 5445 Pestes
949 5400 1122 5445 autem
1165 5392 1282 5447 illos
1311 5392 1431 5461 jure
1474 5401 1665 5458 vocat,
1707 5402 1889 5462 utpote
1926 5396 2013 5466 qui
2059 5410 2150 5449 nc-

573 5482 790 5550 quitiam
829 5494 934 5534 non
968 5496 1130 5548 penes
1170 5497 1225 5534 se
1259 5492 1572 5546 servarent,
1615 5483 1708 5537 sed
1738 5484 1894 5538 etiam
1924 5487 1989 5537 ad
2021 5487 2151 5538 alius

575 5571 816 5630 morbum
844 5571 1285 5626 transmitterem.
1317 5572 1460 5627 Talis
1487 5575 1683 5642 quippe
1715 5581 1799 5627 est
1835 5575 2150 5643 pestilentia:

576 5673 760 5718 natura
795 5678 952 5716 :cum
994 5663 1060 5717 ab
1098 5678 1203 5717 uno
1243 5677 1466 5731 corpore
1501 5664 1756 5731 cmperit,
1798 5665 2056 5733 gradatim
2100 5666 2149 5720 in

582 5751 966 5814 multitudinem
999 5764 1285 5825 grassatur.
1325 5754 1385 5810 Et
1413 5753 1667 5809 exsultans
1697 5757 1747 5810 in
1779 5773 1854 5811 ea.
1883 5759 1981 5824 Qui
2013 5761 2144 5816 deli-

3740 391 3810 446 64

2246 456 2342 554 ciis
2369 470 2535 554 vacat,
2565 464 2654 554 qui
2680 467 2939 533 exsultat,
2967 473 3055 541 qui
3089 480 3233 543 putat
3254 490 3311 531 se
3335 477 3622 536 immobilia
3647 485 3813 554 passi.

2245 545 2372 602 dere
2393 545 2550 618 bona,
2583 552 2696 623 ipse
2720 572 2930 628 quoque
2958 562 3112 618 cadet
3140 573 3193 620 et
3221 568 3476 636 capietur.
3508 571 3594 628 l5.
3627 545 3694 628 Et
3720 577 3815 630 hu-

2245 640 2521 696 ntiliabitur
2542 645 2711 714 homo,
2739 659 2785 701 et
2813 650 3191 707 inhonorabitur
3215 658 3290 711 vir
3313 673 3332 712 :
3355 669 3402 714 et
3427 663 3557 716 oculi
3583 663 3816 721 sublimes

2246 731 2658 789 Itumiliabuntur.
2705 738 2790 793 16.
2824 739 2889 793 Et
2925 743 3226 800 exaltabitur
3259 747 3506 806 Dontinus
3537 755 3674 808 solus
3715 755 3816 809 Sa-

2244 822 2393 877 baoth
2420 827 2471 879 in
2487 827 2704 897 judicio.
2741 829 2868 886 Vide
2894 849 3077 889 rursus
3120 837 3210 892 Dei
3248 841 3650 909 providentiam.
3695 844 3811 899 Non

2243 913 2386 967 enim
2429 916 2844 975 internecionem
2886 923 3132 991 adducit,
3165 944 3335 998 neque
3376 940 3538 986 totum
3570 950 3600 988 e
3640 937 3813 990 medio

2243 1001 2411 1094 abripi
2438 1007 2690 1075 populum
2722 1013 2998 1079 permittit,
3030 1015 3122 1069 sed
3151 1019 3404 1086 quosdam
3442 1022 3723 1094 relinquit,
3757 1035 3813 1081 ut

2244 1104 2307 1145 es
2329 1092 2634 1150 abeuntium
2657 1101 2916 1168 supplicio
2937 1103 3267 1173 resipiscam.
3297 1109 3406 1164 lloc
3430 1125 3554 1180 ergo
3575 1092 3814 1168 subindi-

2244 1197 2370 1272 cans
2398 1185 2506 1251 ait,
2540 1186 2976 1260 Dumiliabuntur,
3013 1196 3063 1249 id
3093 1209 3193 1261 est,
3226 1200 3311 1268 qui
3339 1211 3580 1269 manent,
3608 1205 3693 1272 qui
3726 1219 3813 1258 re-

2242 1271 2352 1329 licti
2390 1285 2534 1330 sunt.
2562 1277 2626 1331 Et
2650 1281 2951 1335 excitabitur
2974 1284 3220 1341 Dominus
3250 1288 3473 1343 Sabaoth
3512 1292 3564 1344 in
3585 1271 3809 1363 judicio,

2243 1375 2290 1418 et
2312 1364 2449 1420 Deus
2466 1379 2666 1424 sanctus
2684 1371 3044 1442 gloriﬁcabitur
3062 1377 3344 1446 iujustitia.
3367 1381 3477 1435 lluo
3495 1384 3638 1451 ponit
3655 1388 3809 1453 bona,

2241 1466 2296 1512 et
2324 1458 2444 1514 illos
2465 1475 2655 1530 nempe
2683 1465 2921 1520 timorem
2950 1466 3283 1536 deposituros
3303 1486 3443 1535 esse,
3466 1475 3815 1547 melioresque

2242 1547 2451 1605 futuros
2472 1590 2487 1616 ,
2526 1560 2580 1606 et
2624 1554 2788 1609 Deum
2831 1556 3164 1613 admirationi
3196 1559 3308 1615 fore
3349 1563 3486 1632 apud
3517 1581 3733 1634 omnes;
3762 1567 3814 1622 id

2243 1641 2385 1694 enim
2411 1642 2510 1696 sibi
2533 1645 2644 1698 vult
2668 1643 2795 1698 illud
2820 1686 2835 1711 ,
2866 1644 3188 1703 Exaltabitur
3213 1660 3258 1704 et
3286 1653 3646 1723 glori/imbitur
3662 1673 3682 1721 ;
3724 1672 3815 1726 per

2243 1733 2561 1802 supplicium
2589 1750 2798 1805 nempe,
2824 1751 2884 1791 ac
2911 1753 3005 1806 per
3031 1739 3196 1808 ipsam
3219 1743 3495 1804 ultionem.
3565 1745 3697 1811 Quid
3724 1761 3817 1800 au-

2246 1831 2352 1878 tem
2379 1832 2456 1878 est
2475 1822 2588 1895 ‘,ln
2602 1826 2802 1895 judicio
2821 1828 2848 1881 ?
2876 1827 2977 1882 l‘er
3002 1830 3273 1886 ultionem.
3307 1833 3394 1888 l7.
3420 1833 3484 1887 Et
3513 1846 3713 1902 poscent
3737 1837 3818 1891 di-

2243 1917 2405 1986 spersi
2426 1918 2569 1986 quasi
2592 1924 2743 1983 tauri,
2767 1928 2814 1972 et
2839 1919 3035 1975 deserta
3053 1937 3243 1990 eorum,
3266 1927 3348 1994 qui
3368 1928 3610 1996 assumpti
3635 1938 3749 1983 sunt
3771 1938 3812 1996 ι,

2244 2009 2366 2078 agni
2391 2009 2668 2063 comedent.
2691 2010 3016 2066 Relictorum
3049 2015 3363 2082 paucitatem
3390 2017 3474 2070 his
3497 2017 3814 2086 subindicat,

2244 2109 2298 2154 et
2325 2100 2592 2170 ingentem
2623 2102 2855 2172 regionis
2893 2102 3252 2162 solitudinem.
3297 2107 3383 2161 18.
3425 2105 3512 2161 Va:
3541 2109 3626 2176 qui
3653 2119 3817 2162 attra-

2245 2189 2370 2244 hunt
2398 2203 2604 2258 peccata
2629 2209 2722 2248 sua
2750 2203 2803 2247 ut
2832 2195 3058 2264 funiculo
3085 2195 3254 2267 longo,
3282 2207 3327 2251 et
3352 2201 3493 2268 quasi
3516 2200 3631 2270 jugi
3653 2201 3814 2254 corri-

2245 2283 2330 2350 gia
2354 2282 2523 2337 vitula:
2546 2283 2830 2354 iniquitates
2855 2303 2991 2340 suas.
3023 2288 3110 2343 19.
3135 2288 3233 2352 Qui
3259 2290 3430 2342 dicunt
3454 2305 3472 2343 :
3497 2289 3604 2345 Cito
3629 2307 3816 2362 appro.

2247 2373 2483 2445 pinguem
2503 2390 2616 2443 qute
2645 2376 2796 2444 faciet
2820 2375 2957 2430 Deus
2977 2418 2990 2441 ,
3020 2387 3075 2430 ut
3109 2379 3360 2432 rideamus
3391 2395 3409 2432 :
3435 2389 3480 2433 et
3508 2382 3669 2434 veniat
3695 2397 3817 2434 con-

2245 2463 2412 2517 silium
2443 2467 2600 2519 sancti
2628 2466 2793 2520 Israel
2817 2508 2829 2530 ,
2865 2477 2917 2520 ut
2946 2469 3180 2521 sciamus.
3211 2468 3486 2537 Prophetis
3513 2469 3816 2540 frequenter

2245 2557 2688 2612 comminantibus
2713 2572 2767 2613 et
2793 2559 3041 2613 terribilia
3065 2561 3558 2628 praenuntiantibus,
3587 2561 3816 2632 pseudo-

2247 2648 2518 2718 propheta:
2557 2649 2624 2704 ad
2661 2651 2884 2720 gratiam
2923 2652 3201 2720 loquentes
3224 2693 3237 2718 ,
3275 2654 3556 2724 pepuliquc
3584 2655 3816 2724 vigorem

2247 2741 2600 2797 dissolventes
2621 2784 2636 2809 ,
2666 2744 2877 2798 illorum
2900 2743 3037 2798 dicta
3067 2744 3214 2809 falsa,
3242 2759 3335 2799 sua
3364 2761 3486 2801 vera
3517 2762 3634 2802 esse
3662 2747 3816 2802 dicti-

2248 2833 2445 2887 tabant.
2476 2833 2623 2887 Multi
2653 2849 2780 2904 ergo
2804 2835 3006 2889 seducti
3035 2835 3246 2890 illorum
3280 2838 3456 2890 verbis
3495 2851 3598 2892 non
3628 2837 3817 2893 crede-

2246 2923 2391 2978 bant.
2437 2924 2640 2980 Deinde
2667 2926 2786 2994 quia
2819 2924 3107 2995 prephetiae
3141 2942 3246 2980 non
3283 2927 3457 2981 statim
3495 2938 3650 2998 atque
3689 2945 3815 2998 pru-

2245 3015 2502 3070 nuntiatz
2517 3024 2690 3080 erant,
2712 3015 3050 3081 eveniebant;
3075 3017 3362 3085 prophetia:
3383 3033 3610 3088 namque
3629 3029 3814 3079 natura

2245 3114 2356 3160 erat
2377 3147 2391 3171 ,
2422 3107 2590 3160 multo
2627 3113 2751 3160 ante
2778 3115 3016 3176 tempore
3043 3121 3102 3161 ea
3133 3107 3472 3175 pronuntiare
3499 3123 3616 3178 qua:
3653 3125 3816 3164 even-

2251 3203 2365 3250 tura
2404 3202 2588 3258 erant;
2629 3197 2878 3265 quoniam
2917 3210 3043 3267 ergo
3079 3196 3384 3267 frequenter
3421 3202 3691 3273 propheta:
3725 3204 3808 3258 fa-

2245 3305 2385 3345 mem
2409 3329 2424 3356 ,
2457 3299 2660 3359 pestem
2684 3330 2700 3356 ,
2737 3289 2980 3361 bellaque
3007 3290 3359 3360 prmdicebant
3382 3333 3396 3355 ,
3428 3306 3526 3346 nec
3553 3301 3724 3346 tamen
3753 3306 3818 3347 ea

2245 3381 2417 3449 reipsa
2439 3380 2821 3446 ostendebant,
2854 3381 3066 3435 interim
3091 3382 3239 3436 multi
3267 3397 3330 3436 ex
3362 3381 3424 3435 iis
3446 3422 3465 3448 ,
3495 3383 3580 3450 qui
3607 3382 3815 3450 decepti

2245 3479 2397 3525 erant
2419 3512 2433 3534 ,
2463 3486 2527 3525 ex
2555 3471 2890 3526 cunctatione
2918 3471 2983 3526 ad
3010 3488 3114 3526 non
3144 3472 3466 3527 credendum
3486 3475 3818 3533 occasionem

2245 3563 2588 3632 accipientes,
2615 3562 2861 3617 dicebant
2887 3581 2899 3618 :
2921 3563 3144 3617 Veniant
3174 3578 3291 3634 qum.
3315 3562 3595 3629 dicuntur;
3622 3567 3666 3620 si
3693 3581 3816 3620 vere

2245 3654 2439 3722 dicitis,
2468 3653 2722 3710 accedant
2747 3668 2832 3708 res
2855 3654 3012 3724 ipsaz;
3041 3655 3284 3710 exhibete
3308 3657 3460 3710 nobis
3481 3671 3543 3710 ex
3567 3656 3821 3726 Operibus

2243 3744 2374 3814 ipsis
2393 3744 2672 3799 consilium
2701 3745 2812 3799 Dei.
2837 3745 2968 3812 Quia
2996 3747 3152 3814 igitur
3177 3746 3290 3815 ejus
3315 3746 3617 3815 patientiam
3648 3748 3819 3803 incre-

2245 3834 2480 3890 dulitatis
2505 3836 2837 3891 occasionem
2867 3836 3167 3892 efﬁciebant
3192 3878 3205 3902 ,
3233 3846 3287 3892 et
3312 3838 3543 3909 peccatis
3578 3841 3690 3894 suis
3719 3841 3818 3895 hoc

2245 3925 2582 3994 adjiciebant,
2605 3936 2714 3979 tum
2743 3925 2884 3994 quod
2914 3942 3017 3982 non
3047 3927 3346 3994 crederent,
3371 3937 3479 3982 tum
3497 3929 3633 3999 quod
3656 3930 3819 3985 obiu-

2246 4017 2612 4072 credulitatem
2634 4018 2905 4087 segniores
2931 4019 3232 4084 evaderent,
3253 4020 3372 4088 jure
3395 4021 3538 4089 ipsos
3563 4021 3820 4090 preplteta

2246 4109 2392 4178 luget
2411 4109 2593 4163 dicens
2613 4125 2626 4160 :
2649 4108 2806 4175 Quasi
2833 4109 3062 4164 funiculo
3084 4111 3260 4180 longo,
3287 4111 3363 4164 sic
3387 4119 3568 4164 contra
3594 4125 3688 4164 vos
3710 4120 3820 4165 tra-

2249 4200 2374 4254 hitis
2402 4201 2532 4255 iram
2567 4201 2699 4267 Dei,
2743 4209 2798 4255 et
2837 4201 3120 4270 nequitiam
3159 4209 3387 4255 vestram
3427 4201 3646 4270 augetis.
3687 4201 3819 4267 Quia

2247 4292 2388 4346 enim
2415 4291 2568 4346 dictis
2594 4307 2698 4346 non
2726 4291 2963 4359 creditis,
2987 4291 3038 4345 id
3064 4293 3374 4361 relinquitur
3394 4292 3624 4357 demum,
3651 4301 3710 4347 ut
3731 4307 3819 4348 re-

2249 4398 2368 4436 rum
2411 4383 2560 4436 vobis
2585 4382 2910 4450 experientia
2951 4383 3221 4437 all'eratur.
3258 4383 3329 4436 Ita
3357 4393 3412 4437 ut
3437 4397 3530 4437 vos
3557 4383 3652 4452 ipsi
3682 4383 3820 4438 mala

2249 4476 2400 4530 vobis
2429 4475 2739 4539 attrahatis,
2763 4477 2854 4544 qui
2887 4477 3063 4530 verbis
3097 4476 3251 4529 tidem
3285 4493 3387 4530 non
3432 4477 3653 4530 habetis.
3697 4476 3820 4530 Ideo

2249 4567 2324 4618 ait
2354 4584 2367 4619 :
2404 4564 2491 4620 γω
2515 4566 2598 4635 qui
2624 4568 2879 4619 attrahunt
2908 4577 3109 4635 peccata
3136 4583 3257 4628 sua;
3289 4565 3338 4619 id
3365 4576 3445 4621 est
3465 4607 3483 4634 ,
3514 4567 3818 4622 retributio-

2252 4672 2377 4712 nem
2417 4666 2752 4727 peccatorum
2783 4676 2796 4710 :
2829 4657 2979 4726 quasi
3021 4658 3176 4725 longo
3217 4657 3449 4710 funiculo
3476 4672 3506 4710 e
3536 4658 3821 4726 longinquo

2252 4749 2459 4802 trahitis
2481 4789 2496 4814 ,
2530 4749 2731 4818 inquit,
2772 4749 3040 4802 deﬁnitam
3081 4749 3306 4817 peccatis
3331 4749 3519 4802 vestris
3545 4750 3816 4815 ultionem,

2253 4848 2307 4894 et
2330 4839 2477 4908 quasi
2501 4840 2610 4909 jugi
2640 4839 2864 4909 corrigia
2897 4838 3072 4892 vitulus
3115 4838 3401 4907 sulijugalis
3425 4879 3438 4902 ,
3467 4847 3524 4892 ut
3561 4839 3821 4908 exprimat

2254 4932 2462 4986 illorum
2485 4933 2714 4987 studium
2740 4941 2793 4986 et
2811 4947 2990 4986 curam
3013 4932 3066 4984 in
3091 4931 3377 4999 peccando.
3405 4930 3474 4986 Ut
3499 4933 3543 4984 si
3571 4932 3689 5001 quis
3708 4937 3822 4985 loro

2254 5023 2375 5077 forti
2401 5024 2524 5092 quid
2555 5025 2900 5092 pertraxerit,
2933 5023 3009 5075 sic
3037 5037 3130 5074 vos
3155 5037 3248 5088 per
3279 5021 3696 5076 incredulitatem
3728 5021 3819 5075 Dei

2253 5114 2384 5168 iram
2424 5123 2606 5168 contra
2648 5129 2742 5169 vos
2773 5111 2997 5168 trahitis.
3042 5111 3239 5166 Deinde
3277 5111 3404 5167 dicit
3427 5111 3689 5182 quomodo
3717 5120 3822 5166 tra-

2319 5273 2333 5303 ¹
2372 5279 2480 5320 ture
2504 5273 2666 5336 verba,
2693 5277 2749 5336 et
2771 5283 2856 5333 per
2881 5270 3044 5336 ipsum
3060 5268 3357 5318 ultionem...
3378 5281 3462 5328 per
3478 5266 3820 5336 ultionem,de-

2255 5338 2453 5384 erantin
2475 5334 2652 5388 Morel,
2668 5333 2752 5380 sed
2772 5330 2833 5379 ex
2855 5330 2999 5391 Regio
3017 5330 3262 5391 desumpta
3277 5330 3821 5391 sunt.inavaricus_etiam

2253 5397 2418 5452 habet,
2443 5396 2529 5444 sed
2549 5387 2730 5455 aliquot
2745 5387 2945 5456 adjectis
2969 5387 3385 5452 vocibusflllaque
3409 5390 3599 5450 legerat
3617 5387 3820 5436 'rilman-

2254 5471 2345 5508 nus
2368 5461 2626 5522 interpres.
3208 5511 3218 5522 .
3434 5512 3465 5522 Α

2315 5522 2337 5551 ²
2371 5520 2424 5567 In
2447 5510 2623 5573 Gr'wco,
2647 5528 2925 5574 attenuatus,
2951 5527 3113 5576 eorum
3137 5511 3218 5576 qui
3238 5512 3465 5576 asstunpti
3478 5514 3600 5559 sunt.
3617 5510 3822 5558 'nlman-

2256 5595 2346 5630 nns
2369 5587 2602 5634 verterat,
2627 5573 2884 5634 eorumqui
2906 5573 3061 5626 relicti
3081 5573 3205 5630 sunt,
3217 5576 3350 5642 quasi
3375 5573 3590 5642 legisset,
3607 5583 3821 5642 διολιλιηε-

2256 5660 2376 5703 pium.
2417 5632 2686 5699 λιιιλημμιενν
2727 5632 2862 5703 certe
2885 5645 3006 5703 est,
3040 5650 3204 5703 eorum
3235 5632 3326 5693 qui
3360 5632 3586 5703 uss'ttmpti
3616 5632 3824 5703 sunt_ab

2256 5695 2598 5764 iiu)n,t€aiw.lll
2619 5707 2778 5764 tamen
2820 5700 3006 5764 videtur
3030 5699 3390 5762 Chrysostomns
3424 5697 3470 5743 in
3505 5695 3822 5756 sequentibus

2262 5785 2344 5818 eos
2371 5759 2665 5826 intelligere,
2686 5763 2764 5829 qui
2788 5759 2937 5812 t‘t‘lit‘li
2962 5771 3086 5811 sunt.
