4058 6216
436 347 510 403 65
1267 340 1324 397 S.
1354 340 1636 397 JOANNIS
1663 333 2148 397 CHRYSOSTOMI
2179 334 2496 394 ARCHIEP.
2537 336 3074 394 CONSTANTINOP.
3777 348 3848 405 60

423 446 664 514 ποιήσει
693 451 728 505 ό
771 452 933 518 Θεὸς,
971 454 1071 510 ινα
1099 455 1332 527 τδωμεν.
1361 460 1426 512 Ὃ
1458 457 1550 512 καί
1581 459 1766 531 ἔτερος
1798 459 2084 530 προφήτης

424 533 664 604 ἐγκαλεῖ,
693 537 882 606 λέγων·
939 542 1081 596 Οὐαί
1136 547 1190 596 ol
1222 545 1650 613 ἐπιθυμοῦντες
1694 547 1809 612 τὴν
1856 544 2084 613 ἡμέραν

424 621 670 689 Κυρίου.
709 625 819 679 Kal
859 627 958 679 ινα
995 629 1053 682 τι
1089 630 1232 698 ὑμῖν
1267 633 1307 699 ἠ
1344 631 1532 701 ἡμέρα
1560 633 1748 700 αὕτη;
1783 633 1893 685 Καὶ
1928 632 2081 700 αὕτη

425 705 554 760 ἐστί
587 710 807 777 σκότος
836 712 933 767 καί
955 717 1028 768 οὺ
1057 715 1202 784 φῶς,
1238 718 1334 771 καί
1371 718 1594 788 γνόφος
1625 721 1737 774 οὐκ
1766 719 1922 788 έχων
1946 715 2086 788 φέγ-

426 810 531 859 νος
554 794 760 864 αὐτῆς.
807 798 916 852 Kal
954 800 1060 872 γάρ
1105 803 1197 855 καὶ
1240 805 1436 858 ἐκεῖνοι
1487 804 1841 870 ἀπιστοῦντες
1879 806 2081 873 ἔλεγον⁹

426 878 562 932 Πότε
607 880 726 952 ήξει
763 886 795 954 ή
843 886 1025 956 ήμέρα
1067 889 1165 957 τῆς
1201 890 1474 956 κολάσεως
1520 893 1611 946 καὶ
1656 893 1755 963 τῆς
1782 893 2080 964 τιμωρίας;

434 967 572 1020 οὐαί
612 972 666 1023 οί
695 971 974 1039 λέγοντες
1012 974 1077 1027 τὸ
1103 977 1370 1044 πονηρὸν
1411 980 1616 1044 καλὸν,
1651 981 1746 1034 καί
1786 979 1853 1033 τὸ
1894 980 2085 1033 καλὸν

425 1056 710 1122 πονηρόν⁹
746 1060 800 1110 οί
828 1059 1088 1126 τιθέντες
1125 1062 1189 1115 τὸ
1217 1062 1341 1131 φῶς
1372 1067 1608 1130 σκότος,
1640 1068 1736 1119 καὶ
1767 1065 1830 1119 τὸ
1863 1068 2084 1133 σκότος

423 1136 571 1204 φῶςο
616 1142 670 1194 οἰ
718 1142 976 1210 τιθέντες
1013 1145 1080 1199 τὸ
1119 1149 1313 1215 γλυκὺ
1355 1152 1587 1218 πικρὸν,
1632 1152 1729 1205 καί
1772 1152 1839 1205 τὸ
1869 1153 2085 1221 πικρὸν

429 1226 637 1294 γλυκύ.
674 1228 840 1282 Πάλιν
869 1233 993 1302 περὶ
1020 1233 1127 1286 τῶν
1149 1236 1326 1289 αὐτῶν
1356 1237 1678 1307 διαλέγεται.
1721 1237 1937 1310 Ἐπειδὴ
1958 1240 2084 1303 τοὺς

427 1311 528 1380 μὲν
560 1317 841 1386 προφήτας
880 1317 1096 1389 ῦϐριζον
1137 1323 1229 1374 καὶ
1269 1323 1585 1388 ἀπατεῶνας
1618 1325 1822 1395 ἔλεγον,
1857 1328 1982 1390 τοὺς
2027 1327 2083 1380 δέ

421 1397 864 1473 ψευδοπροφήτας
887 1405 1107 1475 ἐτίμων,
1132 1410 1224 1462 καὶ
1252 1410 1583 1482 ἀνέστρεφον
1607 1412 1714 1466 τῶν
1742 1415 2082 1484 πραγμάτων

420 1483 520 1571 τήν
556 1486 729 1554 τάξιν,
763 1490 1032 1555 ταλανίζει
1072 1495 1267 1559 αὐτοὺς
1302 1498 1394 1550 ἐπὶ
1425 1500 1488 1568 τῇ
1521 1499 1699 1570 κρίσει
1729 1483 1795 1569 τῇ
1823 1483 2081 1571 διεφθαρ-

424 1570 582 1644 μένῃ.
626 1575 791 1640 Οὐαί,
835 1579 1018 1647 φησὶν,
1058 1581 1112 1633 οι
1148 1580 1428 1650 λέγοντες
1469 1584 1536 1636 τὸ
1574 1584 1841 1652 πονηρὸν
1891 1570 2081 1641 καλὸν

422 1656 706 1726 (τουτέστι,
727 1661 824 1733 τήν
842 1666 1476 1740 ψευδοπροφητείαν),καί
1495 1671 1563 1725 τό
1588 1672 1778 1726 καλὸν
1824 1677 2088 1745 πονηρόν

420 1745 538 1816 (τὴν
569 1750 944 1821 προφητείαν)ο
965 1757 1018 1807 οί
1045 1757 1303 1822 τιθέντες
1341 1757 1408 1810 τὸ
1450 1756 1576 1826 φῶς
1611 1761 1850 1829 σκότος,
1880 1762 1978 1816 καί
2013 1762 2079 1816 τὸ

418 1835 640 1899 σκότος
674 1833 820 1904 φῶςο
863 1841 918 1892 οἱ
967 1841 1228 1908 τιθέντες
1266 1844 1330 1897 τὸ
1375 1845 1566 1914 γλυκὺ
1594 1848 1830 1914 πικρὸν,
1872 1850 1972 1902 καί
2011 1851 2080 1904 τὸ

419 1920 633 2006 ,πικρὸν
671 1924 880 1990 γλυκύ.
919 1926 980 1978 Εἰ
1014 1928 1122 1999 γάρ
1155 1929 1249 1982 καὶ
1276 1932 1529 2000 φορτικά,
1557 1936 1710 2003 φησὶ,
1742 1933 1812 1988 τά
1839 1937 2079 2006 ῥήματα,

416 2005 532 2096 ἀλλ’
569 2009 721 2064 οὐδὲν
755 2012 1080 2087 γλυκύτερον
1110 2018 1217 2074 τῶν
1255 2022 1568 2093 προφητῶν,
1599 2027 1663 2096 τῇ
1691 2025 1797 2079 τῶν
1821 2005 2078 2096 ῥημάτων

417 2094 613 2167 ἀπειλῇ
644 2098 742 2168 τὴν
774 2099 862 2154 διά
885 2101 995 2155 τῶν
1021 2105 1360 2174 πραγμάτων
1379 2094 1833 2179 ἀποκρουομένων
1860 2094 2076 2182 πεῖραν.

416 2182 478 2235 Εἰ
514 2185 608 2236 καὶ
638 2186 838 2253 γλυκέα
859 2189 926 2242 τά
947 2191 1054 2243 τῶν
1075 2192 1550 2266 ψευδοπροφητῶν,
1581 2199 1695 2252 ἀλλ’
1720 2200 1871 2254 οὐδὲν
1898 2204 2078 2257 αὐτῶν

417 2269 757 2359 πικρότερον,
778 2278 842 2346 τῇ
871 2276 1053 2347 χάριτι
1074 2279 1182 2334 τῶν
1213 2281 1387 2349 λόγων
1405 2283 1502 2355 τὴν
1523 2285 1610 2338 διά
1639 2285 1746 2340 τῶν
1767 2287 1940 2359 ἔργων
1977 2291 2078 2342 ἐπ-

414 2355 657 2423 αγόντων
690 2359 793 2412 ἀπε
803 2361 937 2432 ιλήν.

483 2444 546 2536 ζ’.
566 2445 694 2499 Ἰδοὺ
719 2450 1002 2536 προφήτου
1040 2454 1252 2523 σοφίαν,
1276 2455 1394 2520 πῶς
1429 2459 1756 2531 ἀνέστρεψεν
1783 2461 1957 2516 αὐτῶν
1980 2465 2078 2536 τήν

413 2528 685 2620 ὑπόνοιαν.
718 2534 931 2608 Ἐπειδὴ
961 2539 1067 2609 γὰρ
1099 2545 1209 2605 τοῖς
1247 2543 1343 2611 μὲν
1380 2545 1456 2609 ὡς
1495 2528 1796 2618 πικρότατα
1837 2528 2074 2620 φθεγγό-

416 2616 596 2706 μένοις
617 2619 676 2672 ού
710 2625 1014 2694 προσεῖχον,
1043 2630 1155 2691 τοῖς
1182 2629 1238 2682 δέ
1264 2630 1337 2694 ὡς
1364 2616 1816 2704 προσηνεστάτοις
1843 2616 1934 2690 καὶ

413 2701 620 2792 κύτητα
646 2706 853 2792 πολλὴν
879 2710 1112 2781 ἔχουσιν,
1154 2714 1371 2786 ἔφησεν,
1404 2701 1483 2771 ὅτι
1512 2701 1819 2774 τούναντίον
1855 2701 2074 2792 μὲν-οὖν

411 2789 548 2842 ἐστι·
573 2791 706 2878 πολὺ
733 2793 840 2848 τῶν
868 2799 1160 2869 προφητῶν
1192 2803 1251 2854 τὸ
1286 2803 1427 2872 μέλι,
1461 2804 1628 2876 πολλὴ
1660 2806 1716 2859 δὲ
1751 2789 1867 2861 τῶν*
1885 2809 2075 2878 ψευδο-

410 2877 707 2947 προφητῶν
748 2881 781 2951 ή
828 2885 1035 2955 πικρία·
1081 2886 1222 2941 οῦτω
1263 2891 1356 2943 καὶ
1386 2891 1478 2944 ἐπὶ
1523 2891 1617 2945 τοῦ
1654 2894 1829 2962 φωτὸς
1859 2877 1952 2948 καὶ
1980 2897 2074 2952 τοῦ

413 2962 641 3056 σκότους.
666 2965 756 3019 τὸν
781 2967 935 3038 λόγον
961 2977 1394 3044 μεταχειριστέον
1415 2980 1568 3048 ημῖν.
1598 2981 1660 3032 Ol
1692 2981 1789 3050 μὲν
1810 2983 1918 3054 γάρ
1938 2984 2074 3056 πρὸς

410 3049 515 3142 τὴν.
544 3050 748 3122 πλάνην
775 3055 1002 3126 ήγαγον,
1037 3062 1087 3113 οἰ
1116 3061 1172 3114 δέ
1207 3064 1300 3116 καὶ
1333 3064 1468 3135 πρὸς
1497 3065 1594 3135 τὴν
1619 3049 2075 3142 ἀλήθειαν-ἐχειρ-

413 3134 677 3226 αγῴγουν·
723 3142 818 3194 καὶ
860 3144 908 3195 οἰ
941 3145 1039 3214 μὲν
1071 3145 1146 3216 τῷ
1175 3145 1322 3218 ζόφῳ
1349 3134 1447 3213 τῆς
1478 3134 1853 3222 αἰχμαλωσίας
1889 3134 2075 3226 μόνον.

414 3223 649 3314 ουχὶ-τάς
678 3228 864 3314 χεῖρας
889 3229 1148 3301 δήσαντες
1175 3235 1549 3306 παρεδίδοσαν,
1579 3239 1626 3291 οἰ
1655 3239 1711 3292 δὲ
1737 3223 1968 3305 ὃπως-ἐν
1995 3243 2074 3314 τῷ

414 3310 552 3394 φωτὶ
583 3311 680 3380 τῆς
718 3313 1027 3388 ἐλευθερίας
1076 3319 1345 3389 ἀγάγωσι,
1384 3323 1559 3376 πάντα
1591 3324 1875 3394 ἔπραττον.
1918 3310 2073 3385 Ἐπεί

412 3389 502 3448 οὖν
549 3395 649 3460 τὰς
696 3400 939 3466 ἐναντίας
978 3406 1105 3476 περὶ
1137 3407 1339 3462 τούτων
1376 3408 1535 3475 δόξας
1573 3389 1718 3482 εἰχον
1758 3415 1850 3467 καὶ
1885 3416 1984 3479 τὰς
2009 3418 2070 3470 οὐ

410 3484 826 3569 προσηκούσας,
874 3488 1097 3554 εἰκότως
1147 3491 1344 3557 αὐτοὺς
1395 3495 1698 3567 διορθοῦται
1759 3498 1964 3569 λέγων·
2005 3503 2072 3556 Ol

407 3565 668 3635 τιθέντες
691 3570 756 3624 τὸ
781 3571 905 3640 φῶς
926 3577 1165 3644 σκότος,
1191 3580 1288 3633 καί
1323 3581 1388 3634 τὸ
1417 3565 1636 3651 σκότος
1666 3585 1812 3654 φῶς.
1832 3565 1983 3642 Ὀὐαὶ
2015 3592 2072 3644 οἰ

408 3654 652 3744 συνετοί
697 3655 766 3708 ἐν
803 3657 1052 3744 έαυτοῖς,
1098 3663 1196 3716 καί
1234 3664 1489 3720 ἐνώπιον
1513 3668 1711 3724 αὐτῶν
1748 3673 2072 3744 ἐπιστήμοο

408 3753 529 3802 νες.
551 3739 626 3792 Οὐ
667 3742 859 3813 μικρὸν
889 3745 984 3798 καὶ
1017 3747 1174 3802 τοῦτο
1204 3750 1509 3822 ἐλάττωμα,
1561 3755 1622 3809 τὸ
1653 3759 1814 3826 σοφόν
1842 3739 2071 3814 τιναννο-

411 3828 588 3898 μίζειν
624 3832 831 3896 ἐαυτὸν,
880 3837 973 3889 καὶ
1008 3841 1121 3903 τοῖς
1165 3840 1354 3894 ἐαυτοῦ
1399 3842 1512 3916 [61]
1552 3845 1828 3916 λογισμοῖς
1867 3849 1930 3902 τὸ
1960 3853 2070 3904 πᾶν

406 3917 743 4010 ἐπιτρέπειν.
776 3923 884 4010 Καὶ
915 3925 1022 3997 γάρ
1049 3927 1294 3983 ἐντεῦθεν
1321 3932 1495 3985 ἐκεῖνο
1520 3933 1723 4002 γίνεται
1742 3934 1761 4007 [
1783 3947 1810 3977 α
1836 3936 1977 4005 λέγω
2005 3938 2068 4010 δὴ

407 4003 470 4096 td
489 4005 725 4096 φάσκειν
825 4013 1058 4083 πονηρὸν
1082 4015 1266 4083 καλὸν,
1293 4018 1389 4071 καὶ
1416 4021 1477 4074 τὸ
1509 4021 1671 4076 καλὸν
1693 4003 1946 4096 πονηρὸν,
1973 4003 2070 4079 καί

496 4092 666 4180 ὲξῇς].
695 4095 862 4150 Τοῦτο
885 4100 977 4152 καὶ
1003 4101 1032 4153 ό
1056 4101 1265 4166 Παῦλος
1288 4108 1400 4169 τοῖς
1426 4106 1532 4171 ἔξω
1558 4089 1865 4178 φιλοσόφοις
1902 4113 2068 4180 ἐγκα-

543 4177 745 4248 ἔλεγεν,
765 4183 844 4236 δτι
866 4183 1202 4254 Φάσκοντες
1225 4186 1374 4244 εἶναι
1391 4173 1590 4262 σοφοί,
1613 4173 2062 4266 ἐμωράνθησαν.

408 4263 519 4316 Καὶ
550 4266 977 4352 ὁῗπαροιμιώδης
1018 4272 1173 4342 λόγος
1217 4275 1376 4330 πάλιν
1415 4279 1598 4349 φησιν’
1631 4263 1813 4335 Εἶδον
1843 4263 2066 4352 ἅνθρω-

407 4364 527 4404 πον
571 4351 862 4411 δοκοῦντα
903 4354 1056 4412 εἶναι
1100 4361 1297 4430 σοφὸν
1327 4364 1462 4431 παρ’
1502 4365 1710 4433 ἐαυτῷ-
1749 4351 1965 4422 ἐλπίδα
1999 4370 2067 4424 δὲ

406 4434 530 4503 ἔχει
545 4435 787 4505 μᾶλλον
816 4441 1018 4511 ἄφρων
1039 4447 1246 4502 αὐτοῦ.
1277 4449 1446 4504 Τοῦτο
1485 4451 1579 4504 κα)⁸
1605 4453 1813 4518 Παῦλος
1846 4455 2066 4522 ἐγκαλεῖ

409 4522 570 4576 πάλιν
604 4524 795 4592 λέγων·
823 4529 919 4596 Μὴ
950 4533 1188 4600 γίνεσθε
1217 4537 1490 4606 φρόνιμοι
1523 4538 1659 4607 παρ’
1690 4540 1941 4607 ἑαυτοῖς·
1975 4543 2066 4597 καὶ

406 4607 588 4661 πάλινο
624 4611 698 4667 El
729 4630 818 4678 τις
845 4615 1014 4670 δοκεῖ
1037 4621 1230 4689 σοφὸς
1255 4619 1407 4677 εἶναι
1432 4623 1504 4679 ἐν
1528 4625 1671 4693 ὑμῖν
1696 4627 1767 4680 ἐν
1794 4626 1875 4692 τῷ
1900 4627 2065 4684 αἰῶνι

405 4695 613 4786 τοῦτφ,
642 4696 902 4786 γενέσθω
918 4705 1134 4772 μωρὸς,
1162 4707 1261 4761 ἵνα
1291 4709 1528 4779 γένηται
1551 4714 1762 4781 σοφός.
1789 4715 1881 4786 Μή
1903 4719 1967 4786 τῇ
1991 4718 2066 4769 οἰ-

406 4781 529 4854 κεία
566 4784 745 4855 σοφίᾳ,
791 4789 944 4859 φησὶ,
991 4792 1124 4862 μηδὲ
1159 4796 1271 4856 τοῖς
1311 4796 1503 4849 ἐαυτοῦ
1546 4781 1886 4869 ἐπιτρεπέτω
1923 4781 2065 4870 λογι-

407 4871 785 4961 σμοῖςῌδᾍάλλϐ
813 4875 1048 4941 ἐκείνους
1075 4881 1430 4947 κατευνάσας,
1470 4885 1720 4940 ἐκδιδότω
1749 4888 1849 4959 τὴν
1889 4889 2064 4961 ψυχὴν

405 4957 592 5045 Τῇ,τοῦ
623 4958 932 5030 Πνεύματος
961 4965 1294 5040 διδασκαλίᾳ.
1333 4971 1485 5024 Ἐπεὶ
1508 4967 1600 5026 οὖν
1626 4957 1894 5045 καὶπαρά
1931 4957 2062 5030 Ἰου-

405 5040 572 5136 δαίοις
597 5046 824 5100 τοιοῦτοί
845 5068 985 5114 τινες
1007 5049 1145 5123 ἦσαν
1180 5056 1551 5128 ὑπερορῶντες
1578 5061 1676 5129 μὲν
1706 5040 2065 5136 τῶν-προφη-

405 5129 512 5218 τῶν
530 5128 614 5218 Δὡς
642 5133 910 5203 ποιμένων
939 5139 1030 5190 καὶ
1059 5142 1311 5208 αἰπόλων,
1341 5128 1650 5215 βουλόμενοι
1675 5146 1731 5201 δὲ
1753 5128 2061 5218 σοφίζεσδάι

405 5215 630 5281 οῖκοθεν,
662 5220 690 5273 δ
734 5224 826 5276 καὶ
865 5223 1119 5289 ἀπονοίας
1168 5231 1348 5295 αὐτοῖς
1395 5233 1647 5298 ὑπόθεσις
1700 5215 1924 5304 ἐγίνετο,
1969 5240 2062 5292 καὶ

405 5307 500 5359 τοῦ
535 5317 890 5381 καταφρονεῖν
917 5316 1025 5370 τῶν
1050 5318 1373 5388 λεγομένων,
1404 5324 1624 5387 εἰκότως
1649 5326 1844 5390 αὐτοὺς
1877 5328 2063 5398 Θρηνεῖ

405 5392 597 5462 λέγων’
630 5399 772 5451 Οὐαὶ
808 5404 860 5454 οἰ
886 5405 1125 5457 συνετοὶ
1163 5406 1231 5458 έν
1266 5407 1518 5474 ἑαυτοῖς,
1547 5410 1644 5463 καί
1673 5392 1926 5466 ἐνώπιον
1957 5392 2061 5468 αὐ-

407 5480 525 5534 τῶν
571 5484 986 5554 ἐπιστήμονες.
1035 5492 1176 5545 Οὐαὶ
1215 5498 1268 5548 οἰ
1307 5496 1621 5564 ἰσχύοντες
1653 5497 1837 5566 ὑμῶν,
1879 5504 1932 5553 οἰ
1958 5501 2062 5554 τὸν

399 5565 572 5625 οἶνον
626 5574 922 5642 πίνοντες,
964 5579 1062 5631 καί
1107 5583 1160 5634 οἰ
1199 5581 1508 5650 δυνάσται,
1553 5589 1607 5640 οἰ
1645 5565 1961 5656 κιρνῶντες
1996 5593 2060 5646 τὸ

406 5659 635 5749 alat-ipa.
666 5663 757 5733 Μή
786 5664 1086 5736 Θαυμάσῃς,
1115 5669 1162 5720 εἰ
1189 5670 1293 5738 πρὸ
1325 5673 1517 5739 μικροῦ
1547 5675 1783 5729 τοσαῦτα
1804 5679 1942 5733 κατὰ
1974 5681 2062 5749 μέ-

465 5745 837 5823 ξ’(ξιξέυρςίηἱξ
856 5753 1151 5823 ειευᾱυριυι·
1173 5754 1414 5823 desunlju
1443 5758 1562 5823 Reg.
1587 5768 1640 5814 cl.
1670 5762 1815 5814 Suvil.
1844 5764 1942 5814 Sed
1974 5745 2056 5816 ha-

403 5801 584 5854 benuir
603 5808 652 5855 in
689 5808 854 5859 Morel.
882 5814 998 5860 etin
1027 5801 1253 5863 Βενειὶὸό
1273 5801 1463 5865 ὼδὶέεἰ

469 5867 496 5906 ὶι
517 5866 636 5929 Reg.
674 5875 725 5918 ct
755 5869 899 5921 Savil.
938 5874 1192 5937 ἐπιτρέπων
1218 5877 1471 5940 λογισμοῖς,

2190 455 2288 525 6ης
2308 455 2494 515 εἰπὼν,
2524 456 2684 509 πάλιν
2711 457 2802 511 τὸν
2822 458 2980 511 αὑτὸν
3000 456 3438 527 ἐπαναλαμϐάνει
3466 459 3638 527 λόγον.
3679 461 3848 514 Ἐπει-

2188 542 2251 612 δὴ
2279 545 2386 614 γὰρ
2416 543 2650 613 χαλεπὸν
2684 543 2745 596 τὸ
2768 544 2924 608 ἐλκος
2950 545 3043 597 καὶ
3073 544 3349 598 δύσεικτον
3374 556 3420 610 α,
3450 545 3536 600 διά
3567 547 3722 600 τοῦτο
3754 550 3844 602 xal

2189 629 2428 698 συνεχῶς
2460 630 2743 684 ἐπαντλεῖν
2777 631 2903 682 ἔδει.
2940 632 3190 684 Χαλεπὸν
3229 633 3283 685 δὲ
3314 633 3406 686 καὶ
3432 633 3728 699 δύσεικτον,
3767 636 3843 706 τῷ

2188 715 2264 786 μὴ
2308 716 2481 771 δοκεῖν
2522 717 2671 787 παρὰ
2711 719 2824 780 τοῖς
2861 718 3073 781 πολλοῖς
3109 719 3410 790 ἁμάρτημα
3437 714 3594 786 εἰναι,
3629 722 3845 776 πάντων

2184 803 2595 872 ἁμαρτημάτων
2623 803 2994 875 χαλεπώτερον
3015 805 3093 868 δν,
3124 807 3217 859 καὶ
3243 807 3407 876 μυρία
3439 808 3727 878 βλαστάνον
3755 828 3839 862 νο-

2185 890 2426 958 σήματα.
2482 889 2572 941 Διό
2615 907 2795 960 φησιν·
2850 893 2916 944 Ol
2951 890 3059 945 τὸν
3101 887 3270 947 οἶνον
3315 893 3610 962 πίνοντες,
3654 897 3751 950 καί
3787 899 3842 951 οἰ

2183 973 2500 1041 δυνάσται,
2523 980 2576 1030 οί
2595 977 2910 1045 κιρνῶντες
2927 978 2992 1031 τὸ
3020 978 3250 1048 σίκερα.
3275 981 3501 1045 Διπλοῦς
3528 985 3556 1036 d
3581 983 3840 1054 κρημνὸς,

2183 1062 2434 1132 τυραννὶς
2458 1063 2646 1133 μέθης,
2682 1064 2773 1117 καὶ
2798 1064 3106 1129 δυναστείας
3131 1066 3422 1138 ὑπερϐολή.
3449 1067 3584 1121 [Iam
3620 1070 3714 1138 μὲν
3736 1071 3841 1140 γάρ

2183 1147 2490 1219 ἀνθρώποις
2515 1149 2774 1220 λογισμοῦ
2805 1151 2978 1222 χρεία,
3013 1153 3244 1222 μάλιστα
3270 1153 3326 1207 δὲ
3356 1158 3464 1218 τοῖς
3492 1157 3548 1208 ἐν
3574 1155 3842 1226 ἀξιώμασι

2185 1235 2277 1288 καί
2294 1235 2630 1300 δυναστείαις
2660 1233 2829 1300 οὖσιν,
2855 1237 2997 1292 ὥστε
3028 1239 3124 1309 μὴ,
3159 1239 3404 1311 καθάπερ
3434 1242 3680 1296 ἀτάκτων
3713 1243 3841 1297 ὑδά-

2183 1339 2290 1374 των
2327 1322 2474 1393 ῥύμῃ
2501 1324 2625 1388 τινὶ,
2657 1323 2733 1394 τῷ
2753 1327 2850 1395 τῆς
2877 1325 3049 1396 ἀρχῆς
3082 1325 3474 1397 ἐκφερομένους
3506 1327 3654 1398 ὄγκῳ
3685 1347 3846 1383 κατα-

2183 1412 2598 1482 κρημνίζεσθαι.
2641 1417 2706 1467 Ol
2741 1414 3110 1482 δικαιοῦντες
3148 1417 3253 1470 τὸν
3283 1418 3470 1487 ἀσεϐῆ
3497 1419 3703 1474 ἕνεκεν
3738 1421 3845 1474 δώ-

2178 1515 2320 1566 ρων,
2351 1499 2448 1553 καί
2477 1502 2540 1555 τὸ
2573 1500 2807 1556 δίκαιον
2834 1502 2939 1557 τοῦ
2972 1502 3205 1558 δικαίου
3224 1506 3491 1573 αἴροντες
3513 1508 3612 1562 ἀπ’
3635 1510 3842 1566 αὐτοῦ.

2182 1585 2414 1638 Διπλοῦν
2457 1587 2518 1639 τὸ
2569 1588 2816 1659 ἔγκλημα
2856 1589 3016 1642 πάλιν
3037 1589 3097 1643 τὸ
3133 1591 3225 1644 τὸν
3271 1592 3563 1647 ὑπεύθυνον
3605 1596 3843 1663 ἀφιέναι,

2182 1672 2274 1725 καὶ
2297 1671 2385 1724 τὸν
2404 1673 2690 1726 ἀνεύθυνον
2715 1675 3114 1739 καταδικάζειν.
3138 1676 3424 1748 Ἐκατέρου
3456 1681 3846 1752 ἁμαρτήματος

2182 1759 2216 1828 ή
2249 1758 2373 1829 ῥίζα
2411 1760 2722 1830 δωροδοκία.
2768 1761 2872 1815 Διὰ
2910 1761 3084 1816 τοῦτο
3127 1763 3200 1816 ὃν
3226 1766 3446 1832 τρόπον
3484 1767 3844 1834 καυθήσεται

2181 1845 2414 1914 καλάμη
2459 1847 2578 1901 ὑπὸ
2622 1849 2915 1918 ἄνθρακος
2968 1849 3176 1918 πυρὸς,
3212 1852 3309 1904 καί
3363 1854 3844 1924 συγκαυθήσεται

2179 1931 2299 1986 ὑπὸ
2322 1933 2546 2002 φλογὸς
2573 1935 2939 2004 ἁνημμένης.
2970 1936 3044 1988 Τὸ
3069 1937 3166 2007 τῆς
3192 1940 3457 2008 τιμωρίας
3483 1942 3639 2011 ταχὺ,
3667 1942 3726 1995 τὸ
3753 1942 3845 1995 εὕ-

2180 2018 2335 2072 κολον
2355 2020 2452 2090 τῆς
2481 2019 2752 2085 κολάσεως
2782 2023 3097 2094 παρίστησι,
3122 2022 3208 2076 διά
3234 2023 3334 2094 τῆς
3360 2025 3558 2090 εἰκόνος
3585 2026 3683 2097 τὴν
3709 2045 3846 2083 παν-

2180 2102 2448 2175 ωλεθρίαν
2477 2106 2657 2161 αὐτῶν
2690 2108 2886 2178 δηλῶν.

2249 2193 2576 2262 η’.”Δπαντα
2607 2194 2712 2266 γάρ
2751 2196 2922 2250 ταῦτα
2954 2198 2987 2268 ή
3017 2197 3147 2267 φλὸξ
3177 2199 3270 2252 καὶ
3299 2200 3348 2252 οἰ
3376 2200 3660 2272 ἄνθρακες,
3689 2202 3782 2254 καὶ
3808 2203 3843 2273 ή

2179 2277 2423 2348 καλάμη,
2453 2280 2548 2332 καὶ
2584 2280 2653 2332 τὰ
2678 2280 2798 2350 ἑξῆς
2827 2284 2956 2352 ἡμῖν
2980 2286 3378 2356 παρεδήλωσεν.
3418 2287 3478 2341 Ἠ
3490 2284 3622 2353 ῥίζα
3646 2285 3845 2341 αὐτῶν

2179 2366 2258 2430 ὡς
2294 2367 2481 2435 χνοῦς
2505 2369 2694 2434 ἔσται,
2732 2371 2827 2423 καί
2879 2371 2944 2424 τὸ
2985 2372 3166 2439 ἄνθος
3199 2373 3396 2426 αὐτῶν
3430 2375 3510 2441 ὡς
3541 2373 3843 2442 κονιορτὸς

2177 2453 2558 2522 ἀναϐήσεται.
2591 2455 2672 2509 Τά
2698 2458 2979 2527 πεπηγότα
3004 2459 3182 2511 καὶτὰ
3207 2459 3396 2529 βέϐαια
3427 2460 3722 2523 ἀπολεῖται,
3752 2462 3844 2514 καὶ

2177 2539 2556 2611 διαχυοήσεται
2588 2543 2656 2595 τά
2687 2543 2932 2614 λαμπρὰ,
2973 2546 3065 2598 καὶ
3101 2545 3171 2599 τά
3212 2547 3412 2619 φαιδρά
3443 2549 3715 2619 οἰχήσεται
3748 2549 3842 2602 και

2176 2625 2583 2698 διαρρυήσεται.
2627 2632 2710 2685 Οὐ
2751 2631 2862 2698 γὰρ
2900 2631 3212 2700 ἠθέλησαν
3252 2633 3359 2686 τὸν
3406 2634 3590 2702 νόμον
3623 2636 3842 2702 Κυρίου

2177 2718 2418 2771 Σαϐαὼθ
2459 2719 2669 2783 ποιεῖν,
2717 2721 2877 2774 ἀλλὰ
2905 2721 2969 2775 τὸ
2994 2723 3202 2792 λόγιον
3237 2721 3345 2777 τοῦ
3371 2723 3541 2792 ἁγίου
3577 2724 3844 2792 παρώξυ-

2176 2820 2314 2860 ναν.
2372 2805 2565 2873 Λόγιον
2607 2807 2697 2858 τὸν
2748 2808 2908 2874 νόμον
2951 2807 3119 2875 λέγει.
3159 2810 3268 2862 Kal
3311 2810 3573 2879 ἐθυμώθη
3627 2814 3835 2879 Κύριος

2176 2891 2418 2946 Σαϐαὼθ
2445 2892 2590 2961 ὀργῇ
2630 2892 2729 2946 ἐπὶ
2762 2894 2869 2948 τὸν
2903 2897 3056 2948 ⁵λαόν
3081 2897 3285 2950 αὐτοῦ’
3312 2898 3408 2950 καί
3447 2900 3696 2954 ἐπέϐαλε
3726 2900 3842 2967 τὴν

2176 2978 2342 3046 χεῖρα
2375 2979 2562 3033 αὐτοῦ
2593 2980 2687 3032 ἐπ’
2713 2981 2953 3047 αὐτοὺς,
2981 2981 3080 3038 καί
3114 2982 3412 3048 ἐπάταξεν
3450 2987 3687 3053 αὐτούς.
3724 2985 3842 3061 [62]

2173 3065 2284 3120 Καὶ
2310 3067 2665 3134 παρωξύνθη
2685 3067 2783 3119 ἐπὶ
2807 3069 2879 3120 τὰ
2905 3069 3035 3136 ὄρη,
3058 3069 3155 3123 καί
3172 3071 3406 3139 ἐγένετο
3428 3074 3498 3127 τά
3520 3075 3840 3143 θνησιμαῖα

2173 3150 2370 3207 αὐτῶν
2393 3153 2474 3216 ὡς
2493 3153 2706 3222 κοπρία
2733 3155 2802 3206 ἐν
2827 3155 2990 3223 μέσῳ
3014 3153 3178 3210 ὀδοῦ.
3203 3157 3306 3210 Καὶ
3339 3158 3407 3211 ἐν
3438 3158 3582 3213 πᾶσι
3610 3163 3841 3228 τούτοις

2172 3239 2283 3291 οὐκ
2316 3238 2666 3308 ἀπεστράφη
2701 3243 2734 3294 ό
2757 3241 2943 3312 θυμὸς
2983 3242 3191 3306 αὑτοῦ,
3215 3243 3352 3297 ἀλλ’
3377 3244 3465 3298 ἔτι
3506 3247 3544 3315 ὴ
3582 3247 3709 3316 χεὶρ
3741 3250 3842 3302 αὺ-

2173 3326 2280 3380 τοῦ
2311 3326 2544 3394 ὑψηλή.
2591 3327 2851 3383 Ἐνταῦθα
2874 3329 3104 3400 πόλεμον
3134 3329 3162 3369 ἀ
3192 3332 3480 3386 αἰνίττεται
3503 3334 3754 3404 χαλεπὸν,
3777 3335 3838 3400 δς

2172 3413 2292 3468 οὐδὲ
2314 3417 2454 3484 ταφῇ
2485 3433 2552 3469 τα
2583 3415 2808 3486 σώματα
2836 3420 3179 3490 συγχωρήσει
3212 3421 3599 3493 παραδοθῆναι,
3624 3425 3719 3494 οὐχ
3753 3426 3837 3482 ἵνα

2172 3499 2370 3552 ἐκεῖνοι
2409 3501 2626 3554 κόλασιν
2650 3503 2832 3568 δῶσιν,
2856 3503 2972 3557 ἀλλ’
2999 3504 3085 3559 ῖνα
3130 3506 3180 3558 οἰ
3220 3506 3417 3571 ζῶντες
3450 3511 3507 3563 ἐν
3531 3512 3649 3573 ταῖς
3677 3512 3836 3566 ἀλλο-

2170 3586 2350 3655 τρίαις
2378 3591 2681 3658 συμφοραῖς
2712 3589 2811 3659 τῆς
2838 3590 3044 3654 οἰκείας
3078 3592 3489 3663 ἀποτέμνωνταί
3521 3613 3575 3649 τι
3615 3600 3834 3663 κακίας.

2171 3671 2281 3724 Kal
2307 3673 2409 3744 ὅρα
2437 3673 2555 3738 πῶς
2595 3674 2973 3748 χαλεπώτερον
3001 3675 3092 3729 τὸν
3127 3677 3282 3746 λόγον
3312 3681 3581 3751 ἐποίησεν.
3615 3685 3690 3738 Ού
3724 3688 3834 3759 γάρ

2169 3756 2344 3823 εἶπεν,
2375 3762 2455 3814 ὅτι
2485 3762 2584 3815 οὐκ
2608 3763 2902 3833 ἐτάφησαν,
2936 3765 3050 3817 ἀλλ’
3082 3766 3164 3819 ὅτι
3200 3766 3404 3838 κόπρου
3436 3771 3615 3840 πάσης
3643 3756 3833 3844 ἀτιμόξ

2169 3861 2326 3917 τερον
2356 3848 2674 3918 ἐρριμμένοι
2719 3845 2860 3919 ἦσαν
2894 3852 2942 3903 οἰ
2975 3852 3439 3923 τετελευτηκότες,
3490 3856 3518 3908 δ
3549 3860 3660 3921 τοῖς
3697 3859 3832 3924 ζῶσι

2171 3933 2599 4004 φρικωδέστερον
2641 3936 2894 3989 ἁπάντων
2936 3933 3073 3991 εἶναι
3112 3939 3277 4006 δοκεῖ,
3317 3942 3408 3994 καὶ⁸
3442 3945 3539 4014 τῆς
3577 3947 3831 4016 τελευτῆς

2171 4020 2341 4090 αὐτῆς
2379 4021 2773 4092 χαλεπώτερον.
2810 4023 2918 4076 Kal
2943 4023 3004 4076 τὸ
3031 4024 3095 4095 δὴ
3128 4028 3329 4094 χεῖρον,
3364 4028 3443 4081 δτι
3477 4031 3595 4082 οὐδὲ
3627 4033 3832 4087 τούτων

2167 4109 2488 4178 γινομένων,
2508 4110 2692 4181 φησὶν,
2719 4111 3108 4184 ἐπιεικέστεροι
3128 4118 3430 4182 γεγόνασιν,
3447 4117 3578 4171 ἀλλά
3605 4123 3713 4182 τοῖς
3735 4123 3834 4174 αύ-

2166 4198 2279 4258 τοῖς
2331 4197 2696 4266 ἐπιμένουσιν.
2758 4197 2909 4250 Ἐπεὶ
2951 4195 3042 4252 οὖν
3080 4200 3232 4253 οὐδὲν
3279 4201 3515 4271 βελτίους
3563 4206 3826 4276 ἐγένοντο,

2167 4283 2380 4336 ἀπειλεῖ
2414 4284 2573 4337 πάλιν
2604 4285 2784 4348 αὐτοῖς
2813 4286 2909 4355 τὴν
2941 4286 3329 4356 χαλεπωτάτην
3357 4291 3568 4362 ἐκείνην
3593 4294 3829 4366 πληγὴν,

2168 4367 2263 4438 τὴν
2301 4369 2410 4421 τῶν
2447 4370 2754 4440 βαρϐάρων.
2787 4371 2877 4423 Διὸ
2910 4373 3002 4425 καὶ
3044 4373 3240 4441 ἐπάγει
3282 4375 3470 4444 λέγων·
3516 4381 3830 4447 Τοιγαροῦν

2167 4454 2299 4521 ἀρεῖ
2324 4457 2650 4523 σύσσημον
2685 4457 2754 4510 έν
2782 4458 2902 4522 τοῖς
2931 4459 3132 4514 ἔθνεσι
3160 4461 3284 4526 τοῖς
3312 4465 3566 4530 μακράν.
3604 4466 3718 4519 Ἵνα
3753 4469 3827 4542 μὴ

2165 4541 2262 4610 τῆς
2289 4541 2406 4594 ὀδοῦ
2439 4542 2500 4594 τὸ
2536 4543 2707 4612 μῆκος
2733 4544 2810 4606 εἰς
2845 4544 3115 4615 ρᾳθυμίαν
3146 4550 3343 4612 αὐτοὺς
3371 4549 3632 4622 ἐμϐάλλῃ,
3665 4557 3829 4623 φησὶν

2165 4627 2245 4680 ὅτι
2271 4625 2412 4681 οὕτω
2446 4628 2522 4697 τῷ
2542 4628 2658 4698 Θεῷ
2690 4630 2870 4700 ῥᾴδιον
2894 4632 3119 4700 ἀγαγεῖν
3143 4634 3355 4699 αὐτοὺς,
3391 4635 3465 4700 ὼς
3492 4637 3567 4706 τῷ
3599 4639 3658 4691 τὸ
3699 4640 3825 4694 σύσ-

2168 4731 2340 4783 σημον
2368 4715 2594 4784 αἰροντι,
2621 4716 2714 4768 καὶ
2739 4718 2862 4779 τοὺς
2888 4722 3431 4791 παρεσκευασμένους
3461 4726 3552 4778 καὶ
3579 4726 3826 4796 ἑτοίμους

2166 4803 2412 4870 ἐξάγοντι
2448 4803 2582 4873 πρὸς
2613 4803 2935 4874 παράταξιν,
2964 4806 3100 4876 ὅπερ
3128 4809 3219 4860 καὶ
3247 4809 3338 4862 ἐπὶ
3357 4810 3463 4862 τῶν
3489 4812 3667 4866 ἵππων
3691 4815 3827 4881 γίνεο

2163 4905 2251 4941 ται
2279 4889 2385 4942 τῶν
2412 4891 2833 4960 ἁμιλλητηρίων.
2868 4892 3032 4961 Ὁμοῦ
3073 4910 3130 4946 τε
3169 4893 3276 4962 γάρ
3313 4896 3374 4949 τὸ
3409 4898 3672 4968 σύμϐολον
3725 4901 3824 4966 τῆς

2165 4975 2413 5044 ἀφέσεως
2462 4979 2707 5046 αἴρεται,
2758 4979 2996 5030 κάκεῖνοι
3053 4979 3161 5032 τῶν
3222 4980 3480 5050 βαλϐίδων
3517 4986 3820 5054 ἐκπηδῶσιν

2163 5062 2383 5124 εὐθέως.
2417 5062 2519 5114 Δύο
2544 5063 2719 5114 τοίνυν
2760 5063 2990 5118 ἐνταῦθα
3021 5064 3052 5116 ὀ
3086 5070 3370 5138 προφήτης
3396 5069 3706 5137 αἰνίττεται,
3743 5074 3820 5127 ὅτι

2164 5151 2255 5202 καὶ
2281 5149 2499 5202 εὔκολον
2524 5151 2719 5211 αὐτοὺς
2745 5149 2933 5214 ἐλθεῖν,
2969 5152 3062 5205 τοῦ
3096 5155 3229 5206 Θεοῦ
3261 5154 3564 5221 καλοῦντος,
3595 5160 3688 5210 καὶ
3718 5161 3820 5211 πάρ

2162 5236 2250 5289 λαι
2288 5237 2354 5289 ἂν
2377 5233 2556 5307 ἦλθον,
2589 5239 2637 5289 εἰ
2671 5237 2743 5305 μὴ
2778 5239 2809 5306 ἡ
2851 5237 3015 5308 πολλὴ
3043 5243 3291 5310 κατεῖχεν
3329 5241 3521 5303 αὐτοὺς
3550 5246 3821 5313 μακροθυρ

2167 5323 2283 5393 μία.
2313 5321 2444 5375 Εἶτα
2467 5326 2531 5392 τῇ
2560 5322 2879 5392 ἐπεξηγήσει
2911 5324 3127 5379 πλείονα
3159 5327 3256 5395 τὴν
3285 5325 3528 5379 εὐκολίαν
3559 5329 3820 5383 ἐνδείκνυ-

2161 5427 2252 5465 ται
2279 5411 2467 5479 λέγων-
2500 5410 2608 5465 Καί
2627 5411 2824 5478 συριεῖ
2843 5412 3061 5478 αὐτοὺς
3096 5413 3194 5466 ἀπ’
3219 5412 3403 5480 ἄκρου
3437 5413 3544 5481 τῆς
3575 5414 3704 5484 γῆς.
3730 5418 3826 5490 Μὴ

2225 5583 2247 5610 ο
2274 5581 2366 5628 Καὶ
2395 5579 2653 5627 δύσεικτον.
2688 5577 2833 5626 Putat
2883 5578 3090 5626 Alienus
3133 5578 3393 5639 legendum
3427 5591 3537 5626 esse
3578 5580 3815 5631 δυσίατον,

2163 5643 2260 5691 Sed
2286 5643 2528 5688 δύσεικτον
2551 5639 2696 5703 etiam
2726 5639 2946 5703 quadrat,
2988 5647 3040 5686 et
3081 5641 3296 5699 alioquin
3319 5651 3425 5687 cum
3449 5639 3522 5686 bis
3545 5649 3819 5703 repetitur,

2163 5703 2276 5750 hinc
2299 5708 2436 5748 certe
2461 5701 2774 5747 conﬁrmatur
2794 5700 2959 5747 lectio.

2224 5761 2250 5799 «1
2276 5761 2328 5809 In
2353 5761 2456 5820 Reg
2488 5768 2548 5820 et
2570 5759 2715 5806 Savil.
2744 5761 2946 5818 πόλεμον
2966 5759 3124 5806 deest.
3146 5758 3242 5820 Sed
3267 5759 3507 5820 interpr-es
3526 5759 3666 5820 legit.
3697 5762 3816 5812 lhid‘.

2166 5823 2289 5891 ιῇρε.
2311 5827 2362 5868 ει
2387 5818 2535 5891 sgvn.
2559 5820 2762 5891 ageses
2812 5822 2972 5891 εηὶηυς.
2999 5827 3152 5870 recte.
3195 5819 3250 5867 In
3273 5818 3443 5870 iisdem
3465 5818 3597 5881 haec,“
3633 5821 3721 5882 οὐχ
3745 5824 3825 5872 ινα

2173 5879 2343 5935 ἐκεῖνοι
2377 5882 2568 5928 κόλασιν
2604 5881 2765 5940 δῶσιν,
2795 5879 2988 5929 desum.
