4058 6216
240 376 315 430 δε)
1517 356 1582 413 tu
1621 356 1825 413 lSAlAl

1929 356 2063 414 IAP.
2104 358 2167 416 ν.
3443 382 3517 436 66

242 476 374 527 bant
404 488 416 526 :
454 472 555 542 Qui
582 474 773 539 dicunt,
795 473 906 530 Cito
936 474 1339 545 appropinquent
1361 489 1475 542 qua:
1502 476 1734 545 facturus
1757 484 1831 529 est

240 562 404 626 Deus,
430 576 486 617 ut
514 566 789 619 videamus.
819 564 871 617 ld
896 565 1038 634 quod
1068 573 1122 619 et
1145 566 1281 619 alius
1309 564 1564 634 propheta
1592 567 1671 622 eis
1699 566 1829 622 vitio

239 658 400 709 vertit
427 656 642 710 dicens:
677 655 764 710 Va:
783 656 1177 710 desiderantibus
1206 655 1336 708 diem
1365 654 1593 709 Domini.
1620 654 1686 710 Et
1706 658 1835 726 quid

241 748 379 800 vobis
408 748 514 800 lucc
544 746 691 800 dies?
720 746 785 799 Et
815 748 921 800 haec
946 755 1018 801 est
1044 746 1275 812 tenebrae,
1306 763 1409 800 non
1438 747 1561 812 lux,
1591 756 1639 801 et
1665 749 1829 818 caligo

240 853 341 889 non
390 838 575 889 habens
621 837 936 905 splendorem
972 854 1118 891 suum
1152 835 1326 907 (Amos
1370 838 1424 893 5.
1458 837 1542 893 18.
1573 837 1701 908 20).
1733 837 1830 892 Et-

238 927 385 979 enim
427 926 502 979 illi
539 941 753 995 quoque
797 927 1049 981 increduli
1086 926 1331 982 dicebant
1362 944 1376 982 :
1407 927 1628 995 Quando
1657 929 1831 984 veniet

236 1017 353 1070 dies
380 1018 626 1086 supplicii
655 1028 710 1071 et
753 1016 1008 1072 ultionis?
1045 1017 1137 1071 20.
1183 1017 1268 1073 Vw
1297 1018 1382 1088 qui
1425 1019 1601 1073 dicunt
1640 1020 1829 1073 malum

239 1111 445 1175 bonum,
477 1120 522 1163 et
549 1112 729 1163 bonum
757 1110 978 1175 malum;
1005 1110 1093 1180 qui
1115 1121 1307 1179 ponunt
1332 1110 1491 1166 lucem
1517 1111 1761 1179 tenebras,
1782 1122 1831 1167 et

239 1202 467 1254 tenebras
502 1202 696 1267 lucem;
722 1203 806 1270 qui
836 1211 1027 1272 ponunt
1055 1204 1202 1258 dulce
1228 1218 1460 1257 amarum
1480 1244 1494 1268 ,
1524 1212 1570 1258 et
1598 1220 1829 1258 amarum

239 1293 402 1345 dulce.
430 1293 662 1347 Rursum
682 1293 748 1348 de
767 1293 952 1348 iisdem
974 1293 1226 1364 loquitur.
1254 1294 1513 1362 Quoniam
1542 1296 1829 1365 prophetas

236 1383 578 1437 contumeliis
608 1382 895 1438 onerabant
922 1392 975 1438 et
1001 1383 1315 1453 deceptores
1340 1385 1601 1439 vocabant
1626 1404 1638 1439 :
1671 1400 1830 1455 pseu-

236 1473 600 1543 doprophetas
629 1490 755 1530 vero
786 1475 1137 1539 honorabant,
1164 1491 1450 1546 rerumque
1480 1478 1721 1534 ordinem
1747 1479 1828 1533 in-

235 1567 535 1632 vertebant,
561 1567 704 1635 ipsos
731 1568 953 1621 miseros
976 1567 1227 1636 praedicat
1256 1569 1326 1623 ob
1351 1578 1654 1639 corruptum
1680 1570 1826 1640 judi-

233 1658 398 1711 cium.
438 1657 529 1712 Vte
548 1701 563 1725 ,
597 1658 801 1727 inquit,
828 1660 915 1729 qui
942 1660 1114 1713 dicunt
1140 1663 1332 1714 malum
1357 1660 1545 1714 bonum
1567 1701 1582 1724 ,
1611 1661 1663 1716 id
1701 1672 1783 1717 est
1807 1703 1822 1728 ,

234 1748 799 1819 pseudoprophetiam,
828 1759 875 1803 et
900 1749 1085 1804 bonum
1113 1750 1323 1817 malum,
1354 1751 1717 1821 prophetiam;
1743 1753 1828 1822 qui

234 1849 429 1905 ponunt
468 1839 630 1894 lucem
665 1841 923 1908 tenebras,
956 1852 1002 1895 et
1039 1841 1265 1895 tenebras
1294 1841 1488 1908 lucem;
1516 1844 1603 1914 qui
1630 1851 1826 1913 ponunt

234 1929 382 1981 dulce
410 1946 644 1983 amarum
668 1972 683 1998 ,
713 1940 756 1985 et
785 1948 1016 1985 amarum
1044 1932 1211 1987 dulce.
1239 1932 1461 1987 Etiamsi
1490 1934 1629 1987 enim
1656 1934 1825 1989 mole-

234 2028 313 2071 sta
338 2020 447 2073 sint
476 2021 655 2086 verba,
689 2021 877 2092 inquit,
910 2021 1003 2077 sed
1036 2022 1167 2076 nihil
1193 2021 1397 2076 dulcius
1417 2032 1500 2077 est
1525 2023 1824 2094 prophetis,

233 2110 321 2175 qui
346 2111 629 2165 verborum
652 2112 1171 2167 interminationibus
1197 2128 1373 2167 rerum
1393 2114 1824 2183 experimentum

234 2202 527 2269 depellunt.
561 2205 670 2258 Etsi
696 2204 868 2259 dulcia
893 2205 999 2258 sint
1024 2204 1188 2259 verba
1216 2206 1821 2276 pseudoprophetarum,

232 2293 325 2345 sed
359 2292 489 2346 nihil
523 2292 624 2346 illis
652 2295 902 2359 amarius,
930 2295 1020 2364 qui
1048 2310 1142 2365 per
1164 2295 1387 2366 gratiam
1416 2297 1699 2353 verborum
1725 2298 1824 2352 mi-

233 2400 331 2438 nas
364 2384 415 2437 in
446 2400 557 2439 rem
588 2394 641 2438 et
666 2400 825 2453 opera
853 2397 1087 2441 vertunt.

309 2480 362 2532 7.
394 2480 470 2533 En
501 2479 773 2548 prOphetae
798 2480 1133 2548 sapientiam,
1166 2481 1432 2551 quomodo
1458 2482 1671 2536 illorum
1702 2482 1821 2553 opi-

234 2570 449 2623 nionem
479 2572 725 2623 invertat.
759 2569 890 2637 Quia
918 2573 1061 2625 enim
1084 2572 1188 2624 illis
1212 2581 1268 2623 ut
1295 2571 1564 2625 acerbiora
1595 2584 1820 2623 narran-

235 2661 377 2714 tibus
408 2674 513 2712 non
544 2659 928 2724 attendebant;
968 2661 1048 2714 his
1085 2674 1240 2714 secus
1268 2670 1324 2714 ut
1360 2660 1654 2714 mitioribus
1680 2658 1821 2712 mul-

232 2762 449 2820 tamque
465 2750 800 2807 dulcedinem
822 2751 1221 2815 exhibentibus,
1244 2750 1394 2816 dixit,
1417 2767 1529 2805 rem
1552 2752 1821 2806 contrario

230 2856 293 2894 se
316 2841 515 2895 habere
540 2841 721 2906 modo,
745 2839 1072 2910 multamque
1098 2855 1216 2896 esse
1242 2841 1616 2910 prophetarum
1640 2841 1822 2895 dulce-

230 2930 414 2986 dinem
440 2971 458 2997 ,
490 2931 711 2986 multam
749 2930 1335 3001 pseudoprophetarum
1363 2932 1771 2986 amaritudinem
1804 2948 1817 2985 :

230 3023 310 3076 sic
332 3025 493 3077 etiam
518 3023 587 3078 de
612 3023 730 3078 luce
752 3022 891 3078 etde
916 3023 1148 3079 tenebris
1169 3037 1345 3078 sermo
1368 3023 1518 3077 nobis
1546 3022 1821 3077 habendus

230 3121 338 3166 est.
364 3112 493 3166 Nam
522 3112 595 3168 illi
620 3114 686 3167 ad
707 3129 965 3179 errorem,
988 3114 1041 3168 hi
1062 3114 1125 3168 ad
1151 3115 1424 3169 veritatem
1451 3114 1816 3167 deducebant:

228 3214 284 3257 et
315 3203 390 3256 illi
420 3203 633 3273 quidem
659 3206 978 3273 captivitatis
1006 3206 1213 3273 caligini
1246 3219 1434 3257 manus
1464 3203 1628 3257 ferme
1655 3202 1822 3273 ligan-

232 3305 315 3349 tes
342 3295 623 3349 tradebant
645 3336 660 3359 ,
698 3296 750 3348 hi
780 3305 957 3349 autem
1000 3295 1128 3349 nihil
1159 3310 1263 3348 non
1295 3295 1556 3364 agebant,
1588 3309 1644 3347 ut
1673 3295 1721 3347 in
1752 3294 1817 3347 li-

233 3385 458 3440 bertatis
486 3384 656 3439 lucem
692 3385 1039 3440 adducerent.
1073 3385 1333 3452 Quoniam
1366 3400 1492 3453 ergo
1523 3384 1818 3453 oppositam

233 3487 287 3529 ct
319 3490 424 3528 non
458 3484 871 3528 consentaneam
911 3475 978 3529 de
1020 3475 1147 3544 ipsis
1173 3475 1487 3528 sententiam
1518 3473 1818 3537 habebant,

234 3567 353 3637 jure
378 3566 503 3621 illos
528 3567 745 3636 corrigit
771 3566 954 3620 dicens
986 3581 1002 3621 :
1037 3565 1137 3633 Qui
1162 3574 1353 3635 ponunt
1384 3565 1542 3617 lucem
1574 3564 1819 3628 tenebras,

234 3671 279 3714 et
318 3656 550 3712 tenebras
588 3659 770 3711 lucem.
810 3655 903 3711 21.
945 3654 1033 3710 ναι
1070 3656 1151 3723 qui
1179 3656 1507 3725 intelligentes
1544 3663 1657 3708 sunt
1686 3652 1823 3723 apud

234 3751 533 3819 semetipsos
556 3789 571 3815 ,
600 3760 647 3802 et
675 3765 847 3801 corant
872 3764 925 3802 se
961 3748 1187 3802 scientes.
1227 3746 1340 3801 Non
1384 3761 1609 3816 parvum
1640 3754 1692 3799 et
1722 3744 1824 3799 hoc

238 3839 424 3891 vitium
447 3878 463 3904 ,
494 3853 616 3891 cum
643 3837 902 3907 quispiam
925 3851 983 3891 se
1012 3837 1303 3905 sapientem
1330 3845 1477 3904 putat
1500 3876 1515 3901 ,
1544 3844 1596 3889 et
1621 3836 1823 3904 cogita-

236 3931 474 3983 tionibus
495 3930 605 3983 suis
628 3929 806 3983 omnia
832 3928 1106 3999 permittit.
1142 3927 1273 3982 Nam
1304 3927 1428 3982 hinc
1457 3927 1583 3981 illud
1614 3928 1820 3994 oritur;

234 4020 492 4074 nimirum
533 4018 673 4088 quod
700 4019 881 4073 dicant
910 4018 1103 4072 malum
1134 4018 1328 4071 bonum
1355 4058 1369 4083 ,
1399 4026 1452 4071 et
1477 4017 1673 4071 bonum
1714 4032 1825 4069 ma-

239 4111 368 4173 lum,
389 4119 448 4163 et
468 4120 684 4164 cattera.
710 4108 822 4164 Hoc
842 4109 1001 4164 etiam
1024 4108 1217 4162 Paulus
1240 4108 1473 4161 externis
1494 4106 1827 4177 philosophis

236 4202 449 4256 crimini
484 4202 619 4256 dans
645 4202 889 4255 dicebat:
912 4198 1144 4253 Dicentes
1182 4215 1235 4251 se
1260 4200 1508 4267 sapientes
1536 4215 1660 4264 esse,
1687 4198 1827 4251 stulti

237 4295 362 4365 [acti
381 4303 500 4347 sunt
532 4293 706 4361 (Rom.
730 4293 778 4346 l.
796 4291 913 4358 22).
937 4289 1393 4358 Proverbialisque
1418 4304 1595 4343 sermo
1617 4304 1828 4343 rursum

237 4386 317 4439 sic
346 4384 507 4437 habet
528 4399 543 4436 :
581 4380 693 4435 Vidi
718 4382 986 4444 hominem,
1006 4381 1089 4449 qui
1112 4380 1207 4433 sibi
1227 4380 1427 4449 sapiens
1452 4379 1708 4432 videbatur
1723 4394 1831 4432 esse

238 4476 376 4547 apud
402 4476 757 4541 semetipsum;
784 4474 1023 4541 majorem
1047 4488 1192 4538 quant
1216 4470 1304 4524 ille
1328 4486 1467 4539 spem
1484 4471 1628 4523 habet
1648 4469 1828 4523 stultus

240 4570 426 4640 (Prov.
443 4567 536 4623 26.
558 4568 665 4637 l2).
689 4566 799 4620 lloc
816 4566 986 4634 ipsum
1007 4564 1195 4617 iterum
1211 4562 1380 4631 arguit
1402 4561 1596 4615 Paulus
1612 4560 1694 4614 his
1719 4576 1828 4613 ver-

240 4659 322 4713 bis
345 4677 360 4714 :
387 4657 442 4711 Ν
445 4675 472 4710 e
491 4658 598 4711 sitis
624 4656 893 4725 prudentes
912 4653 1049 4722 apud
1068 4653 1391 4720 vosmetipsos
1416 4650 1689 4721 (Rom.l2.
1712 4651 1824 4721 16);

240 4764 302 4802 ac
320 4762 530 4802 rursum
552 4746 635 4799 :Si
653 4745 762 4811 quis
779 4746 829 4795 in
850 4747 985 4795 vobis
1001 4742 1223 4793 videatur
1238 4740 1439 4807 sapiens
1456 4741 1622 4792 essein
1640 4742 1732 4790 Itoc
1743 4753 1829 4791 sae-

240 4844 373 4904 culo,
392 4840 575 4893 stultus
590 4836 701 4905 ﬁat,
714 4843 767 4887 ut
776 4837 841 4888 sit
856 4832 1145 4899 sapiens(l.
1169 4830 1285 4884 Car.
1309 4831 1361 4883 5.
1382 4830 1495 4898 18).
1511 4830 1585 4882 Ne
1603 4829 1828 4897 propria:

242 4930 539 5003 sapientize,
555 4927 743 4996 inquit,
765 4940 935 4995 neque
950 4921 1355 4994 cogitationibus
1374 4920 1483 4975 suis
1497 4920 1639 4981 fidat,
1658 4919 1748 4973 sed
1768 4919 1829 4972 il-

245 5028 323 5081 las
346 5022 667 5092 reprimens,
695 5017 924 5086 Spiritus
947 5015 1201 5070 doctrina:
1226 5012 1457 5065 animum
1482 5009 1670 5064 tradat.
1696 5008 1826 5075 Quia

245 5119 399 5187 igitur
419 5114 557 5184 apud
577 5111 787 5167 Judatos
805 5110 1018 5178 quidam
1038 5114 1189 5161 erant
1204 5102 1524 5174 hujusmodi,
1545 5102 1828 5171 prophetas

243 5202 771 5278 de‘spicientes,quasi
791 5211 1024 5269 pastores
1038 5209 1090 5254 et
1102 5214 1161 5253 ca
1170 5195 1741 5268 prarios,volentesque
1757 5208 1843 5246 sa-

244 5303 451 5372 pientes
470 5300 522 5351 in
545 5294 845 5364 semetipsis
862 5290 1049 5356 videri,
1073 5289 1213 5360 quod
1234 5297 1346 5341 tum
1367 5284 1677 5371 arrogantia:
1700 5282 1827 5351 ipsis

246 5392 457 5445 occasio
483 5398 619 5452 erat,
643 5397 752 5440 tum
776 5392 834 5438 ut
855 5381 953 5436 sibi
972 5381 1107 5436 dicta
1129 5384 1550 5439 contemnerent,
1568 5375 1686 5444 jure
1710 5372 1827 5427 illos

248 5487 387 5549 luget
406 5481 623 5535 dicens:
648 5476 727 5531 Va:
740 5478 825 5547 qui
838 5474 1169 5542 intelligentcs
1184 5466 1826 5540 suntapudsemetipsos,et

246 5578 295 5629 in
315 5583 580 5640 conspectu
608 5587 698 5622 suo
718 5568 943 5622 scientes.
961 5564 1049 5616 2'2.
1068 5562 1156 5616 γω
1176 5561 1260 5631 qui
1283 5562 1432 5631 fortes
1447 5566 1560 5612 sunt
1577 5558 1700 5609 inter
1717 5570 1821 5619 vos,

247 5670 329 5736 qui
351 5668 517 5719 vinum
540 5663 729 5725 bibunt,
750 5661 832 5729 qui
860 5665 1077 5729 potentes
1098 5663 1231 5719 sunt,
1254 5653 1339 5723 qui
1364 5652 1569 5703 miscent
1594 5650 1821 5701 siceram.

245 5759 320 5814 Nc
341 5755 552 5813 mireris
575 5755 617 5808 si
635 5768 752 5809 cum
774 5752 929 5821 paulo
950 5758 1069 5803 ante
1084 5757 1225 5801 tanta
1248 5745 1438 5801 dixerit
1456 5753 1634 5800 contra
1652 5742 1823 5799 ebrie-

1939 484 2122 541 tatem,
2146 489 2330 532 rursus
2348 478 2595 535 eumdem
2622 489 2855 537 resumat
2874 494 3197 543 sermonem.
3220 484 3353 552 Quia
3373 488 3521 543 enim

1934 583 2096 638 grave
2135 570 2286 624 ulcus
2310 578 2464 637 erat,
2496 586 2595 627 nec
2620 572 2881 639 cedebat,
2910 572 3030 627 ideo
3058 574 3184 628 illud
3216 575 3524 646 frequenter

1935 659 2243 730 abstergere
2271 662 2572 731 oportebat.
2612 662 2785 717 Grave
2818 672 2871 718 et
2913 674 3098 719 curatu
3143 664 3359 720 difficile
3389 667 3519 721 illud

1935 759 2016 804 est
2033 792 2049 815 ,
2080 765 2201 804 cum
2231 750 2283 805 id
2311 751 2452 821 quod
2477 753 2656 807 multis
2681 753 2892 809 videtur
2919 770 3024 809 non
3054 769 3175 810 esse
3205 764 3479 823 peccatum
3503 797 3521 821 ,

1933 840 2303 909 gravissimum
2345 850 2521 897 tamen
2576 845 2811 898 omnium
2868 855 2951 901 est
2996 856 3273 914 peccatum
3304 888 3319 911 ,
3374 846 3518 915 quod

1934 940 2215 986 sexcentos
2245 932 2518 1000 ingeneret
2547 933 2781 987 morbos.
2812 934 2937 989 Ideo
2961 937 3037 988 ait
3064 952 3079 989 :
3114 934 3213 1001 Qui
3242 936 3412 987 vinum
3440 937 3519 988 bi-

1934 1022 2091 1091 bunt,
2122 1035 2169 1079 et
2194 1034 2416 1095 potentes
2441 1067 2454 1091 ,
2482 1027 2567 1096 qui
2594 1026 2801 1079 miscent
2830 1026 3061 1079 siceram.
3096 1026 3299 1096 Duplex
3329 1028 3519 1095 pra-ci-

1933 1115 2154 1184 pitium,
2185 1116 2421 1187 tyrannis
2457 1116 2765 1182 ebrietatis,
2804 1125 2858 1170 et
2896 1117 3145 1184 potentia:
3183 1117 3519 1185 magnitudo.

1933 1205 2190 1260 Omnibus
2218 1206 2413 1275 quippe
2440 1204 2745 1260 hominibus
2780 1206 3059 1261 ratiocinio
3087 1216 3169 1261 est
3193 1220 3327 1278 opus
3349 1246 3367 1273 ,
3398 1223 3517 1261 ma-

1932 1296 2075 1350 xime
2106 1311 2234 1350 vero
2260 1296 2322 1351 iis
2346 1295 2435 1365 qui
2464 1295 2517 1349 in
2542 1295 2799 1365 dignitate
2823 1304 2877 1350 et
2906 1296 2955 1349 in
2988 1296 3220 1365 potentia
3254 1306 3413 1362 sunt,
3444 1312 3516 1352 ne

1934 1388 2258 1457 principatus
2282 1399 2508 1452 tumore,
2533 1401 2633 1440 ceu
2660 1386 3025 1441 inundantium
3042 1402 3297 1456 aquarum
3317 1389 3520 1456 impetu

1932 1478 2230 1547 praecipites
2256 1486 2496 1547 agantur.
2519 1477 2610 1531 25.
2645 1477 2744 1542 Qui
2760 1478 3046 1548 justiﬁcant
3070 1478 3281 1547 impium
3308 1487 3518 1548 propter

1931 1585 2156 1633 munera,
2187 1578 2233 1621 et
2252 1569 2344 1639 jus
2359 1568 2486 1638 justi
2513 1568 2694 1621 tollunt
2722 1569 2785 1620 ab
2815 1568 2925 1620 illo.
2957 1567 3162 1636 Duplex
3194 1582 3378 1622 rursus
3405 1570 3514 1623 cri-

1928 1676 2050 1715 men
2080 1660 2271 1727 offert,
2294 1659 2434 1731 quod
2472 1674 2620 1715 reum
2648 1659 2948 1727 dimittant,
2976 1668 3029 1713 et
3057 1659 3200 1729 quod
3228 1659 3514 1717 innoxium

1928 1750 2305 1805 condemnent.
2352 1748 2639 1819 Utriusque
2684 1750 2887 1819 peccati
2929 1749 3080 1804 radix
3125 1758 3250 1805 sunt
3292 1762 3515 1821 accepta

1927 1856 2168 1897 munera.
2197 1844 2286 1899 24.
2316 1842 2443 1898 Ideo
2470 1842 2890 1915 quemadmodum
2914 1846 3241 1897 succendetur
3267 1844 3457 1913 stipula
3481 1862 3519 1899 α

1926 1936 2142 1991 carbone
2164 1936 2315 2006 ignis,
2344 1946 2390 1991 et
2414 1936 2739 1991 succendetur
2760 1952 2792 1989 a
2818 1937 3028 2007 ﬂamma
3051 1952 3281 1989 accensa.
3309 1935 3517 1991 Celeri-

1929 2036 2086 2082 tatem
2106 2027 2318 2082 ultionis
2333 2039 2386 2083 et
2405 2027 2710 2084 facilitatem
2734 2027 2975 2083 sumendi
2999 2028 3244 2097 supplicii
3271 2028 3508 2096 exhibet,

1926 2128 2220 2197 extremam
2245 2119 2455 2173 illorum
2477 2119 2764 2189 perniciem
2796 2118 3025 2188 imagine
3051 2118 3380 2187 exprimens.

1996 2210 2049 2265 8.
2092 2209 2216 2265 llaec
2241 2211 2435 2281 quippe
2454 2213 2631 2265 omnia
2655 2211 2887 2275 flamma,
2918 2209 3199 2277 carbones,
3230 2211 3421 2280 stipula
3455 2220 3512 2266 et

1927 2316 2044 2371 qua:
2089 2313 2383 2371 sequuntur
2422 2302 2575 2357 nobis
2616 2302 2870 2357 indicant.
2920 2301 3093 2357 Radix
3144 2320 3316 2356 eorum
3364 2305 3512 2368 quasi

1926 2394 2088 2464 pulvis
2117 2395 2238 2460 erit,
2285 2403 2333 2448 et
2372 2397 2468 2464 ﬂos
2496 2411 2668 2448 eorum
2699 2394 2842 2461 quasi
2885 2394 3049 2463 pulvis
3090 2396 3343 2446 ascendet.
3380 2395 3510 2461 Quas

1925 2483 2029 2537 fixa
2058 2493 2181 2538 sunt
2210 2494 2263 2539 et
2292 2485 2438 2537 firma
2466 2484 2729 2551 peribunt,
2762 2500 2881 2551 qua:
2905 2484 3181 2551 splendida
3231 2484 3515 2540 effunden-

1925 2583 2029 2639 tur,
2058 2591 2177 2645 quae
2204 2577 2324 2631 laeta
2360 2576 2581 2629 abibunt
2610 2585 2663 2630 et
2705 2574 2967 2630 difﬂuent.
3012 2575 3134 2629 Non
3175 2578 3306 2630 enim
3336 2580 3511 2632 volue-

1923 2676 2039 2718 runt
2069 2667 2224 2737 legem
2255 2666 2458 2720 Domini
2483 2666 2710 2722 Sabaoth
2740 2670 2926 2737 facere,
2958 2668 3048 2721 sed
3069 2666 3323 2731 eloquium
3351 2672 3512 2723 sancti

1924 2765 2366 2826 exasperaverunt.
2400 2756 2683 2826 Eloquium
2705 2766 2861 2810 vocat
2897 2757 3090 2826 legem.
3118 2757 3206 2812 25.
3246 2757 3315 2810 Et
3352 2759 3512 2812 iratus

1924 2858 1995 2903 est
2013 2852 2185 2921 furore
2205 2847 2453 2902 Dominus
2479 2847 2707 2902 Sabaoth
2734 2847 2785 2901 in
2822 2848 3064 2917 papulum
3086 2864 3231 2901 suum
3264 2864 3283 2902 :
3303 2859 3349 2901 et
3374 2847 3511 2920 inje-

1923 2944 1989 2995 cit
2016 2958 2219 2995 manum
2247 2958 2388 2995 suam
2410 2943 2463 2995 in
2483 2958 2586 3007 eos,
2618 2951 2664 2994 et
2705 2942 2946 3012 percussit
2966 2957 3064 2994 eos.
3100 2939 3162 2991 Et
3188 2942 3511 2994 exacerbatus

1923 3042 1996 3086 est
2032 3033 2273 3086 adversus
2322 3042 2549 3097 montes,
2596 3041 2645 3086 et
2677 3032 2815 3101 facta
2860 3039 2979 3083 sunt
3031 3031 3299 3083 morticina
3338 3047 3511 3083 eorum

1921 3124 2065 3190 quasi
2088 3132 2278 3175 stercus
2317 3122 2369 3173 in
2396 3121 2558 3174 medio
2600 3121 2712 3174 vite.
2748 3120 2818 3172 Et
2858 3121 2910 3172 in
2950 3120 3178 3172 onmibus
3207 3120 3285 3171 Itis
3311 3136 3411 3172 non
3434 3129 3508 3173 est

1923 3230 2122 3266 aversus
2152 3213 2295 3281 furor
2320 3214 2434 3284 ejus
2464 3226 2484 3266 .'
2502 3212 2591 3265 sed
2608 3211 2779 3263 adhuc
2801 3226 2982 3265 manus
3007 3210 3117 3280 ejus
3131 3209 3348 3263 excelsa.
3397 3212 3509 3266 lloc

1923 3306 2041 3360 loco
2084 3306 2279 3361 bellum
2327 3319 2488 3375 grave
2518 3305 2533 3336 ¹
2561 3303 2879 3367 subindicat,
2928 3303 2979 3355 in
3023 3319 3128 3371 quo
3172 3318 3238 3357 ne
3284 3318 3511 3371 corpora

1923 3397 2134 3466 quidem
2180 3395 2392 3465 sepeliri
2438 3403 2704 3464 poterunt,
2738 3409 2845 3447 non
2883 3401 2941 3447 ut
2984 3392 3059 3447 illi
3090 3407 3274 3461 pmnas
3306 3393 3433 3447 dent
3462 3396 3508 3461 ',

1924 3488 2018 3543 sed
2046 3496 2099 3542 ut
2122 3488 2208 3558 qui
2237 3487 2415 3541 vivent
2444 3486 2631 3541 alienis
2652 3485 2805 3540 malis
2844 3483 3057 3539 abducti
3086 3483 3285 3554 aliquid
3312 3485 3509 3539 saltem

1925 3580 1992 3634 de
2018 3579 2253 3649 nequitia
2306 3577 2599 3633 succidant.
2642 3579 2720 3630 Ac
2745 3573 2868 3631 vide
2893 3574 3163 3645 quomodo
3185 3576 3508 3630 atrociorem

1926 3671 2217 3727 reddiderit
2246 3685 2567 3726 sermonem.
2589 3668 2703 3724 Non
2747 3668 2889 3723 enim
2930 3668 3089 3732 dixit,
3118 3683 3222 3720 non
3269 3669 3509 3737 sepultos

1927 3764 2112 3829 fuisse,
2141 3763 2235 3818 sed
2258 3763 2517 3818 cadavera
2545 3760 2859 3830 abjectiora,
2888 3774 3046 3829 quam
3073 3769 3284 3813 stercus
3312 3760 3509 3826 ipsum,

1927 3856 2087 3911 modo
2109 3855 2345 3924 projecta
2385 3868 2505 3908 esse
2532 3870 2547 3907 :
2572 3851 2711 3922 quod
2741 3850 3040 3905 viventibus
3066 3850 3304 3902 omnium
3339 3852 3511 3904 horri-

1929 3949 2243 4002 bilissimum
2292 3959 2411 3999 esse
2465 3944 2706 4008 videtur,
2756 3950 2811 3995 et
2856 3941 2971 4009 ipsa
3019 3950 3191 3994 morte
3243 3941 3509 3994 acerbius.

1927 4039 2078 4105 Quod
2107 4053 2229 4092 vero
2255 4036 2403 4105 pejus
2426 4042 2524 4099 est,
2547 4048 2613 4087 ne
2631 4033 2712 4087 his
2741 4031 2956 4102 quidem
2986 4032 3055 4085 ita
3083 4045 3144 4086 se
3169 4029 3510 4097 habentibus,

1930 4131 2119 4201 inquit,
2147 4129 2533 4184 moderatiores
2563 4126 2690 4180 facti
2713 4132 2868 4190 sunt;
2907 4124 3001 4179 sed
3035 4124 3087 4177 in
3117 4123 3305 4178 iisdem
3339 4123 3512 4191 persi.

1929 4234 2096 4279 stunt.
2123 4223 2255 4290 Quia
2283 4222 2442 4290 igitur
2487 4233 2593 4273 non
2636 4216 2887 4272 meliores
2910 4223 3227 4279 evaserunt,
3277 4214 3516 4267 minatur

1930 4334 2140 4374 rursum
2184 4316 2285 4370 illis
2314 4312 2682 4386 gravissimam
2712 4310 2856 4365 illam
2888 4309 3239 4361 barbarorum
3278 4304 3511 4373 plagam.

1931 4408 2286 4476 Quamobrem
2315 4404 2486 4474 pergit
2506 4403 2690 4456 dicens
2719 4416 2734 4452 :
2764 4398 2855 4451 26.
2882 4396 3053 4465 Igitur
3085 4393 3270 4447 levabit
3310 4392 3514 4462 signum

1929 4502 1983 4555 in
2008 4497 2291 4553 nationibus
2321 4492 2516 4564 procul.
2558 4489 2636 4543 Ne
2672 4488 2772 4541 vite
2809 4484 3083 4554 longitudo
3126 4483 3178 4535 iIt
3227 4484 3512 4551 segnitiem

1932 4592 2050 4647 illos
2079 4587 2341 4655 conjiciat,
2370 4582 2442 4635 ait
2460 4582 2527 4634 ita
2555 4578 2712 4632 facile
2739 4590 2896 4646 posse
2912 4576 3074 4629 Deum
3101 4571 3512 4638 illosinducere,

1932 4694 1991 4738 ut
2020 4681 2172 4735 facile
2203 4686 2282 4731 est
2309 4678 2483 4729 levare
2511 4672 2743 4741 signum,
2773 4677 2827 4723 et
2854 4682 2947 4721 eos
2967 4666 3059 4737 qui
3087 4664 3328 4719 adornati
3357 4680 3512 4734 para-

1933 4777 2074 4844 tique
2102 4779 2225 4825 sunt
2254 4768 2482 4824 educere
2509 4766 2561 4820 in
2589 4764 2785 4826 aciem,
2814 4759 2954 4830 quod
2983 4760 3164 4829 utique
3192 4757 3251 4812 fit
3276 4757 3326 4811 in
3360 4758 3507 4826 equis

1930 4869 1994 4923 ad
2020 4864 2330 4924 certandum
2360 4858 2656 4915 instructis.
2706 4852 2875 4911 Simul
2922 4854 3064 4906 enim
3109 4860 3269 4917 atque
3299 4850 3511 4917 signum

1930 4955 2231 5014 emissionis
2256 4955 2306 5008 in
2338 4950 2566 5005 sublime
2613 4946 2831 5016 erigitur
2850 4984 2863 5008 ,
2888 4957 2953 4996 ex
2980 4938 3285 4993 carceribus
3332 4939 3514 4993 confe-

1931 5052 2053 5106 sﬁm
2084 5049 2156 5102 illi
2188 5044 2456 5101 exsiliunt.
2483 5038 2742 5107 Propheta
2774 5035 2931 5103 igitur
2958 5030 3064 5084 duo
3083 5029 3167 5082 hic
3190 5028 3509 5096 subindicat,

1932 5144 2085 5198 facile
2112 5154 2301 5207 nempe
2326 5150 2443 5189 esse
2466 5147 2557 5186 cos
2584 5127 2840 5182 accedere
2881 5124 2987 5177 Deo
3031 5128 3277 5187 vocante.
3306 5128 3360 5175 οι
3405 5122 3512 5189 iam

1932 5236 2058 5289 olim
2086 5243 2337 5287 venturos
2381 5224 2564 5286 fuisse,
2620 5217 2720 5271 nisi
2757 5231 2848 5270 eos
2894 5215 3077 5282 ingens
3119 5212 3214 5266 Dei
3264 5212 3511 5279 patientia

1932 5324 2262 5380 detinuisset.
2294 5312 2492 5371 Deinde
2530 5312 2669 5364 inter
2700 5303 3023 5360 narrandum
3069 5303 3325 5371 majorem
3364 5304 3509 5357 exhi-

1932 5418 2021 5471 bct
2058 5413 2359 5468 facilitatem
2403 5404 2583 5458 dicens
2614 5419 2627 5454 :
2657 5396 2728 5452 Et
2772 5397 2987 5450 sibilavit
3057 5412 3139 5449 eos
3178 5396 3240 5448 ab
3281 5408 3505 5451 exn-enm

1933 5520 2096 5561 terrai.
2125 5502 2202 5556 Ne
2228 5496 2436 5552 mireris
2462 5504 2638 5548 autem
2668 5487 2735 5544 de
2764 5488 2873 5543 Deo
2912 5488 3213 5558 loquentem
3247 5486 3320 5538 ita
3363 5503 3510 5541 cras-

1994 5619 2010 5650 ¹
2046 5617 2099 5664 ln
2125 5623 2239 5676 Reg.
2267 5616 2318 5660 et
2347 5607 2488 5659 savii.
2522 5606 2721 5669 legitur,
2754 5601 2939 5665 aliquid
2971 5610 3133 5663 grave,
3181 5610 3285 5658 pro,
3340 5593 3511 5645 bellum

1930 5693 2171 5803 wivﬁ'mc,
2193 5750 2283 5788 non
2306 5742 2353 5786 ut
2376 5732 2447 5786 illi
2470 5743 2634 5794 petitas
2662 5734 2789 5791 dent,
2813 5728 2989 5778 desunt
3020 5722 3069 5769 in
3095 5727 3210 5780 RCB-
3233 5724 3284 5767 οι
3321 5719 3472 5769 53V“-
