4058 6216
573 380 645 436 67
1273 359 1332 416 s.
1369 358 1644 416 JOANNIS
1679 349 2148 411 cnnrsosrout
2187 351 2500 410 ARCIIILP.
2540 355 3070 418 CONSTANTINOP.
3746 381 3818 434 68

573 479 796 537 sissimis
824 479 899 534 uti
928 478 1106 534 verbis
1139 493 1152 528 :
1185 491 1306 530 nam
1338 472 1630 529 secundum
1665 467 2138 538 insipientiam'au-

572 569 804 622 ditorum
841 568 1001 622 verba
1026 572 1363 634 attemperat,
1396 576 1559 616 unum
1587 561 1668 614 his
1687 557 1935 612 omnibus
1970 554 2147 611 decla-

574 673 696 713 rare
719 658 927 723 volens,
950 656 1002 711 id
1025 669 1215 723 nempe
1243 655 1352 707 Deo
1372 651 1528 707 facile
1554 665 1694 716 esse,
1712 657 1763 703 et
1793 662 1905 702 rem
1928 660 2145 716 prorsus

575 756 922 812 eventuram;
955 745 1076 800 ideo
1101 744 1374 813 subjunxit
1403 761 1417 796 :
1447 743 1516 796 Et
1541 757 1651 794 ecce
1676 743 1774 792 cito
1799 739 2029 792 velociter
2060 753 2145 790 oe-

575 836 839 890 nient.27.
871 834 994 888 Non
1042 835 1280 896 esurient,
1320 848 1476 902 neque
1502 827 1812 892 laborabunt,
1843 842 1999 896 neque
2029 826 2147 880 dor-

575 927 840 980 mitabunt.
867 925 992 981 Haec
1021 924 1359 996 hyperbolice
1377 931 1498 975 sunt
1523 920 1682 974 dicta.
1705 917 1982 986 Quomodo
2001 918 2145 972 enim

573 1015 689 1070 fleri
718 1024 930 1085 poterat
967 1023 1029 1070 ut
1075 1029 1245 1084 neque
1287 1013 1569 1074 esurirent,
1617 1024 1789 1080 neque
1829 1007 2142 1070 dormirent,

574 1107 822 1163 homines
840 1122 964 1162 cum
992 1113 1172 1161 essent
1193 1144 1208 1170 ,
1253 1115 1698 1170 communemque
1741 1107 1940 1154 naturae
1964 1096 2146 1152 condi-

575 1197 775 1253 tionem
826 1196 1000 1251 sortiti
1051 1193 1266 1250 essent?
1316 1191 1420 1248 Sed
1472 1191 1806 1246 velocitatem
1857 1189 2141 1256 exercitus,

574 1286 905 1354 facilitatem,
926 1285 1272 1346 celeritatem,
1299 1291 1360 1338 ut
1377 1282 1487 1352 jam
1508 1281 1635 1347 dixi,
1661 1280 1744 1336 his
1778 1279 2023 1336 omnibus
2051 1278 2146 1336 de-

575 1388 862 1436 monstrat.
909 1377 1089 1448 Neque
1122 1377 1311 1431 solvent
1345 1391 1499 1428 sonas
1541 1389 1661 1428 suas
1692 1390 1725 1426 a
1758 1372 1935 1426 lumbis
1965 1371 2071 1426 suis
2099 1372 2140 1438 ⁸,

577 1485 733 1540 neque
777 1468 1150 1536 disrumpentur
1201 1465 1430 1536 corrigiae
1466 1464 1912 1517 calceamentorum
1950 1477 2139 1515 eorum.

573 1557 667 1614 28.
693 1557 918 1624 Quorum
936 1557 1132 1626 sagitta:
1157 1564 1319 1609 acuta
1342 1563 1477 1618 sunt,
1494 1563 1542 1607 et
1563 1569 1712 1607 arcus
1739 1567 1912 1606 eorum
1934 1551 2142 1606 extenti.

579 1647 746 1703 Pedes
774 1661 1014 1716 equorum
1062 1661 1235 1699 eorum
1262 1653 1318 1698 ut
1359 1644 1524 1699 solida
1561 1652 1702 1712 petra
1739 1641 1958 1712 reputati
1990 1651 2143 1710 sunt,

574 1747 702 1792 rotat
722 1751 960 1790 curruum
995 1750 1166 1790 eorum
1200 1743 1256 1788 ut
1287 1733 1537 1803 procella.
1563 1732 1652 1789 29.
1681 1732 1882 1803 Impetu
1918 1732 2146 1801 feruntur

575 1839 633 1885 ut
655 1830 843 1895 leones,
867 1837 916 1882 et
943 1827 1240 1882 adstiterunt
1262 1836 1316 1879 ut
1339 1825 1494 1879 catuli
1516 1824 1736 1878 leonum.
1768 1823 1836 1878 Et
1866 1826 2146 1894 apprehen-

576 1919 682 1988 det,
707 1928 755 1974 et
780 1917 1016 1974 clamabit
1051 1917 1196 1987 quasi
1231 1916 1360 1986 fera,
1391 1925 1438 1970 et
1479 1917 1676 1986 ejiciet;
1711 1924 1759 1969 et
1793 1931 1896 1970 non
1932 1915 2025 1969 erit
2060 1916 2147 1986 qui

575 2009 748 2065 liberet
774 2025 878 2063 eos.
905 2007 996 2063 30.
1027 2007 1095 2062 Et
1109 2007 1343 2061 clamabit
1372 2015 1577 2075 propter
1602 2021 1686 2060 eos
1707 2007 1761 2060 in
1780 2005 1861 2060 die
1884 2006 1996 2073 ala,
2016 2007 2146 2061 sicut

575 2115 673 2156 eoa:
689 2101 841 2156 maris
863 2099 1136 2155 tenuantis.
1162 2096 1232 2153 Et
1253 2098 1494 2168 aspicient
1513 2097 1568 2151 in
1585 2097 1762 2151 calum
1783 2113 2002 2164 sursum,
2027 2097 2146 2151 etin

575 2200 763 2245 terram
789 2190 1026 2244 deorsum
1053 2204 1074 2243 :
1101 2197 1149 2242 et
1174 2204 1286 2242 ecce
1305 2187 1518 2241 tenebris
1543 2187 1708 2252 dum,
1739 2187 1952 2241 tenebris
1974 2188 2028 2240 in
2046 2203 2144 2241 an-

575 2280 743 2349 gustia
764 2295 956 2333 eorum.
990 2278 1146 2333 Hisce
1173 2278 1419 2332 omnibus
1440 2291 1740 2332 sermonem
1770 2277 2140 2347 amplificavit,

575 2379 633 2426 et
671 2373 914 2426 timorem
959 2371 1126 2437 auxit,
1158 2370 1459 2425 minutatim
1505 2370 1710 2440 singula
1755 2384 2032 2439 enarrans,
2077 2371 2145 2427 de

577 2461 815 2524 decreto,
842 2462 910 2516 de
936 2459 1262 2526 fortitudine,
1291 2461 1358 2515 de
1382 2460 1563 2525 armis,
1586 2460 1654 2515 de
1675 2461 1846 2530 equis,
1865 2460 1931 2516 de
1973 2461 2143 2516 curri-

576 2553 698 2619 bus,
729 2552 800 2606 ita
837 2561 896 2606 ut
937 2551 1200 2607 dictorum
1249 2553 1587 2608 multitudine
1635 2567 1878 2623 magnam
1926 2553 2148 2610 inferret

576 2641 918 2707 anxietatem,
943 2649 994 2695 et
1016 2641 1303 2711 imaginum
1331 2643 1571 2698 claritate
1593 2657 1678 2697 res
1703 2657 1867 2712 prope
1896 2644 1994 2700 sub
2021 2659 2148 2700 ocu-

578 2730 662 2785 los
699 2739 899 2800 ageret.
942 2730 1067 2785 ldeo
1105 2731 1344 2785 leonibus
1386 2731 1508 2784 illos
1544 2741 1850 2799 comparat,
1891 2746 2064 2803 neque
2091 2734 2149 2789 in

579 2819 683 2875 hoc
709 2821 953 2889 exemplo
973 2819 1223 2885 substitit,
1257 2819 1352 2875 sed
1376 2820 1582 2891 efﬁngit
1608 2835 1788 2875 vocem
1811 2832 1865 2876 et
1892 2823 2144 2891 impetum

578 2909 730 2977 ferte,
757 2911 916 2980 inque
941 2911 1253 2980 metaphora
1275 2909 1490 2977 insistit,
1515 2908 1785 2980 multaque
1821 2911 1984 2965 utitur
2008 2912 2145 2981 ligu-

579 3010 693 3057 rata
720 3000 977 3057 dictione.
990 3000 1122 3055 llinc
1137 3001 1202 3054 ad
1220 3015 1365 3055 mare
1381 3014 1680 3055 sermonem
1697 2999 1940 3066 traducit,
1963 3000 2146 3057 dicens

581 3103 785 3148 tantum
804 3092 916 3148 fore
936 3092 1234 3155 tumultum,
1260 3101 1454 3146 tantam
1472 3092 1935 3162 perturbationem,
1952 3102 2146 3162 quanta

579 3184 740 3240 fuerit
759 3184 1055 3240 insaniente
1083 3193 1138 3239 et
1159 3192 1415 3239 aestuante
1436 3183 1621 3253 pelago
1646 3200 1661 3236 :
1689 3198 1752 3239 ac
1779 3185 1952 3240 modis
1973 3185 2145 3240 omni-

578 3275 680 3330 bus
706 3276 964 3330 annititur
990 3284 1048 3328 ut
1071 3285 1269 3329 metum
1289 3283 1498 3344 augeat,
1516 3283 1574 3328 ut
1592 3273 1669 3328 illi
1695 3289 1800 3328 non
1821 3283 2011 3345 egeant
2035 3276 2146 3345 ipsa

579 3379 761 3420 rerum
789 3364 1144 3433 experientia.
1173 3363 1429 3432 Quodque
1452 3363 1661 3432 gravius
1688 3371 1790 3427 est,
1811 3380 1969 3419 nemo
1991 3366 2146 3419 adfu-

579 3463 730 3510 turus
755 3463 857 3521 est,
876 3453 1066 3524 inquit,
1097 3468 1268 3523 neque
1293 3469 1358 3508 ex
1387 3461 1546 3519 terra,
1573 3467 1744 3523 neque
1762 3468 1827 3508 ex
1853 3453 2024 3519 caelis;
2053 3454 2146 3511 sed

578 3542 817 3598 destituti
856 3557 1089 3613 superno
1116 3542 1343 3606 auxilio,
1375 3549 1430 3596 et
1457 3550 1664 3596 terrena
1703 3556 1834 3612 ope,
1879 3541 2153 3600 tradentur

580 3633 846 3689 hostibus.
867 3633 1138 3689 Tenebras
1161 3645 1336 3688 autem
1362 3633 1448 3688 hic
1471 3631 1598 3688 dicit
1617 3647 1730 3700 eas,
1764 3647 1882 3704 qua:
1903 3647 1966 3689 ex
2002 3631 2145 3688 cala-

586 3725 772 3780 mitate
802 3725 929 3793 ipsis
954 3723 1203 3779 immissae
1233 3732 1386 3787 sunt,
1410 3738 1516 3778 non
1545 3723 1685 3793 quod
1713 3723 1842 3778 radii
1865 3723 1993 3780 solis
2019 3722 2148 3779 sub-

580 3813 672 3868 lati
706 3821 908 3880 essent,
941 3813 1036 3869 sed
1075 3813 1214 3884 quod
1239 3829 1335 3883 pro
1357 3813 1547 3868 aliectu
1575 3812 1884 3882 patientium
1911 3813 1964 3868 in
1983 3814 2148 3870 meri~

583 3903 672 3960 die
697 3904 770 3959 illi
797 3919 894 3975 pro
933 3904 1053 3960 luce
1099 3905 1345 3961 tenebras
1376 3904 1605 3959 viderint
1634 3923 1650 3959 :
1680 3903 1732 3959 id
1757 3904 1899 3974 quod
1924 3905 2025 3960 illis
2057 3904 2150 3976 qui

581 3994 767 4051 dolore
786 4004 840 4050 et
871 3995 1122 4050 (erumnis
1152 4006 1462 4065 premuntur
1485 3997 1794 4066 contingere
1819 3995 1973 4051 solet.
2003 3997 2069 4051 Et
2095 4003 2153 4052 ut

580 4087 756 4142 discas
783 4100 888 4141 non
907 4101 975 4142 ex
995 4097 1179 4141 natura
1227 4089 1370 4142 aeris
1398 4088 1643 4143 tenebras
1677 4088 1987 4158 provenisse
2009 4130 2024 4154 ,
2055 4087 2150 4143 sed

579 4190 648 4231 es
677 4175 889 4230 illorum
913 4174 1124 4243 affectu,
1155 4175 1348 4245 adjecit
1374 4194 1387 4230 :
1421 4177 1656 4232 Tenebris
1683 4179 1823 4233 dura
1845 4179 1897 4232 in
1920 4180 2152 4250 angustia

580 4282 770 4322 ιοηνη.

1189 4377 1410 4435 CAPUT
1449 4378 1537 4433 Vl.

655 4490 708 4544 1.
751 4488 818 4543 Et
843 4493 1034 4560 factum
1057 4499 1134 4544 est
1153 4491 1206 4544 in
1233 4507 1388 4556 anno,
1414 4506 1512 4560 quo
1533 4498 1757 4543 mortuus
1786 4505 1878 4544 rea:
1909 4489 2081 4546 Ozias.

661 4619 710 4673 1.
753 4617 858 4674 Cur
891 4629 1086 4675 caetera
1132 4623 1306 4676 omnia
1333 4632 1568 4694 tempora
1613 4639 1642 4677 a
1685 4624 1791 4679 vita
1820 4640 2027 4694 regum,
2054 4624 2156 4680 hoc

586 4720 763 4766 autem
790 4720 1008 4764 amorte
1055 4727 1192 4766 nunc
1219 4715 1475 4782 propheta
1506 4717 1694 4772 notat?
1719 4717 1832 4771 Non
1869 4718 2008 4774 enim
2035 4718 2106 4771 ait
2137 4733 2152 4771 :

587 4801 806 4856 Factum
837 4809 918 4856 est
945 4801 996 4855 in
1019 4800 1204 4856 diebus
1230 4800 1391 4867 Oziae,
1422 4818 1550 4869 non,
1578 4814 1831 4873 regnante
1857 4805 1981 4861 Ozia
2000 4848 2013 4870 ,
2039 4807 2154 4872 sed,

587 4890 809 4946 Factum
864 4899 945 4945 est
989 4905 1110 4944 cum
1159 4898 1398 4944 mortuus
1438 4899 1538 4944 est.
1585 4891 1718 4958 Quid
1765 4909 1892 4961 ergo
1925 4896 2035 4948 vult
2073 4894 2158 4950 hic

592 4981 787 5052 agere?
813 4981 925 5035 Non
958 4990 1192 5047 temere,
1225 4995 1322 5034 nec
1352 4979 1567 5034 fortuito
1611 4981 1695 5033 hic
1732 4983 1869 5048 agit;
1902 4983 1994 5037 sed
2034 4983 2158 5050 quid

591 5089 842 5129 arcanum
867 5073 1019 5129 nobis
1044 5071 1369 5128 subindicat.
1407 5072 1540 5138 Quid
1577 5071 1703 5125 illud
1725 5072 1842 5125 est?
1869 5072 1963 5126 llic
2006 5073 2159 5127 Ozias

593 5178 656 5216 ex
681 5163 841 5218 rebus
888 5164 1159 5233 gestisque
1203 5165 1470 5232 prosperis
1492 5161 1690 5227 ebrius,
1719 5171 1772 5216 et
1798 5161 2048 5216 felicitate
2078 5164 2159 5215 in-

595 5251 770 5318 ﬂatus,
800 5256 969 5320 majus
997 5255 1262 5323 quidpiam
1291 5270 1447 5323 quam
1477 5269 1568 5308 sua
1607 5254 1833 5323 dignitas
1853 5253 2056 5309 ferebat
2080 5255 2160 5307 af-

594 5343 808 5397 fectavit
830 5343 905 5407 (4.
930 5342 1056 5413 Reg.
1087 5346 1171 5400 l5.
1196 5346 1257 5408 2;
1279 5345 1330 5399 2.
1350 5345 1528 5399 Paral.
1552 5345 1663 5416 26).
1695 5346 1758 5398 Et
1778 5347 1897 5414 quia
1915 5360 2001 5400 rex
2025 5353 2162 5413 erat,

599 5435 800 5504 putavit
832 5433 928 5488 sibi
958 5444 1279 5503 competere,
1305 5448 1361 5490 ut
1386 5438 1684 5492 sacerdotio
1723 5437 2055 5508 fungeretur,
2080 5437 2162 5491 in-

673 5587 690 5618 ι
713 5585 845 5643 Haec,
879 5597 910 5633 a
943 5582 1114 5643 lumbis
1151 5580 1250 5630 suis
1281 5581 1404 5643 (ἀπὸ
1432 5587 1512 5637 τῆς
1535 5581 1708 5643 ὀσφύος
1745 5582 1940 5643 αὐτῶν),
1986 5583 2164 5632 desunt

610 5641 1105 5708 inultegfetrSavil;
1148 5644 1232 5690 sed
1271 5641 1517 5708 habentur
1559 5641 1611 5689 in
1653 5643 1821 5690 Morel.
1858 5641 1910 5693 et
1942 5646 1992 5692 in
2020 5650 2162 5693 textu

611 5703 818 5768 Biblico,
843 5713 896 5755 et
922 5707 1045 5754 lecta
1083 5712 1194 5755 sunt
1217 5716 1243 5751 a
1271 5703 1537 5751 'l‘ilmanno.

2255 465 2384 520 siliit
2413 467 2464 521 in
2489 473 3051 543 temp!um,ingressus
3071 487 3153 532 est
3178 478 3228 533 in
3256 492 3435 535 sancta
3470 490 3772 538 sanctorum
3791 525 3810 548 ,

2247 565 2302 611 et
2321 557 2613 615 reluctante
2637 564 2934 630 sacerdote,
2970 577 3127 636 atque
3157 569 3448 639 ingressum
3479 572 3600 627 illuc
3627 575 3810 642 prohi-

2248 643 2426 712 bente,
2475 663 2579 703 non
2633 652 2749 706 tulit
2787 653 2897 718 ille,
2925 655 3016 710 sed
3064 658 3115 710 in
3156 662 3383 714 amentia
3427 666 3806 730 perseveravit,

2247 751 2462 805 parvam
2508 742 2801 797 sacerdotis
2840 745 3096 801 rationem
3136 747 3352 803 habens.
3387 751 3465 805 Ob
3492 761 3688 806 tantam
3716 755 3814 807 im-

2247 825 2551 893 pudentiam
2583 829 2802 886 immisit
2831 832 2902 887 illi
2921 834 3059 889 Deus
3089 837 3288 905 lepram
3315 839 3366 891 in
3396 839 3648 896 frontem.
3676 842 3810 896 Cum

2246 913 2387 968 enim
2416 917 2690 986 majorem,
2719 935 2874 990 quam
2902 925 3000 979 sibi
3023 938 3366 995 competeret,
3400 931 3658 987 honorem
3683 936 3814 988 alie-

2245 1013 2436 1074 ctaret,
2462 1010 2530 1063 ab
2554 1009 2643 1065 illo
2663 1013 2822 1067 etiam
2846 1030 3002 1084 quem
3032 1018 3254 1074 habebat
3278 1023 3488 1076 excidit.
3509 1023 3623 1077 Non
3651 1025 3815 1080 modo

2246 1097 2388 1152 enim
2408 1099 2759 1157 sacerdotium
2789 1119 2893 1160 non
2919 1111 3143 1178 accepit,
3173 1111 3266 1165 sed
3297 1112 3597 1171 immundus
3623 1117 3811 1182 factus,

2245 1203 2467 1278 aregno
2491 1195 2653 1250 etiam
2693 1198 2943 1265 expulsus
2963 1209 3063 1262 est,
3095 1216 3158 1256 ac
3196 1219 3289 1272 per
3322 1185 3478 1260 omne
3519 1217 3725 1278 tempus
3761 1209 3813 1262 in

2243 1277 2406 1336 domo
2423 1282 2649 1353 quadam
2673 1287 2908 1342 occultus
2938 1288 3227 1359 habitabat,
3255 1295 3396 1364 quod
3423 1277 3674 1366 pudorem
3707 1315 3812 1352 non

2244 1366 2432 1426 ferret.
2460 1370 2691 1442 Populus
2713 1392 2923 1448 quoqne
2947 1381 3117 1435 omnis
3149 1384 3201 1436 in
3223 1393 3426 1452 partem
3459 1390 3575 1443 talis
3599 1390 3815 1443 ultionis

2245 1469 2466 1516 vocatus
2485 1473 2590 1528 est,
2619 1466 2740 1534 quia
2769 1467 2913 1538 leges
2938 1469 3028 1524 Dei
3051 1470 3384 1540 despexerat,
3405 1486 3459 1530 et
3485 1480 3815 1532 contumelia

2245 1547 2493 1605 aﬂectum
2545 1555 2898 1612 sacerdotium
2942 1575 3050 1614 non
3094 1562 3472 1619 vindicaverat.
3535 1567 3822 1634 Quomodo

2246 1639 2402 1711 igitur
2422 1643 2473 1697 in
2500 1653 2700 1712 partem
2733 1647 2948 1704 ultionis
2978 1662 3196 1707 vocatus
3225 1655 3344 1708 est?
3368 1655 3497 1722 Quia
3527 1658 3805 1726 prophetia

2246 1737 2475 1787 retracta
2495 1741 2614 1787 est:
2643 1734 2806 1790 iratus
2845 1737 3039 1806 quippe
3079 1741 3219 1796 Deus
3247 1743 3388 1797 circa
3416 1760 3526 1798 rem
3575 1748 3817 1815 quamvis

2248 1819 2380 1875 nihil
2423 1823 2707 1892 respondit.
2763 1827 2872 1884 Hoc
2928 1843 3056 1885 vero
3141 1847 3248 1886 non
3295 1835 3361 1888 ad
3403 1849 3562 1891 omne
3610 1848 3818 1906 tempus

2247 1909 2392 1978 fecit,
2420 1911 2518 1966 sed
2545 1915 2833 1970 secundum
2859 1933 3158 1975 mensuram
3183 1924 3301 1978 vitae
3329 1926 3488 1996 regis,
3509 1943 3822 1983 mensuram

2246 2015 2456 2071 quoque
2483 2002 2696 2060 ultionis
2719 2005 2976 2064 definivit.
3001 2009 3167 2065 Simul
3197 2027 3324 2083 ergo
3351 2024 3509 2084 atque
3535 2017 3626 2072 ille
3653 2018 3816 2072 vitam

2247 2091 2398 2160 obiit,
2436 2092 2579 2149 Deus
2618 2095 2747 2150 iram
2778 2098 2968 2164 solvit,
3009 2110 3064 2154 et
3108 2101 3250 2157 fores
3288 2103 3475 2160 iterum
3520 2107 3820 2174 prophetiae

2247 2182 2472 2250 aperuit.
2502 2183 2613 2240 Hoc
2638 2185 2814 2256 itaque
2833 2188 3170 2247 subindicans
3192 2193 3472 2263 propheta,
3502 2201 3818 2254 memoriam

2247 2271 2401 2326 nobis
2431 2277 2699 2330 revocavit
2727 2279 2901 2333 obitus
2927 2283 3086 2351 regis.

2316 2357 2454 2413 Deus
2482 2364 2730 2429 quomodo
2755 2365 2910 2420 videri
2935 2371 3106 2436 possit.
3130 2402 3199 2412 —
3223 2373 3575 2439 Quamobrem
3605 2380 3681 2433 sic
3694 2395 3819 2448 pro-

2245 2447 2476 2519 pheliam
2501 2451 2702 2506 orditur
2734 2468 2752 2507 :
2779 2453 2993 2510 Factum
3021 2469 3089 2513 est
3116 2461 3168 2513 in
3189 2478 3342 2528 anno,
3371 2481 3468 2532 quo
3495 2447 3720 2522 mortuus
3743 2481 3818 2522 est

2247 2554 2338 2593 rex
2358 2539 2528 2606 Ozias,
2551 2544 2649 2597 uidi
2668 2544 2933 2601 Dominum
2952 2550 3215 2605 sedentem.
3243 2554 3406 2624 Atqui
3439 2556 3681 2613 Christus
3701 2562 3777 2614 ait
3799 2579 3812 2613 :

2249 2625 2412 2682 Deum
2435 2647 2578 2685 nemo
2616 2635 2736 2688 vidit
2773 2652 3029 2706 umquam.
3061 2639 3355 2710 Unigeuitus
3390 2647 3476 2714 qui
3507 2658 3578 2700 est
3609 2650 3661 2700 in
3700 2651 3817 2704 sinu

2250 2716 2438 2786 Patris,
2471 2723 2559 2776 ille
2589 2727 2811 2779 narravit
2837 2728 2856 2796 (
2881 2727 3034 2783 Joan.
3066 2731 3116 2784 1.
3145 2732 3274 2802 18).
3315 2735 3384 2788 Et
3411 2752 3618 2792 rursum
3649 2757 3662 2792 :
3693 2739 3822 2795 Non

2246 2820 2364 2874 quia
2384 2806 2590 2863 Patrem
2607 2813 2718 2880 quis
2742 2815 2883 2880 vidit,
2907 2818 3002 2871 nisi
3020 2821 3105 2887 qui
3132 2831 3200 2873 est
3229 2839 3259 2874 α
3287 2823 3393 2876 Deo
3410 2841 3430 2876 :
3451 2827 3538 2878 ille
3563 2829 3682 2879 vidit
3705 2827 3817 2880 Pa-

2248 2903 2374 2948 trem
2403 2896 2583 2967 (Joan.
2617 2899 2668 2954 6.
2698 2901 2813 2970 46).
2847 2903 3040 2974 llleque
3061 2907 3223 2978 Moysi
3248 2910 3412 2964 dixit:
3438 2912 3604 2966 Nemo
3634 2917 3820 2970 videbit

2248 2985 2428 3055 faciem
2451 3005 2610 3043 meam
2634 3000 2679 3045 et
2698 2993 2819 3046 vivet
2844 2994 2861 3064 (
2890 2994 3056 3049 Exod.
3077 2998 3163 3051 55.
3185 2997 3253 3054 20
3279 3000 3318 3068 ).
3351 3002 3630 3066 Quomodo
3660 3007 3821 3075 igitur

2250 3075 2335 3132 hic
2359 3079 2432 3132 ait
2455 3094 2513 3135 se
2532 3081 2724 3138 vidisse
2751 3083 3062 3141 Dominum?
3082 3089 3211 3143 Nam
3241 3093 3332 3155 ait,
3365 3091 3481 3147 Vidi
3505 3095 3821 3152 Dominum:

2249 3181 2354 3222 non
2384 3173 2643 3226 contraria
2665 3173 2736 3228 ait
2765 3189 2890 3231 vero
2908 3177 2992 3244 iis,
3019 3193 3135 3248 quae
3161 3179 3402 3236 Christus
3426 3183 3577 3248 dixit,
3605 3187 3696 3240 sed
3726 3189 3824 3240 ad-

2250 3258 2464 3313 modum
2509 3264 2911 3321 consona.Nam
2942 3267 3180 3325 Christus
3227 3270 3296 3326 de
3337 3285 3584 3328 accurata
3633 3278 3825 3348 cogni-

2249 3347 2392 3404 tione
2412 3351 2672 3419 loquitur,
2703 3355 2989 3411 secundum
3032 3375 3188 3428 quam
3229 3377 3387 3417 nemo
3416 3366 3546 3418 vidit
3578 3384 3592 3422 :
3625 3347 3830 3423 nudam

2247 3441 2388 3495 enim
2405 3441 2734 3499 divinitatem
2764 3461 3051 3517 puramque
3089 3451 3438 3507 substantiam
3487 3473 3645 3512 nemo
3689 3460 3826 3512 vidit

2248 3540 2441 3601 praeter
2471 3532 2840 3603 Unigenitum;
2870 3539 3118 3608 prepheta
3148 3558 3274 3597 vero
3303 3555 3524 3601 eatenus
3544 3564 3602 3603 se
3624 3552 3825 3605 vidisse

2244 3631 2450 3689 narrat,
2479 3634 2740 3693 quatenus
2768 3637 2996 3696 poterat.
3031 3630 3216 3702 Neque
3236 3635 3377 3688 enim
3425 3638 3540 3703 ipse
3577 3639 3626 3692 id
3673 3643 3820 3709 quod

2248 3711 2388 3767 Deus
2412 3723 2492 3768 est
2516 3714 2692 3772 videre
2717 3725 2939 3787 poterat,
2977 3721 3070 3775 sed
3117 3722 3214 3777 sub
3242 3723 3403 3793 figura
3420 3728 3644 3795 quadam
3675 3731 3826 3785 illum

2249 3806 2720 3875 centemplabatur,
2762 3809 2848 3878 qui
2892 3819 3096 3867 tantum
3141 3814 3510 3882 descenderat,
3564 3833 3828 3891 quantum

2249 3894 2658 3962 contemplantis
2713 3896 2989 3954 inlirmitas
3032 3903 3320 3958 ascendere
3380 3915 3614 3973 poterat.
3671 3910 3828 3975 Quod

2251 3981 2391 4036 enim
2420 3997 2591 4052 neque
2617 3985 2748 4054 ipse,
2773 4001 2945 4056 neque
2971 3989 3242 4058 quisquam
3259 3994 3396 4046 alius
3417 3996 3610 4050 nudam
3634 3999 3833 4054 viderit

2251 4070 2600 4140 divinitatem,
2623 4075 2691 4130 ab
2719 4075 2782 4130 iis
2806 4091 2923 4145 qua:
2959 4091 3174 4134 narrant
3203 4085 3535 4152 perspicuum
3568 4097 3669 4141 est.
3709 4088 3832 4142 Vidi

2253 4165 2415 4230 enim,
2446 4165 2634 4235 inquit,
2685 4165 2956 4222 Dominum
2999 4171 3266 4226 sedentem.
3315 4172 3454 4228 Deus
3499 4186 3677 4230 autem
3719 4195 3832 4236 non

2252 4253 2406 4308 sedet
2433 4270 2449 4309 :
2477 4254 2590 4309 haec
2607 4257 2800 4325 quippe
2820 4257 2982 4328 figura
2998 4273 3277 4328 corporum
3299 4272 3398 4316 est.
3425 4266 3492 4317 At
3519 4283 3624 4319 non
3643 4269 3830 4336 modo,

2256 4342 2543 4408 Sedentem,
2575 4345 2686 4409 Sed,
2710 4345 2877 4412 Super
2904 4347 3102 4399 solium.
3139 4350 3275 4404 Deus
3294 4367 3422 4405 vero
3454 4369 3557 4407 non
3586 4357 3836 4412 contine-

2256 4443 2343 4488 tur
2370 4451 2384 4489 :
2415 4435 2680 4505 quomodo
2707 4437 2848 4489 enim
2887 4439 3143 4493 contineri
3174 4443 3360 4509 possit,
3388 4445 3478 4511 qui
3509 4447 3705 4515 ubique
3729 4450 3833 4502 ad-

2255 4535 2358 4591 est,
2386 4535 2443 4580 et
2459 4527 2635 4580 omnia
2664 4526 2879 4593 implet,
2910 4526 2973 4580 In
2999 4531 3142 4597 cujus
3174 4548 3326 4585 manu
3365 4545 3484 4587 sunt
3520 4538 3646 4604 ﬁnes
3685 4549 3837 4594 terra:

2257 4617 2426 4686 (Psal.
2459 4619 2546 4674 94.
2579 4619 2670 4688 4)?
2701 4618 2847 4674 Unde
2876 4620 3043 4687 palam
3067 4631 3146 4676 est
3177 4623 3226 4676 id
3260 4625 3400 4692 quod
3431 4627 3732 4697 videbatur,
3767 4648 3837 4688 ex

2257 4712 2693 4778 attemperatione
2748 4710 2972 4778 quadam
3020 4712 3202 4768 fuisse.
3237 4715 3326 4768 Sic
3362 4716 3521 4785 igitur
3551 4721 3688 4774 alter
3711 4739 3842 4790 pro-

2260 4799 2421 4868 pheta
2450 4815 2514 4855 ex
2545 4814 2767 4869 persona
2795 4802 2882 4856 Dei
2901 4802 3240 4860 subindicans
3260 4805 3468 4862 dicebat
3501 4809 3648 4880 :Ego
3679 4816 3842 4866 visio-

2261 4906 2348 4942 nes
2377 4891 2702 4958 multiplicnvi
2738 4889 2887 4957 (Osee
2907 4891 2989 4944 i2.
3016 4891 3082 4945 10
3108 4893 3146 4960 ).
3179 4894 3229 4947 id
3259 4906 3372 4959 est,
3404 4897 3627 4954 Diverso
3675 4905 3842 4960 modo

2260 4981 2405 5034 visus
2435 4995 2572 5032 sum.
2605 4980 2658 5033 Si
2691 4994 2845 5046 porro
2868 4981 2976 5048 ipsa
3006 4981 3296 5037 substantia
3325 4988 3461 5040 nuda
3505 4991 3838 5057 apparebat,

2261 5085 2366 5122 non
2413 5069 2622 5122 diverso
2669 5069 2824 5122 modo
2859 5069 3168 5128 videbatur:
3203 5076 3296 5129 sed
3335 5079 3457 5145 quia
3501 5079 3841 5140 descendens

2264 5175 2403 5216 nunc
2449 5161 2542 5214 illo
2572 5175 2711 5214 nunc
2745 5160 2850 5214 alio
2880 5162 3036 5216 modo
3074 5166 3344 5234 prophetis
3387 5170 3618 5234 seipsnm
3647 5181 3843 5228 osten-

2263 5255 2438 5320 debat,
2471 5254 2793 5322 temporibus
2808 5265 3182 5320 congruentem
3210 5257 3422 5324 liguram
3447 5273 3548 5326 qua
3566 5261 3846 5320 videretur

2265 5359 2556 5406 assumens,
2591 5342 2708 5397 ideo
2733 5342 2862 5396 dicit
2888 5361 2901 5396 :
2939 5341 3158 5397 Visiones
3175 5346 3521 5414 multiplicavi,
3546 5358 3590 5400 et
3622 5351 3675 5404 in
3713 5369 3847 5405 ma-

2266 5439 2406 5493 nibus
2453 5436 2804 5507 prophetarum
2839 5435 3139 5488 assimilatas
3183 5454 3311 5490 sum.
3341 5437 3455 5491 Non
3497 5441 3636 5495 sicut
3665 5459 3844 5513 erant,

2270 5528 2604 5598 apparcham,
2634 5525 2818 5595 inquit,
2851 5524 2944 5578 sed
2981 5526 3300 5580 assimilattts
3325 5527 3372 5580 ei
3407 5528 3592 5584 formze
3615 5573 3632 5595 ,
3675 5551 3847 5604 quam

2269 5618 2684 5685 contemplantes
2730 5615 2908 5669 videre
2948 5626 3210 5684 poterant.
3253 5616 3410 5671 Vides
3458 5621 3619 5689 igitur
3663 5625 3847 5692 ipsum

2275 5724 2411 5763 nunc
2434 5707 2728 5770 sedentem,
2757 5719 2895 5760 nunc
2918 5716 3199 5773 armatum,
3237 5721 3379 5762 nunc
3413 5713 3564 5768 canis
3592 5716 3806 5786 capillis
3827 5759 3846 5788 ,
