4058 6216
225 399 298 453 67
1552 380 1621 437 1N
1659 376 1892 436 ISAIAM

230 497 516 569 θαυμάσῃς
549 496 624 561 δὲ,
665 499 710 550 εί
736 495 860 567 περὶ
890 495 1024 550 Θεοῦ
1057 496 1447 566 διαλεγόμενος,
1477 497 1616 552 οὕτω
1650 495 1886 566 παχυτά-

230 600 352 645 ταις
384 584 644 653 κέχρηται
673 585 868 648 λέξεσιο
901 586 1039 656 πρὸς
1062 586 1169 656 γὰρ
1194 585 1290 654 τὴν
1317 586 1498 639 ἄνοιαν
1524 587 1632 639 τῶν
1662 585 1884 638 ἀκουόνο

232 687 336 722 των
377 672 700 740 σχηματίζει
737 672 806 724 τά
840 673 1081 742 ῥήματα,
1121 673 1178 726 ἓν
1226 673 1542 742 βουλόμενος
1586 673 1753 736 δεῖξαι
1800 670 1889 722 διά

233 757 468 818 πάντων,
512 759 592 809 ὅτι
635 758 729 810 καὶ
760 759 839 828 τῷ
868 759 984 830 Θεῷ
1022 760 1200 830 ῥᾴδιον
1227 759 1404 824 τοῦτο,
1438 762 1530 812 καὶ
1560 761 1642 812 ὅτι
1676 759 1890 822 πάντως

232 843 650 913 ἀπαντήσονταιο
695 844 773 897 διὸ
811 847 901 898 καὶ
935 848 1177 917 ἐπήγαγε
1210 846 1400 914 λέγων·
1440 847 1545 900 Καὶ
1575 846 1703 900 ίδοὺ
1737 845 1889 914 ταχὺ

233 930 340 979 κού
345 946 469 995 ,οως
483 929 774 996 ἔρχονται.
790 933 869 984 Οὐ
885 932 1298 994 πεινάσουσιν,
1314 932 1453 986 οὐδὲ
1470 932 1888 996 κοπιάσουσιν,

232 1014 374 1067 οὐδὲ
393 1015 784 1080 νυστάξουσι.
809 1019 988 1072 Ταῦτα
1007 1019 1377 1090 ὑπερϐολικῶς
1395 1019 1622 1090 εἴρηται.
1642 1017 1764 1082 Πῶς
1781 1018 1890 1087 γὰρ

233 1104 358 1170 ὲνῆν
386 1107 522 1172 μήτε
549 1108 756 1175 πεινῇν,
790 1107 923 1177 μήτε
945 1107 1242 1172 καθεύδειν,
1265 1107 1576 1176 ἀνθρώπους
1596 1106 1773 1170 ὄντας,
1797 1104 1890 1158 καὶ

231 1190 326 1246 τὴν
362 1192 545 1261 κοινὴν
579 1191 837 1261 λαχόντας
871 1194 1050 1263 λῆξιν;
1098 1194 1256 1247 Ἀλλά
1294 1194 1354 1247 τὸ
1389 1196 1548 1264 τάχος
1596 1194 1694 1266 τῆς
1727 1211 1892 1264 στρα-

231 1277 373 1337 τιᾶς,
408 1276 506 1346 τὴν
551 1277 818 1342 εὐκολίαν,
853 1279 950 1348 τὴν
979 1278 1271 1348 ταχύτητα,
1310 1281 1444 1350 ὅπερ
1487 1279 1656 1350 ἔφθην
1699 1279 1886 1343 εἰπὼν,

230 1362 319 1413 διὰ
350 1365 566 1416 πάντων
595 1366 942 1418 ἐνδείκνυται.
982 1365 1132 1418 Οὐδὲ
1155 1367 1420 1420 λύσουσι
1450 1367 1556 1431 τὰς
1581 1365 1763 1430 ζώνας
1781 1368 1889 1419 αὺ-

229 1449 350 1501 τῶν
402 1451 522 1502 ἀπὸ
567 1450 672 1516 τῆς
715 1452 943 1518 ὀσφύος
991 1451 1216 1515 αὐτῶν,
1262 1453 1403 1507 οὐδὲ
1443 1453 1528 1522 μὴ
1562 1450 1790 1521 ῥατῶσι
1834 1455 1889 1505 οί

231 1536 471 1602 ἱμάντες
500 1535 616 1588 τῶν
648 1537 1040 1606 ὑποδημάτων
1075 1539 1288 1594 αὐτῶν.
1327 1534 1436 1593 Ὧν
1465 1540 1536 1592 τὰ
1560 1538 1716 1606 ,βέλη
1749 1538 1890 1602 ὀξέα

228 1622 384 1684 ἐστὶ,
419 1623 512 1675 καὶ
554 1627 625 1677 τὰ
654 1625 797 1688 τόξα
837 1625 1035 1678 αὐτῶν
1063 1626 1439 1693 ἐντεταμένα.
1466 1629 1530 1678 Ol
1563 1625 1743 1690 πόδες
1773 1623 1890 1678 τῶν

230 1711 436 1762 ἵππων
459 1710 656 1762 αὐτῶν
683 1712 761 1778 ώς
792 1715 1004 1780 στερεὰ
1031 1711 1212 1780 πέτρα
1235 1712 1660 1779 ἐλογίσθησαν,
1682 1715 1735 1765 οἱ
1759 1728 1890 1781 τρο-

229 1798 325 1865 χοὶ
361 1795 482 1849 τῶν
500 1797 771 1865 ἁρμάτων
789 1799 986 1852 αὐτῶν
1011 1800 1092 1865 ὡς
1123 1800 1471 1868 καταιγίδες.
1491 1800 1791 1869 Ὀργιῶσιν
1810 1801 1892 1864 ὠς

229 1884 498 1948 λέοντες,
543 1885 640 1938 καὶ
681 1887 1138 1953 παρεστήκασιν
1185 1887 1264 1953 ὡς
1307 1889 1565 1957 σκύμνοι
1604 1891 1886 1942 λεόντων.

229 1971 338 2024 Καὶ
374 1972 754 2039 ἐπιλήψεται,
776 1973 874 2025 καὶ
896 1973 1116 2041 ,βοήσει
1142 1973 1222 2038 ὡς
1255 1975 1476 2041 θηρίον,
1502 1972 1598 2027 καί
1617 1974 1886 2027 ἐκϐαλεῖ·

231 2059 330 2112 καὶ
354 2062 468 2112 οὐκ
495 2060 667 2114 ἐστιν
699 2063 731 2114 ό
759 2061 1054 2130 ῥυόμενος
1081 2062 1320 2127 αὐτούς.
1357 2062 1461 2116 Καὶ
1490 2062 1785 2128 βοήσεται
1814 2062 1888 2116 δι’

229 2148 457 2212 αὐτοὺς
489 2146 565 2214 τῇ
591 2147 776 2216 ἡμέρᾳ
809 2149 1030 2217 ἐκείνῃ,
1053 2149 1132 2214 ὠς
1153 2149 1319 2217 φωνὴ
1347 2149 1667 2217 θαλάσσης
1691 2166 1893 2219 κυμαι-

228 2235 483 2299 νούσης.
515 2237 625 2287 Καὶ
656 2234 1054 2304 ἑμδλέψονται
1081 2239 1167 2304 εις
1197 2237 1303 2290 τὸν
1330 2237 1588 2306 οὐρανὸν
1624 2237 1765 2301 ἅνω,
1793 2236 1891 2290 καὶ

227 2324 317 2385 είς
347 2321 464 2386 τὴν
491 2319 608 2388 γῆν
638 2323 825 2375 κάτω·
862 2324 958 2376 καὶ
997 2324 1123 2379 ίδοὺ
1165 2325 1385 2390 σκότος
1419 2324 1713 2392 σκληρὸν,
1747 2323 1893 2377 σκό-

231 2422 333 2470 τος
382 2406 452 2458 ἑν
480 2405 554 2474 τῇ
587 2407 807 2476 ἀπορίᾳ
834 2408 1052 2465 αὐτῶν.
1094 2409 1193 2462 Διά
1222 2409 1440 2463 πάντων
1483 2409 1574 2463 τὸν
1613 2409 1766 2478 λόγον
1801 2408 1891 2474 ἐξ·

228 2494 483 2563 ώγκωσε,
520 2495 611 2548 καὶ
637 2495 907 2564 τὸν-φόϐον
934 2496 1131 2566 ἐπῆρε,
1155 2497 1294 2552 κατά
1320 2498 1512 2569 μικρὸν
1540 2497 1746 2552 ἕκαστα
1765 2509 1789 2537 ι
1813 2497 1891 2550 δι-

227 2583 554 2653 ηγούμενος.
577 2584 647 2636 τά
678 2583 806 2653 περὶ
840 2582 936 2654 τῆς
965 2583 1290 2654 γνώμης,τά
1323 2586 1450 2656 περὶ
1470 2585 1567 2656 τῆς
1597 2583 1798 2655 ἱσχύος,
1823 2583 1891 2637 τά

227 2673 361 2740 περὶ
396 2671 502 2724 τῶν
529 2672 726 2730 ὅπλων,
761 2669 875 2742 [65]
899 2671 966 2724 τά
994 2671 1120 2743 περὶ
1149 2671 1254 2725 τῶν
1282 2671 1483 2736 τππων,
1516 2671 1584 2725 τά
1620 2672 1746 2743 περὶ
1783 2670 1891 2723 τῶν

227 2758 518 2828 ἁρμάτων,
551 2758 690 2810 ὥστε
720 2757 798 2829 τῷ
824 2757 1018 2830 πλήθει
1047 2758 1156 2811 τῶν
1181 2758 1486 2828 λεγομένων
1513 2758 1710 2829 πολλὴν
1731 2758 1890 2828 ποιῆ-

231 2862 322 2898 σαι
369 2846 466 2915 τὴν
497 2845 734 2911 ἀγωνίαν
753 2887 767 2908 ,
799 2847 892 2897 καὶ
924 2848 988 2914 τῇ
1028 2845 1294 2915 σαφηνείᾳ
1325 2845 1432 2897 τῶν
1479 2844 1700 2896 εἰκόνων
1727 2844 1892 2911 ἔγγὺς

225 2931 298 2983 τὰ
341 2932 638 3000 πράγματα
673 2932 853 2992 αὐτοῖς
885 2931 1109 2999 ἀγαγεῖν
1127 2931 1176 2984 b.
1215 2931 1305 2984 Διὸ
1333 2932 1427 2984 καὶ
1459 2929 1668 2983 λέουσιν
1699 2930 1894 2994 αὐτοὺς

226 3018 592 3088 παραϐάλλει,
625 3018 718 3070 καὶ
739 3017 858 3070 οὐδὲ
887 3017 1117 3071 ἐνταῦθα
1149 3017 1277 3090 ἔστη
1310 3017 1405 3071 τοῦ
1433 3017 1892 3089 παραδείγματος,

229 3107 369 3159 ἀλλά
401 3103 493 3158 καὶ
533 3104 713 3174 φωνὴν
740 3104 1063 3158 ἀναπλάττει
1101 3104 1192 3159 καὶ
1219 3104 1390 3177 ὀρμὴν
1415 3105 1508 3158 τοῦ
1544 3105 1766 3176 θηρίου,
1801 3105 1894 3158 καὶ

229 3194 482 3262 ἐπιμένει
507 3196 570 3262 τῇ
608 3193 906 3264 μεταφορᾷ,
948 3194 1041 3246 καὶ
1070 3192 1267 3263 πολλὴν
1291 3195 1520 3246 ποιεῖται
1548 3193 1644 3264 τὴν
1663 3194 1889 3264 τροπήν.

230 3283 343 3335 Καὶ
386 3281 634 3334 ἐντεῦθεν
683 3281 774 3334 ἐπὶ
825 3281 1089 3334 θάλατταν
1123 3281 1306 3349 ὲξάγει
1350 3283 1438 3334 τὸν
1474 3281 1648 3350 λόγον,
1699 3281 1890 3351 λέγων,

227 3371 312 3422 ὅτι
342 3368 592 3430 τοσοῦτος
637 3368 787 3420 ἐσται
836 3371 864 3420 ὀ
909 3369 1153 3439 θόρυϐος,
1188 3368 1422 3436 τοσαύτη
1451 3370 1482 3438 ἡ
1515 3370 1748 3440 ταραχὴ,
1794 3370 1891 3440 ὅση

228 3455 297 3509 ἂν
343 3458 550 3524 γένοιτο
580 3457 911 3526 μαινομένης
939 3456 1212 3525 θαλάσσης
1241 3455 1334 3508 καὶ
1360 3455 1574 3523 κύματα
1604 3455 1895 3525 διεγειρού-

232 3558 369 3611 σης·
401 3543 493 3594 καὶ
524 3543 698 3594 πάντα
744 3545 882 3594 κινεῖ
922 3541 1142 3611 τρόπον,
1190 3541 1366 3606 αὔξων
1410 3542 1499 3594 τὸν
1530 3541 1711 3610 φόϐον,
1755 3541 1893 3594 ὥστε

235 3631 310 3700 μὴ
356 3629 607 3699 δεηθῆναι
659 3628 856 3692 αὐτοὺς
892 3629 991 3699 τῆς
1022 3628 1106 3682 διά
1138 3628 1246 3680 τῶν
1296 3628 1634 3699 πραγμάτων
1681 3628 1892 3699 πείρας.

232 3718 346 3770 Καὶ
395 3717 454 3770 τὸ
499 3716 563 3787 δὴ
611 3716 1020 3788 χαλεπώτερον,
1057 3718 1136 3771 ὅτι
1182 3717 1300 3770 οὐδὲ
1343 3718 1371 3769 ό
1419 3717 1896 3788 παραστησόμενος

231 3803 409 3868 ἔσται,
445 3805 630 3873 φησὶν,
661 3805 759 3856 οὐκ
791 3804 898 3857 ἀπὸ
920 3807 1019 3874 τῆς
1057 3807 1178 3874 γῆς,
1211 3805 1310 3857 ούκ
1351 3804 1457 3856 ἀπὸ
1485 3802 1592 3855 τῶν
1617 3802 1892 3874 οὐρανῶνο

229 3891 349 3945 ἀλλ’
388 3892 584 3961 ἔρημοι
615 3892 705 3943 καὶ
739 3891 836 3962 τῆς
861 3891 1066 3944 ἄνωθεν
1096 3891 1406 3961 συμμαχίας
1425 3931 1439 3955 ,
1480 3891 1573 3944 καὶ
1599 3893 1696 3961 τῆς
1722 3890 1897 3943 κάτω-

230 3983 324 4036 θεν
376 3981 629 4050 βοηθείας
653 4021 668 4044 ,
705 3980 1085 4050 ὲκδοθήσονται
1133 3983 1242 4042 τοῖς
1275 3978 1570 4049 πολεμίοις.
1618 3979 1812 4044 Σκότος
1839 3979 1896 4032 δὲ

229 4065 472 4121 ἐνταῦθα
494 4084 624 4137 φησι
661 4066 720 4120 τὸ
758 4067 864 4119 ἀπὸ
895 4067 994 4137 τῆς
1020 4068 1298 4136 συμφορᾶς
1320 4065 1499 4128 αὐτοῖς
1528 4065 1892 4136 ἐγγινόμενον,

227 4156 331 4225 οὐχ
363 4155 440 4217 ὡς
467 4153 566 4221 τῆς
596 4155 812 4216 ἀκτῖνος
847 4152 1242 4222 ἀφανιζομένης
1261 4193 1274 4216 ο
1323 4153 1456 4207 ἀλλά
1478 4152 1575 4222 τῆς
1607 4153 1894 4217 διαθέσεως

227 4243 344 4295 τῶν
378 4241 694 4310 πασχόντων
728 4241 785 4292 ὲν
812 4239 951 4312 μέσῃ
978 4242 1043 4309 τῇ
1078 4238 1391 4310 μεσημϐρίᾳ
1421 4239 1539 4292 ἀντὶ
1569 4239 1743 4308 φωτὸς
1767 4239 1894 4292 σκό-

228 4347 323 4392 τος
372 4325 652 4398 ὀρώντων·
706 4327 840 4396 ὅπερ
883 4329 994 4388 τοῖς
1035 4325 1385 4396 ὀδυνωμένοις
1429 4327 1524 4379 καὶ
1567 4325 1896 4397 θλιϐομένοις

230 4415 556 4484 συμϐαίνειν
594 4413 773 4466 εἴωθε.
811 4414 917 4466 Καὶ
941 4412 1028 4465 ἵνα
1057 4413 1232 4484 μάθῃς
1255 4453 1269 4476 ,
1315 4413 1396 4465 ὅτι
1442 4415 1502 4465 οὑ
1541 4413 1640 4484 τῆς
1683 4414 1896 4482 φύσεως

228 4502 326 4554 τοῦ
364 4503 527 4570 ἀέρος
565 4500 626 4552 τὸ
672 4499 862 4560 σκότος
903 4495 990 4570 ἦν,
1022 4497 1154 4551 ἀλλά
1191 4497 1290 4566 τῆς
1327 4499 1546 4552 ἐκείνων
1584 4499 1893 4569 διαθέσεως,

229 4591 480 4658 ἐπήγαγε
501 4602 516 4616 ·
547 4585 827 4654 Σκληρόν
847 4584 1065 4651 σκότος
1083 4585 1154 4638 ἐν
1173 4583 1248 4654 τῇ
1267 4585 1482 4653 ἀπορίᾳ
1503 4585 1720 4643 αὐτῶν.

870 4737 1118 4793 ΚΕΦΑΛ.
1158 4737 1248 4804 (τ’.

233 4841 349 4898 Καὶ
399 4843 636 4909 ἐγένετο
677 4841 784 4896 τοῦ
837 4839 1254 4970 ἐνῖυτοιῦηοῦ
1297 4843 1592 4901 ἀπέθανεν
1634 4846 1812 4912 Ὀζῖιις
1864 4848 1898 4900 ό

952 4926 1052 4964 ασι
1097 4928 1222 4970 suc.

952 4926 1222 4978 ασιλεῡς.

305 5034 376 5087 α’.
393 5032 460 5086 Τί
481 5033 676 5102 δήποτε
693 5033 817 5094 τοὺς
835 5032 934 5102 μὲν
950 5033 1138 5096 ἀλλους
1162 5034 1383 5105 χρόνους
1404 5035 1508 5088 ἀπὸ
1522 5035 1618 5104 τῆς
1636 5036 1777 5104 ζωῆς
1792 5036 1898 5088 τῶν

238 5120 526 5190 βασιλέων,
552 5117 738 5172 τοῦτον
775 5119 832 5172 δὲ
860 5119 966 5172 ἀπὸ
993 5120 1090 5191 τῆς
1113 5121 1369 5192 τελευτῆς
1391 5124 1782 5193 χαρακτηρίζει
1803 5122 1897 5176 νῦν

235 5209 266 5260 ὀ
296 5207 720 5277 προφήτηςςού
767 5207 874 5276 7&9
918 5202 1088 5272 εἶπεν,
1132 5208 1375 5275 Ἐγένετο
1403 5211 1460 5262 ὲν
1507 5213 1624 5272 ταῖς
1665 5210 1896 5280 ἡμέραις

249 5294 460 5357 Ὀςίου,
513 5293 660 5356 οὐδὲ,
699 5291 785 5344 Ἐν
836 5296 900 5364 τῇ
947 5293 1190 5366 βασιλεία
1227 5295 1437 5361 Ὀζίου,
1475 5295 1620 5362 ἀλλ’,
1659 5297 1898 5365 Ἐγένετο

237 5381 399 5435 ⁴ἡνίκα
435 5378 694 5432 ἀπέθανε.
734 5379 798 5431 Τί
832 5380 1026 5449 δήποτε
1060 5382 1115 5434 ὲν
1147 5381 1320 5451 τούτῳ
1355 5386 1524 5447 nonet;
1554 5384 1664 5453 Οὐχ
1689 5384 1894 5448 ἁπλῶς,

237 5468 361 5520 οὐδὲ
399 5468 475 5526 ὼς
521 5465 728 5533 ἔτυχεν,
764 5465 898 5518 ἀλλά
919 5484 970 5518 τι
1003 5468 1309 5538 ἀπόρρητον
1338 5469 1464 5538 ἡμῖν
1489 5469 1796 5523 αἰνίττεται.
1836 5471 1898 5523 Τί

236 5553 297 5609 δὲ
325 5553 482 5606 τοῦτό
507 5555 689 5618 ὲστιν;
737 5554 915 5618 Ὀζίας
958 5551 1109 5618 υῦτος
1151 5559 1217 5626 τῇ
1251 5555 1357 5607 τῶν
1408 5559 1777 5628 γεγενημένων
1817 5561 1900 5612 εὖ·

241 5643 452 5713 πραγίᾳ
495 5642 729 5712 μεθύων,
777 5643 870 5696 καὶ
918 5645 1021 5697 ὑπὸ
1062 5646 1160 5713 τῆς
1211 5645 1506 5714 εὐημερίας
1549 5646 1895 5717 ὀγκούμενος,

303 5785 330 5845 _‘
362 5782 494 5845 Reg:
509 5782 720 5845 έκάστῳ.

301 5843 331 5884 δ
362 5844 441 5890 Sic
480 5843 729 5910 More[._§et
771 5843 894 5907 Reg.
939 5844 1088 5896 Savil.
1124 5845 1293 5910 ἀγάγῃ.
1335 5847 1434 5897 Sed
1481 5846 1640 5897 minus
1666 5854 1819 5909 recte,
1845 5855 1896 5900 ul

243 5910 394 5957 etiam
417 5910 586 5952 monet
610 5905 832 5956 Allcnus.

1901 419 1916 447 ,
1956 377 2108 435 CAP.
2153 378 2243 434 γι.
3568 407 3642 462 6,,

1994 489 2178 560 μεῖζον
2207 493 2308 562 τῆς
2348 494 2504 560 ἀξίας
2550 495 2833 566 ἐφρόνησε.
2885 492 2993 550 Καὶ
3038 495 3222 568 ἐπειδὴ
3259 497 3509 566 βασιλεὺς
3548 494 3640 572 ἧν,

1993 578 2238 647 ἐνόμισεν
2263 581 2409 651 αὐτῷ
2442 584 2734 652 προσήκειν
2783 583 3049 652 ἱερᾶσθαι,
3092 585 3186 637 καὶ
3230 586 3536 654 ἑπεπήδησε
3565 586 3643 657 τῷ

1995 664 2127 734 ναῷ,
2145 667 2236 718 καὶ
2260 667 2338 729 είς
2367 667 2434 720 τά
2452 668 2616 736 ’Λγια
2642 669 2747 720 τῶν
2777 669 2946 735 ἁγίων
2964 668 3198 738 εἰσῆλθε,
3221 670 3315 723 καὶ
3336 670 3428 722 τοῦ
3453 671 3642 741 ἱερέως

1989 750 2284 814 κωλύοντος
2311 752 2402 804 καὶ
2430 753 2861 822 ἀπαγορεύοντος
2903 753 3052 822 αὐτῷ
3080 754 3178 824 τὴν
3212 755 3390 808 ὲκεϊσε
3417 749 3640 823 εἴσοδον,

1989 836 2090 889 οὐκ
2113 837 2389 907 ἠνέσχετο,
2420 839 2533 892 ἀλλ’
2556 841 2796 908 ἐνέμεινε
2821 842 2886 910 τῇ
2919 840 3103 910 μανίᾳ,
3125 841 3303 907 ὀλίγον
3333 842 3426 895 τοῦ
3455 845 3644 914 ἱερέως

1990 923 2310 994 ποιούμενος
2332 925 2504 993 λόγον.
2533 925 2749 997 Ταύτης
2797 928 2978 982 ἕνεκεν
3011 927 3112 997 τῆς
3140 928 3520 998 ἀναισχυντίας
3547 933 3644 985 ἑπ-

1990 1010 2197 1079 αφῆκεν
2235 1011 2382 1081 αὺτῷ
2407 1012 2609 1082 λέπραν
2635 1015 2664 1065 ό
2686 1013 2815 1076 Θεὸς
2841 1014 2982 1068 κατά
3019 1015 3112 1068 τοῦ
3143 1014 3412 1084 μετώπου.
3438 1017 3642 1087 Βουλη-

1991 1097 2101 1160 θεὶς
2125 1099 2231 1170 γὰρ
2273 1099 2490 1153 πλείονα
2519 1100 2618 1169 τῆς
2649 1098 2812 1169 οὔσης
2836 1101 3000 1171 τιμὴν
3040 1101 3243 1164 λαϐεῖν,
3283 1103 3374 1155 καὶ
3402 1097 3471 1172 ἦς
3498 1099 3644 1171 εἶχεν

1991 1181 2261 1247 ἐξέπεσεν.
2293 1187 2366 1240 Οὺ
2395 1187 2500 1258 γάρ
2531 1186 2594 1256 δὴ
2627 1187 2786 1255 μόνον
2834 1187 3130 1258 ἱερωσύνην
3175 1188 3237 1241 οὐ
3284 1189 3642 1259 προσέλαϐεν,

1991 1269 2126 1322 ἀλλά
2171 1271 2263 1324 καὶ
2289 1274 2577 1341 γενόμενος
2617 1272 2942 1342 ἀκάθαρτος,
2973 1273 3080 1327 τῶν
3110 1273 3392 1342 βασιλείων
3425 1275 3646 1340 ἐξεϐάλ-

1987 1354 2143 1418 λετο,
2176 1357 2272 1409 καὶ
2297 1357 2386 1410 τὸν
2423 1357 2635 1411 ἅπαντα
2665 1357 2852 1428 χρόνον
2882 1360 2939 1410 ὲν
2966 1356 3099 1426 οἴκῳ
3125 1359 3230 1410 τινὶ
3262 1360 3643 1429 κεκρυμμένος

1991 1441 2246 1512 κατῴκει,
2291 1443 2389 1513 τὴν
2434 1444 2692 1514 αίσχύνην
2723 1445 2784 1496 ού
2826 1445 3027 1514 φέρων.
3064 1444 3174 1497 Καὶ
3217 1446 3245 1497 ό
3286 1445 3411 1508 λαὸς
3433 1447 3490 1498 δὲ
3521 1463 3645 1500 συν-

1990 1531 2300 1600 απήλαυσεν
2325 1530 2466 1591 ἄπας
2499 1531 2595 1600 τῆς
2640 1531 2890 1600 τοιαύτης
2916 1531 3102 1602 ὀργῆς,
3130 1531 3211 1583 ὅτι
3240 1532 3365 1593 τοὺς
3392 1531 3483 1583 τοῦ
3507 1532 3642 1585 Θεοῦ

1991 1616 2185 1685 νόμους
2223 1617 2509 1686 περιεῖδον,
2547 1617 2638 1670 καὶ
2683 1618 2781 1684 τὴν
2828 1619 3120 1687 ἱερωσύνην
3155 1617 3514 1688 ὑϐριζομένην
3545 1619 3646 1671 οὐκ

1991 1697 2325 1769 ὲξεδίκησαν.
2360 1701 2480 1764 Πῶς
2523 1696 2615 1753 οὖν
2655 1701 3030 1770 συναπήλαυσε
3063 1702 3161 1769 τῆς
3188 1702 3388 1771 ὀργῆς;
3419 1701 3509 1770 Τῷ
3545 1702 3646 1772 τὴν

1992 1787 2321 1856 προφητείαν
2363 1787 2753 1856 ἀνασταλῆναι·
2820 1786 3166 1857 ὀργιζόμενος
3220 1785 3328 1856 γὰρ
3380 1787 3558 1851 αὐτοῖς
3615 1789 3646 1840 ὁ

1991 1868 2122 1932 Θεὸς
2147 1869 2272 1939 περὶ
2295 1869 2505 1933 οὐδενὸς
2531 1868 2644 1941 [64]
2670 1868 2819 1921 οὐδὲν
2853 1869 3201 1940 ἀπεκρίνατο.
3237 1869 3374 1922 Ἀλλ’
3399 1871 3459 1922 οὐ
3485 1870 3645 1940 μέχρι

1992 1955 2193 2017 παντὸς
2229 1954 2384 2007 τοῦτο
2425 1955 2698 2025 εποίησεν,
2742 1953 2877 2007 ἀλλά
2905 1955 2982 2024 τῷ
3017 1956 3200 2024 μέτρῳ
3235 1955 3332 2026 τῆς
3370 1954 3516 2024 ζωῆς
3548 1955 3645 2008 τοῦ

1994 2039 2252 2110 βασιλέως
2285 2041 2376 2093 καὶ
2408 2041 2603 2111 μέτρον
2628 2041 2728 2110 τῆς
2749 2041 3016 2112 τιμωρίας
3048 2041 3264 2110 ὥρισεν.
3302 2040 3470 2111 Ὁμοῦ
3511 2041 3647 2108 γοῦν

1991 2125 2196 2178 ἐκείνου
2223 2127 2616 2189 καταλύσαντος
2646 2129 2744 2196 τὴν
2768 2126 2934 2196 ζωὴν,
2971 2127 3064 2179 καὶ
3099 2128 3128 2178 ὁ
3167 2126 3300 2188 Θεὸς
3343 2128 3442 2196 τὴν
3479 2125 3649 2197 ὀργὴν

1989 2230 2278 2289 κατέλυσε,
2308 2227 2400 2280 καὶ
2431 2227 2534 2288 τάς
2564 2225 2733 2292 θύρας
2756 2227 2916 2277 πάλιν
2934 2223 3034 2292 τῆς
3059 2222 3393 2292 προφητείας
3414 2221 3644 2290 ἀνέῳξε.

1989 2311 2162 2367 Τοῦτο
2213 2310 2343 2379 γοῦν
2383 2307 2754 2377 αἱνιττύμενος
2791 2309 2820 2360 ό
2852 2307 3134 2377 προφήτης
3168 2303 3474 2375 ἀνέμνησεν
3499 2305 3646 2374 ἡμᾶς

1987 2396 2084 2450 τοῦ
2110 2392 2300 2465 καιροῦ
2331 2393 2428 2462 τῆς
2458 2390 2716 2459 τελευτῆς
2749 2389 2842 2442 τοῦ
2879 2388 3163 2459 βασιλέως.

2058 2479 2257 2547 Διόπερ
2274 2477 2444 2540 οὕτως
2466 2476 2692 2547 ἄρχεται
2712 2473 2808 2543 τῆς
2823 2472 3186 2542 προφητείας,
3208 2470 3405 2538 λέγων·
3424 2469 3648 2539 Ἐγένε-

1988 2578 2056 2614 το
2070 2560 2176 2615 τοῦ
2213 2559 2406 2625 ἔτους,
2438 2554 2508 2614 οὗ
2544 2557 2843 2612 ἀπέθανεν
2871 2555 3052 2622 Ὀζίας
3076 2559 3108 2609 ό
3123 2554 3423 2620 ,ϐασιλεὺς
3445 2595 3460 2620 ,
3482 2550 3647 2607 εἶδον

1988 2644 2093 2696 τόν
2110 2645 2329 2710 Κύριον
2348 2639 2711 2710 καθήμενον.
2727 2638 2917 2692 Καίτοι
2939 2655 3002 2706 γε
3019 2640 3047 2689 ὁ
3060 2636 3293 2706 Χριστός
3315 2653 3469 2705 φησν
3500 2636 3647 2689 Θεὸν

1989 2723 2187 2788 οὐδεὶς
2221 2723 2439 2790 ἑώρακε
2477 2721 2810 2775 πώποτε.’0
2843 2717 3180 2787 μονογενὴς
3204 2717 3359 2782 Υἱὸς,
3380 2721 3412 2770 ό
3443 2718 3527 2769 ὢν
3555 2721 3642 2783 είς

1991 2809 2094 2860 τὸν
2109 2810 2340 2861 κόλπον
2363 2807 2469 2860 τοῦ
2487 2807 2712 2872 Πατρός
2730 2845 2745 2869 ,
2767 2804 2994 2868 ἐκεῖνος
3013 2801 3373 2870 ἐξηγήσατο.
3406 2803 3516 2856 Καὶ
3545 2805 3648 2857 πά-

1991 2896 2075 2949 λιν
2090 2913 2104 2927 °
2133 2899 2253 2964 Οὐχ
2275 2896 2364 2949 ὅτι
2381 2895 2488 2949 τὸν
2501 2894 2733 2962 Πατέρα
2754 2912 2844 2959 τις
2863 2892 3140 2959 ἑώρακεν,
3155 2893 3206 2944 εί
3219 2889 3306 2959 μὴ
3330 2893 3361 2944 ό
3381 2888 3469 2942 ὢν
3491 2891 3648 2957 παρὰ

1991 2982 2099 3036 τοῦ
2148 2982 2295 3036 Θεοῦ
2325 2995 2339 3010 ·
2370 2976 2548 3046 οὗτος
2569 2979 2788 3048 ἑώρακε
2817 2978 2923 3031 τὸν
2957 2976 3207 3045 Πατέρα.
3240 2976 3349 3030 Καὶ
3374 2975 3510 3046 πρὸς
3556 2975 3648 3028 τὸν

1993 3069 2232 3124 Μωῦσέα
2286 3068 2445 3131 αὑτός
2501 3082 2698 3137 φησιν’
2743 3065 2947 3130 Οὐδεὶς
2982 3064 3190 3132 ὄψεται
3218 3064 3280 3116 τὸ
3321 3063 3647 3132 πρόσωπόν

1991 3175 2111 3228 μου
2153 3155 2253 3209 καὶ
2304 3153 2560 3222 ζήσεται.
2593 3151 2717 3215 Πῶς
2743 3147 2834 3204 οὖν
2863 3146 3014 3213 οὗτός
3033 3167 3195 3220 φησιν
3224 3151 3522 3220 ἑωρακέναι
3558 3149 3648 3202 τόν

1994 3243 2230 3314 Κύριον;
2257 3239 2434 3296 Εἶδον
2450 3242 2580 3310 γὰρ,
2599 3238 2752 3309 φησὶ,
2775 3238 2878 3292 τὸν
2891 3239 3107 3306 Κύριον
3127 3253 3140 3268 ⁸
3163 3237 3262 3290 οὐκ
3293 3237 3511 3290 ἐναντία
3536 3239 3649 3298 τοῖς

1995 3331 2090 3384 τοῦ
2110 3328 2344 3400 Χριστοῦ
2367 3329 2562 3395 λέγων,
2593 3327 2726 3380 ἀλλὰ
2750 3327 2843 3379 καὶ
2871 3327 3074 3395 σφόδρα
3101 3323 3328 3392 συνῳδὰ.
3347 3325 3406 3376 Ὀ
3422 3323 3518 3392 μὲν
3540 3325 3650 3394 γὰρ

1998 3417 2229 3488 Χριστὸς
2253 3415 2352 3484 τὴν
2379 3413 2584 3483 ἀκριϐῆ
2618 3412 2944 3479 κατανόησιν
2975 3427 3158 3480 φησιν,
3195 3413 3259 3479 ἣν
3284 3410 3455 3472 οὐδεὶς
3492 3405 3596 3462 εἶδε
3631 3426 3646 3441 ο

1998 3505 2211 3576 γυμνὴν
2265 3501 2374 3570 γὰρ
2421 3501 2519 3570 τὴν
2553 3500 2779 3569 θεότητα
2811 3499 2903 3552 καὶ
2933 3497 3210 3567 ἀκραιφνῆ
3235 3497 3332 3566 τὴν
3351 3497 3537 3549 οὐσίαν
3562 3499 3653 3550 ού-

1998 3591 2109 3656 δεὶς
2143 3591 2422 3653 ἐθεάσατο,
2447 3588 2586 3658 πλὴν
2611 3587 2703 3640 τοῦ
2724 3584 3060 3653 Μονογενοῦς
3085 3601 3098 3615 ⁸
3119 3586 3146 3637 ὁ
3169 3583 3224 3636 δὲ
3253 3586 3542 3655 προφήτης
3558 3584 3654 3656 τὴν

1997 3686 2142 3758 αὐτῷ
2168 3686 2396 3755 δυνατὴν
2448 3685 2573 3736 ίδεῖν
2615 3681 2964 3751 ἀπαγγέλλει.
3013 3680 3145 3735 Οὐδὲ
3178 3682 3287 3752 γὰρ
3324 3683 3486 3745 αὐτὸς
3523 3684 3655 3752 ὅπερ

1997 3775 2141 3827 ἐστὶν
2171 3774 2199 3825 ὀ
2223 3772 2352 3834 Θεὸς
2388 3771 2516 3824 ἰδεῖν
2554 3768 2793 3839 ἠδυνήθη
2819 3809 2834 3833 ,
2869 3768 3004 3821 ἀλλά
3033 3768 3465 3838 σχηματισθέντα
3497 3770 3657 3822 αὑτὸν

1998 3861 2194 3932 θεωρεῖ
2224 3903 2238 3925 ,
2275 3859 2372 3912 καὶ
2403 3856 2652 3910 τοσοῦτον
2678 3856 3018 3918 καταϐάντα,
3046 3857 3168 3908 ὅσον
3206 3855 3469 3925 ἀναϐῆναι
3497 3859 3536 3926 ἡ
3564 3856 3658 3908 τοῦ

1998 3943 2327 4016 θεωροῦντος
2366 3940 2618 3996 ἀσθένεια.
2661 3939 2874 4012 ἐχώρει.
2904 3941 3024 3991 Ὅτι
3058 3940 3166 4009 γὰρ
3207 3939 3268 3992 οὐ
3302 3942 3514 4010 γυμνὴν
3550 3937 3658 3992 εἶδε

1995 4034 2097 4105 τὴν
2128 4032 2384 4102 θεότητα,
2431 4028 2555 4083 οὕτε
2602 4028 2762 4089 αὐτὸς
2783 4065 2798 4089 ,
2851 4024 2972 4079 οὔτε
3001 4026 3157 4088 ἄλλος
3180 4027 3388 4091 οὐδεὶς,
3427 4028 3523 4078 ἀπ’
3558 4029 3658 4078 αὑ-

1995 4121 2103 4173 τῶν
2135 4113 2209 4173 ῶν
2242 4116 2668 4186 ἀπαγγέλλουσιν
2705 4112 2946 4182 εὔδηλον.
2978 4111 3163 4166 Εἶδον
3192 4111 3321 4183 7&9,
3355 4114 3510 4182 φησὶ,
3553 4113 3660 4166 τὸν

1995 4208 2211 4276 Κύριον
2256 4204 2606 4272 καθήμενον.
2651 4199 2785 4264 Θεὸς
2841 4199 2897 4253 δὲ
2939 4199 3000 4252 οὐ
3048 4199 3322 4269 κάθηται·
3394 4199 3661 4270 σωμάτων

1997 4295 2106 4366 γάρ
2135 4296 2163 4347 ὁ
2192 4289 2583 4363 σχηματισμός.
2616 4288 2727 4342 Καὶ
2755 4289 2852 4357 οὐχ
2879 4286 3088 4351 ἀπλῶς,
3132 4287 3499 4356 Καθήμενον,
3543 4288 3658 4340 ἀλλ’

2011 4381 2139 4434 Ἐπί
2173 4379 2406 4446 θρόνου.
2438 4375 2570 4435 Θεὸς
2601 4375 2658 4428 δὲ
2688 4375 2749 4427 οὐ
2780 4374 3090 4445 περιέχεται
3117 4390 3131 4404 ο
3162 4382 3282 4437 πῶς
3318 4375 3443 4444 7&9,
3475 4377 3503 4428 ὁ
3529 4393 3661 4429 παν.

1996 4467 2161 4537 ταχοῦ
2191 4464 2403 4534 παρὼν,
2433 4465 2524 4517 καὶ
2545 4465 2611 4516 τὰ
2645 4463 2818 4516 πάντα
2842 4463 3082 4532 πληρῶν,
3113 4459 3186 4518 οὗ
3214 4463 3283 4514 ἐν
3306 4461 3382 4530 τῇ
3418 4463 3565 4530 χειρί
3586 4464 3657 4516 τὰ

1998 4551 2221 4619 πέρατα
2257 4550 2364 4619 τῆς
2394 4549 2543 4619 τῆς;
2594 4549 2754 4601 Ὅθεν
2799 4547 2975 4618 δῆλον,
3018 4549 3099 4602 ὅτι
3145 4548 3550 4616 συγκατάϐασις
3589 4544 3657 4618 ῆν

1996 4639 2056 4692 τὸ
2081 4637 2367 4709 ὁρώμενον.
2408 4635 2561 4688 Οὕτω
2582 4633 2710 4702 γοῦν
2748 4635 2932 4705 ἕτερος
2977 4635 3260 4703 προφήτης
3292 4634 3657 4704 αἰνιττόμενος

1996 4727 2176 4793 ἔλεγεν
2201 4727 2263 4777 ὲκ
2287 4722 2574 4794 προσώπου
2593 4722 2685 4774 τοῦ
2711 4722 2844 4774 Θεοῦ
2869 4739 2880 4752 ·
2907 4721 3048 4789 Ἐγὼ
3069 4719 3305 4786 ὁράσεις
3320 4721 3654 4786 ἐπλήθυνα,

1995 4813 2255 4876 τουτέστι,
2279 4811 2542 4880 διαφόρως
2571 4808 2777 4877 ῶφθην.
2812 4808 2873 4858 El
2916 4807 2972 4859 δὲ
3014 4806 3150 4876 αὑτὴ
3201 4809 3234 4876 ἡ
3271 4807 3426 4860 οὐσία
3475 4809 3657 4878 γυμνὴ

1995 4902 2260 4969 ἐφαίνετο,
2290 4901 2388 4950 οὐκ
2421 4899 2486 4949 ἂν
2503 4897 2771 4966 διαφόρως
2794 4895 2960 4965 ἐφάνη
2995 4910 3008 4926 ’
3058 4895 3172 4948 ἀλλ’
3210 4895 3394 4966 ἐπειδὴ
3447 4912 3656 4963 συγκα-

1993 4978 2262 5032 ταϐαίνων
2284 4989 2307 5017 ο
2335 4978 2430 5031 νῦν
2463 4980 2559 5048 μὲν
2585 4979 2768 5048 τούτῳ.
2784 4979 2860 5048 τῷ
2891 4979 3097 5049 τρόπῳ,
3125 4981 3220 5034 νῦν
3249 4983 3302 5035 δὲ
3327 4985 3521 5054 ἐκείνῳ
3543 4985 3656 5045 τοῖς

1996 5067 2300 5136 προφήταις
2328 5067 2520 5120 ἑαυτὸν
2547 5067 2806 5127 ἐδείκνυε,
2841 5068 3189 5137 καταλλήλως
3217 5072 3329 5132 τοῖς
3364 5071 3656 5139 ὑποκειμέ-

1996 5170 2107 5216 νοις
2161 5156 2374 5223 καιροῖς
2415 5152 2767 5222 σχηματίζων
2802 5153 2900 5216 τὰς
2934 5153 3086 5223 ὀψεις
3113 5194 3127 5215 ,
3157 5155 3244 5208 διὰ
3267 5156 3427 5209 τοῦτὸ
3451 5173 3614 5226 φησιν
3637 5173 3653 5188 ο

2006 5239 2279 5307 Ὀρὰσεις
2317 5240 2648 5305 ἐπλήθυνα.
2677 5240 2772 5293 καὶ
2799 5241 2869 5293 ἐν
2898 5242 3068 5309 χερσὶ
3101 5242 3420 5311 προφητῶν
3443 5242 3656 5312 ὡμοιώ-

1995 5329 2128 5395 θην.
2161 5327 2269 5395 Οὐχ
2303 5327 2492 5396 ῶσπερ
2524 5327 2691 5397 ἥμην,
2730 5327 2955 5397 ἐφάνην,
2981 5331 3170 5397 φησὶν,
3207 5330 3322 5383 ἀλλ’
3365 5330 3653 5400 ώμοιώθην

1995 5416 2131 5482 πρὸς
2175 5415 2310 5484 ὅπερ
2345 5415 2470 5467 ἰδεῖν
2512 5415 2771 5483 ἠδύναντο
2812 5417 2858 5467 οἱ
2913 5415 3261 5486 θεωροῦντες.
3307 5419 3472 5489 Ὀρᾷς
3523 5419 3653 5486 γοῦν

1994 5502 2153 5554 αὑτὸν
2195 5502 2288 5554 νῦν
2340 5503 2437 5572 μὲν
2488 5503 2816 5574 καθήμενον,
2858 5505 2952 5557 νῦν
2986 5505 3040 5557 δὲ
3085 5505 3446 5573 ὡπλισμένον,
3483 5507 3576 5558 νῦν
3596 5508 3652 5559 δὲ

1993 5589 2152 5658 τρίχα
2195 5589 2382 5642 πολιὰν
2409 5589 2620 5659 ἔχοντα,
2650 5589 2743 5642 νῦν
2787 5591 2842 5643 δὲ
2872 5593 2947 5660 ,ὲν
2993 5589 3159 5661 αὔρᾳ,
3185 5592 3280 5644 νῦν
3312 5593 3368 5644 δὲ
3396 5595 3452 5644 ἐν
3495 5595 3647 5661 πυρὶ,

1995 5677 2086 5729 νῦν
2111 5677 2163 5729 δὲ
2194 5678 2379 5730 ἐκτῶν
2404 5677 2668 5729 ὀπισθίων
2702 5679 3051 5748 φαινόμενον,
3084 5679 3178 5732 νῦν
3215 5680 3271 5731 δὲ
3303 5680 3523 5733 ἐπὶτῶν
3544 5681 3652 5730 Χε-

1995 5764 2222 5834 ρουϐὶμ,
2255 5764 2514 5834 καὶπρὸς
2555 5765 2893 5834 μεταλλικῶν
2945 5765 3084 5819 ὑλῶν
3127 5767 3487 5840 λαμπρότητα
3540 5767 3649 5820 τῶν

2057 5893 2080 5923 ε
2103 5889 2185 5940 Sic
2212 5890 2482 5942 Bovaricus.
2513 5891 2608 5941 Alii
2635 5905 2750 5942 vero
2773 5891 2853 5942 οὖν
2889 5892 3201 5941 καταϐαίνων.
