4058 6216
396 416 468 470 69
1228 395 1286 450 S.
1324 389 1605 450 JOANNIS
1639 381 2118 443 CHRYSOSTOMI
2154 382 2464 440 ARCIIIEP.
2508 383 3042 442 CONSTANTINOP.
3714 394 3786 449 70

389 515 823 585 διαφανεστάτων
837 516 937 585 τὴν
961 515 1081 583 ὄψιν
1111 509 1581 578 ἐξεικονιζόμενον.
1608 505 1763 566 Τίνος
1813 503 1911 572 μέν
1947 499 2040 556 οῦν

391 604 576 655 ἱνεκεν
607 601 702 654 νῦν
745 601 842 670 μὲν
875 599 1211 669 ὡπλισμένος
1253 595 1500 663 φαίνεται
1555 592 1649 642 καὶ
1695 588 2038 659 ᾑμαγμένος,

394 688 488 742 νῦν
506 689 562 739 δὲ
583 690 640 739 ἐν
661 687 738 755 τῷ
765 687 917 755 πυρὶ,
943 685 1036 737 νῦν
1055 686 1110 737 δὲ
1125 685 1190 736 τὰ
1207 681 1424 734 ὀπίσθια
1449 678 1676 740 δεικνὺς,
1709 675 1849 746 [65]
1877 674 1968 726 νῦν
1985 673 2041 725 δὲ

395 775 454 826 ἐν
477 771 708 842 οὐρανῷ,
747 771 840 824 νῦν
866 771 921 823 δὲ
951 774 1007 823 ἐν
1037 770 1230 839 θρόνῳ,
1260 767 1354 820 νῦν
1393 766 1450 817 δέ
1479 765 1570 816 ἐπὶ
1593 763 1700 815 τῶν
1747 761 2043 832 Χερουϐὶμ,

397 860 460 911 οὑ
492 857 585 910 τοῦ
609 857 869 928 παρόντος
898 859 964 911 ἀν
990 855 1073 923 εἴη
1101 855 1277 921 λέγειν
1306 851 1518 922 καιροῦ,
1548 851 1685 902 ῶστε
1712 848 1786 917 μὴ
1823 849 1882 900 τὸ
1906 846 2048 916 πάρε-

400 958 560 1012 εργον
612 944 704 996 τοῦ
743 943 902 1012 ἔργου
932 940 1182 1008 γενέσθαι
1227 938 1424 1008 μεῖζον.
1462 937 1608 997 Τέως
1653 934 1710 986 δέ
1754 935 2048 1000 ἀναγκαῖον

402 1031 542 1100 ὑπὲρ
557 1030 652 1099 τῆς
673 1029 946 1098 παρούσης
970 1027 1142 1094 ὅψεως
1165 1024 1520 1094 διαλεχθῆναι.
1541 1021 1695 1082 Τίνος
1711 1017 1802 1073 οὖν
1821 1022 2003 1072 ἐνεκεν
2019 1029 2047 1058 ι

401 1115 545 1168 οὑτω
584 1114 829 1183 φαίνεται
855 1112 949 1166 νῦν
966 1113 1056 1164 ἐπὶ
1091 1112 1275 1181 θρόνου
1309 1110 1637 1178 καθήμενος,
1663 1107 1754 1160 καὶ
1781 1107 1920 1175 μετά
1940 1103 2048 1157 τῶν

404 1201 685 1271 Σεραφίμς
721 1198 1078 1269 ’Δνθρώπινον
1108 1198 1224 1259 έθος
1266 1199 1528 1265 μιμεῖται,
1565 1193 1747 1263 ἐπειδὴ
1780 1193 1874 1245 καὶ
1914 1191 2051 1260 πρὸς

405 1286 722 1356 ἀνθρώπους
776 1281 843 1355 ἦν
892 1285 921 1337 6
966 1285 1119 1351 λόγος
1165 1283 1330 1352 αὐτῷ.
1376 1279 1591 1349 Ἐπειδὴ
1641 1281 1747 1349 γάρ
1781 1279 2052 1346 ἀπόφασιν

405 1373 659 1443 ἐκφέρειν
691 1372 867 1442 μέλλει
893 1371 1032 1441 ὑπὲρ
1061 1369 1306 1439 μεγάλων
1337 1365 1672 1436 πραγμάτων
1711 1366 1804 1418 καὶ
1831 1365 1930 1432 τῆς
1973 1365 2053 1414 οῖ-

409 1459 674 1528 κουμένης
703 1460 937 1528 ἀπάσης,
971 1458 1048 1510 ἐτι
1077 1457 1134 1508 δέ
1184 1457 1276 1508 καὶ
1325 1455 1451 1525 περὶ
1492 1453 1598 1506 τῶν
1651 1451 2053 1521 Ἰεροσολύμων,

409 1546 504 1599 καὶ
532 1546 722 1616 διπλῆν
748 1545 926 1612 τίθησι
961 1543 1161 1612 ψῆφον,
1193 1542 1291 1611 τὴν
1329 1542 1423 1610 μέν
1449 1539 1666 1592 κόλασιν
1687 1541 1751 1608 τῇ
1779 1539 1928 1590 πόλει
1963 1537 2058 1602 φέ-

413 1649 607 1704 ρουσαν
629 1633 722 1686 καὶ
751 1631 828 1700 τῷ
855 1629 996 1682 ιθνει
1025 1628 1206 1690 παντὶ,
1239 1627 1336 1698 τὴν
1361 1627 1418 1679 δέ
1450 1625 1766 1696 εὐεργεσίαν
1793 1627 1858 1694 τῇ
1882 1625 2058 1676 οίκου-

413 1723 569 1792 μένῃ,
601 1721 696 1774 καὶ
735 1719 974 1791 μεγάλας
1001 1716 1470 1788 ἐπαγγελλομένην
1499 1715 1713 1778 ἐλπίδας
1753 1715 1848 1766 καὶ
1893 1713 2058 1782 τιμὰς

410 1808 731 1869 ἀθανάτους.

484 1892 547 1962 β’.
579 1892 734 1955 Ἐθος
760 1891 817 1945 δέ
841 1892 952 1955 τοῖς
963 1891 1234 1956 δικάζουσι
1247 1889 1417 1943 ταῦτα
1442 1891 1612 1942 ποιεῖν
1641 1887 1712 1959 μὴ
1737 1886 1930 1956 λάθρα,
1947 1883 2058 1938 ἀλλ’

411 1982 495 2048 ἐφ’
519 1978 723 2049 ὑψηλοῦ
752 1979 845 2031 τοῦ
865 1978 1104 2048 βήματος
1135 1975 1494 2046 καθημένους,
1517 1972 1874 2044 παρεστώτων
1893 1971 2062 2024 ἀπάν-

409 2084 542 2131 των,
594 2065 688 2118 καὶ
747 2065 855 2117 τῶν
906 2062 1416 2134 παραπετασμάτων
1457 2060 1859 2128 συνελκομένων
1906 2056 2062 2109 τοῦτο

412 2152 607 2202 ποιεῖν.
637 2147 868 2209 Τούτους
890 2145 981 2199 καὶ
1013 2143 1171 2206 αὐτὸς
1197 2144 1527 2214 μιμούμενος
1555 2142 1892 2211 παρέστησεν
1917 2139 2063 2210 αὑτῷ

411 2237 481 2289 τὰ
509 2235 774 2305 Σεραφὶμ,
802 2232 895 2287 καὶ
923 2233 1008 2302 ἐφ’
1038 2230 1242 2300 ὑψηλοῦ
1281 2229 1512 2297 κάθηται
1554 2227 1761 2297 θρόνου,
1796 2227 1888 2279 καὶ
1923 2225 2063 2280 οὑτω

412 2322 512 2391 τὴν
533 2323 802 2390 ἀπόφασιν
834 2320 1035 2388 ταύτην
1059 2317 1300 2388 ἐκφέρει.
1331 2315 1441 2370 Καὶ
1478 2314 1565 2369 ῐνα
1595 2314 1794 2386 μάθῃς.
1838 2314 1918 2366 ὄτι
1966 2313 2062 2382 οὐχ

415 2406 617 2474 ὑποψία
641 2407 701 2460 τὸ
727 2409 976 2477 πρᾶγμα,
999 2406 1133 2460 ἀλλὰ
1161 2406 1316 2458 τοῦτο
1344 2404 1462 2468 ἔθος
1486 2404 1653 2473 αὐτῷ,
1685 2403 1779 2456 καὶ
1794 2403 1851 2468 ἐξ
1877 2401 2063 2474 ἐτέρου

415 2492 692 2564 προφήτου
717 2493 875 2544 τοῦτο
913 2493 1239 2561 πειράσομαι
1271 2493 1488 2560 ποιῆσαι
1523 2491 1772 2560 φανερόν.
1819 2491 1927 2543 Καὶ
1958 2492 2066 2559 γάρ

415 2577 510 2631 ἐπὶ
556 2577 648 2631 τοῦ
698 2577 919 2647 Δανιὴλ,
951 2576 1137 2646 ἐπειδὴ
1167 2578 1258 2629 καὶ
1297 2578 1412 2628 ἐκεῖ
1443 2575 1622 2643 ψῆφόν
1661 2591 1781 2627 τινα
1825 2576 2066 2645 μεγάλην

417 2666 669 2735 ἐκφέρειν
697 2663 886 2733 ἔμελλε
919 2663 1046 2731 περὶ
1076 2661 1342 2714 κολάσεων
1386 2660 1482 2713 καὶ
1525 2660 1799 2730 τιμωριῶν
1855 2661 2069 2714 Ἰουδαῖο

417 2751 530 2804 κῶν
553 2751 646 2802 καὶ
677 2749 784 2802 τῶν
812 2749 1029 2816 ἀγαθῶν
1064 2748 1171 2800 τῶν
1201 2747 1500 2817 μελλόντων
1528 2750 1590 2817 τῇ
1613 2748 1898 2820 οἰκουμένῃ
1933 2748 2067 2801 δίδο-

420 2836 563 2898 σθαι,
585 2836 744 2889 κάκεῖ
764 2835 951 2904 θρόνος
975 2832 1224 2902 φαίνεται
1251 2832 1498 2902 λαμπρὸς
1525 2833 1618 2886 καὶ
1641 2834 1958 2904 περιφανὴς,
1976 2837 2068 2888 καὶ

418 2921 588 2991 δῆμος
623 2921 864 2988 ἀγγέλων
895 2918 1272 2990 παρεστηκὼς,
1299 2919 1392 2971 καὶ
1423 2918 1549 2989 ἔθνη
1577 2919 1945 2990 ἀρχαγγέλων,
1974 2921 2068 2974 καὶ

420 3010 449 3060 6
475 3007 780 3075 Μονογενὴς
810 3005 1232 3075 συγκαθήμενος,
1282 3005 1374 3056 καὶ
1403 3003 1570 3072 βίϐλοι
1607 3005 1937 3072 ἀνοίγονται,
1977 3007 2070 3059 καὶ

423 3093 653 3160 ποταμοὶ
682 3090 848 3160 πυρὸς
877 3090 1141 3152 ἕλκονται,
1173 3089 1266 3143 καὶ
1295 3089 1555 3142 πάντοθεν
1589 3090 1773 3158 σχῆμα
1814 3091 2068 3159 δικαστη-

427 3176 540 3247 ρίου
564 3175 893 3228 συνίσταται.
921 3175 1030 3226 Καὶ
1051 3174 1164 3225 ἐστι
1199 3174 1422 3227 κάκεῖνα
1452 3175 1683 3242 συγγενῆ
1712 3178 1824 3236 τοῖς
1843 3175 2071 3227 ἐνταῦθα

420 3260 732 3332 λεγομένοις
783 3259 1030 3323 ἅπαντα,
1083 3257 1117 3328 ἢ
1162 3259 1254 3312 καὶ
1302 3258 1627 3330 σαφέστερον
1685 3260 1884 3322 ἐκεῖνος
1933 3259 2070 3312 αύτά

422 3347 768 3416 ἀπαγγέλλει,
799 3345 890 3400 ἀτε
921 3345 1028 3397 τῶν
1052 3345 1255 3415 χρόνων
1281 3346 1568 3416 ἐγγύτερον
1601 3345 1916 3413 γινομένων,
1975 3345 2069 3398 καὶ

425 3433 559 3502 πρὸς
581 3433 748 3494 αὐτάς
777 3431 958 3483 λοιπὸν
986 3432 1083 3492 τὰς
1105 3431 1269 3501 θύρας
1312 3432 1410 3499 τῆς
1454 3431 1784 3502 προφητείας
1817 3432 2069 3499 ἀφικνου-

433 3519 614 3589 μένης.
651 3517 807 3570 Ἀλλά
831 3516 1000 3570 ταῦτα
1023 3519 1131 3578 τοῖς
1161 3517 1462 3584 φιλοπόνοις
1500 3517 1722 3584 ἀφέντες
1751 3520 2069 3585 συναγαγεῖν

429 3605 522 3658 καὶ
544 3603 916 3673 παρατιθέναι,
947 3605 1039 3655 καὶ
1073 3604 1170 3672 τὴν
1195 3603 1460 3672 ἑκατέρας
1480 3603 1578 3672 τῆς
1608 3603 1937 3673 προφητείας
1967 3621 2070 3656 κοι-

427 3692 619 3743 νωνίαν
674 3689 1130 3759 καταμανθάνειν,
1177 3691 1311 3759 ὅπερ
1361 3689 1534 3759 έφην,
1573 3690 1669 3758 τῆς
1710 3692 2072 3760 προκειμένης

427 3778 584 3843 ἡμεῖς
607 3775 870 3843 ἁψώμεθα
906 3773 1041 3843 μετὰ
1065 3774 1374 3843 ἀκριϐείας,
1413 3774 1487 3835 ὼς
1521 3773 1586 3826 ἀν
1614 3768 1723 3827 οἷόν
1756 3792 1814 3826 τε
1915 3775 2070 3845 ρἧιν

428 3860 660 3927 ἑκάστην
678 3860 1045 3928 ἐξηγούμενοι.
1076 3859 1228 3911 Οῦτω
1248 3858 1354 3928 γὰρ
1385 3860 1479 3910 καὶ
1509 3861 1638 3928 ήμῖν
1676 3860 1770 3912 καὶ
1813 3862 1940 3929 ὑμῖν
1974 3878 2071 3913 σα-

428 3945 662 4014 φέστερα
693 3945 844 3997 ἔσται
871 3945 939 3997 τά
967 3944 1248 4013 είρημένα.
1278 3945 1340 3995 Τί
1369 3940 1460 3996 οὖν
1495 3961 1691 4014 φησιν;
1742 3942 1921 4000 Εἶδον
1966 3946 2072 4000 τὸν

430 4033 647 4098 Κύριον
675 4031 1026 4100 καθήμενον.
1062 4030 1134 4082 Τὸ
1161 4029 1422 4099 καθῆσθαι
1466 4031 1556 4082 ἐπὶ¹
1585 4030 1770 4098 θρόνου
1809 4031 2071 4100 σύμϐολον

428 4117 513 4169 ἀεὶ
533 4115 764 4186 κρίσεώς
797 4117 945 4168 ἐστιν
966 4154 979 4176 ,
1007 4113 1191 4184 ῶσπερ
1231 4117 1260 4166 6
1302 4115 1462 4166 Δαυῖδ
1509 4131 1671 4183 φησιν
1699 4132 1714 4146 ο
1755 4114 2073 4182 Ἐκάθισας

429 4201 524 4253 ἐπὶ
568 4201 780 4266 θρόνου
822 4203 855 4253 ό
895 4200 1112 4266 κρίνων
1148 4199 1539 4266 δικαιοσύνην
1563 4217 1578 4232 ο
1623 4201 1718 4253 καὶ
1759 4202 1788 4253 6
1825 4203 2020 4272 Δανιήλ
2055 4218 2070 4235 ’

433 4287 637 4352 Θρόνοι
659 4287 969 4352 ἐτέθησαν,
997 4286 1095 4338 καὶ
1117 4285 1412 4352 κριτήριον
1430 4285 1687 4342 ἐκάθισε.
1719 4287 1790 4339 Τὸ
1814 4288 1868 4340 δὲ
1890 4289 2072 4352 ἁπλῶς

431 4371 699 4440 καθῆσθαι
725 4372 907 4441 ἐτέρου
938 4370 1198 4440 σύμϐολον
1226 4367 1364 4424 εἷναί
1386 4387 1548 4440 φησιν
1572 4371 1600 4421 6
1633 4373 1937 4442 προφήτης.
1972 4374 2068 4426 Τί-

432 4477 518 4521 νος
539 4459 597 4512 δὲ
627 4458 846 4522 τούτου;
876 4457 980 4512 Τοῦ
1009 4457 1222 4523 παγίου,
1247 4457 1340 4509 τοῦ
1376 4457 1618 4526 μονίμου,
1641 4457 1732 4510 τοῦ
1756 4457 2067 4528 βεϐηκότος,

431 4545 525 4598 τοῦ
574 4547 859 4614 ἀτρέπτου,
887 4543 981 4595 τοῦ
1006 4543 1381 4612 ἀτελευτήτου,
1410 4546 1507 4613 τῆς
1539 4543 1678 4613 ζωῆς
1707 4545 1804 4613 τῆς
1835 4545 2072 4613 ἀπεράν-

433 4649 547 4685 του.
586 4631 683 4682 Διά
711 4629 867 4682 τοῦτό
904 4645 1057 4696 φησι,
1086 4626 1157 4679 Σὺ
1195 4628 1491 4697 καθήμενος
1531 4628 1609 4688 είς
1631 4628 1720 4679 τὸν
1755 4629 1942 4692 αἰῶνα,
1981 4631 2074 4682 καὶ

435 4719 594 4788 ἡμεῖς
626 4715 977 4783 ἀπολλύμενοι
999 4715 1077 4775 είς
1099 4715 1189 4765 τὸν
1223 4715 1415 4768 αίώνα.
1441 4713 1533 4776 Σὺ,
1563 4714 1714 4780 φησὶ,
1753 4715 1944 4783 μένων,
1977 4715 2071 4778 ῶν,

436 4805 578 4868 ζῶν,
633 4802 719 4856 ἀεὶ
755 4799 1030 4861 ὡσαύτως
1080 4798 1173 4850 ὢν.
1221 4800 1339 4850 Ὀτι
1387 4799 1493 4869 γάρ
1536 4800 1595 4850 οὐ
1638 4801 1764 4869 περὶ
1813 4801 2075 4870 καθέδρας

437 4890 640 4955 ἔλεγεν,
669 4888 702 4956 ή
739 4885 1104 4954 ἀντιδιαστολὴ
1127 4884 1280 4952 δῆλον
1321 4885 1590 4949 ἐποίησεν.
1635 4885 1708 4937 Οὐ
1751 4885 1858 4954 γὰρ
1904 4884 2073 4951 εἶπεν,

420 4975 633 5043 ⁸Ἡμεῖς
675 4971 922 5032 ἑστῶτες,
955 4970 1106 5034 ἀλλά,
1156 4969 1549 5039 ’Δπολλύμενοι.
1587 4971 1658 5022 Τὸ
1690 4971 1746 5022 δὲ
1773 4973 1863 5023 ἐπὶ
1890 4973 2075 5041 θρόνου

441 5059 705 5128 καθῆσθαι
732 5058 793 5110 τὸ
831 5057 1032 5127 κρίνειν
1070 5056 1203 5108 ἐστί.
1249 5056 1344 5108 Διά
1389 5056 1542 5108 τοῦτο
1576 5057 1732 5107 αὑτὸν
1771 5057 1939 5121 οὕτως
1977 5061 2078 5130 ὁρᾷ

441 5146 741 5214 καθήμενον
771 5145 863 5195 ἐπὶ
892 5143 1079 5212 θρόνου
1114 5139 1313 5209 ὑψηλοῦ
1347 5142 1440 5192 καὶ
1470 5142 1778 5211 ἐπηρμένου
1797 5181 1808 5198 ,
1839 5143 1870 5211 ἢ
1897 5144 2076 5214 ἕτερον

453 5234 549 5302 μὲν
576 5230 753 5291 τοῦτο,
772 5230 954 5298 ἕτερον
983 5228 1038 5280 δὲ
1067 5229 1238 5279 ἐκεῖνο
1266 5227 1572 5279 αἰνίττεται.
1604 5229 1710 5280 Καὶ
1743 5229 1848 5298 γὰρ
1876 5230 2076 5299 ὑψηλὸς

439 5315 507 5388 ἦν
543 5320 572 5370 6
609 5317 816 5385 θρόνος,
857 5314 1137 5374 τουτέστι,
1198 5313 1366 5381 μέγας
1393 5353 1406 5374 ,
1442 5314 1535 5365 καὶ
1573 5313 1891 5384 ὑπερμήκης
1926 5333 1939 5347 ·
1985 5320 2078 5371 καὶ

445 5402 762 5472 ἐπηρμένος,
789 5399 1049 5462 τουτέστι,
1095 5399 1186 5449 καὶ
1240 5401 1297 5450 ἐν
1345 5398 1464 5466 ὑψει
1508 5401 1822 5469 φαινόμενος
1865 5403 2075 5473 άφάτῳ,

439 5490 534 5542 καὶ
565 5489 852 5558 μετέωρος.
875 5486 978 5539 Καὶ
1018 5484 1250 5551 πλήρης
1275 5487 1307 5537 ό
1335 5482 1497 5549 οἶκος
1523 5484 1628 5550 τῆς
1652 5486 1831 5552 δόξης
1871 5491 2076 5544 αὐτοῦ.

441 5583 597 5641 Ποῖος
621 5574 796 5642 οἷκος;
823 5577 942 5629 είπέ
969 5593 1076 5646 μοι.
1122 5576 1180 5627 Ὀ
1202 5575 1344 5637 ναός.
1370 5573 1480 5646 [661
1515 5575 1725 5646 Ἐπειδὴ
1747 5576 1852 5646 γάρ
1875 5580 2081 5632 ἐκεῖθεν

439 5669 474 5736 ή
501 5665 685 5735 ἔχθρα,
714 5663 932 5724 εἰκότως
951 5663 1043 5714 καὶ
1071 5663 1126 5712 ἐν
1157 5664 1220 5730 τῇ
1243 5661 1360 5729 ὄψει
1380 5664 1442 5730 τῇ
1477 5661 1748 5732 θαυμασία
1776 5663 1946 5733 ταύτῃ
1969 5666 2082 5718 ἐκεῖ

502 5791 526 5818 ιι
555 5789 748 5857 βοεβι
769 5784 1060 5857 suntiam;
1082 5785 1161 5832 οὖν
1203 5783 1452 5857 ἕνεκενμη
1487 5785 1654 5835 Morel.
1686 5785 1764 5835 οὖν
1789 5787 1930 5837 deest
1958 5802 1967 5836 :
1992 5790 2078 5837 scd

443 5851 520 5900 hic
546 5844 868 5906 des‘1deratur,
893 5855 941 5896 el
961 5847 1241 5894 Tilmnnu
1277 5844 1410 5907 legit.

2146 500 2451 572 καθήμενος
2485 502 2751 569 φαίνεται.
2783 502 2948 566 Δόξαν
2986 503 3040 556 δὲ
3090 503 3322 557 ἐνταῦθά
3364 521 3495 574 φησι
3541 505 3789 576 λαμπρό-

2143 605 2299 655 τητα,
2335 588 2449 655 φῶς
2477 589 2766 657 ἀπρόσιτον
2787 590 2836 644 δ.
2862 591 2998 660 ὅπερ
3047 591 3376 659 ἑρμηνεῦσαι
3413 590 3489 660 τῷ
3536 591 3676 660 λόγῳ
3719 590 3794 662 μὴ

2142 673 2455 742 δυνάμενος,
2482 673 2638 737 δόξαν
2669 675 2912 734 ἐκάλεσε,
2946 675 3039 728 καὶ
3088 677 3183 745 οὐχ
3233 676 3415 738 ἁπλῶς
3454 676 3632 740 δόξαν,
3662 677 3795 729 ἀλλά

2143 759 2272 812 Θεοῦ
2324 759 2496 825 δόξαν.
2540 760 2646 814 Καὶ
2695 762 2952 830 Σεραεοὶμ
3001 763 3384 828 εἱστήκεισαν
3433 765 3633 827 κύκλῳ
3687 763 3793 818 αὑ-

2144 845 2271 901 τοῦ.
2317 845 2450 897 Τίνα
2501 845 2645 913 λέγει
2684 846 2855 900 ταῦτα
2898 848 2966 900 τά
3009 849 3296 917 Σεραφίμ;
3346 849 3609 918 Δυνάμεις
3649 851 3788 903 ἀσωο

2149 931 2349 1000 μάτους
2371 941 2394 968 α
2428 930 2534 983 τῶν
2564 932 2673 985 ἀνω
2716 932 2919 1002 δήμων,
2957 929 3032 987 ῶν
3056 935 3152 1003 τὴν
3193 934 3387 1005 ἀρετὴν
3418 936 3508 988 καὶ
3549 935 3645 1004 τὴν
3691 953 3793 1004 μα-

2147 1017 2440 1086 καριότητα
2511 1018 2604 1070 καὶ
2671 1018 2777 1071 ἀπὸ
2848 1022 2945 1088 τῆς
3013 1021 3378 1091 προσηγορίας
3439 1022 3583 1073 ἐστιν
3647 1022 3792 1073 ίδεῖν.

2147 1105 2225 1174 Τῇ
2283 1104 2390 1175 γάρ
2447 1105 2721 1176 Ἐϐραίων
2777 1106 2989 1179 γλώττῃ
3055 1107 3270 1177 ἔμπυρα
3329 1109 3565 1178 στόματα
3627 1110 3793 1179 ἐρμη·

2149 1189 2362 1244 νεύεται
2392 1190 2459 1242 τά
2487 1192 2751 1262 Σεραφίμ.

2221 1275 2285 1329 Τί
2350 1271 2441 1329 οὖν
2476 1278 2540 1330 ἐκ
2603 1279 2787 1331 τούτου
2831 1279 3201 1350 μανθάνομεν;
3273 1280 3346 1333 Τὸ
3405 1281 3640 1352 καθαρὸν
3698 1282 3796 1350 τῆς

2150 1362 2334 1424 οὐσίας
2357 1402 2373 1427 ,
2407 1363 2469 1415 τὸ
2514 1362 2783 1434 ἄγρυπνον
2808 1407 2822 1431 ,
2870 1367 2931 1418 τὸ
2979 1367 3388 1438 διεγηγερμένον
3411 1410 3425 1435 ,
3474 1371 3532 1421 τὸ
3571 1369 3794 1438 γοργὸν,

2151 1449 2210 1501 τὸ
2267 1451 2610 1520 ἐνεργητικὸν
2637 1491 2651 1514 ,
2710 1452 2772 1503 τὸ
2826 1453 3168 1519 ἀκηλίδωτον.
3229 1453 3382 1507 Οὑτω
3433 1454 3563 1522 γοῦν
3617 1457 3708 1506 καὶ
3768 1457 3798 1508 6

2154 1542 2434 1611 προφήτης
2477 1540 2634 1593 Δαυῖδ
2691 1539 2797 1594 τῶν
2839 1542 2950 1595 ἀνω
3001 1543 3276 1612 δυνάμεων
3328 1544 3424 1614 τὴν
3471 1544 3799 1615 ἀπαραπόδι-

2157 1643 2278 1679 στον
2301 1627 2571 1679 διακονίαν
2605 1625 2919 1698 βουλόμενος
2939 1628 3069 1697 ἡμῖν
3098 1629 3445 1693 ἐνδείξασθαι,
3470 1632 3563 1682 καὶ
3586 1631 3646 1682 τὸ
3665 1631 3799 1700 ταχὺ

2156 1716 2254 1782 τῆς
2284 1713 2584 1783 ὑπηρεσίας
2629 1715 2722 1766 καὶ
2762 1715 2962 1786 σφόδρα
3005 1715 3241 1785 ἐνεργές,
3283 1715 3495 1782 ἔλεγεν·
3536 1717 3590 1768 '0
3619 1715 3804 1769 ,ποιῶν

2156 1799 2297 1864 τοὺς
2323 1801 2614 1868 ἀγγέλους
2640 1802 2823 1856 αὐτοῦ
2864 1802 3188 1869 πνεύματα,
3235 1802 3333 1856 καὶ
3365 1803 3505 1867 τοὺς
3535 1807 3800 1868 λειτουρο

2158 1884 2302 1950 τοὺς
2337 1885 2520 1938 αὐτοῦ
2565 1886 2753 1953 πυρὸς
2795 1890 3022 1956 φλόγαο
3069 1888 3130 1939 τὸ
3166 1889 3321 1957 ταχὺ,
3362 1887 3422 1940 τὸ
3465 1889 3680 1958 κοῦφον,
3738 1886 3800 1939 τὸ

2159 1970 2479 2040 δραστήριον
2513 1974 2642 2040 ήμῖν
2677 1973 2762 2025 διὰ
2786 1973 2894 2026 τῶν
2928 1972 3203 2044 στοιχείων
3233 1973 3432 2026 τούτων
3465 1973 3798 2043 ἐνδεικνύμεξ

2162 2075 2270 2119 νος.
2297 2056 2528 2110 Τοιαῦτα
2571 2058 2667 2110 καὶ
2698 2060 2752 2110 αί
2780 2057 3031 2129 δυνάμεις
3074 2059 3296 2125 αὑταὶά,
3320 2061 3571 2130 καθαροῖς
3598 2061 3799 2128 στόμα-

2163 2159 2247 2195 σιν
2273 2141 2603 2213 ἀνυμνοῦσαι
2635 2143 2727 2195 τὸν
2763 2144 3056 2212 Δεσπότην,
3086 2144 3242 2215 ἔργον
3293 2145 3448 2197 τοῦτο
3476 2147 3689 2213 ἔχουσαι
3724 2146 3808 2197 δι-

2161 2229 2391 2299 ηνεκῶς,
2407 2230 2679 2300 εὐφημίας
2705 2231 3082 2301 ἀναφέρουσαι,
3105 2232 3436 2302 λειτουργίαν
3454 2233 3806 2285 ἀδιάλειπτον.

2163 2316 2407 2369 Δείκνυσι
2438 2317 2494 2368 δὲ
2524 2317 2699 2370 αὐτῶν
2729 2318 2788 2369 τὸ
2823 2317 3034 2387 ἀξίωμα
3057 2317 3116 2370 τὸ
3143 2319 3365 2387 πλησίον
3394 2316 3528 2372 εἶναι
3562 2317 3654 2372 τοῦ
3683 2319 3808 2389 θρό-

2163 2419 2274 2459 νου.
2308 2403 2571 2474 Καθάπερ
2593 2404 2700 2472 γάρ
2733 2405 2822 2456 ἐπὶ
2849 2405 2955 2457 τῶν
2986 2405 3245 2474 βασιλέων
3269 2406 3375 2457 τῶν
3417 2407 3507 2457 ἐπὶ
3536 2406 3638 2474 γῆς
3665 2408 3712 2457 οἱ
3751 2408 3810 2458 ἐν

2167 2491 2405 2560 μείζοσιν
2428 2489 2727 2560 ἀξιώμασιν
2752 2489 2920 2555 δντες,
2945 2492 3072 2562 παρ’
3099 2491 3259 2569 αὑτὸν
3293 2493 3550 2561 ἑστήκασι
3578 2492 3667 2543 τὸν
3687 2491 3811 2561 θρό-

2164 2594 2251 2628 νον
2275 2577 2362 2628 τδν
2408 2577 2710 2645 βασιλικόνο
2749 2576 2890 2629 οὑτω
2927 2576 2990 2646 δὴ
3029 2576 3121 2627 καὶ
3153 2573 3309 2629 αὑται
3343 2578 3400 2628 αἱ
3439 2577 3692 2646 δυνάμεις
3724 2577 3810 2629 διά

2164 2663 2260 2731 τὴν
2290 2663 2725 2732 ὑπερϐάλλουσαν
2777 2663 2973 2732 ἀρετὴν
3022 2659 3112 2716 τὸν
3155 2661 3264 2712 ἄνω
3307 2662 3489 2730 θρόνον
3535 2663 3805 2726 κυκλοῦσι,

2164 2747 2263 2816 τῆς
2293 2749 2598 2818 ἀπορρήτου
2629 2749 3021 2819 μακαριότητος
3038 2751 3399 2805 ἀπολαύουσαι
3417 2750 3694 2822 διηνεκῶς,
3719 2751 3812 2808 καὶ

2165 2835 2501 2904 ἐντρυφῶσαι
2532 2837 2596 2903 τῇ
2641 2835 2884 2905 μακαρία
2924 2835 3072 2904 λήξει
3102 2835 3202 2904 τῆς
3228 2838 3562 2907 λειτουργίας
3589 2841 3806 2908 ταύτης.

2171 2919 2273 2983 Ἓξ
2312 2921 2596 2985 πτέρυγες
2633 2919 2711 2984 τῷ
2744 2921 2853 2984 ἐνί,
2883 2923 2980 2974 καὶ
3022 2921 3091 2984 ἐξ
3131 2922 3412 2992 πτέρυγες
3443 2924 3520 2985 τῷ
3556 2927 3668 2979 ἐνί.
3707 2927 3811 2979 Καί

2165 3005 2293 3072 ταῖς
2324 3006 2440 3074 μὲν
2476 3005 2618 3059 δυσί
2672 3007 3120 3060 κατεκάλυπτον
3159 3009 3298 3072 τοὺς
3343 3011 3529 3076 πόδας
3566 3011 3810 3078 ἑαυτῶν,

2165 3092 2293 3156 ταῖς
2329 3092 2396 3144 δὲ
2416 3092 2555 3144 δυσί
2577 3092 3025 3145 κατεκάλυπτον
3041 3095 3111 3146 τὰ
3126 3097 3410 3159 πρόσωπα
3433 3096 3674 3160 ἑαυτῶν,
3717 3098 3812 3149 καί

2166 3178 2294 3242 ταῖς
2321 3177 2500 3230 δυσὶν
2527 3178 2830 3230 ἐπέτοντο.
2850 3177 2957 3229 Καὶ
2987 3178 3302 3246 ἐκέκραγεν
3327 3180 3523 3247 ἕτερος
3539 3184 3683 3249 πρὸς
3711 3186 3814 3235 τὸν

2167 3262 2389 3328 ἕτερον,
2409 3262 2504 3314 καὶ
2534 3263 2742 3330 ἔλεγον
2760 3278 2772 3290 ·
2804 3263 3020 3329 Ἄγιος,
3053 3263 3234 3330 ἅγιος,
3260 3265 3441 3331 ἅγιος,
3474 3269 3682 3332 Κύριος
3709 3273 3816 3322 Σα-

2169 3341 2340 3398 ϐαώθ.
2372 3343 2616 3410 Πλήρης
2643 3342 2810 3397 πᾶσα
2849 3345 2887 3410 ἡ
2919 3344 2991 3412 γῆ
3024 3343 3134 3410 τῆς
3159 3345 3342 3412 δόξης
3373 3349 3577 3401 αὐτοῦ.
3608 3351 3669 3400 Τί
3696 3350 3816 3417 βού-

2168 3429 2314 3481 λεται
2356 3431 2483 3498 ἡμῖν
2517 3428 2685 3482 ταῦτα
2717 3429 2782 3482 τά
2822 3431 3012 3499 πτερά,
3046 3431 3138 3482 καὶ
3165 3431 3216 3482 τί
3239 3434 3556 3487 αἰνίττονται
3590 3437 3720 3505 ήμίν
3759 3439 3813 3488 αί

2169 3515 2470 3584 πτέρυγες;
2503 3516 2575 3568 Οὐ
2603 3515 2709 3584 γὰρ
2738 3517 2798 3586 δή
2828 3517 2998 3585 πτερά
3027 3517 3118 3569 ἐπὶ
3165 3518 3260 3579 τὰς
3304 3520 3623 3587 ἀσωμάτους
3655 3524 3812 3577 δυνάο

2171 3619 2288 3670 μεις
2334 3602 2580 3662 ἐκείνας·
2616 3601 2750 3653 ἀλλά
2806 3602 2964 3654 πάλιν
3021 3601 3109 3654 διά
3161 3605 3475 3673 παχυτέρων
3523 3609 3814 3675 σχημάτων

2167 3688 2447 3758 ἀπόρρητά
2494 3704 2611 3739 τινα
2641 3689 2768 3756 ήμῖν
2810 3689 2838 3738 6
2882 3689 3161 3757 προφήτης
3202 3691 3513 3759 παραδηλοῖ,
3542 3709 3812 3759 συγκατα-

2168 3773 2366 3827 ϐαίνων
2400 3775 2495 3842 μὲν
2521 3775 2586 3842 τῇ
2620 3772 2868 3840 ἀσθενείᾳ
2893 3773 2998 3824 τῶν
3026 3775 3141 3824 τότε
3173 3775 3554 3844 ἀκροωμένων,
3583 3780 3728 3846 ὅμως
3756 3781 3812 3833 δὲ

2169 3861 2262 3914 καὶ
2280 3861 2364 3914 διὰ
2383 3861 2478 3929 τῆς
2503 3857 2954 3926 συγκαταϐάσεως
2979 3859 3155 3911 πᾶσαν
3176 3860 3407 3912 διάνοιαν
3427 3862 3813 3932 ὑπερϐαίνοντα

2169 3947 2410 4014 νοήματα
2441 3943 2577 4015 μετά
2607 3942 2888 4013 ἀκριϐείας
2910 3945 3039 4012 ἡμῖν
3069 3943 3487 4014 ἐνδεικνύμενος.

2239 4035 2307 4097 γ’.
2331 4030 2394 4081 Τί
2429 4029 2521 4081 οῦν
2542 4029 2863 4081 αίνίττονται
2882 4029 2937 4079 αἱ
2958 4026 3221 4098 πτέρυγες
3238 4046 3252 4094 ;
3272 4029 3342 4081 T6
3358 4031 3554 4099 ὑψηλὸν
3568 4034 3657 4085 καὶ
3686 4051 3811 4104 μετ-

2172 4115 2356 4185 άρσιον
2382 4114 2484 4166 τῶν
2522 4114 2796 4183 δυνάμεων
2837 4113 3058 4167 τούτων.
3083 4113 3238 4166 Οῦτω
3267 4117 3361 4167 καὶ
3389 4120 3417 4168 6
3451 4118 3684 4190 Γαϐριὴλ
3717 4140 3812 4174 πε-

2170 4202 2410 4270 τόμενος,
2451 4200 2543 4251 καὶ
2575 4201 2636 4251 ἐκ
2670 4200 2776 4252 τῶν
2804 4199 3039 4267 οὐρανῶν
3075 4200 3408 4254 καταϐαίνων
3433 4206 3694 4271 φαίνεται,
3727 4209 3811 4260 ἵνα

2175 4287 2348 4356 μάθῃς
2377 4284 2438 4337 :6
2473 4286 2605 4353 ταχὺ
2644 4285 2734 4336 καὶ
2773 4285 2990 4352 κοῦφον.
3020 4285 3124 4337 Καὶ
3158 4286 3470 4365 θαυμάζεις,
3509 4292 3556 4343 εἰ
3587 4294 3674 4344 ἐπὶ
3706 4295 3811 4348 τῶν

2170 4371 2551 4440 λειτουργικῶν
2589 4371 2864 4438 δυνάμεων
2915 4371 3136 4435 ταύταις
3184 4377 3303 4437 ταῖς
3333 4375 3505 4438 λέξεσι
3530 4379 3801 4448 κέχρηται,

2170 4459 2300 4511 ὅπου
2324 4473 2386 4525 γε
2424 4459 2517 4509 καὶ
2543 4459 2628 4508 ἐπ’
2663 4457 2824 4509 αὑτοῦ
2865 4458 2956 4509 τοῦ
2986 4459 3094 4511 τῶν
3133 4459 3267 4513 ὅλων
3311 4460 3442 4514 Θεοῦ
3477 4464 3536 4515 οὑ
3569 4470 3808 4539 παρῃτή-

2173 4560 2298 4595 σατο
2326 4543 2526 4612 ταύτην
2575 4543 3045 4613 μεταχειρίσασθαι
3077 4547 3174 4614 τὴν
3212 4550 3640 4618 συγκατάϐασιν;
3677 4555 3808 4605 Βου-

2171 4632 2386 4699 λόμενος
2421 4633 2526 4701 γὰρ
2549 4631 2709 4683 αὐτοῦ
2734 4631 2897 4696 δεῖξαι
2923 4631 2954 4701 ἢ
2991 4631 3050 4683 τὸ
3083 4633 3383 4704 ἀσώματον,
3412 4637 3444 4706 ἢ
3470 4639 3528 4689 τὸ
3555 4642 3686 4708 ταχὺ
3715 4643 3810 4709 τῆς

2172 4715 2441 4784 πανταχοῦ
2493 4717 2805 4785 παρουσίας,
2854 4719 3016 4784 φησὶν
3058 4721 3086 4769 6
3127 4721 3322 4772 Δαυῖδ’
3367 4723 3429 4774 '0
3480 4725 3812 4790 περιπατῶν

2171 4797 2266 4849 ἐπὶ
2289 4799 2588 4863 πτερύγων
2607 4798 2854 4865 ἀνέμων.
2883 4800 3069 4850 Καίτοι
3098 4798 3210 4869 [67]
3234 4818 3294 4867 γε
3323 4801 3442 4855 οὑτε
3467 4805 3652 4875 ἄνεμοι
3681 4809 3811 4860 πτέ-

2178 4899 2339 4951 ρυγας
2362 4882 2586 4952 ἔχουσιν,
2613 4881 2731 4933 οὑτε
2755 4881 2912 4944 αὐτὸς
2937 4883 3026 4935 ἐπὶ
3053 4886 3333 4954 πτερύγων
3357 4895 3655 4958 περιπατεῖ.
3689 4894 3810 4956 Πῶς

2173 4971 2299 5036 γάρ,
2332 4971 2360 5020 6
2393 4968 2660 5036 πανταχοῦ
2705 4967 2925 5038 παρών;
2963 4969 3099 5022 Ἀλλ’
3134 4972 3267 5041 ὅπερ
3312 4973 3478 5044 ἔφθην
3517 4976 3702 5040 εἰπὼν,
3742 4983 3806 5050 τῇ

2174 5055 2422 5124 ἀσθενείᾳ
2447 5055 2552 5106 τῶν
2574 5055 2870 5107 ἀκουόντων
2897 5059 3356 5122 συγκαταϐαίνων,
3387 5061 3490 5113 ἀπὸ
3513 5064 3617 5115 τῶν
3640 5067 3809 5135 ἐγχω-

2177 5141 2406 5211 ρούντων
2427 5141 2623 5209 ἀνῆγεν
2649 5140 2821 5192 αὐτῶν
2842 5141 2936 5209 τὴν
2964 5142 3212 5199 διάνοιαν.
3241 5147 3345 5198 Καὶ
3372 5147 3530 5201 πάλιν
3559 5151 3656 5220 τὴν
3683 5152 3809 5222 βοήο

2177 5228 2322 5280 θειαν
2355 5227 2515 5282 αὑτοῦ
2548 5228 2863 5297 βουλόμενος
2908 5231 3001 5282 καὶ
3047 5231 3142 5300 τὴν
3192 5235 3254 5286 ἐκ
3293 5237 3490 5306 ταύτης
3517 5240 3810 5308 ἀσφάλειαν

2177 5314 2518 5379 ἐνδείξασθαι,
2551 5319 2663 5378 ταῖς
2691 5316 2876 5378 αὐταῖς
2909 5316 3164 5386 κέχρηται
3189 5319 3407 5386 λέξεσιν,
3433 5323 3572 5377 οὕτω
3604 5325 3774 5394 λέγων
3793 5346 3807 5360 ·

2190 5403 2289 5456 Ἑν
2319 5401 2514 5469 σκέπῃ
2541 5401 2655 5454 τῶν
2701 5403 3001 5470 πτερύγων
3039 5418 3153 5456 σου
3197 5406 3521 5474 σκεπάσεις
3553 5429 3648 5478 με.
3695 5415 3806 5465 Ἐν-

2237 5545 2406 5619 δβεε.
2435 5547 2778 5621 εῑιδενὶιο..φῶς
2805 5549 3083 5621 ἀπόρρητον.
3116 5550 3282 5621 διον-ει.
3333 5558 3382 5602 et
3425 5555 3678 5608 Bavan'cus
3717 5564 3811 5621 φῶς

2176 5609 2445 5672 ἀπρόσιτον,
2469 5616 2617 5672 ειιςιυιιΔ
2635 5609 2844 5672 ila‘legit
2864 5609 3144 5657 Tilmanuus
3167 5611 3422 5672 interpres.

2240 5673 2261 5697 ε
2293 5670 2410 5724 Reg.
2443 5668 2658 5736 elSayil:
2697 5669 2907 5736 δυνάμεις
2925 5672 3182 5736 ἀσώματοι.
3220 5668 3396 5736 ﬂore}.
3435 5677 3644 5736 δυνάμεις
3683 5681 3812 5727 ἀσω.

2179 5728 2347 5795 μάτους
2371 5737 2523 5795 rec_te,
2545 5734 2596 5774 et
2620 5729 2689 5795 sig
2705 5728 3097 5795 eliatnrernendat
3122 5731 3328 5795 Sayiliqs
3346 5735 3392 5782 in
3417 5728 3649 5795 margine}

2212 5787 2267 5894 ιιι
2293 5789 2546 5839 Bavaricus
2567 5790 2777 5838 τοιαῦται
2819 5794 2867 5839 αῖ
2908 5791 3116 5851 δυνάμεις
3163 5793 3317 5840 αὐταί.
3360 5795 3456 5844 Alii
3506 5787 3699 5845 ⁸ἶοιαῖἓτιι
3732 5798 3807 5848 ad

2179 5863 2244 5896 αι.
