4058 6216
220 367 299 422 (39
1492 344 1557 399 [Ν
1599 344 1848 411 ISAIAM,
1888 345 2017 402 CAP
2044 389 2057 402 .
2101 347 2189 404 Vl.
3395 375 3464 429 70

214 468 383 528 modo
408 469 458 524 in
486 482 632 530 aura,
658 464 816 521 modo
856 464 908 519 in
952 465 1093 534 igne,
1120 476 1259 516 nunc
1284 477 1314 516 a
1355 468 1504 530 tergo
1538 474 1802 529 apparen-

215 575 330 619 tem
354 606 369 631 ,
395 576 535 616 nunc
560 574 722 630 super
750 556 1037 613 Cherubim
1058 597 1072 620 ,
1103 565 1156 610 et
1184 555 1249 608 ad
1278 553 1666 608 metallicarum
1694 566 1807 605 ma-

217 656 477 709 teriarum
516 652 682 720 magis
722 649 1103 720 pellucidarum
1153 646 1489 716 splendorem
1522 644 1801 713 imaginem

214 745 661 800 conformantem.
712 741 821 795 Cur
868 754 997 808 ergo
1037 736 1197 791 modo
1231 745 1465 789 armatus
1493 743 1712 803 apparet
1750 742 1803 788 et

215 850 411 891 cruore
437 846 771 902 conspersus,
794 828 1079 900 aliquando
1095 829 1146 883 in
1170 828 1309 898 igne,
1330 826 1488 881 modo
1511 825 1803 894 posteriora

216 927 529 989 ostenderis,
557 923 715 978 modo
743 923 793 976 in
840 921 991 986 caelo,
1042 917 1202 973 modo
1238 919 1289 971 in
1325 918 1479 982 solio,
1508 931 1649 970 nunc
1674 929 1801 969 vero

214 1034 277 1073 su
287 1034 379 1088 per
390 1017 697 1080 Cherubim,
718 1029 822 1068 non
849 1011 1127 1082 praesentis
1151 1009 1404 1078 temporis
1422 1008 1578 1062 fuerit
1597 1007 1797 1072 dicere,

214 1125 283 1164 ne
305 1109 647 1162 corollarium
679 1106 769 1159 ﬁat
796 1118 960 1173 opere
998 1103 1190 1171 majus.
1224 1101 1436 1155 Interim
1477 1114 1654 1168 opera:
1681 1112 1803 1166 pre-

214 1201 348 1252 tium
388 1199 546 1251 fuerit
585 1197 651 1251 de
681 1194 931 1264 praesenti
974 1193 1181 1246 visione
1219 1191 1504 1245 disserere.
1534 1188 1641 1244 Cur
1670 1202 1800 1257 ergo

213 1302 358 1344 nunc
386 1289 462 1342 sic
497 1295 715 1357 apparet
736 1300 896 1354 super
921 1283 1111 1339 solium
1142 1281 1356 1347 sedens,
1396 1290 1451 1335 et
1489 1293 1608 1333 cum
1639 1277 1799 1333 Sera-

213 1377 406 1447 phim?
441 1378 737 1431 Humanum
760 1390 965 1429 morem
991 1374 1242 1437 imitatur,
1263 1372 1382 1441 quia
1413 1386 1534 1424 cum
1566 1369 1799 1424 homini-

212 1471 311 1525 bus
329 1483 509 1523 sermo
531 1468 627 1538 ipsi
657 1477 792 1521 erat.
819 1466 951 1531 Quia
979 1464 1117 1519 enim
1143 1462 1466 1517 sententiam
1499 1460 1800 1529 prolaturus

208 1570 295 1615 est
323 1561 393 1616 de
417 1561 619 1630 magnis
640 1560 800 1615 rebus
828 1558 1002 1628 deque
1033 1566 1143 1611 toto
1170 1566 1432 1609 terrarum
1461 1554 1613 1616 orbe,
1654 1555 1800 1608 insu-

212 1652 417 1722 perque
442 1654 509 1707 de
524 1650 890 1720 Jerosolymis,
922 1647 1191 1717 duplicem
1216 1646 1418 1716 profert
1441 1645 1758 1699 sententiam
1779 1685 1794 1710 ,

207 1744 433 1798 alteram
458 1757 559 1812 qua
588 1755 796 1811 poenam
824 1738 1067 1793 decernit
1100 1736 1219 1791 urbi
1252 1745 1305 1791 et
1326 1736 1469 1806 genti
1508 1735 1636 1800 toti,
1667 1735 1799 1790 alte-

206 1850 321 1889 ram
344 1850 462 1903 que:
487 1832 798 1888 beneﬁcium
839 1830 955 1885 orbi
982 1838 1264 1895 terrarum,
1280 1843 1630 1900 magnamque
1649 1842 1799 1897 spem

207 1929 497 1999 pollicetur
547 1937 598 1983 et
629 1927 860 1981 honores
884 1922 1231 1978 immortales.

276 2020 332 2073 τὶ.
351 2019 466 2073 Mos
490 2026 571 2072 est
587 2026 761 2071 autem
779 2015 1048 2087 iudicibus
1063 2014 1179 2069 htec
1195 2029 1300 2068 non
1318 2013 1456 2068 clam
1479 2012 1672 2077 facere,
1694 2011 1789 2067 sed

206 2111 262 2167 in
288 2111 502 2166 excelso
533 2108 780 2164 tribunali
827 2107 1110 2175 sedentes,
1160 2108 1408 2161 omnibus
1434 2099 1792 2161 adstantibus,

203 2214 260 2258 et
305 2204 592 2258 contractis
624 2201 774 2256 velis.
810 2200 918 2255 llos
948 2199 1161 2253 imitans
1212 2198 1353 2252 Deus
1387 2196 1485 2251 sibi
1508 2196 1792 2251 Cherubim

203 2293 419 2349 adstare
442 2294 619 2363 jussit,
652 2301 703 2349 et
734 2292 786 2346 in
817 2290 1031 2346 excelso
1056 2288 1193 2344 solio
1232 2289 1403 2355 sedet,
1436 2286 1620 2356 sicque
1664 2301 1791 2340 sen-

206 2390 428 2440 tentiam
477 2385 614 2440 hanc
653 2383 874 2452 profert.
910 2382 977 2436 Et
1006 2390 1064 2436 ut
1091 2380 1268 2435 discas
1309 2394 1422 2433 rem
1452 2392 1558 2433 non
1604 2378 1791 2447 conje-

202 2485 357 2530 ctura
388 2472 587 2528 tantum
641 2475 760 2535 niti,
811 2471 905 2527 sed
936 2471 1078 2525 hunc
1118 2470 1190 2524 illi
1225 2483 1427 2524 morem
1466 2468 1630 2522 iuisse
1654 2508 1669 2531 ,
1720 2483 1787 2521 ex

201 2566 309 2621 alio
338 2581 549 2635 quoque
587 2563 842 2634 propheta
874 2562 921 2616 id
962 2561 1135 2631 palam
1188 2560 1359 2613 facere
1387 2557 1622 2611 tentabo.
1660 2557 1789 2610 Nam

200 2654 344 2723 apud
373 2655 663 2719 Danielem,
696 2653 944 2722 quoniam
974 2651 1045 2705 ibi
1072 2651 1230 2704 etiam
1254 2648 1568 2703 sententiam
1600 2662 1789 2716 quam-

204 2743 328 2797 dam
355 2758 597 2812 magnam
630 2742 932 2811 prolaturus
954 2748 1071 2794 erat
1098 2739 1238 2793 circa
1260 2738 1518 2808 supplicia
1550 2746 1601 2791 et
1632 2737 1789 2791 ultio-

202 2848 300 2889 nes
329 2833 527 2889 Judmis
559 2831 863 2887 inferendas
886 2872 901 2896 ,
953 2839 1007 2885 et
1028 2829 1169 2884 circa
1215 2830 1349 2884 bona
1377 2843 1496 2897 qua:
1540 2827 1656 2881 orbi
1684 2836 1792 2880 ter-

202 2938 384 2978 rarum
407 2922 724 2979 conferenda
746 2931 918 2988 erant,
943 2921 1135 2975 solium
1157 2934 1363 2989 quoque
1377 2927 1595 2989 apparet
1618 2918 1792 2987 splen-

202 3013 385 3067 didum
419 3022 472 3068 et
513 3014 878 3083 conspicuum,
918 3020 973 3067 et
997 3012 1305 3081 angelorum
1333 3010 1527 3063 chorus
1549 3009 1785 3073 adstans,

201 3113 259 3157 et
298 3102 735 3171 areliangelorum
790 3110 977 3167 cmtus,
1024 3109 1079 3156 et
1124 3100 1431 3168 Unigenitus
1473 3100 1683 3165 sedens,
1735 3108 1787 3154 et

201 3192 323 3247 libri
350 3193 677 3261 aperiuntur,
724 3200 777 3247 et
808 3191 951 3245 ﬂuvii
998 3191 1136 3259 ignei
1181 3198 1424 3254 manant,
1470 3198 1524 3243 et
1554 3191 1787 3259 undique

202 3282 479 3338 tribunalis
526 3281 695 3335 forma
746 3281 1085 3335 constituitur
1114 3279 1271 3349 (Dan.
1293 3281 1368 3348 7).
1422 3277 1557 3332 Sunt
1607 3289 1782 3333 autem

201 3377 289 3431 illa
330 3377 508 3430 omnia
542 3376 604 3429 iis
647 3374 844 3439 afﬁnia,
876 3389 993 3443 qua:
1025 3372 1111 3426 hic
1153 3379 1434 3426 narrantur
1461 3388 1476 3425 :
1506 3380 1593 3425 aut
1624 3371 1781 3425 etiam

198 3468 436 3536 apertius
483 3467 528 3520 is
559 3466 671 3520 hanc
717 3465 1031 3528 annuntiat,
1086 3463 1206 3532 quia
1250 3460 1500 3516 viciniora
1548 3471 1783 3528 tempora

204 3559 291 3613 illa
323 3567 496 3624 erant,
528 3569 580 3613 et
610 3558 674 3611 ad
707 3557 848 3626 ipsas
876 3556 1091 3610 demum
1120 3554 1262 3608 fores
1301 3552 1573 3622 prepltetia
1600 3566 1783 3620 perve-

198 3648 577 3702 nerat.Verum
609 3646 721 3700 hrcc
747 3646 998 3700 studiosis
1028 3645 1409 3713 relinquentes,
1435 3653 1490 3696 ut
1522 3641 1773 3709 colligant

194 3746 247 3792 et
293 3748 602 3806 apponant,
646 3747 699 3790 et
728 3736 1002 3804 utriusque
1034 3735 1324 3803 prephetiae
1372 3731 1774 3785 consonantiam

194 3829 458 3888 ediscant,
489 3830 563 3880 uti
589 3828 696 3896 jam
725 3827 851 3891 dixi,
882 3841 997 3879 eam
1027 3840 1184 3893 quam
1226 3823 1377 3877 nobis
1404 3822 1779 3890 proposuimus

182 3914 300 3982 jam
337 3926 585 3973 accurate
631 3925 938 3979 tractemus,
990 3931 1089 3985 pro
1136 3913 1275 3967 virili
1322 3920 1501 3965 nostra
1547 3911 1780 3980 singulas

195 4010 455 4065 dictiones
478 4006 856 4075 expendentes.
886 4005 956 4060 Ita
987 4004 1129 4059 enim
1170 4013 1223 4057 et
1254 4003 1405 4056 nobis
1431 4011 1484 4056 et
1510 4002 1660 4056 vobis
1691 4000 1775 4054 di-

196 4098 452 4153 lucidiora
479 4106 636 4153 erunt
659 4111 719 4151 ea
736 4111 853 4165 qua:
874 4096 1009 4149 dicta
1028 4102 1168 4149 sunt.
1194 4093 1328 4161 Quid
1355 4093 1512 4162 igitur
1526 4092 1634 4145 ait?
1666 4090 1779 4142 Vidi

199 4186 474 4241 Dominum
502 4186 768 4239 sedentem.
798 4183 851 4236 In
884 4184 1019 4236 solio
1047 4183 1257 4247 sedere,
1310 4196 1520 4248 semper
1562 4178 1776 4248 symbo-

196 4281 302 4335 lum
322 4278 508 4347 judicii
536 4284 636 4341 est,
683 4273 1128 4344 quemadmodum
1152 4271 1312 4325 David
1344 4272 1417 4322 ait
1444 4287 1455 4322 :
1485 4269 1677 4322 Sedisti
1696 4284 1774 4322 su-

166 4383 286 4440 ’ρετ
334 4372 573 4422 thronum
618 4367 703 4435 qui
736 4366 943 4437 judicas
979 4366 1234 4434 justitiam
1272 4363 1448 4435 (Psal.
1475 4362 1659 4431 9.4);
1717 4370 1777 4414 et

201 4460 382 4515 Daniel
418 4457 649 4513 :Tltrom'
699 4457 847 4526 positi
884 4465 1039 4522 sunt,
1085 4465 1130 4508 et
1157 4454 1418 4522 judicium
1458 4452 1584 4505 sedit
1613 4450 1773 4518 (Dan.

198 4550 372 4621 7.9).
407 4548 610 4605 Sedere
638 4556 812 4600 autem
857 4546 1063 4615 simplic
1108 4560 1166 4599 er
1214 4544 1431 4597 alterius
1479 4541 1774 4610 symbolum

196 4650 295 4708 cst,
317 4642 392 4695 ait
422 4639 697 4709 propheta.
728 4636 1051 4705 Cujusnam?
1079 4636 1262 4703 Firmi,
1295 4635 1575 4697 manentis,
1591 4646 1778 4700 proce-

198 4733 393 4796 dentis,
420 4729 780 4793 immutabilis,
801 4727 1354 4790 interminabilis,vit:e
1376 4723 1775 4794 perennis.ldeo

198 4825 301 4877 ait:
326 4821 407 4876 Tu
438 4820 632 4874 sedens
660 4818 712 4870 in
736 4821 1009 4885 smculum,
1037 4827 1091 4872 et
1108 4832 1204 4871 nos
1230 4824 1512 4887 pereuntes
1537 4816 1588 4868 in
1608 4829 1777 4867 saecu-

198 4915 305 4970 lum
326 4914 423 4986 (a).
462 4914 564 4979 Tu,
593 4914 782 4983 inquit,
813 4925 1057 4975 manens,
1091 4910 1372 4974 exsistens,
1400 4906 1602 4969 vivens,
1635 4920 1775 4958 sem-

200 5022 293 5077 per
319 5006 506 5061 eodem
528 5006 796 5061 exsistens
824 5004 1005 5057 modo.
1028 5001 1179 5067 Quod
1211 4999 1351 5053 enim
1380 4997 1431 5051 id
1461 5012 1565 5051 non
1584 4996 1773 5049 dixerit

199 5096 263 5151 de
288 5094 560 5159 cathedra,
613 5094 721 5162 ipsa
761 5092 1030 5147 distinctio
1055 5087 1452 5145 demonstravit.
1479 5085 1592 5139 Non
1634 5085 1773 5138 enim

198 5187 351 5254 dixit,
381 5186 489 5242 Nos
515 5195 734 5251 stantes,
768 5184 882 5249 sed,
909 5193 1211 5253 pereuntes.
1246 5179 1375 5233 illud
1406 5186 1578 5231 autem
1612 5177 1662 5229 in
1686 5190 1773 5228 so-

200 5279 271 5335 lio
296 5277 507 5343 sedere,
537 5276 588 5331 id
616 5284 697 5331 est
720 5274 977 5344 judicare.
1008 5273 1134 5328 ideo
1164 5273 1335 5340 ipsum
1376 5270 1451 5322 sic
1497 5268 1641 5320 videt
1685 5282 1775 5319 se-

198 5370 413 5427 dentem
440 5383 598 5438 super
623 5367 809 5421 solium
838 5364 1110 5419 excelsum
1125 5372 1178 5417 et
1200 5363 1462 5417 elevatum
1489 5359 1607 5424 ;vel
1634 5356 1775 5411 aliud

200 5464 325 5528 hoc,
347 5460 490 5517 aliud
522 5459 649 5515 illud
676 5457 993 5513 subindicat.
1026 5456 1230 5510 Etenim
1254 5454 1520 5509 excelsum
1552 5458 1665 5504 erat
1691 5464 1777 5501 so-

199 5554 346 5617 lium,
393 5551 445 5606 id
474 5559 555 5606 est
591 5562 839 5620 magnum
870 5555 925 5602 ct
951 5545 1267 5600 altissimum
1289 5586 1303 5611 ,
1333 5552 1384 5597 et
1414 5543 1695 5605 elevatum,
1727 5539 1776 5593 id

262 5686 332 5746 (a)
366 5683 573 5746 Videtur
615 5682 693 5733 hic
723 5681 1084 5746 Chrysostomus
1120 5677 1280 5746 locum
1326 5678 1535 5746 aliquem
1571 5672 1776 5743 nani‘clis

200 5738 393 5800 amare.
419 5753 502 5797 aut
523 5744 725 5797 alterius
741 5738 1017 5807 prdphetzn;
1041 5742 1131 5792 scd
1152 5740 1337 5791 nullum
1361 5738 1509 5789 talem
1530 5738 1741 5799 reperio.

1908 470 2023 526 est,
2072 462 2344 519 immensa:
2370 465 2661 523 altitudinis
2706 482 2965 537 apparens
3016 480 3071 527 et
3114 475 3373 534 sublimis.
3412 480 3477 534 Et

1907 550 2057 619 plena
2082 561 2187 604 erat
2228 553 2406 609 domus
2430 557 2593 624 gloria
2622 559 2747 628 ejus.
2778 559 2909 627 Quae
2948 560 3174 618 domus?
3202 567 3287 621 dic
3323 571 3476 632 mihi.

1905 640 2205 712 Templum.
2228 644 2357 711 Quia
2377 647 2515 701 enim
2540 650 2685 704 illinc
2705 651 3328 722 oriebanturinimicitite,
3356 660 3479 725 jure

1906 730 1958 785 in
1980 731 2077 787 hac
2098 733 2327 789 mirabili
2347 736 2548 793 visione
2569 739 2638 792 ibi
2659 743 2982 810 conSpicitur
3005 746 3214 801 sedens.
3239 749 3473 807 Gloriam

1903 832 2079 877 autem
2123 823 2209 879 hic
2236 835 2391 881 vocat
2438 828 2989 899 splendorem,lucem
3033 836 3471 912 inaccessililem,

1903 930 2060 983 quam
2088 930 2206 969 cum
2233 933 2337 972 non
2379 928 2561 988 posset
2595 923 2766 977 verbis
2792 926 3109 993 exprimere,
3140 930 3358 999 gloriam
3387 946 3481 984 vo-

1902 1007 2062 1072 cavit,
2097 1023 2269 1078 neque
2298 1010 2611 1079 simpliciter
2629 1013 2869 1081 gloriam,
2901 1016 2995 1071 sed
3029 1018 3120 1073 Dei
3145 1020 3386 1089 gloriam.
3412 1025 3467 1079 2.

1904 1096 1972 1150 Et
2011 1098 2281 1167 Seraphim
2324 1100 2521 1155 stabant
2563 1103 2615 1156 in
2653 1104 2864 1157 circuitu
2891 1108 3015 1177 ejus.
3064 1109 3312 1174 Qumnam
3342 1114 3473 1169 dic?t

1902 1190 2018 1246 hzec
2042 1191 2353 1262 Serapltim?
2378 1193 2615 1250 Virtutes
2638 1196 2978 1265 incorporeas
2993 1214 3337 1268 supernorum
3362 1220 3478 1274 cm-

1902 1290 2047 1335 tuum
2066 1323 2079 1347 ,
2123 1298 2343 1351 quarum
2373 1282 2620 1338 virtutem
2652 1294 2705 1339 et
2729 1284 3106 1343 beatitudinem
3132 1306 3195 1345 ex
3234 1293 3349 1362 ipso
3376 1310 3475 1351 no-

1902 1374 2045 1427 mine
2063 1374 2241 1429 videre
2258 1382 2359 1429 est.
2383 1374 2511 1428 Nam
2536 1375 2791 1431 Hebraica
2820 1377 2996 1449 lingua
3020 1379 3293 1452 Serapltim
3313 1386 3471 1455 ignita

1900 1479 1992 1517 ora
2023 1464 2317 1533 significant
2346 1463 2441 1537 (a).

1982 1552 2231 1607 Virtutum
2255 1556 2526 1608 calestium
2556 1555 2807 1626 oﬂicia.—
2822 1557 2957 1623 Quid
2984 1560 3143 1629 igitur
3170 1561 3291 1617 hinc
3314 1564 3474 1621 disci-

1900 1645 2055 1699 mus?
2081 1645 2366 1700 Puritatem
2393 1646 2721 1714 substantiae,
2750 1648 3090 1717 vigilantiam,
3121 1652 3468 1725 diligentiam,

1901 1735 2210 1804 agilitatem,
2244 1737 2349 1789 vim
2393 1736 2669 1805 operandi,
2701 1737 3035 1794 munditiem.
3070 1740 3147 1794 Ita
3172 1743 3313 1797 enim
3345 1760 3470 1813 pro-

1900 1826 2059 1895 pheta
2088 1826 2253 1881 David
2286 1842 2632 1897 supernarum
2664 1838 2986 1899 potestatum
3017 1834 3315 1902 expeditum
3364 1839 3469 1891 mi-

1899 1916 2174 1971 nisterium
2196 1917 2382 1971 volens
2398 1918 2550 1971 nobis
2571 1919 2873 1984 ostendere,
2904 1936 3106 1975 necnon
3137 1925 3466 1983 velocitatem

1899 2006 2294 2074 agilitatemque
2337 2006 2656 2074 ministerii,
2687 2008 2896 2063 dicebat
2925 2027 2938 2063 :
2974 2012 3072 2076 Qui
3098 2016 3224 2082 fucis
3264 2018 3469 2085 angelos

1895 2106 2007 2151 tuos
2045 2101 2269 2167 spiritus,
2320 2108 2365 2151 et
2391 2099 2644 2153 ministros
2672 2109 2783 2154 tuos
2812 2102 3072 2170 ﬂammam
3117 2105 3246 2174 ignis
3295 2107 3464 2176 (I’sal.

1897 2190 2019 2245 105.
2042 2190 2129 2259 4);
2156 2190 2512 2256 velocitatem,
2545 2190 2831 2259 levitatem,
2856 2194 3140 2264 agilitatem
3190 2199 3340 2253 nobis
3372 2215 3468 2269 per

1897 2281 2012 2336 haec
2050 2282 2314 2337 elementa
2350 2282 2661 2337 ostendens.
2696 2283 3009 2353 ilujusmodi
3052 2287 3225 2342 ofﬁcia
3272 2290 3469 2346 habent

1897 2370 1979 2425 Im
2000 2372 2243 2435 virtutes,
2266 2386 2358 2426 ore
2386 2385 2519 2441 puro
2538 2371 2867 2428 celebrantes
2890 2375 3185 2442 Dominum,
3215 2378 3316 2432 hoc
3335 2395 3468 2449 opus

1890 2464 2090 2535 jngiter
2113 2463 2390 2529 habentes,
2420 2463 2603 2517 laudes
2632 2464 2937 2530 offerentes,
2970 2467 3281 2523 incessabile
3307 2472 3465 2525 mini-

1893 2555 2133 2609 sterium.
2185 2554 2378 2608 Earum
2420 2562 2598 2607 autem
2634 2552 2939 2623 dignitatem
2992 2555 3040 2609 id
3088 2568 3466 2615 commonstrat

1892 2645 2031 2713 quod
2078 2645 2213 2700 solio
2252 2644 2357 2698 sint
2396 2643 2604 2699 vicinae.
2637 2643 3088 2710 Quemadmodum
3136 2650 3274 2704 enim
3326 2652 3463 2719 apud

1894 2746 2137 2791 terrenos
2173 2750 2345 2805 reges,
2377 2735 2467 2805 qui
2511 2735 2563 2790 in
2595 2735 2797 2804 majore
2824 2734 3081 2805 dignitate
3111 2748 3252 2805 sunt,
3301 2756 3464 2809 prope

1892 2827 2085 2882 solium
2116 2828 2314 2895 regium
2347 2834 2491 2880 stant
2518 2844 2530 2879 :
2560 2827 2637 2880 sic
2659 2835 2710 2881 et
2737 2826 2818 2881 ita:
2848 2835 3137 2896 poteStates
3159 2830 3227 2883 ob
3255 2832 3462 2887 virtutis

1892 2919 2232 2974 eminentiam
2264 2917 2491 2972 sublime
2521 2918 2714 2971 solium
2740 2917 3162 2984 circumsistunt,
3212 2920 3461 2977 ineffabili

1891 3010 2221 3066 beatitudine
2250 3018 2505 3078 perpetuo
2533 3007 2788 3070 fruentes,
2822 3018 2875 3062 et
2917 3009 2968 3063 in
3006 3009 3157 3064 beata
3190 3022 3335 3066 sorte
3364 3013 3461 3067 hu-

1885 3102 2118 3168 jusmodi
2150 3101 2307 3155 cilicii
2334 3100 2644 3170 gaudentes.
2677 3099 2781 3155 Sea:
2804 3100 2901 3153 alte
2925 3101 3030 3164 uni,
3058 3110 3105 3153 et
3131 3118 3218 3154 sea:
3244 3104 3341 3155 ala:
3377 3105 3456 3157 al-

1890 3192 1998 3243 teri.
2034 3191 2095 3242 Et
2118 3190 2314 3260 quidem
2341 3191 2534 3243 duabus
2558 3190 2783 3241 uelabant
2811 3191 2958 3257 pedes
2979 3206 3113 3255 suos,
3146 3191 3337 3247 duabus
3365 3211 3459 3247 au-

1887 3291 1982 3336 tem
2008 3284 2234 3336 uelabant
2257 3282 2409 3349 facies
2433 3298 2549 3334 suas
2575 3279 2647 3352 (b)
2670 3322 2682 3343 ,
2709 3290 2755 3333 et
2782 3282 2976 3335 duabus
3005 3282 3255 3336 volabant.
3282 3284 3336 3337 '5.
3387 3285 3453 3339 Et

1886 3374 2167 3427 clamabant
2196 3375 2321 3428 alter
2340 3374 2407 3426 ad
2432 3373 2663 3438 alterum,
2694 3381 2739 3427 et
2776 3373 3038 3427 dicebant:
3068 3374 3303 3439 Sanctus,
3333 3394 3455 3431 san-

1886 3474 2013 3529 ctus,
2041 3473 2258 3527 sanctus,
2291 3462 2537 3515 Dominus
2576 3462 2821 3516 Sabaoth.
2857 3462 3021 3516 Plena
3050 3473 3120 3518 est
3147 3468 3305 3519 onmis
3326 3476 3455 3520 term

1885 3557 2046 3626 gloria
2076 3558 2199 3625 ejus.
2229 3554 2361 3619 Quid
2392 3555 2543 3607 nobis
2577 3553 2657 3607 hac
2680 3569 2870 3622 penna:
2898 3556 3208 3624 signiﬁcant,
3234 3566 3287 3612 et
3328 3560 3453 3627 quid

1885 3644 2037 3697 nobis
2066 3645 2163 3696 alae
2193 3643 2561 3696 subintlicant?
2585 3640 2768 3711 Neque
2795 3642 2934 3696 enim
2980 3645 3305 3713 incorporea:
3350 3649 3451 3705 illa:

1881 3742 2173 3801 potestates
2204 3733 2314 3786 alas
2347 3732 2545 3787 habent
2568 3749 2581 3784 :
2605 3732 2696 3786 sed
2720 3748 2930 3787 rursum
2955 3736 3298 3791 crassioribus
3326 3737 3429 3807 ﬁgu

1882 3826 1955 3879 ris
1986 3839 2175 3879 arcana
2199 3822 2439 3893 quaedam
2467 3822 2620 3877 nobis
2642 3823 2837 3877 indicat
2867 3826 3138 3893 propheta,
3164 3826 3445 3888 inﬁrmitati

1882 3931 2064 3970 eorum
2093 3916 2179 3985 qui
2210 3925 2335 3969 tunc
2369 3914 2653 3968 audiebant
2680 3930 2736 3968 se
2766 3923 3146 3983 attemperans,
3192 3919 3452 3986 simulque

1882 4010 2039 4064 etiam
2068 4024 2161 4077 per
2192 4008 2327 4061 hanc
2348 4007 2837 4075 attemperationem
2859 4021 3013 4060 sensa
3039 4008 3277 4077 quaadam
3307 4026 3452 4064 men-

1884 4112 1985 4155 tem
2020 4114 2231 4153 omnem
2258 4098 2559 4166 superantia
2587 4105 2833 4151 accurate
2860 4097 3011 4150 nobis
3038 4099 3341 4155 ostendens.

1950 4190 2001 4242 ὅ.
2043 4188 2177 4254 Quid
2217 4189 2373 4257 igitur
2418 4186 2753 4241 subindicant
2799 4186 2933 4240 alae?
2976 4187 3350 4243 Celsitudinem
3397 4200 3451 4246 et

1880 4281 2253 4335 sublimitatem
2285 4278 2470 4331 harum
2498 4277 2771 4331 virtutum.
2811 4276 2897 4332 Sic
2926 4288 2979 4331 et
3008 4277 3213 4333 Gabriel
3244 4281 3448 4346 volans,

1880 4382 1933 4425 et
1959 4372 2023 4424 de
2051 4371 2181 4424 caelo
2209 4368 2541 4424 descendens
2561 4377 2799 4437 apparet,
2830 4377 2887 4421 ut
2913 4367 3085 4421 discas
3115 4370 3448 4426 velocitatem

1880 4471 1933 4516 et
1955 4460 2240 4516 levitatem.
2276 4460 2341 4513 Et
2365 4458 2489 4529 quid
2517 4458 2743 4520 miraris,
2776 4457 2819 4509 si
2846 4456 2910 4510 de
2938 4457 3259 4513 administris
3288 4460 3449 4514 virtu-

1882 4552 2020 4605 tibus
2045 4552 2263 4620 loquens
2290 4547 2588 4617 hujnsmodi
2608 4547 2781 4601 verbis
2800 4561 2922 4601 usus
2949 4556 3049 4613 est,
3068 4550 3275 4617 quando
3292 4554 3449 4607 etiam

1880 4641 1946 4693 de
1976 4641 2338 4693 universorum
2364 4638 2472 4691 Deo
2495 4652 2599 4690 non
2622 4636 2930 4705 dedignatus
2950 4647 3035 4691 est
3051 4639 3183 4694 hanc
3198 4640 3451 4696 adhibere

1880 4728 2416 4797 attemperationem?
2455 4726 2585 4782 Cum
2621 4727 2762 4782 enim
2794 4727 2950 4781 vellet
2980 4729 3140 4782 David
3172 4732 3450 4787 ostendere

1878 4832 1967 4874 aut
2003 4821 2117 4889 ejus
2144 4819 2509 4888 incorpoream
2539 4828 2780 4875 naturam
2802 4860 2817 4883 ,
2854 4830 2946 4874 aut
2977 4821 3303 4876 velocitatem
3331 4838 3449 4890 quae

1880 4912 2070 4979 ubique
2104 4924 2341 4985 praesens
2387 4919 2489 4973 εει,
2539 4910 2649 4961 ait:
2687 4908 2784 4970 Qui
2821 4909 3049 4959 ambulas
3091 4925 3238 4973 super
3260 4927 3450 4978 pennas

1878 5011 2137 5054 ventorum
2181 4998 2373 5067 (Psal.
2418 4999 2538 5053 105.
2583 5000 2656 5067 '5),
2713 4998 2811 5051 etsi
2852 5012 3019 5066 neque
3061 5000 3201 5053 venti
3249 5016 3453 5069 pennas

1881 5092 2129 5158 habeant,
2155 5107 2326 5161 neque
2354 5091 2462 5159 ipse
2492 5103 2651 5156 super
2674 5103 2872 5157 pennas
2894 5089 3143 5142 ambulet.
3175 5092 3451 5155 Quomodo

1880 5186 2021 5239 enim
2047 5184 2158 5237 fieri
2187 5181 2371 5252 possit,
2400 5194 2519 5234 cum
2548 5178 2739 5247 ubique
2769 5193 3001 5247 prmsens
3022 5179 3123 5233 sit?
3149 5180 3361 5245 Verum,
3396 5191 3451 5235 ut

1944 5320 2014 5430 in)
2047 5327 2173 5367 Hanc
2196 5328 2306 5364 esse
2325 5320 2460 5375 putat
2481 5312 2847 5375 Chrysostomus
2864 5312 3308 5374 interpretationem
3324 5319 3446 5363 vocis

1944 5398 1949 5429 ε
1986 5384 2143 5430 raicze.
2182 5381 2382 5430 D’D‘WJ.
2414 5388 2548 5430 quasi
2573 5373 2797 5423 videlicet
2834 5378 3093 5430 composita
3123 5376 3186 5422 sit
3210 5388 3271 5422 ex
3296 5382 3411 5430 mw
3430 5418 3445 5430 ,

1882 5373 2143 5439 Hebraicze,
2182 5373 2382 5441 D’D'ﬁl),
2414 5388 2548 5436 quasn
2573 5373 2797 5423 videlicet
2834 5373 3093 5435 composita
3123 5376 3186 5422 sit
3210 5388 3271 5422 ex
3296 5382 3411 5453 mw
3430 5418 3445 5437 ,

1882 5488 2040 5531 urere,
2068 5478 2117 5521 et
2140 5476 2214 5529 ΠΒ
2243 5466 2321 5517 vel
2344 5474 2401 5526 τε
2425 5480 2492 5527 os,
2518 5466 2629 5516 oris.
2649 5466 2737 5514 Sed
2762 5467 3021 5528 Seraphin),
3045 5472 3096 5514 ut
3116 5479 3254 5514 nemo
3277 5469 3447 5525 nescit,

1882 5545 2051 5609 ignitus
2078 5540 2152 5588 vel
2176 5541 2336 5609 igneos
2357 5539 2635 5609 simpliciter
2652 5534 2902 5609 significat.

1948 5606 2019 5665 (b)
2054 5611 2163 5665 ttzec
2185 5598 2375 5665 inversa
2397 5598 2537 5665 sunt;
2563 5610 2672 5645 nam
2695 5598 2743 5644 in
2780 5598 3013 5665 Scriptura
3037 5609 3167 5644 sacra
3195 5598 3344 5665 primo
3363 5609 3447 5656 p0-

1885 5656 2058 5715 nunmr
2085 5664 2173 5715 alte
2198 5676 2304 5727 qua:
2328 5661 2500 5712 faciem
2524 5666 2712 5723 tegunt,
2732 5656 2944 5709 secundo
2968 5658 3060 5706 illae
3084 5670 3189 5718 quae
3207 5656 3356 5718 pcdt's
3378 5671 3457 5706 w-

1886 5729 2086 5781 cultant.
