4058 6216
594 339 659 394 71
1245 337 1305 394 S.
1342 335 1616 394 JOANNIS
1643 331 2112 393 CllliYSOSTOMl
2152 331 2463 390 ARClllEP.
2503 330 3028 392 CONSTANTINOP.
3751 349 3825 405 72

583 450 689 520 jam
717 449 856 517 dixi,
898 449 1188 506 inﬁrmitati
1225 449 1550 504 audientium
1577 462 1636 503 se
1661 456 2016 516 attemperaus
2037 487 2053 513 ,
2084 448 2151 502 ab

587 540 671 604 iis,
705 555 924 610 quorum
947 553 1168 608 capaces
1189 546 1359 601 erant,
1391 545 1624 591 mentem
1655 552 1838 591 eorum
1859 537 2047 590 erexit.
2075 536 2152 590 Ac

585 643 798 685 rursum
841 630 956 700 ejus
998 629 1249 684 auxilium
1298 637 1354 682 et
1399 628 1736 682 securitatem
1781 626 1904 681 inde
1948 635 2150 695 partam

585 719 836 778 exhibere
859 720 1042 776 volens
1065 760 1081 786 ,
1111 717 1298 772 iisdem
1323 717 1485 772 utitur
1510 716 1704 779 verbis,
1732 716 1808 770 sic
1833 715 2015 769 dicens
2045 757 2050 762 .
2083 713 2151 768 In

587 809 762 864 untbra
788 810 984 863 alarum
1009 819 1209 861 tuarum
1235 816 1460 877 proteges
1493 822 1570 859 me
1604 803 1772 878 (Ptal.
1803 804 1892 859 l6.
1916 806 1992 873 8).
2040 803 2151 859 Hoc

584 909 763 955 autem
788 900 905 955 loco
933 913 1038 952 non
1059 897 1432 952 sublimitatem
1463 896 1636 948 solum
1671 895 1784 962 ejus
1809 908 1872 947 ac
1898 893 2148 947 velocita-

584 1001 692 1048 tem
723 1007 816 1061 per
838 991 952 1045 alas
973 989 1300 1053 subindicat;
1327 986 1421 1042 sed
1444 995 1499 1040 et
1520 985 1660 1040 aliud
1686 985 1952 1054 quidpiam
1975 983 2147 1037 borri-

586 1084 711 1140 bile.
758 1080 1002 1137 Ostendit
1032 1079 1172 1135 enim
1196 1119 1212 1145 ,
1241 1077 1448 1132 etiamsi
1487 1076 1540 1131 id
1575 1074 1715 1145 quod
1742 1074 2013 1128 videbatur
2052 1088 2149 1143 per

585 1176 1072 1245 attemperationem
1092 1180 1252 1236 esset,
1275 1178 1335 1224 ut
1357 1183 1542 1224 revera
1567 1177 1699 1232 erat,
1727 1181 1981 1236 supernas
2003 1174 2148 1220 certe

583 1275 906 1340 potestates,
937 1280 1002 1320 ne
1034 1262 1136 1318 hac
1175 1261 1389 1332 quidem
1429 1273 1678 1315 mensura
1725 1257 1775 1310 id
1817 1271 2006 1326 capere
2048 1270 2144 1324 po-

585 1358 771 1412 tuisse.
801 1355 930 1410 Nam
951 1353 1090 1423 quod
1117 1358 1355 1424 tegerent
1383 1348 1566 1420 pedes,
1589 1357 1644 1402 et
1668 1346 1805 1416 quod
1836 1346 1961 1400 item
1987 1344 2146 1399 dorsa

584 1447 839 1510 velarent,
883 1443 1204 1512 stupentium
1231 1449 1376 1504 erat,
1420 1447 1474 1494 et
1504 1439 1840 1493 trementium
1865 1434 2141 1505 fulgorem,

584 1550 682 1591 nec
707 1534 983 1590 ferentium
1009 1531 1346 1602 splendorem
1366 1544 1434 1586 ex
1461 1529 1594 1584 solio
1615 1528 1995 1598 prosilientem.
2021 1524 2144 1580 Ideo

584 1629 792 1698 obiectu
835 1627 1074 1692 alarum,
1119 1639 1218 1679 ceu
1263 1621 1490 1692 quodam
1536 1622 1769 1690 pariete,
1817 1617 1978 1672 facies
2021 1630 2146 1671 suas

582 1717 997 1780 obumbrabant;
1023 1715 1073 1770 id
1095 1713 1235 1785 quod
1262 1713 1436 1767 facere
1463 1711 1696 1766 solemus
1716 1717 1806 1762 aut
1832 1709 2026 1762 tonitru
2047 1707 2143 1762 de-

583 1811 790 1868 cidente
811 1851 828 1874 ,
857 1818 948 1863 aut
975 1807 1266 1877 fulguribus
1295 1803 1535 1866 emissis,
1567 1815 1752 1856 versus
1785 1799 2144 1869 pavimentum

582 1916 682 1958 nos
705 1901 1042 1963 inclinantes,
1069 1897 1170 1952 hoc
1193 1904 1247 1951 et
1272 1895 1376 1949 illa:
1399 1893 1676 1948 faciebant.

653 1993 917 2048 Anomam
937 1991 1223 2044 insectatur.
1250 2016 1320 2027 —
1346 1984 1496 2052 Quod
1536 1983 1582 2037 si
1619 1982 1918 2051 Serapbim,
1943 1995 2145 2051 magna:

584 2084 690 2140 illa:
715 2083 1084 2151 mirabilesque
1115 2080 1354 2142 virtutes,
1379 2077 1548 2132 Deum
1570 2074 1866 2139 sedentem,
1910 2073 1962 2127 in
1989 2073 2142 2138 solio,

584 2175 821 2244 inquam,
847 2172 1118 2227 sedentem
1146 2170 1261 2223 sine
1290 2168 1478 2222 timore
1517 2165 1697 2219 videre
1735 2178 1842 2218 non
1881 2171 2142 2233 poterant,

588 2265 686 2320 sed
725 2272 782 2318 et
823 2261 983 2316 facies
1010 2269 1063 2315 et
1087 2258 1248 2329 pedes
1274 2255 1546 2314 velabant,
1569 2249 1688 2321 quis
1715 2268 1891 2308 sermo
1937 2253 2143 2307 illorum

582 2353 842 2409 insaniam
869 2351 1140 2406 declarare
1166 2347 1380 2418 poterit,
1407 2345 1498 2414 qui
1525 2359 1584 2399 se
1610 2343 1754 2398 clare
1777 2343 1948 2411 ipsum
1980 2342 2143 2396 Deum

585 2459 744 2500 nosse
783 2444 985 2507 dicunt,
1011 2449 1066 2495 et
1097 2439 1190 2510 qui
1229 2440 1296 2494 de
1321 2436 1604 2492 immortali
1629 2435 1716 2490 illa
1741 2433 2030 2488 substantia
2054 2448 2147 2487 cu-

583 2535 728 2591 riose
755 2531 1096 2603 perquirunt?
1127 2529 1332 2584 Duabus
1347 2526 1660 2590 volabant,et
1684 2524 1983 2578 clamabant.
2013 2522 2148 2591 Quid

585 2624 690 2680 hoc
731 2633 854 2689 est,
892 2621 1173 2684 Volabant,
1217 2627 1272 2674 et
1312 2617 1436 2687 quid
1481 2617 1593 2671 vult
1633 2615 1962 2686 signiﬁcare?
2004 2614 2148 2683 lpsas

586 2731 777 2786 nempe
795 2715 1002 2770 assidue
1028 2713 1166 2767 circa
1194 2712 1358 2766 Deum
1383 2724 1522 2775 esse,
1550 2723 1649 2762 nec
1670 2708 1851 2762 abillo
1876 2707 2142 2771 secedere,

584 2806 680 2862 sed
726 2805 860 2860 hanc
905 2804 1009 2858 illis
1052 2816 1171 2858 esse
1197 2798 1406 2854 vivendi
1449 2799 1745 2861 rationem,
1791 2803 1849 2848 ut
1894 2803 2147 2864 perpetuo

585 2898 756 2967 ipsum
783 2903 974 2951 canant
995 2935 1010 2958 ,
1041 2902 1099 2947 ut
1133 2907 1344 2961 semper
1384 2888 1637 2959 Opiﬁcem
1676 2901 1829 2942 suum
1855 2887 2145 2942 celebrent.

586 2987 704 3043 Non
725 2987 867 3042 enim
890 2985 1042 3050 dixit,
1068 2983 1462 3045 Clamavcrunt,
1485 2978 1600 3042 sed,
1625 2976 1936 3042 Clamabunt,
1969 2977 2018 3030 id
2045 2984 2146 3040 est,

589 3081 691 3134 hoc
712 3087 963 3148 perpetuo
990 3075 1182 3129 habent
1203 3085 1355 3142 opus.
1398 3070 1538 3124 Alter
1561 3070 1627 3122 ad
1650 3070 1863 3122 alterum
1888 3109 1903 3134 ,
1929 3076 1976 3122 et
2014 3067 2148 3121 dice-

590 3167 746 3220 bant:
779 3165 1017 3227 Sanctus,
1039 3173 1259 3226 sanctus,
1284 3169 1505 3215 sanctus.
1557 3158 1668 3214 Hoc
1693 3158 2005 3212 concinnam
2032 3172 2149 3211 mo-

587 3255 922 3322 dulatatnque
950 3267 1131 3307 eorum
1177 3249 1542 3320 symphoniam
1587 3247 1820 3310 indicat,
1869 3245 2152 3313 laudesque

588 3357 778 3413 magno
819 3355 1080 3395 consensu
1122 3338 1433 3392 celebratas.
1492 3336 1588 3389 llic
1632 3335 1857 3404 hymnus
1902 3349 2007 3387 non
2037 3334 2150 3388 laus

589 3431 750 3486 modo
792 3441 893 3496 est,
940 3429 1032 3484 sed
1075 3429 1232 3482 etiam
1260 3425 1538 3495 prOphetia
1569 3423 1635 3478 de
1661 3424 1813 3478 bonis
1841 3438 1957 3492 quae
1986 3430 2150 3477 totum

589 3520 771 3574 orbem
799 3527 1114 3586 occupatura
1139 3523 1284 3581 sunt,
1315 3523 1470 3584 atque
1483 3515 1641 3567 etiam
1667 3512 1968 3581 dogmatum
1997 3526 2154 3564 accu-

589 3619 706 3666 rata
747 3608 1040 3677 disciplina.
1087 3604 1193 3660 Cur
1219 3613 1394 3659 autem
1439 3617 1544 3657 non
1586 3603 1749 3656 semel
1791 3601 2067 3667 dixerunt,
2100 3609 2156 3656 et

591 3709 886 3762 tacuerunt,
919 3713 1086 3766 neque
1113 3695 1348 3750 secundo
1372 3735 1387 3759 ,
1418 3703 1472 3748 e'.
1500 3703 1681 3762 postea
1707 3693 2014 3757 desierunt,
2060 3690 2154 3745 sed

593 3791 805 3844 tertium
835 3790 991 3844 etiam
1017 3785 1370 3841 addiderunt?
1399 3786 1589 3838 Annon
1637 3782 1805 3849 palam
1836 3790 1917 3834 est
1942 3781 1992 3833 id
2037 3779 2154 3834 ideo

590 3881 709 3935 illas
733 3880 919 3935 fecisse
942 3920 958 3944 ,
990 3887 1046 3932 ut
1082 3877 1334 3947 hymnum
1361 3873 1612 3928 offerrent
1641 3870 1924 3925 Trinitati?
1953 3869 2154 3923 Idcirco

591 3971 818 4027 Joannes
849 3970 900 4024 id
925 3971 990 4024 de
1017 3969 1148 4024 Filio
1175 3967 1372 4022 dictum
1416 3965 1576 4018 fuisse
1601 3964 1694 4028 ait,
1739 3961 1908 4016 Lucas
1936 3975 2062 4015 vero
2089 3959 2155 4013 de

594 4061 815 4133 Spiritu,
847 4060 1101 4130 pr0pbeta
1130 4059 1344 4113 demum
1373 4055 1442 4111 de
1471 4055 1649 4110 Patre.
1698 4052 1826 4120 Quae
1869 4060 2156 4120 sequuntur

593 4164 767 4208 autem
790 4151 924 4204 hanc
943 4149 1097 4204 nobis
1115 4145 1734 4202 insinuantsententiam.
1757 4143 1883 4196 Post
1904 4141 2154 4211 hymnum

595 4245 737 4301 enim
761 4242 1077 4298 addiderunt
1109 4258 1121 4294 :
1154 4238 1316 4292 Plena
1346 4248 1417 4291 est
1455 4236 1615 4290 omnis
1653 4245 1786 4288 terra
1821 4234 1984 4303 gloria
2026 4234 2152 4300 ejus.

596 4335 656 4392 Id
699 4333 837 4404 quod
869 4341 1126 4387 accuratae
1153 4327 1442 4398 prophetia:
1466 4333 1601 4389 erat,
1629 4322 1856 4377 futuram
1883 4321 2155 4374 scientiam

597 4425 979 4496 prmnuntiaut,
1014 4437 1106 4490 per
1131 4434 1286 4490 quam
1331 4418 1608 4472 universus
1653 4412 1796 4468 orbis
1848 4411 1943 4466 Dei
1989 4410 2156 4480 gloria

595 4517 830 4586 repletus
857 4523 939 4568 est
967 4530 980 4566 :
1010 4527 1128 4567 cum
1156 4520 1339 4566 contra
1366 4509 1514 4574 olim,
1546 4515 1599 4562 et
1625 4521 1743 4561 cum
1773 4505 1885 4558 haec
1914 4505 2154 4557 diceren-

596 4617 703 4670 tur,
751 4621 854 4658 non
898 4603 1055 4657 modo
1081 4602 1295 4670 reliquae
1324 4599 1468 4655 orbis
1500 4607 1698 4668 partes,
1743 4595 1835 4650 sed
1861 4595 2017 4650 etiam
2044 4593 2156 4663 ipsa

598 4697 894 4753 Iudaeorum
937 4693 1119 4762 regio,
1170 4693 1330 4744 multa
1377 4690 1644 4758 impietate
1675 4688 1843 4756 plena:
1888 4693 2058 4748 erant,
2106 4693 2160 4738 et

596 4803 753 4844 nemo
780 4801 1000 4855 usquam
1033 4785 1194 4838 Deum
1239 4780 1585 4850 glorificabat.
1633 4779 1911 4846 Testisque
1938 4784 2019 4830 est
2047 4777 2158 4844 ipse

592 4880 857 4948 propheta
884 4879 1062 4931 dicens
1090 4892 1104 4928 :
1149 4873 1364 4943 Propter
1389 4887 1471 4925 vos
1510 4886 1690 4924 nomen
1733 4886 1896 4923 meum
1927 4868 2158 4936 blasphe-

597 4980 763 5023 matur
783 4971 834 5022 in
864 4969 1086 5039 gentibus
1117 4965 1266 5038 (lsai.
1292 4964 1379 5019 52.
1410 4963 1486 5032 5).
1517 4960 1859 5028 Quandonam
1889 4961 2044 5029 igitur
2071 4960 2160 5012 im-

600 5059 738 5126 pleta
760 5067 843 5112 est
868 5067 1004 5111 terra
1026 5057 1188 5125 gloria
1211 5053 1359 5122 ejus?
1379 5053 1509 5105 Cum
1537 5051 1624 5104 hic
1649 5049 1874 5120 hymnus
1895 5052 1945 5101 in
1969 5058 2160 5102 terram

596 5149 804 5202 delatus
846 5159 927 5202 est
951 5190 965 5213 ,
1000 5147 1342 5214 hominesque
1388 5144 1440 5196 in
1472 5152 1608 5196 terra
1635 5139 1788 5208 positi
1816 5151 2159 5207 supernarum

597 5242 845 5295 virtutum
888 5241 1052 5292 choro
1096 5237 1325 5306 adjuncti
1372 5242 1527 5297 sunt,
1575 5245 1834 5298 unamque
1880 5228 2159 5281 melodiam

600 5332 914 5395 retulerunt,
942 5340 994 5383 et
1019 5331 1337 5397 conjunctim
1369 5328 1532 5381 Deum
1555 5323 1908 5379 celebrarunt.
1939 5317 2088 5386 Quod
2115 5318 2160 5372 si

599 5421 813 5477 Judmus
843 5421 923 5474 his
949 5420 1284 5487 impudenter
1308 5417 1563 5479 obsistat,
1595 5413 1788 5468 indicet
1829 5410 2160 5480 quandonam

602 5512 772 5563 omnis
801 5519 937 5562 terra
958 5508 1124 5578 gloria
1152 5508 1266 5575 ejus
1291 5508 1491 5575 repleta
1518 5506 1618 5567 sit;
1649 5504 1746 5557 bac
1768 5516 1953 5569 nempe
1974 5499 2160 5568 gloria,

602 5615 718 5665 qua!
746 5614 808 5653 ex
840 5599 1136 5668 eugnitione
1165 5596 1534 5666 proficiscitur.
1562 5593 1665 5649 Sed
1686 5605 1966 5659 numquam
1988 5598 2163 5645 osten-

602 5689 763 5754 derit,
789 5690 992 5745 etiamsi
1035 5689 1326 5744 sexcenties
1374 5685 1753 5756 impudentiam
1777 5697 1923 5740 suam
1955 5679 2160 5751 prodat.

2256 448 2309 500 4.
2339 447 2405 500 Et
2430 448 2667 501 eleuatum
2692 458 2765 503 est
2787 449 3168 518 superliminare
3187 466 3219 503 a
3238 465 3374 517 uoce,
3396 465 3494 518 qua
3518 451 3818 506 clamabant.

2258 534 2445 590 Vidisti
2489 539 2782 606 prophetiae
2811 536 3118 592 facilitatem
3143 579 3159 605 ,
3190 553 3276 594 res
3319 540 3461 609 ipsas
3503 540 3602 595 sibi
3639 551 3823 595 mutuo

2254 626 2616 681 cohaerentes?
2638 626 2768 680 Nam
2798 636 2919 696 post
2948 627 3090 682 hunc
3128 628 3379 697 hymnum
3401 668 3418 693 ,
3447 643 3566 683 cum
3604 628 3820 698 impleta

2254 727 2393 771 esset
2421 727 2559 772 terra
2581 719 2746 788 gloria
2768 720 2904 788 ejus,
2929 718 3148 775 Iudaica
3175 722 3348 776 omnia
3368 730 3662 790 cessarunt,
3679 723 3818 792 quod

2253 807 2425 877 ipsum
2453 810 2686 864 ostendit
2713 825 2806 878 per
2833 812 3096 866 elevatum
3123 814 3539 881 superliminare.

2321 898 2375 952 ι.
2416 898 2527 953 Hoc
2554 901 2746 968 quippe
2773 902 2982 970 signum
3017 912 3133 958 erat
3167 901 3505 960 desolationis
3552 916 3609 962 et
3647 906 3819 961 eversi

2253 987 2467 1055 templi;
2491 989 2690 1058 templo
2719 1000 2895 1044 autem
2920 991 2989 1048 de
3016 992 3197 1048 medio
3221 990 3448 1060 sublato,
3475 993 3577 1049 alia
3607 996 3822 1064 insuper

2251 1079 2428 1132 omnia
2447 1091 2803 1136 cessaverunt.
2827 1081 2898 1138 Ut
2915 1093 3092 1138 autem
3109 1085 3282 1140 discas
3295 1085 3498 1140 Novum
3513 1086 3822 1142 Testamen-

2252 1174 2365 1221 tum
2389 1167 2670 1238 abrogasse
2700 1171 2885 1238 Vetus,
2909 1172 2953 1226 Α
2977 1189 3113 1238 voce,
3145 1175 3332 1244 inquit,
3361 1177 3600 1230 eleuatum
3628 1187 3701 1231 est
3726 1193 3818 1231 su-

2251 1258 2602 1325 perliminare;
2628 1259 2678 1314 id
2709 1271 2807 1326 est,
2834 1276 2899 1316 eo
2921 1263 3061 1332 quod
3095 1264 3208 1319 haec
3243 1264 3555 1335 gloriﬁcatio
3590 1267 3823 1325 advene-

2249 1348 2337 1411 rit,
2362 1358 2416 1402 et
2441 1352 2609 1418 gratia
2637 1350 2915 1418 effulserit,
2945 1353 3218 1424 gloriaque
3245 1356 3411 1410 effusa
3437 1358 3507 1412 sit
3531 1373 3628 1428 per
3650 1367 3819 1414 totum

2250 1437 2454 1504 orbem,
2489 1440 2688 1494 umbrae
2729 1441 2998 1510 dissipatae
3026 1452 3168 1498 sunt.
3200 1443 3269 1498 Et
3308 1448 3485 1501 domus
3525 1449 3712 1518 repleta
3746 1458 3820 1504 est

2250 1530 2411 1599 fonto.
2458 1529 2570 1586 Hoc
2596 1546 2805 1600 quoque
2833 1534 2961 1588 mihi
3004 1534 3213 1591 videtur
3253 1535 3459 1606 signum
3500 1553 3619 1594 esse
3656 1536 3818 1595 futuri

2248 1619 2364 1688 ejus
2391 1621 2600 1686 excidii,
2626 1623 2865 1692 ignisque
2886 1623 3168 1691 barbarici,
3196 1629 3614 1700 atrocissimique
3637 1631 3819 1688 lnceu~

2249 1707 2344 1761 dii.
2375 1708 2428 1762 5.
2456 1708 2524 1762 Et
2552 1709 2658 1764 dixi
2677 1725 2697 1764 :
2721 1709 2765 1764 0
2786 1727 2864 1765 nte
2885 1712 3159 1768 miserum!
3181 1716 3300 1784 quia
3325 1728 3648 1784 compunctus
3681 1737 3814 1784 sum,

2247 1798 2364 1866 quia
2393 1798 2541 1852 homo
2559 1815 2672 1853 cum
2698 1801 2812 1868 sim,
2839 1809 2886 1855 et
2912 1800 3174 1857 immunda
3199 1805 3330 1858 labia
3355 1806 3577 1872 habeam,
3608 1809 3660 1863 in
3709 1826 3818 1864 ine-

2249 1889 2333 1943 dio
2358 1891 2533 1958 populi
2553 1892 2812 1946 immunda
2840 1892 2972 1947 labia
2997 1893 3224 1949 habentis
3251 1910 3341 1967 ego
3369 1896 3615 1958 habito,et
3639 1898 3816 1954 Domi.

2248 1995 2368 2032 num
2393 1979 2618 2036 Sabaoth
2637 1983 2653 2014 ¹
2681 1983 2781 2036 vidi
2819 1983 2980 2037 oculis
3006 1984 3148 2038 meis.
3183 1985 3309 2040 [hec
3334 1987 3468 2041 visio
3504 1989 3816 2058 prophetam

2248 2072 2524 2138 exterruit,
2555 2072 2928 2143 expergefecit,
2957 2074 3009 2128 in
3035 2089 3280 2145 magnam
3319 2075 3650 2133 formidinem
3691 2094 3820 2135 cona-

2245 2158 2396 2229 jeeit,
2413 2160 2481 2215 ad
2507 2161 2896 2218 confessionem
2920 2165 3169 2234 perpulit,
3184 2165 3433 2223 vilitatem
3454 2169 3678 2238 propria:
3695 2171 3820 2226 sub-

2248 2251 2455 2305 stantia:
2483 2261 2539 2305 ut
2572 2253 2762 2307 melius
2814 2263 3161 2323 cognosceret
3198 2255 3390 2311 effecit.
3425 2256 3580 2312 Tales
3623 2259 3818 2328 quippe

2247 2350 2372 2396 sunt
2397 2342 2563 2397 sancti
2593 2357 2811 2398 omnes:
2833 2343 3046 2413 quando
3083 2345 3271 2414 majori
3317 2345 3560 2400 fruuntur
3587 2345 3812 2412 honore,

2249 2439 2374 2486 tunc
2398 2433 2562 2503 magis
2587 2433 2947 2488 humiliantur.
2988 2434 3079 2490 Sic
3107 2444 3162 2489 et
3199 2434 3464 2490 Abraham
3489 2436 3656 2491 Deum
3688 2437 3818 2490 allo-

2249 2537 2438 2592 quens,
2471 2532 2666 2578 terram
2688 2533 2742 2579 et
2762 2525 2996 2580 cinerem
3025 2525 3260 2594 seipsum
3299 2527 3520 2580 vocabat
3545 2525 3697 2594 (Gen.
3725 2527 3813 2582 l8.

2249 2617 2374 2686 27);
2404 2618 2480 2671 sic
2505 2627 2560 2672 et
2585 2619 2780 2672 Paulus
2823 2618 3036 2689 quando
3087 2620 3290 2675 visione
3331 2619 3419 2674 illa
3445 2617 3690 2689 dignatus
3712 2630 3815 2682 est,

2251 2717 2375 2763 tunc
2393 2709 2684 2763 abortivum
2712 2725 2769 2764 se
2796 2711 3085 2764 nominavit
3104 2709 3179 2781 (l.
3201 2709 3321 2766 Cor.
3349 2712 3537 2781 £5.15);
3570 2713 3634 2766 ita
3653 2720 3707 2766 et
3733 2711 3818 2764 hic

2250 2810 2308 2850 se
2361 2797 2610 2851 miserum
2650 2798 2937 2866 praedicat,
2982 2799 3154 2867 primo
3194 2815 3262 2854 ex
3305 2808 3488 2854 natura
3537 2801 3746 2854 dicens:
3771 2799 3819 2852 0

2250 2903 2330 2939 me
2349 2887 2615 2941 miserum!
2633 2889 2748 2956 quia
2773 2896 3097 2956 compunctus
3115 2905 3247 2955 sum,
3267 2890 3384 2959 quia
3407 2890 3554 2943 homo
3564 2907 3674 2943 cum
3701 2891 3821 2953 sint;

2250 2977 2441 3033 deinde
2488 2977 2557 3031 ab
2601 2978 2761 3032 animi
2812 2978 3137 3043 conditione,
3181 2977 3250 3032 Et
3277 2979 3478 3048 impura
3526 2979 3663 3031 labia
3704 2994 3822 3032 cum

2252 3069 2478 3122 habeam.
2508 3069 2710 3138 [mpura
2737 3067 2872 3124 labia
2897 3082 2992 3123 sua
3017 3069 3246 3134 vocavit,
3273 3078 3332 3123 ut
3356 3083 3454 3138 ego
3481 3069 3743 3130 existimo,
3767 3075 3828 3130 in

2252 3158 2700 3227 comparationem
2727 3158 2874 3228 igniti
2899 3158 3008 3212 oris
3035 3158 3240 3212 illarum
3270 3173 3514 3227 purarum
3545 3158 3819 3222 virtutum,

2253 3259 2307 3303 et
2332 3248 2711 3304 accuratissimi
2733 3249 2872 3305 illius
2900 3249 3198 3304 ministerii.
3229 3247 3407 3317 Neque
3425 3250 3508 3305 hic
3535 3252 3702 3321 stetit,
3727 3248 3826 3302 sed

2256 3355 2351 3407 pro
2381 3348 2490 3393 toto
2519 3340 2710 3409 populo
2732 3340 3030 3404 conﬁtetur,
3051 3338 3165 3393 haec
3189 3339 3483 3407 subjungen
3532 3353 3545 3390 :
3572 3337 3640 3390 In
3663 3338 3828 3394 medio

2256 3431 2431 3499 φορυιί
2455 3430 2712 3482 immunda
2739 3430 2872 3483 labia
2892 3428 3116 3482 habentis
3137 3446 3228 3497 ego
3254 3429 3439 3483 habito.
3467 3429 3580 3494 Qua
3611 3441 3736 3482 vero
3755 3427 3828 3481 de

2254 3534 2411 3573 causa
2439 3519 2522 3574 hic
2552 3519 2686 3574 labia
2712 3520 3059 3574 criminatur?
3087 3517 3160 3572 Se
3187 3519 3372 3572 ﬁducia
3393 3518 3643 3588 loquendi
3661 3516 3828 3573 desti-

2257 3618 2426 3664 tutum
2455 3609 2759 3664 ostendens.
2785 3608 2916 3662 Nam
2945 3616 3052 3662 tres
3081 3607 3153 3661 illi
3184 3609 3332 3676 pueri
3351 3608 3450 3661 hoc
3470 3609 3641 3676 ipsum
3660 3621 3830 3676 prope

2258 3700 2523 3765 dicebant,
2563 3715 2682 3754 cum
2723 3709 2899 3754 essent
2928 3699 2980 3752 in
3019 3698 3272 3752 fornace:
3301 3696 3419 3750 Non
3447 3697 3561 3750 licet
3591 3696 3731 3749 nobis
3771 3712 3832 3749 os

2257 3792 2450 3858 aperire
2479 3789 2636 3859 (Dan.
2662 3789 2715 3843 3.
2747 3785 2858 3857 38).
2899 3787 2966 3842 Et
3005 3801 3146 3841 nunc
3171 3787 3382 3856 quando
3421 3785 3562 3855 bym:
3587 3800 3739 3838 orum
3775 3793 3835 3836 et

2259 3879 2471 3933 laudum
2503 3887 2707 3946 tempus
2729 3886 2864 3943 erat,
2907 3885 2963 3930 et
2998 3891 3258 3945 supernas
3297 3884 3586 3944 potestates
3615 3872 3834 3927 videbat

2258 3969 2360 4023 hoc
2383 3976 2616 4038 agentes,
2639 3967 2758 4036 jure
2792 3966 2860 4021 ad
2899 3965 3033 4021 labia
3070 3980 3371 4019 sermonem
3401 3964 3680 4026 convertit,
3711 3978 3835 4030 qum

2258 4062 2486 4116 maxime
2519 4059 2584 4114 ad
2624 4057 2726 4114 hoc
2759 4056 2990 4112 ofﬁcium
3025 4064 3303 4111 vocantur.
3328 4053 3525 4108 Verum
3551 4050 3693 4106 labia
3733 4067 3835 4105 sua

2260 4151 2378 4205 ideo
2409 4149 2674 4204 immunda
2715 4147 2954 4211 vocavit;
2996 4146 3176 4216 populi
3211 4158 3342 4199 vero
3368 4143 3503 4197 labia
3543 4157 3650 4196 non
3683 4143 3834 4206 item,

2259 4243 2354 4298 sed
2381 4243 2502 4312 quia
2531 4242 2802 4310 iniquitate
2828 4238 2992 4293 multa
3016 4237 3205 4306 repleti
3233 4244 3402 4292 erant.
3431 4233 3498 4287 Et
3515 4232 3703 4304 Regem
3722 4231 3838 4284 Do-

2259 4335 2453 4387 minum
2486 4333 2587 4386 uidi
2615 4331 2772 4384 oculis
2800 4330 2944 4383 meis.
2973 4327 3099 4383 ideo
3133 4341 3291 4398 gemo
3329 4333 3385 4381 et
3423 4325 3599 4394 lugeo,
3641 4324 3834 4392 inquit,

2259 4423 2398 4494 quod
2420 4421 2662 4491 indignus
2682 4420 2804 4474 licet
2826 4426 3028 4472 tantum
3050 4417 3306 4470 honorem
3327 4416 3427 4470 sim
3448 4421 3838 4482 consequutus.

2259 4513 2350 4582 qui
2380 4526 2552 4566 meam
2576 4510 2881 4578 dignitatem
2904 4515 3136 4575 superat,
3163 4520 3440 4574 meamque
3463 4513 3708 4558 naturam
3735 4519 3842 4557 ex-

2260 4601 2420 4656 cedit.
2447 4601 2580 4655 Cum
2606 4608 2780 4652 autem
2808 4596 2952 4660 dicit,
2983 4595 3111 4658 Vidi,
3135 4608 3202 4647 ne
3215 4603 3455 4648 exactam
3478 4593 3845 4662 cognitionem

2261 4700 2435 4763 putes,
2467 4690 2560 4745 sed
2587 4703 2704 4744 eam
2731 4687 2882 4754 cujus
2901 4685 2989 4739 ille
3013 4698 3180 4752 capax
3209 4693 3346 4738 erat.

2333 4780 2670 4853 Confessionis
2697 4780 2892 4832 lucrum
2925 4783 3186 4844 quantum.
3209 4802 3280 4812 —
3306 4773 3384 4826 Ac
3411 4771 3722 4828 consideres
3751 4786 3848 4826 vt.L

2264 4875 2354 4928 lim
2384 4881 2634 4943 quantum
2663 4871 2730 4923 sit
2759 4864 3102 4921 confessionis
3128 4863 3353 4917 lucrum.
3391 4863 3636 4931 Seipsum
3683 4877 3850 4915 accu-

2263 4965 2416 5027 savit,
2443 4971 2494 5016 et
2515 4960 2689 5015 statim
2717 4956 2997 5009 mundatus
3043 4961 3144 5007 est.
3176 4951 3311 5017 Quia
3347 4953 3487 5006 enim
3520 4951 3634 5004 haec
3666 4951 3840 5004 verba

2265 5055 2569 5126 protulerat,
2601 5052 2651 5106 6.
2683 5049 2868 5101 Missus
2888 5056 2960 5100 est
2984 5046 3050 5098 ad
3081 5061 3178 5110 me,
3211 5045 3399 5112 inquit,
3427 5059 3560 5096 unus
3584 5058 3647 5095 ea:
3673 5042 3842 5096 Sera-

2265 5147 2422 5216 phim,
2456 5153 2500 5196 et
2527 5143 2579 5194 in
2606 5155 2755 5192 manu
2779 5154 2871 5190 sua
2908 5135 3114 5189 habebat
3141 5134 3424 5197 carbonem,
3453 5148 3600 5198 quem
3629 5148 3848 5200 accepe-

2264 5245 2342 5287 rat
2366 5234 2554 5304 forcipe
2579 5231 2640 5282 de
2662 5228 2828 5279 altari.
2851 5228 2902 5279 '7.
2925 5225 2988 5278 Et
3009 5225 3232 5293 tetigitos
3249 5238 3430 5285 meum,
3459 5230 3506 5274 et
3527 5222 3655 5275 diuit
3673 5220 3853 5278 :Ecce

2267 5324 2419 5393 tetigit
2449 5322 2550 5374 haec
2588 5318 2718 5370 labia
2744 5325 2848 5379 tua,
2881 5324 2925 5367 et
2951 5317 3140 5382 auferet
3166 5312 3447 5379 iniquitates
3487 5320 3624 5374 tuas,
3652 5318 3702 5362 et
3722 5327 3851 5380 pec-

2266 5425 2376 5468 cata
2404 5425 2487 5465 tua
2512 5407 2757 5478 purgabit.
2788 5405 3010 5472 Quidam
3033 5403 3216 5456 dicunt
3256 5402 3370 5456 haec
3399 5400 3702 5457 futurorum
3729 5419 3853 5474 my-

2267 5507 2543 5563 steriorum
2570 5499 2808 5572 symbola
2829 5512 2980 5553 esse:
3011 5496 3176 5551 altare
3206 5511 3417 5565 nempe,
3448 5497 3624 5566 ignem
3650 5513 3849 5570 super-

2336 5685 2352 5715 ι
2391 5682 2443 5731 lu
2467 5676 2626 5728 Bibliis
2642 5673 2839 5738 legitur,
2867 5681 3031 5734 negem
3057 5671 3310 5720 Dominum
3332 5674 3550 5721 Sabaoth.
