4058 6216
390 307 463 363 73
1161 304 1220 361 S.
1256 302 1540 362 JOANNIS
1575 295 2060 358 CHRYSOSTOMI
2097 293 2412 352 ARCHIEP.
2451 289 2995 352 CONSTANTINOP.
3706 302 3776 356 74

393 419 699 484 Ἰουδαϊκὸν,
723 418 927 491 φοϐερά
955 437 1072 474 τινα
1097 418 1455 488 ἀπαγγέλλων
1488 419 1582 472 καὶ
1611 418 1878 486 ἀφόρητα.
1899 412 2044 482 Πέμο

383 533 546 571 πεται
581 516 756 572 τοίνυν
791 517 860 570 τά
893 517 1163 585 Σεραφὶμ,
1202 514 1342 568 ὥστε
1381 514 1545 584 φόϐου
1603 513 1696 566 καὶ
1729 508 2043 582 παρρησίας

389 610 548 664 αὑτὸν
586 609 884 680 ἐμπλῆσαι.
922 611 1033 663 Καὶ
1088 610 1175 662 ἵνα
1234 609 1311 679 μὴ
1361 607 1751 680 προϐάλληται,
1792 605 2045 677 καθάπερ

387 707 642 775 Μωῦσῆς,
673 705 844 774 λέγων
871 706 1194 776 ἰσχνόφωνος
1223 701 1380 768 εἶναι,
1409 705 1502 758 καὶ
1530 702 1817 775 Ἱερεμίας,
1847 701 2045 758 νεώτε-

387 817 480 870 ρος
507 796 664 862 εἶναι,
685 799 828 853 οὕτω
852 800 944 853 καὶ
968 795 1120 864 οὗτος
1145 800 1428 871 ἀκάθαρτα
1456 799 1610 868 χείλη
1643 797 1811 868 ἐχειν,
1846 796 1942 850 καὶ
1971 795 2046 868 μὴ

384 895 638 949 δύνασθαι
678 895 992 966 διακονῆσαι
1027 897 1138 958 τοῖς
1174 895 1516 965 λεγομένοιςο
1547 893 1764 963 ερχεται
1789 892 1859 948 τά
1889 872 2060 963 Σερα-ἶ

387 990 492 1059 φὶμ
533 989 926 1060 ἐκκαθαίροντα
969 990 1133 1045 αὐτοῦ
1181 990 1247 1044 τά
1291 989 1684 1061 ἁμαρτήματα,
1731 989 1832 1042 οὐκ
1872 988 2048 1060 οἰκεία

385 1083 607 1153 δυνάμει
633 1084 810 1156 (τοῦτο
839 1085 944 1157 γὰρ
969 1086 1179 1158 Πατρὸς
1207 1086 1296 1139 καὶ
1322 1084 1453 1138 Υίοῦ
1483 1087 1577 1141 καὶ
1604 1084 1761 1154 ἁγίου
1802 1083 2048 1155 Πνεύμα-

387 1194 477 1241 τος
518 1179 720 1251 μόνον),
748 1181 862 1234 ἀλλ’
886 1181 1235 1252 ἐπιτάγματι,
1279 1181 1373 1233 καὶ
1414 1180 1557 1233 δόσει
1591 1181 1701 1233 τῶν
1739 1180 2043 1251 ἀνθράκων.

388 1272 465 1324 Ού
519 1274 627 1345 7&9
677 1270 848 1342 εἷπεν,
887 1274 1016 1328 Ἰδοὺ
1057 1274 1275 1345 ἀφαιρῶ
1313 1273 1447 1343 ἐγὼ,
1495 1273 1632 1338 ἀλλ’,
1677 1272 1833 1329 Ἰδοὺ
1871 1273 2046 1327 τοῦτο

387 1368 712 1437 ἀφαιρεῖται
747 1371 854 1438 τὰς
891 1372 1142 1440 ἀνομίας
1172 1386 1311 1436 σου,
1356 1371 1453 1425 καί
1485 1370 1592 1437 τὰς
1622 1370 1908 1440 ἁμαρτίας
1930 1385 2046 1424 σου

388 1466 803 1534 περικαθαριεῖ,
837 1465 924 1518 διά
957 1465 1019 1518 τὸ
1051 1465 1331 1536 ἐπίταγμα
1376 1463 1473 1518 τοῦ
1509 1464 1841 1536 πέμψαντος.
1890 1465 2047 1530 Τίνος

387 1559 445 1611 δὲ
476 1557 658 1613 ἕνεκεν
682 1561 740 1612 ἐν
759 1562 827 1630 τῇ
853 1560 1028 1615 λαϐίδι
1069 1561 1138 1614 :&
1181 1561 1430 1632 Σεραφὶμ
1464 1559 1623 1613 ἔλαϐε
1645 1560 1738 1614 τὸν
1764 1559 2044 1631 ἀνθρακα;

388 1655 463 1705 U6
490 1655 598 1726 7&9
621 1655 685 1726 δὴ
723 1657 756 1727 ή
780 1656 1068 1727 ἀσώματος
1095 1657 1322 1727 δύναμις
1343 1655 1802 1726 ἐγκατακαίεσθαι
1826 1655 2048 1727 ἔμελλεν

389 1749 498 1802 ὑπὸ
521 1749 628 1803 τῶν
658 1750 961 1822 ἀνθράκων.
999 1752 1156 1817 Τίνος
1188 1752 1374 1807 ἕνεκεν
1398 1750 1574 1806 ταῦτα
1603 1752 1888 1822 γεγένηται
1911 1769 1925 1816 ;
1952 1751 2051 1806 Διά

391 1845 595 1918 πολλὴν
624 1847 1050 1916 συγκατάϐασιν.
1081 1846 1181 1902 Διά
1207 1848 1271 1919 δὴ
1303 1847 1460 1903 τοῦτο
1489 1848 1582 1902 καὶ
1604 1847 1714 1902 ἀπὸ
1734 1848 1828 1901 τοῦ
1861 1848 2051 1902 θυσια-

393 1941 615 2014 στηρίου
651 1941 943 2014 λαμϐάνει,
993 1941 1122 1996 ἔνθα
1165 1944 1222 1997 αἰ
1280 1942 1461 1998 θυσίαι
1507 1943 1926 2016 προσεφέροντο,
1958 1944 2052 1997 καὶ

390 2040 440 2091 οἰ
488 2039 762 2109 καθαρμοὶ
813 2040 919 2094 τῶν
964 2038 1392 2110 ἁμαρτημάτων.
1447 2039 1511 2092 Εἰ
1565 2037 1622 2092 δέ
1678 2039 1875 2108 λέγοις,
1927 2039 2053 2104 Πῶς

391 2135 452 2186 τὸ
493 2134 665 2203 στόμα
715 2135 775 2188 06
832 2135 1076 2203 κατεκάη
1135 2134 1229 2188 τοῦ
1283 2136 1608 2206 προφήτου;
1664 2132 1895 2205 μάλιστα
1954 2135 2052 2204 μὲν

391 2228 474 2279 ὅτι
517 2228 634 2280 ούδέ
686 2228 798 2298 πῦρ
846 2227 1101 2296 αἰσθητὸν
1151 2224 1220 2300 ἦν
1264 2227 1324 2280 τὸ
1371 2226 1720 2299 φαινόμενον·
1762 2229 1937 2292 άλλως
1974 2229 2050 2295 δὲ,

393 2323 524 2375 ὅταν
553 2325 582 2376 6
607 2322 736 2385 Θεὸς
762 2323 1060 2395 ἐργάζηταί
1092 2339 1164 2390 τι,
1193 2322 1269 2395 μὴ
1299 2321 1764 2395 πολυπραγμόνει,
1798 2323 1933 2394 μηδέ
1961 2341 2055 2377 πε-

397 2417 705 2488 ριεργάζου.

465 2521 526 2567 ε’.
549 2515 659 2568 Καὶ
687 2513 795 2585 7&9
823 2513 1077 2584 ἐνεργοῦν
1113 2515 1207 2569 καὶ
1233 2515 1487 2586 αἰσθητὸν
1519 2514 1628 2588 πῦρ
1660 2515 1905 2588 σώμασιν
1930 2516 2055 2587 ὀμι-

396 2608 587 2678 λῆσαν,
609 2608 675 2660 τά
705 2607 799 2660 τοῦ
829 2608 1000 2678 πυρὸς
1029 2607 1128 2661 ούκ
1149 2608 1477 2674 ἐπεδείξατο.
1508 2609 1572 2661 Et
1595 2609 1653 2662 δὲ
1684 2609 1811 2662 ἔνθα
1843 2609 2055 2680 κλημα-

394 2705 538 2767 τίδες
570 2704 663 2757 καὶ
689 2703 878 2766 πίσσα,
901 2703 1003 2773 τῆς
1029 2703 1235 2766 οἰκείας
1262 2703 1556 2756 ἐπελάθετο
1589 2703 1802 2772 φύσεως
1829 2705 1863 2772 ή
1901 2704 2052 2772 φλὸξ,

395 2797 450 2850 τί
483 2798 800 2868 θαυμάζεις,
820 2799 868 2851 εἰ
895 2796 988 2851 νῦν
1011 2797 1276 2868 τοσαύτης
1294 2797 1744 2870 παραδοξοποιίας
1764 2799 2056 2869 γενομένης

397 2891 690 2963 ἐκάθηρεν,
713 2892 826 2945 ἀλλ’
861 2893 962 2946 οὐκ
991 2891 1186 2945 έκαυσε
1220 2892 1366 2945 τουτὶ
1404 2892 1464 2944 :6
1493 2891 1639 2962 1:69;
1675 2893 1786 2946 Καί
1823 2891 2058 2960 ἥκουσα

398 2987 510 3057 τῆς
535 2987 740 3057 φωνῆς
767 2987 991 3055 Κυρίου
1022 2986 1340 3056 λέγοντος·
1388 2987 1529 3040 Τίνα
1563 2987 1881 3041 ἀποστελῶ
1903 3026 1918 3051 ,
1963 2989 2060 3041 καί

400 3085 495 3148 τίς
533 3084 891 3152 πορεύσεται
933 3083 1083 3151 πρὸς
1105 3083 1215 3137 τὸν
1232 3083 1382 3137 λαὸν
1415 3082 1659 3147 τοῦτον;
1697 3084 1860 3155 Ὁρᾷς
1899 3086 2062 3137 πόσον

400 3180 597 3250 ἤνυσεν
629 3182 663 3250 ή
689 3179 832 3250 ὄψις,
873 3180 1036 3233 πόσον
1067 3179 1427 3249 κατώρθωσεν
1456 3181 1485 3232 6
1505 3179 1698 3248 (9660;;
1729 3179 1841 3250 [70]
1871 3180 2062 3233 Καίτοι

401 3273 465 3344 γε
511 3276 608 3330 καὶ
639 3276 729 3330 ἐπὶ
761 3274 1039 3337 Μωῦσέως
1090 3272 1331 3326 τοιοῦτόν
1369 3290 1422 3326 τι
1454 3273 1710 3342 γέγονεν·
1755 3275 1802 3327 εἰ
1843 3275 1952 3346 7&9
1986 3275 2060 3345 μὴ

401 3367 652 3441 Σεραφὶμ
682 3369 877 3440 ἐφάνη,
913 3369 1046 3439 μηδέ
1077 3368 1236 3431 αὐτὸς
1267 3369 1358 3421 ἐπὶ
1374 3367 1562 3438 θρόνου
1592 3367 1921 3439 καθήμενος,
1945 3368 2060 3422 ἀλλ’

404 3465 552 3534 ὅμως
581 3463 765 3533 ἕτερον
783 3463 1083 3534 παράδοξον
1109 3461 1286 3532 θέαμα
1301 3463 1420 3515 τότε
1446 3461 1660 3534 ἐδείχθη
1679 3463 1758 3534 τῷ
1784 3464 2058 3534 προφήτῃ,

404 3557 500 3612 καὶ
519 3557 776 3621 τοιοῦτον,
813 3557 888 3619 ὡς
919 3557 1124 3626 μηδένα
1142 3555 1457 3626 ἀντιϐλέψαι
1474 3556 1768 3628 δυνηθῆναι
1786 3556 1864 3627 τῷ
1879 3574 2059 3626 φαινο·

408 3652 572 3724 μένῳ.
599 3653 669 3706 Ἠ
679 3652 792 3720 γὰρ
810 3650 1001 3718 ,βάτος
1013 3652 1266 3716 ἐκαίετο,
1288 3652 1442 3722 φησι,
1464 3653 1563 3704 καί
1596 3655 1669 3707 οὐ
1693 3654 2058 3706 κατεκαίετο.

420 3750 554 3802 Ἀλλ’
577 3751 725 3818 ὅμως
745 3748 839 3802 καὶ
879 3749 994 3818 μετ’
1019 3748 1201 3801 ἐκεῖνα
1256 3749 1349 3801 καὶ
1404 3747 1502 3819 τὴν
1545 3748 1744 3819 πολλὴν
1792 3748 1887 3801 τοῦ
1929 3748 2062 3801 Θεοῦ

409 3842 729 3914 παραίνεσιν
750 3844 781 3896 6
821 3842 993 3912 μέγας
1027 3839 1312 3896 ἀναδύεται
1339 3841 1598 3912 Μωῦσῆς,
1625 3843 1720 3895 καὶ
1742 3843 2061 3913 σκήπτεται,

408 3939 502 3992 καὶ
549 3938 747 4008 μυρίας
780 3937 983 3989 ἐπινοεῖ
1030 3938 1332 4008 προφάσεις
1385 3938 1789 4009 παραιτήσεως,
1843 3936 2016 4004 λέγων
2047 3953 2062 3968 ο

422 4030 821 4103 Ἰσχνόφωνός
847 4034 963 4100 εἰμι
995 4031 1094 4085 καί
1114 4030 1628 4100 ,βραδύτλωσσος’
1674 4034 1789 4098 καὶ,
1823 4032 2068 4101 Προχεί-

404 4145 573 4198 ρισαι
615 4126 698 4182 σὺ
729 4126 945 4190 ἄλλον,
975 4124 1047 4179 ὃν
1081 4124 1532 4191 ἐξαποστελεῒς.
1571 4127 1682 4180 Καὶ
1717 4126 1980 4198 Ἱερεμίας
2012 4127 2068 4181 δὲ

411 4225 510 4296 τὴν
551 4222 766 4296 ήλικίαν
809 4220 1189 4292 προϐάλλεται.
1244 4221 1354 4274 Καὶ
1399 4218 1661 4290 Ἰεζεκιὴλ
1710 4222 1768 4274 δέ
1818 4224 1956 4292 μετά
2010 4224 2069 4277 τὸ

413 4317 787 4388 κελευσθῆναι,
815 4316 953 4370 ἐπτά
995 4315 1258 4387 διατρίϐει
1291 4316 1418 4387 περὶ
1441 4315 1531 4368 τὸν
1561 4316 1802 4386 ποταμὸν
1835 4317 2066 4386 ἡμέρας,

411 4412 772 4481 ἀναδυόμενος
801 4411 893 4465 καὶ
919 4411 1112 4465 ὀκνῶν.
1138 4410 1228 4464 Διὸ
1261 4410 1354 4463 1&1
1379 4409 1478 4481 τὴν
1507 4410 1818 4482 παραϐολὴν
1854 4413 2067 4484 ἐκείνην

417 4509 752 4580 προσέθηκεν
779 4509 807 4560 6
834 4506 964 4570 Θεὸς
982 4505 1153 4574 λέγων
1175 4523 1190 4540 ο
1213 4506 1451 4560 Σκοπὸν
1475 4506 1706 4560 δέδωκά
1724 4521 1799 4561 σε
1830 4507 1910 4573 τῷ
1932 4509 2074 4573 οἴκῳ

432 4606 674 4675 Ἰσραήλ
693 4621 708 4637 ο
733 4606 849 4670 καὶ,
866 4605 948 4657 6::
999 4605 1117 4672 Τὴν
1153 4605 1365 4672 ψυχὴν
1394 4604 1594 4659 αὐτῶν
1622 4605 1690 4658 ἐκ
1723 4607 1922 4674 χειρός
1955 4620 2073 4661 σου

421 4705 744 4773 ἐκζητήσω.
787 4703 968 4765 Ἰωνᾶς
995 4702 1052 4755 δέ
1084 4702 1145 4755 ού
1178 4703 1337 4772 μόνον
1380 4707 1730 4774 παρῃτήσατο
1753 4745 1770 4773 ,
1817 4706 1952 4758 ἀλλά
1983 4707 2076 4758 καὶ

425 4800 806 4870 ἐδραπέτευσε.
837 4798 902 4851 Τί
929 4792 1022 4852 οὗν
1046 4814 1062 4862 ;
1091 4797 1486 4868 τολμηρότερος
1523 4799 1741 4853 πάντων
1764 4802 1793 4854 6
1830 4801 2074 4865 Ἡσαΐας,

427 4899 521 4950 καὶ
563 4895 836 4957 Μωῦσέως
873 4893 965 4946 τοῦ
1013 4894 1277 4965 μεγάλου;
1320 4894 1429 4947 Καὶ
1476 4894 1557 4956 τίς
1595 4894 1662 4947 ἂν
1706 4895 1862 4948 τοῦτο
1887 4893 2077 4964 etum;

429 4991 598 5044 Πόθεν
631 4987 722 5043 οῦν
751 4990 1098 5060 κελευόμενος
1136 4990 1340 5052 ἐκεῖνος
1393 4989 1664 5050 ἀνεδύετο,
1721 4984 1872 5051 οὗτος
1910 4990 1968 5042 δὲ
2005 4991 2078 5060 μὴ

431 5083 675 5156 φανερῶς
704 5082 978 5152 ἐπιταγεὶς
1003 5083 1352 5153 εἰσεπήδησεν
1371 5099 1387 5147 ;
1405 5081 1537 5134 Οὐδὲ
1562 5081 1668 5152 7&9
1687 5079 1840 5136 εἶπεν
1857 5085 2082 5148 ,Ἂπελ-

433 5179 520 5232 θε·
539 5177 673 5232 ἀλλά
707 5176 796 5229 τοῦ
835 5177 965 5230 Θεοῦ
994 5178 1258 5246 λέγοντος,
1308 5179 1446 5232 Τίνα
1476 5177 1821 5240 Maenali);
1865 5179 2080 5248 ἥρπασε

435 5277 494 5330 τὸ
525 5275 815 5344 ἐπίταγμα.
855 5274 1011 5337 Τινές
1050 5273 1148 5343 μὲν
1172 5269 1265 5328 οῦν
1291 5291 1473 5342 φασιν,
1519 5275 1600 5328 6::
1623 5273 1809 5346 ἐπειδὴ
1840 5274 2077 5346 ἥμαρτε,

435 5373 523 5425 τὸν
555 5370 730 5435 ὐζίαν
749 5369 848 5422 ούκ
875 5368 1098 5436 ἐλέγξας
1130 5369 1553 5441 κατατολμῶντα
1568 5371 1676 5426 τῶν
1700 5371 1927 5437 ἀδύτων,
1943 5373 2082 5444 ὑπὲρ

437 5469 647 5537 ἐκείνης
690 5466 1002 5538 βουλόμενος
1043 5466 1482 5538 ἀπολογήσασθαι
1523 5471 1620 5540 τῆς
1671 5472 1962 5543 ἁμαρτίας,
2015 5478 2078 5545 τῇ

440 5565 577 5633 μετὰ
606 5562 777 5616 ταῦτα
803 5561 1074 5634 προθυμίᾳ
1100 5563 1194 5632 τὴς
1235 5563 1479 5634 ὑπακοῆς
1520 5566 1828 5637 ἐπεπήδησε
1856 5569 2059 5637 ταχέως

435 5653 571 5706 ὥστε
592 5655 970 5719 ἐξιλεώσασθαι
999 5659 1083 5715 τὸν
1103 5659 1252 5716 Θεόν.
1268 5660 1365 5716 Διά
1380 5661 1489 5735 γὰρ
1509 5663 1663 5719 τοῦτο
1681 5664 1772 5720 καὶ
1800 5661 2081 5735 ἀκάθαρτα

2144 417 2213 469 τὰ
2258 417 2409 488 χείλη
2451 418 2616 472 αὐτοῦ
2651 419 2832 489 ἔλεγεν
2879 414 3050 487 εἶναι,
3091 417 3180 474 διὰ
3226 423 3287 476 τὸ
3323 419 3783 494 ἀπαρρησίαστον.

2159 509 2296 563 Ἀλλ’
2333 511 2432 565 οὒκ
2466 513 2533 568 ἂν
2583 515 2917 588 ἀνασχοίμην
2954 516 3062 571 τῶν
3096 514 3268 570 ταῦτα
3311 516 3571 585 λεγόντων
3589 531 3603 546 ο
3638 516 3784 580 ἀξιο-

2144 609 2458 678 πιστότερος
2483 608 2592 681 γάρ
2606 610 2781 664 αὐτῶν
2797 613 2826 665 6
2851 611 3079 676 Παῦλος,
3099 614 3128 666 6
3145 611 3414 685 τολμητὴν
3431 611 3590 665 αὐτὸν
3607 610 3787 664 καλῶν

2145 706 2240 759 ναὶ
2269 707 2465 776 λέγων·
2503 711 2748 776 Ἡσαΐας
2767 711 2836 764 δὲ
2865 710 3172 781 ἀποτολμᾷ
3197 711 3296 766 και
3331 710 3513 780 λέγει.
3539 711 3636 764 Διά
3655 709 3787 778 γοῦν

2144 797 2302 852 τοῦτο
2321 799 2439 853 ούδέ
2454 799 2531 872 τῷ
2560 801 2742 871 κοινῷ,
2773 801 2847 866 ῶς
2863 819 3013 871 φασι,
3040 802 3187 872 νόμῳ
3199 803 3296 874 τὴν
3312 801 3453 872 ζωὴν
3477 801 3784 865 κατέλυσεν,

2144 893 2280 946 ἀλλά
2309 893 2690 966 χαλεπωτάτην
2715 895 2919 966 ὑπέστη
2947 895 3227 966 τιμωρίαν,
3257 895 3364 949 τῶν
3398 895 3664 949 Ἰουδαίων
3690 894 3790 946 ούκ

2145 992 2469 1065 ἐνεγκόντων
2501 991 2663 1045 αὐτοῦ
2709 993 2809 1064 τὴν
2851 993 3180 1065 παρρησίαν.
3211 993 3392 1064 Χωρὶς
3435 993 3492 1046 δὲ
3523 993 3725 1046 τούτων
3757 1003 3784 1033 ι

2145 1063 2265 1140 ὂύδέ
2291 1087 2508 1158 φησινή
2539 1086 2726 1159 Γραφή
2755 1063 2878 1154 που,
3021 1090 3222 1159 παρῆν,
3247 1063 3408 1158 ήνίκα
3435 1087 3503 1140 τά
3543 1087 3680 1142 κατὰ
3699 1085 3793 1140 τὸν

2158 1182 2340 1246 Ὀζίαν
2366 1181 2601 1252 ἐγένετο,
2634 1185 2727 1238 καὶ
2751 1184 2937 1256 παρὼν
2961 1183 3135 1252 ἐσίγα,
3164 1184 3279 1238 ἀλλ’
3309 1183 3517 1238 οἴκοθεν
3544 1185 3638 1238 καὶ
3661 1182 3791 1253 παρ’

2145 1278 2352 1331 ἐαυτῶν
2377 1278 2548 1332 ταῦτα
2579 1279 2628 1332 οἰ
2657 1278 2902 1346 λέγοντες
2930 1279 3296 1349 στοχάζονται.
3328 1277 3395 1332 Τί
3422 1273 3514 1332 οὖν
3546 1279 3689 1332 ἐστιν
3713 1279 3792 1330 εἰ-

2146 1374 2296 1438 πεῖν;
2329 1374 2450 1426 Ὅτι
2484 1373 2584 1426 οὐκ
2612 1369 2678 1444 ἦν
2702 1375 2814 1427 ῐσον
2849 1373 2910 1426 τὸ
2964 1374 3237 1437 Μωῦσέως
3275 1374 3368 1428 καὶ
3397 1373 3571 1428 τοῦτο.
3603 1373 3662 1426 Ὅ
3692 1371 3794 1443 μέν

2146 1468 2255 1540 7&9
2279 1471 2358 1532 εἰς
2382 1467 2669 1538 ἀλλοτρίαν
2715 1468 2990 1539 ἐπέμπετο
3021 1469 3114 1523 καὶ
3148 1469 3226 1532 εἰς
3277 1468 3549 1540 βάρϐαρον
3584 1467 3790 1539 χώραν,

2145 1564 2242 1617 καὶ
2268 1563 2402 1635 πρὸς
2425 1563 2704 1634 τύραννον,
2732 1563 2826 1616 καὶ
2859 1563 3195 1635 μαινόμενον,
3217 1565 3312 1618 καὶ
3323 1564 3594 1619 λυττῶντα
3610 1558 3794 1630 ὀὗτος

2146 1658 2203 1712 δέ
2233 1658 2368 1731 πρὸς
2397 1661 2524 1724 τοὺς
2566 1661 2816 1725 οἰκείους,
2852 1661 2945 1716 καὶ
2982 1659 3238 1724 πολλάκις
3264 1661 3578 1732 ἀκηκοότας,
3609 1661 3704 1714 καὶ
3735 1661 3794 1714 ἐν

2150 1753 2326 1826 πολλῷ
2351 1755 2733 1821 παιδευθέντας
2772 1757 2972 1829 χρόνῳ·
3007 1757 3099 1812 καὶ
3127 1758 3188 1810 ού
3217 1757 3316 1828 τῆς
3355 1757 3521 1827 αὐτῆς
3551 1756 3793 1829 ἀνδρείας

2146 1846 2218 1922 ἦν
2241 1845 2303 1906 τὸ
2331 1853 2632 1907 ὑπακοῦσαι
2662 1854 2777 1907 ἐκεῖ
2805 1870 2865 1906 τε
2897 1853 2990 1906 καὶ
3031 1852 3279 1908 ἐνταῦθα.
3311 1853 3467 1918 Τινές
3497 1853 3554 1907 δέ
3595 1871 3755 1924 φασιν
3776 1889 3790 1907 .

2149 1946 2231 2000 6::
2258 1948 2352 2002 καὶ
2382 1948 2566 2020 ἔτερόν
2591 1967 2642 2002 τι
2683 1948 2830 2020 αὐτῷ
2853 1949 2951 2020 τὴν
2990 1949 3294 2020 προθυμίαν
3329 1949 3547 2021 ἐποίησε
3571 1948 3790 2019 ταύτην.

2163 2043 2376 2114 Ἐπειδὴ
2399 2045 2506 2116 γὰρ
2523 2045 2624 2099 ύπέ
2631 2063 2660 2117 ρ
2676 2063 2734 2099 τε
2761 2045 2951 2100 ἐαυτοῦ
2972 2045 3061 2099 καὶ
3081 2044 3172 2098 τοῦ
3189 2043 3317 2098 λαοῦ
3334 2042 3792 2114 ἐξωμολογήσατο,

2150 2138 2245 2192 καὶ
2272 2139 2339 2192 τὰ
2376 2140 2622 2210 Σεραφὶμ
2649 2134 2787 2193 εἶδεν
2807 2139 3189 2202 ἀποσταλέντα,
3208 2139 3302 2192 καὶ
3321 2137 3692 2210 ἐκκαθάραντα
3708 2137 3796 2192 αὑο

2149 2234 2242 2288 τοῦ
2257 2235 2322 2289 τά
2333 2252 2393 2305 χε
2401 2234 2505 2306 ίλη,
2520 2235 2914 2305 προσδοκήσας,
2926 2235 3005 2289 6::
3022 2235 3116 2288 καὶ
3129 2234 3206 2304 τῷ
3221 2233 3332 2305 λαῷ
3346 2232 3516 2287 ταῦτα
3533 2233 3708 2304 συμϐή
3716 2250 3798 2286 σε·

2150 2347 2258 2394 ται,
2286 2331 2379 2384 καὶ⁵
2395 2331 2565 2384 ταῦτα
2606 2329 2960 2384 ἀπελεύσεται
2987 2328 3357 2397 ἀπαγγέλλων,
3385 2327 3674 2398 προθύμως
3696 2330 3800 2399 :79-

2152 2441 2292 2479 πασε
2313 2425 2371 2478 τὸ
2401 2423 2819 2494 λεχθέν.Ὢσπερ
2841 2423 2946 2497 7&9
2971 2421 3084 2495 [Ἠ]
3102 2419 3240 2494 ἦσαν
3268 2422 3521 2491 φιλόθεοι,
3540 2421 3680 2476 οὕτω
3704 2424 3798 2476 καὶ

2155 2521 2492 2592 φιλόστοργοι
2526 2521 2759 2592 μάλιστα
2781 2519 2990 2576 πάντων
3012 2517 3312 2591 ἀνθρώπων
3337 2522 3388 2573 οἰ
3422 2520 3584 2588 ἀγιοι.
3625 2519 3800 2574 Ἐλπί-

2156 2631 2254 2678 σας
2280 2611 2372 2670 οὖν
2397 2616 2548 2668 λύσιν
2561 2615 2682 2668 τινά
2705 2615 2811 2669 τῶν
2826 2612 3004 2668 κάκῶν
3019 2615 3366 2683 ἀπαγγελεῖν,
3381 2615 3686 2685 ἐπεπήδησε
3699 2630 3795 2666 τα-

2155 2710 2311 2779 χέως,
2335 2709 2427 2764 καί
2448 2726 2610 2779 φησιν
2626 2725 2638 2738 ⁸
2668 2709 2811 2764 Ἰδοὺ
2830 2708 2944 2780 ἐγώ
2956 2712 3089 2778 ειμι,
3104 2710 3465 2764 ἀπόστειλον
3473 2726 3569 2779 με.
3591 2709 3798 2772 Ἄλλως

2153 2805 2208 2857 δὲ
2223 2803 2314 2858 καὶ
2329 2803 2503 2876 ψυχὴν
2519 2805 2721 2877 σφόδρα
2736 2804 2868 2875 πρὸς
2882 2803 3154 2867 κινδύνους
3171 2803 3646 2876 παρατεταγμένην
3659 2799 3793 2873 εἷχε·

2155 2900 2248 2954 καὶ
2264 2900 2417 2969 δῆλον
2450 2900 2612 2954 αὑτοῦ
2634 2899 2788 2953 τοῦτο
2800 2899 2861 2953 τὸ
2881 2895 3009 2971 ἦθος
3029 2898 3115 2952 διὰ
3132 2899 3312 2970 πάσης
3337 2900 3433 2970 τῆς
3459 2899 3793 2972 προφητείας

2157 2994 2319 3048 ἐστίν.
2351 2995 2501 3047 Ἐπεὶ
2521 2989 2612 3047 06v
2628 2994 2890 3064 ὑπέσχετο
2919 2992 3327 3059 ἀπελεύσεσθαι,
3357 2994 3451 3048 καὶ
3487 2994 3585 3049 ούκ
3601 2995 3798 3066 ἐτόλμα

2157 3088 2339 3142 λοιπὸν
2370 3088 2680 3153 ἀνανεῦσαι,
2710 3089 2827 3142 τότε
2851 3086 3033 3142 ἀκούει
3065 3089 3131 3142 τά
3156 3088 3386 3161 λυπηρά.
3426 3090 3532 3143 Καὶ
3559 3089 3668 3161 7&9
3702 3092 3800 3144 καὶ

2156 3187 2185 3238 6
2204 3185 2334 3248 Θεὸς
2351 3185 2510 3238 αὑτὸν
2535 3183 2714 3253 σοφῶς
2745 3185 3126 3256 μετεχείρισεν.
3152 3186 3224 3239 06
3250 3185 3357 3257 7&9
3377 3185 3436 3251 ἐξ
3463 3186 3634 3257 ἀρχῆς
3655 3182 3798 3252 εῐπε,

2158 3280 2485 3350 Πορεύθητι,
2514 3281 2606 3334 καὶ
2643 3281 2763 3333 εἰπέ
2782 3295 2797 3312 ³
2828 3279 2960 3333 ἀλλά
2998 3280 3257 3352 πρότερον
3288 3281 3556 3352 μετέωρον
3577 3283 3802 3353 ποιήσας

2157 3374 2217 3427 τὸ
2263 3375 2557 3445 ἐπίταγμα,
2609 3376 2702 3428 καὶ
2739 3375 2929 3445 ἀδηλον
2980 3377 3077 3443 τῆς
3109 3376 3406 3446 άποστολής
3451 3375 3542 3429 τὸν
3578 3377 3798 3447 τρόπον.

2169 3469 2384 3539 Ἐπειδὴ
2404 3467 2432 3506 ι)
2455 3469 2649 3541 ῥᾳδίως
2677 3470 2969 3540 ὑπήκουσε,
2988 3469 3134 3538 λέγει
3156 3470 3223 3524 τά
3246 3469 3657 3542 καταληψόμενα
3676 3472 3803 3535 τοὺς

2171 3563 2453 3627 Ἰουδαίους
2491 3563 2656 3618 κακά.
2688 3564 2820 3618 Τίνα
2857 3563 2915 3617 δέ
2947 3563 3114 3616 ταῦτα
3145 3560 3240 3635 ἧν;
3273 3565 3611 3632 Πορεύθητι,
3642 3565 3797 3633 φησὶ,

2161 3659 2260 3712 καί
2293 3659 2422 3713 εἰπὲ
2443 3658 2523 3724 τῷ
2548 3658 2673 3724 λαῷ
2699 3660 2885 3726 τούτῳ
2907 3675 2921 3690 ·
2965 3659 3020 3713 Ἀ
3032 3657 3144 3726 κοῇ
3175 3658 3480 3722 ἀκούσετε,
3510 3659 3608 3713 καί
3627 3660 3697 3713 οὐ
3712 3659 3801 3727 μὴ

2160 3753 2408 3823 συνῆτε·
2437 3753 2536 3807 καί
2562 3754 2898 3818 ,ϐλέποντες
2917 3751 3200 3822 βλέψετε,
3248 3752 3348 3806 καί
3389 3754 3460 3807 οὐ
3502 3752 3587 3823 μὴ
3615 3754 3796 3822 ιδητε.

2173 3849 2505 3917 Ἐπαχύνθη
2541 3848 2649 3915 γὰρ
2686 3850 2724 3915 ἠ
2747 3848 2956 3914 καρδία
2975 3846 3079 3902 τοῦ
3115 3846 3266 3901 λαοῦ
3299 3847 3532 3909 τούτου,
3561 3848 3805 3916 καὶτοῖς

2159 3942 2310 3997 ὠσίν
2349 3940 2548 3997 αὐτῶν
2568 3941 2801 4009 ,ϐαρέως
2841 3936 3136 4010 ἥκουσαν,
3163 3942 3260 3996 καί
3282 3942 3423 4008 τοὺς
3461 3944 3804 4013 ὀφθαλμοὺς

2160 4037 2357 4092 αὐτῶν
2397 4036 2776 4104 ἐκάμμυσαν,
2803 4037 3034 4105 μήποτε
3069 4037 3238 4091 ιδωσι
3286 4037 3412 4104 τοῖς
3455 4038 3803 4109 ὀφθαλμοῖς,

2164 4132 2263 4185 καί
2286 4131 2408 4196 τοῖς
2436 4131 2586 4184 ὠσίν
2605 4130 2931 4195 ἀκούσωσι,
2953 4130 3048 4182 καί
3075 4128 3150 4199 τῇ
3174 4131 3386 4200 καρδίᾳ
3416 4132 3667 4199 συνῶσι,
3702 4134 3803 4188 καί

2163 4225 2586 4295 ἐπιστρέψωσι,
2617 4224 2715 4277 καί
2743 4224 2988 4293 ἰάσωμαι
3010 4226 3248 4291 αὐτούς.
3279 4225 3461 4280 Ταῦτα
3486 4227 3604 4280 ούδέ
3627 4228 3804 4298 ἑρμη-

2164 4321 2312 4382 νείας
2345 4316 2497 4389 οἶμαι
2532 4318 2758 4384 δεῖσθαι,
2793 4318 2901 4371 τῶν
2932 4318 3173 4389 ἀκριϐῶς
3216 4319 3386 4373 ταῦτα
3409 4321 3802 4392 ἐπισταμένων,

2165 4415 2538 4486 προλαϐόντων
2555 4414 2647 4466 καὶ
2681 4413 3098 4484 ἐξηγησαμένων
3135 4412 3292 4478 αύτά,
3339 4412 3581 4468 Ἰωάννου
3623 4431 3682 4468 τε
3707 4413 3802 4467 τοῦ

2181 4512 2296 4566 υίοῦ
2326 4513 2422 4583 τῆς
2453 4511 2700 4582 βροντῆς,
2731 4512 2824 4564 καὶ
2852 4510 3065 4564 Παύλου
3088 4513 3183 4565 τοῦ
3219 4511 3286 4564 τὰ
3307 4512 3508 4567 παλαιά
3531 4513 3622 4566 καὶ
3646 4514 3807 4567 καινά

2171 4608 2306 4678 μετά
2331 4606 2616 4678 ἀκριϐείας
2634 4605 2850 4668 εἰδότος.
2865 4604 2923 4659 Ὀ
2939 4605 3034 4674 μὲν
3045 4605 3150 4678 γὰρ
3165 4607 3221 4658 ἐν
3239 4609 3305 4677 τῇ
3330 4607 3511 4677 Ῥώμῃ
3533 4608 3665 4677 πρὸς
3680 4609 3805 4671 τοὺς

2170 4701 2516 4764 συνελθόντας
2548 4700 2664 4770 μὲν,
2699 4700 3147 4770 ἀποπηδήσαντας
3164 4699 3240 4763 δὲ,
3277 4700 3368 4754 καὶ
3389 4701 3486 4753 οὐκ
3510 4701 3808 4770 ἀνασχομέ-

2169 4813 2290 4858 νους
2315 4795 2423 4849 τῶν
2449 4794 2772 4864 λεγομένων,
2806 4793 3126 4866 δημηγορῶν
3154 4794 3320 4862 ἔλεγε
3348 4794 3554 4860 Καλῶς
3587 4794 3715 4849 εἶπε
3736 4795 3804 4849 τὸ

2169 4889 2409 4957 Πνεῦμα
2428 4888 2490 4941 τὸ
2513 4888 2698 4956 ἅγιον
2729 4884 2896 4954 Ἀκοῇ
2919 4889 3230 4950 ἀκούσετε,
3251 4889 3348 4943 καί
3365 4892 3434 4943 οὺ
3449 4889 3533 4958 μὴ
3557 4889 3803 4957 συνῆτε.

2181 4985 2240 5037 '0
2269 4984 2324 5036 δὲ
2346 4984 2442 5052 τῆς
2469 4980 2692 5051 βροντῆς
2736 4981 2865 5047 υίὸς,
2893 4984 3078 5052 ἐπειδὴ
3109 4982 3354 5053 θαύματα
3377 4982 3577 5053 ἐώρων,
3594 4984 3686 5036 καὶ
3707 4984 3807 5036 ούκ

2173 5077 2471 5142 ἐπίστευον,
2498 5076 2588 5129 καὶ
2619 5075 2900 5144 δογμάτων
2933 5077 3144 5147 ήκουον,
3183 5077 3275 5130 καὶ
3300 5075 3360 5128 06
3386 5079 3668 5146 προσεῖχον
3691 5077 3807 5147 (ἀν-

2175 5174 2368 5242 έστησε
2407 5171 2514 5240 7&9
2547 5168 2794 5241 Λάζαρον
2830 5171 2859 5223 6
2890 5170 3142 5243 Χριστὸς,
3175 5169 3266 5223 καὶ
3296 5169 3503 5223 ἀνελεῖν
3535 5169 3694 5224 αὑτὸν
3719 5171 3814 5224 ἐπ-

2195 5399 2226 5465 ’,
2242 5402 2270 5430 ι
2286 5397 2437 5459 Χωρὶς
2458 5397 2508 5465 δὲ
2530 5397 2726 5465 τούτων.
2754 5398 2872 5448 Περ
2891 5401 2961 5448 sic
2982 5401 3216 5465 cqnverli:
3235 5399 3522 5448 Tilmannns
3542 5418 3581 5465 :_
3595 5396 3812 5465 ετεεριίο

2176 5456 2304 5507 hisce
2321 5456 2593 5520 nﬁgacibgu.
2617 5459 2880 5520 Perperam
2902 5461 3131 5520 omnino;
3169 5473 3294 5517 nam,
3320 5465 3381 5520 ut,
3400 5471 3462 5508 ex
3484 5459 3614 5506 serie
3640 5456 3809 5517 liquet,

2176 5518 2485 5581 vertendbm,
2507 5519 2694 5581 Prwter
2714 5518 2816 5568 lucc
2835 5526 2992 5569 autem
3011 5531 3032 5580 ;
3066 5518 3290 5569 nimirum
3322 5519 3452 5568 aliud
3473 5524 3810 5581 argumentum

2177 5578 2566 5642 prgaqueptibus
2584 5580 2762 5642 adjicit.

2238 5635 2267 5676 δ
2288 5639 2376 5687 Hic
2396 5639 2518 5704 {0:er
2540 5635 2802 5703 legéndum
2817 5641 2973 5699 ἐπειδή
2996 5641 3065 5704 δέ,
3091 5640 3166 5692 vel
3186 5641 3348 5702 potius
3370 5645 3479 5702 post
3494 5638 3664 5701 τρόπον
3680 5648 3812 5687 com-

2183 5715 2258 5751 ma
2278 5701 2570 5763 ponendum.
