4058 6216
281 514 531 585 positum,
582 510 829 566 virtutem
879 506 1282 568 ministrantem,
1325 499 1461 570 quod
1503 494 1844 597 admotnssit

278 605 384 667 ori,
415 602 557 671 quod
583 600 648 654 ad
677 598 1036 669 purgationem
1064 602 1395 661 peccatorum
1418 608 1429 643 :
1454 603 1550 643 nos
1571 596 1745 640 autem
1767 599 1845 637 tn-

283 696 436 748 terim
465 692 697 747 historia:
735 690 1013 749 haeremus,
1044 700 1104 738 ac
1129 683 1369 747 dicimus,
1399 680 1547 747 cujus
1575 677 1648 731 rei
1687 687 1843 730 causa

284 782 387 836 hoc
413 782 605 836 factum
627 779 715 836 sit.
744 776 1025 832 Mittendus
1052 783 1135 828 eet
1169 771 1234 825 ad
1262 770 1507 839 populum
1550 764 1841 829 Iudaicum,

283 872 541 928 terribilia
570 868 807 941 quaedam
835 876 888 924 et
925 862 1251 922 intoleranda
1281 861 1704 915 annuntiaturus.
1730 856 1846 910 Mit—

280 970 467 1016 tuntur
486 974 611 1031 ergo
626 957 922 1028 Seraphim,
944 966 998 1010 ut
1018 970 1139 1009 eum
1156 954 1343 1007 timore
1358 950 1513 1004 simul
1528 958 1583 1003 et
1602 946 1845 1015 loquendi

282 1050 472 1104 fiducia
490 1049 760 1117 impleant.
779 1048 855 1102 Ac
871 1061 937 1102 ne
951 1045 1224 1114 objiceret,
1251 1039 1687 1111 quemadmodum
1704 1037 1849 1107 Moy-

280 1153 390 1205 ses,
421 1154 479 1195 se
506 1140 699 1194 exilem
724 1152 907 1193 vocem
931 1134 1128 1190 habere
1151 1131 1340 1204 (Exod.
1368 1132 1421 1186 4.
1455 1129 1566 1200 10),
1588 1137 1645 1184 et
1667 1136 1725 1182 ut
1756 1128 1848 1182 Je-

280 1230 497 1295 remias,
527 1243 584 1283 se
599 1228 862 1297 iuniorem
888 1238 1005 1279 esse
1029 1221 1159 1293 (Jer.
1187 1222 1239 1275 1.
1264 1217 1340 1290 6),
1370 1219 1445 1273 sic
1461 1227 1513 1273 et
1539 1219 1723 1287 ipsese
1751 1216 1849 1269 im-

281 1319 477 1373 munda
505 1318 640 1372 labia
663 1316 856 1370 habere
881 1354 898 1379 ,
926 1328 1031 1367 non
1052 1325 1207 1381 posse
1242 1310 1396 1365 dictis
1418 1309 1736 1372 ministrare,
1757 1320 1849 1361 ve-

279 1408 435 1462 niunt
453 1406 728 1473 Serapbim
746 1412 802 1457 ut
820 1410 1110 1471 expurgent
1124 1401 1237 1468 ejus
1252 1406 1484 1467 peccata,
1514 1413 1618 1452 non
1640 1395 1848 1466 propria

282 1497 478 1550 virtute
508 1496 631 1564 (hoc
655 1495 794 1549 enim
821 1501 905 1547 est
932 1492 1103 1547 solum
1131 1490 1320 1553 Patris,
1359 1496 1414 1543 et
1439 1486 1575 1549 Filii,
1611 1494 1666 1540 et
1688 1485 1852 1553 Spiri-

282 1593 373 1640 tus
391 1585 604 1654 sancti),
628 1584 722 1640 sed
758 1582 931 1653 jussu,
973 1590 1029 1640 et
1072 1579 1375 1635 admotione
1401 1576 1707 1631 carbonum.
1736 1574 1850 1631 Non

281 1675 427 1729 enim
451 1675 599 1740 dixit,
634 1674 773 1729 Ecce
799 1673 1034 1727 auferam
1060 1684 1179 1739 ego,
1211 1667 1327 1733 sed,
1358 1666 1488 1720 Ecce
1528 1668 1621 1719 hoc
1660 1669 1852 1736 auferet

282 1765 572 1835 iniquitates
601 1774 730 1830 tuas,
760 1772 807 1817 et
834 1770 1035 1831 peccata
1064 1769 1151 1813 tua
1176 1758 1425 1829 purgabit,
1457 1765 1673 1826 propter
1704 1771 1853 1810 man-

282 1855 465 1908 datum
496 1854 771 1909 mittentis.
792 1851 901 1909 Cur
913 1860 1090 1906 autem
1116 1849 1314 1919 forcipe
1333 1848 1608 1918 Seraphim
1635 1863 1854 1916 accepe-

285 1952 412 1997 runt
438 1943 756 1998 carbonem?
799 1943 978 2013 Neque
1014 1942 1153 1999 enim
1195 1943 1503 2013 incorporea
1543 1943 1709 1997 virtus
1738 1957 1854 1996 car-

283 2031 511 2086 bonibus
537 2033 618 2087 uri
645 2040 867 2101 poterat.
890 2031 996 2087 Cur
1014 2032 1128 2087 haec
1152 2031 1285 2087 facta
1310 2032 1468 2087 sunt?
1495 2032 1596 2086 Per
1609 2046 1851 2101 magnam

283 2118 686 2189 indulgentiam.
716 2120 943 2191 Ideoque
969 2137 1035 2177 ex
1084 2122 1236 2176 altari
1283 2122 1493 2190 accipit,
1540 2121 1627 2176 ubi
1666 2120 1851 2176 hostia:

281 2209 638 2266 efferebantur
653 2226 715 2266 ex
724 2212 1085 2281 piationesque
1108 2219 1460 2280 peccatorum.
1483 2208 1631 2277 Quod
1648 2213 1690 2265 si
1708 2209 1855 2265 dixe-

281 2303 393 2354 ris:
424 2300 699 2367 Quomodo
723 2316 784 2356 os
824 2301 1096 2371 propheta:
1139 2316 1242 2356 non
1270 2300 1514 2355 adustum
1557 2302 1671 2355 est?
1696 2300 1854 2357 Certo

283 2392 407 2459 quia
443 2390 492 2445 id
518 2391 657 2461 quod
684 2392 973 2461 apparebat
990 2408 1094 2446 non
1112 2400 1227 2447 erat
1253 2391 1388 2462 ignis
1408 2392 1698 2455 sensibilis;
1722 2394 1852 2448 alias

282 2495 435 2544 vero,
461 2496 583 2535 cum
603 2481 870 2551 quidpiam
897 2481 1034 2538 Deus
1060 2491 1329 2552 operatur,
1358 2496 1423 2537 ne
1443 2483 1653 2538 curiose
1680 2484 1851 2553 inqui-

281 2582 374 2624 ras
398 2570 480 2623 rel
505 2571 776 2625 scruteris.

359 2658 413 2712 5.
446 2657 651 2712 Etenim
682 2658 874 2715 ardens
899 2668 953 2716 et
976 2661 1240 2717 sensibilis
1268 2661 1402 2733 ignis
1424 2664 1731 2733 corporibus
1758 2664 1851 2719 ad-

282 2757 493 2814 motus,
523 2764 583 2803 ea
613 2765 718 2804 non
754 2751 928 2807 effecit
954 2769 1071 2823 qua:
1105 2763 1408 2823 competunt
1438 2756 1542 2825 igni
1571 2757 1664 2825 (a).
1700 2757 1851 2822 Quod

279 2836 331 2890 si
366 2837 452 2890 ubi
493 2846 756 2891 sarmenta
781 2878 796 2904 ,
830 2848 886 2893 et
918 2841 1003 2909 pix
1026 2881 1041 2905 ,
1085 2841 1294 2895 flamma
1327 2844 1554 2912 prOpriae
1582 2844 1744 2898 oblita
1771 2854 1852 2899 est

281 2933 489 2980 natura:
512 2966 527 2991 ,
556 2926 680 2996 quid
712 2928 988 2988 miraris,si
1020 2944 1157 2985 nunc
1186 2929 1237 2985 in
1268 2939 1373 2985 tam
1404 2933 1662 3001 stupendo
1686 2949 1809 2990 casu
1831 2976 1847 3001 ,

281 3014 371 3070 hic
400 3015 531 3085 ignis
559 3017 891 3086 purgaverit,
920 3032 1019 3072 nec
1045 3017 1342 3074 adusserit?
1369 3020 1422 3076 8.
1463 3021 1527 3075 Et
1572 3024 1737 3077 audivi
1764 3040 1851 3077 vo-

279 3121 387 3159 cem
414 3105 616 3159 Domini
642 3107 850 3161 dicentis
876 3122 894 3161 :
919 3107 1076 3172 Quem
1103 3110 1313 3175 mittam,
1344 3119 1389 3164 et
1417 3112 1526 3179 quis
1554 3112 1638 3165 ibit
1665 3112 1732 3165 ad
1760 3129 1851 3183 po-

281 3197 457 3264 pulum
480 3196 647 3250 hunc!
672 3197 853 3252 Videu‘
876 3207 1127 3267 quantum
1155 3200 1404 3269 profuerit
1425 3202 1575 3267 visio,
1600 3212 1845 3271 quantam

278 3299 391 3339 rem
419 3286 698 3355 perfecerit
724 3287 916 3343 timor?
944 3288 1090 3344 Licet
1123 3290 1222 3346 sub
1258 3291 1436 3362 Moyse
1469 3294 1733 3363 quidpiam
1770 3296 1845 3349 si-

277 3374 406 3429 mile
423 3385 628 3445 gestum
650 3377 755 3431 sit:
779 3379 879 3433 etsi
900 3380 1040 3433 enim
1063 3378 1337 3449 Seraphin]
1360 3396 1462 3435 non
1485 3385 1843 3452 apparuerint,

276 3478 379 3519 nec
405 3465 543 3521 Deus
578 3467 630 3521 in
656 3469 791 3523 solio
830 3468 1053 3534 sedens;
1090 3480 1320 3525 attamen
1355 3473 1494 3527 aliud
1532 3476 1846 3544 stupendum

273 3557 638 3623 spectaculum
664 3566 789 3614 tunc
811 3561 1081 3631 propheta:
1106 3561 1396 3618 exhibitum
1419 3575 1518 3628 est,
1544 3574 1846 3637 tantumque

273 3653 335 3698 ut
353 3660 510 3701 nemo
534 3647 586 3701 in
612 3647 739 3703 illud
762 3650 1028 3720 respicere
1054 3655 1237 3721 possit.
1264 3652 1434 3709 Bubus
1454 3658 1594 3710 enim
1618 3658 1841 3727 ardebat,

272 3735 477 3806 inquit,
518 3747 567 3792 et
607 3754 709 3793 non
743 3741 1119 3797 comburebatur
1148 3742 1349 3816 (Exod.
1392 3748 1443 3801 '5.
1472 3747 1508 3800 2
1528 3748 1564 3816 ).
1597 3749 1843 3806 Attamen

270 3826 431 3880 etiam
461 3835 580 3895 post
616 3828 738 3893 illa,
766 3839 819 3885 et
844 3840 966 3901 post
1000 3834 1219 3889 multam
1256 3834 1348 3889 Dei
1389 3836 1841 3908 adhortationem,

271 3916 561 3971 reluctatur
583 3926 755 3975 tamen
785 3920 992 3992 Moyses
1017 3923 1110 3979 ille
1137 3940 1378 3995 magnus,
1405 3928 1753 3997 causiﬁcatur,
1779 3946 1843 3987 ac

268 4018 551 4063 sexcentas
575 4011 838 4081 excogitat
869 4014 1146 4069 recusandi
1173 4030 1358 4071 causas
1383 4017 1562 4073 dicens
1588 4038 1600 4073 :
1627 4020 1840 4076 Gracilis

268 4098 404 4150 vocis
427 4114 559 4165 sunt,
587 4109 633 4155 et
660 4101 830 4172 lingua
857 4106 1032 4159 tardus
1059 4104 1252 4174 (Exod.
1280 4107 1332 4162 4.
1366 4108 1451 4164 10.
1481 4110 1567 4179 15)
1592 4126 1606 4177 ;
1635 4121 1705 4177 et,
1736 4112 1839 4165 De-

269 4188 370 4257 ligs
392 4197 446 4241 tu
470 4191 654 4258 alium,
682 4209 827 4262 quem
852 4196 1020 4250 mittas
1049 4196 1181 4268 (Jer.
1213 4200 1263 4253 i.
1290 4200 1398 4271 l6).
1426 4200 1682 4256 Jeremias
1709 4218 1836 4257 vero

267 4285 479 4333 artatem
509 4287 744 4336 teneram
772 4284 1030 4340 obtendit.
1076 4287 1318 4344 Ezechiel
1353 4297 1527 4345 autem
1560 4301 1834 4362 postquam

264 4365 445 4433 jussus
481 4365 688 4436 fuerat,
716 4382 917 4440 septem
956 4372 1141 4430 diebus
1168 4378 1305 4432 circa
1335 4377 1529 4432 flumen
1563 4390 1832 4448 versatur,

270 4455 538 4512 reluctans
561 4468 616 4513 et
641 4460 1015 4529 tergiversaris.
1044 4462 1167 4519 Ideo
1195 4467 1495 4535 parabolam
1532 4469 1671 4522 illam
1700 4470 1836 4524 Deus

267 4543 466 4612 adjecit
487 4546 668 4602 dicens
693 4565 708 4602 :
740 4548 1114 4619 Speculatorem
1139 4561 1185 4607 te
1208 4555 1322 4608 dedi
1346 4556 1514 4610 domui
1540 4555 1736 4623 Israel;
1758 4570 1831 4622 et,

267 4632 505 4688 Animam
541 4652 711 4691 eorum
746 4639 809 4692 de
838 4656 992 4694 manu
1018 4650 1104 4696 tua
1132 4644 1379 4712 rquiram
1408 4645 1625 4717 (Ezecb.
1660 4649 1711 4702 5.
1744 4650 1828 4702 l7.

267 4723 384 4793 18).
413 4724 575 4781 Jonas
602 4734 776 4782 autem
806 4743 911 4784 non
936 4731 1095 4785 modo
1121 4734 1402 4801 recusavit,
1434 4736 1526 4790 sed
1553 4738 1709 4792 etiam
1739 4754 1832 4792 auo

265 4815 419 4884 fugit.
461 4815 595 4881 Quid
640 4818 832 4887 igitur?
875 4821 1189 4878 audaciorne
1226 4826 1470 4881 omnibus
1506 4827 1601 4883 fuit
1635 4829 1826 4897 Isaias,

264 4905 531 4975 etiamque
562 4921 752 4977 magno
783 4908 875 4964 illo
903 4909 1124 4980 Moyse?
1151 4912 1279 4980 Quis
1323 4916 1436 4971 haec
1470 4918 1700 4974 dixerit?
1724 4922 1832 4975 Cur

264 5009 395 5064 ergo
419 4996 507 5053 ille
526 4999 707 5066 jussus
731 5001 1102 5069 reluctabatur,
1128 5004 1211 5060 hic
1236 5020 1360 5061 vero
1388 5023 1490 5062 non
1518 5022 1699 5079 aperte
1718 5013 1831 5081 jus-

262 5098 389 5150 sus,
422 5086 656 5143 insiliens
693 5101 887 5159 praesto
923 5091 1056 5147 fuit?
1079 5092 1259 5165 Neque
1286 5097 1425 5151 enim
1451 5098 1605 5164 dixit,
1638 5101 1782 5157 Vade
1811 5120 1826 5158 :

262 5173 358 5226 sed
391 5174 499 5230 Deo
525 5177 731 5235 dicente
754 5220 769 5244 ,
798 5182 954 5246 Quem
978 5184 1170 5239 mittam
1187 5186 1213 5238 1
1234 5186 1438 5255 jussum
1466 5188 1554 5245 ille
1580 5191 1827 5262 abripuit.

261 5265 489 5327 Quidam
515 5280 658 5324 certe
677 5270 874 5337 dicunt,
900 5288 1043 5342 eum,
1070 5277 1189 5345 quia
1216 5292 1540 5348 peccaverat,
1562 5283 1701 5351 quod
1723 5300 1829 5339 non

262 5356 690 5423 reprehendisset
722 5361 935 5431 Oziam,
968 5367 1056 5436 qui
1100 5369 1151 5423 in
1192 5370 1346 5441 adyta
1386 5388 1443 5428 se
1482 5375 1830 5433 intromittere

262 5459 427 5502 ausus
451 5459 553 5513 est,
582 5460 638 5503 ut
662 5451 726 5507 de
754 5454 843 5508 illo
872 5467 1088 5525 peccato
1116 5475 1235 5515 sese
1260 5472 1502 5533 purgaret
1529 5481 1621 5534 per
1645 5469 1827 5522 alacri-

262 5542 423 5589 tatem
449 5537 782 5608 obedientiaa,
808 5545 982 5600 statim
1008 5548 1268 5617 insiliisse,
1299 5561 1355 5607 ut
1387 5554 1547 5608 Deum
1577 5558 1823 5625 placaret.

262 5666 541 5777 “ﬁgam
560 5678 779 5733 spectant
800 5675 860 5725 ad
882 5683 984 5728 tres
1004 5691 1182 5742 pueros
1200 5687 1253 5732 et
1269 5682 1327 5733 ad
1349 5682 1587 5736 fornacem
1610 5690 1734 5748 ignis
1750 5702 1827 5738 ar-

1541 385 1607 442 IN
1643 378 1889 448 ISAIAM,
1926 377 2075 435 CAP.
2117 374 2204 432 Vl.
3418 396 3488 448 74

1948 489 2147 546 idcirco
2174 488 2314 545 enim
2339 486 2541 557 impura
2566 499 2685 541 esse
2709 483 2846 539 labia
2871 498 2965 539 sua
2988 482 3214 549 dicebat,
3236 481 3375 553 quod
3401 497 3502 536 non

1946 578 2188 634 libertate
2225 577 2471 646 loquendi
2497 589 2622 631 usus
2645 583 2808 631 esset.
2834 575 2902 629 At
2928 590 3019 630 cos
3047 575 3134 644 qui
3176 575 3295 627 talia
3324 572 3509 628 dicunt

1948 669 2086 724 ferre
2122 683 2223 722 non
2264 667 2462 736 possim
2491 683 2505 721 :
2539 679 2659 720 nam
2686 665 2789 720 ﬁde
2814 665 3019 735 dignior
3049 666 3152 719 illis
3176 674 3256 719 est
3282 664 3507 728 Paulus,

1946 760 2035 829 qui
2076 759 2326 813 audacem
2368 757 2512 811 illum
2547 765 2695 811 vocat
2730 763 2786 810 et
2821 756 2932 821 ait,
2964 757 3127 808 Isaias
3150 769 3263 808 vero
3287 754 3436 807 audet
3464 763 3511 806 et

1948 850 2067 902 dicit
2093 849 2264 918 (Rom.
2289 849 2376 904 10.
2401 847 2516 917 20).
2545 847 2667 902 Ideo
2693 848 2849 916 igitur
2869 861 2973 900 non
2997 861 3061 900 ex
3086 848 3351 901 communi
3373 847 3509 915 lege,

1950 947 2008 992 ut
2046 938 2191 992 aiunt
2214 979 2228 1003 ,
2268 947 2491 992 mortem
2534 937 2700 1002 obiit,
2728 937 2821 994 sed
2860 936 3227 1007 gravissimum
3266 934 3516 991 sustinuit

1948 1027 2259 1097 supplicium
2289 1027 2360 1099 (a)
2384 1068 2399 1094 ,
2438 1026 2635 1081 Judtris
2671 1028 2785 1096 ejus
2810 1028 3057 1097 loquendi
3087 1027 3379 1081 libertatem
3410 1043 3513 1082 non

1950 1116 2257 1171 ferentibus.
2289 1118 2490 1173 Praeter
2516 1116 2629 1171 haec
2653 1125 2827 1172 autem
2862 1117 3130 1187 Scriptura
3155 1132 3409 1188 nusquam
3435 1117 3517 1171 di-

1950 1207 2053 1270 cit,
2084 1206 2252 1275 ipsum
2281 1215 2592 1275 prmsentem
2611 1204 2783 1261 fuisse
2801 1246 2817 1270 ,
2844 1214 2899 1262 et
2935 1216 3247 1276 praesentem
3276 1208 3516 1269 siluisse.

1949 1294 2160 1364 quando
2186 1295 2339 1350 Ozias
2378 1296 2464 1350 illa
2499 1297 2777 1352 attentavit
2805 1313 2816 1349 :
2845 1296 2939 1350 sed
2976 1296 3062 1365 qui
3092 1296 3206 1353 hinc
3242 1297 3521 1367 proferunt

1951 1400 2016 1440 ex
2045 1388 2233 1457 seipsis
2261 1388 2382 1442 talia
2412 1389 2720 1458 conjiciunt.
2759 1388 2893 1457 Quid
2934 1403 3060 1460 ergo
3089 1390 3367 1444 dicendum
3393 1400 3475 1445 est
3494 1389 3519 1441 ?

1951 1475 2066 1530 Non
2094 1492 2213 1532 esse
2250 1492 2427 1545 parem
2458 1478 2652 1550 Moysis
2676 1488 2729 1534 et
2761 1478 2916 1549 hujus
2945 1479 3224 1535 rationem.
3256 1479 3347 1535 Ille
3375 1481 3516 1535 enim

1954 1564 2004 1617 in
2032 1564 2258 1619 alienam
2285 1574 2339 1621 et
2375 1568 2651 1624 barbaram
2679 1578 2872 1625 terram
2904 1570 3234 1634 mittebatur,
3261 1580 3313 1625 et
3342 1570 3406 1626 ad
3434 1579 3519 1641 ty-

1953 1670 2178 1710 rannum
2220 1655 2510 1727 furentem,
2552 1660 3009 1731 insanientemque
3037 1677 3099 1717 ac
3125 1660 3404 1729 rabidum;
3435 1662 3521 1718 hic

1953 1761 2082 1801 vero
2106 1747 2169 1802 ad
2200 1764 2355 1813 suos,
2384 1751 2471 1820 qui
2499 1764 2558 1807 se
2583 1766 2723 1821 saepe
2750 1753 3056 1819 audierant,
3083 1754 3354 1825 multoque
3384 1764 3521 1810 tem-

1954 1851 2082 1904 pore
2108 1838 2327 1893 instituti
2355 1838 2563 1895 fuerant
2593 1858 2606 1894 :
2636 1858 2805 1912 neque
2830 1844 2968 1912 paris
2994 1854 3107 1899 erat
3129 1846 3441 1901 constantia:
3469 1848 3520 1899 in

1955 1926 2046 1983 illo
2069 1928 2195 1982 etin
2222 1928 2323 1983 hoc
2342 1944 2465 1984 casu
2487 1931 2723 2001 obsequi.
2751 1933 2971 2001 Quidam
3000 1950 3158 2005 porro
3179 1936 3359 1991 dicunt
3378 1934 3519 1990 aliud

1952 2016 2217 2086 quidpiam
2250 2027 2447 2074 tantam
2474 2021 2548 2076 illi
2577 2022 2829 2078 indidisse
2852 2024 3195 2079 alacritatem.
3218 2026 3349 2093 Quia
3380 2026 3520 2080 enim

1955 2122 2050 2175 pro
2076 2124 2134 2163 se
2160 2118 2215 2164 et
2242 2112 2436 2181 populo
2474 2114 2748 2170 confessus
2784 2127 2931 2182 erat,
2963 2128 3015 2173 et
3044 2118 3322 2191 Serapliim
3360 2119 3426 2174 ad
3464 2135 3524 2176 se

1955 2201 2090 2254 mitti
2118 2201 2343 2267 viderat,
2371 2219 2489 2273 qua:
2518 2206 2653 2260 labia
2679 2222 2771 2262 sua
2801 2218 3174 2279 expurgarent,
3197 2225 3316 2266 cum
3343 2226 3525 2282 spera-

1954 2298 2034 2343 ret
2069 2290 2253 2346 eadem
2295 2292 2407 2363 ipsa
2448 2296 2643 2366 populo
2666 2307 2915 2353 eventura
2946 2314 3065 2355 esse
3088 2342 3102 2368 ,
3129 2315 3290 2373 seque
3316 2302 3382 2358 ad
3410 2303 3525 2360 luce

1953 2382 2310 2437 annuntianda
2355 2384 2618 2442 abiturum
2661 2403 2813 2456 esse,
2862 2391 3107 2449 alacriter
3148 2394 3343 2450 dictum
3392 2396 3523 2452 illud

1953 2473 2206 2539 rapuisse.
2237 2474 2413 2529 Sancti
2436 2476 2576 2531 enim
2603 2488 2660 2533 ut
2698 2478 2791 2535 Dei
2829 2494 3067 2538 amantes
3094 2494 3277 2547 erant,
3308 2486 3377 2541 ita
3405 2487 3523 2555 plus

1951 2576 2107 2628 quam
2146 2564 2233 2617 alii
2275 2580 2462 2621 omnes
2507 2566 2751 2625 homines
2792 2574 3043 2641 populum
3083 2576 3348 2631 amabant.
3388 2576 3518 2633 Cum

1951 2662 2190 2718 speraret
2218 2653 2374 2723 igitur
2401 2670 2460 2712 se
2489 2658 2749 2713 malorum
2776 2662 3057 2728 quamdam
3084 2664 3401 2722 solutionem
3422 2684 3521 2723 an-

1952 2744 2315 2798 nuntiaturum
2344 2749 2603 2810 esse,cito
2630 2749 2865 2816 insilivit,
2894 2761 2945 2806 ct
2969 2754 3040 2806 ait
3069 2771 3082 2808 :
3111 2752 3243 2810 Ecce
3266 2774 3358 2828 ego
3386 2775 3518 2824 sum,

1952 2830 2089 2883 mitte
2123 2846 2217 2885 me.
2260 2832 2407 2888 Alias
2442 2849 2570 2891 vero
2606 2838 2835 2893 animam
2874 2840 2939 2895 ad
2980 2844 3209 2911 pericula
3248 2849 3523 2906 subeunda

1950 2919 2101 2975 valde
2146 2936 2459 2992 propensam
2508 2924 2734 2982 habebat
2782 2947 2793 2981 ε
2836 2930 3111 3003 ipsumque
3159 2935 3227 2989 ita
3274 2937 3521 2995 affectum

1950 3008 2111 3067 fuisse
2150 3028 2245 3083 per
2288 3024 2450 3071 totam
2488 3019 2603 3087 ejus
2638 3022 2965 3091 prophetiam
3002 3024 3319 3083 declaratur.
3362 3030 3520 3088 Poste

1949 3118 2101 3174 quam
2133 3123 2259 3177 ergo
2288 3110 2603 3179 promiserat
2628 3127 2686 3167 se
2713 3114 2997 3183 abiturum,
3026 3132 3144 3173 cum
3173 3136 3273 3175 non
3299 3122 3518 3180 auderet

1948 3197 2083 3252 ultra
2112 3198 2363 3265 abnuere,
2392 3210 2513 3258 tunc
2540 3204 2704 3258 tristia
2729 3207 2945 3261 audivit.
2973 3207 3242 3278 Siquidem
3273 3212 3410 3268 Deus
3433 3229 3518 3268 sa-

1946 3288 2144 3356 gaciter
2166 3305 2284 3343 cum
2308 3292 2398 3345 illo
2422 3308 2533 3347 rem
2556 3296 2817 3351 tractavit.
2841 3296 3020 3367 Neque
3041 3300 3182 3355 enim
3206 3317 3234 3356 a
3261 3305 3516 3374 principio

1946 3376 2079 3430 dixit
2108 3395 2121 3430 :
2154 3377 2295 3433 Vade
2317 3421 2333 3447 ,
2365 3390 2419 3435 et
2444 3382 2564 3449 dic;
2591 3384 2684 3438 sed
2725 3386 2868 3455 prius
2896 3389 3194 3445 mandatum
3226 3393 3279 3447 in
3303 3394 3515 3450 sublimi

1948 3476 2165 3531 tenens,
2195 3470 2459 3526 missionis
2487 3474 2700 3529 modum
2728 3476 2990 3532 occultum
3030 3480 3229 3537 habuit.
3260 3483 3390 3539 Cum
3417 3501 3515 3540 au-

1949 3566 2052 3614 tem
2080 3560 2167 3615 ille
2191 3559 2346 3616 facile
2375 3565 2655 3632 paruisset,
2684 3575 2809 3622 tunc
2833 3568 2966 3622 mala
2990 3586 3107 3640 qua:
3130 3572 3340 3629 Judteos
3365 3573 3517 3632 inva-

1944 3666 2066 3705 sura
2095 3660 2245 3705 erant
2268 3652 2415 3707 dixit.
2446 3654 2693 3722 Quainam
2724 3672 2883 3726 porro
2908 3658 3021 3715 haec
3046 3665 3237 3718 erant?
3262 3665 3315 3721 9.
3355 3666 3511 3735 Vade,

1946 3739 2143 3808 inquit,
2170 3750 2217 3793 et
2246 3742 2327 3795 dic
2357 3743 2542 3811 populo
2567 3746 2681 3799 huic
2706 3762 2724 3799 :
2750 3747 2940 3801 Auditu
2968 3751 3208 3818 audietis,
3234 3765 3279 3809 et
3306 3771 3407 3809 non
3436 3757 3514 3810 in-

1944 3830 2203 3899 tetligetis,
2231 3841 2277 3884 et
2307 3831 2521 3889 videntes
2560 3834 2782 3891 videbitis
2802 3878 2817 3903 ,
2845 3847 2891 3892 et
2928 3856 3026 3894 non
3065 3845 3389 3914 perspiciatis.
3424 3848 3512 3905 10.

1944 3916 2285 3973 lncrassatum
2310 3923 2444 3975 enim
2467 3933 2538 3977 est
2567 3941 2654 3977 cor
2678 3926 2852 3995 papuli
2878 3929 3028 4000 hujus
3046 3972 3062 3997 ,
3096 3942 3141 3986 et
3173 3936 3376 3992 auribus
3408 3940 3513 3993 suis

1941 4009 2154 4077 graviter
2177 4010 2460 4077 audierunt,
2489 4022 2533 4065 et
2557 4015 2725 4069 oculos
2748 4032 2865 4070 suos
2892 4018 3257 4090 clauserunt,nc
3280 4027 3411 4093 forte
3433 4029 3509 4080 vi-

1940 4099 2089 4151 deant
2113 4098 2295 4167 oculis,
2324 4110 2368 4153 et
2403 4102 2604 4155 auribus
2632 4104 2862 4168 audiant,
2894 4115 2939 4159 et
2961 4108 3110 4161 corde
3136 4111 3436 4181 intelligant,
3465 4126 3511 4170 et

1940 4199 2321 4256 convertantur,
2349 4198 2395 4243 et
2430 4207 2600 4245 sanem
2638 4208 2740 4246 eos.
2777 4193 2901 4250 Ηωο
2940 4196 3376 4268 interpretatione
3404 4222 3508 4261 non

1939 4290 2070 4345 cpus
2097 4277 2290 4332 habere
2316 4287 2461 4346 puto,
2487 4294 2604 4334 cum
2632 4281 2665 4335 ii
2688 4282 2775 4352 qui
2802 4282 2917 4339 haec
2942 4287 3105 4355 probe
3125 4290 3379 4357 sciebant,
3397 4294 3507 4362 jam

1938 4369 2062 4423 olim
2093 4384 2155 4425 ca
2188 4380 2433 4428 accurate
2470 4374 2795 4444 interpretati
2834 4378 2978 4443 sint;
3007 4377 3237 4437 Joannes
3265 4384 3512 4443 videlicet

1941 4462 2152 4517 tonitrui
2180 4463 2337 4527 filius,
2364 4475 2417 4519 et
2443 4466 2657 4534 Paulus,
2687 4468 2777 4542 qui
2807 4478 2858 4523 et
2888 4478 3064 4525 vetera
3090 4482 3144 4527 et
3170 4489 3303 4530 nova
3333 4480 3509 4548 appri-

1938 4570 2023 4609 me
2048 4567 2284 4610 noverat.
2310 4557 2405 4612 llic
2425 4558 2565 4612 enim
2595 4559 2778 4615 Roma:
2802 4562 2866 4617 iis
2886 4564 3229 4632 concionans,
3253 4568 3341 4639 qui
3366 4582 3510 4641 post-

1936 4658 2090 4712 quam
2131 4655 2491 4713 accesserant,
2518 4648 2818 4704 resilierant
2843 4660 2898 4705 et
2924 4650 3061 4706 dicta
3096 4668 3191 4709 sua
3230 4672 3334 4712 non
3367 4660 3505 4716 fere-

1936 4734 2078 4800 bant,
2102 4735 2275 4789 aiebat
2294 4753 2307 4788 :
2325 4736 2461 4791 Bene
2476 4738 2600 4790 dixit
2622 4738 2845 4807 Spiritus
2863 4751 3065 4795 sanctus
3082 4758 3102 4796 :
3120 4745 3254 4799 Aure
3269 4750 3504 4815 audietis,

1934 4834 1979 4877 et
2006 4842 2103 4879 non
2131 4826 2414 4895 intelligetis
2444 4826 2587 4896 (Act.
2618 4826 2709 4881 28.
2739 4826 2829 4883 25.
2857 4829 2927 4883 26
2943 4830 2985 4901 ).
3015 4831 3178 4888 Filius
3208 4850 3333 4891 vero
3362 4841 3504 4892 toni-

1934 4918 2058 4983 trui,
2082 4932 2201 4972 cum
2226 4917 2475 4971 miracula
2500 4917 2756 4983 viderent,
2789 4935 2885 4977 nec
2908 4923 3205 4991 crederent,
3230 4927 3475 4997 dogmata
3491 4962 3503 4971 -

1931 5023 2035 5078 que
2054 5008 2315 5074 audirent,
2342 5023 2439 5064 nec
2457 5009 2786 5067 attenderent
2807 5012 3067 5083 (Christus
3087 5017 3226 5073 enim
3245 5019 3497 5077 Lazarum

1995 5202 2067 5273 (α)
2099 5203 2335 5273 Veterum
2358 5209 2544 5254 Patrum
2565 5208 2724 5273 opinio
2744 5213 3082 5273 sententiaque
3105 5212 3190 5265 fuit
3214 5215 3379 5266 Isaiam
3404 5226 3497 5268 tta.

1930 5266 2083 5312 missis
2104 5272 2322 5331 tempore
2359 5273 2544 5315 sectum
2568 5266 2733 5318 fuisse.
2754 5270 2805 5318 ω
2829 5273 2895 5320 ait
2916 5266 3202 5325 Atlianasius
3223 5277 3306 5326 lib.
3333 5266 3495 5331 det—n-

1944 5328 2245 5403 ίέλέτηλὲίέπιὲο
2270 5332 2405 5403 T9!"-
2430 5336 2481 5403 .¹ο
2513 5349 2558 5403 ρ·
2583 5336 2731 5403 ﬁli--3
2767 5335 2927 5403 ἱοῦδὲ
2946 5341 3026 5403 ᾡς
3056 5338 3255 5403 illectae,
3275 5328 3496 5403 mw.

1944 5396 2063 5459 etp.
2092 5391 2166 5448 78,
2193 5393 2227 5441 c
2251 5391 2715 5459 ξ-ξΗσαΐαςῖπρίό-Θη
2748 5399 2848 5459 μὲν,
2872 5400 2986 5459 ἀλλ’
3014 5391 3112 5447 τούκ
3148 5402 3220 5447 ἐπὶ
3243 5391 3378 5453 rosa
3417 5391 3499 5451 ιὲὶ

1942 5453 2220 5516 κρέμᾳστειι.
2251 5452 2594 5516 Hieronymus
2620 5452 3215 5516 vem'in‘Quaestionibus
3246 5452 3496 5512 Hebraicis

1944 5512 2002 5579 a_d
2036 5512 2116 5578 tib.
2151 5512 2548 5579 Paralip._c.’55:
2580 5517 2799 5579 Tradunt
2827 5512 3045 5579 Hebraei,
3073 5520 3254 5571 idcirco
3286 5521 3496 5573 occisum

1946 5572 2227 5643 {soiam,_eo
2402 5589 2487 5643 eos
2498 5578 2817 5643 gppellaverit
2838 5572 3077 5643 principes
3110 5585 3426 5633 Sodomorum
3448 5572 3495 5632 et

1943 5632 2360 5701 Gomorrltaz._'liis
2376 5636 2516 5701 addi
2532 5632 2720 5701 possent
2746 5632 3051 5701 Audustimls.
3085 5632 3426 5701 Theodoretus,
3452 5651 3497 5694 et

1940 5698 2104 5768 auctor
2122 5692 2249 5768 libri
2279 5694 2340 5768 de
2368 5692 2619 5763 Prophetis
2651 5702 2781 5762 apud
2808 5692 3145 5766 Epiphaniam,
3168 5692 3378 5768 aliique,
3412 5692 3493 5754 sed

1941 5752 2041 5803 Itwc
2065 5753 2179 5805 satis
2200 5763 2354 5807 sunto.
