4058 6216
487 301 557 355 75
1281 297 1337 354 S.
1392 296 1667 356 JOANNIS
1705 297 2181 358 CﬂRYSOSTO-Ml
2219 302 2534 365 ARCHIEP.
2574 307 3104 371 CONSTANTINOP.

475 406 824 462 suscitaverat
849 448 864 472 ,
894 415 950 461 et
975 407 1146 477 ipsum
1175 409 1418 465 occidere
1447 411 1762 477 tentabant;
1791 412 2063 468 dzcmones

474 498 737 564 cjeccrat,
771 507 823 551 et
851 498 1020 566 ipsum
1047 497 1433 553 daemoniacum
1464 500 1761 567 vocabant;
1791 502 1931 556 Patri
1960 503 2061 557 ob-

474 587 665 641 tulerat
693 601 786 640 eos
807 626 822 651 ,
850 595 903 642 et
941 588 1111 656 ipsum
1143 589 1480 643 seductorem
1521 590 1858 659 appellabant
1883 632 1896 656 ,
1926 607 2058 647 eon-

473 679 768 747 trariasque
806 679 1132 749 recipiebant
1170 679 1481 752 opiniones)
1511 697 1522 733 :
1555 681 1693 736 hanc
1722 683 2056 752 prophetiam

472 781 736 825 memorat
779 771 961 826 dicens
1002 789 1015 823 :
1058 771 1195 825 Bene
1231 773 1357 824 dixit
1398 772 1565 827 Isaias
1604 774 1849 843 propheta
1878 791 1896 828 :
1922 774 2057 829 Aure

470 860 756 926 audietis,et
783 878 883 915 non
907 860 1197 928 intelligetis
1221 902 1236 928 ,
1265 871 1311 916 et
1336 863 1555 918 videntes
1585 863 1809 917 videbitis
1828 905 1842 932 ,
1876 875 1922 918 et
1954 881 2056 919 non

471 953 778 1022 perspicietis
807 951 990 1024 (Joan.
1025 956 1107 1010 12.
1135 953 1222 1010 58.
1256 951 1366 1022 40).

570 1044 622 1098 6.
671 1043 803 1110 Quia
853 1043 994 1098 enim
1059 1046 1282 1100 internis
1333 1047 1525 1101 mentis
1580 1047 1748 1100 oculis
1800 1048 2052 1103 excmcati

467 1143 641 1200 erant,
670 1134 867 1188 nullam
895 1149 963 1190 ex
990 1137 1156 1191 oculis
1177 1137 1530 1191 exterioribus
1557 1137 1920 1206 percipiebant
1941 1140 2049 1192 uti-

469 1224 672 1280 litatem
704 1267 720 1292 ,
744 1224 945 1295 judicio
993 1227 1186 1282 mentis
1227 1235 1500 1295 corrupto.
1560 1226 1762 1282 Idcirco
1809 1228 2051 1283 videntes

464 1333 570 1370 non
601 1317 888 1385 videbant,
917 1329 969 1373 et
997 1319 1274 1374 audientes
1303 1333 1408 1373 non
1441 1318 1725 1374 audiebant
1760 1341 1771 1376 :
1799 1335 2046 1376 causam-

462 1424 566 1478 que
610 1408 826 1477 adjicit,
871 1411 990 1480 quia
1039 1425 1229 1466 sensus
1271 1424 1379 1465 non
1424 1421 1575 1464 erant
1604 1410 1915 1480 depravati,
1947 1425 2047 1467 nec

461 1510 648 1555 natura
677 1501 982 1557 labefactata
1007 1543 1022 1568 ,
1051 1503 1147 1558 scd
1174 1518 1267 1557 cor
1297 1512 1646 1559 excaacatutn.
1698 1502 2046 1558 Incrassatum

461 1594 596 1647 enim
624 1604 695 1648 est
735 1609 822 1647 cor
847 1594 1023 1664 populi
1057 1593 1242 1664 hujus,
1277 1594 1445 1664 inquit
1477 1611 1490 1648 :
1519 1595 1816 1650 crassitudo
1864 1602 2042 1649 autem

459 1686 651 1740 mentis
671 1685 897 1741 efﬁcitur
920 1703 948 1739 a
977 1688 1202 1756 peccatis
1242 1698 1296 1742 ct
1319 1703 1347 1741 a
1379 1689 1562 1744 saeculi
1585 1688 2040 1756 concupiscentia.

460 1774 710 1845 llancque
749 1776 1044 1831 crassitiem
1087 1791 1342 1832 enarratis
1388 1777 1582 1833 Paulus
1628 1777 1839 1832 dicebat
1873 1795 1887 1831 :
1921 1776 2043 1831 Non

456 1867 599 1936 potui
622 1865 756 1921 vobis
789 1867 924 1935 loqui
951 1867 1094 1937 quasi
1122 1867 1467 1937 spiritualibus
1495 1884 1514 1923 .'
1535 1870 1759 1921 nondum
1787 1868 1919 1921 enim
1950 1884 2043 1937 po-

455 1956 660 2023 teratis,
691 1957 780 2010 sed
812 1973 968 2027 neque
996 1957 1162 2011 adhuc
1198 1959 1403 2028 potestis
1433 1957 1511 2029 (l.
1557 1957 1674 2015 Cor.
1703 1959 1753 2014 5.
1790 1956 1865 2030 l).
1898 1956 2039 2013 Cau-

453 2063 672 2118 samque
707 2048 899 2119 adjecit
940 2049 1124 2105 dicens
1157 2068 1171 2105 :
1205 2050 1332 2104 Cum
1360 2053 1492 2105 enim
1519 2052 1619 2106 sint
1649 2052 1778 2106 inter
1802 2068 1887 2106 vos
1928 2053 2038 2106 lites

450 2150 496 2194 et
521 2141 657 2196 zelus
677 2149 721 2196 et
749 2143 998 2197 contentio
1023 2184 1036 2207 ,
1067 2159 1232 2198 nonne
1273 2144 1501 2197 carnales
1533 2145 1649 2197 estis
1680 2142 1841 2213 (Ibid.
1865 2161 1909 2198 υ.
1940 2143 2036 2214 5)?

448 2232 582 2287 Cum
626 2248 754 2304 ergo
797 2233 874 2289 illi
914 2235 1109 2290 invidia
1138 2250 1324 2305 magna
1365 2246 1419 2289 et
1449 2236 1615 2289 livore
1651 2235 1986 2291 tabescerent
2015 2276 2030 2301 ,

446 2329 818 2397 sexeentisque
855 2329 973 2383 aliis
1021 2328 1297 2383 aﬂ'cctibus
1321 2329 1691 2383 obsiderentur
1719 2330 1735 2359 ¹
1756 2368 1771 2394 ,
1795 2342 2031 2384 crassum

446 2420 641 2473 mentis
666 2418 880 2473 oculum
906 2419 1222 2483 effecerunt,
1251 2433 1353 2472 nec
1381 2418 1517 2471 ultra
1551 2427 1798 2486 poterant
1823 2419 2031 2473 sincere

445 2510 646 2566 videre.
677 2510 907 2581 ideoque
933 2510 1074 2563 circa
1125 2509 1210 2562 illa
1251 2523 1369 2576 quzc
1401 2507 1651 2563 videbant
1671 2505 1872 2562 alienas
1898 2522 2030 2562 eon-

445 2596 741 2665 trariasque
785 2594 1076 2649 sententias
1127 2593 1475 2662 accipiebant.
1522 2592 1648 2647 limo
1697 2607 1815 2647 cum
1865 2591 2030 2663 probe

442 2687 646 2742 videret
694 2685 989 2786 propheta,
1040 2685 1412 2754 prtenuntiavit
1456 2701 1670 2740 causam
1710 2686 1902 2741 morbi.
1947 2686 2027 2742 Tu

441 2793 571 2834 vero
596 2776 842 2832 hic'mihi
865 2776 1147 2832 considera
1173 2816 1188 2842 ,
1216 2776 1485 2845 quomodo
1527 2791 1648 2831 eum
1681 2776 1800 2831 duo:
1846 2786 2029 2834 essent

440 2870 732 2940 prephetia:
752 2911 766 2934 ,
791 2870 933 2923 illam
953 2911 968 2935 ,
1000 2883 1117 2938 quire
1143 2867 1210 2922 de
1241 2867 1479 2924 Ecclesia
1508 2876 1563 2922 et
1589 2867 1656 2922 de
1687 2868 1841 2923 bonis
1865 2869 2025 2924 totius

443 2963 590 3016 orbis
644 2969 779 3028 erat,
811 2962 1110 3030 acceperint
1144 2960 1421 3030 Seraphim
1447 2960 1688 3018 dicentes
1722 2979 1735 3015 :
1764 2962 1982 3015 Sanctus
2005 3003 2023 3027 ,

444 3064 648 3108 sanctus
672 3097 687 3118 ,
727 3061 929 3106 sanctus
953 3093 967 3116 ,
1018 3052 1261 3104 Dominus
1301 3050 1561 3115 Sabaoth,
1590 3051 1738 3119 plena
1765 3059 1834 3103 est
1862 3052 2025 3104 omnis

441 3156 574 3199 terra
607 3145 768 3215 gloria
813 3145 922 3213 ejus
979 3158 999 3197 :
1049 3143 1206 3194 aliam
1250 3155 1376 3195 vero
1430 3156 1550 3210 quae
1595 3140 1663 3194 de
1719 3141 1928 3196 excidio
1969 3151 2025 3195 ct

441 3240 506 3290 tle
565 3236 734 3304 ptenis
768 3233 1075 3289 Judarorum
1111 3232 1562 3302 crat,prophetzn
1618 3232 1743 3287 huic
1793 3233 2023 3303 relique-

437 3340 583 3396 runt,
611 3337 669 3383 ut
709 3328 833 3383 hinc
862 3327 1018 3382 etiam
1051 3325 1307 3380 Ecclesia:
1346 3324 1755 3393 praacellcntiam
1787 3325 2015 3379 ediscas.

437 3425 525 3478 Η.
560 3423 624 3475 Et
671 3422 812 3488 dixi,
851 3419 1116 3489 Usquequo
1140 3458 1154 3482 ,
1179 3415 1443 3470 Domine?
1475 3415 1633 3469 Vides
1672 3430 1778 3470 non
1823 3415 2022 3470 frustra

435 3530 609 3586 neque
632 3524 831 3569 temere
852 3527 948 3566 nos
973 3511 1331 3580 conjecturam
1352 3508 1569 3563 duxisse
1595 3509 1734 3562 circa
1765 3505 2022 3562 obedien-

436 3612 562 3666 tiam
608 3607 880 3678 propheta:
931 3603 1095 3659 multa
1151 3602 1432 3657 alacritate
1475 3601 1728 3671 plenam?
1756 3600 2018 3667 Quoniam

436 3701 592 3771 igitur
616 3696 881 3754 contraria
910 3695 974 3748 iis
1001 3709 1119 3764 qua:
1145 3691 1490 3762 exspectabat
1532 3689 1770 3754 audivit,
1804 3689 2022 3743 vastita-

435 3805 543 3847 tem
569 3833 584 3858 ,
613 3799 906 3844 extremam
954 3785 1240 3856 perniciem
1263 3824 1276 3848 ,
1310 3791 1463 3852 rogat
1491 3783 1670 3837 doceri
1713 3796 1771 3836 se
1799 3795 2019 3835 mensu-

435 3901 547 3940 ram
579 3880 866 3938 inferendae
898 3893 1067 3948 paena:
1089 3894 1100 3929 :
1126 3890 1233 3929 non
1263 3873 1493 3928 audebat
1521 3874 1664 3927 enim
1696 3873 1763 3926 ab
1791 3873 1868 3927 ira
1902 3872 2021 3927 illos

437 3990 652 4047 prorsus
697 3972 935 4042 eripere,
967 3983 1032 4023 eo
1075 3967 1215 4037 quod
1249 3967 1387 4019 Deus
1433 3964 1794 4034 prmvertisset
1835 3970 2020 4016 osten-

433 4070 562 4124 dere
608 4072 826 4137 peccata
879 4076 1062 4116 eorum
1113 4057 1322 4113 venia’m
1388 4071 1496 4111 non
1549 4054 1765 4110 mereri.
1824 4053 2020 4108 Eorum

433 4159 630 4228 quippe
658 4167 819 4208 ausus
846 4167 950 4206 non
983 4150 1164 4219 rapina
1188 4157 1377 4212 erant,
1406 4161 1580 4215 neque
1609 4147 1814 4200 animus
1837 4144 2020 4213 proxi-

435 4263 581 4304 mum
627 4243 890 4308 laedendi;
932 4240 1024 4295 sed
1051 4241 1258 4292 animus
1285 4238 1403 4290 data
1432 4251 1595 4307 opera
1628 4235 2018 4303 inobsequens,

438 4348 491 4394 et
521 4351 673 4392 mens
713 4331 1043 4389 contentiosa
1066 4369 1080 4394 ,
1105 4345 1221 4396 qua:
1249 4329 1398 4397 quasi
1429 4342 1548 4381 cum
1572 4326 1921 4380 meditatione
1968 4334 2023 4379 et

437 4430 614 4485 studio
641 4426 801 4482 rebus
827 4439 855 4476 a
884 4423 991 4476 Deo
1018 4420 1177 4490 gestis
1206 4419 1515 4471 obsistebat.
1549 4417 1659 4470 Hoc
1690 4417 1865 4484 itaque
1892 4414 2014 4470 sub-

439 4521 680 4578 indicans
708 4515 946 4572 dicebat:
983 4510 1065 4565 Ne
1103 4514 1229 4580 forte
1254 4509 1450 4562 videant
1477 4508 1654 4570 oculis,
1684 4517 1729 4558 et
1766 4508 1915 4559 corde
1939 4506 2022 4558 in-

442 4613 691 4682 telligant,
717 4617 760 4662 et
790 4611 1162 4668 convertantur,
1185 4609 1231 4653 et
1257 4615 1429 4653 sanent
1459 4615 1561 4651 eos.
1592 4598 1669 4651 Ac
1699 4597 1742 4650 si
1775 4597 2024 4650 timerent

443 4704 585 4759 ertitn
611 4743 626 4766 ,
657 4698 862 4768 inquit,
893 4711 959 4749 ne
1013 4693 1149 4747 forte
1186 4692 1456 4746 discerent
1483 4688 1754 4758 quidpiam
1804 4701 1987 4742 eorum
2007 4727 2022 4752 ,

443 4807 564 4863 qua:
610 4791 745 4844 scire
770 4801 863 4857 par
898 4792 1044 4850 erat,
1074 4783 1152 4837 sic
1196 4795 1389 4850 magno
1433 4795 1553 4833 cum
1584 4778 1760 4833 studio
1791 4785 2024 4832 mentem

443 4897 592 4940 suam
663 4884 1088 4935 excmcaverant.
1142 4873 1401 4939 Quoniam
1452 4871 1610 4940 igitur
1666 4879 1721 4924 et
1758 4869 2026 4923 accusatio

446 4974 754 5046 gravissima
784 4978 885 5034 est,
908 4978 961 5023 et
986 4965 1299 5036 supplicium
1329 4964 1470 5034 quod
1501 4963 1791 5017 condonari
1821 4961 2023 5031 nequit,

451 5065 594 5138 quod
617 5063 876 5132 reliquum
904 5069 1018 5114 erat
1042 5100 1056 5124 ,
1085 5057 1323 5111 ediscere
1351 5055 1496 5125 cupit
1521 5095 1534 5117 ,
1569 5063 1622 5107 et
1642 5051 1795 5122 quasi
1821 5051 2028 5106 discere

443 5162 668 5224 volens,
713 5151 1152 5225 supplicationem
1205 5147 1425 5202 inducit.
1459 5145 1720 5211 Quoniam
1757 5157 1882 5197 vero
1931 5156 2028 5211 pro

445 5255 549 5309 hac
596 5266 652 5306 re
700 5264 767 5304 ne
815 5245 1112 5315 supplicare
1139 5241 1352 5312 quidem
1391 5248 1577 5308 aperte
1617 5236 1878 5297 audebat,
1909 5234 2028 5289 ideo

445 5343 600 5414 quasi
629 5350 690 5395 ut
741 5338 943 5393 ediscat
989 5331 1461 5402 interrogationem
1501 5328 1766 5398 excogitat
1803 5325 2023 5379 dicens:

448 5441 536 5496 Η.
568 5436 854 5504 Usquequo,
881 5427 1132 5484 Domine?
1163 5424 1229 5479 Et
1258 5425 1386 5478 dixit
1409 5439 1426 5474 :
1449 5421 1618 5476 Donec
1647 5419 1931 5474 desolentur
1959 5416 2032 5468 ci-

449 5532 624 5585 vitates
663 5543 721 5580 eo
747 5523 882 5595 quod
922 5538 1023 5576 non
1069 5518 1375 5580 habitentur,
1408 5524 1454 5568 et
1480 5515 1659 5567 domus
1684 5527 1742 5564 eo
1769 5509 1904 5579 quod
1928 5523 2028 5562 non

511 5685 530 5715 ί
566 5688 701 5740 Haec,
736 5674 1064 5740 sexcentisgue
1085 5670 1194 5721 aliis
1217 5660 2028 5740 affectibusobsiderenlurlgdesunt

451 5728 731 5798 insaviliét
757 5747 890 5803 Reg,
915 5728 1156 5787 habentur
1180 5728 1346 5782 autem
1367 5731 1413 5778 in
1440 5728 1600 5776 Morel.
1627 5733 1678 5774 et
1697 5728 1934 5772 Bavarico.

3689 348 3759 401 76

2175 415 2276 470 sint
2301 416 2547 483 homines;
2573 430 2621 474 ct
2643 429 2774 474 terra
2800 424 3169 493 derelinquetur
3189 424 3403 480 deserta.
3429 427 3510 481 12.
3545 427 3612 482 Et
3641 441 3755 498 post

2170 506 2277 560 htec
2305 509 2450 578 longe
2474 511 2623 579 faciet
2646 510 2782 567 Deus
2807 514 3029 569 homines
3047 556 3062 580 ,
3094 526 3141 569 et
3170 517 3640 587 multiplicabuntur
3665 524 3754 592 qui

2174 595 2397 650 derelicti
2438 600 2624 668 fuerint
2666 617 2816 670 super
2853 613 3035 657 terram
3063 647 3077 672 ,
3113 607 3198 661 i3.
3233 614 3279 660 et
3309 607 3481 660 adhuc
3503 607 3556 662 in
3591 625 3650 663 ea
3677 621 3752 667 est

2166 685 2450 741 decimatio.
2489 687 2556 742 Et
2582 706 2755 745 rursus
2781 693 2873 746 erit
2901 694 2953 746 in
2981 694 3412 764 deprtedationem
3438 706 3492 750 ut
3529 699 3748 754 terebin-

2163 778 2296 842 thus,
2325 789 2370 832 et
2389 781 2514 833 sicut
2540 782 2686 851 glans
2704 823 2719 847 ,
2746 801 2859 837 cum
2889 786 3128 840 exciderit
3148 804 3210 842 ea:
3245 788 3389 844 theca
3414 806 3526 843 sua.
3561 790 3748 845 Semen

2159 878 2390 923 sanctum
2432 873 2583 926 statio
2624 875 2733 943 ejus
2786 875 2883 946 (a).
2933 876 3186 932 Absoluta
3213 879 3300 935 illa
3339 882 3650 952 prophetia,
3676 881 3744 936 ad

2160 961 2435 1017 historiam
2461 981 2644 1022 rursus
2669 982 2970 1025 sermonem
2994 970 3217 1033 reducit,
3248 975 3610 1043 captivitatem
3641 974 3741 1031 de-

2165 1067 2283 1108 cem
2339 1055 2568 1110 tribuum
2610 1061 2988 1129 praenuntians,
3019 1077 3224 1118 necnon
3267 1065 3574 1133 patientiam
3607 1065 3737 1135 Dei,

2157 1158 2316 1212 quam
2349 1155 2563 1216 propter
2583 1148 2723 1204 illam
2753 1151 3109 1220 captivitatem
3145 1169 3271 1224 erga
3296 1154 3428 1210 duas
3457 1156 3627 1212 tribus
3647 1173 3742 1212 ex-

2155 1233 2362 1300 hibuit;
2408 1235 2599 1293 deinde
2631 1238 2814 1296 harum
2855 1244 3012 1299 etiam
3041 1245 3443 1313 abdttctionem,
3471 1250 3592 1317 quia
3634 1249 3726 1304 illa

2155 1325 2404 1394 patientia
2453 1327 2587 1382 nihil
2627 1329 2754 1398 ipsis
2786 1332 3084 1404 profuerat,
3127 1346 3182 1392 et
3229 1337 3571 1407 reliquiarum
3611 1337 3728 1409 ejus

2153 1428 2518 1472 successuram
2551 1422 2978 1490 prosperitatem.
3025 1424 3156 1480 Cum
3200 1429 3340 1481 enim
3371 1428 3533 1494 dicit,
3566 1428 3739 1484 Donec

2151 1505 2437 1562 desolenlur
2481 1510 2704 1566 civitates
2759 1529 2816 1568 eo
2859 1514 2994 1582 quod
3044 1531 3146 1569 non
3190 1517 3494 1586 habitentur,
3540 1519 3731 1575 decem

2149 1597 2377 1653 tribuum
2408 1603 2768 1672 captivitatem
2808 1604 3125 1661 subindicat.
3167 1607 3299 1662 Nam
3329 1611 3580 1666 radicitus
3605 1627 3726 1666 om-

2148 1702 2244 1742 nes
2270 1691 2460 1746 sublati
2487 1702 2609 1748 sunt
2629 1735 2643 1757 ,
2677 1705 2730 1750 et
2754 1711 2873 1750 cum
2913 1697 3074 1752 multa
3100 1699 3349 1754 violentia
3376 1700 3600 1770 abrepti,
3619 1716 3736 1756 om-

2147 1793 2242 1832 nes
2263 1780 2316 1833 in
2341 1781 2565 1837 alienam
2582 1792 2775 1840 terram
2804 1788 3038 1844 translati
3065 1796 3206 1854 sunt,
3233 1790 3302 1844 ita
3333 1798 3390 1844 ut
3427 1790 3587 1847 urbes
3617 1805 3734 1846 om-

2145 1885 2242 1925 nes
2285 1880 2488 1928 starent
2517 1876 2821 1932 hominibus
2857 1893 3063 1943 vacuae,
3092 1885 3146 1933 et
3176 1892 3316 1935 terra
3356 1879 3734 1936 destitueretur

2145 1960 2272 2014 viris
2293 2002 2307 2026 ,
2340 1964 2426 2032 qui
2463 1978 2580 2018 eam
2611 1966 2880 2034 colerent,
2907 1967 2972 2022 ad
3003 1982 3188 2023 eorum
3210 1970 3489 2024 utilitatem
3517 1972 3608 2040 qui
3636 1985 3730 2026 re-

2145 2051 2255 2108 licti
2308 2054 2540 2110 fuerant.
2570 2056 2699 2112 Cum
2727 2073 2853 2128 ergo
2890 2058 3056 2124 dicit,
3086 2059 3258 2115 Donec
3293 2061 3581 2116 desolentur
3603 2063 3729 2116 civi-

2147 2153 2291 2213 tates,
2322 2162 2378 2200 eo
2404 2148 2538 2218 quod
2567 2164 2664 2202 non
2694 2148 2996 2216 habiteutur,
3010 2163 3059 2208 et
3073 2155 3257 2211 domus
3272 2168 3332 2207 eo
3345 2152 3477 2219 quod
3504 2168 3603 2205 non
3630 2151 3731 2205 sint

2141 2235 2389 2301 homines,
2421 2245 2546 2292 tunc
2574 2237 2931 2307 captivitatem
2958 2247 3234 2294 memorat.
3267 2239 3399 2295 Cum
3420 2254 3547 2295 vero
3575 2239 3727 2302 dicit,

2142 2324 2394 2381 Posthac
2420 2329 2568 2398 longe
2605 2330 2754 2398 faciet
2784 2328 2924 2383 Deus
2947 2329 3171 2383 homines
3195 2371 3208 2394 ,
3238 2338 3329 2384 aut
3355 2328 3726 2384 omnimodam

2137 2416 2375 2470 omnium
2431 2418 2733 2474 felicitatem
2778 2419 3116 2487 subindicat,
3164 2430 3257 2474 aut
3311 2412 3730 2489 prosperitatem'

2136 2521 2288 2575 qum,
2334 2516 2455 2576 post
2482 2508 2735 2562 abductas
2779 2509 2964 2564 decem
3011 2510 3211 2575 tribus,
3242 2509 3447 2563 duabus
3483 2507 3728 2564 tributus

2135 2612 2389 2653 concessa
2440 2607 2538 2652 est.
2577 2598 2806 2655 Liberati
2834 2600 2975 2654 enim
3024 2615 3056 2655 a
3102 2599 3467 2655 Sennacherih
3496 2608 3551 2654 et
3601 2599 3723 2668 ejus

2133 2688 2360 2744 barbaro
2377 2689 2633 2757 exercitu,
2651 2700 2810 2760 atque
2836 2690 3194 2759 inexspectata
3210 2689 3430 2743 victoria
3458 2689 3718 2758 fruentes,

2133 2793 2317 2834 rursus
2353 2781 2406 2834 in
2449 2779 2838 2835 multitudinem
2864 2781 3003 2834 aucti
3029 2789 3184 2845 sunt,
3215 2788 3268 2833 et
3295 2778 3362 2833 ad
3396 2779 3517 2833 vita:
3543 2779 3722 2847 longi-

2134 2870 2372 2924 tudinem
2437 2871 2729 2939 progressi,
2777 2869 2923 2924 nullo
2971 2883 3065 2924 eos
3117 2852 3506 2924 interturbante
3553 2867 3716 2923 bello.

2130 2960 2351 3028 Quando
2380 2971 2557 3014 autem
2587 2960 2746 3026 dicit,
2779 2959 2952 3029 Longe
2971 2960 3118 3030 faciet
3138 3001 3153 3025 ,
3187 2968 3277 3013 aut
3320 2957 3718 3013 multitudinem

2130 3051 2435 3117 hominum,
2460 3060 2550 3105 aut
2575 3051 2951 3119 longitudinem
2993 3064 3250 3104 annorum
3298 3048 3619 3103 subindicat.
3650 3047 3717 3102 Et

2129 3153 2188 3197 ut
2213 3144 2387 3198 discas
2413 3157 2536 3198 eum
2561 3142 2628 3197 de
2672 3141 2876 3195 duabus
2908 3141 3146 3194 tribubus
3176 3139 3290 3194 hxce
3335 3139 3516 3193 dicere
3540 3177 3556 3203 ,
3590 3138 3720 3191 sub-

2125 3233 2298 3303 junxit
2323 3275 2339 3300 ,
2371 3231 2438 3286 In
2480 3232 2571 3286 illa
2628 3240 2700 3285 est
2732 3231 2994 3284 decimatio
3019 3269 3033 3295 ,
3064 3227 3473 3284 decitnationem
3516 3239 3715 3280 vocans
3763 3269 3768 3276 .

2129 3325 2182 3380 id
2212 3323 2351 3396 quod
2373 3339 2531 3394 supra
2555 3323 2672 3380 illas
2698 3322 2882 3378 decem
2903 3328 3036 3386 erat,
3068 3327 3120 3375 et
3145 3317 3284 3389 quod
3308 3325 3424 3374 erat
3449 3325 3570 3388 post
3594 3316 3720 3372 illas

2126 3418 2312 3472 decem
2364 3416 2627 3487 reliquum
2653 3455 2667 3481 ,
2717 3414 2874 3484 idque
2915 3421 3068 3468 erant
3115 3411 3235 3467 dua:
3278 3410 3470 3465 tribus.
3507 3409 3620 3465 llac
3658 3420 3715 3465 et

2126 3511 2320 3567 Paulus
2347 3511 2582 3566 dictione
2609 3509 2772 3564 utitur
2811 3509 2994 3562 dicens
3026 3523 3040 3560 :
3085 3504 3211 3560 Plus
3243 3520 3401 3574 quam
3430 3502 3719 3588 quingentis

2128 3604 2365 3674 fratribus
2394 3603 2470 3674 (1.
2504 3601 2622 3655 Cor.
2654 3601 2738 3656 15.
2766 3599 2841 3668 6);
2874 3597 2976 3653 hoc
3003 3604 3084 3652 est
3109 3595 3349 3665 pluribus
3376 3608 3535 3664 quam
3560 3593 3718 3664 quin-

2126 3694 2318 3764 gentis.
2345 3691 2414 3745 Et
2443 3707 2618 3745 rursus
2648 3691 2737 3745 erit
2764 3690 2816 3742 in
2845 3687 3272 3756 depraadationem
3297 3693 3350 3736 ut
3381 3685 3717 3737 terebinthus.

2127 3787 2181 3842 ιιι
2211 3795 2292 3843 est
2343 3786 2460 3840 dua:
2497 3782 2684 3838 tribus.
2737 3779 2802 3834 Et
2830 3784 2955 3833 sicut
3004 3777 3186 3849 glans,
3231 3791 3345 3827 cunt
3383 3773 3626 3826 deciderit
3652 3775 3722 3826 de

2127 3879 2270 3932 theca
2297 3893 2411 3932 sua.
2440 3870 2895 3941 Quemadmodum
2942 3870 3081 3922 enim
3112 3867 3196 3920 ille
3225 3864 3429 3917 fructus
3450 3903 3464 3926 ,
3495 3877 3621 3916 cum
3646 3862 3719 3924 de

2129 3970 2282 4024 theca
2333 3982 2425 4021 sna
2457 3963 2691 4028 decidit,
2725 3957 3040 4030 injucundus
3074 3965 3156 4010 est
3191 3955 3304 4010 :sic
3345 3963 3398 4008 et
3430 3953 3479 4006 hi
3508 3953 3636 4006 risui
3663 3963 3721 4007 et

2129 4059 2416 4129 Opprohrio
2466 4052 2691 4124 expositi
2733 4059 2919 4111 erunt,
2952 4062 3070 4101 cum
3098 4061 3163 4099 ex
3205 4043 3337 4097 urbe
3379 4057 3473 4095 sua
3505 4040 3734 4096 excide-

2129 4152 2273 4218 rint,
2324 4156 2379 4202 et
2450 4147 2616 4216 gloria
2647 4144 2731 4197 illa
2775 4139 2986 4210 spoliati
3013 4151 3222 4192 omnes.
3265 4135 3453 4188 Semen
3482 4145 3716 4187 sanctum

2127 4241 2277 4297 statio
2303 4241 2429 4309 ejus.
2460 4236 2574 4291 Non
2600 4231 2926 4296 incurabilia,
2952 4227 3137 4298 inquit,
3161 4226 3295 4280 mala
3323 4234 3504 4291 erunt,
3536 4240 3714 4293 neque

2130 4329 2444 4388 immortalia
2478 4345 2491 4381 :
2525 4325 2618 4380 sed
2643 4338 2820 4378 semen
2849 4321 2963 4388 ejus
3005 4329 3243 4373 sanctum
3275 4317 3398 4382 erit,
3430 4326 3484 4371 et
3513 4316 3722 4382 Statio;

2130 4427 2230 4480 hoc
2278 4432 2392 4489 est,
2427 4423 2634 4475 firmum
2662 4417 2762 4471 erit
2785 4456 2800 4481 ,
2833 4413 3027 4478 fixum,
3053 4412 3328 4464 immotum
3352 4450 3366 4473 ,
3392 4419 3722 4478 exspectans

2130 4532 2308 4572 rerum
2339 4513 2703 4569 mutationem.
2751 4504 3023 4576 Siquidem
3050 4519 3080 4556 a
3125 4502 3376 4556 felicitate
3423 4500 3716 4566 excident;

2131 4608 2230 4677 ipsi
2258 4621 2385 4660 vero
2419 4617 2523 4657 non
2554 4608 2843 4656 extremam
2887 4594 3173 4665 perniciem
3215 4592 3588 4656 sustinebunt;
3620 4593 3716 4648 sed

2184 4745 2253 4804 (α)
2293 4745 2431 4804 Haec.
2467 4752 2626 4804 semen
2661 4741 2875 4804 εαηειιετη
2913 4724 3695 4804 sialfﬂfif‘iS.°.1‘5&EE_.‘EY‘?1E?

2123 4784 2680 4865 ,g‘;g,,,;;gs.s;)‘,’_'son
2719 4802 2827 4865 sunt
2852 4793 2899 4859 in
2930 4784 3698 4865 Etlriitiot‘ie:Hiigtueq‘uiirattt

2124 4844 2535 4922 ultimae};
2548 4844 2893 4922 Chrysoﬁlomi:
2934 4847 3039 4922 ηίεί.
3058 4845 3130 4922 ίίη.
3142 4844 3657 4922 Ξ¹¹ίῗρἰξῗξ¹ἶιὲ³τέἓὲιξνέ
3676 4882 3691 4905 ν

2123 4905 2530 4987 {ligamenta
2557 4905 2823 4987 ξερῑιμάυιη
2853 4911 3191 4987 senatorum.
3219 4905 3695 4987 censeare"?-

2125 4965 2742 5040 c‘tuavtVaIWS-edhiirliexaplis
2765 4970 2945 5040 nostris
2967 4965 3025 5040 ea
3058 4966 3321 5040 posuimus
3343 4965 3694 5040 egnffrocopio

2127 5026 2274 5106 Ξῐῖιῖῖὲ
2297 5026 2495 5092 Ῑόἔιπὶἒε
2513 5026 2768 5106 ίευτιὲτίίξν
2801 5031 2884 5101 qui
2922 5026 3694 5106 P9§lf?.".‘“§_.'_.‘?“f.9'e3d‘3ﬁ'f’;

2127 5086 2489 5153 BiEiécitbh'é'in
2529 5086 2638 5146 cum
2682 5086 3131 5157 asgteri'scp'attulit;
3173 5086 3442 5157 quiancum
3483 5086 3532 5157 in
3567 5086 3695 5157 LXX

2128 5147 2486 5218 555,355.15},
2501 5173 2561 5208 ex
2576 5152 2923 5218 Theodotionis
2942 5149 3161 5218 editione
3184 5147 3229 5195 id
3241 5147 3491 5218 adjectum
3508 5147 3693 5218 fuerat.

2131 5204 2182 5273 id
2193 5204 2486 5274 VEEciiibiBi'
2502 5204 2649 5267 etiam
2680 5212 2889 5276 Basilius
2912 5213 2989 5276 his
3010 5207 3172 5275 verbis
3197 5204 3606 5276 :_l_lt§c'legt_tntur
3629 5219 3697 5256 ex

2134 5267 2738 5345 ruaaaziae'aemm.
2765 5286 2848 5324 ηεε
2863 5267 3184 5345 ,ιωυεηειιεξῖὶ
3199 5267 3697 5345 ξὲἕεὲἓξβίὲῑίὲἓλὲῖ

2129 5329 2360 5407 inii'sj'iﬁii
2372 5329 2450 5407 sic
2474 5329 3023 5407 habet-inbunc‘locu‘m
3232 5329 3696 5407 dixi‘tnus',§emen

2130 5388 2492 5458 's'iB'ciGtiiéia;
2510 5388 2636 5462 quod
2665 5393 2862 5444 steterit
2890 5390 2939 5462 _in
2965 5404 3048 5460 ea,
3071 5388 3308 5462 velitqui
3330 5388 3577 5462 Aquilam,
3602 5390 3698 5438 Se-

2131 5449 2487 5516 nien's'aiictum
2512 5449 2608 5510 érit
2630 5468 2830 5519 germen
2853 5455 2977 5519 ejus,
3001 5449 3062 5519 in_
3080 5452 3210 5519 ιτῐΧ-
3230 5449 3572 5519 interpretilus
3591 5463 3699 5519 non

2130 5511 2376 5578 habitu}?
2391 5511 2473 5573 sed
2496 5523 2556 5570 de
2577 5523 2621 5568 Η
2626 5511 2810 5578 ebrtt-ico
2831 5511 3235 5578 etTheodott'onjs
3258 5511 3469 5578 editione
3494 5511 3702 5578 ab__0ri—

2131 5571 2499 5654 timete»
2522 5579 2571 5630 ίη
2595 5573 2996 5654 ecclesiam:
3012 5571 3706 5654 esserez'trzjﬂa9319:12-

2131 5632 2242 5699 3;};
2261 5632 2464 5702 scilicet,
2489 5632 2583 5690 non
2607 5639 2655 5687 in
2680 5632 2919 5692 omnibus,
2945 5638 2998 5681 ut
3022 5632 3155 5702 patet
3184 5645 3243 5679 ex
3266 5632 3699 5702 _innumeris_hlss.

2132 5691 2366 5771 Eiiddtqiii
2376 5691 2534 5756 aditus
2546 5713 2699 5761 usque
2715 5691 3251 5758 pervenerunt,quique
3266 5692 3369 5741 haec.
3383 5705 3481 5739 non
3492 5691 3701 5740 habent.
