4058 6216
304 405 381 462 75
1640 383 1707 441 IN
1742 379 1967 439 ISAIAM

2068 383 2171 438 ΑΡ.
2210 383 2298 441 Vl.
3647 414 3719 469 76

308 506 575 577 εχείρουνο
609 507 864 578 δαίμονας
893 505 1107 575 ἤλαυνε,
1134 502 1224 556 καί
1248 501 1581 571 δαιμονῶντα
1607 499 1850 553 ἐκάλουνο
1885 495 1963 566 τῷ

309 602 485 672 Πατρί
515 603 779 672 προσῆγε,
804 601 896 654 καὶ
926 599 1124 652 πλάνον
1150 598 1444 667 ὠνόμαζον,
1469 595 1561 648 καὶ
1591 593 1688 656 τὰς
1718 590 1960 652 ἐναντίας

309 696 555 767 ἐδέχοντο
582 693 778 768 δόξας),
812 695 1132 767 μνημονεύει
1155 693 1253 762 τῆς
1287 690 1620 762 προφητείας
1643 688 1844 758 ταύτης
1871 685 1960 738 λέ·-

309 808 444 859 γωνσ
495 794 702 857 Καλῶς
738 789 905 846 εἶπεν
951 791 1196 856 Ἡσαΐας
1238 791 1270 842 ό
1303 786 1627 855 προφήτης,
1663 785 1751 838 ὅτι
1797 780 1965 851 Ἀκοῇ

306 892 623 957 ἀκούσετε,
654 893 750 946 καί
778 893 848 946 οὺ
868 891 954 961 μὴ
985 889 1144 959 συνῆ
1154 907 1211 942 τε
1228 907 1241 920 ·
1267 889 1364 942 καί
1389 886 1721 951 ,ϐλέποντες
1739 882 1964 950 ,ϐλέψε-

309 1009 396 1055 τε,
429 991 528 1044 καὶ
558 993 629 1045 οὺ
652 991 738 1059 μὴ
775 991 949 1059 ἴδητε.

385 1095 462 1153 ς’.
487 1088 704 1158 Ἐπειδὴ
720 1088 826 1158 γάρ
842 1088 906 1140 τά
922 1087 1064 1140 ἔνδον
1083 1089 1304 1157 ὄμματα
1322 1085 1418 1156 τῆς
1434 1082 1664 1145 διανοίας
1679 1081 1821 1151 πεπή
1830 1097 1965 1152 ρων-

309 1201 394 1249 το,
427 1183 577 1237 οὐδὲν
618 1183 806 1252 ὄφελος
835 1178 901 1253 ἦν
940 1182 1119 1245 αὐτοῖς
1153 1183 1260 1236 τῶν
1294 1182 1489 1246 ἔξωθεν
1524 1177 1834 1249 ὀφθαλμῶν,
1869 1176 1963 1230 τοῦ

310 1279 599 1349 κριτηρίου
625 1279 722 1348 τῆς
754 1279 986 1340 διανοίας
1008 1277 1416 1349 διεφθαρμένου.
1447 1275 1546 1329 Διά
1572 1273 1727 1329 τοῦτο
1754 1273 1965 1344 βλέπον·

310 1391 403 1436 τες
428 1375 527 1428 οὐκ
558 1375 801 1438 ἔϐλεπον,
835 1375 926 1428 καὶ
948 1373 1232 1436 ἀκούοντες
1263 1375 1361 1427 οὐκ
1397 1375 1610 1443 ἢκουονο
1643 1370 1735 1424 καὶ
1758 1369 1854 1440 τὴν
1884 1369 1966 1422 αἰ-

309 1471 434 1525 τίαν
465 1472 837 1541 προστίθησιν,
863 1472 941 1524 ὅτι
972 1471 1089 1540 οὐχὶ
1111 1469 1178 1523 τὰ
1206 1469 1525 1540 αἰσθητήρια
1549 1465 1616 1538 ἦν
1637 1464 1967 1536 διεφθαρμέ-

309 1580 399 1630 να,
434 1565 613 1633 οὐδέή
649 1564 807 1632 φύσις
839 1564 1203 1635 λελωϐημένη,
1239 1563 1373 1618 ἀλλὰ
1414 1564 1448 1635 ἡ
1485 1563 1680 1634 καρδία
1709 1578 1966 1633 πεπηρω-

316 1662 472 1730 μένη.
537 1662 866 1728 Ἐπαχύνθη
902 1661 1010 1730 γὰρ
1046 1663 1084 1729 ἡ
1138 1662 1350 1728 καρδία
1391 1660 1497 1714 τοῦ
1541 1660 1694 1714 λαοῦ
1732 1659 1964 1724 τούτου,

313 1751 468 1820 φησί·
505 1750 675 1820 πάχος
711 1751 766 1803 δὲ
797 1751 1030 1814 διανοίας
1066 1751 1269 1819 γίνεται
1306 1750 1412 1804 άπό
1442 1767 1500 1803 τε
1536 1748 1964 1820 ἁμαρτημάτων,

309 1845 421 1899 ἀπό
441 1863 498 1898 τε
520 1846 775 1916 βιωτικῆς
795 1845 1106 1916 ἐπιθυμίας.
1129 1847 1234 1900 Καὶ
1259 1847 1462 1918 ταύτην
1488 1846 1845 1918 ἐξηγούμενος
1869 1844 1965 1915 τὴν

310 1943 599 2013 παχύτητα
621 1946 649 1996 6
677 1943 884 2005 Παῦλος
911 1943 1116 2010 ἔλεγεν·
1147 1946 1267 1997 Οὐκ
1293 1943 1602 2012 ἠδυνήθην
1620 1943 1760 2012 ὑμῖν
1783 1941 1968 2012 λαλῆ-

308 2064 418 2103 σαι
461 2051 541 2116 ὡς
586 2051 1026 2119 πνευμλῑτικοῖς·
1078 2051 1242 2105 οὔπω
1295 2051 1402 2120 γὰρ
1452 2051 1776 2119 ἠδύνασθε,
1827 2052 1964 2105 ἀλλ’

312 2150 440 2203 οὐδ’
465 2152 551 2204 ἔτι
587 2150 866 2204 δύνασθε.
907 2150 1014 2203 Καὶ
1050 2149 1147 2220 τὴν
1194 2150 1370 2203 αἰτίαν
1417 2149 1735 2221 προστίθησι
1773 2149 1963 2218 λέγων·

311 2246 502 2300 Ὅπου
530 2246 639 2314 τὰρ
675 2246 743 2298 ἐν
767 2245 906 2314 ὑμῖν
935 2245 1088 2312 ἕρεις
1123 2247 1220 2298 καὶ
1255 2244 1413 2314 ζῆλοι
1446 2247 1542 2300 καὶ
1567 2247 1964 2316 διχοστασίαι,

308 2342 448 2408 οὺχί
469 2344 751 2409 σαρκικοί
781 2343 957 2404 ὲστε;
998 2343 1149 2394 Ἐπεὶ
1177 2339 1268 2396 οῦν
1315 2344 1551 2396 κάκεῖνοι
1591 2345 1766 2416 φθόνῳ
1793 2347 1968 2417 πολλῷ

311 2439 406 2491 καὶ
431 2438 699 2508 βασκανίᾳ
717 2440 1022 2509 τηκόμενοι,
1059 2440 1153 2492 καὶ
1177 2440 1379 2510 ἑτέροις
1409 2442 1622 2512 μυρίοις
1655 2441 1968 2512 πολιορκού-

307 2549 467 2600 μενοι
497 2534 710 2600 πάθεσι,
741 2535 882 2604 παχὺ
914 2535 975 2587 τὸ
1007 2535 1159 2605 ὄμμα
1187 2549 1213 2576 ι
1244 2535 1341 2603 τῆς
1360 2536 1592 2600 διανοίας
1623 2539 1965 2607 εἰργάσαντο,

309 2630 525 2700 καθαρά
565 2631 777 2698 βλέπειν
820 2631 918 2683 οὐκ
970 2631 1048 2683 ἔτι
1089 2631 1270 2682 λοιπὸν
1324 2629 1598 2698 ἠδύναντο.
1650 2632 1737 2684 Διὸ
1779 2633 1968 2704 ἐτέρας

311 2725 442 2797 περὶ
484 2725 590 2778 τῶν
646 2725 760 2797 [72]
809 2726 1097 2797 ὁρωμένων
1154 2726 1306 2789 δόξας
1354 2726 1676 2796 ἐλάμϐανον,
1731 2728 1824 2782 καί
1869 2729 1968 2792 τὰς

311 2819 580 2883 ἐναντίας.
612 2819 794 2873 Ταῦτα
831 2817 922 2873 οῦν
953 2821 1087 2889 μετὰ
1115 2821 1396 2891 ἀκριϐείας
1428 2822 1568 2892 ὁρῶν
1608 2825 1636 2875 6
1664 2825 1965 2895 προφήτης,

312 2916 736 2986 προανεφώνησε
769 2917 861 2969 καὶ
890 2915 984 2968 τοῦ
1018 2917 1318 2986 νοσήματος
1340 2917 1436 2988 τὴν
1461 2919 1656 2973 αἰτίαν.
1691 2920 1761 2972 Σὺ
1789 2919 1846 2972 δέ
1878 2937 1968 2989 μοι

315 3012 530 3073 σκόπει,
559 3013 633 3074 ώς
669 3013 812 3064 δυοῖν
852 3013 1193 3083 προφητειῶν
1229 3012 1422 3081 οὐσῶν,
1455 3013 1552 3083 τὴν
1584 3014 1683 3084 μὲν
1711 3017 1838 3085 περὶ
1866 3016 1967 3087 τῆς

323 3109 648 3178 Ἑκκλησίας
673 3108 762 3161 καὶ
790 3108 895 3161 τῶν
922 3109 1019 3178 τῆς
1043 3109 1362 3180 οἰκουμένης
1388 3110 1605 3178 ἀγαθῶν
1630 3112 1696 3164 τὰ
1721 3112 1968 3185 Σεραφὶμ

313 3205 564 3267 ἐδέξαντο
609 3205 852 3271 λέγοντα’
895 3205 1102 3273 Ἄγιος,
1145 3205 1326 3272 ἅγιος,
1373 3205 1557 3269 ἅγιος,
1602 3208 1816 3273 Κύριος
1853 3211 1967 3260 Σα-

313 3297 488 3358 ϐαὼθ,
525 3296 758 3364 πλήρης
789 3296 956 3349 πᾶσα
987 3299 1024 3364 ἡ
1053 3296 1127 3365 γῆ
1177 3296 1286 3364 τῆς
1325 3297 1508 3366 δόξης
1539 3301 1742 3354 αὐτοῦ·
1775 3300 1872 3371 τὴν
1913 3302 1969 3355 δέ

312 3389 442 3459 περὶ
468 3389 567 3456 τῆς
598 3388 846 3452 ἁλώσεως
873 3389 964 3442 καὶ
987 3389 1094 3443 τῶν
1118 3389 1394 3459 τιμωριῶν
1418 3390 1526 3444 τῶν
1561 3392 1863 3446 Ἰουδαϊκῶν
1894 3394 1971 3464 τῷ

314 3485 574 3555 προφήτῃ
607 3483 941 3549 κατέλειπον,
973 3485 1060 3538 ἵνα
1091 3484 1379 3538 κάντεῦθεν
1413 3487 1590 3559 μάθῃς
1617 3489 1714 3559 τῆς
1748 3488 1972 3561 Ἐκκλη-

317 3588 438 3652 σίας
493 3589 591 3660 τὴν
644 3589 932 3659 ὑπεροχήν.
984 3588 1092 3642 Καὶ
1137 3584 1346 3643 εἶπον·
1373 3591 1519 3656 Ἕως
1553 3593 1718 3656 πότε,
1761 3595 1969 3662 Κύριε;

324 3681 490 3754 ὐρᾷς
537 3685 612 3747 ὡς
648 3685 708 3737 οὐ
757 3685 931 3756 μάτην
971 3684 1090 3738 δύδέ
1129 3686 1247 3756 εἰκῆ
1287 3687 1692 3757 ἐποχασάμεθα
1734 3689 1832 3759 τῆς
1871 3691 1972 3743 ὑπ-

313 3780 484 3848 ακοῆς
507 3780 599 3832 τοῦ
628 3783 900 3851 προφήτου
925 3781 1021 3850 τῆς
1051 3781 1186 3850 μετὰ
1208 3782 1405 3850 πολλῆς
1430 3783 1733 3853 προθυμίας
1758 3802 1973 3855 γεγενη-

319 3875 520 3946 μένης;
569 3876 782 3947 Ἐπειδὴ
829 3876 954 3942 γοῦν
981 3878 1237 3931 τάναντία
1271 3874 1345 3933 ὧν
1383 3882 1778 3952 προσεδόκησεν
1811 3886 1973 3956 ἥκου-

317 3989 430 4036 σεν,
455 3973 710 4043 ἐρημίαν,
745 3974 1133 4044 πανωλεθρίαν,
1157 3975 1296 4041 ἀξιοῖ
1321 3977 1379 4029 τὺ
1409 3977 1535 4045 γοῦν
1559 3981 1755 4050 μέτρον
1782 3983 1970 4051 μαθεῖν

314 4069 416 4139 τῆς
465 4071 750 4140 τιμωρίας·
802 4071 918 4124 οὐδὲ
964 4071 1071 4143 γάρ
1115 4072 1312 4144 ἐτόλμα
1346 4075 1635 4146 ὁλοκλήρου
1668 4078 1765 4146 τῆς
1804 4080 1971 4148 ὀργῆς

317 4167 514 4229 αὐτοὺς
548 4167 869 4237 ἐξαρπάσαι,
906 4167 992 4221 διὰ
1026 4168 1086 4220 τὸ
1119 4169 1451 4239 προλαϐόντα
1502 4171 1591 4224 τὸν
1630 4172 1760 4226 Θεὸν
1806 4174 1969 4238 δεῖξαι

314 4264 674 4333 άσύγγνωστα
702 4267 1127 4337 ἁμαρτάνοντας.
1160 4269 1233 4319 Οὐ
1269 4267 1376 4337 γάρ
1404 4271 1751 4340 συναρπαγῆς
1773 4265 1838 4340 ἦν
1876 4272 1970 4322 :16-

315 4359 425 4414 τῶν
454 4361 526 4414 τά
557 4363 899 4433 τολμήματα,
939 4364 1057 4416 οὐδέ
1086 4364 1306 4435 γνώμης
1343 4368 1802 4438 ὲπηρεαζομένης,
1835 4368 1971 4421 ἀλλὰ

317 4467 493 4539 ψυχῆς
521 4468 679 4540 ἔργον
708 4471 1034 4540 ποιουμένης
1057 4471 1152 4541 τὴν
1177 4474 1472 4544 παρακοήν,
1500 4477 1592 4527 καὶ
1620 4476 1852 4540 διανοίας
1884 4495 1970 4546 φι-

317 4565 578 4633 λονείκου,
609 4567 856 4636 καθάπερ
895 4570 959 4620 ἐκ
991 4568 1216 4638 μελέτης
1256 4570 1396 4632 τινὸς
1425 4572 1516 4624 καὶ
1556 4574 1809 4642 σπουδῆς,
1846 4575 1971 4628 ἀνθ-

321 4664 614 4732 ισταμένης
663 4667 774 4724 τοῖς
821 4663 925 4716 ὑπὸ
961 4665 1054 4716 τοῦ
1097 4665 1228 4717 Θεοῦ
1281 4668 1598 4735 γινομένοις.
1645 4668 1810 4722 Τοῦτο
1842 4670 1969 4735 γοῦν

317 4757 680 4825 αἰνιττόμενος
713 4758 882 4823 ἔλεγεο
918 4758 1156 4823 Μήποτε
1179 4760 1344 4810 ἴδωσι
1370 4760 1487 4823 τοῖς
1509 4762 1851 4827 ὀφθαλμοῖς,
1873 4763 1968 4815 καὶ

323 4850 391 4919 τῇ
433 4852 644 4918 καρδίᾳ
687 4851 937 4915 συνῶσι,
983 4852 1078 4904 καί
1123 4853 1540 4922 ἐπιστρέψωσι,
1585 4857 1680 4907 καί
1720 4856 1968 4925 ἰάσωμαι

319 4951 560 5014 αὐτούς.
602 4949 811 5002 Ὠσανεί
843 4947 1133 5010 δεδοικότες
1168 4948 1295 5018 γὰρ,
1333 4950 1480 5019 φησὶ,
1520 4951 1727 5020 μήποτέ
1768 4970 1817 5004 τι
1862 4951 1967 5006 τῶν

318 5044 547 5098 δεόντων
592 5043 852 5112 μάθωσιν,
887 5043 1027 5096 οὕτω
1079 5045 1214 5113 μετὰ
1254 5045 1450 5115 πολλῆς
1481 5047 1576 5115 τῆς
1608 5049 1839 5118 σπουδῆς
1870 5048 1968 5119 τὴν

318 5140 555 5194 διάνοιαν
601 5141 777 5195 αὐτῶν
809 5141 1118 5209 ἐπήρωσαν.
1159 5142 1307 5194 Ἐπεὶ
1349 5139 1440 5195 οὖν
1476 5144 1568 5195 καὶ
1604 5146 1634 5213 ἡ
1671 5147 1966 5215 κατηγορία

322 5237 620 5309 βαρυτάτη,
649 5239 740 5291 καὶ
775 5241 806 5308 ή
852 5239 1083 5308 τιμωρία
1115 5240 1497 5310 ἀπαραίτητος,
1534 5241 1666 5312 ὅπερ
1693 5241 1758 5303 ἦν
1793 5244 1968 5296 λειπό-

323 5354 503 5406 μενον,
556 5338 714 5391 τοῦτο
766 5337 917 5408 ζητεῖ
961 5337 1170 5407 μαθεῖν⁸
1210 5340 1321 5392 ἀλλ’
1352 5343 1408 5393 ἐν
1443 5342 1592 5408 τάξει
1625 5342 1714 5394 τοῦ
1758 5343 1965 5412 μαθεῖν,

320 5436 599 5506 ἰκετηρίαν
624 5437 849 5504 εἰσάγει.
886 5435 1096 5508 Ἐπειδὴ
1120 5437 1312 5492 δὲούδέ
1343 5439 1480 5510 ὑπὲρ
1507 5441 1688 5494 τούτου
1724 5441 1967 5511 φανερῶς

381 5687 404 5715 ⁸
430 5685 578 5734 Savil.
612 5685 810 5748 eLReg,
850 5687 927 5748 καί
952 5685 1224 5748 βασκανίας,
1250 5686 1498 5747 τηκόμενοι
1535 5688 1716 5734 πάθεσι’
1743 5688 1868 5748 παχὺ
1913 5691 1969 5738 τὸ

317 5748 446 5805 ὄμμα
472 5767 482 5793 :
508 5746 700 5793 omissis
717 5746 1001 5806 quibusdam
1048 5748 1094 5792 in
1119 5747 1278 5793 medio
1304 5749 1488 5807 positis.
1540 5746 1869 5798 Morelliandin
1894 5750 1967 5799 le-

318 5809 530 5871 clipqem
555 5808 702 5871 habet
729 5809 998 5871 Bavaricus,
1022 5811 1264 5871 egpressil
1299 5812 1560 5871 interpres.

374 5867 404 5910 δ
423 5869 478 5918 In
500 5868 673 5919 Bibdis
698 5873 740 5916 οἰ
777 5869 1212 5930 ἐγκαταλειφθέντες.

2071 497 2342 554 ἰκετεῦσαι
2373 502 2594 573 ἐτόλμα,
2616 505 2702 559 διὰ
2723 506 2878 561 τοῦτο
2912 510 3195 580 μαθήσεως
3229 516 3571 586 προσχήματι
3595 519 3726 589 ἐρώο

2068 612 2226 664 τησιν
2270 601 2473 654 ἐπινοεῖ
2515 603 2705 670 λέγων·
2734 606 2887 671 Ἕως
2929 609 3091 669 πότε,
3135 611 3346 678 Κύριε;
3383 613 3490 666 Καὶ
3531 611 3720 668 εἶπεν⁴

2075 688 2225 754 ’Ἑως
2249 690 2326 743 ἂν
2353 692 2693 762 ἐρημωθῶσι
2710 699 2916 764 πόλεις
2941 701 3099 768 παρὰ
3121 702 3280 771 τὸμὴ
3304 705 3722 772 κατοικεῖσθαι,

2067 784 2166 836 καὶ
2207 779 2361 840 οἶκοι
2415 790 2574 857 παρὰ
2620 791 2686 845 τὸ
2726 792 2810 862 μὴ
2849 795 2998 848 εἶναι
3032 797 3395 867 ἀνθρώπους-ο
3442 801 3540 854 καὶ
3575 803 3611 869 ἡ
3651 805 3726 871 γῆ

2069 884 2604 953 καταλειφθήσεται
2640 890 2872 957 ἕρημος.
2905 892 3014 944 Καὶ
3040 895 3189 961 μετὰ
3220 897 3405 956 ταῦτα
3434 899 3728 970 μακρυνεῐ

2069 980 2103 1031 ό
2146 980 2287 1046 Θεὸς
2350 982 2489 1048 τοὺς
2534 985 2899 1054 ἀνθρώπους,
2947 988 3044 1042 καί
3092 993 3618 1059 πληθυνθήσονται
3669 995 3724 1046 οι

2069 1079 2561 1144 καταλειφθέντες
2600 1081 2627 1119 δ
2673 1082 2772 1135 ἐπὶ
2815 1083 2923 1152 τῆς
2968 1085 3099 1152 γῆς,
3140 1085 3239 1140 καί
3279 1086 3366 1140 ἔτι
3401 1088 3494 1140 ἐπ’
3533 1087 3724 1156 αὐτῆς

2067 1171 2196 1224 ἐστι
2227 1172 2293 1226 τὸ
2336 1173 2706 1231 ἐπιδέκατον.
2735 1178 2846 1230 Καὶ
2882 1182 3066 1232 πάλιν
3098 1181 3266 1235 ἔσται
3302 1183 3388 1247 εἰς
3414 1185 3724 1252 προνομὴν

2066 1268 2148 1334 ὠς
2172 1269 2514 1338 τερέϐινθος,
2546 1273 2642 1326 καί
2671 1273 3056 1343 ὠςβάλανος,
3087 1278 3232 1332 ὅταν
3265 1279 3490 1346 ἐκπέσῃ
3520 1281 3588 1333 ἐκ
3612 1280 3724 1348 τῆς

2068 1363 2254 1432 θήκης
2273 1365 2479 1434 αὐτῆς.
2503 1367 2740 1437 Σπέρμα
2768 1369 2938 1439 ἅγιον
2966 1373 3032 1425 τὸ
3053 1372 3338 1442 στήλωμα
3367 1374 3572 1443 αὐτῆς.
3610 1376 3722 1446 Τὴν

2068 1466 2402 1531 προφητείαν
2427 1463 2733 1533 άπαρτίσας
2764 1466 2998 1537 ἐκείνην,
3024 1469 3115 1521 ἐπὶ
3153 1469 3249 1539 τὴν
3285 1472 3520 1542 ίστορίαν
3560 1473 3722 1526 πάλιν

2067 1556 2248 1624 ἐξάγει
2287 1557 2378 1610 τὸν
2422 1557 2596 1624 λόγον,
2624 1560 2722 1629 τήν
2758 1576 2818 1612 τε
2859 1561 3058 1615 ἅλωσιν
3085 1563 3194 1619 τῶν
3221 1565 3351 1618 δέκα
3375 1566 3554 1634 φυλῶν
3593 1585 3724 1639 προ-

2067 1656 2386 1723 αναφωνῶν,
2412 1657 2510 1725 τήν
2537 1673 2595 1708 τε
2619 1655 2706 1710 διὰ
2727 1656 2824 1727 τὴν
2855 1660 3229 1729 αἰχμαλωσίαν
3253 1663 3463 1733 ἐκείνην
3488 1664 3579 1717 ἐπὶ
3605 1667 3723 1728 ταῖς

2066 1749 2159 1802 δύο
2211 1750 2400 1818 φυλαῖς
2446 1753 2819 1823 μακροθυμίαν
2883 1757 3272 1827 γεγενημένηνο
3316 1755 3433 1812 εἶτα
3489 1761 3583 1812 καὶ
3625 1761 3724 1829 τὴν

2067 1845 2271 1898 τούτων
2316 1847 2494 1901 αὐτῶν
2537 1850 2854 1920 ἀπαγωγὴν,
2898 1851 3086 1923 ἐπειδὴ
3117 1852 3195 1916 εἰς
3224 1854 3373 1907 οὐδὲν
3401 1854 3519 1908 δέον
3556 1855 3723 1926 ἐχρή-

2072 1956 2230 1996 σαντο
2265 1945 2331 2013 τῇ
2369 1944 2736 2016 μακροθυμίᾳ·
2770 1948 2862 2000 καὶ
2902 1950 2998 2018 τὴν
3041 1951 3104 2002 ἐκ
3144 1949 3234 2002 τοῦ
3269 1950 3517 2019 λειψάνου
3562 1952 3724 2005 πάλιν

2068 2038 2517 2111 ἀναφθησομένην
2551 2043 2731 2106 αὐτοῖς
2754 2045 3073 2115 εὐημερίαν.
3108 2048 3273 2102 Ὅταν
3301 2049 3398 2118 μὲν
3431 2049 3538 2122 γὰρ
3567 2049 3723 2121 λέγῃ,

2069 2136 2223 2202 ’Έως
2249 2138 2324 2189 ἂν
2348 2137 2686 2205 ἐρημωθῶσι
2713 2141 2918 2208 πόλεις
2939 2144 3096 2210 παρὰ
3117 2145 3181 2196 τὸ
3200 2146 3284 2214 μὴ
3307 2147 3724 2210 κατοικεῖσθαι,

2069 2229 2176 2283 τῶν
2210 2232 2342 2285 δέκα
2388 2234 2568 2301 φυλῶν
2601 2235 2696 2304 τὴν
2727 2237 3099 2306 αἰχμαλωσίαν
3133 2240 3444 2296 αἰνίττεται.
3480 2242 3588 2296 Καὶ
3618 2244 3724 2314 γὰρ

2070 2326 2186 2398 [75]
2237 2329 2404 2398 ἄρδην
2451 2332 2824 2401 ἠφανίσθησαν
2874 2333 3129 2399 ἅπαντες,
3189 2338 3282 2390 καὶ
3337 2337 3471 2405 μετὰ
3529 2339 3724 2406 πολλῆς

2066 2422 2168 2492 τῆς
2205 2424 2561 2493 σφοδρότητος
2589 2427 2922 2494 ἀνάρπαστοι
2953 2429 3251 2497 γενόμενοι,
3291 2432 3489 2495 πάντες
3518 2435 3598 2495 εἰς
3626 2435 3724 2504 τὴν

2067 2515 2352 2586 ἀλλοτρίαν
2394 2519 2799 2589 ἀπηνέχθησαν,
2851 2522 2926 2584 ώς
2977 2524 3069 2575 καί
3110 2524 3206 2586 τὰς
3265 2526 3444 2590 πόλεις
3509 2527 3725 2590 ἁπάσας

2066 2611 2285 2664 ἑστάναι
2338 2613 2500 2676 κενάς
2554 2610 2876 2684 ἀνθρώπων,
2927 2619 3017 2670 καὶ
3061 2618 3156 2690 τὴν
3203 2621 3305 2692 γῆν
3356 2621 3558 2694 ἔρημον
3618 2625 3726 2678 τῶν

2069 2704 2510 2775 θεραπευσόντων
2547 2711 2716 2780 αὐτὴν
2754 2712 2832 2774 εἰς
2873 2712 3139 2780 ὠφέλειαν
3179 2715 3288 2770 τῶν
3335 2718 3728 2792 ὑπολειφθησο-

2070 2805 2265 2874 μένων.
2294 2808 2465 2861 Ὅταν
2505 2810 2603 2878 μὲν
2640 2807 2732 2864 οὖν
2767 2810 2922 2882 λέγῃ,
2951 2814 3104 2878 ’Έως
3145 2814 3483 2885 ἐρημωθῶσι
3518 2822 3729 2884 πόλεις

2068 2906 2228 2974 παρὰ
2251 2907 2316 2958 τὸ
2339 2908 2425 2976 μὴ
2465 2910 2884 2978 κατοικεῖσθαι,
2919 2912 3015 2965 καί
3049 2909 3197 2966 οἶκοι
3226 2914 3384 2982 παρὰ
3420 2915 3486 2968 τὸ
3527 2916 3610 2984 μὴ
3649 2914 3730 2970 εἴ·

2067 3019 2165 3056 ναι
2192 3003 2562 3070 ἀνθρώπους,
2583 3006 2704 3058 τότε
2731 3007 2876 3074 λέγει
2900 3009 2992 3060 καὶ
3016 3009 3112 3078 τὴν
3137 3009 3529 3078 αἰχμαλωσίαν.
3565 3014 3728 3067 Ὅταν

2068 3098 2124 3151 δέ
2161 3098 2314 3169 λέγῃ,
2347 3101 2428 3153 ὅτι
2465 3103 2575 3154 Καὶ
2614 3103 2764 3169 μετὰ
2795 3103 2978 3156 ταῦτα
3001 3105 3292 3172 μακρυνεῐ
3337 3109 3370 3159 ό
3412 3108 3554 3173 Θεὸς
3588 3109 3728 3176 τοὺς

2069 3196 2435 3264 ἀνθρώπους,
2492 3198 2524 3268 ἢ
2589 3198 2686 3268 τὴν
2732 3200 2993 3269 ὁλοσχερῆ
3039 3201 3254 3253 πάντων
3301 3202 3603 3273 εὐπραγίαν
3643 3208 3729 3260 αἰ-

2067 3295 2324 3359 νίττεται,
2355 3295 2389 3363 ἢ
2437 3294 2534 3364 τὴν
2580 3295 2720 3365 μετά
2761 3296 2859 3365 τὴν
2897 3297 3198 3368 ἀπαγωγὴν
3243 3300 3350 3352 τῶν
3384 3299 3514 3354 δέκα
3547 3301 3728 3370 φυλῶν

2068 3390 2364 3460 γενομένην
2402 3394 2521 3452 ταῖς
2558 3389 2650 3442 δύο
2694 3391 2886 3458 φυλαῖς
2920 3392 3238 3463 εὐημερίαν.
3305 3395 3731 3462 Ἀπαλλαγέντες

2069 3485 2177 3555 γὰρ
2207 3485 2299 3538 τοῦ
2330 3487 2652 3557 Σεναχειρίμ
2704 3488 2796 3540 καὶ
2829 3487 2921 3540 τοῦ
2968 3488 3298 3560 βαρϐαρικοῦ
3347 3493 3727 3562 στρατοπέδου,

2070 3586 2164 3640 καὶ
2205 3587 2305 3656 τῆς
2362 3587 2664 3658 παραδόξου
2718 3587 2872 3657 νίκης
2933 3589 3354 3654 ἀπολαύσαντες,
3400 3593 3480 3655 είς
3529 3593 3731 3664 πλῆθος

2069 3679 2230 3733 πάλιν
2273 3680 2552 3744 ἐπέδοσαν,
2598 3683 2688 3735 καὶ
2722 3683 2800 3745 εἰς
2848 3682 2961 3751 βίου
3006 3686 3198 3753 μῆκος,
3240 3685 3448 3749 οὐδενὸς
3495 3688 3729 3756 πολέμου

2070 3777 2419 3846 θορυϐοῦντος
2461 3777 2675 3840 αὐτούς.
2729 3778 2896 3832 Ὀταν
2927 3779 2982 3831 δὲ
3021 3779 3171 3850 εἴπῃ,
3220 3780 3298 3833 ὅτι
3330 3783 3644 3850 Μακρυνεῖ,
3697 3785 3730 3855 ἢ

2068 3871 2128 3923 τὸ
2161 3871 2362 3940 πλῆθος
2391 3871 2499 3924 τῶν
2523 3873 2841 3942 ἀνθρώπων,
2893 3874 2925 3942 ἦ
2965 3874 3025 3926 τὸ
3056 3875 3227 3943 μῆκος
3255 3876 3362 3928 τῶν
3396 3878 3532 3931 ἐτῶν
3565 3882 3733 3934 αἰνίτ-

2069 3984 2238 4021 τεται.
2283 3968 2390 4020 Καὶ
2437 3967 2521 4020 ἵνα
2570 3966 2763 4038 μάθῃς,
2800 3967 2880 4019 ὅτι
2910 3968 3034 4038 περὶ
3068 3969 3173 4022 τῶν
3201 3970 3293 4022 δύο
3341 3972 3519 4040 φυλῶν
3561 3975 3734 4028 ταῦτά

2070 4082 2252 4136 φησιν,
2279 4066 2574 4135 ἐπήγαγεν,
2605 4066 2684 4117 ὅτι
2728 4067 2850 4118 Ἐπ’
2880 4065 3070 4134 αὐτῆς
3103 4067 3230 4120 ἐστι
3269 4069 3334 4122 τὸ
3359 4069 3728 4136 ἐπιδέκατον,

2070 4161 2384 4214 ἐπιδέκατον
2438 4161 2609 4228 λέγων
2676 4162 2736 4214 τὸ
2784 4162 2967 4214 ἐπάνω
3014 4164 3121 4218 τῶν
3167 4165 3314 4230 δέκα,
3371 4166 3430 4219 τὺ
3476 4169 3731 4238 περισσὸν

2069 4258 2176 4312 τῶν
2211 4259 2359 4322 δέκα,
2393 4259 2526 4328 ὅπερ
2551 4255 2688 4331 ἦσαν
2721 4260 2775 4311 αἰ
2807 4259 2896 4312 δύο
2935 4260 3114 4328 φυλαί.
3163 4263 3345 4334 Ταύτῃ
3386 4265 3476 4316 καί
3521 4265 3730 4329 Παῦλος

2067 4359 2134 4426 τῇ
2165 4356 2304 4421 λέξει
2332 4357 2592 4427 κέχρηται
2628 4357 2819 4424 λέγων’
2872 4355 3101 4408 Ἑπιὶνω
3121 4361 3535 4425 πεντακοσίοις
3555 4362 3731 4416 ἁδελ-

2069 4444 2202 4511 φοῖς
2221 4460 2233 4473 °
2263 4445 2526 4508 τουτέστι,
2560 4444 2763 4494 πλείοσι
2797 4443 3183 4498 πεντακοσίων.
3218 4444 3328 4495 Καὶ
3356 4445 3540 4498 πάλιν
3560 4449 3729 4503 ἕσται

2068 4534 2154 4595 εἰς
2186 4530 2491 4598 προνομὴν
2530 4529 2607 4592 ὡς
2643 4527 2986 4593 τερέϐινθος.
3032 4529 3305 4591 Τουτέστι,
3336 4532 3390 4584 αί
3425 4531 3515 4585 δύο
3542 4537 3723 4603 φυλαί.

2067 4627 2175 4678 Καὶ
2220 4626 2298 4688 ὡς
2333 4623 2626 4687 βάλανος,
2682 4622 2827 4675 ὅταν
2870 4623 3095 4692 ἐκπέσῃ
3134 4625 3242 4692 τῆς
3287 4627 3473 4698 θήκης
3513 4632 3718 4701 αὐτῆς.

2069 4725 2276 4793 ’Ὠσπερ
2327 4723 2433 4793 γάρ
2477 4723 2713 4792 ἀτερπὴς
2771 4724 2972 4786 ἐκεῖνος
3015 4727 3042 4776 6
3099 4726 3305 4796 καρπὸς
3339 4729 3582 4783 ἐκπεσὼν
3629 4735 3726 4801 τῆς

2069 4822 2260 4890 θήκης,
2303 4819 2441 4871 οῦτω
2500 4821 2591 4871 καὶ
2636 4812 2778 4870 οῦτοι
2820 4819 3206 4888 καταγέλαστοι
3253 4823 3342 4874 καὶ
3383 4826 3727 4879 ἐπονείδιστοι

2069 4917 2299 4980 ἔσονται,
2334 4917 2430 4986 τῆς
2462 4917 2666 4978 πόλεως
2697 4917 3036 4980 ἐκπεσόντες,
3079 4919 3170 4971 καὶ
3207 4918 3306 4988 τῆς
3335 4921 3486 4992 δόξης
3516 4923 3727 4994 ἐκείνης

2069 5013 2438 5083 γυμνωθέντες
2455 5011 2950 5079 ἂπαντες.Σπέρμα
2966 5013 3133 5081 ι’ἱγνον
3149 5014 3210 5066 τὸ
3224 5016 3722 5087 στήλωμααύτῆς.

2070 5110 2143 5161 Οὐ
2181 5109 2287 5179 μὴν
2312 5109 2505 5162 ἀνίατα
2529 5109 2596 5161 τὰ
2626 5108 2769 5160 κακὰ
2799 5109 2970 5172 ἐσται,
3010 5109 3190 5178 φησὶν,
3222 5111 3340 5164 οὐδὲ
3376 5113 3721 5182 ἀτελεύτητα,

2069 5204 2202 5257 ἀλλὰ
2252 5206 2312 5257 τὸ
2366 5205 2584 5274 σπέρμα
2635 5204 2804 5272 αὐτῆς
2857 5206 3006 5272 άγιον
3046 5205 3214 5271 ἔσται,
3264 5207 3357 5262 καὶ
3416 5209 3722 5278 Στήλωμα,

2068 5300 2331 5364 τουτέστι,
2385 5299 2617 5367 βέϐαιον,
2664 5299 2928 5367 πεπηγὸς,
2976 5299 3247 5370 ἀκίνητον,
3308 5302 3570 5372 ἀναμένον
3625 5301 3721 5371 τὴν

2068 5397 2174 5450 τῶν
2224 5395 2558 5467 πραγμάτων
2592 5396 2907 5467 μεταϐολήν.
2962 5397 3070 5466 Τῆς
3126 5399 3225 5467 μὲν
3278 5400 3382 5468 γὰρ
3425 5400 3722 5466 εὐπραγίας

2069 5491 2441 5556 ἐκπεσοῦνται,
2489 5491 2642 5543 αὐτοὶ
2684 5492 2740 5544 δὲ
2783 5493 2842 5544 οὐ
2895 5493 3267 5564 πανωλεθρίαν
3313 5495 3721 5563 ὑποστήσονται,

2070 5588 2203 5642 ἀλλὰ
2231 5587 2448 5657 μενοῦσι
2486 5587 2578 5640 καὶ
2611 5589 2916 5655 στήσονται,
2961 5589 3064 5651 ἕως
3109 5588 3172 5640 ἂν
3209 5587 3517 5641 ἀπολάϐωσι
3559 5597 3582 5626 ε
3627 5589 3726 5660 τὴν

2138 5875 2156 5901 ί
2185 5871 2304 5932 Reg.
2343 5875 2394 5918 el
2415 5869 2561 5918 Savil.
2586 5869 2672 5921 ἕως
2699 5867 2991 5926 ἀπολάϐωσι,
3018 5866 3193 5913 omisso
3214 5858 3292 5916 ἄν.
