4058 6216
234 406 517 554 ἶιιζηεῢυηι
558 499 614 549 et
640 490 883 552 stabunt,
910 486 1079 542 donec
1115 478 1394 552 pristinum
1421 473 1545 527 vita:
1582 466 1793 523 institu-

237 599 340 643 tum
366 589 553 642 iterum
582 580 914 652 acceperint,
939 586 994 634 et
1018 574 1085 630 ad
1124 572 1352 644 priscam
1381 561 1638 622 redierint
1666 571 1794 614 san-

236 689 555 732 cumontam.

818 774 1043 834 CAPUT
1080 772 1192 829 Vll.

238 901 285 954 1.
336 897 400 953 Et
432 901 619 969 factum
643 903 715 950 est
756 893 810 947 in
848 889 1023 945 diebus
1074 887 1247 941 Achaz
1300 883 1396 953 filii
1441 879 1670 936 Joatltatt
1709 875 1805 945 ﬁlii

756 983 896 1038 Osia
921 981 1051 1053 regis
1076 977 1109 1034 J
1116 978 1236 1032 uda.

306 1121 356 1174 1.
397 1118 550 1173 Ratio
591 1115 981 1187 prapltetiarum.
1025 1109 1317 1181 Prophetiw
1360 1105 1609 1177 quomodo
1656 1103 1808 1172 ﬁdem

240 1210 443 1265 adderet
463 1208 619 1263 Deus.
643 1235 715 1247 —-
738 1206 797 1261 id
820 1204 958 1275 quod
986 1216 1128 1271 saepe
1150 1200 1282 1264 dixi,
1308 1199 1361 1253 id
1376 1206 1430 1253 et
1451 1210 1591 1251 nunc
1607 1194 1803 1257 dicam,

239 1298 543 1371 prophetiae
560 1296 687 1352 olim
704 1308 812 1350 non
840 1293 960 1348 ideo
992 1291 1213 1346 emissas
1232 1288 1394 1343 fuisse
1421 1286 1615 1348 solum,
1642 1293 1697 1337 ut
1719 1283 1811 1338 lu-

238 1390 335 1445 dazi
349 1389 521 1444 futura
531 1387 816 1450 discerent,
834 1382 928 1439 sed
943 1389 1000 1437 ut
1014 1380 1211 1445 edocti,
1229 1379 1437 1434 lucrum
1449 1376 1570 1431 inde
1582 1374 1810 1445 percipe-

240 1462 382 1543 rent,
394 1487 449 1533 et
464 1476 720 1532 minarum
739 1482 943 1528 terrore
966 1468 1405 1539 temperantiores
1422 1466 1631 1531 fierent,
1647 1464 1814 1520 bono-

241 1583 461 1638 rumque
490 1565 837 1638 promissione
862 1561 1209 1617 studiosiores
1243 1556 1556 1614 exercendaa
1570 1554 1811 1610 virtutis:

242 1661 505 1729 utrimque
527 1658 791 1713 discentes
823 1664 877 1711 et
903 1653 996 1709 Dei
1046 1651 1358 1721 potentiam,
1416 1657 1471 1704 et
1509 1647 1627 1718 ejus
1683 1661 1813 1718 erga

244 1750 362 1804 illos
384 1746 792 1817 providentiam.
827 1744 936 1799 Hac
952 1742 1093 1800 enim
1114 1740 1183 1797 de
1202 1755 1361 1797 causa
1386 1738 1502 1793 haec
1547 1736 1805 1808 praedice-

242 1837 452 1902 bantur,
477 1850 540 1890 ac
558 1850 624 1890 ne
668 1841 913 1903 putarent
938 1846 1002 1888 ea
1051 1846 1170 1902 qua;
1231 1828 1559 1893 accidebant,
1612 1837 1816 1882 temere

243 1938 299 1983 et
337 1941 465 1983 casu
506 1926 748 1996 qu0piam
801 1924 1144 1994 contingere,
1199 1919 1490 1977 secundum
1530 1917 1813 1989 quamdam

245 2029 448 2071 natura:
467 2017 681 2082 seriem,
708 2022 799 2069 aut
817 2013 1106 2071 secundum
1130 2026 1308 2067 rerum
1337 2024 1585 2073 cursum;
1614 2007 1705 2063 sed
1742 2008 1819 2062 vi-

245 2106 435 2164 derent
479 2123 544 2163 ex
594 2121 824 2177 superno
865 2114 919 2161 et
945 2104 1125 2159 divino
1160 2102 1376 2158 decreto
1425 2102 1541 2155 hmc
1589 2110 1814 2170 utraque

248 2199 360 2254 tieri
387 2214 403 2253 :
435 2198 487 2252 id
512 2197 651 2268 quod
678 2196 779 2253 illis
800 2196 1027 2251 maxime
1045 2194 1112 2250 ad
1144 2194 1233 2249 Dei
1280 2191 1634 2263 cognitionem
1688 2192 1818 2246 utile

245 2296 379 2343 erat.
410 2285 605 2343 Verum
648 2285 916 2356 quoniam,
944 2292 1003 2340 ut
1041 2292 1166 2339 ante
1207 2281 1337 2347 dixi,
1382 2281 1658 2352 prephetia
1711 2296 1817 2335 non

247 2377 438 2433 eodem
483 2377 601 2446 ipso
646 2384 885 2446 tempore
950 2388 1103 2430 suum
1157 2372 1354 2428 exitum
1409 2370 1673 2436 habebat;
1724 2371 1819 2427 sed

248 2469 409 2525 verba
434 2466 646 2537 quidem
702 2476 827 2522 tunc
872 2464 1296 2535 proferebantur,
1349 2476 1434 2517 res
1474 2471 1652 2518 autem
1700 2470 1821 2532 post

247 2558 494 2612 diuturna
516 2556 637 2611 inde
659 2565 890 2626 tempora
918 2554 1119 2610 exitum
1158 2552 1414 2608 habitura:
1464 2560 1640 2617 erant,
1698 2566 1818 2605 cum

244 2649 353 2717 jam
374 2646 610 2701 nonnulli
645 2661 713 2701 ex
728 2646 792 2700 iis
811 2645 905 2715 qui
931 2644 1227 2709 audierant,
1249 2657 1392 2713 saepe
1416 2650 1643 2697 mortem
1658 2641 1820 2697 obiis—

248 2746 388 2802 sent,
417 2751 515 2791 nec
538 2736 830 2807 potuissent
852 2734 920 2790 de
941 2733 1199 2790 dictorum
1218 2742 1410 2789 eventu
1431 2731 1692 2802 judicare,
1735 2734 1814 2785 vi-

247 2826 318 2882 de
342 2826 471 2896 quid
499 2825 655 2881 faciat
678 2832 734 2882 et
757 2825 1004 2880 moliatur
1034 2824 1193 2880 Deus.
1224 2823 1559 2893 Prophetiam
1589 2823 1820 2893 prophe-

250 2915 337 2970 tiis
351 2914 616 2969 connectit
638 2928 653 2978 ;
676 2913 740 2968 iis
765 2927 881 2983 quae
905 2921 1028 2983 post
1053 2912 1267 2982 longum
1292 2919 1499 2982 tempus
1554 2921 1817 2968 eventura

249 3014 453 3072 essent,
474 3018 591 3060 eam
615 3004 763 3074 cujus
799 3005 971 3059 exitus
1018 3017 1183 3074 prope
1230 3011 1367 3071 erat,
1420 3019 1517 3074 per
1541 3018 1660 3059 eam
1700 3018 1821 3074 quae

251 3093 342 3148 illa
391 3094 443 3148 in
467 3093 803 3164 generatione
824 3093 1019 3147 exitum
1041 3092 1279 3148 habitura
1308 3100 1442 3158 erat,
1489 3092 1555 3147 iis
1594 3107 1820 3162 quorum

251 3192 478 3238 eventus
500 3191 621 3255 post
635 3182 937 3238 diuturnum
959 3191 1163 3252 tempus
1180 3182 1385 3237 futurus
1403 3190 1517 3237 erat
1535 3182 1820 3237 maximam

254 3272 415 3327 fidem
448 3271 665 3327 faciens.
708 3272 763 3327 in
788 3272 1072 3343 evangeliis
1098 3282 1273 3327 autem
1301 3274 1403 3326 hoc
1442 3273 1679 3328 utilitatis
1732 3289 1823 3344 ge-

253 3376 355 3415 nus
383 3359 485 3415 alio
512 3359 668 3415 modo
694 3368 901 3428 tractat,
931 3360 1180 3416 miracula
1229 3361 1517 3431 prophetiis
1547 3362 1817 3432 copulans,

252 3451 398 3505 aliud
435 3451 537 3507 alio
564 3453 903 3507 confirmans.
947 3452 1186 3522 Exempli
1222 3467 1381 3508 causa
1413 3472 1426 3507 :
1455 3454 1680 3509 accessit
1726 3454 1823 3509 ali-

253 3540 470 3609 quando
507 3541 573 3595 ad
610 3556 730 3597 eum
766 3541 1025 3611 leprosos,
1053 3551 1108 3598 et
1132 3543 1414 3598 mundatus
1440 3552 1539 3612 est,
1595 3559 1658 3599 ac
1704 3554 1823 3614 post

253 3631 403 3684 illum
425 3646 606 3686 rursus
631 3646 759 3701 puer
784 3632 1106 3688 centurionis
1127 3647 1158 3686 a
1185 3632 1329 3703 gravi
1359 3633 1451 3688 illo
1478 3633 1667 3688 morbo
1690 3635 1821 3690 libcL

252 3730 402 3775 ratus
421 3729 521 3786 est,
560 3720 807 3791 signaque
830 3720 943 3776 haec
970 3736 1157 3791 magna
1186 3730 1338 3776 erant
1365 3739 1378 3775 :
1405 3730 1459 3776 et
1485 3730 1660 3777 tamen
1712 3738 1817 3777 non

252 3810 307 3861 in
359 3809 521 3877 signis
566 3811 730 3872 stetit,
777 3810 870 3864 sed
916 3819 970 3864 et
1028 3810 1359 3878 prophetiam
1420 3810 1632 3880 adjecit.
1682 3811 1816 3877 Quia

250 3900 396 3953 enim
425 3900 664 3954 centurio
706 3900 1069 3955 admirandam
1101 3902 1244 3956 illam
1292 3911 1347 3956 et
1383 3917 1625 3973 magnam
1670 3904 1822 3958 exhi-

251 3989 442 4043 buerat
483 3987 661 4055 fidem,
710 4004 810 4059 qua
858 4005 1077 4059 puerum
1119 3992 1186 4046 ab
1231 3992 1538 4062 aegritudine
1585 3992 1817 4062 eripuit,

250 4082 371 4139 [me
390 4081 622 4138 subdidit
646 4082 883 4139 Christus
916 4083 1109 4139 :Multi
1144 4084 1206 4137 ab
1247 4086 1436 4141 oriente
1477 4095 1524 4139 et
1565 4086 1820 4140 occidente

247 4173 463 4236 venient,
487 4182 534 4228 et
555 4174 836 4227 recumbam
859 4191 973 4227 cum
997 4175 1269 4238 Abraham,
1297 4174 1447 4228 Isaac
1470 4185 1516 4229 et
1534 4175 1714 4240 Iacob,
1746 4178 1813 4244 ﬁ-

246 4264 306 4316 lii
335 4271 503 4315 autem
548 4263 686 4331 regni
710 4262 966 4331 ejicientur
1004 4272 1144 4316 extra
1170 4264 1189 4332 (
1213 4262 1396 4317 Matth.
1422 4266 1475 4318 8.
1504 4266 1561 4318 li
1600 4265 1639 4333 ).
1691 4265 1815 4320 Hmc

248 4364 413 4418 porro
455 4349 680 4415 dicebat,
710 4360 763 4406 et
813 4350 1047 4420 gentium
1092 4352 1379 4407 Ecclesiam
1407 4363 1461 4409 et
1508 4355 1816 4409 Judaaorum

247 4441 674 4511 reprobationem
702 4442 1056 4511 pramuntians
1078 4459 1093 4508 ;
1118 4444 1259 4513 quod
1282 4445 1439 4499 etiam
1494 4461 1633 4501 nunc
1659 4463 1819 4516 opere

244 4532 569 4601 completum
588 4540 689 4599 est,
714 4540 769 4588 et
814 4533 927 4589 sole
954 4534 1148 4590 clarius
1189 4537 1437 4592 omnibus
1484 4538 1765 4594 exhibetur
1798 4557 1812 4593 :

242 4621 341 4674 sed
387 4629 513 4675 tunc
540 4619 820 4676 obscurum
840 4630 973 4691 erat,
1001 4632 1050 4678 et
1093 4625 1160 4680 ab
1204 4626 1489 4681 incredulis
1519 4643 1623 4683 non
1662 4628 1817 4686 facile

241 4710 639 4765 admittebatur.
674 4711 899 4781 ideoque
939 4714 1143 4783 signum
1188 4722 1311 4771 tunc
1331 4718 1624 4774 exhibitum
1678 4737 1816 4791 pra:-

239 4800 424 4865 cessit,
474 4800 615 4869 quod
642 4802 858 4855 multam
882 4802 1036 4857 fidem
1080 4815 1201 4860 ante
1237 4805 1462 4863 faciebat
1505 4812 1581 4863 rei
1632 4821 1813 4879 postca

239 4896 517 4944 eventura:
541 4906 552 4941 :
575 4890 1015 4959 quemadmodum
1030 4903 1083 4949 et
1099 4893 1209 4963 ipsa
1228 4898 1521 4966 prophetia,
1540 4915 1655 4970 qua:
1678 4918 1816 4958 nunc

240 4991 409 5046 opere
428 4979 742 5049 completur,
774 4982 925 5051 signo
955 4991 1080 5039 tunc
1124 4983 1264 5040 facto
1312 5002 1555 5057 magnam
1614 4992 1814 5059 praebet

239 5068 720 5125 confirmationem.
750 5072 883 5139 Quid
912 5074 1104 5129 dixerit
1132 5076 1477 5134 incredulus?
1502 5097 1568 5135 an
1592 5084 1814 5139 munda-

239 5165 357 5214 tum
405 5173 510 5215 non
565 5160 728 5217 fuisse
773 5163 1075 5233 leprosum?
1108 5167 1372 5238 Respiciat
1420 5173 1471 5226 in
1522 5174 1812 5243 prophetiae

246 5248 551 5314 veritatem,
593 5260 650 5303 ut
695 5250 778 5306 illa
850 5263 1122 5324 perspecta
1185 5259 1337 5328 signo
1388 5260 1546 5316 fidem
1598 5263 1808 5319 habeat.

239 5336 383 5402 Quid
413 5352 573 5407 porro
599 5338 830 5395 dixerint
856 5341 931 5396 illi
959 5352 1083 5398 tunc
1110 5345 1317 5401 Judaei?
1340 5364 1406 5403 an
1434 5366 1497 5405 ea
1550 5367 1667 5420 quas
1718 5353 1807 5408 ille

243 5427 570 5496 praedicebat
620 5443 726 5483 non
772 5445 890 5485 esse
950 5438 1114 5489 vera?
1160 5437 1466 5507 Respiciant
1534 5442 1805 5511 leprosum

239 5514 577 5583 mundatum,
604 5527 657 5573 et
679 5534 742 5573 ex
772 5519 1027 5577 beneficio
1052 5525 1125 5578 illi
1150 5528 1342 5583 collato
1362 5527 1550 5585 futuris
1570 5547 1675 5587 non
1706 5548 1802 5588 ne-

233 5613 371 5673 gent
419 5604 598 5672 fidem,
642 5623 763 5662 cum
817 5611 1099 5667 maximum
1152 5615 1226 5671 illi
1274 5618 1565 5687 prophetia:
1622 5623 1810 5691 pignus

237 5693 587 5765 acceperint,
637 5711 827 5768 nempe
875 5699 1101 5771 signum,
1147 5713 1203 5761 ut
1246 5704 1489 5765 hodierni
1534 5710 1669 5780 signi
1728 5713 1808 5781 pi~

1486 360 1556 419 1N
1596 348 1845 417 ISAIAM,
1883 346 2033 405 CAP.
2076 345 2190 403 VU.
3405 353 3477 409 78

1901 476 2037 532 gnus
2087 458 2418 529 prophetiam
2449 457 2663 514 habent.
2706 456 2892 514 Viden'
2936 455 3201 528 quomodo
3245 455 3471 512 alterum

1900 549 2070 603 altero
2118 548 2505 603 confirmetur?
2559 546 2692 602 lilttd
2739 546 2900 602 etiam
2949 546 3003 601 in
3046 546 3219 602 Veteri
3287 544 3474 601 Testa-

1902 648 2084 694 mento
2110 637 2289 693 videre
2324 647 2408 694 est
2428 638 2446 708 (
2467 639 2520 694 5.
2551 637 2803 709 Reg.i5).
2833 637 2968 704 Quia
3019 636 3159 691 cnim
3188 635 3475 693 Jeroboam

1903 733 2211 804 gravissima
2250 732 2335 786 illa
2382 731 2584 788 insania
2637 731 2915 798 laboravit,
2958 739 3013 785 et
3050 729 3242 785 vitulas
3288 743 3477 787 aureas

1904 826 2095 891 erexit,
2139 823 2359 878 veniens
2394 822 2651 893 propheta
2688 820 2862 877 futura
2890 822 3280 893 praenuntiavit,
3311 828 3367 876 et
3402 820 3477 874 si-

1904 929 2065 983 gnum
2091 915 2269 968 statim
2298 912 2465 968 dedit.
2499 912 2578 968 Ne
2614 912 2734 982 quis
2763 912 2907 967 enim
2935 910 3093 967 tidem
3120 925 3225 966 non
3248 909 3471 968 haberet

1908 1007 1994 1072 iis,
2017 1021 2137 1078 quae
2179 1014 2299 1075 post
2328 1013 2595 1061 trecentos
2632 1017 2799 1059 annos
2824 1015 3079 1060 eventum
3107 1010 3261 1059 erant
3280 1039 3298 1066 ,
3330 1016 3479 1056 aram

1909 1099 2082 1170 fregit,
2127 1107 2181 1154 et
2221 1097 2430 1167 adipem
2454 1096 2657 1161 effudit,
2689 1095 2934 1167 regisque
2979 1110 3193 1151 manum
3235 1092 3480 1158 arefecit,

1910 1205 1975 1246 ex
2004 1190 2087 1253 iis,
2116 1204 2233 1261 quas
2260 1197 2384 1245 ante
2425 1188 2608 1244 oculos
2632 1187 2966 1255 eveniebant,
2992 1201 3176 1243 eorum
3215 1201 3335 1256 qua:
3364 1194 3484 1254 post

1911 1285 2137 1337 multum
2161 1280 2417 1348 temporis
2440 1288 2693 1336 eventura
2709 1286 2860 1334 erant
2875 1278 3212 1346 conspicuam
3238 1275 3488 1347 praebens

1911 1371 2439 1428 demonstrationem.
2470 1369 2736 1441 Multaque
2761 1366 3061 1439 hujusmodi
3108 1366 3290 1422 videre
3327 1373 3409 1421 est
3434 1366 3488 1420 in

1912 1462 2060 1518 Novo
2084 1471 2140 1519 et
2160 1462 2337 1517 Veteri
2364 1461 2724 1526 Testamento,
2756 1458 2868 1515 Deo
2894 1456 3120 1513 diversis
3144 1456 3314 1511 modis
3330 1454 3488 1510 saluti

1914 1564 2112 1610 nostra:
2140 1553 2511 1625 prospiciente.
2539 1550 2594 1607 id
2614 1549 2757 1622 quod
2783 1550 2942 1605 etiam
2965 1549 3053 1605 hic
3072 1549 3283 1612 accidit,
3307 1557 3361 1604 et
3379 1548 3484 1601 uti~

1915 1661 2022 1715 que
2049 1660 2169 1700 cum
2199 1644 2388 1713 majori
2418 1642 2571 1712 copia
2595 1658 2609 1696 :
2646 1656 2751 1695 non
2780 1640 2987 1711 signum
3017 1640 3159 1695 enim
3180 1638 3361 1705 modo,
3389 1638 3482 1693 sed

1917 1734 2251 1805 prophetiam
2291 1748 2412 1789 cum
2440 1734 2594 1802 signo
2623 1730 2930 1788 conuexuit.
2962 1728 3160 1784 Verum
3201 1737 3257 1784 ut
3284 1743 3346 1783 ea
3373 1744 3492 1797 qua:

1916 1823 2146 1879 diximus
2173 1823 2397 1879 clariora
2423 1821 2681 1889 evadant,
2713 1821 2881 1892 ipsam
2921 1820 3195 1875 historiam
3248 1828 3495 1874 accurate

1918 1928 2321 1983 prosequamur.
2366 1914 2415 1968 1.
2452 1912 2517 1967 Et
2542 1911 2733 1982 factum
2774 1921 2843 1966 est
2882 1912 2937 1965 in
2972 1909 3142 1965 diebus
3189 1910 3362 1963 Acltas
3399 1910 3496 1979 ﬁlii

1916 2003 2142 2059 Joathan
2188 2004 2283 2071 lilii
2330 2001 2471 2057 Ozite
2510 2003 2643 2073 regis
2692 2001 2832 2055 Iuda
2853 2041 2868 2067 ,
2925 2001 3149 2055 ascendit
3198 1999 3358 2053 Rasin
3405 2015 3497 2054 rex

1920 2097 2093 2161 Aram,
2124 2105 2172 2151 et
2207 2095 2405 2149 Phaces
2442 2095 2579 2163 ﬁlius
2606 2092 2851 2148 Bomeliaz
2874 2109 2964 2147 rea:
3005 2091 3169 2147 Israel
3192 2093 3243 2145 in
3279 2090 3496 2145 Jerusa-

1920 2188 2041 2253 lem,
2067 2196 2119 2240 ut
2146 2194 2499 2257 Oppugnarent
2524 2201 2656 2249 eam,
2704 2200 2792 2237 nec
2817 2192 3084 2254 potuerunt
3108 2198 3412 2253 expugnare.
3438 2181 3495 2238 2.

1922 2276 1990 2333 Et
2032 2279 2385 2333 annuntiatum
2417 2287 2491 2332 est
2513 2278 2567 2332 in
2596 2277 2745 2331 domo
2778 2276 2940 2330 Dauid
2965 2292 2997 2329 a
3026 2275 3298 2329 dicentibus
3322 2289 3340 2328 :
3363 2274 3494 2329 Con-

1920 2371 2076 2425 sensit
2095 2370 2251 2424 Aram
2276 2385 2392 2424 cum
2420 2367 2691 2439 Ephraim.
2724 2367 2847 2423 Haec
2869 2366 3088 2422 historia
3110 2375 3255 2433 sunt,
3286 2380 3494 2422 rerum-

1921 2477 2025 2531 que
2049 2469 2319 2531 gestarum
2345 2461 2579 2516 narratio
2607 2478 2620 2513 :
2651 2459 2749 2514 sed
2767 2458 2856 2529 qui
2883 2470 3062 2515 mente
3086 2458 3248 2524 valet,
3272 2466 3493 2512 etacule

1922 2555 2083 2618 videt,
2138 2555 2363 2609 multum
2412 2553 2538 2608 hinc
2577 2553 2711 2607 lucri
2749 2552 2966 2616 referet,
3008 2550 3099 2605 Dei
3140 2564 3383 2620 magnam
3412 2564 3501 2603 sa—

1922 2644 2175 2714 pientiam
2200 2685 2217 2711 ,
2278 2658 2483 2699 necnon
2528 2642 2645 2705 eius
2681 2657 2805 2713 erga
2850 2640 3063 2698 Judaeos
3111 2639 3500 2711 providentiam

1923 2736 2186 2792 ediscens.
2235 2735 2418 2805 Neque
2446 2734 2588 2791 enim
2629 2749 2658 2788 a
2686 2734 2948 2805 principio
2977 2733 3175 2789 bellum
3219 2732 3497 2803 repressit,

1924 2842 2096 2897 neque
2125 2827 2240 2897 ipso
2265 2826 2545 2897 ingruente
2562 2825 2747 2882 urbem
2777 2824 2894 2895 capi
2923 2823 3185 2895 permisit,
3212 2822 3307 2879 sed
3333 2822 3500 2878 verbo

1924 2924 2077 2971 tenus
2106 2924 2309 2971 tantum
2342 2915 2811 2972 comminationem
2852 2914 2969 2969 fieri
3012 2914 3215 2981 sinens,
3257 2913 3374 2982 ejus
3396 2927 3494 2967 ex-

1924 3008 2276 3077 perimentum
2302 3005 2588 3076 prohibuit,
2619 3005 2737 3061 illos
2766 3019 2867 3061 una
2914 3004 3362 3075 expergefaciens,
3389 3011 3442 3059 et
3468 3017 3500 3056 a

1925 3097 2165 3154 socordia
2189 3096 2469 3162 reducens,
2499 3111 2762 3167 suamque
2788 3095 3075 3166 potentiam
3101 3093 3495 3149 demonstrans:

1924 3190 2067 3259 quod
2095 3188 2338 3244 videlicet
2376 3187 2489 3257 ipse
2533 3188 2723 3257 possit,
2748 3186 2907 3242 etiam
2937 3202 3058 3242 cum
3087 3199 3173 3242 res
3211 3186 3279 3240 ad
3319 3193 3499 3241 extre-

1927 3293 2071 3332 mum
2103 3278 2263 3332 linem
2293 3277 2537 3333 deducta:
2562 3275 2829 3341 videntur,
2857 3276 3007 3345 quasi
3032 3275 3267 3331 nondum
3298 3273 3495 3345 cuspis-

1926 3376 2067 3431 sent,
2108 3368 2187 3421 sic
2226 3367 2276 3421 in
2304 3366 2543 3436 periculo
2570 3374 2845 3421 versantes
2866 3365 3063 3420 illaesos
3087 3379 3319 3420 servare.
3347 3362 3501 3430 Quod

1927 3455 2100 3525 ipsum
2127 3470 2270 3525 saepe
2296 3454 2488 3511 fecisse.
2511 3453 2693 3511 videre
2721 3461 2825 3519 est,
2856 3460 2915 3509 ut
2938 3452 3085 3509 verbi
3110 3453 3276 3523 gratia
3305 3453 3357 3507 in
3384 3451 3499 3508 for-

1925 3561 2057 3601 nace
2086 3545 2425 3616 Babylonica,
2454 3545 2505 3598 in
2537 3545 2652 3599 lacu
2668 3544 2906 3611 leonum,
2936 3552 2990 3599 et
3014 3543 3067 3597 in
3093 3543 3211 3597 aliis
3230 3544 3499 3598 sexcentis

1925 3637 2156 3692 casibus.
2196 3635 2408 3690 Etenim
2446 3634 2498 3688 hi
2536 3642 2812 3698 venerunt,
2855 3633 3203 3699 obsederunt,
3238 3641 3294 3687 et
3322 3649 3501 3690 muros

1925 3724 2250 3790 adorientes,
2277 3723 2726 3792 obsessorumque
2753 3721 2959 3778 animos
2979 3720 3495 3793 perterrefacientes,

1925 3813 2055 3867 nihil
2077 3814 2213 3869 ultra
2237 3812 2410 3868 facere
2437 3820 2743 3882 potuerunt.

1993 3904 2049 3958 2.
2090 3904 2225 3959 Hinc
2253 3913 2429 3960 autem
2457 3904 2757 3973 perspicere
2781 3902 2907 3959 licet
2930 3902 3113 3960 decem
3144 3904 3375 3960 tribuum
3396 3904 3499 3958 ini-

1924 3994 2199 4065 quitatem,
2243 3994 2385 4065 quod
2420 4009 2524 4049 non
2555 3993 2716 4049 modo
2757 3993 2912 4049 civile
2956 3994 3250 4062 inceperint
3278 3992 3499 4057 bellum,

1925 4101 2097 4155 neque
2121 4085 2280 4140 modo
2303 4094 2487 4140 contra
2516 4083 2707 4137 fratres
2736 4098 2880 4138 arma
2913 4083 3198 4147 moverint,
3216 4081 3311 4139 sed
3338 4083 3499 4138 etiam

1924 4180 2233 4250 alienigenis
2252 4178 2558 4248 exterisque
2574 4176 2816 4246 gentibus
2842 4190 2900 4231 se
2926 4175 3283 4245 adjunxerint,
3307 4184 3362 4231 et
3384 4191 3500 4239 eos,

1921 4268 2236 4339 quibuscum
2261 4267 2570 4323 societatem
2599 4264 2797 4321 habere
2817 4265 2947 4335 ipsis
2974 4280 3080 4321 non
3107 4265 3321 4331 licebat,
3340 4265 3499 4319 etiam

1921 4358 2313 4414 commilitones
2331 4356 2655 4423 vocaverint,
2678 4370 2802 4413 cum
2821 4357 2988 4427 iisque
3024 4356 3380 4413 castrametati
3399 4356 3498 4410 ad-

1923 4463 2111 4504 versus
2135 4448 2402 4504 civitatem
2429 4449 2691 4503 steterint.
2723 4447 2928 4502 Etenim
2960 4448 3118 4502 Rasin
3146 4446 3499 4518 alienigenam

1922 4537 2178 4593 adversus
2220 4537 2555 4606 metropolim
2607 4550 2756 4590 suam
2801 4537 3117 4591 excitarunt.
3161 4536 3393 4605 Eratque
3444 4536 3497 4589 in

1917 4623 2104 4696 prteiio
2132 4619 2360 4692 partium
2405 4620 2763 4691 inaequalitas.
2816 4623 2970 4694 Apud
3002 4624 3121 4684 illos
3148 4622 3293 4680 enim
3323 4625 3503 4681 multi-

1914 4715 2040 4769 tudo
2072 4712 2277 4768 inlinita
2308 4721 2442 4777 erat,
2472 4722 2528 4767 et
2556 4713 2738 4781 urbes,
2770 4722 2826 4769 et
2853 4723 3043 4783 gentes
3072 4722 3126 4769 et
3156 4716 3364 4783 pepuli;
3414 4716 3502 4773 hie

1914 4819 2090 4867 autem
2117 4808 2245 4863 nihil
2267 4808 2467 4872 simile,
2490 4808 2583 4864 sed
2617 4810 2743 4864 urbs
2768 4824 2869 4863 una
2899 4817 2953 4865 et
2978 4810 3313 4879 metropolis,
3342 4811 3409 4865 ita
3444 4822 3501 4864 ut

1914 4898 2007 4954 Dei
2040 4897 2296 4953 fortitudo
2323 4898 2705 4953 exuberantius
2732 4900 3070 4954 enitesceret.
3097 4899 3323 4956 Nemine
3352 4901 3496 4956 enitr

1912 5001 2061 5043 arma
2104 4997 2373 5053 movente,
2427 4988 2641 5044 nemine
2683 4998 2915 5042 exeunte
2958 4998 3012 5044 et
3055 4998 3491 5057 castramctanle,

1914 5094 2100 5135 eorum
2124 5078 2340 5150 maligni
2368 5090 2591 5135 conatus
2621 5078 2673 5133 in
2707 5079 2927 5133 nihilum
2957 5080 3223 5136 abierunt.
3258 5082 3374 5137 Non
3403 5100 3498 5152 ρος

1914 5181 2117 5226 luerunt
2136 5172 2299 5237 enim,
2315 5172 2812 5242 inquit,expugnare
2831 5186 2960 5224 eam.
2990 5173 3057 5226 At
3081 5172 3209 5242 quid
3236 5174 3495 5242 impedie-

1913 5261 2037 5317 bat?
2063 5260 2206 5317 Nihil
2235 5261 2380 5316 aliud
2406 5276 2564 5330 quam
2608 5260 2703 5314 Dei
2750 5275 2958 5327 manus,
2986 5276 3102 5330 quae
3132 5278 3227 5317 eos
3255 5264 3493 5320 invisibi-

1914 5352 2036 5409 liter
2083 5353 2403 5422 depellebat.
2453 5351 2853 5417 Verumtamen,
2881 5360 2937 5406 nt
2977 5351 3085 5419 jam
3132 5354 3260 5419 dixi,
3293 5355 3489 5410 bellum

1913 5443 2139 5512 depulit,
2167 5442 2260 5498 sed
2291 5450 2491 5497 metum
2531 5458 2638 5498 non
2684 5443 2863 5497 statim
2910 5444 3145 5499 sustulit.
3196 5444 3327 5500 Nam
3376 5447 3486 5500 ait:

1921 5536 2281 5589 Annuntiatum
2305 5534 2452 5588 estin
2482 5534 2633 5589 domo
2664 5534 2831 5590 Dauid
2861 5554 2874 5590 :
2902 5536 3167 5593 Consensit
3195 5540 3350 5591 Aram
3374 5555 3489 5592 cum

1913 5622 2185 5692 Ephraim.
2234 5619 2305 5675 Et
2336 5632 2500 5677 emo‘a
2537 5632 2613 5678 est
2649 5624 2822 5681 animo
2848 5627 2989 5698 ejus,
3020 5636 3067 5681 et
3108 5627 3281 5681 anima
3310 5627 3489 5697 populi

1915 5717 2046 5787 ejus.
2078 5716 2210 5773 Cum
2250 5715 2365 5775 vult
2394 5715 2537 5775 Deus
2561 5716 2764 5789 aliquid
2793 5718 3121 5790 inopinatum
3151 5717 3348 5781 facere.
3380 5734 3488 5778 non
