4058 6216
279 329 358 385 79
1565 335 1633 392 IN
1671 334 1926 404 ISAIAM,
1975 337 2127 396 CAP.
2165 339 2280 397 VII.
3428 350 3501 406 80

270 445 457 509 λοντας
488 446 777 503 ἀπολαύειν
805 449 862 503 ἐν
882 452 1132 524 αίσθήσει
1168 452 1276 506 τῶν
1302 453 1489 506 δεινῶν
1514 453 1713 524 ἀφήσει
1752 469 1844 521 γε·

271 534 456 588 νέσθαι
487 547 514 576 ι
541 575 556 600 ,
587 539 674 591 ινα
699 541 834 608 μετά
863 541 959 613 τὴν
984 543 1303 614 ἀπαλλαγὴν
1326 544 1433 596 τῶν
1459 543 1647 596 δεινῶν
1676 544 1842 614 μηδε-

275 624 402 693 μίαν
451 625 836 699 ἀγνωμοσύνην
893 632 1284 695 ἐπιδείξωνται.
1357 629 1573 702 Ἐπειδὴ
1625 632 1733 701 γὰρ
1788 633 1839 685 οἱ

273 712 455 767 πολλοὶ
484 714 592 770 τῶν
623 718 942 789 ἀνθρώπων,
972 722 1041 775 τά
1073 724 1170 792 μὲν
1199 722 1303 774 ὑπὸ
1325 721 1514 790 τύφου,
1550 721 1618 776 τά
1649 723 1706 775 δέ
1733 723 1839 775 ὑπὸ

273 803 542 874 ῥᾳθυμίας
571 809 1003 865 ἐπιλανθάνονται
1033 812 1142 864 τῶν
1171 811 1355 866 δεινῶν
1390 811 1524 882 μετὰ
1549 813 1647 881 τὴν
1668 812 1840 868 ἀπαλ-

270 890 442 966 λαγὴν
469 897 578 950 τῶν
617 899 821 962 δεινῶν,
849 901 882 972 ἢ
917 902 990 973 μὴ
1031 902 1502 973 ἐπιλανθανόμενοι
1534 904 1741 966 ἑαυτοῖς
1760 902 1838 955 10-

268 981 519 1051 τίζεσθαι
549 987 820 1057 βούλονται
855 993 924 1046 τά
951 993 1366 1065 κατορθώματα,
1401 995 1660 1065 πρότερον
1679 994 1838 1064 ἀφεὶς

268 1072 466 1138 αὐτοὺς
519 1077 624 1130 ὑπὸ
659 1079 765 1133 τῶν
820 1080 1078 1151 λυπηρῶν
1121 1084 1524 1146 κατασείεσθαι,
1568 1084 1686 1137 τότε
1738 1085 1836 1155 τὴν

269 1157 580 1230 ἐλευθερίαν
603 1164 781 1220 δίδωσι
803 1168 909 1222 τῶν
935 1168 1289 1239 ἐνοχλούντων
1308 1187 1321 1202 ·
1350 1171 1377 1222 6
1400 1171 1463 1240 δὴ
1489 1172 1583 1225 καὶ
1606 1170 1836 1224 ἐνταῦθα

267 1250 588 1320 πεποίηκεν.
635 1253 867 1323 Ἀφῆκεν
910 1257 1088 1313 αὐτῶν
1142 1259 1242 1322 τὰς
1286 1260 1509 1330 καρδίας
1542 1260 1833 1329 ἐκστῆναι,

265 1337 478 1408 ἀφῆκεν
518 1345 598 1406 είς
626 1346 858 1413 ἀγωνίαν
892 1350 1144 1416 γενέσθαι
1173 1351 1404 1420 πολλὴν,
1450 1355 1543 1404 καὶ
1587 1353 1706 1404 τότε
1738 1348 1835 1422 τὴν

265 1426 417 1482 λύσιν
445 1432 706 1502 ἐπήγαγε.
744 1436 911 1490 Τοῦτο
933 1441 1027 1491 καὶ
1051 1442 1145 1493 ἐπὶ
1172 1441 1266 1494 τοῦ
1304 1441 1535 1512 μεγάλου
1569 1445 1833 1513 πεποίηκε

263 1520 446 1574 Δαυῖδ.
484 1524 696 1597 Ἐπειδὴ
720 1529 828 1598 γὰρ
859 1530 1090 1599 ήμελλεν
1115 1533 1275 1587 αὑτὸν
1299 1532 1377 1597 είς
1403 1535 1502 1605 τὴν
1533 1534 1833 1604 παράταξιν

263 1607 569 1680 ἐξαγαγεῖν,
603 1617 694 1668 καὶ
726 1617 786 1670 τὸ
813 1619 1061 1692 λαμπρὸν
1107 1623 1281 1676 ἐκεῖνο
1314 1626 1568 1694 τρόπαιον
1598 1625 1833 1695 ἐγείρειν

259 1696 351 1750 διά
387 1700 494 1752 τῶν
525 1702 730 1759 ἐκείνου
753 1709 970 1777 χειρῶν,
1007 1711 1107 1763 οὐκ
1135 1714 1198 1764 ἐκ
1228 1715 1525 1784 προοιμίων
1548 1714 1641 1768 τοῦ
1676 1715 1833 1768 πολέ-

264 1803 366 1855 μου
386 1789 544 1844 τοῦτο
576 1794 842 1866 ἐποίησεν,
867 1799 979 1851 ἀλλ’
1006 1801 1162 1869 ἀφεὶς
1185 1804 1589 1874 τεσσαράκοντα
1621 1806 1831 1876 ἡμέρας

259 1877 456 1966 αὐτοὺς
509 1887 942 1958 κατεργασθῆναι
993 1891 1070 1961 τῷ
1125 1893 1292 1965 φόϐῳ,
1349 1896 1438 1947 ὅτε
1484 1896 1582 1966 τήν
1626 1897 1831 1949 οίκείαν

259 1965 578 2056 ἀπέγνωσαν
602 1977 892 2045 σωτηρίαν,
911 1980 1005 2033 καὶ
1027 1983 1192 2053 μυρία
1215 1965 1560 2048 ὀνειδίζοντος
1585 1985 1677 2038 τοῦ
1702 1985 1832 2056 βαρ-

259 2053 450 2144 ϐάρου,
480 2061 599 2114 οὐδὲ
628 2064 768 2118 οὕτω
800 2084 885 2130 τις
921 2071 1185 2140 ἐτόλμησε
1218 2073 1588 2144 διεγερθῆναι,
1617 2053 1710 2127 καί
1746 2053 1831 2128 δέ-

259 2143 452 2206 ξασθαι
481 2151 571 2202 τὺν
597 2154 904 2223 ἀντίπαλον,
931 2159 1054 2212 τότε
1081 2160 1165 2232 δὴ,
1190 2162 1311 2214 τότε
1338 2164 1434 2233 τῆς
1456 2164 1624 2235 ἥττης
1651 2165 1830 2218 αὐτῶν

255 2235 692 2314 δμολογηθείσης,
724 2249 926 2319 καὶτῆς
948 2251 1230 2315 ἀσθενείας
1253 2256 1490 2323 φανερᾶς
1511 2256 1827 2327 γενομένης,

256 2327 430 2416 ᾕταγε
450 2333 510 2384 τὸ
541 2337 820 2406 μειράκιον
852 2341 944 2393 ἐπὶ
973 2342 1067 2394 τὸν
1099 2343 1334 2414 πόλεμον
1355 2387 1369 2410 ,
1404 2347 1498 2398 καὶ
1526 2348 1623 2416 τὴν
1652 2348 1832 2416 παράο

253 2414 403 2480 δοξον
456 2419 671 2494 ἐκείνην
718 2427 874 2497 νίκην
917 2431 1229 2500 εἰργάσατο.
1280 2434 1342 2485 El
1391 2433 1500 2506 γὰρ
1549 2414 1642 2488 καὶ
1692 2414 1831 2506 μετά

253 2506 424 2561 ταῦτα
442 2550 457 2574 ,
492 2514 584 2564 καὶ
615 2517 714 2583 τὴν
741 2520 1008 2591 τοσαύτην
1041 2523 1141 2593 τῆς
1180 2523 1457 2585 ἀσθενείας
1486 2525 1662 2579 αὐτῶν
1691 2527 1829 2579 ἀπό-

251 2595 438 2665 δειξιν,
469 2605 498 2654 6
526 2604 717 2668 σωθεὶς
748 2607 1018 2675 βασιλεὺς,
1057 2613 1159 2665 ὑπὸ
1184 2613 1377 2682 φθόνου
1409 2616 1501 2668 καὶ
1533 2615 1830 2684 βασκανίας

253 2687 577 2758 νικώμενος,
612 2695 932 2752 ἐπεϐούλευε
961 2701 1038 2771 τῷ
1079 2703 1275 2768 Δαυῖδ,
1308 2704 1400 2756 τοῦ
1438 2705 1639 2769 πάθους
1677 2708 1830 2774 γενό-

256 2791 416 2844 μενος
437 2779 575 2845 ὅλος,
609 2786 702 2838 καὶ
733 2787 1002 2858 ἀγνώμων
1031 2794 1158 2863 περὶ
1189 2795 1280 2847 τὸν
1293 2795 1599 2866 -εύεργὲτην
1632 2796 1827 2867 ἐφάνη,

253 2870 306 2921 εί
342 2869 416 2941 μή
437 2872 693 2927 τοσοῦτον
721 2875 916 2931 ἔδωκεν
945 2880 1163 2952 ἔλεγχον
1182 2885 1274 2938 καὶ
1304 2884 1404 2954 τῆς
1427 2886 1591 2939 αὑτοῦ
1618 2887 1709 2940 καὶ
1735 2888 1829 2940 τοῦ

254 2962 617 3028 στρατοπέδου
665 2967 861 3032 παντὸς
897 2971 1206 3042 ἀνανδρίας,
1235 2976 1288 3027 τί
1323 2975 1421 3028 οὐκ
1466 2977 1534 3029 ἂν
1567 2977 1826 3046 ἐποίησε;

251 3047 423 3103 Τοῦτο
449 3053 580 3106 αὐτὸ
611 3056 704 3109 καὶ
737 3057 969 3129 ἀλλαχοῦ
1009 3063 1277 3134 πολλαχοῦ
1306 3066 1397 3118 τὸν
1422 3066 1551 3119 Θεὸν
1575 3067 1828 3120 ποιοῦντα

250 3142 352 3195 ἴδοι
383 3161 468 3206 τις
499 3145 563 3197 ἀν
583 3163 598 3178 ·
639 3149 668 3202 6
709 3150 773 3220 δη
804 3153 898 3204 καὶ
931 3153 1162 3208 ἐνταῦθα
1189 3155 1417 3223 γίνεται.
1466 3157 1682 3226 Ἐπειδὴ
1719 3159 1828 3229 γὰρ

255 3234 436 3303 μέλλει
479 3235 626 3290 λύειν
669 3241 760 3291 τὸν
802 3241 1059 3312 πόλεμον,
1100 3245 1192 3297 καὶ
1233 3246 1590 3299 ἀπαλλάττειν
1631 3249 1828 3311 αὐτοὺς

249 3323 361 3378 τῶν
380 3324 658 3396 λυπηρῶν,
687 3329 875 3400 ἀφίησι
904 3333 1170 3405 πρότερον
1193 3334 1301 3388 τῶν
1325 3336 1509 3390 δεινῶν
1524 3339 1821 3392 αἰσθέσθαι.

266 3413 514 3482 Ἐξέστη
532 3419 657 3487 γάρ,
680 3421 860 3491 φησὶν,
879 3423 916 3490 ἡ
937 3423 1107 3491 ψυχὴ
1123 3426 1330 3489 αὑτοῦ,
1351 3427 1445 3480 καὶ
1470 3427 1508 3494 ἡ
1532 3429 1699 3497 ψυχὴ
1719 3431 1824 3484 τοῦ

251 3504 404 3558 λαοῦ
432 3507 637 3570 αὐτοῦ,
663 3508 736 3560 ὃν
751 3511 970 3576 τρόπον
989 3513 1059 3564 ἐν
1076 3512 1276 3582 δρυμῷ
1300 3513 1486 3578 ξύλον
1502 3516 1620 3570 ὑπὸ
1649 3519 1826 3572 πνεύ-

247 3607 434 3658 ματος
459 3596 749 3662 σαλευθῆ.
787 3598 896 3650 Καὶ
938 3599 1094 3652 τοῦτο
1126 3604 1462 3671 προφητείας
1494 3604 1640 3668 ίδιον,
1678 3606 1738 3658 τὺ
1758 3605 1825 3658 τὰ

253 3681 542 3752 ἀπόρρητα
577 3687 752 3738 αὐτῶν
774 3688 801 3727 b
824 3689 902 3750 είς
948 3690 1112 3757 μέσον
1148 3692 1399 3758 ἀγαγεῖν.
1423 3694 1494 3743 Τὸ
1521 3693 1627 3763 γὰρ
1654 3695 1824 3758 πάθος

257 3769 388 3837 ὑμῖν
418 3773 706 3840 ἐρμηνεύει
735 3775 829 3844 τῆς
869 3778 1092 3830 ἐκάστου
1125 3779 1377 3844 διανοίας,
1408 3782 1500 3833 καὶ
1530 3784 1824 3852 σαφηνείας

253 3859 438 3911 ἕνεκεν
457 3862 547 3914 καὶ
563 3863 739 3916 εἰκόνα
756 3867 1124 3935 προστίθησιν,
1139 3869 1276 3921 ὥστε
1293 3869 1458 3935 δεῖξαι
1471 3873 1567 3939 τὴν
1581 3873 1824 3925 ἐπίτασιν

253 3949 349 4019 τῆς
382 3951 635 4018 ἀγωνίας.
667 3955 942 4026 Διεσείσθη
983 3957 1091 4027 γὰρ
1121 3960 1320 4026 αὐτῶν,
1351 3961 1535 4030 φησὶν,
1576 3964 1608 4031 ἡ
1655 3962 1822 4032 ψυχὴ,

255 4040 557 4111 κατεϐλήθη
592 4043 650 4095 τδ
680 4045 949 4115 φρόνημα,
980 4048 1300 4115 ἀπέγνωσαν
1325 4051 1422 4119 τῆς
1447 4052 1735 4121 σωτηρίας,
1765 4053 1824 4103 ἐν

253 4129 502 4201 ἐσχάτοις
526 4133 767 4202 ἐνόμιζον
793 4133 927 4189 εἶναι
947 4179 960 4201 ,
998 4138 1150 4190 οὑδεν
1197 4141 1428 4208 χρηστὸν
1458 4141 1820 4208 προσεδόκων,

259 4222 484 4285 ἕκαστος
513 4224 613 4275 ὑπὸ
637 4225 744 4277 τῶν
783 4227 994 4280 οἰκείων
1017 4228 1291 4296 λογισμῶν
1326 4230 1706 4299 προδεδομένος
1731 4225 1818 4300 ἦν.

256 4310 322 4364 Τί
360 4309 454 4364 οὖν
487 4314 515 4365 6
545 4313 704 4380 856;;
741 4316 1000 4386 Προλέγει
1041 4320 1142 4389 τὴν
1184 4319 1516 4390 ἀπαλλαγὴν,
1559 4321 1650 4374 καὶ
1702 4322 1822 4373 τότε

255 4401 424 4471 αὐτὴν
448 4405 757 4472 ἐργάζεται,
791 4406 875 4459 ἵνα
899 4409 972 4477 μὴ
997 4407 1143 4478 ἀλλῳ
1179 4410 1283 4462 τινὶ
1310 4411 1632 4478 λογίσωνται
1661 4413 1822 4465 πάλιν

254 4491 352 4560 τὴν
379 4492 475 4561 τῆς
502 4494 704 4558 πόλεως
732 4496 1059 4569 ἐλευθερίαν,
1089 4502 1180 4552 καὶ
1202 4499 1405 4569 πέμπει
1426 4502 1514 4554 τὸν
1538 4504 1822 4573 προφήτην

256 4585 740 4650 πρωναφωνοῦντα
763 4587 831 4641 τά
863 4589 1142 4656 μέλλοντα.
1173 4588 1323 4645 Εῖπε
1359 4597 1485 4663 γὰρ,
1525 4595 1677 4662 φησὶ,
1714 4595 1824 4646 K15-

253 4686 379 4735 ριος
423 4675 570 4738 πρὸς
608 4677 880 4730 Ἡσαΐαν*
908 4681 1150 4744 Ἔξελθε
1186 4685 1272 4747 εὶς
1311 4684 1686 4750 συνάντησιν
1716 4685 1822 4737 τοῦ

263 4761 460 4827 Ἀχαζζ
493 4764 572 4814 σὺ
595 4765 689 4815 καί
719 4769 750 4817 ό
786 4770 1453 4836 καταλειφθείς-Ἰασοὺϐ
1479 4776 1510 4825 ό
1531 4775 1659 4839 υἱός
1683 4789 1817 4837 σου,

259 4857 407 4918 πρὸς
458 4855 872 4921 κολυμϐήθραν
921 4858 1031 4924 τῆς
1072 4860 1292 4915 ἀνόδου
1336 4862 1439 4914 τοῦ
1490 4864 1671 4932 ἀγροῦ
1715 4865 1821 4917 τοῦ

261 4945 549 5014 γναφέως.
588 4947 692 4998 Καὶ
735 4949 884 5014 ἐρεῖς
926 4951 1118 5015 αὐτῷ’
1163 4955 1428 5017 φύλαξαι
1461 4957 1565 5008 τοῦ
1599 4957 1823 5024 ἡσυχά-

260 5053 384 5100 σαι,
416 5036 513 5088 καί
539 5037 623 5105 μὴ
650 5040 852 5105 φοϐοῦ,
878 5041 1033 5108 μηδὲ
1062 5043 1100 5110 ἢ
1129 5045 1297 5111 ψυχή
1327 5061 1439 5098 σου
1466 5047 1786 5098 ἁσθενείτω
1805 5061 1817 5073 ’

254 5128 410 5194 μηδὲ
447 5128 708 5196 φοϐηθῇς
745 5130 859 5181 ἀπὸ
907 5130 1025 5182 τῶν
1073 5132 1181 5184 δύο
1219 5133 1418 5196 ξύλων
1458 5133 1575 5185 τῶν
1621 5135 1823 5187 δαλῶν

262 5217 379 5269 τῶν
412 5220 842 5288 καπνιζομένων
887 5223 1132 5276 τούτων.
1162 5223 1340 5277 Ὅταν
1377 5225 1486 5292 γὰρ
1533 5226 1676 5293 ὀργὴ
1719 5226 1822 5278 τοῦ

264 5311 454 5375 θυμοῦ
475 5329 592 5378 μου
623 5312 885 5380 γένηται,
915 5311 1104 5366 πάλιν
1134 5315 1391 5383 ἰάσομαι.
1426 5315 1489 5366 Τί
1517 5315 1824 5381 ἐστιν,Ἕξ-

265 5403 402 5451 ελθε
422 5403 507 5464 εὶς
536 5401 907 5468 συνάντησιν
929 5417 946 5464 ;
977 5402 1107 5454 Ἀπὸ
1133 5404 1226 5454 τοῦ
1255 5405 1416 5472 φόϐου
1445 5407 1535 5457 καὶ
1561 5406 1657 5475 τῆς
1680 5407 1827 5473 ἀγω-

269 5489 383 5551 νίας
397 5489 490 5558 οὺχ
502 5489 769 5559 ἡσύχαζεν
781 5492 806 5542 6
827 5490 1216 5559 βασιλεὺς,ούδὲ
1235 5493 1483 5565 οἴκοιΓΠ]
1495 5495 1614 5564 μένε
1625 5513 1669 5547 ιν
1685 5495 1826 5563 ἠνεί-

329 5600 352 5627 ⁸
381 5599 473 5647 Hic
503 5611 613 5647 cum
653 5599 830 5648 Savilio
870 5605 988 5663 puto
1021 5601 1288 5664 legendum
1330 5615 1439 5651 esse
1494 5605 1658 5660 ἀφίησι
1697 5606 1826 5663 γενέ-

270 5662 450 5784 fama
468 5719 707 5782 ἀπόρῤητα
746 5720 945 5784 αὐτῶν*
975 5720 1262 5781 Suspicatur
1301 5723 1505 5771 Allcnus
1549 5737 1636 5784 pro
1675 5723 1829 5769 αὐτῶν

278 5779 325 5844 in
344 5795 456 5844 mss:
481 5779 710 5844 scrifgmm
741 5781 894 5829 fuisse
917 5779 1113 5844 ἄνων,ἱᾴ
1156 5792 1233 5844 est.
1251 5785 1521 5844 ἀνθρώπιον.
1552 5779 1665 5830 ’δρᾶ
1712 5790 1827 5842 pulo

275 5842 429 5891 locum
447 5840 575 5889 bene
598 5841 800 5902 habere,
837 5848 890 5892 ει
911 5841 1065 5890 αὐτῶν
1087 5842 1163 5892 hic
1188 5840 1400 5905 intelligi
1435 5840 1731 5893 Judaeorum‘.

1950 468 2136 526 χετοο,
2171 456 2285 511 ἀλλ’
2317 456 2454 526 ὅπερ
2498 453 2618 518 ἔθος
2657 453 2768 518 τοῖς
2803 452 3269 524 πολιορκουμένοις
3302 456 3497 527 ύπομέυ

1947 562 2076 611 νειν,
2103 546 2338 615 συνεχῶς
2365 544 2529 615 ἐξῄει,
2555 543 2625 596 τὰ
2651 543 2803 613 τείχη
2832 543 3197 614 περισκοπῶν,
3225 545 3358 619 πρὸς
3378 548 3499 610 ταῖς

1948 635 2146 698 πύλαις
2173 636 2471 706 γινόμενος,
2499 635 2986 706 περιεργαζόμενος
3005 641 3097 689 καὶ
3117 635 3499 707 πολυπραγμο-

1947 724 2074 790 νῶν,
2107 726 2223 789 πῶς
2255 726 2322 780 τά
2344 725 2452 778 τῶν
2481 723 2748 794 πολεμίων
2779 724 3041 777 διάκειται
3062 724 3376 794 πράγματα.
3400 727 3500 781 Διά

1944 812 2098 866 τοῦτό
2138 829 2328 883 φησιν’
2358 813 2600 876 Ἔξελθε
2632 815 2718 880 είς
2755 811 3148 880 συνάντησιν.
3180 814 3244 867 Τί
3273 814 3328 866 δέ
3359 815 3498 881 ἐστι,

1944 903 2029 956 Σὺ
2070 904 2168 957 καὶ
2209 907 2241 958 d
2271 902 2681 972 καταλειφθεὶς
2713 902 2952 957 ἰασοὺϐ
2985 905 3018 955 ὁ
3055 905 3182 966 υἱός
3209 918 3361 966 00v;
3399 903 3500 958 Ἰα-

1947 993 2077 1044 σοὺϐ
2101 995 2165 1062 τῇ
2201 993 2463 1063 Ἐϐραίων
2497 991 2708 1061 γλώττῃ
2729 992 2764 1060 ἡ
2794 989 3102 1058 ἀναστροφὴ
3132 988 3368 1055 λέγεται,
3403 990 3499 1042 καὶ

1943 1084 1977 1152 ή
2017 1083 2275 1152 διαγωγή.
2323 1083 2421 1137 Διά
2459 1083 2613 1135 τοῦτο
2651 1081 2743 1134 καί⁸
2796 1081 2823 1132 6
2877 1080 3069 1133 Ἰεσσαὶ
3129 1085 3360 1148 πέμπων
3405 1080 3499 1133 τὸν

1943 1172 2106 1226 Δαυῖδ
2128 1173 2299 1241 ἔλεγε·
2325 1173 2432 1227 Καὶ
2459 1173 2525 1226 τὸ
2541 1171 2769 1226 ἰασοὺϐ
2793 1167 2985 1223 αὐτῶν
3015 1169 3205 1238 λήψῃ·
3231 1169 3492 1232 τουτέστι,

1941 1261 2038 1333 τὴν
2070 1263 2409 1333 ἀναστροφήν
2447 1263 2624 1316 αὐτῶν
2676 1259 3003 1330 ἀπαγγελεῖς
3051 1276 3170 1329 μοι,
3201 1261 3294 1313 καὶ
3324 1260 3376 1314 τί
3412 1260 3496 1314 δι-

1944 1348 2075 1418 άγου
2085 1367 2133 1402 σι
2159 1351 2503 1420 πράττοντες.

2011 1440 2080 1507 γ’.
2109 1442 2218 1494 Καὶ
2233 1439 2461 1493 ἐνταῦθα
2483 1439 2679 1502 τοίνυν,
2697 1439 2817 1507 ἐμοὶ
2834 1439 2998 1502 δοκεῖ,
3029 1440 3058 1491 6
3086 1438 3366 1510 προφήτης
3397 1455 3494 1493 κε-

1940 1527 2196 1582 λεύεταιά
2225 1527 2424 1598 πλῆθος
2462 1527 2578 1598 μεθ’
2609 1526 2799 1580 ἐαυτοῦ
2847 1526 3046 1590 λαϐεῖν,
3082 1527 3146 1580 ἵν’
3197 1529 3322 1581 ὅταν
3356 1529 3489 1599 ἐκϐῇ

1939 1620 2007 1674 τά
2037 1619 2400 1690 γεγενημένα,
2436 1618 2510 1690 μὴ
2540 1618 2636 1688 ἔχῃ
2679 1618 3008 1688 ἀγνωμονεῖν
3040 1621 3068 1669 6
3102 1616 3348 1686 βασιλεὺς
3368 1657 3382 1682 ,
3417 1619 3495 1682 ώς

1939 1709 2090 1763 οὐδὲν
2133 1710 2334 1763 τούτων
2378 1707 2630 1778 ἀκηκοὼς
2659 1707 2808 1778 παρὰ
2839 1706 2930 1761 τοῦ
2965 1708 3261 1776 προφήτου.
3300 1709 3363 1760 Ὃ
3399 1704 3494 1760 οὖν

1941 1817 2093 1870 φησι,
2124 1799 2280 1852 τοῦτό
2310 1799 2486 1853 ἐστιν·
2512 1798 2728 1863 Ἔξελθε
2759 1799 2835 1860 είς
2861 1796 3198 1866 συνάντησιν,
3229 1796 3291 1847 σὺ
3318 1797 3409 1848 καὶ
3441 1798 3492 1848 οἱ

1939 1891 2392 1962 ἀναστρεφόμενοι
2446 1890 2582 1960 μετά
2629 1888 2757 1953 σοῦ,
2817 1889 2866 1940 οἱ
2911 1884 3350 1954 καταλειφθέντες
3397 1886 3489 1938 τοῦ

1938 1982 2090 2038 λαοῦ.
2123 1982 2214 2053 Μὴ
2239 1983 2522 2053 θαυμάσῃς
2545 1981 2600 2034 δέ
2623 1982 2670 2034 εί
2697 1980 2809 2032 υίδν
2847 1977 3011 2032 αὐτοῦ
3039 1979 3192 2030 καλεῖ
3219 1977 3306 2029 τὸν
3329 1977 3452 2028 λαόν
3472 1993 3486 2006 ·

1938 2075 2032 2127 καὶ
2061 2075 2170 2142 γὰρ
2200 2073 2401 2142 προϊών
2431 2088 2592 2141 φησιν
2615 2087 2630 2102 ·
2674 2069 2826 2124 Ἰδοὺ
2862 2067 2993 2138 ἐγὼ,
3033 2068 3132 2121 καί
3166 2068 3236 2122 τὰ
3265 2066 3488 2130 παιδία,

1938 2163 1976 2216 ἄ
2002 2180 2100 2231 μοι
2133 2161 2354 2214 ἔδωκεν
2396 2163 2428 2214 ό
2470 2159 2627 2223 Θεός.
2672 2157 2781 2210 Καὶ
2809 2155 2917 2227 γὰρ
2945 2154 3190 2225 πατέρων
3215 2152 3363 2216 τάξιν
3392 2154 3491 2203 ἐπ-

1938 2253 2081 2321 εῖχον
2113 2253 2160 2304 οί
2189 2252 2354 2319 ἆγιοι,
2382 2251 2447 2320 τῇ
2478 2248 2664 2317 ἀγάπῃ
2707 2247 2802 2299 καὶ
2832 2249 2899 2316 τῇ
2940 2242 3229 2315 κηδεμονία
3265 2245 3330 2313 τῇ
3365 2241 3493 2313 περὶ

1936 2343 2026 2394 τὸν
2056 2342 2222 2412 δῆμον
2248 2343 2451 2396 ἐκεῖνον
2487 2339 2693 2399 πάντας
2719 2337 2844 2398 τοὺς
2882 2335 2979 2404 τῆς
3007 2334 3219 2402 φύσεως
3252 2333 3491 2404 ἀποκρύ-

1938 2451 2159 2496 πτοντες
2200 2433 2456 2504 πατέρας.
2501 2430 2972 2498 Καταλειφθέντας
3013 2428 3071 2479 δέ
3112 2445 3272 2497 φησι,
3314 2428 3399 2482 διὰ
3430 2430 3491 2482 τὸ

1937 2519 2162 2581 πολλοὺς
2200 2518 2557 2589 ἀπενηνέχθαι
2587 2518 2688 2570 ὑπὸ
2711 2517 2816 2568 τῶν
2843 2515 3131 2585 πολεμίων.
3158 2516 3252 2568 Ἑν
3275 2515 3346 2585 τῇ
3372 2517 3490 2583 ὀδῷ

1937 2610 2041 2664 τοῦ
2084 2609 2266 2680 άῃοοῦ
2303 2610 2408 2663 τοῦ
2450 2608 2743 2680 γναφέως.
2779 2607 2985 2676 Πολλῆς
3019 2624 3106 2677 μοι
3135 2608 3366 2676 ἀπορίας
3399 2608 3492 2662 καὶ

1936 2701 2092 2754 τοῦτο
2119 2696 2256 2753 εἶναι
2285 2699 2455 2766 δοκεῖ,
2483 2699 2536 2752 ετ
2562 2715 2625 2766 γε
2652 2698 2701 2749 οί
2737 2696 3233 2766 συγκεκλεισμένοι,
3263 2697 3355 2750 καὶ
3392 2713 3492 2749 πο-

1936 2791 2328 2861 λιορκούμενοι,
2370 2790 2461 2844 καὶ
2514 2788 2645 2859 μηδὲ
2695 2787 2966 2858 προκύψαι
3012 2788 3348 2858 τολμῶντες,
3388 2788 3491 2855 ἔξω

1937 2882 2118 2935 πυλῶν
2148 2881 2449 2950 ἐφαίνοντο.
2497 2879 2606 2933 Καὶ
2647 2877 2756 2946 γὰρ
2789 2877 2892 2941 ἔξω
2913 2878 3104 2947 τειχῶν
3135 2879 3168 2947 ή
3196 2879 3312 2940 ὁδὸς
3351 2878 3489 2949 αὕτη

1937 2975 2182 3040 φαίνεται
2239 2970 2333 3023 νῦν
2376 2965 2530 3023 οὖσα.
2574 2967 2670 3030 Τίς
2714 2962 2806 3020 οὖν
2851 2967 2883 3036 ἡ
2931 2966 3082 3029 λύσις
3124 2968 3218 3036 τῆς
3263 2968 3491 3038 ἀπορίας

1934 3067 2167 3134 ταύτης;
2197 3067 2316 3118 Ὅτι
2355 3064 2416 3117 τδ
2448 3062 2673 3116 παλαιὸν
2717 3063 2902 3133 ἕτερον
2951 3063 3336 3131 περιεϐέϐλητο
3379 3066 3492 3116 τεῖ-

1937 3175 2028 3227 χος
2051 3173 2062 3185 ⁸
2095 3157 2184 3209 καὶ
2213 3155 2320 3226 γὰρ
2349 3154 2509 3208 διπλᾶ
2540 3153 2607 3206 τὰ
2634 3153 2786 3224 τείχη
2817 3155 2882 3223 τῇ
2906 3153 3054 3205 πόλει
3083 3148 3151 3224 ἦν
3174 3169 3187 3183 ·
3217 3154 3309 3205 καὶ
3335 3154 3494 3207 τοῦτο

1939 3247 2116 3317 ῥᾴδιον
2146 3245 2203 3310 ἐξ
2234 3245 2417 3314 ἐτέρου
2451 3245 2728 3312 προφήτου
2761 3241 2991 3296 κατιδεῖν
3023 3244 3133 3296 ἐστι
3170 3244 3279 3306 τοῖς
3305 3243 3490 3313 βουλο-

1937 3337 2116 3406 μένοις
2144 3335 2447 3405 προσέχειν.
2489 3331 2745 3396 Ἐξελθὼν
2787 3332 2962 3386 τοίνυν
3012 3332 3288 3401 ἀνίστησιν
3315 3335 3490 3387 αὐτῶν

1933 3427 2001 3480 τά
2030 3427 2346 3496 φρονήματα
2378 3423 2863 3488 καταπεπτωκότα,
2905 3423 2998 3475 καὶ
3029 3423 3236 3476 κελεύει
3273 3425 3492 3494 θαρσεῖν

1934 3517 2071 3586 ὑπὲρ
2103 3515 2210 3568 τῶν
2242 3514 2560 3582 μελλόντων.
2598 3512 2897 3580 Ἦσύχασον
2929 3510 3053 3578 γὰρ,
3102 3512 3252 3579 φησὶ,
3296 3513 3388 3565 καὶ
3415 3515 3489 3582 μὴ

1937 3605 2103 3675 φοϐοῦ
2124 3623 2135 3635 ⁸
2169 3604 2261 3656 καὶ
2282 3602 2471 3665 δαλοὺς
2505 3600 2674 3665 ξύλων
2705 3598 2857 3651 καλεῖ
2890 3599 3012 3661 τοὺς
3041 3598 3310 3667 βασιλέας,
3356 3601 3489 3669 ὁμοῦ

1937 3699 2034 3767 μὲν
2076 3694 2252 3750 αὐτῶν
2292 3694 2354 3746 τὸ
2392 3692 2641 3763 σφοδρὸν,
2672 3689 2806 3761 ὁμοῦ
2845 3690 2935 3742 καὶ
2971 3690 3031 3742 τὸ
3063 3689 3380 3761 εὐχείρωτον
3407 3693 3490 3744 ἐν·

1938 3787 2300 3855 δεικνύμενος.
2329 3784 2441 3837 1ςαῖ¹
2464 3784 2572 3854 γὰρ
2600 3782 2682 3847 τὸ,
2717 3777 3182 3846 Καπνιζομένων,
3225 3780 3310 3832 διὰ
3334 3780 3490 3834 τοῦτο

1934 3877 2284 3947 προστέθεικε
2304 3914 2319 3938 ,
2349 3874 2641 3936 τουτέστιν,
2673 3873 2834 3950 ἐγγὺς
2874 3871 3038 3923 ὄντων
3072 3870 3163 3922 τοῦ
3205 3871 3487 3942 σϐεσθῆναι

1931 3963 2133 4016 λοιπόν.
2166 3959 2302 4016 Εἶτα
2345 3961 2539 4030 δηλῶν,
2580 3958 2654 4019 ὡς
2684 3959 2745 4009 ού
2781 3956 2880 4024 τῆς
2922 3956 3140 4009 ἐκείνων
3177 3959 3485 4029 δυνάμεως,

1932 4055 2066 4108 ἀλλά
2094 4055 2191 4122 τῆς
2220 4052 2380 4104 αὑτοῦ
2431 4049 2823 4119 συγχωρήσεως
2869 4049 2901 4117 ὴ
2952 4047 3130 4116 ἔφοδος
3169 4044 3256 4118 ἦν,
3305 4052 3488 4119 φησιν’

1934 4147 2118 4198 Ὅταν
2156 4143 2264 4213 γὰρ
2308 4140 2450 4210 ὀργὴ
2493 4140 2596 4193 τοῦ
2624 4141 2810 4206 θυμοῦ
2836 4156 2954 4207 μου
3001 4139 3267 4208 γένηται,
3305 4141 3492 4195 πάλιν

1936 4236 2193 4304 ἰάσομαι.
2235 4234 2344 4286 Καὶ
2388 4235 2420 4285 ὁ
2451 4231 2580 4295 υίὸς
2617 4229 2722 4282 τοῦ
2761 4229 2970 4298 Ἀρὰμ,
3013 4230 3109 4282 καί
3153 4233 3186 4283 ὁ
3219 4231 3346 4294 υίὸς
3381 4231 3492 4284 τοῦ

1942 4324 2272 4393 Ῥωμελίου,
2321 4321 2408 4374 ὅτι
2441 4320 2878 4373 ἐϐουλεύσαντο
2910 4319 3152 4384 βουλὴν
3199 4321 3491 4386 πονηρὰν,

1943 4415 2181 4483 Ἐςοραῒμ
2213 4413 2309 4466 καὶ
2352 4415 2384 4464 ὀ
2425 4411 2555 4473 υίὸς
2583 4409 2686 4462 τοῦ
2721 4409 3030 4476 Ῥωμελιόυ
3069 4409 3215 4461 κατὰ
3243 4410 3358 4463 σοῦ
3388 4412 3487 4464 λέ-

1932 4521 2168 4575 γοντες·
2225 4501 2656 4566 Ἀναϐησόμεθα
2718 4500 2805 4562 είς
2850 4497 2961 4564 τὴν
3022 4498 3338 4564 Ἰουδαίαν,
3389 4502 3494 4554 καὶ

1932 4595 2280 4660 κακώσομεν
2336 4589 2528 4654 αὐτὴν
2551 4599 2595 4650 θ,
2646 4587 2743 4639 καὶ
2798 4586 3300 4652 συλλαλήσαντες
3344 4589 3496 4643 ἀπο-

1931 4683 2269 4750 στρέΨομεν
2302 4679 2521 4742 αὐτοὺς
2549 4677 2696 4743 πρὸς
2723 4675 2898 4743 ἡμᾶς,
2922 4675 3017 4728 καὶ
3038 4677 3502 4746 βασιλεύσομεν-

1931 4771 2120 4838 αὐτῆς
2167 4769 2273 4821 τὸν
2313 4767 2444 4821 υίὸν
2485 4765 2723 4828 Ταϐεήλ.
2771 4765 2913 4817 Τάδε
2938 4766 3094 4832 λέγει
3124 4766 3236 4836 [78]
3275 4769 3495 4834 Κύριος

1930 4860 2166 4914 Σαϐαώθ
2187 4877 2198 4888 ·
2224 4859 2303 4911 Οὐ
2331 4857 2414 4926 μὴ
2440 4858 2618 4923 μείνῃ
2655 4856 2690 4922 ὴ
2714 4854 2908 4920 βουλὴ
2936 4855 3103 4920 αὕτη,
3126 4857 3264 4907 οὐδὲ
3293 4857 3483 4910 ἔσται’

1930 4952 2061 5005 ἀλλ’
2104 4953 2141 5017 ἡ
2187 4948 2417 5018 κεφαλὴ
2476 4949 2642 5015 Ἀρὰμ
2677 4945 2985 5013 Δαμασκὸς
3007 4983 3020 5006 ,
3049 4946 3143 4996 καὶ
3179 4947 3215 5012 ὴ
3254 4949 3485 5017 κεφαλὴ

1931 5041 2244 5111 Δαμασκοῦ
2285 5041 2485 5094 Ῥασίν
2509 5039 2550 5091 ί.
2594 5039 2702 5090 Καὶ
2743 5037 2827 5088 ἔτι
2852 5037 3142 5100 ἐξήκοντα
3183 5038 3278 5090 καὶ
3310 5038 3489 5092 πέντε

1929 5133 2053 5198 ἔτη,
2081 5137 2173 5184 καὶ
2203 5131 2468 5197 ἐκλείψει
2505 5129 2541 5193 η
2577 5126 2862 5189 ,ϐασιλεία
2897 5125 3133 5192 Ἐφραῒμ
3161 5126 3274 5178 ἀπὸ
3312 5130 3485 5183 λαοῦ,

1931 5221 2040 5274 Καὶ
2072 5223 2107 5288 ἡ
2139 5219 2368 5288 κεφαλὴ
2418 5217 2655 5285 Ἐφριιῒμ
2696 5216 2988 5283 Σομόρων,
3041 5215 3136 5266 καὶ
3174 5216 3209 5280 η
3255 5220 3488 5286 κεφαλὴ

1941 5312 2216 5379 Σομόρων
2260 5312 2291 5361 ὀ
2326 5308 2452 5370 υίὸς
2487 5303 2590 5357 τοῦ
2631 5304 2955 5371 Ῥωμελίου.
3000 5305 3106 5356 Καὶ
3143 5305 3247 5358 ἐὰν
3282 5307 3365 5374 μὴ
3399 5324 3492 5360 πι.

1934 5402 2251 5464 στεύσητε,
2288 5395 2427 5448 οὐδὲ
2452 5393 2535 5462 μὴ
2568 5391 2811 5458 συνῆτε.
2840 5391 3002 5445 Πάλιν
3028 5393 3055 5444 6
3085 5395 3362 5463 προφήτης
3390 5413 3489 5463 με-

1939 5491 2125 5557 γίστην
2152 5483 2421 5546 ἀπόδειξιν
2464 5482 2756 5550 παρέχεται
2785 5479 2884 5550 τῆς
2910 5483 3257 5550 προφητείας.
3278 5482 3493 5556 Ἐπειδὴ

1997 5602 2020 5662 (ξ
2047 5599 2167 5662 Beg.
2188 5603 2240 5662 ει
2262 5595 2409 5662 Savil_.
2438 5593 2776 5662 uévew‘dxetg,
2799 5592 2957 5662 male._
3054 5649 3083 5662 ﬁ
3153 5651 3161 5660 _

1997 5659 2022 5698 d
2047 5649 2165 5718 Βρὲ.
2195 5659 2220 5704 6
2253 5649 2492 5717 προφήτὴς
2533 5649 2820 5718 κελεύεσθαι,
2860 5660 3011 5700 recte.
3054 5649 3199 5698 Savil.
3231 5658 3284 5699 eL
3315 5649 3472 5704 Morel

1937 5715 2189 5774 κελεύετᾶι,
2217 5715 2489 5775 βρέβεΐδπι,
2517 5722 2570 5760 ιιι
2590 5715 2759 5772 liquet.

2002 5785 2024 5809 θ
2051 5771 2187 5833 Hace;
2204 5771 2282 5822 καὶ
2308 5771 2587 5833 κακώσομεν
2611 5771 2770 5833 αὐτήν,
2793 5785 2887 5822 non
2909 5776 3020 5820 sunt
3039 5771 3086 5819 in
3113 5774 3252 5819 textu
3272 5772 3365 5819 τῶν
3404 5775 3446 5824 Ο
3463 5771 3494 5824 ³,

2005 5840 2022 5878 ἲ
2048 5840 2171 5900 Reg.
2199 5845 2249 5886 el
2273 5838 2420 5887 Savil.
2454 5834 2645 5892 Ῥασήν.
