4058 6216
215 366 283 418 81
1408 353 1475 412 IN
1514 354 1761 421 ISAIAM,
1799 352 1947 411 CAP.
1992 350 2100 408 VII.
3391 358 3464 412 32

214 470 468 543 Ephreim
498 468 776 533 Somoron,
809 477 857 525 et
883 477 1034 540 caput
1061 468 1308 524 Somoron
1342 468 1480 536 ﬁlius
1520 466 1780 522 Romelite.

212 560 279 613 Et
320 560 365 615 si
393 576 493 615 non
532 560 872 626 credideritis,
918 575 1019 613 non
1066 557 1370 628 intelligetis.
1419 556 1621 610 Rursus
1663 570 1785 624 pro—

212 648 373 717 pheta
404 663 649 719 magnum
674 647 966 719 prophetiae.
998 655 1364 717 argumentum
1389 644 1622 700 exhibet.
1654 643 1784 711 Quia

212 740 358 793 enim
411 738 567 792 timor
615 738 732 793 illos
774 737 1110 808 exagitabat,
1155 743 1210 790 et
1254 744 1377 790 ante
1420 734 1601 789 oculos
1650 733 1785 787 mala

213 836 402 890 erant,
438 828 576 883 bona
614 837 788 883 autem
828 828 881 882 in
915 842 1031 897 spe,
1072 825 1627 896 exspectationemque
1669 837 1787 877 om-

214 932 339 971 nem
381 917 707 987 superantia,
757 932 855 973 nec
894 917 1024 972 satis
1059 914 1260 971 creduli
1304 922 1458 971 erant
1497 912 1784 978 auditores,

210 1007 336 1063 vide
380 1009 504 1078 quid
541 1007 717 1063 faciat.
746 1008 845 1063 Dat
870 1008 1080 1077 signum
1121 1005 1408 1060 maximum
1450 1018 1633 1059 eorum
1669 1016 1787 1071 qua:

212 1110 471 1152 eventura
494 1106 666 1162 erant,
686 1097 904 1152 consilia
926 1096 1157 1151 hostium
1178 1095 1232 1149 in
1249 1094 1478 1149 medium
1499 1092 1785 1147 adducens.

217 1186 420 1241 Eorum
452 1201 678 1257 namque
703 1188 935 1241 animum
966 1186 1158 1255 aperit,
1187 1200 1292 1255 quo
1321 1182 1448 1239 moti
1477 1182 1659 1237 urbem
1688 1196 1788 1252 op-

217 1276 546 1347 pugnabant,
576 1285 631 1332 et
676 1278 798 1345 quid
830 1285 1012 1331 mutuo
1048 1276 1337 1345 colloquuti
1366 1282 1572 1337 essent,
1605 1283 1659 1329 et
1684 1288 1789 1344 quo

216 1378 371 1437 pacto
412 1368 544 1422 inito
607 1367 881 1432 redierint,
929 1367 1265 1435 ostenditque
1306 1374 1395 1420 aut
1438 1365 1787 1434 proditionem

214 1470 332 1509 esse
353 1456 403 1510 id
428 1455 567 1524 quod
588 1457 838 1526 agebatur
858 1456 1161 1527 (Colloquuti
1194 1455 1356 1517 enim,
1384 1468 1571 1518 mutuo,
1599 1456 1786 1525 inquit,

215 1563 329 1599 cum
360 1550 503 1617 ipsi',
526 1565 608 1602 eos
636 1558 909 1601 avertemus
930 1548 996 1600 ad
1017 1547 1161 1614 nos);
1189 1555 1280 1601 aut
1308 1546 1469 1600 multa
1491 1548 1787 1616 arrogantia

216 1637 361 1705 ipsos
412 1638 591 1697 ebrios
637 1652 794 1703 esse,
854 1637 1218 1691 existimantes
1269 1650 1336 1691 ne
1374 1636 1535 1689 armis
1577 1635 1787 1705 quidem

218 1728 347 1796 ipsis
375 1742 495 1782 esse
518 1741 671 1793 opus,
704 1741 874 1796 neque
898 1727 1013 1781 acie
1040 1738 1093 1781 et
1118 1725 1386 1790 eontIietu,
1410 1736 1469 1780 ut
1497 1725 1681 1779 urbem
1703 1741 1790 1779 ca-

219 1826 431 1885 perent.
456 1815 597 1870 Satis
617 1824 734 1883 est,
763 1816 1005 1885 inquiunt
1036 1857 1053 1883 ,
1083 1816 1202 1870 siin
1233 1825 1579 1885 conspectum
1604 1815 1786 1868 venia-

218 1923 335 1961 mus
389 1915 446 1963 et
499 1907 910 1977 colloquamur,
952 1915 1005 1962 et
1056 1921 1243 1962 omnes
1311 1908 1365 1961 in
1423 1906 1788 1975 captivitatem

216 1996 541 2051 abducentes
565 1996 917 2053 discedemus.
941 1996 1161 2063 Deinde,
1192 2004 1247 2051 ut
1268 1997 1441 2051 solent
1458 2004 1787 2065 arrogantes,

219 2086 318 2141 hac
342 2101 439 2155 spe
466 2086 627 2141 innati
656 2087 721 2142 de
756 2102 880 2157 rege
907 2085 1278 2142 constituendo
1302 2086 1579 2141 consilium
1612 2086 1792 2141 ineunt

218 2178 366 2246 quasi
390 2178 501 2246 jam
528 2188 678 2247 capta
707 2178 837 2232 urbe
861 2218 875 2244 ,
908 2189 961 2235 et
989 2193 1147 2249 quem
1179 2188 1421 2248 oporteat
1446 2179 1496 2233 in
1527 2187 1793 2247 metropo-

218 2268 309 2322 Iitn
338 2284 519 2339 regem
540 2270 865 2325 constituere
891 2271 1211 2325 consultant.
1260 2271 1335 2324 Eo
1368 2271 1418 2323 in
1451 2278 1589 2324 statu
1622 2285 1707 2324 res
1729 2270 1793 2325 il-

219 2360 396 2414 lorum
428 2370 599 2427 eratut,
626 2361 795 2430 inquit
818 2378 832 2417 :
855 2376 972 2430 qua:
1002 2376 1130 2416 vero
1160 2361 1296 2415 Deus
1322 2360 1641 2415 moliebatur
1679 2362 1795 2416 haec

217 2451 400 2505 omnia
427 2451 494 2506 de
520 2452 697 2507 medio
726 2452 1071 2507 sustulerunt.
1101 2451 1304 2507 Idcirco
1328 2451 1629 2519 subjunxit:
1662 2450 1789 2505 ch

219 2541 341 2593 dicit
368 2540 613 2595 Dominus
640 2558 659 2605 ;
688 2555 857 2611 neque
886 2541 970 2594 hic
994 2542 1160 2607 stetit,
1191 2541 1283 2595 sed
1308 2540 1519 2609 adjecit,
1544 2538 1790 2593 Sabaoth.

221 2630 355 2684 Cum
380 2632 523 2684 enim
544 2630 717 2700 magni
748 2629 1016 2699 quidpiam
1038 2629 1446 2682 annuutiaturus
1468 2637 1569 2694 est,
1600 2637 1790 2697 poten-

223 2722 352 2776 tiam
385 2720 479 2776 Dei
506 2730 785 2785 memorat,
811 2735 1099 2790 supernum
1122 2735 1312 2790 nempe
1341 2735 1561 2789 regnum
1589 2762 1603 2783 ,
1634 2728 1794 2789 atque

223 2811 503 2880 imperium
537 2811 661 2866 illud
698 2826 947 2881 magnum
972 2826 1034 2866 ac
1072 2810 1409 2879 stupendum.
1438 2810 1575 2877 Quid
1620 2810 1795 2877 itaque

223 2904 297 2956 ait
320 2902 505 2957 Deus?
533 2902 654 2955 Non
690 2902 907 2956 manebit
944 2901 1207 2955 consilium
1236 2901 1329 2954 hoc
1351 2917 1506 2971 neque
1545 2901 1638 2955 erit
1663 2916 1681 2955 :
1706 2901 1794 2955 sed

221 3002 377 3061 caput
412 2993 569 3045 Aram
599 2992 896 3046 Damascus.
926 2991 1208 3061 Imperium
1229 2990 1344 3061 ejus
1375 3031 1388 3056 ,
1422 2991 1491 3044 ait
1522 3031 1538 3055 ,
1562 2999 1795 3059 potestas

224 3083 362 3153 ejus,
388 3083 439 3137 in
465 3083 719 3138 Damasco
745 3083 905 3138 stabit
945 3124 959 3148 ,
996 3099 1093 3139 nec
1125 3084 1259 3137 ultra
1290 3082 1672 3151 progredietur.
1726 3080 1794 3134 Et

219 3184 375 3244 caput
409 3173 642 3229 Damasci
668 3175 844 3229 Rasin.
907 3175 968 3228 Et
1017 3175 1259 3243 princeps
1290 3172 1527 3227 Damasci
1557 3212 1574 3235 ,
1606 3171 1792 3239 inquit,

220 3275 384 3335 atque
412 3263 709 3319 dominator
735 3264 894 3318 Rasin
928 3264 1029 3318 erit
1062 3280 1077 3327 ;
1124 3261 1174 3315 id
1214 3269 1329 3328 est,
1381 3261 1432 3315 in
1476 3261 1541 3313 iis
1579 3274 1698 3329 qua:
1726 3258 1793 3313 ad

222 3355 397 3423 ipsum
416 3353 682 3423 pertinent
703 3352 952 3417 manebit,
977 3366 1038 3406 ac
1059 3351 1310 3420 majorem
1326 3349 1423 3404 sibi
1451 3364 1558 3403 non
1583 3348 1795 3417 adjiciet

223 3444 536 3513 potentiam.
574 3441 637 3496 Et
667 3443 831 3496 adhuc
851 3442 1115 3511 sexaginta
1136 3449 1183 3494 et
1207 3441 1424 3509 quinque
1450 3440 1593 3505 anui,
1625 3448 1677 3492 et
1704 3437 1793 3492 de-

223 3534 360 3603 ﬁciet
384 3550 589 3605 regnum
614 3532 860 3603 Ephraim
884 3550 914 3586 a
935 3532 1143 3603 populo.

300 3627 355 3682 4.
383 3626 605 3683 Maxima
627 3626 862 3681 veritatis
889 3624 1295 3682 demonstratio.
1328 3622 1537 3693 quando
1559 3629 1795 3691 tempora

223 3715 519 3787 praedicunt
539 3714 837 3786 prophetae,
865 3728 1049 3768 ansam
1082 3713 1377 3784 prmbentes
1404 3714 1467 3766 iis
1495 3712 1582 3781 qui
1611 3712 1797 3765 volunt

222 3805 535 3876 explorandi
584 3820 702 3861 eum
750 3804 1082 3860 accuratione
1130 3804 1233 3858 vim
1288 3804 1597 3874 prophetiae.
1644 3801 1795 3856 Nunc

222 3896 399 3963 enim,
432 3895 633 3966 inquit,
680 3893 964 3951 abscedent
989 3894 1056 3949 ab
1080 3893 1241 3958 urbe;
1286 3892 1378 3947 sed
1420 3900 1536 3962 post
1564 3891 1797 3962 quinque

222 3997 279 4044 et
309 3987 579 4057 sexaginta
610 4002 777 4041 annos
807 3986 1049 4041 universa
1079 3998 1209 4055 gens
1235 3983 1459 4053 peribit,
1497 3992 1550 4038 et
1576 3996 1794 4052 regnum

223 4078 387 4134 Israel
409 4077 474 4134 de
501 4077 675 4133 medio
701 4076 946 4141 tolletur;
974 4075 1041 4129 ab
1064 4074 1303 4129 hostibus
1328 4073 1604 4141 intercepti
1630 4070 1797 4125 abdu-

222 4176 417 4224 centur
444 4181 649 4222 omnes.
682 4165 832 4221 Nunc
856 4174 1002 4221 certe
1047 4173 1169 4218 ante
1194 4163 1456 4217 excidium
1510 4160 1635 4215 illud
1664 4159 1795 4214 nihil

223 4260 345 4330 plus
390 4257 689 4324 habebunt,
719 4270 876 4326 quam
916 4269 978 4310 ea
1005 4268 1122 4323 qua:
1147 4266 1242 4307 sua
1284 4260 1426 4307 sunt.
1463 4250 1526 4305 Ut
1551 4264 1620 4304 ne
1653 4249 1793 4304 enim

222 4364 321 4406 rex
350 4348 570 4403 audiens
601 4361 692 4402 eos
719 4355 838 4417 post
871 4345 1141 4414 sexaginta
1180 4342 1411 4412 quinque
1448 4353 1614 4394 annos
1669 4353 1794 4407 per-

226 4442 399 4497 ituros
420 4454 559 4504 esse,
579 4438 715 4509 apud
736 4452 795 4494 se
814 4436 1017 4492 diceret
1036 4450 1050 4491 :
1081 4434 1214 4501 Quid
1246 4431 1431 4503 igitur?
1450 4431 1793 4501 si,postquam

225 4544 327 4585 nos
354 4544 492 4585 nunc
520 4529 785 4599 ceperint,
834 4535 959 4581 tunc
1005 4525 1281 4596 peribunt,
1310 4537 1427 4592 quze
1477 4520 1601 4575 hinc
1643 4519 1794 4574 nobis

227 4620 465 4675 utilitas?
488 4619 736 4684 Conﬁde,
777 4618 978 4688 inquit,
1020 4617 1177 4672 etiam
1202 4614 1266 4670 de
1292 4611 1655 4683 praesentibus.
1692 4608 1793 4665 Ca-

222 4711 438 4777 pientur
461 4709 599 4762 enim
627 4718 750 4763 tunc
774 4708 1025 4769 omnino;
1053 4705 1145 4759 sed
1169 4717 1307 4758 nunc
1336 4702 1463 4756 nihil
1491 4702 1607 4770 plus
1638 4699 1796 4753 hahe-

219 4804 360 4856 liunt
378 4841 393 4867 ,
419 4814 575 4870 quam
605 4798 655 4853 id
676 4798 813 4868 quod
836 4797 1051 4851 habent.
1081 4796 1186 4850 Sed
1214 4795 1315 4849 erit
1333 4802 1488 4862 caput
1518 4791 1790 4860 Ephraim,

228 4890 331 4946 hoc
360 4898 441 4944 est
477 4888 659 4943 decem
690 4887 917 4941 tribuum
938 4927 952 4949 ,
984 4883 1217 4940 Samaria
1247 4900 1260 4913 °
1310 4882 1376 4937 ibi
1403 4881 1541 4936 enim
1586 4880 1791 4933 illorum

224 4982 377 5054 regia
416 4989 557 5045 erat;
588 4987 764 5034 etnon
787 4978 1006 5032 ulterius
1036 4973 1382 5036 extendetur;
1415 4980 1468 5025 et
1495 4978 1652 5038 caput
1692 4969 1791 5023 Sa-

225 5077 412 5133 tnarize
440 5089 533 5130 rex
558 5072 738 5129 Israel.
770 5070 919 5139 Quod
946 5071 1013 5125 de
1045 5070 1369 5123 Damasceno
1400 5063 1642 5126 dicebat,
1692 5061 1792 5115 hoc

224 5169 389 5224 etiam
440 5165 528 5221 hic
566 5162 850 5234 signiﬁcat,
900 5177 1089 5230 nempe
1138 5158 1267 5213 nihil
1322 5157 1439 5227 plus
1485 5154 1789 5217 habituros,

226 5269 386 5326 quam
430 5266 569 5308 nunc
608 5251 883 5306 haberent.
932 5248 1167 5314 Deinde,
1218 5245 1340 5316 quia
1381 5243 1540 5298 verba
1589 5241 1795 5295 dixerat

225 5344 515 5401 humanam
541 5342 798 5397 rationem
843 5340 1144 5408 superantia
1166 5378 1180 5403 ,
1211 5345 1265 5391 et
1303 5334 1540 5405 quamvis
1580 5328 1791 5385 ratioci-

223 5435 499 5491 nationutn
530 5432 719 5489 seriem
759 5430 1096 5495 excedentia,
1124 5443 1241 5482 cum
1274 5426 1323 5481 id
1357 5425 1497 5495 quod
1522 5422 1792 5479 dicebatur

220 5523 502 5597 prophetia
527 5530 701 5586 esset,
726 5521 846 5592 jure
870 5518 1098 5589 adjecit:
1130 5516 1244 5571 Nisi
1270 5514 1602 5578 credideritis,
1637 5526 1791 5581 neque

223 5615 533 5686 intelligetis.
561 5612 638 5668 Ne
662 5626 899 5683 quaeras,
932 5608 1129 5686 inquit,
1154 5622 1259 5677 quo
1283 5606 1442 5661 modo
1481 5613 1535 5659 et
1560 5618 1663 5674 qua
1707 5616 1792 5657 ra-

220 5706 370 5762 tione
408 5705 523 5762 btec
549 5702 725 5760 futura
753 5701 857 5761 sint
888 5718 903 5759 :
930 5700 1071 5758 Deus
1108 5699 1249 5756 enim
1278 5705 1359 5754 est
1387 5696 1474 5768 qui
1505 5702 1751 5766 operatur
1770 5732 1784 5759 ,

1888 465 2104 531 solaque
2130 461 2232 517 ﬁde
2264 476 2397 532 opus
2425 462 2517 517 tibi
2539 468 2653 528 est,
2683 469 2735 518 et
2764 460 3021 532 intelliges
3050 462 3319 533 operantis
3347 463 3460 517 vir-

1890 564 2090 621 tutem;
2120 554 2627 609 demonstrationem
2664 570 2875 610 omnem
2904 569 3057 623 supra
3082 553 3341 608 dictorum
3369 570 3458 610 ac-

1889 649 2095 719 cepisti.
2122 648 2247 703 Ideo
2277 647 2438 701 David
2464 647 2719 717 propheta
2748 647 2959 701 dicebat
2988 664 3002 701 :
3032 645 3464 719 Credidi,proptcr

1889 738 2023 807 quod
2051 737 2286 805 loquutus
2305 753 2414 790 sum
2440 737 2609 806 (Psal.
2639 738 2760 793 115.
2791 737 2901 806 ιο).
2932 736 3000 791 Et
3024 736 3220 791 Paulus
3247 736 3344 789 hac
3371 753 3459 791 ar-

1891 834 2038 894 repta
2061 825 2310 892 dictione,
2326 841 2357 881 e
2377 841 2434 880 re
2452 826 2592 880 illam
2614 825 2680 881 ad
2708 840 2794 881 res
2810 827 3037 895 majores
3058 826 3217 880 traxit
3234 825 3417 880 dicens
3440 843 3455 880 :

1894 914 2145 970 Habentes
2174 925 2339 970 autem
2379 917 2607 971 eumdem
2638 917 2884 985 Spiritum
2927 916 3079 986 ﬁdei,
3100 917 3372 971 secundum
3406 915 3462 969 id

1889 1009 2023 1077 quod
2042 1008 2278 1076 scriptum
2304 1016 2394 1073 est,
2423 1007 2659 1073 Credidi,
2682 1017 2883 1077 propter
2906 1008 3039 1077 quod
3066 1006 3298 1078 loquutus
3325 1020 3457 1070 sum,

1892 1106 1938 1149 et
1958 1112 2049 1151 nos
2091 1098 2356 1161 credimus,
2387 1106 2592 1167 propter
2619 1097 2753 1166 quod
2779 1106 2827 1150 et
2868 1095 3113 1166 loquimur
3138 1094 3218 1165 (2.
3257 1094 3375 1149 Cor.
3402 1094 3459 1149 ι.

1894 1184 2006 1251 15).
2028 1185 2158 1240 Nam
2184 1186 2227 1240 si
2253 1194 2431 1240 vetera
2461 1184 2564 1239 lide
2604 1199 2736 1255 Opus
2777 1184 3074 1246 habebant,
3106 1200 3223 1253 quae
3256 1192 3460 1239 tantum

1891 1276 2087 1332 distant
2109 1276 2176 1331 ab
2200 1276 2263 1330 iis
2292 1290 2408 1345 quae
2434 1276 2485 1329 in
2511 1290 2646 1329 nova
2673 1277 2789 1345 lege
2814 1284 2970 1341 sunt,
3001 1286 3249 1345 quantum
3269 1276 3460 1330 emtum

1891 1383 1921 1421 a
1945 1376 2080 1422 terra
2102 1405 2117 1432 ,
2157 1367 2323 1420 multo
2364 1365 2531 1435 magis
2562 1374 2666 1419 tam
2704 1365 3006 1419 sublimium
3041 1364 3344 1435 dogmatum
3368 1379 3462 1419 co-

1890 1458 2078 1526 gnitio,
2109 1471 2226 1525 quae
2258 1456 2308 1509 in
2338 1455 2533 1509 nullius
2561 1470 2808 1523 umquam
2834 1464 3063 1510 mentem
3092 1463 3367 1510 venerunt.
3404 1454 3460 1509 ΙιΙ

1892 1546 2032 1615 quod
2052 1557 2105 1601 et
2131 1546 2243 1615 ipse
2277 1544 2578 1615 signiﬁcans
2612 1546 2857 1600 dicebat:
2890 1546 3017 1613 Quae
3041 1546 3218 1600 oculus
3255 1562 3355 1599 non
3382 1547 3460 1599 vi-

1891 1640 1998 1701 dit,
2030 1646 2073 1691 et
2093 1639 2232 1691 auris
2260 1655 2360 1692 non
2404 1637 2623 1703 audivit,
2651 1647 2695 1689 et
2720 1638 2770 1690 in
2799 1653 2885 1690 cor
2911 1638 3126 1691 hominis
3164 1654 3264 1690 non
3288 1653 3464 1691 ascen-

1892 1732 2104 1797 derunt,
2135 1748 2246 1797 qute
2276 1730 2576 1801 prwparavit
2599 1728 2733 1783 Deus
2754 1729 3074 1800 diligentibus
3094 1744 3147 1781 se
3174 1728 3221 1797 (Ι
3236 1766 3249 1779 .
3265 1727 3385 1782 Cor.
3404 1727 3461 1780 2.

1893 1822 1969 1889 9).
2004 1822 2089 1875 10.
2121 1821 2185 1874 Et
2209 1823 2390 1891 adjecit
2422 1822 2665 1875 Dominus
2693 1821 2827 1889 loqui
2854 1819 2921 1871 ad
2945 1820 3113 1871 Acha:
3132 1818 3341 1871 dicens:
3372 1818 3461 1872 ll.

1896 1912 2017 1965 Pete
2044 1912 2129 1965 tibi
2156 1912 2353 1982 signum
2371 1929 2403 1964 a
2434 1911 2650 1964 Domino
2680 1910 2783 1964 Deo
2812 1920 2897 1963 tuo
2923 1910 2975 1961 in
2997 1908 3303 1978 profundum
3323 1946 3338 1969 ,
3363 1906 3465 1961 sive

1892 2005 1942 2057 in
1962 2004 2225 2058 excelsum.
2248 2003 2332 2057 12.
2378 2002 2445 2056 Et
2489 2002 2616 2055 dixit
2656 2001 2860 2053 Achaz:
2891 1998 3012 2053 Non
3051 2007 3245 2068 petam,
3277 2007 3325 2050 et
3364 2012 3465 2050 non

1894 2097 2090 2151 tentabo
2118 2096 2413 2150 Dominum.
2466 2097 2549 2151 I3.
2598 2094 2662 2148 Et
2685 2094 2809 2149 dixit
2846 2093 3013 2148 Isaias
3041 2108 3060 2146 :
3088 2091 3269 2146 Audite
3309 2106 3459 2161 ergo,

1894 2190 2069 2242 domus
2108 2186 2273 2241 David
2305 2200 2325 2240 :
2351 2184 2611 2255 Numquid
2640 2200 2818 2255 parum
2856 2182 2992 2236 vobis
3018 2190 3110 2247 est,
3142 2196 3350 2251 agonem
3372 2195 3464 2234 ea:-

1895 2278 2060 2332 hibere
2087 2277 2408 2331 hominibus?
2452 2274 2512 2328 Et
2541 2291 2630 2327 cur
2672 2273 2889 2327 Domino
2936 2270 3174 2325 exhibetis
3214 2268 3465 2338 agonem!

1895 2369 1981 2423 M.
2016 2367 2229 2437 PrOpter
2257 2367 2348 2420 hoc
2368 2365 2505 2417 dabit
2533 2364 2775 2416 Dominus
2804 2364 2908 2431 ipse
2933 2361 3066 2415 vobis
3086 2361 3301 2430 signum.
3332 2356 3465 2410 Ecce

1894 2461 2032 2529 virgo
2058 2460 2109 2512 in
2152 2467 2292 2510 utero
2330 2456 2539 2523 accipiet
2563 2464 2608 2507 et
2653 2454 2813 2522 pariet
2864 2453 3023 2519 ﬁlium
3056 2465 3074 2502 :
3103 2459 3150 2502 et
3178 2447 3462 2501 vocabunt‘

1895 2564 2073 2601 nomen
2098 2547 2206 2616 ejus
2233 2544 2553 2598 Emmanuel.
2593 2543 2750 2597 Multa
2780 2541 2867 2594 Dei
2898 2538 3220 2608 indulgentia
3239 2577 3255 2603 ,
3290 2536 3464 2606 ingra-

1896 2640 2127 2693 tissimus
2173 2645 2254 2691 est
2280 2635 2418 2705 regis
2453 2634 2682 2688 animus.
2710 2630 2996 2699 Oportebat
3031 2630 3173 2684 enim
3217 2642 3463 2681 eumtau-

1896 2729 2006 2783 dito
2035 2726 2288 2797 propheta
2308 2767 2322 2788 ,
2351 2724 2417 2778 de
2456 2723 2609 2777 dictis
2637 2721 2763 2776 nihil
2789 2720 3028 2774 dubitare
3058 2735 3072 2773 :
3101 2715 3243 2787 quod
3280 2716 3326 2771 si
3368 2715 3464 2771 du-

1896 2818 2128 2883 bitabat,
2168 2816 2353 2872 saltem
2394 2815 2505 2868 viso
2549 2813 2699 2882 signo
2735 2811 2952 2866 credere
2976 2851 2991 2877 ,
3032 2808 3172 2879 quod
3225 2806 3464 2876 plerique

1896 2909 2030 2979 apud
2053 2908 2264 2963 Judmos
2311 2905 2565 2959 iecerunt.
2596 2903 2802 2957 Etenim
2856 2902 2993 2955 Deus
3038 2899 3295 2969 benignus
3340 2912 3463 2953 cum

1896 3004 1998 3068 sit,
2028 3016 2133 3054 non
2168 2998 2429 3055 recusavit
2461 3010 2605 3064 saepe
2633 2995 2779 3064 signa
2823 2993 3061 3063 prmbere
3112 2989 3463 3047 crassioribus

1895 3100 1949 3146 et
1971 3089 2114 3143 humi
2164 3086 2469 3157 repentibus
2519 3094 2777 3152 ternaque
2805 3082 2976 3136 aﬂlxis
3021 3096 3036 3135 :
3090 3089 3147 3134 ut
3196 3078 3319 3134 fecit
3359 3078 3463 3134 (3e-

1895 3180 2052 3235 deoni
2105 3178 2202 3248 (a).
2252 3177 2384 3231 Cum
2432 3174 2572 3229 enim
2618 3172 2844 3243 (Achaz)
2896 3177 3039 3225 esset
3080 3169 3371 3238 imperitior
3408 3178 3463 3223 et

1895 3267 2177 3323 admodum
2218 3265 2397 3329 rudis,
2429 3263 2549 3318 vide
2590 3276 2694 3332 quo
2741 3262 2879 3315 Deus
2922 3274 2978 3314 se
3007 3258 3295 3314 demiserit.
3346 3256 3463 3327 Ipse

1896 3361 2041 3416 illum
2068 3358 2313 3422 attrahit,
2341 3366 2393 3413 et
2420 3356 2659 3409 hortatur
2687 3365 2745 3408 ut
2773 3353 2979 3423 signum
3011 3359 3151 3420 petat
3180 3372 3193 3406 :
3226 3351 3323 3406 etsi
3355 3365 3460 3403 non

1898 3471 2115 3527 parvum
2155 3454 2255 3509 hoc
2283 3454 2487 3523 signum
2513 3460 2628 3505 erat
2646 3490 2661 3514 ,
2686 3448 2799 3517 ejus
2829 3462 3017 3501 arcana
3045 3444 3289 3515 prodere,
3317 3444 3464 3513 ejus—

1897 3561 2001 3617 que
2043 3544 2357 3600 sententiam
2388 3551 2550 3595 totam
2581 3540 2631 3594 in
2683 3537 2913 3593 medium
2948 3534 3273 3605 producere,
3312 3543 3366 3588 et
3394 3533 3466 3587 si-

1898 3635 2240 3691 mulationem
2284 3632 2398 3701 ejus
2437 3645 2647 3685 omnetn
2678 3628 2946 3697 detegere.
2997 3624 3128 3692 Quia
3157 3623 3298 3678 enim
3344 3636 3466 3689 pro-

1900 3724 2055 3795 pheta
2083 3722 2312 3786 dieebat,
2342 3720 2461 3774 Pete
2480 3719 2565 3772 tibi
2583 3721 2801 3789 signant,
2828 3716 2916 3770 ille
2936 3728 3063 3768 vero
3094 3727 3151 3767 se
3180 3710 3465 3765 admodum

1897 3814 2116 3871 credere
2145 3811 2398 3867 simulans
2426 3800 2929 3878 respondebat,Non
2950 3811 3133 3871 petant,
3166 3808 3329 3853 etnon
3359 3807 3467 3851 ten—

1898 3904 2013 3959 tabo
2041 3901 2332 3963 Dominum,
2363 3897 2480 3952 vide
2497 3911 2618 3951 eum
2635 3900 2829 3963 quanta
2849 3888 3179 3945 vehementia
3207 3886 3464 3957 propheta

1897 3993 2186 4049 sectionem
2230 3987 2423 4057 inﬂigat
2448 4026 2463 4053 ,
2492 3985 2611 4054 jure
2640 3990 2759 4052 post
2782 3980 3195 4034 demonstratam
3245 3975 3468 4031 simula-

1897 4082 2091 4137 tionem
2136 4077 2342 4147 gravius
2382 4076 2645 4129 intentans
2670 4070 2891 4125 crimen.
2919 4066 3043 4121 Ideo
3084 4066 3229 4120 illum
3272 4080 3340 4119 ne
3379 4080 3467 4118 re-

1896 4171 2180 4241 sponsione
2196 4167 2403 4237 quidem
2420 4165 2685 4235 dignatur,
2708 4160 2798 4216 sed
2820 4159 2883 4214 ad
2902 4158 3153 4230 populum
3168 4171 3468 4213 sermonem

1896 4259 2156 4317 convertit
2188 4276 2200 4312 :
2232 4256 2614 4316 Audite,domus
2644 4252 2845 4305 David:
2878 4248 3140 4316 Numquid
3170 4262 3351 4315 parum
3374 4261 3464 4297 vo-

1898 4352 1969 4406 bis
1998 4360 2101 4415 est,
2143 4363 2351 4418 agonem
2392 4345 2610 4415 prcebere
2648 4339 2968 4395 hominibus?
3006 4335 3074 4389 Et
3120 4351 3207 4386 cur
3248 4332 3468 4386 Domino

1896 4457 2103 4512 agonem
2130 4438 2394 4509 prabetis?
2420 4435 2710 4491 Obscurum
2736 4440 2817 4485 est
2843 4429 2894 4482 id
2923 4426 3063 4497 quod
3084 4425 3277 4479 dicitur
3304 4440 3317 4476 :
3347 4424 3468 4477 ideo

1896 4532 2094 4586 dictum
2124 4529 2251 4583 illud
2298 4532 2542 4581 accurate
2571 4534 2651 4576 est
2699 4518 3093 4587 explicandum.
3125 4513 3277 4582 Quod
3324 4513 3468 4567 enim

1895 4623 2049 4685 dicit,
2076 4621 2176 4673 hoc
2199 4630 2279 4673 eSt
2310 4634 2324 4672 :
2348 4616 2480 4670 Num
2512 4627 2628 4667 mea
2656 4611 2814 4666 verba
2842 4608 3005 4664 sunt?
3034 4621 3159 4661 num
3186 4620 3303 4659 mea
3342 4619 3469 4659 sen-

1898 4710 2095 4767 tentia?
2132 4708 2187 4764 Si
2223 4716 2399 4763 autem
2444 4703 2747 4760 hominibus
2772 4715 2877 4755 non
2921 4698 3141 4753 credere
3166 4696 3281 4750 sine
3310 4710 3469 4750 causa

1893 4816 2052 4872 grave
2080 4808 2131 4855 et
2154 4796 2520 4854 criminatione
2562 4794 2777 4864 dignum
2805 4800 2916 4856 est,
2946 4789 3111 4843 multo
3137 4787 3302 4855 magis
3334 4785 3464 4839 Deo.

1895 4894 2027 4951 Illud
2059 4894 2237 4964 igitur,
2264 4904 2487 4961 agonem
2534 4888 2808 4957 praebere,
2848 4883 2978 4938 nihil
3007 4878 3147 4934 aliud
3176 4884 3259 4932 est
3305 4889 3465 4964 quam

1896 4988 2053 5043 (idem
2082 4963 2292 5054 negare.
2325 4982 2468 5046 Hoc,
2497 4979 2699 5049 inquit,
2724 4990 2847 5030 num
2877 4986 3095 5042 parvum
3127 4968 3327 5022 crimen
3348 4963 3465 5020 est?

1894 5096 1959 5133 an
1993 5094 2145 5148 parva
2168 5072 2548 5131 criminationis
2574 5082 2730 5125 causa
2757 5064 3057 5119 hominibus
3075 5075 3178 5115 non
3204 5054 3468 5114 credere?

1897 5169 2047 5236 Quod
2074 5169 2117 5223 si
2146 5169 2244 5224 hoc
2269 5181 2455 5239 grave,
2487 5161 2651 5217 multo
2684 5155 2850 5225 magis
2880 5168 2985 5209 non
3006 5150 3226 5207 credere
3258 5149 3389 5205 Deo.

1958 5310 1973 5340 ³
2013 5306 2070 5355 In
2086 5304 2245 5354 Bibliis
2267 5303 2463 5364 legitur,
2485 5302 2531 5347 et
2551 5292 2753 5345 vocabis.

1958 5390 2029 5450 (a)
2063 5390 2144 5437 Hic
2166 5387 2357 5435 omnino
2395 5388 2615 5443 putamus
2658 5374 2835 5450 aliquid
2854 5366 3465 5450 deshlerarh‘ﬂslmlprnin:

1896 5429 2514 5504 intit'iiu-videntures'qua:
2544 5429 2813 5501 sequuntur
2844 5435 2926 5504 de
2952 5429 3321 5504 gedeonedifij
3354 5437 3465 5504 εἶρξε

1893 5492 2593 5561 ismend'ewhehaiovdic'untur.
2619 5492 2785 5561 neque
2807 5492 3333 5561 solet_(1hrysostomus,
3352 5499 3463 5561 cum

1894 5553 2293 5632 é‘iéafpia'mm.
2319 5572 2372 5613 ut
2392 5564 2470 5611 hic
2489 5553 2728 5610 Gedeonis
2760 5553 3066 5629 exemplum,
3077 5553 3147 5600 sic
3175 5553 3336 5657 [tauris
3356 5560 3465 5618 rem

1894 5630 2145 5657 ,πωπω-ο
2196 5625 2327 5657 ...ιιιη
2356 5624 2467 5657 (iam
2509 5624 2649 5657 :irrnn
2676 5620 2920 5657 indu-mm
2950 5612 3077 5657 tmod
3110 5623 3173 5657 ve
3228 5607 3375 5657 quale
3396 5617 3462 5657 stt

1892 5607 2467 5686 iitéiii'éieﬁiiio‘aiié
2499 5607 2649 5685 gigas
2676 5607 2925 5671 iudicante
2950 5607 3077 5676 quod
3110 5607 3191 5660 vel
3228 5607 3375 5672 quale
3396 5611 3462 5659 sit

1895 5693 2010 5745 illud
2037 5688 2330 5752 exemplum.
