4058 6216
608 366 680 421 83
1317 357 1372 413 8.
1410 350 1687 411 JOANNIS
1723 343 2188 408 CHRYSOSTOMI
2227 341 2545 400 ARCHIEP.
2584 341 3115 403 CONSTANTINOP.
3812 360 3885 413 84

677 475 732 530 5.
774 475 886 528 lloc
931 486 1091 544 porro
1137 468 1364 536 dicebat,
1396 476 1454 521 ut
1499 466 1766 520 discerent
1814 475 2019 523 omnes,
2053 473 2180 528 pro—

605 567 821 637 phetam
848 563 1018 634 decipi
1048 577 1153 617 non
1182 575 1359 631 posse,
1388 573 1486 614 nec
1529 573 1559 611 a
1601 554 1796 620 verbis,
1819 567 1938 622 quas
1981 549 2183 620 prolata

603 660 835 726 fuerant,
888 659 1168 726 deceptum
1214 670 1354 721 esse,
1385 652 1478 708 sed
1529 651 1596 706 ab
1639 650 1721 710 iis,
1753 661 1870 716 quas
1910 644 1961 698 in
2007 651 2184 697 mente

603 750 802 805 Acbari
851 757 1030 813 erant,
1067 746 1270 802 ferebat
1314 742 1652 800 sententiam.
1683 738 1794 792 Hoc
1836 745 1889 791 et
1911 735 2183 789 Christum

602 855 746 908 saepe
784 838 974 894 fecisse
1005 838 1056 891 in
1087 840 1380 907 Evangenn'
1414 833 1624 904 legitur.
1654 829 1806 884 Prius
1843 827 1983 882 enim
2026 838 2182 895 quam

603 929 1111 986 demonstrationem
1159 942 1223 981 ex
1279 925 1442 994 sxgnis
1489 919 1772 992 praeberet,
1802 915 2054 971 malitiam
2087 914 2183 969 Ju-

601 1020 864 1086 darorum,
892 1035 1049 1089 quam
1091 1027 1267 1071 mente
1302 1014 1606 1076 versabant,
1647 1011 1700 1064 in
1732 1008 1962 1063 medium
2003 1005 2179 1076 proie-

601 1124 744 1173 rens,
781 1109 881 1163 hoc
907 1108 1017 1177 jam
1061 1122 1167 1160 non
1209 1119 1426 1173 parvum
1457 1104 1664 1172 signum
1701 1098 1930 1153 edebat:
1972 1103 2032 1149 ut
2061 1095 2183 1149 fecit

601 1200 740 1253 circa
771 1199 1141 1269 paralyticum.
1185 1195 1317 1250 Cum
1350 1193 1492 1249 enim
1541 1191 1617 1246 illi
1656 1189 1874 1243 dixisset
1903 1202 1917 1240 :
1948 1184 2177 1252 Con/ide,

601 1290 698 1357 fili,
719 1290 1038 1342 dimittuntur
1067 1285 1155 1340 tibi
1182 1295 1405 1356 peccata,
1432 1283 1636 1353 ipsique
1653 1279 1892 1334 dicerent
1913 1277 1962 1330 in
1987 1282 2182 1330 semct-

604 1383 754 1450 ipsis,
802 1380 1127 1449 Blasphemat
1158 1376 1367 1446 (Matth.
1397 1376 1452 1431 9.
1481 1373 1536 1428 2.
1569 1373 1622 1437 5)
1659 1390 1671 1425 :
1714 1369 1846 1424 dixit
1873 1368 1974 1423 illis
2005 1367 2181 1436 prius-

600 1487 757 1541 quam
789 1471 1140 1542 paralyticum
1172 1468 1449 1522 roboraret
1479 1485 1491 1520 :
1537 1461 1674 1532 Quid
1700 1459 1930 1532 cogitatis
1958 1459 2094 1512 ntala
2129 1458 2182 1511 in

601 1561 835 1614 cordibus
862 1561 1033 1613 vestris
1060 1557 1221 1629 (Ibid.
1252 1574 1298 1610 υ.
1323 1557 1418 1626 6)?
1467 1554 1752 1609 maximum
1796 1551 1897 1606 hoc
1940 1547 2182 1619 praebens

600 1650 893 1705 divinitatis
920 1649 1192 1716 indicium,
1230 1647 1370 1718 quod
1399 1659 1588 1701 arcana
1634 1642 1828 1698 mentis
1871 1646 2072 1695 nosset.
2107 1636 2183 1692 Tu

599 1740 756 1806 enim,
788 1739 977 1810 inquit,
1023 1739 1156 1793 nosti
1197 1738 1351 1792 corda
1396 1738 1532 1792 solus
1583 1735 1657 1806 (5.
1688 1733 1816 1804 Reg.
1864 1731 1916 1786 8.
1969 1729 2086 1801 59).
2116 1728 2184 1782 Et

602 1831 767 1887 David
790 1845 973 1886 rursus
992 1831 1095 1885 ait‘
1123 1849 1136 1885 :
1163 1830 1406 1886 Scrutans
1432 1827 1588 1883 corda
1609 1836 1655 1882 et
1676 1842 1816 1881 renes
1844 1824 1978 1880 Deus
2006 1822 2179 1892 (Psat.

601 1920 656 1974 7.
682 1921 791 1993 10).
819 1921 933 1976 Hoc
961 1921 1124 1976 etiam
1153 1920 1424 1991 prophetis
1451 1932 1593 1988 saepe
1621 1916 1781 1972 dabat
1806 1916 1946 1970 Dens
1974 1923 2034 1969 ut
2059 1929 2182 1968 nos-

599 2021 720 2067 sent
744 2053 760 2078 ,
793 2021 853 2068 ut
877 2013 964 2082 qui
997 2011 1284 2068 audiebant
1329 2011 1452 2066 hinc
1479 2009 1797 2076 ediscerent,
1835 2006 1966 2061 nihil
1994 2021 2178 2062 eorum

598 2110 718 2173 Qum
761 2103 1066 2158 dicebantur
1115 2105 1401 2158 humanum
1431 2117 1572 2167 esse,
1600 2099 1693 2156 sed
1739 2113 1968 2170 superne
2011 2105 2066 2153 et
2113 2099 2180 2154 de

598 2194 742 2248 ctelis
770 2209 931 2249 omne
960 2194 1234 2249 decretum
1282 2210 1401 2249 esse
1439 2193 1693 2248 delatum.
1735 2190 1859 2245 Ideo
1905 2190 2179 2244 vocalissi-

601 2299 720 2339 mus
749 2283 834 2340 bie
875 2285 1038 2339 Isaias
1065 2293 1344 2355 postquam
1375 2299 1498 2339 cum
1524 2281 1668 2336 omni
1696 2279 2058 2335 moderatione
2097 2294 2181 2334 re-

597 2390 718 2446 gem
762 2383 878 2430 erat
901 2375 1225 2445 alloquutus,
1251 2388 1477 2443 eumque
1505 2388 1534 2426 a
1563 2372 1715 2426 malis
1757 2371 2092 2432 liberaverat,
2117 2385 2179 2424 ac

598 2468 667 2522 de
699 2469 1049 2538 praesentibus
1076 2466 1347 2523 conlidere
1363 2467 1614 2536 jusserat,
1652 2473 1704 2518 et
1740 2465 1930 2519 indicia
1957 2464 2179 2533 hujusce

599 2559 676 2612 rei
708 2559 807 2628 ipsi
838 2559 1173 2628 prmbuisset,
1205 2558 1343 2628 quod
1372 2557 1651 2612 consilium
1683 2570 1739 2610 se
1767 2556 2178 2626 oppugnantium

597 2648 700 2717 ipsi
743 2651 1064 2719 aperuisset,
1097 2650 1450 2718 proditionem
1479 2648 1784 2713 detexisset,
1813 2647 2180 2716 excidiumque

599 2738 862 2808 integrum
889 2738 1103 2794 lsraelis
1138 2737 1486 2809 prmdixisset,
1518 2745 1572 2792 et
1613 2746 1821 2805 tempus
1856 2736 2174 2804 adjecissct:

601 2826 684 2882 bis
713 2845 816 2882 non
840 2837 1143 2893 contentus,
1167 2827 1392 2883 ulterius
1419 2825 1770 2898 progreditur,
1791 2842 1961 2895 neque
1986 2826 2179 2880 insistit

601 2929 660 2974 ut
688 2922 895 2991 signum
937 2921 1190 2991 postulet,
1221 2920 1512 2987 sedilium,
1542 2919 1611 2975 ob
1644 2920 1862 2974 nimiam
1895 2919 2178 2974 increduli-

601 3022 764 3068 tatem
811 3014 860 3068 id
911 3015 1205 3079 nolentem,
1236 3014 1503 3078 hortatur;
1550 3025 1722 3081 neque
1763 3010 1816 3065 id
1846 3011 2175 3080 simpliciter,

597 3107 695 3160 sed
747 3106 968 3161 liberam
1019 3115 1332 3176 potestatem
1386 3106 1594 3175 signum
1635 3103 1862 3174 eligendi
1908 3102 2174 3173 relinquit.

602 3196 786 3265 Neque
831 3197 972 3250 enim
1020 3197 1174 3266 dicit,
1197 3197 1302 3252 hoc
1332 3195 1415 3250 vel
1467 3193 1592 3250 illud
1623 3194 1850 3263 signum,
1879 3193 1972 3248 sed
2003 3201 2059 3248 ut
2086 3209 2180 3249 vo-

599 3287 796 3352 lueris,
841 3288 949 3353 ait;
1000 3287 1149 3342 dives
1175 3297 1262 3344 est
1303 3287 1574 3354 Dominus,
1609 3287 1944 3355 omnipotens
1989 3287 2176 3354 virtus,

601 3375 887 3430 ineﬂ'abilis
914 3385 1172 3445 potestas.
1205 3375 1259 3428 Si
1285 3391 1350 3428 ex
1377 3376 1523 3429 etelis
1564 3375 1812 3439 volueris,
1847 3375 1973 3428 nihil
2014 3376 2180 3445 impe-

597 3464 716 3529 dit;
763 3465 807 3518 si
857 3480 921 3519 ex
956 3473 1115 3530 terra,
1145 3463 1273 3518 nihil
1322 3464 1584 3532 prohibet.
1632 3463 1686 3517 ld
1731 3465 1872 3518 enim
1921 3464 2020 3518 sibi
2069 3466 2181 3519 vult

598 3557 750 3622 illud,
780 3556 844 3610 In
867 3558 1195 3627 profundum,
1228 3566 1315 3609 aut
1344 3559 1395 3610 in
1425 3557 1692 3610 excelsum.
1724 3555 1853 3610 Cum
1879 3564 2054 3610 autem
2083 3570 2179 3610 nec

598 3648 678 3701 sit:
722 3663 843 3702 eum
898 3648 1198 3713 adduxerit,
1228 3664 1295 3702 ne
1344 3647 1429 3702 hie
1477 3646 1688 3717 quidem
1741 3646 1920 3709 tacuit,
1949 3645 2044 3700 sed
2089 3660 2177 3700 re-

603 3736 958 3805 prehensione
986 3737 1284 3806 subjuncta,
1316 3736 1472 3806 idque
1513 3735 1577 3791 ad
1617 3735 2038 3791 emendationem
2086 3749 2179 3789 au-

599 3829 883 3892 dientis,ct
909 3837 964 3882 ut
989 3829 1293 3883 ostenderet
1315 3844 1371 3883 se
1399 3843 1502 3883 non
1531 3827 1673 3883 illum
1696 3827 1984 3898 decepisse,
2007 3841 2179 3897 neque

599 3920 1017 3974 circumvenisse
1045 3919 1245 3986 verbis,
1293 3919 1622 3990 prophetiam
1665 3920 1866 3974 revelat
1911 3932 2173 3985 arcanam,

599 4011 650 4062 in
678 4010 905 4064 salutem
927 4009 1071 4064 orbis
1095 4009 1343 4077 futuram,
1369 4019 1421 4065 et
1450 4011 1502 4064 in
1531 4025 1708 4064 rerum
1739 4010 1973 4064 omnium
2000 4023 2179 4064 emen-

599 4100 872 4154 dationem
899 4119 910 4153 :
941 4102 1118 4168 aitque
1148 4101 1355 4170 signum
1394 4117 1498 4156 non
1523 4100 1773 4171 deinceps
1804 4100 1915 4155 dari
1945 4102 2177 4165 Aehazo,

598 4190 690 4244 sed
721 4189 816 4244 toti
863 4189 1169 4243 Judaeorum
1207 4190 1419 4258 populo.
1456 4190 1608 4246 initio
1631 4191 1769 4245 enim
1802 4191 1971 4260 ipsum
2002 4206 2178 4261 regem

599 4276 1001 4349 alloquebatur;
1052 4282 1171 4349 quia
1217 4297 1343 4334 vero
1384 4295 1441 4334 se
1485 4282 1596 4349 ipse
1627 4281 1896 4351 indignum
1928 4281 2176 4347 reddidit,

603 4373 806 4426 turbam
832 4371 1012 4440 populi
1042 4372 1350 4439 alloquitur.
1383 4371 1524 4434 Ideo,
1548 4371 1732 4439 inquit,
1760 4371 1895 4423 dabit
1923 4385 2026 4423 non
2063 4371 2175 4436 tibi,

600 4461 692 4513 sed
721 4462 855 4513 vobis
884 4462 1100 4532 signum.
1143 4461 1313 4525 Vobis,
1341 4461 1688 4530 quibusnam?
1735 4459 1802 4514 iis
1847 4461 1933 4529 qui
1961 4468 2082 4513 sunt
2126 4461 2177 4514 in

599 4549 760 4603 domo
809 4552 995 4605 David.
1057 4553 1264 4606 Etenim
1325 4554 1470 4607 illinc
1518 4553 1724 4622 signum
1774 4561 2014 4606 exortum
2073 4559 2174 4606 est.

596 4638 876 4705 Quodnam
909 4640 1067 4708 igitur
1091 4650 1170 4693 est
1199 4643 1441 4710 signum?
1473 4641 1604 4695 Ecce
1624 4642 1759 4711 virgo
1787 4642 1837 4694 in
1870 4651 2008 4694 utero
2048 4641 2179 4693 acci-

598 4732 716 4801 piet,
747 4740 794 4782 et
839 4730 998 4797 pariet
1027 4729 1209 4796 ﬁlium,
1240 4741 1284 4782 et
1313 4734 1554 4784 vocabunt
1597 4748 1776 4784 nomen
1818 4733 1926 4801 ejus
1967 4730 2178 4784 Emma-

600 4823 738 4876 nuel.
773 4821 1194 4886 Observandum,
1218 4821 1266 4873 id
1295 4822 1432 4890 quod
1466 4831 1519 4874 et
1543 4831 1664 4876 ante
1686 4823 1814 4886 dixi,
1841 4838 1943 4876 non
1967 4823 2179 4876 Acbazo

597 4914 780 4967 datum
814 4912 976 4966 fuisse
1005 4912 1232 4981 signum.
1257 4911 1406 4978 Quod
1438 4920 1613 4965 autem
1643 4911 1693 4964 id
1735 4928 1838 4965 non
1884 4928 1948 4965 ex
1993 4913 2178 4980 conje-

597 5015 745 5060 ctura
793 5003 1016 5069 dicatur,
1053 5004 1164 5073 ipse
1211 5003 1465 5072 propheta
1498 5002 1793 5072 objurgavit
1831 5011 1886 5055 et
1913 5003 2178 5056 accusavit

597 5097 783 5151 dicens
809 5114 822 5148 :
857 5093 1122 5166 Numquid
1149 5111 1326 5165 parum
1353 5096 1484 5148 vobis
1517 5104 1585 5148 est
1609 5111 1817 5164 agonem
1841 5094 2058 5168 prazbere
2089 5094 2178 5145 ho-

596 5185 815 5239 minibus
833 5187 858 5238 Ρ
884 5197 935 5240 et
962 5187 1188 5255 adjecit:
1222 5186 1342 5238 Ideo
1370 5185 1506 5238 dabit
1533 5185 1776 5237 Dominus
1801 5184 1933 5236 vobis
1953 5183 2172 5252 signum.

598 5275 730 5328 Ecce
760 5277 898 5345 virgo
933 5279 983 5330 in
1016 5288 1155 5330 utero
1196 5279 1409 5331 habebit.
1437 5276 1492 5332 Si
1537 5287 1710 5330 autem
1739 5276 1886 5344 virgo
1916 5289 2018 5328 non
2049 5275 2178 5329 fuis-

599 5375 701 5436 set,
735 5369 943 5436 signum
993 5383 1098 5419 non
1126 5379 1258 5422 erat.
1299 5369 1517 5437 Signum
1568 5367 1706 5421 enim
1756 5381 1930 5421 rerum
1982 5365 2173 5421 seriem

657 5478 672 5507 ί
711 5483 832 5546 Reg.
856 5481 907 5526 et
929 5474 1158 5546 Samia-et
1184 5477 1550 5546 mutuarursus
1573 5475 1656 5526 ait.
1700 5477 1956 5546 Morel.‘_et
1989 5482 2172 5535 Bavar.,

591 5543 636 5587 et
678 5536 833 5588 David
858 5550 1028 5586 rursus
1051 5536 1135 5592 ait,
1185 5544 1234 5599 et
1265 5539 1334 5586 sic
1358 5537 1480 5599 legit
1512 5539 1775 5599 Interjzrcs.
1805 5537 1970 5588 Melius
1992 5546 2130 5586 certe
2159 5551 2170 5586 :

591 5612 699 5646 nam
721 5601 815 5648 etsi
841 5599 1045 5660 idipsum
1093 5597 1279 5654 Paulus,
1305 5597 1432 5646 Romi
1459 5601 1506 5655 8,
1533 5601 1610 5656 27,
1642 5597 1704 5647 ex
1729 5600 1904 5648 Davide
1930 5607 2176 5648 mutuatus

589 5662 818 5719 proferat,
835 5674 953 5725 cum
974 5662 1137 5725 verba
1152 5667 1334 5725 tantum
1360 5660 1563 5725 Dat-idls,
1608 5661 1822 5725 nihilque
1848 5660 1978 5711 aliud
2002 5661 2173 5710 adera-

589 5718 684 5779 tur,
706 5722 864 5772 Davidi
890 5720 1066 5771 melius
1083 5721 1366 5770 adscribitur
1391 5718 1538 5769 locus.

2295 455 2556 512 excedere
2580 455 2760 522 debet,
2789 466 2842 513 et
2881 467 3083 513 naturae
3127 460 3562 516 consuetudinem
3601 477 3883 532 superare,

2290 544 2524 616 itemque
2563 562 2758 602 novum
2790 556 2844 603 et
2886 548 3308 618 inexspectatum
3343 565 3484 617 esse,
3526 553 3596 606 ita
3626 562 3684 606 ut
3709 553 3762 608 id
3794 554 3882 606 in-

2288 635 2440 704 signe
2486 637 2556 691 sit
2607 639 2828 709 singulis
2855 639 2946 709 qui
2997 639 3177 696 vident
3201 649 3256 696 et
3283 643 3526 698 audiunt.
3579 642 3708 700 Ideo
3732 645 3879 700 enim

2287 727 2497 796 signum
2537 730 2857 799 appellatur,
2884 731 3024 801 quod
3068 733 3136 787 sit
3175 733 3403 804 insigne.
3450 733 3659 805 Insigne
3696 745 3876 790 autem

2288 836 2395 876 non
2445 820 2621 889 fuerit,
2651 823 2695 878 si
2734 823 3013 879 delitescat
3053 825 3106 879 in
3135 827 3516 883 communitate
3553 837 3871 882 exterarum

2287 925 2485 965 rerum.
2529 911 2710 982 Itaque
2753 913 2797 967 si
2825 928 3002 969 sermo
3027 923 3172 970 esset
3214 915 3282 971 de
3309 916 3533 972 muliere
3577 917 3876 972 secundum

2288 1012 2491 1057 natura:
2541 1003 2708 1074 legem
2762 1004 3032 1073 pariente,
3076 1020 3173 1062 cur
3215 1005 3423 1076 signum
3469 1017 3690 1063 voearet
3733 1009 3877 1078 quod

2289 1093 2526 1160 quotidie
2571 1093 2685 1147 ﬂeri
2733 1094 2914 1150 solet?
2956 1096 3080 1151 ideo
3109 1098 3162 1152 in
3207 1097 3429 1152 exordio
3457 1101 3738 1165 sermonis,
3769 1114 3873 1154 non

2290 1185 2605 1255 simpliciter
2625 1185 2776 1251 dixit,
2820 1186 2959 1241 Ecce
2984 1187 3153 1257 virgo,
3179 1189 3294 1252 sed,
3326 1188 3455 1244 Ecce
3481 1190 3587 1243 haec
3612 1190 3751 1260 uirgo
3774 1187 3875 1260 (a),

2289 1275 2562 1330 additionc
2590 1276 2796 1330 articuli
2831 1275 3090 1347 insignem
3116 1277 3422 1346 quamdam,
3452 1288 3506 1334 et
3533 1279 3674 1333 hanc
3702 1279 3874 1333 solam

2288 1365 2452 1422 fuisse
2483 1367 2637 1422 nobis
2666 1367 3030 1423 subindieans.
3058 1369 3210 1436 Quod
3241 1371 3381 1425 enim
3415 1371 3517 1426 hoc
3540 1370 3875 1426 additamen-

2287 1470 2398 1514 tum
2443 1458 2492 1514 id
2539 1459 2820 1530 signiiicet,
2865 1476 2930 1516 ex
2968 1460 3268 1531 Evangeliis
3312 1461 3520 1516 discere
3564 1477 3873 1530 possumus.

2286 1550 2417 1606 Cum
2444 1551 2585 1606 enim
2610 1552 2675 1607 ad
2700 1551 2960 1607 Joannem
2987 1553 3436 1608 misissentJudazi
3466 1554 3871 1622 interrogantes,

2290 1640 2414 1706 Quis
2451 1643 2542 1696 es?
2571 1656 2675 1696 non
2711 1642 2979 1707 dicebant,
3012 1643 3091 1697 Tu
3122 1657 3182 1698 es
3207 1642 3447 1697 Christus
3471 1659 3485 1706 ;
3514 1642 3631 1709 sed,
3658 1644 3720 1700 Si
3749 1654 3801 1698 tu
3825 1661 3875 1698 es

2286 1735 2372 1788 ille
2396 1732 2624 1789 Christus
2652 1752 2671 1789 :
2699 1750 2871 1805 neque
2914 1735 3179 1802 dicebant,
3211 1735 3291 1789 Tu
3320 1750 3378 1790 es
3419 1735 3711 1805 prepheta;
3742 1736 3835 1791 sed
3858 1776 3871 1799 ,

2288 1827 2350 1883 Si
2377 1837 2429 1882 tu
2456 1844 2506 1882 es
2535 1828 2622 1882 ille
2645 1829 2890 1898 prapheta
2911 1826 3091 1896 (Joan.
3133 1829 3186 1882 1.
3220 1827 3308 1883 19.
3333 1827 3424 1898 25)
3451 1846 3462 1882 :
3496 1829 3636 1897 quod
3670 1837 3875 1883 utrum-

2286 1935 2390 1990 que
2420 1921 2671 1975 eximium
2702 1929 2835 1975 erat.
2871 1921 2991 1976 ideo
3020 1920 3254 1976 Joannes
3281 1921 3625 1990 Evangelium
3656 1923 3875 1976 ordiens

2286 2029 2390 2067 non
2413 2013 2642 2077 dicebat,
2675 2013 2727 2065 In
2757 2012 3017 2082 principio
3041 2025 3154 2067 erat
3180 2011 3432 2077 Verbum,
3471 2012 3587 2079 sed,
3623 2011 3688 2066 In
3728 2013 3874 2080 prin-

2285 2105 2414 2173 cipio
2460 2113 2569 2158 erat
2615 2104 2744 2158 illud
2784 2103 3019 2171 Verbum,
3048 2113 3095 2156 ct
3142 2103 3272 2157 illud
3324 2103 3536 2158 Verbum
3581 2113 3686 2156 erat
3733 2104 3874 2172 apud

2284 2193 2448 2248 Deum
2480 2195 2656 2264 (Joan.
2694 2195 2743 2248 l.
2789 2196 2863 2264 l).
2907 2193 2995 2249 Sic
3033 2203 3086 2249 et
3110 2193 3213 2249 hoc
3251 2194 3370 2248 loco
3413 2208 3517 2248 non
3547 2194 3700 2260 dixit,
3735 2194 3874 2250 Ecce

2283 2287 2453 2356 virgo,
2474 2287 2588 2352 sed,
2611 2287 2737 2340 Ecce
2757 2292 2862 2340 Iure
2889 2289 3026 2358 virgo
3053 2303 3070 2340 :
3094 2303 3155 2342 ae
3176 2303 3295 2342 cum
3318 2287 3570 2357 dignitate
3598 2287 3873 2358 proliltette

2283 2379 2616 2432 cunvenicnti
2649 2379 2798 2442 illud,
2836 2377 2983 2444 Ecce,
3014 2380 3371 2448 pra-mittitur.
3410 2379 3539 2432 Nam
3589 2378 3757 2434 ferme
3786 2381 3870 2434 vi-

2284 2469 2459 2524 dentis
2505 2479 2556 2525 et
2605 2471 2886 2540 imaginem
2919 2471 2971 2525 in
3023 2481 3199 2526 mente
3245 2471 3492 2527 habentis
3535 2472 3649 2526 bme
3693 2483 3867 2538 erant,

2285 2561 2609 2628 multamque
2658 2561 2709 2615 in
2755 2577 2812 2615 se
2866 2560 3112 2616 habentis
3157 2576 3340 2616 eorum
3391 2578 3507 2631 quae
3559 2561 3872 2617 dicebantur

2285 2653 2625 2708 evidentiam.
2672 2653 2803 2707 Nam
2852 2653 2925 2707 illi
2956 2653 3092 2708 oculi
3133 2653 3326 2708 clarius
3353 2669 3508 2724 quam
3559 2655 3724 2709 n0stri
3781 2655 3870 2708 illa

2284 2742 2384 2796 sub
2421 2752 2693 2812 aspectum
2738 2759 2843 2796 non
2889 2743 3130 2799 cadentia
3175 2743 3444 2798 videbant.
3475 2744 3674 2800 Sensus
3725 2745 3869 2799 enim

2282 2832 2457 2902 decipi
2487 2842 2694 2902 potest;
2723 2832 2954 2902 Spiritus
2983 2849 3114 2890 vero
3158 2835 3329 2904 gratia
3355 2835 3486 2889 nulli
3523 2833 3744 2889 fallacia:
3773 2835 3872 2890 ob—

2286 2924 2498 2977 noxiam
2531 2923 2848 2977 sententiam
2880 2923 3168 2992 pmbebat.

2355 3013 2408 3067 6.
2441 3012 2508 3066 Et
2531 3027 2626 3067 cur
2652 3027 2757 3067 non
2788 3012 3000 3082 adjecit,
3033 3012 3258 3082 inquies,
3289 3020 3495 3083 partum
3519 3012 3632 3069 fore
3658 3027 3723 3069 ex
3753 3012 3876 3081 Spi-

2285 3102 2388 3157 ritu
2415 3103 2634 3157 sancto?
2663 3102 2944 3172 Prophetia
2974 3113 3089 3157 erat
3113 3103 3165 3158 id
3193 3103 3334 3172 quod
3366 3103 3658 3168 dicebatur,
3688 3113 3742 3158 et
3770 3102 3874 3157 sub

2286 3194 2469 3248 umbra
2496 3195 2796 3248 annuntiari
2819 3193 3066 3259 debebat,
3098 3203 3154 3249 ut
3183 3209 3323 3263 saepe
3348 3193 3477 3257 dixi,
3510 3193 3578 3248 ob
3608 3194 3872 3262 ingratum

2287 3286 2613 3340 audientium
2637 3287 2897 3353 animum,
2921 3302 2988 3340 ne
3015 3285 3192 3340 omnia
3218 3286 3361 3341 clare
3392 3285 3678 3351 discentes,
3709 3284 3877 3338 libros

2285 3390 2469 3430 omnes
2513 3376 2909 3431 comburerent.
2956 3376 3010 3431 Si
3044 3392 3270 3447 namque
3313 3375 3587 3446 prophetis
3625 3392 3728 3430 non
3775 3391 3874 3445 pe-

2286 3477 2591 3534 percerunt,
2615 3469 2784 3521 multo
2815 3468 2990 3520 minus
3008 3483 3033 3518 a
3055 3465 3262 3535 sc’riptis
3291 3468 3694 3521 abstinuissent.
3719 3465 3874 3531 Quod

2285 3566 2461 3610 autem
2490 3555 2539 3609 id
2573 3572 2678 3610 non
2713 3572 2778 3610 ex
2807 3556 3110 3625 conjectura
3138 3558 3336 3610 dictum
3369 3558 3456 3621 sit,
3491 3555 3626 3609 alius
3655 3555 3873 3625 quidam

2284 3662 2383 3701 rex
2415 3647 2513 3701 sub
2539 3645 2768 3702 Jeremia
2790 3689 2805 3711 ,
2837 3662 2956 3701 cum
2987 3647 3129 3716 ipsos
3156 3647 3317 3701 libros
3347 3647 3672 3715 accepisset,
3706 3645 3874 3700 disci-

2285 3738 2379 3801 dit,
2410 3748 2462 3792 et
2506 3738 2612 3807 igni
2657 3738 2870 3791 tradidit
2914 3736 3046 3806 (Jer.
3091 3737 3178 3792 56.
3229 3737 3342 3808 23).
3377 3735 3567 3792 Viden’
3609 3737 3872 3791 insaniam

2287 3828 2713 3884 intolerabilem?
2742 3827 2913 3883 viden‘
2930 3828 3059 3882 iram
3084 3830 3291 3883 ratione
3315 3843 3532 3882 vacuam
3553 3827 3574 3881 ?
3595 3826 3710 3882 Non
3739 3828 3871 3883 satis

2286 3925 2385 3993 ipsi
2415 3923 2512 3978 fuit
2538 3923 2731 3993 scripta
2764 3924 3112 3988 obliterasse,
3142 3924 3299 3979 etiam
3341 3922 3652 3988 combussit,
3683 3931 3741 3976 ut
3779 3937 3873 3976 ra-

2287 4017 2446 4072 tionis
2473 4025 2747 4087 expertem
2779 4015 3027 4070 ail‘ectum
3057 4016 3320 4086 impleret.
3357 4015 3605 4068 Attamen
3633 4013 3730 4068 etsi
3774 4013 3875 4066 mi-

2286 4110 2465 4164 rabilis
2484 4108 2569 4163 hic
2590 4108 2852 4178 propheta
2871 4109 3096 4162 obscure
3121 4108 3370 4176 loquutus
3390 4105 3477 4170 sit,
3506 4112 3672 4157 totum
3694 4112 3872 4156 tamen

2287 4203 2547 4258 exhibuit.
2579 4201 2739 4270 Virgo
2780 4215 3028 4270 namque,
3070 4199 3243 4253 donec
3294 4204 3475 4251 manet
3516 4196 3696 4264 virgo,
3730 4195 3874 4248 unde

2287 4308 2477 4363 parere
2509 4293 2707 4362 possit,
2749 4293 2847 4346 nisi
2877 4308 2940 4346 ex
2969 4291 3168 4360 Spiritu
3212 4291 3433 4346 sancto?
3463 4288 3687 4344 Solvere
3727 4288 3871 4341 enim

2285 4385 2455 4453 legem
2482 4392 2684 4438 natura:
2712 4399 2817 4436 non
2860 4383 3076 4436 alterius
3106 4393 3253 4450 erat,
3283 4396 3440 4450 quam
3484 4380 3598 4449 ejus
3624 4379 3711 4448 qui
3742 4393 3875 4432 con-

2286 4473 2418 4528 didit
2448 4481 2712 4526 naturam.
2740 4472 2923 4540 itaque
2949 4486 3071 4525 cum
3105 4471 3271 4525 dixit:
3294 4469 3452 4538 Virgo
3478 4469 3665 4538 pariet,
3700 4477 3870 4522 totum

2287 4562 2591 4636 declaravit.
2626 4560 2856 4614 Proinde
2883 4560 3025 4614 dicto
3066 4567 3240 4628 partu,
3283 4558 3412 4612 dicit
3438 4567 3492 4612 et
3532 4573 3723 4612 nomen
3752 4557 3872 4625 ejus

2286 4653 2376 4722 qui
2415 4661 2571 4706 natus
2596 4660 2698 4716 est,
2733 4666 2836 4704 non
2868 4650 2917 4705 id
2959 4650 3101 4719 quod
3137 4649 3184 4704 ei
3233 4649 3538 4718 impositum
3566 4659 3667 4714 est,
3696 4649 3786 4703 sed
3816 4649 3870 4702 id

2288 4745 2428 4815 quod
2451 4761 2517 4800 ex
2545 4744 2702 4799 rebus
2745 4744 2874 4812 ipsis
2912 4743 2984 4797 illi
3026 4742 3380 4812 competebat.
3410 4740 3869 4807 Quemadmodum

2286 4838 2426 4892 enim
2445 4836 2742 4892 Jerusalem
2770 4847 2923 4890 vocat
2948 4837 3215 4890 civitatem
3238 4835 3456 4903 justitize
3484 4834 3632 4903 (Isai.
3668 4836 3718 4888 l.
3747 4833 3865 4899 26),

2285 4927 2407 4982 licet
2458 4942 2714 4996 nusquam
2767 4926 2868 4980 hoc.
2915 4926 3130 4980 nomine
3183 4926 3447 4995 appellata
3498 4925 3605 4989 sit,
3651 4924 3743 4978 sed
3797 4937 3862 4976 ex

2285 5017 2444 5070 rebus
2474 5017 2600 5085 ipsis
2635 5016 2770 5069 hanc
2798 5016 2983 5069 sortita
3010 5017 3079 5070 sit
3111 5016 3565 5072 nomenclaluram
3587 5055 3600 5080 ,
3630 5028 3695 5067 eo
3723 5013 3865 5083 quod

2283 5105 2566 5165 admodum
2589 5105 2838 5159 mutanda
2864 5105 2912 5158 in
2938 5105 3126 5159 melius
3148 5116 3200 5161 et
3226 5105 3488 5174 tequitatis
3510 5103 3864 5172 patrocinium

2283 5193 2419 5250 foret
2439 5195 2654 5268 (etenim
2675 5211 2792 5250 cum
2818 5194 2957 5249 illam
2980 5197 3316 5252 meretricem
3335 5204 3483 5250 vocat
3502 5193 3660 5265 [Ιὺὶά.
3681 5210 3726 5246 υ.
3746 5192 3861 5266 2i],

2285 5303 2389 5342 non
2419 5286 2681 5356 signiﬁcat
2704 5301 2819 5340 eam
2850 5287 3132 5356 aliquando
3152 5288 3250 5342 hoc
3277 5287 3487 5341 nomine
3515 5284 3674 5339 fuisse
3701 5298 3861 5339 voea-

2286 5389 2388 5433 tam
2414 5395 2426 5444 ;
2455 5376 2548 5432 sed
2579 5392 2607 5431 a
2641 5377 2874 5448 nequitia
2906 5391 3099 5435 nomen
3142 5378 3393 5448 imponit;
3421 5375 3496 5431 sic
3539 5383 3594 5430 et
3621 5385 3803 5446 postea
3830 5390 3862 5429 a

2344 5531 2413 5592 (a)
2448 5531 2502 5579 In
2525 5537 2700 5596 Graeco,
2720 5537 2800 5596 189's
2818 5543 3031 5596 quantm
3046 5565 3058 5589 ,
3078 5544 3185 5581 cum
3208 5528 3408 5578 articulo
3428 5530 3508 5596 qui
3528 5527 3736 5596 aliquam,
3757 5531 3855 5578 vir-

2281 5596 2443 5656 ginem
2479 5595 2729 5656 speciatim
2764 5593 2969 5656 indicat;
2995 5606 3162 5654 παροίνιος
3190 5599 3384 5656 autem,
3427 5593 3583 5656 urge,
3611 5594 3860 5656 virginem

2281 5651 2552 5717 generatim
2597 5652 2728 5717 dicit.
2760 5652 2869 5717 Nox
2898 5651 3151 5716 adjective,
3181 5653 3302 5716 haec,
3342 5651 3544 5702 multum
3581 5652 3721 5702 abest
3745 5663 3862 5714 qun)

2282 5713 2465 5767 articuli
2483 5715 2629 5765 Grmci
2647 5716 2739 5764 vim
2760 5713 2954 5764 habeat.
