4058 6216
173 377 249 432 83
1413 385 1481 439 ΙΝ
1521 382 1777 454 ISAIAM,
1808 384 1961 443 CAP.
2002 382 2109 441 VII.
3359 399 3429 452 84

227 493 292 586 εἶ
321 486 427 586 Καὶ
467 487 718 586 τοῦτο“δὲ
757 490 961 586 ἔλεγεν,
1010 494 1097 548 ἵνα
1139 495 1621 586 ’μάθωσιξπάντειῃ
1667 499 1749 586 δτι
1856 515 2016 577 αὖτδς
2058 514 2087 566 ὁ
2134 512 2416 585 προφήτης
2462 514 2553 567 καὶ
2602 511 2884 565 ἐνεκάλεσε
2935 512 3029 565 καὶ
3080 514 3427 586 κατηγόρησε

165 574 573 670 ἀνεξαπάτητος
605 578 839 670 ’ἔμεινεν
886 580 916 632 6
976 583 1310 670 προφήτης,
1340 584 1440 637 ούκ
1487 585 1594 638 ἀπὸ
1640 582 1749 635 τῶν
1855 574 2059 668 λέγωξρο
2088 574 2192 668 Μή
2213 574 2427 669 μύξράιρ
2462 600 2624 670 ὑμῖν,
2671 598 2870 667 ἀγῶνα
2916 574 3431 669 παρέχεινσάνθριὶ»

158 660 421 730 ῥημάτων
455 664 945 734 παραλογιζόμενος
981 666 1091 719 τῶν
1122 668 1444 739 εἰρημένων,
1481 671 1595 724 ἀλλ’
1635 671 1743 724 ἀπὸ

154 746 267 799 τῶν
292 748 349 799 ἐν
379 751 445 819 τῇ
468 750 675 821 διανοίᾳ
710 752 805 804 τοῦ
829 752 1006 821 ’Ἄχας
1036 756 1214 825 φέρων
1233 756 1332 827 τὴν
1354 756 1553 826 ψῆφον.
1576 758 1745 810 Τοῦτο

157 834 251 886 καί¹
282 836 310 885 6
338 836 571 904 Χριστὸς
599 838 859 903 πολλάκις
879 842 972 893 ἐπὶ
995 842 1103 895 τῶν
1130 843 1474 913 Εὐαγγελίων
1500 845 1741 915 ἐποίησε.

160 921 357 991 Πρὶνῆ
397 924 503 993 γὰρ
556 924 653 994 τὴν
700 926 808 980 ἀπὸ
848 928 957 982 τῶν
1004 931 1245 999 σημείων
1277 936 1575 1003 παρασχεῖν
1609 933 1745 987 ἀπό-

156 1006 342 1070 δειξιν,
366 1009 465 1080 τὴν
499 1012 696 1065 κακίαν
718 1014 826 1067 τῶν
870 1017 1138 1070 Ἰουδαίων
1164 1019 1244 1081 είς
1271 1018 1435 1088 μέσον
1474 1020 1621 1087 ἀγων
1648 1020 1745 1090 τὴν

159 1093 215 1143 ἐν
248 1093 460 1164 διανοίᾳ
518 1102 891 1172 πορευομένην
912 1116 959 1165 ο,
992 1105 1052 1157 06
1109 1104 1305 1175 μικρὸν
1328 1105 1485 1159 τοῦτο
1514 1111 1744 1178 παρεῖχε

156 1178 217 1229 16
264 1185 519 1250 σημεῖον·
567 1182 677 1239 οἷον
727 1190 817 1242 ἐπὶ
847 1190 941 1243 106
996 1192 1364 1260 παραλυτικοῦ
1424 1196 1741 1263 πεποίηκεν.

173 1265 390 1338 Ἐπειδὴ
452 1271 558 1342 γὰρ
610 1270 729 1327 εἰπε
779 1276 913 1345 πρὸς
978 1280 1159 1342 αὐτὸν,
1205 1281 1439 1348 Θάρσει,
1492 1282 1739 1335 τέκνον·

159 1350 457 1418 ἀφέωνταί
480 1374 597 1412 σου
636 1364 695 1413 αἱ
730 1362 1025 1429 ἁμαρτίαι,
1049 1366 1240 1419 ἐκεῖνοι
1262 1366 1316 1419 δέ
1338 1366 1520 1436 ἔλεγον
1545 1371 1601 1421 ἐν
1618 1371 1745 1421 ἐαυ-

158 1440 290 1501 τοτς.
320 1444 708 1512 Βλασφημεῖ·
738 1449 890 1518 φησὶ,
930 1453 1057 1521 πρὶν
1091 1451 1477 1522 ἢσφῖγξαιτὸν
1509 1455 1745 1523 παραλε-

160 1525 391 1595 λυμένον
412 1548 424 1561 ·
468 1535 527 1585 Tt
549 1535 927 1601 βουλεύεσθε
959 1542 1191 1610 πονηρὰ
1215 1552 1285 1596 εν
1315 1543 1445 1609 ταῖς
1478 1544 1746 1611 καρδίαις

158 1612 331 1700 ὑμῶν
346 1632 366 1679 ;
403 1616 658 1686 μέγιστον
684 1623 937 1695 θεότητος
969 1628 1126 1681 τοῦτο
1151 1628 1405 1699 παρέχων
1428 1630 1743 1700 τεκμήριον,

158 1699 218 1751 16
248 1701 318 1754 τά
355 1706 639 1779 ἀπόρρητα
674 1712 873 1767 εἰδέναι
904 1713 1002 1784 τῆς
1028 1715 1286 1778 διανοίας.
1340 1716 1423 1770 Σὺ
1471 1699 1745 1785 γὰρέπι-

159 1801 404 1853 στασαι,
465 1797 623 1866 φησὶ,
682 1800 928 1867 καρδίας
982 1800 1344 1870 μονώτατος.
1392 1802 1548 1858 Καὶό
1586 1804 1748 1859 Δαυῒδ

159 1874 322 1927 πάλιν
376 1882 584 1950 φησίνδ
614 1900 628 1915 ·
674 1884 924 1945 Ἐτάζων
966 1887 1218 1955 καρδίας
1277 1892 1371 1945 καί
1420 1892 1679 1961 νεφροὺς
1714 1896 1748 1948 ὀ

162 1969 325 2032 Θεός.
364 1967 535 2022 Τοῦτο
583 1970 678 2023 καὶ
714 1973 827 2035 τοῖς
861 1974 1169 2045 προφήταις
1211 1977 1383 2031 ἐδίδου
1430 1979 1689 2045 πολλάκις
1719 1982 1747 2034 6

158 2053 293 2117 Θεὸς
323 2055 540 2121 εἰδέναι,
567 2057 634 2112 ἶν’
672 2061 722 2112 οί
760 2061 1052 2126 ἀκούοντες
1086 2065 1447 2135 μανθάνωσιν,
1480 2068 1561 2123 ὃτι
1596 2069 1747 2124 οὑδέν

159 2140 497 2211 ἀνθρώπινον
516 2144 623 2197 τῶν
657 2147 981 2218 εἰρημένων,
1028 2150 1143 2206 ἀλλ’
1178 2153 1381 2208 ἄνωθεν
1420 2156 1514 2209 καὶ
1547 2155 1610 2209 ἐκ
1638 2156 1747 2211 τῶν

159 2228 405 2297 οὐρανῶν
434 2232 467 2301 ή
498 2232 677 2301 ψῆφος
703 2234 889 2288 ἅπασα
923 2239 1334 2307 κατενήνεκται.
1355 2239 1455 2294 Διά
1476 2239 1633 2295 τοῦτο
1654 2244 1747 2297 καὶ

159 2315 187 2364 6
224 2317 745 2384 μεγαλοφωνότατος
767 2315 920 2387 οὗτος
959 2322 1205 2388 Ἡσαΐας,
1236 2326 1423 2398 ἐπειδὴ
1453 2329 1589 2397 μετά
1617 2329 1747 2382 πολ-

159 2399 258 2470 λῆς
307 2404 407 2473 τῆς
467 2406 765 2472 ἐπιεικείας
815 2410 1058 2483 διελέχθη
1098 2412 1179 2483 τῷ
1236 2414 1460 2483 βασιλεῖ,
1504 2416 1598 2468 καὶ
1640 2415 1747 2470 τῶν

158 2486 347 2542 δεινῶν
376 2491 673 2563 ἀπήλλαξε,
720 2497 812 2550 καὶ
860 2496 1078 2569 θαρρεῖν
1113 2500 1399 2554 ἐκέλευσεν
1450 2502 1587 2572 ὑπὲρ
1637 2503 1745 2555 τῶν

159 2574 466 2643 παρόντων,
502 2579 589 2632 καὶ
644 2583 915 2652 τεκμήρια
950 2584 1140 2637 τούτου
1186 2588 1456 2657 παρέσχεν
1491 2588 1657 2659 αὐτῷ,
1685 2591 1744 2644 16

159 2661 258 2719 τὴν
292 2662 486 2733 βουλὴν
538 2666 849 2735 ἐξαγγεῖλαι
888 2671 997 2725 τῶν
1048 2673 1610 2744 ἐπιστρατευσάντων,
1650 2678 1746 2731 καὶ

160 2747 260 2815 τὴν
298 2750 595 2817 προδοσίαν
622 2753 863 2823 ἐλέγξαι,
898 2760 992 2810 καὶ
1024 2759 1124 2829 τήν
1157 2758 1357 2813 ἅλωσιν
1388 2762 1483 2813 τοῦ
1532 2762 1749 2833 Ἰσραὴλ

161 2838 441 2901 προειπεῖν
466 2838 566 2907 τὴν
588 2841 824 2910 παντελῆ
864 2843 957 2894 καὶ
984 2842 1404 2915 όλόκληρον,καὶ
1434 2846 1524 2902 16v
1560 2849 1748 2919 χρόνον

162 2920 500 3006 προσθεῖναι,
552 2924 651 2977 οὐκ
709 2926 952 2998 ἠρκέσθη
987 2927 1198 2993 τούτοις
1229 2971 1245 2995 ,
1298 2932 1393 2985 καὶ
1441 2935 1749 3006 περαιτέρω

164 3005 402 3072 πρόεισι,
444 3009 536 3062 καὶ
582 3012 681 3064 οὐκ
720 3012 979 3084 ἀναμένει
1034 3018 1259 3088 σημεῖον
1303 3018 1463 3071 αὑτὸν
1506 3005 1746 3090 αἰτῆσαι,

163 3092 304 3145 ἀλλά
352 3096 447 3147 καὶ
508 3098 582 3168 μὴ
633 3099 953 3171 βουλόμενον
1016 3102 1082 3157 δι’
1145 3106 1449 3179 ὑπερϐολὴν
1493 3109 1749 3172 ἀπιστίας

168 3182 535 3251 προτρέπεται
556 3201 570 3213 °
602 3186 696 3239 καὶ
730 3188 849 3241 οὐδέ
884 3190 1091 3255 ἁπλῶς,
1127 3192 1263 3246 ἀλλά
1288 3195 1381 3247 καί
1430 3194 1619 3266 κύριον
1652 3196 1749 3266 τῆς

165 3268 432 3335 αἱρέσεως
478 3275 656 3326 ποιεῖ’
696 3276 819 3329 ούδέ
864 3277 972 3348 γάρ
1002 3295 1157 3348 φησι,
1204 3280 1265 3333 16
1294 3281 1387 3334 καί¹
1412 3282 1470 3335 τὸ
1502 3286 1747 3353 σημεῖον,

166 3357 283 3409 ἀλλ’
334 3360 469 3413 ὅπου
502 3362 697 3431 βούλει,
728 3366 894 3435 φησί’
923 3369 1174 3433 πλούσιος
1217 3372 1245 3424 6
1280 3372 1578 3442 Δεσπότης,
1616 3390 1750 3426 παν-

166 3444 339 3514 αλκὴς
387 3448 694 3519 ἡδύναμις,
744 3454 1019 3524 ἄφατοςή
1078 3456 1314 3522 ἐξουσία.
1374 3460 1472 3512 Ἂν
1526 3460 1589 3512 ἐκ
1642 3461 1749 3513 τῶν

166 3531 412 3599 οὐρανῶν
448 3533 733 3605 βουληθῇς,
756 3538 908 3591 οὐδὲν
941 3540 1003 3593 τὸ
1038 3542 1272 3596 κωλύον⁶
1298 3543 1365 3596 ἂν
1398 3546 1461 3598 ἐκ
1493 3545 1593 3613 τῆς
1622 3546 1748 3614 γῆς,

166 3618 323 3670 οὐδὲν
353 3618 412 3671 16
442 3621 749 3690 ἐμποδίζον.
778 3625 947 3679 Τοῦτο
975 3628 1084 3697 γάρ
1107 3630 1274 3697 ἐστιν,
1297 3632 1372 3684 “Il
1416 3634 1502 3697 εἰς
1532 3633 1747 3699 βάθος,

167 3703 208 3772 ἣ
235 3708 323 3770 εἰς
346 3707 525 3773 ὕψος.
558 3710 773 3782 Ἐπειδὴ
800 3712 855 3765 δὲ
888 3713 1009 3767 οὐδὲ
1043 3714 1213 3779 οὕτως
1242 3715 1402 3769 αὑτὸν
1434 3717 1750 3772 ἐπεσπάσα-

169 3809 251 3854 το,
268 3791 387 3863 [81]
404 3794 522 3846 οὐδὲ
542 3796 771 3851 ἐνταῦθα
784 3799 1060 3871 ἐσίγησεν,
1078 3802 1191 3855 ἀλλ’
1206 3801 1424 3873 ἔλεγχον
1437 3804 1749 3873 ἐπαγαγὼν,

171 3878 263 3930 καὶ
292 3879 481 3931 τοῦτον
509 3880 645 3952 ὑπὲρ
682 3882 1014 3952 διορθώσεως
1047 3887 1139 3940 106
1179 3890 1491 3958 ἀκούοντος,
1521 3892 1613 3945 καί.
1657 3890 1752 3947 τοῦ

170 3963 357 4031 δεῖξαι,
388 3965 465 4028 ὡς
497 3968 596 4019 οὐκ
635 3969 937 4039 ἠπάτησεν,
987 3974 1112 4026 οὐδὲ
1146 3977 1567 4046 παρελογίσατο,
1616 3980 1753 4035 ἀνα-

174 4051 439 4105 καλύπτει
464 4062 486 4090 ε
516 4056 850 4126 προφητείαν
882 4058 1207 4131 ἀπόρρητον,
1240 4063 1337 4135 τὴν
1376 4066 1469 4119 ἐπὶ
1510 4068 1749 4138 σωτηρίᾳ

172 4138 271 4207 τῆς
320 4140 645 4212 οἰκουμένης
698 4144 985 4214 ἐσομένην,
1035 4148 1129 4201 καὶ
1168 4150 1266 4203 ἐπὶ
1315 4150 1594 4222 διορθώσει
1642 4155 1751 4207 τῶν

172 4228 510 4295 πραγμάτων
549 4229 831 4283 ἁπάντωνο
862 4233 955 4286 καί
986 4251 1118 4305 φησι
1157 4236 1217 4289 16
1252 4242 1475 4308 σημεῖον
1516 4242 1636 4311 οὑχί
1674 4242 1751 4313 τῷ

177 4314 351 4381 Ἀχαζ
377 4315 609 4369 δίδοσθαι
644 4317 849 4382 λοιπὸν,
878 4320 1013 4375 ἀλλά
1042 4322 1119 4392 τῷ
1140 4325 1304 4394 κοινῷ
1334 4326 1441 4378 τῶν
1482 4328 1750 4383 Ἰουδαίων

174 4399 347 4469 δήμῳ.
368 4401 527 4471 Παρά
558 4404 655 4472 μὲν
676 4407 784 4474 γάρ
813 4407 911 4476 τὴν
940 4407 1111 4479 ἀρχὴν
1133 4410 1269 4480 πρὸς
1291 4412 1451 4464 αὑτὸν
1475 4412 1565 4465 τὸν
1596 4413 1751 4481 λόγον

176 4487 459 4539 ἁπέτεινεν
479 4504 491 4518 ·
518 4490 703 4560 ἐπειδὴ
730 4492 783 4544 δὲ
808 4492 1023 4558 ἀνάξιον
1041 4496 1243 4559 ἐκεῖνος
1276 4499 1463 4551 ἐαυτὸν
1485 4499 1749 4568 ἀπέφηνε,

175 4574 253 4645 τῷ
288 4575 455 4646 κοινῷ
476 4576 569 4629 106
594 4577 725 4632 λαοῦ
752 4580 1075 4649 διαλέγεται.
1101 4586 1201 4637 Διά
1226 4585 1400 4639 τοῦτο
1428 4586 1556 4655 γάρ,
1597 4590 1750 4657 φησί,

177 4664 376 4727 δώσει,
418 4665 538 4735 οὐχὶ
583 4665 683 4730 σοί,
735 4667 848 4720 ἀλλ’
883 4670 1025 4737 ὑμῖν
1052 4671 1319 4739 σημεῖον.
1372 4674 1560 4743 Ὑμῖν,
1608 4677 1746 4739 τίσι;

178 4753 299 4815 Τοῖς
323 4754 384 4805 ἐν
413 4751 493 4821 τῷ
518 4754 649 4822 οῐκῳ
669 4755 849 4808 Δαυῖδ.
896 4756 1004 4809 Καὶ
1056 4757 1163 4826 γάρ
1213 4758 1419 4812 ἐκεῖθεν
1454 4761 1750 4833 ἐϐλάστησε

178 4839 237 4891 16
263 4842 511 4909 σημεῖον.
566 4840 631 4892 Τί
670 4837 762 4894 οὖν
791 4841 853 4894 16
884 4844 1107 4913 σημεῖόν
1133 4844 1314 4911 ἐστιν;
1361 4846 1504 4900 Ἰδοὺ
1530 4849 1568 4915 ’ἡ
1607 4865 1753 4916 παρ⁴

181 4926 445 4991 θένοςὲν
485 4929 693 4995 γαστρί
741 4928 1018 4998 λήψεται,
1060 4932 1157 4985 καὶ
1208 4932 1435 4996 τέξεται
1480 4936 1751 5000 υίὸν,καί

182 5013 516 5065 καλέσουσι
561 5014 629 5067 τὸ
679 5013 866 5083 ὄνομα
900 5016 1086 5070 αὑτοῦ
1137 5018 1535 5086 Ἐμμανουήλ.
1570 5024 1755 5093 Παρα-

182 5094 470 5164 τηρητέον,
498 5095 632 5166 ὅπερ
657 5097 748 5149 καὶ
781 5096 1088 5168 ἔμπροσθεν
1103 5093 1273 5163 εἷπον,
1291 5101 1371 5153 ὅτι
1395 5102 1453 5154 06
1480 5103 1553 5172 τῷ
1580 5104 1755 5173 ’Ἄχας

182 5178 375 5232 δίδοται
410 5179 593 5233 λοιπὸν
638 5182 698 5234 16
745 5184 985 5255 σημεῖον.
1028 5184 1137 5238 Καὶ
1180 5186 1262 5239 ὅτι
1315 5188 1373 5239 06
1430 5191 1751 5261 στοχασμὸς,

247 5359 273 5387 ⁸
296 5359 621 5427 Τυρευομένην
642 5359 919 5431 Βξνεῆρυβ,
945 5363 1208 5431 ec_1ili_yero
1239 5368 1577 5431 πορευομένην,
1611 5381 1756 5430 quam

187 5430 354 5481 νοςεῳ
378 5422 489 5478 jure
512 5426 786 5481 suspectam
810 5422 956 5471 habet
979 5424 1127 5473 Savil.

246 5478 276 5518 δ
312 5478 686 5552 “03.018066:
712 5484 793 5552 καί
816 5485 841 5530 6
884 5483 1073 5541 Παῦλος
1114 5487 1253 5535 πάλιν
1295 5489 1449 5552 φησίν.
1496 5490 1666 5539 Morel.
1703 5493 1757 5539 et

190 5542 359 5589 Bavar.
384 5542 467 5588 καὶ
493 5542 519 5588 6
539 5544 685 5589 Δαυίδ
706 5544 861 5591 πάλιν.

251 5604 273 5631 ο
304 5601 429 5649 Οὐδέ
449 5602 810 5663 παρελογίσατο,
838 5606 1168 5658 ἁνακαλύπτει.
1210 5607 1291 5658 Sic
1313 5616 1450 5659 recte
1486 5610 1657 5660 More].
1704 5615 1758 5661 et

251 5617 273 5631 ι
304 5617 429 5672 υυοε
449 5617 810 5711 παρελογισατο,
838 5617 1168 5658 ονακαλῡπτει.
1210 5617 1291 5658 διο
1313 5617 1450 5659 recte
1487 5617 1657 5660 Morel.
1704 5617 1755 5661 et

189 5662 791 5739 Bayar:_c}1_s_.wlhﬂeg_.,eg
812 5666 961 5739 Savil.
990 5668 1097 5739 οὐδὲ
1122 5670 1210 5739 γάρ
1255 5672 1518 5739 ἐλογίσατο,
1543 5673 1755 5739 ἀνακάμ-

188 5722 629 5791 πτιικΡεςρειιειη,
649 5722 702 5772 ιιί
722 5726 829 5786 ipse
846 5734 1017 5791 monet
1039 5722 1251 5780 Savilfus
1272 5733 1323 5779 in
1346 5722 1517 5788 bons;
1543 5734 1625 5781 ubi
1669 5722 1755 5782 νε-

191 5796 293 5856 {agn
316 5782 968 5856 lecgigngle-{anc'sclliceg
1002 5795 1232 5856 003mm,
1262 5782 1516 5856 Florilegii
1541 5796 1755 5843 auctori-

191 5850 305 5915 12:0
322 5846 556 5915 ags-lium.
583 5846 869 5905 Tilmannus
902 5852 1051 5903 etiam
1087 5846 1331 5915 interpres
1357 5846 1520 5908 Veram
1557 5864 1756 5908 secutus

193 5909 272 5955 est
295 5905 577 5957 lectionem.

1846 704 1980 752 ποις
1996 702 2016 749 ;
2066 686 2162 739 καὶ
2213 686 2548 757 προσέθηκε’
2600 687 2701 739 Διά
2750 687 2923 740 τοῦτο
2979 687 3156 741 δώσει
3205 690 3424 756 Κύριος

1843 774 1985 842 ὑμῖν
2005 774 2271 842 σημεῖον.
2308 774 2451 827 Ἰδοὺ
2484 775 2522 841 ἡ
2551 775 2845 841 παρθένος
2864 775 2932 827 ἐν
2952 774 3164 843 γαστρί
3191 774 3332 838 ἕξει.
3363 777 3427 837 Εἰ

1844 864 1901 917 δὲ
1930 861 2004 931 μὴ
2029 862 2294 931 παρθένος
2318 859 2405 930 ἦν,
2436 863 2556 915 οὐδὲ
2588 865 2807 932 σημεῖον
2839 859 2927 933 ἦν,
2965 861 3039 915 T6
3066 862 3171 932 γὰρ
3204 867 3428 933 σημεῖον

1846 951 2121 1004 ἐκϐαίνειν
2168 952 2248 1004 δεῖ
2280 953 2378 1021 τὴν
2432 953 2615 1021 κοινὴν
2659 953 2993 1017 ἀκολουθίαν,
3031 952 3124 1004 καὶ
3178 950 3275 1021 τὴν
3330 951 3427 1020 τῆς

1847 1038 2059 1106 φύσεως
2097 1039 2443 1110 ὑπερϐαίνειν
2476 1039 2782 1108 συνήθειαν,
2814 1040 2907 1091 καί
2962 1038 3109 1103 ξένον
3150 1034 3287 1090 εἶναι
3333 1037 3425 1089 καὶ

1847 1124 2166 1193 παράδοξον,
2193 1124 2332 1177 ὥστε
2356 1126 2583 1178 ἕκαστον
2628 1124 3081 1194 ἐπισημαίνεσθαι
3113 1123 3220 1177 τῶν
3257 1124 3428 1194 ὁρών-

1844 1228 1954 1263 των
1997 1211 2091 1263 καὶ
2139 1213 2463 1265 ἀκουόντων.
2516 1210 2615 1264 Διά
2660 1210 2767 1280 γὰρ
2825 1211 2982 1263 τοῦτο
3049 1212 3144 1265 καὶ
3202 1214 3428 1284 σημεῖον

1846 1295 2082 1364 λέγεται,
2118 1296 2205 1349 διὰ
2246 1298 2306 1350 16
2356 1298 2644 1367 ἐπίσημον.
2694 1297 2991 1367 Ἑπίσημον
3028 1298 3084 1349 δὲ
3114 1299 3214 1351 οὐκ
3242 1298 3307 1351 ἂν
3334 1298 3428 1367 γέ·

1848 1400 2014 1447 νοιτο,
2049 1384 2096 1435 εἰ
2133 1382 2313 1451 μέλλοι
2341 1384 2676 1453 κρύπτεσθαι
2705 1387 2770 1454 τῇ
2820 1384 3075 1453 κοινωνίᾳ
3117 1383 3225 1437 τῶν
3252 1385 3428 1437 ἄλλων

1849 1471 2204 1539 πραγμάτων.
2228 1470 2387 1523 Ὥστε
2416 1474 2464 1524 εἰ
2488 1473 2614 1542 περὶ
2643 1472 2896 1540 γυναικὸς
2927 1473 2954 1523 6
2992 1470 3148 1541 λόγος
3172 1466 3241 1541 ἦν
3278 1473 3429 1541 νόμῳ

1849 1560 2063 1629 φύσεως
2092 1563 2399 1633 τικτούσης,
2422 1563 2564 1623 τίνος
2580 1564 2765 1617 ἐνεκεν
2793 1566 3015 1633 σημεῖον
3044 1561 3201 1615 καλεῖ
3219 1561 3279 1614 16
3305 1563 3427 1614 καθ’

1848 1652 2085 1721 ἑκάστην
2115 1654 2395 1723 γινόμενον
2426 1654 2673 1724 ήμέραν;
2701 1655 2798 1708 Διά
2838 1655 2899 1725 δὴ
2937 1654 3095 1707 τοῦτο
3140 1654 3235 1706 καί
3273 1654 3431 1724 ἀρχό⁴

1852 1756 2010 1810 μενος
2031 1742 2130 1793 οὐκ
2158 1736 2330 1805 εἶπεν,
2370 1740 2495 1795 Ἰδοὺ
2528 1742 2821 1812 παρθένος,
2855 1742 2988 1805 ἀλλ’,
3023 1741 3179 1795 Ἰδοὺ
3217 1742 3256 1809 ἠ
3282 1755 3429 1809 παρ-

1850 1830 2041 1897 θένος,
2072 1834 2136 1902 τῇ
2172 1830 2453 1903 προσθήκῃ
2491 1830 2584 1884 τοῦ
2634 1829 2835 1901 ἄρθρου
2870 1831 3141 1900 ἐπίσημόν
3173 1848 3295 1884 τινα
3333 1832 3429 1885 καὶ

1850 1919 2019 1991 μόνην
2043 1919 2297 1990 τοιαύτην
2330 1919 2702 1990 γεγενημένην
2726 1922 2856 1992 ἡμῖν
2889 1918 3278 1988 αἰνιττόμενος.
3305 1920 3427 1972 Ὅτι

1846 2006 2021 2077 γάρή
2063 2007 2342 2078 προσθήκη
2387 2006 2523 2074 αὕτη
2569 2006 2725 2059 τοῦτο
2785 2006 3139 2070 ἐνδείκνυται,
3201 2005 3425 2058 δυνατὸν

1846 2096 1941 2148 καὶ
1968 2094 2077 2147 ἀπὸ
2102 2096 2209 2147 τῶν
2243 2094 2590 2162 Εὑαγγελίων
2621 2093 2828 2161 μαθεῖν.
2866 2093 3081 2161 Ἐπειδὴ
3125 2092 3234 2162 γὰρ
3256 2092 3428 2161 ἐπεμο

1847 2177 1954 2248 ῲαν
1975 2181 2112 2250 πρὸς
2155 2181 2249 2232 16v
2293 2180 2547 2249 Ἰωάννην
2592 2179 2641 2230 οἰ
2674 2179 2911 2232 Ἰουδαῖοι
2950 2178 3280 2249 ἐρωτῶντες,
3324 2176 3428 2245 Τίς

1847 2262 1933 2330 ET;
1974 2268 2073 2319 οὐκ
2119 2266 2333 2333 ἔλεγον,
2374 2267 2445 2319 Σὺ
2489 2261 2542 2318 εῐ
2588 2264 2856 2335 Χριστὸς,
2914 2266 3047 2330 ἀλλ’,
3085 2269 3154 2319 El
3192 2266 3274 2319 σὺ
3299 2260 3360 2319 εἷ
3391 2267 3426 2319 ὁ

1846 2356 2097 2422 Χριστός
2117 2371 2128 2382 ·
2168 2356 2286 2409 οὐδὲ
2313 2355 2517 2423 ἔλεγον,
2549 2355 2619 2407 Σὺ
2655 2350 2704 2406 εἶ
2740 2355 3043 2425 προφήτης,
3074 2354 3213 2417 ἀλλ’,
3237 2357 3305 2408 El
3340 2353 3423 2407 σὺ

1845 2441 1904 2493 εἷ
1924 2442 1958 2492 ὁ
1982 2442 2318 2509 προφήτης·
2355 2435 2428 2496 ὧν
2453 2442 2682 2496 ἕκαστον
2721 2441 2991 2512 ἐξαίρετον
3016 2436 3103 2512 ἦν.
3137 2442 3235 2495 Διά
3267 2441 3426 2494 τοῦτο

1846 2530 1940 2582 καὶ
1985 2530 2281 2599 ἀρχόμενος
2308 2532 2336 2583 6
2381 2531 2631 2600 Ἰωάννης
2672 2531 2769 2584 οὑκ
2810 2530 3012 2600 ἔλεγεν,
3062 2528 3151 2582 Ἐν
3187 2530 3329 2600 ἀρχῇ
3353 2526 3425 2599 ἦν

1847 2616 2034 2684 Λόγος,
2068 2616 2207 2680 ἀλλ’,
2234 2618 2334 2670 Ἔν
2353 2617 2511 2685 ἀρχῇ
2544 2613 2620 2685 ἦν
2645 2620 2677 2670 ό
2698 2620 2904 2684 Λόγος,
2942 2616 3037 2668 καὶ
3076 2618 3107 2669 ό
3135 2616 3325 2681 Λόγος
3344 2612 3427 2685 ἦν

1848 2702 1995 2767 πρὸς
2030 2701 2136 2754 τὸν
2176 2704 2339 2755 Θεόν.
2383 2700 2539 2754 Οὕτω
2584 2702 2646 2768 δὴ
2679 2702 2769 2751 καί
2811 2700 3064 2763 ἐνταῦθα,
3112 2704 3211 2752 οὑκ
3245 2696 3422 2761 εἶπεν,

1862 2785 1989 2838 Ἰδοὺ
2028 2788 2313 2857 παρθένος,
2350 2786 2486 2850 ἀλλ’,
2542 2785 2695 2839 Ἰδοὺ
2719 2785 2755 2850 ἡ
2794 2786 3117 2851 παρθένος·
3161 2788 3255 2839 καὶ
3286 2789 3425 2856 μετά

1851 2871 2155 2942 ἀξιώματος
2178 2875 2433 2947 προφήτῃ
2467 2874 2765 2942 πρέποντος
2794 2873 2873 2931 16.
2915 2874 3089 2927 Ἰδού.
3122 2876 3295 2929 Μόνον
3314 2875 3427 2945 γάρ

1849 2962 1967 3031 οὐχὶ
1994 2961 2223 3031 ὁρῶντος
2248 2957 2315 3031 ἧν
2333 2961 2399 3013 τά
2429 2960 2713 3029 γενόμενα,
2753 2962 2843 3013 καὶ
2875 2961 3302 3031 φανταζομένου,
3332 2962 3429 3014 καί

1850 3048 2049 3119 πολλὴν
2090 3049 2299 3119 ἔχοντος
2340 3049 2479 3119 ὑπὲρ
2529 3049 2637 3101 τῶν
2671 3051 2974 3121 εἰρημένων
3029 3050 3420 3119 πληροφορίαν.

1849 3136 1968 3189 Τῶν
1988 3138 2094 3207 γάρ
2128 3138 2408 3208 ἡμετέρων
2434 3137 2723 3206 ὀφθαλμῶν
2755 3140 2948 3191 ἐκεῖνοι
2986 3138 3316 3208 σαφέστερον
3354 3138 3426 3190 τά

1851 3223 1926 3293 μὴ
1961 3223 2210 3295 ὁρώμενα
2262 3226 2505 3279 ἔϐλεπον.
2538 3226 2648 3294 Τὴν
2714 3226 2810 3294 μὲν
2852 3225 2959 3294 γὰρ
2987 3224 3237 3293 αἴσθησιν
3277 3225 3427 3287 εἰκὸς

1849 3312 1941 3363 καὶ
1986 3312 2362 3380 ἀπατηθῆναι·
2403 3314 2436 3381 ή
2485 3312 2542 3364 δέ
2573 3311 2662 3363 106
2705 3312 3019 3380 Πνεύματος
3062 3311 3222 3381 χάρις
3272 3312 3426 3378 ἀνεξ-

1850 3398 2124 3469 απάτητον
2147 3397 2435 3467 παρείχετο
2459 3397 2557 3467 τὴν
2578 3397 2869 3465 ἀπόφασιν.

1922 3563 1992 3625 ς’.
2011 3558 2263 3621 Καὶτίνος
2275 3558 2455 3612 ἕνεκεν
2467 3558 2525 3609 o6
2541 3554 2863 3625 προσέθηκε,
2885 3558 3066 3626 φησὶν,
3081 3557 3161 3611 ὅτι
3175 3559 3237 3610 ἐκ
3254 3557 3429 3611 Πνεύ-

1853 3662 2023 3716 ματος
2052 3646 2205 3713 ἁγίου
2235 3646 2263 3698 6
2292 3646 2447 3708 τόκος
2474 3646 2624 3699 ἔσται
2645 3664 2658 3710 ;
2682 3644 2995 3715 Προφητεία
3015 3640 3081 3715 ἦν
3107 3646 3166 3698 16
3196 3646 3427 3715 λεγόμε-

1850 3751 1959 3797 νον,
1984 3734 2077 3787 καὶ
2101 3734 2566 3805 συνεσκιασμένως
2597 3732 2924 3801 ἀπαγγεῖλαι
2949 3733 3072 3796 ἔδει,
3105 3732 3134 3785 6
3165 3734 3425 3794 πολλάκις

1851 3814 2022 3885 εἶπον,
2042 3818 2155 3893 [82]
2167 3820 2251 3875 διὰ
2265 3820 2362 3891 τὴν
2373 3822 2479 3875 τῶν
2493 3821 2797 3875 ἀκουόντων
2812 3820 3223 3889 ἀγνωμοσύνην,
3244 3821 3328 3873 ἵνα
3344 3821 3423 3891 μὴ

1854 3908 2036 3976 σαφῶς
2064 3909 2238 3962 πάντα
2268 3909 2642 3978 μανθάνοντες,
2682 3908 2774 3959 καὶ
2811 3907 2877 3959 τὰ
2914 3906 3091 3977 βιϐλία
3119 3908 3291 3960 πάντα
3324 3926 3425 3960 κα-

1852 3994 2208 4049 τακαύσωσιν.
2251 3996 2312 4047 Εἰ
2358 3996 2466 4065 γὰρ
2502 3994 2608 4047 τῶν
2662 3995 2953 4064 προφητῶν
2980 3994 3078 4045 οὐκ
3118 3994 3419 4061 ἐφείσαντο,

1853 4081 2030 4151 πολλῷ
2059 4082 2254 4151 μᾶλλον
2283 4080 2389 4134 τῶν
2415 4081 2753 4152 γραμμάτων
2774 4082 2871 4131 οὐκ
2890 4081 2953 4133 ἂν
2977 4079 3291 4147 ἀπέσχοντο.
3313 4080 3425 4132 Καὶ

1852 4170 1932 4222 ὅτι
1962 4170 2021 4221 οὐ
2052 4170 2351 4239 στοχασμὸς
2381 4168 2440 4219 16
2492 4167 2799 4236 είρημένον,
2836 4164 3021 4234 ἕτερός
3060 4182 3143 4225 τις
3176 4165 3423 4233 βασιλεὺς

1854 4255 1945 4308 ἐπὶ
1963 4256 2055 4309 106
2088 4255 2321 4325 Ἱερεμία
2338 4253 2473 4306 αὑτά
2495 4253 2563 4303 τά
2593 4252 2770 4320 βιϐλία
2802 4249 2980 4303 λαϐὼν
3032 4252 3295 4323 κατέτεμε
3332 4260 3428 4310 καὶ

1854 4344 1986 4411 πυρὶ
2018 4340 2321 4411 παρεδίδου.
2358 4337 2508 4399 Εἶδες
2540 4339 2731 4407 μανίαν
2762 4340 3059 4406 ἀφόρητον;
3094 4332 3227 4398 εἶδες
3254 4337 3420 4408 ὀργὴν

1854 4428 2164 4493 ἀλόγιστον;
2192 4428 2303 4478 Ούκ
2352 4428 2581 4496 ἤρκεσεν
2611 4424 2757 4493 αύτῷ
2784 4424 2841 4476 16
2873 4424 3130 4492 ἀφανίσαι
3151 4423 3217 4474 τὰ
3246 4424 3425 4493 γράμι-

1858 4532 2020 4584 ματα,
2061 4513 2195 4566 ἀλλὰ
2223 4514 2315 4565 καὶ
2340 4512 2627 4582 ἐνέπρησε,
2656 4512 2712 4563 16
2750 4511 3029 4578 ἀλόγιστον
3060 4508 3225 4562 αὑτοῦ
3253 4511 3425 4573 πάθος

1855 4600 2139 4669 πληρῶσαι
2171 4599 2507 4668 βουλόμενος.
2544 4598 2679 4649 Ἀλλ’
2713 4599 2857 4667 ὅμως
2877 4599 2968 4649 καὶ
2992 4596 3220 4662 ἀσαφῶς
3250 4594 3422 4648 εἰπὼν

1855 4689 1882 4741 6
1914 4688 2207 4755 θαυμάσιος
2257 4678 2408 4746 οὗτος
2458 4684 2777 4755 προφήτης,
2832 4682 2891 4733 16
2947 4684 3053 4734 πᾶν
3104 4682 3419 4746 ἐνεδείξατο.

1856 4771 2125 4841 Παρθένος
2153 4769 2281 4840 γὰρ,
2306 4769 2409 4831 ἕως
2438 4770 2502 4821 ἂν
2532 4768 2664 4836 μένῃ
2701 4767 2984 4835 παρθένος,
3008 4769 3169 4819 πόθεν
3204 4769 3424 4821 ἄλλοθεν

1856 4858 2123 4927 κυήσειεν,
2148 4858 2196 4909 εί
2238 4856 2312 4926 μὴ
2341 4855 2447 4907 ἀπὸ
2475 4853 2784 4922 Πνεύματος
2817 4853 2969 4920 ἀγίου
2994 4871 3007 4917 ;
3041 4854 3112 4905 T6
3133 4855 3240 4924 γὰρ
3260 4856 3423 4925 νόμον

1854 4944 2005 4996 λῦσαι
2038 4943 2249 5012 φύσεως
2277 4942 2486 5003 οὐδενὸς
2510 4940 2694 5011 ἐτέρου
2725 4935 2811 5010 ἦν,
2840 4940 2951 4993 ἀλλ’
2982 4943 3013 5010 ἢ
3044 4942 3136 4994 τοῦ
3162 4943 3426 5013 δημιουρ⁹

1854 5031 1951 5097 706
1984 5033 2079 5101 τῆς
2106 5026 2334 5099 φύσεως.
2370 5029 2528 5080 Ὥστε
2560 5027 2728 5079 εἰπὼν
2748 5068 2762 5092 ,
2789 5028 2869 5080 ὅτι
2904 5028 3113 5093 τέξεται
3145 5031 3177 5098 ἡ
3224 5029 3430 5099 παρθέο

1855 5135 1963 5181 νος,
1988 5117 2044 5169 16
2074 5119 2180 5171 πᾶν
2222 5115 2497 5185 ἐνέφηνεν.
2529 5114 2711 5169 Εἰπὼν
2734 5115 2911 5168 τοίνυν
2940 5116 3030 5167 τὸν
3066 5116 3242 5179 τόκον,
3277 5116 3422 5185 λέγει

1855 5206 1947 5257 καί.
2004 5205 2065 5257 16
2114 5205 2281 5274 ὄνομα
2314 5202 2408 5254 106
2460 5202 2771 5270 τικτομένου
2796 5242 2811 5265 ,
2846 5202 2903 5253 06
2953 5202 3012 5253 16
3048 5200 3259 5261 τεθὲνδ,
3286 5202 3424 5255 ἀλλὰ

1853 5292 1914 5344 16
1941 5292 2047 5345 ἀπὸ
2072 5292 2177 5343 τῶν
2203 5290 2559 5360 πραγμάτων.
2583 5288 2789 5355 Ὥσπερ
2818 5288 2925 5356 γὰρ
2944 5287 3040 5357 τὴν
3074 5288 3430 5360 Ἰερουσαλὴμ

1856 5380 2010 5433 καλεῖ
2026 5380 2175 5431 πόλιν
2203 5376 2563 5446 δικαιοσύνης,
2601 5375 2776 5429 καίτοι
2806 5392 2868 5443 γε
2889 5375 3124 5445 οὐδαμοῦ
3151 5377 3421 5431 δικαιοσύ-

1855 5484 1950 5537 νης
1980 5464 2179 5535 ἐκλήθη
2212 5465 2382 5531 πόλις,
2422 5462 2559 5516 ἀλλά
2583 5462 2691 5515 ἀπὸ
2718 5462 2824 5514 τῶν
2848 5462 3188 5533 πραγμάτων
3218 5465 3424 5535 ταύτην

1858 5552 1967 5625 εἶχε
2010 5556 2108 5625 τὴν
2158 5553 2543 5623 προσηγορίαν,
2584 5551 2671 5603 διὰ
2698 5551 2754 5603 16
2785 5551 2985 5621 πολλὴν
3034 5554 3281 5621 γενέσθαι
3324 5556 3424 5624 τὴν

1855 5643 1951 5695 ἐπὶ
1984 5642 2043 5694 16
2072 5642 2277 5712 βέλτιον
2308 5641 2475 5707 αὐτῆς
2506 5638 2823 5709 μεταϐολὴν,
2851 5640 2943 5693 καί
2973 5641 3067 5709 τὴν
3096 5640 3186 5693 106
3213 5641 3423 5694 δικαίου

1857 5730 2185 5801 προστασίαν
2209 5730 2320 5800 (καὶ
2349 5727 2456 5797 γάρ
2486 5727 2613 5779 ὅταν
2651 5726 2851 5797 πόρνην
2888 5728 3047 5798 καλῇ,
3086 5729 3182 5799 οὐχ
3205 5728 3277 5792 ὡς
3322 5728 3420 5799 τῆς

1866 5936 1871 5941 ι
1922 5916 1949 5958 d
1972 5915 2051 5968 Sic
2074 5923 2207 5969 recte
2234 5915 2383 5969 Savil.
2409 5915 2579 5967 Morel.
2606 5915 2779 5977 τεχθέν,
2816 5926 3089 5977 perperam.
