4058 6216
276 362 352 418 35
1546 347 1613 404 IN
1649 347 1815 407 ISAIA

1938 350 2090 411 CAP.
2133 354 2243 413 VII.
3414 378 3487 433 86

255 454 477 526 virtute)
509 470 523 510 :
556 454 780 527 idipsum
808 456 985 529 itaque
1013 454 1082 515 de
1108 453 1321 515 Christo
1348 456 1651 528 dicendum,
1681 460 1825 531 quod

253 558 449 617 nempe
472 546 572 616 ipsi
608 561 673 601 ex
705 547 866 603 rebus
908 561 1101 603 nomen
1144 548 1473 619 imposuerit.
1513 548 1662 604 Tunc
1683 550 1826 604 enim

254 636 490 691 maxime
514 636 787 691 nobiscum
810 638 951 693 Deus
974 636 1145 693 factus
1169 645 1271 704 est,
1295 651 1417 692 cum
1445 638 1495 692 in
1521 646 1660 692 terra
1683 637 1827 693 visus

250 734 357 793 est,
386 733 441 780 et
467 739 589 781 cum
634 726 937 782 hominibus
969 736 1313 784 conversatus
1355 736 1472 795 est,
1500 728 1826 798 multamque

251 830 381 887 erga
410 830 511 871 nos
534 817 918 886 providentiam
957 818 1217 875 exhibuit.
1245 817 1362 874 Non
1387 819 1528 873 enim
1556 819 1695 873 ultra
1731 833 1827 873 an-

248 908 423 977 gelus,
452 922 559 963 non
584 908 932 979 archangelus
958 909 1260 976 nobiscum,
1287 908 1380 964 sed
1408 909 1521 979 ipse
1548 910 1821 975 Dominus,

248 1000 343 1068 qui
371 998 681 1066 descendit,
712 1015 923 1056 omnem
950 1003 1004 1056 in
1033 1016 1092 1057 se
1117 1003 1349 1073 suscepit
1376 1002 1822 1067 emendationem,

253 1102 375 1142 cum
396 1089 761 1146 meretricibus
776 1090 1020 1161 loquens,
1042 1106 1163 1146 cum
1180 1094 1473 1162 publicanis
1490 1093 1821 1159 recumbens,

254 1177 308 1232 in
340 1187 677 1248 peccatorum
704 1180 895 1236 domus
924 1181 1247 1252 ingrediens,
1276 1183 1570 1239 latronibus
1598 1184 1821 1239 liberam

255 1266 508 1339 loquendi
552 1270 798 1326 ﬁduciam
830 1272 1054 1341 indens,
1090 1288 1274 1344 magos
1308 1274 1601 1339 attrahens,
1645 1275 1825 1328 omnia

251 1358 586 1427 perlustrans
619 1370 674 1416 et
704 1362 1035 1432 reformans,
1079 1364 1248 1435 ipsam
1293 1374 1536 1421 naturam
1578 1366 1679 1421 sibi
1725 1366 1825 1437 ipsi

252 1448 465 1504 ueiens.
491 1448 616 1505 Bac
641 1452 815 1522 itaque
831 1454 1007 1507 omnia
1032 1455 1285 1525 propheta
1302 1456 1645 1525 pranuntiat,
1669 1456 1825 1511 simul

253 1549 466 1609 partum
496 1540 711 1607 dicens,
750 1552 803 1597 et
827 1553 1009 1612 partus
1051 1545 1257 1600 lucrum
1300 1545 1566 1601 ineﬂ'abile
1602 1546 1731 1601 illud
1770 1554 1826 1602 et

255 1632 599 1688 immensum.
640 1631 771 1688 Cum
816 1634 956 1689 enim
1008 1636 1149 1690 Deus
1188 1650 1310 1692 cum
1355 1636 1660 1693 hominibus
1705 1646 1821 1704 est,

248 1720 381 1775 nihil
412 1720 552 1775 ultra
582 1720 894 1789 timendum,
938 1724 1067 1779 nihil
1097 1725 1459 1794 tremendum,
1486 1726 1583 1782 sed
1612 1726 1679 1782 de
1705 1742 1824 1793 9m-

249 1808 407 1865 nibus
432 1809 698 1865 fidendum
722 1822 805 1866 est
834 1829 849 1866 :
882 1812 934 1867 id
963 1814 1105 1885 quod
1130 1815 1293 1870 etiam
1332 1814 1527 1871 factum
1556 1824 1657 1871 est.
1692 1815 1823 1871 Nam

249 1899 472 1969 antiqua
512 1898 603 1953 illa
636 1907 691 1956 et
718 1901 934 1957 immota
959 1904 1097 1959 mala
1125 1904 1299 1960 soluta
1329 1914 1473 1969 sunt,
1504 1905 1611 1959 lata
1639 1913 1822 1960 contra

249 2003 539 2045 commune
579 1990 852 2047 hominum
898 2008 1066 2063 genus
1108 1996 1368 2050 sententia
1415 1995 1657 2050 submota
1705 2006 1817 2065 est,

249 2080 567 2150 peccatique
594 2084 741 2137 nervi
770 2084 909 2153 rupti
934 2092 1090 2150 sunt,
1118 2084 1314 2139 diaboli
1346 2086 1584 2157 tyrannis
1612 2087 1784 2141 soluta
1802 2129 1819 2154 ,

247 2173 631 2244 paradisusque
655 2176 899 2231 omnibus
925 2177 1230 2233 inaccessus
1250 2177 1528 2233 homicida
1552 2187 1608 2234 et
1626 2179 1822 2234 latroni

247 2264 478 2332 primum
518 2267 787 2335 aperitur,
812 2267 1054 2323 calestes
1093 2267 1326 2324 fornices
1362 2278 1686 2335 reserantur,
1719 2271 1821 2325 ho-

246 2367 445 2423 moque
468 2368 591 2409 cum
611 2355 814 2426 angelis
833 2358 1228 2425 commiscetur,
1258 2374 1320 2415 ac
1343 2369 1527 2415 natura
1557 2369 1734 2415 nostra
1755 2360 1822 2415 ad

248 2444 455 2514 regium
476 2445 666 2499 solium
695 2445 1010 2501 adducitur:
1036 2448 1227 2503 inferni
1250 2464 1432 2504 carcer
1454 2450 1655 2504 inutilis
1680 2466 1824 2505 mor-

248 2532 423 2602 tisque
442 2548 635 2589 nomen
666 2535 835 2590 solum
867 2538 1096 2604 mansit,
1120 2553 1181 2593 re
1209 2538 1322 2608 ipsa
1361 2554 1584 2593 vacuum
1617 2558 1632 2595 :
1672 2554 1817 2594 mar-

247 2633 424 2695 tyrum
453 2626 639 2693 chori,
667 2636 722 2683 et
744 2629 995 2685 mulieres
1024 2628 1271 2684 stimulos
1301 2630 1495 2685 inferni
1527 2630 1817 2701 fregerunt.

320 2712 507 2768 Contra
528 2714 834 2771 Iordanem
853 2727 899 2771 et
926 2717 1266 2773 Valentinum.
1284 2748 1353 2758 —
1371 2719 1494 2775 Hac
1512 2719 1687 2791 itaque
1707 2734 1823 2774 om-

245 2803 337 2860 nia
364 2803 659 2875 pravidens
686 2805 943 2876 propheta
968 2807 1266 2863 exsultabat
1286 2816 1339 2863 et
1359 2807 1582 2863 choreas
1607 2808 1818 2879 agebat,

244 2901 307 2949 et
338 2908 443 2949 uno
472 2893 635 2950 verbo
665 2896 845 2951 omnia
882 2896 1037 2951 nobis
1073 2895 1385 2961 declaravit,
1414 2897 1818 2953 Emmanuelem

251 2981 412 3037 nobis
433 2988 812 3054 pranuntians.
838 2986 925 3041 l5.
954 2985 1202 3057 Butyrum
1227 2996 1273 3041 et
1295 2988 1392 3041 mel
1411 2987 1653 3053 comedet,
1680 2996 1821 3041 aute-

243 3089 403 3141 quam
429 3074 553 3129 sciat
582 3076 691 3145 ipse
708 3076 783 3131 rel
815 3078 1102 3148 praeligere
1126 3078 1287 3143 mala,
1322 3080 1467 3146 eliget
1492 3079 1693 3131 bonum.
1728 3078 1815 3133 16.

248 3163 387 3230 Quia
417 3172 687 3235 antequam
711 3166 836 3220 sciat
870 3183 997 3237 puer
1021 3166 1205 3221 bonum
1235 3176 1322 3220 aut
1352 3169 1573 3234 malum,
1603 3185 1704 3223 non
1732 3169 1821 3222 ob-

244 3264 495 3324 temperat
518 3256 745 3323 malitia,
770 3265 826 3310 ut
852 3257 1007 3327 eligat
1036 3257 1243 3312 bonum.
1270 3257 1529 3324 Quoniam
1556 3274 1689 3329 puer
1718 3260 1818 3314 iste

243 3353 402 3401 natus
420 3360 593 3415 neque
628 3344 787 3401 homo
809 3346 1036 3416 simplex
1062 3354 1197 3412 erat,
1220 3362 1394 3418 neque
1420 3348 1560 3403 Deus
1589 3355 1817 3413 tantum,

243 3433 344 3490 sed
364 3434 505 3490 Deus
530 3434 585 3490 in
615 3434 851 3503 homine,
874 3436 993 3505 jure
1019 3436 1279 3506 propheta
1304 3451 1604 3493 sermonem
1625 3437 1817 3507 variat,

244 3536 392 3578 nunc
420 3522 556 3590 hoc,
597 3538 739 3579 nunc
777 3524 905 3579 illud
949 3524 1155 3592 dicens,
1186 3525 1444 3595 stupenda
1492 3540 1813 3597 proponens,

243 3625 348 3667 nec
372 3613 684 3680 permittens
724 3621 784 3668 ut
810 3613 941 3669 tides
983 3625 1207 3685 negetur
1252 3617 1564 3671 moonomia
1601 3624 1817 3686 propter

240 3699 589 3755 eminentiam
636 3701 900 3756 miraculi.
931 3702 1063 3758 Cum
1108 3703 1338 3757 dixisset
1376 3704 1517 3758 enim
1557 3704 1815 3775 virginem

241 3802 368 3844 esse
392 3789 702 3859 parituram,
734 3790 787 3845 id
814 3790 955 3860 quod
984 3800 1228 3847 naturam
1254 3793 1555 3863 superabat,
1578 3802 1632 3848 et
1658 3794 1809 3850 illum

242 3877 562 3934 Emmanuel
584 3879 877 3935 vocandum
899 3894 1038 3945 esse,
1066 3881 1207 3951 quod
1225 3882 1397 3951 ipsum
1420 3883 1816 3953 exspectatione

241 3968 417 4038 majus
438 3976 573 4033 erat.
595 3983 663 4025 ne
688 3970 805 4040 quis
824 3970 1227 4027 Emmanuelem
1246 3972 1486 4039 audiens,
1514 3974 1566 4027 in
1594 3973 1817 4029 Marcio-

243 4058 330 4113 nis
356 4066 411 4113 et
434 4058 489 4112 in
507 4057 773 4115 Valentini
798 4060 1042 4115 morbum
1061 4061 1336 4128 incideret,
1366 4071 1579 4132 propter
1596 4063 1814 4133 dispen-

241 4148 527 4215 sationem,
554 4149 900 4205 clarissiam
928 4150 1135 4205 induxit
1158 4151 1569 4221 dispensationis
1588 4154 1811 4211 demon-

242 4239 554 4295 strationem
607 4239 724 4314 (α),
766 4255 797 4296 a
846 4256 1027 4297 mensa
1061 4242 1163 4313 ipsi
1210 4242 1367 4298 [idem
1417 4243 1635 4301 faciens.
1670 4246 1809 4313 Quid

244 4329 389 4384 enim
416 4329 492 4383 ait
511 4329 536 4383 ἳ
555 4328 799 4400 Butyrum
824 4337 871 4384 et
895 4330 993 4383 mel
1020 4331 1259 4386 comedet.
1302 4332 1359 4387 ld
1386 4348 1515 4389 vero
1538 4350 1645 4389 non
1672 4334 1808 4390 divi-

241 4418 425 4474 nitatis
447 4417 631 4485 fuerit,
653 4418 746 4473 sed
775 4427 975 4474 natura
1004 4429 1223 4475 nostra.
1271 4421 1478 4477 Idcirco
1520 4423 1662 4479 enim
1704 4440 1810 4481 non

240 4508 553 4578 simpliciter
592 4509 645 4563 in
684 4507 895 4565 homine
931 4509 1001 4565 ab
1032 4524 1091 4566 se
1124 4509 1350 4567 formato
1376 4512 1628 4569 habitavit
1656 4555 1671 4582 ,
1704 4514 1800 4570 sed

240 4598 403 4652 etiam
430 4597 482 4652 in
508 4606 660 4652 utero
686 4608 921 4669 gestatus
945 4608 1066 4664 est,
1108 4600 1267 4670 idque
1308 4616 1406 4671 per
1430 4619 1621 4659 novem
1648 4619 1798 4661 men-

239 4700 349 4750 ses,
373 4693 579 4754 partum
608 4700 914 4757 pannosque
938 4687 1119 4754 subiit,
1142 4697 1196 4743 et
1219 4690 1394 4745 cibum
1426 4693 1638 4748 tenella
1665 4694 1806 4751 atati

240 4784 679 4840 consentaneum,
705 4783 762 4829 ut
788 4790 883 4844 per
908 4776 1024 4830 hac
1046 4777 1225 4833 omnia
1253 4792 1315 4832 os
1343 4778 1612 4836 obturaret
1631 4782 1697 4837 iis
1711 4784 1801 4853 qui

241 4864 656 4921 incarnationem
684 4878 879 4934 negare
914 4866 1195 4922 auderent.
1241 4867 1368 4923 Hac
1410 4869 1587 4943 itaque
1609 4874 1805 4942 pravi-

241 4956 374 5009 dens
399 4953 657 5025 propheta
680 4967 784 5008 non
808 4954 1002 5009 natalia
1021 4956 1193 5012 solum
1212 4965 1266 5012 ct
1286 4958 1581 5015 mirabilem
1596 4971 1805 5031 partum

238 5045 403 5099 dicit:
432 5042 526 5099 sed
551 5043 709 5099 etiam
749 5042 1059 5099 alimentum
1104 5047 1316 5104 tenella
1366 5051 1537 5107 atatis
1560 5093 1575 5119 ,
1603 5066 1712 5121 quo
1742 5053 1795 5108 in

239 5133 518 5189 cunabulis
541 5146 668 5188 usus
686 5140 786 5198 est,
806 5133 949 5203 quod
976 5134 1107 5191 nihil
1135 5135 1413 5195 diﬂ‘erebat
1438 5154 1467 5194 a
1494 5149 1806 5197 caterorum

240 5225 519 5280 hominum
536 5238 676 5291 esca,
692 5238 789 5281 nec
805 5223 1072 5297 quidpiam
1098 5228 1371 5286 insolitum
1398 5231 1649 5288 habebat.
1671 5232 1803 5289 Nam

240 5315 297 5369 in
325 5314 414 5370 illo
442 5328 614 5385 neque
640 5315 815 5370 omnia
842 5313 1052 5371 diversa
1068 5327 1241 5387 erant,
1270 5334 1441 5391 neque
1467 5323 1644 5378 omnia
1668 5337 1807 5379 com-

263 5503 277 5514 ,
302 5441 537 5562 (σξριποά
558 5440 673 5492 (“Cit
692 5440 812 5492 ὶιιΐη
834 5440 1197 5514 Qhrysoolomus
1211 5446 1382 5497 Isaiam
1398 5448 1529 5499 clare
1551 5450 1802 5512 dispensa-

237 5510 345 5573 tto_u
370 5567 380 5573 _
439 5515 532 5573 seu
563 5504 917 5573 incarnationis,
954 5504 1413 5573 demonstrationem
1440 5511 1709 5573 induxisse,
1737 5526 1803 5561 ne

236 5565 349 5635 quis
368 5567 417 5613 in
440 5564 783 5635 largitionum
803 5562 1044 5635 Valentini
1067 5567 1287 5635 mortuam
1329 5571 1581 5635 incideret,
1606 5586 1666 5621 eo
1687 5562 1802 5635 spe-

235 5622 338 5697 ctat
358 5622 788 5697 qdeaIentinus
805 5630 856 5674 et
877 5627 1075 5675 κλισίαι
1097 5627 1337 5697 dicerent,
1363 5630 1524 5682 Filium
1546 5622 1639 5685 non
1664 5622 1801 5697 vere,

236 5684 331 5738 sed
342 5684 507 5750 specie
523 5691 725 5750 tantum,
748 5698 939 5740 carnetn
960 5691 1241 5752 mmo.

1933 466 2133 521 munia.
2165 467 2297 524 Illud
2318 469 2481 538 enim,
2508 486 2575 528 ex
2605 472 2826 529 muliere
2858 474 3040 544 nasci,
3065 490 3344 535 commune
3367 489 3492 545 est:

1931 571 1997 610 cx
2023 556 2225 627 virgine
2251 568 2422 615 autem
2444 602 2459 629 ,
2488 563 2659 632 majus
2694 580 2850 635 quam
2880 565 3111 621 conditio
3132 576 3308 623 nostra
3338 567 3496 624 ferat.

1932 648 2256 704 Alimentum
2282 665 2492 708 sumere
2517 668 2725 709 rursum
2752 695 2768 720 ,
2813 671 2879 711 ex
2901 664 3105 711 natura
3129 656 3245 726 lege
3268 666 3350 713 est
3376 673 3499 727 qua

1931 740 2138 794 cateris
2166 742 2439 811 competit,
2462 758 2523 799 ac
2548 759 2829 802 commune
2857 757 2939 802 est
2963 764 2978 813 ;
3006 756 3062 802 at
3090 747 3341 817 templum
3369 749 3495 803 illud

1932 826 2257 883 inaccessum
2282 844 2401 885 esse
2421 834 2685 901 nequitia,
2706 849 2877 903 neque
2897 836 3315 904 experimentum
3334 835 3494 890 ullum

1932 918 2147 971 malitia
2170 919 2363 976 habere
2386 961 2401 987 ,
2434 922 2535 977 hoc
2560 939 2754 979 novum
2776 965 2791 989 ,
2823 926 2922 979 hoc
2948 925 3263 995 stupendum
3294 933 3376 981 cst
3398 964 3413 990 ,
3441 933 3496 980 tt

1932 1007 2029 1075 ipsi
2060 1010 2157 1063 soli
2180 1012 2447 1081 competit.
2473 1012 2701 1083 Ideoque
2724 1025 2777 1068 et
2796 1014 2896 1068 hoc
2916 1025 2969 1069 et
2992 1015 3117 1068 illud
3146 1014 3340 1084 posuit.
3369 1013 3488 1069 Non

1931 1098 2073 1151 enim
2104 1106 2224 1167 post
2251 1101 2671 1169 experimentum
2700 1103 2914 1158 malitia
2949 1118 2978 1156 a
3018 1103 3215 1158 malitia
3242 1102 3442 1158 abstitit
3468 1142 3489 1170 ,

1931 1187 2099 1257 inquit
2134 1226 2150 1253 ,
2181 1188 2274 1243 sed
2303 1190 2369 1244 ab
2397 1190 2510 1259 ipso
2540 1191 2798 1262 principio
2826 1202 2881 1247 et
2906 1192 3126 1247 exordio
3149 1207 3361 1247 omnem
3386 1192 3494 1247 vir-

1932 1286 2096 1333 tutem
2126 1278 2383 1334 exhibuit.
2410 1280 2559 1347 Quod
2582 1291 2637 1337 et
2654 1282 2764 1352 ipse
2785 1283 2857 1335 ait
2884 1298 2899 1336 :
2934 1283 3059 1347 Quis
3084 1297 3146 1336 ea:
3172 1283 3294 1351 ipsis
3318 1289 3498 1352 arguet

1930 1385 2009 1422 me
2036 1369 2099 1422 de
2121 1371 2363 1439 peccato?
2389 1380 2444 1425 et
2471 1387 2487 1424 :
2524 1370 2668 1425 Venit
2699 1374 2929 1441 princeps
2953 1373 3105 1444 hujus
3126 1373 3304 1424 mundi
3333 1411 3348 1436 ,
3372 1381 3419 1425 et
3443 1373 3497 1424 in

1930 1474 2009 1511 me
2031 1474 2130 1511 non
2160 1459 2305 1513 habet
2327 1460 2585 1530 quidpiam
2606 1460 2780 1530 (Joan.
2806 1462 2859 1516 8.
2889 1460 2977 1515 46.
3000 1469 3044 1513 et
3072 1462 3159 1515 14.
3188 1459 3299 1528 30).

2005 1548 2058 1601 7.
2097 1548 2269 1618 Atque
2312 1548 2398 1604 hic
2442 1552 2553 1619 ipse
2602 1551 2856 1619 prOpheta
2904 1551 2956 1604 in
3004 1550 3344 1620 sequentibus
3384 1550 3496 1606 ait:

1930 1636 2203 1692 Peccatum
2236 1655 2335 1691 non
2360 1639 2495 1707 fecit,
2528 1656 2683 1708 neque
2707 1640 2853 1693 dolus
2879 1640 3103 1693 inuentus
3123 1648 3193 1694 est
3213 1640 3264 1693 in
3289 1655 3374 1695 ore
3390 1642 3499 1711 ejus

1933 1727 2083 1797 (Isai.
2116 1728 2203 1782 53.
2246 1728 2321 1796 9).
2366 1727 2477 1782 Hoc
2505 1736 2650 1783 certe
2679 1738 2731 1783 et
2769 1728 2869 1783 hoc
2906 1729 3023 1784 loco
3046 1729 3141 1795 ait,
3173 1729 3292 1799 quia
3322 1731 3499 1798 prius-

1929 1831 2086 1885 quam
2122 1817 2255 1872 sciat
2298 1817 2410 1886 ipse
2449 1817 2532 1871 vel
2574 1818 2708 1871 mala
2740 1818 3075 1888 praeﬁgere,
3120 1818 3187 1872 ab
3223 1829 3378 1873 atate
3407 1817 3498 1873 illa

1928 1905 2127 1960 nullum
2158 1914 2372 1974 experta
2420 1906 2613 1959 malum
2639 1946 2655 1971 ,
2702 1906 2769 1960 ab
2807 1907 2921 1975 ipso
2958 1906 3218 1977 principio
3250 1906 3496 1961 virtutem

1926 1995 2193 2062 ostendet,
2241 1994 2475 2065 nihilque
2515 2012 2633 2050 cum
2682 1997 2909 2066 nequitia
2948 2011 3226 2051 commune
3262 1996 3495 2052 habebit.

1928 2087 2063 2153 Quia
2112 2089 2400 2158 priusquam
2446 2090 2570 2142 sciat
2614 2104 2736 2157 puer
2779 2088 2960 2141 bonum
3002 2096 3092 2141 aut
3136 2088 3356 2152 malum,
3395 2104 3498 2141 non

1926 2178 2233 2247 obtemperat
2269 2176 2507 2244 malitia,
2551 2185 2605 2231 ut
2632 2177 2780 2246 eligat
2820 2176 3018 2229 bonum.
3052 2176 3278 2231 Rursum
3307 2175 3493 2231 iisdem

1926 2267 2103 2324 verbis
2140 2268 2381 2323 eamdem
2422 2268 2733 2322 sententiam
2779 2267 3100 2333 subindicat,
3135 2277 3189 2322 et
3225 2267 3278 2321 in
3307 2266 3495 2322 eodem

1926 2365 2167 2412 versatur
2193 2372 2458 2412 sermone.
2488 2357 2617 2423 Quia
2650 2357 2789 2411 enim
2820 2356 3102 2411 admodum
3133 2356 3355 2411 sublime
3382 2362 3499 2411 erat

1926 2445 1977 2499 id
1999 2444 2137 2514 quod
2161 2444 2452 2509 dicebatur,
2472 2444 2783 2498 narrationis
2800 2444 3187 2499 continuatione
3210 2444 3305 2512 ipsi
3335 2442 3492 2498 fidem

1929 2535 2197 2590 conciliat.
2235 2534 2384 2600 Quod
2410 2536 2550 2590 enim
2578 2550 2735 2605 supra
2765 2534 3053 2589 declaravit
3074 2533 3253 2589 dicens
3276 2550 3290 2587 :
3312 2533 3495 2588 Prius—

1923 2641 2073 2694 quam
2097 2626 2220 2678 sciat
2244 2626 2349 2693 ipse
2376 2626 2452 2679 vel
2472 2626 2759 2695 praeﬁgere
2782 2628 2937 2691 mala,
2967 2622 3068 2679 hoc
3095 2634 3276 2696 postea
3299 2623 3484 2678 subin-

1924 2714 2118 2768 dicavit
2145 2712 2362 2780 dicens,
2399 2712 2701 2781 Priusquam
2736 2714 2861 2769 sciat
2892 2729 3047 2782 puer;
3071 2723 3123 2767 et
3159 2713 3495 2767 enarratione

1923 2818 2132 2858 rursum
2161 2804 2323 2859 utitur
2354 2803 2784 2859 dicens:Bonum
2810 2812 2898 2857 aut
2926 2804 3147 2869 malum,
3177 2818 3277 2856 non
3302 2804 3492 2856 obtem-

1924 2903 2068 2965 perat
2092 2896 2316 2961 malitiat,
2346 2904 2401 2948 ut
2428 2896 2578 2965 eligat
2605 2896 2807 2948 bonum.
2837 2894 3002 2962 Hujus
3028 2894 3166 2948 enim
3197 2892 3359 2948 solius
3380 2902 3496 2949 erat

1925 2985 2038 3039 hac
2061 2984 2422 3053 prarogativa.
2441 2983 2561 3038 Ideo
2581 2994 2635 3039 et
2654 2983 2846 3039 Paulus
2860 2982 2961 3039 hoc
2979 2982 3188 3038 assidue
3216 2992 3416 3048 versat,
3439 2990 3495 3037 et

1920 3071 2156 3128 Joannes
2189 3072 2374 3127 videns
2416 3072 2600 3139 illum,
2648 3072 2752 3127 hoc
2796 3071 3119 3141 pradicavit.
3165 3070 3297 3124 Ecce
3332 3087 3492 3141 agnus

1920 3162 2020 3217 Dei
2038 3163 2121 3233 qui
2146 3164 2275 3217 tollit
2294 3173 2544 3234 peccatum
2572 3164 2750 3217 mundi
2772 3162 2950 3233 (Joan.
2980 3163 3030 3217 1.
3059 3161 3170 3233 29).
3193 3162 3292 3227 Qui
3312 3171 3489 3216 autem

1920 3252 2142 3308 aliorum
2170 3262 2381 3323 peccata
2410 3253 2664 3317 tollebat,
2694 3251 2861 3307 multo
2887 3251 3051 3321 magis
3080 3251 3190 3322 ipse
3218 3265 3247 3303 a
3273 3261 3493 3321 peccato

1921 3342 2171 3399 immunis
2200 3353 2333 3399 erat.
2365 3344 2429 3398 Et
2454 3344 2666 3410 Paulus,
2694 3353 2751 3398 ut
2779 3343 2937 3398 modo
2960 3342 3217 3409 dicebam,
3246 3342 3493 3414 frequen-

1921 3441 2005 3488 ter
2028 3433 2252 3502 idipsum
2278 3433 2489 3488 clamat.
2509 3434 2637 3499 Quia
2664 3433 2801 3487 enim
2830 3432 2917 3487 ille
2940 3432 3223 3487 moriturus
3248 3440 3392 3500 erat,
3419 3447 3491 3489 ne

1919 3524 2039 3594 quis
2064 3524 2349 3578 infidelium
2372 3531 2597 3592 putaret,
2620 3523 2791 3591 ipsum
2816 3522 3014 3591 peccati
3038 3523 3117 3577 sui
3138 3520 3262 3576 dare
3281 3536 3488 3592 papas,

1920 3612 2229 3684 frequenter
2254 3617 2370 3681 ejus
2398 3612 2887 3682 impeccabilitatem
2914 3612 2967 3667 in
2991 3612 3220 3668 medium
3246 3612 3488 3681 adducit,

1918 3712 1979 3758 ut
1997 3711 2221 3757 mortem
2243 3702 2407 3772 ipsius
2428 3702 2627 3772 peccati
2651 3703 2815 3757 nostri
2836 3700 3151 3757 solutionem
3174 3715 3291 3757 esse
3310 3710 3491 3757 osten-

1918 3792 2089 3849 deret.
2111 3792 2461 3861 Quamobrem
2481 3789 2952 3847 dicebat:CItristus
2974 3808 3232 3861 resurgens
3257 3808 3318 3845 ea:
3344 3808 3484 3846 mor-

1922 3883 2042 3949 tuis,
2063 3884 2167 3950 iam
2190 3899 2287 3937 non
2308 3882 2538 3935 nwritur.
2559 3881 2754 3935 Etenim
2773 3880 2905 3950 quod
2925 3890 3150 3934 mortuus
3170 3890 3261 3947 est,
3285 3890 3486 3950 peccato

1920 3981 2145 4025 mortuus
2171 3982 2243 4025 est
2272 3970 2444 4041 (Rom.
2475 3971 2526 4025 6.
2560 3970 2613 4025 9.
2642 3968 2751 4041 10).
2778 3970 2955 4040 Neque
2982 3978 3153 4026 morte
3186 3970 3273 4025 illa
3292 4011 3307 4039 ,
3337 3971 3488 4040 quasi

1919 4077 2059 4127 reus,
2087 4062 2273 4131 inquit,
2293 4061 2582 4117 secundum
2606 4063 2863 4117 rationem
2891 4064 3086 4132 peccati
3107 4072 3345 4118 mortuus
3369 4072 3483 4129 est;

1918 4150 2011 4206 sed
2039 4166 2135 4221 pro
2162 4152 2428 4205 communi
2471 4152 2706 4206 omnium
2743 4151 2959 4207 delicto.
3009 4152 3064 4207 Si
3106 4152 3280 4222 itaque
3323 4154 3487 4222 priori

1918 4243 2074 4296 morti
2096 4241 2383 4297 secundum
2405 4240 2507 4295 hoc
2525 4242 2782 4297 obnoxius
2802 4257 2905 4297 non
2922 4252 3053 4306 erat.
3076 4244 3203 4297 satis
3220 4257 3485 4313 superque

1919 4330 2334 4386 demonstratum
2380 4342 2479 4393 est.
2532 4332 2701 4402 ipsum
2752 4346 2856 4387 non
2900 4333 3122 4402 amplius
3171 4334 3485 4390 moriturum

1918 4435 2057 4475 esse.
2090 4418 2158 4473 Et
2195 4422 2561 4488 derelinquctur
2604 4430 2755 4487 terra,
2801 4438 2949 4491 quam
2992 4434 3045 4475 tu
3086 4424 3259 4489 times,
3297 4442 3329 4479 a
3357 4427 3483 4497 facit

1918 4510 2129 4564 duorum
2170 4526 2364 4579 regum.
2407 4509 2557 4575 Quod
2600 4510 2901 4581 frequenter
2940 4510 3065 4567 facit
3104 4514 3387 4583 praplteta,
3432 4516 3481 4571 id

1916 4598 2073 4653 etiam
2118 4596 2242 4651 fecit
2270 4599 2370 4652 hoc
2406 4597 2544 4653 loco.
2592 4598 2720 4653 Post
2761 4598 3089 4669 prophetiam
3117 4600 3183 4655 ad
3210 4601 3479 4657 historiam

1914 4700 2213 4741 sermonem
2244 4687 2466 4741 reducit.
2510 4688 2623 4743 Hoc
2651 4688 2808 4744 etiam
2843 4688 2999 4743 modo
3031 4690 3167 4745 circa
3207 4690 3476 4759 Seraphim

1913 4789 1974 4831 se
2013 4776 2242 4847 gessisse
2284 4778 2561 4847 perspicue
2602 4778 2962 4847 ostendimus,
3001 4778 3141 4850 quod
3190 4781 3345 4834 etiam
3395 4780 3472 4837 hic

1914 4867 2105 4922 effecit.
2139 4867 2268 4923 Cum
2298 4870 2648 4924 enarravisset
2692 4870 2833 4925 enim
2878 4871 3012 4925 bona
3053 4869 3166 4926 orbi
3219 4878 3473 4929 terrarum

1914 4957 2203 5012 obventura
2223 4997 2239 5024 ,
2290 4958 2356 5011 ad
2402 4972 2579 5027 regem
2624 4957 2834 5013 demum
2876 4972 3172 5013 sermonem
3197 4959 3478 5019 convertit.

1914 5047 2038 5104 ldeo
2082 5048 2197 5103 hac
2234 5049 2502 5119 subjungit
2531 5067 2543 5103 :
2572 5048 2950 5115 Deretinquetur
2991 5058 3142 5104 terra.
3187 5049 3322 5117 Quid
3372 5059 3473 5116 est,

1912 5138 2330 5209 Derelinquetur?
2346 5138 2541 5193 Intacta
2560 5140 2677 5205 erit,
2702 5137 2866 5195 libera
2885 5138 3036 5207 erit',
3052 5139 3181 5194 nihil
3198 5140 3475 5196 molestum

1913 5232 2177 5303 patietur,
2203 5230 2325 5286 belli
2355 5229 2489 5283 mala
2529 5244 2632 5284 non
2678 5229 2974 5285 sustinebit.
3014 5228 3083 5283 Et
3111 5230 3477 5301 dcrelinquetur

1912 5328 2075 5387 terra,
2102 5335 2250 5389 quam
2275 5327 2327 5370 tu
2357 5318 2526 5384 times,
2556 5331 2651 5389 pro
2674 5333 2775 5389 qua
2802 5317 3070 5385 formidas,
3100 5333 3199 5389 pro
3225 5333 3326 5387 qua
3356 5328 3465 5373 tre-

1908 5414 2031 5478 mis,
2072 5426 2104 5463 a
2131 5410 2259 5478 facie
2299 5408 2511 5462 duorum
2559 5425 2765 5479 regum;
2818 5409 3125 5465 Damasceni
3177 5423 3364 5478 nempe
3416 5419 3474 5465 ct

1910 5502 2180 5559 Israelita.
2208 5499 2403 5555 Deinde
2426 5515 2492 5555 ne
2514 5516 2607 5569 per
2622 5500 2877 5557 bonorum
2904 5501 3228 5574 prophetiam
3256 5500 3470 5573 segnior

1972 5635 1989 5665 ι
2025 5639 2139 5692 Reg.
2168 5637 2220 5679 et
2240 5630 2377 5681 Savil.
2403 5631 2512 5692 hoc,
2534 5631 2684 5682 libera
2705 5631 2814 5691 erit,
2833 5634 3089 5685 omittunt:
3115 5632 3203 5684 sed
3225 5630 3390 5686 lor-el.
3410 5642 3464 5687 st

1909 5701 2069 5746 navar.
2096 5693 2295 5759 habent,
2321 5702 2373 5746 et
2387 5693 2661 5746 Tilmannus
2683 5696 2748 5745 ita
2768 5694 2901 5759 legit.
