4058 6216
527 390 600 445 87
1235 371 1293 428 S.
1331 367 1609 428 JOANNIS
1644 357 2113 422 CHRYSOSTOMI
2153 355 2471 416 ABCHIEP.
2511 355 3044 417 CONSTANTINOP.
3717 375 3790 431 38

529 490 801 556 evaderet,
834 503 932 546 nec
953 503 1045 560 per
1066 500 1248 556 pacem
1276 484 1507 545 mollior,
1524 480 1638 551 ejus
1667 492 1850 535 rursus
1877 475 2112 531 animum

533 579 842 650 ocrstringit
864 579 1048 633 dicens
1072 599 1085 635 :
1111 579 1198 631 17.
1232 575 1337 630 Sed
1368 573 1586 627 adducet
1631 571 1762 624 Deus
1790 584 1940 638 super
1968 575 2035 631 te,
2065 573 2114 618 et

529 689 682 741 super
702 673 947 742 papulum
975 679 1149 735 tuum,
1191 677 1239 722 et
1277 682 1428 736 super
1463 663 1664 718 domum
1695 662 1850 732 patris
1872 659 1942 712 tui
1972 658 2108 720 dies,

528 765 614 831 qui
657 763 879 817 nondum
917 770 1154 817 venerunt
1192 775 1256 814 ea:
1297 775 1393 828 quo
1436 757 1516 811 die
1553 755 1756 808 abstulit
1796 751 2041 820 Ephraim
2081 765 2112 801 a

531 853 670 905 Juda
697 870 861 922 regem
890 853 1228 922 Assyriorum.
1256 850 1357 904 Per
1387 848 1500 901 haec
1527 846 1666 900 enim
1699 844 1894 897 indicat
1920 841 2111 894 barba-

533 957 712 998 rorum
746 945 1112 1013 irruptiouem,
1145 957 1249 1012 qua
1273 939 1458 994 urbem
1487 953 1518 991 a
1545 933 1903 990 fundamentis
1931 932 2110 986 dirue-

528 1042 675 1095 runt,
707 1035 940 1104 ipsisque
966 1036 1016 1089 in
1045 1034 1398 1102 captivitatem
1430 1029 1667 1097 abreptis
1691 1026 1955 1079 abierunt.
1987 1023 2110 1077 Hac

533 1139 660 1178 vero
690 1124 949 1192 prcedicit,
994 1139 1096 1176 non
1127 1131 1184 1175 ut
1224 1121 1492 1183 eveniant,
1525 1117 1618 1172 sed
1650 1124 1707 1171 ut
1735 1123 1878 1170 metu
1907 1121 2108 1180 tempe-

538 1213 798 1269 rantiores
825 1213 967 1278 facti,
993 1212 1456 1266 comminationem
1480 1207 1778 1275 depulsent.
1797 1204 1930 1271 Quia
1952 1216 2110 1271 porro

535 1317 711 1372 neque
735 1319 796 1357 ex
819 1303 989 1367 bonis,
1014 1317 1131 1372 qua:
1154 1311 1347 1371 praeter
1367 1299 1610 1353 meritum
1633 1293 1942 1362 consequuti
1965 1299 2108 1357 sunt,

533 1393 782 1448 meliores
809 1403 933 1447 sunt
955 1392 1127 1447 effecti
1155 1389 1319 1460 (quod
1345 1390 1486 1444 enim
1514 1396 1708 1459 prmter
1729 1385 1973 1439 meritum
1997 1382 2110 1437 haec

539 1483 845 1551 consequuti
877 1483 1016 1546 sint,
1049 1479 1279 1535 oetendit
1306 1481 1444 1549 regis
1470 1479 1679 1534 animus
1721 1485 1774 1531 et
1817 1475 2002 1544 ingens
2027 1473 2110 1526 in-

537 1570 843 1641 credulitas)
867 1612 882 1635 ,
928 1587 1101 1641 neque
1129 1571 1443 1626 terribilium
1484 1569 1894 1625 comminatione
1924 1565 2112 1620 mutati

533 1669 703 1724 sunt,
757 1661 851 1716 sed
905 1662 1114 1731 utrique
1160 1661 1377 1716 salutari
1428 1661 1713 1730 pharmace
1769 1659 2114 1713 vehementer

535 1749 871 1818 obstiterunt,
901 1751 1189 1806 sectionem
1216 1751 1429 1807 demum
1458 1748 1850 1820 profundiorem
1881 1746 2067 1817 inï¬‚igit
2095 1785 2111 1809 ,

538 1842 856 1897 exscindens
905 1843 1168 1914 putridum
1213 1843 1382 1908 ulcus,
1431 1852 1484 1898 et
1527 1839 1896 1896 immedicabili
1928 1839 2114 1893 morbo

537 1935 844 1989 laborantes
871 1949 1137 1990 rcsecans.
1170 1935 1306 2001 Quid
1342 1934 1440 1989 sibi
1471 1933 1583 1986 vult
1612 1932 1737 1986 illud
1756 1972 1770 1998 ,
1803 1931 1884 1984 Ea:
1911 1945 2008 2000 quo
2034 1930 2117 1983 die

539 2024 740 2077 abstulit
769 2023 1016 2095 Ephraim
1048 2043 1080 2078 a
1115 2025 1150 2080 J
1156 2027 1260 2078 uda
1282 2042 1445 2095 regem
1486 2022 1844 2093 Assyriorum?
1873 2022 2115 2091 lrrupere

538 2113 752 2169 barbari
794 2116 911 2169 illos
948 2131 1132 2172 omnes
1169 2115 1480 2181 abducturi;
1529 2114 1624 2169 sed
1667 2113 1878 2167 omissis
1902 2111 2034 2166 Juda
2062 2121 2118 2167 et

540 2203 746 2260 duabus
777 2205 1017 2260 tribubus
1038 2246 1052 2270 ,
1099 2217 1280 2261 contra
1318 2205 1477 2259 Israel
1520 2203 1762 2258 conversi
1793 2210 1933 2256 sunt.
1964 2201 2114 2265 Quod

540 2294 702 2364 igitur
729 2295 885 2362 dicit,
933 2295 1032 2350 hoc
1062 2296 1246 2351 estzA
1283 2295 1368 2350 die
1413 2294 1525 2360 illo,
1571 2309 1675 2363 quo
1716 2293 1898 2347 decem
1951 2293 2115 2347 tribus

539 2385 885 2441 barbarorum
913 2390 1198 2443 exercitum
1228 2387 1294 2442 ad
1323 2404 1381 2443 se
1425 2387 1757 2456 pertrahent,
1789 2401 1816 2439 a
1860 2384 2115 2453 vobisque

538 2489 800 2545 averterit,
838 2481 905 2535 ob
934 2481 1130 2550 peceati
1161 2480 1240 2535 sui
1268 2479 1706 2550 magnitudinem,
1737 2478 1905 2546 iisque
1930 2476 2118 2531 adver-

542 2585 634 2624 sus
659 2587 716 2626 se
741 2573 973 2628 evocatis
997 2573 1238 2629 abductae
1275 2581 1462 2629 erunt:
1493 2573 1558 2626 ab
1587 2571 1697 2634 illo,
1729 2571 1965 2639 inquam,
1998 2569 2114 2636 die,

543 2661 730 2715 timere
759 2671 812 2716 et
838 2662 1120 2718 formidare
1144 2663 1358 2718 demum
1392 2670 1622 2731 oportet.
1662 2660 1933 2729 Progressi
1963 2675 2118 2714 nam-

543 2765 667 2818 que,
701 2751 765 2804 ad
796 2767 886 2805 vos
915 2753 1074 2807 etiam
1103 2753 1352 2818 venient,
1385 2752 1486 2806 nisi
1518 2751 1856 2819 resipiscatis.
1886 2752 2115 2819 Aitque:

542 2841 626 2893 Ab
649 2840 739 2894 illo
759 2841 842 2896 die
863 2843 1089 2898 adducet
1107 2859 1216 2898 eos.
1239 2843 1351 2898 Non
1373 2843 1514 2898 enim
1540 2842 1697 2896 simul
1723 2857 1842 2896 cum
1870 2841 2120 2897 Israel-itas

544 2930 934 2988 abducerentur
957 2974 972 3000 ,
1018 2934 1091 2989 illi
1131 2934 1270 3004 capti
1312 2941 1456 3002 sunt,
1485 2932 1577 2988 sed
1609 2947 1792 3004 parum
1823 2931 2120 2988 intercessit

545 3022 819 3089 temporis.

618 3110 671 3164 8.
700 3110 849 3178 Quod
875 3113 1031 3182 igitur
1059 3114 1202 3182 dicit,
1227 3113 1332 3169 hoc
1353 3123 1451 3179 est,
1484 3114 1708 3170 Decreto
1735 3127 1832 3168 suo
1858 3121 1982 3168 tunc
2006 3114 2120 3171 dies

546 3198 664 3255 illas
705 3200 1158 3261 induxissetzsed
1201 3206 1540 3276 exspectabat
1569 3206 1737 3272 Deus,
1779 3214 1832 3260 et
1864 3206 2122 3274 patienter

549 3288 772 3355 ferebat,
822 3295 1027 3347 etiamsi
1073 3295 1180 3363 jam
1230 3305 1353 3350 tunc
1403 3305 1616 3365 peccata
1663 3295 1920 3365 supplicio
1965 3295 2121 3365 digna

548 3392 754 3448 essent;
801 3383 850 3436 id
878 3385 1014 3454 quod
1044 3401 1184 3454 smpe
1222 3386 1397 3442 facere
1423 3386 1730 3452 consuevit,
1758 3397 1814 3442 ut
1840 3401 1960 3442 cum
1989 3389 2125 3444 assi-

549 3483 738 3542 gnatus
767 3476 880 3531 dies
920 3478 1220 3545 advenerit,
1249 3478 1420 3534 adhuc
1445 3479 1798 3548 procrastinet
1824 3488 1876 3533 et
1903 3489 2122 3535 cuncte-

549 3573 663 3630 tur;
706 3567 845 3636 quod
876 3579 958 3623 est
1005 3573 1289 3626 maximum
1334 3572 1632 3627 clementia:
1678 3572 1793 3641 ejus
1837 3572 2119 3639 indicium,

550 3668 756 3708 necnon
776 3669 1142 3726 argumentum
1167 3662 1509 3730 conspicuum
1531 3661 1716 3730 ingrati
1739 3676 1922 3716 eorum
1939 3663 2121 3726 animi,

549 3743 639 3810 qui
669 3746 782 3813 ejus
825 3748 1144 3817 indulgentia
1194 3751 1408 3816 nolunt,
1441 3760 1497 3805 ut
1530 3767 1625 3821 par
1663 3760 1840 3818 esset,
1887 3753 1980 3806 uti.
2014 3752 2125 3808 Hoc

551 3834 709 3902 igitur
735 3837 806 3890 ait
835 3839 932 3892 hoc
963 3840 1102 3906 loco,
1129 3841 1238 3910 jam
1267 3851 1391 3896 tunc
1417 3857 1608 3912 nempe
1629 3844 2120 3909 comminationem,

544 3923 654 3991 jam
683 3935 806 3981 tunc
836 3927 1063 3983 divinam
1097 3933 1226 3986 iram
1257 3932 1510 3998 adfuisse,
1534 3943 1591 3986 ut
1612 3933 1868 4002 supplicio
1890 3934 1955 3988 ad
1986 3935 2124 3991 fores

551 4014 801 4083 adducto,
829 4021 1083 4075 excitaret
1121 4022 1184 4075 ad
1216 4023 1580 4092 pmnitentiam
1604 4063 1618 4090 ,
1651 4025 1901 4079 meliores
1931 4025 2125 4081 redde-

549 4113 652 4170 ret,
682 4117 734 4158 et
763 4118 882 4175 post
911 4109 1117 4164 illorum
1147 4112 1407 4167 excidium
1441 4113 1490 4167 in
1521 4127 1718 4184 angore
1747 4116 2124 4183 constitueret,

549 4208 742 4263 neque,
778 4198 897 4264 quia
927 4199 1000 4252 illi
1041 4200 1251 4255 abducti
1290 4202 1531 4269 fuerant,
1566 4203 1618 4257 hi
1651 4219 1779 4260 vero
1805 4205 2124 4276 effugerant,

550 4284 669 4339 ideo
693 4289 964 4358 segniores
995 4293 1203 4347 fierent.
1237 4293 1324 4348 18.
1355 4295 1425 4348 Et
1451 4297 1542 4348 erit
1568 4296 1619 4348 in
1646 4296 1728 4350 die
1756 4299 1845 4350 illa
1865 4341 1877 4364 ,
1913 4301 2129 4353 sibilabit

552 4376 800 4430 Dominus
853 4382 1072 4447 muscis,
1125 4400 1236 4454 qua:
1287 4385 1678 4439 dominabuntur
1724 4388 1858 4455 parti
1905 4391 2129 4458 ï¬‚uminis

549 4466 786 4539 á½¢Ï†ÎµÎ»Îµ)Î¹á½°
817 4471 999 4528 Videnâ€˜
1023 4492 1106 4530 me
1129 4492 1231 4530 non
1258 4476 1456 4532 frustra
1483 4478 1701 4542 dixisse,
1729 4479 1898 4548 ipsum
1927 4490 2128 4535 metum

547 4576 743 4629 augere
769 4565 1054 4633 volentem,
1086 4568 1153 4623 ab
1169 4570 1258 4623 illa
1276 4569 1361 4625 die
1379 4571 1845 4626 comniinationem
1865 4570 2124 4628 intulisse.

548 4651 677 4716 Quae
698 4665 990 4722 sequuntur
1017 4659 1192 4726 itaque
1216 4660 1316 4714 hoc
1343 4660 1594 4726 indicant,
1620 4662 1766 4730 queis
1787 4661 1947 4717 verbo
1970 4664 2128 4716 timoâ€”

551 4756 664 4795 rem
697 4744 902 4810 incutit,
932 4748 1195 4805 exercitus
1218 4750 1319 4802 illis
1339 4750 1639 4816 declarans,
1663 4752 1750 4820 qui
1770 4751 2129 4807 formidabiles

551 4835 679 4902 ipsis
706 4846 858 4889 erant
879 4878 892 4901 ,
923 4847 975 4891 et
1008 4839 1292 4894 invasionis
1320 4841 1624 4897 facilitatem
1654 4842 2045 4909 demonstrans,
2078 4843 2129 4898 id

549 4926 689 4993 quod
715 4927 834 4981 illos
860 4929 1139 4984 admodum
1171 4932 1511 5000 percellebat,
1541 4937 1806 4989 exercitus
1831 4935 2128 4990 multitudi-

552 5030 673 5069 nem
693 5017 928 5074 iudicans
947 5021 984 5084 Â¹,
1004 5021 1141 5090 quod
1165 5021 1374 5077 illorum
1396 5023 1601 5077 animos
1622 5025 1852 5079 maxime
1876 5027 2125 5082 terrebat.

552 5105 679 5161 Î™Î™Ï‰Î¿
709 5126 868 5177 porro
895 5115 1070 5168 omnia
1108 5114 1158 5167 in
1203 5116 1543 5184 sequentibus
1583 5115 1952 5172 subindicavit.
1998 5119 2131 5172 Ani-

555 5213 697 5250 mum
723 5210 898 5255 autem
927 5204 1118 5261 adhibe
1146 5222 1158 5257 :
1191 5204 1255 5258 Et
1282 5206 1372 5260 erit
1392 5207 1443 5260 in
1472 5205 1552 5259 die
1573 5205 1681 5270 illa,
1707 5206 1893 5274 inquit,
1918 5207 2135 5262 sibilabit

555 5286 802 5343 Dominus
850 5295 1052 5349 muscis.
1102 5296 1310 5351 Muscas
1357 5296 1442 5352 hic
1484 5298 1693 5352 vocavit
1729 5296 2034 5368 Egyptios,
2065 5300 2133 5354 ob

557 5379 935 5450 impudentiam
963 5394 1016 5439 et
1046 5387 1495 5455 inverecundiam,
1521 5387 1728 5457 etquod
1749 5403 1892 5458 saepe
1912 5389 2130 5459 repulsi,

623 5553 636 5582 Â¹
671 5557 796 5629 fteg.
819 5563 870 5603 et
892 5554 1308 5629 Savilqâ€˜exercitus
1326 5559 1803 5629 gladiumindicans.
1819 5563 1910 5612 Sed
1933 5564 2136 5629 savilius

549 5613 602 5684 in
619 5613 840 5684 margine
859 5619 1007 5677 ponit,
1035 5613 1154 5679 forte
1171 5613 1412 5684 exercitus
1436 5624 1642 5684 agmina.
1661 5613 1810 5674 Porro
1831 5632 2009 5683 Greece,
2035 5613 2135 5684 qia;

545 5672 656 5724 dius
673 5672 1015 5747 interpretatur
1027 5672 1142 5747 iisâ€œ,
1151 5682 1341 5747 agmina
1367 5672 1499 5742 Î½ÎµÎ¹-á½…,
1514 5702 1635 5747 ÏƒÏ„á¿–á¿³Ï‚
1650 5672 1805 5744 {unde
1822 5672 2134 5738 similitudine

549 5745 721 5786 vocum
745 5738 919 5789 ductus
937 5738 1078 5792 unam
1101 5738 1240 5794 altÃ©ri
1264 5738 1660 5797 substituendani
1678 5750 1947 5814 suspicatus
1971 5761 2064 5801 est.

2218 486 2362 543 smpe
2390 473 2684 540 instarent,
2714 490 2888 546 neque
2919 477 3181 535 tantillum
3211 482 3475 554 respirare
3504 485 3632 557 ipsis
3659 501 3791 544 con.

2218 562 2492 632 cederent,
2523 565 2617 620 sed
2643 581 2787 636 saepe
2810 567 2914 624 illis
2938 582 3187 626 sexcenta
3213 576 3420 644 negotia
3447 576 3788 644 facesserent.

2219 663 2276 706 ut
2301 669 2498 710 muscae
2525 657 2852 726 vulneribus,
2878 661 2958 716 sic
2981 665 3231 720 continue
3257 667 3491 736 ipsorum
3524 672 3788 728 calamita-

2217 745 2358 798 tibus
2385 746 2710 803 insistentes.
2745 751 2852 807 Hos
2881 752 3040 821 igitur
3080 756 3238 813 ducet
3276 759 3441 827 Deus;
3479 778 3580 818 nec
3617 773 3793 824 tamen

2216 834 2371 900 dixit,
2401 836 2584 904 Ducet,
2615 839 2707 896 sed
2731 842 2984 911 Sibilabit,
3007 844 3312 903 facilitatem
3338 866 3592 909 ascensus
3614 865 3793 913 osten-

2217 925 2371 991 dens,
2417 938 2472 983 et
2521 931 2982 1002 inexpugnabilem
3028 937 3122 993 Dei
3176 943 3494 1010 potentiam,
3549 948 3795 1019 quodque

2217 1015 2444 1071 sufficiat
2469 1030 2627 1074 nutus
2653 1022 2768 1090 ejus
2793 1033 2850 1078 ut
2872 1027 3049 1081 omnia
3077 1039 3381 1097 sequantur.
3413 1015 3797 1107 Meritoqueâ€˜ab

2218 1105 2301 1161 his
2321 1111 2679 1166 comminandi
2710 1114 2914 1168 initium
2942 1115 3088 1170 ducit
3113 1135 3230 1187 quae
3251 1120 3358 1190 jam
3384 1127 3589 1193 experti
3617 1105 3792 1183 erant.

2216 1195 2286 1250 Et
2311 1199 2416 1267 api,
2440 1215 2552 1268 qua:
2573 1210 2646 1255 est
2668 1203 2720 1256 in
2743 1214 2872 1257 terra
2891 1206 3234 1277 Assyriorum.
3259 1211 3422 1282 Syrus
3442 1230 3496 1270 et
3516 1217 3790 1284 llebrazus,

2217 1297 2277 1343 ut
2301 1291 2466 1345 aiunt.
2509 1308 2611 1348 non
2645 1294 2858 1362 dicunt,
2889 1299 3030 1367 Apes
3049 1341 3063 1362 ,
3092 1303 3207 1369 sed,
3236 1303 3512 1362 Crabrones
3531 1309 3632 1382 (a).
3661 1311 3792 1379 Quia

2216 1382 2357 1436 enim
2387 1398 2492 1438 non
2518 1387 2636 1440 illos
2661 1389 2835 1444 adhuc
2854 1391 3139 1446 admodum
3169 1398 3372 1464 experti
3403 1409 3575 1468 erant,
3606 1402 3794 1460 insecti

2216 1471 2377 1542 hujus
2407 1475 2636 1545 imagine
2664 1479 2714 1533 in
2745 1480 3067 1536 anxietatem
3101 1484 3218 1539 illos
3251 1486 3517 1557 ingentem
3540 1493 3793 1561 conjicie-

2218 1561 2327 1626 bat,
2364 1562 2489 1619 hinc
2528 1565 2807 1623 declarans
2845 1571 3054 1627 illorum
3082 1573 3496 1643 vehementiam,
3526 1583 3792 1651 puugendi

2219 1653 2324 1708 vim
2353 1663 2510 1724 atque
2538 1659 2835 1728 pugnandi,
2867 1662 3147 1718 vulnerum
3192 1667 3564 1735 acerbitatem,
3593 1672 3793 1725 veloci-

2220 1753 2381 1800 tatem
2425 1747 2682 1804 adventus
2707 1791 2722 1818 ,
2767 1766 2826 1807 se
2866 1753 2934 1808 ab
2963 1755 3042 1810 eis
3073 1758 3251 1812 tuendi
3289 1758 3671 1819 difficultatem.
3705 1766 3792 1821 19.

2219 1836 2289 1892 Et
2316 1841 2509 1894 venient
2537 1851 2583 1896 et
2609 1845 2910 1912 requiescent
2946 1863 3119 1902 omnes
3156 1849 3209 1903 in
3239 1852 3447 1907 uallibus
3471 1855 3689 1926 regionis
3707 1898 3722 1923 ,
3750 1866 3795 1910 et

2218 1930 2270 1983 in
2299 1930 2630 1999 foraminibus
2667 1945 2955 2004 petrarum,
3001 1948 3048 1992 et
3087 1940 3138 1994 in
3180 1943 3460 2011 speluncis,
3509 1957 3556 1999 et
3584 1947 3797 2002 inomni

2220 2021 2425 2089 ï¬ssura,
2457 2033 2503 2076 et
2541 2024 2593 2077 in
2623 2028 2758 2079 omni
2803 2028 2959 2098 ligno.
2993 2028 3269 2085 Enarratis
3293 2034 3527 2102 gentium
3557 2042 3758 2091 terrore
3777 2079 3793 2104 ,

2219 2111 2591 2182 exercitusque
2646 2116 2953 2183 celeritate,
3009 2120 3399 2177 multitudinem
3446 2123 3657 2178 demum
3709 2141 3796 2184 re-

2220 2211 2420 2256 censet.
2446 2203 2560 2259 Non
2595 2205 2747 2273 dixit,
2764 2205 3306 2277 Castrametabuutur,
3320 2212 3432 2278 sed,
3450 2213 3795 2284 Requiescent,

2222 2307 2395 2361 neque
2422 2305 2674 2349 venturos
2699 2300 2846 2366 quasi
2867 2300 2932 2353 ad
2955 2300 3203 2356 hostilem
3223 2304 3513 2373 regionem,
3534 2307 3625 2361 sed
3647 2309 3798 2376 quasi

2221 2381 2276 2436 in
2309 2387 2521 2454 propria
2548 2387 2753 2442 deliciis
2773 2404 2833 2443 se
2855 2389 3150 2458 dedituros,
3172 2395 3320 2462 quasi
3345 2395 3488 2448 nullo
3509 2395 3688 2449 labore
3714 2397 3797 2450 vel

2221 2473 2597 2546 defatigatione
2625 2487 2839 2548 egeant,
2869 2482 2963 2536 sed
2991 2483 3139 2552 quasi
3170 2484 3233 2538 ad
3262 2495 3458 2540 certam
3489 2488 3760 2542 victoriam
3780 2528 3799 2555 ,

2222 2573 2277 2619 et
2303 2576 2533 2635 paratam
2566 2570 2816 2637 prmdam.
2842 2570 3045 2627 Idcirco
3067 2574 3159 2639 ait,
3188 2572 3393 2628 Venient
3413 2587 3458 2630 et
3477 2579 3798 2647 requiescens,

2224 2655 2365 2725 quod
2397 2659 2627 2714 victores
2669 2661 2901 2727 indicat,
2952 2671 3211 2733 tropznum
3255 2667 3552 2737 erigentes,
3597 2678 3804 2739 etpost

2224 2747 2452 2800 multum
2509 2749 2758 2804 sudorem
2811 2753 3112 2823 multasque
3158 2755 3334 2811 credes
3385 2760 3800 2828 requiescentes.

2222 2836 2405 2906 Neque
2433 2837 2487 2893 in
2514 2842 2800 2910 campestri
2830 2843 3000 2897 solum
3034 2845 3152 2900 loco
3177 2848 3538 2916 requiescent;
3561 2851 3653 2905 sed
3679 2851 3801 2922 quis

2225 2927 2486 2984 innnensa
2532 2941 2656 2986 sunt
2697 2933 3016 3002 multitudo,
3063 2951 3167 2991 non
3208 2952 3374 3008 capax
3408 2941 3509 2994 erit
3549 2943 3694 3012 regio
3725 2952 3802 2999 tot

2225 3035 2532 3090 corporum,
2563 3023 2657 3078 sed
2676 3025 2862 3090 valles,
2881 3037 3066 3095 petrae,
3093 3039 3321 3096 montes,
3348 3032 3533 3098 saltus,
3553 3045 3604 3089 et
3625 3039 3802 3089 omnia

2226 3113 2546 3185 obtegentur
2582 3112 2932 3175 barbarorum
2983 3124 3315 3192 corporibus.
3346 3126 3673 3195 Quamquam
3703 3131 3802 3184 etsi

2227 3222 2332 3261 non
2358 3217 2460 3264 tam
2486 3208 2690 3264 feroces
2711 3211 2950 3277 fuissent,
2968 3229 3137 3284 neque
3157 3215 3234 3269 sic
3262 3228 3510 3287 superata
3528 3218 3706 3274 faciles
3727 3221 3803 3291 (b)

2227 3307 2381 3352 erant
2401 3340 2416 3364 ,
2461 3300 2743 3356 multitudo
2772 3303 2967 3373 quippe
3002 3305 3297 3362 sufï¬ciebat
3321 3308 3385 3362 ad
3415 3309 3536 3364 illos
3563 3321 3804 3367 conster-

2229 3389 2708 3459 nendoszquando
2752 3402 2928 3448 autem
2969 3404 3253 3467 utrumque
3296 3397 3513 3465 aderat,
3561 3411 3616 3456 et
3663 3412 3805 3458 tanta

2231 3481 2543 3545 multitudo,
2575 3491 2628 3536 et
2657 3493 2760 3536 tam
2803 3485 2990 3553 ingens
3023 3489 3255 3554 potentia
3275 3529 3290 3555 ,
3320 3498 3372 3544 et
3401 3493 3539 3560 quod
3569 3493 3806 3549 omnium

2227 3571 2598 3638 gravissimum
2628 3582 2730 3636 est,
2764 3574 2838 3626 ira
2873 3575 2965 3630 Dei
2997 3577 3291 3632 exercitum
3318 3579 3536 3646 ducens,
3567 3598 3683 3651 quae
3714 3582 3808 3640 de-

2231 3679 2374 3717 tuum
2403 3679 2525 3732 spes
2563 3665 2780 3719 salutis?
2813 3667 2940 3721 Illud
2968 3683 3098 3723 vero
3119 3710 3134 3736 ,
3164 3668 3231 3724 In
3272 3673 3407 3726 omni
3437 3675 3651 3742 ï¬ssura,
3683 3685 3730 3730 et
3756 3679 3808 3731 in

2232 3755 2366 3806 onmi
2400 3753 2537 3823 ligna
2562 3795 2576 3821 ,
2623 3754 2966 3826 hyperbolice
2999 3759 3200 3814 dictum
3229 3771 3331 3818 est.
3360 3763 3542 3834 Neque
3577 3767 3720 3822 enim
3755 3768 3808 3825 in

2230 3844 2512 3899 arboribus
2541 3857 2692 3900 erant
2720 3848 2952 3916 requiem
2990 3852 3229 3919 capturi;
3263 3854 3354 3907 sed
3385 3856 3562 3921 simul,
3593 3866 3649 3912 ut
3676 3858 3806 3916 dixi.

2231 3936 2575 4008 hyperbolem
2607 3938 2833 3994 obscure
2859 3940 3126 4008 adhibuit,
3177 3955 3230 3998 ct
3275 3945 3327 3998 in
3357 3949 3667 4016 metaphora
3692 3966 3807 4005 cra-

2232 4028 2457 4082 bronum
2487 4030 2697 4084 mansit.

2304 4120 2395 4174 Ira
2419 4121 2509 4175 Dei
2535 4123 2797 4176 novacula.
2823 4153 2892 4163 â€”
2917 4123 3007 4178 20.
3051 4124 3119 4178 In
3154 4126 3233 4179 die
3266 4127 3356 4180 illa
3390 4129 3530 4182 radet
3559 4130 3806 4187 Dominus

2234 4214 2482 4266 novacula
2524 4214 2788 4268 inebriato.
2838 4215 3110 4271 Timorem
3161 4233 3256 4286 per
3292 4221 3554 4275 exercitus
3598 4231 3806 4277 auctum

2233 4319 2444 4357 rursum
2483 4305 2790 4372 amplificat,
2819 4306 2883 4358 ad
2923 4307 3114 4360 cmlum
3136 4321 3431 4363 sermonem
3466 4311 3805 4380 transferens,

2234 4395 2631 4464 ostendensque
2661 4411 2766 4449 non
2810 4397 3065 4451 barbaros
3103 4400 3357 4468 quosdam
3399 4401 3675 4472 IEgyptios
3718 4415 3811 4462 aut

2235 4486 2444 4550 Persas,
2477 4488 2570 4541 sed
2601 4488 2762 4542 Deum
2785 4503 2902 4543 esse
2928 4490 3015 4559 qui
3044 4489 3242 4545 Iudaeis
3265 4492 3458 4548 bellum
3497 4495 3674 4551 infert.
3701 4498 3811 4552 ÎÎ¿-

2235 4579 2476 4631 vaculam
2528 4587 2703 4632 autem
2747 4580 2832 4634 hic
2861 4591 3014 4634 vocat
3063 4581 3448 4637 intolerandam
3489 4586 3604 4654 ejus
3653 4589 3807 4655 iram,

2234 4687 2390 4740 quam
2423 4688 2578 4726 nemo
2611 4673 2749 4728 ferre
2770 4673 2956 4742 possit,
2988 4674 3141 4731 facile
3171 4677 3503 4735 invadentem
3540 4691 3594 4737 et
3621 4698 3814 4738 consu-

2237 4773 2490 4817 mentcm.
2518 4764 2974 4830 Quemadmodum
2993 4767 3135 4820 enim
3166 4768 3252 4836 pili
3279 4771 3517 4838 corporis
3539 4777 3814 4830 novacula:

2237 4857 2404 4910 aciem
2440 4871 2544 4909 non
2591 4858 2872 4924 sustinent,
2902 4858 3011 4926 sed
3038 4861 3217 4914 statim
3249 4862 3445 4918 cedunt
3487 4873 3542 4919 et
3567 4867 3762 4921 abeunt
3794 4885 3815 4930 Î¹

2237 4951 2313 5002 sic
2339 4960 2393 5003 et
2420 4965 2505 5004 res
2525 4950 2754 5004 Judaicze
2783 4953 2913 5006 iram
2945 4952 3089 5007 illam
3127 4969 3156 5007 a
3186 4955 3296 5011 Deo
3329 4958 3619 5014 immissam
3650 4975 3814 5015 num-

2237 5059 2393 5111 quam
2424 5043 2790 5108 sustinuerint,
2830 5044 2925 5097 ait.

2309 5135 2359 5187 9.
2401 5134 2667 5188 Novacula
2696 5134 2854 5202 igitur
2893 5135 3150 5190 inebriata
3191 5138 3454 5206 vigentem
3499 5140 3817 5210 plenamque

2241 5227 2330 5280 Dei
2361 5226 2512 5291 iram,
2543 5225 2970 5294 completamque
3013 5229 3330 5281 sententiam
3375 5230 3525 5284 nobis
3555 5230 3813 5287 declarat.

2238 5317 2389 5381 Quod
2441 5327 2615 5370 autem
2671 5317 2746 5370 ait
2777 5331 2792 5369 :
2822 5314 2988 5372 Trans
3039 5318 3228 5386 ï¬‚umen
3279 5319 3409 5388 regis
3454 5319 3816 5391 Assyriorum,

2299 5511 2370 5572 (a)
2406 5518 2515 5558 Haec
2537 5516 2674 5558 certe
2699 5507 2759 5555 ab
2798 5508 3039 5574 imperitis
3083 5507 3279 5557 edidicit
3300 5507 3680 5574 Chrysostomus.
3705 5523 3818 5570 Nam

2237 5596 2285 5645 in
2309 5567 2511 5645 Hebraeo
2533 5593 2714 5658 legitur
2749 5567 2994 5653 mea,
3022 5595 3066 5638 et
3083 5587 3182 5653 api.

2302 5683 2371 5743 (b)
2406 5682 2456 5729 In
2491 5692 2677 5750 Graeco,
2712 5693 2809 5750 aest
2833 5695 2927 5735 Î¿á½•Ï„Ï‰
2957 5694 3101 5746 á¿¥á¾´Î´Î¹Î¿Î¹.
3134 5684 3362 5736 Libenter
3403 5688 3597 5736 taedam
3639 5687 3824 5750 aliquid

2239 5752 2434 5806 deesse,
2456 5752 2504 5794 et
2528 5746 2782 5796 divinando
2800 5746 2956 5796 locum
2971 5750 3135 5798 Latine
3165 5757 3454 5800 convertere
3477 5759 3671 5801 coactus
3689 5746 3819 5800 sunt.
