4058 6216
314 351 387 408 87
1599 347 1667 402 ΙΝ
1701 345 1883 401 ISAIA

2002 344 2154 401 CAP.
2194 346 2307 403 VII.
3461 366 3540 423 88

304 458 446 523 Θεὸς
469 457 564 511 ἐπὶ
605 459 699 523 σὲ,
730 459 828 516 καί
856 458 956 513 ἐπὶ
984 461 1091 514 τὸν
1121 462 1273 515 λαόν
1306 478 1445 528 σου,
1484 465 1579 518 καὶ
1631 466 1731 518 ἐπὶ
1764 466 1869 519 τὸν

302 540 470 594 οἶκον
498 541 605 594 τοῦ
651 544 869 610 πατρός
912 560 1027 598 σου
1055 544 1300 613 ἡμέρας,
1327 547 1389 599 ατ
1417 547 1580 600 οὔπω
1620 549 1866 615 ῆκασιν.

298 626 401 693 ἀφ’
430 622 503 695 ἧς
530 626 751 694 ἡμέρας
805 628 1050 697 ἀφεῖλεν
1087 630 1326 699 Ἑφραῒμ
1377 631 1492 684 ἀπὸ
1544 631 1737 685 Ἰούδα
1765 632 1870 686 τὸν

296 710 563 773 ,βασιλέα
592 710 711 763 τῶν
737 712 1078 779 Ἀσσυρίων.
1103 714 1199 765 Διά
1230 714 1336 781 γὰρ
1364 713 1568 767 τούτων
1596 716 1700 768 τῶν
1733 716 1871 784 βαρ-

303 790 487 862 ϐάρων
506 792 602 861 τὴν
642 792 825 861 ιφοδον
868 795 1032 864 δηλοῖ,
1068 796 1133 848 δι’
1172 792 1239 865 ἦς
1270 797 1367 866 τὴν
1393 796 1545 850 πόλιν
1580 797 1874 869 πρόρριζον

307 875 636 938 ἀνέσπασαν,
673 877 764 928 καὶ
784 876 1035 940 λαϐόντες
1068 878 1261 941 αὐτοὺς
1298 879 1671 949 αἰχμαλώτους
1703 880 1875 950 ἀπῆλ-

309 952 421 1007 θον.
442 956 548 1008 Καὶ
562 957 813 1025 προλέγει
832 958 1020 1023 ταῦτα,
1036 961 1133 1029 οὑχ
1150 959 1235 1013 ἴνα
1248 960 1469 1030 γένηται
1490 960 1636 1033 ,[85]
1653 960 1765 1014 ἀλλ’
1788 962 1874 1014 ἵνα

309 1036 387 1105 τῷ
422 1035 568 1107 φόϐῳ
598 1039 873 1107 γενόμενοι
896 1043 1342 1112 σωφρονέστεροι,
1372 1043 1469 1113 τὴν
1493 1043 1719 1112 ἀπειλὴν
1736 1045 1873 1096 ἀπο-

307 1118 661 1187 κρούσωνται.
707 1122 919 1192 Ἐπειδὴ
950 1124 1007 1177 δὲ
1052 1123 1173 1177 οὔτε
1208 1126 1313 1179 ὑπὸ
1344 1126 1451 1179 τῶν
1500 1126 1770 1197 χρηστῶν,
1798 1119 1874 1179 ὧν

312 1201 440 1270 παρ’
472 1200 623 1265 ἀξίαν
648 1203 985 1273 ἀπήλαυσαν,
1013 1207 1256 1274 ἐγένοντο
1278 1208 1515 1277 βελτίους
1538 1210 1637 1277 (ὅτι
1661 1209 1716 1261 δέ
1742 1209 1873 1277 παρ’

310 1283 466 1347 ἀξίαν
485 1285 825 1353 ἀπήλαυσαν,
862 1286 1057 1352 έδειξεν
1082 1291 1115 1359 ή
1140 1290 1329 1362 γνώμη
1364 1291 1457 1345 τοῦ
1491 1291 1751 1359 βασιλέως
1781 1293 1876 1345 καὶ

305 1362 348 1429 ἡ
370 1365 775 1436 ὑπερϐάλλουσα
799 1369 1067 1440 ἀπιστία),
1108 1370 1229 1425 οὔτε
1262 1374 1328 1442 τῇ
1361 1374 1556 1443 ἀπειλῇ
1589 1372 1697 1426 τῶν
1717 1373 1876 1442 φοϐε-

312 1447 423 1516 ρῶν
446 1448 846 1517 μετεϐάλλοντο,
874 1452 1010 1506 ἀλλὰ
1036 1454 1170 1525 πρὸς
1202 1455 1459 1526 ἑκάτερον
1491 1457 1585 1526 τῆς
1610 1456 1877 1523 ὠφελείας

310 1528 373 1581 τὸ
421 1529 707 1599 φάρμακον
758 1533 1089 1605 ἀντέστησαν
1137 1535 1405 1604 χαλεπῶς,
1448 1538 1643 1605 ἐπάγει
1694 1537 1877 1591 λοιπὸν

315 1608 608 1681 βαθυτέραν
640 1613 736 1680 τὴν
776 1617 966 1685 τομήν,
1017 1616 1112 1687 τήν
1147 1618 1414 1687 σηπεδόνα
1444 1619 1747 1690 ἐκτέμνων,
1784 1620 1877 1673 καὶ

310 1693 439 1756 τοὺς
486 1695 679 1749 ἀνίατα
711 1696 995 1760 νοσοῦντας
1031 1699 1329 1752 ἐκκόπτων.
1362 1700 1426 1753 Τί
1456 1701 1514 1753 δέ
1546 1703 1713 1765 ἐστιν,
1761 1701 1875 1770 Ἀφ’

312 1770 389 1843 ἧς
430 1775 648 1844 ἡμέρας
690 1778 936 1846 ἀφεῖλεν
980 1782 1225 1850 Ἐφραῒμ
1257 1783 1373 1836 ἀπὸ
1413 1784 1607 1839 Ἰούδα
1636 1786 1743 1838 τὸν
1758 1786 1878 1849 ,Βα-

313 1856 489 1909 σιλέα
537 1858 654 1911 τῶν
720 1862 1087 1927 Ἀσσυρίων;
1159 1863 1423 1933 Ἐπῆλθαν
1472 1866 1522 1918 οί
1578 1865 1874 1937 βάρϐαροι,

315 1937 519 2001 πάντας
570 1940 765 2003 αὐτοὺς
811 1943 1243 2013 ἀναρπασόμενοι
1271 1963 1287 1979 ο
1331 1946 1446 2000 ἀλλ’
1505 1947 1734 2014 ἀφέντες
1788 1947 1878 2001 τὸν

322 2020 513 2084 Ἰούδα,
550 2022 640 2074 καὶ
693 2022 789 2086 τάς
826 2023 915 2077 δύο
968 2026 1158 2093 φυλὰς,
1213 2028 1525 2098 ἐτράπησαν
1589 2027 1729 2081 κατά
1783 2026 1876 2082 τοῦ

325 2099 551 2173 Ἰσραήλ.
618 2106 682 2157 ’0
739 2105 913 2159 τοίνυν
964 2108 1140 2176 λέγει,
1184 2109 1339 2162 τοῦτό
1387 2112 1564 2162 ἐστιν’
1610 2110 1741 2163 Ἀπὸ
1780 2110 1879 2179 τῆς

322 2184 525 2253 ἡμέρας
569 2186 801 2255 ἐκείνης,
834 2190 925 2257 ἀφ’
964 2184 1030 2260 ἦς
1060 2192 1116 2243 αί
1166 2191 1296 2243 δέκα
1334 2191 1497 2259 φυλαὶ
1523 2192 1656 2261 πρὸς
1682 2191 1879 2255 ἑαυτὰς

318 2265 700 2331 ἐφελκύσονται
746 2269 804 2321 τὸ
846 2270 951 2322 τῶν
982 2271 1269 2341 βαρϐάρων
1304 2274 1682 2344 στρατόπεδον,
1724 2273 1878 2343 ὑμῶν

318 2348 739 2418 ἀποστήσαντες,
772 2353 835 2421 τῇ
882 2351 981 2420 τῆς
1031 2353 1234 2415 οἰκείας
1281 2353 1551 2424 ἁμαρτίας
1588 2355 1879 2426 ὑπερϐολῇ,

316 2429 409 2480 καὶ
452 2430 570 2483 καθ’
620 2432 825 2484 ἐαυτῶν
875 2433 1200 2497 καλέσαντες
1255 2436 1451 2498 αὑτοὺς
1492 2436 1879 2505 ἀπενεχθῶσιν,

318 2510 411 2562 ἀπ’
456 2511 666 2581 ἐκείνης
713 2514 818 2582 χρὴ
852 2514 1141 2568 δεδοικέναι
1202 2516 1294 2570 καὶ
1348 2517 1628 2586 φοϐεῖσθαι
1676 2518 1877 2571 λοιπόν.

330 2592 460 2661 ’0δῷ
494 2593 600 2659 γάρ
631 2596 1011 2662 προϐαίνοντες
1049 2598 1140 2649 καὶ⁵
1169 2598 1253 2666 ἐφ’
1285 2599 1427 2667 ὑμᾶς
1455 2599 1694 2668 ἥξουσιν,
1727 2602 1773 2651 εί
1806 2600 1881 2670 μὴ

320 2675 799 2746 μεταϐάλ[λ]οισθε.
828 2678 931 2730 Καί
952 2696 1131 2749 φησιν·
1170 2680 1299 2733 Ἀπὸ
1327 2681 1423 2751 τῆς
1444 2683 1653 2755 ἡμέρας
1671 2685 1882 2755 ἐκείνης

316 2756 502 2820 ἑπάξει
534 2759 749 2820 αὐτούς.
780 2760 853 2810 Οὐ
887 2760 993 2829 γὰρ
1042 2761 1176 2831 ὁμοῦ
1231 2762 1339 2814 τῶν
1385 2763 1730 2832 Ἰσραηλιτῶν
1774 2766 1882 2819 ἀπ-

318 2839 659 2909 ενεχθέντων,
702 2841 940 2894 κάκεῖνοι
982 2842 1245 2909 ἑάλωσαν,
1273 2843 1409 2897 ἀλλά
1440 2845 1643 2915 βραχὺς
1678 2848 1880 2917 μεταξὺ

314 2920 506 2989 γέγονε
535 2921 744 2991 χρόνος.

388 3088 456 3150 η’.
480 3085 544 3135 '0
571 3084 746 3138 τοίνυν
771 3085 935 3153 λέγει,
954 3086 1110 3141 τοῦτό
1134 3089 1297 3153 ἐστιν,
1318 3090 1398 3143 ὅτι
1426 3093 1489 3161 τῇ
1511 3092 1677 3164 ψήφῳ
1700 3091 1883 3147 ἔκτοτε

319 3168 594 3235 ἐπήγαγεν
629 3166 693 3219 ἂν
718 3169 814 3229 τὰς
858 3171 1096 3239 ἡμέραςο
1133 3172 1246 3223 ἀλλ’
1278 3172 1535 3242 ἀνέμενεν
1555 3177 1584 3226 ὀ
1612 3175 1762 3239 Θεὸς,
1792 3178 1884 3229 καί⁸

320 3248 709 3317 ἐμακροθύμει,
755 3250 925 3302 καίτοι
970 3252 1067 3320 τῆς
1116 3252 1270 3315 ἀξίας
1321 3254 1429 3306 τῶν
1474 3256 1882 3327 ἁμαρτημάτων

320 3329 502 3382 ἔκτοτε
556 3330 889 3400 ἀπαιτούσης
942 3333 1038 3403 τὴν
1078 3336 1380 3404 τιμωρίαν
1433 3340 1566 3408 ὅπερ
1618 3340 1881 3410 πολλαχοῦ

322 3416 493 3467 ποιεῖν
519 3414 695 3476 εῐωθε,
720 3415 817 3483 τῆς
836 3416 1028 3485 κυρίας
1052 3420 1493 3491 παραγενομένης
1514 3422 1743 3492 ήμέρας,
1763 3427 1886 3477 ἀνα-

322 3493 611 3547 ϐάλλεσθαι
653 3497 743 3548 καὶ
778 3497 1096 3550 ἀναδύεσθαι
1121 3517 1133 3531 υ
1165 3499 1194 3551 δ
1227 3501 1318 3552 καὶ
1360 3502 1456 3572 τῆς
1494 3504 1658 3556 αὑτοῦ
1700 3506 1887 3573 φιλανο

324 3578 567 3648 θρωπίας
622 3581 916 3651 τεκμήριον
967 3582 1238 3650 μέγιστον,
1284 3585 1376 3636 καὶ
1427 3586 1524 3655 τῆς
1570 3587 1887 3657 ἀγνωμοσύ-

322 3678 419 3730 νης
446 3661 552 3713 τῶν
581 3662 678 3714 οὐκ
710 3662 1003 3717 ἐθελόντων
1045 3666 1123 3726 είς
1156 3666 1273 3717 δέον
1299 3667 1463 3719 αὑτοῦ
1493 3669 1789 3738 κεχρῆσθαι
1819 3674 1884 3741 τῇ

326 3743 675 3813 μακροθυμίᾳ
704 3744 971 3809 ἀπόδειξις
1000 3747 1327 3817 σαφεστάτη.
1363 3748 1531 3800 Τοῦτο
1563 3746 1654 3802 οὖν
1685 3753 1775 3804 καὶ
1803 3754 1888 3805 ἐν·

326 3825 503 3877 ταῦθά
546 3841 727 3892 φησιν,
770 3826 849 3877 ὅτι
896 3826 1003 3878 ἀπὸ
1030 3827 1151 3879 τότε
1198 3830 1230 3898 ή
1280 3830 1496 3898 ἀπειλὴ,
1554 3832 1662 3885 ἀπὸ
1704 3834 1887 3904 τότεή

325 3907 622 3979 ἀπόφασις,
637 3908 701 3959 ἐκ
744 3907 863 3959 τότε
894 3909 927 3977 ή
953 3908 1203 3978 θεήλατος
1236 3911 1394 3983 ὀργή,
1430 3913 1517 3965 ἴνα
1555 3914 1647 3966 ἐπὶ
1700 3915 1890 3986 θύραις

325 3987 547 4055 ἀγαγὼν
592 3990 688 4057 τὴν
719 3989 1007 4059 τιμωρίαν,
1044 3991 1368 4063 διαναστήσῃ
1408 3993 1545 4064 πρὸς
1577 3998 1888 4064 μετάνοιαν,

330 4070 569 4139 βελτίους
598 4072 918 4142 ἐργάσηται,
949 4074 1041 4126 καὶ
1067 4076 1204 4143 μετά
1225 4076 1324 4144 τὴν
1350 4078 1571 4130 ἐκείνων
1607 4079 1807 4132 ἅλωσιν
1832 4082 1890 4133 ἐν

328 4155 538 4225 ἀγωνίᾳ
561 4157 897 4227 καταστήσῃ,
925 4156 1081 4225 μηδὲ,
1119 4158 1305 4227 ἐπειδὴ
1332 4161 1383 4211 οί
1437 4160 1535 4228 μὲν
1581 4162 1891 4233 ἀπηνέχθη-

332 4256 453 4301 σαν,
478 4242 526 4291 οί
553 4238 609 4291 δέ
657 4238 926 4307 διέφυγον,
980 4238 1337 4311 ρᾳθυμότεροι
1389 4242 1558 4313 ταύτῃ
1605 4247 1886 4313 γένωνται.

334 4322 440 4377 Καὶ
489 4322 661 4375 ἔσται
709 4322 778 4374 ἐν
829 4320 904 4388 τῇ
943 4321 1131 4390 ἡμέρᾳ
1179 4322 1405 4389 ἐκείνῃ,
1446 4326 1645 4391 συριεῖ
1679 4330 1892 4396 Κύριος

330 4405 550 4471 μυίαις,
573 4404 635 4455 ατ
646 4403 1029 4471 κυριεύσουσι
1049 4405 1267 4472 μέρους
1285 4407 1552 4475 ποταμοῦ
1568 4410 1889 4477 Αίγύπτου.

339 4487 505 4558 Ὃρᾷς
540 4486 615 4547 ὼς
640 4486 700 4537 οὑ
757 4486 929 4555 μάτην
962 4486 1167 4553 ελεγον,
1201 4487 1285 4539 ὃτι
1314 4489 1405 4541 τὸν
1451 4489 1612 4557 φόϐον
1662 4491 1894 4561 αὐξῆσαι

338 4570 673 4639 βουλόμενος,
721 4570 827 4622 ἀπὸ
878 4570 976 4637 τῆς
1009 4569 1217 4640 ἡμέρας
1246 4571 1459 4641 ἐκείνης
1487 4573 1717 4627 ἑπισείει
1746 4588 1770 4615 ι
1798 4577 1895 4645 τὴν

335 4652 596 4721 ἀπειλήνς
637 4652 713 4703 Τὰ
735 4651 865 4717 γοῦν
893 4653 1017 4722 ἐξῆς
1058 4652 1213 4707 τοῦτο
1249 4654 1417 4724 δηλοῖ,
1454 4656 1520 4709 δι’
1557 4650 1632 4711 ῶν
1676 4658 1895 4729 ἐπαίρει

332 4734 423 4788 τὸν
456 4734 621 4800 φόϐον
663 4733 740 4801 τῷ
767 4734 927 4801 λόγῳ,
954 4734 1046 4786 καὶ
1074 4734 1142 4785 τά
1176 4736 1510 4804 στρατόπεδα
1541 4739 1723 4801 αὐτοῖς
1761 4740 1895 4808 δῆλα

336 4815 525 4877 ποιῶν,
558 4816 701 4884 ἀπερ
730 4812 797 4881 ἦν
845 4817 1047 4876 αὐτοῖς,
1070 4816 1442 4886 φοϐερώτατα,
1492 4821 1585 4871 καὶ
1609 4822 1706 4891 τήν
1738 4822 1893 4874 εὑκο-

343 4900 465 4952 λίαν
494 4899 593 4967 τῆς
648 4898 837 4965 ἐφόδου
884 4896 1077 4964 δηλῶν,
1116 4898 1145 4950 δ
1193 4899 1310 4967 μεθ’
1333 4901 1641 4971 ὑπερϐολῆς
1699 4905 1895 4967 αὐτοὺς

340 4982 608 5043 κατέσειε,
633 4980 692 5032 τὸ
719 4979 919 5048 πλῆθος
938 4981 965 5020 δ
990 4984 1087 5051 τῆς
1127 4985 1383 5052 στρατιᾶς
1406 4984 1705 5054 ἐμφαίνων,
1738 4987 1766 5037 ὃ
1797 4988 1898 5056 μά-

341 5066 494 5117 λιστα
520 5062 694 5116 αὑτῶν
716 5062 966 5131 ἐξέστησε
996 5063 1095 5131 τὴν
1117 5064 1351 5119 διάνοιαν
1370 5083 1383 5095 '
1405 5067 1577 5120 ταῦτα
1603 5068 1659 5122 δὲ
1682 5068 1897 5121 ᾶπαντα

340 5147 427 5201 διά
448 5146 554 5197 τῶν
602 5145 725 5213 ἐξῆς
758 5145 994 5215 ᾐνίξατο.
1028 5146 1226 5199 Σκόπει
1258 5148 1345 5199 δέ·
1377 5151 1483 5203 Καὶ
1526 5150 1695 5204 ἔσται
1725 5152 1795 5205 ἐν
1824 5151 1899 5220 τῇ

344 5230 532 5299 ἡμέρᾳ
566 5228 785 5295 ἐκείνῃ,
828 5230 979 5296 φησὶ,
1020 5229 1217 5295 συριεῖ
1252 5231 1468 5299 Κύριος
1492 5235 1714 5301 μυίαις.
1782 5236 1899 5289 Ἑν-

342 5313 514 5366 ταῦθα
548 5311 706 5380 μυίας
756 5313 879 5372 τοὺς
910 5312 1235 5378 Αἰγυπτίους
1267 5314 1510 5377 ἐκάλεσε,
1540 5316 1627 5369 διὰ
1653 5318 1715 5370 τό
1743 5320 1898 5371 ἀναι-

342 5394 425 5457 δὲς
456 5393 549 5446 καὶ
578 5392 948 5461 ἀναίσχυντον,
983 5392 1078 5445 καὶ
1105 5394 1183 5445 ὅτι
1216 5396 1453 5463 συνεχῶς
1492 5396 1897 5469 διακρουόμενοι

343 5474 583 5545 συνεχῶς
624 5474 875 5544 ἐπῄεσαν,
922 5475 1014 5528 καὶ
1059 5475 1178 5527 οὐδὲ
1230 5478 1419 5547 μικρὸν
1480 5480 1733 5533 ἀναπνεῖν
1772 5500 1897 5535 συν-

343 5559 600 5629 εχώρουν,
652 5557 785 5610 ἀλλά
842 5558 1008 5627 μυρία
1064 5561 1323 5628 παρεῖχον
1381 5562 1561 5613 αὐτοῖς
1602 5566 1899 5636 πράγματα

403 5730 431 5757 ι
453 5728 576 5788 Reg.
608 5728 831 5783 ἐπιθήσει.

402 5788 531 5859 δῇἱε
553 5788 722 5835 Morel.
747 5788 998 5859 et_Bav‘ar.
1023 5800 1045 5859 ;_
1063 5787 1184 5849 Reg.
1210 5793 1263 5838 et
1305 5790 1478 5846 Savil..
1523 5793 1577 5843 τὸ
1614 5794 1755 5858 ξίφος,
1794 5798 1900 5859 imo

345 5850 527 5902 Sumo
548 5854 853 5912 proponeme
885 5847 939 5894 τὸ
970 5847 1149 5909 στῖφος.

663 5940 936 6002 ΡΔι-ιιοι.
982 5934 1097 5997 Gn.
1142 5933 1295 5993 LVI.

1976 465 2253 529 πολλάκις,
2302 463 2551 535 καθάπερ
2588 465 2643 518 αἱ
2701 465 2851 536 μυῖαι
2901 466 3012 527 τοῖς
3041 463 3367 535 τραύμασιν,
3398 462 3541 519 οὕτω

1975 546 2235 617 διηνεκῶς
2278 549 2400 610 ταῖς
2437 547 2641 600 τούτων
2681 545 3023 617 ἐφιζάνοντες
3055 549 3376 617 συμφοραῖς.
3411 547 3541 601 Τού-

1975 646 2099 693 τους
2135 626 2227 683 οῦν
2273 629 2449 695 ἐξειο,
2506 631 2689 700 φησὶν,
2719 632 2748 682 ό
2810 629 2962 685 Θεός.
3025 627 3159 681 Ἀλλ’
3204 628 3305 681 οὐκ
3366 623 3540 694 εἶπεν,

1972 711 2154 775 Δὺξει,
2183 710 2342 775 ἀλλά,
2369 710 2581 778 Συριεῖ,
2613 711 2711 782 τὴν
2746 711 2992 765 εὐκολίαν
3019 711 3297 782 ἐμφαίνων
3328 710 3427 780 τῆς
3448 712 3544 764 ἀν-

1973 793 2114 858 όδου,
2138 794 2231 847 καὶ
2261 794 2322 847 τὸ
2357 795 2567 864 ἀμαχον
2584 795 2681 863 τῆς
2720 793 2813 847 τοῦ
2842 793 2976 847 Θεοῦ
3000 794 3300 864 δυνάμεως,
3334 812 3423 847 και
3459 795 3544 847 ὅτι

1972 877 2133 947 ἀρκεί
2145 875 2327 929 νεῦσαι
2348 876 2522 947 μόνον,
2540 877 2633 931 καὶ
2648 877 2821 931 πάντα
2834 878 3043 930 ἕπεται.
3066 875 3181 949 [86]
3200 879 3308 929 Καὶ
3320 878 3544 938 είκότως

1974 960 2082 1012 ἀπὸ
2098 959 2300 1013 τούτων
2327 959 2588 1032 πρότερον
2629 960 2856 1032 ἄρχεται
2898 961 2997 1030 τῆς
3028 962 3274 1028 ἀπειλῆς,
3316 955 3390 1014 ῶν
3438 959 3540 1029 ήδη

1975 1044 2171 1111 πεῖραν
2203 1042 2475 1113 εἰλήφασι.
2498 1042 2606 1096 Καὶ
2636 1042 2709 1110 τῇ
2736 1043 3024 1111 μελίσσῃ,
3045 1042 3083 1109 ἢ
3109 1042 3364 1095 ἐστινέν
3383 1041 3545 1111 χώρᾳ

1988 1123 2341 1192 Ἀσσυρίων.
2370 1125 2431 1179 '0
2467 1125 2637 1198 Σύρος
2661 1129 2755 1180 καὶ
2784 1128 2811 1179 ό
2854 1124 3119 1196 Ἐϐραῖος,
3160 1124 3233 1188 ῶς
3270 1142 3453 1193 φασιν,
3480 1125 3540 1176 οὑ

1974 1204 2211 1273 λέγουσι,
2268 1206 2544 1276 μελίσσας,
2576 1208 2729 1271 ἀλλά,
2762 1208 2996 1277 σφῆκας.
3064 1206 3278 1275 Ἐπειδὴ
3325 1205 3433 1276 γὰρ
3477 1207 3539 1258 οὑ

1978 1287 2182 1360 σφόδρα
2229 1288 2405 1341 αὑτῶν
2432 1285 2572 1361 ἦσαν
2600 1292 2657 1343 ἐν
2686 1292 2871 1361 πείρα,
2912 1293 2979 1360 τῇ
3036 1289 3202 1342 εἰκόνι
3259 1289 3352 1340 τοῦ
3398 1286 3538 1351 ζώον

1977 1371 2056 1433 είς
2110 1370 2306 1441 πολλὴν
2340 1372 2537 1437 αὐτοὺς
2580 1374 2859 1427 ἐνέϐαλλεν
2905 1373 3162 1441 ἀγωνίαν,
3204 1371 3265 1424 τὸ
3315 1369 3538 1439 σφοδρὸν

1977 1453 2173 1515 αὐτῶν,
2244 1454 2305 1507 τὸ
2362 1455 2677 1526 πληκτικὸν,
2743 1458 2803 1509 τὸ
2850 1455 3165 1527 ἀμυντικὸν,
3228 1455 3287 1507 τὸ
3347 1452 3538 1523 πικρὸν

1976 1536 2084 1589 τῶν
2103 1538 2447 1607 τραυμάτων,
2487 1538 2548 1592 τὸ
2577 1540 2710 1609 ταχὺ
2739 1541 2835 1609 τῆς
2874 1538 3195 1606 παρουσίας,
3237 1536 3297 1589 τὸ
3335 1532 3539 1603 δυσφύ-

1976 1618 2171 1672 λακτον
2211 1620 2299 1674 διὰ
2322 1620 2414 1674 τοῦ
2442 1620 2579 1684 ζὼου
2603 1622 2788 1674 τούτου
2818 1621 3011 1691 δηλῶν.
3034 1618 3143 1673 Καὶ
3164 1620 3539 1679 ἐλεύσονται,

1977 1700 2076 1755 καί
2107 1702 2555 1757 ἀναπαύσονται
2593 1703 2812 1769 πάντες
2851 1702 2919 1756 ὲν
2955 1701 3081 1765 ταῖς
3126 1699 3382 1769 φάραγξι
3430 1696 3542 1767 τῆς

1976 1782 2170 1851 χώρας
2197 1784 2297 1837 καί
2327 1785 2398 1838 ἐν
2420 1784 2550 1851 ταῖς
2568 1783 2852 1853 τρώγλαις
2881 1782 3000 1837 τῶν
3031 1781 3277 1850 πεφῶν,
3322 1780 3419 1833 καί
3454 1782 3543 1845 είς

1977 1864 2050 1918 τὰ
2075 1865 2368 1931 σπήλαια,
2408 1867 2507 1919 καὶ
2535 1869 2623 1933 εις
2652 1865 2859 1921 πᾶσαν
2870 1864 3121 1935 ραγάδα,
3148 1863 3245 1916 καί
3274 1863 3344 1915 ἐν
3364 1859 3543 1914 παντὶ

1979 1946 2161 2010 ξύλῳ.
2200 1946 2384 2000 Είπὼν
2414 1947 2476 2000 τὸ
2508 1948 2735 2018 φοϐερὸν
2760 1946 2867 2000 τῶν
2891 1945 3079 2009 ἐθνῶν,
3104 1944 3273 1998 καὶτὸ
3294 1942 3542 2011 τάχιστον

1976 2031 2076 2094 τῆς
2109 2028 2414 2098 στρατείας,
2457 2029 2602 2097 λέγει
2631 2030 2727 2083 καὶ
2760 2029 2819 2082 τὸ
2845 2027 3046 2096 πλῆθος
3072 2024 3273 2079 λοιπόν.
3308 2023 3416 2077 Καὶ
3444 2023 3544 2075 οὑκ

1979 2104 2120 2173 εἷπε,
2189 2110 2768 2183 Στρατοπεδεύσονται,
2835 2109 2988 2173 ἀλλὰ,
3052 2108 3540 2168 Ἁναπαύσονται,

1979 2191 2098 2244 οὑδὲ
2120 2192 2194 2255 ὡς
2225 2194 2305 2256 είς
2333 2193 2595 2263 πολεμίαν
2643 2192 3027 2261 ἀφικνούμενοι
3070 2187 3270 2259 χώραν,
3311 2187 3425 2239 ἀλλ’
3468 2184 3543 2247 ὡς

1979 2274 2046 2341 τῇ
2075 2274 2252 2343 οἰκεία
2290 2274 2681 2344 ἐντρυφῶντες,
2734 2274 2853 2327 οὑδέ
2906 2273 2980 2335 ὡς
3030 2271 3274 2339 καμάτου
3303 2268 3543 2337 δεόμενοι

1980 2355 2075 2407 καὶ
2097 2356 2282 2421 πόνου,
2314 2358 2427 2410 ἀλλ’
2448 2357 2523 2421 ὡς
2548 2358 2639 2410 ἐπὶ
2672 2355 2909 2426 φανερὰν
2937 2356 3334 2423 ἀπαντήσοντες
3366 2349 3541 2417 νίκην,

1980 2439 2076 2490 καὶ
2090 2439 2299 2508 ἐτοιμον
2319 2438 2610 2508 ληψόμενοι
2633 2439 2731 2507 τὴν
2753 2438 3025 2507 ἁρπαγήν.
3044 2436 3140 2488 Διά
3166 2433 3327 2488 τοῦτό
3358 2449 3540 2501 φησιν,

1994 2519 2373 2575 Ἐλεύσονται
2410 2519 2508 2571 καὶ
2544 2520 3015 2579 ἀναπαύσονται,
3057 2517 3084 2569 δ
3121 2516 3227 2569 τῶν
3261 2512 3541 2582 νενικηκό-

1980 2615 2087 2651 των
2137 2600 2271 2663 ἐστὶ,
2308 2603 2402 2651 καὶ
2442 2600 2700 2670 τρόπαιον
2746 2599 3077 2668 στησάντων,
3120 2599 3212 2649 καὶ
3264 2593 3402 2665 μετά
3452 2593 3544 2646 τὸν

1981 2677 2147 2731 πολὺν
2197 2679 2391 2750 ίδρῶτα
2429 2682 2524 2733 καὶ
2568 2680 2665 2743 τὰς
2700 2680 2911 2748 σφαγάς
2948 2678 3395 2747 ἀναπαυομένων.
3434 2676 3545 2727 Καὶ

1980 2761 2081 2814 οὑκ
2112 2762 2512 2816 ἀναπαύσονται
2547 2764 2603 2815 ἐν
2640 2763 2840 2824 πεδίοις
2889 2762 3045 2832 μόνον
3067 2777 3081 2792 ·
3130 2760 3241 2813 ἀλλ’
3272 2758 3457 2828 ἐπειδὴ
3484 2757 3545 2809 τὸ

1983 2844 2183 2914 πλῆθος
2220 2844 2464 2916 ἄπειρον,
2488 2845 2515 2885 ιι
2564 2847 2662 2915 οὐχ
2695 2846 2913 2916 ίκανὴή
2948 2844 3099 2914 χώρα
3139 2842 3387 2908 δέξασθαι
3438 2840 3546 2893 τῶν

1985 2925 2249 2994 σωμάτων
2296 2926 2387 2979 τὸν
2431 2927 2683 2998 ἀριθμὸν,
2729 2928 2822 2982 καὶ
2874 2928 3173 2999 φάραγγες.
3204 2924 3298 2978 καὶ
3328 2923 3542 2992 πέτραι,

1984 3008 2076 3059 καὶ
2114 3007 2235 3077 ϐρη,
2260 3008 2354 3061 καὶ
2388 3009 2578 3075 νάπαι,
2633 3009 2726 3062 καὶ
2769 3010 2945 3063 πάντα
2994 3008 3395 3077 καλυφθήσεται
3427 3006 3539 3067 τοῖς

1984 3088 2336 3159 βαρϐαρικοῖς
2360 3090 2594 3159 σώμασι.
2625 3092 2816 3144 Καίτοι
2848 3093 2893 3143 εί
2920 3092 3013 3144 καὶ
3041 3091 3111 3160 μὴ
3138 3089 3356 3157 σφοδροὶ
3376 3083 3541 3156 ἦσαν.

1986 3170 2119 3239 μηδὲ
2173 3169 2313 3223 οὕτω
2358 3170 2549 3241 ῥᾴδιοι,
2586 3172 2741 3241 ἢρκει
2788 3172 2848 3224 τὸ
2894 3172 3095 3240 πλῆθος
3140 3171 3335 3231 αὐτοὺς
3377 3184 3547 3220 κατα-

1984 3251 2211 3321 πλῆξαι·
2251 3253 2377 3305 ὃταν
2399 3252 2455 3304 δὲ
2489 3253 2773 3323 ἀμφότερα
2802 3249 2860 3325 ᾗ,
2917 3254 3116 3323 πλῆθος
3152 3251 3425 3313 τοσοῦτον,
3453 3248 3547 3301 δύ-

1982 3349 2142 3402 ναμις
2164 3346 2187 3373 ο
2234 3334 2555 3404 τηλικαύτη,
2592 3334 2686 3387 καὶ
2730 3335 2791 3387 τὸ
2828 3334 3041 3388 πάντων
3074 3333 3468 3404 χαλεπώτερον,
3513 3332 3548 3400 ἠ

1982 3416 2076 3468 τοῦ
2106 3416 2240 3469 Θεοῦ
2284 3417 2422 3487 ὀργὴ
2470 3416 2864 3487 στρατηγοῦσα,
2894 3417 3021 3470 ποία
3066 3416 3247 3469 λοιπόν
3288 3416 3399 3467 ἐστι
3446 3430 3551 3465 σω·

1984 3499 2175 3569 τηρίας
2224 3497 2409 3564 ἐλπίς;
2446 3496 2517 3551 Τὸ
2548 3498 2626 3561 δὲ,
2664 3500 2764 3563 Είς
2806 3498 3010 3551 πᾶσαν
3037 3497 3289 3565 pag-ﬁda.
3335 3496 3432 3547 καί
3480 3496 3550 3546 ἐν

1985 3579 2162 3632 παντὶ
2198 3579 2382 3644 ξύλῳ,
2427 3578 2799 3647 ὑπερϐολικῶς
2833 3579 3063 3649 εἴρηται.
3097 3579 3170 3630 Οὑ
3217 3577 3325 3646 γάρ
3354 3577 3416 3642 δὴ
3458 3576 3551 3627 ἐπὶ

1985 3661 2093 3713 τῶν
2124 3661 2351 3731 δένδρων
2380 3660 2603 3729 ἔμελλον
2627 3660 3020 3726 ἀναπαύεσθαι,
3051 3661 3164 3714 ἀλλ’
3188 3660 3345 3730 όμοῦ,
3370 3658 3545 3711 καθά-

1988 3759 2091 3812 περ
2119 3738 2288 3807 εἶπον,
2321 3743 2412 3796 καὶ⁵
2434 3742 2530 3812 τὴν
2558 3742 2861 3813 ὑπερϐολὴν
2878 3742 3119 3813 ῂνίξατο,
3159 3741 3252 3794 καὶ
3287 3744 3352 3810 τῇ
3388 3757 3551 3805 μετα-

1988 3827 2128 3895 φορᾷ
2158 3825 2267 3878 τῶν
2296 3826 2521 3895 σφηκῶν
2551 3825 2839 3897 ἐνέμεινεν.

2072 3991 2174 4045 Ἐν
2212 3990 2283 4057 τῆ
2319 3990 2504 4057 ἡμέρᾳ
2535 3989 2733 4057 ἐκείνῃ
2752 3988 2995 4058 ξυρήσει
3014 3990 3223 4056 Κύριος
3243 3987 3321 4052 τῷ
3346 3986 3506 4055 ξυρῶ
3531 3985 3547 4023 ί

1990 4072 2070 4137 τῷ
2114 4072 2558 4141 μεμεθωμένφ.
2614 4071 2862 4140 Αύξήσας
2918 4072 3008 4125 τὸν
3082 4071 3239 4140 φόϐον
3288 4071 3393 4123 ἀπὸ
3446 4070 3554 4120 τῶν

1994 4155 2385 4225 στρατοπέδων,
2415 4154 2671 4207 ἐπιτείνει
2701 4154 2861 4207 πάλιν
2887 4154 3069 4217 αὑτὸν,
3101 4154 3191 4205 ἐπὶ
3221 4154 3311 4207 τὸν
3328 4153 3555 4223 οὐρανὸν

1991 4237 2082 4289 τὸν
2116 4236 2269 4304 λόγον
2322 4234 2558 4303 ἀνάγων,
2598 4235 2810 4297 δεικνὺς
2848 4237 2929 4289 ὅτι
2977 4236 3037 4289 οὐ
3096 4234 3358 4306 βάρϐαροί
3412 4251 3555 4297 τινες

1993 4318 2275 4386 Δίγύπτιοι
2307 4318 2399 4371 καὶ
2424 4317 2647 4387 Πέρσαι,
2678 4316 2790 4371 ἀλλ’
2817 4319 2845 4371 ό
2878 4317 3009 4381 Θεός
3050 4320 3195 4371 ἐστιν
3229 4320 3256 4370 ό
3304 4317 3554 4387 πολεμῶν

1992 4405 2102 4463 τοῖς
2136 4398 2424 4462 Ἰουδαίοις.
2448 4398 2618 4470 Ξυρὸν
2637 4399 2692 4452 δέ
2711 4397 2939 4452 ἐνταῦθα
2959 4400 3055 4469 τήν
3083 4400 3352 4466 ἀφόρητον
3388 4398 3555 4468 ὀργὴν

1993 4484 2156 4538 αὑτοῦ
2179 4500 2329 4553 φησι,
2348 4482 2443 4535 καὶ
2472 4482 2538 4551 ήν
2561 4482 2731 4544 οὐδεὶς
2763 4482 3056 4552 ὑποστῆναι
3085 4480 3392 4549 δυνήσεται,
3440 4480 3555 4549 μετ’

1995 4567 2241 4627 εὐκολίας
2276 4562 2531 4617 ἐπιοῦσαν
2552 4562 2645 4616 καὶ
2677 4562 3089 4617 ἀναλίσκουσαν.
3130 4563 3336 4635 Ὠσπερ
3363 4562 3473 4633 γάρ
3500 4563 3559 4615 αἱ

1995 4650 2173 4719 τρίχες
2212 4644 2302 4700 τοῦ
2356 4644 2600 4714 σώματος
2639 4644 2732 4698 τοῦ
2782 4644 2943 4715 ξυροῦ
2980 4646 3077 4713 τήν
3124 4646 3307 4717 ἀκμήν
3350 4645 3450 4697 οὑκ
3493 4646 3559 4697 ἂν

1998 4730 2297 4796 ἐνέγκαιεν,
2327 4727 2438 4780 ἀλλ’
2463 4728 2699 4780 εῐκουσιν
2726 4727 2929 4790 εύθέως
2978 4729 3071 4780 καὶ
3103 4727 3553 4798 παραχωροῦσιν·

1996 4811 2136 4863 οὕτω
2169 4812 2230 4880 δή
2264 4812 2355 4863 καὶ
2396 4810 2462 4862 τά
2502 4808 2764 4881 Ἰουδαῖκά
2810 4811 3111 4880 πράγματα
3158 4810 3253 4881 τὴν
3304 4810 3562 4881 θεήλατον

1996 4896 2164 4965 ὀργὴν
2188 4894 2399 4964 ἐκείνην
2436 4893 2537 4946 οὐκ
2575 4893 2640 4946 ἀν
2663 4893 2949 4947 ὑποσταῖέν
2975 4910 3121 4956 ποτε,
3159 4894 3309 4962 φησί.

2069 5067 2133 5120 θ’.
2157 5065 2326 5137 Ξυρὸν
2346 5064 2524 5118 τοίνυν
2544 5063 2949 5133 μεμεθυσμένον
2966 5061 3062 5131 τήν
3078 5062 3449 5132 ἀκμάζουσαν,
3465 5071 3563 5134 τήν

2002 5149 2426 5221 μεμεστωμένην
2461 5147 2552 5199 τοῦ
2583 5145 2715 5198 Θεοῦ
2745 5145 2931 5216 ὀργὴν,
2985 5147 3081 5215 τὴν
3124 5147 3563 5217 πεπληρωμένην

1999 5236 2269 5301 ἀπόφασιν
2327 5234 2454 5301 ἡμῖν
2495 5228 2843 5283 ἐνδείκνυται.
2893 5228 3087 5295 Πέραν
3144 5230 3211 5283 δὲ
3250 5232 3355 5283 τοῦ
3388 5244 3566 5283 ποτα-

1995 5318 2113 5387 μοῦ
2142 5317 2446 5381 βασιλέως
2484 5312 2840 5379 Ἀσσυρίων,
2874 5310 2942 5363 τά
2969 5313 2992 5350 ³
3032 5313 3202 5381 πέραν
3233 5311 3326 5364 τοῦ
3350 5311 3566 5381 Εὐφρά-

2065 5494 2087 5522 ο
2114 5492 2261 5543 "Em.
2290 5488 2407 5535 Cum
2428 5484 2609 5535 Savilio
2635 5487 2859 5536 existimo
2879 5486 2959 5534 hic
2988 5486 3248 5543 legendum
3275 5501 3383 5535 esse
3427 5490 3523 5541 ἄξει
3545 5503 3560 5535 :

2002 5552 2124 5602 infra
2147 5564 2266 5598 vero
2290 5560 2380 5607 pro
2399 5547 2523 5601 αὔξει
2552 5547 2817 5607 legendum
2844 5549 2990 5595 etiam
3013 5546 3125 5601 ἄξει.
3169 5546 3240 5595 Ex
3266 5550 3397 5595 ενι-ξε
3426 5557 3564 5597 certe

2004 5614 2153 5674 liquet
2181 5607 2400 5659 eamdem
2434 5607 2694 5670 utrobique
2722 5620 2892 5657 vocem
2910 5620 3020 5658 esse
3042 5607 3330 5671 ponendam.

2064 5673 2089 5711 ἆ
2126 5670 2274 5719 Savil.
2310 5670 2441 5718 addit
2466 5669 2563 5716 καί.

2126 5686 2274 5720 δενιι.
2310 5686 2441 5718 εααιι
2466 5686 2563 5716 και.

2068 5746 2091 5796 ’ξ
2115 5734 2236 5796 B03.
2265 5732 2343 5796 καὶ
2363 5732 2536 5796 πλῆθος
2554 5727 2781 5796 τοσοῦτον
2903 5729 3105 5796 δύναμιῇ

2068 5794 2090 5831 f
2114 5786 2247 5847 Ηοὶ,
2273 5793 2341 5852 τῷ
2364 5792 2502 5853 ξυρῷ,
2538 5791 2826 5853 expigergnl
2850 5790 2895 5836 in
2919 5786 3038 5853 _ed_it.
3066 5786 3232 5835 Morel.
3263 5794 3465 5837 tantum.

2067 5857 2091 5896 ι
2116 5854 2188 5904 Ila
2208 5848 2378 5903 Morél.
2411 5848 2467 5903 ὀί
2479 5851 2629 5902 Savil.
2652 5850 2708 5900 In
2730 5851 2851 5913 Reg.
2874 5849 2933 5896 τά
2954 5848 3113 5898 deest.

3203 5925 3239 5986 6
