4058 6216
261 423 338 479 39
1475 395 1540 452 IN
1579 392 1829 461 lSAIAll,
1868 389 2019 449 CAP.
2060 391 2192 451 vtn.
3411 421 3484 478 90

242 530 392 575 trans
420 515 738 587 Euphratem
771 511 1017 569 videlicet
1048 527 1061 564 :
1096 519 1152 566 ut
1184 517 1303 565 erat
1334 506 1517 563 Juda'a
1558 516 1610 562 et
1634 505 1805 561 Palas.

245 610 386 662 stina
402 606 576 661 omnis
596 620 625 658 a
650 602 864 658 Perside
883 599 1243 656 redeuntibus.
1267 597 1392 653 llam
1411 596 1586 666 itaque
1608 593 1804 659 omnia,

247 698 444 766 inquit,
486 696 695 765 penitus
734 690 951 747 delebit.
981 689 1154 759 Caput
1190 697 1387 753 autem,
1418 685 1653 755 capillos,
1687 683 1809 738 bar-

246 787 373 841 bam
403 796 456 839 et
497 785 676 854 pedes,
729 782 1026 837 universam
1069 780 1338 849 regionem
1376 776 1504 832 dicit
1534 775 1633 830 sub
1668 788 1814 830 com-

249 877 526 946 paratione
554 873 810 942 corporis,
853 885 1072 940 eamque
1098 878 1260 924 tutam
1301 880 1545 922 sermone
1580 864 1816 933 comple-

250 969 433 1031 ctitur,
468 962 907 1034 quemadmodum
933 962 1083 1016 initio
1107 958 1315 1015 dicebat
1341 974 1354 1010 :
1381 956 1540 1011 Omne
1575 965 1725 1025 caput
1745 955 1813 1008 ad

248 1058 495 1122 laborem,
524 1066 569 1108 et
594 1069 739 1108 omne
767 1069 854 1106 cor
889 1053 954 1105 ad
979 1052 1223 1105 dolorem.
1251 1048 1295 1102 Α
1335 1047 1541 1117 pedibus
1568 1062 1721 1116 usque
1743 1045 1811 1098 ad

248 1155 403 1212 caput
431 1160 531 1197 non
558 1153 630 1197 est
653 1145 705 1195 in
736 1158 791 1197 eo
814 1143 1001 1197 sanitas
1031 1139 1181 1210 (Isai.
1206 1139 1251 1192 1.
1287 1138 1341 1193 5.
1364 1136 1420 1207 6)
1450 1154 1463 1190 :
1492 1151 1596 1191 non
1615 1136 1683 1190 de
1709 1148 1813 1189 uno

245 1243 454 1288 tantum
477 1233 658 1287 dicens
680 1232 911 1296 homine,
943 1229 1035 1285 sed
1068 1236 1229 1284 totam
1258 1227 1526 1297 regionem
1551 1226 1642 1281 uni
1667 1240 1813 1281 com-

246 1337 444 1393 parans
477 1322 709 1391 corpori.
752 1320 863 1375 Hoc
888 1328 1065 1374 autem
1108 1318 1196 1373 hic
1225 1318 1350 1372 dicit
1376 1335 1389 1371 :
1415 1326 1578 1372 totam
1619 1326 1811 1371 terram

244 1428 409 1483 grave
437 1413 727 1467 subituram
757 1410 1068 1481 supplicium
1099 1424 1237 1465 esse.
1263 1409 1328 1464 Et
1353 1407 1456 1464 hoc
1480 1407 1691 1479 quidem
1720 1422 1815 1475 per

247 1505 585 1569 novaculam,
617 1503 745 1558 illud
777 1517 906 1558 vero
941 1518 1035 1572 per
1059 1502 1295 1572 corporis
1321 1502 1601 1571 imaginem
1638 1497 1815 1553 decla-

248 1595 407 1659 ravit,
460 1594 769 1661 ostendens,
814 1593 1088 1648 decretum
1138 1607 1168 1646 a
1213 1592 1320 1646 Deo
1368 1590 1530 1644 latum
1575 1587 1815 1642 acerbius

249 1698 409 1752 quam
436 1683 745 1738 novaculam
783 1682 1071 1751 quamlibet
1094 1690 1148 1737 et
1176 1679 1416 1735 homines
1444 1687 1499 1733 et
1524 1686 1679 1732 terra:
1703 1676 1817 1730 fru-

246 1782 368 1830 ctus
406 1782 841 1842 consumpturum
866 1813 881 1838 ,
930 1772 1179 1841 illamque
1210 1770 1406 1824 nudam
1454 1776 1510 1822 et
1552 1766 1813 1822 desertam

248 1862 559 1916 relicturum
601 1876 737 1917 esse.
788 1859 988 1915 Deinde
1016 1860 1132 1928 ejus
1173 1858 1471 1912 vastitatem
1519 1871 1612 1926 per
1659 1856 1814 1910 aliam

245 1950 700 2018 comparationem
731 1948 969 2003 exhibet.
999 1946 1161 2016 quue
1192 1945 1315 2000 facit
1350 1960 1543 2000 curans
1572 1953 1630 1999 ut
1659 1945 1816 1999 timor

248 2056 465 2108 semper
488 2040 669 2110 vigens
694 2046 924 2103 maneat,
948 2048 1002 2093 et
1023 2052 1186 2108 angor
1208 2037 1528 2107 longitudine
1555 2036 1815 2091 sermonis

248 2144 359 2183 non
385 2130 672 2183 minuatur.
702 2129 768 2183 Et
796 2127 1007 2199 quidem
1032 2129 1240 2191 videtur
1278 2127 1365 2182 hic
1404 2141 1580 2182 sermo
1609 2127 1692 2191 iis,
1723 2126 1814 2196 qui

249 2236 359 2275 non
386 2219 685 2282 attendunt,
715 2220 956 2289 quaedam
998 2218 1254 2274 bonorum
1295 2218 1549 2288 promissa
1578 2216 1815 2285 comple-

249 2310 324 2364 cti
355 2328 368 2362 :
398 2310 491 2365 sed
513 2310 602 2379 qui
642 2319 889 2363 accurate
929 2314 1251 2372 scrutantur,
1277 2306 1449 2360 sciunt
1478 2304 1702 2374 ingentis
1726 2318 1816 2359 va-

252 2400 452 2452 stitatis
477 2414 594 2454 esse
615 2398 1137 2453 demonstrationem.
1169 2395 1304 2463 Quid
1338 2400 1476 2452 enim
1505 2396 1615 2449 ait?
1636 2396 1725 2450 2t.
1753 2394 1817 2448 Et

247 2492 347 2545 erit
390 2491 441 2543 in
487 2490 570 2544 die
604 2489 717 2556 illa,
759 2490 942 2543 nutriet
984 2490 1131 2544 homo
1158 2490 1363 2543 vitulam
1397 2489 1564 2555 boum,
1598 2498 1647 2543 et
1691 2488 1819 2542 duas

251 2595 388 2633 oves.
431 2580 521 2634 9.2.
561 2578 627 2632 Et
657 2581 769 2646 erit,
811 2596 873 2634 ea:
912 2580 1129 2650 plurima
1171 2580 1372 2650 potione
1407 2580 1570 2645 lactis,
1598 2579 1817 2633 comedet

253 2673 511 2740 butyrum,
543 2672 658 2739 quia
684 2672 915 2740 butyrum
959 2680 1005 2725 et
1046 2671 1143 2724 mel
1170 2670 1388 2724 comedet
1422 2672 1587 2725 omnis
1614 2671 1817 2725 relictus

252 2778 407 2828 super
426 2771 626 2813 terram.
653 2761 762 2814 lloc
784 2761 1021 2827 multam,
1045 2771 1101 2816 ut
1120 2761 1249 2827 dixi,
1278 2762 1575 2817 vastitatem
1602 2762 1815 2816 indicat.

253 2849 418 2904 Terra
447 2850 590 2904 enim
620 2865 737 2919 quae
759 2850 1079 2903 frumentum
1117 2858 1172 2903 et
1195 2849 1449 2903 hordeum
1474 2849 1690 2912 ferebat,
1722 2848 1819 2901 lio-

253 2940 488 2992 minibus
516 2939 785 3005 destituta,
810 2937 1027 2991 uberem
1057 2936 1444 3005 pabulationem
1474 2937 1655 2991 ovibus
1683 2951 1819 3005 pra:-

258 3027 423 3089 bebit,
453 3036 507 3082 et
534 3028 604 3080 ita
628 3027 867 3093 uberem,
910 3035 965 3080 ut
999 3025 1068 3079 ob
1097 3024 1469 3080 abundantiam
1498 3025 1617 3080 talis
1641 3025 1817 3094 pabuli

252 3118 519 3173 sufﬁciant
538 3134 666 3174 oves
691 3119 809 3173 dua:
833 3127 887 3173 et
915 3133 1015 3173 una
1046 3117 1225 3184 vitula,
1258 3126 1314 3172 ut
1334 3116 1624 3187 possessori
1650 3117 1821 3173 fontes

258 3208 407 3262 lactis
432 3208 719 3277 praebeant.
758 3208 937 3278 itaque
966 3207 1286 3262 abundantia
1314 3207 1493 3277 pabuli
1522 3207 1818 3272 brutorum,

257 3296 555 3351 solitudinis
581 3297 853 3351 hominum
878 3298 1163 3351 maximum
1189 3305 1269 3351 est
1297 3304 1688 3366 argumentum.
1718 3293 1820 3349 Mcl

256 3400 468 3455 quoque
508 3386 632 3440 illud
661 3386 957 3441 subindicat
982 3403 995 3439 :
1024 3387 1198 3440 solent
1226 3385 1365 3439 enim
1395 3398 1521 3453 apes
1548 3384 1600 3437 in
1630 3384 1819 3438 solitu-

255 3475 469 3529 dinibus
491 3475 730 3531 lubenter
754 3476 975 3541 versari,
1001 3475 1085 3528 ubi
1111 3473 1395 3528 abundanti
1417 3487 1536 3527 esca
1557 3474 1817 3537 fruantur,

254 3572 313 3617 et
354 3562 441 3617 ubi
471 3563 645 3616 nullus
673 3564 742 3617 sit
771 3564 861 3632 qui
896 3562 1186 3632 perturbet.
1230 3561 1297 3616 Ut
1327 3575 1452 3615 vero
1475 3560 1647 3614 discas
1678 3559 1817 3613 illam

256 3655 524 3722 ingentem
564 3653 899 3708 solitudinem
957 3652 1324 3717 subindicare,
1374 3668 1439 3707 ex
1482 3651 1821 3721 sequentibus

256 3742 388 3797 disci
418 3751 609 3813 potest.
639 3744 728 3797 23.
768 3742 834 3795 Et
864 3742 954 3796 erit
988 3744 1042 3796 in
1079 3742 1161 3795 die
1194 3742 1305 3807 illa,
1350 3742 1433 3796 ubi
1462 3742 1646 3809 fuerint
1684 3741 1820 3795 mille

256 3834 413 3887 vineta
436 3834 576 3887 mille
612 3834 871 3897 siclorum,
900 3833 950 3885 in
977 3833 1216 3887 incultam
1245 3842 1409 3896 erunt,
1446 3842 1496 3885 et
1521 3833 1574 3885 in
1598 3832 1816 3902 spinam.

252 3915 346 3969 2i.
372 3915 498 3970 Cum
522 3917 703 3985 sagitta
727 3925 773 3969 et
806 3932 927 3969 arcu
952 3916 1290 3984 ingrediantur
1318 3914 1459 3981 illuc,
1490 3916 1608 3984 quia
1633 3914 1821 3967 inculta

252 4017 302 4059 et
324 4006 485 4073 spinis
510 4007 668 4058 obsita
693 4007 783 4059 erit
808 4006 969 4058 omnis
1010 4014 1163 4057 terra.
1191 4005 1432 4074 Magnum
1473 4015 1527 4059 et
1556 4004 1656 4059 hoc
1681 4004 1818 4058 infe-

230 4094 469 4147 licitatis
497 4093 701 4163 signum
741 4102 841 4155 est,
869 4093 1007 4163 quod
1037 4108 1139 4148 non
1185 4101 1393 4148 montes
1430 4102 1484 4149 et
1521 4094 1688 4160 silvae,
1725 4093 1819 4149 sed

253 4184 369 4251 ipsa
396 4182 608 4236 arabilis
649 4192 811 4249 terra,
840 4197 959 4252 quae
1001 4182 1282 4253 diligenter
1309 4182 1601 4248 colebatur,
1640 4183 1820 4251 spinas

253 4271 410 4326 ferat.
453 4270 633 4339 Neque
657 4272 798 4325 enim
830 4281 1029 4326 temere
1058 4274 1325 4327 vinearum
1354 4273 1581 4343 pretium
1620 4273 1813 4342 posuit,

249 4361 348 4414 sed
382 4370 437 4414 ut
478 4370 719 4415 naturam
744 4371 899 4416 terrae
926 4361 1333 4427 demonstraret,
1377 4362 1697 4432 multamque
1728 4376 1819 4415 co-

252 4451 499 4505 lonorum
529 4464 729 4503 curam.
753 4450 997 4505 Attamen
1024 4451 1111 4505 illa
1128 4466 1242 4521 quae
1271 4452 1415 4519 prius
1439 4461 1542 4505 tam
1567 4466 1819 4521 prospera

251 4549 426 4606 erant,
457 4542 643 4611 inquit,
673 4550 728 4596 et
750 4542 1095 4610 agricolarum
1134 4542 1374 4596 manibus
1400 4542 1723 4609 fruebantur,
1752 4543 1806 4597 in

255 4642 457 4687 tantam
499 4640 668 4687 vertet
706 4632 1069 4700 solitudinem,
1112 4641 1166 4687 ut
1190 4633 1368 4702 spinas
1406 4648 1503 4703 pro
1539 4634 1706 4687 vineis
1744 4633 1819 4689 fe-

252 4734 394 4789 rant,
426 4734 480 4778 et
501 4732 701 4778 tantum
729 4725 982 4778 incutiant
1019 4724 1430 4795 ingredientibus
1457 4734 1733 4792 terrorem,
1761 4734 1819 4780 ut

254 4827 413 4866 nemo
438 4812 629 4865 audeat
658 4812 828 4866 nudus
855 4820 906 4865 ct
945 4813 1060 4867 sine
1087 4812 1251 4867 armis
1280 4813 1522 4869 introire.
1561 4812 1670 4868 lloc
1688 4828 1817 4869 vero

251 4900 346 4965 ait,
376 4901 713 4956 solitudinem
737 4901 837 4955 loci
864 4900 1157 4967 declarans,
1187 4902 1511 4972 multamque
1530 4902 1632 4957 illis
1656 4904 1708 4957 in
1738 4903 1817 4957 lo-

251 4992 332 5044 cis
357 4990 585 5044 ferarum
609 4990 975 5060 frequentiam.
999 4990 1207 5045 Illorum
1230 4992 1406 5061 itaque
1424 4989 1600 5047 animo
1626 4994 1815 5049 timore

253 5080 522 5149 perculso,
550 5080 782 5150 ipsisque
809 5080 1108 5136 vehementi
1146 5081 1356 5135 incusso
1404 5090 1567 5147 metu,
1606 5098 1813 5139 rursum

251 5185 557 5225 sermonem
587 5185 769 5240 parum
802 5172 1044 5238 remittit,
1072 5171 1210 5228 bona
1254 5172 1572 5237 admiscens,
1608 5189 1812 5229 necnon

251 5263 598 5317 mutationem
638 5261 690 5315 in
745 5262 1056 5327 melius;ut
1107 5264 1354 5333 utrinque
1399 5264 1489 5318 Dei
1530 5267 1813 5333 potentiam

250 5360 625 5421 agnoscerent.
663 5351 857 5408 Verum
900 5353 953 5408 in
1002 5354 1322 5411 terribilibus
1367 5354 1561 5410 diutius
1599 5358 1810 5425 insistit,

250 5446 390 5499 bona
430 5460 558 5498 vero
588 5444 766 5498 statim
811 5452 870 5499 ut
905 5444 1057 5514 dixit,
1089 5446 1408 5500 intermittit.
1439 5447 1655 5515 Quare?
1682 5450 1811 5515 Quia

251 5535 354 5588 hoc
390 5535 628 5589 maxime
655 5534 1028 5605 increpationis
1058 5537 1352 5607 pharmaco
1392 5548 1517 5593 tunc
1546 5539 1808 5609 egebant;

250 5627 322 5680 Ita
353 5636 409 5680 ut
434 5633 713 5696 postquam
734 5626 946 5698 copiose
977 5627 1102 5683 illud
1137 5630 1398 5699 apposuit,
1428 5645 1533 5701 quo
1552 5631 1688 5685 sinat
1716 5647 1810 5701 pa-

249 5728 466 5789 rumper
509 5716 794 5789 respirare,
846 5728 900 5777 et
940 5717 1063 5775 hinc
1112 5720 1266 5776 etiam
1308 5720 1372 5777 ad
1424 5721 1667 5777 virtutem
1715 5736 1808 5778 eos

1925 518 2129 573 evocet,
2170 508 2305 563 bona
2332 506 2708 574 intermisceat,
2748 506 2931 565 dicens
2960 507 3084 566 :25.
3134 508 3309 565 Omnis
3335 527 3477 565 utens

1922 610 2089 655 aratro
2116 600 2343 655 sulcatus
2385 602 2634 656 arabitur.
2671 600 3123 668 Quemadmodum
3158 604 3302 659 enim
3340 602 3477 658 irato

1921 692 2050 759 Deo,
2091 692 2249 747 etiam
2281 691 2427 747 ferax
2453 692 2693 762 planities
2722 692 2948 749 solitudo
2975 694 3076 749 erit
3100 713 3112 747 :
3138 696 3218 750 sic
3244 694 3334 750 illo
3360 694 3479 765 pla-

1920 792 2059 847 cato,
2092 783 2248 836 etiam
2278 784 2393 837 loca
2417 797 2600 851 aspera
2624 783 2913 853 pinguioris
2943 793 3095 839 terrm
3118 786 3475 841 conditionem

1920 873 2214 943 acquireut,
2254 882 2308 928 et
2347 883 2580 929 aratrum
2619 877 2884 945 excipient
2926 884 3083 946 atque
3130 891 3333 932 semen.
3384 878 3480 932 llis

1921 978 2081 1034 porro
2121 966 2363 1032 peractis,
2416 966 2575 1021 etiam
2615 982 2675 1021 ea
2713 983 2831 1037 quae
2882 968 2995 1023 haec
3047 978 3341 1041 sequuntur
3382 970 3481 1024 ad-

1920 1062 2096 1120 erunt,
2131 1067 2250 1122 pax,
2295 1054 2532 1119 libertas,
2566 1056 2774 1120 ﬁducia,
2811 1073 2907 1113 nec
2937 1060 3074 1114 ullus
3112 1059 3211 1115 erit
3241 1059 3396 1113 timor
3424 1068 3483 1113 ut

1921 1142 2142 1213 pridem.
2170 1144 2299 1198 Nam
2324 1146 2419 1210 ait,
2454 1146 2570 1201 Non
2590 1148 2896 1218 ingredietur
2922 1150 3025 1203 illic
3054 1150 3217 1203 timor.
3248 1149 3361 1204 Erit
3386 1166 3482 1202 au-

1921 1242 2017 1286 tem
2054 1235 2115 1286 ab
2145 1235 2330 1287 inculta
2358 1245 2509 1303 terra,
2555 1246 2601 1290 et
2640 1254 2672 1289 a
2696 1238 2844 1306 spina
2879 1239 2931 1291 in
2963 1255 3147 1304 pascua
3188 1241 3313 1304 ovis,
3352 1249 3398 1294 et
3426 1257 3481 1293 tis

1921 1323 2344 1377 conculcationem
2370 1326 2524 1380 bovis.
2567 1326 2669 1381 Per
2711 1327 2824 1380 ιιωο
2863 1342 3046 1382 rursus
3074 1343 3161 1383 res
3202 1344 3481 1400 prosperas

1918 1413 2197 1480 signiﬁcat,
2244 1415 2380 1468 sicut
2419 1424 2472 1471 et
2505 1417 2725 1472 ulterius
2765 1416 3107 1486 progrediens
3151 1419 3260 1473 ait:
3290 1418 3481 1473 Beatus

1920 1503 2005 1571 qui
2048 1505 2257 1558 seminat
2297 1521 2448 1574 super
2495 1522 2688 1560 omnem
2732 1522 2934 1576 aquam,
2979 1508 3060 1560 ubi
3102 1507 3189 1561 bos
3227 1517 3272 1561 et
3312 1512 3483 1561 asinus

1920 1595 2115 1649 calcant
2166 1594 2316 1665 (Isai.
2361 1596 2445 1651 32.
2488 1596 2602 1668 20).
2652 1596 3106 1665 Quemadmodum
3149 1597 3310 1663 enim,
3361 1613 3483 1654 cum

1921 1688 2258 1742 solitudinem
2287 1688 2403 1742 vult
2422 1690 2737 1759 signiﬁcare,
2766 1690 2980 1747 Sirenas
3005 1699 3062 1747 et
3087 1692 3485 1747 Onocentauros

1921 1779 1973 1834 in
2012 1778 2240 1833 medium
2270 1780 2482 1835 adducit
2513 1779 2663 1851 (lsai.
2693 1783 2779 1837 l3.
2823 1782 2913 1837 2t.
2953 1782 3045 1853 22)
3072 1798 3086 1835 :
3112 1782 3205 1846 sic,
3238 1796 3359 1838 cum
3388 1797 3482 1851 pa-

1920 1884 2035 1924 cem
2061 1879 2114 1923 et
2132 1870 2491 1936 securitatem,
2521 1871 2763 1925 animalia
2793 1881 3065 1927 mansueta
3094 1881 3148 1928 et
3171 1872 3482 1937 tractabilia,

1920 1976 2143 2030 qumque
2202 1962 2538 2031 agriculturae
2595 1963 2889 2018 inserviunt
2934 1964 3128 2033 ubique
3196 1963 3483 2033 conspicua

1921 2050 2152 2115 exhibet,
2185 2052 2252 2106 ab
2278 2052 2360 2105 his
2385 2068 2446 2106 ca
2474 2068 2591 2123 qua:
2626 2068 2807 2109 eorum
2853 2053 3145 2108 ministerio
3170 2052 3301 2107 ﬁunt
3342 2052 3482 2106 indi-
3512 2090 3517 2096 ι

1921 2154 2070 2207 cans,
2093 2142 2465 2211 agriculturam
2491 2153 2545 2199 et
2564 2142 2665 2200 alia
2692 2159 2875 2200 eorum
2895 2143 3202 2198 ministeria.

2503 2274 2724 2331 CAPUT
2774 2274 2902 2329 Vill.

1925 2388 1974 2441 1.
2016 2386 2081 2439 Et
2119 2387 2189 2439 ait
2228 2385 2472 2441 Dominus
2515 2387 2582 2440 ad
2623 2404 2700 2441 me
2730 2402 2748 2441 :
2774 2386 2931 2443 Sume
2958 2388 3045 2441 tibi
3086 2396 3271 2441 tomum
3297 2390 3484 2445 charta!

1994 2492 2206 2539 novum,
2258 2493 2523 2546 magnum,
2567 2486 2614 2529 et
2656 2478 2812 2530 scribe
2851 2477 2903 2530 in
2946 2492 3004 2530 eo
3057 2479 3185 2545 style
3228 2477 3481 2538 hominis,

1992 2577 2044 2619 ut
2108 2566 2335 2619 velociter
2405 2566 2825 2631 deprazdationem
2876 2567 3030 2636 faciat
3089 2567 3381 2636 spoliorum.
3424 2568 3481 2622 2.

1993 2659 2143 2711 Adest
2163 2658 2293 2711 enim
2321 2673 2339 2711 :
2364 2667 2408 2711 et
2424 2667 2568 2712 testes
2588 2658 2709 2711 mihi
2735 2658 2815 2725 fac
2834 2660 3004 2726 ﬁdeles
3032 2658 3275 2725 homines,
3307 2656 3352 2712 U
3356 2658 3482 2711 riam

1992 2748 2295 2801 sacerdotem
2331 2748 2345 2777 ¹
2368 2786 2383 2812 ,
2436 2756 2479 2800 et
2507 2746 2809 2799 Zachariam
2836 2747 2996 2813 ﬁlium
3018 2745 3301 2799 Barachia'.
3330 2747 3384 2800 3.
3421 2745 3485 2799 Et

1993 2845 2173 2893 accessi
2189 2839 2255 2892 ad
2277 2840 2656 2907 prophetissam,
2686 2847 2729 2891 et
2755 2838 2805 2890 in
2831 2848 2967 2890 utero
2996 2836 3204 2905 accepit,
3229 2847 3275 2889 et
3295 2838 3485 2905 peperit

2002 2929 2179 2981 ﬁlium.
2209 2926 2277 2980 Et
2313 2926 2440 2980 dixit
2478 2925 2597 2979 mihi
2626 2924 2873 2981 Dominus
2901 2940 2920 2978 :
2968 2923 3103 2979 Voca
3141 2941 3317 2979 nomen
3353 2927 3484 2994 ejus,

1997 3020 2104 3073 Cito
2131 3020 2312 3088 spolia,
2354 3017 2598 3072 Velociter
2640 3018 2887 3087 prtedare.
2932 3018 2984 3072 4.
3043 3015 3171 3081 Quia
3219 3026 3485 3086 antequam

1993 3105 2115 3157 sciat
2150 3119 2271 3171 puer
2300 3117 2475 3155 vocare
2498 3111 2690 3171 patrem
2728 3109 2814 3154 aut
2857 3109 3084 3165 matrem,
3133 3101 3342 3170 accipiet
3387 3100 3486 3153 vir-

1996 3204 2147 3247 tutem
2175 3192 2413 3246 Damasci
2442 3202 2487 3245 et
2511 3191 2673 3261 spolia
2703 3191 2951 3247 Samaria:
2979 3207 3147 3245 coram
3185 3204 3298 3261 rege
3324 3189 3453 3259 Assy
3471 3218 3486 3231 -

1994 3278 2201 3340 uiarum;

1995 3401 2046 3454 1.
2086 3399 2209 3454 Htec
2250 3399 2353 3454 duo
2394 3410 2653 3469 przecepta
2696 3397 2982 3453 secundum
3012 3397 3214 3451 literam
3244 3395 3484 3450 videntur

1925 3490 2141 3544 omnino
2183 3489 2391 3543 diversa
2420 3503 2540 3544 esse
2562 3529 2577 3554 ,
2606 3487 2840 3556 nihilque
2868 3501 3147 3541 commune
3182 3484 3376 3539 habere
3402 3502 3416 3538 :
3443 3486 3485 3539 si

1924 3580 2042 3649 quis
2089 3592 2216 3633 vero
2258 3578 2637 3633 sententiarum
2663 3578 2765 3630 vim
2810 3583 3056 3629 accurate
3097 3574 3487 3643 exploraverit,

1925 3668 2141 3722 multam
2171 3667 2365 3722 videbit
2394 3668 2445 3721 in
2470 3682 2532 3721 ea
2558 3682 2616 3721 re
2642 3665 3039 3721 consonantiam
3074 3672 3127 3718 ct
3166 3678 3324 3717 unum
3367 3677 3489 3717 seo-

1924 3776 2070 3831 pum.
2094 3760 2455 3814 Necessarium
2476 3766 2651 3813 autem
2678 3767 2759 3812 est
2784 3756 2929 3827 prius
2948 3756 3122 3811 dicere
3148 3769 3241 3808 cur
3265 3751 3491 3823 prophe-

1925 3854 1995 3906 tia
2027 3852 2077 3905 in
2112 3850 2382 3905 hominum
2410 3849 2565 3903 vitam
2595 3848 2805 3903 inducta
2839 3847 2925 3901 sit.
2972 3845 3077 3901 Cur
3117 3860 3241 3914 ergo
3285 3843 3489 3899 invecta

1924 3944 2027 4011 sit,
2056 3957 2272 3998 necesse
2309 3950 2392 3998 est
2432 3943 2626 3996 dicere.
2671 3941 2813 3996 Solet
2860 3941 2998 3993 Deus
3040 3937 3103 3992 ad
3151 3952 3332 4007 ptenas
3363 3950 3489 4005 pcc-

1924 4033 2166 4089 cantibus
2193 4032 2493 4088 inferendas
2521 4031 2753 4087 cunctari
2782 4042 2835 4084 et
2867 4028 3270 4097 procrastinare,
3302 4041 3489 4096 quem-

1926 4126 2207 4181 admodum
2254 4133 2523 4195 promptus
2561 4123 2808 4192 celerque
2836 4129 2917 4175 est
2941 4120 3006 4173 ad
3037 4118 3287 4173 beneﬁcia
3327 4116 3491 4186 probe

1923 4216 2216 4271 viventibus
2238 4214 2552 4285 praestanda.
2577 4214 2687 4268 lloc
2712 4211 2763 4267 id
2789 4210 2951 4265 efﬁcit
2977 4218 3032 4264 ut
3056 4211 3323 4276 segniores
3347 4206 3491 4263 deci-

1924 4307 2067 4371 dant,
2096 4322 2161 4361 eo
2190 4305 2330 4375 quod
2357 4305 2486 4359 ultio
2510 4304 2769 4358 scelerum
2800 4316 2902 4355 non
2926 4316 2956 4355 e
2978 4299 3195 4369 vestigio
3217 4307 3487 4368 sequatur.

1925 4398 1993 4452 Ut
2023 4411 2150 4465 ergo
2178 4396 2316 4449 Deus
2342 4393 2643 4463 patientiam
2664 4406 2810 4447 suam
2835 4390 3099 4451 exhibeat,
3121 4402 3288 4457 neque
3314 4397 3489 4440 tamen

1927 4486 2001 4541 illi
2035 4486 2158 4540 hinc
2201 4484 2470 4555 segniores
2516 4483 2773 4546 evadant,
2816 4479 3105 4550 prophetia:
3146 4477 3488 4548 pharmacum

1921 4584 2171 4646 apparat,
2201 4590 2307 4629 non
2341 4574 2714 4643 suppliciorum
2743 4570 3121 4640 experimento,
3154 4566 3245 4623 sed
3275 4567 3487 4622 interim

1924 4666 2251 4736 prmscientia
2274 4664 2520 4720 erudiens
2548 4671 2868 4732 peccatores,
2890 4670 2946 4713 ut
2972 4660 3014 4713 si
3044 4658 3237 4712 auditis
3260 4656 3487 4711 commi-

1923 4756 2220 4812 nationibus
2266 4754 2514 4809 meliores
2560 4752 2822 4815 evadant,
2856 4763 3024 4817 postne
3065 4744 3488 4817 experimentum

1921 4848 2185 4919 depellant
2213 4862 2227 4901 :
2254 4846 2335 4900 sin
2372 4859 2499 4899 vero
2542 4844 2657 4897 sine
2695 4856 2851 4896 sensu
2897 4848 3177 4907 maneant,
3206 4848 3330 4893 tunc
3359 4838 3489 4908 ipsis

1922 4939 2232 5009 Supplicium
2256 4936 2461 4991 inferat.
2486 4934 2597 4988 Hoc
2623 4931 2945 5002 perSpiciens
2970 4928 3227 4996 diabolus,
3248 4937 3303 4984 et
3329 4943 3487 4997 quan-

1922 5040 2032 5085 tum
2064 5030 2185 5083 hinc
2210 5030 2340 5082 lucri
2371 5028 2504 5081 foret
2531 5025 2785 5095 cogitans,
2806 5021 3289 5091 pseudoprophetas
3309 5020 3486 5074 immi-

1922 5123 2010 5188 sit,
2037 5122 2123 5185 qui
2150 5118 2421 5190 prophetis
2449 5114 2767 5171 minantibus
2794 5113 2985 5167 famem
3010 5152 3024 5174 ,
3058 5121 3277 5180 pcStem,
3319 5109 3483 5172 bella,

1921 5213 2263 5269 barbarorum
2295 5207 2648 5263 incursionem
2669 5245 2683 5270 ,
2709 5202 3138 5259 contradicebant
3159 5240 3173 5265 ,
3204 5199 3372 5253 fausta
3392 5214 3487 5253 an-

1921 5302 2243 5357 nuntiantes.
2275 5293 2723 5363 Quemadmodum
2754 5294 2894 5347 enim
2939 5292 3076 5345 Deus
3115 5298 3257 5343 metu
3297 5287 3485 5342 verbo-

1920 5406 2038 5446 rum
2068 5390 2279 5445 volebat
2303 5386 2545 5455 supplicii
2570 5384 2986 5454 experimentum
3012 5378 3297 5448 depellere,
3327 5377 3403 5431 sic
3431 5387 3483 5431 et

1919 5480 2159 5535 diabolus
2188 5477 2505 5533 contrarium
2531 5473 2883 5545 operabatur;
2915 5470 3194 5525 verborum
3224 5464 3481 5522 illecebris

1920 5586 2014 5627 eos
2060 5570 2333 5625 emolliens
2374 5577 2427 5622 et
2472 5564 2746 5635 segniores
2799 5559 3059 5625 reddens,
3116 5556 3478 5614 necessitatem

1987 5731 2002 5762 ι
2039 5726 2162 5789 Vox,
2188 5724 2496 5786 sacerdotem,
2519 5722 2661 5774 deest
2683 5720 2728 5768 in
2753 5716 2910 5768 Bihl‘tts
2932 5721 3057 5766 Lxx.
