4064 6214
531 387 600 444 91
1197 382 1257 440 S.
1298 378 1574 439 JOANNIS
1611 371 2080 434 CHRYSOSTOMI
2118 369 2432 428 ARClllEP.
2471 367 2995 428 CONSTANTINOP.
3718 369 3789 425 92

523 504 777 563 afferebat
799 512 858 558 nt
883 499 1138 572 supplicia
1170 498 1340 566 reipsa
1366 493 1751 564 experirentur.
1778 489 1942 553 Hinc,
1971 486 2098 557 quia

526 606 712 670 postea
755 589 1230 665 pseudoprophetis
1276 587 1432 641 ﬁdem
1481 584 1774 649 habentes,
1803 594 1865 634 ac
1898 576 2105 633 virtutis

522 684 838 743 exercitium
864 685 1283 741 contemnentes,
1310 673 1403 730 sed
1430 673 1481 728 in
1513 672 1738 742 peccatis
1762 670 1871 724 suis
1901 680 2108 736 perma-

529 783 719 833 nentes
739 814 754 841 ,
782 773 879 828 sibi
910 768 1224 840 supplicium
1253 764 1589 820 attrahebant
1609 802 1625 828 ,
1656 775 1718 815 ac
1749 774 1842 830 per
1909 755 2110 811 exitum

527 865 904 938 prophetarum
927 861 1121 914 veritas
1140 855 1532 918 ostendebatur,
1551 861 1603 908 et
1624 845 2109 921 pseudoprophcta-

529 975 646 1014 rum
669 954 1001 1012 mendacium
1021 949 1385 1020 detegebatur,
1417 947 1573 1000 aliam
1604 957 1785 998 rursus
1811 938 2107 994 machinam

532 1055 754 1118 apparat
794 1043 858 1098 ad
901 1056 1082 1098 eorum
1111 1039 1397 1110 perniciem
1425 1035 1513 1106 qui
1543 1050 1600 1089 se
1637 1030 1879 1100 intercipi
1908 1029 2106 1083 sinunt.

530 1136 706 1192 Suasit
733 1146 872 1189 enim
910 1132 1060 1201 ipsis,
1087 1131 1174 1200 qui
1204 1128 1427 1197 decepto
1458 1124 1640 1180 faciles
1669 1129 1840 1184 erant,
1873 1120 1966 1174 has
1993 1134 2108 1189 qua:

532 1223 838 1282 accidebant
867 1221 1193 1279 calamitates
1223 1234 1288 1275 ex
1327 1219 1627 1272 daemonum
1660 1215 1735 1268 ira
1779 1210 2061 1282 provenire
2088 1250 2103 1274 ,

524 1316 673 1388 Quod
701 1317 768 1370 ab
795 1314 922 1385 ipsis
949 1313 1340 1382 negligerentur
1367 1321 1429 1359 ac
1468 1304 1738 1373 despectui
1767 1303 2106 1356 haberentur.

537 1409 685 1463 lianc
727 1407 883 1474 igitur
929 1403 1190 1457 fallaciam
1237 1409 1292 1453 ut
1331 1397 1542 1452 tolleret
1581 1396 1738 1460 Deus,
1783 1406 1905 1448 ante
1948 1391 2107 1445 multa

538 1508 775 1566 tempora
821 1509 939 1563 qua:
985 1493 1089 1545 illis
1132 1497 1385 1544 eventura
1429 1496 1601 1552 erant,
1633 1486 1738 1540 imo
1780 1483 1953 1553 potius
1992 1495 2110 1551 qua:

533 1594 677 1660 ipsos
704 1587 1148 1658 comprehensum
1178 1591 1330 1638 erant
1368 1580 1502 1633 mala
1544 1576 1862 1648 pmnuntiat
1885 1615 1900 1636 ,
1927 1583 1985 1627 ut
2020 1572 2112 1642 qui

533 1682 652 1736 illos
677 1679 1007 1747 decipiebant
1029 1691 1133 1730 non
1153 1682 1372 1745 possent
1393 1671 1485 1725 irae
1505 1670 1804 1725 daemonum
1831 1665 1929 1719 hos
1954 1679 2114 1719 even-

538 1781 621 1827 tus
665 1769 984 1825 adscribere.
1034 1767 1184 1834 Quod
1231 1773 1410 1819 autcm
1453 1777 1558 1815 non
1612 1774 1708 1830 per
1753 1755 2111 1825 conjecturam

538 1861 654 1915 haec
677 1860 849 1914 dicam
871 1899 886 1925 ,
919 1857 1039 1911 audi
1085 1856 1273 1910 Isaiam
1298 1854 1561 1908 dicentem
1591 1868 1604 1903 :
1636 1849 1757 1905 Scio
1796 1848 1916 1918 quia
1957 1845 2113 1899 durus

537 1967 608 2016 es,
639 1960 685 2004 et
714 1964 891 2002 nervus
933 1950 1122 2018 ferreus
1150 1944 1337 1998 collum
1367 1953 1507 1996 tuum
1527 1982 1540 2006 ,
1570 1950 1616 1994 et
1658 1941 1799 2009 frons
1839 1947 1924 1991 tua
1953 1951 2110 1990 aenea.

537 2039 663 2095 Ideo
688 2039 749 2092 ab
775 2039 916 2092 initio
955 2037 1188 2109 loquutus
1227 2051 1336 2088 sum
1369 2032 1456 2086 tibi
1475 2073 1489 2097 ,
1519 2047 1579 2085 ne
1603 2030 1740 2083 dicas
1771 2043 1788 2082 :
1813 2027 1963 2080 Idola
1993 2025 2115 2078 milii

537 2136 776 2203 fecerunt,
801 2138 843 2184 et
873 2127 1127 2199 sculptilia
1147 2137 1192 2180 et
1211 2126 1490 2195 con/latitia
1518 2123 1647 2176 mihi
1671 2124 1914 2192 fecerunt.
1939 2116 2116 2187 Neque

537 2221 670 2275 nosti
693 2264 707 2287 ,
740 2237 893 2291 neque
941 2221 1116 2272 audita
1159 2222 1298 2288 fuere
1342 2217 1426 2268 tibi
1458 2213 1625 2284 (lsai.
1678 2212 1767 2266 48.
1817 2212 1870 2266 4.
1918 2210 1970 2264 5.
2016 2207 2113 2278 8).

526 2313 668 2383 Quia
701 2312 878 2381 igitur,
910 2317 965 2363 ut
991 2308 1230 2364 dicebam
1254 2348 1268 2372 ,
1302 2314 1462 2375 utque
1487 2320 1553 2359 ex
1594 2301 1896 2357 testimonio
1933 2299 2114 2352 videre

539 2411 638 2467 est,
683 2401 1012 2455 daemonibus
1063 2399 1151 2453 illa
1198 2395 1607 2460 adscribebant,
1643 2393 1787 2447 venit
1835 2391 2112 2461 prophetia

540 2491 676 2545 hanc
707 2487 896 2544 tollens
918 2487 1176 2551 fraudem,
1194 2496 1244 2540 et
1263 2500 1324 2540 ea
1347 2494 1466 2538 ante
1489 2483 1652 2536 multa
1675 2491 1906 2551 tempora
1929 2479 2118 2550 praedi-

539 2594 686 2634 cens.
715 2577 819 2634 Sed
853 2577 974 2648 quia
1015 2575 1173 2631 etiam
1213 2575 1290 2629 sic
1325 2571 1612 2627 verisimile
1645 2578 1761 2625 erat
1786 2584 1897 2632 eos,
1927 2566 2116 2638 ingrati

539 2687 660 2726 eum
692 2678 890 2733 essent,
914 2667 1150 2722 dicturos
1179 2680 1316 2729 esse,
1340 2663 1453 2718 Non
1483 2661 1817 2732 prmdixistis,
1842 2673 1945 2714 non
1974 2658 2118 2726 prius

540 2761 852 2824 audivimus,
881 2773 1020 2814 nunc
1055 2757 1108 2812 id
1153 2756 1348 2826 ﬁngitis
1378 2764 1497 2825 post
1522 2763 1766 2809 eventum
1799 2771 1812 2807 :
1843 2767 1947 2805 non
1977 2750 2118 2805 enim

542 2853 710 2908 nostis
735 2867 797 2906 ea
822 2866 939 2922 qua:
963 2859 1214 2905 eventura
1246 2855 1398 2901 sunt:
1421 2845 1684 2899 undenam
1709 2858 1835 2912 ergo
1864 2841 1914 2896 id
1946 2841 2117 2910 palam

543 2945 664 3010 erit,
687 2942 832 3012 quod
864 2956 1051 3011 nempe
1092 2939 1291 2994 dictum
1324 2937 1526 2992 fuerit?
1553 2936 1672 2991 vide
1708 2933 1973 3005 quomodo
2017 2933 2119 2987 illis

542 3037 685 3090 clare
708 3034 1038 3088 ineluctabile
1068 3042 1215 3101 paret
1243 3037 1634 3098 argumentum,
1659 3026 1980 3094 impudentia
2001 3039 2122 3079 con-

543 3139 704 3181 suens
746 3139 856 3177 ora.
889 3123 1002 3176 Non
1044 3122 1182 3175 enim
1228 3119 1483 3188 permittit
1524 3127 1578 3170 ut
1618 3125 1819 3169 tantum
1845 3115 2004 3180 dicat,
2027 3114 2119 3167 sed

541 3216 690 3286 jubet
720 3213 771 3269 in
813 3213 990 3266 charta
1018 3211 1174 3265 scribi
1206 3225 1266 3263 ea
1292 3224 1409 3278 qua:
1456 3207 1733 3272 dicuntur;
1766 3219 1936 3274 neque
1964 3203 2121 3258 modo

547 3307 730 3372 scribi,
759 3321 824 3359 ne
869 3304 1048 3357 liceret
1077 3302 1154 3356 eis
1183 3301 1379 3364 dicere,
1412 3299 1524 3354 Hoc
1566 3309 1751 3369 postea
1798 3297 1983 3362 ﬁnxit;
2015 3297 2110 3352 sed

547 3399 706 3453 etiam
739 3403 900 3449 testes
939 3393 1255 3461 scriptorum
1285 3399 1437 3444 vocat
1465 3389 1703 3444 homines
1731 3388 1830 3441 ﬁde
1855 3388 2043 3457 dignos
2070 3395 2124 3441 et

547 3503 578 3542 a
599 3485 850 3556 dignitate
879 3491 933 3538 et
960 3497 988 3535 a
1021 3497 1229 3536 morum
1260 3480 1535 3550 probitate.
1558 3479 1690 3533 Nam
1720 3479 1794 3533 ait
1825 3496 1837 3532 :
1868 3477 1976 3532 Fac
2001 3478 2122 3531 mihi

546 3587 721 3641 testes,
775 3573 946 3644 ﬁdeles
977 3574 1197 3626 [contines
1220 3614 1234 3636 ,
1271 3570 1316 3626 U
1322 3572 1449 3624 riam
1477 3571 1821 3636 sacerdotem,
1852 3580 1896 3623 et
1925 3570 2123 3624 Zacha-

545 3673 717 3734 riam;
748 3679 803 3724 ut
831 3668 1040 3740 quando
1069 3681 1244 3722 rerum
1275 3665 1449 3721 exitus
1478 3665 1610 3727 erit,
1642 3673 1696 3719 et
1740 3665 1810 3718 illi
1856 3664 2120 3728 dixerint,

547 3760 672 3814 llaec
699 3769 825 3814 ante
851 3759 1016 3814 multa
1057 3768 1295 3825 tempora
1348 3770 1451 3809 non
1495 3755 1634 3809 dicta
1684 3753 1832 3808 fuere
1856 3795 1871 3819 ,
1902 3753 2124 3809 eductus

548 3850 682 3904 iiber
705 3859 759 3904 et
789 3857 952 3903 testes
978 3849 1064 3917 qui
1091 3847 1314 3901 aderant
1339 3845 1729 3914 impudentibus
1755 3846 1858 3899 illis
1887 3859 1948 3898 os
1973 3845 2127 3899 obtu-

547 3950 685 3995 rent.
737 3937 860 3993 Ideo
884 3939 996 4004 ait,
1025 3936 1181 3991 Sume
1206 3937 1393 3989 chartae
1421 3945 1606 3989 tomum
1650 3950 1829 3988 novum
1853 3975 1867 4001 ,
1901 3942 1957 3987 ut
1983 3951 2051 3988 ne
2081 3935 2126 3988 si

549 4039 697 4084 vetus
715 4028 826 4098 jam
868 4028 968 4091 sit,
997 4027 1104 4081 cito
1132 4035 1346 4096 pereat;
1378 4024 1471 4078 sed
1497 4023 1588 4094 qui
1614 4024 1777 4077 multo
1805 4024 1959 4078 duret
1991 4037 2126 4078 tem-

551 4134 699 4190 pore,
729 4129 780 4173 et
803 4133 896 4187 per
922 4119 1116 4186 scripta
1148 4117 1268 4172 illos
1295 4117 1517 4171 incuset.
1549 4115 1614 4169 Et
1633 4114 1793 4168 scribe
1819 4115 1948 4184 style
1972 4115 2127 4168 hami.

549 4211 628 4265 nis
646 4252 660 4276 ,
687 4211 737 4264 id
764 4219 846 4263 est
888 4209 1124 4272 calamo,
1153 4223 1266 4277 qua:
1293 4211 1464 4276 futura
1488 4214 1622 4259 sunt.
1670 4205 1926 4271 Quaenam
1953 4204 2125 4258 futura

551 4302 711 4355 sunt?
732 4301 956 4365 Bellum,
976 4300 1194 4353 victoria
1219 4297 1584 4363 barbarorum,
1605 4297 1895 4366 spoliorum
1921 4295 2129 4363 deprss-

548 4389 725 4456 datio,
757 4391 1068 4445 exuviarum
1095 4389 1296 4458 rapina.
1341 4388 1466 4442 ilzec
1490 4388 1666 4457 itaque
1693 4387 1899 4452 omnia,
1928 4386 2124 4456 inquit,

553 4483 730 4539 scribe
753 4525 770 4549 ,
803 4480 868 4536 Ut
911 4481 1141 4534 velociter
1165 4479 1584 4548 depra’dationem
1629 4479 1781 4548 faciat
1825 4478 2120 4546 spoliorum.

550 4573 704 4629 Adest
729 4572 880 4625 enim.
903 4569 1037 4636 Quid
1066 4569 1164 4622 sibi
1194 4570 1303 4621 vult
1329 4566 1472 4632 illud,
1501 4567 1651 4619 Adest
1678 4567 1843 4619 enim?
1869 4565 1992 4619 llatc
2013 4566 2118 4619 duo

553 4664 812 4734 signiﬁcat
837 4681 850 4715 :
874 4677 1062 4732 nempe
1079 4661 1187 4731 jam
1212 4670 1335 4714 tunc
1356 4668 1687 4730 peccatorum
1714 4658 2125 4728 magnitudinem

553 4755 811 4809 ultionem
833 4755 1134 4823 expetiisse,
1157 4761 1210 4807 et
1231 4752 1282 4805 in
1306 4750 1503 4806 foribus
1526 4749 1633 4819 jam
1662 4763 1780 4802 esse
1801 4747 2085 4801 vindictam
2111 4765 2125 4801 :

554 4847 726 4916 ipsum
757 4859 885 4900 vero
912 4844 1167 4908 cunctari,
1195 4843 1442 4914 patientia
1471 4857 1565 4896 sua
1591 4841 1774 4895 volens
1803 4839 1922 4894 illos
1948 4838 2131 4893 melio-

554 4952 642 4992 res
667 4936 914 5001 reddere,
932 4947 982 4990 et
1008 4937 1257 4990 ultionem
1286 4947 1534 4987 amovere
1562 4949 1575 4985 :
1605 4932 1810 5001 ipsique
1835 4928 1987 4984 facile
2013 4943 2131 4983 esse

556 5028 674 5082 solo
698 5035 827 5080 nutu
867 5027 1046 5079 omnia
1083 5026 1147 5078 ad
1191 5024 1435 5078 effectum
1467 5023 1778 5092 perducere.
1828 5021 1958 5088 Quia
1977 5019 2129 5074 ‘enim

557 5118 624 5172 de
646 5116 884 5171 barbaris
908 5130 1083 5170 sermo
1112 5123 1258 5178 erat,
1283 5114 1370 5182 qui
1399 5113 1592 5167 bellum
1625 5111 1816 5165 illaturi
1845 5119 2029 5175 erant,
2054 5110 2131 5164 Ne

556 5207 772 5279 putetis,
803 5206 988 5275 inquit,
1010 5204 1108 5258 vite
1132 5203 1535 5273 longitudinem,
1562 5204 1931 5271 exercitusque
1958 5201 2130 5255 multi-

557 5301 791 5354 tudinem
835 5295 1222 5350 cunctationem
1265 5294 1544 5362 quamdam
1588 5294 1862 5347 atlaturam
1897 5306 2047 5358 esse;
2080 5290 2132 5345 id

557 5390 698 5462 quod
729 5389 864 5444 solet
897 5388 1035 5456 apud
1068 5385 1312 5441 homines
1340 5385 1600 5440 accidere.

627 5483 683 5534 9..
717 5479 821 5534 Deo
848 5479 985 5532 adest
1012 5479 1053 5530 is
1076 5478 1162 5547 qui
1191 5478 1364 5546 procul
1389 5485 1480 5530 est.
1502 5475 1716 5530 —Nam
1751 5477 1859 5530 Deo
1905 5476 2057 5530 adest
2090 5476 2132 5529 is

563 5577 653 5644 qui
682 5573 862 5642 procul
889 5580 970 5626 est
998 5589 1010 5624 :
1042 5572 1111 5625 ita
1141 5569 1448 5625 facillimum
1479 5569 1579 5638 ipsi
1619 5578 1700 5622 est
1745 5582 1850 5623 uno
1880 5567 2134 5637 temporis

558 5674 834 5724 momento
877 5663 943 5717 ab
983 5663 1236 5718 extremis
1287 5671 1441 5717 terra:
1496 5661 1731 5732 partibus
1757 5704 1769 5725 ,
1801 5661 2005 5715 etiamsi
2056 5659 2133 5713 illi

562 5773 754 5829 magno
781 5769 1001 5811 numero
1043 5756 1150 5810 sint
1173 5795 1188 5821 ,
1221 5754 1338 5811 illos
1366 5753 1543 5809 statim
1573 5752 1835 5808 adducere
1883 5751 2132 5814 vobisQue

2206 487 2418 542 sistere.
2442 485 2508 538 Et
2533 494 2677 538 testes
2705 484 2829 537 mihi
2847 484 2929 550 [ac
2955 481 3128 552 ﬁdeles
3154 481 3394 542 homines,
3427 478 3602 534 Uriam
3623 493 3760 532 sacer

2211 578 2394 641 dotem,
2417 588 2462 630 et
2481 574 2781 629 Zachariam
2805 573 2968 643 ﬁlium
2990 571 3270 625 Barac/tite.
3293 568 3458 638 Cujus
3481 570 3558 624 rei
3585 576 3747 623 testes
3770 569 3792 621 ?

2211 669 2489 738 Temporis
2519 685 2532 721 :
2564 676 2623 721 ut
2671 667 2715 721 si
2763 666 2958 735 scripta
2991 664 3268 718 calumniis
3314 663 3658 730 impetantur,
3689 658 3787 712 ho-

2213 759 2384 814 mines
2411 757 2584 812 adhuc
2625 758 2859 811 viventes
2885 795 2900 820 ,
2939 755 3028 823 qui
3081 753 3204 807 dum
3261 751 3377 805 haec
3427 750 3786 804 scriberentur

2215 857 2504 918 praesentes
2532 855 2681 902 erant
2703 887 2719 912 ,
2753 855 3065 914 tempusque
3093 842 3334 911 apprime
3381 845 3640 894 noverant
3680 851 3785 906 quo

2213 941 2326 995 haec
2349 939 2674 1002 dicebantur,
2704 935 2906 1006 possint
2929 948 2989 988 os
3017 934 3261 987 obturare
3285 931 3617 998 impudenter
3641 928 3791 982 obia-

2213 1031 2490 1085 trantibus.
2521 1030 2707 1085 Eidem
2740 1029 2906 1083 haeret
2931 1033 3240 1095 argumento
3269 1024 3320 1078 id
3343 1022 3485 1092 quod
3511 1021 3748 1090 sequitur
3767 1060 3783 1085 ,

2213 1120 2407 1175 clarius
2448 1120 2524 1174 rei
2574 1120 2939 1190 probationem
2989 1118 3238 1171 inferens.
3295 1111 3572 1180 Quomodo
3601 1119 3654 1166 et
3683 1124 3784 1178 qua

2213 1210 2462 1264 ratione?
2491 1209 2605 1280 Ipsa
2632 1209 2793 1264 verba
2822 1209 3114 1263 audiamus.
3146 1204 3363 1258 Accessit
3393 1202 3555 1267 enim,
3589 1202 3695 1265 ait,
3719 1199 3785 1251 ad

2219 1302 2608 1371 praplietissam.
2666 1300 2895 1354 Uxorem
2949 1297 3215 1368 propriam
3262 1295 3338 1349 sic
3365 1294 3499 1347 forte
3541 1294 3782 1356 vocavit,

2214 1393 2353 1464 quod
2398 1393 2484 1446 illa
2513 1392 2670 1447 etiam
2715 1391 3023 1461 prophetico
3067 1390 3267 1459 Spiritu
3311 1386 3524 1456 dignata
3557 1384 3782 1438 fuisset:

2215 1501 2336 1539 nam
2369 1499 2472 1539 non
2503 1484 2630 1539 viris
2672 1485 2828 1537 modo
2858 1483 2972 1537 lucc
3009 1497 3231 1537 munera
3278 1480 3558 1544 dabantur,
3592 1478 3686 1533 sed
3733 1478 3784 1531 in

2216 1577 2526 1632 muliebrem
2566 1575 2722 1630 etiam
2753 1590 2936 1630 sexum
2967 1574 3304 1628 transierant.
3333 1571 3514 1641 Neque
3542 1570 3683 1625 enim
3732 1580 3787 1623 ut

2216 1669 2268 1722 in
2297 1668 2633 1723 smcularibus
2677 1667 2898 1736 negotiis
2932 1663 3105 1720 ofﬁcia
3146 1664 3568 1732 distinguuntur,
3597 1671 3651 1715 et
3685 1661 3788 1714 alia

2217 1761 2451 1814 virorum
2481 1768 2603 1813 sunt
2622 1800 2637 1825 ,
2667 1757 2766 1815 alia
2798 1757 3075 1811 mulierum
3098 1797 3112 1819 ,
3140 1768 3237 1809 nec
3266 1761 3485 1822 possunt
3537 1752 3640 1805 illae
3668 1751 3756 1804 fun

2216 1852 2420 1906 ctiones
2448 1850 2584 1906 inter
2610 1864 2668 1905 se
2696 1849 3007 1904 commutari
3031 1865 3043 1899 :
3069 1847 3139 1900 ita
3170 1860 3228 1901 se
3254 1860 3342 1900 res
3371 1843 3529 1897 habet
3554 1844 3603 1897 in
3631 1842 3789 1912 spiri-

2219 1941 2474 2006 tualibus;
2505 1939 2598 1995 sed
2642 1939 2786 2009 paria
2829 1949 2953 1993 sunt
2994 1936 3282 1991 certamina
3307 1977 3321 2001 ,
3349 1947 3658 1987 communes
3695 1947 3789 1984 co—

2217 2047 2379 2088 ronre.
2411 2031 2477 2085 Et
2509 2030 2621 2084 bzec
2647 2030 2824 2099 utique
2852 2028 3031 2083 videre
3061 2037 3141 2082 est
3171 2027 3222 2081 in
3258 2025 3431 2080 Veteri
3458 2033 3512 2079 et
3547 2023 3598 2077 in
3639 2021 3792 2077 Novo

2218 2123 2579 2187 Testamento,
2612 2121 2663 2174 in
2693 2129 2802 2175 toto
2831 2118 3061 2173 humano
3088 2133 3278 2189 genere
3305 2117 3627 2183 contingere.
3655 2113 3792 2166 Cum

2220 2214 2318 2268 hac
2347 2215 2502 2283 igitur
2525 2227 2590 2268 ex
2618 2211 2734 2282 lege
2758 2207 3081 2264 matrimonii
3110 2219 3425 2277 congressus
3465 2218 3584 2258 cum
3630 2210 3791 2265 esset,

2220 2313 2577 2375 prmgnantem
2618 2302 2758 2357 illam
2785 2299 2978 2356 eﬂ'eeit.
3026 2299 3094 2353 Et
3137 2307 3412 2368 postquam
3457 2304 3612 2350 natus
3652 2304 3795 2349 esset

2224 2411 2356 2465 puer
2376 2436 2389 2460 ,
2424 2408 2614 2446 nomen
2643 2406 2835 2446 novum
2885 2399 2939 2444 et
2982 2389 3348 2443 admirandum
3379 2387 3475 2455 ipsi
3507 2385 3789 2454 imposuit,

2217 2484 2359 2553 quod
2396 2483 2686 2536 futurorum
2714 2481 2984 2535 historiam
3007 2479 3466 2547 complecteretur.
3494 2475 3630 2543 Quid
3651 2475 3796 2529 enim

2221 2575 2332 2628 ait?
2381 2573 2511 2625 Voca
2536 2588 2714 2625 nomen
2739 2573 2868 2642 ejus,
2894 2569 3003 2625 Cito
3031 2569 3216 2638 spolia,
3255 2567 3501 2621 Velociter
3529 2566 3756 2635 praedare
3779 2580 3799 2616 :

2222 2671 2279 2716 ut
2305 2661 2512 2717 etiamsi
2538 2661 2747 2730 scriptis
2775 2659 2905 2713 ﬁdes
2931 2673 3034 2712 non
3064 2657 3347 2711 haberetur
3386 2657 3437 2710 in
3469 2664 3610 2708 torno
3653 2654 3796 2723 posi-

2225 2755 2314 2821 tis,
2331 2753 2610 2824 appellatio
2633 2752 2777 2822 pueri
2802 2751 3099 2804 futurorum
3123 2749 3394 2802 historiam
3416 2748 3796 2815 complectens,

2222 2855 2276 2900 et
2315 2853 2437 2900 ante
2465 2852 2711 2899 eventum
2740 2857 2915 2897 rerum
2945 2841 3206 2910 imposita,
3233 2854 3293 2894 ac
3322 2835 3627 2904 frcquente’r
3656 2837 3798 2889 ouuti

2222 2944 2458 3003 tempore
2484 2934 2704 3003 prolata,
2737 2931 2819 2985 vel
2851 2930 3424 3000 impudentissimorum
3455 2943 3546 2981 ora
3573 2941 3792 2979 consuc-

2221 3036 2321 3080 ret.
2349 3025 2497 3091 Quod
2519 3024 2658 3078 enim
2685 3023 2799 3077 hmo
2821 3021 3072 3091 propheta
3093 3035 3197 3074 non
3230 3028 3345 3087 post
3367 3028 3614 3072 eventum
3646 3015 3798 3068 tiliu-

2223 3116 2395 3181 xerit,
2440 3114 2533 3168 sed
2579 3114 2733 3181 longe
2783 3121 2905 3164 ante
2950 3111 3292 3179 prmviderit,
3338 3109 3495 3162 etiam
3529 3108 3561 3160 ii
3592 3108 3680 3175 qui
3733 3121 3800 3158 ex

2227 3204 2400 3258 studio
2450 3203 2636 3272 ingrati
2686 3200 2987 3270 stupidique
3037 3209 3189 3252 erant
3243 3199 3365 3250 hinc
3417 3206 3474 3250 ut
3522 3197 3802 3250 crederent

2227 3296 2412 3352 adduci
2465 3302 2747 3365 poterant,
2802 3293 2892 3362 qui
2944 3301 3069 3344 ante
3120 3305 3297 3344 rerum
3353 3297 3603 3342 eventum
3664 3287 3804 3340 hunc

2227 3401 2444 3457 puerum
2474 3385 2708 3438 viderant
2738 3383 2812 3435 sic
2840 3380 3116 3450 appellari,
3137 3389 3190 3433 et
3215 3377 3508 3431 futurarum
3535 3375 3805 3428 calamita-

2229 3480 2337 3525 tum
2388 3469 2684 3522 doctrinam
2737 3467 2813 3519 sic
2863 3463 3172 3533 prmdicarc.
3237 3461 3463 3529 Ideoque
3515 3458 3810 3527 prOphetiai

2226 3565 2330 3618 vim
2359 3563 2732 3630 interpretatur
2751 3599 2765 3623 ,
2796 3565 3108 3624 tempusque
3137 3561 3378 3606 accurate
3408 3551 3669 3619 signiﬁcat
3722 3549 3804 3601 his

2225 3653 2400 3709 verbis
2430 3669 2440 3704 :
2476 3651 2614 3717 Quia
2645 3657 2908 3713 antequam
2957 3647 3081 3697 sciat
3119 3659 3241 3712 puer
3289 3656 3465 3694 uocare
3508 3648 3699 3708 patrem
3728 3640 3805 3690 vel

2228 3753 2454 3804 matrem,
2475 3741 2680 3809 accipiet
2722 3736 2991 3807 potentiam
3027 3732 3288 3796 Damasci,
3309 3743 3351 3784 et
3372 3730 3534 3798 spolia
3556 3729 3810 3782 Samarirc

2227 3851 2395 3889 coram
2431 3848 2544 3902 rege
2573 3830 2916 3899 Assyriorum.
2960 3823 3110 3891 Quod
3156 3822 3320 3886 dicit,
3355 3819 3654 3888 bujusmodi
3705 3831 3805 3875 est.

2229 3927 2284 3980 In
2317 3936 2553 3993 tempore
2577 3964 2591 3985 ,
2627 3917 2834 3988 inquit,
2867 3917 3160 3968 immaturae
3190 3912 3390 3972 artatis,
3425 3925 3542 3963 eum
3573 3908 3812 3961 nondum

2231 4017 2394 4088 possit
2414 4012 2574 4078 loqui,
2607 4009 2826 4063 victoria
2845 4016 2897 4061 et
2924 4015 3118 4073 tropaea
3149 4010 3337 4065 erunt;
3372 4015 3474 4053 non
3505 3997 3644 4065 quod
3679 4013 3804 4066 puer

2231 4109 2391 4179 possit
2416 4105 2580 4158 aciem
2608 4103 2888 4164 instruere,
2913 4097 3196 4164 hostesque
3218 4094 3495 4164 profligare
3520 4111 3531 4144 :
3557 4091 3649 4144 sed
3668 4090 3810 4159 quod

2233 4208 2363 4253 mtas
2391 4195 2502 4258 illa,
2535 4193 2646 4247 sive
2673 4201 2880 4258 tempus
2921 4185 3051 4240 illud
3095 4185 3330 4252 elapsum
3363 4191 3644 4248 antequam
3677 4193 3810 4247 puer

2229 4289 2375 4360 loqui
2423 4286 2626 4357 possit,
2664 4282 2837 4336 omnia
2893 4275 3063 4332 tradat
3105 4274 3366 4327 hostibus.
3406 4271 3458 4324 5.
3513 4268 3578 4321 Et
3625 4269 3852 4336 adjecit,

2230 4358 2476 4434 Dominus
2502 4375 2568 4428 ad
2598 4389 2674 4426 mc
2701 4371 2836 4436 loqui
2863 4369 3027 4420 adhuc
3051 4381 3068 4417 :
3092 4365 3143 4418 6..
3179 4363 3254 4416 Eo
3277 4361 3411 4430 quod
3447 4376 3543 4412 non
3583 4359 3694 4411 velit
3727 4358 3809 4409 hic

2231 4469 2443 4541 papulas
2473 4480 2654 4536 aquam
2677 4461 2891 4525 Siloam,
2915 4473 3026 4524 qua:
3058 4463 3226 4507 manat
3259 4453 3441 4521 quiete,
3476 4451 3562 4503 sed
3588 4449 3690 4502 vult
3719 4450 3810 4500 lia-

2231 4565 2339 4618 bcre
2357 4560 2510 4615 Ilasin
2534 4567 2578 4611 et
2599 4555 2758 4623 ﬁlium
2780 4550 3017 4604 Romeliw
3044 4563 3204 4616 regem
3231 4560 3379 4611 super
3404 4557 3510 4608 vos,
3535 4543 3585 4593 7.
3607 4553 3812 4609 propter

2233 4656 2324 4704 hoc
2354 4667 2461 4703 ecce
2480 4647 2686 4699 adducit
2715 4643 2960 4696 Dominus
2981 4655 3130 4706 super
3154 4653 3238 4689 vos
3259 4651 3435 4699 aquam
3462 4632 3684 4702 ﬂuminis
3705 4635 3812 4699 [or-

2234 4752 2347 4804 tem,
2381 4737 2610 4800 multam,
2648 4748 2811 4801 regem
2833 4729 3170 4797 Assyriorum.
3198 4725 3337 4777 Deus
3372 4737 3469 4792 pro
3508 4735 3654 4773 more
3691 4735 3808 4779 suo,

2233 4847 2336 4887 non
2367 4829 2532 4884 solum
2565 4838 2747 4895 pcenas
2776 4820 3050 4891 praedicit,
3084 4817 3175 4870 sed
3206 4829 3392 4868 causas
3419 4811 3605 4872 aﬂ‘ert,
3636 4820 3690 4864 ut
3734 4812 3810 4863 sic

2233 4922 2500 4978 auditores
2543 4917 2746 4972 erudiat
2777 4933 2789 4966 :
2821 4913 2868 4966 id
2897 4912 2994 4964 hoc
3023 4910 3179 4963 etiam
3211 4909 3324 4960 loco
3349 4905 3490 4958 facit.
3523 4903 3620 4957 Ubi
3670 4916 3807 4955 (mn

2236 5013 2475 5084 prmdixit
2526 5006 2942 5062 devastationem
3003 5015 3095 5068 per
3147 4997 3468 5066 alienigenas
3530 4995 3800 5057 futuram,

2234 5106 2449 5174 abrepta
2473 5100 2658 5171 spolia,
2678 5107 2731 5152 et
2759 5095 3100 5149 barbarorum
3122 5089 3462 5156 irruptionem
3488 5084 3806 5153 praenuntia-

2235 5198 2328 5260 vit,
2360 5207 2568 5248 cansam
2595 5189 2713 5242 belli
2743 5186 2885 5239 dicit.
2911 5183 3164 5250 Quaenam
3192 5178 3338 5232 haec?
3363 5177 3595 5243 Ingratus
3623 5173 3809 5226 civita-

2241 5301 2346 5345 tem
2368 5283 2708 5341 incolentium
2732 5279 2957 5332 animus.
2981 5273 3259 5340 Quoniam,
3283 5269 3468 5336 inquit,
3485 5281 3604 5319 eum
3629 5278 3806 5333 regem

2238 5381 2465 5435 habeant
2510 5373 2872 5433 moderatum,
2905 5367 3086 5420 mitem
3129 5371 3180 5416 et
3231 5368 3601 5423 mansuetum,
3632 5356 3698 5409 ab
3747 5371 3813 5410 eo

2239 5471 2580 5530 resilit-runt,
2635 5471 2989 5533 tyrannosque
3039 5459 3305 5523 optarunt,
3338 5458 3392 5503 et
3436 5448 3533 5501 sub
3577 5447 3812 5500 alienum

2240 5562 2518 5634 imperium
2562 5554 2888 5622 transfugere
2928 5548 3099 5603 conati
3131 5555 3289 5605 sunt,
3323 5543 3624 5597 felicitatem
3657 5553 3806 5592 suam

2239 5630 2344 5710 non
2372 5653 2602 5708 ferentes
2629 5689 2642 5712 ,
2675 5643 2991 5700 desiderium
3024 5652 3203 5692 eorum
3245 5634 3513 5703 copiosius
3542 5630 3767 5697 explebo
3791 5669 3806 5694 ,

2243 5749 2523 5804 barbarum
2562 5737 2842 5811 quemdam
2873 5741 2926 5788 et
2956 5730 3296 5786 inhumanum
3327 5723 3614 5778 adducens.
3648 5720 3812 5774 Meta-
