4064 6214
277 386 348 442 93
1519 369 1586 427 lN
1624 368 1872 434 lSAlAM,
1911 365 2063 424 CAP.
2107 366 2238 424 vut.
3452 380 3520 435 94

284 491 499 559 phorice
529 503 686 559 porro
734 488 909 544 verbis
953 487 1152 553 utitur,
1184 498 1360 541 mores
1404 482 1665 554 indigenae
1711 484 1853 551 regis

282 580 607 645 describens,
633 588 687 634 et
716 579 924 634 barbari
956 576 1240 648 potentiam
1273 593 1286 630 :
1314 574 1365 629 id
1392 590 1517 630 vero
1545 573 1689 641 facit,
1715 571 1854 643 quod

283 684 493 737 semper
522 669 668 736 dixi,
700 676 758 723 ut
782 669 1036 737 majorem
1081 665 1344 721 sermonis
1387 663 1660 734 emphasin
1702 664 1854 718 exhi-

283 758 421 812 beat.
472 758 594 813 Ideo
619 758 727 823 ait,
756 757 833 810 Eo
882 757 1017 825 quod
1060 756 1220 810 nolint
1250 771 1432 825 aquam
1476 754 1673 809 Siloam
1702 769 1719 806 :
1751 768 1857 806 non

281 846 347 900 de
374 862 509 916 aqua
533 847 743 911 dicens,
773 846 866 901 sed
892 846 1012 915 quia
1041 846 1158 899 fons
1187 844 1382 899 sensim
1411 855 1465 897 et
1494 844 1609 898 sine
1633 843 1857 912 strepitu

280 948 495 1004 manat,
543 939 810 994 lenitatem
858 947 912 993 et
952 937 1369 993 moderationem
1405 937 1558 1005 ejus,
1603 938 1689 1005 qui
1736 943 1857 988 tunc

288 1029 579 1098 regnabat,
613 1029 895 1098 tranquillo
942 1042 1195 1097 aquarum
1244 1026 1420 1080 cursui
1469 1034 1775 1093 comparat,
1806 1031 1859 1077 et

283 1118 477 1173 Siloam
510 1119 680 1188 ipsum
708 1130 891 1184 vocat,
921 1117 1059 1188 quod
1083 1117 1215 1171 lenis
1243 1116 1313 1169 sit
1337 1123 1391 1170 et
1419 1122 1727 1169 mansuetus
1759 1130 1773 1168 :
1806 1112 1869 1169 id.

282 1210 423 1280 quod
471 1211 757 1265 maximam
804 1210 1029 1264 subditis
1075 1208 1229 1263 affert
1275 1206 1735 1270 criminationem,
1768 1205 1858 1274 qui

281 1315 401 1353 cum
433 1314 537 1354 non
580 1314 738 1370 grave
762 1300 944 1369 jugutn
976 1298 1268 1364 haberent,
1312 1311 1397 1351 res
1439 1309 1601 1349 novas
1646 1294 1859 1365 aggredi

285 1393 559 1447 tentabant
578 1432 592 1456 ,
623 1392 920 1461 alienisque
958 1391 1169 1461 regibus
1197 1403 1316 1444 sese
1356 1387 1569 1442 dedere.
1599 1386 1859 1454 Quoniam

283 1498 433 1553 ergo,
464 1481 651 1551 inquit,
680 1482 822 1536 illum
857 1481 1039 1535 mitem
1070 1478 1505 1546 moderatumque
1538 1476 1741 1539 nolunt,
1764 1473 1859 1529 sed

284 1572 446 1627 Rasin
472 1584 523 1628 et
546 1573 709 1627 filium
737 1572 1012 1636 Romeliae,
1030 1570 1270 1624 inducam
1293 1568 1671 1639 Babylonium;
1699 1567 1859 1635 impe-

286 1677 502 1734 tumque
533 1664 796 1719 exercitus
833 1663 976 1717 illius
1008 1675 1197 1730 aquam
1246 1659 1478 1714 ﬂuminis
1504 1665 1657 1713 vocat
1681 1659 1862 1727 copio-

284 1770 398 1808 sam
427 1763 479 1807 et
505 1754 893 1807 vehementem.

357 1844 409 1898 3.
441 1843 640 1898 Deinde
668 1843 1029 1911 metaphoram
1060 1840 1331 1910 explicans
1357 1840 1448 1905 ait,
1482 1840 1668 1909 Regem
1698 1838 1854 1908 Assy-

284 1938 494 1991 riorum.
551 1936 738 1989 Viden’
772 1950 926 2005 quam
966 1934 1314 1988 indubitatum
1344 1942 1593 2003 appareat
1629 1931 1681 1985 id
1720 1928 1861 2000 quod

284 2040 442 2093 supra
470 2025 731 2089 diximus,
780 2026 833 2078 in
866 2024 1188 2093 metaphoris
1219 2037 1412 2091 nempe
1444 2020 1771 2090 Scripturam
1804 2034 1862 2073 se

285 2129 497 2182 semper
550 2114 888 2183 interpretari
936 2112 1148 2167 solere?
1195 2110 1346 2177 Quod
1375 2110 1532 2164 etiam
1584 2110 1668 2165 hic
1718 2109 1859 2164 fecit.

283 2204 415 2259 Cum
437 2205 577 2258 enim
601 2204 792 2259 ﬂumen
815 2203 1056 2269 dixisset,
1074 2218 1179 2257 non
1204 2203 1257 2256 in
1280 2203 1586 2271 metaphora
1608 2201 1861 2268 substitit,

284 2296 377 2350 sed
408 2297 671 2365 quodnam
709 2296 901 2350 ﬂumen
928 2305 1070 2350 esset
1093 2294 1224 2349 dixit
1248 2335 1262 2360 ,
1292 2292 1479 2364 Regem
1509 2293 1825 2363 Assyriorum
1846 2333 1861 2359 ,

285 2397 329 2437 et
352 2402 545 2438 onmem
566 2386 777 2455 gloriam
803 2386 930 2454 ejus.
957 2384 1019 2437 Et
1042 2384 1272 2439 ascendet
1295 2399 1446 2452 super
1467 2400 1662 2437 omnem
1686 2384 1865 2437 valltm

285 2486 517 2541 vestram,
549 2485 594 2529 et
623 2475 956 2529 deambulabit
974 2491 1127 2543 super
1154 2491 1349 2528 onmem
1394 2491 1592 2527 murum
1629 2484 1860 2527 uestrum.

286 2566 339 2619 8.
372 2565 435 2617 Et
472 2567 665 2635 auferet
695 2584 726 2617 a
749 2565 930 2619 Judtea
956 2565 1229 2629 hominem,
1269 2566 1355 2632 qui
1388 2566 1543 2633 possit
1587 2566 1749 2618 leuare
1774 2580 1863 2616 ca-

286 2667 394 2726 put,
442 2668 528 2710 aut
578 2660 664 2727 qui
706 2658 859 2727 possit
906 2658 1099 2726 aliquid
1139 2658 1399 2726 per/icere.
1425 2656 1493 2709 Et
1531 2665 1673 2710 erunt
1700 2669 1865 2709 castra

288 2751 413 2816 ejus,
447 2750 517 2801 ita
543 2759 595 2801 ttt
618 2749 856 2817 impleant
906 2748 1221 2801 latitudinem
1263 2748 1479 2817 regionis
1506 2758 1623 2801 tute.
1669 2748 1862 2803 Osten-

289 2837 418 2892 dens
449 2853 550 2892 non
580 2838 805 2892 humana
828 2838 1037 2904 virtute,
1070 2837 1163 2892 sed
1202 2838 1275 2891 ira
1319 2838 1410 2892 Dci
1443 2838 1692 2893 saeviente
1729 2839 1863 2907 haec,

287 2945 403 2996 quae
446 2928 709 2993 dicuntur,
754 2938 1003 2983 eventura
1046 2942 1193 2995 esse,
1225 2943 1328 2983 non
1382 2928 1525 2983 illum
1561 2938 1616 2982 ut
1658 2927 1864 2983 hostem

287 3021 399 3074 acie
429 3020 679 3074 instructa
702 3020 970 3086 describit,
1016 3019 1110 3074 sed
1161 3028 1211 3073 ttt
1250 3018 1316 3073 ad
1349 3030 1580 3087 paratam
1634 3020 1863 3088 [mulam

289 3110 605 3166 venientem.
635 3110 747 3164 Non
770 3112 909 3165 enim
934 3111 1113 3176 stabit,
1144 3111 1330 3179 inquit,
1355 3119 1409 3164 et
1429 3111 1595 3164 aciem
1620 3110 1863 3176 instruet,

289 3200 380 3254 sed
409 3216 686 3270 corporum
720 3201 1048 3255 multitudine
1077 3214 1230 3255 terra:
1261 3200 1448 3254 faciem
1479 3200 1708 3270 obteget,
1734 3200 1863 3254 faci-

290 3290 442 3357 leque
471 3290 641 3344 aderit
666 3291 763 3360 (a).
792 3291 871 3343 Ad
894 3291 1006 3345 ha-e
1061 3292 1111 3344 in
1163 3291 1237 3343 ira
1282 3291 1440 3345 etiam
1469 3305 1655 3361 magna
1680 3290 1865 3345 obser-

289 3390 439 3435 vatur
462 3381 761 3436 clementia.
790 3381 969 3451 Neque
994 3382 1135 3436 enim
1163 3381 1514 3435 comminatur
1540 3396 1598 3436 se
1628 3382 1863 3451 ipsorum

290 3470 473 3527 urbem
517 3471 887 3527 demoliturum
931 3485 1076 3535 esse,
1120 3470 1212 3525 sed
1267 3470 1623 3540 captivitatem
1673 3486 1862 3541 quam-

289 3560 407 3612 dam
439 3569 491 3615 et
516 3560 882 3615 abductionem
916 3560 1184 3630 prmdicit,
1216 3560 1448 3631 reliquos
1470 3561 1653 3617 volens
1684 3577 1747 3616 ex
1775 3577 1864 3615 ea-

290 3652 552 3720 ptivorum
591 3667 745 3721 poena
785 3653 851 3706 ad
882 3652 1154 3707 meliorem
1175 3652 1376 3722 frugem
1430 3652 1703 3707 reducere.
1732 3652 1861 3706 Nam

288 3742 358 3795 ait
390 3760 402 3795 :
433 3742 636 3812 Auferet
662 3760 691 3795 a
713 3742 895 3797 Judwa
924 3744 1171 3797 hominem
1196 3745 1279 3812 qui
1307 3746 1460 3813 possit
1489 3744 1650 3798 leuare
1673 3754 1862 3813 caput:

287 3833 353 3887 dc
382 3833 689 3903 proceribus
719 3833 949 3903 loquitur
968 3874 980 3897 ,
1012 3832 1181 3902 deque
1211 3834 1273 3887 iis
1303 3833 1391 3903 qui
1441 3835 1614 3888 omnia
1647 3850 1859 3891 sursum

287 3923 535 3979 deorsum
566 3933 810 3989 versant;
838 3939 929 3978 eos
957 3924 1043 3993 qui
1088 3924 1477 3979 multitudinem
1507 3925 1684 3994 populi
1711 3926 1859 3981 labe-

288 4013 571 4076 factabant,
603 4013 836 4081 captivos
863 4028 1148 4082 servosque
1192 4013 1367 4079 faciet,
1403 4014 1473 4068 ita
1502 4024 1556 4068 ut
1584 4014 1860 4074 inferiores

287 4104 491 4171 possint
515 4103 769 4156 tantillum
801 4103 1078 4171 rcSpirare,
1109 4118 1279 4169 exque
1305 4112 1447 4156 metu
1479 4119 1573 4172 per
1593 4104 1860 4158 abductio-

285 4206 404 4246 nem
437 4191 660 4244 aliorum
693 4200 861 4260 parto,
893 4201 947 4245 et
979 4206 1044 4244 ex
1073 4191 1281 4258 propria
1328 4192 1572 4245 libertate
1613 4193 1860 4247 meliores

284 4281 527 4335 evadere.
559 4281 681 4334 Ideo
702 4282 774 4334 ait
802 4298 813 4333 :
842 4281 938 4346 Qui
960 4283 1114 4350 possit
1152 4282 1346 4352 aliquid
1373 4284 1644 4351 per/icere,
1676 4284 1726 4338 id
1753 4294 1855 4349 est,

283 4371 494 4429 fortem.
521 4370 716 4439 aliquid
740 4372 947 4439 operari
972 4371 1254 4437 valentem,
1286 4372 1372 4440 qui
1398 4372 1563 4441 possit
1600 4373 1679 4427 vel
1705 4373 1859 4427 mini-

350 4500 429 4569 (a)_
459 4503 607 4569 Juxta
640 4503 851 4569 Grecam
876 4503 1161 4569 lectionem,
1186 4506 1446 4569 περιέσται,
1479 4509 1742 4569 legendum
1770 4525 1850 4560 es-

283 4570 386 4631 set,
403 4561 638 4631 facileque
654 4563 843 4631 yincet;
869 4565 954 4612 sed
968 4561 1292 4631 maluimus}?
1305 4561 1472 4615 rzecam
1501 4561 1668 4617 vocem
1696 4574 1849 4619 inter-

285 4622 468 4690 pretari
489 4622 625 4690 quasi
650 4622 836 4690 fuisset,
858 4628 1104 4690 τεᾳρέσςτᾳι,
1132 4624 1306 4690 aderit,
1328 4641 1437 4686 quae
1455 4642 1548 4676 vox
1573 4644 1679 4678 cum
1700 4645 1847 4680 versu

282 4684 719 4753 superiusallato,
745 4686 846 4753 cui.
864 4684 942 4743 9t,
975 4684 1057 4733 ubi
1080 4687 1281 4746 legitur,
1306 4684 1449 4738 Adest
1474 4690 1600 4739 enim
1628 4692 1845 4753 (πάρεστι

280 4744 413 4806 γάρ),
443 4742 623 4792 melius
648 4742 871 4806 quadrat.

1961 496 2105 537 mutu
2120 482 2242 552 quid
2261 481 2488 539 efficere.
2510 482 2577 538 Et
2596 490 2719 539 ante
2739 482 3127 553 abductionem,
3147 498 3241 555 per
3262 486 3432 555 ipsum
3456 504 3539 543 re-

1963 586 2081 625 rum
2093 580 2387 641 aspectum,
2403 573 2497 638 ait,
2516 573 2623 629 Vos
2639 574 2767 629 satis
2781 582 2985 629 terrore
3001 574 3417 643 percelletbarba
3426 593 3536 642 rus,

1961 669 2125 715 totam
2145 670 2338 716 terram
2364 662 2587 732 implens
2598 662 2942 719 barbarorum
2962 666 3295 734 corporibus.
3315 665 3438 720 Ideo
3456 668 3536 720 in.

1962 750 2077 804 tulit
2098 767 2110 803 :
2134 751 2202 803 Et
2223 760 2369 805 erunt
2386 762 2551 806 castra
2566 754 2693 824 ejus,
2710 754 2781 807 ita
2803 764 2855 806 ut
2874 754 3440 823 impleantlatitudinem
3461 772 3536 809 reo

1960 841 2123 912 gionis
2152 850 2269 896 tum.
2301 841 2580 897 Nobiscum
2601 842 2758 897 Deus.
2789 844 2840 898 9.
2872 845 3083 913 Scitote,
3101 857 3289 915 gentes,
3308 857 3357 900 et
3388 848 3535 907 vinci-

1960 933 2086 986 mini
2109 949 2125 987 :
2156 935 2382 987 nuntiate
2408 951 2563 1005 usque
2581 934 2650 987 ad
2672 945 2946 990 extremum
2976 946 3141 1004 terra,
3173 946 3220 990 et
3246 938 3541 1007 fortitudine

1961 1024 2180 1078 valentes
2198 1026 2470 1080 vincimini.
2499 1027 2561 1081 Si
2583 1028 2714 1081 enim
2740 1028 2919 1081 iterum
2942 1030 3301 1098 prcet'alueritis
3323 1071 3337 1093 ,
3363 1032 3542 1086 iterum

1961 1117 2244 1170 vincemini.
2269 1118 2355 1171 10.
2386 1118 2452 1172 Et
2475 1121 2820 1190 quodcumque
2842 1123 3103 1175 consilium
3129 1123 3359 1187 inieritis,
3387 1122 3537 1175 dissi-

1962 1209 2096 1278 pabit
2119 1207 2365 1265 Dominus
2388 1226 2407 1263 :
2431 1222 2478 1265 et
2506 1213 2707 1266 verbum
2736 1214 3079 1284 quodcumque
3106 1216 3296 1284 loquuti
3322 1215 3535 1286 fueritis,

1962 1318 2063 1355 non
2103 1302 2317 1355 manebit
2364 1303 2417 1355 in
2446 1304 2615 1369 vobis,
2666 1306 2782 1374 quia
2811 1306 3067 1360 nobiscum
3111 1305 3267 1360 Deus.
3322 1306 3540 1361 Videtur

1962 1392 2091 1447 mihi
2121 1392 2224 1448 hoc
2250 1393 2368 1448 loco
2396 1395 2637 1452 Ezechias
2656 1398 2935 1453 victoriam
2954 1398 3261 1469 pratdieerc,
3281 1413 3343 1453 ac
3362 1399 3540 1469 splen-

1963 1482 2143 1537 didum
2177 1482 2305 1538 illud
2336 1493 2593 1552 tr0pa2um
2635 1501 2955 1556 causamque
3006 1489 3262 1543 victorian
3320 1488 3538 1546 Etiamsi

1963 1575 2101 1629 enim
2129 1590 2274 1629 arma
2301 1577 2441 1645 apud
2487 1578 2603 1633 illos
2639 1579 2768 1643 sint,
2818 1581 3003 1649 inquit,
3039 1581 3244 1635 etiamsi
3277 1583 3539 1636 exercitus

1964 1662 2226 1730 immensi,
2259 1676 2311 1719 et
2341 1667 2463 1721 belli
2492 1668 2694 1735 peritia,
2727 1669 2819 1723 sed
2850 1670 3099 1724 auxilium
3122 1671 3276 1725 nobis
3304 1672 3538 1726 omnium

1965 1755 2384 1825 potentissimum
2408 1756 2682 1812 nobiscum
2700 1768 2802 1825 est,
2822 1774 3010 1827 nempe
3035 1761 3191 1816 Deus.
3222 1760 3377 1816 Venit
3397 1764 3537 1818 enim

1964 1845 2239 1911 barbarus,
2268 1854 2325 1899 ut
2367 1847 2510 1915 prius
2556 1849 2785 1903 minatus
2815 1849 3021 1917 fuerat,
3070 1860 3123 1906 et
3152 1852 3331 1908 multis
3374 1856 3539 1924 captis

1966 1936 2182 1991 urbibus
2209 1940 2432 1993 accessit
2477 1957 2489 1992 :
2523 1950 2703 2009 postea
2750 1957 2875 1997 vero
2914 1943 3139 2001 admotis
3169 1947 3376 2013 castris,
3410 1962 3539 2002 con-

1967 2026 2123 2080 traria
2152 2041 2337 2095 passus
2363 2039 2461 2082 est.
2490 2030 2613 2083 Haec
2640 2032 2818 2101 itaque
2845 2034 3084 2100 pratdieit
3110 2036 3386 2105 pr0pheta,
3411 2053 3539 2092 cau-

1965 2132 2183 2187 samque
2205 2118 2440 2173 victoria:
2468 2120 2737 2189 praedicat,
2763 2123 3010 2193 ipsosque
3032 2127 3285 2182 barbaros
3314 2129 3539 2198 alloqui-

1968 2216 2069 2262 tur.
2102 2208 2179 2263 Ne
2206 2209 2387 2278 priori,
2419 2211 2608 2281 inquit,
2638 2214 2873 2267 victorim
2918 2214 3090 2271 fidatis
3123 2236 3135 2270 :
3167 2217 3217 2271 in
3252 2219 3349 2272 hac
3398 2221 3539 2274 enim

1968 2300 2258 2368 irruptione
2285 2303 2573 2356 maximum
2592 2304 2745 2358 nobis
2774 2304 2925 2359 adest
2954 2306 3269 2374 praesidium.
3296 2308 3407 2364 lloc
3429 2310 3541 2378 ipso

1967 2393 2125 2463 igitur
2150 2396 2360 2465 cognito
2392 2396 2641 2461 rcccdite,
2667 2405 2848 2466 utpote
2876 2398 2963 2466 qui
3007 2414 3088 2461 ea,
3132 2416 3249 2468 quae
3290 2401 3401 2453 ﬁeri
3453 2416 3541 2455 ne~

1968 2494 2187 2554 queunt,
2218 2486 2616 2556 aggrediamiui.
2647 2487 2781 2541 llinc
2807 2496 2861 2542 et
2902 2504 3114 2543 causam
3148 2490 3283 2544 illius
3310 2492 3541 2547 victoie

1966 2576 2260 2643 declarans,
2293 2584 2346 2632 et
2382 2579 2721 2646 annuntians,
2755 2579 2946 2634 famam
2974 2580 3088 2636 hac
3128 2583 3374 2650 prmclara
3396 2596 3540 2653 geela

1967 2669 2033 2722 ad
2082 2678 2349 2724 extremos
2387 2684 2552 2739 usque
2598 2681 2752 2725 terra:
2801 2672 2932 2726 lines
2967 2674 3244 2728 allaturam
3278 2691 3397 2731 esse
3431 2678 3541 2733 ait:

1969 2757 2211 2813 Nuntiate
2253 2776 2409 2829 usque
2434 2760 2502 2813 ad
2540 2771 2815 2816 extremum
2867 2772 3031 2818 terrte.
3076 2764 3242 2821 Nemo
3271 2767 3411 2821 enint
3440 2784 3542 2823 non

1967 2850 2167 2905 audivit
2191 2867 2251 2905 ea
2280 2868 2398 2922 qua:
2424 2861 2549 2909 tunc
2572 2854 2917 2927 Jerosolyntis
2959 2858 3310 2928 contigerunt.
3346 2859 3544 2915 Idcirco

1966 2942 2041 2995 ait
2070 2960 2082 2996 :
2110 2942 2292 2995 Audite
2332 2960 2486 3012 usque
2508 2944 2575 2997 ad
2606 2955 2880 2999 extremum
2926 2957 3098 3015 term,
3145 2958 3191 3002 et
3228 2951 3313 3020 qui
3340 2952 3545 3020 fortitu-

1967 3034 2084 3087 dine
2125 3034 2298 3087 valetis
2349 3036 2622 3088 vincimini.
2648 3037 2887 3106 Magnam
2926 3041 3121 3109 quippe
3153 3041 3374 3109 gloriam
3422 3052 3544 3099 tunc

1966 3123 2223 3178 barbarus
2284 3124 2353 3178 ob
2405 3124 2694 3194 potentiam
2764 3126 3053 3182 obtinebat.
3130 3129 3313 3184 Fortes
3368 3143 3544 3188 autem

1968 3214 2053 3268 hic
2083 3214 2213 3268 dicit
2239 3229 2343 3267 non
2386 3229 2609 3284 corpore
2656 3216 2937 3285 robustos,
2983 3219 3074 3273 sed
3125 3234 3216 3275 eos
3255 3221 3343 3290 qui
3390 3237 3544 3291 pecu-

1966 3303 2169 3357 niarum
2198 3304 2347 3373 c0pia
2373 3345 2387 3369 ,
2416 3313 2470 3359 et
2496 3305 2677 3373 glorias
2720 3306 3003 3376 Splendore
3053 3310 3325 3379 CﬂllSpiClli
3372 3318 3542 3367 erant.

1968 3393 2027 3448 Si
2052 3395 2181 3446 enim
2210 3394 2391 3447 iterum
2417 3396 2795 3464 prwvalueritis,
2828 3398 3028 3468 inquit,
3059 3400 3238 3453 iterum
3261 3402 3544 3457 vincemiui.

1968 3486 2032 3539 Et
2063 3488 2412 3558 quodcumque
2431 3490 2694 3543 consilium
2722 3492 2952 3557 inieritis,
2978 3492 3239 3562 dissipabit
3262 3493 3543 3550 Dominus:

1965 3589 2009 3632 et
2034 3580 2234 3633 verbum
2259 3582 2606 3651 quodcumque
2635 3583 2828 3653 loquuti
2854 3586 3074 3653 fueritis,
3117 3602 3216 3639 non
3245 3588 3460 3641 manebit
3492 3590 3543 3641 in

1965 3670 2119 3737 vobis,
2144 3671 2262 3741 quia
2288 3671 2546 3725 nobiscum
2576 3670 2730 3725 Deus.
2760 3672 2890 3738 Quia
2917 3675 3053 3728 ntala
3080 3675 3217 3744 apud
3262 3692 3354 3731 eos
3395 3688 3544 3732 crant

1966 3763 2205 3827 consilia,
2237 3770 2291 3816 et
2312 3764 2596 3831 sperabant
2624 3777 2683 3817 se
2708 3762 2892 3818 urbem
2922 3763 3088 3832 ipsam
3131 3781 3158 3817 a
3187 3765 3544 3822 fundamentis

1966 3852 2309 3906 demolituros
2332 3866 2471 3919 esse,
2504 3860 2555 3907 et
2597 3853 2673 3905 sic
2717 3851 2933 3906 domum
2958 3868 3289 3919 reversuros,
3319 3858 3544 3910 consilia

1965 3958 2149 3997 eorum
2177 3944 2228 3996 itt
2257 3944 2488 3997 medium
2515 3942 2727 3996 adducit
2753 3941 3010 4009 propheta
3055 3950 3110 3996 et
3141 3945 3233 4007 ait,
3260 3947 3542 4000 verborum

1968 4042 2121 4087 tenus
2150 4034 2325 4085 omnia
2351 4043 2658 4087 remansura
2684 4046 2823 4087 esse.
2853 4032 3053 4088 Deinde
3076 4036 3196 4103 quia
3228 4051 3313 4090 res
3338 4052 3544 4091 annun-

1964 4123 2127 4177 tiabat
2148 4122 2432 4177 humanum
2462 4132 2700 4178 saturam
2724 4134 3057 4195 superantes,
3092 4136 3149 4182 ut
3196 4128 3297 4183 fide
3327 4130 3544 4199 dignum

1964 4230 2265 4270 sermonem
2292 4215 2557 4280 exhibeat,
2599 4215 2664 4269 ad
2712 4215 3023 4287 dignitatem
3052 4220 3300 4287 prmclare
3323 4235 3542 4288 operan-

1964 4310 2031 4363 tis
2062 4307 2366 4377 frequenter
2394 4306 2628 4377 confugit
2670 4307 2887 4375 dicens,
2924 4310 3053 4374 Quia
3083 4310 3339 4362 nobiscum
3369 4310 3505 4365 Deus
3526 4354 3541 4378 ,

1963 4410 2016 4453 et
2043 4400 2164 4469 quia
2191 4398 2305 4454 haec
2330 4399 2505 4452 omnia
2528 4398 2952 4453 machinamenta
2976 4399 3253 4467 dissipabit
3276 4402 3371 4471 (a).
3402 4402 3544 4466 Qun-

1963 4494 2101 4547 uiam
2135 4493 2234 4561 ipsi
2262 4492 2449 4561 gloria.

2026 4627 2095 4687 (α)
2115 4634 2213 4689 ttuc
2229 4625 2408 4689 desinit
2429 4623 2646 4689 Savilius,
2661 4632 2712 4675 et
2728 4626 2982 4689 asterisoos
3000 4626 3177 4687 adjicit,
3194 4629 3328 4689 quasi
3350 4628 3540 4678 humilia

1959 4690 2021 4735 sit
2037 4686 2228 4752 'tnutila.
2252 4687 2321 4752 Anc
2345 4700 2464 4734 vere
2488 4686 2653 4735 mutila
2678 4687 2885 4745 videtur,
2919 4686 3283 4751 ignoraturque,
3310 4703 3540 4752 quorsum

1964 4748 2253 4811 processerit
2271 4746 2649 4809 Chrysostoutus.
