4064 6214
549 374 622 432 95
1242 366 1302 424 S.
1340 365 1626 426 IOANNIS
1664 366 2158 426 CllRYSOS'I‘OIﬂ
2193 364 2514 424 ARCllIEP.
2555 363 3103 423 CONSTANTINOP.
3723 374 3794 430 96

537 570 3790 608 ww

636 577 1442 605 m

1981 1000 2364 1066 MONITUM

1244 1189 1352 1249 AD
1396 1187 1791 1250 HOMILIAS
1837 1188 1918 1250 IN
1950 1185 2205 1251 ΟΖΙΑΜ
2241 1188 2388 1250 SEU
2433 1187 2540 1250 DE
2588 1188 3080 1251 SERAPHINIS.

604 1414 688 1470 Ad
720 1413 982 1471 Homilies
1015 1415 1071 1470 in
1105 1413 1292 1471 Oaiam
1314 1416 1434 1471 haee
1457 1422 1615 1471 notat
1646 1413 1916 1473 Henricus
1950 1414 2205 1484 Savilius,
2238 1413 2414 1472 Tomo
2440 1415 2495 1482 8,
2525 1415 2581 1470 in
2616 1415 2762 1472 notis
2789 1416 2889 1472 col.
2924 1416 3030 1470 722
3062 1433 3074 1468 :
3111 1435 3130 1468 ι
3163 1415 3240 1470 Ex
3269 1415 3354 1472 his
3381 1415 3618 1487 quinque
3642 1413 3784 1472 Ora-

544 1529 787 1585 tionibus
829 1532 883 1586 in
923 1530 1108 1588 Oziam
1142 1531 1430 1606 Catalogus
1469 1533 1839 1607 Augustanus,
1870 1549 2026 1590 num.
2070 1534 2161 1602 30,
2196 1534 2286 1600 3i,
2325 1535 2414 1601 52,
2449 1534 2539 1601 33,
2565 1533 2806 1603 agnoscit
2827 1542 3077 1606 quatuor,
3121 1533 3223 1589 hoc
3249 1542 3354 1600 est,
3383 1531 3564 1588 demta
3594 1537 3784 1602 quarta

535 1654 760 1701 caeteras
789 1662 998 1703 omnes.
1033 1649 1102 1704 Et
1125 1648 1485 1720 proculdubio
1511 1663 1704 1706 omnes
1731 1649 1975 1720 γνήσιαι.
2008 1649 2244 1705 Primam
2281 1649 2426 1704 hanc
2452 1648 2538 1704 bis
2560 1647 2760 1705 editam
2794 1647 2980 1704 Romae
3008 1649 3413 1705 emcndavimus
3444 1664 3511 1704 ex
3545 1657 3779 1720 quatuor

533 1755 752 1826 scriptis
779 1756 1091 1824 Codicibus,
1139 1773 1372 1829 quorum
1398 1759 1613 1830 primus
1648 1758 1755 1815 fuit
1785 1759 2102 1831 interpretis
2129 1758 2361 1827 Erasini,
2398 1768 2454 1816 et
2481 1776 2631 1817 nunc
2668 1769 2754 1817 est
2781 1761 2838 1816 in
2863 1761 3193 1818 Bibliotheca
3229 1760 3610 1820 Universitatis
3636 1760 3783 1817 Oxo-

535 1876 744 1931 niensis
780 1894 793 1930 :
827 1877 1101 1932 secundus
1128 1892 1194 1932 ex
1222 1876 1554 1932 Bibliotheca
1593 1876 1818 1952 Collegii
1841 1875 1978 1931 Novi
2034 1873 2358 1932 Oxoniensis
2415 1883 2699 1947 promtus:
2737 1877 2929 1932 tertius
2956 1891 3022 1931 ex
3054 1875 3386 1932 Bibliotheca
3403 1875 3784 1932 Universitatis

532 1993 997 2065 Cantabrigiensia
1026 2011 1039 2048 :
1073 2001 1302 2063 quartus
1338 1993 1475 2049 mihi
1505 2009 1535 2049 a
1563 1969 1882 2050 doctissimo
1907 1992 2206 2050 Croshavio
2234 1993 2642 2060 commodatus;
2671 1990 2931 2048 adhibitis
2949 1991 3113 2046 etiam
3139 1990 3204 2056 Ω.
3238 1988 3484 2060 Septimii
3512 1987 3785 2044 Florentia

532 2107 847 2174 Christiani,
887 2108 989 2162 viri
1019 2106 1206 2162 multis
1237 2105 1556 2162 nominibus
1580 2106 1698 2162 orbi
1722 2105 2041 2162 Christiano
2075 2107 2213 2172 noti,
2246 2105 2541 2178 ingeniosis
2564 2113 2621 2161 et
2656 2103 2831 2160 doctis
2857 2103 3188 2174 coniecturis
3216 2120 3228 2155 :
3275 2117 3400 2156 nam
3431 2101 3583 2157 libris
3625 2100 3780 2166 Mss.,

537 2235 598 2279 ut
625 2226 863 2289 videtur,
887 2239 1111 2294 prorsus
1139 2223 1558 2280 destituebatur.
1581 2224 1752 2280 Porro
1779 2226 1914 2281 sciat
1943 2226 2113 2282 lector
2153 2227 2210 2282 in
2235 2227 2487 2282 omnibus
2517 2225 2631 2282 fere
2668 2225 3054 2282 illustrioribns
3083 2223 3424 2279 bibliothecis
3451 2222 3618 2278 italiae
3639 2231 3694 2276 et
3724 2219 3775 2275 in

534 2344 698 2415 Regia
730 2342 957 2398 Lutetiae
987 2341 1216 2411 reperiri
1248 2342 1388 2397 inter
1413 2341 1784 2412 Chrysostomi
1819 2342 2139 2415 Manuscripl

2177 2363 2187 2400 ι
2229 2344 2428 2399 librum
2473 2343 2821 2413 inscriptum,
2865 2341 3254 2412 Χρυσοπόμου
3291 2338 3630 2422 μαργαριταε
3664 2357 3677 2391 :
3708 2351 3782 2407 qu

531 2459 702 2514 codex
731 2460 869 2515 nihil
900 2459 1046 2516 aliud
1076 2459 1342 2526 continet,
1367 2475 1532 2531 quam
1580 2460 1907 2530 συναγωγὴν
1937 2461 2135 2532 quamd

2175 2477 2226 2516 m
2269 2461 2687 2517 lectissimarum
2721 2460 2804 2529 (ut
2841 2459 2945 2530 ipsi
2990 2460 3294 2526 συναγωγεϊ
3324 2457 3500 2512 visum
3532 2462 3634 2519 est,
3669 2465 3780 2507 non

530 2571 709 2641 magni
736 2570 927 2641 judi'cii
965 2571 1102 2637 viro,
1131 2571 1306 2642 utqui
1343 2571 1600 2641 pleraque
1628 2570 1926 2642 collegerit,
1963 2570 2108 2626 inter
2133 2587 2229 2627 sua
2264 2571 2575 2643 margarita,
2601 2570 2856 2626 subfusca
2885 2583 2953 2624 ac
2987 2569 3231 2638 liventia)
3268 2569 3575 2624 orationum
3613 2567 3786 2638 Chry-

531 2683 754 2738 sostomi
789 2701 802 2737 :
833 2698 939 2753 quo
971 2687 1027 2738 in
1058 2697 1289 2737 numero
1321 2691 1448 2737 sunt
1475 2683 1562 2738 ba:
1599 2681 1842 2752 quinque
1879 2680 1937 2734 in
1966 2681 2174 2748 Oziam,
2203 2699 2296 2738 sex
2332 2694 2520 2740 contra
2549 2683 2788 2750 Judeos,
2819 2690 2873 2737 et
2908 2683 3026 2738 alia:
3065 2683 3132 2738 ad
3177 2682 3264 2749 70,
3289 2683 3375 2738 vel
3416 2684 3485 2739 80
3512 2697 3743 2738 numero
3766 2702 3791 2752 ;

533 2814 667 2869 quas
692 2814 883 2854 omnes
920 2800 1033 2855 suis
1063 2799 1195 2854 locis
1223 2795 1761 2868 reprmsentabimus.
1795 2793 1952 2862 Quod
1999 2795 2279 2850 monuisse
2308 2811 2487 2866 operae
2511 2796 2745 2866 pretium
2773 2797 2895 2862 fuit,
2935 2812 3006 2851 ne
3032 2797 3154 2867 quis
3184 2797 3240 2851 in
3275 2796 3427 2851 illam
3457 2797 3782 2867 συναγωγὴν

532 2912 801 2979 incidens,
832 2911 1039 2972 aliquid
1063 2912 1188 2967 novi
1218 2925 1276 2966 se
1303 2918 1457 2982 putet
1477 2909 1765 2982 reperisse.
1803 2930 1822 2964 ι

603 3030 878 3087 Hactenus
909 3031 1164 3098 Savilius,
1193 3031 1286 3102 qui
1317 3040 1464 3086 recte
1511 3032 1765 3087 observat
1809 3029 2071 3087 Homilias
2109 3031 2227 3086 illas
2273 3040 2508 3101 quatuor
2547 3030 2601 3085 in
2644 3029 2831 3085 Oziam
2862 3030 2918 3084 ln
2966 3027 3221 3100 Catalogo
3252 3028 3587 3097 Augustano,
3619 3040 3785 3097 quem

532 3144 784 3199 dedimus
811 3144 983 3200 Tomo
1014 3144 1068 3208 l,
1101 3160 1155 3214 p.
1187 3143 1310 3208 8M,
1347 3151 1698 3209 memoratas,
1724 3157 1847 3198 esse
1876 3141 2131 3212 primam,
2157 3141 2474 3209 secundam,
2510 3141 2725 3197 tertiam
2763 3149 2819 3196 et
2846 3140 3124 3211 quintam;
3153 3140 3297 3195 unde
3327 3140 3594 3210 sequitur.
3618 3154 3786 3210 quar-

534 3269 642 3314 tam
679 3260 733 3314 in
759 3263 899 3330 ejus,
936 3260 1027 3330 qui
1055 3259 1371 3330 Catalogum
1401 3257 1550 3312 illum
1589 3256 1700 3326 jam
1729 3257 1860 3312 olim
1908 3257 2278 3325 concinnavit,
2321 3258 2620 3329 exemplari
2648 3271 2758 3312 non
2793 3257 2982 3322 fuisse,
3014 3264 3109 3310 aut
3139 3256 3329 3312 saltem
3363 3271 3474 3311 non
3506 3255 3581 3312 lbi
3607 3255 3782 3311 fuisse

533 3371 724 3427 eodem
751 3379 982 3442 posntam
1011 3370 1221 3426 ordine.
1243 3368 1493 3440 Vereque
1517 3369 1861 3440 exploratum
1886 3378 1992 3437 est,
2022 3369 2186 3425 hasce
2204 3371 2457 3425 bomilias
2486 3385 2594 3425 non
2618 3383 2739 3424 esse
2766 3383 2957 3423 omnes
2987 3383 3052 3422 eo
3078 3368 3288 3434 ordine,
3317 3383 3426 3438 quo
3447 3369 3645 3425 habite
3666 3367 3785 3440 [94]

533 3491 682 3549 sunt,
723 3483 948 3554 positas.
991 3480 1172 3535 Prima
1222 3480 1371 3535 enim
1401 3496 1526 3536 cum
1559 3480 1801 3536 secunda
1833 3495 1944 3534 non
1979 3481 2238 3549 cohaeret,
2270 3481 2593 3550 videturque
2622 3479 2766 3536 dicta
2795 3480 2955 3550 longo
3003 3490 3128 3550 post
3159 3481 3454 3535 secundam
3508 3481 3785 3554 temporel;

532 3612 732 3667 nempe
759 3595 997 3666 quando,
1033 3594 1319 3666 imperium
1353 3602 1577 3649 tenente
1621 3593 1819 3664 ignavo
1861 3592 2099 3663 quodam
2133 3602 2190 3649 et
2219 3594 2350 3650 boni
2382 3593 2593 3650 consilii
2623 3603 2844 3664 experte
2875 3593 3140 3665 principe,
3190 3595 3406 3651 barbari
3441 3596 3786 3662 invaserunt,

535 3710 808 3769 exercitus
845 3709 1214 3764 Romanorum
1258 3706 1575 3778 proiiigatus
1635 3715 1740 3770 est,
1796 3706 2132 3762 calamitates
2183 3707 2441 3763 immissa:
2482 3717 2638 3775 sunt;
2694 3723 2816 3778 qua:
2843 3710 3025 3763 omnia
3075 3717 3323 3765 recenset
3365 3709 3790 3782 Cbrysostomus

535 3833 667 3874 num
697 3821 750 3875 4.
786 3820 912 3875 Haec
944 3833 1108 3890 porro
1135 3819 1190 3874 in
1223 3817 1439 3873 Arcadii
1464 3817 1774 3888 imperium,
1798 3818 1944 3888 quod
1973 3817 2141 3888 coepit
2169 3833 2314 3872 anno
2351 3819 2473 3884 395,
2511 3819 2797 3876 referenda
2816 3821 3091 3888 videntur,
3123 3833 3183 3880 ut
3217 3825 3600 3884 animadvertit
3621 3829 3787 3886 etiam

534 3932 619 3988 vir
646 3933 1031 4005 sagacissimus
1057 3931 1456 3986 Tillemontius.
1487 3931 1571 3987 Ad
1613 3931 1731 3985 haec
1755 3939 1939 3986 autem
1965 3929 2142 4000 prima
2172 3928 2228 3982 in
2279 3929 2463 3984 Oziam
2510 3932 2664 4000 quasi
2696 3933 2979 3990 occasione
3017 3936 3244 4004 quadam
3281 3946 3490 3993 tantum
3522 3941 3580 3994 in
3610 3942 3787 3997 histo-

537 4046 672 4100 riam
703 4047 846 4100 Oziae
877 4055 934 4100 et
962 4045 1018 4100 in
1053 4045 1481 4115 Seraphinorum
1509 4043 1775 4100 visionem
1805 4043 1996 4100 incidit
2032 4059 2047 4096 :
2081 4042 2156 4098 ita
2184 4051 2245 4096 ut
2269 4045 2506 4100 secunda
2529 4047 2613 4101 vel
2642 4062 2707 4102 ex
2738 4048 2898 4103 modo
2927 4049 3194 4115 ordiendi,
3222 4051 3326 4106 alio
3361 4053 3502 4108 facta
3544 4064 3792 4125 tempore

538 4163 752 4234 aliaque
783 4160 1069 4217 occasione
1101 4159 1283 4214 statim
1311 4159 1578 4212 videatur.
1608 4157 1771 4213 Certe
1809 4157 1984 4228 prima
2013 4157 2108 4211 diu
2133 4167 2346 4228 postea,
2378 4158 2593 4213 Arcadii
2621 4173 2817 4228 nempe
2852 4167 3115 4230 tempore,
3153 4171 3213 4217 ut
3240 4178 3304 4217 ex
3329 4165 3645 4236 conjectura
3676 4178 3793 4224 sta-

539 4277 729 4343 tuitur,
763 4277 907 4332 dicta
944 4273 1126 4330 fuerit.
1153 4276 1234 4327 An
1265 4288 1394 4327 vero
1420 4271 1747 4336 Antiochiae,
1779 4287 1849 4326 an
1884 4270 2378 4344 Constantinopoli,
2416 4288 2525 4328 non
2554 4273 2627 4327 ita
2649 4273 2803 4328 facile
2840 4285 2924 4330 est
2954 4275 3220 4332 divinare.

606 4394 855 4450 Secunda
885 4389 1188 4446 Antiochiae
1219 4387 1363 4443 haud
1397 4385 1561 4442 dubie
1592 4386 1778 4442 habita
1799 4394 1902 4441 est.
1929 4386 1984 4440 ld
2007 4387 2151 4455 quod
2185 4402 2251 4441 ex
2277 4388 2366 4453 iis,
2386 4402 2508 4456 quae
2537 4387 2679 4440 circa
2708 4386 2869 4441 linem
2900 4389 3135 4445 homilia:
3164 4393 3257 4459 ait,
3281 4396 3559 4466 arguitur;
3590 4415 3795 4472 nempe

538 4520 596 4560 se
631 4506 792 4558 citius
816 4503 979 4557 linem
1002 4501 1216 4556 dicendi
1246 4499 1446 4565 facere,
1480 4506 1539 4553 ut
1563 4497 1684 4558 loco
1713 4496 1872 4552 cedat
1901 4497 2224 4568 praceptori
2255 4512 2352 4552 seu
2394 4495 2718 4566 διδασκάλῳ,
2778 4499 2983 4553 scilicet
3029 4501 3283 4559 Flaviano
3325 4506 3627 4564 Antiochia:
3673 4513 3795 4581 epi-

541 4635 727 4689 scopo,
761 4619 906 4689 quod
927 4627 982 4672 et
1016 4617 1141 4671 alibi
1173 4619 1374 4687 passim
1410 4616 1612 4671 factum
1647 4615 2134 4686 deprehendimus.
2164 4614 2242 4670 De
2289 4630 2434 4670 anno
2471 4624 2654 4670 autem
2702 4630 2811 4670 non
2862 4617 2935 4671 ita
2968 4617 3122 4675 facile
3164 4632 3245 4676 est
3275 4624 3359 4678 vel
3384 4641 3450 4680 ex
3475 4629 3793 4700 conjectura

535 4735 740 4790 dicere.
772 4735 906 4789 Nam
938 4735 1081 4805 quod
1116 4734 1495 4788 Tillemontius
1543 4734 1876 4804 suspicatur,
1926 4749 2050 4788 cum
2096 4744 2373 4803 comparat
2397 4733 2816 4804 Chrysostomus
2858 4734 3157 4791 doctrinam
3197 4755 3350 4794 suam
3393 4745 3600 4799 recenti
3641 4747 3794 4814 vino,

537 4848 843 4902 doctrinam
888 4855 1070 4901 autem
1121 4845 1361 4900 Flaviani
1394 4844 1519 4900 vino
1560 4845 1752 4911 veteri,
1779 4859 1838 4900 se
1874 4843 1990 4899 hate
2019 4843 2176 4898 initio
2203 4843 2490 4898 sacerdotii
2514 4844 2598 4898 sui
2628 4846 3009 4900 concionatum
3044 4847 3390 4908 subindicare
3425 4873 3437 4908 :
3466 4855 3600 4911 illud
3644 4869 3798 4914 certe

535 4964 622 5019 vel
665 4964 782 5033 ipso
814 4961 856 5015 Τ
863 4962 1145 5016 illemoutii
1177 4961 1386 5033 judicio
1417 4961 1750 5015 levissimum
1784 4970 1904 5027 est;
1937 4960 2182 5030 ejusdem
2210 4961 2422 5032 generis
2448 4970 2528 5015 est
2555 4961 2687 5015 illud
2712 4961 2857 5015 aliud
2896 4963 3172 5032 indicium,
3199 4967 3324 5023 inde
3353 4981 3616 5037 sumtum,
3648 4977 3798 5044 quod

536 5079 696 5148 paulo
716 5085 838 5148 post
863 5077 1078 5131 initium
1105 5075 1233 5132 dicit
1267 5091 1326 5130 se
1352 5075 1573 5147 dignum
1620 5076 1865 5130 habitum
1893 5075 2060 5131 fuisse
2097 5079 2188 5146 qui
2229 5076 2374 5145 apud
2399 5077 2516 5130 illos
2545 5075 2979 5142 concionaretur,
3014 5080 3454 5154 κατηξιώθημεν.
3495 5088 3632 5143 Nam
3659 5092 3795 5160 quid

540 5199 670 5253 inde
713 5199 933 5265 inferas,
973 5215 1096 5254 cum
1129 5207 1338 5253 certum
1368 5197 1438 5252 sit
1475 5196 1924 5267 Cbrysostomum
1952 5211 2061 5250 non
2090 5197 2265 5266 primo
2312 5197 2483 5252 solum
2515 5209 2677 5262 anno,
2707 5195 2800 5251 sed
2841 5197 2999 5250 etiam
3031 5202 3290 5266 secundo,
3322 5203 3501 5266 tertio,
3538 5204 3796 5276 aliisque,

543 5315 738 5369 honori
766 5315 867 5369 sibi
901 5315 1046 5370 haud
1072 5315 1237 5369 dubie
1259 5313 1477 5369 duxisse
1509 5313 1653 5382 quod
1684 5327 1870 5367 coram
1905 5320 2054 5367 tanta
2098 5314 2274 5383 plebe,
2310 5315 2565 5384 episcopo
2614 5329 2754 5383 saepe
2785 5325 3072 5384 praesente,
3102 5317 3554 5371 concionarctur?
3588 5317 3795 5376 Verum

542 5430 777 5500 aliquam
808 5427 1069 5498 temporis
1095 5437 1300 5494 notam,
1335 5442 1496 5496 quam
1521 5443 1630 5481 non
1659 5424 2046 5482 animadvertit
2071 5428 2472 5491 Tillemontius,
2504 5426 2630 5480 inde
2655 5442 2867 5481 sumere
2900 5428 3045 5494 licet,
3069 5429 3212 5498 quod
3234 5445 3386 5485 num.
3419 5431 3453 5484 2
3486 5443 3542 5487 et
3570 5436 3797 5508 ipost-

544 5563 704 5615 quam
727 5545 935 5600 dixerat
958 5545 1127 5600 Deum
1154 5545 1443 5599 Abrahami
1472 5546 1678 5600 nomini
1709 5546 1981 5601 addidisse
2008 5546 2240 5613 lileram,
2266 5547 2337 5599 ita
2363 5544 2532 5613 utqui
2567 5543 2776 5615 Ἀϐράμ
2803 5547 3115 5612 vocabatur,
3143 5547 3393 5618 Ἀϐραάμ
3423 5562 3614 5620 postea
3644 5555 3797 5612 dice-

548 5669 718 5725 retur,
771 5667 821 5713 ul
863 5660 1022 5716 unius
1051 5659 1221 5716 literae
1253 5658 1622 5716 additamento
1667 5659 1881 5730 signum
1921 5657 2258 5731 principatus
2291 5657 2391 5730 ipsi
2439 5657 2626 5722 daret;
2678 5667 2861 5727 postea
2917 5659 3302 5729 subjunxerit:
3351 5660 3486 5716 ἀλλὰ
3539 5665 3662 5736 περὶ
3693 5668 3799 5740 μὲν
