4064 6214
224 379 297 435 95
982 366 1051 424 IN
1082 366 1317 434 iLLUD,
1357 364 1495 423 VIDI
1537 365 1853 423 DOMINUM
1894 365 2129 423 HOMIL.
2170 366 2209 422 l.
2240 396 2311 410 -
2349 365 2696 425 MONITUM.
3340 401 3345 406 ι
3390 378 3462 435 96

231 482 510 555 ὀνομάτων
534 484 591 538 ιν
621 483 791 556 ἑτέρῳ
819 484 1001 558 καιρῷ
1021 485 1375 557 διηγήσομαι,
1405 486 1495 538 sed
1516 486 1581 538 de
1601 484 1836 538 nominib‘

1863 501 1893 537 ω
1923 483 2030 537 alio
2061 493 2289 552 tempore
2339 485 2619 550 disseram,
2664 499 2773 556 quo
2801 483 3065 557 signiﬁcat
3103 499 3161 543 se
3193 485 3261 540 de
3288 496 3468 542 muta-

226 598 374 653 tione
398 599 677 655 nominum
704 608 892 670 postea
921 601 1195 657 dicturum
1228 617 1379 669 esse;
1405 602 1457 657 id
1475 601 1619 671 quod
1636 601 1851 656 abunde
1878 600 2129 671 praestitit
2154 600 2209 654 in
2233 610 2466 671 quatuor
2492 602 2737 659 liomiliis
2752 602 2819 658 de
2842 601 3136 658 Mutatione
3164 610 3466 669 nominum,

227 728 362 783 quas
398 717 565 773 habes
585 715 755 773 Tomo
779 719 834 783 '5,
862 718 955 774 ubi
981 718 1050 775 de
1078 719 1385 775 mutatione
1418 718 1659 773 nominis
1697 717 1972 773 Abraham
2020 717 2221 788 agitur,
2255 732 2311 787 p.
2339 716 2458 781 107,
2489 726 2544 773 et
2576 719 2698 783 H2,
2733 728 2788 774 et
2815 718 3077 775 Sermone
3098 735 3245 776 nono
3272 720 3327 774 in
3360 720 3469 776 Ge-

230 826 429 891 nesim,
452 828 543 895 qui
571 838 695 899 post
715 830 1007 886 secundam
1045 830 1336 886 Homiliam
1362 830 1430 886 de
1460 830 1761 887 Mutatione
1785 828 2071 884 nominum
2103 829 2321 884 habitus
2346 838 2451 894 est,
2485 830 2575 884 ubi
2608 831 2770 887 etiam
2800 832 2869 888 de
2900 835 3200 890 mutatione
3236 834 3474 890 nominis

232 940 465 997 Abrahae
487 942 684 1015 agitur,
714 959 770 1014 p.
801 945 923 1001 69L
953 944 1181 1002 Certum
1232 944 1416 1017 itaque
1446 946 1896 1017 exploratumque
1920 945 2117 1010 habeo,
2146 944 2287 999 hanc
2318 944 2597 999 homiliam
2645 948 2833 1002 eodem
2866 963 3011 1003 anno
3040 948 3277 1005 habitam
3308 951 3473 1006 fuisse

233 1064 342 1121 quo
368 1052 472 1107 illa:
499 1052 567 1108 de
596 1051 891 1111 Mutatione
917 1058 1201 1112 nominum
1230 1058 1387 1114 dictae
1434 1066 1583 1122 sunt,
1626 1073 1734 1128 quo
1767 1056 1930 1112 etiam
1975 1054 2220 1111 Homiliae
2254 1055 2308 1108 in
2349 1054 2605 1111 Genesim
2643 1056 2915 1127 sexaginta
2952 1067 3194 1127 septem;
3225 1058 3471 1119 Homiliae

232 1166 363 1223 item
391 1169 443 1223 in
466 1169 723 1226 Actorum
746 1172 1182 1245 inscriptionem,
1214 1184 1271 1231 et
1306 1175 1423 1230 alia
1458 1176 1726 1245 quaedam,
1762 1184 1823 1230 ut
1865 1176 2052 1231 videas
2080 1175 2400 1231 Praefatione
2425 1175 2478 1230 in
2506 1184 2759 1245 quartum
2791 1175 3043 1242 Tomum,
3085 1185 3139 1231 et
3171 1177 3227 1231 in
3260 1177 3471 1233 Monito

232 1282 303 1339 ad
328 1284 587 1341 Homilias
618 1287 670 1341 in
708 1288 1121 1360 inscriptionem
1144 1290 1402 1347 Actorum
1432 1290 1603 1345 Tomo
1636 1292 1688 1345 5.
1720 1289 1854 1356 Quis
1879 1306 2008 1346 vero
2031 1290 2209 1347 sitille
2240 1305 2438 1355 annus,
2484 1289 2725 1345 nondum
2767 1291 2919 1361 potui
2962 1291 3226 1361 probabili
3280 1291 3469 1363 conje-

232 1408 383 1455 ctura
415 1402 666 1473 assequi:
697 1402 812 1459 haec
840 1405 1023 1459 omnia
1056 1405 1113 1460 in
1135 1420 1338 1459 annum
1361 1405 1464 1460 588
1498 1402 1690 1472 conjici
1724 1402 1864 1457 forte
1894 1411 2137 1472 possent.

301 1509 532 1566 ﬂomilia
564 1513 718 1568 tertia
759 1513 1036 1583 aliquanto
1066 1523 1312 1584 tempore
1346 1522 1470 1584 post
1518 1511 1813 1566 secundam
1858 1510 2042 1565 habita
2090 1520 2191 1575 est,
2231 1510 2627 1583 Flavianusque
2659 1512 2947 1584 episcopus
2980 1523 3103 1583 post
3146 1515 3471 1585 Chrysosto-
3572 1574 3577 1579 ,

230 1604 381 1678 mum
407 1626 759 1681 concionatus
785 1636 901 1694 est;
935 1628 1031 1684 sed
1060 1628 1149 1683 hic
1177 1629 1246 1683 de
1277 1627 1622 1699 Martyribus,
1651 1626 2072 1695 Chrysostomus
2106 1635 2287 1680 autem
2321 1626 2387 1683 de
2420 1624 2550 1683 Ozia
2576 1636 2630 1683 et
2668 1627 2736 1682 de
2765 1625 3103 1698 Seraphinis,
3157 1629 3268 1685 imo
3294 1630 3475 1701 potius

231 1735 301 1791 de
326 1736 578 1806 superbia
616 1736 761 1795 Ozize
789 1741 950 1812 regis,
975 1756 1097 1811 qua:
1126 1741 1306 1811 ipsum
1338 1741 1673 1812 praecipitem
1705 1738 1873 1793 dedit.

306 1856 533 1915 Homilia
566 1868 756 1931 quarta
785 1864 936 1919 nullo
956 1865 1119 1921 modo
1148 1882 1312 1938 posse
1344 1868 1588 1924 creditur
1616 1868 1681 1923 ad
1723 1868 1925 1938 quinta:
1957 1868 2154 1924 seriem
2179 1867 2403 1933 deduci;
2448 1867 2573 1922 licet
2615 1865 2761 1922 enim
2794 1864 2935 1920 circa
2974 1861 3213 1917 medium
3241 1863 3308 1917 de
3346 1860 3474 1916 Ozia

235 1990 443 2052 agatur,
474 1978 611 2035 nihil
657 1991 742 2037 est
769 1983 911 2053 quod
946 1986 1180 2042 suadere
1218 2002 1383 2057 posse
1432 1987 1679 2043 videatur
1707 1986 1851 2043 hanc
1878 1986 2069 2043 eodem
2103 1994 2368 2056 tempore,
2400 1984 2696 2055 eademque
2728 1984 2783 2037 in
2823 1983 2960 2037 urbe
3002 1982 3241 2037 habitam
3284 1978 3473 2034 fuisse.

236 2103 350 2158 imo
391 2116 519 2156 vero
539 2117 648 2156 non
680 2103 877 2158 desunt
908 2120 1030 2174 quae
1068 2105 1420 2161 subindicent
1448 2106 1591 2161 hanc
1610 2104 2083 2175 Constantinopoli
2109 2103 2277 2158 fuisse
2305 2104 2529 2159 dictam.
2563 2100 2928 2167 Quamobrem
2961 2099 3086 2168 jure
3111 2098 3157 2153 is
3187 2097 3277 2166 qui
3313 2097 3475 2151 Cata-

235 2216 412 2285 iogum
444 2232 667 2286 operum
693 2213 1061 2289 Chrysostomi
1097 2219 1339 2290 γνησίων
1380 2220 1493 2291 jam
1541 2220 1670 2275 olim
1702 2220 2072 2282 concinnavit,
2126 2219 2272 2274 hanc
2299 2234 2409 2273 non
2452 2217 2507 2272 in
2546 2216 2880 2286 reliquarum
2908 2215 3052 2270 serie
3085 2214 3289 2285 posuit.
3319 2213 3472 2266 illum

238 2329 360 2385 vide
383 2327 695 2402 Catalogum
728 2330 881 2385 Tom.
919 2331 971 2395 i,
1004 2347 1060 2402 p.
1093 2331 1219 2388 841.
1250 2329 1365 2386 Hoc
1390 2340 1574 2386 autem
1602 2346 1689 2385 me
1714 2340 1898 2387 movet
1922 2341 1983 2385 ut
2002 2329 2472 2399 Constantinopoli
2496 2328 2698 2383 editam
2730 2326 3052 2396 conjiciam;
3093 2342 3217 2381 nam
3255 2326 3309 2382 id
3332 2327 3479 2397 quod

236 2442 368 2500 dicit
397 2445 698 2515 σύγκλητον
723 2443 837 2514 ἔχει
866 2444 961 2497 καὶ
990 2444 1230 2507 ὑπάτους
1260 2444 1516 2516 ἀριθμεῖν
1552 2443 1770 2513 ἔχομεν,
1796 2444 1973 2496 ὠνίων
2001 2443 2282 2511 ἀφθονίαν,
2320 2442 2520 2505 θέσεως
2544 2439 2982 2511 ἐπιτηδειότητα,
3031 2438 3283 2493 Senatum
3326 2442 3479 2497 habet

238 2558 455 2630 (nempe
494 2558 671 2626 urbs),
721 2566 768 2611 et
818 2558 1050 2611 consules
1077 2574 1357 2612 numerare
1384 2573 1675 2625 possumus,
1726 2556 1991 2611 venalium
2018 2559 2243 2627 copiam,
2270 2558 2430 2610 silum
2477 2556 2832 2619 commodum;
2885 2555 3028 2623 quod
3076 2552 3259 2609 Roma:
3289 2556 3478 2611 urbem

236 2683 546 2745 comparat;
575 2673 719 2743 quod
751 2686 870 2727 eam
902 2672 1037 2728 dicit
1064 2673 1214 2728 orbis
1235 2674 1611 2743 metropolim;
1645 2674 1763 2729 haec
1794 2675 2056 2729 nimirum
2079 2676 2263 2731 omnia
2293 2690 2400 2729 non
2437 2674 2597 2729 video
2629 2687 2789 2742 posse
2821 2672 2978 2727 alteri
3007 2690 3169 2744 quam
3206 2674 3479 2729 Constano

238 2785 466 2855 tinopoli
498 2794 810 2855 competere
840 2799 1031 2855 posse;
1063 2785 1167 2841 etsi
1191 2785 1595 2853 Tillcmontius,
1650 2790 2054 2845 subdubitando
2103 2798 2306 2855 tamen,
2344 2789 2461 2843 haec
2504 2788 2571 2842 ad
2608 2786 2952 2842 Antiochiam
2988 2786 3189 2841 referre
3227 2797 3477 2844 conetur.

238 2901 584 2972 Quapropter
610 2900 751 2955 hanc
776 2908 928 2955 extra
960 2901 1162 2956 seriem
1214 2901 1441 2956 aliarum
1483 2918 1828 2972 reponerem,
1877 2904 1922 2958 si
1950 2918 2047 2974 per
2072 2902 2473 2971 manuscriptos
2506 2898 2737 2955 Codices
2778 2900 2986 2963 liceret,
3019 2899 3110 2954 ubi
3139 2899 3227 2953 hic
3259 2900 3394 2954 ordo
3422 2910 3482 2954 ut

238 3016 532 3085 plurimum
564 3016 754 3072 saltem
785 3015 1129 3072 observatur.
1162 3014 1288 3071 Haec
1308 3031 1473 3087 porro
1495 3016 1721 3071 homilia
1771 3017 1953 3071 habita
1988 3026 2072 3071 est
2104 3031 2228 3070 cum
2261 3023 2428 3069 aestus
2477 3022 2622 3068 esset
2667 3013 2879 3084 ingens,
2907 3012 3133 3079 aestatis,
3172 3022 3231 3067 ut
3260 3013 3481 3067 credere

239 3144 340 3199 est,
374 3142 637 3203 tempore.

311 3250 545 3305 Homilia
568 3250 729 3321 igitur
752 3250 939 3320 quinta
967 3250 1184 3305 tertiam
1220 3251 1412 3305 ordine
1442 3260 1672 3321 sequuta
1698 3260 1803 3319 est,
1829 3267 1952 3307 cum
1988 3251 2185 3320 illaque
2215 3249 2494 3313 convenit,
2520 3263 2631 3302 non
2663 3246 2792 3301 item
2830 3259 2954 3299 cum
2993 3251 3205 3313 quarta,
3232 3257 3354 3311 quae
3376 3241 3482 3294 alio

242 3366 510 3432 tempore,
542 3361 647 3416 alio
675 3369 736 3415 ut
781 3360 997 3417 videtur
1023 3362 1167 3428 loco,
1212 3361 1560 3433 pronuntiata
1608 3360 1728 3415 fuit.
1758 3360 1921 3415 Sexta
1950 3368 2130 3415 autem
2165 3360 2383 3413 homilia
2414 3356 2658 3427 quintam
2688 3353 2872 3408 nativo
2912 3352 3103 3406 ordine
3134 3350 3401 3420 sequitur,
3428 3360 3485 3405 et

246 3474 557 3531 Antiochiae
590 3475 774 3531 habita
806 3476 927 3531 fuit.
954 3475 1081 3533 Haec
1117 3493 1280 3549 porro
1305 3486 1452 3533 sexta
1478 3476 1700 3531 homilia
1724 3476 1868 3531 dicta
1914 3476 2017 3531 fuit
2048 3474 2234 3546 paucis
2271 3474 2461 3529 diebus
2509 3479 2635 3526 ante
2671 3466 3168 3537 Quadragesimam,
3215 3464 3343 3519 anni
3370 3464 3482 3518 for-

244 3596 388 3643 tasse
417 3587 520 3644 588
549 3605 562 3641 :
600 3603 703 3659 qua
731 3588 797 3643 de
831 3604 889 3644 re
917 3604 1029 3644 non
1067 3591 1292 3646 omnino
1322 3591 1611 3655 constabit,
1644 3590 1817 3645 donec
1848 3590 1975 3660 quid
2008 3587 2192 3643 indicii
2222 3586 2532 3641 accesserit.

312 3702 565 3771 Quinque
592 3703 833 3774 priorum
882 3705 1259 3775 interpretatio
1308 3716 1390 3761 est
1418 3704 1647 3773 Erasmi,
1686 3720 1849 3775 quam
1898 3705 2080 3759 multis
2116 3705 2169 3759 in
2214 3703 2346 3758 locis
2380 3697 2816 3762 cmendavimus;
2865 3705 3028 3751 sexta:
3066 3706 3148 3752 est
3193 3696 3485 3755 Frontonis

246 3810 445 3869 Ducmi.
