4064 6214
633 401 704 456 97

1319 367 1375 421 S.
1408 361 1689 421 JOANNIS
1723 356 2207 419 CHRYSOSTOMI
2245 353 2561 418 ARCIIIEP.
2603 348 3149 409 CONSTANTINOP.

3782 369 3851 424 98

2012 826 2494 917 ΕΠΑΙΝΟΣ

626 1015 743 1090 [95]
789 1019 909 1072 Τῶν
961 1014 1436 1082 ἀπαντησάντων
1486 1013 1554 1065 ἐν
1602 1009 1675 1079 τῇ
1729 1009 2050 1076 ἐκκλησίᾳ,
2113 1008 2209 1061 καὶ
2282 1007 2414 1074 περὶ
2473 1003 2744 1071 εὐταξίας
2777 1006 2846 1058 ἐν
2891 1003 3021 1070 ταῖς
3049 1003 3446 1075 δοξολογίαις.
3476 1006 3585 1062 Καὶ
3624 1010 3709 1075 εις
3751 1008 3841 1075 τὸ,

1173 1125 1192 1158 ι
1223 1103 1402 1161 Εἶδον
1441 1103 1546 1158 τὸν
1573 1103 1788 1171 Κύριον
1814 1098 2150 1169 καθήμενον
2179 1098 2278 1153 ἐπὶ
2320 1099 2536 1166 θρόνου
2562 1096 2804 1165 ὑψηλοῦ
2831 1096 2927 1150 καὶ
2958 1096 3314 1164 ἐπηρμένου.
3347 1116 3367 1149 ι

697 1543 762 1598 α’.
798 1541 1001 1612 Πολλὴν
1017 1543 1125 1614 όρῶ
1139 1543 1236 1613 τὴν
1254 1542 1484 1614 σπουδὴν
1496 1541 1932 1613 ἐνδεικνυμένους
1946 1541 2089 1612 ὐμᾶς
2105 1542 2182 1603 είς

627 1626 784 1697 ιργον
807 1626 1030 1691 ἀγαγεῖν
1073 1624 1141 1677 τὰ
1183 1623 1370 1695 πρώην
1401 1627 1530 1695 ἡμῖν
1574 1625 1858 1695 εἰρημένα.
1896 1623 1993 1676 Διά
2028 1622 2183 1675 τοῦτο

625 1706 802 1760 τοίνυν
835 1707 1041 1769 ἀόκνως
1068 1706 1135 1758 τὰ
1162 1707 1257 1775 τῆς
1289 1705 1630 1769 διδασκαλίας
1667 1705 1819 1773 κάγὼ
1857 1704 2184 1759 καταϐάλλο-

631 1807 727 1859 μαι
752 1788 1056 1858 σπέρματα,
1084 1789 1346 1858 χρησταῖς
1366 1788 1613 1840 ἐντεῦθεν
1644 1790 1761 1851 ταῖς
1790 1787 1968 1840 ἐλπίσι
1989 1785 2181 1855 τρεφό-

629 1887 788 1940 μενος
821 1883 866 1923 ι.
903 1869 1010 1922 Καὶ
1039 1870 1144 1940 γὰρ
1176 1870 1203 1920 ὁ
1247 1869 1508 1942 γεωργὸς,
1539 1870 1737 1923 ὁπόταν
1781 1870 1927 1940 πόνῳ
1976 1870 2073 1939 μὲν
2116 1869 2184 1920 τὰ

629 1952 916 2021 σπέρματα
945 1952 1244 2022 καταϐάλῃ,
1269 1951 1605 2021 εὐφοροῦσάν
1641 1952 1697 2004 δέ
1732 1952 1831 2021 τὴν
1861 1954 1964 2022 γῆν
2001 1950 2184 2003 καὶτὰ

625 2033 752 2103 λήῖα
795 2033 1047 2102 κομῶντα
1088 2034 1364 2102 θεάσηται,
1412 2033 1514 2085 τῶν
1544 2033 1731 2104 πρώην
1773 2034 2184 2088 ἐπιλανθάνεται

628 2116 829 2175 κόπων,
858 2117 948 2168 καὶ
987 2115 1120 2185 πρὸς
1145 2115 1242 2185 τὴν
1268 2115 1392 2186 ἑξῆς
1425 2116 1685 2184 ἐργασίαν
1713 2133 1771 2168 τε
1801 2118 1892 2170 καὶ
1921 2117 2184 2186 συντήρη-

627 2215 713 2250 σιν
742 2197 818 2267 τῷ
843 2198 870 2238 ι»
912 2197 1339 2268 προσδοκωμένῳ
1369 2198 1704 2251 διανίσταται
1748 2199 1945 2268 κέρδει.
1992 2197 2182 2251 Καίτοι

627 2280 792 2332 πόσον
832 2280 1186 2350 ποριμωτέρα
1215 2281 1306 2332 καὶ
1351 2279 1640 2349 ἐπικερδὴς
1666 2279 1805 2350 αὐτη
1850 2279 2184 2348 καθέστηκεν

628 2365 661 2432 ἡ
692 2363 960 2433 γεωργίαι
1001 2361 1212 2430 Ἐκείνη
1242 2362 1341 2432 μέν
1370 2362 1477 2432 γάρ
1505 2361 1613 2415 τῶν
1637 2363 1860 2433 καρπῶν
1879 2363 1987 2415 τῶν
2006 2361 2186 2433 αίσθη-

625 2447 735 2497 τῶν
765 2445 1190 2515 περιποιουμένη
1230 2445 1326 2514 τὴν
1358 2445 1634 2513 ἀφθονίαν,
1670 2445 1913 2514 σώμασιν
1941 2445 2186 2497 ἐναποτία

628 2526 774 2578 θεται
799 2528 1030 2596 τροφήν
1067 2525 1201 2595 αῦτη
1226 2526 1280 2578 δὲ
1307 2527 1402 2596 τὴν
1423 2527 1528 2580 τῶν
1553 2527 1725 2594 λόγων
1746 2525 2183 2596 καταϐαλλομένη

625 2607 987 2672 διδασκαλίαν,
1052 2608 1145 2661 καὶ
1186 2607 1254 2660 τὰ
1299 2608 1390 2660 τοῦ
1455 2608 1771 2678 Πνεύματος
1823 2607 2184 2669 πλεονάζουσα

626 2689 957 2759 χαρίσματα,
991 2689 1079 2742 τὸν
1119 2689 1346 2758 ψυχικὸν
1387 2689 1762 2742 ἐναποτίθεται
1807 2688 2052 2753 πλοῦτον,
2087 2689 2185 2755 τὴν

625 2770 964 2839 ἀδαπάνητον
987 2772 1076 2824 καὶ
1112 2773 1385 2841 ἀκήρατον
1411 2770 1634 2841 τροφὴν,
1664 2771 1763 2840 τὴν
1795 2771 1866 2840 μὴ
1901 2769 2184 2838 διαλυομέ-

627 2869 746 2922 νην,
795 2852 927 2921 μηδέ
978 2852 1334 2922 φθειρομένην
1379 2851 1666 2922 ἀκολουθίᾳ.
1706 2862 1752 2915 ε,
1788 2851 1922 2904 ἀλλά
1964 2851 2185 2921 ἀρρήτῳ

625 2934 731 2988 τινὶ
755 2951 915 3004 συντη
926 2935 1189 3004 ρουμένην
1212 2935 1454 3003 προνοίᾳ,
1483 2933 1576 2986 καὶ
1600 2934 1794 3003 νοητὴν
1821 2933 1919 3004 τὴν
1949 2933 2184 2986 ἀπόλαυ-

628 3034 713 3071 σιν
737 3017 981 3087 ἔχουσαν.
1037 3017 1184 3086 Αῦτη
1221 3017 1328 3069 τῶν
1375 3016 1523 3086 ἐμῶν
1567 3016 1742 3069 πόνων
1780 3018 1812 3086 ή
1857 3016 2181 3086 ἐπικαρπία,

626 3093 780 3164 οὗτος
827 3104 855 3152 ό
904 3099 1347 3170 ἐναποτιθέμενος
1394 3102 1460 3170 τῇ
1518 3099 1672 3169 ὑμῶν
1702 3101 1886 3170 ἀγάπῃ
1937 3099 2181 3161 πλοῦτος.

628 3183 825 3235 Τοῦτον
864 3179 954 3234 οὖν
1002 3182 1358 3251 αὐξανόμενον
1400 3183 1457 3234 ἐν
1507 3182 1633 3252 ὑμῖν
1671 3181 1967 3245 κατανοῶν,
2015 3181 2185 3252 χαίρω

627 3263 716 3316 διὰ
747 3264 966 3326 παντὸς,
1004 3263 1076 3324 ὼς
1108 3263 1180 3332 μὴ
1209 3265 1329 3333 εικῆ
1362 3263 1430 3316 τά
1465 3264 1750 3333 σπέρματα
1783 3261 2185 3332 καταϐαλλόμε-

627 3363 718 3409 νος
746 3345 796 3409 ἀ,
828 3346 900 3408 ὼς
934 3345 1006 3414 μὴ
1037 3345 1212 3414 μάτην
1245 3345 1371 3406 τοὺς
1409 3345 1600 3406 πόνους
1642 3344 1957 3414 ὑπομείνας,
1999 3343 2073 3406 ῶς
2108 3346 2186 3405 είς

628 3428 852 3500 εὐφορον
880 3428 970 3479 καὶ
993 3426 1226 3496 λιπαρὰν
1248 3425 1578 3497 ἐπισπείρων
1607 3425 1731 3494 γῆν,
1763 3426 1854 3479 καὶ
1883 3426 2016 3496 πρὸς
2051 3443 2187 3497 καρ-

629 3511 890 3579 ποφορίαν
913 3508 1244 3577 ἐπιτηδείαν.
1271 3507 1442 3562 Πόθεν
1471 3502 1564 3559 οὖν
1589 3507 1650 3559 τδ
1677 3507 1910 3560 τοιοῦτον
1934 3521 2188 3559 καταστο-

629 3594 862 3663 χάζομαι
894 3591 1112 3661 κέρδος;
1145 3589 1307 3642 πόθεν
1336 3592 1414 3652 είς
1446 3586 1606 3658 ἔργον
1625 3589 1750 3652 τούς
1778 3588 1966 3656 λόγους
1986 3589 2186 3658 προκό-

629 3689 860 3736 πτοντας
903 3672 1182 3735 κατανοῶ;
1223 3672 1317 3724 Ἐκ
1356 3671 1456 3739 τῆς
1493 3669 1768 3740 παρούσης
1795 3669 2029 3741 δηλονότι
2062 3686 2186 3722 συν-

627 3754 853 3825 δρομῆς,
883 3755 946 3806 ἐκ
976 3753 1069 3806 τοῦ
1114 3753 1209 3822 τὴν
1262 3752 1470 3821 μητέρα
1513 3752 1729 3804 πάντων
1768 3751 1864 3821 τὴν
1895 3751 2186 3820 ἐκκλησίαν

631 3838 768 3908 μετά
822 3836 1054 3904 σπουδῆς
1099 3837 1242 3904 ὑμᾶς
1288 3833 1633 3898 καταλαϐεῖν,
1685 3834 1748 3886 ἐκ
1781 3833 1880 3902 τῆς
1919 3834 2186 3902 παννύχου

627 3919 830 3988 ταύτης
859 3920 950 3970 καὶ
976 3917 1254 3986 διηνεκοῦς
1283 3915 1543 3981 στάσεως,
1566 3916 1629 3967 ἐκ
1663 3913 1755 3966 τοῦ
1779 3915 1876 3986 τὴν
1895 3914 2187 3985 ἀγγελικὴν

627 4001 980 4072 χοροστασίαν
1031 3998 1391 4068 μιμουμένους
1419 3997 1838 4052 ἀκατάπαυστον
1864 3995 1940 4064 τῷ
1981 3996 2185 4065 Κτίστῃ

627 4085 724 4154 τὴν
772 4081 1091 4151 ὐμνολογίαν
1151 4081 1498 4149 προσφέρειν.
1531 4081 1595 4131 Ὢ
1649 4079 1756 4131 τῶν
1810 4077 1902 4131 τοῦ
1953 4077 2184 4147 Χριστοῦ

627 4165 993 4235 δωρημάτωνῐ
1022 4164 1166 4215 Ἀνω
1197 4163 1445 4232 στρατιαὶ
1487 4160 1850 4228 δοξολογοῦσιν
1902 4161 2144 4228 ἀγγέλων
2167 4175 2184 4191 ο

627 4251 776 4301 κάτω
817 4251 874 4300 ἐν
919 4245 1231 4314 ἐκκλησίαις
1281 4243 1736 4316 χοροστατοῦντες¹
1778 4242 2048 4311 ἄνθρωποι
2090 4241 2188 4311 τὴν

627 4329 797 4398 αὐτὴν
832 4329 1054 4389 ἐκείνοις
1085 4325 1443 4395 ἐκμιμοῦνται
1468 4323 1792 4391 δοξολογίαν.
1823 4323 1969 4375 Ἀνω
1995 4320 2063 4374 τὰ
2094 4324 2189 4373 Σε-

628 4411 804 4479 ραφὶμ
830 4411 919 4461 τὸν
948 4409 1222 4479 τρισάγιον
1250 4407 1415 4475 ὕμνον
1451 4405 1676 4473 ἀναϐοᾷ·
1711 4404 1859 4457 κάτω
1892 4403 1981 4456 τὸν
2028 4403 2188 4455 αὐτὸν

626 4493 659 4560 ἡ
685 4491 789 4543 τῶν
816 4489 1110 4560 ἀνθρώπων
1139 4489 1446 4557 ἀναπέμπει
1471 4485 1695 4556 πληθύς*
1729 4486 1878 4556 κοινὴ
1906 4485 2012 4538 τῶν
2030 4488 2188 4538 ἐπου-

627 4572 826 4642 ρανίων
859 4573 949 4622 καὶ
979 4571 1085 4624 τῶν
1126 4570 1378 4637 ἐπιγείων
1438 4570 1812 4638 συγκροτεῖται
1862 4570 2183 4638 πανήγυρις·

629 4653 724 4723 μία
745 4653 1078 4722 εὐχαριστία,
1122 4653 1177 4704 ἓν
1225 4651 1568 4721 ἀγαλλίαμα,
1608 4650 1702 4720 μία
1731 4651 2052 4718 εὐφρόσυνος
2100 4665 2188 4718 χο⁴

625 4735 904 4803 ροστασία.
941 4736 1154 4803 Ταύτην
1183 4734 1290 4802 γὰρ
1324 4735 1357 4801 ἡ
1380 4732 1651 4802 ἄφραστος
1680 4732 1772 4784 τοῦ
1793 4731 2055 4783 Δεσπότου
2074 4731 2184 4801 [96]

625 4817 1026 4885 συγκατάὁασις
1057 4817 1339 4887 ἐκρότησε,
1358 4815 1558 4884 ταύτην
1579 4815 1639 4866 τδ
1663 4814 1879 4884 Πνεῦμα
1902 4813 2186 4877 συνέπλεξε

621 4899 682 4950 τὸ
713 4901 882 4964 άγιον,
909 4899 1109 4968 ταύτης
1143 4901 1174 4967 ἡ
1204 4897 1439 4968 ἁρμονία
1455 4896 1558 4948 τῶν
1581 4895 1826 4962 φθόγγων
1855 4898 1920 4964 τῇ
1951 4897 2183 4966 πατρικῇ

619 4980 838 5051 εὐδοκίᾳ
873 4993 894 5020 ο
933 4979 1298 5051 συνηρμόσθη’
1333 4978 1540 5033 ἀνωθεν
1583 4977 1693 5046 ἔχει
1716 4977 1813 5047 τὴν
1843 4977 1948 5028 τῶν
2008 4976 2185 5045 μελῶν

682 5155 710 5184 ⁸
735 5155 933 5216 Aliquot
970 5168 1084 5202 mss.
1109 5154 1168 5216 τὰ
1207 5160 1290 5211 τῆς
1310 5152 1638 5216 διδασκαλίας
1664 5152 2022 5216 καταϐάηομεν
2046 5153 2187 5212 σπέρ-

688 5228 762 5267 tu,
784 5212 1006 5276 χρησταῖς
1019 5213 1223 5262 ἐντεῦθεν
1241 5214 1345 5276 ταῖς
1364 5214 1516 5276 ἐλπίσι
1538 5213 1826 5274 τρεφόμενοι.
1845 5212 1975 5258 Hauc
1986 5220 2183 5276 secutus

641 5274 882 5347 gelior'lém
909 5282 986 5324 est
1012 5277 1250 5325 Erasmus.
1273 5274 1394 5322 Infra
1423 5275 1542 5321 item
1564 5275 1750 5334 aliquot
1768 5285 1881 5319 mss.
1908 5274 2178 5327 καταϐάλλῃ

618 5345 923 5383 ι’ῡφοοουσαν.

657 5348 904 5442 10331133?
907 5369 1122 5457 ἐργασίαν
1144 5413 1193 5443 τε
1217 5396 1294 5442 καὶ
1333 5395 1594 5455 ἐπιμέλειαν
1619 5396 1701 5455 τῷ.
1728 5393 1878 5442 Paulo
1923 5397 2032 5454 post
2057 5406 2181 5442 unus

657 5453 735 5510 ὕνιη
756 5455 938 5510 γέγονεν
957 5457 986 5510 ἡ
1009 5458 1224 5510 γεωργία.

615 5458 735 5510 αὕτη
756 5458 938 5510 γέγονεν
957 5458 986 5510 ἡ
1009 5458 1224 5510 γεωργία.

682 5469 1362 5579 ἑηογᾰέῗέἓῖηδῖξέἕῇἒμένην
1391 5516 1693 5579 ἀκολουθίαν.
1744 5515 1857 5569 Alii.
1885 5515 1986 5574 pari
2006 5513 2175 5579 ferme

617 5587 821 5622 numero
841 5574 1142 5637 φθειρομένην
1171 5574 1449 5636 ἀκολουθίᾳ.
1493 5577 1643 5634 Quam
1681 5584 1974 5634 postremam
2003 5574 2176 5622 lectio-

615 5637 1068 5698 ner_n__sinceriorem
1093 5643 1231 5698 putat
1262 5638 1444 5684 Boisius
1466 5637 1514 5683 in
1541 5639 1666 5698 noﬁs
1689 5637 1874 5684 Savilii.

678 5693 706 5733 ἀ
735 5694 865 5765 υμυε
911 5693 1154 5765 σπέρματα
1187 5698 1553 5756 κατατιθέμενος.
1592 5697 1743 5745 Paulo
1786 5701 1895 5757 post
1935 5695 2058 5743 alius
2101 5696 2179 5742 καὶ

621 5759 817 5818 «ιπαρᾲν
832 5759 1170 5818 κατασπείρων.

680 5829 701 5856 υ
731 5815 860 5867 Edil.
892 5822 947 5879 τῇ
975 5815 1256 5882 πνευματικῇ
1303 5818 1507 5882 εὐδοκία.
1539 5816 1848 5880 Μιιιιυδι-Γῑριὶ
1874 5817 1975 5867 fere
2009 5829 2177 5866 omnes

2285 1539 2599 1610 εὐρυθμίαν,
2630 1539 2720 1592 καὶ
2756 1537 2858 1592 ὐπὸ
2895 1538 2993 1610 τῆς
3019 1537 3266 1610 Τριάδος,
3307 1539 3550 1612 καθάπερ
3574 1541 3678 1596 ὐπὸ
3704 1540 3841 1612 πλή-

2285 1640 2447 1692 κτρου
2495 1622 2658 1684 τινὸς,
2706 1622 3021 1692 κινουμένη,
3069 1623 3129 1676 τὺ
3177 1624 3404 1694 τερπνὸν
3435 1622 3530 1676 καὶ
3577 1624 3841 1694 μακάριον

2284 1706 2465 1776 ἐνηχεϊ
2500 1705 2679 1775 μέλος,
2706 1704 2766 1757 τὸ
2795 1706 3085 1772 ἀγγελικὺν
3116 1701 3285 1778 ᾆσμα,
3323 1706 3419 1778 τὴν
3452 1706 3677 1776 ἄληκτον
3703 1723 3841 1776 συμο

2286 1790 2509 1860 φωνίαν.
2543 1789 2711 1842 Τοῦτο
2738 1788 2836 1858 τῆς
2862 1788 3092 1842 ἐνταῦθα
3125 1788 3357 1858 σπουδῆς
3379 1789 3436 1841 τὺ
3473 1788 3661 1857 πέρας,
3689 1781 3843 1851 οὗτος

2284 1874 2312 1924 ό
2342 1872 2441 1942 τῆς
2485 1869 2843 1932 συνελεύσεως
2888 1869 3044 1940 ἡμῶν
3082 1869 3310 1941 καρπός.
3364 1871 3461 1922 Διά
3484 1869 3640 1922 τοῦτο
3669 1869 3840 1938 χαίρω

2283 1954 2380 2023 τὴν
2397 1953 2652 2022 τοιαύτην
2673 1952 2918 2022 καθορῶν
2933 1953 3296 2022 εὐδοκίμησιν·
3321 1951 3491 2023 χαίρω
3517 1952 3612 2020 τὴν
3641 1952 3698 2003 ἐν
3724 1952 3842 2011 ταῖς

2284 2037 2480 2106 ψυχαῖς
2517 2037 2667 2105 ὑμῶν
2697 2034 3031 2104 εὐφροσύνην
3078 2035 3375 2097 κατανοιῖιν,
3410 2033 3503 2103 τὴν
3531 2032 3698 2102 χαρὰν
3742 2033 3840 2101 τὴν

2287 2118 2671 2188 πνευματικὴν,
2699 2117 2794 2188 τὴν
2836 2117 2976 2170 κατὰ
3023 2115 3156 2168 Θεὸν
3183 2115 3515 2183 ἀγαλλίασιν.
3545 2114 3706 2167 Οὐδὲν
3735 2114 3842 2182 γάρ

2285 2201 2425 2254 οὕτω
2452 2201 2721 2270 περιχαρῆ
2747 2200 2845 2269 τὴν
2883 2199 3155 2270 ἡμετέραν
3183 2197 3447 2266 διατίθησι
3478 2194 3642 2265 ζωὴν,
3688 2195 3763 2259 ὡς
3807 2197 3840 2265 ὴ

2286 2286 2342 2336 ἐν
2377 2283 2637 2354 ἐκκλησίᾳ
2682 2282 2934 2352 θυμηδία.
2998 2281 3086 2333 Ἐν
3118 2279 3378 2348 ἐκκλησίᾳ
3414 2281 3447 2348 ἡ
3483 2278 3592 2330 τῶν
3628 2277 3842 2348 χαιρόν-

2285 2382 2392 2418 των
2423 2365 2759 2435 ωντηρεῖται
2785 2361 2946 2432 χαρὰ,
2986 2361 3044 2413 ἐν
3087 2360 3349 2430 ἐκκλησίᾳ
3385 2359 3545 2430 ήτῶν
3573 2358 3843 2428 ἀθυμούν-

2285 2465 2392 2500 των
2415 2447 2666 2515 εὐθυμία,
2693 2447 2747 2498 ἐν
2770 2443 3032 2513 ἐκκλησίᾳ
3060 2443 3095 2512 ἡ
3128 2441 3234 2495 τῶν
3272 2441 3616 2512 λυπουμένων
3647 2441 3844 2510 εὐφρο-

2288 2531 2440 2599 σύνη,
2477 2531 2532 2581 ἐν
2555 2527 2864 2598 ἐκκλησίᾳὴ
2891 2525 2998 2579 τῶν
3019 2525 3500 2595 καταπονουμένων
3525 2524 3769 2594 ἀναψυχὴ
3796 2523 3842 2586 ί,

2285 2613 2342 2664 ἐν
2365 2609 2628 2680 ἐκκλησίᾳ
2652 2611 2685 2679 ή
2717 2608 2825 2661 τῶν
2844 2605 3157 2661 κοπιώντων
3173 2606 3491 2670 ἀνάπαυσις.
3517 2605 3690 2659 Δεῦτε
3713 2606 3841 2674 γάρ,

2287 2693 2439 2762 φησὶ.
2470 2692 2620 2759 πρός
2637 2707 2732 2759 με,
2749 2689 2967 2754 πάντες
2993 2692 3046 2743 οι
3078 2689 3404 2754 κοπιῶντες
3427 2688 3524 2740 καὶ
3563 2703 3834 2756 πεφορτι-

2285 2773 2508 2842 σμένοι·
2541 2773 2699 2841 κάγὼ
2713 2775 3039 2826 ἀναπαύσω
3054 2769 3229 2839 ὑμᾶς.
3255 2771 3319 2822 Τί
3331 2770 3530 2839 ταύτης
3544 2769 3642 2838 τῆς
3664 2769 3846 2837 φωνῆς

2285 2855 2474 2924 γένοιτ’
2511 2854 2575 2908 ἂν
2605 2854 2971 2924 ποθεινότερον
2994 2869 3009 2918 ;
3042 2853 3095 2904 τί
3123 2852 3222 2920 τῆς
3242 2852 3481 2922 κλήσεως
3496 2849 3692 2921 ταύτης
3719 2849 3846 2919 ἠδύ-

2284 2957 2339 2992 τε
2351 2954 2472 3008 ρον;
2504 2937 2644 3007 Πρὸς
2676 2936 2905 3005 εὐωχίαν
2932 2953 2990 2989 σε
3020 2935 3175 2989 καλεῖ
3211 2937 3267 2988 ἐν
3297 2935 3555 3006 ἐκκλησίᾳ
3583 2951 3642 2986 σε
3663 2933 3843 2986 καλῶν

2284 3023 2312 3074 ό
2349 3019 2622 3090 Δεσπότης
2648 3022 2694 3084 ε,
2734 3021 2814 3080 είς
2839 3017 3142 3071 ἀνάπαυσιν
3188 3018 3307 3069 ἀντὶ
3353 3016 3459 3070 τῶν
3492 3017 3671 3070 κόπων
3707 3031 3843 3085 προ-

2285 3105 2560 3174 τρέπεται,
2589 3103 2666 3164 είς
2692 3101 2870 3154 ἀνεσιν
2895 3101 2958 3152 ἐκ
2982 3101 3091 3154 τῶν
3111 3098 3383 3169 ὀδυνηρῶν
3414 3098 3724 3168 μετατίθησι
3745 3140 3758 3159 ,
3782 3095 3844 3148 τὸ

2288 3187 2449 3257 βάρος
2477 3185 2583 3236 τῶν
2614 3182 3021 3254 ἁμαρτημάτων
3051 3181 3341 3249 κουφίζων·
3385 3180 3562 3250 τρυφὴ
3591 3179 3686 3249 τὴν
3710 3177 3843 3230 ἀθυ-

2289 3270 2437 3339 μίαν,
2461 3267 2554 3319 καὶ
2579 3263 2881 3336 εὐφροσύνη
2920 3263 3018 3334 τὴν
3038 3263 3216 3332 λύπην
3243 3264 3406 3316 ἰᾶται.
3428 3263 3489 3314 Ὢ
3514 3262 3610 3330 τῆς
3635 3259 3840 3330 ἀφάτου

2287 3349 2606 3420 κηδεμονίας
2634 3349 2662 3388 ιι
2692 3350 2704 3402 !
2749 3345 2793 3398 ὣ
2832 3346 3076 3415 κλήσεως
3123 3345 3440 3415 ἐπουρανίου
3471 3345 3483 3396 ι
3517 3343 3842 3410 Σπεύσωμεν

2287 3432 2479 3496 τοίνυν,
2509 3429 2796 3498 ἀγαπητοὶ,
2827 3426 2993 3496 αὐτὴν
3021 3427 3122 3496 μὲν
3153 3426 3552 3496 ἐπιτεινομένην
3575 3424 3841 3479 ἐνδείκνυ-

2289 3515 2408 3568 σθαι
2441 3515 2538 3584 τὴν
2569 3511 2818 3581 σπουδὴν,
2855 3508 2992 3580 μετὰ
3027 3509 3084 3561 δέ
3132 3508 3230 3578 τῆς
3262 3507 3634 3579 προσηκούσης
3682 3507 3842 3559 εὐτα-

2287 3599 2404 3665 ξίας
2433 3598 2525 3650 καὶ
2538 3595 2631 3648 τοῦ
2659 3595 2952 3666 πρέποντος
2980 3592 3184 3644 σκοποῦ
3203 3592 3403 3660 ταύτην
3430 3589 3772 3660 ἀποπληροῦν
3795 3590 3840 3645 ί.

2287 3681 2396 3735 Καὶ
2419 3680 2525 3749 γάρ
2544 3678 2633 3730 τὸν
2654 3677 2779 3746 περὶ
2809 3674 2997 3727 τούτου
3026 3673 3181 3742 λόγον
3212 3674 3337 3743 ὑμῖν
3368 3675 3602 3744 σήμερον
3626 3671 3840 3741 κινῆσαι

2290 3763 2564 3832 βούλομαι,
2588 3757 2839 3828 φορτικὸν
2864 3756 2962 3826 μὲν
3009 3753 3145 3809 εἶναι
3179 3755 3451 3818 δοκοῦντα,
3483 3753 3756 3822 ἀνεπαχθῆ
3785 3751 3842 3804 δέ

2288 3844 2380 3896 καὶ
2398 3842 2666 3910 ὠφέλιμον
2709 3840 2836 3891 ὅντα
2864 3840 2929 3907 τῇ
2969 3837 3216 3906 ἀληθείᾳ.
3249 3834 3402 3889 Οὐτω
3432 3835 3538 3905 γὰρ
3574 3835 3665 3888 καὶ
3694 3833 3842 3902 φιλό-

2291 3939 2502 3993 στοργοι
2541 3920 2769 3989 πατέρες
2795 3919 3053 3971 ποιοῦσιν·
3078 3918 3138 3969 οὐ
3189 3918 3346 3986 μόνον
3380 3918 3447 3971 τά
3490 3916 3622 3986 πρὸς
3669 3915 3843 3981 ὀλίγον

2288 4004 2696 4076 χαροποιοῦντοι,
2733 4001 2866 4054 ἀλλά
2904 3999 2998 4052 καὶ
3032 3999 3101 4052 τὰ
3136 3999 3404 4053 λυποῦντα
3434 3997 3843 4068 παρεγγυῶνται

2287 4091 2397 4149 τοῖς
2439 4087 2663 4148 τέκνοις·
2709 4083 2802 4137 καὶ
2858 4082 2919 4134 οὐ
2959 4081 3027 4134 τὰ
3071 4081 3296 4134 αὐτόθεν
3342 4079 3717 4149 ἐνδεικνύμενα
3744 4078 3843 4149 τὴν

2286 4170 2549 4238 ὠφέλειαν
2571 4164 2921 4236 παραινοῦσιν
2959 4164 3160 4225 αὐτοῖς,
3195 4162 3329 4215 ἀλλά
3383 4161 3474 4215 καὶ
3501 4162 3599 4215 ὅσα
3631 4160 3842 4214 δοκοῦσι

2292 4255 2387 4324 μὲν
2417 4250 2552 4305 εἶναι
2581 4249 2830 4320 φορτικά,
2867 4249 3105 4317 σωτήρια
3121 4247 3177 4300 δέ
3199 4249 3342 4300 ἐστιν
3369 4244 3843 4316 ἀποπληρούμενα,

2289 4335 2570 4388 καὶταῦτα
2612 4331 2745 4402 μετά
2778 4331 2976 4398 πολλῆς
3019 4330 3118 4398 τῆς
3163 4329 3470 4398 ἐπιμελείας
3517 4328 3843 4393 διδάσκουσι,

2289 4418 2380 4469 καὶ
2407 4413 2660 4484 ἀσφαλῶς
2687 4413 2783 4479 τὴν
2819 4411 2996 4463 αὐτῶν
3028 4410 3316 4462 ἀπαιτοῦσι
3365 4410 3707 4478 συντήρησιν.
3738 4406 3845 4460 Καὶ

2287 4499 2470 4550 τοῦτον
2505 4493 2852 4564 προτείνομεν
2882 4491 2971 4544 τὸν
2998 4490 3174 4558 λόγον,
3208 4491 3292 4542 ἵνα
3336 4490 3410 4559 μὴ
3443 4490 3615 4558 μάτην
3645 4487 3735 4540 τὸν
3761 4490 3848 4540 ἐν-

2288 4579 2458 4633 ταῦθα
2489 4573 2948 4643 καταϐαλλώμεθα
2978 4573 3157 4638 πόνον,
3185 4573 3271 4624 ἵνα
3319 4571 3391 4641 μὴ
3433 4571 3529 4640 τὴν
3553 4570 3648 4640 τῆς
3675 4570 3845 4639 ἀγρυο

2289 4662 2447 4722 πνίας
2481 4659 2836 4728 ὑπομένοντες
2881 4654 3145 4724 ἀνάγκην,
3193 4655 3429 4723 ἀνοήτως
3469 4651 3842 4720 πυκτεύωμεν,

2290 4745 2373 4796 ἵνα
2392 4742 2464 4812 μὴ
2490 4743 2568 4803 είς
2595 4740 2731 4810 ἀέρα
2751 4737 3092 4806 διαλυόμεναι
3121 4736 3176 4788 αἱ
3204 4735 3374 4803 φωναὶ
3395 4735 3484 4786 ἐπὶ
3505 4734 3674 4805 ζημίᾳ
3709 4733 3844 4803 μᾶλ-

2287 4825 2375 4878 λον
2407 4825 2696 4894 ἐνηχοῖντο,
2723 4820 2814 4873 καὶ
2839 4820 2937 4872 οὐκ
2959 4818 3050 4871 ἐπὶ⁸
3074 4816 3272 4887 κέρδει.
3305 4816 3436 4870 Οὐδὲ
3466 4817 3574 4888 γὰρ
3605 4816 3843 4886 ἔμπορος

2291 4907 2505 4977 μακρὰς
2561 4906 2656 4975 μὲν
2683 4902 2949 4973 ἐμπορίας
2994 4899 3361 4968 στελλόμενος,
3395 4898 3593 4968 πολλὴν
3637 4899 3692 4950 δέ
3742 4897 3843 4966 τὴν

2287 4991 2394 5044 τῶν
2447 4989 2764 5059 πνευμάτων
2796 4983 3029 5056 ἐμδολὴν
3067 4983 3160 5036 καὶ
3195 4983 3290 5052 τὴν
3325 4980 3432 5034 τῶν
3462 4982 3716 5052 κυμάτων
3747 4981 3846 5033 ἐπ-

2287 5098 2343 5152 τῇ
2385 5095 2585 5152 πατρικῇ
2625 5095 2677 5137 ει
2711 5090 2780 5136 sic
2805 5089 2924 5148 iegil
2956 5085 3195 5134 Erasmus.
3221 5083 3329 5132 Duo
3366 5096 3482 5132 mss.
3508 5086 3662 5130 totum
3686 5083 3844 5130 locum

2287 5155 2356 5201 sic
2379 5153 2558 5200 habent
2583 5167 2593 5198 :
2619 5152 2673 5196 τὸ
2712 5148 2901 5210 Πνεῦμα
2932 5147 2987 5193 τὸ
3013 5147 3141 5210 ἅγιον
3167 5146 3426 5210 συνέπλεεε,
3448 5144 3620 5210 ταύτην
3654 5143 3846 5210 τὴν-ἀρ-

2289 5214 2448 5319 μονίὸτν
2469 5216 2562 5286 ῖῶν
2603 5211 2810 5273 φθόγγων
2832 5202 2864 5264 ἦ
2900 5202 3101 5269 πατρική
3148 5205 3336 5254 εὐδοκία
3371 5205 3680 5264 συνήρμοσεν,
3719 5202 3846 5251 ὥστε

2289 5291 2382 5319 ανω
2413 5291 2457 5319 εν
2484 5290 2595 5319 εγει.

2287 5290 2457 5334 ανωῠεν
2484 5290 2595 5334 εχει.

2354 5333 2371 5369 ί
2406 5322 2940 5390 Αιίἰῖιαταίπονουμένων
2960 5327 3246 5391 παραμυθία,
3269 5325 3396 5387 quod
3428 5322 3555 5373 idem
3581 5327 3658 5370 est
3681 5341 3692 5369 :
3720 5334 3846 5371 unus

2283 5394 2698 5453 καταπονουμένων
2722 5391 2993 5453 εὐφροσύνη.

2345 5459 2369 5494 ε
2391 5457 2497 5517 Duo
2519 5442 2631 5517 "iss.
2658 5453 2705 5498 έν
2729 5442 3004 5517 μζλψμιρ
3027 5449 3280 5517 Δισπψς.
3308 5442 3620 5517 Innaliquibus
3644 5457 3698 5488 σε

2282 5516 2518 5594 ἐξξῖιῖπξτίᾳ.
2535 5515 2729 5594 “8.63%.;
2739 5510 2880 5594 {"51
2903 5507 3082 5594 [ἐείΞὲ
3099 5507 3574 5594 ,Σὶξέἳίὲξηὲῑῗῗξηω
3608 5507 3753 5564 τρνφῇ
3791 5509 3844 5551 ⁸⁸

2281 5566 2448 5638 ροςιθό
2477 5566 2760 5637 εὐφροσύνῃο
2796 5572 2881 5618 sed
2903 5566 3078 5619 eo'dem
3099 5570 3226 5616 redit
3247 5566 3504 5615 sententia.
3565 5621 3573 5630 _
3714 5620 3724 5629 .

2342 5637 2368 5674 ιι
2391 5637 2590 5695 Quidam
2617 5635 2655 5679 ὤ
2677 5639 2758 5695 τῆς
2779 5629 2923 5695 αὐτοῦ
2965 5629 3262 5695 κηδεμονίας,
3291 5632 3350 5695 ,ει
3372 5627 3439 5673 sic
3478 5625 3596 5695 I931}
3615 5622 3840 5695 Sanllug.

2279 5683 2703 5792 {Eid'.:§ulziflj:.r'11£ﬁ
2725 5683 3046 5753 ἀποκάμωμεν
3081 5683 3258 5748 τοίνυν,
3285 5683 3543 5748 ἀγαπητοὶ,
3559 5683 3843 5744 ἐπιτεινομέ-

2278 5775 2357 5812 νην
2380 5757 2438 5817 μὲ
2484 5757 2672 5804 ἔνδειαν.

2344 5819 2356 5859 ί
2387 5815 2483 5869 Alii
2511 5817 2822 5878 ἀναπληρουι.
