4064 6214
284 380 356 435 97
1271 365 1337 422 ΙΝ
1377 365 1620 433 ILLUD,
1657 363 1800 421 VIDI
1835 358 2170 423 DOMINUM,
2209 353 2440 412 HOMIL.
2479 351 2524 408 I.
3451 344 3523 398 98

407 577 3505 625 _______________________________,_________,___.

1627 980 2147 1072 HOMILIA

284 1288 351 1335 η
398 1290 654 1337 ιΔῦῡΕΜ
698 1291 939 1349 Εοιιῠιι,
976 1292 1081 1346 QUI
1126 1287 1635 1335 COMPARUEEUNT
1677 1285 1742 1328 IN
1780 1284 2096 1337 ECCLESIA,
2158 1281 2424 1334 ρωερυκ
2506 1282 2877 1329 MODERATIO
2918 1286 3015 1330 SIT
3091 1286 3415 1334 SERVANDA
3464 1290 3531 1335 IN

363 1392 599 1436 DIVINIS
671 1393 999 1437 LAUDIBUS.
1066 1391 1222 1434 ITEM
1293 1390 1353 1432 IN
1417 1387 1627 1442 ILLUD,
1694 1384 1829 1429 νιῡι
1912 1383 2209 1425 DOMINUM
2280 1383 2614 1427 SEDRNTBM
2684 1385 2747 1429 IN
2832 1387 3008 1430 SOLIO
3100 1388 3374 1433 EXCBLSO
3445 1372 3531 1455 (α)

369 1473 549 1553 (Isai.
593 1474 654 1535 6.
702 1475 786 1554 1).

1605 1560 2188 1616 *πη-..-

352 1753 407 1807 1.
432 1750 732 1805 Ρτωᾱίεαιὶο
752 1767 862 1806 cum
882 1751 1188 1823 agricultura
1208 1760 1545 1822 comparatur.
1570 1751 1858 1821 Chrysalo-

286 1857 400 1895 mus
429 1841 491 1895 de
535 1858 780 1895 concursu
808 1843 1094 1895 auditorum
1124 1844 1329 1913 gaudet.
1360 1841 1496 1895 Laus
1542 1839 1857 1895 ecclesiastici

282 1932 926 2000 conventus.—Conspicio
951 1947 1046 1987 vos
1070 1933 1235 1986 multo
1260 1932 1431 1985 studio
1460 1929 1776 1995 adnitentes,
1800 1938 1856 1983 ut

282 2022 347 2075 ad
373 2021 615 2077 eﬂ‘ectum
641 2022 952 2091 perdueatis,
982 2038 1099 2091 qua:
1125 2021 1237 2076 heri
1284 2036 1313 2075 a
1355 2021 1506 2075 nobis
1531 2007 1668 2074 dicta
1694 2028 1852 2074 sunt:

284 2124 453 2179 eoque
494 2126 632 2164 nunc
678 2110 813 2165 haud
860 2119 1076 2179 gravate
1116 2124 1297 2166 semen
1326 2110 1578 2165 doctrina:
1600 2110 1854 2179 jacimus,

281 2199 419 2267 quod
448 2201 568 2254 hinc
598 2201 732 2254 bona
767 2216 888 2270 spes
914 2202 1007 2255 alit
1048 2202 1282 2254 animum
1311 2210 1569 2255 nostrum.
1625 2200 1756 2255 Nam
1804 2210 1857 2255 et

281 2290 510 2357 agricola
532 2331 545 2350 ,
581 2306 699 2343 cum
744 2307 848 2345 non
894 2292 1009 2347 sine
1036 2291 1213 2347 labore
1232 2292 1444 2361 quidem
1472 2292 1672 2348 semina
1690 2293 1817 2361 jecit
1837 2333 1853 2359 ,

280 2378 375 2432 sed
420 2379 565 2433 videt
594 2389 786 2434 terram
819 2380 1044 2436 feracem
1080 2390 1418 2450 segetemque
1456 2390 1712 2451 proventu
1758 2396 1855 2435 ex-

282 2468 615 2536 uberantem,
641 2470 969 2537 superiorum
994 2471 1230 2525 laborum
1252 2471 1598 2532 obliviscitur.
1615 2481 1771 2539 atque
1789 2471 1855 2524 ad

288 2557 547 2625 reliquum
599 2573 776 2626 operte
832 2558 1395 2627 conservationemque
1435 2559 1668 2626 priorum
1724 2558 1853 2612 lucri

283 2648 673 2715 exspectatione
686 2649 963 2702 excitatur.
984 2648 1177 2702 Verum
1200 2647 1311 2701 bmc
1328 2649 1641 2716 agricultura
1660 2656 1855 2717 quanto

284 2737 506 2792 feracior
552 2747 853 2808 quantoque
893 2738 1150 2792 lucrosior
1206 2739 1319 2792 est?
1368 2738 1499 2792 Nam
1524 2738 1614 2791 illa
1642 2737 1853 2807 quidem

282 2825 488 2894 frugum
518 2827 845 2880 sensibilium
872 2827 1077 2895 cepiam
1125 2826 1366 2881 adferens
1390 2866 1405 2891 ,
1437 2826 1746 2896 corporibus
1768 2841 1855 2880 re-

282 2918 429 2985 ponit
480 2916 823 2972 alimoniam:
866 2917 979 2971 hate
1033 2932 1159 2972 vero
1203 2918 1326 2971 dum
1380 2931 1685 2972 sermonum
1729 2917 1857 2985 jacit

282 3006 612 3071 doctrinam,
670 3007 1125 3077 spiritualiumque
1168 3007 1426 3062 donorum
1480 3006 1853 3061 abundantiam

282 3097 488 3162 adfert,
534 3099 693 3151 animi
732 3098 943 3153 divitias
979 3098 1253 3162 recondit,
1281 3097 1582 3150 alimoniam
1613 3112 1729 3165 qua:
1758 3112 1855 3153 nec

281 3189 540 3251 consumi,
572 3203 671 3242 nec
687 3189 861 3241 vitiari
880 3196 1070 3257 potest,
1095 3187 1293 3241 reditus
1313 3186 1401 3256 qui
1420 3201 1592 3256 neque
1609 3195 1851 3256 pereunt,

282 3291 453 3343 neque
484 3293 598 3331 ωνο
626 3287 1035 3346 corrumpuntur
1053 3319 1068 3343 ,
1097 3277 1189 3332 sed
1215 3292 1405 3332 arcana
1431 3278 1655 3348 quadam
1686 3286 1742 3332 et
1772 3279 1854 3331 in-

280 3364 475 3418 effabili
499 3366 825 3435 providentia
846 3376 1245 3429 conservantur,
1269 3382 1493 3435 quorum
1516 3383 1641 3421 usus
1658 3367 1855 3423 fructus

282 3464 459 3508 mente
482 3456 785 3524 percipitur.
817 3456 910 3511 llic
928 3464 1009 3511 est
1031 3471 1267 3511 meorum
1290 3456 1528 3511 laborum
1549 3466 1852 3525 proventus,

284 3542 366 3598 ba:
393 3553 515 3598 sunt
535 3560 663 3615 opes
685 3561 813 3614 quas
834 3556 1021 3602 vestrm
1043 3548 1247 3602 caritati
1266 3547 1616 3602 recondimus.
1641 3547 1746 3601 Has
1762 3534 1848 3600 ita-

284 3648 383 3700 que
395 3648 515 3687 cum
533 3635 815 3689 considero
838 3636 888 3689 in
912 3636 1062 3689 vobis
1077 3650 1380 3706 augescere,
1404 3634 1607 3705 gaudeo
1625 3650 1846 3705 semper,

284 3728 339 3773 ut
366 3722 453 3788 qui
479 3736 582 3775 non
605 3722 794 3776 frustra
822 3725 1366 3793 sementemjecerim,
1386 3732 1442 3777 ut
1458 3726 1545 3793 qui
1565 3740 1667 3778 non
1688 3726 1849 3780 ineas-

283 3822 396 3862 sum
425 3810 633 3866 labores
656 3812 981 3880 pertulerim,
1005 3821 1060 3866 ut
1081 3814 1165 3882 qui
1193 3814 1242 3868 in
1264 3812 1564 3884 frugiferam
1592 3815 1853 3886 pinguem-

284 3915 386 3968 que
414 3911 631 3961 terram.
656 3912 709 3956 et
729 3902 793 3956 ad
822 3903 1238 3958 fructificandum
1258 3904 1501 3958 idoneam
1523 3919 1702 3959 semen
1724 3907 1861 3974 jece-

284 3993 404 4045 rim.
431 3992 583 4047 Unde
608 3994 761 4062 igitur
784 3994 884 4050 hoc
907 3995 1108 4049 lucrum
1137 3995 1251 4048 fore
1271 3995 1510 4062 conjecto
1530 3995 1551 4047 ἲ
1580 4004 1719 4049 unde
1741 4011 1859 4063 per-

286 4083 453 4151 spicio
481 4098 754 4137 sermones
783 4084 847 4138 ad
876 4100 1007 4154 opus
1047 4085 1342 4152 proﬁcere?
1382 4084 1637 4138 Nimirum
1666 4100 1729 4139 ex
1760 4085 1860 4139 hoc

286 4188 571 4240 concursu,
616 4190 681 4228 ex
718 4190 782 4229 eo
834 4175 974 4244 quod
1025 4176 1303 4229 ecclesiam
1352 4177 1585 4229 omnium
1638 4184 1857 4229 matrem

286 4264 521 4319 studiose
542 4264 831 4334 occupatis,
872 4280 937 4320 ex
967 4265 1066 4319 hac
1094 4275 1344 4333 pernocte
1372 4277 1726 4335 perpetuaque
1755 4275 1861 4320 sta-

287 4356 457 4423 tione,
509 4370 574 4411 ex
626 4372 689 4410 co
724 4358 864 4427 quod
907 4358 1265 4428 angelicorum
1306 4358 1547 4411 ordinum
1579 4367 1857 4411 stationem

284 4446 552 4501 imitantes
603 4447 717 4503 sine
771 4450 1065 4503 cessatione
1110 4447 1291 4502 laudes
1330 4459 1383 4503 et
1409 4450 1633 4520 hymnos
1662 4448 1861 4502 offertis

284 4534 579 4590 Conditori.
604 4536 646 4591 Ο
669 4538 799 4590 mira
824 4537 1021 4592 Christi
1052 4538 1218 4592 dona!
1246 4539 1299 4591 ln
1329 4538 1570 4606 supernis
1600 4541 1862 4591 exercitus

286 4625 591 4691 angelorum
638 4634 830 4678 canunt
882 4626 1099 4693 gloriam
1160 4643 1171 4677 :
1230 4626 1280 4679 in
1336 4628 1493 4679 terris
1530 4627 1768 4679 homines
1808 4628 1859 4679 in

287 4711 520 4765 ecclesiis
552 4711 741 4765 choros
770 4721 985 4780 agentes
1018 4712 1081 4765 ad
1106 4714 1313 4766 illorum
1340 4714 1642 4781 exemplum
1678 4714 1859 4768 eadem

287 4810 485 4854 canunt
532 4799 697 4853 laudis
751 4801 975 4854 cantica.
1033 4801 1091 4855 in
1147 4801 1388 4870 supernis
1446 4801 1720 4871 Seraphim
1785 4813 1862 4857 ter

289 4898 528 4944 sanctum
572 4889 717 4943 illum
754 4889 1008 4960 hymnum
1038 4893 1267 4946 clamant
1298 4907 1311 4941 :
1346 4893 1397 4946 in
1428 4894 1580 4947 terris
1613 4893 1862 4948 eumdem

288 4980 565 5034 hominum
594 4980 787 5047 promit
811 4981 1114 5047 multitudo,
1144 4983 1601 5051 comm'tniterque
1623 4992 1734 5037 tum
1755 4998 1861 5037 ete-

290 5069 521 5135 lestium,
553 5078 661 5121 tum
688 5071 1019 5125 terrestrium
1050 5071 1266 5126 festivus
1294 5082 1590 5128 conventus
1630 5088 1825 5143 congre

290 5172 443 5231 gatur
467 5178 478 5213 :
507 5176 612 5215 una
641 5162 927 5230 gratiarum
951 5164 1089 5216 actio
1110 5204 1125 5230 ,
1156 5178 1255 5217 una
1276 5164 1585 5228 exsultatio,
1618 5181 1717 5219 una
1740 5180 1865 5233 gau-

291 5251 468 5306 dentis
510 5250 722 5305 chorem.
758 5251 935 5305 statio.
990 5250 1138 5306 Hanc
1185 5254 1326 5308 enim
1357 5254 1629 5309 ineffabilis
1661 5252 1863 5308 Domini

293 5350 411 5394 sese
436 5339 501 5392 ad
532 5354 631 5393 nos
656 5338 980 5395 demittentis
1021 5339 1230 5397 bonitas
1258 5344 1559 5407 constituit,
1588 5343 1723 5398 hanc
1750 5344 1864 5412 Spi-

295 5428 424 5483 ritus
470 5429 810 5499 congregavit
852 5438 1063 5485 sanctus
1100 5445 1114 5480 :
1158 5430 1315 5502 hujus
1361 5449 1548 5489 vocum
1577 5444 1866 5489 concentus

361 5557 427 5624 ξς)
458 5563 544 5624 ξιξ
553 5557 772 5624 populi?
794 5558 981 5624 collata:
999 5566 1240 5624 suntcum
1271 5561 1525 5615 Codicibus
1544 5566 1699 5624 Regiis
1729 5566 1864 5624 1819,

377 5581 427 5605 ιιι
460 5581 541 5607 na:
565 5581 772 5607 υυιιιιιιε
794 5581 977 5637 υυψιιω
999 5581 1112 5611 sunt.
1132 5581 1240 5611 cum
1271 5581 1525 5615 ωωαιουε
1544 5581 1699 5626 negtts
1729 5581 1864 5637 ιιξιυ,

299 5608 600 5693 {galliam
624 5619 928 5693 imulw,
965 5621 1103 5683 1964,
1145 5624 1282 5687 1975,
1321 5626 1461 5688 255i,
1506 5626 1867 5678 etColbertuus

297 5678 407 5740 It‘i,
430 5678 567 5740 meo,
594 5688 645 5731 et
664 5680 803 5731 5&5.

1960 1753 2183 1814 paterno
2226 1744 2556 1814 beneplacito
2583 1746 2598 1776 ³
2630 1747 2908 1814 congruit:
2941 1762 2971 1802 e
2994 1749 3138 1803 ctelis
3167 1749 3324 1805 habet
3350 1754 3535 1809 modu-

1958 1834 2132 1888 lorum
2156 1836 2578 1901 consonantiam,
2608 1835 2731 1891 dum
2759 1851 2789 1889 a
2816 1836 3071 1894 Trinitate
3100 1841 3244 1895 velut
3270 1858 3298 1895 a
3328 1844 3533 1912 plectro

1959 1926 2208 1993 quopiam
2257 1933 2517 1989 movetur,
2554 1925 2863 1981 delectabile
2892 1926 3019 1982 illud
3061 1944 3123 1984 ac
3162 1930 3282 1984 felix
3317 1943 3533 1990 resonat

1960 2014 2147 2079 melos,
2168 2013 2306 2069 illam
2335 2014 2622 2083 angelicam
2650 2016 2968 2085 cantionem,
3002 2018 3149 2072 illum
3173 2019 3413 2077 desinere
3440 2040 3528 2078 ne-

1961 2105 2129 2159 scium
2154 2114 2490 2160 concentum.
2525 2104 2620 2160 Hic
2649 2115 2731 2159 est
2759 2106 2916 2161 studii
2961 2110 3237 2175 prtesentis
3267 2111 3414 2175 finis,
3442 2110 3530 2168 hic

1960 2204 2251 2250 conventus
2276 2194 2442 2249 nostri
2484 2193 2681 2249 fructus
2715 2213 2728 2248 :
2776 2210 2944 2264 eoque
2984 2196 3188 2266 gaudeo
3216 2200 3369 2253 talem
3395 2216 3527 2256 con-

1962 2285 2189 2353 spiciens
2216 2284 2610 2339 celebritatem:
2631 2285 2832 2353 gaudeo
2852 2285 2975 2339 dum
3006 2286 3299 2340 animorum
3324 2301 3530 2344 vestro-

1960 2388 2076 2426 rum
2128 2373 2362 2427 lastitiam
2415 2374 2727 2437 considero,
2757 2371 2879 2425 dum
2919 2374 3166 2441 gaudium
3215 2378 3525 2444 spiritualc,

1959 2462 2081 2515 dum
2110 2460 2395 2515 secundum
2429 2460 2593 2516 Deum
2614 2460 3035 2514 exsultationem.
3065 2462 3244 2531 Neque
3265 2467 3403 2519 enim
3424 2469 3528 2523 ulla

1960 2565 2048 2605 res
2080 2559 2278 2603 tantum
2323 2548 2498 2603 adfert
2524 2548 2698 2619 gaudii
2748 2548 2863 2602 vita:
2902 2559 3116 2617 nostrae,
3148 2562 3400 2621 quantum
3429 2557 3531 2612 hoc

1958 2639 2096 2709 quod
2126 2656 2189 2693 ex
2214 2639 2388 2694 animo
2408 2638 2674 2708 gaudeatis
2701 2638 2751 2692 in
2774 2639 2995 2694 ecclesia
3018 2645 3339 2712 congregati.
3366 2645 3419 2698 ln
3438 2662 3530 2701 ec-

1959 2729 2116 2783 clesia
2154 2728 2489 2796 gaudentium
2537 2737 2882 2782 conservatur
2909 2732 3175 2799 gaudium,
3212 2733 3261 2785 in
3307 2736 3528 2790 ecclesia

1960 2820 2137 2873 animo
2166 2818 2494 2887 dejectorum
2533 2826 2613 2872 est
2650 2819 2925 2884 recreatio,
2976 2820 3028 2873 in
3083 2821 3304 2877 ecclesia
3342 2824 3534 2879 dolen-

1961 2908 2087 2960 tium
2116 2917 2197 2961 est
2227 2907 2486 2975 voluptas,
2522 2906 2571 2959 in
2599 2906 2823 2962 ecclesia
2863 2906 3265 2979 defatigatorum
3306 2914 3534 2981 respira-

1963 2999 2056 3063 tio,
2088 2998 2139 3050 in
2170 2998 2393 3052 ecclesia
2424 2998 2774 3052 laborantium
2810 3001 3040 3068 requies.
3076 3000 3246 3055 Venite
3265 3005 3426 3065 enim,
3452 3006 3532 3058 in-

1959 3086 2087 3154 quit,
2117 3086 2185 3137 ad
2208 3102 2285 3137 me
2310 3102 2477 3140 omnes
2497 3087 2583 3154 qui
2611 3087 2849 3139 laboratis
2876 3098 2923 3140 et
2952 3091 3143 3142 onerati
3184 3093 3298 3145 estis
3324 3108 3345 3146 :
3370 3104 3416 3147 et
3441 3111 3532 3164 ego

1958 3178 2178 3245 reﬁciam
2210 3177 2334 3246 vos(
2368 3176 2551 3229 Matth.
2600 3178 2685 3231 ll.
2714 3177 2782 3231 28
2823 3176 2862 3248 ).
2912 3178 3047 3246 Quid
3088 3180 3185 3235 hac
3215 3198 3340 3237 voce
3367 3186 3534 3252 possit

1958 3283 2075 3323 esse
2101 3267 2537 3324 desiderabilius?
2580 3270 2703 3338 quid
2743 3269 2839 3325 hac
2870 3271 3182 3327 invitatione
3208 3274 3533 3342 jucundius?

1959 3360 2039 3414 Ad
2069 3359 2283 3429 epulum
2312 3368 2363 3413 te
2392 3368 2547 3413 vocat
2573 3360 2661 3428 qui
2694 3360 2746 3412 in
2781 3362 3059 3416 ecclesiam
3090 3372 3141 3416 te.
3167 3375 3320 3417 vocat
3353 3366 3532 3420 Domi.

1960 3466 2079 3518 nus,
2120 3451 2186 3505 ad
2218 3450 2453 3521 requiem
2500 3465 2596 3520 pro
2626 3452 2894 3507 laboribus
2927 3454 3256 3521 adhortatur,
3286 3456 3351 3510 ad
3399 3459 3536 3512 rela-

1960 3543 2281 3596 xationema
2323 3541 2580 3596 molestiis
2633 3542 2899 3607 transfert,
2944 3544 3148 3613 pondus
3198 3558 3532 3614 peccatorum

1961 3631 2211 3695 allevans,
2243 3630 2440 3685 deliciis
2472 3631 2634 3685 animi
2662 3633 2959 3687 molestiam
2983 3674 2996 3697 ,
3031 3635 3221 3703 gaudio
3252 3653 3532 3693 mwrorem

1961 3731 2132 3775 sanat.
2178 3722 2221 3777 Ο
2248 3722 2565 3778 ineffabilem
2591 3725 2798 3778 curam!
2824 3741 2857 3779 ο
2890 3726 3215 3781 vocationem
3243 3730 3531 3783 cazlestem!

1963 3814 2298 3869 Festinemus
2326 3814 2522 3884 itaque,
2550 3814 2751 3880 dilecti,
2787 3824 2842 3869 ut
2872 3816 3110 3869 eamdem
3138 3832 3399 3871 summam
3427 3819 3537 3872 ala-

1962 3903 2203 3957 critatem
2229 3902 2597 3967 exbibeamus,
2628 3910 2682 3956 et
2723 3917 2843 3956 cum
2874 3904 3208 3957 convenienti
3278 3907 3535 3962 modestia

1962 3993 2481 4062 consrderationeque
2507 3991 2727 4047 decente
2752 3991 2884 4047 hanc
2916 3998 3400 4049 consummemus‘.
3446 3996 3538 4049 Et-

1963 4084 2103 4137 enim
2144 4082 2211 4137 de
2264 4084 2365 4137 hoc
2418 4083 2567 4136 vobis
2620 4082 2933 4137 hodiernum
2981 4098 3281 4139 sermonem
3324 4102 3537 4140 movere

1964 4188 2101 4237 νοιο,
2135 4174 2185 4226 in
2222 4173 2450 4242 speciem
2478 4172 2692 4242 quidem
2725 4174 3028 4239 molestum,
3054 4183 3301 4228 emternm
3325 4177 3491 4229 levem
3516 4218 3531 4241 ,

1964 4278 2193 4332 vereque
2219 4264 2420 4317 utilem.
2456 4262 2545 4318 Sic
2578 4264 2720 4317 enim
2749 4273 2801 4316 et
2829 4272 3068 4317 amantes
3112 4263 3398 4316 liberorum
3445 4280 3537 4332 pa-

1967 4365 2074 4410 tres
2105 4356 2338 4409 faciunt:
2370 4370 2471 4408 non
2503 4355 2674 4407 solum
2702 4368 2762 4406 ea
2793 4369 2911 4420 qua:
2939 4352 3001 4404 ad
3038 4352 3198 4404 breve
3222 4362 3427 4420 tempus
3445 4354 3539 4408 dc-

1968 4448 2178 4513 lectant,
2201 4461 2382 4499 verum
2409 4445 2563 4497 etiam
2593 4458 2710 4511 quae
2738 4441 3032 4494 molestiam
3056 4440 3284 4495 afferunt
3305 4442 3425 4495 filiis
3446 4444 3539 4497 atl-

1964 4537 2184 4597 hihent;
2241 4548 2341 4587 nec
2379 4546 2439 4585 ea
2473 4534 2632 4585 modo
2673 4530 2984 4599 prmcipiunt
3034 4530 3146 4594 eis,
3196 4547 3312 4598 quas
3360 4534 3538 4587 statim

1967 4624 2250 4678 ostendunt
2280 4622 2556 4675 utilitatem
2578 4662 2592 4685 ,
2627 4620 2718 4674 sed
2755 4636 3099 4690 qureeumque
3150 4620 3399 4675 videntur
3425 4623 3543 4691 qui-

1967 4715 2085 4767 dem
2116 4726 2235 4766 esse
2262 4712 2503 4775 molesta,
2527 4711 2779 4763 salutaria
2810 4719 2984 4765 tamen
3010 4718 3157 4776 sunt,
3188 4711 3229 4763 si
3265 4711 3543 4779 perﬁcian-

1969 4813 2069 4866 tur,
2102 4813 2154 4856 et
2183 4800 2296 4855 hmo
2324 4800 2485 4853 multa
2517 4814 2641 4853 cura
2676 4800 2889 4865 docent,
2914 4800 3296 4868 diligenterque
3324 4807 3543 4868 extgunt

1966 4894 2034 4947 ab
2055 4894 2129 4947 eis
2157 4901 2211 4945 ut
2250 4901 2547 4945 serventur.
2584 4891 2756 4958 Atque
2785 4890 2924 4944 hunc
2962 4904 3263 4944 sermonem
3291 4889 3544 4959 produci-

1968 5000 2105 5048 mus,
2138 4996 2203 5036 ne
2246 4991 2560 5052 pra-sentem
2602 4981 2833 5035 laborem
2880 4981 3068 5035 frustra
3100 4980 3446 5046 insumamus,
3476 4996 3543 5037 ne

2033 5139 2049 5169 ι
2085 5138 2224 5200 Edit.,
2272 5137 2473 5200 Spiritus
2513 5135 2821 5200 beneptacito.
2860 5145 2961 5186 MSS.
3002 5136 3109 5187 fere
3141 5151 3311 5187 omnes
3341 5139 3542 5196 habent,

1968 5205 2161 5261 paterno
2183 5198 2471 5261 betteptacito
2495 5235 2507 5258 ,
2530 5208 2589 5261 _et
2610 5200 2680 5246 sic
2703 5198 2823 5259 ler.it
2865 5204 3097 5255 Erasmus,
3126 5212 3331 5261 eamque
3359 5214 3445 5248 nos
3470 5200 3541 5247 le-

1969 5259 2177 5332 ctionem
2200 5259 2716 5332 adoptatut'ts:_C_ert‘u.m
2741 5261 2918 5321 quippe
2946 5261 3135 5308 videtur
3159 5259 3545 5332 Chrysostnmum

1969 5331 2073 5387 tres
2109 5319 2339 5387 personas
2370 5321 2609 5369 Trinitatis
2630 5320 2707 5368 hic
2729 5319 3109 5387 commemorare
3143 5319 3370 5387 voluisse,
3402 5326 3453 5367 ut.
3478 5332 3542 5387 ex

1970 5381 2120 5444 serie‘
2138 5382 2306 5444 liquet.
2342 5389 2439 5429 Duo
2481 5387 2587 5429 Mss.
2614 5387 2780 5444 totum
2812 5381 2970 5429 locum
3001 5385 3070 5430 sic
3092 5382 3273 5429 habent
3438 5381 3545 5437 Spi-

1970 5443 2091 5492 ritus
2113 5440 2303 5504 satiatus
2338 5440 2677 5504 congregavit;
2698 5440 2822 5504 hunc
2855 5445 3355 5504 cocuntrconcentwn,
3384 5447 3546 5498 pater-

1970 5516 2083 5553 num
2106 5502 2448 5563 beneptacituni
2466 5502 2715 5563 cooptavit,
2734 5503 2801 5551 ita
2823 5509 2871 5551 ut
2895 5516 2921 5551 e
2938 5503 3069 5553 cwlis
3090 5502 3273 5563 habeat,
3304 5509 3398 5563 etc.

2034 5569 2053 5598 ³
2085 5561 2313 5623 Quidam:
2362 5572 2428 5625 {ve
2466 5562 2615 5625 igitur
2650 5576 2738 5625 nos
2775 5564 2973 5621 (redeat,
3010 5562 3190 5625 dilecti,
3223 5561 3433 5622 inopiam
3461 5574 3544 5609 ηυο

1971 5622 2138 5688 stram,
2163 5637 2269 5688 qua:
2293 5622 2504 5688 qm’dem'
2524 5623 2740 5688 maxima
2779 5632 2867 5686 est,
2904 5624 3184 5675 modestiam
3214 5630 3258 5673 ct
3283 5636 3545 5685 congruont

1972 5685 2246 5738 adhibentes
2261 5685 2581 5749 attentionem,
2603 5685 2797 5736 satiare.
