4064 6214
598 375 671 428 99
1335 343 1391 400 s.
1434 319 1710 401 tomus
1745 335 2216 398 cnnvsosrout
2257 338 2572 397 ancuuap.
2614 343 3144 408 CONSTANTINOP.

582 468 908 524 sustinentes
935 465 1122 536 vigilite
1150 463 1521 518 necessitatem
1561 461 1820 516 inutiliter
1848 459 1898 513 in
1928 457 2160 528 pugilum

581 558 875 615 certamine
903 571 1198 618 versemur,
1229 569 1297 609 ne
1325 566 1482 609 voces
1507 552 1559 606 in
1581 566 1756 606 aerem
1798 549 2070 605 dissoluta:
2096 549 2160 604 ad

582 651 960 706 detrimentum
999 657 1190 702 sonent
1216 647 1392 716 potius
1414 687 1429 710 ,
1457 660 1616 713 quam
1641 643 1706 697 ad
1737 643 1959 697 lucrum.
1983 641 2163 710 Neque

578 745 722 797 enim
745 742 1042 812 negotiator
1080 755 1111 794 e
1142 738 1426 807 longinquo
1473 750 1680 790 merces
1724 734 2035 803 importatis,
2065 748 2160 786 ve—

582 833 886 887 hementem
916 839 1198 884 ventorum
1231 828 1502 882 incursum
1531 827 1896 894 undarumque
1917 825 2162 878 exorien-

579 922 708 974 tinm
743 919 1000 990 procellas
1030 918 1315 978 sustinens.
1345 915 1534 969 frustra
1560 924 1612 970 et
1633 915 1896 969 incassum
1919 913 2159 983 suscipe-

577 1019 662 1066 ret
687 1008 946 1079 ejusmodi
977 1007 1190 1062 labores
1225 1029 1238 1062 :
1273 1021 1457 1060 verum
1513 1006 1630 1059 ideo
1673 1007 1840 1059 maria
1868 1005 2072 1068 sulcat,
2103 1012 2158 1059 et

577 1101 754 1156 audax
791 1110 872 1155 est
897 1101 1152 1156 adversus
1178 1099 1427 1168 pericula,
1446 1098 1668 1165 locaque
1694 1095 1823 1150 locis
1842 1104 2153 1158 commutat,

580 1201 823 1262 totasque
862 1200 1046 1246 noctes
1075 1189 1509 1243 ducitinsomnes
1531 1228 1544 1249 ,
1579 1197 1636 1240 ut
1679 1185 2034 1256 negotiatione
2076 1184 2158 1238 di—

583 1295 769 1340 tcscat.
795 1284 947 1350 Quod
974 1283 1018 1339 si
1049 1298 1153 1337 non
1184 1282 1486 1350 contingat,
1516 1279 1609 1334 scd
1638 1294 1757 1334 cum
1803 1279 1950 1333 lucro
1995 1278 2155 1331 etiam

574 1378 738 1434 sortis
762 1377 1022 1446 jacturam
1069 1374 1260 1438 faciat,
1294 1388 1360 1427 ne
1403 1372 1610 1426 solvere
1650 1369 1863 1438 quidem
1905 1381 2152 1423 ancoram

575 1468 787 1536 poterit,
817 1482 914 1520 nec
946 1466 1033 1518 illa
1059 1466 1207 1518 varia
1236 1465 1474 1533 perferre
1504 1462 1833 1516 discrimina.

635 1559 691 1613 2.
719 1559 772 1612 Μ
779 1557 934 1611 orulis
963 1556 1259 1610 exhortatio.
1280 1554 1624 1620 Quorumdam
1649 1552 1960 1620 incompositi
1988 1559 2154 1621 gestus

570 1650 624 1703 in
651 1649 879 1703 ecclesia.
911 1677 981 1688 —-
1007 1646 1118 1700 lioc
1163 1645 1339 1714 itaque
1375 1644 1626 1707 scientes,
1657 1658 1778 1696 cum
1805 1642 2024 1696 decente
2052 1641 2155 1694 cir-

571 1739 970 1808 rumspcctiouc
998 1737 1101 1791 huc
1126 1735 1461 1799 accedamus,
1491 1749 1558 1788 ne
1583 1748 1678 1803 pro
1709 1741 2044 1802 peccatorum
2069 1745 2154 1786 re-

569 1830 826 1885 missione
854 1829 1011 1882 etiam
1040 1827 1400 1883 accessionem
1439 1825 1670 1895 peccatis
1710 1824 2012 1892 adjunctam
2056 1821 2151 1876 do-

569 1936 719 1975 mum
735 1919 1048 1975 rcferamus.
1066 1919 1199 1986 Quid
1227 1927 1404 1971 autem
1425 1925 1506 1971 est
1529 1915 1670 1986 quod
1693 1916 1963 1985 quaeritur,
1984 1914 2154 1984 quod-

570 2026 678 2079 que
722 2025 751 2064 a
799 2010 953 2064 nobis
1005 2009 1347 2078 reposcitur?
1398 2007 1464 2064 Ut
1509 2008 1632 2061 dum
1663 2006 1871 2060 divinos
1922 2006 2150 2076 hymnos

571 2103 883 2165 emittimus,
924 2101 1092 2154 multo
1137 2108 1368 2154 tremore
1411 2098 1690 2162 contracti,
1718 2097 1988 2165 multaque
2019 2097 2146 2150 reli-

566 2195 724 2262 gione
753 2191 944 2254 ornati,
980 2191 1050 2244 ita
1097 2190 1310 2245 demum
1353 2203 1445 2242 eos
1497 2187 1800 2242 oﬂ‘eramus.
1854 2187 1983 2240 Nam
2025 2195 2149 2239 sunt

568 2283 782 2353 quidam
811 2285 948 2336 inter
974 2296 1066 2336 eos
1096 2281 1181 2349 qui
1215 2280 1298 2333 hic
1323 2278 1536 2342 adsunt,
1565 2292 1699 2348 quos
1723 2292 1791 2332 nc
1816 2285 2006 2331 vestrae
2031 2278 2152 2345 qui-

567 2375 692 2427 dem
726 2371 928 2426 caritati
959 2371 1188 2424 arbitror
1217 2384 1334 2424 esse
1361 2369 1569 2437 ignotos
1593 2409 1607 2432 ,
1634 2367 1719 2438 qui
1748 2376 2148 2421 contemnentes

572 2466 764 2531 Deum,
794 2479 857 2518 ac
895 2463 1124 2534 Spiritus
1164 2462 1372 2531 eloquia
1419 2476 1515 2530 pro
1543 2459 1848 2529 vulgaribus
1884 2473 1945 2514 ac
1974 2458 2150 2528 profa-

569 2559 654 2612 nis
687 2558 961 2623 ducentes,
990 2557 1369 2624 incompositas
1399 2569 1560 2610 voces
1588 2556 1852 2619 emittunt,
1879 2555 2147 2623 nihiloque

567 2649 758 2702 melius
784 2663 841 2701 se
859 2654 1069 2716 gerunt,
1093 2661 1248 2714 quam
1276 2646 1551 2716 lymphati,
1581 2654 1688 2699 toto
1712 2660 1934 2713 corpore
1957 2644 2149 2698 tumul-

569 2747 780 2792 tuantes
803 2753 866 2792 ac
905 2736 1232 2798 circumacti.
1264 2751 1545 2804 moresque
1587 2751 1698 2805 pra:
1747 2751 1806 2790 se
1845 2735 2076 2790 ferentes
2115 2751 2144 2789 a

565 2828 828 2898 spirituali
855 2828 1083 2883 statione
1110 2827 1331 2882 alienos.
1357 2827 1513 2881 Miser
1529 2835 1583 2880 et
1609 2825 1791 2881 infelix
1819 2827 1834 2880 i
1862 2826 2146 2895 oportebat

565 2928 619 2972 te
644 2934 765 2973 cum
791 2927 1024 2973 tremore
1049 2932 1111 2972 ac
1140 2917 1438 2972 reverentia
1479 2916 1768 2986 angelicam
1807 2917 2146 2987 giorificatio-

569 3022 689 3062 nem
717 3007 984 3074 emittere,
1017 3021 1244 3075 cumque
1273 3017 1476 3061 terrore
1507 3005 1894 3060 confessionem
1919 3005 2142 3061 reddere

567 3099 862 3166 Conditori,
885 3114 947 3154 ac
975 3114 1067 3168 per
1095 3097 1232 3152 hanc
1257 3098 1572 3152 delictorum
1602 3097 1808 3152 veniam
1839 3098 2138 3167 postulare:

567 3199 622 3244 tu
649 3205 778 3245 vero
807 3191 1090 3245 mimorum
1117 3197 1170 3244 et
1193 3188 1506 3243 saltatorum
1539 3203 1713 3242 mores
1747 3188 1850 3241 huc
1893 3187 2099 3242 inducis
2123 3229 2139 3254 ,

568 3281 696 3332 dum
721 3278 1031 3333 indecenter
1057 3277 1453 3346 manusjactas,
1485 3276 1706 3346 pedibus
1739 3277 2038 3344 subsultas,
2065 3287 2146 3332 to-

563 3377 725 3436 tuque
741 3367 1114 3435 circumagcris
1135 3380 1378 3434 corpore.
1407 3365 1473 3420 Et
1491 3365 1580 3435 qui
1599 3365 1675 3431 fit,
1695 3376 1753 3420 ut
1782 3381 1887 3421 non
1913 3377 2138 3434 metuas,

565 3472 740 3525 neque
768 3456 1046 3511 horrescas
1075 3455 1190 3509 bzec
1214 3455 1414 3508 audens
1449 3453 1706 3510 adversus
1728 3455 1849 3509 talia
1889 3456 2094 3526 eloquia
2118 3458 2140 3511 ?

562 3547 676 3601 Non
700 3549 902 3616 cogitas
945 3548 1117 3616 ipsum
1147 3547 1231 3600 hic
1258 3547 1590 3601 invisibiliter
1615 3547 1803 3602 adesse
1834 3548 2136 3615 Dominum,

564 3637 654 3704 qui
707 3637 1123 3707 uniuscujusque
1175 3645 1374 3691 motum
1425 3636 1755 3704 metitur,et
1798 3639 2138 3694 conscientia:

565 3727 832 3781 rationem
857 3726 1057 3781 habet?
1089 3742 1194 3782 non
1225 3727 1426 3798 cogitas
1455 3727 1671 3797 angelos
1699 3726 1821 3783 huic
1866 3729 2140 3798 stupendae

562 3821 815 3874 assistere
844 3833 1082 3884 mensae,
1132 3833 1357 3887 cumque
1400 3821 1691 3874 reverentia
1738 3819 1873 3874 hanc
1915 3821 2143 3875 circum-

565 3909 810 3964 vallare?
842 3909 1041 3963 Verum
1065 3915 1117 3963 tu
1147 3909 1244 3963 ista
1271 3924 1374 3963 non
1399 3910 1619 3979 cogitas,
1652 3911 1896 3980 quoniam
1929 3926 1990 3966 ea
2021 3927 2139 3980 qu:e

563 4001 617 4053 in
650 4001 870 4055 theatris
916 4000 1235 4066 audiuntur,
1281 4016 1503 4070 quaeque
1541 4010 1864 4071 spectantur,
1907 4014 2138 4057 mentem

564 4103 707 4145 tuam
739 4092 1094 4146 obscurarunt
1115 4092 1189 4164 (a)
1219 4106 1233 4142 :
1265 4101 1318 4146 et
1344 4093 1463 4148 ideo
1491 4108 1608 4162 quae
1647 4094 1753 4148 illic
1793 4105 2049 4164 geruntttr
2089 4097 2138 4148 in

567 4179 825 4239 Ecclesia:
841 4181 974 4236 ritus
994 4183 1232 4239 inducis:
1267 4181 1388 4237 ideo
1415 4182 1735 4237 clamoribus
1762 4184 1889 4238 nihil
1912 4187 2042 4239 certi
2069 4190 2142 4239 si-

561 4272 932 4341 gnificantibus
962 4273 1195 4326 animum
1222 4272 1626 4341 incompositum
1648 4273 1880 4343 evulgas.
1910 4275 2142 4341 Quomo-

559 4366 630 4418 do
646 4379 772 4433 ergo
793 4365 998 4418 veniam
1017 4364 1304 4434 postulabis
1327 4374 1534 4418 tuorum
1555 4363 1889 4420 delictorum?
1905 4367 2136 4432 Quomo-

563 4455 634 4508 do
660 4456 726 4508 ad
757 4455 1177 4510 misericordiam
1218 4457 1498 4511 Dominum
1542 4455 1800 4525 inflectes,
1846 4461 1933 4527 qui
1969 4474 2138 4528 usque

564 4545 701 4599 adeo
726 4549 1076 4614 contemptim
1102 4547 1292 4602 offeras
1322 4550 1680 4618 precationem
1703 4550 1724 4603 ?
1750 4549 1986 4604 Miserere
2015 4552 2132 4617 mei,

563 4632 721 4696 Deus,
755 4634 949 4701 inquis,
978 4647 1040 4688 ac
1066 4651 1242 4691 mores
1270 4654 1299 4691 a
1343 4640 1708 4695 misericordia
1734 4640 1934 4694 alienos
1965 4641 2141 4696 decla-

563 4739 670 4778 ras.
691 4721 921 4788 Clamas,
955 4723 1111 4777 Serva
1137 4743 1233 4789 me,
1279 4737 1332 4780 et
1375 4731 1616 4797 corporis
1654 4734 1884 4799 speciem
1915 4748 1943 4786 a
1970 4733 2138 4788 salute

561 4817 792 4872 alienam
823 4816 1095 4884 exprimis.
1127 4817 1261 4883 Quid
1319 4818 1382 4871 ad
1427 4821 1829 4887 supplicandum
1861 4823 2138 4878 conferunt

562 4922 770 4974 manus,
797 4923 915 4976 qua:
941 4922 1152 4976 semper
1179 4907 1228 4960 in
1259 4907 1781 4976 suhlimejactantur,
1810 4922 1863 4966 et
1891 4913 2139 4969 indecore

561 5000 1015 5066 circsnnaguntur,
1046 4996 1169 5066 quid
1195 4997 1396 5051 clamor
1423 4998 1732 5065 vehemens,
1768 5002 1854 5069 qui
1884 5017 2004 5057 cum
2029 5005 2139 5059 vio-

564 5092 709 5145 lento
730 5090 948 5158 spiritus
975 5090 1204 5159 impulsu
1231 5090 1506 5158 strepitum
1538 5091 1694 5144 habet
1722 5092 1852 5145 nihil
1884 5095 2014 5147 certi
2046 5095 2137 5150 de-

565 5180 899 5235 clarantem?
951 5181 1141 5234 Annon
1207 5181 1303 5234 ista
1350 5181 1561 5250 quidem
1619 5182 1807 5251 partim
1852 5186 2132 5241 mulierum

562 5273 615 5323 in
665 5270 831 5325 triviis
882 5273 1234 5327 meretriciam
1281 5285 1449 5328 artem
1488 5274 1891 5340 exercentium,
1945 5277 2133 5344 partim

563 5379 689 5419 vero
715 5377 921 5426 eorum,
944 5363 1031 5432 qui
1061 5363 1111 5416 in
1141 5363 1359 5417 theatris
1388 5364 1896 5430 voeiferantur,sunt
1923 5380 2082 5434 opera
2111 5368 2135 5421 ?

562 5454 839 5519 Quomodo
861 5455 1019 5523 igitur
1035 5454 1196 5507 audes
1217 5456 1521 5525 angelorum
1544 5457 1707 5510 Deum
1733 5457 2134 5527 gloriﬁcantium

566 5545 774 5615 hymnis
796 5545 1096 5599 daemonum
1123 5545 1415 5601 admiscere
1439 5546 1938 5617 ludicra?quomodo
1960 5559 2133 5602 autem

626 5634 698 5695 (a)
733 5636 816 5702 ilic
852 5637 1066 5702 exagitat
1092 5649 1175 5685 eos
1198 5639 1278 5702 qui
1305 5638 1490 5702 theatra
1539 5646 1589 5687 et
1632 5638 1816 5689 Circum
1853 5639 2134 5702 frequenta-

566 5695 710 5765 bant;
733 5695 1023 5765 bene_multi
1048 5695 1507 5750 autem—Antiochia:
1556 5709 1709 5762 erant,
1745 5713 1864 5764 quos
1898 5695 2134 5765 perpetuo

563 5758 827 5808 insectatur
849 5758 1226 5819 Chrysostomus.

3749 355 3858 410 100

2272 471 2376 511 non
2406 463 2671 518 revereris
2696 463 2834 522 hanc
2859 481 3062 531 vocem,
3087 484 3244 539 quam
3268 472 3377 528 illic
3401 474 3626 542 profers,
3659 477 3849 534 Servite

2267 545 2487 604 Domino
2511 553 2562 605 in
2577 553 2769 620 timore,
2799 566 2846 609 et
2884 559 3129 612 exsultate
3154 563 3200 614 ei
3227 579 3342 616 cum
3371 574 3581 619 tremore
3606 567 3848 635 (Psalﬂ.

2269 636 2326 690 if
2338 637 2386 705 )7
2404 638 2634 696 i-loccine
2649 652 2732 698 est
2758 660 2877 699 cum
2909 655 3138 704 tremore
3159 653 3378 715 servire,
3404 657 3481 708 sic
3506 656 3724 712 diffundi
3744 659 3850 712 dis-

2267 729 2538 818 tendique,
2562 740 2614 782 ut
2647 748 2744 788 nec
2772 734 2884 804 ipse
2910 737 3064 803 scias,
3089 755 3206 809 qua:
3231 742 3462 812 loquaris
3497 747 3847 818 incomposito

2264 815 2407 870 vocis
2429 817 2627 873 boatu?
2655 819 2797 876 [stud
2826 839 2953 879 vero
2975 836 3311 898 contemptus
3332 842 3433 899 est,
3464 850 3568 889 non
3600 815 3808 891 timoris
3831 855 3845 898 ;

2262 911 2595 977 arrogantiae,
2630 925 2736 965 non
2766 913 3114 983 humilitatis;
3142 919 3278 975 istud
3319 923 3615 980 ludentium
3640 937 3723 982 est
3757 944 3844 996 pn-

2263 995 2387 1063 tius,
2434 1012 2591 1068 quam
2621 1001 2827 1057 divinas
2857 1005 3039 1061 laudes
3087 1010 3487 1068 celebrantium.
3532 1017 3670 1084 Quid
3719 995 3846 1086 ergo

2264 1088 2465 1142 servire
2509 1089 2732 1146 Domino
2776 1094 2828 1148 in
2873 1096 3095 1153 timore?
3135 1099 3264 1155 Cum
3317 1119 3474 1160 onme
3518 1120 3842 1179 praeceptum

2259 1178 2657 1248 perfecerimus,
2683 1197 2804 1238 cum
2835 1195 3066 1242 tremore
3108 1199 3162 1243 et
3206 1203 3350 1247 metu
3380 1195 3515 1251 hanc
3544 1178 3844 1254 confessio-

2261 1281 2380 1321 nem
2412 1269 2624 1356 facere,_
2645 1274 2807 1330 corde
2835 1277 3066 1332 contrito
3109 1290 3390 1351 menteque
3427 1286 3688 1342 submissa
3718 1304 3842 1356 pre-

2257 1372 2348 1412 ces
2393 1349 2624 1416 offerre:
2656 1363 2765 1419 Nec
2810 1367 2981 1420 solum
3035 1371 3238 1426 servire
3285 1373 3337 1426 in
3395 1377 3604 1443 timore,
3655 1393 3836 1433 verum

2256 1453 2416 1506 etiam
2456 1456 2729 1512 exsultare
2774 1473 2894 1513 cum
2942 1469 3173 1518 tremore
3213 1464 3441 1534 Spiritus
3481 1479 3697 1525 sanctus
3741 1487 3837 1542 per

2256 1544 2565 1614 prophetam
2593 1547 2763 1614 jubet.
2796 1548 2928 1603 Nam
2959 1554 3209 1620 quoniam
3236 1557 3484 1624 praecepti
3513 1563 3830 1629 exsequutio

2255 1635 2501 1702 gaudium
2529 1637 2748 1705 gignere
2773 1639 2916 1706 solet
2947 1641 2997 1694 in
3026 1643 3204 1697 animo
3229 1645 3474 1700 virtutem
3513 1655 3830 1718 exercentis,

2253 1735 2309 1780 et
2354 1727 2507 1794 hanc,
2556 1729 2744 1798 inquit,
2788 1732 3178 1788 confessionem
3217 1749 3336 1790 eum
3384 1746 3617 1794 tremore
3660 1741 3837 1797 facere

2254 1817 2524 1884 convenit,
2557 1833 2624 1872 ue
2649 1819 2691 1872 si
2719 1819 2964 1887 deposito
3014 1831 3159 1877 metu
3199 1825 3588 1883 confundamur
3616 1847 3678 1885 ac
3720 1833 3834 1887 dis-

2252 1906 2540 1973 solvamur,
2578 1908 2733 1962 simul
2779 1919 2832 1964 et
2884 1911 3122 1966 laborum
3163 1913 3424 1984 jacturam
3466 1917 3743 1986 faciamus,
3781 1932 3836 1977 et

2257 1996 2419 2051 Deum
2448 1999 2500 2052 in
2525 2013 2624 2054 nos
2652 2014 3023 2069 provocemus.
3051 2004 3158 2060 Sed
3182 2007 3469 2075 quomodo,
3497 2011 3691 2079 inquis,
3721 2014 3832 2067 fieri

2254 2096 2450 2154 potest,
2481 2096 2537 2142 ut
2563 2091 2679 2157 quis
2707 2092 2935 2146 exsultet
2964 2108 3083 2148 cum
3115 2098 3384 2152 tremore?
3424 2099 3554 2153 Nam
3587 2101 3833 2172 impossi-

2252 2175 2356 2230 bile
2384 2186 2465 2230 est
2493 2177 2649 2232 simul
2677 2179 2790 2234 inec
2819 2182 2925 2235 duo
2949 2183 3211 2252 accidere,
3244 2201 3366 2241 cum
3408 2189 3545 2243 inter
3577 2189 3688 2244 haec
3715 2191 3834 2261 plu-

2253 2268 2383 2320 rima
2414 2269 2484 2322 sit
2521 2269 2841 2325 differentia.
2884 2272 3145 2329 Gaudium
3171 2279 3312 2331 enim
3344 2287 3425 2333 est
3470 2293 3679 2347 eorum,
3709 2298 3828 2350 qua:

2250 2358 2517 2414 desiderat
2565 2363 2795 2428 animus,
2848 2365 3102 2434 expletio,
3146 2382 3433 2438 rerumque
3475 2371 3830 2439 jucundarum

2249 2449 2448 2516 fruitio,
2490 2465 2552 2506 ac
2579 2454 2923 2509 molestarum
2967 2457 3198 2523 oblivio;
3242 2470 3414 2513 metus
3439 2472 3614 2516 autem
3642 2480 3833 2532 exspe-

2247 2549 2509 2596 ctatorum
2549 2543 2807 2598 malorum
2838 2546 3106 2614 incursus,
3138 2550 3316 2603 oriens
3353 2550 3608 2607 adversus
3633 2554 3833 2607 condc-

2249 2646 2480 2688 mnatam
2525 2638 2927 2692 conscientiam.
2983 2639 3262 2707 Quomodo
3291 2643 3443 2711 igitur
3490 2645 3612 2698 licet
3641 2646 3828 2699 exsul-

2249 2733 2362 2780 tare
2403 2741 2522 2780 cum
2561 2727 2768 2794 timore,
2818 2745 2917 2784 nec
2955 2731 3265 2801 simpliciter
3309 2748 3429 2788 cum
3477 2736 3685 2800 timore,
3735 2737 3826 2790 sed

2247 2815 2405 2867 etiam
2448 2829 2568 2868 cum
2611 2825 2862 2882 tremore,
2897 2819 2987 2887 qui
3033 2831 3117 2874 est
3149 2823 3352 2876 timoris
3381 2825 3742 2892 vehementia,
3774 2837 3829 2881 et

2246 2904 2543 2959 immodicae
2571 2906 2845 2976 cujusdam
2874 2908 3154 2963 anxietatis
3182 2910 3429 2980 signum?

2319 2993 2571 3061 Quantum
2599 2997 2838 3066 gaudium
2880 2995 3065 3062 uﬂ'erat
3103 2998 3376 3069 Seraphim
3410 3003 3583 3072 fruitio
3623 3005 3826 3059 visionis

2247 3086 2475 3154 Domini,
2503 3097 2548 3141 et
2575 3103 2664 3140 cur
2679 3088 2807 3142 illud
2827 3090 3068 3158 gaudium
3092 3101 3223 3144 metu
3244 3096 3306 3146 sit
3333 3094 3562 3146 mixtum.
3589 3125 3659 3134 --
3680 3096 3826 3163 Quo-

2248 3179 2407 3234 modo
2454 3180 2632 3250 igitur,
2667 3180 2858 3249 inquis,
2894 3181 2996 3236 hoc
3025 3182 3150 3237 fiet?
3190 3183 3304 3254 ipsa
3352 3193 3402 3239 te
3431 3184 3709 3255 Seraphim
3739 3190 3826 3244 do-

2246 3279 2388 3336 cent,
2421 3285 2538 3340 qua:
2566 3286 2625 3325 re
2653 3272 2766 3340 ipsa
2799 3272 2886 3326 tali
2916 3273 3213 3329 ministerio
3239 3275 3545 3346 funguntur.
3582 3279 3711 3333 Nam
3738 3283 3824 3334 ilia

2246 3361 2496 3414 ineffabili
2534 3361 2699 3430 gloria
2739 3360 3040 3419 Conditoris
3072 3364 3337 3434 fruuntur,
3366 3367 3489 3422 dum
3520 3370 3826 3440 incompre-

2245 3450 2557 3504 hensibilem
2586 3451 2701 3519 ejus
2728 3452 3177 3521 pulchritudinem
3222 3459 3652 3526 contemplantur
3678 3478 3691 3514 :
3717 3477 3822 3517 nou

2244 3540 2363 3594 dico
2402 3541 2545 3594 illam
2579 3551 2635 3594 ut
2662 3550 2743 3595 est
2772 3552 2957 3598 natura
2987 3543 3123 3613 (haec
3149 3546 3290 3599 enim
3331 3546 3683 3618 incogitabilis
3719 3559 3821 3617 est,

2244 3646 2343 3686 nec
2381 3631 2610 3699 spectari
2648 3639 2852 3699 potest,
2888 3647 2986 3688 nec
3018 3633 3182 3704 figura
3213 3637 3460 3705 exprimi,
3500 3640 3818 3696 absurdum-

2244 3738 2346 3791 que
2372 3730 2455 3777 est
2480 3721 2557 3775 sic
2581 3721 2647 3776 de
2678 3723 2765 3777 illa
2798 3723 3026 3794 Opinari)
3055 3742 3068 3790 ;
3109 3727 3202 3781 sed
3231 3737 3484 3796 quantum
3510 3744 3823 3789 concessum

2242 3822 2344 3881 est,
2386 3823 2640 3884 quantum
2687 3830 2751 3868 ex
2803 3814 2896 3870 illo
2941 3817 3228 3886 Splendore
3284 3831 3506 3889 possunt
3541 3823 3820 3879 illustrari.

2243 3903 2504 3969 Quoniam
2545 3903 2686 3957 enim
2730 3903 2941 3959 assidue
2971 3904 3296 3961 famulantur
3337 3910 3388 3962 in
3431 3910 3656 3967 circuitu
3701 3913 3823 3968 solii

2243 3994 2455 4063 regalis,
2506 3993 2557 4046 in
2587 3991 2698 4063 jugi
2745 3993 2936 4064 gaudio
2977 4007 3343 4065 perseverant,
3401 4000 3452 4053 in
3498 4003 3822 4070 sempiterna

2244 4085 2617 4154 delectatione,
2679 4087 2730 4139 in
2782 4088 3140 4144 exsultatione
3195 4090 3354 4144 finem
3403 4107 3506 4144 non
3554 4092 3819 4160 habitura,

2243 4176 2548 4245 gaudentia,
2595 4177 2863 4242 sallantia,
2905 4179 3034 4233 citra
3075 4180 3239 4234 ullum
3289 4181 3557 4234 silentium
3597 4183 3820 4252 gloriam

2244 4269 2509 4324 canentia.
2537 4267 2668 4322 Nam
2712 4279 2853 4323 stare
2892 4271 2945 4324 in
2986 4280 3275 4339 conspectu
3319 4273 3611 4340 tnajestatis
3654 4273 3817 4337 illius,

2241 4359 2414 4428 deque
2443 4358 2725 4426 splendore
2754 4358 2900 4412 illinc
2933 4359 3226 4428 refulgente
3253 4361 3558 4425 illuminari,
3590 4362 3690 4416 hoc
3717 4363 3821 4418 illis

2243 4457 2327 4501 est
2366 4447 2636 4517 gaudium,
2667 4446 2768 4500 hoc
2812 4448 2916 4502 illis
2963 4457 3044 4503 est
3091 4450 3389 4515 exsultatio,
3427 4451 3524 4506 hoc
3553 4452 3818 4520 voluptas,

2242 4539 2344 4594 hoc
2369 4539 2599 4608 denique
2643 4538 2830 4606 gloria.
2870 4539 3136 4594 Fortassis
3165 4543 3407 4596 sensisus
3439 4544 3635 4612 aliquid
3664 4543 3820 4597 volu-

2243 4630 2420 4699 ptatis,
2451 4639 2504 4683 et
2530 4628 2791 4696 cupiditas
2812 4630 3054 4698 quiedam
3077 4631 3220 4685 illius
3249 4633 3432 4701 gloria:
3457 4649 3552 4687 vos
3582 4637 3743 4703 cepit.

2307 4721 2360 4774 5.
2400 4720 2467 4773 At
2495 4719 2538 4772 si
2566 4719 2736 4772 velitis
2761 4719 3129 4775 adhortantem
3162 4721 3365 4788 audire,
3396 4733 3822 4794 praesentemque

2242 4809 2421 4880 gloria:
2444 4808 2637 4863 divinw
2672 4809 3085 4865 celebrationem
3127 4812 3373 4881 religiose
3403 4828 3679 4885 peragere,
3712 4831 3819 4871 non

2242 4899 2493 4953 destituet
2517 4913 2611 4952 vos
2641 4897 2942 4965 hujusmodi
2971 4900 3242 4968 gaudium,
3270 4902 3533 4970 siquidem
3581 4905 3693 4974 ipse
3736 4917 3821 4961 est

2242 4987 2332 5041 ille
2359 4988 2636 5051 Dominus,
2664 4989 2752 5055 qui
2785 4995 2838 5041 et
2865 4988 2916 5041 in
2941 4990 3085 5043 cmlis
3116 4998 3170 5044 et
3199 4991 3250 5044 in
3280 4997 3434 5048 terris
3458 4995 3812 5064 glorificatur:

2242 5075 2391 5130 Pleni
2418 5085 2535 5130 sunt
2563 5077 2701 5130 enim
2749 5078 2859 5129 αι’ιὶ
2888 5088 2933 5129 et
2962 5088 3094 5132 terra
3122 5081 3286 5151 gloria
3315 5085 3423 5152 ejus
3463 5084 3512 5154 (Ι
3518 5086 3612 5138 sai.
3646 5086 3697 5138 6.
3735 5086 3814 5153 ὅ).

2240 5165 2516 5230 Quomodo
2543 5165 2601 5218 fit
2647 5165 2828 5234 igitur,
2863 5176 2919 5220 ut
2947 5169 3032 5221 illa
3060 5168 3361 5241 Seraphim,
3395 5188 3512 5227 cum
3553 5175 3817 5244 ejusmodi

2238 5258 2506 5325 voluptate
2533 5257 2774 5311 fruantur
2826 5258 2961 5314 hanc
2992 5276 3111 5316 cum
3138 5265 3324 5319 timore
3352 5266 3604 5319 misceant
3627 5269 3650 5320 ’ἰ
3677 5268 3816 5325 Audi

2239 5349 2363 5419 quid
2392 5349 2526 5406 dicat
2548 5350 2805 5418 propheta
2840 5369 2852 5404 :
2887 5351 3003 5406 Vidi
3023 5355 3297 5409 Dominum
3323 5357 3572 5410 sedentem
3606 5358 3656 5410 in
3686 5360 3818 5412 solio

2240 5441 2432 5493 excelso
2461 5448 2505 5491 et
2527 5439 2735 5492 elevato.
2767 5441 2933 5507 Quam
2962 5445 3032 5498 ob
3058 5461 3269 5500 causam
3305 5462 3423 5500 cum
3455 5447 3680 5503 dixisset
3706 5451 3819 5503 Ex-

2239 5533 2456 5596 celsum,
2489 5531 2702 5600 adjecit,
2738 5533 3049 5590 Elevatum?
3083 5553 3256 5591 annon
3286 5540 3409 5593 satis
3446 5549 3560 5593 erat
3590 5557 3681 5609 per
3704 5543 3819 5596 eel-

2239 5622 2520 5676 situdiuem
2548 5637 2662 5677 rem
2693 5631 2855 5677 totam
2882 5625 3198 5696 significare,
3231 5629 3610 5698 declarareque
3641 5631 3821 5701 digni-

2241 5714 2360 5769 tatis
2387 5714 2766 5771 eminentiam?
2810 5733 2974 5786 quare
3006 5733 3132 5790 ergo
3179 5719 3400 5777 addidit,
3422 5713 3726 5771 Elevalum?
3751 5723 3823 5782 Ut
