4064 6214
222 378 297 430 99
1221 364 1290 423 IN
1327 367 1552 435 ILLUD,
1593 365 1729 422 VIDI
1770 363 2102 432 DOMlNUM,
2141 364 2371 420 UOMIL.
2413 365 2446 419 1.

235 482 528 540 ἀνάστασιν
558 480 859 551 ὑπομένων,
882 480 1230 545 καταδέξαιτο
1257 481 1322 535 ἂν
1361 482 1482 551 είκῆ
1515 482 1609 535 καὶ
1632 481 1808 552 μάτην

236 566 363 626 τοὺς
402 564 672 625 τοιούτους
713 563 1003 632 ὑπομένειν
1036 564 1253 627 κόπους·
1298 564 1433 617 ἀλλά
1483 562 1570 616 διά
1600 562 1755 615 τοῦτο
1781 575 1806 602 α

242 649 336 703 καὶ
361 648 569 717 πελάγη
590 648 792 715 τέμνει,
822 646 917 699 καὶ
942 647 1199 701 κινδύνων
1225 648 1555 717 κατατολμᾷ,
1599 647 1693 699 καὶ
1720 646 1810 698 τό·

244 748 377 792 1:06;
422 731 485 782 ἐκ
516 730 695 781 τόπων
719 729 1069 799 μεταμείϐει,
1101 731 1193 783 xal
1216 731 1454 792 ἀΰπνους
1492 729 1669 791 πάσας
1697 728 1812 781 δια-

244 814 387 867 τελεῖ
405 814 623 874 νύκτας,
672 813 756 863 ἵνα
791 813 859 865 τά
888 814 983 882 τῆς
1016 814 1285 883 ἐμπορίας
1331 813 1476 882 αύτῷ
1522 811 1807 882 πλεονάζῃ.

259 896 343 956 Ὠς
375 894 426 945 εί
446 910 507 960 γε
540 892 694 945 τοῦτο
718 894 790 962 μὴ
826 898 1025 964 προσῇ,
1070 894 1205 947 άλλά
1252 897 1347 948 σὺν
1374 896 1448 965 τῷ
1478 892 1591 965 [9η
1631 893 1811 962 κέρδει

248 977 339 1027 καὶ
370 974 528 1042 ήτῶν
578 976 882 1043 κεφαλαίων
912 976 1058 1045 αύτῷ
1108 977 1423 1047 ἐπιγένηται
1470 975 1662 1045 ζημία,
1691 973 1811 1027 οὐδὲ

248 1055 501 1124 ἀπαίρειν
528 1054 729 1119 ἔξεστιν
757 1059 924 1127 αὐτῷ,
956 1058 1074 1110 οὐδὲ
1123 1059 1249 1121 τοὺς
1281 1058 1646 1121 πολυπλόκους
1671 1056 1813 1110 ἐκεί-

249 1153 372 1198 νους
403 1138 687 1207 ὑπομένειν
716 1139 1009 1201 κινδύνους.

323 1302 387 1370 β’.
409 1302 577 1355 Τοῦτο
600 1304 772 1355 τοίνυν
797 1302 1014 1366 είδότες,
1049 1305 1185 1372 μετά
1199 1303 1298 1372 τῆς
1314 1303 1693 1375 προσηκούσης
1719 1301 1812 1354 e6-

251 1383 473 1445 λαϐείας
494 1384 725 1437 ἐνταῦθα
755 1385 1198 1455 παραγινώμεθα,
1216 1388 1361 1449 ὅπως
1395 1386 1466 1455 μὴ
1494 1385 1613 1439 ἀντὶ
1632 1386 1814 1454 ἀμαρ-

256 1481 317 1533 τη
328 1465 510 1532 μάτων
531 1466 773 1531 ἀφέσεως
790 1467 1101 1536 προσθήκην
1120 1468 1321 1520 τούτων
1342 1466 1717 1535 ποιησάμενοι,
1732 1464 1810 1517 οτ-

256 1549 384 1597 καδε
423 1547 835 1615 πορευσώμεθα.
926 1549 989 1599 Τί
1035 1548 1091 1601 δέ
1120 1551 1235 1601 ἐστι
1265 1548 1325 1601 τὸ
1360 1546 1710 1617 ζητούμενονι)
1724 1548 1816 1600 καὶ

254 1627 282 1677 ὸ
318 1628 444 1695 παρ’
470 1628 623 1695 ήμῶν
649 1630 952 1682 άπαιτεῖται
979 1646 993 1693 ;
1026 1630 1098 1682 Τὸ
1117 1631 1241 1691 τοὺς
1270 1630 1441 1692 θείους
1475 1628 1817 1699 ἀναπέμπον-

253 1725 351 1770 τας
386 1707 602 1775 ὕμνους,
642 1710 789 1779 φόϐῳ
823 1712 999 1779 πολλῷ
1031 1712 1504 1781 συνεσταλμένους,
1538 1713 1631 1766 καὶ
1659 1712 1815 1764 εύλα-

254 1788 376 1859 ϐείᾳ
408 1792 869 1861 κεκοσμημένους,
905 1792 1047 1845 οὓτω
1087 1795 1414 1864 προσφέρειν
1446 1795 1683 1857 τούτους.
1710 1793 1817 1847 Kal

249 1871 365 1939 γάρ
385 1873 488 1923 είσί
516 1889 657 1935 τινες
705 1874 811 1926 τῶν
864 1874 1112 1941 ἐνταῦθα,
1142 1875 1235 1938 οὒς
1260 1877 1378 1929 οὐδέ
1424 1876 1519 1948 τὴν
1552 1876 1816 1948 ὑμετέραν

254 1951 475 2019 ἀγάπην
524 1953 735 2017 ἀγνοεῖν
777 1950 948 2023 οἶμαι,
978 1958 1170 2020 οἵτινες
1222 1958 1676 2028 καταφρονοῦντες
1720 1960 1814 2029 μὲν

253 2030 348 2083 τοῦ
393 2031 548 2095 Θεοῦ,
609 2033 675 2085 τὰ
726 2035 782 2087 δὲ
834 2036 925 2089 τοῦ
996 2039 1306 2109 Πνεύματος
1352 2042 1507 2109 λόγια
1546 2040 1619 2104 ὡς
1667 2040 1818 2093 κοινά

256 2114 567 2182 ἡγούμενοι,
604 2118 784 2184 φωνὰς
814 2120 1077 2184 ἀτάκτους
1128 2124 1337 2192 ἀφιᾶσι,
1369 2125 1459 2176 καὶ
1497 2124 1601 2176 τῶν
1634 2140 1819 2193 μαινο-

258 2196 432 2265 μένων
455 2199 604 2250 οὺδέν
626 2199 845 2268 ἄμεινον
881 2202 1192 2265 διάκεινται,
1226 2206 1330 2273 ὅλῳ
1378 2205 1455 2274 τῷ
1486 2204 1694 2274 σώματι
1732 2206 1819 2258 δο-

255 2278 502 2347 νούμενοι
537 2282 629 2333 καὶ
651 2286 1084 2353 περιφερόμενοι,
1113 2288 1207 2339 καὶ
1234 2287 1485 2357 ἀλλότρια
1527 2288 1625 2357 τῆς
1662 2305 1823 2340 πνευ-

258 2362 495 2430 ματικῆς
514 2367 894 2429 καταστάσεως
915 2368 1341 2439 ἐπιδεικνύμενοι
1371 2370 1439 2422 τά
1468 2369 1589 2441 ήθη.
1638 2371 1821 2424 Ἀθλισ

255 2443 347 2495 καὶ
369 2444 704 2515 ταλαίπωρε,
730 2447 848 2499 δέον
886 2465 941 2500 σε
968 2450 1242 2505 δεδοικότα
1286 2452 1379 2505 καὶ
1410 2453 1677 2523 τρέμοντα
1725 2454 1821 2523 τὴν

254 2525 549 2607 ἀγγελικὴν
569 2528 872 2597 δοξολογίαν
898 2532 1221 2602 ἐκπέμπειν,
1253 2535 1401 2604 φόϐῳ
1421 2552 1478 2587 τε
1514 2536 1611 2606 τὴν
1644 2536 1825 2607 ἐξομο-

253 2606 472 2677 λόγησιν
501 2608 579 2680 τῷ
596 2612 803 2683 Κτίστῃ
825 2614 1111 2676 ποιεῖσθαι,
1128 2615 1221 2668 καὶ
1247 2616 1333 2669 διά
1356 2618 1552 2689 ταύτης
1579 2606 1823 2686 συγγνώ-

257 2706 363 2769 μην
397 2689 505 2769 τῶν
529 2692 903 2760 ἐπταισμένων
950 2696 1235 2748 αίτείσθαι·
1260 2698 1322 2750 σὺ
1346 2699 1401 2751 δὲ
1429 2700 1495 2752 τά
1526 2701 1706 2769 μίμων
1732 2700 1824 2752 καὶ

254 2765 534 2835 ὀρχηστῶν
568 2770 799 2823 ἐνταῦθα
836 2772 1100 2843 παράγεις
1124 2783 1171 2836 ε,
1202 2775 1447 2838 ἀτάκτως
1481 2765 1577 2844 μέν
1593 2765 1693 2838 τὰς
1716 2779 1825 2844 χεῖ-

258 2862 356 2913 ρας
386 2849 775 2913 ἐπανατείνων,
824 2854 1062 2916 καὶτοῖς
1117 2855 1273 2906 ποσὶν
1310 2856 1687 2925 ἐφαλλόμενος,
1733 2857 1825 2909 καὶ

254 2926 359 2995 ὅλῳ
384 2930 790 3002 περικλώμενος
811 2934 888 3003 τῷ
918 2935 1147 3006 σώματι.
1180 2937 1290 2989 Kal
1316 2939 1431 3000 πῶς
1480 2939 1539 2990 o6
1566 2939 1823 3001 δέδοικας,

254 3010 375 3062 οὐδὲ
406 3011 648 3080 φρίττεις
677 3016 929 3069 τοιούτων
961 3017 1316 3087 κατατολμῶν
1341 3018 1567 3087 λογίων;
1601 3020 1715 3074 Οὐκ
1743 3023 1828 3074 ἐν-

255 3094 416 3157 νοεῖς,
450 3094 531 3146 ὅτι
557 3095 717 3160 αὐτὸς
744 3098 989 3169 ἀοράτως
1020 3099 1253 3153 ἐνταῦθα
1284 3101 1543 3171 πάρεστιν
1573 3103 1601 3154 6
1629 3103 1828 3155 Δεσπό-

256 3189 375 3241 της,
430 3177 526 3227 καὶ
571 3179 801 3235 ἑκάστου
850 3179 948 3251 τὴν
1003 3182 1214 3252 κίνησιν
1244 3185 1568 3253 ἀναμετρεῖ,
1626 3184 1719 3237 καὶ
1767 3185 1827 3238 τὸ

257 3256 491 3321 συνειδὸς
518 3256 754 3323 ἐξετάζει
776 3260 801 3299 ά
825 3278 838 3325 ;
869 3263 968 3315 οὑκ
993 3264 1208 3329 ἐννοεῖς,
1230 3266 1310 3318 ὅτι
1328 3266 1545 3333 ἄγγελοι
1566 3266 1734 3336 ταύτῃ
1758 3268 1823 3336 τῇ

258 3344 458 3410 φρικτῇ
491 3343 851 3412 παρίστανται
875 3346 1139 3417 τραπέζῃ,
1167 3349 1260 3400 καὶ
1291 3349 1437 3418 φόϐῳ
1458 3349 1658 3421 ταύτην
1682 3367 1830 3419 περι⁴

256 3422 516 3489 έπουσιν;
574 3424 731 3477 Ἀλλά
764 3429 826 3480 σὺ
857 3428 1026 3481 ταῦτα
1047 3431 1107 3481 o6
1156 3434 1453 3494 κατανοεῖς,
1487 3431 1669 3501 ἐπειδὴ
1726 3433 1828 3485 ὑπὸ

256 3502 364 3557 τῶν
399 3506 457 3556 ἐν
490 3508 600 3568 τοῖς
637 3506 881 3577 θεάτροις
913 3512 1272 3581 άκουσμάτων
1313 3530 1371 3566 τε
1412 3514 1504 3565 καὶ
1546 3514 1827 3584 θεαμάτων

256 3584 347 3637 τὸν
382 3586 503 3638 νοῦν
554 3591 965 3663 συνεσκοτίσθης
996 3604 1041 3657 θ,
1097 3595 1189 3647 καὶ
1216 3594 1303 3648 διὰ
1342 3596 1499 3648 τοῦτο
1553 3597 1620 3648 τὰ
1653 3598 1827 3650 ἐκεῖσε

259 3670 609 3737 πραττόμενα
626 3675 735 3734 τοῖς
752 3673 849 3742 τῆς
876 3675 1167 3746 ἐκκλησίας
1201 3677 1493 3747 ἀναφύρεις
1513 3679 1716 3742 τύποις·
1744 3680 1830 3733 διὰ

257 3750 414 3803 τοῦτο
439 3755 559 3814 ταῖς
583 3754 815 3824 ἀσήμοις
849 3762 1116 3827 κραυγαῖς
1143 3759 1203 3811 τὸ
1241 3761 1339 3829 τῆς
1379 3760 1558 3830 ψυχῆς
1599 3761 1829 3816 ἄτακτον

258 3831 619 3899 δημοσιεύεις.
672 3836 795 3897 Πῶς
820 3833 912 3891 οὖν
942 3838 1271 3910 συγγνώμην
1301 3841 1556 3912 ἐξαιτήσῃ
1602 3843 1708 3895 τῶν
1755 3845 1831 3895 ol-

258 3914 431 3998 κείων
446 3915 891 3987 ἀμαρτημάτων;
935 3921 1050 3984 πῶς
1085 3922 1163 3985 είς
1208 3920 1384 3977 οἶκτον
1415 3925 1691 3998 ἐπισπάσῃ
1741 3927 1830 3979 τὸν

258 3997 555 4079 Δεσπότην,
590 3998 731 4051 οὕτω
760 4003 1323 4073 καταπεφρονημένως
1352 4008 1449 4077 τὴν
1479 3997 1668 4077 δέησιν
1699 4026 1830 4079 προ-

262 4076 605 4146 τεινόμενος;
655 4080 941 4149 Ἐλέησόν
965 4100 1062 4151 με,
1108 4088 1139 4138 ό
1165 4087 1326 4152 Θεὸς,
1374 4076 1568 4157 λέγεις,
1608 4091 1700 4142 καὶ
1734 4076 1828 4143 τοῦ

262 4158 445 4221 ἐλέους
473 4160 751 4232 ἀλλότριον
794 4163 855 4216 τὸ
902 4160 1032 4235 ἦθος
1084 4167 1471 4223 ἐπιδείκνυσαι.
1504 4168 1826 4239 Σῶσόνμε,

263 4241 412 4311 βοᾷς,
453 4245 544 4296 καὶ
573 4244 719 4309 ξένον
742 4247 841 4316 τῆς
892 4249 1162 4319 σωτηρίας
1213 4252 1273 4303 τὸ
1301 4253 1481 4323 σχῆμα
1532 4254 1826 4319 διατυποῖς.

262 4324 328 4376 Τί
358 4327 688 4409 συντείνουσι
723 4330 859 4396 πρὸς
896 4332 1101 4385 ἱκεσίαν
1134 4336 1313 4404 χεῖρες
1357 4338 1450 4387 ἐπὶ
1478 4340 1833 4409 μετεωρισμῷ

262 4408 503 4477 συνεχῶς
553 4409 912 4480 ἐπαιρόμεναι
958 4413 1051 4466 καὶ
1089 4415 1341 4479 ἀτάκτως
1386 4408 1831 4489 περιφερόμεναι,

260 4492 479 4571 κραυγή
507 4507 567 4543 τε
593 4492 815 4563 σφοδρὰ,
852 4495 944 4547 καὶ
967 4498 1030 4565 τῇ
1065 4495 1215 4566 βιαίᾳ
1242 4498 1334 4550 τοῦ
1365 4499 1665 4569 πνεύματος
1691 4500 1835 4571 ὠθής

265 4586 347 4623 σει
367 4570 428 4623 τὸ
457 4573 669 4642 ἄσημον
715 4575 940 4643 ἐχουσα;
982 4579 1115 4648 Οὐχὶ
1166 4578 1235 4631 τά
1271 4581 1367 4649 μὲν
1410 4582 1589 4635 αὐτῶν
1618 4582 1724 4636 τῶν
1775 4570 1834 4637 ἐν

260 4656 381 4716 ταῖς
402 4655 633 4724 τριόδοις
666 4658 1081 4729 ἐταιριζομένων
1114 4662 1405 4728 γυναικῶν,
1458 4663 1523 4716 τά
1549 4664 1605 4716 δέ
1635 4664 1741 4717 τῶν
1777 4667 1834 4717 ἐν

260 4739 383 4819 τοῖς
399 4736 644 4806 θεάτροις
667 4742 982 4807 φωνούντων
1005 4743 1151 4795 ἐστὶν
1173 4744 1338 4813 ἔργας
1378 4747 1497 4808 Πῶς
1523 4744 1616 4801 οὖν
1636 4749 1836 4819 τολμᾷς

262 4820 331 4886 τῇ
362 4818 625 4890 άγγελικῇ
651 4822 823 4894 ταύτῃ
844 4824 1119 4894 δοξολογίᾳ
1144 4827 1214 4879 τά
1245 4828 1351 4879 τῶν
1397 4829 1664 4898 δαιμόνων
1703 4818 1833 4884 ἀνα-

266 4899 518 4983 μᾉιγνύειν
536 4904 795 4969 παίγνια;
842 4906 957 4969 πῶς
987 4908 1042 4960 δέ
1074 4908 1171 4960 οὐκ
1203 4910 1323 4979 αἰδῇ
1354 4911 1555 4981 ταύτην
1585 4914 1682 4983 τὴν
1722 4931 1835 4981 φω-

265 4981 383 5049 νὴν,
406 4984 470 5051 ήν
502 4985 616 5037 ἐκεῖ
650 4984 671 5023 ί
710 4988 982 5058 ἐκφέρεις,
1016 4992 1389 5044 Δουλεύσατε
1432 4993 1511 5057 τῷ
1554 4981 1746 5061 Κυρίῳ
1769 4998 1837 5050 ἐν

334 5076 479 5155 :A’Iii
501 5080 851 5155 xérrog‘czhljd‘m‘
871 5084 987 5147 γάρ;
1023 5086 1193 5155 ὅς’-διὰ
1230 5085 1397 5155 τοῦτο..
1432 5088 1581 5155 Paulq
1617 5093 1839 5155 poslduo

409 5138 597 5210 ἇῦπγος.
634 5143 762 5210 Εόὶιί
780 5138 1016 5210 ,ᾲοτξνάυξτ
1050 5138 1265 5210 Qtraqqe
1289 5149 1431 5197 lectio
1455 5138 1824 5210 συεότεῖιξίῠιιῦέ

266 5198 450 5274 ιδεάεω
471 5200 861 5274 ἀύπνουςληολλάς
878 5198 1105 5274 διατελεῖ..
1121 5198 1272 5274 pa‘uyo
1310 5218 1414 5274 post
1446 5198 1731 5274 ᾀυῑάείἧώξ
1746 5198 1839 5274 Et};

265 5256 514 5367 ἓξὲξ.μὴ
550 5264 724 5324 συμϐῇ.
753 5256 876 5315 ΙΜτά
904 5281 1028 5315 unus
1059 5269 1169 5317 οὐδὲ
1212 5256 1425 5331 ἀπαίρειν
1457 5256 1639 5326 ἓ,ξέἆαῖ
1667 5256 1841 5324 Toga;

330 5378 358 5416 δ
379 5382 520 5453 Aligs
563 5384 724 5433 οῐκαδε
770 5387 1108 5451 ἐπανέλθωμεν.
1156 5391 1213 5440 Τί
1256 5390 1337 5439 οὖν
1361 5391 1459 5441 ἐστι
1486 5395 1539 5441 τὸ
1564 5399 1661 5453 ζητ.
1689 5395 1842 5447 Paulo

268 5448 379 5501 post
402 5442 485 5490 aln
510 5446 634 5492 οὕτω
658 5450 899 5501 προφέρειν
919 5453 1128 5501 τούτους.

269 5463 379 5534 νυὲι
510 5463 634 5492 ουτω
658 5463 899 5512 προφερειν
919 5463 1142 5529 τούτουςκ

269 5576 367 5611 non
390 5508 925 5616 δορυ..ὶᾶ
945 5529 1260 5575 παρεισαγεις,
1284 5527 1394 5573 qua
1424 5522 1669 5579 postrema
1695 5518 1843 5569 lectio

332 5576 367 5610 κη
390 5572 668 5636 ερςιιηεηόσ
690 5572 900 5621 Videtur.
1016 5572 1024 5575 ⁷
1161 5572 1169 5575 ⁷
1301 5572 1313 5573 ί
1426 5572 1440 5579 ’

332 5624 1123 5715 ξῆῑὲῗδιὶἥῖἑῗρίιντὲξῗνέτὲἓῖ).
1143 5639 1309 5715 ἰὲῖίῖδ
1347 5641 1553 5715 (ξυνειδὲε
1590 5640 1841 5713 λογοθετεῖο

340 5688 356 5715 ³
391 5688 487 5737 Alii
504 5688 811 5761 _€cxor€60hc.
836 5688 985 5744 Paulo
1019 5688 1127 5757 ροέι
1152 5711 1275 5747 unus
1306 5701 1404 5756 ταῖς
1429 5688 1839 5763 ἀσήμοις

340 5746 361 5785 Ῑ
394 5747 521 5798 Ἐκει
545 5754 688 5798 deest
706 5757 756 5798 in
776 5759 992 5798 nuinmm
1031 5772 1183 5798 ςρινρ
1216 5774 1315 5798 mm
1357 5762 1501 5798 Γρνίρ
1528 5776 1585 5798 nn
1623 5767 1835 5798 mrnnnoi

450 5757 522 5825 κεῖ
545 5757 992 5825 ggeslmquinque
1030 5772 1183 5825 se_xve
1216 5757 1585 5825 ωεςηίῖρτιεοη
1623 5757 1837 5825 eipungi

270 5807 455 5881 debgal
477 5811 661 5881 dupito.
689 5807 967 5866 nec'lamén
1000 5821 1176 5881 audeo,
1198 5807 1311 5881 quid
1330 5807 1389 5869 in»
1405 5807 1837 5877 θέσίιίῖοῐῐῖιῖἱῖϊ

273 5875 399 5930 quot
414 5883 527 5922 mss.
544 5873 712 5939 fertur,
740 5882 793 5930 et
820 5885 1066 5944 utcunque
1088 5873 1204 5932 ferri
1218 5873 1407 5944 'potesl.

1916 478 2029 552 [98]
2050 481 2226 548 φόϐῳ,
2258 481 2449 549 λέγων,
2471 479 2567 534 καὶ
2591 479 2960 549 ἀγαλλιᾶσθε
2981 476 3140 543 αὺτῷ
3159 478 3229 531 ἐν
3249 480 3478 546 τρόμῳ,

1914 564 2083 617 Τοῦτό
2105 564 2267 626 ἐστιν,
2290 566 2346 617 ἐν
2387 563 2533 634 φόϐῳ
2554 562 2915 623 δουλεύειν,τὸ
2943 561 3159 630 διακεχύ
3170 560 3290 612 σθαι
3309 578 3368 612 τε
3388 562 3483 614 καὶ

1913 644 2284 706 διατείνεσθαι,
2311 647 2402 698 καὶ
2424 646 2557 716 μηδὲ
2583 645 2804 698 σεαυτὸν
2827 643 3147 696 ἐπίστασθαι
3170 644 3297 709 περὶ
3321 642 3481 696 τίνων

1910 727 2130 799 διαλέγῃ
2153 730 2216 797 τῇ
2244 728 2461 797 ἀτάκτῳ
2497 731 2594 797 τῆς
2624 727 2807 795 φωνῆς
2840 727 3125 795 ἐνηχήσει;
3159 725 3329 777 Τοῦτο
3380 742 3482 777 κα-

1911 810 2290 879 ταφρονήσεώς
2319 812 2483 871 ἐστιν,
2511 811 2569 862 ού
2595 810 2779 879 φόϐου,
2812 808 3149 870 ἀλαζονείας,
3199 808 3260 858 o6
3285 824 3478 861 ταπει-

1911 890 2143 953 νώσεως·
2174 890 2328 944 τοῦτο
2345 892 2641 954 παιζόντων
2687 891 2902 961 μᾶλλον,
2933 890 2965 960 ἢ
2995 889 3409 956 δοξολογούντων
3427 898 3477 941 ι.

1912 976 1977 1027 Τί
2009 971 2099 1028 οὖν
2129 976 2241 1027 ἐστι
2272 974 2331 1027 τὸ
2364 974 2629 1027 δουλεύειν
2660 975 2736 1044 τῷ
2764 974 2953 1043 Κυρίῳ
2980 976 3035 1027 ἐν
3067 972 3242 1041 φόϐῳ;
3274 971 3346 1023 Τὸ
3376 972 3480 1023 πᾶ-

1914 1075 2011 1110 σαν
2050 1058 2266 1128 ἐντολὴν
2289 1058 2732 1128 ἀποπληροῦντας
2774 1057 2920 1126 φόϐῳ
2960 1059 3052 1110 καὶ
3083 1055 3313 1124 συστολῇ
3346 1052 3481 1106 ταύ-

1912 1156 2010 1208 την
2048 1141 2497 1211 κατεργάζεσθαι,
2564 1139 2623 1191 τὸ
2674 1139 3099 1208 συντετριμμένῃ
3140 1138 3336 1207 καρδίᾳ
3387 1136 3479 1188 καὶ

1912 1223 2355 1292 τεταπεινωμένῳ
2383 1222 2462 1275 νο⁴ί
2485 1222 2581 1284 τάς
2609 1220 2812 1281 ἱκεσίας
2842 1219 3235 1289 προϐάλλεσθαι
3268 1220 3318 1273 ιι.
3368 1217 3480 1270 Kal

1914 1303 1974 1357 o6
2005 1305 2159 1373 μόνον
2180 1305 2443 1360 δουλεύειν
2467 1308 2524 1359 ἐν
2554 1304 2723 1374 φόϐῳ,
2751 1302 2885 1357 ἀλλά
2921 1303 3015 1354 καὶ
3045 1301 3397 1369 ἀγαλλιᾶσθαι
3422 1302 3480 1352 ἐν

1915 1386 2099 1457 τρόμῳ
2128 1387 2187 1438 τὸ
2212 1387 2431 1455 Πνεῦμα
2462 1388 2522 1440 τὸ
2571 1388 2724 1454 ἀγιον
2770 1385 2856 1438 διὰ
2879 1383 2973 1436 τοῦ
3000 1385 3277 1453 προφήτου
3309 1398 3483 1451 παρα·

1915 1467 2213 1520 κελεύεται.
2248 1469 2462 1540 Ἐπειδὴ
2498 1468 2606 1539 γάρ
2644 1468 2798 1538 ήτῆς
2816 1466 3032 1534 ἐντολῆς
3062 1465 3337 1534 πλήρωσις
3387 1481 3483 1532 χα-

1920 1549 2018 1619 ράν
2048 1550 2235 1603 εῐωθεν
2282 1552 2525 1620 ἐμποιεῖν
2554 1553 2629 1620 τῷ
2674 1550 2769 1621 τὴν
2800 1549 2997 1619 ἀρετὴν
3055 1546 3331 1608 ἀσκοῦντι,
3390 1546 3484 1597 xal

1915 1631 2135 1701 ταύτην,
2167 1632 2330 1700 φησὶ,
2364 1634 2550 1703 τρόμῳ
2570 1633 2663 1685 καὶ
2684 1633 2790 1684 δέει
2833 1628 3100 1682 ποιεῖσθαι
3131 1627 3396 1697 προσήκει
3433 1629 3481 1690 ἱ,

1918 1713 2003 1765 ἴνα
2029 1714 2102 1784 μὴ
2128 1715 2191 1783 τῇ
2215 1714 2415 1784 ἀφοϐίᾳ
2435 1714 2801 1784 συγχεόμενοι,
2822 1710 2948 1774 τούς
2973 1728 3032 1763 τε
3059 1710 3251 1770 πόνους
3274 1709 3483 1778 ζημιω-

1919 1796 2121 1866 θῶμεν,
2171 1796 2384 1849 καὶτὸν
2437 1796 2567 1848 Θεὸν
2613 1794 3021 1866 παροξύνωμεν.
3072 1792 3193 1854 Πῶς
3214 1791 3270 1844 δέ
3308 1790 3481 1855 ἔσται,

1919 1881 2100 1949 φησὶν,
2136 1880 2459 1948 ἀγάλλεσθαι
2495 1883 2551 1933 ἐν
2572 1880 2788 1949 τρόμῳ;
2822 1880 2929 1931 Kal
2968 1876 3074 1947 γάρ
3108 1876 3227 1930 οὐδὲ
3259 1871 3485 1927 δυνατὸν

1919 1963 2059 2016 κατά
2080 1965 2272 2017 ταύτὸν
2304 1965 2371 2017 τά
2417 1964 2507 2016 δύο
2534 1963 2868 2033 συμϐαίνειν,
2917 1960 3117 2028 πολλῆς
3175 1958 3337 2027 οῦσης
3386 1957 3486 2024 τῆς

1922 2045 2121 2114 μεταξὺ
2152 2046 2326 2098 αὐτῶν
2352 2047 2628 2114 διαφορᾶς.
2652 2044 2807 2113 Χαρά
2856 2044 2961 2111 γάρ
2994 2044 3105 2094 ἐστι
3133 2038 3485 2106 καταθυμίων

1921 2128 2215 2196 πλήρωσις,
2247 2128 2339 2181 καὶ
2368 2127 2535 2197 ἡδέων
2568 2126 2881 2187 ἀπόλαυσις,
2914 2124 3005 2176 καὶ
3048 2121 3284 2192 ἀνιαρῶν
3325 2119 3486 2189 λήθη·

1922 2209 2082 2278 φόϐος
2100 2208 2155 2260 δέ
2182 2208 2546 2276 ἐλπιζομένων
2591 2206 2773 2259 κακῶν
2797 2206 3062 2267 ἐπίτασις,
3097 2204 3186 2255 ἐπὶ
3218 2218 3488 2268 κατεγνω-

1926 2292 2105 2363 σμένῳ
2144 2290 2527 2359 συνιστάμενος
2556 2290 2833 2342 συνειδότι.
2864 2289 2987 2350 Πῶς
3017 2282 3107 2339 οὖν
3133 2285 3276 2337 ἐστιν
3317 2284 3486 2350 ἀγάλ-

1922 2374 2104 2427 λεσθαι
2154 2376 2212 2427 ἐν
2244 2373 2409 2442 φόϐῳ,
2452 2371 2544 2424 καὶ
2567 2372 2662 2440 οὐχ
2701 2369 2885 2431 άπλῶς
2936 2370 2993 2421 ἐν
3050 2367 3196 2436 φόϐῳ
3220 2406 3234 2429 ,
3288 2365 3402 2417 ἀλλ’
3429 2367 3487 2417 ἐν

1922 2454 2127 2525 τρόμῳ,
2161 2456 2295 2524 ὅπερ
2342 2452 2585 2515 ἐπίτασίς
2615 2455 2730 2504 ἐστι
2780 2450 2871 2503 τοῦ
2901 2450 3085 2520 φόϐου,
3136 2450 3228 2501 καὶ
3288 2447 3491 2516 πολλῆς

1925 2537 2159 2605 ἀγωνίας
2198 2539 2443 2607 σημεῖον.

1994 2701 2116 2762 Πῶς
2135 2699 2211 2761 δὲ,
2239 2699 2390 2767 φησὶ,
2422 2695 2578 2749 τοῦτο
2601 2696 2918 2763 γενήσεται;
2954 2694 3101 2745 Αὑτά
3141 2708 3199 2743 σε
3227 2691 3294 2743 τά
3322 2690 3493 2760 Σερα-

1927 2781 2035 2849 φὶμ
2063 2780 2416 2840 διδάσκουσιν,
2466 2778 2610 2847 ἔργῳ
2643 2775 2739 2846 τὴν
2784 2774 3035 2844 τοιαύτην
3075 2771 3490 2843 ἀποπληροῦντα

1926 2860 2216 2915 διακονίαν.
2260 2859 2369 2912 Kal
2415 2859 2521 2929 γάρ
2548 2860 2727 2912 ἐκεῖνα
2763 2859 2860 2928 τῆς
2904 2857 3108 2925 ἀφάτου
3163 2854 3320 2922 δόξης
3357 2854 3493 2905 ἀπο-

1926 2944 2156 2998 λαύοντα
2174 2941 2266 2996 τοῦ
2289 2943 2539 3000 Κτίστου,
2564 2941 2658 2994 καὶ
2676 2941 2734 2994 τὸ
2764 2941 3041 3010 ἀμήχανον
3062 2935 3488 3007 ἐνοπτριζόμενα

1927 3025 2138 3089 κάλλος·
2179 3026 2236 3077 o6
2285 3025 2425 3092 λέγω
2470 3024 2600 3076 αὐτὸ
2629 3025 2834 3086 ἐκεῖνο,
2894 3023 3029 3089 ὅπερ
3076 3019 3189 3071 ἐστὶ
3220 3020 3283 3087 τῇ
3333 3016 3494 3085 φύσει

1928 3106 2309 3177 (ἀκατανόητον
2337 3106 2443 3175 γὰρ
2487 3105 2660 3167 τοῦτο,
2692 3105 2785 3157 καὶ
2836 3102 3161 3170 ἀθεώρητον,
3203 3100 3294 3151 καὶ
3324 3099 3495 3167 ἀσχη-

1930 3190 2202 3259 μάτιστον,
2242 3188 2334 3241 καὶ
2360 3189 2555 3241 ἄτοπόν
2585 3189 2697 3239 ἐστι
2727 3186 2787 3238 τὸ
2816 3186 2954 3237 οὕτω
2983 3184 3111 3254 nspl
3156 3180 3315 3234 αὑτοῦ
3361 3182 3493 3232 6m-

1926 3269 2263 3340 λαμϐάνειν),
2298 3269 2409 3321 ἀλλ’
2440 3271 2559 3322 ὅσον
2582 3268 2931 3336 ἐγχωροῦσιν,
2960 3268 3080 3317 ὅσον
3102 3264 3205 3317 ὑπὸ
3233 3264 3329 3332 τῆς
3348 3263 3495 3313 ἀκτίι

1927 3368 2015 3414 νος
2061 3351 2271 3417 ἐκείνης
2328 3349 2565 3418 ἰσχύουσι
2600 3346 3067 3415 καταλάμπεσθαι.
3122 3344 3340 3414 Ἐπειδὴ
3387 3344 3497 3413 γὰρ

1927 3432 2185 3502 διηνεκῶς
2214 3430 2581 3500 λειτουργοῦσι
2626 3428 2807 3498 κύκλῳ
2836 3428 2930 3480 τοῦ
2964 3425 3237 3495 βασιλικοῦ
3282 3425 3493 3493 θρόνου,

1928 3514 1987 3567 ἐν
2014 3514 2251 3582 διηνεκεῖ
2269 3514 2410 3583 χαρᾷ
2436 3510 2786 3569 διατελοῦσιν,
2824 3512 2881 3563 ἐν
2918 3509 3068 3579 ἀϊδίῳ
3092 3506 3414 3576 εὐφροσύνῃ,
3440 3507 3501 3558 ἐν

1930 3596 2240 3664 ἀγαλλιάσει
2278 3593 2696 3662 ἀκαταπαύστῳ,
2720 3593 2995 3662 χαίροντα,
3027 3589 3347 3658 σκιρτῶντα,
3381 3589 3497 3639 dcc.

1942 3680 2109 3749 γήτως
2158 3676 2555 3742 δοξολογοῦντα.
2608 3674 2679 3726 Τὸ
2712 3676 2815 3746 γὰρ
2867 3674 3093 3727 ἐνώπιον
3122 3674 3341 3725 ἐστάναι
3399 3670 3499 3737 τῆς

1930 3760 2084 3830 δόξης
2105 3759 2334 3828 ἐκείνης,
2357 3759 2449 3811 καὶ
2466 3757 2571 3809 ἀπὸ
2594 3757 2690 3825 τῆς
2712 3756 2769 3819 ἐξ
2787 3756 2952 3825 αὐτῆς
2966 3750 3487 3825 ἀπαστραπτούσηςί

1932 3840 2394 3910 καταφωτίζεσθαι
2420 3839 2627 3907 αῐγλης,
2656 3839 2811 3891 τοῦτο
2840 3840 3018 3899 αὐτοῖς
3040 3840 3129 3889 καὶ
3155 3836 3317 3906 χαρά,
3342 3835 3500 3887 τοῦτο

1932 3927 2023 3982 καὶ
2051 3924 2382 3992 ἀγαλλίασις,
2414 3922 2568 3975 τοῦτο
2595 3922 2683 3973 καὶ
2710 3920 3031 3990 εὐφροσύνη,
3057 3918 3211 3971 τοῦτο
3238 3918 3330 3970 καὶ
3350 3916 3496 3979 δόξα.

1932 4009 2083 4077 Τάχα
2116 4025 2167 4060 τι
2219 4007 2350 4076 πρὸς
2378 4005 2563 4077 ἡδονὴν
2599 4004 2849 4067 ἐπάθετε,
2890 4004 2982 4055 καὶ
3016 4006 3077 4055 ἐν
3115 4001 3378 4069 ἐπιθυμίᾳ
3403 4001 3502 4068 τῆς

1932 4090 2089 4159 δόξης
2124 4089 2335 4158 ἐκείνης
2365 4087 2646 4155 γεγόνατε.

2003 4264 2071 4324 γ’.
2118 4256 2255 4308 Ἀλλ’
2282 4253 2335 4306 εῐ
2359 4270 2420 4320 γε
2449 4250 2790 4321 βουληθείητε
2829 4246 3215 4318 παραινοῦντος
3241 4247 3467 4300 ἀκοῦσαι
3485 4287 3508 4307 ,

1935 4338 2028 4390 καὶ
2048 4338 2161 4407 μετ’
2177 4335 2458 4397 εὐλαϐείας
2474 4335 2569 4404 τὴν
2596 4334 2871 4404 παροῦσαν
2887 4331 3190 4397 δοξολογίαν
3210 4329 3509 4392 ποιεῖσθαι,

1934 4419 2033 4472 οὐκ
2071 4418 2527 4487 ἀπολειφθήσεσθε
2552 4416 2648 4485 τῆς
2690 4416 2941 4485 τοιαύτης
2971 4414 3163 4485 χαρᾶς·
3197 4412 3356 4473 αὐτὸς
3396 4413 3510 4480 γάρ

1936 4502 2080 4554 ἐστιν
2110 4502 2313 4561 ἐκεῖνος
2343 4498 2678 4566 ὁΔεσπότης,
2711 4500 2737 4549 6
2766 4498 2859 4549 καὶ
2888 4499 2945 4547 ἐν
2981 4496 3251 4566 οὐρανοῖς,
3278 4495 3368 4546 καὶ
3413 4494 3509 4545 ἐπὶ

1935 4585 2035 4653 γῆς
2057 4582 2419 4651 δοξαζόμενος·
2456 4578 2694 4647 Πλήρης
2723 4579 2829 4647 γάρ
2859 4582 2889 4631 ό
2918 4578 3190 4645 οὐρανὸς,
3220 4575 3374 4646 φησὶ,
3410 4576 3511 4629 και

1938 4664 2050 4737 [99]
2081 4668 2117 4732 ἡ
2142 4664 2218 4733 τῆ
2242 4662 2350 4730 τῆς
2374 4662 2557 4727 δόξης
2580 4660 2785 4713 αὐτοῦ.
2816 4658 2937 4721 Πῶς
2956 4655 3049 4711 οὖν
3066 4660 3247 4711 ἐκεῖνα
3268 4658 3363 4727 τῆς
3387 4674 3509 4710 τοσ-

1937 4747 2105 4818 αύτης
2144 4738 2480 4817 εὐφροσύνης
2507 4742 2867 4805 ἀπολαύοντα,
2899 4740 3050 4811 φόϐῳ
3086 4741 3289 4811 ταύτην
3318 4742 3512 4809 ἀναμι-

1937 4841 2223 4905 γνύουσιν;
2252 4838 2513 4889 ’Ἄκουσον
2531 4834 2584 4885 τί
2611 4850 2771 4903 φησιν
2803 4836 2831 4887 ό
2870 4834 3173 4903 προφήτης·
3206 4828 3387 4885 Εἶδον
3402 4834 3515 4884 τὸν

1938 4924 2154 4988 Κύριον
2180 4918 2514 4987 καθήμενον
2528 4917 2623 4969 ἐπὶ
2644 4918 2857 4983 θρόνου
2873 4915 3115 4983 ὑψηλοῦ
3132 4914 3230 4967 καί
3256 4914 3514 4982 ἐπηρμέ-

1938 5024 2067 5059 νου.
2097 5005 2248 5066 Τίνος
2272 5004 2453 5055 ἐνεκεν
2482 5002 2542 5053 τὸ
2573 5002 2772 5070 ὑψηλὸν
2802 5000 2989 5059 εἰπὼν,
3015 5001 3107 5051 καὶ
3122 4999 3184 5051 τὸ
3202 5001 3516 5068 ἐπηρμένον

1941 5087 2271 5160 προσέθηκε;
2300 5086 2372 5156 μὴ
2409 5086 2516 5154 γὰρ
2538 5086 2636 5136 οὐκ
2661 5086 2815 5153 ήρκει
2849 5083 2934 5135 διά
2953 5083 3047 5134 τοῦ
3084 5082 3287 5151 ὑψηλοῦ
3314 5084 3374 5134 τὸ
3401 5084 3517 5135 πᾶν

1944 5167 2227 5241 σημᾶναιί
2262 5169 2355 5221 τοῦ
2396 5168 2738 5237 πράγματος,
2794 5165 2886 5218 καὶ
2915 5164 3083 5228 δεῖξαι
3114 5164 3173 5217 τὸ
3213 5165 3311 5234 τῆς
3355 5164 3516 5230 ἀξίας

2007 5333 2030 5371 Β
2056 5331 2187 5379 Unus
2207 5346 2232 5379 a
2258 5329 2437 5377 Saviuo
2458 5332 2503 5376 in
2529 5342 2681 5389 marg.
2706 5325 2884 5375 allatus
2905 5327 2935 5384 ἢ
2960 5326 3409 5387 ἐξομολογουμένων.

2002 5391 2031 5430 Ῑι
2055 5394 2184 5441 Unus
2205 5392 2563 5453 προτρέπεσθαι.

2009 5454 2025 5492 ἱ
2074 5447 2605 5514 ΙΙοιεῖσθαι’προτρέπει.
2647 5449 2737 5514 S_ic_
2763 5449 2859 5514 duo
2900 5461 3027 5514 mss_:
3056 5448 3183 5514 infra"
3217 5447 3412 5514 quidgm

1940 5518 2215 5577 γαλλιᾶσθαι
2253 5514 2317 5577 ἐν-
2338 5510 2518 5577 τρόμῳ,
2567 5517 2619 5558 el
2662 5511 2785 5557 infra
2818 5510 3295 5577 ’ξίθιῐι-ἀγαλλιᾶσθαι
3335 5510 3381 5555 ἐν
3427 5511 3510 5577 φός

1944 5570 2031 5639 8.9,
2053 5586 2105 5623 et
2130 5578 2199 5639 sic
2221 5570 2403 5639 legitur
2422 5570 2626 5639 ἰπνοῖσι]
2649 5570 2849 5639 εεευοᾱί
2870 5570 3041 5639 ρεξοιωὶ
3064 5583 3205 5639 supra
3228 5570 3513 5639 allglo‘;_se_d

1945 5630 2150 5698 uir-aque
2175 5630 2323 5698 lectio
2344 5634 2581 5698 quagrat,‘
2605 5630 3252 5698 poluilqughrysoslqmpg
3284 5630 3510 5698 ἀγαλλιᾶ-

1940 5700 2047 5747 σθαι
2071 5690 2260 5758 inulare
2284 5695 2333 5742 in
2356 5690 2659 5754 ἀγάλλεσθαι,
2680 5690 2809 5754 quod
2834 5692 3041 5758 idipsum
3073 5696 3175 5751 θοις
3191 5690 3337 5753 idque
3362 5690 3515 5741 etiam

1941 5762 1992 5809 in
2010 5770 2143 5807 more
2169 5756 2331 5804 habet.

2004 5830 2019 5870 ι
2052 5819 2251 5879 Aliquot
2272 5829 2383 5863 mss.
2404 5812 2777 5879 ἀστραπτούσης.

2002 5880 2029 5920 ι
2056 5878 2186 5931 υνυς
2204 5879 2259 5927 τὸ
2282 5884 2371 5926 πᾶν
2394 5878 2693 5938 ἑπισημᾶναι.
