4064 6214
224 371 320 426 101
1251 366 1315 425 ΙΝ
1354 366 1574 434 lLLUD,
1615 359 1750 420 VIDI
1792 359 2115 432 DOMINUM,
2155 363 2378 423 llOMlL.
2421 366 2461 423 Ι.

234 481 419 534 sedem
455 479 1044 550 incomprehensibilem
1086 482 1497 538 demonstraret.
1545 478 1801 548 Quando-

231 568 442 636 quidem
486 570 622 640 apud
652 586 748 628 nos
786 572 929 643 quod
972 572 1239 628 excelsum
1278 582 1360 628 est
1426 570 1802 641 cogitationem

232 660 511 730 quamdam
540 663 740 733 prtebet
775 664 1184 734 comparationis
1228 662 1295 717 ad
1338 678 1400 717 ea
1429 675 1549 733 qu:t-
1575 660 1805 717 humilia

229 759 353 803 sunt
402 764 466 803 ac
516 751 857 806 submissiora
898 770 911 805 :
954 753 1116 808 veluti
1166 753 1371 808 excelsi
1412 760 1536 807 sunt
1585 758 1799 805 montes

231 843 622 911 campestribus
644 852 691 898 et
737 845 970 913 planitiei
1009 844 1298 915 comparati
1327 861 1341 900 :
1372 845 1643 898 excelsum
1672 842 1798 896 item

229 932 417 986 celum
441 931 509 986 ab
534 933 775 989 omnibus
800 934 1027 990 terrenis
1050 935 1329 990 altitudine
1356 943 1616 990 remotum
1642 950 1657 999 ;
1689 948 1798 987 eteo

230 1030 401 1077 terum
432 1023 545 1078 haec
572 1024 864 1079 sublimitas
891 1034 945 1080 et
969 1025 1195 1081 altitudo
1216 1025 1382 1080 solius
1410 1034 1492 1080 est
1519 1024 1661 1078 illius
1698 1038 1795 1077 na-

230 1124 365 1168 tura:
417 1115 1003 1185 incomprehensibilis,
1050 1131 1208 1185 quam
1252 1131 1421 1187 neque
1472 1116 1797 1185 cogitatione

225 1205 528 1274 concipere,
559 1220 729 1274 neque
755 1205 935 1260 verbis
979 1206 1157 1275 eloqui
1181 1207 1455 1276 quisquam
1484 1213 1678 1274 potest,
1706 1219 1796 1258 co-

224 1308 328 1360 que
353 1293 480 1348 dicit
509 1311 523 1348 :
560 1292 676 1347 Vidi
699 1294 974 1348 Dominum
996 1295 1246 1349 sedentem
1282 1295 1335 1349 in
1373 1295 1500 1347 solio
1526 1295 1719 1349 excelso
1748 1303 1794 1347 et

223 1382 431 1435 elevato.
460 1382 566 1437 Sed
592 1383 719 1454 quid
748 1392 1006 1452 praeterea
1036 1382 1234 1450 vidisti,
1278 1398 1311 1438 o
1338 1383 1638 1453 propheta?
1668 1382 1793 1452 quid

222 1476 368 1529 circa
412 1475 559 1529 illum
591 1476 878 1545 spectasti?
908 1474 976 1529 Et
1013 1474 1285 1545 Seraphint
1329 1474 1547 1541 stabant,
1600 1475 1789 1545 inquit,

222 1564 275 1618 in
312 1566 521 1618 circuitu
551 1566 658 1635 ejus
684 1562 833 1636 (Isai.
881 1564 935 1619 6.
977 1563 1056 1635 2).
1086 1564 1223 1632 Quid
1274 1563 1534 1619 faciebant
1578 1573 1632 1618 et
1667 1564 1791 1632 quid

221 1654 490 1718 dicebant,
518 1670 619 1724 qna
665 1655 853 1709 fiducia
906 1655 1258 1711 fruebantur?
1296 1654 1511 1709 Fiducia
1552 1653 1786 1723 quidem,

220 1745 409 1814 inquit,
439 1744 599 1808 nulla,
631 1759 813 1799 verum
841 1745 1051 1799 timoris
1074 1759 1137 1799 ac
1163 1745 1399 1813 stuporis
1429 1753 1580 1799 erant
1610 1744 1786 1813 plena,

221 1833 336 1900 ipsa
380 1832 537 1886 etiam
581 1832 758 1901 specie
810 1841 1010 1887 metum
1068 1832 1387 1887 inell'abilem
1442 1833 1787 1888 declarantia.

221 1922 437 1977 Duabus
461 1922 601 1976 enim
630 1921 729 1977 alis
751 1922 1000 1977 velabant
1025 1922 1236 1987 faciem,
1266 1923 1426 1977 simul
1455 1924 1789 1978 excludentia

219 2010 429 2065 radium
458 2025 488 2066 e
526 2012 660 2066 solio
685 2013 1060 2081 prodeuntem,
1092 2028 1159 2069 eo
1184 2014 1323 2083 quod
1356 2013 1497 2069 ferre
1527 2029 1631 2069 non
1664 2030 1789 2083 pos-

218 2110 337 2155 sent
366 2103 673 2156 immensam
704 2102 842 2156 illius
872 2102 1114 2171 gloriam,
1148 2102 1305 2156 simul
1326 2113 1505 2158 autem
1552 2111 1605 2157 et
1634 2118 1786 2157 suam

217 2192 525 2261 religionem
550 2207 613 2246 ac
640 2193 991 2249 reverentiam
1014 2192 1382 2264 signiﬁcantia,
1411 2207 1570 2265 quam
1594 2192 1789 2248 habent

216 2298 340 2352 erga
370 2283 671 2338 Dominum.

287 2372 390 2426 Cur
416 2372 683 2442 Seraplu'm
711 2373 890 2444 faciem
919 2382 966 2427 et
995 2374 1143 2443 pedes
1169 2374 1347 2429 vetent.
1368 2404 1439 2414 —
1458 2373 1571 2429 Tali
1598 2373 1787 2444 gaudio

211 2464 445 2532 gaudent
471 2464 559 2519 illa
581 2506 596 2529 ,
630 2465 717 2519 tali
760 2465 941 2520 laetitia
974 2466 1272 2532 exsultant,
1303 2481 1402 2521 nec
1428 2467 1599 2521 solum
1626 2466 1786 2522 facies

212 2552 410 2619 velant,
438 2569 618 2608 verum
638 2563 692 2609 et
713 2555 891 2624 pedes.
922 2554 1275 2622 Quamobrem
1302 2555 1403 2610 hoc
1430 2555 1661 2611 faciunt?
1686 2555 1786 2611 Fa-

211 2641 321 2696 cies
360 2642 570 2712 quidem
608 2644 797 2699 merito
830 2645 1008 2699 velant
1046 2654 1264 2715 propter
1288 2646 1628 2700 metuendum
1659 2660 1783 2715 spe-

211 2732 502 2798 ctaculum,
542 2732 784 2804 quodque
822 2749 928 2788 non
969 2735 1171 2803 possint
1206 2736 1529 2791 inaccessam
1562 2736 1783 2807 gloriam

210 2820 415 2875 obtueri
449 2837 463 2875 :
498 2835 679 2875 verum
720 2822 879 2892 pedes
915 2838 1079 2894 quare
1107 2825 1261 2879 simul
1290 2826 1503 2880 velant?
1532 2830 1607 2881 Ac
1636 2826 1781 2881 vole-

209 2910 333 2965 bam
357 2911 567 2979 quidem
594 2912 743 2967 vobis
769 2912 870 2967 hoc
896 2913 1214 2984 relinquere,
1244 2922 1302 2969 ut
1329 2915 1426 2985 ipsi
1458 2916 1595 2972 circa
1629 2916 1783 2986 hujus

208 3001 287 3055 rei
305 3001 617 3058 solutionem
634 3002 966 3072 laboraretis,
983 3003 1227 3074 circaque
1242 3004 1589 3073 spiritualium
1605 3022 1782 3061 rerum

208 3093 608 3162 vestigationem
634 3094 917 3164 vigilaretis
946 3111 961 3149 :
988 3104 1244 3150 caeterum
1273 3111 1339 3149 ne
1367 3106 1595 3150 vestram
1633 3098 1779 3167 cogi-

207 3182 462 3237 tationem
505 3183 643 3238 circa
685 3183 839 3252 hujus
881 3184 1276 3255 inquisitionem
1319 3185 1573 3240 intentam
1616 3187 1780 3241 relin-

206 3286 406 3341 quens,
427 3272 477 3327 id
498 3272 721 3328 efﬁciam
736 3284 793 3328 ut
812 3274 1224 3331 admonitionem
1247 3275 1538 3347 negligatis,
1564 3293 1780 3333 necesse

205 3372 290 3415 est
317 3370 373 3416 ut
406 3362 507 3417 hoc
533 3364 702 3419 obiter
725 3363 948 3427 solvam.
980 3364 1156 3433 Quare
1193 3365 1350 3436 igitur
1380 3367 1541 3437 pedes
1570 3369 1780 3422 velant?

206 3450 631 3522 lnexplicabilem
650 3468 771 3523 erga
789 3452 1132 3510 Conditorem
1159 3457 1508 3511 reverentiam
1531 3457 1780 3512 exhibere

204 3544 439 3612 student,
467 3545 788 3615 multamque
811 3547 1130 3603 anxietatem
1160 3556 1269 3602 tum
1296 3548 1408 3617 ipso
1437 3548 1637 3615 habitu,
1671 3560 1777 3603 tum

204 3649 335 3690 voce
359 3676 373 3699 ,
406 3645 514 3689 tum
543 3646 756 3705 aspectu
779 3678 794 3703 ,
827 3638 1053 3707 denique
1082 3638 1195 3707 ipsa
1224 3640 1472 3694 statione.
1522 3642 1779 3708 Quoniam

206 3723 366 3792 igitur
404 3723 456 3777 id
493 3726 633 3793 quod
672 3725 975 3780 desiderant
1011 3727 1259 3796 quodque
1296 3729 1642 3783 conveniebat
1672 3744 1779 3786 nou

202 3823 575 3883 assequuntur,
602 3815 863 3869 occultant
890 3816 1086 3870 idcirco
1107 3816 1337 3887 undique
1364 3818 1627 3874 defectum
1651 3820 1776 3875 dum

203 3914 263 3956 se
289 3901 692 3973 circumtegunt.
722 3903 912 3959 Utrum
937 3905 1227 3975 intelligitis
1277 3906 1417 3976 quod
1446 3908 1642 3963 dictum
1673 3920 1775 3976 est,

201 4006 271 4044 an
298 4005 475 4060 opera;
502 3993 728 4061 pretium
755 3998 838 4049 est
864 4001 920 4047 ut
952 3992 1091 4049 idem
1120 3994 1295 4048 denuo
1323 3998 1595 4065 repetam?
1625 3999 1735 4068 Age
1759 4040 1774 4065 ,

200 4090 262 4135 ut
289 4082 389 4136 hoc
412 4080 600 4135 faciam
622 4082 900 4138 dilucidius
924 4124 940 4149 ,
969 4098 1035 4139 ex
1060 4099 1238 4139 rerum
1263 4095 1561 4140 nostrarum
1591 4103 1774 4143 exem-

202 4172 305 4240 plis
328 4173 659 4227 manifestum
686 4172 859 4227 facere
882 4173 1136 4228 conabor.
1162 4174 1371 4228 Assistit
1395 4176 1583 4245 aliquis
1611 4187 1777 4232 terre-

200 4276 272 4314 no
292 4262 401 4331 regi
426 4263 771 4332 omnibusque
794 4263 967 4317 modis
993 4263 1229 4331 molitur,
1253 4273 1309 4319 ut
1332 4267 1773 4336 quamplurimam

199 4363 325 4417 erga
357 4350 502 4404 illum
533 4352 878 4406 reverentiam
908 4352 1177 4419 exhibeat,
1209 4371 1315 4425 quo
1345 4370 1440 4424 per
1472 4357 1570 4412 hoc
1603 4359 1619 4389 ¹
1655 4374 1771 4413 ma—

196 4438 369 4509 jorem
408 4441 547 4496 illius
581 4456 702 4512 erga
744 4457 805 4497 se
841 4444 1088 4499 conciliet
1121 4445 1564 4502 benevolentiam.
1607 4448 1773 4519 Cujus

198 4530 365 4597 gratia
403 4530 580 4599 specie
606 4531 790 4600 capitis
812 4571 827 4596 ,
860 4532 973 4601 ipsa
1012 4546 1174 4599 voce,
1204 4534 1314 4602 ipsa
1344 4550 1593 4591 manuum
1623 4554 1772 4593 com-

199 4620 482 4688 positione,
508 4621 616 4690 ipsa
638 4621 827 4691 pedum
848 4622 1235 4692 conjunctione,
1259 4626 1519 4697 totiusque
1534 4630 1771 4699 corporis

262 4816 280 4846 ι
318 4814 582 4881 Reg-1832
606 4828 618 4862 :
644 4814 837 4864 lutum
874 4815 1187 4881 repet-auiam
1214 4830 1331 4881 erga
1354 4819 1665 4881 conditorem
1686 4821 1770 4872 ha-

196 4874 326 4945 bent,
537 4882 727 4945 stupore
769 4874 1110 4945 perceutatttn'.
1306 4879 1502 4945 affectus
1532 4887 1631 4930 tum
1666 4882 1770 4945 ipso

197 4936 380 4993 habitu,
406 4940 647 5003 hangooc‘e,
672 4936 778 5003 tum
794 4943 1007 5003 aspectu,
1260 4936 1365 5001 ipsa
1387 4942 1583 5003 statione
1605 4936 1769 5003 expri-

197 5008 329 5047 mere
350 4998 597 5045 conantur.
623 4998 855 5060 Quoniam
870 4997 1020 5060 igitur
1041 4998 1112 5049 sic
1133 4997 1286 5048 etiam
1314 5002 1440 5059 quod
1466 5002 1601 5051 decet
1623 4997 1766 5052 attin-

194 5068 311 5125 gere
333 5069 428 5125 non
697 5069 749 5106 se
784 5057 984 5125 celando
1020 5060 1229 5123 undique
1267 5057 1763 5125 defectumisupplent.

198 5115 374 5166 'Iitrum
394 5115 652 5177 intelligitis
673 5118 800 5178 quod
824 5118 1003 5167 dictum
1027 5126 1113 5178 est,
1138 5115 1202 5169 an
1222 5115 1381 5181 opera:
1398 5115 1602 5183 pretium
1620 5115 1691 5173 'est
1717 5132 1766 5175 ut

198 5176 328 5229 idem
352 5178 509 5243 denuo
541 5183 751 5243 repetam
764 5176 790 5243 ξ
810 5179 1034 5243 equidem
1074 5180 1194 5230 mihi
1230 5185 1538 5243 repetendum
1559 5183 1763 5234 videtur.

200 5250 294 5298 age
326 5238 494 5298 igitur,
522 5244 567 5287 et
596 5236 683 5287 hoc
758 5237 971 5288 lucidum
1013 5254 1079 5288 ea:
1118 5236 1294 5291 rerum'
1315 5249 1584 5292 nostrarum
1607 5258 1767 5294 exem-

199 5297 290 5359 plis
314 5297 512 5365 faciam.
560 5303 613 5347 ει
657 5303 801 5356 certe,
835 5299 930 5365 die:
959 5302 1095 5358 mihi.
1266 5316 1367 5365 regi
1390 5303 1590 5365 assistit,
1616 5318 1765 5356 nonne

201 5359 469 5421 enutimodo
485 5366 697 5421 conatur,
711 5359 976 5409 maximam
991 5373 1108 5421 erga
1123 5359 1261 5412 illum
1280 5359 1506 5413 eihibere
1544 5359 1766 5415 reveren-

198 5418 358 5484 tiam?
382 5419 559 5484 ιζιξοοιιι
582 5418 760 5484 duilio;
799 5433 967 5482 nempe
1005 5418 1065 5471 ut
1085 5435 1172 5484 per
1210 5424 1314 5481 hoc,
1359 5432 1455 5473 etc.
1481 5432 1532 5473 Et
1566 5426 1635 5475 sic
1661 5426 1764 5477 fere

202 5480 380 5540 ubique
402 5479 482 5529 hic
504 5493 627 5529 unus
649 5480 830 5539 Codex,
854 5479 919 5530 ita
944 5486 997 5530 ut
1034 5479 1473 5533 si'vellem'omnia
1499 5485 1672 5535 aﬂ'erre
1693 5487 1764 5535 lc-

201 5541 412 5588 ctionutn
433 5541 721 5595 discrimina,
766 5541 871 5590 fere
904 5550 1004 5591 tota
1043 5542 1237 5593 bomilia
1270 5546 1327 5593 ad
1354 5546 1553 5593 verbum
1578 5550 1763 5595 exscri-

1195 5561 1237 5593 ιίὶ
1270 5561 1327 5593 aa
1354 5561 1553 5593 vernum
1578 5561 1763 5593 8X86“-

201 5576 549 5658 FeE‘és‘s'eT
562 5576 896 5650 Γκῖέριὶῖείιῖλ
906 5576 1553 5654 ῖᾶεἵωέᾶἒῗίὸἵεῒὲῖἱέ
1578 5576 1763 5658 ’ἔδῶ

201 5657 377 5729 άὶςεῃ,
403 5673 501 5710 non
535 5661 785 5729 sensu._In
813 5662 919 5713 aliis
948 5672 1111 5729 autem
1149 5665 1473 5729 Manuscripti's
1506 5680 1612 5717 cum
1633 5657 1761 5719 Edita

203 5719 385 5770 collatis
402 5730 657 5785 perpauca:
680 5724 993 5773 observantur
1014 5726 1290 5776 varietates.

3371 400 3484 457 102

1908 479 2265 534 contractione
2311 480 2468 534 talem
2512 482 2858 537 reverentiam
2905 490 3125 539 conatur
3171 485 3472 546 ostendere.

1908 566 2019 622 lloc
2045 577 2098 623 et
2122 568 2188 621 ab
2212 568 2314 623 illis
2338 569 2662 638 incorporeis
2683 571 2960 627 virtutibus
2988 574 3315 630 observatur.
3340 575 3473 632 Cum

1905 655 2045 710 enim
2064 657 2339 726 plurimam
2361 658 2589 715 habeant
2606 675 2730 730 erga
2745 660 3084 718 Conditorem
3103 668 3473 736 reverentiam,

1904 755 1959 802 et
1988 748 2123 802 hanc
2152 749 2383 820 undique
2411 761 2668 806 conantur
2687 762 2939 821 przustare
2969 771 2983 808 :
3012 756 3202 812 deinde
3224 760 3473 826 quoniam

1904 852 2008 891 non
2030 851 2383 907 assequuntur
2398 842 2535 910 quod
2557 852 2828 912 expetunt,
2848 845 2987 914 quod
3010 846 3279 914 cupiditati
3298 847 3467 914 deest,

1902 926 2004 981 hoc
2033 929 2149 983 velo
2178 930 2447 1000 obtegunt.
2492 930 2638 986 Hanc
2677 933 2745 985 ob
2784 949 2997 988 causam
3031 934 3187 1004 igitur
3211 935 3371 991 facies
3406 953 3469 993 ac

1901 1020 2063 1089 pedes
2092 1030 2267 1091 tegere
2295 1022 2559 1077 dicuntur.
2589 1023 2912 1095 Quamquam
2933 1034 3085 1082 estet
3104 1028 3203 1082 alia
3226 1029 3470 1098 quaadam

1900 1109 2066 1179 magis
2094 1112 2312 1181 mystica
2338 1113 2625 1182 Speculatio
2653 1129 2769 1184 quae
2796 1115 2932 1168 circa
2961 1114 3059 1169 hoc
3081 1117 3465 1185 consideratur,

1899 1213 2005 1253 non
2034 1200 2173 1269 quod
2208 1198 2369 1269 pedes
2395 1216 2455 1256 ac
2483 1201 2644 1258 facies
2684 1203 2908 1259 habeant
2941 1206 3101 1274 (sunt
3121 1208 3260 1261 enim
3290 1209 3467 1263 incor-

1899 1303 2058 1358 porea
2083 1331 2098 1357 ,
2144 1292 2582 1361 quemadmodum
2627 1295 2798 1364 ipsum
2822 1295 3109 1366 Numen),
3139 1298 3229 1353 sed
3270 1307 3329 1352 ut
3364 1298 3466 1354 hoc

1900 1379 2158 1435 humanus
2182 1396 2358 1437 sermo
2378 1384 2608 1439 declaret
2626 1400 2688 1440 ea
2715 1386 2943 1456 undique
2968 1398 3109 1442 metu
3135 1403 3197 1444 ac
3221 1404 3467 1446 reveren-

1900 1469 1967 1523 tia
2008 1470 2192 1526 all‘ecta
2234 1472 2434 1527 servire
2472 1474 2714 1529 Domino.
2760 1476 2847 1529 Sic
2883 1485 3092 1545 oportet
3132 1492 3228 1532 nos
3256 1494 3466 1549 quoque

1896 1561 2143 1616 assistere
2163 1603 2178 1627 ,
2212 1563 2366 1617 talem
2399 1564 2505 1619 Deo
2534 1565 2968 1635 glorificationem
3000 1569 3279 1624 otl'ercntes
3299 1610 3314 1635 ,
3347 1586 3462 1626 me-

1897 1657 2101 1705 tuentes
2149 1665 2211 1705 ac
2240 1658 2547 1718 trementes,
2576 1669 2637 1708 ac
2659 1662 2923 1721 tamquam
2948 1656 3093 1710 illum
3118 1658 3286 1727 ipsum
3314 1674 3463 1713 men-

1897 1739 1962 1793 lis
1990 1739 2157 1795 oculis
2185 1739 2464 1797 intuentes.
2498 1742 2659 1798 Adest
2685 1743 2823 1799 enim
2851 1744 2937 1799 hic
2963 1746 3177 1801 omnino
3201 1748 3289 1817 qui
3316 1749 3463 1803 nullo

1895 1827 2010 1882 loco
2034 1830 2515 1895 circumscribitur,
2552 1846 2811 1902 vocesque
2838 1842 3043 1889 nostras
3078 1844 3337 1891 recenset.
3371 1836 3462 1893 Sic

1894 1917 2052 1987 igitur
2070 1921 2295 1973 contrito
2314 1928 2367 1974 et
2390 1920 2664 1975 humiliato
2682 1920 2843 1977 corde
2864 1922 3069 1978 laudem
3090 1923 3462 1994 depromentes

1894 2005 2175 2060 reddamus
2200 2022 2313 2061 eam
2335 2018 2628 2077 acceptam,
2652 2021 2706 2065 et
2728 2011 2872 2065 velut
2898 2012 3166 2068 incensum
3190 2014 3311 2070 boni
3332 2016 3460 2071 odo-

1892 2094 1967 2149 ris
1991 2094 2056 2149 ad
2085 2095 2270 2149 cadum
2302 2098 2588 2151 mittamus.
2619 2096 2719 2153 Cor
2756 2100 2897 2153 enim
2917 2141 2932 2165 ,
2962 2101 3165 2171 inquit,
3195 2106 3459 2157 contritum

1892 2194 1939 2238 et
1965 2184 2279 2239 Itumitiatum
2308 2186 2439 2242 Deus
2464 2204 2563 2242 non
2593 2189 2826 2259 despiciet
2852 2190 2869 2258 (
2898 2189 3038 2245 Psal.
3068 2192 3155 2248 50.
3188 2193 3255 2249 19
3278 2195 3316 2262 ).
3351 2194 3458 2250 Ve-

1892 2290 2009 2329 rum
2036 2277 2288 2345 pr0pheta
2309 2317 2324 2343 ,
2355 2277 2529 2347 inquis
2548 2319 2564 2346 ,
2593 2278 2902 2334 exhortatur
2931 2290 2987 2336 ut
3009 2295 3128 2336 cum
3151 2282 3318 2351 jubilo
3339 2285 3457 2355 glo-

1891 2364 2239 2421 riﬁcationem
2273 2382 2584 2437 peragamus
2626 2387 2639 2423 :
2682 2369 2941 2438 Jubilate,
2993 2371 3154 2441 inquit
3179 2372 3457 2439 ,Domino,

1891 2455 2051 2508 omnis
2077 2464 2208 2509 terra
2232 2459 2249 2522 (
2271 2456 2413 2510 Psal.
2443 2456 2530 2511 65.
2564 2458 2650 2527 i).
2700 2460 2767 2512 At
2796 2474 2965 2529 neque
2997 2474 3092 2515 nos
3121 2462 3278 2516 talem
3314 2462 3455 2531 jubi-

1890 2545 2136 2601 lationem
2171 2548 2511 2617 prohibemus
2534 2590 2548 2612 ,
2592 2548 2685 2603 sed
2727 2564 2909 2604 vocem
2952 2550 3287 2620 prohibemus
3325 2552 3457 2606 nihil

1888 2636 2267 2706 significantem
2292 2654 2306 2699 ;
2350 2652 2519 2708 neque
2548 2638 2885 2707 prohibemus
2912 2655 3091 2695 vocem
3122 2640 3292 2697 laudis
3314 2683 3328 2707 ,
3360 2643 3455 2697 sed

1889 2742 2071 2781 vocem
2096 2727 2434 2783 absurditatis
2457 2738 2510 2783 et
2533 2729 2870 2796 inconditam,
2894 2746 2954 2786 ac
2976 2740 3183 2788 mutuas
3204 2735 3341 2789 inter
3361 2749 3457 2791 vos

1888 2816 2253 2871 contentiones
2270 2856 2285 2883 ,
2314 2832 2500 2873 manus
2529 2818 2792 2874 incassum
2818 2828 3119 2891 temereque
3142 2823 3373 2880 sublatas
3400 2826 3455 2882 in

1886 2922 2082 2973 aerem,
2102 2907 2262 2977 pedes
2279 2908 2705 2978 supplaudentes,
2723 2910 3002 2966 indecoros
3022 2912 3457 2987 effeminatosqus

1888 3014 2083 3065 mores,
2110 3014 2229 3068 qua:
2254 3008 2377 3053 sunt
2396 3014 2601 3069 eorum,
2626 3001 2789 3070 quiin
2812 3002 3029 3057 theatris
3050 3018 3112 3059 ac
3131 3006 3455 3063 circensibus

1885 3091 2024 3145 ludis
2052 3100 2347 3157 versantur,
2379 3091 2599 3146 ludicra.
2637 3092 2788 3147 lllinc
2812 3094 2963 3148 nobis
2990 3096 3282 3165 perniciosa
3306 3098 3455 3155 invo-

1885 3182 2081 3236 huntur
2107 3182 2365 3253 exempla,
2398 3183 2542 3239 illinc
2567 3184 2874 3255 irreligiosus
2898 3187 3243 3259 vulgaresque
3272 3204 3451 3257 voces,

1886 3272 2030 3327 illinc
2056 3287 2306 3328 manuum
2338 3273 2529 3343 inepta:
2556 3275 2982 3344 gesticulationes
3004 3320 3019 3345 ,
3050 3280 3412 3337 contentiones
3433 3321 3451 3349 ,

1884 3365 2303 3420 concertationes
2323 3405 2337 3430 ,
2365 3379 2426 3420 ac
2451 3379 2628 3421 mores
2654 3365 3005 3437 incompositi.

1954 3454 2008 3507 4.
2049 3453 2350 3523 Spectacula
2391 3455 2593 3523 publica
2628 3456 2851 3523 vitanda,
2890 3474 3061 3525 quare.
3084 3460 3321 3517 —Nulla
3358 3478 3449 3518 res

1884 3543 2029 3597 enim
2055 3557 2203 3612 :cquc
2226 3542 2432 3613 eloquia
2457 3544 2547 3598 Dei
2572 3544 2785 3600 adducit
2810 3547 2859 3599 in
2886 3558 3264 3618 contemptum,
3293 3563 3451 3624 atquo

1884 3632 2301 3701 spectaculorum
2330 3647 2448 3701 qua:
2474 3633 2578 3687 illic
2607 3646 2972 3704 proponuntur
2996 3637 3293 3695 admiratio.
3321 3642 3449 3697 Pro.

1884 3722 2005 3776 inde
2032 3720 2334 3790 frequenter
2358 3736 2446 3775 vos
2479 3720 2717 3777 hortatus
2746 3740 2881 3789 sum,
2911 3741 2978 3781 ne
3005 3729 3122 3797 quis
3150 3744 3331 3786 eorum
3356 3736 3446 3802 qui

1883 3811 1986 3865 huc
2014 3811 2332 3877 adveniunt,
2360 3810 2641 3882 divinaque
2668 3813 2905 3869 doctrina
2936 3817 3175 3873 fruuntur
3194 3860 3209 3884 ,
3252 3824 3446 3892 quique

1884 3900 2145 3955 tremendi
2172 3916 2233 3955 ac
2263 3902 2468 3971 mystici
2499 3903 2777 3972 participes
2804 3914 2926 3959 sunt
2953 3910 3193 3963 sacriﬁcii
3213 3952 3227 3974 ,
3254 3913 3319 3966 ad
3356 3915 3445 3970 illa

1882 3991 1984 4045 iret
2009 3990 2305 4059 spectacula
2330 4031 2344 4055 ,
2374 4005 2473 4045 neu
2504 3991 2675 4045 divina
2705 4007 2821 4047 cum
2853 3994 3189 4053 daemoniacis
3220 4004 3442 4057 commi-

1880 4091 2053 4135 sceret
2077 4081 2346 4151 mysteria.
2394 4082 2639 4137 Attamen
2681 4086 2920 4141 nonnulli
2950 4103 3115 4158 usque
3139 4091 3271 4148 adeo
3299 4095 3443 4150 insa-

1880 4170 2048 4234 niunt,
2076 4178 2135 4223 ut
2158 4170 2314 4224 etiam
2342 4184 2461 4223 cum
2490 4172 2718 4240 Speciem
2747 4175 3016 4242 gravitatis
3044 4193 3108 4234 ac
3134 4186 3444 4242 reverentia

1878 4261 2086 4329 plenam
2116 4258 2513 4323 circumferant.
2542 4271 2594 4315 et
2622 4262 2687 4316 ad
2713 4263 3020 4332 profundam
3048 4273 3291 4326 canitiem
3318 4290 3442 4343 per-

1876 4351 2120 4406 venerint
2144 4391 2157 4416 ,
2187 4350 2352 4404 nihilo
2381 4365 2534 4406 secus
2562 4366 2773 4407 currant
2804 4355 2869 4409 ad
2898 4357 2984 4410 illa
3005 4400 3020 4424 ,
3050 4374 3219 4430 neque
3246 4368 3441 4422 nostris

1877 4442 2207 4496 sermonibus
2254 4442 2604 4495 auscultantes
2631 4482 2646 4505 ,
2690 4458 2861 4512 neque
2910 4449 3174 4518 propriam
3225 4457 3439 4512 rever-iii

1876 4532 2125 4601 speciem.
2177 4530 2368 4584 Verum
2397 4531 2602 4599 quoties
2630 4531 2706 4585 eis
2735 4531 2873 4588 hunc
2912 4549 3209 4595 sermonem
3239 4542 3436 4615 ingeri-

1876 4640 2024 4691 mus,
2058 4633 2109 4677 ct
2137 4632 2192 4676 ut
2216 4622 2459 4677 canitiem
2489 4623 2901 4695 gravitatemque
2920 4641 3069 4684 suam
3098 4646 3440 4692 revereantur

1873 4714 2217 4767 adhortamur
2243 4754 2257 4777 ,
2289 4728 2447 4782 quam
2486 4714 2701 4768 frivolus
2731 4714 2933 4770 illorum
2958 4759 2974 4784 ,
3004 4736 3159 4789 quam
3187 4726 3438 4783 ridiculus

1873 4804 2081 4858 sermo!
2112 4803 2444 4872 Exemplum,
2476 4802 2712 4874 inquiunt
2734 4845 2749 4867 ,
2781 4805 3015 4862 victoriae
3042 4826 3158 4880 quae
3183 4814 3233 4868 in
3260 4816 3439 4871 futuro

1872 4897 2064 4951 saeculo
2083 4897 2185 4951 erit
2208 4905 2261 4952 et
2286 4911 2598 4951 coronarum
2625 4905 2746 4952 sunt
2772 4899 2857 4952 illa
2887 4900 3264 4972 plurimamque
3287 4906 3432 4964 illine

1872 4988 2150 5043 utilitatem
2175 4987 2470 5043 referimus.
2500 4986 2631 5053 Quid
2658 4988 2735 5041 ais
2758 5029 2771 5054 ,
2800 4988 2996 5043 homo?
3021 4988 3300 5050 Obsoletus
3328 4995 3435 5053 isto

1871 5092 2048 5132 sermo
2074 5078 2090 5107 ί
2115 5085 2196 5130 est
2221 5091 2282 5129 ac
2304 5075 2519 5129 fallaciae
2545 5076 2751 5145 plenus.
2782 5076 2929 5131 Unde
2952 5079 3223 5134 utilitatem
3246 5082 3436 5141 isthinc

1871 5167 2077 5221 refers?
2106 5182 2170 5220 cx
2196 5164 2480 5219 innumeris
2505 5166 2948 5234 contentionibus,
2972 5184 3034 5223 ex
3059 5178 3257 5229 temere
3284 5175 3434 5233 factis

1867 5257 2179 5325 jnramentis
2207 5258 2255 5310 in
2285 5257 2535 5310 damnum
2564 5256 2927 5324 loquentium?
2963 5274 3028 5313 an
3065 5275 3127 5316 ex
3157 5272 3430 5321 contume-

1871 5348 1955 5401 liis
1979 5389 1992 5411 ,
2029 5348 2275 5401 conviciis
2295 5388 2308 5411 ,
2339 5347 2817 5416 scommatibusque
2841 5388 2855 5412 ,
2887 5348 3072 5417 quibus
3112 5363 3433 5420 spectatores

1871 5436 2124 5505 ejusmodi
2152 5450 2323 5489 rerum
2351 5450 2408 5489 se
2430 5446 2611 5489 mutuo
2635 5436 3023 5505 conspergunt?
3045 5436 3233 5492 Verum
3252 5454 3317 5496 ex
3339 5440 3422 5496 his

1870 5528 1997 5581 nihil
2030 5526 2263 5580 utilitatis
2292 5524 2357 5580 ad
2388 5535 2437 5580 te
2467 5527 2601 5580 redit
2636 5542 2647 5577 :
2681 5540 2750 5579 an
2780 5540 2906 5580 vero
2936 5525 3095 5579 ullam
3116 5532 3331 5589 omnino
3350 5550 3415 5591 ex

1932 5731 1947 5761 ⁸
1983 5727 2136 5785 Alius,
2161 5730 2289 5775 teste
2311 5723 2499 5784 Savilio,
2525 5720 2757 5773 ridiculus
2773 5721 2859 5773 iste
2880 5733 3058 5773 senm).
