4064 6214
585 364 698 420 103

576 474 943 546 incompositis
966 469 1181 528 vocibus
1204 507 1220 534 ,
1246 475 1300 522 et
1337 463 1473 521 nihil
1517 457 2110 546 signiﬁcanteclamore
2131 490 2149 518 ,

579 579 714 634 eque
741 543 954 631 pulvere
979 558 1069 630 qui
1097 555 1374 620 emittitur,
1407 561 1517 606 tum
1546 565 1614 605 ex
1645 548 1708 602 iis
1735 546 1823 617 qui
1856 543 2153 614 impellunt,

579 655 666 722 qui
689 650 795 706 vim
818 650 1031 715 iaciunt,
1052 647 1142 719 qui
1162 659 1342 701 coram
1365 640 1670 698 mulieribus
1689 637 1906 693 delicias
1929 634 2123 690 faciunt
2137 673 2152 696 ,

584 743 858 797 utilitatem
879 738 1124 809 colligis?
1149 733 1308 801 Atqui
1328 731 1424 812 ‘bic
1446 729 1657 801 quidem
1683 728 1854 797 ipsum
1878 722 2154 778 Dominum

584 831 889 900 angelorum
919 843 1105 883 omnes
1130 824 1398 896 propheta:
1415 820 1765 886 doctoresque
1787 828 1948 883 super
1963 812 2153 868 solium

579 922 848 978 excelsum
873 929 928 975 et
952 918 1214 974 elevatum
1239 911 1542 974 ostendunt,
1568 909 1736 978 iisque
1756 904 1846 976 qui
1867 903 2010 973 digni
2034 909 2157 956 sunt

580 1014 760 1069 bravia
784 1018 838 1066 et
863 1023 1089 1065 coronas
1111 1004 1531 1066 distribuentem,
1557 997 1787 1069 indignis
1807 1011 1935 1051 vero
1956 993 2157 1066 gehen-

582 1119 703 1159 nam
743 1112 797 1158 et
833 1102 1006 1173 ignem
1048 1098 1439 1167 assignantem;
1486 1103 1539 1148 et
1576 1091 1688 1160 ipse
1717 1090 1874 1144 etiam
1903 1086 2156 1142 Dominus

582 1195 685 1249 hoc
712 1192 1007 1249 conﬁrmat.
1057 1185 1318 1258 Numquid
1360 1185 1474 1240 ιιωο
1497 1181 1710 1253 quidem
1739 1178 2035 1234 contemnis
2057 1217 2073 1244 ,
2102 1175 2154 1229 in

577 1286 766 1356 quibus
797 1284 952 1338 etiam
977 1277 1310 1336 conscientiae
1339 1285 1512 1329 terror
1539 1281 1640 1338 est,
1666 1281 1720 1326 et
1748 1269 2003 1324 factorum
2030 1266 2151 1322 red-

579 1377 785 1447 argutio
832 1375 1200 1440 ratiomunque
1247 1363 1636 1423 reddendarum
1665 1361 1925 1423 anxietas.
1955 1368 2158 1427 etsup-

579 1465 793 1534 plicium
819 1459 1120 1518 inevitabile
1149 1476 1161 1511 :
1191 1467 1247 1512 ut
1267 1465 1444 1512 autem
1467 1453 1747 1509 absurdam
1772 1449 2008 1506 invenias
2033 1462 2157 1518 spe-

580 1551 908 1608 ctacnlorum
934 1590 948 1614 ,
990 1548 1181 1618 quibus
1209 1559 1496 1615 suspensus
1525 1541 1718 1607 inhias,
1737 1539 2153 1601 excusationem,

580 1641 714 1696 dicis
745 1648 796 1695 te
825 1639 1104 1694 utilitatem
1130 1650 1322 1706 capere
1351 1649 1416 1689 ex
1446 1633 1526 1687 his
1544 1672 1561 1698 ,
1589 1647 1652 1686 ex
1682 1629 1873 1699 quibus
1897 1629 2157 1698 jacturam

582 1731 779 1800 pateris
824 1724 1300 1784 inconsolabilem?
1347 1724 1496 1794 Rogo
1538 1722 1696 1778 etiam
1746 1729 1905 1790 atque
1952 1719 2155 1774 etiam:

580 1823 932 1889 obsecroque,
963 1833 1030 1873 ne
1057 1816 1427 1874 excusationes
1455 1826 1769 1868 excusemus
1795 1811 1846 1865 in
1881 1810 2109 1880 peccatis
2139 1828 2153 1864 :

582 1919 868 1981 prmtextus
906 1911 1046 1966 enim
1086 1909 1184 1964 ista
1224 1916 1347 1962 sunt
1383 1921 1445 1960 ac
1480 1906 1720 1973 deccptio
1743 1944 1758 1967 ,
1789 1903 1982 1973 quibus
2007 1901 2160 1956 nobis

585 2001 713 2069 ipsis
742 2001 991 2055 damnum
1019 2000 1358 2055 accersimus.
1388 1995 1587 2051 Verum
1618 1994 1684 2049 de
1715 1994 1796 2047 his
1827 1992 2039 2063 quidem
2065 1992 2160 2046 ha-

580 2100 766 2145 ctenus
797 2108 810 2142 :
843 2099 1052 2158 tempus
1082 2095 1258 2142 autem
1288 2095 1370 2139 est
1396 2093 1452 2138 ut
1475 2084 1583 2153 jam
1623 2082 1688 2136 ad
1719 2083 1948 2153 priorem
1980 2095 2159 2136 recur-

583 2193 759 2234 ramus
795 2177 1206 2232 admonitionem
1229 2215 1244 2239 ,
1272 2183 1432 2243 atque
1475 2181 1532 2227 ut
1560 2174 1740 2240 paucis
1776 2171 1841 2226 de
1870 2185 1932 2226 ea
1959 2169 2160 2240 loquuti

583 2269 816 2324 debitum
854 2267 1075 2322 orationi
1107 2266 1266 2321 [luem
1293 2265 1646 2332 imponamus.
1687 2262 1867 2330 Neque
1891 2262 2028 2316 enim
2058 2260 2160 2314 hoc

585 2359 756 2414 solum
785 2367 1051 2428 peccatur,
1079 2354 1218 2426 quod
1243 2369 1360 2425 quae
1389 2353 1473 2406 hic
1499 2352 1629 2406 ﬁunt
1658 2367 1840 2421 parum
1869 2365 1966 2420 pro
1991 2349 2160 2419 digni-

587 2458 694 2503 tate
735 2457 1095 2518 peraguntur,
1137 2459 1320 2501 verum
1363 2443 1522 2497 etiam
1561 2441 1694 2495 alius
1735 2440 1946 2508 quidam
1983 2438 2160 2508 gravis

590 2537 897 2592 obambulat
938 2536 956 2569 ⁸
1001 2534 1237 2590 morbus.
1284 2532 1412 2599 Quis
1454 2530 1664 2586 tandem
1706 2531 1840 2585 iste?
1883 2528 2031 2597 Quod
2072 2529 2160 2597 qui

588 2636 974 2697 preposuerunt
999 2642 1120 2680 cum
1156 2625 1266 2680 Deo
1291 2623 1558 2692 colloqui,
1587 2624 1740 2692 eique
1777 2620 1997 2691 gloriam
2024 2619 2160 2674 refe-

587 2727 713 2771 runt
731 2717 774 2781 ',
814 2730 940 2771 mox
979 2715 1080 2769 hoc
1109 2713 1306 2768 omisso
1338 2727 1490 2767 suum
1523 2712 1742 2781 quisque
1771 2711 2000 2764 vicinum
2025 2710 2170 2763 ειη-ἰ·

589 2808 774 2876 piunt,
805 2807 1155 2876 ordinantque
1193 2819 1281 2859 res
1307 2803 1626 2860 domesticas
1649 2838 1664 2868 ,
1693 2816 1916 2870 qumque
1946 2799 2078 2854 ﬁunt
2108 2800 2160 2854 in

592 2898 734 2965 t‘oro,
757 2912 876 2967 qua:
898 2897 950 2950 in
976 2895 1187 2966 populo,
1210 2909 1328 2964 qua:
1354 2895 1405 2948 in
1429 2893 1666 2957 theatris,
1692 2907 1808 2962 qua:
1830 2893 1880 2946 in
1901 2892 2158 2958 exercitu,

591 2995 646 3042 et
672 2985 936 3057 quomodo
962 2985 1062 3040 alia
1092 2983 1304 3054 quidem
1332 2991 1454 3038 sunt
1483 2981 1843 3036 administrata
1866 3020 1883 3048 ,
1913 2981 2012 3034 alia
2039 2996 2161 3035 rur-

589 3091 682 3130 sus
708 3075 961 3146 ueglecta,
990 3082 1046 3129 et
1072 3073 1198 3144 quid
1221 3072 1273 3126 in
1298 3069 1544 3141 gerendis
1571 3069 1729 3124 rebus
1752 3069 1871 3138 plus
1895 3069 2022 3123 satis
2047 3067 2162 3123 iuc-

589 3167 696 3231 rit,
727 3166 849 3235 quid
880 3164 1194 3220 diminutum
1227 3180 1240 3215 :
1273 3162 1324 3217 in
1355 3175 1561 3217 summa
1584 3199 1598 3224 ,
1638 3159 1704 3214 de
1735 3158 1892 3213 rebus
1918 3158 2165 3213 omnibus

590 3255 675 3310 vel
715 3255 940 3325 publicis
963 3293 977 3320 ,
1009 3253 1093 3308 vel
1133 3251 1384 3322 privatis,
1419 3248 1509 3305 hic
1544 3248 1935 3318 colloquuntur.
1968 3247 2034 3302 Et
2060 3263 2164 3317 qua

588 3345 800 3399 tandem
832 3344 981 3398 venia
1008 3343 1164 3412 digna
1193 3350 1314 3394 sunt
1337 3339 1473 3395 ista?
1501 3339 1660 3408 Atqui
1697 3340 1740 3392 is
1769 3340 1857 3407 qui
1882 3353 2002 3393 cum
2041 3353 2164 3406 rege

592 3442 803 3488 terreno
821 3431 1165 3499 colloquitur,
1195 3429 1260 3484 de
1287 3427 1368 3481 his
1393 3435 1596 3482 tantum
1623 3427 1783 3480 verba
1809 3427 1931 3482 iacit
1956 3425 2022 3481 de
2047 3425 2165 3496 qui-

591 3523 692 3576 bus
712 3521 803 3577 ille
833 3521 1059 3575 voluerit
1091 3518 1272 3574 audire
1295 3558 1311 3584 ,
1341 3526 1397 3572 et
1420 3515 1488 3572 de
1516 3515 1707 3586 quibus
1734 3531 1822 3571 rex
1854 3516 2008 3571 fuerit
2039 3531 2162 3586 per-

588 3620 866 3673 contatus;
912 3609 1056 3679 quod
1101 3609 1146 3663 si
1186 3609 1303 3677 quis
1343 3608 1484 3662 ausit
1523 3606 1720 3677 aliquid
1765 3605 1981 3676 injicere
2010 3621 2163 3661 secus

593 3719 749 3774 quam
777 3703 863 3758 ille
889 3703 1047 3766 velit,
1077 3709 1315 3755 extremo
1341 3698 1598 3769 supplicio
1623 3698 1883 3753 afﬁcietur
1913 3714 1925 3749 :
1956 3705 2011 3751 tu
2039 3713 2164 3752 vero

593 3812 712 3851 cum
754 3795 896 3864 Rege
931 3808 1110 3863 regum
1143 3792 1448 3863 colloquens
1472 3831 1486 3858 ,
1520 3790 1605 3845 cui
1633 3805 1753 3845 cum
1785 3798 2014 3844 tremore
2047 3805 2164 3843 ser-

594 3892 742 3944 viunt
767 3888 960 3958 angeli,
983 3887 1179 3941 omisso
1199 3901 1320 3940 cum
1341 3884 1431 3939 illo
1453 3893 1627 3954 empto
1647 3897 1913 3948 sermone,
1936 3881 2005 3937 de
2029 3881 2161 3946 luto,

592 3980 661 4034 de
697 3979 945 4048 pulvere,
976 3976 1042 4030 de
1072 3976 1192 4029 telis
1220 3989 1529 4028 aranearum
1559 3971 1826 4042 loqueris?
1856 3971 1991 4026 Nihil
2022 3971 2164 4025 enim

595 4067 736 4120 aliud
764 4075 887 4120 sunt
912 4065 1065 4133 hujus
1092 4064 1210 4118 vita:
1240 4064 1465 4132 negotia.
1501 4063 1563 4116 Et
1588 4061 1852 4131 quomodo
1879 4061 2164 4116 sustinebis

593 4159 745 4211 istius
769 4163 1099 4223 contemptus
1127 4153 1376 4222 pcenam?
1402 4153 1522 4222 quis
1545 4162 1721 4206 autem
1748 4162 1799 4207 te
1824 4152 1892 4206 ab
1923 4152 2020 4206 hac
2043 4153 2163 4206 vin-

592 4247 730 4302 dicta
760 4245 1044 4301 liberabit?

663 4338 959 4408 Principum
1001 4334 1299 4407 negligentia
1332 4348 1465 4404 sape
1489 4332 1712 4386 nascitur
1737 4348 1798 4386 ea:
1822 4332 1973 4400 culpa
1999 4349 2163 4402 ρεριιο

589 4430 649 4484 ii.
683 4458 753 4469 —
798 4428 991 4482 Verum
1019 4425 1155 4480 haud
1181 4433 1325 4480 recte
1346 4440 1404 4478 se
1435 4423 1658 4485 habent,
1689 4422 1956 4490 inquiunt,
1985 4423 2162 4490 reipu-

589 4518 745 4573 blicae
771 4517 976 4587 negotia
996 4557 1008 4580 ,
1040 4515 1107 4570 de
1134 4515 1215 4569 his
1243 4514 1551 4584 plerumque
1581 4511 1877 4580 loquimur,
1906 4508 2049 4564 etde
2079 4509 2162 4563 his

591 4609 803 4662 solliciti
849 4609 1096 4677 anxiique
1132 4620 1334 4660 sumus.
1363 4603 1500 4670 Quid
1542 4610 1715 4657 autem
1747 4601 1799 4655 in
1829 4600 2025 4655 causa?
2056 4599 2162 4654 Eo-

589 4713 706 4751 rum
731 4737 746 4760 ,
774 4697 1047 4766 inquiunt,
1070 4697 1157 4765 qui
1180 4697 1541 4764 magistratum
1561 4701 1780 4760 gerunt,
1807 4693 2158 4762 incogitantia.

591 4785 702 4839 Non
740 4790 826 4837 est
853 4782 1234 4853 magistatuum
1260 4780 1610 4850 incogitantia
1633 4820 1648 4845 ,
1681 4782 1772 4837 sed
1803 4791 1980 4836 nostra
2025 4781 2166 4849 inju-

589 4874 755 4940 stitia,
782 4879 836 4929 et
873 4887 1028 4942 pinna
1056 4878 1139 4926 est
1179 4883 1274 4938 pro
1302 4868 1498 4922 nostris
1523 4869 1814 4925 sceleribus
1840 4879 2042 4925 exacta.
2073 4871 2166 4926 illa

591 4972 780 5018 cuncta
806 4976 1013 5017 sursum
1035 4960 1280 5014 deorsum
1304 4957 1548 5025 miscuit,
1573 4958 1660 5011 illa
1690 4960 1942 5029 quidquid
1971 4970 2054 5016 est
2078 4975 2171 5015 ca-

592 5053 883 5106 lamitatum
914 5049 1146 5113 invexit,
1189 5048 1272 5102 illa
1315 5048 1540 5101 armavit
1577 5047 1792 5114 hostes,
1841 5050 1925 5104 illa
1957 5049 2081 5105 fecit
2109 5059 2167 5106 ut

592 5143 713 5196 victi
743 5142 1157 5197 discederemus.
1188 5138 1302 5193 Non
1330 5137 1539 5191 aliunde
1567 5136 1720 5191 nobis
1745 5137 2005 5192 malorum
2035 5154 2162 5193 exa-

589 5247 710 5286 men
742 5231 1044 5295 inundavit,
1072 5244 1226 5298 quam
1249 5243 1314 5282 ex
1337 5225 1435 5281 hac
1458 5241 1634 5281 causa.
1667 5225 1894 5280 Proinde
1923 5227 2163 5296 quamvis

593 5321 854 5376 Abraham
873 5320 1136 5389 quiSpiam
1156 5327 1296 5373 esset
1317 5317 1404 5387 qui
1429 5319 1711 5386 imperaret
1735 5357 1747 5379 ,
1791 5318 2031 5386 quamvis
2057 5317 2165 5371 ilio-

590 5426 676 5467 ses
697 5453 710 5476 ,
739 5411 975 5481 quamvis
1006 5407 1199 5471 David,
1225 5408 1467 5477 quamvis
1495 5404 1742 5461 Salomon
1770 5405 1856 5460 ille
1883 5406 2166 5475 sapientis-

591 5506 756 5556 simus
775 5541 788 5566 ,
811 5499 1048 5570 quamvis
1067 5496 1302 5552 omnium
1327 5497 1596 5551 hominum
1614 5495 1937 5565 justissimus
1961 5513 1974 5550 :
2003 5499 2045 5552 si
2068 5513 2164 5552 nos

656 5634 671 5696 ἢ
711 5628 1090 5696 Alius,invaluit,
1111 5640 1214 5689 pro,
1239 5624 1528 5696 obambulat.
1597 5686 1607 5696 ο
1752 5685 1763 5696 .
1827 5687 1837 5696 _

658 5695 678 5723 ³
706 5685 1022 5752 Δυιιείιλῡθι,
1039 5685 1174 5753 eaque
1191 5685 1418 5748 serviunt,
1438 5700 1542 5748 pro,
1561 5686 1696 5752 eique
1713 5685 1916 5751 gloriam
1933 5691 2159 5753 referunt.

1300 355 1359 412 S.
1396 348 1671 410 JOANNIS
1706 339 2174 403 CHRYSOS'IDMI
2211 339 2531 398 ARClllEP.
2571 340 3099 402 CONSTANTINOP.

3746 349 3857 407 10.4

2261 455 2398 510 male
2436 457 2692 521 vivimus,
2728 459 2857 513 nihil
2888 460 3108 517 interest
3134 460 3308 534 qualis
3337 458 3430 518 ille
3457 459 3554 526 sit,
3590 473 3846 534 quantum

2259 543 2326 598 ad
2352 560 2566 600 causam
2591 549 2869 603 malorum.
2899 549 3001 617 Qui
3026 552 3106 606 sic
3126 593 3141 619 ,
3169 561 3260 607 aut
3281 552 3486 625 quare?
3513 552 3774 620 Quoniam
3801 555 3846 610 si

2263 643 2621 706 transgressor
2642 637 2817 708 legum
2840 639 3000 696 fuerit
3016 682 3033 708 ,
3055 642 3101 697 si
3125 650 3325 698 temere
3348 643 3597 714 nulloque
3622 643 3847 700 consilio

2260 726 2495 794 feratur,
2525 739 2706 784 nostra
2735 731 3077 802 incogitantia
3108 743 3394 805 nostraque
3419 735 3692 791 temeritas
3717 736 3848 793 οσο-

2260 815 2367 880 cit,
2398 826 2454 870 ut
2481 816 2637 873 talem
2664 819 3030 890 magistratum
3059 822 3376 880 haberemus
3395 863 3411 890 ,
3437 832 3616 880 nostra
3643 825 3844 882 scelera

2263 905 2466 976 plagam
2487 908 2865 962 accersierunt.
2894 909 3028 965 Nam
3051 910 3192 981 quod
3234 912 3520 969 secundum
3559 913 3719 970 corda
3748 929 3846 969 no-

2262 1006 2370 1052 stra
2399 998 2686 1068 accipimus
2713 1000 3050 1071 magistratus
3078 1003 3210 1057 nihil
3238 1004 3380 1060 aliud
3419 1015 3531 1072 est,
3557 1006 3660 1062 nisi
3703 1006 3844 1076 quod

2261 1089 2527 1158 praeterita
2581 1099 2794 1159 peccata
2835 1099 3016 1148 nostra
3061 1093 3218 1149 talem
3249 1094 3402 1150 nobis
3429 1094 3623 1151 dedere
3653 1095 3842 1166 praeie—

2261 1187 2406 1234 ctum
2427 1220 2443 1246 ,
2481 1179 2592 1235 sive
2623 1182 2739 1249 quis
2763 1179 2921 1237 fuerit
2948 1198 3016 1238 ex
3042 1183 3230 1240 ordine
3259 1184 3607 1252 sacerdotali,
3637 1187 3750 1243 sive
3783 1200 3850 1240 ex

2260 1285 2446 1326 eorum
2468 1288 2690 1328 numero
2713 1274 2800 1344 qui
2826 1274 3120 1330 mundanas
3143 1276 3512 1333 administrant
3535 1278 3841 1348 dignitates.

2260 1359 2513 1427 Quamvis
2554 1370 2731 1418 autem
2767 1362 2942 1432 justus
2991 1363 3184 1431 fuerit,
3236 1365 3476 1437 adeoque
3523 1366 3734 1436 justus,
3781 1378 3843 1423 ut

2261 1465 2430 1520 usque
2457 1451 2524 1506 ad
2563 1452 2722 1508 Hosis
2751 1453 2996 1508 virtutem
3019 1455 3302 1527 pertingat,
3328 1456 3464 1512 haud
3498 1469 3672 1516 tamen
3702 1459 3842 1516 illius

2262 1541 2416 1595 unius
2459 1541 2663 1611 justitia
2709 1543 2966 1600 immensa
2994 1546 3011 1576 ¹
3043 1545 3371 1602 subditorum
3405 1559 3620 1618 peccata
3651 1549 3844 1606 valebit

2261 1631 2552 1702 obtegere:
2597 1634 2756 1704 idque
2783 1637 2980 1704 poterit
3008 1638 3128 1708 quis
3152 1652 3220 1693 ex
3247 1638 3361 1710 ipso
3389 1639 3534 1695 Moss
3571 1650 3721 1696 certo
3746 1655 3841 1697 co-

2261 1737 2537 1793 gnoscere.
2567 1724 2702 1780 Cum
2729 1727 2981 1782 enimille
3003 1728 3185 1786 multis
3214 1730 3388 1786 modis
3411 1729 3640 1788 alliictus
3659 1731 3844 1790 iuissct

2264 1829 2361 1884 pro
2390 1813 2547 1870 lsracl
2565 1857 2580 1880 ,
2613 1816 2973 1888 instanterque
3009 1819 3149 1889 apud
3179 1821 3347 1876 Deum
3373 1821 3754 1892 supplicasset,
3784 1832 3845 1879 ut

2265 1913 2463 1960 terram
2505 1907 2817 1975 promissam
2863 1908 2918 1962 in
2959 1917 3160 1964 sortem
3203 1909 3309 1965 illis
3352 1912 3620 1980 traderet,
3668 1921 3840 1968 tamen

2263 1995 2510 2065 quoniam
2551 2011 2610 2051 se
2647 1997 2872 2066 populus
2898 1997 3008 2052 suis
3047 1999 3280 2068 peccatis
3307 2000 3607 2056 reddiderat
3631 2001 3702 2057 ab
3743 2001 3843 2060 hac

2265 2085 2595 2153 promissone
2618 2085 2847 2141 alienum
2868 2127 2884 2153 ,
2909 2102 3016 2141 non
3045 2089 3211 2157 potuit
3241 2088 3401 2144 Hosis
3437 2089 3742 2159 deprecatio
3761 2092 3844 2162 ju-

2264 2183 2401 2228 stam
2432 2177 2524 2229 Dei
2554 2177 2867 2231 sententiam
2907 2177 3220 2246 immutare,
3249 2193 3355 2250 quo
3394 2178 3592 2236 factum
3616 2191 3674 2236 ut
3702 2191 3843 2238 totus

2264 2261 2351 2316 ille
2376 2263 2599 2332 populus
2642 2265 2693 2318 in
2719 2264 2932 2320 deserto
2963 2275 3406 2335 prosterneretur.
3436 2269 3682 2325 Attamen
3725 2272 3845 2342 quis

2263 2350 2405 2404 Mose
2431 2351 2648 2419 justior,
2676 2362 2766 2407 aut
2809 2355 2928 2423 quis
2972 2355 3088 2424 plus
3133 2356 3300 2411 valuit
3321 2358 3460 2428 apud
3517 2359 3721 2415 Deum?
3752 2361 3844 2416 Di-

2262 2450 2406 2494 ctum
2431 2450 2546 2504 est,
2572 2442 2748 2497 valere
2783 2442 2913 2511 justi
2952 2444 3410 2514 deprecationem,
3437 2447 3531 2503 sed
3572 2448 3842 2505 efﬁcacem

2265 2529 2405 2598 (Jac.
2425 2531 2478 2585 5.
2509 2531 2618 2600 to),
2637 2532 2737 2587 hoc
2761 2542 2863 2600 est,
2885 2535 3194 2603 poenitentia
3218 2537 3668 2610 conversioneque
3689 2538 3842 2609 adju-

2266 2632 2371 2675 tam
2400 2637 2581 2677 eorum
2601 2662 2618 2689 ,
2661 2639 2759 2694 pro
2784 2626 2976 2695 quibus
3018 2625 3271 2682 funditur.
3319 2628 3414 2684 His
3442 2645 3570 2686 vero
3591 2672 3608 2698 ,
3651 2631 3845 2702 quibus

2265 2728 2441 2768 mores
2481 2724 2694 2772 manent
2732 2715 2848 2772 sine
2895 2717 3204 2786 paenitentia
3234 2719 3469 2790 citraque
3494 2721 3684 2776 bonam
3710 2736 3845 2778 eon-

2264 2804 2560 2858 versionem
2578 2845 2593 2869 ,
2620 2805 2884 2874 quomodo
2908 2807 3074 2876 possit
3092 2809 3334 2865 auxiliari
3352 2809 3477 2882 justi
3495 2811 3805 2882 deprecatio
3823 2852 3840 2879 ,

2263 2906 2383 2946 cum
2416 2893 2490 2945 illi
2521 2893 2618 2962 ipsi
2647 2893 2756 2949 suis
2781 2893 2930 2948 factis
2958 2895 3257 2952 obsistant?

2340 2982 2392 3038 5.
2424 2981 2492 3037 Et
2510 2983 2634 3054 quid
2652 2999 3132 3042 commemoramus
3153 2987 3254 3044 hoc
3271 2988 3526 3046 accidisse
3551 2991 3645 3046 toti
3671 2995 3844 3063 popu-

2265 3070 2317 3124 lo
2345 3072 2612 3139 peceanti,
2657 3088 2777 3127 cum
2817 3082 2870 3129 et
2915 3089 3198 3144 paucorum
3227 3077 3560 3135 subditorum
3588 3090 3841 3151 peccata,

2268 3165 2373 3216 imo
2393 3164 2546 3215 unius
2564 3177 2725 3232 stupe,
2743 3163 2886 3232 juste
2907 3164 3275 3234 imperantium
3295 3166 3535 3222 ﬁduciam
3557 3172 3846 3239 superent?

2267 3255 2440 3323 Atque
2482 3252 2582 3308 hoc
2623 3267 2804 3308 rursus
2843 3268 2908 3309 ex
2952 3255 3143 3310 eodem
3180 3256 3374 3326 popqu
3405 3257 3692 3316 Israelitico
3720 3275 3846 3330 per-

2267 3343 2457 3411 spicias
2486 3343 2699 3410 licebit;
2745 3344 3012 3415 quomodo
3037 3345 3242 3402 scilicet
3279 3347 3424 3406 Mose
3465 3350 3845 3421 rempublicam

2266 3431 2668 3487 administrante
2687 3474 2701 3497 ,
2731 3448 2849 3488 cum
2879 3434 2932 3488 in
2959 3443 3154 3490 terram
3179 3437 3592 3509 alienigenarum
3621 3440 3847 3512 irrupis-

2267 3531 2416 3589 sent,
2446 3538 2778 3594 pugnamque
2797 3527 3463 3598 cumilliscommisissent,
3485 3529 3696 3599 quidam
3725 3531 3846 3586 illo-

2266 3629 2385 3668 rum
2431 3615 2752 3670 insanientes
2795 3616 2848 3671 in
2888 3616 3098 3672 illorum
3141 3619 3417 3687 mulieres,
3462 3621 3620 3677 totius
3665 3623 3845 3694 populi

2266 3704 2471 3759 cladem
2494 3704 2815 3777 exitiumque
2837 3707 3172 3765 invexerunt.

2340 3796 2569 3850 Historia
2599 3798 2786 3851 Achar.
2806 3797 2955 3855 Iesus
2970 3799 3120 3857 Nave
3138 3801 3301 3872 ﬁgura
3323 3800 3447 3856 Iesu
3471 3800 3676 3859 Christi.
3703 3803 3847 3859 Ana-

2269 3887 2435 3940 thema
2458 3887 2599 3955 quid.
2627 3886 2789 3943 Unius
2824 3888 3097 3958 aliquando
3121 3899 3376 3961 peccatum
3399 3893 3491 3946 loti
3514 3894 3701 3964 populo
3730 3894 3849 3948 vino

2269 3977 2456 4031 dictant
2499 3978 3023 4034 ectasin—Simile
3051 3980 3319 4050 quidpiam
3365 3981 3416 4036 in
3465 3997 3571 4036 uno
3625 3982 3844 4050 accidit,

2270 4068 2514 4123 videlicet
2556 4068 2750 4133 Achar,
2781 4069 2870 4137 qui
2895 4083 3016 4124 cum
3045 4071 3249 4125 variam
3271 4086 3334 4126 ex
3362 4073 3704 4128 anathemate
3731 4081 3848 4129 sto-

2272 4158 2376 4212 lam
2403 4158 2734 4225 sustulisset,
2768 4161 2929 4214 etiam
2958 4160 3216 4216 adversus
3262 4163 3512 4232 populum
3562 4163 3694 4220 iram
3747 4165 3844 4221 Dei

2269 4248 2542 4304 succendit
2566 4249 2741 4321 (Iosue
2761 4250 2834 4319 7).
2861 4249 3078 4313 Verum,
3098 4260 3154 4305 ut
3167 4252 3412 4322 conjieio,
3430 4254 3698 4310 nonnullis
3715 4269 3849 4324 prm-

2269 4340 2496 4394 sentium
2528 4341 2702 4408 ignota
2730 4348 2811 4394 est
2833 4339 2950 4394 hzec
2973 4340 3215 4396 historia.
3241 4341 3597 4409 Quamobrem
3624 4358 3849 4401 necesse

2268 4435 2369 4491 est,
2401 4436 2457 4480 ut
2484 4428 2664 4496 paucis
2688 4426 2755 4482 de
2778 4426 2878 4482 hac
2907 4429 3176 4496 loquutus,
3203 4437 3259 4484 et
3281 4430 3512 4487 scientes
3534 4446 3851 4489 commone-

2269 4516 2480 4584 faciam,
2510 4525 2566 4572 et
2592 4518 2886 4573 nescientes
2909 4517 3152 4574 doceam.
3184 4520 3360 4576 Achar
3381 4521 3557 4592 itaque
3580 4523 3678 4578 iuit
3707 4539 3849 4579 unus

2270 4621 2334 4661 ex
2360 4622 2544 4663 eorum
2574 4623 2795 4663 numero
2826 4608 2914 4677 qui
2957 4622 3077 4662 cum
3103 4608 3231 4663 Jesu
3253 4609 3401 4665 Nave
3431 4612 3692 4667 uansiere
3725 4601 3849 4668 Jor-

2271 4696 2480 4761 dauem,
2505 4701 2596 4768 qui
2614 4699 2772 4756 .Iesus
2797 4699 2975 4754 fuerat
3000 4707 3125 4755 ante
3148 4699 3240 4754 Dei
3263 4699 3463 4770 judicio
3482 4701 3721 4758 delectus
3742 4743 3757 4767 ,
3788 4713 3849 4758 ut

2271 4787 2436 4858 Moysi
2461 4787 2784 4852 succederet,
2830 4788 3025 4858 quique
3056 4799 3237 4861 typum
3273 4805 3338 4846 ac
3381 4792 3600 4862 ﬁguram
3625 4794 3851 4865 gerebat

2272 4879 2381 4932 veri
2414 4877 2710 4932 Servatoris
2746 4877 2912 4933 nostri
2952 4877 3078 4934 Jesu
3125 4879 3338 4936 Christi.
3383 4881 3845 4952 Quemadmodum

2270 4970 2413 5024 enim
2446 4970 2534 5023 ille
2557 4986 2588 5024 e
2615 4968 2831 5024 deserto
2854 4983 2947 5038 per
2972 4969 3261 5027 Jordanem
3299 4973 3353 5028 in
3381 4981 3577 5030 terram
3615 4975 3847 5044 promis-

2270 5078 2383 5118 sam
2438 5061 2680 5130 perduxit
2721 5062 2998 5131 populant,
3040 5063 3120 5118 sic
3147 5072 3202 5118 et
3245 5064 3496 5121 Senator
3541 5074 3725 5122 noster
3771 5081 3844 5124 ex

2271 5151 2578 5223 ignorantia:
2604 5160 2657 5206 et
2701 5150 3010 5206 idololatria:
3037 5153 3250 5210 deserto
3287 5170 3382 5225 per
3407 5164 3646 5211 sanctum
3667 5171 3732 5213 ac
3757 5173 3846 5214 sa-

2272 5243 2537 5297 lutiferum
2578 5239 2894 5309 baptismum
2922 5241 2977 5296 in
3022 5243 3288 5299 caalestem
3315 5243 3702 5316 Jerosolymam
3740 5263 3845 5304 nos

2273 5333 2521 5396 traduxit,
2553 5330 2618 5385 ad
2662 5339 2887 5385 matrem
2918 5332 3414 5402 primogenitorum,
3456 5333 3508 5388 in
3553 5351 3658 5407 qua
3695 5349 3845 5396 verm

2269 5425 2462 5494 quietis
2488 5433 2682 5494 paratio
2707 5429 2830 5477 sunt
2850 5423 3174 5490 mansiones,
3199 5423 3288 5480 ubi
3312 5425 3418 5481 vita
3450 5429 3712 5486 tumultus
3741 5447 3844 5486 ne-

2269 5519 2376 5572 scia
2405 5515 2746 5585 paciﬁcaque.
2777 5515 2873 5569 Hic
2902 5515 3078 5586 itaque
3103 5530 3223 5570 cum
3245 5515 3362 5587 ejus
3394 5517 3591 5576 virtute
3612 5522 3702 5594 qui
3723 5522 3844 5592 jus-

2336 5692 2350 5722 ι
2389 5697 2514 5738 unus
2534 5685 2698 5745 δίδοι,
2723 5691 2901 5744 nostra,
2925 5697 3031 5747 pro,
3053 5681 3302 5738 immensa.
