4064 6214
271 371 381 429 103

278 478 491 547 ροῦντα⁶
554 479 650 531 καὶ
697 475 858 541 αὐτὸς
901 476 957 530 δὲ
999 480 1028 530 6
1078 477 1286 548 Κύριος
1329 478 1485 532 τοῦτο
1526 476 1842 529 διαϐεϐαιοῖ.

277 560 406 616 Εἶτα
425 560 631 615 τούτων
654 561 751 631 μὲν
776 564 1155 632 καταφρονεῖς,
1177 563 1234 614 ἐν
1265 558 1344 624 οἷς
1371 561 1463 614 καὶ
1493 563 1522 614 6
1549 558 1644 613 τοῦ
1667 576 1844 612 συνει-

274 646 420 709 δότος
460 646 643 715 φόϐος,
674 644 767 697 καὶ
787 646 815 696 6
849 645 957 697 τῶν
988 645 1385 716 πεπραγμένων
1410 644 1650 713 ἐλεγχος,
1689 643 1782 696 καὶ
1809 645 1843 713 ἡ

275 729 381 780 τῶν
413 728 649 780 εὐθυνῶν
678 726 906 794 ἀγωνία,
940 728 1032 780 καὶ
1070 728 1130 778 16
1161 728 1262 795 τῆς
1296 727 1572 788 κολάσεως
1609 725 1846 796 ἀπαραί-

267 828 434 881 ,τητον
455 828 469 841 ο
519 810 605 862 ἴνα
632 809 688 861 δέ
730 809 1000 879 πρόφασιν
1035 810 1224 876 ἀλογον
1267 810 1374 862 τῶν
1411 809 1519 861 σῶν
1549 809 1786 880 ἐφεύρῃς
1819 820 1842 849 ο

280 892 687 964 μετεωρισμῶν,
723 890 1048 961 ὡφελεῖσθαι
1081 892 1277 959 λέγεις,
1307 893 1364 944 ἐν
1401 886 1483 954 οἷς
1503 893 1602 962 τὴν
1631 893 1847 959 ἀπαρα-

278 975 513 1045 μύθητον
532 974 821 1044 ὑπομένεις
836 974 1037 1044 ζημίαν
1062 991 1076 1038 ;
1106 975 1219 1044 Μὴ,
1236 973 1426 1044 δέομαι
1449 974 1542 1027 καὶ
1559 973 1842 1036 ἀντιϐολῶ,

279 1057 353 1126 μὴ
387 1054 848 1126 προφασιζώμεθα
879 1056 1180 1126 προφάσεις
1214 1058 1272 1108 ἐν
1294 1056 1588 1126 ἁμαρτίαις
1607 1073 1622 1086 θ
1649 1055 1846 1124 σκῆψις

275 1139 382 1208 γὰρ
431 1137 622 1200 ταῦτα,
670 1139 763 1190 καὶ
812 1139 998 1206 ἀπάτη
1045 1141 1176 1209 ἡμῖν
1225 1139 1411 1201 αὐτοῖς
1447 1140 1508 1191 16
1560 1138 1848 1208 ἐπιζήμιον

277 1221 629 1290 προξενοῦσα.
679 1220 834 1273 Ἀλλά
877 1222 1004 1291 περὶ
1043 1220 1233 1274 τούτου
1271 1222 1369 1290 μὲν
1415 1219 1682 1274 τοσαῦτα·
1732 1221 1848 1290 ὥρα

276 1304 331 1356 δὲ
365 1301 547 1356 λοιπὸν
580 1306 658 1366 εἰς
687 1304 785 1374 τὴν
816 1305 1084 1374 προτέραν
1129 1305 1459 1374 ἀναδραμεῖν
1503 1303 1845 1374 παραίνεσιν,

277 1387 371 1437 καὶ
394 1386 603 1456 βραχέα
622 1386 749 1455 περί
775 1387 976 1454 ταύτης
1000 1389 1241 1448 εἰπόντα,
1261 1387 1533 1456 προσῆκον
1554 1385 1705 1446 τέλος
1737 1384 1851 1436 ἐπι-

275 1469 448 1522 θεῖναι
466 1468 544 1538 τῷ
566 1469 732 1537 λόγῳ.
762 1470 869 1521 Καὶ
887 1471 994 1540 γάρ
1019 1470 1079 1522 οὑ
1112 1470 1268 1539 μόνον
1297 1468 1366 1519 τά
1392 1467 1490 1536 τῆς
1517 1466 1740 1529 ἀταξίας
1765 1467 1850 1519 ἐν·

275 1551 467 1614 ταῦθα,
501 1551 636 1604 ἀλλά
670 1551 974 1622 κα“ι,ἐτερόν
1007 1569 1057 1604 τι
1101 1550 1331 1622 χαλεπὸν
1364 1553 1675 1622 περινοστεῖ
1703 1549 1731 1588 ι’
1766 1549 1850 1600 νό-

278 1648 445 1702 σημα.
486 1636 642 1686 Ποῖον
683 1632 747 1704 δὴ
775 1635 971 1698 τοῦτο;
1019 1634 1092 1686 Τὸ
1130 1634 1264 1704 πρὸς
1299 1634 1430 1686 Θεὸν
1475 1634 1573 1703 τὴν
1618 1631 1850 1696 διάλεξιν

276 1715 547 1768 ποιεῖσθαι
602 1716 990 1786 προθεμένους,
1039 1718 1133 1769 καὶ
1190 1716 1340 1784 αὑτῷ
1391 1716 1490 1785 τὴν
1541 1715 1851 1784 δοξολογίαν

275 1798 718 1866 ἀναπέμποντας,
735 1795 852 1851 εἶτα
879 1800 1118 1867 ἀφέντας
1138 1799 1348 1861 τοῦτον,
1365 1799 1456 1852 τὸν
1481 1800 1706 1869 πλησίον
1729 1801 1850 1853 Exa-

277 1896 398 1940 στος
434 1879 728 1932 ἀπολαϐεῖν
757 1883 850 1933 καὶ
877 1883 942 1935 τά
968 1883 1087 1934 κατ’
1118 1877 1266 1934 οἷκον
1312 1881 1668 1945 διατίθεσθαι,
1697 1884 1764 1936 τά
1791 1883 1847 1934 ἐν

273 1964 393 2024 ταῖς
433 1963 678 2032 ἀγοραῖς,
714 1963 782 2015 τά
809 1965 864 2015 ἐν
909 1963 986 2032 τῷ
1016 1964 1191 2035 δήμῳ,
1233 1964 1302 2017 τά
1342 1966 1399 2016 ἐν
1429 1966 1543 2028 τοῖς
1576 1965 1846 2034 θεάτροις,

273 2046 342 2098 τὰ
369 2046 426 2097 ἐν
456 2044 533 2114 τῷ
566 2045 800 2115 στρατῷ,
829 2047 923 2099 καὶ
952 2047 1068 2110 πῶς
1100 2048 1198 2117 μὲν
1218 2047 1392 2100 ταῦτα
1424 2049 1692 2119 διῳκήθη,
1727 2053 1847 2112 πῶς

275 2127 331 2180 δὲ
362 2131 545 2180 ἐκεῖνα
593 2129 944 2199 παρεωράθη,
973 2131 1066 2182 καὶ
1103 2130 1156 2181 τί
1192 2129 1252 2182 16
1299 2129 1592 2196 πλεονάζον
1635 2133 1693 2184 ἐν
1724 2134 1847 2194 ταῖς

279 2210 704 2280 πραγματείαις,
737 2212 788 2264 τί
827 2211 882 2263 δὲ
919 2212 978 2263 τὸ
1022 2211 1264 2264 ἐλλεῖπον
1289 2229 1303 2244 ⁸
1346 2214 1441 2265 καὶ
1488 2213 1676 2276 ἀπλῶς
1719 2216 1847 2283 περί

275 2292 493 2346 πάντων
527 2290 634 2345 τῶν
666 2292 858 2345 κοινῶν
891 2295 983 2345 καὶ
1028 2293 1171 2346 ἰδίων
1219 2293 1454 2347 ἐνταῦθα
1482 2295 1841 2363 διαλέγονται.

273 2375 386 2429 Καὶ
412 2377 571 2438 ποίας
602 2374 772 2428 ταῦτα
807 2376 1134 2444 συγγνώμης
1169 2376 1325 2442 ἄξια;
1370 2378 1480 2430 Καὶ
1514 2379 1720 2448 βασιλεῖ
1750 2380 1847 2446 μέν

275 2475 358 2520 τις
398 2456 475 2526 τῷ
521 2457 748 2526 ἐπιγείῳ
799 2455 1196 2526 διαλεγόμενος,
1233 2461 1362 2530 περὶ
1396 2461 1619 2514 ἐκείνων
1675 2461 1848 2531 μόνων

273 2541 508 2590 ποιεῖται
532 2539 622 2591 16v
649 2539 821 2606 λόγον,
848 2543 976 2609 περὶ
1004 2533 1078 2592 ὦν
1103 2540 1166 2593 ἂν
1189 2543 1393 2604 ἐκεῖνος
1421 2542 1726 2613 βουληθείη,
1755 2545 1849 2596 καὶ

276 2613 351 2673 ὧν
393 2620 659 2689 προτείνει
693 2629 716 2658 ο
756 2621 852 2682 τὰς
896 2625 1192 2692 ἐρωτήσεις
1215 2640 1229 2652 ο
1276 2626 1324 2675 εἰ
1353 2624 1410 2676 δέ
1441 2626 1534 2677 καὶ
1577 2625 1762 2694 ἕτερόν
1787 2643 1842 2677 τι

277 2703 429 2773 παρά
454 2703 554 2772 τὴν
582 2703 792 2755 ἐκείνου
825 2704 1048 2774 γνώμην
1085 2705 1376 2757 ὑποϐαλεῖν
1398 2707 1708 2776 τολμήσειε,
1749 2709 1848 2777 τὴν

279 2787 511 2855 ἐσχάτην
531 2785 798 2856 τιμωρίαν
822 2788 1185 2856 ὑποστήσεται
1208 2805 1222 2819 ο
1249 2789 1314 2841 σὺ
1339 2789 1395 2842 δὲ
1417 2789 1494 2859 τῷ
1516 2791 1723 2860 βασιλεῖ
1741 2792 1848 2843 τῶν

281 2867 668 2937 βασιλευόντων
690 2869 1054 2938 προσομιλῶν,
1161 2871 1474 2940 φρίττοντες
1505 2873 1848 2942 λειτουργοῦ-

281 2968 362 3003 σιν
399 2948 550 3021 [102]
594 2949 833 3017 ἄγγελοι,
877 2951 1034 3018 ἀφεὶς
1079 2951 1178 3020 τὴν
1208 2953 1342 3024 πρὸς
1385 2954 1549 3006 αὑτὸν
1593 2955 1847 3020 διάλεξιν,

281 3034 409 3104 περὶ
438 3031 633 3101 πηλοῦ,
663 3033 753 3086 καὶ
772 3031 996 3096 κόνεως,
1019 3034 1112 3086 καὶ
1127 3035 1368 3105 ἀράχνης
1395 3036 1614 3106 διαλέγῃ
1633 3054 1646 3100 ;
1666 3038 1850 3091 Ταῦτα

277 3115 385 3185 γάρ
416 3115 529 3166 ἐστι
563 3113 633 3166 τά
664 3115 906 3184 παρόντα
930 3114 1248 3185 πράγματα.
1280 3118 1387 3170 Καὶ
1423 3118 1536 3180 πῶς
1562 3122 1727 3181 οἰσεις
1753 3121 1848 3190 τὴν

277 3198 374 3268 τῆς
420 3199 876 3268 καταφρονήσεως
912 3197 1105 3266 δίκην;
1135 3199 1217 3262 τίς
1266 3199 1319 3251 δέ
1370 3217 1427 3252 σε
1465 3202 1564 3270 τῆς
1599 3203 1850 3272 ’.οναύτης

282 3279 628 3348 ἐξαιρήσεται
658 3280 954 3348 τιμωρίαςς

358 3360 519 3414 Ἀλλά
561 3362 767 3424 κακῶς,
809 3362 963 3430 φησί,
1005 3363 1075 3414 τὰ
1119 3363 1226 3416 τῶν
1255 3365 1614 3434 πραγμάτων,
1651 3369 1739 3418 καὶ
1783 3369 1851 3421 τὰ

277 3443 374 3512 τῆς
405 3442 677 3506 πολιτείας
704 3445 1137 3508 διάκεινται,καὶ
1164 3446 1328 3508 πολὺς
1355 3449 1486 3517 ἡμῖν
1511 3451 1636 3519 περὶ
1662 3452 1849 3504 τούτου

277 3527 306 3579 6
330 3525 508 3593 λόγος,
539 3526 703 3589 πολὺς
735 3527 763 3578 6
789 3525 960 3593 ἀγών.
983 3527 1093 3579 Καὶ
1119 3527 1202 3590 τίς
1231 3529 1264 3598 ή
1294 3531 1472 3594 αἰτίας
1503 3532 1568 3583 'H
1593 3533 1698 3584 τῶν
1723 3550 1852 3603 κρα-

277 3608 533 3669 τούντων,
585 3609 768 3680 φησὶν,
803 3609 1047 3664 ἀϐουλία.
1099 3611 1211 3681 Οὐχ
1263 3612 1296 3681 ἡ
1345 3613 1452 3664 τῶν
1504 3616 1850 3683 κρατούντων

278 3691 524 3755 ἀϐουλία,
557 3691 690 3743 ἀλλὰ
713 3694 746 3762 ή
777 3695 808 3760 ή
818 3692 932 3761 μῶν
957 3694 1217 3764 ἁμαρτία,
1246 3696 1279 3764 ἡ
1314 3695 1422 3747 τῶν
1444 3696 1549 3767 πλη
1560 3700 1848 3768 μμελημά-

277 3791 384 3826 των
438 3774 745 3840 εῐσπραξις.
793 3776 1007 3846 Ἐκείνη
1057 3777 1126 3828 τά
1175 3777 1287 3830 ἀνω
1333 3779 1484 3831 κάτω
1527 3781 1846 3849 πεποίηκεν,

278 3855 458 3925 ἐκείνη
488 3856 665 3908 πάντα
705 3856 772 3908 τά
815 3855 965 3908 δεινά
991 3859 1304 3926 εἰσήγαγεν,
1331 3859 1511 3928 ἐκείνη
1545 3861 1669 3924 τοὺς
1699 3863 1852 3914 πολέ-

281 3955 411 4006 μους
431 3936 456 3976 ἀ
498 3937 818 4000 ἐξώπλισεν,
861 3940 1040 4009 ἐκείνη
1065 3941 1161 4010 τὴν
1183 3937 1350 4011 ἧτταν
1377 3945 1694 4014 ἐνήργησεν.
1739 3947 1850 3998 υὺκ

278 4019 496 4074 ἄλλοθεν
527 4021 656 4088 ἡμῖν
689 4021 717 4072 ό
747 4019 854 4072 τῶν
897 4022 1134 4091 ἀνιαρῶν
1168 4025 1332 4093 ἐσμὸς
1381 4026 1705 4099 ὑπερεχέθη,
1737 4028 1849 4081 ἀλλ’

279 4101 313 4170 ῆ
365 4102 431 4154 ἐκ
455 4100 657 4172 ταύτης
685 4102 783 4171 τῆς
812 4103 1009 4166 αἰτίας.
1037 4105 1201 4156 Ὥστε
1231 4107 1332 4158 κᾶν
1368 4109 1616 4180 Ἀϐραάμ
1643 4130 1724 4173 τις
1825 4115 1850 4164 6

279 4183 516 4251 κρατῶν,
549 4183 653 4236 κάν
682 4185 942 4255 Μωῦσῆς,
973 4186 1076 4238 κᾶν
1099 4187 1280 4250 Δαυῒδ,
1312 4191 1414 4241 κᾶν
1443 4193 1693 4262 Σολομὼν
1721 4197 1748 4246 6
1771 4212 1851 4245 σο-

279 4265 544 4334 φώτατος,
569 4265 670 4319 κάν
687 4269 941 4321 ἀπάντων
962 4269 1298 4339 δικαιότερος
1321 4283 1342 4308 ο
1359 4274 1680 4343 ἀνθρώπων,
1695 4277 1849 4345 ήμῶν

279 4348 460 4411 κακῶς
481 4349 858 4418 διακειμένων,
885 4350 1184 4420 ἀδιάφορον
1206 4354 1318 4421 ἕχει
1343 4355 1440 4423 τὴν
1464 4357 1599 4426 πρὸς
1617 4359 1685 4409 τά
1704 4359 1850 4411 κακὰ

278 4430 478 4484 αἰτίαν.
508 4431 634 4494 Πῶς
655 4432 752 4484 καὶ
777 4432 882 4484 τίνι
912 4435 1134 4503 τρόπῳ;
1171 4436 1288 4489 ’Ὁτι
1320 4439 1365 4488 εἰ
1411 4440 1507 4507 μὲν
1539 4440 1646 4492 τῶν
1678 4459 1851 4512 παρα..

279 4515 605 4584 νομωτάτων
634 4516 742 4585 εἴη,
775 4516 869 4567 καὶ
898 4516 1006 4567 τῶν
1038 4517 1351 4589 ἀϐουλήτως
1373 4522 1466 4573 καὶ
1482 4523 1731 4586 ἀτάκτως
1757 4543 1850 4593 φε-

279 4596 541 4664 ρομένων,
571 4598 605 4665 ἡ
652 4596 808 4666 ἡμῶν
843 4597 1068 4651 ἀϐουλία
1107 4602 1200 4652 καὶ
1242 4602 1438 4667 ἀταξία
1479 4604 1570 4656 τὸν
1611 4607 1848 4660 τοιοῦτον

277 4678 713 4748 ἐκαρποφόρησε,
739 4681 808 4731 τά
838 4681 1079 4750 ἡμέτερα
1104 4683 1476 4754 ἁμαρτήματα
1512 4687 1610 4757 τὴν
1638 4689 1849 4760 πληγὴν

277 4760 624 4829 προεξένησε.
665 4761 737 4814 T6
762 4762 868 4832 γάρ
901 4763 1042 4815 κατά
1073 4764 1169 4827 τάς
1199 4767 1424 4836 καρδίας
1452 4770 1607 4838 ήμῶν
1646 4770 1850 4840 λαμϐά-

276 4859 387 4893 νειν
423 4842 688 4912 ἄρχοντας
731 4845 880 4896 οὐδὲν
922 4845 1108 4915 ἕτερόν
1147 4847 1314 4909 ἐστιν,
1353 4850 1466 4901 ἀλλ’
1498 4851 1529 4920 ἢ
1556 4852 1734 4918 τοῦτο,
1767 4856 1847 4907 ὅτι

279 4942 415 4994 προη
425 4927 760 4995 μαρτηκότες
775 4927 1014 4980 τοιούτου
1033 4927 1125 4979 τοῦ
1149 4935 1543 5001 προεστηκότος
1561 4935 1844 5007 ἐτύχομεν,

277 5008 376 5061 κάν
398 5025 456 5061 τε
483 5007 590 5061 τῶν
635 5010 942 5078 ἱερωμένων
1032 5027 1136 5074 τις,
1173 5015 1272 5066 κάν
1311 5033 1369 5066 τε
1395 5016 1502 5070 τῶν
1532 5019 1627 5082 τάς
1660 5038 1848 5090 κοσμι-

340 5231 372 5298 ⁸γ
393 5229 527 5298 U905
552 5227 686 5298 ἔχῃς-,η
705 5227 872 5298 fama
895 5239 1004 5298 pos}.
1039 5231 1429 5298 quinquesexve
1455 5249 1570 5284 mss.
1610 5245 1662 5286 el
1696 5239 1842 5288 Savil.

275 5297 411 5361 feclg
437 5292 624 5361 δέομαι.
654 5289 811 5361 Εόίίὶο
833 5289 1000 5338 Morel.
1049 5289 1414 5354 [nale-6160160,
1441 5303 1493 5344 ut
1522 5299 1744 5361 arguitur
1785 5316 1845 5348 ex

274 5353 506 5400 ἀντιϐολῶ
531 5353 776 5409 sequenti.

338 5411 365 5450 δ
393 5411 856 5483 Αἰὶιιεκατακρατεῖ,
886 5412 1037 5462 Paulo
1065 5421 1175 5475 post
1206 5418 1330 5465 alius
1363 5422 1441 5465 καὶ
1463 5421 1591 5483 αὐτῷ
1622 5425 1709 5480 τήν
1737 5425 1846 5471 δου-

273 5473 507 5531 λαγωγίαν
540 5471 908 5530 ἀναπέμποντας.

340 5535 358 5594 ς
388 5534 495 5594 ί)υο
527 5533 764 5594 προτείνῃ.

335 5591 673 5668 :i'Legeqdlllm
699 5591 889 5668 fid'gtur
910 5596 1175 5666 πολεμίους.
1202 5597 1300 5646 Sed
1347 5605 1505 5649 omnia
1541 5609 1843 5668 exemplaria

272 5656 515 5722 πολέμους
544 5655 988 5722 ὴοὺειιι.“Εταδιῐιυς
1014 5657 1460 5722 ila_intnrprmalus
1485 5673 1581 5722 est,
1605 5681 1658 5714 ac
1691 5655 1729 5715 ὲί
1757 5655 1844 5716 1:0-

273 5716 461 5775 λεμίους
507 5717 702 5786 ίςερςίἰ.
738 5716 895 5786 Ῥουιυ
916 5726 1022 5776 post
1045 5719 1102 5764 ad
1127 5716 1292 5767 νοςιίιιι
1317 5716 1590 5786 ὑπερεχέθη,
1618 5729 1765 5778 Savil.
1795 5736 1839 5778 in

272 5788 421 5835 marg.
458 5782 592 5824 notat
616 5778 692 5823 ἐπ)
703 5777 878 5824 εὸνασε.

308 5897 315 5903 _
339 5849 360 5905 ε
386 5841 488 5908 διττή
516 5851 632 5908 mss.
654 5839 1050 5908 auap'r‘wl61‘epog,
1091 5841 1235 5905 male.
1278 5845 1328 5890 ni
1352 5845 1520 5908 fallor;
1550 5862 1659 5899 nam
1683 5851 1760 5900 hic
1780 5855 1841 5903 de

277 5897 386 5944 Viris
409 5901 586 5947 \inute
621 5897 1015 5957 prwcellcnlibbs
1045 5899 1217 5961 agitur.

565 6000 836 6062 PATBOL.
883 6001 996 6063 Gn.
1046 6002 1200 6063 LV].

1248 359 1317 417 IN
1349 361 1586 426 ILLUD,
1630 360 1763 416 VIDI
1805 357 2146 427 DOMINUM,
2185 358 2423 416 “OMIL.
2468 361 2508 414 Ι.

3404 387 3520 442 104

1955 476 2058 539 κάς
2089 476 2382 529 διεπόντων
2412 475 2660 539 ἐξουσίας
2690 475 2732 527 τ.
2769 476 2831 527 Εἰ
2871 475 2928 527 δὲ
2959 476 3054 529 καὶ
3089 475 3206 528 λίαν
3232 474 3436 542 δίκαιος
3464 473 3520 553 ᾗ,

1954 560 2047 611 καὶ
2081 558 2224 611 οὓτω
2249 558 2478 622 δίκαιος,
2522 558 2661 611 ὥστε
2700 559 2861 630 μέχρι
2887 562 2986 629 τῆς
3022 560 3297 623 Μωῦσέως
3325 562 3522 632 ἀρετῆς

1948 641 2292 712 ἐληλακέναι,
2319 641 2470 712 οὑχή
2501 640 2668 695 αὑτοῦ
2695 642 2855 712 μόνου
2873 641 3184 711 δικαιοσύνη
3218 643 3287 696 τά
3311 645 3524 714 ἄμετρα

1945 723 2054 776 τῶν
2082 722 2340 793 ὑπηκόων
2367 723 2708 792 συγκαλύψαι
2736 724 3022 794 δυνήσεται
3047 726 3385 795 πταίσματα.
3419 729 3528 779 Καὶ

1946 804 2107 860 τοῦτο
2135 804 2195 870 ἐξ
2226 806 2392 859 αὑτοῦ
2426 807 2492 860 ἀν
2518 824 2600 870 τις
2629 808 2872 878 ἀκριϐῶς
2903 809 3207 878 καταμάθοι
3238 810 3330 862 τοῦ
3365 812 3527 864 Μωῦ-

1950 889 2121 952 σέως,
2178 889 2274 942 τοῦ
2333 889 2503 942 πολλά
2563 890 2661 960 μὲν
2713 891 3194 962 κακοπαθήσαντος
3244 886 3384 961 ὑπὲρ
3430 893 3525 945 τοῦ

1961 971 2198 1042 Ἰσραὴλ,
2235 972 2435 1042 πολλὴν
2457 972 2513 1024 δέ
2543 971 2640 1042 τὴν
2670 973 2808 1042 ὑπὲρ
2834 973 2998 1026 αὑτοῦ
3027 974 3237 1026 ίκεσίαν
3275 974 3408 1044 πρὸς
3438 975 3528 1028 τὸν

1947 1054 2081 1107 Θεὸν
2112 1055 2542 1125 ἐνστησαμένου,
2584 1053 2724 1107 ὥστε
2763 1055 2860 1124 τὴν
2907 1056 3322 1125 ἐπηγγελμένην
3367 1057 3528 1111 αὑτὸν

1950 1136 2499 1207 κατακληρονομῆσαι
2527 1137 2632 1206 γῆν
2655 1153 2667 1165 ·
2691 1136 2804 1189 ἀλλ’
2840 1138 2959 1190 ἐπεὶ
2994 1138 3140 1202 ξένον
3160 1140 3351 1192 ἑαυτὸν
3375 1134 3527 1204 οὗτος

1947 1220 2047 1288 τῆς
2095 1219 2477 1288 κατασχέσεως
2521 1222 2640 1284 ταῖς
2684 1221 2908 1283 οἰκείαις
2942 1222 3241 1291 κατέστησε
3289 1241 3525 1293 παρανο-

1955 1301 2127 1370 μίαις,
2170 1303 2266 1354 οὑκ
2299 1302 2513 1371 ἴσχυσεν
2547 1303 2580 1371 ἡ
2613 1301 2777 1355 αὑτοῦ
2804 1301 2984 1372 δέησις
3020 1303 3118 1373 τὴν
3143 1303 3236 1356 τοῦ
3272 1304 3405 1356 Θεοῦ
3447 1307 3525 1358 δι-

1952 1384 2114 1436 καίαν
2131 1384 2310 1453 ψῆφον
2331 1384 2695 1454 μεταποιῆσαι
2712 1384 2909 1447 παντὸς
2923 1385 3014 1436 τοῦ
3033 1386 3162 1438 λαοῦ
3184 1387 3242 1438 ἐν
3258 1389 3323 1458 τῇ
3341 1389 3529 1458 ἐρήμῳ

1951 1468 2422 1538 κατεστρωμένον.
2439 1468 2627 1520 Καίτοι
2646 1469 2729 1530 τίς
2746 1467 2835 1520 τοῦ
2858 1470 3136 1533 Μωῦσέως
3159 1470 3526 1542 δικαιότερος;

1951 1550 1985 1620 ἢ
2018 1551 2100 1613 τίς
2144 1549 2754 1622 παρῤησιαστικὼτερος
2785 1551 2920 1619 πρὸς
2957 1552 3048 1603 τὸν
3078 1552 3210 1604 Θεόν
3237 1571 3251 1619 ;
3299 1552 3527 1623 ’ἰσχύειν

1955 1633 2056 1702 μέν
2100 1633 2316 1700 λέγεται
2344 1633 2555 1686 δικαίου
2590 1633 2794 1704 δέησις,
2830 1632 2944 1686 ἀλλ’
2993 1635 3378 1705 ἐνεργουμένη,
3407 1651 3529 1688 του-

1951 1717 2134 1780 τέστι,
2181 1715 2521 1786 βοηθουμένη
2560 1719 2627 1785 τῇ
2681 1715 3009 1788 μεταμελείᾳ
3056 1718 3149 1770 καὶ
3203 1721 3528 1788 ἐπιστροφῇ.

1952 1799 2094 1869 ὑπὲρ
2121 1792 2196 1850 ὦν
2231 1797 2645 1852 καταϐάλλεται.
2679 1793 2772 1861 Οἷς
2802 1798 2858 1851 δέ
2912 1800 3281 1871 ἀμετανόητος
3312 1803 3407 1854 καὶ
3438 1803 3530 1855 ἀν-

1951 1881 2277 1952 επίστροφός
2309 1883 2452 1936 ἐστιν
2482 1882 2510 1935 6
2532 1881 2752 1952 τρόπος,
2779 1881 2898 1946 πῶς
2922 1883 2990 1936 ἀν
3012 1885 3290 1954 ἐπαμῦναι
3307 1886 3522 1956 δυνήσε-

1949 1981 2059 2027 ται,
2099 1965 2281 2018 αὑτῶν
2303 1965 2526 2018 ἐκείνων
2555 1967 2667 2028 τοῖς
2702 1967 2881 2034 ἔργοις
2906 1968 3336 2020 ἀντικοπτόντων
3367 1971 3395 2008 δ
3421 1985 3435 2032 ;

2021 2054 2083 2102 ε’.
2098 2047 2270 2101 Καὶτί
2282 2047 2511 2118 λέγομεν
2525 2047 2618 2100 ἐπὶ
2630 2048 2925 2119 ὁλοκλήρου
2942 2049 3071 2103 λαοῦ
3093 2052 3530 2120 παρανομοῦντος

1947 2129 2107 2183 τοῦτο
2154 2130 2492 2200 συμϐαίνειν,
2529 2131 2663 2182 ὅπου
2694 2130 2790 2184 καὶ
2825 2133 2858 2201 ή
2896 2133 3004 2185 τῶν
3048 2133 3244 2201 ὀλίγων
3274 2134 3531 2204 ὑπηκόων

1949 2212 2213 2282 ἁμαρτία,
2252 2211 2286 2282 ἢ
2317 2212 2572 2274 πολλάκις
2604 2213 2697 2264 καὶ
2738 2211 2831 2264 τοῦ
2861 2214 3001 2280 ἐνὸς,
3025 2216 3123 2285 τὴν
3157 2214 3268 2267 τῶν
3308 2215 3532 2278 δικαίως

1949 2292 2100 2366 1105]
2147 2293 2494 2364 κρατούντων
2539 2295 2962 2365 ὑπερακοντίζει
3009 2297 3360 2369 παρρησίανς
3422 2297 3533 2351 Καὶ

1947 2376 2105 2430 τοῦτο
2142 2377 2304 2431 πάλιν
2323 2377 2383 2442 ἐξ
2406 2378 2570 2431 αὑτοῦ
2591 2379 2657 2432 ἀν
2683 2395 2768 2441 τις
2789 2381 3144 2452 κατανοήσειε
3164 2379 3257 2432 τοῦ
3293 2380 3528 2451 Ἰσραὴλ,

1950 2462 2008 2525 6;
2041 2463 2144 2516 ὑπὸ
2179 2463 2456 2526 Μωῠσέως
2487 2463 3005 2533 δημαγωγούμενος,
3053 2467 3216 2536 ἡνίκα
3255 2468 3391 2536 πρὸς
3430 2467 3528 2537 τὴν

1949 2546 2060 2597 τῶν
2104 2544 2415 2612 ἀλλοφύλων
2446 2546 2724 2616 παρέϐαλε
2768 2548 2892 2616 γῆν,
2922 2550 3012 2600 καὶ
3033 2551 3130 2619 τὴν
3164 2549 3298 2619 πρὸς
3332 2550 3528 2612 αὐτοὺς

1952 2631 2150 2700 συνῆρε
2195 2629 2395 2700 μάχην,
2445 2631 2563 2694 πῶς
2607 2649 2752 2695 τινες
2797 2633 2976 2685 αὐτῶν
3018 2634 3274 2703 μανέντες
3308 2637 3387 2697 εἰς
3431 2634 3530 2696 τὰς

1950 2713 2173 2764 ἐκείνων
2198 2716 2483 2779 γυναῖκας,
2513 2713 2610 2783 τὴν
2630 2714 2908 2785 πάνδημον
2940 2717 3154 2785 ἐκείνην
3182 2714 3410 2786 θραῦσιν
3437 2718 3531 2769 καὶ

1951 2794 2042 2846 τὸν
2073 2793 2295 2864 ϐλεθρον
2318 2798 2768 2866 κατειργάσαντο.

2033 2878 2156 2931 Ἐπὶ
2180 2878 2298 2941 ἐνὸς
2327 2879 2382 2931 δέ
2405 2879 2465 2932 τὸ
2492 2879 2700 2932 τοιοῦτο
2728 2879 3072 2950 συμϐέϐηκεν
3092 2897 3105 2910 ο
3137 2881 3211 2945 ὡς
3231 2882 3323 2935 ἐπὶ
3354 2885 3529 2955 ’Λχαρ

1949 2958 2044 3012 τοῦ
2073 2959 2171 3031 τὴν
2187 2961 2436 3032 ποικίλην
2469 2962 2659 3033 στολὴν
2680 2963 3016 3033 ἀφελομένου
3045 2964 3137 3016 τοῦ
3162 2965 3527 3036 ἀναθήματος,

1951 3044 2045 3095 καὶ
2086 3044 2228 3098 κατά
2256 3044 2350 3099 τοῦ
2381 3045 2509 3098 λαοῦ
2539 3045 2638 3115 τὴν
2662 3046 2757 3100 τοῦ
2781 3047 2916 3100 Θεοῦ
2943 3048 3309 3112 ἐκκαύσαντος
3337 3051 3526 3120 ὀργήν.

1965 3124 2106 3176 ’Λλλ’
2141 3126 2267 3188 ἴσως
2296 3127 2440 3190 τινὲς
2469 3128 2578 3181 τῶν
2601 3130 2884 3197 παρόντων
2908 3130 2975 3183 τά
3002 3131 3101 3200 τῆς
3128 3132 3367 3203 ἱστορίας
3400 3133 3529 3186 ταύ-

1950 3224 2050 3276 της
2077 3209 2350 3274 ἀγνοοῦσι.
2386 3212 2485 3262 Διά
2517 3210 2675 3262 τοῦτο
2696 3212 2778 3263 δεῖ
2820 3213 3026 3282 βραχέα
3068 3217 3194 3282 περί
3223 3214 3422 3284 ταύτης
3450 3217 3529 3267 εἰ-

1951 3290 2122 3340 πόντα
2157 3290 2183 3328 ιι
2219 3291 2529 3360 ὑπομνῆσαι
2561 3291 2661 3358 μὲν
2692 3292 3066 3360 τοὺςείδότας,
3098 3295 3302 3361 διδάξαι
3330 3298 3383 3348 δὲ
3404 3299 3530 3361 τοὺς

1951 3372 2295 3440 ἀγνοοῦντας.
2331 3369 2499 3438 υῦτος
2529 3377 2708 3429 τοίνυν
2747 3378 2775 3429 6
2806 3379 2983 3448 Ἀχαρ
3010 3375 3088 3441 εἷς
3119 3380 3381 3450 ἐτύγχανε
3424 3381 3531 3434 τῶν

1955 3455 2094 3523 μετά
2141 3454 2315 3522 Ἰησοῦ
2372 3455 2466 3509 τοῦ
2519 3459 2671 3529 Ναυῆ
2720 3459 3020 3513 διαϐάντων
3076 3462 3167 3514 τὸν
3237 3462 3528 3534 Ἰορδάνην,

1967 3538 2140 3608 Ἰησοῦ
2184 3540 2392 3593 ἐκείνου
2439 3541 2532 3594 τοῦ
2578 3543 2746 3613 ψήφῳ
2792 3543 2925 3595 Θεοῦ
2971 3545 3213 3615 διαδόχου
3261 3547 3530 3610 Μωῦσέως

1953 3622 2412 3693 προκεκριμένου,
2453 3624 2545 3676 τοῦ
2579 3625 2760 3678 εἰκόνα
2800 3627 2893 3678 καί
2924 3627 3091 3679 τύπον
3125 3629 3407 3697 ἐπέχοντος
3435 3629 3528 3682 τοῦ

1952 3706 2205 3775 ἀληθινοῦ
2236 3708 2488 3776 Σωτῆρος
2513 3709 2544 3778 ή
2554 3708 2669 3777 μῶν
2704 3710 2878 3777 Ἰησοῦ
2903 3711 3161 3779 Χριστοῦ.
3185 3714 3396 3784 Ὥσπερ
3423 3716 3530 3786 γάρ

1952 3789 2155 3850 ἐκεῖνος
2193 3791 2257 3840 ἐκ
2284 3791 2381 3858 τῆς
2400 3791 2607 3859 ἐρήμου
2647 3790 2734 3844 διά
2763 3791 2858 3843 τοῦ
2906 3793 3168 3863 Ἰορδάνου
3197 3797 3275 3857 εἰς
3305 3798 3401 3866 τὴν
3426 3799 3530 3867 γῆν

1951 3870 2050 3938 τῆς
2078 3871 2412 3939 ἐπαγγελίας
2445 3873 2537 3924 τὸν
2564 3872 2693 3925 λαὸν
2720 3873 3047 3938 διεϐίϐασεν,
3074 3876 3214 3929 οὕτω
3243 3879 3336 3931 καὶ
3360 3881 3389 3931 6
3419 3880 3531 3933 Σωο

1951 3951 2055 4022 τήρ
2079 3953 2237 4022 ήμῶν
2264 3955 2327 4005 ἐκ
2353 3953 2452 4022 τῆς
2476 3955 2684 4024 ἐρήμου
2706 3956 2804 4022 τῆς
2834 3956 3106 4023 ἀγνωσίας
3136 3960 3229 4011 καὶ
3258 3961 3354 4029 τῆς
3376 3961 3528 4014 εἰδωο

1953 4033 2268 4106 λολατρείας
2297 4035 2386 4088 διὰ
2403 4036 2496 4089 τοῦ
2523 4037 2678 4103 άγίου
2705 4038 2797 4089 καὶ
2828 4039 3200 4108 σωτηριώδους
3221 4041 3530 4113 βαπτίσμα-

1952 4135 2042 4180 τος
2072 4121 2151 4180 εἰς
2167 4120 2264 4188 τὴν
2281 4119 2392 4171 ἄνω
2429 4119 2788 4190 Ἰερουσαλὴμ
2819 4122 2964 4192 ἡμᾶς
2989 4127 3344 4193 μετεποίησεν
3375 4129 3416 4191 ί,
3451 4130 3530 4192 εἰς

1951 4201 2047 4269 τήν
2096 4201 2306 4269 μητέρα
2351 4199 2459 4252 τῶν
2509 4203 2892 4270 πρωτοτόκων,
2940 4206 2998 4256 ἐν
3125 4207 3222 4277 τῆς
3270 4209 3530 4282 ἀληθινῆς

1952 4283 2350 4345 καταπαύσεως
2379 4284 2822 4356 ηὑτρεπίσθησαν
2848 4289 2904 4340 αἰ
2934 4291 3114 4357 μοναὶ,
3143 4290 3270 4343 ἔνθα
3301 4293 3332 4362 ή
3362 4295 3532 4346 ἀστα-

1954 4363 2171 4426 σίαστος
2199 4365 2290 4416 καὶ
2325 4365 2576 4438 εἰρηνικὴ
2617 4366 2889 4438 διατριϐή.
2921 4363 3090 4433 Οὗτος
3115 4373 3294 4426 τοίνυν
3338 4378 3403 4444 τῇ
3435 4375 3528 4427 τοῦ

1953 4449 2378 4517 προστάττοντος
2409 4450 2636 4518 δυνάμει
2679 4455 2770 4503 τὸν
2815 4451 2942 4505 λαὸν
2972 4455 3311 4524 διαϐιϐάσας,
3360 4477 3530 4529 προσ-

1956 4531 2116 4582 έϐαλε
2148 4534 2213 4602 τῇ
2255 4530 2485 4601 Ἱεριχὼ,
2523 4533 2616 4584 καὶ
2658 4532 2754 4602 τὴν
2789 4533 2946 4603 ξένην
2979 4537 3190 4607 ἐκείνην
3218 4540 3530 4610 πολιορκίαν

1952 4616 2211 4684 ἐνεργῶν,
2245 4615 2344 4685 ήδη
2363 4617 2470 4667 τῶν
2501 4615 2696 4685 τειχῶν
2723 4619 3086 4672 καταπίπτειν
3118 4622 3439 4691 μελλόντων,
3476 4625 3530 4678 τί

1953 4715 2084 4765 φησι
2115 4699 2249 4766 πρὸς
2270 4697 2360 4750 τὸν
2389 4697 2516 4750 λαόν
2536 4714 2550 4762 ;
2579 4699 2783 4752 Ἔσται
2799 4701 3074 4770 ἀνάθημα
3096 4708 3133 4773 ἡ
3151 4708 3330 4774 πόλις
3350 4709 3527 4777 αὕτη,

1952 4782 2049 4833 καὶ
2080 4782 2274 4834 πάντα
2306 4781 2423 4835 ὅσα
2466 4783 2642 4836 ἐστὶν
2687 4785 2756 4837 ἐν
2806 4787 2980 4855 αὐτῇ,
3029 4793 3221 4858 Κυρίῳ
3263 4795 3522 4857 Σαϐαὼθ,

1951 4863 2118 4928 πλὴν
2156 4863 2338 4916 Ῥαὰϐ
2372 4864 2486 4930 τὴν
2513 4867 2767 4934 πόρνην,
2803 4873 3278 4938 περιποιήσασθε
3310 4877 3522 4942 αὑτήν.

1952 4945 2309 5008 Φυλάξασθε
2367 4943 2483 5001 οὖν
2527 4949 2644 5002 ἀπὸ
2686 4951 2790 5004 τοῦ
2841 4954 3249 5024 ἀναθήματος,
3293 4961 3526 5028 μήποτε

1949 5028 2382 5097 ἐνθυμηθέντες
2411 5032 2580 5100 ὑμεῖς
2603 5033 2824 5099 λάϐητε
2858 5038 2958 5088 ἀπ’
2988 5041 3192 5103 αὑτοῦ,
3218 5043 3314 5094 καί
3337 5044 3526 5112 ἐκτρί·

1950 5116 2109 5197 ψητε
2139 5113 2317 5182 ἡμᾶς.
2359 5117 2685 5186 Ἀφιερώθη,
2711 5118 2894 5187 φησὶν,
2919 5120 3131 5176 ἅπαντα
3157 5126 3224 5178 τά
3255 5128 3310 5177 ἐν
3332 5129 3396 5197 τῇ
3430 5129 3526 5179 πόε-

1950 5195 2029 5246 λει
2050 5213 2064 5226 ο
2100 5197 2254 5249 τοῦτο
2284 5197 2392 5266 γὰρ
2423 5198 2482 5249 16
2514 5198 2769 5268 ἀνάθημα
2800 5200 2966 5270 δηλοῖ.
2991 5207 3080 5274 Μή
3108 5224 3192 5269 τις
3222 5205 3312 5261 οὖν
3347 5195 3524 5279 νοσφί-

1952 5296 2109 5346 σηται
2153 5280 2261 5332 τῶν
2299 5280 2664 5334 ἀνατεθέντων
2711 5285 2897 5354 Κυρίῳ
2933 5288 3010 5340 τῶ
3047 5289 3188 5360 Θεῷ,
3223 5295 3316 5346 καὶ
3346 5295 3521 5360 ἐξολο·

2013 5489 2034 5566 Ξ
2063 5491 2194 5566 ἓριιδ
2215 5493 2370 5566 δερκάς-
2400 5493 2552 5566 Paulo
2576 5502 2832 5566 βοειυηυε
2849 5501 2915 5566 ,τά
2939 5504 3142 5566 ἡμέτερα
3167 5508 3262 5553 τῶν
3283 5509 3517 5564 ὑπηκόων,

2011 5555 2034 5589 Β
2058 5552 2184 5630 ’Βιιο
2224 5552 2606 5630 ἀντικοτούντων.
2661 5552 3255 5630 υηυεάντισκοτόύντων·

1947 5617 2125 5658 storim'
2165 5617 2584 5679 lectio_mendum
2631 5632 2742 5667 esse
2787 5625 2990 5673 videtur.
3031 5628 3168 5673 l’rior
3213 5617 3375 5676 aulém
3426 5617 3519 5679 ιῖοιι

1947 5677 2246 5749 ΒΡΟΓΙΠῚΝΙἉ.
2267 5674 2406 5724 Alius
2423 5714 2434 5736 ,
2461 5685 2590 5728 teste
2618 5680 2820 5743 Samio,
2859 5674 3410 5749 ἀντιπραττόντων,ή(ιγυξιῑ

1947 5748 2038 5796 ΧΟΧ
2063 5748 2344 5796 synonyma.

2005 5794 2035 5870 ξ
2063 5796 2196 5870 Ungs
2223 5794 2346 5869 ἀλλ’
2375 5801 2498 5870 εἰκός
2531 5820 2656 5870 τινας
2689 5808 2783 5870 τῶν
2827 5810 3066 5856 παρόντων
3096 5812 3154 5857 ια
3197 5820 3278 5870 τῆς
3316 5817 3519 5870 [στονιέλς

1945 5860 2114 5924 ταιὲτῃς
2135 5859 2372 5918 ἀγνοεῖν...
2399 5867 2502 5924 περὶ
2535 5865 2705 5922 ταύτης
2732 5869 2954 5918 εἰπόντας.
3245 5859 3278 5870 ’ἶ
3321 5859 3355 5862 η

2015 5921 2031 5958 ι
2062 5920 2194 5968 Lnus
2215 5924 2338 5977 ’ἡμᾶς
2363 5920 2683 5973 μετεϐίὸασεν.

3110 6018 3148 6073 7
