4064 6214
569 325 680 382 105

548 441 766 512 θρεύσει
801 454 826 482 ο
857 443 1004 513 ἡμᾶς
1051 443 1114 496 ἐκ
1147 436 1242 513 τῆς
1275 444 1399 514 γῆς.
1450 445 1816 509 Ἐπικίνδυνος
1842 450 1875 516 ἡ
1912 447 2118 518 ἐντολὴ,

549 526 681 578 πολὺ
705 524 765 576 τὸ
787 525 884 594 τῆς
906 526 1190 594 ἀκριϐείας
1219 526 1312 579 τοῦ
1331 543 1388 578 τε
1416 528 1847 595 προστάσσοντος
1870 529 2004 582 Θεοῦ
2027 529 2120 582 καὶ

545 607 638 659 τοῦ
671 605 1085 677 νομοθετοῦντος
1115 607 1306 677 Ἰησοῦ.
1331 608 1456 671 Πῶς
1476 610 1584 679 γὰρ
1606 611 1705 662 οὐκ
1718 606 1786 680 ἦν
1812 613 1869 665 ἐν
1881 611 2119 681 τοσούτῳ

547 688 740 759 πλήθει
782 690 855 758 μὴ
900 689 1279 760 παραϐαθῆναι
1323 690 1415 744 τὸν
1459 692 1619 761 νόμον
1667 692 1874 759 τοῦτον,
1909 693 2120 746 πολλῶν

545 771 710 824 ὄντων
736 772 843 824 τῶν
873 771 1255 826 συνωθούντων
1281 773 1415 844 πρὸς
1441 773 1630 836 τοῦτσς
1661 776 1732 826 Ἦ
1747 774 1856 845 γὰρ
1873 775 1934 827 τὸ
1953 776 2122 828 ἀστά-

545 856 748 924 θμητον
782 855 876 908 καί⁵
897 855 957 907 τὸ
980 854 1291 926 φιλοκερδὲς
1319 855 1413 907 τοῦ
1439 857 1633 926 δήμου,
1657 857 1690 927 ἢ
1710 857 1771 909 τὸ
1803 859 1877 927 μὴ
1911 859 2120 921 πάντας

543 939 843 1007 κατηκόους
883 938 1134 1005 γενέσθαι
1169 939 1266 1008 τῆς
1304 937 1660 1008 προτεθείσης
1699 940 1937 1009 ἐντολῆς.
1991 941 2024 1010 ἢ
2082 943 2114 1010 ἡ

540 1021 780 1073 ποικιλία
797 1020 904 1072 τῶν
935 1021 1141 1073 σκύλων
1166 1020 1415 1090 καθάπερ
1440 1020 1633 1091 δέλεαρ
1645 1022 2000 1092 προκειμένη,
2024 1025 2118 1077 καὶ

536 1106 663 1166 τοὺς
695 1105 920 1172 φιλοκτή
931 1121 1098 1174 μονάς
1127 1103 1477 1167 δελεάζουσα,
1501 1105 1739 1168 εὐκόλως
1770 1105 1836 1158 ἂν
1863 1106 1996 1175 πρὸς
2017 1107 2117 1175 τὴν

539 1187 849 1256 παράϐασιν
884 1185 1255 1256 παρώρμησεν
1284 1188 1333 1240 b.
1371 1187 1511 1239 Ἀλλ’
1538 1189 1688 1258 ὅμως
1717 1190 1745 1240 6
1776 1188 1938 1258 νόμος
1964 1180 2116 1252 οὗτος

537 1270 718 1339 ἐτέθη,
755 1270 848 1321 καὶ
894 1269 1030 1337 ὑπὲρ
1074 1268 1316 1338 κεφαλῆς
1362 1270 1391 1321 6
1419 1270 1519 1340 τῆς
1551 1270 1914 1340 παραϐάσεως
1947 1269 2113 1324 αὐτοῦ

535 1353 778 1414 κίνδυνος
802 1353 1209 1423 ἐπεκρεμάσθη.
1247 1354 1311 1406 Τί
1342 1349 1436 1406 οὖν
1470 1353 1607 1423 μετὰ
1642 1354 1838 1420 τοῦτο;
1866 1355 2117 1407 Κατέπε-

535 1454 627 1489 σον
652 1435 719 1488 τὰ
740 1435 916 1504 τείχη,
949 1435 1043 1487 καὶ
1066 1436 1125 1489 ἐν
1151 1437 1308 1505 χερσὶ
1339 1435 1448 1488 τῶν
1474 1435 1905 1507 πολιορκούντων
1928 1436 1997 1489 τά
2015 1436 2116 1505 τῆς

534 1519 742 1581 πόλεως
789 1519 1003 1586 ἐγένετο
1039 1518 1238 1570 πάντα.
1273 1518 1481 1581 Παντὸς
1517 1519 1695 1572 τοίνυν
1726 1518 1822 1572 τοῦ
1856 1519 1985 1573 λαοῦ
2014 1521 2114 1589 τὴν

532 1599 750 1671 ἐντολὴν
788 1600 990 1669 ταύτην
1024 1600 1428 1671 διατηροῦντος,
1459 1602 1493 1671 ἡ
1521 1601 1616 1654 τοῦ
1655 1602 1772 1665 ἐνὸς
1802 1599 2116 1671 παράϐασις

532 1687 612 1746 είς
650 1682 798 1736 ἅπαν
838 1682 900 1734 τὸ
963 1681 1167 1750 πλῆθος
1209 1683 1307 1752 τὴν
1345 1682 1440 1736 τοῦ
1491 1683 1629 1737 Θεοῦ
1663 1684 1868 1754 ἀνῆψεν
1920 1683 2110 1753 ὀργήν.

543 1763 1057 1833 Ἐπλημμέλησαν
1096 1763 1224 1833 γὰρ,
1250 1765 1435 1834 φησὶν,
1465 1765 1616 1837 [104]
1640 1769 1694 1819 οι
1722 1767 1839 1820 vlo!
1875 1766 2114 1833 Ἰσραὴλ

530 1847 948 1916 πλημμέλειαν
961 1847 1256 1917 μεγάλην,
1281 1847 1379 1901 καί
1401 1849 1831 1918 ὲνοσςρίσαντο,
1858 1849 1956 1902 καί
1973 1849 2114 1904 ἕλα-

531 1935 639 1985 6ον
668 1930 788 1984 ἀπὸ
822 1931 923 1984 τοῦ
967 1928 1367 1999 ἀναθήματος.
1401 1930 1500 1984 καί
1528 1931 1744 1985 ἐλαϐεν
1773 1933 1951 2000 Ἅχαρ
1981 1931 2113 1996 υίὸς

531 2013 752 2082 Χαρμεῐ
777 2012 898 2067 ἀπὸ
939 2012 1045 2065 τοῦ
1077 2013 1478 2082 ἀναθήματος,
1513 2014 1614 2066 καί
1651 2012 1918 2083 ἐθυμώθη
1963 2012 2112 2084 ὀργῆ

531 2098 744 2166 Κύριος
763 2107 785 2135 ο
800 2096 926 2162 τοῖς
949 2094 1103 2160 υίοῖς
1132 2096 1389 2165 Ἰσραήλ.
1415 2097 1526 2151 Καὶ
1558 2098 1664 2168 μὴν
1683 2094 1763 2161 είς
1789 2093 1857 2168 ἦν
1874 2101 1902 2151 6
1931 2098 2112 2168 πλημ-

533 2182 791 2251 μελήσας.
842 2179 967 2241 Πῶς
1011 2174 1104 2231 οῦν
1153 2179 1585 2251 ἐπλημμέλησαν
1627 2181 1677 2232 oi
1726 2180 1833 2233 υίοὶ
1873 2181 2109 2250 Ἰσραὴλ,

529 2266 624 2317 καὶ
652 2261 910 2332 ἐθυμώθη
943 2260 1149 2333 Κύριος
1176 2265 1285 2325 τοῖς
1326 2265 1460 2325 υἱοῖς
1499 2261 1756 2333 ἰσραήλ;
1797 2263 1958 2333 Ὁρᾷς
1994 2264 2112 2327 πῶς

529 2353 562 2418 ἡ
609 2346 701 2400 τοῦ
751 2346 869 2409 ἐνὸς
917 2345 1160 2416 ἁμαρτία
1200 2348 1364 2398 παντὶ
1417 2344 1495 2414 τῷ
1547 2344 1663 2415 λαῷ
1699 2344 1796 2414 τὴν
1841 2346 2111 2417 τιμωρίαν

529 2430 889 2502 προεξένησε;
929 2427 1044 2490 πῶς
1081 2428 1217 2499 πρὸς
1244 2428 1306 2480 τὸ
1337 2427 1540 2498 πλῆθος
1563 2429 1654 2481 τὸν
1686 2428 1816 2482 Θεὸν
1863 2429 2112 2493 ἐξεπολέ-

533 2530 744 2582 μωσεν;
785 2510 938 2563 Ἐπεὶ
967 2507 1059 2563 οὖν
1080 2511 1140 2562 τὸ
1166 2511 1483 2580 παράνομον
1512 2511 1786 2582 ἐπράχθη,
1809 2512 1904 2565 καὶ
1936 2512 2110 2576 οὐδεὶς

527 2594 596 2666 ἦν
628 2597 656 2648 6
685 2592 962 2657 συνειδὼς,
985 2593 1126 2663 πλὴν
1158 2592 1315 2662 μόνον
1349 2593 1443 2645 τοῦ
1477 2593 1546 2646 τά
1580 2593 1787 2665 κρύφια
1815 2594 2110 2662 γινώσκον-

524 2698 615 2743 τος
649 2678 806 2744 Θεοῦ,
834 2679 866 2746 ἠ
898 2677 996 2745 μὲν
1019 2675 1260 2745 τιμωρία
1283 2674 1526 2744 ἔμελλεν,
1561 2679 1587 2728 6
1610 2676 1666 2728 δὲ
1688 2676 1900 2748 πράξας
1928 2677 2107 2742 τοῦτο,

526 2761 627 2815 κᾶν
653 2761 829 2812 ἐδόκει
866 2758 1170 2820 λανθάνειν,
1203 2758 1318 2810 ἀλλ’
1351 2759 1499 2828 ὅμως
1529 2758 1635 2810 ὐπό
1661 2759 1755 2811 τοῦ
1784 2759 2104 2824 συνειδότος,

527 2846 600 2909 ὡς
654 2845 758 2897 ὐπὸ
807 2843 979 2914 πυρὸς
1043 2842 1386 2895 κατεκαίετο.
1421 2838 1592 2895 Ἦλθε
1640 2842 1820 2896 τοίνυν
1869 2843 1964 2894 καὶ
2008 2844 2107 2913 τῆς

524 2928 753 2998 ἀπειλῆς
802 2926 831 2977 6
889 2925 1109 2996 καιρὸς,
1167 2925 1262 2978 καὶ
1319 2922 1414 2977 τοῦ
1473 2926 1712 2995 φανερὸν
1745 2925 1997 2992 γενέσθαι
2045 2925 2108 2978 τὸ

523 3012 845 3082 ἁμάρτημα.
879 3008 1217 3063 Ἀπέστειλε
1246 3007 1375 3077 γάρ,
1402 3009 1586 3078 φησὶν,
1620 3007 1857 3074 Ἰησοῦς
1884 3007 2108 3074 ἄνδρας

524 3097 643 3151 ἀπὸ
687 3093 904 3163 Ἱεριχὼ
935 3096 1020 3159 είς
1073 3091 1205 3145 Γαῖ.
1267 3093 1377 3144 Καί
1435 3091 1746 3157 ἀνέϐησαν
1792 3091 1922 3145 ἐκεῖ
1963 3094 2108 3147 ὡσεί

521 3181 844 3248 τρισχίλιοι
870 3177 1097 3244 ἄνδρες,
1127 3177 1226 3230 καί
1244 3176 1472 3244 ἔφυγον
1492 3174 1612 3228 ἀπὸ
1641 3175 1966 3242 προσώπου
1986 3174 2109 3229 τῶν

520 3263 758 3330 ἀνδρῶν
778 3261 910 3323 Γαῒ,
933 3261 1033 3312 καί
1064 3259 1429 3314 ἀπέκτειναν
1448 3258 1549 3312 ἀπ’
1566 3257 1768 3311 αὐτῶν
1790 3257 2108 3326 τριάκοντα

520 3345 619 3398 καί
648 3345 717 3409 ἐξ
756 3343 1002 3411 ἄνδρας,
1045 3342 1142 3394 καί
1176 3340 1518 3403 (ἐπεδίωξαν
1545 3339 1788 3405 αὐτοὺς,
1827 3341 1926 3394 καί
1957 3358 2108 3395 συν-

519 3432 771 3498 έτριψαν
791 3426 1034 3491 αὐτοὺς,
1066 3425 1162 3478 καί
1192 3423 1456 3491 ἐπτοήθη
1487 3423 1525 3490 ἡ
1549 3423 1763 3492 καρδία
1791 3424 1900 3478 τοῦ
1925 3425 2102 3492 λαοῦ,

519 3513 618 3569 καί
647 3511 885 3579 ἐγένετο
917 3507 1118 3575 ὥσπερ
1144 3506 1321 3575 ὕδωρ.

592 3602 667 3661 ς’.
684 3597 826 3666 Ὅρα
847 3595 978 3666 μιᾶς
994 3591 1267 3662 ἁμαρτίας
1284 3589 1589 3661 εἴσπραξιν,
1610 3590 1712 3662 ὅρα
1735 3591 1947 3662 πληγὴν
1963 3592 2105 3644 ἀπα-

521 3679 853 3752 ραμύθητον.
907 3672 1004 3738 Εἷς
1050 3673 1470 3748 ἐπλημμέλησε,
1507 3674 1601 3726 καὶ
1629 3676 1711 3736 εἰς
1757 3675 1970 3727 ἅπαντα
2013 3675 2104 3752 τὸν

519 3750 688 3832 δῆμον
721 3763 747 3813 6
780 3760 1010 3820 θάνατος
1043 3757 1137 3810 καὶ
1181 3759 1214 3826 ὴ
1239 3755 1415 3809 δειλία
1447 3754 1707 3810 ἐπέπεσε.
1754 3757 1820 3807 Τί
1849 3756 2028 3823 τοῦτο,
2058 3750 2104 3809 ὦ

519 3843 786 3912 φιλάγαθε
808 3842 1050 3895 Δέσποτα
1072 3857 1086 3905 ;
1123 3839 1194 3891 Σὺ
1222 3833 1273 3889 εί
1297 3837 1457 3906 μόνος
1475 3837 1702 3901 δίκαιος,
1725 3838 1820 3889 καί
1851 3838 2028 3900 εὐθεῖς
2045 3841 2101 3891 αί

518 3928 726 4000 κρίσεις
757 3942 870 3978 σου.
904 3926 978 3975 Σὺ
1013 3922 1227 3991 ἑκάστῳ
1259 3921 1400 3974 κατὰ
1431 3919 1503 3972 τὰ
1535 3922 1711 3973 οίκεῖα
1742 3920 1879 3991 ἔργα
1908 3921 2102 3974 ἀπονέ-

520 4027 640 4080 μεις
685 4007 782 4078 τὴν
834 4006 1036 4078 κρίσιν.
1085 4005 1156 4056 Σὺ
1187 4004 1344 4074 ἔφης,
1397 4002 1771 4073 φιλάνθρωπε,
1809 4003 1866 4055 ἐν
1893 4005 1960 4074 τῇ
1997 4002 2102 4073 ίδίᾳ

515 4093 746 4144 ἕκαστον
773 4087 1159 4143 ἀποθανεῖσθαι
1188 4086 1453 4157 ἁμαρτίᾳ,
1487 4087 1580 4138 καὶ
1617 4085 1692 4155 μὴ
1727 4087 1755 4124 ά
1784 4085 1941 4140 ἄλλον
1979 4086 2102 4139 ἀντὶ

514 4176 673 4226 ἄλλου
707 4170 1212 4242 τιμωρηθήσεσθαι.
1245 4169 1351 4231 Τίς
1395 4166 1491 4222 οὖν
1534 4167 1675 4238 αὐτη
1715 4171 1748 4239 ὴ
1776 4170 1958 4222 δικαία
2005 4189 2099 4224 σου

515 4260 694 4327 ψῆφος
722 4275 736 4323 ;
770 4255 929 4308 Καλά
959 4270 1051 4305 σου
1101 4252 1167 4305 τὰ
1194 4252 1393 4314 πάντα,
1427 4251 1622 4321 Κύριε,
1662 4254 1758 4304 καὶ
1787 4253 1908 4306 λίαν
1937 4253 2096 4316 καλὰ,

515 4343 608 4394 καὶ
640 4340 774 4412 πρὸς
804 4337 864 4390 τὸ
892 4335 1166 4406 συμφέρον
1186 4335 1318 4404 ἡμῖν
1344 4333 1789 4403 οἱκονομούμενα.
1823 4335 1983 4404 Λύμη
2015 4336 2100 4397 τίς

514 4429 651 4487 ἐστι,
698 4421 882 4492 φησὶν,
915 4421 948 4490 ἡ
988 4418 1233 4489 ἁμαρτία
1257 4432 1270 4446 ·
1317 4415 1511 4469 οὐκοῦν
1550 4416 1984 4486 ἐκπομπευέσθω
2011 4417 2097 4469 διὰ

513 4509 613 4576 τῆς
636 4505 908 4576 τιμωρίας
939 4505 1017 4563 εἰς
1052 4502 1281 4561 πάντας,
1317 4499 1403 4550 ἵνα
1433 4497 1507 4567 μὴ
1537 4499 1663 4560 τοὺς
1694 4498 1899 4560 πάντας
1934 4516 2098 4551 κατα-

513 4589 843 4658 λυμήνηται,
873 4586 961 4637 ἵνα
981 4583 1198 4651 γνόντες
1220 4581 1395 4649 πόσην
1410 4581 1639 4650 ἀπειλὴν
1671 4579 1770 4650 μία
1788 4579 2098 4649 παράϐασις

515 4671 688 4733 ἔτεκε,
715 4668 932 4735 φύγωσι
960 4667 1060 4735 τὴν
1086 4667 1149 4716 ἐκ
1179 4663 1440 4720 πλειόνων
1469 4662 1826 4733 ἀτελεύτητον
1855 4663 2094 4719 κόλασιν.

528 4753 670 4807 Ἰδὼν
698 4748 811 4814 οὖν,
839 4749 1023 4818 φησὶν,
1046 4749 1072 4798 6
1098 4744 1302 4815 Ἰησοῦς
1326 4745 1422 4814 τὴν
1449 4745 1818 4798 ἀνυπόστατον
1845 4745 2021 4816 φυγὴν
2047 4756 2094 4809 θ,

515 4833 762 4906 διέρρηξε
794 4831 863 4884 τά
909 4829 1097 4898 ίμάτια
1143 4825 1328 4887 αὐτοῦ,
1360 4827 1452 4878 καὶ
1487 4826 1681 4880 ἔπεσεν
1718 4828 1812 4881 ἐπὶ
1842 4829 1940 4898 τὴν
1970 4831 2094 4898 γῆν,

515 4917 754 4977 ἐκείνους
772 4916 896 4975 τοὺς
925 4911 1153 4981 θρήνους
1174 4909 1492 4978 τραγῳδῶν,
1521 4908 1613 4972 οὓς
1637 4913 1670 4980 ἠ
1693 4910 1812 4962 θεία
1841 4912 2095 4980 σημαίνει

514 5001 725 5070 Γραφή.
750 4997 813 5048 Τί
848 4991 939 5048 οὖν
972 4995 1104 5064 πρὸς
1135 4991 1296 5045 αὐτὸν
1324 4993 1352 5042 6
1384 4991 1702 5060 Δεσπότης;
1744 4990 2092 5060 Ἀνοὶστηθιο

514 5083 615 5135 ἵνα
653 5081 710 5132 τί
756 5079 907 5132 οὕτω
944 5074 1418 5145 συμπέπτωκας,
1477 5072 1844 5141 Ἡμάρτηκεν
1883 5078 1916 5128 ό
1944 5075 2094 5139 λαός

514 5181 650 5227 σου,
693 5163 790 5215 καί
840 5162 1067 5230 παρέϐη
1116 5158 1230 5226 τὴν
1261 5157 1556 5224 διαθήκην
1587 5173 1728 5224 μου,
1765 5158 1864 5209 καὶ
1902 5161 1974 5210 οὺ
2006 5157 2092 5225 μὴ

576 5379 600 5405 ⁰
628 5377 734 5428 Duo
775 5373 1092 5434 ἐξολοθρεύσῃ.
1143 5371 1266 5420 Infra
1291 5371 1633 5434 παραὸαθῆναι.
1681 5367 1736 5416 In
1771 5367 1900 5417 hanc
1923 5381 2092 5417 vocem

514 5447 651 5489 nom
671 5438 816 5484 Savil.
853 5436 902 5481 in
924 5433 1073 5493 marg.
1100 5449 1172 5494 γρ.
1207 5433 1598 5494 παραϐιασθῆναι,

579 5502 605 5542 b
637 5499 769 5548 Unus
790 5490 1054 5556 παράϐασιν
1073 5490 1398 5556 ἐξεκαλέσατο.
1422 5491 1548 5539 Ἀλλ’
1571 5492 1700 5552 ὅμως
1715 5491 1741 5538 ὁ
1761 5490 1901 5551 νόμος
1923 5491 2088 5545 οὕτως.

515 5563 622 5613 Mox
649 5564 835 5619 aliquot
995 5554 1349 5621 éqtexpspdah'._
1420 5614 1432 5621 _
1508 5611 1517 5619 Ι

577 5629 599 5655 ε
635 5612 768 5671 limis
791 5618 904 5680 ὀργὴ
931 5612 1129 5680 Κυρίου,
1147 5612 1294 5680 atque
1321 5614 1386 5660 ita
1420 5612 1809 5680 legi_l~Ergsm_us-.

574 5686 602 5724 d
628 5673 875 5742 Quinqu'e:
890 5673 1013 5725 mssf
1026 5675 1713 5742 άλλονάντιτιμωρηθήσεσθαι
1727 5673 1886 5735 ἑτέρου

576 5750 600 5778 ο
618 5731 713 5800 ἰτ-ὴν
733 5731 1052 5789 ἀνυπόστατον
1074 5735 1233 5797 φυγήν.
1264 5731 1492 5800 Ετέετήρξ
1512 5736 1675 5792 venit,
1689 5731 1854 5796 {again
1874 5731 1980 5800 εξειί
1997 5746 2090 5800 no_n

512 5794 742 5867 possefAL
764 5802 971 5867 dubigari
999 5794 1250 5867 potes-han
1277 5809 1334 5843 ea
1355 5795 1684 5867 si}(_1hrysos_t.
1713 5794 1869 5842 niens.
1895 5794 2090 5867 Ἀγυπόσ

511 5854 684 5918 Bal—{av
712 5865 858 5926 φυγήν
879 5854 1013 5926 ίονιεέ
1026 5859 1151 5910 verti
1173 5866 1358 5919 posset,
1380 5854 1547 5918 fugam
1567 5855 1706 5920 cujus
1724 5869 1870 5905 causa
1889 5857 1960 5906 vel
1984 5868 2090 5914 nm-

513 5929 630 5982 la'iu
650 5923 741 5977 non
765 5923 1040 5987 apparebat.

1289 333 1346 390 S.
1382 331 1668 388 JOANNIS
1703 327 2193 392 CIIRYSOSTOMI
2235 333 2551 392 ARCHIEP.
2589 327 3131 390 CONSTANTINOP.

3695 346 3805 403 106

2227 447 2596 513 δυνήσονται
2628 448 2682 500 οί
2720 444 2837 499 υίοί
2879 443 3119 512 Ἰσραὴλ
3158 438 3377 508 στῆναι
3418 438 3566 492 κατὰ
3606 442 3795 507 πρόσ-

2227 545 2391 588 ωπον
2416 530 2533 583 τῶν
2556 527 2783 598 ἐχθρῶν
2804 526 3019 590 αὐτῶν,
3050 527 3160 591 ἓως
3181 525 3257 577 ἂν
3284 524 3532 591 ἐξάρητε
3553 522 3617 576 τὸ
3646 524 3793 578 dﬂi-

2224 616 2380 681 θημα
2400 612 2468 676 ἐξ
2503 611 2669 681 ὑμῶν
2691 609 2907 664 αὐτῶν.
2957 608 3082 678 Ἐκη
3093 606 3262 678 ρύχθη
3285 606 3460 659 τοίνυν
3483 607 3542 657 ὲν
3576 605 3650 676 τῷ
3678 605 3796 676 λαῷ

2223 695 2400 757 τοῦτο,
2437 695 2528 748 καὶ
2560 693 2821 764 μηνύεται
2845 693 2948 746 ὐπὸ
2981 691 3114 744 Θεοῦ
3136 694 3162 744 6
3191 691 3288 760 τὴν
3319 689 3628 760 παράϐασιν
3651 690 3794 760 πράο

2223 778 2320 842 ξας
2341 795 2353 807 ο
2383 776 2838 844 συγκατατίθεται
2872 768 3044 837 οὗτος.
3094 772 3384 844 Ἀπεκρίθη
3425 771 3561 840 γάρ,
3596 772 3790 842 φησὶν,

2227 863 2404 932 ’Λχαρ
2457 859 2534 931 τῷ
2595 858 2799 928 Ἰησοῦ,
2847 859 2940 912 καὶ
2986 854 3171 909 εἶπεν·
3223 855 3474 923 Ἀληθῶς
3527 855 3795 924 ἥμαρτον

2219 945 2499 997 ἐναντίον
2525 942 2630 996 τοῦ
2661 941 2879 1010 Κυρίου
2903 940 3050 995 Θεοῦ
3089 937 3332 1006 Ἰσραήλ
3351 953 3365 967 ’
3387 938 3539 991 οὕτω
3567 936 3664 992 καί
3690 937 3792 991 οὖ-

2221 1043 2325 1090 τως
2345 1026 2622 1092 ἐποίησα.
2651 1023 2830 1079 Εϊδον
2851 1024 2919 1077 ἐν
2943 1022 3016 1090 τῇ
3037 1019 3305 1090 προνομῇ
3323 1019 3558 1086 στολὴν
3574 1019 3790 1089 ψιλὴν,

2220 1111 2527 1176 ποικίλην,
2565 1110 2708 1162 λίαν
2745 1106 2764 1146 τ
2805 1104 3024 1174 καλὴν,
3069 1105 3168 1159 καί
3203 1105 3478 1157 διακόσια
3499 1103 3794 1173 δίδραχμα

2220 1190 2526 1260 ἀργυρίου.
2551 1191 2650 1244 καί
2679 1190 2970 1260 γλῶσσαν
2986 1191 3134 1258 μίαν
3156 1187 3396 1256 γρυσῆν
3419 1186 3792 1252 πεντήκοντα

2219 1272 2574 1342 διδράχμων,
2601 1272 2698 1328 καί
2727 1274 3078 1341 ἐνθυμηθείς
3101 1274 3340 1334 ἔλαϐον,
3365 1269 3513 1340 [-105]
3541 1270 3636 1322 καί
3662 1268 3792 1322 ίδοὺ

2219 1356 2403 1409 ταῦτα
2449 1357 2847 1425 ὲτκέκρυπται
2875 1356 2944 1410 ὲν
2975 1356 3048 1423 τῇ
3081 1354 3159 1424 τῇ
3197 1356 3268 1408 ἐν
3295 1353 3367 1421 τῇ
3413 1353 3615 1420 σκηνῇ
3647 1367 3787 1421 μου.

2220 1438 2403 1491 Πάντα
2433 1439 2619 1493 λοιπὸν
2648 1441 2728 1502 είς
2773 1437 3001 1509 φανερὸν
3045 1439 3187 1508 ἄγει,
3228 1437 3412 1505 ἐπειδὴ
3455 1435 3658 1505 ἀψευδῆ
3698 1433 3792 1487 τὸν

2218 1521 2390 1575 ταῦτα
2435 1522 2895 1592 καταμηνύσαντα
2927 1520 3092 1591 ἐώρα,
3143 1520 3368 1592 σφοδρόν
3400 1529 3424 1567 8
3463 1536 3523 1571 τε
3559 1514 3670 1587 εἶχε
3699 1517 3792 1570 τὸν

2218 1605 2506 1674 ἐλέγχοντα
2539 1606 2811 1676 μάρτυρα.
2838 1605 2980 1677 Ὅρα
2999 1605 3055 1658 δὲ
3078 1603 3168 1657 τὸν
3189 1602 3544 1657 ἐπονείδιστον
3561 1604 3654 1655 καὶ
3673 1601 3791 1653 ὀλέ-

2219 1686 2368 1756 θριον
2419 1687 2584 1742 αὐτοῦ
2637 1686 2863 1742 θάνατον
2887 1705 2901 1718 ·
2968 1685 3304 1755 Ἀνήνεγκε,
3358 1685 3556 1754 φησὶν,
3603 1683 3790 1738 αὐτὸν

2233 1771 2471 1837 Ἰησοῦς
2515 1773 2603 1837 είς
2632 1771 2906 1840 φάραγγα
2945 1769 3143 1838 Ἀχὼρ,
3182 1769 3280 1822 καί
3317 1768 3461 1834 τοὺς
3484 1766 3652 1833 υίοὺς
3677 1767 3787 1820 αὐ-

2218 1854 2345 1917 τοῦ,
2377 1853 2477 1907 καί
2507 1853 2615 1918 τὰς
2639 1852 2962 1922 θυγατέρας
2983 1852 3190 1917 αὐτοῦ,
3218 1851 3316 1905 καί
3347 1850 3487 1916 τοὺς
3511 1849 3789 1920 μόσχους

2215 1938 2422 2001 αὐτοῦ,
2453 1939 2552 1992 καί
2577 1938 2650 1992 τὰ
2667 1937 2950 2006 ὑποζύγια
2968 1935 3177 2002 αὐτοῦ,
3209 1935 3308 1990 καί
3334 1933 3529 1989 πάντα
3548 1932 3620 1988 τὰ
3642 1932 3787 2000 πρό-

2216 2021 2364 2074 ϐατα
2395 2021 2605 2087 αὐτοῦ,
2649 2021 2749 2075 καί
2779 2020 2897 2088 τὴν
2935 2018 3182 2086 σκηνὴν
3214 2016 3420 2081 αὐτοῦ,
3462 2017 3562 2071 καί
3590 2015 3788 2070 πάντα

2215 2104 2333 2157 ὅσα
2361 2105 2646 2172 ὑπῆρχον
2691 2102 2852 2169 αὐτῷ
2885 2101 2983 2156 καί
3017 2101 3455 2168 ἐλιθοϐόλησαν
3479 2099 3630 2153 αὐτὰ
3665 2097 3788 2175 πᾶς

2228 2185 2474 2256 Ἰσραὴλ
2513 2189 2584 2241 ἐν
2615 2187 2827 2253 λίθοις.
2877 2185 3026 2255 Αὕτη
3063 2185 3163 2254 τῆς
3205 2183 3546 2254 παρανομίας
3591 2183 3626 2254 ἡ
3658 2181 3790 2234 ἀντ-

2215 2271 2487 2335 απόδοσις,
2537 2271 2710 2334 οὐτως
2751 2272 2784 2340 ὴ
2824 2268 2918 2322 τοῦ
2969 2266 3105 2321 Θεοῦ
3142 2265 3436 2329 ἀδέκαστός
3473 2267 3590 2318 ἐστι
3637 2263 3784 2333 δίκη.

2215 2354 2385 2407 Τοῦτο
2404 2354 2582 2407 τοίνυν
2602 2353 2819 2418 ειδότες,
2845 2351 3058 2405 οἰκείων
3080 2352 3296 2421 ἀμαρτη
3307 2349 3491 2420 μάτων
3503 2346 3787 2417 εἴσπραξιν

2213 2436 2310 2508 τὴν
2340 2437 2448 2489 τῶν
2479 2435 2717 2506 ἀνιαρῶν
2746 2435 2932 2503 ἔφοδον
2974 2432 3314 2501 λογιζώμεθα
3347 2432 3438 2485 καὶ
3485 2431 3607 2484 καθ’
3652 2429 3782 2482 ἑκά.-

2215 2537 2345 2588 στην
2369 2519 2437 2573 τά
2468 2518 2675 2573 ἑαυτῶν
2704 2516 3047 2582 ἐξετάζοντες
3079 2515 3418 2585 ἐγκλήματα,
3454 2513 3529 2584 μὴ
3557 2513 3784 2584 ἑτέροις,

2213 2602 2326 2654 ἀλλ’
2357 2603 2489 2672 ἡμῖν
2516 2603 2698 2662 αὐτοῖς
2719 2599 2815 2671 τὴν
2841 2600 3043 2653 τούτων
3067 2616 3132 2650 πε
3141 2598 3457 2669 ριάπτωμεν
3481 2596 3679 2650 αίτίαν.
3707 2596 3783 2647 Οὐ

2212 2684 2322 2755 γὰρ
2353 2688 2385 2755 ἡ
2419 2683 2528 2738 τῶν
2555 2683 2831 2756 ἀρχόντων
2867 2683 3025 2754 μόνον
3063 2677 3381 2751 ἀπροσεξία,
3421 2677 3555 2731 ἀλλὰ
3604 2675 3785 2745 πολλῷ

2215 2767 2416 2836 μᾶλλον
2430 2767 2498 2819 τὰ
2516 2768 2757 2836 ἡμέτερα
2785 2764 3102 2834 πταίσματα
3122 2762 3188 2816 τά
3209 2761 3353 2815 κακὰ
3374 2761 3781 2831 συνεισήγαγεν.

2207 2849 2367 2902 Οὕτω
2395 2851 2573 2902 τοίνυν
2607 2847 2836 2900 ἐνταῦθα
2866 2846 3296 2916 παραγινόμενος
3322 2844 3569 2905 ἕκαστος,
3596 2840 3690 2895 καὶ
3714 2839 3784 2892 τά

2210 2933 2384 2985 οἰκεῖα
2411 2932 2757 3001 λογιζόμενος
2793 2927 3237 3000 παραπτώματα,
3269 2925 3390 2978 οὐτε
3423 2925 3607 2996 ἕτερον
3640 2922 3782 2995 μέμ-

2207 3016 2382 3084 ψοιτο,
2416 3015 2508 3067 καὶ¹
2542 3014 2679 3084 μετά
2710 3014 2808 3083 τῆς
2836 3011 3217 3082 προσηκούσης
3248 3008 3499 3074 εὐταξίας
3523 3007 3622 3078 τὴν
3642 3023 3783 3077 παρ-

2208 3099 2375 3152 οὖσαν
2417 3098 2728 3168 ἀναπέμψοι
2749 3097 2777 3136 h
2802 3093 3125 3162 δοξολογίαν.
3146 3093 3301 3146 Ἔστι
3323 3092 3383 3145 δὲ
3415 3094 3448 3162 ή
3476 3090 3782 3162 παρ’ὴμῶν

2209 3181 2583 3251 ἀπαιτουμένη
2629 3179 2852 3245 εὐταξία
2879 3179 3099 3250 τοιαύτη
3122 3193 3137 3210 ⁶
3170 3177 3385 3247 πρῶτον
3435 3175 3553 3246 μὲν,
3600 3190 3780 3226 συντε-

2208 3265 2485 3338 τριμμένῃ
2519 3263 2719 3334 καρδίᾳ
2756 3262 3154 3333 προσέρχεσθαι
3184 3259 3261 3330 τῷ
3292 3258 3429 3328 Θεῷ,
3463 3257 3652 3311 ἔπειτα
3683 3257 3781 3310 καὶ

2208 3348 2269 3401 τὸ
2305 3351 2403 3419 τῆς
2437 3348 2662 3419 καρδίας
2697 3339 2829 3417 ἦθος
2876 3346 2963 3398 διά
3008 3345 3101 3398 τοῦ
3137 3343 3459 3413 φαινομένου
3502 3341 3780 3411 σχήματος

2209 3430 2598 3495 ὑποδεικνύειν,
2631 3431 2718 3484 διὰ
2761 3431 2858 3500 τῆς
2890 3429 3151 3502 στάσεως,
3190 3427 3278 3480 διὰ
3301 3427 3403 3496 ’τῆς
3441 3423 3549 3478 τῶν
3581 3421 3781 3494 χειρῶν

2206 3514 2479 3579 εὐταξίας,
2501 3513 2588 3566 διά
2610 3514 2710 3582 τῆς
2739 3513 2971 3583 πραείας
2989 3511 3082 3564 καὶ
3117 3507 3549 3578 συνεσταλμένης
3573 3506 3775 3575 φωνῆς.

2206 3597 2441 3652 Εὐκολον
2481 3595 2592 3666 γάρ
2621 3595 2799 3659 τοῦτο,
2844 3595 2937 3648 καὶ
2983 3593 3145 3646 παντὶ
3173 3593 3250 3661 τῷ
3285 3589 3590 3660 βουλομένῳ
3620 3588 3779 3640 δυνα-

2209 3682 2320 3734 τόν.
2362 3681 2488 3744 ῐιῶς
2529 3675 2623 3733 οῦν
2663 3681 2741 3741 είς
2782 3677 2990 3739 πάντας
3030 3673 3536 3746 κατορθωθήσεταις
3584 3669 3778 3740 Θῶμεν

2206 3766 2418 3828 ἑαυτοῖς
2463 3763 2645 3834 νόμον,
2696 3762 2790 3814 καὶ
2827 3760 3069 3830 εἴπωμεν
3113 3759 3193 3811 ὅτι
3230 3755 3557 3826 κοινωφελὴς
3589 3754 3777 3824 ἐντολὴ

2206 3849 2536 3919 κατεϐλήθη,
2573 3847 2668 3901 καί
2693 3846 2773 3899 δεῖ
2797 3845 3002 3906 πάντας
3029 3844 3176 3914 ἡμᾶς
3202 3839 3457 3909 τοιαύτης
3489 3839 3778 3909 μετασχεῖν

2203 3932 2489 4000 ὠφελείας.
2523 3930 2620 3982 Διὰ
2652 3929 2807 3981 τοῦτο
2834 3928 2928 3981 καὶ
2971 3925 3068 3988 τὰς
3104 3926 3370 3986 ἀτάκτους
3399 3920 3780 3987 κατασιγάσω-

2207 4032 2306 4084 μεν
2333 4013 2535 4082 φωνὰς,
2563 4013 2656 4065 καὶ
2684 4011 2753 4064 τὰ
2775 4011 2883 4062 τῶν
2913 4010 3110 4078 χειρῶν
3133 4006 3571 4075 καταστεΐλωμεν
3593 4003 3695 4074 ἤθη
3729 4006 3775 4066 i.

2203 4097 2494 4167 δεδεμένας
2531 4094 2734 4156 ταύτας
2766 4094 3192 4163 παριστάνοντες
3228 4090 3305 4160 τῷ
3340 4087 3494 4158 Θεῷ,
3549 4087 3643 4140 καὶ
3699 4087 3777 4159 μὴ

2203 4183 2314 4243 τοῖς
2330 4180 2593 4249 ἀκόσμοις
2619 4177 2988 4246 ἐπαιρομένας
3015 4173 3264 4243 νεύμασι.
3298 4173 3464 4226 Μισεῖ
3483 4169 3589 4240 γὰρ
3618 4169 3777 4222 τοῦτο

2203 4265 2298 4317 καὶ
2331 4263 2733 4332 ἀποστρέφεται
2757 4262 2784 4314 6
2817 4261 2973 4321 Θεὸς,
3006 4257 3191 4327 ὥσπερ
3230 4255 3321 4309 τὸν
3352 4252 3778 4324 συνεσταλμένον

2202 4347 2390 4416 ἀγαπᾷ
2428 4347 2522 4398 καί¹
2557 4343 2877 4414 προσίεται·
2931 4341 3054 4394 Ἐπί
3091 4341 3226 4394 τίνα
3258 4338 3386 4409 γὰρ,
3423 4337 3607 4408 φησὶν,
3648 4337 3777 4390 ἐπι-

2201 4428 2423 4496 ϐλέψω,
2453 4428 2588 4481 ἀλλ’
2620 4428 2658 4494 ἢ
2697 4426 2795 4478 ἐπί
2844 4425 2950 4477 τὸν
2990 4422 3182 4490 πρᾶον
3221 4421 3318 4474 καί
3360 4421 3642 4488 ἡσύχιον,
3673 4419 3776 4474 καί

2205 4509 2490 4579 τρέμοντὰ
2511 4526 2631 4577 μου
2655 4507 2796 4571 τοὺς
2824 4509 3045 4575 λόγους
3067 4521 3086 4566 ;
3111 4505 3368 4573 Εἴπωμεν
3394 4501 3662 4571 ἀλλήλοις,
3690 4502 3774 4554 ὅτι

2201 4595 2260 4645 οὐ
2307 4593 2548 4662 βούλεται
2578 4589 2726 4660 αὐτῷ
2766 4587 3312 4658 προσδιαλεγομένους
3346 4587 3492 4655 ἡμᾶς
3524 4585 3616 4637 καὶ
3643 4585 3770 4637 ἐαυ-

2199 4680 2310 4739 τοῖς
2341 4673 2708 4746 προσομιλεῖν,
2744 4672 2863 4725 οὐδέ
2890 4670 3122 4738 ἀφέντας
3149 4670 3247 4737 τὴν
3287 4667 3422 4738 πρὸς
3466 4668 3622 4721 αὐτὸν
3652 4667 3770 4720 διά·

2198 4760 2362 4823 λεξιν,
2404 4758 2503 4821 τὰς
2535 4757 2641 4810 τῶν
2694 4757 2973 4825 παρόντων
3024 4754 3296 4805 ἀνακινεῖν
3331 4750 3634 4819 συντυχίας,
3676 4749 3771 4802 καὶ

2197 4843 2276 4913 τῷ
2305 4841 2549 4912 βορϐόρῳ
2575 4839 2701 4902 τοὺς
2727 4837 3070 4909 μαργαρίτας
3099 4835 3413 4904 ἀναφύρειν.
3443 4833 3640 4902 ’Ύϐριν
3660 4832 3769 4913 γάρ

2200 4912 2425 4987 οίκείαν,
2469 4924 2563 4976 καὶ
2601 4922 2660 4974 οὐ
2690 4919 2993 4986 δοξολογίαν
3027 4918 3086 4969 τὸ
3116 4916 3349 4968 τοιοῦτον
3387 4916 3618 4984 ἡγεῖται.
3651 4912 3767 4965 Κάν

2198 5024 2284 5068 τις
2306 5003 2589 5075 βουληθείη
2613 5001 2816 5071 ταύτην
2843 4998 3154 5071 παραϐῆναι
3178 4997 3275 5068 τὴν
3306 4995 3539 5066 ἐντολὴν,
3560 4996 3766 5047 ἐπιστο-

2203 5089 2445 5158 μίσωμεν
2480 5089 2526 5148 i,
2574 5085 2648 5148 ὼς
2704 5082 2989 5136 ἐπίϐουλον
3039 5085 3136 5153 τῆς
3180 5080 3453 5152 ἡμετέρας
3498 5077 3766 5158 σωτηρίας

2197 5169 2600 5239 ἀποδιώξωμεν,
2635 5165 2736 5229 ἔξω
2764 5165 2872 5217 τῶν
2907 5165 3206 5233 περιϐόλων
3233 5163 3328 5231 τῆς
3368 5161 3527 5228 άγίας
3568 5157 3766 5227 ἐκκλη-

2200 5254 2318 5315 σίας
2338 5252 2672 5320 ἐκϐάλωμεν.
2691 5248 2846 5301 Οὕτω
2868 5248 2974 5318 γὰρ
3000 5246 3297 5307 ποιοῦντες,
3317 5244 3383 5296 τά
3412 5243 3507 5312 μὲν
3528 5241 3766 5310 πρότερα

2198 5336 2561 5406 ἁμαρτήματα
2587 5329 2780 5400 ῥᾳδίως
2801 5330 3192 5399 ἀπονιψάμεθα,
3209 5328 3367 5380 αὐτὸν
3381 5327 3436 5378 δὲ
3453 5325 3542 5376 τὸν
3564 5321 3764 5377 Δεσπόί-

2265 5486 2282 5523 ῖ
2311 5488 2530 5547 Προνομῇ
2555 5482 2726 5547 στολὴν
2750 5480 2966 5547 ποικίλην
2991 5479 3091 5525 λίαν
3118 5478 3280 5547 καλῂν.
3310 5476 3420 5547 Duq
3445 5469 3530 5547 ralji

2196 5549 2335 5604 ψιλὴν
2357 5535 2572 5599 ποικῖλῗην
2598 5535 2705 5602 μίαν
2727 5541 2892 5598 καλήν.
2907 5539 3135 5589 Erasmus
3145 5539 3356 5599 priorem
3375 5538 3572 5583 secutus
3592 5535 3766 5580 lectio-

2197 5621 2326 5663 nem,
2351 5608 2457 5663 μίαν
2480 5605 2628 5659 καλήν
2648 5604 2788 5663 legit.

2258 5671 2282 5707 ε
2319 5666 2454 5716 Unus
2475 5666 2679 5725 ἀσφαλῆ.

2257 5729 2284 5766 Ιι
2310 5715 2445 5778 ῧιιυε
2487 5715 2829 5786 ἀναπέμψοιτο.
2853 5723 2992 5774 Alius
3018 5722 3103 5778 τὴν
3125 5721 3393 5783 πρέπουσαν
3418 5715 3765 5777 ἆναπέμψοιτο,

2364 5793 2460 5836 ale.

2364 5802 2406 5836 al
2449 5824 2460 5836 .

2194 5804 2292 5890 n0?
2312 5802 2451 5899 Tun:
2465 5848 2543 5895 καὶ
2565 5848 2650 5903 τήν
2669 5848 2764 5894 τῶν
2787 5846 2956 5908 χειρῶν
2981 5844 3360 5903 καταστείλωμεν
3381 5838 3637 5887 σννῆθειαν.

2263 5914 2277 5964 i
2310 5912 2442 5960 Unus
2463 5910 2666 5968 ἐντολὴν,
2691 5909 3061 5970 ἐπιτιμήσωμεν,
