4064 6214
284 422 397 477 105

289 522 433 567 serat
461 509 726 567 Israelitas
753 510 1153 578 transmisisset,
1205 508 1632 580 adntoirissetque
1654 510 1860 565 exerci-

292 613 401 658 tum
450 615 635 659 contra
677 605 930 672 Jericbo,
976 618 1167 659 novam
1214 604 1357 658 illam
1412 614 1467 659 et
1500 604 1864 659 admirandam

290 696 621 751 obsidionem
649 696 893 759 moliens,
924 710 1047 749 mox
1069 696 1287 750 ruituris
1316 695 1600 761 moenibus,
1632 694 1757 765 quid
1786 694 1865 749 lo-

290 788 469 855 quitur
515 785 653 855 apud
691 785 975 854 populum?
998 784 1112 837 Erit
1148 785 1414 838 anathema
1450 787 1556 839 hac
1583 785 1752 839 civitas
1772 798 1793 839 :
1818 794 1866 839 et

289 877 534 947 quidquid
562 886 633 929 est
660 876 713 928 in
740 892 818 938 ea,
852 874 1073 929 Domino
1095 876 1341 940 Sabaoth,
1372 886 1578 944 excepta
1599 875 1742 930 Raab
1769 891 1869 929 me-

290 970 483 1030 retrice,
516 968 644 1020 hanc
668 965 939 1020 servabitis.
967 965 1144 1021 Cavete
1171 965 1328 1035 igitur
1353 966 1416 1017 ab
1445 965 1781 1031 anathemate,
1804 980 1867 1018 ne

288 1057 491 1126 quando
518 1057 789 1125 cogitantes
819 1057 1028 1110 sumatis
1050 1072 1114 1109 ea:
1142 1071 1220 1119 eo,
1246 1064 1294 1107 et
1321 1055 1540 1124 perdatis
1566 1071 1657 1109 nos
1689 1054 1866 1126 (Iosue

289 1151 342 1202 6.
375 1149 458 1203 l7.
486 1148 598 1216 18).
630 1147 952 1203 Consecrata
977 1155 1123 1210 sunt,
1168 1147 1358 1215 inquit,
1392 1146 1569 1201 omnia
1598 1162 1716 1216 qua:
1740 1155 1865 1201 sunt

288 1239 341 1293 in
381 1239 632 1294 civitate:
661 1254 783 1292 nam
813 1238 864 1293 id
910 1246 1065 1293 sonat
1094 1237 1404 1292 anathema.
1442 1235 1519 1291 Ne
1544 1237 1662 1307 quis
1704 1236 1865 1306 igitur

288 1328 579 1384 sulfuretur
607 1344 673 1383 ex
701 1330 765 1383 iis
793 1344 911 1398 qua:
937 1338 1246 1383 consecrata
1300 1336 1425 1381 sunt
1469 1328 1692 1382 Domino
1732 1328 1861 1392 Deo,

288 1436 493 1491 nosque
519 1421 793 1490 disperdat
832 1436 865 1475 e
910 1430 1069 1475 terra.
1104 1420 1466 1477 Periculosum
1507 1429 1624 1474 erat
1668 1435 1867 1490 praece-

288 1525 455 1582 ptum,
482 1515 647 1567 multa
673 1512 943 1582 diligentia
974 1522 1081 1567 tum
1123 1514 1213 1568 Dei
1243 1512 1626 1583 prmeipientis,
1654 1520 1767 1566 tum
1791 1511 1866 1565 le-

284 1622 410 1675 gem
435 1606 653 1662 ferentis
678 1605 822 1660 Iesu.
854 1605 957 1673 Qui
988 1606 1130 1660 enim
1172 1606 1286 1660 fieri
1324 1605 1516 1675 potuit,
1548 1612 1606 1658 ut
1634 1604 1686 1658 in
1719 1613 1865 1659 tanta

286 1698 626 1754 multitudine
648 1714 753 1753 non
784 1698 1075 1753 violaretur
1101 1699 1214 1752 haec
1250 1697 1358 1761 lex,
1390 1711 1512 1751 cum
1554 1696 1732 1751 multa
1775 1710 1865 1751 res

285 1800 488 1857 essent,
530 1806 650 1860 qua:
680 1789 785 1845 huc
830 1790 1202 1861 impellerent?
1249 1789 1379 1843 Nam
1426 1789 1509 1844 vel
1553 1788 1866 1845 instabilitas

288 1884 405 1951 ejus
435 1883 615 1951 pepuli
640 1882 881 1950 luorique
906 1881 1187 1950 cupiditas,
1214 1881 1299 1935 vel
1344 1881 1483 1950 quod
1528 1896 1634 1935 non
1677 1895 1866 1936 omnes

284 1973 611 2028 audivissent
646 1972 781 2028 edici
804 1979 1123 2041 pmceptum
1144 2011 1158 2035 ,
1188 1972 1272 2026 vel
1305 1972 1593 2041 spoliorum
1638 1974 1864 2042 pretium

286 2066 430 2119 velut
456 2079 578 2120 esca
599 2064 827 2132 objecta,
856 2063 1190 2133 habendique
1209 2063 1393 2118 avidos
1414 2065 1680 2130 illectans,
1712 2064 1866 2121 facile

287 2155 353 2208 ad
374 2155 505 2223 legis
535 2155 1009 2225 transgressionem
1034 2154 1368 2223 perpulisset.
1403 2154 1468 2208 Et
1493 2165 1665 2209 tamen
1688 2170 1748 2209 ea
1778 2154 1863 2208 lex

287 2256 401 2301 erat
428 2248 565 2312 lata,
609 2256 767 2316 atque
796 2261 980 2301 eorum
1001 2246 1159 2315 capiti
1188 2246 1626 2316 transgressionis
1656 2246 1865 2314 pericu-

288 2342 397 2395 lum
423 2341 750 2395 imminebat.
781 2339 917 2406 Quid
959 2341 1116 2409 igitur
1163 2348 1281 2408 post
1310 2339 1463 2393 lucc?
1503 2338 1868 2395 Couciderunt

288 2431 505 2497 inmitia,
530 2440 584 2485 et
614 2430 868 2500 quidquid
913 2440 1030 2485 erat
1060 2431 1110 2484 in
1138 2431 1353 2486 civitate
1391 2430 1534 2485 venit
1579 2430 1632 2485 in
1677 2445 1866 2486 manus

286 2523 662 2578 obsidentium.
709 2521 891 2591 itaque
916 2536 1039 2576 cum
1082 2523 1357 2575 universus
1383 2522 1603 2591 populus
1631 2530 1867 2577 servaret

290 2614 389 2669 hoc
429 2623 781 2685 praeceptum,
847 2613 1002 2667 unius
1048 2611 1410 2681 praevaricatio
1461 2614 1512 2666 in
1564 2613 1864 2667 universam

289 2707 682 2762 multitudinem
705 2704 990 2760 concitavit
1010 2704 1139 2759 iratn
1162 2705 1275 2759 Dei.
1294 2704 1654 2768 Peccauerunt,
1674 2706 1862 2773 inquit,

290 2798 384 2864 ﬁlii
412 2796 578 2851 Israel
598 2805 858 2865 peceatum
874 2811 1134 2865 magnum,
1162 2804 1208 2848 et
1237 2793 1474 2860 stt/furati
1495 2806 1632 2855 sunt,
1656 2804 1703 2848 et
1729 2811 1867 2847 stun-

291 2898 494 2958 pserunt
511 2904 579 2942 ea:
596 2886 934 2951 anathemate,
948 2895 993 2938 et
1010 2885 1223 2955 sumpsit
1245 2886 1414 2937 Achar
1429 2886 1563 2951 ﬁlius
1585 2884 1786 2938 Charmi
1805 2899 1868 2937 es

289 2984 624 3048 anathemate,
668 2991 714 3035 et
750 2981 1016 3051 indignata
1058 2990 1129 3035 est
1177 2982 1257 3032 ira
1298 2978 1504 3031 Domini
1551 2976 1671 3043 ﬁliis
1704 2975 1868 3029 Israel

291 3074 423 3146 (los.
445 3074 498 3128 7.
532 3074 611 3143 1).
638 3072 796 3141 Atqui
825 3085 963 3125 unus
983 3080 1097 3125 erat
1118 3070 1205 3138 qui
1236 3076 1560 3138 peccaverat.
1590 3066 1867 3132 Quomodo

291 3169 447 3238 igitur
472 3172 826 3236 peccaverunt
853 3163 945 3218 lilii
977 3162 1159 3228 Israel,
1207 3177 1269 3216 ac
1298 3159 1553 3215 Dominus
1593 3160 1755 3211 iratus
1783 3160 1867 3211 est

290 3260 409 3313 iliis
439 3257 635 3313 Israel?
678 3255 839 3311 Vides
858 3254 1123 3325 quomodo
1143 3254 1302 3308 unius
1344 3259 1619 3321 peccatum
1650 3248 1743 3302 toti
1767 3262 1865 3316 po—

289 3350 411 3420 pulo
439 3347 730 3403 vindictam
758 3345 1039 3401 accersiit?
1086 3341 1359 3417 quomodo
1406 3341 1571 3396 Deum
1610 3338 1866 3392 adversus

289 3439 680 3495 multitudinem
703 3438 909 3493 hostem
938 3436 1205 3491 reddidit?
1223 3434 1483 3502 Quoniam
1512 3432 1667 3499 igitur
1693 3430 1866 3483 fuerat

285 3540 590 3603 perpetrata
617 3529 748 3598 legis
776 3529 1150 3598 transgressio,
1206 3540 1377 3595 neque
1430 3525 1705 3593 quisquam
1750 3528 1866 3575 erat

287 3622 553 3683 conscius,
582 3626 776 3688 praeter
794 3617 966 3672 solum
988 3616 1151 3671 Deum
1178 3616 1264 3685 qui
1292 3615 1439 3668 novit
1463 3614 1689 3676 occulta,
1733 3610 1864 3666 ultio

286 3713 498 3783 quidem
533 3710 912 3766 differebatur:
946 3719 1199 3764 cancrum
1239 3708 1328 3777 qui
1360 3706 1464 3760 hoc
1510 3713 1861 3775 perpetrarat,

287 3803 500 3859 tametsi
546 3802 823 3858 videbatur
869 3802 1053 3867 latere,
1083 3809 1260 3854 tamen
1296 3813 1327 3852 a
1371 3798 1690 3854 conscientia
1720 3796 1864 3851 velut

285 3896 352 3951 ah
378 3897 497 3965 igne
525 3895 800 3949 urebatur.
832 3892 987 3948 Venit
1012 3892 1171 3963 igitur
1188 3900 1396 3961 tempus
1416 3905 1522 3960 quo
1542 3891 1693 3944 fleret
1718 3888 1861 3958 quod

283 3986 640 4041 comminatus
665 3984 836 4039 fuerat
858 3984 1023 4050 Deus,
1046 3996 1255 4053 quoque
1278 3992 1551 4051 peccatum
1576 3980 1784 4035 veniret
1809 3980 1861 4032 in

284 4074 640 4145 propatulum.
674 4072 836 4135 Misit,
869 4072 1059 4142 inquit,
1112 4071 1261 4126 Iesus
1295 4072 1426 4125 viros
1462 4070 1524 4124 ab
1557 4068 1764 4123 Iericho
1804 4068 1860 4121 in

284 4164 399 4220 Gai.
428 4164 494 4219 Et
536 4166 866 4218 ascenderunt
891 4164 1012 4217 illuc
1039 4163 1132 4216 uiri
1159 4167 1264 4233 fere
1290 4172 1365 4216 ter
1390 4159 1547 4227 mille,
1589 4160 1856 4229 fugerunt-

280 4272 376 4324 que
422 4273 454 4309 a
496 4256 627 4327 {acie
663 4256 883 4308 virorum
914 4251 1047 4321 Gai,
1077 4262 1123 4306 et
1148 4251 1434 4317 occiderunt
1476 4267 1541 4304 ex
1582 4250 1684 4303 illis
1725 4250 1859 4303 viros

281 4348 487 4417 triginta
512 4363 619 4411 seat,
646 4355 692 4398 et
720 4345 1002 4415 persequuti
1026 4355 1141 4399 sunt
1166 4360 1249 4398 eos
1266 4385 1280 4409 ,
1310 4354 1354 4398 et
1378 4342 1698 4397 conciderunt
1717 4338 1854 4406 illos,

279 4447 327 4489 et
364 4437 562 4503 expavit
590 4450 679 4488 cor
707 4434 905 4504 populi,
950 4438 1232 4505 {actumque
1272 4444 1344 4487 est
1372 4435 1505 4485 velut
1540 4447 1675 4500 aqua
1718 4428 1853 4502 (los.

280 4528 329 4580 7.
355 4526 409 4579 ε.
443 4527 497 4579 t.
528 4526 609 4596 ε).

347 4616 401 4670 6.
428 4613 565 4669 Vide
582 4615 737 4669 unius
762 4615 967 4684 peccati
991 4628 1225 4683 pmnam,
1251 4613 1373 4667 vide
1392 4611 1598 4683 plagam
1621 4610 1855 4666 acerbis-

276 4708 486 4761 simam.
528 4704 677 4760 Unus
730 4716 993 4774 peccant,
1041 4715 1096 4760 et
1138 4706 1191 4760 in
1243 4705 1492 4774 populum
1548 4701 1851 4756 universum

274 4812 420 4851 mors
447 4812 509 4851 ac
536 4798 814 4865 trepidatio
844 4797 1016 4851 irruit.
1048 4796 1184 4864 Quid
1211 4796 1333 4861 hoc,
1365 4810 1399 4849 o
1420 4794 1559 4848 bone
1592 4790 1850 4847 Domine?

273 4888 353 4944 Tu
379 4889 528 4945 solus
552 4890 757 4959 justus,
786 4898 843 4944 et
868 4900 1017 4945 recta
1048 4889 1243 4959 judicia
1275 4899 1382 4942 tua.
1413 4887 1489 4941 Tu
1527 4886 1718 4953 cuique
1765 4898 1854 4939 se-

272 4982 504 5036 cundum
546 4981 755 5051 propria
780 4980 917 5035 facta
968 4981 1143 5037 reddis
1183 4981 1460 5049 judicium.
1486 4980 1567 5035 Tu
1589 5021 1603 5046 ,
1634 4980 1849 5035 humani

270 5071 487 5142 generis
529 5081 767 5137 amator,
822 5070 1033 5125 dixeras
1080 5072 1134 5124 in
1181 5084 1279 5124 suo
1325 5084 1591 5140 quemque
1630 5079 1850 5139 peccato

271 5162 612 5223 moriturum,
638 5176 735 5215 nec
763 5160 923 5215 alium
954 5175 1051 5231 pro
1076 5161 1179 5214 alio
1203 5160 1448 5214 daturum
1473 5175 1673 5230 poenas.
1697 5160 1851 5228 Quod

272 5255 430 5326 igitur
470 5254 571 5308 hoc
592 5263 675 5308 est
722 5264 868 5307 tuum
884 5253 1083 5323 justum
1110 5252 1411 5323 judicium?
1440 5254 1581 5307 Bona
1612 5264 1735 5307 sunt
1760 5263 1847 5308 tua

268 5348 471 5411 omnia,
520 5346 763 5409 Domine,
793 5354 848 5400 et
872 5344 1025 5399 valde
1050 5345 1187 5398 bona
1208 5385 1222 5409 ,
1266 5353 1321 5399 et
1342 5344 1408 5398 ad
1436 5355 1667 5400 nostram
1699 5344 1845 5399 utili-

270 5450 428 5495 tatem
452 5439 776 5507 dispensata.
798 5436 937 5492 Lues
950 5436 1213 5507 quadarn,
1233 5438 1420 5507 inquit,
1437 5448 1521 5493 est
1535 5448 1806 5508 peccatum
1828 5455 1843 5491 :

266 5544 393 5600 ergo
426 5544 520 5598 per
542 5528 799 5582 ultionem
824 5528 1095 5596 evulgetur
1121 5542 1185 5583 ac
1222 5528 1527 5583 traducatur
1554 5528 1693 5597 apud
1722 5543 1842 5583 om-

269 5635 382 5686 nes,
403 5633 470 5674 ne
488 5625 799 5688 corrumpat
820 5632 1025 5681 omnes,
1056 5626 1114 5672 ut
1137 5618 1225 5673 ubi
1246 5620 1594 5688 cognoverint
1620 5632 1844 5688 quantas

272 5711 441 5767 minas
470 5725 573 5765 una
601 5709 869 5781 pepererit
890 5710 1241 5779 transgressio
1259 5749 1276 5777 ,
1308 5708 1511 5782 fugiant
1540 5711 1694 5783 longe
1718 5727 1840 5782 gra-

276 5806 464 5861 riorcm
510 5814 873 5875 aeternamque
924 5802 1229 5860 vindictam.
1282 5804 1479 5862 Videns
1527 5806 1703 5877 igitur,
1753 5806 1834 5859 in-

1306 396 1373 454 IN
1410 396 1633 463 ILLUD,
1673 394 1807 453 VIDI
1848 396 2169 465 DOMINUM,
2211 399 2440 457 HOMIL.
2479 401 2521 460 1.

3429 419 3541 477 106

1972 516 2104 584 quit,
2135 515 2289 571 lesus
2312 515 2486 585 fugam
2510 515 2662 586 cujus
2686 530 2843 571 causa
2891 515 3066 587 ignota
3112 527 3223 574 erat
3274 519 3388 576 sisti
3437 537 3543 578 non

1970 622 2147 677 posse,
2172 606 2387 661 discidit
2436 607 2752 663 vestimenta
2775 622 2981 671 sua,ac
3024 619 3318 678 prostratus
3361 620 3439 667 est
3490 614 3545 668 in

1973 706 2190 761 terram,
2220 712 2282 751 ea
2311 696 2602 767 lugubriter
2630 698 2858 752 lamenta
2890 698 3181 767 proferens,
3220 712 3547 771 quaenamt

1970 789 2144 843 divina
2175 786 2469 859 Scriptura.
2496 788 2632 857 Quid
2662 789 2819 859 igitur
2846 790 2920 844 illi
2948 791 3225 860 respondit
3251 793 3547 851 Dominus?

1972 879 2171 950 Surge;
2197 896 2287 934 cur
2311 881 2381 933 ita
2404 888 2682 949 prostratus
2690 881 2832 949 jaces
2852 881 2878 936 2
2904 880 3134 936 Peccavit
3157 885 3372 955 populus
3399 896 3542 953 tuus,

1969 980 2309 1040 transgressus
2332 979 2402 1025 est
2430 978 2634 1041 pactum
2672 988 2856 1037 meum,
2897 988 2988 1027 nec
3016 982 3248 1041 poterunt
3278 982 3415 1030 stare
3451 978 3549 1043 ﬁlii

1968 1061 2135 1115 Israel
2154 1072 2331 1115 contra
2360 1062 2538 1132 faciem
2564 1061 2781 1116 hostium
2800 1079 3027 1129 suorum,
3053 1062 3213 1120 donec
3243 1066 3547 1123 mtuleritis

1968 1151 2237 1205 anathema
2277 1168 2343 1206 ea:
2368 1150 2505 1205 vobis
2543 1152 2666 1223 ipsis
2695 1150 2826 1223 (Ias.
2858 1153 2909 1205 'I.
2936 1153 3023 1208 10.
3056 1153 3165 1226 12).
3217 1154 3549 1212 Ρι-ωὰἰαιιιη-

1972 1244 2128 1313 igitur
2169 1242 2269 1297 hoc
2295 1244 2346 1297 in
2374 1243 2587 1313 populo,
2614 1252 2670 1298 et
2694 1258 2723 1296 a
2756 1244 2864 1300 Deo
2890 1243 3149 1313 proditur,
3178 1247 3269 1317 qui
3296 1248 3397 1303 hoc
3419 1262 3545 1319 per-

1972 1341 2203 1403 petrarat
2233 1352 2246 1388 :
2277 1335 2362 1389 ille
2386 1335 2597 1390 fatetur.
2630 1334 2917 1405 Respondit
2946 1337 3111 1403 enim,
3153 1336 3342 1410 inquit,
3368 1338 3546 1396 Achar

1968 1427 2094 1480 Iesu
2123 1425 2309 1481 dicens
2345 1445 2358 1479 :
2397 1426 2524 1481 Vere
2551 1430 2748 1498 peccavi
2786 1429 2837 1480 in
2882 1438 3146 1499 conspectu
3194 1428 3400 1486 Domitii
3448 1429 3543 1487 Dei

1969 1515 2167 1581 Israel;
2191 1518 2264 1570 sic
2289 1527 2335 1572 et
2361 1518 2433 1571 sic
2456 1518 2571 1588 feci.
2615 1516 2853 1573 Videbam
2878 1519 2930 1572 in
2959 1520 3131 1590 prada
3168 1522 3351 1576 stolam
3376 1523 3543 1578 raris-

1966 1619 2135 1679 gatam
2170 1625 2325 1662 unam
2352 1608 2433 1679 (a)
2458 1610 2719 1676 pulchram
2736 1650 2749 1675 ,
2794 1610 3105 1680 ducemaque
3130 1611 3326 1682 argenti
3363 1613 3545 1667 didra-

1967 1700 2113 1752 clmta
2133 1740 2149 1766 ,
2195 1708 2240 1753 et
2266 1699 2493 1770 linguam
2530 1716 2683 1754 unam
2708 1717 2913 1754 auream
2927 1701 3287 1772 quinquaginta
3306 1702 3545 1758 didrach-

1969 1811 2194 1860 morum,
2220 1805 2268 1847 et
2297 1794 2658 1862 concupiscens
2681 1794 2811 1863 cepi,
2845 1803 2892 1847 et
2927 1810 3039 1847 ecce
3059 1795 3167 1847 haec
3192 1795 3394 1862 defossa
3418 1802 3541 1848 sunt

1969 1886 2114 1940 humi
2135 1887 2189 1938 in
2211 1883 2549 1937 tabernaculo
2571 1900 2682 1937 meo
2706 1882 2867 1954 (Ibid.
2890 1901 2936 1939 υ.
2963 1884 3065 1950 20;
3092 1881 3405 1954 2!).0muia
3424 1881 3538 1953 jam

1968 1978 2023 2033 in
2053 1986 2296 2047 apertum
2314 1974 2542 2045 profert,
2574 1983 2922 2045 posteaquam
2948 1974 3224 2045 perspexit
3243 1974 3392 2029 illum
3426 1989 3541 2031 om-

1966 2072 2059 2126 nia
2086 2070 2202 2125 sine
2228 2066 2511 2121 mendacio
2529 2067 2814 2131 indicasse,
2838 2083 2939 2122 nec
2961 2067 3166 2123 diliisus
3185 2074 3271 2122 est
3292 2065 3415 2121 testi
3445 2080 3537 2121 se-

1965 2162 2141 2233 ipsum
2166 2159 2432 2228 prodenti.
2460 2158 2594 2212 Vide
2623 2168 2801 2214 autem
2825 2159 3140 2228 probrosam
3172 2172 3236 2211 ac
3264 2156 3538 2228 pernicio-

1966 2267 2080 2309 sam
2110 2251 2252 2303 illius
2272 2258 2497 2303 mortem
2524 2266 2539 2302 :
2571 2248 2848 2312 Subduxit,
2883 2250 3073 2318 inquit,
3101 2248 3255 2303 Iesus
3278 2250 3453 2304 Achar
3477 2250 3535 2303 in

1968 2338 2242 2391 convallem
2265 2337 2451 2403 Achar,
2480 2348 2527 2391 et
2547 2336 2682 2406 ﬁlios
2722 2344 2769 2391 et
2792 2336 2927 2403 ﬁlias
2963 2336 3092 2406 ejus,
3138 2345 3183 2390 et
3208 2333 3389 2391 situlos
3409 2337 3541 2409 ejus,

1968 2438 2014 2483 et
2029 2431 2260 2499 jumenta
2289 2431 2415 2499 ejus,
2448 2439 2491 2483 et
2516 2445 2687 2482 omnes
2715 2445 2828 2482 oves
2866 2429 3004 2498 ejus,
3036 2436 3080 2479 et
3110 2428 3371 2482 tentorium
3410 2432 3542 2499 ejus,

1967 2530 2013 2574 et
2038 2521 2205 2573 omnia
2224 2536 2547 2590 qudcumque
2575 2520 2858 2589 possidebat
2885 2535 2905 2573 :
2934 2528 2979 2573 et
2999 2518 3248 2587 lapidibus
3274 2518 3440 2574 obruit
3484 2536 3545 2573 ea

1967 2613 2130 2666 omnis
2157 2612 2375 2683 papulus
2401 2611 2571 2666 Israel
2593 2612 2726 2683 (.los.
2758 2613 2812 2667 7.
2840 2613 2927 2667 24.
2958 2611 3072 2683 25).
3104 2612 3218 2668 Hoc
3245 2622 3544 2683 transgres-

1967 2705 2135 2759 sionis
2161 2705 2455 2774 praemium,
2505 2705 2623 2759 talis
2648 2705 2740 2759 Dei
2770 2704 2996 2760 vindicta
3018 2744 3033 2770 ,
3066 2720 3181 2773 quae
3209 2704 3395 2758 evitari
3436 2718 3545 2759 nou

1969 2803 2161 2863 potest.
2197 2795 2321 2849 ﬂare
2348 2795 2525 2865 itaque
2565 2795 2831 2858 scientes,
2880 2795 3174 2863 cogitemus
3213 2794 3487 2849 molestias
3513 2810 3545 2850 a

1970 2886 2165 2939 nostris
2202 2886 2433 2955 peccatis
2483 2886 2699 2953 invehi,
2752 2886 3080 2955 singulisque
3133 2884 3321 2941 diebus
3366 2894 3546 2941 nostra

1969 2975 2332 3029 cxaminantes
2353 2976 2597 3042 crimina,
2625 2991 2733 3029 non
2762 2975 2881 3030 aliis
2901 3016 2916 3040 ,
2962 2975 3055 3031 sed
3087 2976 3237 3031 nobis
3262 2976 3390 3045 ipsis
3416 2991 3547 3032 cau-

1967 3080 2082 3119 sam
2103 3065 2486 3121 adscribamus.
2506 3065 2612 3121 Nec
2628 3066 2769 3121 enim
2791 3068 2927 3137 magi
2960 3075 3187 3122 trutuum
3205 3068 3363 3122 modo
3383 3068 3549 3137 negli-

1966 3156 2166 3225 gentia,
2197 3156 2289 3210 sed
2332 3156 2501 3211 multo
2528 3157 2695 3226 magis
2726 3166 2903 3211 nostra
2947 3156 3142 3211 delicta
3195 3157 3329 3211 mala
3360 3172 3545 3213 accer-

1968 3248 2193 3302 sierunt.
2222 3245 2312 3303 Sic
2333 3249 2508 3318 itaque
2538 3248 2641 3303 hue
2667 3248 2953 3303 adveniens
2980 3264 3072 3303 sua
3095 3249 3317 3319 quisque
3341 3248 3548 3303 exami-

1969 3346 2060 3391 net
2078 3336 2292 3403 delicta,
2322 3354 2420 3392 nec
2441 3338 2600 3392 alium
2624 3338 2847 3403 incuset,
2873 3346 2927 3391 et
2954 3348 3267 3406 prmscntcm
3288 3336 3550 3407 gloriﬁca-

1969 3429 2169 3483 tionem
2198 3444 2318 3483 cum
2347 3429 2451 3482 ritu
2476 3428 2684 3483 decenti
2708 3428 2933 3484 emittat.
2953 3427 3102 3497 Quod
3119 3437 3294 3482 autem
3320 3427 3551 3499 exigitur

1967 3522 2035 3577 ad
2066 3522 2401 3587 modestiam,
2434 3522 2536 3577 hoc
2561 3531 2643 3576 cst
2673 3538 2686 3575 :
2721 3522 2967 3593 primum,
2997 3520 3158 3576 corde
3186 3520 3414 3575 contrito
3456 3534 3550 3576 ae-

1967 3614 2160 3670 cedcre
2194 3615 2259 3669 ad
2288 3616 2487 3669 Deum:
2515 3614 2704 3669 deinde
2731 3613 2907 3668 cordis
2936 3611 3182 3669 allectum
3212 3613 3326 3682 ipso
3353 3611 3548 3667 visibili

1970 3709 2150 3763 habitu
2176 3709 2469 3775 declarare,
2503 3708 2625 3761 item
2658 3706 2832 3761 standi
2865 3708 3045 3770 modo,
3074 3720 3321 3759 manuum
3352 3705 3433 3759 det
3450 3717 3547 3760 cra

1966 3801 2373 3871 compositione,
2396 3798 2601 3869 placida
2626 3798 2961 3865 demissaque
2987 3812 3136 3851 Voce.
3156 3796 3287 3851 Nam
3310 3795 3363 3851 id
3395 3796 3547 3853 facile

1968 3899 2070 3955 est,
2096 3900 2150 3943 et
2179 3896 2355 3957 potest
2375 3887 2613 3956 quisquis
2639 3886 2883 3940 voluerit.
2915 3886 3013 3953 Qui
3043 3885 3133 3939 fiet
3155 3886 3330 3956 igitur,
3352 3896 3408 3940 ut
3432 3902 3552 3940 om-

1967 3994 2063 4033 nes
2088 3994 2184 4033 suo
2201 3977 2485 4048 fungantur
2504 3975 2721 4030 ofﬁcio?
2748 3975 3013 4031 Ponamus
3034 3976 3186 4030 nobis
3212 3976 3340 4047 ipsis
3371 3976 3546 4047 legem

1965 4069 2327 4139 dicamusque,
2354 4068 2409 4122 lu
2442 4068 2702 4138 publicam
2747 4067 3025 4122 utilitatem
3074 4065 3159 4121 lex
3187 4070 3393 4137 prodita
3436 4079 3544 4135 est,

1963 4170 2017 4216 et
2041 4160 2197 4230 bujus
2225 4160 2464 4214 utilitatis
2490 4167 2701 4227 oportet
2728 4174 2825 4212 nos
2861 4172 3048 4213 omnes
3086 4172 3203 4212 esse
3234 4158 3539 4229 participes.

1963 4252 2296 4322 Quapropter
2323 4259 2378 4305 et
2406 4250 2686 4305 indecoras
2715 4263 2875 4304 voces
2904 4263 3228 4319 premamus,
3263 4264 3545 4306 manuum-

1961 4360 2065 4413 que
2090 4342 2523 4413 gesticulationcs
2552 4339 2899 4410 corripiamus
2918 4382 2932 4405 ,
2967 4339 3061 4395 has
3086 4340 3396 4408 conjunctas
3443 4358 3544 4396 ex-

1964 4434 2207 4488 hibentes
2251 4432 2362 4487 Deo
2384 4472 2399 4497 ,
2430 4447 2529 4486 nec
2557 4430 2917 4501 incompositis
2950 4431 3181 4485 motibus
3210 4430 3542 4488 attollantur.

1960 4524 2083 4580 Odit
2121 4524 2264 4579 enim
2296 4523 2399 4577 hoc
2424 4523 2561 4576 Deus
2584 4531 2638 4576 et
2662 4531 2954 4587 aversatur,
2986 4520 3125 4575 sicut
3159 4531 3341 4575 contra
3388 4536 3540 4575 cotu-

1962 4618 2190 4686 positum
2220 4630 2282 4669 ac
2306 4615 2601 4669 modestum
2627 4622 2768 4667 amat
2794 4613 3101 4683 expetitque
3125 4630 3138 4666 :
3167 4615 3243 4666 Ad
3263 4629 3429 4682 quem,
3460 4613 3542 4667 iu-

1959 4710 2093 4778 quit,
2124 4708 2408 4777 respiciam,
2432 4706 2528 4759 nisi
2556 4705 2625 4759 ad
2663 4716 2979 4759 mansuetum
3004 4716 3051 4758 et
3078 4706 3319 4775 quietum,
3342 4714 3388 4759 et
3434 4716 3538 4759 tre-

1959 4810 2170 4855 mentem
2195 4801 2343 4854 verba
2389 4815 2499 4852 mea
2530 4796 2680 4869 (Isai.
2708 4797 2799 4851 66.
2824 4795 2919 4867 2)?
2968 4797 3216 4851 Dicamus
3244 4797 3360 4852 aliis
3399 4799 3490 4854 alii
3522 4816 3538 4853 τ

1958 4891 2075 4947 Non
2103 4892 2215 4946 vult
2245 4891 2405 4954 Deus,
2434 4900 2492 4943 ut
2518 4888 2674 4942 simul
2699 4903 2819 4942 cum
2850 4887 2967 4957 ipso
2992 4887 3288 4958 loquamur,
3312 4898 3366 4943 et
3396 4889 3538 4945 inter

1960 5003 2058 5043 nos
2088 4987 2402 5049 fabulemur,
2433 4997 2532 5037 nec
2560 4981 2778 5052 patitur,
2808 4990 2866 5035 ut
2908 4981 3081 5051 ipsum
3126 4981 3321 5051 alloqui
3371 4982 3536 5037 inter-

1959 5079 2229 5135 mittentes
2275 5075 2617 5147 praesentium
2665 5073 3122 5129 confabulationes
3174 5075 3534 5145 suscitemus,

1958 5186 2217 5242 caenoque
2262 5167 2572 5238 margaritas
2618 5168 3058 5223 contaminemus.
3110 5166 3381 5237 Siquidem
3435 5169 3537 5226 hoc

1956 5277 2106 5317 suam
2146 5260 2523 5316 contumeliam
2564 5274 2684 5314 esse
2720 5259 2887 5323 ducit,
2920 5274 3023 5313 non
3069 5258 3535 5328 glorificationem.

1956 5354 2104 5420 Quod
2131 5354 2174 5407 si
2219 5354 2341 5422 quis
2368 5353 2594 5407 voluerit
2619 5353 2719 5407 hoc
2746 5361 3065 5421 prmeeptum
3099 5353 3399 5421 prasterire,
3440 5353 3539 5407 ob—

1956 5452 2195 5499 turemus
2224 5444 2297 5497 illi
2326 5458 2419 5511 os,
2450 5454 2711 5514 tamquam
2741 5441 2929 5496 salutis
2960 5440 3319 5498 insidiatorem
3349 5443 3539 5513 expel-

2016 5626 2089 5686 (a)
2122 5625 2177 5674 In
2214 5633 2407 5683 Graeco,
2432 5638 2564 5685 mu.
2600 5636 2705 5686 tat.
2741 5636 2913 5681 ποαῐλην.
2950 5622 3007 5671 ιη
3042 5624 3169 5672 hunc
3206 5626 3363 5673 locum
3398 5631 3537 5676 notat

1950 5687 2090 5735 savii.
2118 5701 2130 5735 :
2166 5706 2187 5731 ι
2213 5687 2408 5735 Florens
2430 5690 2615 5735 retinet
2650 5686 2907 5735 lectionem
2925 5692 3209 5748 nomanam,
3234 5699 3338 5748 eos.
3361 5699 3532 5748 ευρ-αφ,

1949 5749 2159 5818 inducto.
2186 5767 2344 5805 στολήν,
2368 5751 2613 5807 vertitque
2634 5760 2694 5794 ex
2710 5749 2869 5796 veteri
2886 5746 3145 5807 Glossario,
3168 5744 3317 5796 tenue
3330 5744 3533 5814 Babylo;

1951 5824 2126 5859 mrum.
2150 5827 2171 5854 Ι
