4064 6214
506 383 620 440 107

513 500 784 562 lamus,et
832 491 1075 550 ecclesia:
1127 497 1325 546 sancta:
1353 487 1517 558 septis
1545 485 1840 557 ejiciamus.
1883 480 1996 538 lloc
2045 482 2092 536 si

513 592 819 654 fecerimus,
848 594 1028 642 nostra
1052 583 1266 655 quidem
1298 591 1512 651 peccata
1539 580 1812 648 superiora
1843 576 1997 632 facile
2018 575 2093 630 di-

515 682 741 748 luemus,
776 681 947 750 ipsmn
975 684 1154 731 autem
1187 673 1466 727 Dominum
1496 669 1811 725 habebimus
1840 669 1892 723 in
1915 667 2092 722 medio

512 784 754 831 nostrum
783 787 884 827 una
928 784 1049 825 cum
1076 766 1274 822 sanctis
1302 764 1503 835 angelis
1532 763 2011 834 cborosagentem,
2039 768 2095 815 et

508 867 702 936 cuique
749 861 1024 920 modestia:
1068 871 1294 914 coronas
1345 855 1770 911 distribuentem.
1830 852 2090 920 Quoniam

509 957 653 1012 enim
703 965 786 1010 est
816 953 1080 1008 humanus
1107 964 1170 1004 ac
1213 947 1516 1013 muniﬁcus,
1553 945 1789 1017 gaudens
1813 944 1881 1000 de
1910 954 2092 998 nostra

511 1047 712 1111 salute;
744 1046 864 1100 ideo
891 1043 1165 1098 obiectans
1185 1054 1304 1095 sese
1330 1039 1484 1094 bonis
1509 1037 1704 1093 nostris
1728 1036 1982 1091 caelorum
2002 1051 2091 1091 re-

510 1153 672 1208 gnum
702 1135 962 1207 promisit,
993 1142 1049 1188 et
1092 1132 1215 1187 vita:
1267 1129 1684 1200 incorruptibilis
1729 1128 2089 1194 consortium,

510 1227 796 1297 omniaque
827 1226 961 1280 bona
1007 1223 1340 1293 praeparavit,
1373 1221 1559 1277 volens
1589 1233 1686 1273 nos
1712 1219 1762 1272 in
1791 1218 1874 1272 his
1898 1218 2094 1273 habere

514 1316 854 1373 tabernacula
889 1317 904 1348 ¹
939 1334 952 1370 :
979 1330 1096 1385 quae
1118 1314 1273 1368 nobis
1290 1312 1538 1368 omnibus
1563 1311 1834 1380 contingat
1858 1309 2090 1379 assequi,

511 1411 679 1482 gratia
703 1417 758 1463 et
787 1407 1118 1461 humanitate
1143 1404 1354 1459 Domini
1382 1402 1548 1458 nostri
1578 1400 1704 1456 Jesu
1732 1400 1950 1468 Christi,
1973 1401 2092 1471 qui-

511 1516 632 1556 cum
663 1498 818 1554 decet
837 1498 1027 1568 gloria,
1054 1497 1359 1565 imperium,
1396 1495 1568 1548 honor
1606 1501 1660 1548 et
1686 1491 1926 1547 adoratio
1951 1491 2092 1546 Patri

511 1602 566 1647 et
585 1598 772 1647 sancto
798 1589 1038 1661 Spiritui,
1071 1603 1215 1643 nunc
1253 1596 1308 1643 et
1341 1600 1574 1656 semper,
1599 1597 1654 1640 et
1691 1585 1747 1638 in
1771 1583 1963 1639 saecula
1990 1598 2094 1637 sa:-

510 1683 772 1739 culorum.
811 1683 1000 1736 Amen.

889 1834 1230 1891 EIUSDEM
1270 1830 1591 1888 HOMILM
1632 1829 1717 1886 11.

516 1972 572 2026 In
599 1969 798 2027 dictum
822 1969 950 2024 illud
979 1969 1128 2025 Isaia:
1151 1967 1443 2039 prophetat,
1475 1967 1693 2021 Factum
1713 1975 1784 2021 est
1814 1982 1968 2031 anno,
1996 1983 2097 2037 quo

586 2076 814 2122 mortuus
839 2076 910 2120 est
941 2064 1093 2120 Ozias
1115 2081 1224 2129 res,
1242 2065 1343 2118 vidi
1369 2063 1643 2118 Dominum
1664 2063 1913 2119 sedentem
1940 2063 1994 2116 in
2019 2079 2102 2116 so-

586 2157 656 2212 lio
685 2157 878 2212 excelso
915 2165 961 2210 et
988 2157 1178 2210 elevato
1219 2153 1370 2227 (luti.
1417 2151 1581 2228 6.1);
1633 2162 1688 2209 et
1739 2151 1881 2224 quod
1931 2167 2101 2222 neque

589 2261 795 2321 tempus
814 2291 827 2315 ,
857 2264 1028 2319 neque
1059 2263 1224 2304 unum
1269 2248 1592 2302 elementum
1628 2245 1926 2301 divinarum
1951 2244 2101 2301 Scri-

588 2351 861 2414 pturarum
891 2350 1135 2413 oporteat
1156 2349 1587 2411 przetercurrere.

590 2478 645 2532 1.
671 2477 791 2532 Suis
820 2476 881 2530 de
899 2475 1104 2531 illorum
1125 2476 1291 2531 studio
1317 2475 1556 2529 audiendi
1579 2474 1778 2529 uerbum
1804 2473 1898 2528 Dei
1923 2484 2099 2545 gratu-

520 2580 658 2627 iatur
691 2570 1098 2641 Chrysostomm;
1123 2569 1281 2637 ipsius
1309 2567 1552 2622 modestia
1576 2576 1622 2620 et
1652 2583 1771 2638 ergo
1789 2582 1906 2621 suos
1934 2583 2098 2619 amor.

519 2696 591 2707 ——
609 2663 826 2722 Gaudeo
853 2662 1186 2731 conspiciens
1219 2675 1315 2715 vos
1340 2661 1405 2715 ad
1432 2659 1693 2715 audienda
1716 2673 1864 2715 sacra
1891 2658 2102 2728 eloquia

520 2766 922 2825 concurrentes,
950 2757 1108 2828 idque
1141 2755 1394 2811 indicium
1434 2770 1554 2810 esse
1601 2754 1887 2809 maximum
1922 2752 2105 2822 judico

522 2851 682 2906 vestri
712 2851 763 2905 in
792 2849 885 2905 Dei
912 2848 1056 2904 cultu
1077 2862 1140 2902 ac
1166 2847 1362 2918 pietate
1387 2860 1722 2917 progressus.
1750 2844 2106 2914 Quemadmo-

523 2945 649 2999 dum
696 2943 837 2998 enim
882 2941 1183 3013 appetentia
1219 2939 1323 2994 cibi
1360 2939 1600 3010 corporis
1625 2937 1819 2992 bonam
1846 2935 2106 2991 valetudi-

524 3049 646 3089 nem
672 3033 948 3095 declarat,
977 3032 1056 3086 sic
1083 3040 1138 3085 et
1173 3043 1450 3086 sermones
1491 3039 1741 3098 appetere
1776 3026 2103 3095 spirituales,

524 3125 718 3182 anima:
757 3124 1036 3179 sanitatem
1074 3121 1270 3190 arguit.
1303 3118 1522 3174 Gaudeo
1546 3117 1757 3187 quidem
1786 3117 1942 3185 igitur
1982 3130 2104 3182 pro-

523 3225 642 3287 pter
671 3215 809 3270 hoc:
852 3221 1104 3267 cmlcrum
1137 3224 1326 3264 vereor
1375 3222 1441 3262 ne
1479 3205 1618 3260 forte
1647 3220 1750 3258 non
1787 3205 1982 3273 possim
2012 3204 2108 3256 ali-

523 3308 649 3379 quid
677 3306 886 3361 adferre
910 3303 1125 3374 dignum
1150 3301 1253 3355 isto
1275 3308 1450 3354 vestro
1479 3296 1768 3352 desiderio.
1796 3295 1885 3350 Sic
1914 3303 1967 3346 et
1996 3307 2111 3347 ma-

525 3412 607 3456 ter
633 3413 818 3454 amans
845 3397 990 3453 dolet
1010 3438 1024 3461 ,
1055 3394 1264 3465 quoties
1304 3393 1585 3447 lactentem
1633 3390 1832 3444 habens
1857 3404 2102 3459 puerum,

525 3507 629 3546 non
661 3498 834 3560 potest
872 3489 945 3544 illi
986 3487 1203 3556 largiter
1242 3484 1480 3555 prmbcre
1519 3483 1670 3537 lactis
1701 3481 1940 3537 fontem:
1969 3491 2106 3535 atta-

524 3597 646 3636 men
673 3593 991 3651 quamquam
1019 3578 1155 3631 lacte
1182 3585 1644 3639 caret,mammam
1677 3581 1850 3627 tamen
1877 3572 1986 3638 dat,
2019 3573 2108 3627 ille

524 3690 652 3726 vero
690 3679 958 3739 acceptam
991 3669 1149 3722 trahit
1171 3667 1414 3736 sugitque
1435 3705 1448 3729 ,
1476 3674 1530 3717 et
1553 3678 1647 3717 ore
1673 3663 1920 3733 papillam
1950 3661 2106 3716 refri-

523 3773 825 3834 gescentem
855 3760 1187 3823 calcfaciens,
1211 3759 1325 3826 plus
1346 3771 1503 3827 quam
1526 3763 1641 3809 erat
1664 3755 1810 3809 elicit
1833 3754 2104 3808 alimenti:

525 3867 697 3918 mater
749 3870 877 3909 vero
925 3852 1069 3907 dolet
1107 3851 1320 3921 quidem
1359 3842 1488 3904 'dum
1530 3849 1696 3918 ipsius
1737 3845 2110 3902 distenduntur

525 3950 712 4009 ubera.
742 3962 840 4001 nec
871 3955 1043 3999 tamen
1086 3943 1299 4014 repellit
1341 3957 1563 4011 puerum
1590 3958 1604 3995 :
1634 3949 1804 3995 mater
1832 3939 1973 3993 enim
2003 3947 2107 4006 est,

524 4050 581 4094 et
617 4038 793 4094 omnia
835 4043 1091 4107 pratoptat
1131 4033 1337 4104 perpeti
1379 4032 1579 4102 potius,
1620 4045 1777 4099 quam
1809 4038 1866 4082 ut
1896 4039 2105 4098 partum

525 4148 677 4186 suum
727 4129 1023 4186 contristet.
1077 4128 1257 4197 Itaque
1299 4126 1342 4179 si
1386 4134 1584 4178 matres
1622 4136 1745 4191 erga
1779 4120 1939 4175 {cetus
1984 4134 2109 4174 suos

527 4231 729 4279 tantum
774 4219 1030 4276 exhibent
1075 4231 1333 4279 amorem,
1373 4215 1542 4268 multo
1581 4214 1747 4282 magis
1773 4219 1983 4281 oportet
2015 4223 2110 4263 nos

527 4329 652 4383 erga
692 4320 927 4367 vestram
963 4310 1236 4363 caritatem
1273 4306 1521 4360 similiter
1553 4303 1769 4356 affectos
1807 4316 1944 4355 esse.
1977 4299 2109 4355 Nam

526 4405 747 4475 Spiritus
771 4411 956 4472 partus
977 4398 1402 4454 vehementiores
1427 4403 1552 4450 sunt
1579 4409 1736 4464 quam
1761 4402 1981 4446 natum.
2008 4390 2111 4444 lta-

528 4512 633 4566 que
661 4494 872 4550 tametsi
898 4492 1049 4546 nobis
1079 4505 1261 4545 mensa
1290 4487 1508 4541 multam
1539 4486 1697 4539 habet
1723 4485 2019 4553 penuriam,
2045 4498 2110 4536 nc

530 4590 608 4643 sic
650 4584 862 4657 quidem
908 4599 1027 4638 eam
1067 4579 1485 4642 occultabimus,
1517 4575 1608 4629 sed
1640 4587 1818 4630 nostra
1848 4576 2025 4629 omnia
2057 4576 2107 4630 in

534 4679 764 4735 medium
807 4674 1135 4746 proicrentes
1165 4685 1495 4742 apponemus
1524 4669 1693 4722 vobis.
1725 4667 1876 4733 Quod
1905 4668 1948 4721 si
1977 4683 2109 4736 pau-

529 4773 650 4827 cula
696 4770 811 4825 haec
858 4778 981 4823 sunt
1015 4766 1263 4834 viliaque,
1294 4761 1650 4833 przcbcbimus
1675 4768 1872 4813 tamen.
1905 4758 2033 4812 Nam
2061 4768 2114 4812 et

534 4865 622 4917 ille
645 4864 664 4894 ²
695 4861 780 4916 cui
807 4860 1062 4914 talentum
1106 4866 1220 4910 crat
1261 4853 1556 4916 creditum,
1596 4866 1700 4904 non
1732 4851 1852 4918 quia
1881 4851 2114 4918 quinque

536 4958 729 5011 talenta
761 4969 867 5008 non
894 4953 1033 5018 tulit,
1066 4952 1134 5004 ob
1161 4949 1210 5002 id
1240 4949 1511 5001 incusatus
1536 4952 1635 5005 est,
1662 4941 1753 4996 sed
1780 4941 1917 5010 quod
1951 4957 2112 4992 unum

537 5047 663 5101 illud
693 5043 974 5106 defoderit,
1002 5041 1142 5109 quod
1172 5044 1466 5107 acceperat,
1499 5033 1646 5088 dedit
1674 5048 1858 5102 pmnas
1886 5032 1902 5100 (
1927 5030 2110 5084 Matth.

535 5140 628 5194 $25.
656 5137 747 5192 at.
774 5153 880 5208 sqq.
906 5134 946 5206 ).
997 5132 1266 5201 Siquidem
1295 5129 1496 5186 hoccst
1523 5125 1663 5196 quod
1693 5125 1947 5193 quaeritur
1976 5123 2112 5192 apud

539 5232 705 5285 Deum
728 5240 779 5284 et
800 5227 936 5298 apud
970 5225 1232 5287 homines,
1260 5236 1364 5275 non
1395 5219 1628 5273 multane
1651 5225 1738 5270 aut
1759 5231 1920 5286 pauca
1948 5215 2115 5285 depo-

539 5341 657 5392 nas,
703 5323 793 5376 scd
840 5336 905 5374 ne
943 5319 1266 5373 oblationem
1308 5311 1502 5367 oll‘eras
1541 5306 2115 5365 facultatibusinl‘erio-

543 5434 677 5471 rem.
709 5412 944 5468 Audistis
974 5424 1143 5478 nuper
1169 5421 1291 5461 cum
1320 5403 1472 5458 nobis
1501 5402 1680 5455 datum
1711 5411 1851 5454 esset
1887 5400 1988 5453 hoc
2025 5400 2119 5452 ho-

607 5574 620 5601 ¹
661 5577 786 5617 Unus
808 5568 987 5624 habet,
1012 5563 1168 5614 colens
1192 5573 1274 5610 nos
1309 5559 1361 5609 in
1394 5557 1470 5607 Itis
1500 5556 1673 5605 habere
1706 5553 2012 5604 tabernacula
2069 5554 2118 5602 in

540 5642 628 5726 al:
866 5695 1031 5740 Nostra
1047 5699 1206 5736 omnia
1225 5683 1273 5732 in
1291 5681 1504 5732 medium
1523 5683 1813 5744 Ρνοίϐνεηιεδ
1832 5690 2122 5744 αρροηεηηίδ

543 5740 700 5812 τοὺιέζ
715 5753 892 5816 exigua
915 5751 1170 5816 quidanm
1193 5744 1379 5816 minimi
1400 5740 1556 5816 pretii,
1578 5740 1833 5794 metuentes
1856 5740 2121 5790 damnatio-

545 5818 620 5869 nis
642 5807 936 5880 periculum,
952 5813 993 5864 si
1011 5812 1202 5875 quidem
1223 5818 1268 5861 ct
1290 5807 1387 5869 ille,
1413 5814 1504 5857 etc.

1222 377 1278 435 S.
1317 375 1592 434 JOANNIS
1627 367 2105 432 CHRYSOSTOHI
2143 365 2458 427 ARCHIEP.
2497 363 3022 428 CONSTANTINOP.

3667 395 3776 451 108

2201 482 2369 548 noris,
2401 490 2460 537 ut
2485 483 2624 554 apud
2652 485 2927 540 caritatem
2949 493 3176 540 vestram
3200 489 3778 558 dissereremus,-l‘sal-

2203 589 2350 629 mum
2381 574 2527 628 illum
2558 575 2854 647 legentibus
2879 577 3052 645 nobis,
3081 579 3170 648 qui
3199 591 3533 650 peccatorem
3557 598 3588 638 e
3614 588 3784 642 sacris

2197 668 2364 738 septis
2383 667 2621 737 eiiciens,
2648 669 2864 740 angelos
2885 685 3249 741 supernasque
3277 674 3500 728 virtutes
3532 675 3780 734 hortaba-

2199 766 2286 813 tur
2321 758 2386 812 ad
2416 757 2737 815 laudandum
2779 761 3145 816 universorum
3190 763 3378 819 Deum.
3404 763 3574 821 Vultis
3620 767 3778 836 igitur

2197 857 2252 904 et
2290 848 2450 904 hodie
2493 850 2634 906 idem
2677 851 2974 922 angelicum
3015 853 3183 909 melos
3210 854 3228 886 ¹
3268 854 3568 923 audiamus,
3611 872 3777 926 prepe

2199 939 2307 995 illic
2333 939 2526 994 alicubi
2552 943 2831 997 astantes?
2853 942 2978 996 Mihi
3002 952 3147 998 certe
3171 944 3396 1001 videtur.
3442 946 3573 1002 Nam
3600 949 3643 1003 si
3676 948 3777 1002 ho-

2198 1034 2372 1091 mines
2399 1035 2643 1091 scelerati
2663 1035 2790 1092 dum
2813 1035 3038 1092 choreas
3063 1046 3224 1106 agunt
3249 1037 3300 1092 in
3328 1039 3460 1104 foro,
3490 1039 3542 1094 in
3561 1039 3779 1109 profun-

2197 1128 2266 1186 da
2288 1128 2514 1199 caligine
2541 1138 2804 1201 nocteque
2834 1131 3150 1199 intempesta
3191 1131 3514 1187 meretriciat
3552 1133 3776 1187 cantile-

2200 1237 2298 1278 nas
2344 1222 2640 1292 mollesque
2691 1233 2946 1278 canentes
2979 1223 3275 1289 cantiones,
3305 1230 3469 1278 totam
3503 1224 3774 1280 civitatem

2199 1314 2353 1370 nobis
2375 1313 2628 1377 excitant,
2661 1323 2716 1368 et
2740 1313 2806 1369 ad
2836 1328 2955 1369 sese
2983 1320 3300 1369 convertunt
3328 1330 3342 1365 :
3369 1329 3465 1368 nos
3486 1315 3775 1368 caelestium

2202 1403 2514 1475 populorum
2537 1403 2784 1472 supernis
2813 1404 2990 1459 choris
3020 1405 3217 1474 Regem
3243 1405 3478 1459 universi
3503 1404 3778 1463 celebran-

2199 1497 2340 1552 tibus
2368 1511 2472 1551 uon
2497 1510 2839 1551 occurremus
2863 1537 2879 1560 ,
2903 1511 3008 1549 non
3047 1494 3322 1549 audiemus
3356 1494 3589 1550 divinam
3635 1492 3778 1549 illam

2202 1601 2266 1641 ac
2290 1587 2499 1642 beatam
2527 1601 2711 1641 vocem
2735 1585 2758 1638 Τ
2781 1585 2846 1639 Et
2865 1600 2983 1654 quae
3013 1586 3167 1638 nobis
3205 1585 3416 1639 dabitur
3449 1586 3644 1639 venia?
3671 1585 3780 1640 Sed

2201 1679 2467 1749 quomodo
2485 1720 2501 1746 ,
2534 1680 2739 1749 inquis,
2771 1677 2896 1731 licet
2918 1675 3146 1731 audire?
3170 1674 3225 1731 Si
3253 1677 3302 1729 in
3331 1676 3503 1745 ipsum
3524 1675 3780 1731 ascende-

2203 1769 2371 1824 rimus
2398 1769 2621 1836 caelum,
2645 1769 2748 1825 etsi
2774 1783 2879 1823 non
2917 1781 3143 1836 corpore
3167 1807 3183 1833 ,
3215 1775 3394 1822 mente
3437 1776 3653 1822 tamen:
3681 1768 3779 1821 etsi

2202 1862 2378 1916 minus
2406 1863 2706 1930 prmsentia,
2731 1869 2876 1916 certe
2899 1860 3238 1930 cogitatione.
3267 1857 3400 1913 Nam
3423 1872 3619 1927 corpus
3644 1872 3778 1927 quo-

2205 1953 2347 2008 niam
2381 1962 2630 2008 terrestre
2654 1961 2735 2007 est
2755 1967 2818 2006 ac
2841 1967 3000 2022 grave
3025 1959 3210 2004 natura
3230 1990 3246 2016 ,
3284 1957 3463 2004 manet
3493 1950 3544 2003 in
3581 1948 3778 2004 terris:

2203 2046 2378 2100 anima
2413 2060 2540 2100 vero
2564 2044 2632 2099 ab
2655 2043 2754 2098 hac
2774 2044 3088 2099 necessitate
3114 2052 3195 2098 est
3219 2043 3409 2107 libera,
3428 2039 3784 2110 facillimeque

2204 2138 2270 2192 ad
2310 2139 2568 2192 altissima
2598 2137 2800 2208 longiss
2821 2151 3012 2206 meque
3051 2145 3253 2191 semeta
3292 2134 3408 2188 loca
3434 2133 3679 2188 advolat:
3711 2135 3782 2188 ita

2207 2239 2263 2282 ut
2292 2230 2450 2285 etiam
2496 2230 2540 2282 si
2581 2228 2710 2283 velit
2739 2228 2807 2283 ad
2835 2237 3104 2283 extremos
3131 2226 3277 2280 orbis
3307 2227 3569 2280 terminos
3595 2238 3781 2294 perve—

2206 2322 2320 2376 nire
2342 2363 2362 2388 ,
2389 2329 2480 2375 aut
2507 2322 2557 2374 in
2586 2319 2776 2375 caelum
2804 2318 3095 2374 ascendere
3119 2360 3134 2384 ,
3162 2317 3294 2372 nihil
3312 2299 3393 2371 °sit
3427 2316 3569 2386 quod
3596 2324 3736 2370 vetet
3765 2333 3780 2369 :

2204 2414 2339 2468 adeo
2360 2414 2454 2482 ipsi
2483 2412 2626 2467 leves
2645 2411 3021 2482 cogitationum
3047 2409 3160 2464 alas
3183 2408 3330 2463 dedit
3355 2408 3513 2462 Deus.
3539 2406 3645 2461 Nec
3671 2416 3784 2460 tan-

2208 2514 2318 2559 tum
2358 2509 2468 2560 alas
2506 2505 2650 2560 leves
2693 2503 2859 2568 dedit,
2908 2516 3093 2557 verum
3133 2510 3189 2555 et
3218 2499 3401 2556 oculos
3441 2498 3658 2567 largitus
3679 2504 3780 2558 est,

2207 2594 2374 2649 multo
2406 2609 2564 2663 quam
2600 2595 2837 2661 corporis
2887 2591 3323 2662 perspicaciorcs.
3360 2587 3491 2658 Nam
3545 2586 3784 2654 corporis

2207 2695 2477 2757 aspectus,
2519 2686 2563 2740 si
2603 2685 2816 2755 quidem
2852 2698 2948 2752 per
2987 2696 3211 2736 vacuum
3251 2693 3430 2734 aerem
3465 2677 3684 2743 feratur,
3717 2675 3786 2730 ad

2210 2778 2424 2848 Iungunt
2456 2777 2791 2831 intervallum
2820 2773 3158 2843 progreditur
3187 2791 3200 2826 :
3227 2769 3369 2841 quod
3397 2770 3438 2823 si
3463 2771 3514 2823 iu
3536 2769 3782 2835 exiguum

2207 2884 2401 2937 corpus
2442 2868 2743 2938 impcgerit,
2786 2881 2891 2920 non
2934 2866 3091 2920 aliter
3128 2878 3285 2933 quam
3331 2862 3502 2915 ﬂuxus
3531 2861 3619 2930 qui
3651 2859 3785 2914 fere-

2209 2960 2383 3027 batur,
2411 2959 2685 3013 obstaculo
2704 2957 2968 3028 repulsus,
2991 2956 3166 3010 denuo
3189 2964 3478 3008 retrorsum
3505 2951 3783 3004 avertitur:

2206 3068 2392 3107 verum
2421 3052 2582 3106 animi
2607 3051 2747 3105 oculi
2794 3049 2999 3104 etiamsi
3029 3047 3258 3118 parietes
3279 3087 3293 3110 ,
3317 3042 3525 3098 etiamsi
3556 3041 3748 3098 muenia
3767 3081 3781 3102 ,

2210 3145 2418 3199 etiamsi
2463 3143 2721 3195 montium
2765 3139 2952 3202 moles,
2996 3139 3204 3193 etiamsi
3253 3137 3509 3192 caelorum
3562 3149 3784 3202 corpora

2211 3233 2573 3303 compererint
2614 3231 2898 3292 obstantia,
2930 3230 3105 3283 omnia
3154 3228 3307 3282 facile
3347 3236 3781 3296 prmterctirrunt.

2213 3326 2458 3380 Attamen
2484 3338 2605 3378 cum
2637 3331 2833 3377 tantam
2864 3320 3052 3376 habeat
3075 3320 3406 3376 celeritatem
3432 3325 3486 3372 et
3511 3317 3789 3373 oculorum

2211 3415 2378 3469 aciem
2405 3413 2601 3481 anima,
2626 3427 2730 3467 non
2762 3427 2828 3468 ex
2849 3425 2970 3467 sese
2995 3409 3268 3465 sufﬁciens
3292 3419 3373 3464 est
3397 3408 3463 3462 ad
3493 3408 3785 3478 intelligen-

2210 3506 2338 3560 tiam
2366 3520 2542 3563 rerum
2569 3502 2857 3559 crclestium
2876 3542 2892 3569 ,
2922 3502 3014 3557 sed
3041 3516 3175 3570 opus
3202 3501 3292 3554 illo
3317 3499 3475 3553 habet
3501 3499 3590 3568 qui
3618 3499 3789 3568 ipsam

2211 3612 2370 3651 manu
2411 3596 2657 3651 deducat.
2700 3593 2979 3648 Faciamus
3005 3592 3163 3661 igitur
3187 3591 3325 3660 quod
3359 3591 3407 3643 in
3435 3605 3617 3658 regum
3645 3589 3788 3658 pala-

2212 3691 2300 3744 tiis
2330 3690 2502 3744 facere
2530 3689 2742 3752 solent,
2766 3686 2856 3756 qui
2885 3686 3105 3752 cupiunt
3124 3700 3182 3736 ea
3209 3683 3406 3736 videre.
3435 3682 3569 3748 Quid
3610 3689 3788 3733 autem

2215 3782 2290 3835 illi
2325 3781 2561 3834 faciunt?
2601 3779 2700 3834 Ubi
2730 3777 3038 3848 quaesierint
3066 3789 3187 3829 eum
3213 3775 3296 3828 cui
3327 3774 3503 3826 claves
3532 3772 3786 3827 commis-

2213 3887 2288 3927 sa:
2334 3881 2476 3935 sunt,
2526 3870 2673 3924 illum
2723 3866 2941 3931 adeunt,
2980 3866 3318 3934 alloquuntur
3370 3870 3424 3916 et
3469 3861 3787 3930 supplicant,

2215 3963 2522 4034 frequenter
2545 3970 2599 4014 et
2622 3958 2903 4029 pecuniam
2932 3963 3215 4010 numerant
3240 3995 3253 4018 ,
3282 3961 3339 4006 ut
3368 3952 3494 4022 ipsis
3523 3949 3788 4020 gratiﬁce-

2214 4064 2318 4109 tur.
2352 4052 2617 4107 Adeamus
2647 4063 2774 4119 ergo
2799 4056 2854 4101 et
2882 4061 2977 4100 nos
3008 4059 3172 4098 unum
3200 4058 3384 4097 eorum
3405 4083 3419 4107 ,
3451 4040 3642 4110 quibus
3680 4054 3790 4093 cm-

2214 4148 2374 4202 lestes
2401 4153 2568 4214 portat:
2604 4139 2906 4195 commissa:
2949 4144 3090 4203 sunt,
3133 4133 3480 4204 appellemus,
3522 4131 3790 4199 supplice-

2215 4251 2356 4302 mus,
2400 4247 2495 4300 pro
2529 4230 2749 4298 pecunia
2799 4233 3094 4296 promptam
3130 4224 3452 4277 voluntatem
3492 4221 3791 4273 sincerum-

2215 4345 2318 4400 que
2355 4326 2598 4381 ail‘ectum
2637 4322 3000 4377 exhibeamus.
3045 4318 3110 4371 Et
3138 4317 3180 4369 si
3213 4315 3304 4369 ille
3328 4313 3627 4369 mercedem
3657 4311 3795 4364 hanc

2215 4421 2499 4488 acceperit,
2551 4430 2708 4468 manu
2750 4422 2928 4465 nostra
2973 4406 3304 4477 apprehensa
3345 4419 3439 4473 per
3478 4402 3654 4456 omnia
3683 4401 3792 4454 ciro

2215 4512 2514 4572 cumducet,
2563 4523 2666 4560 non
2713 4506 2856 4559 illam
2895 4501 3185 4556 ostendens
3215 4499 3434 4568 regiam,
3477 4495 3571 4551 sed
3619 4496 3791 4563 ipsum

2217 4606 2414 4675 Regem
2469 4602 2522 4654 in
2571 4597 2707 4654 solio
2743 4596 3040 4656 sedentem,
3083 4590 3416 4644 adstantibus
3473 4586 3796 4641 exercitibus

2217 4693 2648 4760 exercituumque
2701 4685 2964 4745 ducibus,
3021 4681 3388 4736 assistentibus
3436 4676 3796 4730 innumerabi-

2217 4785 2347 4839 lium
2387 4780 2693 4849 angelorum
2736 4783 2788 4828 ct
2834 4771 3271 4840 arcltangelorum
3299 4768 3532 4822 millibus
3565 4783 3578 4828 ;
3619 4768 3794 4819 omnia

2221 4877 2505 4945 diligenter
2559 4871 2712 4923 nobis
2761 4865 3038 4927 ostendet,
3096 4873 3356 4931 quatenus
3418 4859 3568 4912 nobis
3617 4858 3797 4910 videre

2221 4971 2364 5023 licet.
2397 4966 2524 5034 Quis
2552 4964 2709 5032 igitur
2747 4968 2828 5013 est
2868 4958 2965 5010 iste
3004 4954 3088 5009 cui
3134 4956 3246 5007 lucc
3285 4951 3485 5005 functio
3514 4948 3796 5004 commissa

2221 5070 2323 5124 est,
2355 5072 2515 5128 quam
2559 5060 2844 5122 sequentes
2883 5062 3023 5102 nunc
3062 5047 3302 5099 volumus
3343 5042 3586 5112 ingredi?
3613 5040 3795 5102 Isaias,

2222 5152 2599 5221 prophetarum
2627 5141 3012 5197 vocalissimus.
3038 5137 3176 5206 Ergo
3203 5149 3422 5189 necesse
3447 5141 3548 5196 est,
3573 5139 3628 5183 ut
3659 5129 3798 5183 hunc

2224 5245 2572 5311 alloquamur.

2295 5334 2575 5402 Scriptum
2605 5324 2854 5397 quomodo
2879 5319 3161 5374 audienda.
3192 5344 3262 5357 -
3288 5316 3461 5386 Agite,
3499 5311 3799 5383 sequamini

2225 5422 2521 5492 composito
2545 5416 2710 5487 gradu
2739 5412 3067 5476 incedentes,
3101 5408 3268 5462 multo
3305 5421 3423 5460 cum
3452 5405 3664 5459 silentio
3689 5422 3702 5457 :
3731 5417 3801 5457 ne

2225 5515 2344 5586 quis
2389 5508 2711 5579 ingrediatur
2756 5503 2898 5557 curis
2951 5507 3171 5553 onustus
3220 5495 3520 5559 mundanis,
3574 5510 3642 5548 lle
3682 5493 3807 5561 quis

2227 5605 2386 5658 animi
2415 5601 2624 5662 dubius,
2668 5610 2732 5649 ne
2771 5593 2886 5664 quis
2915 5591 3167 5645 attonitus
3201 5606 3212 5640 :
3253 5603 3434 5641 verum
3483 5587 3593 5638 ltmc
3623 5585 3798 5636 omnia

2230 5700 2355 5752 foris
2381 5704 2501 5748 ante
2521 5690 2713 5745 ostium
2739 5687 3062 5755 deponamus
3079 5696 3284 5746 omnes,
3311 5690 3469 5749 atque
3497 5679 3562 5731 ita
3586 5677 3800 5730 domum

2297 5803 2314 5832 ί
2383 5795 2518 5843 Unus
2584 5787 3181 5858 legit,mysticttmmclos.
