4064 6214
276 398 393 454 109

289 499 664 569 ingrediamur.
696 497 1022 564 lngredimur
1064 497 1202 550 enim
1247 499 1299 550 in
1342 512 1559 567 regnum
1586 506 1856 563 canorum,

287 587 691 643 conscendimus
712 588 765 641 in
791 588 1031 656 regiones
1059 586 1224 640 stellis
1252 585 1593 656 fulgurantes.
1620 586 1751 652 Quae
1779 587 1860 641 in-

292 690 379 733 tus
404 686 527 731 sunt
559 678 693 730 miro
735 677 945 730 silentio
974 677 1126 746 plena
1171 684 1311 740 sunt,
1356 676 1726 747 mysteriisque
1755 691 1861 732 non

286 766 571 820 efferendis
599 767 813 821 referta.

360 858 414 913 2.
443 858 544 913 Sed
573 858 972 919 animadvertite
998 859 1310 929 diligenter:
1334 874 1454 913 nam
1473 859 1860 928 Scripturarum

287 946 446 1004 lectio
469 949 713 1002 culorum
742 957 823 1003 est
860 949 1130 1003 reseratio.
1174 946 1240 1001 Et
1269 952 1456 1019 factum
1482 960 1551 1003 est
1577 965 1730 1014 anno,
1762 964 1860 1019 quo

290 1048 515 1093 mortuus
540 1050 610 1092 est
639 1041 789 1093 Ozias
814 1057 901 1094 rex
917 1082 932 1106 ,
959 1041 1060 1094 vidi
1087 1040 1359 1095 Dominum
1387 1042 1636 1095 sedentem
1657 1042 1711 1099 in
1734 1042 1860 1094 solio

286 1127 480 1183 acciso
510 1139 556 1183 et
584 1132 713 1183 elato
739 1130 787 1201 (Ι
799 1132 890 1184 sai.
916 1132 968 1187 6.
995 1133 1071 1199 l).
1102 1131 1291 1186 Vidisti
1320 1132 1466 1201 probi
1495 1130 1673 1187 famuli
1702 1132 1861 1188 bene-

288 1220 568 1273 volentiam
592 1220 1117 1290 humanitatemque?
1150 1222 1297 1276 Illico
1329 1237 1426 1276 nos
1450 1222 1515 1275 ad
1554 1222 1743 1276 solium
1779 1222 1859 1276 in-

285 1308 437 1362 duxit
460 1310 681 1378 regium,
718 1326 815 1365 nec
851 1313 991 1379 prius
1031 1312 1339 1382 circumegit
1383 1320 1501 1382 post
1537 1313 1720 1382 longos
1746 1328 1860 1367 am-

285 1398 447 1463 bitus,
475 1400 568 1454 sed
610 1402 761 1455 simul
803 1410 960 1470 atque
986 1412 1167 1471 portas
1204 1402 1429 1470 aperuit,
1472 1417 1503 1457 e
1532 1404 1746 1472 regione
1773 1417 1859 1458 se-

284 1488 498 1543 dentem
541 1490 817 1545 Dominum
864 1492 1093 1547 ostendit
1144 1509 1156 1544 :
1200 1491 1268 1545 Et
1312 1492 1578 1562 Seraphin:
1605 1534 1621 1559 ,
1668 1494 1851 1563 inquit,

283 1577 481 1633 stabant
508 1579 560 1632 in
582 1580 794 1633 circuitu
820 1582 964 1651 ejus;
992 1597 1080 1635 sea:
1102 1580 1198 1635 alte
1221 1582 1329 1648 uni,
1356 1591 1403 1636 et
1427 1597 1516 1636 sea:
1538 1581 1637 1635 ala:
1662 1580 1809 1636 alteri
1836 1598 1855 1635 :

283 1681 346 1717 ac
373 1667 566 1721 duabus
592 1670 792 1739 quidem
832 1671 1058 1724 uelabant
1098 1672 1314 1740 faciem,
1364 1671 1554 1726 duabus
1596 1673 1764 1741 pedes,
1809 1683 1855 1726 et

284 1755 478 1808 duabus
494 1756 743 1822 volabant,
772 1768 816 1812 et
841 1760 1122 1813 clamabant
1140 1762 1267 1814 alter
1285 1762 1351 1813 ad
1371 1760 1819 1826 alterum,diceutes
1835 1780 1853 1817 :

287 1845 522 1914 Sanctus,
558 1860 777 1919 sanctus,
807 1862 1026 1919 sanctus,
1058 1852 1303 1909 Dominus
1346 1854 1590 1910 Sabaoth.
1612 1855 1771 1926 (Ibid.
1803 1872 1849 1908 υ.

282 1935 340 1991 2.
367 1938 445 2005 δ).

356 2025 538 2082 Contra
558 2030 839 2085 Anomaeos.
862 2032 1045 2087 Divina
1066 2043 1245 2088 natura
1269 2036 1460 2106 angelis
1476 2037 1855 2107 incomprehen-

282 2118 460 2171 sibilis.
486 2149 558 2159 —
579 2120 716 2175 Vere
752 2133 984 2188 sanctus,
1020 2126 1109 2193 qui
1144 2134 1378 2179 nostram
1424 2134 1661 2180 naturam
1695 2129 1851 2182 tantis

282 2222 345 2260 ac
376 2208 563 2263 talibus
603 2213 867 2281 mysteriis
890 2212 1132 2281 dignatus
1159 2224 1268 2279 est,
1298 2215 1383 2284 qui
1427 2230 1523 2269 nos
1560 2215 1738 2269 talium
1769 2230 1852 2271 se-

280 2308 545 2371 cretorum
574 2310 848 2355 consortes
876 2300 1020 2355 fecit.
1049 2301 1248 2357 llorror
1276 2318 1361 2358 me
1383 2318 1444 2357 ac
1476 2312 1672 2358 tremor
1687 2305 1852 2359 corri-

282 2387 393 2454 puit
433 2388 483 2441 in
515 2389 601 2443 tali
624 2392 849 2444 cantico.
881 2390 948 2446 Et
977 2392 1101 2462 quid
1143 2393 1352 2459 mirum,
1399 2394 1444 2448 si
1478 2409 1562 2448 me
1599 2395 1850 2463 corripuit

281 2478 477 2532 luteum
496 2495 557 2535 ac
582 2488 871 2549 terrenum,
897 2498 1015 2538 cum
1044 2484 1200 2538 etiam
1241 2486 1381 2555 ipsas
1405 2500 1658 2554 supernas
1685 2490 1850 2540 virtu-

280 2578 358 2620 tes
383 2583 591 2638 semper
610 2573 868 2626 maximus
890 2574 1124 2627 obtineat
1146 2575 1362 2642 stupor?
1388 2574 1678 2643 Eapropter
1697 2592 1848 2630 aver-

278 2668 395 2713 tunt
449 2660 635 2725 facies,
677 2663 890 2732 alasque
940 2665 1054 2719 vice
1098 2679 1366 2719 murorum
1410 2666 1696 2734 objiciunt,
1741 2684 1843 2721 non

275 2751 506 2807 ferentes
531 2754 703 2808 radios
731 2754 871 2809 illinc
898 2755 1310 2824 proficiscentes.
1346 2758 1406 2811 Et
1443 2767 1637 2821 tamen,
1676 2759 1840 2823 aiunt,

276 2842 329 2894 id
354 2843 492 2912 quod
521 2836 805 2912 apparebat
833 2854 1174 2914 attemperata
1206 2848 1428 2915 quadam
1470 2847 1694 2916 imagine
1718 2846 1847 2901 olfe-

273 2934 507 2989 rebatur.
531 2936 637 2989 Cur
667 2936 824 3005 igitur
845 2952 948 2991 non
980 2938 1245 2991 tulerunt?
1268 2937 1390 2990 Mihi
1424 2938 1519 2991 ista
1558 2938 1726 2992 dicis?
1752 2939 1844 2994 Dic

276 3025 339 3078 iis
378 3025 464 3093 qui
502 3025 710 3079 curiose
752 3034 1054 3080 scrutantur
1082 3026 1398 3081 ineffabilem
1428 3042 1488 3080 ac
1517 3026 1720 3081 beatam
1752 3044 1843 3082 na-

274 3124 465 3177 turam,
495 3113 558 3168 iis
586 3115 674 3184 qui
701 3115 894 3170 audent
924 3132 1027 3170 non
1059 3116 1317 3171 audenda.
1346 3116 1457 3185 Ipsa
1482 3116 1757 3185 Seraphim
1776 3134 1842 3172 ne

270 3202 648 3257 demissionem
702 3204 915 3273 quidem
969 3204 1064 3259 Dei
1112 3206 1475 3260 sustinuerunt
1522 3205 1713 3259 intueri
1750 3216 1843 3260 :ct

273 3292 431 3345 homo
450 3306 612 3347 ausus
644 3293 949 3360 estdicere,
996 3294 1101 3347 imo
1138 3295 1312 3363 potius
1352 3295 1510 3348 homo
1553 3311 1715 3349 ausus
1760 3304 1843 3350 est

269 3380 449 3434 animo
468 3382 765 3450 concipere,
793 3396 850 3436 se
878 3391 1115 3435 naturam
1140 3383 1306 3451 ipsam
1334 3384 1613 3449 sinceram,
1634 3386 1842 3440 etChc—

271 3472 475 3526 rubinis
502 3474 718 3527 minime
742 3473 1100 3542 conspicuam,
1133 3487 1288 3543 posse
1330 3474 1393 3527 ad
1426 3475 1636 3543 plenum
1673 3476 1841 3531 clare—

269 3578 375 3631 que
414 3563 626 3617 videre?
671 3562 948 3628 Horresce,
998 3564 1219 3628 caelum,
1266 3564 1600 3633 obstupesce,
1656 3575 1837 3621 terra:

270 3652 373 3706 hoc
398 3652 591 3707 audere
619 3656 787 3722 majus
815 3663 895 3709 est
915 3654 997 3721 iis,
1021 3670 1138 3723 qua:
1162 3656 1272 3708 ausi
1299 3667 1421 3709 sunt
1448 3656 1543 3709 illi.
1568 3657 1693 3710 Nam
1722 3673 1838 3727 quae

272 3752 380 3794 tum
421 3742 495 3794 illi
530 3757 624 3811 per
661 3744 978 3812 impietatem
1019 3743 1303 3809 audebant,
1343 3744 1527 3799 eadem
1572 3761 1708 3800 nunc
1746 3761 1838 3816 per

270 3830 596 3899 impietatem
623 3831 816 3886 audent
844 3832 950 3887 isti.
987 3831 1118 3886 Nam
1146 3844 1440 3888 creaturam
1480 3836 1724 3891 similiter
1747 3838 1839 3891 ad-

270 3928 429 3974 orant
456 3937 468 3974 :
496 3920 635 3990 quod
665 3931 840 3976 autem
876 3937 1017 3977 nunc
1049 3923 1135 3978 isti
1156 3925 1441 3980 commenti
1479 3936 1627 3992 sunt,
1660 3928 1833 3985 nullus

269 4012 387 4080 ejus
413 4013 580 4067 aetatis
610 4011 877 4068 hominum
906 4029 1079 4086 neque
1104 4014 1296 4081 dicere,
1322 4032 1495 4087 neque
1515 4019 1698 4074 audire
1721 4035 1839 4075 sus-

270 4104 444 4158 tinuit.
474 4103 608 4169 Quid
637 4105 753 4158 ais?
780 4104 1037 4160 Demissio
1054 4116 1167 4159 erat
1186 4106 1323 4174 quod
1344 4108 1657 4162 videbatur?
1686 4109 1832 4177 Erat,

268 4195 362 4248 sed
392 4195 507 4249 Dei.
535 4196 741 4249 Etenim
771 4196 815 4249 si
842 4196 1024 4251 Daniel
1062 4196 1145 4251 cui
1176 4197 1397 4252 multum
1426 4208 1540 4253 erat
1571 4199 1837 4255 familiari-

270 4284 392 4339 tatis
420 4298 484 4339 ac
526 4284 727 4339 fiduciae
762 4285 901 4354 apud
951 4287 1134 4353 Deum,
1166 4302 1271 4341 non
1312 4288 1563 4343 sustinuit
1590 4291 1834 4360 angelum

266 4389 386 4429 sese
416 4374 514 4444 ipsi
563 4376 923 4431 demittentem
968 4377 1168 4442 videre,
1215 4378 1309 4434 sed
1337 4380 1529 4435 cecidit
1567 4381 1834 4450 jaeuitque

266 4480 486 4535 pronus,
516 4466 738 4522 vinculis
762 4469 1030 4524 oculorum
1077 4470 1215 4524 illius
1252 4472 1318 4526 ab
1361 4472 1447 4527 illa
1478 4473 1640 4543 gloria
1667 4474 1836 4529 disso-

264 4555 391 4611 iutis
417 4574 430 4610 ε
461 4556 587 4627 quid
630 4559 817 4612 mirum
857 4560 899 4612 si
944 4560 1217 4627 Seraphim
1261 4561 1597 4630 erpavefacta
1638 4573 1759 4617 sunt
1790 4565 1830 4631 ³,

265 4660 370 4701 non
398 4647 707 4701 sustinentia
736 4648 1059 4716 majestatcm
1082 4648 1225 4702 illam
1248 4649 1434 4703 intueri
1452 4652 1473 4703 ?
1489 4651 1667 4720 Neque
1688 4653 1829 4706 enim

265 4746 466 4791 tantum
509 4737 829 4791 discriminis
873 4746 953 4791 est
992 4738 1131 4791 inter
1175 4739 1440 4793 Danielem
1472 4749 1525 4794 et
1552 4743 1823 4811 Angelum,

261 4836 515 4897 quantum
542 4829 681 4883 inter
706 4828 867 4883 Deum
898 4838 950 4883 et
977 4828 1210 4882 Virtutes
1237 4829 1371 4884 illas.
1409 4830 1602 4885 Verum
1631 4848 1696 4887 ne
1736 4850 1829 4889 nos

264 4920 382 4987 plus
408 4933 563 4988 quam
606 4926 693 4972 sat
722 4928 803 4973 est
842 4918 925 4972 his
962 4919 1229 4973 miraculis
1260 4921 1600 4976 immorantes
1628 4935 1829 4978 vestros

261 5007 468 5061 animos
490 5009 539 5063 in
566 5017 832 5078 stuporem
856 5009 1143 5079 adigatnus,
1164 5024 1260 5079 age
1278 5010 1343 5065 ad
1365 5010 1567 5065 initium
1597 5013 1828 5069 historia:

261 5107 667 5162 convertamur,
719 5099 1083 5155 humilioribus
1130 5101 1249 5155 illos
1301 5104 1721 5159 enarrationibus
1764 5106 1829 5159 ad

258 5187 375 5257 ejus
427 5188 825 5258 intelligentiam
864 5189 1205 5245 adducentes.
1254 5186 1322 5243 Et
1364 5192 1553 5259 factum
1592 5203 1662 5245 est
1695 5211 1828 5247 anno

259 5295 357 5345 quo
385 5290 608 5332 mortuus
638 5290 706 5332 est
735 5278 882 5332 Ozias
917 5298 1020 5333 rex.
1066 5282 1251 5348 Opera:
1290 5282 1513 5349 pretium
1542 5292 1621 5335 est
1660 5283 1831 5353 inqui-

261 5385 377 5425 rere
404 5373 652 5439 primum,
687 5385 779 5423 cur
805 5371 1057 5439 propheta
1086 5373 1232 5426 nobis
1261 5380 1469 5442 tempus
1503 5374 1784 5443 designarit
1808 5392 1821 5439 ;

261 5477 428 5531 neque
455 5463 596 5515 enim
624 5462 725 5515 hoc
749 5459 960 5514 fortuito
988 5470 1247 5517 temereve
1277 5463 1418 5519 facit.
1448 5463 1575 5518 Nam
1595 5465 1818 5533 pr0phe-

263 5562 431 5606 tarum
456 5566 549 5606 ora
576 5551 666 5605 Dei
696 5560 814 5603 sunt
839 5565 897 5603 os
928 5568 941 5603 :
974 5551 1075 5604 talc
1104 5567 1229 5606 vero
1250 5568 1310 5607 os
1334 5554 1463 5607 nihil
1492 5553 1681 5608 dixerit
1710 5556 1823 5608 obi-

264 5655 339 5697 ter
368 5656 419 5698 et
446 5656 593 5698 extra
625 5658 755 5697 rem.
785 5641 860 5696 Ne
891 5643 1044 5711 igitur
1073 5658 1169 5699 nos
1195 5644 1363 5699 obiter
1392 5654 1441 5700 et
1470 5646 1827 5718 perfunctorie

328 5779 345 5809 ³
370 5777 517 5838 Unus,
542 5777 599 5829 Si
617 5776 859 5840 seraphim
881 5778 1037 5828 oculos
1061 5792 1165 5829 suos
1190 5778 1358 5832 velant.

1310 382 1373 437 IN
1414 382 1635 450 ILLUD,
1681 383 1815 438 VIDI
1846 382 2175 445 DOMINUM,
2217 383 2445 439 HOMIL.
2493 385 2551 441 Il.

3436 406 3545 459 110

1969 494 2263 549 audiamus.
2295 498 2504 551 Etenim
2536 499 2579 553 si
2612 499 2644 553 ii
2676 502 2765 570 qui
2808 502 3013 558 fodiunt
3040 507 3271 571 metalla,
3302 523 3368 561 ne
3396 526 3549 563 utun-

1966 600 2052 640 ma
2078 585 2291 655 quidem
2320 588 2539 643 frustula
2564 601 2905 659 praetereunt,
2940 609 3127 651 verum
3154 597 3241 651 ubi
3274 601 3408 652 nacti
3440 600 3549 655 fuc-

1966 675 2073 728 rint
2094 676 2322 745 aliquam
2364 692 2550 732 venam
2588 681 2724 745 auri,
2766 691 2970 738 meatus
3007 700 3195 740 omnes
3233 699 3417 742 exacte
3446 690 3548 743 cir-

1966 767 2313 835 cumspiciunt
2339 788 2351 822 :
2378 778 2577 838 quanto
2603 772 2769 841 magis
2806 772 2905 828 hoc
2932 773 3107 830 facere
3136 791 3233 832 nos
3264 789 3467 848 oportet
3494 783 3545 835 in

1966 854 2293 925 Scripturis?
2320 858 2388 912 Et
2414 868 2586 914 tamen
2616 860 2668 914 in
2693 864 2922 918 metallis
2942 864 3157 922 difficile
3188 878 3271 923 est
3308 870 3545 927 invenire

1964 948 2106 1016 quod
2135 958 2406 1004 venantur.
2450 950 2662 1006 Etenim
2694 968 2814 1007 cum
2843 962 2900 1009 et
2926 958 3133 1011 metalla
3164 958 3269 1012 sint
3300 969 3457 1028 terra,
3492 972 3549 1019 ct

1963 1053 2151 1093 aurum
2179 1042 2306 1095 nihil
2334 1042 2476 1097 aliud
2505 1044 2573 1097 sit
2592 1058 2749 1113 quam
2777 1054 2938 1114 terra,
2969 1047 3079 1117 ipsa
3108 1064 3316 1119 quoque
3339 1062 3543 1108 naturae

1963 1135 2264 1188 communio
2319 1136 2716 1207 similitudoque
2759 1153 2979 1203 eorum,
3030 1157 3147 1210 qua:
3198 1154 3539 1211 quaeruntur,

1963 1225 2143 1279 oculos
2170 1224 2331 1290 fallit;
2362 1236 2591 1282 attamen
2620 1244 2686 1283 ne
2705 1229 2781 1284 sic
2800 1230 3011 1299 quidem
3030 1232 3292 1287 desistunt
3318 1235 3415 1301 illi,
3449 1238 3540 1290 sed

1962 1330 2172 1369 omnem
2198 1314 2451 1372 adhibent
2478 1319 2825 1388 diligentiam,
2855 1321 3058 1375 etiamsi
3088 1332 3425 1393 posteaquam
3461 1328 3541 1380 itt-

1962 1409 2249 1476 spexerint,
2277 1409 2445 1464 sciant
2471 1412 2591 1479 quid
2623 1428 2746 1467 vere
2767 1415 2835 1467 sit
2853 1422 3015 1476 terra,
3042 1415 3166 1484 quid
3184 1431 3309 1469 vere
3328 1432 3538 1472 aurum.

1962 1496 2019 1550 lu
2045 1496 2331 1567 Scripturis
2358 1507 2533 1553 autem
2563 1516 2666 1555 non
2693 1512 2774 1556 est
2802 1503 2984 1558 eadem
3009 1505 3162 1559 ratio.
3191 1506 3370 1577 Neque
3396 1508 3535 1562 enim

1961 1590 2275 1659 proponitur
2302 1604 2487 1643 aurum
2519 1597 2673 1645 terra:
2703 1596 3071 1662 commixtum,
3108 1598 3200 1652 sed
3243 1614 3429 1666 purqu
3458 1603 3534 1651 est

1959 1696 2148 1733 aurum
2181 1698 2193 1732 :
2236 1679 2475 1750 Eloquiu,
2504 1682 2691 1750 inquit,
2719 1682 2924 1737 Domini
2951 1696 3107 1753 casta,
3140 1698 3398 1759 argentum
3425 1691 3538 1760 igne

1959 1770 2319 1832 examinatum,
2362 1771 2628 1840 probatum
2671 1782 2816 1826 terra:
2837 1773 3004 1845 (Psal.
3038 1777 3123 1830 11.
3156 1779 3231 1845 7).
3264 1779 3532 1849 Siquidem

1958 1860 2243 1930 Scriptura:
2269 1876 2372 1915 non
2412 1872 2533 1915 sunt
2561 1864 2774 1918 metalla
2804 1880 2922 1933 qua:
2954 1866 3221 1936 indigeant
3249 1872 3529 1937 operariis,

1959 1950 2051 2004 sed
2102 1950 2406 2005 thesaurum
2456 1954 2693 2020 prtebent
2737 1964 2975 2023 paratum
3027 1957 3126 2022 iis,
3175 1959 3262 2026 qui
3294 1972 3537 2028 quaerunt

1958 2055 2085 2108 opes
2130 2041 2179 2094 in
2230 2041 2358 2110 ipsis
2400 2043 2718 2098 reconditas.
2771 2043 2910 2099 Satis
2955 2056 3036 2101 est
3082 2049 3219 2102 enim
3276 2052 3537 2120 introSpe-

1958 2134 2120 2199 xisse,
2168 2144 2224 2187 ut
2253 2134 2398 2187 omni
2438 2134 2631 2203 expleti
2681 2135 2854 2191 fructu
2906 2137 3224 2206 discedatis;
3274 2143 3401 2197 satis
3454 2156 3533 2199 est

1958 2231 2156 2277 tantum
2183 2224 2485 2293 aperuisse,
2527 2235 2580 2279 ttt
2626 2226 2763 2282 illico
2790 2228 2968 2284 videas
2993 2244 3319 2299 gemmarum
3355 2234 3533 2303 Splen-

1955 2314 2156 2370 dorem.
3428 2336 3432 2338 ‘

2028 2408 2292 2479 Scriptura
2338 2411 2467 2463 nihil
2509 2410 2654 2465 habet
2690 2428 3066 2483 supervacuum.
3098 2446 3168 2456 -—
3194 2416 3319 2472 Haec
3355 2426 3528 2473 autem

1953 2499 2082 2554 mihi
2125 2515 2227 2554 non
2262 2509 2462 2556 temere
2501 2502 2641 2557 dicta
2676 2512 2799 2557 sunt
2830 2520 2998 2574 neque
3040 2505 3252 2562 fortuito
3300 2512 3527 2579 produxi

1951 2603 2272 2655 sermonem,
2303 2594 2399 2645 sed
2431 2592 2550 2661 quia
2596 2604 2721 2647 sunt
2757 2594 2998 2648 homines
3035 2598 3246 2665 qttidam
3290 2600 3526 2668 opilicos,

1950 2681 2040 2748 qui
2072 2689 2411 2749 posteaquam
2447 2695 2626 2737 sacros
2656 2684 2845 2739 Libros
2874 2686 2926 2739 in
2971 2703 3157 2742 manus
3184 2692 3524 2758 sumpserint,

1950 2768 2144 2824 deinde
2164 2772 2458 2839 repererint
2480 2773 2559 2827 vel
2582 2789 2839 2828 annorum
2864 2788 3139 2831 numerum
3164 2780 3410 2847 positum,
3444 2783 3525 2835 vel

1951 2861 2224 2914 nominum
2247 2862 2637 2931 rceensionem,
2670 2864 2811 2918 illico
2838 2876 3268 2934 prmtercurrunt,
3298 2880 3349 2923 et
3374 2871 3523 2923 incu-

1950 2949 2189 3005 santibus
2231 2951 2555 3021 respondent
2600 2971 2614 3009 :
2657 2954 2877 3008 Nomina
2925 2965 3122 3011 tantum
3170 2969 3311 3023 sunt,
3353 2976 3526 3028 neque

1948 3039 2230 3109 quidquam
2262 3040 2461 3096 habent
2495 3043 2755 3097 utilitatis.
2786 3044 2918 3111 Quid
2947 3047 3058 3099 ais?
3088 3047 3228 3101 Deus
3272 3049 3521 3117 loquitur,

1948 3138 2002 3183 et
2037 3138 2091 3182 tu
2120 3130 2282 3184 audes
2326 3132 2523 3198 dicere,
2567 3133 2718 3189 Nulla
2750 3145 2830 3189 est
2869 3136 3127 3191 dictorum
3157 3139 3392 3192 utilitas?
3434 3141 3525 3194 Et-

1946 3219 2087 3273 enim
2114 3220 2156 3273 si
2188 3220 2255 3273 ad
2299 3221 2490 3276 nudam
2535 3223 2929 3293 inscriptionem
2980 3230 3250 3296 aspexeris
3295 3237 3518 3293 tantum,

1949 3324 2124 3363 nonne
2150 3318 2201 3363 te
2223 3310 2377 3365 sistes
2404 3326 2523 3366 cum
2566 3314 2762 3379 studio,
2795 3317 3159 3385 repositasque
3202 3319 3519 3373 scrutaberis

1946 3401 2112 3467 Opes?
2143 3399 2249 3454 Sed
2288 3401 2412 3470 quid
2442 3401 2631 3472 loquor
2666 3404 2733 3458 de
2776 3406 3096 3472 temporibus
3126 3415 3179 3460 et
3221 3409 3517 3464 nominibus

1948 3490 2255 3560 titulisque?
2285 3492 2437 3547 Disce
2480 3504 2734 3562 quantum
2765 3495 2934 3548 valeat
2972 3497 3125 3550 unius
3162 3506 3361 3551 tantum
3406 3499 3520 3553 lite-

1946 3581 2075 3634 rulae
2111 3581 2366 3649 adjectio,
2415 3598 2477 3636 ac
2518 3583 2703 3637 desine
2750 3594 2854 3638 tota
2892 3596 3231 3642 contemnere
3280 3589 3512 3643 nomina.

1946 3668 2247 3723 Patriarclta
2295 3680 2474 3726 noster
2511 3672 2777 3727 Abraham
2810 3674 3012 3744 (noster
3044 3678 3183 3731 enim
3230 3680 3401 3747 potius
3438 3692 3521 3734 est

1943 3775 2101 3830 quam
2126 3761 2429 3817 Iudaeorum
2458 3761 2564 3835 hic)
2595 3764 2740 3832 prius
2778 3765 2950 3820 dictus
2991 3778 3069 3821 est
3104 3769 3333 3834 Abram;
3376 3772 3518 3839 quod

1944 3852 2343 3923 interpretatum
2369 3865 2521 3910 sonat
2547 3858 2883 3912 transitorem
2922 3868 3078 3927 :post
3119 3860 3231 3914 haec
3271 3876 3396 3914 vero
3424 3878 3519 3913 no-

1944 3942 2086 3997 mine
2110 3952 2430 4000 commutato
2467 3945 2638 4001 dictus
2686 3946 2969 4009 Abraham,
3019 3957 3167 4016 pater
3209 3948 3375 4003 factus
3404 3966 3488 4003 unt

1944 4035 2084 4087 nium
2111 4036 2343 4104 gentium
2369 4052 2384 4101 ;
2415 4045 2465 4090 et
2506 4038 2716 4092 unicum
2741 4039 3058 4094 elementum
3088 4040 3349 4109 adjectum
3404 4052 3517 4097 tan-

1943 4134 2050 4180 tttm
2099 4126 2449 4195 principatum
2504 4128 2789 4184 vindicavit
2833 4130 2993 4199 justo.
3055 4131 3511 4198 Quemadmodum

1941 4219 2080 4271 enim
2114 4218 2463 4287 Imperatores
2489 4220 2749 4288 praefectis
2774 4222 2883 4276 suis
2911 4236 3098 4276 aureas
3137 4224 3415 4292 porrigunt
3437 4232 3515 4277 ta-

1942 4309 2128 4377 bellas,
2162 4310 2496 4379 magistratus
2524 4311 2729 4382 siguum
2758 4329 2772 4367 :
2820 4311 2897 4367 sic
2924 4322 2975 4367 et
3015 4314 3150 4367 Deus
3182 4312 3327 4381 justo
3356 4312 3429 4366 illi
3459 4314 3512 4369 iu

1938 4396 2159 4455 honoris
2180 4402 2386 4469 signum
2405 4400 2552 4456 dedit
2578 4402 2805 4457 literam.

2010 4490 2065 4543 5.
2084 4490 2278 4544 Verum
2305 4491 2373 4545 de
2401 4491 2699 4545 nominibus
2720 4491 2825 4545 alio
2848 4500 3085 4560 tempore
3108 4492 3365 4548 disseram
3389 4494 3465 4563 (a)
3496 4512 3508 4548 :

1940 4592 2167 4649 quantus
2194 4591 2369 4636 autem
2394 4582 2462 4636 sit
2484 4592 2781 4652 temporum
2807 4584 3005 4637 fructus
3027 4585 3069 4638 si
3097 4595 3509 4669 cognoscantur,

1940 4686 2150 4725 rursum
2182 4681 2436 4739 quantum
2466 4672 2718 4726 damnum
2749 4674 2791 4726 si
2816 4673 3141 4742 ignorentur,
3167 4675 3507 4743 aperiendum

1937 4770 2038 4814 est.
2087 4762 2164 4815 Ac
2203 4762 2427 4830 primum
2454 4762 2663 4831 quidem
2700 4762 2749 4817 id
2775 4778 2804 4817 a
2852 4765 3010 4819 rebus
3050 4766 3389 4819 saecularibus
3416 4766 3509 4818 de-

1939 4852 2263 4905 monstrabo.
2292 4852 2627 4907 Testamenta
2658 4854 2951 4925 tabulaeque
2977 4855 3042 4909 de
3073 4857 3287 4924 nuptiis,
3318 4856 3381 4908 de
3409 4856 3506 4909 de-

1936 4941 2083 5008 bitis,
2114 4942 2285 5013 deque
2305 4944 2525 5014 reliquis
2545 4945 2905 5001 contractibus
2924 4986 2937 5009 ,
2968 4946 3067 4999 nisi
3100 4948 3150 4999 in
3178 4945 3508 5014 frontispicio

1935 5036 2213 5091 consulum
2233 5050 2401 5091 annos
2430 5037 2659 5092 habeant
2684 5037 3038 5105 przescriptos,
3074 5036 3267 5091 nullam
3296 5053 3359 5091 ex
3386 5052 3506 5093 sese

1937 5129 2042 5181 vim
2072 5127 2287 5182 habent.
2323 5129 2434 5183 [loc
2463 5138 2544 5183 est
2570 5130 2710 5183 enim
2738 5129 2875 5197 quod
2902 5129 3005 5182 illis
3031 5130 3191 5184 robur
3211 5130 3376 5197 addit,
3406 5131 3506 5185 hoc

1937 5227 2017 5279 est
2056 5217 2200 5289 quod
2241 5218 2627 5274 controversias
2654 5218 2885 5283 dirimit,
2919 5219 3018 5273 hoc
3053 5220 3193 5288 quod
3219 5222 3503 5291 ajudiciali

1939 5306 2055 5361 foro
2095 5308 2315 5373 liberat,
2370 5307 2469 5361 hoc
2529 5306 2667 5375 quod
2719 5323 2782 5360 ex
2832 5309 3056 5363 inimicis
3110 5310 3233 5365 facit
3280 5312 3503 5365 amicos.

1937 5398 2165 5453 Proinde
2188 5401 2276 5467 qui
2304 5399 2423 5452 talia
2449 5399 2774 5465 describunt,
2796 5416 2898 5453 non
2927 5402 3079 5456 aliter
3106 5418 3260 5472 quam
3290 5404 3503 5457 lucerna

1937 5492 1987 5542 in
2020 5490 2341 5543 candelabro
2382 5488 2503 5557 poni
2545 5489 2708 5555 solet,
2756 5491 2831 5544 sic
2864 5492 2913 5543 in
2965 5492 3290 5562 frontiSpieio
3320 5492 3500 5545 litera-

1936 5587 2051 5634 ru'tn
2082 5581 2281 5634 addunt
2321 5580 2653 5634 consulatum
2673 5622 2685 5643 ,
2717 5591 2773 5635 ttt
2798 5582 3044 5636 omnibus
3066 5598 3181 5652 qua:
3217 5582 3505 5651 subjiciun-

1996 5717 2069 5769 (a)
2109 5716 2191 5762 Hic
2223 5712 2397 5777 indicat
2431 5714 2656 5764 ttomilias
2690 5714 2753 5762 de
2787 5715 3037 5769 Mutatione
3076 5717 3316 5766 nominum
3338 5749 3351 5776 ,
3386 5728 3504 5777 quas

1940 5780 2173 5829 edidimus
2196 5784 2309 5823 tom.
2336 5776 2383 5823 5.
