4064 6214
505 390 610 444 111

519 497 602 546 tur
631 487 931 556 prmluceat.
965 486 1093 552 Quae
1125 486 1170 539 si
1196 482 1470 539 sustuleris
1492 523 1508 547 ,
1537 481 1715 534 lumen
1759 475 2070 540 sustuleris,

518 577 799 646 omniaque
825 576 1055 631 tenebris
1083 575 1348 642 multaque
1375 570 1670 630 turbatione
1705 566 2074 636 compleveris.

519 669 802 736 Propterea
832 683 989 721 omne
1017 668 1124 721 dati
1151 665 1464 733 acceptique
1493 662 1758 732 negotium
1778 701 1793 723 ,
1821 659 1934 714 sive
1957 672 2079 712 eum

520 758 731 820 amicis,
755 757 868 810 sive
891 771 1008 809 cum
1032 755 1277 817 inimicis,
1305 752 1415 806 sive
1433 767 1551 806 cum
1579 748 1808 815 famulis,
1830 749 1940 802 sive
1959 761 2079 801 cum

525 846 952 916 procuratoribus
969 854 1022 900 et
1041 843 1330 900 eaconomis
1343 849 1546 912 agatur,
1565 839 1664 894 hac
1678 846 1799 909 eget
1815 837 2080 900 cautione,

531 945 585 989 et
638 935 831 1004 ubique
887 947 1131 998 menses,
1177 945 1344 986 annos
1401 943 1464 986 ac
1506 929 1620 984 dies
1681 926 2080 982 subscribimus.

525 1023 673 1089 Quod
701 1024 746 1079 si
791 1032 990 1076 tantum
1021 1022 1156 1076 valet
1196 1037 1257 1076 ea
1281 1034 1368 1075 res
1395 1020 1448 1073 in
1470 1017 1692 1088 negotiis
1719 1015 2081 1080 saecularibus,

534 1116 589 1169 in
642 1113 1002 1182 spiritualibus
1071 1112 1239 1166 multo
1297 1108 1525 1178 amplius
1568 1106 1844 1177 profucrit.
1910 1103 2084 1173 Siqui-

533 1206 654 1260 dem
694 1203 793 1258 hoc
828 1203 1060 1256 declarat
1101 1201 1400 1271 prophetias
1437 1214 1555 1254 esse
1611 1196 1934 1267 prophetias.
1980 1194 2082 1252 Ne-

530 1314 635 1368 que
658 1295 797 1349 enim
849 1292 990 1348 aliud
1019 1291 1299 1362 quidquam
1329 1300 1412 1344 est
1464 1289 1736 1359 prephetia
1762 1327 1776 1350 ,
1803 1301 1960 1356 quam
2003 1300 2084 1340 re-

530 1403 649 1440 rum
665 1385 956 1440 futurarum
979 1383 1264 1437 enarratio.
1295 1381 1522 1436 Proinde
1542 1379 1630 1448 qui
1653 1377 1822 1433 nescit
1848 1385 2084 1446 tempora

528 1491 708 1531 eorum
737 1490 852 1543 quae
875 1474 1013 1529 dicta
1039 1480 1192 1536 sunt,
1215 1487 1398 1542 quaeve
1433 1478 1722 1527 evenerunt
1745 1509 1760 1531 ,
1781 1468 1870 1538 qui
1896 1467 2088 1538 poterit

527 1565 727 1620 homini
755 1564 1090 1618 contentiosa
1115 1562 1480 1616 demonstrare
1526 1559 1818 1630 praphetiaa
1853 1557 2084 1627 dignita-

528 1656 673 1711 tem?
721 1655 855 1710 Hinc
897 1654 1046 1708 nobis
1089 1661 1142 1708 et
1182 1651 1435 1707 adversus
1476 1660 1661 1720 gentes
1706 1649 1995 1705 certamina
2033 1656 2088 1702 et

528 1745 786 1810 victorias,
808 1760 925 1799 cum
949 1752 1128 1797 nostra
1147 1741 1575 1797 demonstramus
1597 1739 1911 1806 antiquiora.
1929 1752 2085 1806 quam

527 1851 646 1906 qua:
685 1833 824 1904 apud
867 1833 986 1886 illos
1023 1831 1328 1887 habentur:
1355 1830 1475 1886 hinc
1504 1829 1654 1883 nobis
1699 1827 1951 1884 adversus
1990 1826 2086 1881 Ju-

529 1926 676 1980 dmos
735 1923 1210 1980 demonstrationes
1254 1921 1321 1974 ad
1384 1920 1728 1974 evincendam
1782 1918 2086 1982 veritatem;

531 2016 783 2071 adversus
802 2014 1010 2068 Judaaos
1035 2053 1050 2078 ,
1083 2013 1292 2081 inquam
1321 2053 1336 2076 ,
1361 2009 1604 2065 infelices
1627 2025 1690 2064 ac
1715 2009 1939 2064 miseros
1957 2049 1973 2074 ,
2000 2008 2088 2075 qui

534 2105 606 2158 ob
646 2113 938 2172 temporum
979 2102 1325 2170 ignorantiam
1366 2101 1418 2154 in
1447 2100 1812 2169 gravissimum
1856 2113 2092 2153 errorem

533 2196 664 2263 lapsi
690 2203 831 2248 sunt.
860 2192 990 2247 Nam
1017 2193 1064 2246 si
1106 2191 1376 2245 audissent
1417 2190 1766 2260 patriarcham
1791 2189 2055 2248 dicentem
2073 2229 2089 2256 ,

539 2284 659 2338 Non
685 2284 875 2350 deﬁciet
897 2283 1129 2352 princeps
1157 2298 1220 2336 ea:
1239 2282 1272 2334 Ι
1279 2282 1407 2348 uda,
1439 2298 1594 2349 neque
1618 2282 1722 2335 dua:
1744 2283 1807 2335 de
1829 2281 2095 2351 femoribus

534 2379 643 2445 ejus
665 2417 680 2441 ,
722 2376 878 2431 donec
904 2375 1086 2439 veniat,
1115 2375 1195 2427 cui
1222 2374 1492 2444 repositum
1534 2383 1606 2426 est
1636 2372 1654 2435 (
1679 2372 1804 2426 Gen.
1847 2373 1935 2427 49.
1965 2372 2090 2443 l0),

535 2467 686 2535 sique
705 2465 985 2534 diligenter
1009 2466 1379 2518 observasscnt
1406 2464 1662 2517 adventus
1688 2464 1934 2518 dominici
1959 2471 2094 2518 tem-

535 2571 697 2625 pora,
730 2569 1057 2624 nequaquam
1085 2553 1410 2608 excidissent
1434 2569 1463 2607 a
1493 2552 1706 2608 Christo
1749 2553 1800 2606 in
1830 2553 2094 2607 Antichri-

537 2657 646 2700 tum
674 2645 871 2712 delapsi
905 2663 918 2697 ε
949 2644 1393 2714 quemadmodum
1420 2652 1472 2698 et
1499 2644 1610 2714 ipse
1633 2643 1874 2698 Christus
1893 2643 1944 2698 id
1972 2644 2097 2698 sub-

535 2734 774 2789 indicans
803 2735 880 2787 eis
907 2733 1148 2801 praedixit
1175 2748 1187 2783 :
1213 2730 1321 2801 Ego
1349 2733 1459 2788 veni
1485 2732 1538 2784 in
1561 2732 1757 2787 nomine
1783 2730 1956 2785 Patris
1977 2734 2093 2797 olei,

534 2836 581 2880 et
606 2841 706 2879 non
753 2823 1004 2891 recepistis
1034 2839 1111 2876 me
1139 2837 1157 2874 :
1182 2823 1226 2875 si
1266 2823 1448 2875 venerit
1491 2822 1620 2874 alius
1664 2823 1715 2874 in
1751 2822 1948 2875 nomine
1972 2838 2094 2887 suo,

534 2915 676 2967 illum
700 2911 1166 2982 recipietionan.
1209 2910 1413 2983 5.43).
1464 2911 1646 2964 Vidisti
1677 2921 1903 2979 quantus
1946 2926 2100 2965 error

538 3002 781 3057 inciderit
803 3017 865 3056 ex
893 3002 1099 3056 inscitia
1140 3001 1472 3069 temporum?
1515 2999 1737 3054 Tantam
1770 3000 1925 3069 igitur
1955 3001 2096 3053 utili-

538 3104 700 3148 tatem
729 3108 798 3148 ne
825 3092 1074 3162 negligas.
1103 3090 1554 3159 Quemadmodum
1581 3090 1720 3144 enim
1749 3091 1800 3143 in
1826 3090 1966 3159 agris
1989 3099 2096 3143 ter-

535 3184 664 3240 mini
706 3184 1066 3252 columnmque
1125 3198 1230 3238 non
1287 3183 1466 3236 sinunt
1507 3197 1631 3235 arva
1690 3180 1969 3247 confundi,
2019 3181 2098 3236 sic

539 3283 776 3342 tempora
803 3287 908 3326 non
952 3273 1132 3326 sinunt
1169 3269 1418 3326 confundi
1463 3285 1549 3326 res
1587 3280 1762 3338 gestas
1787 3309 1801 3333 ,
1827 3269 1923 3323 sed
1973 3269 2098 3324 dum

543 3364 797 3418 dirimunt
829 3361 960 3416 alias
986 3362 1053 3415 ab
1093 3362 1245 3426 aliis,
1268 3370 1322 3415 et
1349 3361 1403 3414 in
1445 3361 1684 3414 ordinem
1721 3369 2099 3429 congruentem

539 3451 807 3520 digerunt,
839 3451 1000 3504 multa
1031 3465 1126 3503 nos
1157 3451 1377 3506 liberant
1401 3449 1717 3504 turbatione.
1759 3449 1947 3517 Opera:
1975 3464 2100 3516 pre-

541 3543 670 3598 tium
702 3542 858 3611 igitur
879 3549 962 3597 est
986 3555 1252 3609 exponere
1284 3540 1431 3594 vobis
1477 3540 1595 3608 quis
1634 3537 1791 3593 fuerit
1817 3538 1902 3592 hic
1925 3536 2098 3602 Ozias,

539 3647 644 3701 quo
672 3643 912 3702 tempore
957 3633 1208 3701 regnarit,
1248 3631 1436 3700 quibus
1475 3630 1767 3698 imperarit,
1807 3638 1862 3683 et
1907 3638 2102 3698 quanto

541 3732 778 3790 tempore
802 3721 1004 3774 durarit
1024 3721 1164 3774 illius
1184 3720 1527 3788 principatus,
1553 3729 1819 3787 pOStremo
1839 3719 2104 3788 quomodo

542 3810 705 3865 vitam
737 3807 947 3866 finierit.
977 3809 1087 3863 lmo
1112 3809 1284 3878 potius
1318 3807 1426 3876 jam
1452 3807 1712 3862 silendum
1741 3817 1842 3871 est,
1871 3822 1934 3859 eo
1962 3807 2102 3876 quod

541 3915 762 3959 necesse
806 3900 874 3954 sit
919 3901 969 3952 in
1002 3900 1316 3955 immensum
1365 3898 1701 3952 historiarum
1743 3897 1958 3969 pelagus
1981 3912 2104 3951 ora-

542 3995 738 4049 tionem
767 3992 1071 4047 extendere.
1104 3992 1200 4057 Qui
1226 4007 1352 4046 vero
1379 4007 1471 4059 per
1493 3989 1793 4060 hujusmodi
1819 4004 1964 4042 mare
1983 3996 2108 4042 sunt

543 4087 647 4142 iter
673 4085 860 4142 facturi
886 4125 901 4146 ,
934 4099 1153 4141 necesse
1182 4093 1264 4139 cst
1303 4099 1407 4139 non
1455 4081 1686 4151 fatigatis
1707 4122 1722 4146 ,
1745 4080 1840 4136 sed
1885 4081 2104 4150 integris

541 4177 830 4246 remigibus
850 4174 991 4229 viam
1016 4181 1313 4244 capessant.
1339 4173 1468 4227 Nam
1496 4173 1634 4226 hanc
1653 4173 1722 4230 ob
1745 4186 1957 4226 causam
1987 4186 2106 4240 pas-

543 4266 644 4320 sim
676 4280 769 4334 pcr
795 4279 941 4318 mare
992 4271 1173 4332 portus
1218 4261 1509 4330 insulaeque
1557 4261 1741 4330 posita:
1787 4270 1943 4327 sunt,
1972 4269 2030 4314 ut
2054 4269 2108 4318 et

542 4353 863 4425 gubernator
906 4361 960 4407 et
984 4362 1140 4408 nauta
1168 4351 1528 4406 refocillentnr
1550 4391 1565 4415 ,
1597 4352 1683 4405 hic
1725 4351 1934 4418 quidem
1960 4364 2108 4404 remo

545 4445 789 4512 deposito
811 4483 826 4508 ,
852 4443 943 4497 ille
973 4458 1099 4496 vero
1126 4457 1419 4510 exsurgens
1445 4457 1474 4494 a
1518 4442 1692 4496 clavo.
1723 4441 1816 4495 llis
1841 4441 1906 4495 de
1933 4441 2108 4495 causis

546 4541 600 4587 ct
619 4533 908 4587 diversoria
934 4547 1292 4600 caupomnquc
1319 4531 1512 4600 ubique
1541 4547 1634 4600 per
1662 4533 1771 4587 vias
1801 4533 2110 4601 excogitatae

545 4631 698 4687 sunt,
731 4631 789 4676 ut
812 4621 1044 4690 jumenta
1088 4621 1242 4673 simul
1267 4636 1385 4672 cum
1427 4620 1714 4678 viatoribus
1749 4637 1779 4675 a
1807 4623 1985 4676 labore
2017 4637 2105 4676 re—

549 4720 815 4771 creentur.
843 4710 1023 4778 quue
1047 4718 1102 4762 et
1140 4709 1392 4762 doctrinm
1419 4711 1647 4764 sermoni
1682 4712 1872 4764 silentii
1905 4722 2110 4780 tempus

548 4802 865 4872 prmfinitum
893 4808 973 4852 est
993 4840 1007 4863 ,
1037 4811 1093 4854 ut
1117 4816 1285 4868 neque
1314 4813 1410 4852 nos
1438 4800 1578 4867 ipsos
1605 4801 1964 4855 deterreamus
1989 4816 2110 4854 ver-

550 4895 737 4950 borum
785 4891 1152 4956 multitudine,
1202 4905 1371 4958 neque
1417 4905 1514 4942 vos
1551 4890 1898 4945 delassemus.
1941 4893 2112 4959 Atque

551 4984 666 5038 hate
705 4992 940 5051 tempora
969 4982 1113 5036 novit
1137 4981 1386 5034 Salomon
1410 4979 1612 5046 dicens,
1648 4979 1859 5049 Tempus
1881 4981 2111 5044 tacendi,

551 5086 597 5130 et
648 5084 839 5144 tempus
881 5072 1111 5141 loquendi
1147 5071 1164 5140 (
1197 5071 1362 5125 Eccle.
1409 5071 1462 5124 5.
1492 5069 1587 5141 7).
1636 5070 1716 5125 Sit
1761 5072 1916 5141 igitur
1963 5074 2114 5127 nobis

552 5173 762 5232 tempus
793 5162 996 5216 tacendi
1023 5201 1036 5224 ,
1083 5177 1185 5230 quo
1210 5161 1361 5215 detur
1384 5170 1435 5214 et
1464 5161 1773 5228 prmceptori
1799 5171 2004 5231 tempus
2031 5163 2112 5216 lo—

550 5252 744 5322 quendi
777 5249 871 5320 (α).
897 5249 1025 5304 Nam
1056 5265 1172 5318 qua:
1195 5266 1289 5302 nos
1318 5250 1606 5310 alTerimus,
1633 5250 1822 5304 similia
1849 5260 1970 5305 sunt
1991 5252 2114 5306 vino

551 5342 692 5410 quod
739 5355 924 5395 recens
961 5340 1059 5394 sub
1105 5339 1350 5393 torculari
1396 5339 1641 5392 haustum
1688 5348 1803 5394 est:
1833 5357 1950 5408 quae
1987 5357 2115 5395 vero

554 5435 800 5488 dicuntur
823 5431 891 5486 ab
914 5432 1022 5497 illo,
1050 5431 1241 5485 similia
1269 5440 1391 5486 sunt
1413 5431 1554 5496 vino,
1578 5432 1720 5502 quod
1746 5433 1991 5502 quoniam
2020 5448 2112 5487 ve-

555 5535 799 5585 tustatem
827 5525 1136 5593 seniumque
1156 5522 1402 5593 collegit,
1430 5524 1648 5578 multam
1674 5522 1849 5580 adfert
1876 5533 1981 5579 tum
2009 5525 2113 5577 uti-

617 5677 689 5739 (a)
708 5675 947 5738 Chrysost.
973 5676 1092 5726 dixit
1117 5681 1358 5737 praesente
1385 5676 1624 5738 episwpo.

1247 368 1306 425 S.
1344 367 1620 424 JOANNIS
1641 362 2114 423 CHRYSOS’I‘OMI
2153 361 2464 421 ARCHIEP.
2505 365 3030 423 CONSTANTINOP.

3639 385 3748 440 112

2188 477 2410 546 litatem,
2440 487 2550 534 tum
2575 481 2678 534 vim
2710 482 2770 536 iis
2787 482 2871 550 qui
2903 496 3035 550 opus
3057 480 3254 537 habent
3281 500 3294 534 :
3327 481 3582 550 nobisque
3609 484 3742 536 acci-

2185 571 2261 624 dit
2303 570 2460 626 hodie
2498 571 2627 628 illud
2671 573 2963 642 evangelii,
3021 581 3139 641 post
3185 574 3417 628 deterius
3463 575 3639 628 vinum
3693 574 3742 628 id

2185 662 2324 730 quod
2352 664 2542 718 melius
2562 672 2643 718 est
2668 663 2892 718 infertur
2945 663 3129 734 (Joan.
3153 664 3206 720 2.
3251 665 3316 720 l0
3340 665 3378 734 ).
3402 667 3465 720 Et
3489 667 3742 735 quemad-

2185 753 2400 808 modum
2434 753 2561 808 illud
2608 755 2786 808 vinum
2833 769 2936 808 non
2986 755 3106 808 vitis
3142 765 3430 823 genuerat,
3460 756 3550 810 sed
3575 758 3743 811 virtus

2185 842 2312 898 Jesu
2334 841 2529 896 Christi
2557 843 2792 897 fecerat:
2819 843 2890 897 ita
2922 851 2977 899 et
3008 844 3164 912 hujus
3194 859 3490 898 sermonem
3511 859 3614 899 non
3643 845 3742 900 hu-

2186 950 2340 989 mana
2365 933 2636 1002 profundit
2671 936 2916 1003 cogitatio
2935 977 2950 1001 ,
2994 935 3085 990 sed
3113 936 3337 1005 Spiritus
3363 939 3526 992 sancti
3554 939 3738 1007 gratia.

2185 1026 2447 1094 Quoniam
2467 1027 2625 1096 igitur
2663 1027 2818 1096 hujus
2840 1028 3054 1096 liquoris
3091 1027 3282 1082 fluenta
3311 1031 3522 1098 copiosa
3544 1039 3664 1085 sunt
3691 1039 3745 1084 et

2187 1117 2477 1186 spiritualia
2495 1156 2510 1180 ,
2543 1117 2776 1172 studiose
2799 1118 3119 1186 excipiamus
3144 1159 3159 1181 ,
3190 1127 3341 1171 caute
3365 1133 3660 1181 servemus,
3690 1128 3746 1173 ut

2187 1207 2398 1262 assidue
2425 1208 2623 1277 irrigati
2656 1207 3020 1276 tempestivum
3040 1206 3336 1260 adferamus
3356 1208 3578 1261 fructum
3616 1209 3743 1271 Deo,

2187 1299 2276 1367 qui
2324 1299 2438 1352 haec
2479 1299 2695 1367 largitus
2720 1303 2804 1353 cst
2851 1315 2867 1353 :
2907 1312 3067 1365 quem
3107 1297 3258 1352 decet
3299 1298 3470 1352 omnis
3506 1297 3670 1366 gloria
3693 1305 3746 1352 et

2191 1388 2362 1443 honor
2381 1403 2498 1442 cum
2531 1389 2799 1458 nnigenito
2826 1388 2940 1457 ejus
2970 1387 3104 1440 Filio
3146 1387 3584 1456 sanctissimeque
3623 1387 3744 1455 Spi-

2191 1479 2312 1544 ritu,
2346 1495 2486 1536 nnnc
2509 1490 2563 1534 et
2585 1494 2812 1550 semper,
2835 1488 2887 1534 et
2912 1479 2962 1532 in
2988 1477 3180 1534 saecla
3200 1478 3531 1534 saeculorum.
3559 1480 3742 1534 Amen.

2191 1619 2246 1674 ln
2276 1618 2565 1674 secundum
2587 1618 2774 1674 librum
2803 1619 3234 1688 Paralipomenon
3264 1618 3340 1688 (α)
3360 1661 3375 1684 ,
3405 1619 3491 1672 ubi
3518 1619 3708 1673 dicitur
3727 1661 3744 1685 ,

2262 1708 2468 1762 Elatum
2501 1719 2572 1763 est
2601 1725 2686 1762 cor
2717 1709 2894 1771 Osiw,‘
2922 1709 3089 1778 deque
3119 1708 3439 1772 humilitate;
3471 1718 3578 1762 tum
3607 1708 3746 1776 quod

2263 1798 2529 1852 hominem
2551 1799 2744 1853 virtute
2763 1798 3036 1868 praeditum
3060 1813 3162 1852 non
3187 1804 3426 1867 oporteat
3447 1811 3566 1852 esse
3585 1797 3748 1852 conli-

2263 1888 2513 1956 dentem;
2564 1888 2789 1959 denique
2824 1895 3074 1957 quantum
3113 1889 3305 1942 malum
3346 1889 3412 1942 sit
3455 1889 3747 1959 arrogantia

2263 1980 2350 2052 (2.
2373 1980 2551 2036 Paral.
2581 1979 2670 2035 26.
2697 1979 2796 2045 l6;
2823 1988 2869 2034 et
2894 1979 2947 2034 4.
2977 1979 3101 2050 Reg.
3134 1980 3250 2050 15).

2775 2131 3048 2188 llOMILIA
3087 2132 3175 2188 ΙΙΙ.

2270 2263 2317 2314 l.
2346 2262 2657 2321 Benedictus
2685 2263 2844 2328 Deus,
2871 2272 2924 2317 et
2949 2273 3126 2320 nostra
3151 2278 3359 2332 quoque
3386 2271 3514 2317 aetas
3539 2277 3749 2332 proger-

2196 2353 2359 2406 miuat
2389 2361 2664 2420 martyres,
2687 2363 2742 2406 et
2765 2353 2914 2407 nobis
2942 2353 3041 2407 hoc
3069 2353 3282 2409 honoris
3302 2354 3519 2408 contulit
3553 2355 3641 2409 Dei
3665 2354 3747 2408 di-

2197 2442 2396 2508 gnatio,
2425 2450 2480 2493 ut
2501 2443 2923 2508 conspiceremus
2946 2441 3187 2495 homines
3208 2442 3371 2496 occidi
3402 2457 3497 2509 pro
3519 2439 3744 2506 Christo,

2196 2529 2440 2584 homines
2466 2529 2556 2597 qui
2581 2545 2730 2584 sacro
2759 2530 3009 2599 sanguine
3034 2531 3302 2594 distillant,
3329 2531 3612 2588 Ecclesiam
3634 2531 3748 2584 uni-

2198 2632 2404 2673 versam
2429 2619 2676 2687 irrigante
2704 2637 2716 2672 :
2744 2621 3016 2688 sanguine,
3037 2620 3265 2688 inquam,
3296 2621 3621 2684 distillantcs,
3642 2621 3748 2674 dre-

2197 2710 2442 2762 monibus
2469 2709 2677 2778 quidem
2710 2710 2964 2776 terrifico,
3009 2713 3206 2778 angelis
3233 2727 3356 2764 vero
3385 2711 3707 2766 desiderabili
3731 2751 3745 2773 ,

2201 2797 2351 2852 nobis
2382 2812 2537 2865 porro
2561 2797 2796 2850 salutari.
2827 2797 3028 2866 Largita
3051 2808 3130 2851 est
3158 2799 3306 2852 nobis
3336 2800 3434 2852 hoc
3461 2798 3552 2852 Dei
3573 2799 3751 2866 digna-

2202 2885 2307 2948 tio,
2347 2895 2403 2938 ut
2432 2897 2790 2955 spcetaremns
2822 2884 3057 2938 homines
3096 2901 3189 2953 pro
3217 2887 3405 2954 pietate
3443 2887 3749 2955 belligeran-

2202 2984 2300 3041 tes,
2335 2978 2620 3041 vincentes,
2644 2985 2942 3030 eoronatos.
2968 2976 3144 3042 Neque
3169 2992 3294 3028 vero
3313 2977 3480 3028 solum
3503 2975 3753 3042 contingit

2201 3065 2317 3120 hzec
2344 3075 2616 3133 spectare,
2658 3065 2997 3120 verumetiam
3029 3067 3136 3132 ipsa
3180 3065 3490 3118 athletarum
3533 3078 3754 3132 corpora

2201 3156 2439 3224 accipere
2463 3169 2475 3208 :
2505 3172 2567 3211 ac
2588 3157 2813 3212 victores
2831 3155 2952 3211 illos
2970 3166 3022 3208 et
3044 3170 3237 3207 corona
3257 3155 3483 3223 insignes
3505 3154 3637 3222 apud
3660 3168 3757 3208 nos

2204 3245 2477 3300 habemus.
2507 3246 2610 3301 Sed
2642 3247 2692 3300 in
2723 3243 3090 3316 prmsentiaide
3119 3244 3434 3314 martyribus
3463 3258 3754 3297 sermonem

2203 3350 2536 3390 reservemus
2565 3347 2850 3406 martyrum
2894 3335 3206 3396 mmulatori,
3267 3334 3529 3386 communi
3574 3332 3754 3385 docto-

2203 3426 2246 3479 ri
2272 3426 2343 3495 (b)
2376 3444 2388 3480 :
2413 3425 2510 3494 ipsi
2537 3442 2659 3480 vero
2680 3441 2819 3480 nunc
2845 3427 2911 3480 de
2939 3428 3061 3480 Ozia
3089 3428 3429 3485 disseremus,
3451 3423 3760 3490 jampridem

2205 3519 2438 3574 debitum
2465 3534 2538 3572 ass
2562 3520 2790 3572 alienum
2821 3517 3235 3582 dinumerantes,
3267 3516 3643 3581 diuturnosque
3663 3528 3756 3564 an.

2204 3607 2380 3661 diendi
2407 3608 2559 3662 nixus
2580 3608 2860 3662 solventes.
2883 3606 3011 3660 Nam
3041 3607 3276 3674 parturit,
3303 3616 3381 3658 sat
3411 3603 3521 3659 scio
3543 3642 3556 3664 ,
3602 3615 3757 3654 unus-

2204 3698 2423 3766 quisque
2470 3707 2699 3750 vestrum
2723 3738 2737 3761 ,
2783 3697 2998 3764 cupiens
3037 3698 3176 3748 illam
3216 3695 3394 3748 audire
3443 3691 3709 3747 historiam
3745 3707 3760 3740 :

2207 3787 2446 3857 hancque
2473 3787 2867 3856 parturitionem
2894 3802 2990 3841 nos
3020 3786 3224 3842 interim
3250 3785 3626 3854 protraximus,
3655 3794 3761 3835 non

2207 3879 2347 3947 quod
2368 3894 2678 3948 cuperemus
2699 3879 2846 3932 vobis
2873 3877 3143 3932 intendere
3166 3877 3476 3938 cruciatum,
3510 3874 3602 3928 sed
3625 3871 3763 3941 quod

2210 3970 2541 4024 studeremus
2566 3980 2795 4023 vestrum
2823 3967 3109 4022 accendere
3136 3965 3453 4020 desiderium
3476 4005 3488 4029 ,
3537 3973 3591 4017 ut
3616 3961 3764 4016 vobis

2209 4075 2236 4113 a
2270 4077 2353 4115 me
2377 4061 2617 4114 convivio
2646 4060 2872 4126 acceptis
2898 4075 3043 4112 meus
3071 4068 3351 4126 apparatus
3375 4073 3529 4126 quam
3557 4054 3763 4110 suavis-

2211 4152 2376 4204 simus
2425 4150 2709 4203 videretur.
2758 4147 2887 4202 Nam
2930 4149 3187 4217 opulentis
3224 4147 3679 4207 convivatorihus,
3720 4145 3769 4200 si

2211 4243 2456 4294 convivas
2489 4241 2786 4309 acceperint
2828 4248 3035 4293 saturos
3058 4279 3072 4301 ,
3117 4239 3233 4292 licet
3260 4247 3538 4306 apparatus
3569 4235 3767 4288 lautitia

2212 4334 2418 4387 illorum
2471 4335 2818 4400 appetentiam
2862 4331 3087 4383 excitare
3127 4346 3139 4381 :
3189 4337 3435 4382 czrterum
3486 4339 3767 4395 pauperum

2215 4438 2447 4476 mensam
2477 4438 2579 4475 non
2607 4423 2702 4475 alia
2735 4438 2818 4474 res
2847 4436 2993 4488 usque
3020 4421 3210 4472 lautam
3238 4419 3478 4483 exhibet,
3509 4433 3664 4486 quam
3699 4417 3768 4480 si,

2214 4513 2300 4582 qui
2332 4513 2394 4565 ad
2429 4512 2569 4564 illam
2598 4511 2883 4564 accubituri
2912 4519 3053 4570 sunt,
3085 4509 3334 4562 esuriant.
3364 4509 3491 4574 Quis
3513 4509 3664 4576 igitur
3689 4515 3772 4560 est

2215 4604 2386 4667 Ozias,
2419 4602 2610 4671 quibus
2638 4613 2782 4654 ortus
2825 4599 3107 4666 majoribus
3130 4639 3142 4662 ,
3187 4613 3405 4666 quorum
3435 4613 3545 4661 rex,
3576 4603 3774 4665 quanto

2217 4703 2452 4761 tempore
2480 4692 2731 4760 regnavit,
2765 4701 2815 4744 et
2840 4691 2960 4756 quid
2992 4704 3110 4742 cum
3140 4688 3296 4742 laude
3321 4689 3501 4757 gessit,
3529 4686 3652 4755 quid
3682 4701 3770 4740 se-

2217 4799 2329 4847 cus,
2359 4792 2624 4852 postremo
2650 4797 2753 4848 quo
2782 4791 2933 4850 pacto
2955 4781 3112 4832 vitam
3152 4779 3412 4832 absolvit?
3446 4779 3521 4831 De
3543 4779 3624 4831 his
3651 4791 3769 4830 om-

2217 4873 2371 4925 nibus
2396 4871 2447 4924 in
2479 4871 2751 4938 praesentia
2777 4869 2910 4935 apud
2952 4884 3042 4920 vos
3081 4869 3398 4920 disseremus
3422 4909 3434 4929 ,
3469 4869 3572 4920 imo
3601 4866 3772 4934 potius

2217 4969 2466 5031 quantum
2497 4960 2671 5012 dicere
2696 4960 2898 5021 licebit,
2949 4959 3024 5010 sic
3053 4969 3108 5010 ut
3136 4959 3468 5012 multitudine
3507 4973 3609 5010 non
3646 4969 3772 5008 con-

2219 5055 2496 5110 fundamus
2538 5063 2762 5106 vestram
2807 5053 3110 5104 memoriam
3143 5069 3155 5103 :
3187 5051 3236 5104 id
3273 5051 3409 5118 quod
3453 5051 3501 5102 in
3547 5047 3774 5100 lucernis

2219 5146 2456 5199 accensis
2497 5141 2733 5196 accidere
2753 5142 2904 5193 solet.
2969 5139 3096 5192 Nam
3125 5140 3166 5191 si
3220 5138 3467 5207 paulatim
3509 5135 3773 5205 ellyclmio

2220 5233 2493 5289 instillaris
2517 5233 2712 5295 oleum,
2740 5230 2865 5284 satis
2894 5229 3153 5281 alimonim
3174 5228 3382 5283 dederis
3413 5227 3515 5295 igni
3541 5243 3554 5279 :
3588 5225 3669 5278 sin
3698 5225 3771 5277 si-

2221 5327 2326 5380 mul
2373 5334 2536 5379 totum
2582 5322 2833 5375 infuderis
2878 5321 3084 5377 oleum.
3127 5321 3282 5372 etiam
3313 5321 3573 5370 llatnmam
3601 5357 3615 5380 ,
3660 5331 3776 5382 quae

2292 5451 2361 5512 (α)
2387 5452 2567 5499 Omnes
2589 5450 2742 5512 ferme
2767 5449 2874 5495 Mss.
2898 5449 3263 5512 habellleiyr‘hv
3287 5449 3473 5512 πρώτῃν
3495 5450 3588 5512 τῷν
3615 5451 3778 5512 nepa-

2229 5505 2541 5570 λειᾶτὸμένωνς
2577 5511 2662 5557 sed
2689 5507 2763 5554 hic
2790 5515 2862 5555 est
2905 5510 3028 5556 haud
3061 5510 3207 5556 dubie
3244 5505 3485 5555 secundus
3525 5505 3776 5570 Paralipo-

2230 5568 2405 5641 menon
2427 5570 2570 5626 liber,
2595 5583 2685 5615 nec
2714 5572 2868 5629 potuit
2889 5584 3094 5630 unquam
3119 5571 3243 5617 Ozize
3265 5571 3459 5616 historia
3483 5568 3538 5615 ad
3565 5569 3777 5628 primum

2230 5638 2498 5677 nerttnere.

2229 5643 2498 5696 pertinere.

2295 5693 2362 5756 ib)
2390 5692 2679 5752 Episcopum
2718 5690 2999 5738 Flavianum
3021 5704 3321 5738 communem
3348 5697 3481 5739 vocat
3503 5690 3751 5738 doctorem
