4064 6214
317 388 430 444 111

315 486 648 557 προτυποῦσι
673 486 769 555 τήν
792 485 1070 546 ὐπατείαν,
1092 487 1179 539 ἴνα
1206 488 1336 539 πᾶσι
1367 487 1477 545 τοῖς
1501 483 1649 535 κάτω
1681 480 1863 551 φαίνῃ.

315 569 435 621 Κᾶν
460 568 629 619 ταῦτα
655 569 861 639 ἀνέλῃς,
903 569 1108 630 ἀνεῖλες
1143 568 1203 619 τὸ
1236 567 1370 635 φῶς,
1410 568 1501 619 καὶ
1536 567 1707 617 πάντα
1742 564 1866 614 σκό-

313 665 439 709 τους
472 649 565 701 καὶ
588 649 783 717 πολλῆς
804 649 1102 718 ἐνέπλησας
1128 652 1387 718 ταραχῆς.
1414 648 1509 698 Διά
1543 647 1693 697 τοῦτο
1720 646 1865 696 πᾶσα.

313 728 457 790 δόσις
479 732 572 782 καὶ⁵
609 730 785 798 λῆψις,
821 731 922 782 κᾶν
944 733 1080 801 πρὸς
1106 732 1309 798 φίλους,
1342 730 1441 782 κᾶν
1464 728 1597 798 πρὸς
1622 727 1865 795 ἐχθροὺς,

315 810 417 860 κᾶν
444 809 578 879 πρὸς
609 811 839 872 οἰκέτας,
870 811 969 863 κᾶν
1004 813 1138 880 πρὸς
1169 811 1492 878 ἐπιτρόπους
1530 812 1622 861 καὶ
1666 808 1869 861 οἰκονό-

320 909 450 959 μους
494 892 764 962 γίγνηται,
808 892 1007 961 ταύτης
1036 895 1205 945 δεῖται
1255 893 1354 961 τῆς
1403 892 1727 958 ἀσφαλείας,
1777 890 1869 941 καὶ

316 974 589 1041 πανταχοῦ
618 976 711 1026 καὶ⁵
742 974 913 1042 μῆνας
940 975 1031 1027 καὶ
1070 974 1345 1034 ἐνιαυτοὺς
1382 973 1475 1025 καὶ
1524 974 1732 1041 ⁴ἡμέρας
1774 972 1870 1023 κά-

314 1052 484 1104 τωθεν
515 1056 967 1123 παραγράφομεν.
1000 1055 1061 1106 El
1086 1050 1177 1106 οὖν
1221 1054 1313 1105 ἐπὶ
1352 1052 1458 1105 τῶν
1490 1053 1752 1121 βιωτικῶν
1784 1069 1870 1103 το-

317 1134 486 1203 σαύτη
514 1136 607 1188 τοῦ
640 1136 955 1203 πράγματος
986 1136 1018 1204 ή
1052 1136 1221 1203 ίσχύς,
1245 1136 1460 1186 ἐπὶτῶν
1489 1133 1869 1202 πνευματικῶν

312 1215 492 1285 πολλῷ
517 1216 713 1283 μείζων
742 1216 831 1266 καί¹
860 1216 1259 1285 χρησιμωτέρα.
1283 1218 1390 1278 Td;
1412 1215 1517 1285 γάρ
1540 1215 1867 1285 προφητείας

308 1297 471 1352 τοῦτο
496 1298 731 1350 δείκνυσι
774 1298 1128 1367 προφητείας.
1160 1300 1292 1350 Οὐδὲ
1332 1302 1436 1366 γὰρ
1480 1298 1607 1349 ἄλλο
1643 1298 1692 1348 τί
1740 1297 1869 1349 ποτέ

311 1380 429 1432 ἐστι
466 1380 787 1448 προφητεία,
828 1378 937 1430 ἀλλ’
974 1374 1006 1442 ἢ
1041 1379 1149 1431 τῶν
1191 1378 1488 1447 μελλόντων
1531 1378 1867 1448 πραγμάτων

310 1460 781 1529 προαναφώνησις.
820 1460 875 1512 '0
903 1459 1082 1511 τοίνυν
1112 1461 1238 1521 τοὺς
1276 1460 1497 1528 καιροὺς
1530 1460 1735 1525 ἀγνοῶν
1758 1457 1867 1509 τῶν

310 1542 619 1611 εἰρημένων
649 1540 1039 1611 πραγμάτωνῆ
1087 1540 1192 1591 τῶν
1236 1540 1529 1605 ἐκϐάντων,
1567 1540 1681 1603 πῶς
1707 1540 1865 1610 δυνή-

316 1640 466 1675 σεται
518 1622 682 1684 δεῖξαι
726 1621 801 1689 τῷ
850 1621 1237 1688 φιλονεικοῦντι
1284 1622 1345 1673 τὸ
1386 1625 1485 1691 τῆς
1536 1623 1867 1691 προφητείας

314 1703 561 1772 ἁξίωμας
598 1702 871 1755 Ἐντεῦθεν
899 1704 1031 1771 ήμίν
1076 1704 1169 1755 καὶ
1197 1704 1243 1755 οἱ
1275 1703 1407 1773 πρὸς
1432 1702 1695 1772 Ἕλληνας
1725 1703 1867 1769 ἀγῶη

318 1803 403 1849 νες
430 1787 524 1837 καὶ
564 1789 705 1837 νῖκαι
731 1798 779 1847 ι,
810 1787 935 1838 ὅταν
984 1786 1325 1857 πρεσϐύτερα
1376 1786 1760 1855 ἀποφαίνωμεν
1798 1785 1866 1837 τὰ

312 1868 557 1937 ήμέτερα
582 1867 688 1919 τῶν
723 1869 848 1935 παρ’
878 1866 1131 1929 ἐκείνοις·
1162 1867 1405 1920 ἐντεῦθεν
1437 1870 1566 1937 ἡμῖν
1606 1869 1696 1920 καὶ
1731 1867 1864 1935 πρὸς

330 1948 607 2009 Ἰουδαίους
644 1948 938 2011 ἀποδείξεις
974 1949 1103 2018 περὶ
1134 1949 1234 2017 τῆς
1274 1950 1525 2019 ἀληθείας
1565 1950 1704 2000 είσί·
1730 1948 1865 2018 πρὸς

327 2030 606 2091 Ἰουδαίους
636 2030 757 2090 τούς
788 2030 999 2091 ἀθλίους
1032 2032 1124 2082 καὶ⁴
1154 2029 1544 2100 ταλαιπώρους,
1572 2032 1619 2083 οἳ
1651 2030 1737 2083 διά
1765 2032 1865 2100 τὴν

312 2114 416 2164 τῶν
440 2111 643 2179 χρόνων
664 2111 879 2177 ἄγνοιαν
902 2111 962 2161 τὸ
994 2112 1247 2179 μέγιστον
1280 2112 1497 2181 σφάλμα
1534 2112 1861 2181 ἐσφάλησαν.

312 2194 375 2245 El
426 2193 534 2261 γάρ
578 2194 813 2260 ἥκουσαν
865 2191 959 2242 τοῦ
1021 2192 1353 2262 πατριάρχου
1413 2194 1695 2260 λέγοντος,
1742 2196 1864 2247 Οὐκ

310 2276 573 2341 ἐκλείψει
592 2273 786 2340 ἅρχων
805 2273 873 2337 ἐξ
901 2274 1113 2335 Ἰούδα,
1141 2276 1281 2328 οὐδὲ
1302 2278 1626 2344 ἡγούμενος
1653 2277 1720 2329 ἐκ
1749 2276 1866 2329 τῶν

311 2355 509 2421 μηρῶν
552 2355 756 2417 αὐτοῦ,
793 2354 901 2418 ἕως
950 2355 1026 2407 ἂν
1069 2356 1216 2423 ἔλθῃ
1258 2350 1305 2421 ᾧ
1337 2358 1659 2421 ἀπόκειται,
1692 2357 1785 2410 καὶ
1816 2359 1863 2408 εί

310 2439 693 2506 παρετήρησαν
720 2438 830 2504 μετ’
856 2436 1137 2506 ἀκριϐείας
1155 2439 1279 2499 τοὺς
1306 2440 1403 2507 τῆς
1428 2440 1723 2507 παρουσίας
1746 2457 1863 2491 και-

312 2521 458 2586 ροὺς,
489 2519 588 2570 οὐκ
618 2518 859 2587 ἔμελλον,
894 2519 1215 2581 ἐκπεσόντες
1246 2520 1339 2571 τοῦ
1368 2521 1621 2589 Χριστοῦ,
1647 2520 1720 2589 τῷ
1758 2521 1865 2571 Ἀν-

308 2602 565 2671 τιχρίστῳ
588 2600 962 2670 περιπίπτειν·
990 2600 1237 2671 καθάπερ
1266 2597 1359 2653 οὖν
1388 2603 1479 2653 καὶ
1508 2602 1667 2664 αὐτὸς
1688 2603 1863 2664 αὐτοῖς

306 2684 336 2734 ὁ
385 2682 617 2751 Χριστὸς
676 2680 834 2733 τοῦτο
892 2682 1261 2751 αἰνιττόμενος
1314 2679 1459 2733 εἶπεν
1491 2684 1537 2744 δ,
1582 2684 1661 2735 ὅτι
1722 2684 1864 2751 Ἐγὼ

306 2759 494 2833 ἦλθον
526 2763 594 2814 ἐν
633 2761 713 2827 τῷ
755 2762 994 2830 ὀνόματι
1035 2764 1141 2816 τοῦ
1180 2766 1404 2830 Πατρός
1438 2782 1576 2832 μου,
1624 2766 1717 2816 καὶ
1755 2768 1863 2818 οὐκ

305 2844 591 2907 ἐδέξασθέ
614 2860 689 2911 με
708 2860 722 2873 ·
767 2842 874 2895 ἐὰν
907 2845 1095 2908 ἄλλος
1118 2846 1263 2911 ἔλθῃ
1303 2846 1371 2896 ἐν
1410 2844 1487 2908 τῷ
1514 2846 1753 2911 ὀνόματι
1785 2846 1862 2909 τῷ

306 2926 451 2991 ιδίῳ,
498 2926 728 2978 ἐκεῖνον
773 2925 1066 2993 λήψεσθε.
1096 2924 1247 2988 Εἶδες
1302 2927 1463 2979 πόσον
1514 2927 1863 2996 παράπτωμα

306 3008 411 3059 ἀπὸ
452 3007 550 3075 τῆς
596 3007 703 3059 τῶν
751 3007 955 3076 χρόνων
1004 3008 1222 3074 γέγονεν
1270 3009 1520 3074 ἀγνοίας;
1574 3011 1661 3077 Μὴ
1691 3010 1863 3061 τοίνυν

304 3088 581 3159 ἀμελήσῃς
611 3088 870 3154 ὡφελείας
898 3088 1181 3157 τοσαύτης.
1206 3090 1469 3159 Καθάπερ
1498 3090 1601 3159 γάρ
1630 3092 1741 3159 ὅροι
1770 3091 1863 3142 καὶ

308 3170 496 3239 στῆλαι
527 3162 583 3222 ἐν
614 3172 723 3231 τοῖς
747 3170 929 3238 ἀγροῖς
958 3170 1054 3230 τάς
1090 3172 1323 3240 ἀρούρας
1346 3173 1443 3223 οὐκ
1480 3172 1609 3222 ἐῶσι
1646 3174 1859 3239 συγχεῖ-

308 3251 448 3315 σθαι,
478 3251 648 3314 οὕτως
684 3252 733 3302 οί
776 3251 951 3319 χρόνοι
994 3254 1085 3303 καὶ
1128 3253 1175 3303 οί
1232 3254 1409 3323 καιροὶ
1453 3254 1518 3307 τά
1568 3255 1861 3323 πράγματα

303 3336 401 3387 οὐκ
449 3334 610 3387 ἐῶσιν
647 3334 890 3403 ἀλλήλοις
931 3335 1258 3403 συμπίπτειν
1282 3347 1328 3397 ε,
1366 3336 1500 3387 ἀλλά
1538 3337 1860 3404 διείργοντες

304 3419 395 3470 ἀπ’
446 3417 690 3487 ἀλλήλων
748 3417 918 3479 αὐτά,
968 3419 1062 3469 καὶ
1124 3417 1263 3470 κατὰ
1325 3418 1420 3487 τὴν
1485 3422 1859 3487 προσήκουσαν

302 3501 508 3565 Exacta
560 3498 882 3561 διατιθέντες
936 3500 1125 3563 τάξιν,
1185 3500 1383 3569 πολλῆς
1438 3501 1859 3553 ἀπαλλάττουσιν

302 3584 446 3651 ήμᾶς
479 3582 742 3652 ταραχῆς.
783 3580 963 3646 Ἀξιον
1002 3582 1180 3633 τοίνυν
1212 3584 1383 3633 είπεῖν
1420 3583 1552 3649 πρὸς
1589 3584 1747 3650 ὑμᾶς,
1778 3584 1858 3644 τίς

299 3659 366 3731 ἦν
403 3656 559 3725 οὗτος
596 3665 624 3713 6
658 3660 854 3727 Ὀζίας,
886 3662 979 3714 καὶ
1023 3663 1151 3715 πότε
1187 3663 1495 3715 ἐϐασίλευσε
1518 3704 1531 3727 ,
1570 3668 1662 3714 καὶ
1702 3666 1857 3714 τίνων

302 3744 450 3814 [Hi]
483 3743 818 3807 ἐϐασίλευσε,
852 3745 942 3795 καὶ
977 3744 1136 3805 πόσος
1162 3745 1308 3811 αὐτῷ
1345 3745 1608 3811 γέγονενό
1641 3747 1735 3812 τῆς
1761 3747 1857 3812 ἁρ-

302 3825 400 3892 χῆς
431 3824 640 3893 χρόνος,
670 3825 761 3875 καὶ
803 3824 917 3884 πῶς
946 3824 1035 3874 τὸν
1078 3824 1190 3892 βίον
1235 3826 1489 3876 κατέλυσε
1511 3840 1522 3853 ⁸
1571 3826 1766 3893 μᾶλλον
1797 3826 1853 3877 δὲ

300 3907 447 3971 ἄξιον
476 3908 694 3975 σιγῆσαι
743 3905 942 3957 λοιπόν.
978 3906 1211 3976 Ἀνάγκη
1247 3908 1352 3976 γάρ
1391 3910 1467 3968 είς
1502 3909 1723 3976 ἄπειρον
1758 3909 1849 3959 πέ-

300 3990 461 4057 λαγος
497 3991 743 4061 ἱστοριῶν
773 3991 986 4057 ἀφιέναι
1017 3992 1105 4042 τὸν
1144 3990 1316 4058 λόγον.
1362 3992 1497 4053 Τοὺς
1525 3993 1580 4043 δὲ
1618 3993 1854 4042 τοιοῦτον

304 4074 590 4142 μέλλοντας
618 4072 936 4141 πορεύεσθαι
968 4073 1195 4139 πέλαγος
1222 4112 1235 4132 ,
1270 4074 1329 4123 οὐ
1364 4073 1713 4139 κεκμηκότων
1746 4072 1853 4123 τῶν

300 4155 619 4223 πλωτήρων,
641 4154 750 4206 ἀλλ’
786 4154 1156 4221 ἀκμαζόντων,
1183 4153 1443 4206 ἅπτεσθαι
1469 4155 1569 4222 χρὴ
1596 4156 1690 4221 τῆς
1710 4154 1848 4205 όδοῦ.

300 4237 394 4287 Διά
422 4236 580 4287 τοῦτο
628 4234 719 4285 καὶ
748 4235 957 4303 λιμένες
1011 4236 1103 4286 καὶ
1138 4235 1284 4301 νῆσοι
1317 4234 1584 4300 πανταχοῦ
1625 4235 1720 4301 τῆς
1756 4233 1851 4284 θα·-

298 4317 501 4388 λάσσης
532 4316 639 4368 είσὶ
669 4318 1094 4385 πεφυτευμέναι,
1138 4317 1225 4369 ἵνα
1262 4316 1353 4367 καὶ
1398 4317 1728 4385 κυϐερνήτης
1762 4316 1853 4367 καὶ

298 4399 495 4467 ναύτης
518 4398 925 4467 διαναπαύηται,
947 4398 975 4448 6
1005 4398 1102 4466 μὲν
1122 4399 1217 4467 τὴν
1240 4396 1429 4465 κώπην
1446 4398 1848 4465 ἀποτιθέμενυς,

298 4482 325 4532 ό
353 4480 407 4531 δὲ
435 4480 543 4531 τῶν
587 4480 782 4531 οἰάκων
816 4480 1231 4548 ἐξανιστάμενος
1251 4495 1262 4507 ·
1295 4478 1380 4529 διά
1413 4478 1563 4529 τοῦτο
1599 4480 1692 4530 καὶ
1723 4495 1853 4528 παν-

297 4561 474 4629 δοχεῖα
523 4562 616 4613 καὶ
666 4560 979 4627 καταγώγια
1030 4559 1303 4627 πανταχοῦ
1350 4559 1455 4611 τῶν
1500 4559 1630 4611 όδῶν
1674 4560 1853 4610 ἐπινε-

296 4644 479 4712 νόηται
500 4683 515 4709 ,
553 4644 638 4695 ἵνα
678 4646 767 4692 καὶ
802 4640 1074 4706 ὑποζύγια
1118 4642 1211 4693 καὶ
1237 4641 1500 4708 ὁδοιπόροι
1537 4640 1644 4691 τῶν
1676 4640 1851 4691 πόνων

297 4726 520 4795 λήγωσι.
578 4724 676 4774 Διά
721 4723 875 4774 τοῦτο
925 4724 1018 4773 καὶ
1061 4721 1139 4790 τῷ
1182 4722 1322 4789 λόγῳ
1371 4722 1469 4789 τῆς
1513 4721 1851 4783 διδασκαλίας

298 4806 483 4874 καιρὸς
520 4804 729 4871 σιωπῆς
764 4802 1011 4872 ὥρισται,
1049 4803 1135 4855 ἵνα
1180 4805 1313 4873 μήτε
1346 4804 1565 4863 ἐαυτούς
1598 4802 1851 4871 κατατρίο

296 4889 476 4955 ϐωμεν
505 4884 582 4954 τῷ
632 4883 819 4953 πλήθει
859 4884 966 4935 τῶν
1015 4884 1333 4952 λεγομένων,
1369 4886 1502 4952 μήτε
1530 4884 1670 4950 ὑμᾶς
1717 4885 1849 4934 ἁπο-

295 4970 583 5034 κναίωμεν.
628 4968 736 5018 Καὶ
770 4966 991 5027 τούτους
1023 4962 1128 5018 οἶδε
1156 4968 1279 5027 τοὺς
1312 4968 1530 5035 καιροὺς
1568 4966 1659 5017 καὶ
1699 4966 1849 5018 Σολο-

298 5068 434 5121 μων,
465 5050 604 5102 οὕτω
646 5064 817 5115 Λεγων
839 5064 851 5076 ·
885 5048 1088 5117 Καιρὸς
1116 5048 1209 5099 τοῦ
1254 5048 1493 5114 σιγῆσαι,
1535 5046 1625 5098 καὶ
1664 5047 1848 5117 καιρὸς

294 5132 384 5186 τοῦ
425 5132 672 5199 λαλῆσαι.
706 5129 943 5180 Γενέσθω
970 5125 1061 5181 οὖν
1100 5130 1228 5199 ἡμῖν
1265 5129 1453 5197 καιρὸς
1478 5128 1569 5179 τοῦ
1610 5129 1845 5196 σιγῆσαι,

295 5218 381 5272 ἵνα
425 5218 648 5284 γένηται
680 5212 864 5281 καιρὸς
907 5211 981 5280 τῷ
1020 5211 1316 5279 διδασκάλῳ
1358 5212 1449 5261 τοῦ
1497 5210 1737 5279 λαλῆσαι.
1769 5211 1847 5261 Τὰ

296 5302 392 5370 μὲν
420 5297 527 5367 γάρ
565 5296 804 5364 ἡμέτερα
850 5293 1021 5345 ἔοικεν
1058 5294 1183 5362 οἴνῳ
1217 5293 1537 5361 προσφάτως
1584 5292 1685 5342 τῶν
1719 5293 1849 5343 ὐπο-

354 5492 379 5519 δ
402 5489 628 5537 Erasmus
648 5486 825 5545 legisse
848 5481 1042 5546 vide-tur
1061 5482 1209 5539 νείκη,
1230 5483 1470 5546 δίαιέίάἓω
1496 5477 1641 5546 νθηὲι
1660 5486 1847 5546 ξοπιειι-

290 5548 455 5599 tiones.
482 5549 647 5602 Paulo,
668 5541 777 5607 ρὸει
815 5541 1032 5603 quinq'ue
1069 5555 1184 5590 mss.
1228 5541 1482 5594 ἀποδείξεις
1515 5542 1682 5586 πολλαί
1724 5541 1846 5601 περί,

288 5607 831 5670 οιείοιοείιιξταεηιυε.
931 5665 940 5670 _
1007 5662 1073 5670 Η
1151 5664 1163 5670 _
1209 5665 1245 5670 __
1365 5662 1373 5670 ,
1560 5661 1579 5670 ,
1747 5668 1753 5670 ,
1810 5662 1816 5670 .

348 5671 376 5708 δ
397 5662 579 5717 (ιῐηιῖρε
603 5668 704 5714 fere
719 5678 846 5729 Amss,
868 5665 945 5729 καὶ
968 5662 1107 5729 αύτρς
1209 5662 1407 5724 Χριστὸς
1449 5662 1761 5729 προεῖπενηεξὶ
1782 5662 1849 5726 sic

288 5732 407 5790 legit
434 5732 674 5796 Erasrgus.
718 5727 768 5774 lu
789 5727 932 5773 editis
952 5724 1107 5777 αὐτοῖς
1124 5722 1267 5772 deest
1294 5730 1402 5784 post
1428 5722 1577 5779 αὐτὸς,
1614 5723 1697 5767 scd
1729 5722 1848 5782 logi.

290 5798 364 5838 tur
390 5798 497 5849 pml
517 5804 674 5835 τουτο.

346 5854 368 5883 θ
394 5848 526 5899 Unus
544 5850 758 5905 ἀλλήλοις
782 5848 1062 5908 συγχεισθαι.

1285 368 1351 423 [Ν
1380 367 1603 433 ILLUD,
1648 364 1781 420 VIDI
1824 360 2158 435 DOMINUM,
2194 369 2421 425 HOMIL.
2454 370 2539 425 III.

3407 385 3519 440 112

1972 479 2163 547 ληνίων
2205 483 2592 553 ὲξαντληθέντι,
2634 484 2701 535 τὰ
2726 482 2782 535 δὲ
2806 482 2993 534 τούτου
3038 480 3348 552 προσέοικεν
3393 486 3517 554 οἴνῳ

1974 563 2399 632 πεπαλαιωμένῳ
2447 566 2538 617 καὶ
2592 564 2939 633 γεγηρακότι,
2988 563 3185 632 πολλὴν
3229 566 3514 633 παρέχοντι

1973 646 2065 696 καὶ
2093 645 2187 713 τὴν
2219 645 2477 712 ὠφέλειαν
2516 646 2605 697 καὶ
2635 645 2729 714 τὴν
2762 646 2909 713 ἰσχὺν
2943 647 3051 707 τοῖς
3085 644 3383 713 δεομένοις·
3422 646 3516 697 καὶ

1970 727 2029 778 τὸ
2056 726 2148 778 τοῦ
2172 726 2498 794 Εὐαγγελίου
2524 730 2695 779 ἐκεῖνο
2730 727 2915 794 γέγονε
2950 728 3183 796 σήμερον
3201 744 3216 757 ·
3247 727 3383 797 μετά
3425 729 3515 781 τὸν

1970 808 2222 869 ἐλάττονα
2258 809 2364 878 γὰρ
2389 804 2526 860 οἶνον
2549 811 2576 860 6
2602 809 2819 874 βελτίων
2846 806 3226 876 είσκομίζεται.
3260 808 3360 861 Καὶ
3389 807 3517 861 καθ-

1971 892 2111 959 άπερ
2153 893 2355 943 ἐκεῖνον
2407 891 2503 942 οὐκ
2532 890 2768 957 ἄμπελος
2803 890 2952 941 ἐτεκε
2981 890 3119 952 τότε,
3154 890 3265 942 ἀλλ’
3301 891 3332 958 ἡ
3363 890 3518 943 δύνα-

1973 991 2061 1042 μις
2083 974 2300 1041 ἐποίησε
2328 973 2420 1025 τοῦ
2449 972 2702 1042 Χριστοῦ,
2732 971 2870 1023 οὕτω
2909 972 3001 1023 καὶ
3030 970 3214 1023 τούτου
3244 971 3331 1024 τὸν
3361 972 3516 1039 λόγον

1969 1056 2066 1106 οὐκ
2107 1055 2666 1125 ἀνθρωπίνη,προχέει
2696 1054 2917 1114 διάνοια,
2947 1052 3057 1105 ἀλλ’
3089 1055 3121 1121 ή
3152 1052 3244 1104 τοῦ
3269 1053 3518 1122 Πνεύμαα

1966 1153 2057 1197 τος
2088 1137 2260 1204 χάρις.
2302 1136 2451 1188 Ἐπεὶ
2483 1132 2573 1188 οῦν
2612 1136 2803 1204 δαψιλῆ
2846 1136 2933 1186 καὶ
2966 1132 3301 1202 πνευματικά
3326 1133 3393 1184 τά
3420 1134 3515 1185 νά-

1973 1234 2131 1286 ματα,
2185 1217 2317 1285 μετά
2364 1218 2596 1288 σπουδῆς·
2633 1216 3027 1285 ὑποδεξώμεθα,
3073 1215 3186 1284 μετ’
3223 1214 3515 1282 ἀσφαλείας

1967 1300 2311 1369 τηρήσωμεν,
2337 1300 2421 1351 ἵνα
2446 1299 2652 1360 τούτοις
2685 1298 2965 1367 ἀρδόμενοι
2996 1296 3270 1364 διηνεκῶς,
3308 1295 3513 1365 ὥριμον

1969 1382 2218 1450 φέρωμεν
2246 1380 2334 1432 τὸν
2368 1380 2573 1448 καρπὸν
2605 1379 2681 1447 τῷ
2716 1378 2883 1430 ταῦτα
2915 1376 3257 1447 χαρισαμένῳ
3291 1376 3438 1445 Θεῷ·
3470 1371 3515 1442 ᾧ

1968 1464 2163 1531 πρέπει
2191 1464 2336 1513 πᾶσα
2360 1462 2483 1527 δόξα
2522 1462 2615 1513 καὶ
2645 1460 2774 1529 τιμὴ
2814 1461 2907 1513 σὺν
2937 1460 3013 1528 τῷ
3048 1461 3319 1528 μονογενεῖ
3351 1458 3513 1511 αὐτοῦ

1968 1544 2082 1612 Υίῷ
2111 1544 2201 1596 καὶ
2223 1543 2298 1611 τῷ
2332 1543 2578 1611 παναγίῳ
2614 1541 2904 1607 Πνεύματι,
2931 1540 3022 1593 νῦν
3053 1542 3146 1593 καὶ
3183 1541 3287 1605 ἀεὶ,
3318 1540 3410 1594 καὶ
3436 1541 3514 1601 είς

1965 1626 2089 1688 τοὺς
2116 1626 2314 1689 αίῶνας
2345 1626 2450 1677 τῶν
2477 1626 2704 1677 αἰώνων.
2740 1624 2927 1693 Ἀμήν.

1965 1793 2067 1857 Είς
2099 1791 2210 1859 τὴν
2244 1791 2477 1859 πρώτην
2508 1791 2567 1861 (ί.
2600 1790 2898 1858 δευτέραν)
2939 1789 3054 1842 τῶν
3083 1791 3514 1858 Παραλειπομέο

2038 1898 2157 1934 νων
2191 1882 2304 1947 τὴν
2327 1882 2644 1949 λέγουσαν,
2674 1878 2888 1948 Ὑψώθη
2921 1879 3165 1948 ὴκαρδία
3194 1879 3390 1941 Ὀςίου·
3416 1878 3515 1931 καί

2034 1972 2165 2039 περὶ
2210 1972 2782 2039 ταπεινοφροσύνης·
2826 1970 2924 2023 καί
2963 1970 3049 2021 ὅτι
3093 1968 3207 2037 χρὴ
3249 1968 3334 2037 μὴ
3378 1969 3515 2035 θαρ-

2026 2062 2157 2130 ρεῖν
2205 2062 2311 2115 τὸν
2368 2061 2674 2129 ἐνάρετον·
2725 2060 2823 2115 καὶ
2872 2060 3019 2114 ὅσον
3060 2059 3246 2114 κακόν
3281 2058 3320 2127 ἡ
3364 2057 3510 2112 ἀπό-

2034 2168 2186 2206 νοια.

2564 2236 2801 2290 ΟΜῘΛΙΑ
2838 2234 2909 2291 Γ¹.

2032 2390 2096 2432 α’.
2123 2380 2419 2448 Εὐλογητὸς
2444 2382 2469 2431 ό
2485 2380 2633 2441 Θεὸς,
2662 2382 2753 2432 καὶ
2781 2380 2873 2431 ἐπὶ
2891 2379 2984 2446 τῆς
3007 2378 3031 2417 ά
3056 2378 3243 2445 γενεᾶς
3269 2378 3363 2447 τῆς
3382 2377 3504 2446 ἡμεε

1962 2464 2119 2532 τέρας
2142 2464 2470 2529 ἐϐλάστησαν
2497 2463 2783 2530 μάρτυρες,
2806 2460 3214 2529 κατηξιώθημεν
3236 2460 3327 2511 καὶ
3354 2461 3521 2528 ήμεῖςυ

1962 2546 2271 2613 ἀνθρώπους
2321 2546 2442 2595 ἰδεῖν
2488 2544 2625 2612 ὑπὲρ
2660 2542 2887 2612 Χριστοῦ
2938 2541 3365 2609 σφαττομένους,
3414 2542 3510 2592 ἀν-

1962 2627 2207 2695 θρώπους
2247 2640 2269 2666 ε
2312 2623 2447 2696 αἷμα
2501 2626 2786 2687 στάζοντας
2826 2624 2994 2690 ἆγιον,
3046 2622 3139 2692 τὴν
3195 2623 3511 2690 Ἐκκλησίαν

1961 2709 2173 2762 ἃπασαν
2226 2709 2400 2779 ἀρδον,
2429 2704 2563 2777 αἷμα
2599 2706 2885 2768 στάζοντας
2910 2745 2925 2768 ,
2966 2706 3177 2774 δαίμοσι
3225 2706 3322 2774 μὲν
3362 2704 3513 2773 φοϐε-

1966 2793 2074 2861 ρὸν,
2123 2792 2367 2859 ἀγγέλοις
2396 2792 2449 2843 δὲ
2490 2790 2748 2849 ποθεινὸν,
2790 2790 2915 2858 ήμῖν
2945 2787 3000 2839 δέ
3047 2789 3323 2857 σωτήριον.
3368 2789 3514 2839 Κατ-

1962 2874 2267 2944 ηξιώθημεν
2334 2874 2456 2925 ἰδεῖν
2518 2871 2833 2943 ἀνθρώπους
2894 2870 3030 2940 ὐπέρ
3074 2870 3343 2932 εὐσεϐείας
3414 2886 3512 2920 πο-

1961 2957 2253 3025 λεμοῦντας
2290 2954 2351 3019 ί,
2420 2955 2597 3025 [ΗΞ]
2668 2954 2960 3016 νικῶντας,
3023 2951 3508 3020 ἐστεφανωμένους.

1960 3036 2074 3089 Οὐκ
2116 3037 2241 3088 ἰδεῖν
2286 3036 2341 3087 δὲ
2391 3035 2796 3103 κατηξιώθημεν
2842 3035 3018 3102 μόνον,
3064 3033 3198 3085 ἀλλά
3231 3034 3321 3083 καὶ
3371 3032 3510 3084 αὐτά

1960 3119 2027 3169 τά
2081 3118 2299 3187 σώματα
2347 3118 2452 3169 τῶν
2500 3117 2740 3186 ἀθλητῶν
2777 3116 3057 3179 δέξασθαι,
3098 3116 3187 3167 καὶ
3230 3117 3355 3183 παρ’
3387 3116 3506 3166 ἐαυε

1958 3204 2067 3264 τοῖς
2109 3202 2230 3263 τούς
2286 3201 2600 3267 στεφανίτας
2662 3202 2852 3268 ἔχομεν
2888 3198 3001 3251 νῦν.
3062 3198 3216 3251 Ἀλλά
3271 3199 3361 3249 τὸν
3413 3199 3511 3267 μὲν

1961 3284 2084 3352 περὶ
2126 3284 2231 3334 τῶν
2282 3281 2568 3351 μαρτύρων
2617 3281 2768 3349 λόγον
2828 3282 3101 3349 ἀφήσομεν
3143 3280 3235 3332 νῦν
3282 3279 3358 3348 τῷ
3401 3279 3509 3331 τῶν

1962 3366 2247 3435 μαρτύρων
2275 3364 2506 3433 ζηλωτῇ,
2534 3362 2609 3432 τῷ
2640 3363 2799 3431 κοινῷ
2827 3362 3152 3431 διδασκάλῳ·
3183 3361 3332 3413 αὐτοὶ
3361 3362 3416 3412 δὲ
3441 3360 3507 3411 τὰ.

1960 3447 2097 3499 κατά
2137 3446 2223 3497 τὸν
2270 3446 2447 3509 Ὀζίαν
2494 3446 2626 3515 πρὸς
2673 3446 2813 3513 ὑμᾶς
2854 3444 3077 3512 ἐροῦμεν
3128 3443 3240 3505 νῦν,
3284 3441 3511 3492 παλαιόρ

1959 3528 2374 3589 καταϐάλλοντες
2413 3528 2598 3595 χρέος,
2646 3526 2737 3577 καὶ
2783 3525 3020 3593 χρονίους
3067 3524 3256 3584 ὠδῖνας
3306 3521 3480 3592 ἀκροά

1960 3628 2091 3670 σεως
2126 3610 2356 3670 λύοντες.
2393 3610 2577 3659 Ὠδίνει
2608 3607 2713 3675 γὰρ
2747 3607 2967 3667 ἕκαστος
3001 3605 3170 3672 ὐμῶν,
3199 3602 3255 3655 εὖ
3285 3600 3377 3655 οἶδ’
3405 3606 3505 3665 ὅτι,

1956 3692 2052 3757 τῆς
2090 3691 2321 3758 ἱστορίας
2348 3689 2572 3740 ἀκοῦσαι
2608 3688 2813 3755 ἐκείνης
2875 3688 2965 3738 καὶ
2992 3686 3086 3755 τὴν
3119 3686 3277 3736 ὠδῖνα
3306 3685 3504 3753 ταύτην

1957 3774 2111 3841 ἡμεῖς
2168 3770 2579 3840 παρετείναμεν,
2619 3770 2676 3820 οὐ
2714 3769 2810 3838 τὴν
2857 3768 3042 3835 ὀδύνην
3077 3768 3201 3836 ὑμῖν
3246 3768 3506 3818 ἐπιτεῖναι

1958 3853 2281 3922 βουλόμενοι,
2314 3853 2447 3905 ἀλλὰ
2483 3856 2578 3922 τὴν
2609 3851 2893 3919 ἐπιθυμίαν
2923 3850 3147 3917 αὐξῆσαι
3189 3850 3509 3910 σπουδάζον-

1954 3954 2062 3998 τες,
2090 3936 2225 3987 ῶστε
2255 3937 2471 4003 ἡδίστην
2504 3936 2628 4003 ὑμῖν
2655 3934 2882 3999 φανῆναι
2906 3930 2999 3999 τὴν
3031 3930 3297 3999 ἡμετέραν
3329 3932 3506 3982 ἑστία-

1956 4036 2061 4070 σιν.
2090 4021 2151 4068 Οί
2184 4018 2279 4085 μὲν
2313 4018 2417 4085 γάρ
2452 4016 2668 4085 εὔποροι
2706 4015 2811 4065 τῶν
2843 4014 3181 4082 ἑστιατόρων,
3219 4015 3310 4066 ἐάν
3339 4018 3507 4083 ἐμπε-

1955 4098 2291 4167 πλησμένους
2329 4097 2527 4149 λάϐωσι
2564 4099 2686 4158 τοὺς
2728 4096 3065 4161 δαιτυμόνας,
3095 4094 3319 4147 δύναιντ’
3342 4096 3405 4149 ἂν
3440 4099 3503 4165 τῇ

1955 4182 2263 4249 πολυτελείᾳ
2319 4181 2426 4231 τῶν
2492 4178 3040 4247 παρασκευασθέντων
3099 4176 3356 4245 διεγεῖραι
3410 4178 3505 4245 τὴν

1953 4265 2240 4332 ἐπιθυμίαν
2265 4266 2287 4303 ⁸
2328 4264 2538 4325 αὐτοῖς·
2580 4263 2677 4331 τὴν
2720 4260 2775 4311 δὲ
2813 4260 2917 4309 τῶν
2952 4260 3191 4327 πενήτων
3234 4257 3504 4329 τράπεζαν

1952 4348 2100 4399 οὐδὲν
2141 4346 2279 4398 οὕτω
2327 4348 2467 4397 ποιεῖ
2521 4343 2796 4412 φαίνεσθαι
2847 4342 3121 4409 λαμπρὰν,
3163 4341 3237 4402 ὡς
3280 4340 3339 4391 τὸ
3385 4356 3504 4391 πει-

1952 4429 2154 4489 νῶντας
2194 4428 2495 4494 ἀπαντῆσαι
2541 4428 2661 4486 τούς
2702 4423 2987 4491 μέλλοντας
3033 4421 3273 4489 ζιετέχειν
3315 4422 3499 4491 αὐτῆς.

1956 4510 2049 4571 Τίς
2082 4506 2171 4562 οὖν
2219 4510 2362 4560 ἐστιν
2397 4507 2605 4567 Ὀζίας,
2653 4505 2745 4556 καὶ
2778 4504 2934 4555 τίνων
2969 4504 3257 4569 ἀπόγονος,
3297 4506 3388 4555 καὶ
3420 4505 3503 4554 τίο

1952 4609 2055 4644 νων
2112 4590 2380 4658 βασιλεὺς,
2413 4588 2505 4640 καὶ
2540 4587 2699 4639 πόσον
2731 4585 3040 4637 ἐϐασιλεύσε
3086 4587 3287 4654 χρόνον,
3328 4588 3418 4637 καὶ
3451 4587 3502 4638 τί

1955 4676 2051 4743 μὲν
2089 4672 2428 4739 κατώρθωσε,
2472 4671 2522 4721 τί
2569 4670 2624 4722 δὲ
2671 4670 2952 4737 διήμαρτε,
3002 4668 3114 4730 πῶς
3162 4669 3217 4720 δὲ
3261 4668 3349 4719 τὸν
3390 4669 3501 4735 βίον

1952 4757 2265 4818 κατέλυσεν;
2294 4754 2538 4805 ’Ἅπαντα
2574 4752 2743 4804 ταῦτα
2786 4752 2918 4822 πρὸς
2952 4752 3091 4820 ὑμᾶς
3124 4750 3347 4820 ἐροῦμεν
3386 4750 3498 4815 νῦν,

1953 4839 2149 4905 μᾶλλον
2174 4837 2228 4887 δὲ
2269 4838 2365 4887 ὅσα
2414 4834 2631 4886 δυνατὸν
2674 4836 2865 4897 εἰπεῖν,
2912 4833 3047 4885 ὥστε
3085 4835 3155 4901 μὴ
3197 4834 3271 4900 τῷ
3312 4832 3497 4900 πλήθει

1950 4919 2258 4987 καταχῶσαι
2288 4920 2383 4986 τὴν
2419 4918 2635 4987 μνήμην
2665 4917 2816 4985 ὐμῶν
2835 4932 2848 4946 ·
2877 4916 2904 4967 ὃ
2934 4916 3134 4982 γίνεται
3164 4916 3255 4965 καὶ
3286 4915 3375 4965 ἐπὶ
3404 4915 3497 4967 τοῦ

1949 5001 2214 5069 λυχνιαίου
2248 5000 2430 5067 πυρός.
2459 5000 2553 5050 Ἂν
2588 5000 2682 5067 μὲν
2722 4998 2827 5065 γάρ
2856 4999 2969 5047 ἐκεῖ
2996 4996 3131 5047 κατά
3165 4996 3351 5064 μικρὸν
3382 4998 3499 5048 ἐπι-

1952 5084 2146 5152 στάξῃς
2188 5085 2253 5152 τῇ
2299 5082 2570 5151 θρυαλλίδι
2613 5080 2671 5130 τὸ
2715 5079 2908 5138 ἔλαιον,
2961 5077 3139 5145 ἱκανὴν
3178 5078 3379 5140 ἔδωκας
3421 5080 3496 5146 τῷ

1950 5166 2079 5233 πυρὶ
2115 5165 2207 5231 τὴν
2239 5166 2441 5233 τροφήν
2463 5179 2473 5191 ·
2508 5162 2573 5213 ἂν
2618 5161 2672 5210 δὲ
2708 5159 2898 5228 ἀθρόον
2946 5160 3228 5229 καταχέῃς,
3275 5163 3363 5213 καὶ
3399 5159 3494 5229 τὴν

1947 5244 2108 5299 οὖσαν
2139 5246 2305 5311 φλόγα
2333 5243 2681 5301 κατέσϐεσας.
2709 5235 2873 5302 Οὗτος
2902 5240 3074 5292 τοίνυν
3098 5245 3123 5294 ό
3160 5241 3335 5303 Ὀζίας
3363 5243 3492 5293 ἀπό-

1948 5349 2097 5398 γονος
2132 5331 2228 5398 μὲν
2268 5326 2331 5396 ἦν
2360 5326 2449 5377 τοῦ
2485 5324 2663 5385 Δαυῒδ,
2704 5324 2947 5391 βασιλεὺς
2976 5324 3029 5377 δέ
3063 5326 3169 5377 τῶν
3202 5325 3490 5377 Ἰουδαίων·

1948 5413 2256 5464 ἐϐασίλευσε
2277 5410 2330 5459 δὲ
2354 5408 2445 5458 δύο
2473 5408 2563 5457 καὶ
2587 5407 2916 5474 πεντήκοντα
2943 5406 3034 5474 ἐτη
3054 5423 3065 5433 ·
3102 5409 3192 5459 καὶ
3218 5408 3281 5459 τά
3309 5407 3495 5475 πρῶτα

2016 5599 2042 5639 ἀ
2065 5602 2201 5649 Unus
2220 5599 2289 5644 sic
2328 5596 2517 5655 incipit,
2542 5593 2805 5653 Εὐλογητὸς
2826 5595 2850 5640 ὁ
2874 5594 3005 5650 Θεὸς,
3032 5596 3101 5641 ὅτι
3125 5595 3197 5641 ἐπὶ
3219 5600 3313 5649 τῆς.

2016 5676 2036 5699 ο
2064 5662 2153 5707 Hic
2177 5661 2221 5705 in
2248 5656 2429 5715 aliquot
2452 5669 2563 5701 mss.
2606 5656 2870 5714 ἀνθρώπους
2897 5656 3054 5713 deest,
3101 5662 3150 5701 et
3174 5656 3292 5702 infra
3318 5655 3498 5716 legitur

1950 5722 2158 5777 ἀρόίῦον,
2186 5723 2268 5765 sed
2292 5720 2428 5777 ἇρδον
2453 5719 2595 5763 etiam
2623 5723 2697 5761 est
2721 5715 2767 5761 in
2796 5729 2898 5777 lilﬁu.

1986 5770 1991 5786 ’
2018 5784 2035 5817 ί
2062 5770 2193 5827 υηιις
2213 5770 2508 5829 παλαίοντας,
2538 5777 2773 5825 νικῶντας.
2805 5774 2905 5820 Mox
2929 5774 3007 5837 a_lii
3034 5790 3435 5837 στεφανουμένους.

2028 5845 2049 5881 Β
2078 5843 2217 5891 Alius
2245 5842 2323 5894 τήν
2350 5837 2620 5897 προθυμίαν,
2653 5843 2909 5894 υιιιιιιιιιυυ
2955 5835 3102 5887 bum,
