4064 6214
525 310 640 367 113

515 411 793 480 εὐδόκιμος
821 411 917 474 ῶν,
949 411 1169 482 ὕστερον
1193 414 1272 473 είς
1298 407 1568 482 ἁμαρτίαν
1591 423 1618 451 ι
1647 410 1929 463 κατέπεσε.
1952 407 2075 460 Μεί-

517 491 644 555 (ova
668 493 774 562 γάρ
800 494 892 561 τῆς
918 493 1119 555 οἰκείας
1149 495 1421 563 φρονήσας
1453 493 1628 558 ἀξίας,
1669 491 1974 560 ἐπεπήδησε
2004 492 2070 558 τῇ

515 576 612 643 τῆς
646 573 937 644 ἱερωσύνης
968 575 1130 644 ἀρχῇ.

588 655 847 707 Τοσοῦτόν
874 658 988 706 ἐστι
1013 657 1235 708 ἀπόνοια
1260 656 1424 708 κακόν
1445 672 1458 686 ·
1483 656 1576 709 καὶ
1613 655 1719 722 γάρ
1745 655 1930 706 ἐαυτὸν
1955 669 2073 705 τινα

521 735 741 788 ἑκαστον
769 738 975 803 ἀγνοεῖν
1007 737 1306 802 ἀναπείθει,
1339 738 1429 790 καὶ
1463 737 1598 806 μετὰ
1633 738 1856 797 πολλοὺς
1883 736 2074 796 πόνους

521 817 732 870 ἅπαντα
774 819 913 868 κενοῖ
952 818 1049 883 τῆς
1101 819 1300 888 ἀρετῆς
1333 819 1424 871 τὸν
1489 819 1774 889 θησαυρόν.
1833 818 1942 870 Καὶ
2008 816 2076 868 τά

525 891 622 966 μέν
657 897 787 950 ἀλλα
822 899 962 950 κακά
998 899 1372 969 ῥᾳθυμούντων
1402 903 1554 970 ήμῶν
1584 900 1950 970 περιγίνεσθαι
1983 897 2065 950 πέ-

523 995 707 1045 φυκεν,
736 978 869 1047 αῦτη
903 980 959 1032 δὲ
992 980 1339 1049 κατορθοῦσιν
1383 983 1512 1051 ήμῖν
1555 981 1864 1049 ἐπιφύεται.
1914 980 2077 1031 Οὐδὲν

523 1061 631 1130 γάρ
679 1060 847 1122 οὕτως
897 1061 1148 1114 ἀπόνοιαν
1194 1063 1394 1115 τίκτειν
1457 1062 1680 1128 εῐωθεν,
1715 1062 1788 1124 ὡς
1843 1060 2078 1121 συνειδὸς

523 1141 742 1209 ἀγαθὸν,
783 1144 876 1194 ἐὰν
917 1146 991 1212 μὴ
1025 1144 1390 1213 προσέχωμεν.
1431 1144 1528 1198 Διὰ
1570 1144 1725 1196 τοῦτο
1761 1144 1854 1196 καὶ
1883 1143 1911 1192 6
1943 1143 2076 1210 Χρι-

527 1225 649 1286 στὸς
676 1224 846 1286 είδὼς,
873 1225 954 1276 ὅτι
991 1226 1127 1294 μετὰ
1167 1227 1234 1278 τά
1268 1226 1658 1296 κατορθώματα
1703 1224 2078 1292 ἐπεισέρχεται

523 1303 678 1356 τοῦτο
709 1306 768 1356 16
804 1305 971 1368 πάθος
1020 1307 1166 1375 ήμῖν,
1207 1308 1316 1367 τοῖς
1363 1307 1623 1376 μαθηταῖς
1668 1306 1880 1371 ἐλεγενι
1907 1305 2081 1355 Ὅταν

525 1384 719 1438 ,πάντα
769 1385 1088 1453 ποιήσητε,
1147 1387 1382 1454 λέγετε,
1438 1388 1525 1440 ὅτι
1582 1389 1624 1440 ’A
1637 1386 1817 1454 χρεῖοι
1873 1383 2080 1437 δοῦλοί

525 1465 728 1532 ἐσμεν.
764 1468 927 1520 ὐταν
959 1470 1063 1538 ⁸,ἀρ
1101 1468 1267 1538 μέλλῃ
1307 1469 1594 1521 ἐπεισιέναι
1632 1467 1692 1520 τὸ
1719 1467 1902 1537 θηρίον
1929 1466 2076 1534 ὑμῖν,

527 1549 648 1600 τότε
681 1547 767 1600 διὰ
795 1550 904 1602 τῶν
933 1551 1188 1620 ῥημάτων
1235 1549 1453 1612 τούτων,
1501 1549 1683 1616 φησὶν,
1716 1545 2025 1600 ἀποκλείετε
2051 1545 2079 1585 δ

527 1629 626 1690 τὰς
659 1629 825 1700 θύρας
861 1631 1026 1698 αὐτῷ.
1078 1629 1186 1681 Καὶ
1213 1631 1312 1682 οὐκ
1343 1626 1684 1691 εἷπεν,¹⁸οταν
1715 1629 1891 1680 πάντα
1924 1627 2081 1695 ποιή-

531 1726 684 1776 σητε,
716 1711 917 1779 ἀχρεῖοί
947 1713 1088 1775 ἐστε,
1116 1710 1226 1763 ἀλλ’
1264 1711 1444 1778 Ὑμεῖς
1470 1709 1691 1776 λέγετε,
1722 1709 1809 1761 ὅτι
1846 1707 2082 1775 Ἀχρεῖοί

529 1789 732 1858 ἐσμεν.
763 1792 913 1853 Εἰπὲ,
945 1792 1021 1861 μὴ
1051 1791 1308 1860 φοϐηθῇς,
1331 1792 1429 1843 οὐκ
1457 1791 1564 1843 ἀπὸ
1595 1791 1692 1859 τῆς
1721 1792 1952 1860 κρίσεως
1985 1788 2081 1856 τῆς

532 1873 633 1943 σῆς
660 1873 806 1943 φέρω
828 1873 924 1942 τὴν
951 1873 1128 1941 ψῆφον
1169 1873 1296 1940 ἐγώ.
1328 1873 1423 1924 Ἂν
1452 1872 1558 1941 γάρ
1599 1873 1662 1924 σύ
1699 1871 1888 1924 σαυτὸν
1921 1871 2082 1938 εἴπης

533 1955 768 2026 ἀχρεῖον,
810 1954 918 2022 ἐγώ
963 1971 1021 2006 σε
1065 1954 1140 2016 ὼς
1170 1954 1437 2023 χρήσιμον
1492 1952 1758 2020 στεφανῶ.
1805 1951 1959 2004 υῦτω
1993 1951 2084 2003 καὶ

534 2036 762 2105 ἀλλαχοῦ
793 2053 952 2107 φησι,
993 2036 1138 2106 Λέγε
1170 2033 1248 2088 ὰὺ
1275 2035 1502 2102 πρῶτος
1530 2034 1634 2100 τὰς
1667 2036 1913 2102 ἀνομίας
1945 2048 2081 2098 σου,

533 2118 634 2170 ἵνα
664 2116 809 2188 [113]
838 2116 1170 2184 δικαιωθῇς.
1213 2118 1334 2169 Ἐπὶ⁵
1367 2117 1467 2186 μὲν
1504 2115 1611 2186 γάρ
1643 2115 1749 2168 τῶν
1780 2115 1972 2178 ἔξωθεν
2008 2113 2085 2166 δι-

534 2200 840 2270 καστηρίων
867 2199 1000 2267 μετά
1028 2199 1123 2268 τὴν
1152 2199 1477 2267 κατηγορίαν
1509 2199 1598 2250 καὶ
1630 2197 1949 2266 ὁμολογίανο
1980 2195 2085 2246 τῶν

537 2281 938 2352 ἁμαρτημάτων
963 2280 1215 2341 θάνατος’
1246 2282 1335 2332 ἐπὶ
1364 2279 1420 2332 δὲ
1452 2279 1543 2330 τοῦ
1574 2279 1714 2330 θείου
1743 2276 2084 2345 δικαστηρίου

540 2363 676 2432 μετά
707 2363 807 2433 τὴν
840 2362 1167 2432 κατηγορίαν
1216 2361 1493 2428 στέφανος.
1526 2361 1613 2412 Διὸ
1651 2361 1742 2412 καὶ
1782 2360 1809 2410 6
1841 2358 2087 2426 Σολομῶν

536 2445 686 2512 ἔλεγε
706 2460 721 2474 ·
748 2443 842 2510 Μὴ
869 2443 1097 2496 δικαίου
1122 2443 1381 2496 σεαυτὸν
1407 2440 1657 2494 ἐνώπιον
1684 2441 1922 2506 Κυρίου.
1951 2439 2086 2490 Ἀλλ’

536 2525 744 2586 οὐδενὸς
803 2523 1004 2576 τούτων
1037 2524 1260 2593 ἤκουσεν
1298 2525 1326 2575 6
1374 2520 1573 2586 Ὀζίας,
1621 2521 1730 2573 ἀλλ’
1776 2520 2088 2590 ἐπεισῆλθεν

536 2609 616 2669 είς
650 2606 738 2657 τὸν
768 2607 916 2669 ναὸν,
945 2606 1038 2658 καὶ
1085 2605 1280 2676 θυμιᾷν
1325 2603 1592 2668 ἐϐούλετο,
1635 2605 1726 2655 καὶ
1778 2604 1867 2655 τοῦ
1906 2604 2088 2672 ἱερέως

539 2689 828 2752 κωλύοντος
857 2690 953 2741 οὐκ
996 2689 1256 2757 ἠνείχετο.
1302 2687 1363 2738 Τί
1394 2682 1484 2739 οῦν
1517 2687 1543 2734 6
1578 2685 1741 2749 Θεός;
1782 2685 2090 2752 Ἐπαφῆκεν

540 2771 687 2840 αὐτῷ
737 2771 939 2840 λέπραν
987 2769 1125 2824 κατὰ
1155 2769 1245 2821 τοῦ
1287 2768 1554 2840 μετώπου,
1600 2767 1697 2837 τὴν
1743 2766 2092 2834 ἀναίσχυντον

541 2853 778 2916 κολάζων
807 2851 947 2920 ὄψιν,
984 2851 1074 2902 καὶ
1112 2850 1376 2902 παιδεύων
1409 2847 1586 2913 αὐτὸν,
1614 2849 1694 2900 ὅτι
1726 2846 1865 2900 θεῖόν
1894 2850 2006 2898 ἐστι
2033 2847 2092 2898 τὸ

539 2934 902 3003 δικαστήριον,
940 2931 1034 2984 καὶ
1062 2931 1122 2982 οὐ
1154 2930 1287 3000 πρὸς
1328 2929 1642 3001 ἀνθρώπους
1671 2930 1699 2981 6
1731 2929 1960 2998 πόλεμος
2002 2923 2088 2998 ἦν.

542 3017 650 3067 Καὶ
693 3017 762 3068 τά
808 3013 905 3084 μὲν
958 3012 1097 3066 κατά
1141 3012 1230 3065 τὸν
1269 3012 1447 3075 ὐζίαν
1494 3009 1685 3068 ταῦτα.
1713 3009 1847 3079 Φέρε
1888 3009 1952 3078 δὴ
2003 3010 2094 3061 καὶ

542 3097 744 3150 ἀνωθεν
763 3096 857 3167 τὴν
882 3097 1113 3166 ἱστορίαν
1136 3094 1298 3164 αὐτὴν
1347 3093 1675 3163 ἐπέλθωμεν.
1693 3093 1790 3144 Διά
1811 3091 1917 3161 γάρ
1941 3090 2094 3145 τοῦτο

544 3186 637 3237 καὶ
672 3183 830 3244 αὐτὸς
867 3180 1146 3251 προλαϐὼν
1175 3181 1231 3232 ἐν
1261 3180 1450 3249 βραχεῖ
1479 3179 1820 3250 διηγησάμην
1853 3178 1982 3247 ὑμῖν
2027 3177 2096 3230 τὰ

546 3262 920 3333 συμϐεϐηκότα
954 3263 1125 3313 πάντα
1145 3301 1160 3326 ,
1205 3262 1267 3313 ἵν’
1297 3261 1421 3310 ὃταν
1470 3260 1699 3330 ἀκούητε
1748 3260 1844 3329 τῆς
1878 3259 2096 3329 Γραφῆς

544 3345 714 3396 ταῦτα
748 3341 1220 3411 άπαγγελλούσης,
1266 3341 1703 3410 παρακολουθῆτε
1755 3340 1892 3409 μετά
1940 3341 2096 3408 ἀκρι-

548 3424 697 3486 ϐείας
727 3424 922 3486 αὐτοῖς.
957 3423 1112 3475 Ἀλλά
1143 3422 1450 3491 προσέχετε.
1480 3421 1585 3474 Καὶ
1614 3421 1882 3487 ἐποίησε,
1915 3422 2095 3488 φησιν,

561 3505 738 3571 Ὁζῖας
777 3506 843 3558 τὸ
889 3505 1057 3567 εῠθὲς
1084 3504 1335 3557 ἐνώπιον
1373 3502 1614 3570 Κυρίου.
1650 3501 1904 3570 Μεγάλην
1935 3499 2097 3554 αὐτοῦ

551 3585 640 3640 διὰ
676 3586 876 3637 τούτων
905 3585 1279 3655 ἐμαρτύρησεν
1326 3585 1543 3658 ἀρετήν.
1575 3586 1647 3635 Οὐ
1690 3584 1796 3653 γὰρ
1841 3581 1902 3634 16
1948 3581 2101 3641 εὐθὲς

551 3667 720 3719 ἐποίει
748 3666 927 3736 μόνον,
951 3666 1085 3719 ἀλλά
1111 3667 1203 3718 καὶ
1229 3666 1453 3718 ἐνώπιον
1486 3666 1712 3738 Κυρίου,
1740 3665 1798 3716 οὐ
1828 3663 1962 3734 πρὸς
1987 3664 2103 3719 ἐπί-

550 3750 715 3814 δειξιν
741 3749 1057 3820 ἀνθρώπων,
1089 3750 1333 3821 καθάπερ
1359 3751 1552 3801 ἐκεῖνοι
1584 3749 1631 3801 οι
1658 3746 1807 3816 παρά
1835 3750 1943 3809 τοῖς
1975 3747 2103 3800 ἰου-

552 3831 727 3894 δαίοις
755 3833 858 3903 πρὸ
886 3832 984 3902 τῆς
1026 3831 1387 3902 ἐλεημοσύνης
1426 3829 1789 3890 σαλπίζοντες,
1819 3829 1868 3879 οί
1899 3829 1954 3878 ἐν
1988 3830 2102 3887 ταῖς

552 3915 825 3982 νηστείαις
853 3913 923 3966 τά
951 3913 1218 3985 πρόσωπα
1245 3910 1612 3982 ἀφανίζοντες,
1643 3910 1691 3960 οἱ
1723 3909 1818 3970 τὰς
1850 3908 2010 3980 εὐχὰς
2047 3908 2103 3957 ἐν

552 3999 671 4058 ταῖς
691 3997 942 4065 ἀμφόδοις
967 3995 1116 4049 ποιού
1125 4007 1292 4064 μενοι*
1306 3989 1378 4047 ὧν
1389 3993 1440 4046 τί
1463 3993 1656 4060 γένοιτ’
1674 3991 1737 4045 ἂν
1762 3990 2101 4059 ἀθλιώτερον,

553 4077 681 4131 ὅταν
711 4079 835 4139 τοὺς
879 4078 974 4147 μὲν
1020 4077 1212 4139 πόνους
1249 4075 1590 4146 ὑπομένωσι,
1630 4074 1728 4143 τῆς
1771 4071 1828 4124 δὲ
1872 4070 2103 4143 ἀμοιϐῆς

555 4160 956 4230 ἀποστερῶνται
982 4159 1230 4227 ἀπάσης;

627 4241 695 4312 β’.
713 4242 778 4293 Τί
793 4243 982 4304 ποιεῖς,
1000 4240 1248 4312 ἄνθρωπε
1268 4237 1469 4309 ;ιέτέρῳ
1491 4235 1698 4306 μέλλεις
1723 4233 1945 4295 εὐθύνας
1973 4235 2106 4286 διδό-

556 4340 645 4379 ναι
667 4322 772 4377 τῶν
817 4322 1236 4394 πεπραγμένων,
1268 4321 1361 4374 καὶ
1406 4319 1591 4388 ἕτερον
1638 4316 1883 4386 μάρτυρα
1927 4315 2107 4377 καλεῖς

556 4403 666 4458 τῶν
707 4404 1033 4474 γινομένωνς
1078 4403 1260 4473 ἓτερον
1305 4403 1444 4470 ἔχεις
1488 4399 1764 4468 δικαστὴν,
1795 4397 1888 4449 καὶ
1925 4396 2109 4466 ἓτερον

561 4486 796 4549 καθίζεις
823 4485 1044 4554 θεατήν;
1071 4484 1180 4553 Οὐχ
1215 4484 1344 4553 ὁρᾷς
1369 4482 1492 4542 τοὺς
1522 4479 1786 4550 ήνιόχους,
1810 4478 1858 4530 οἳ
1887 4477 1984 4546 τῆς
2015 4477 2111 4529 πό-

559 4571 692 4631 λεως
738 4569 950 4636 ἀπάσης
989 4568 1100 4621 ἀνω
1145 4564 1456 4634 καθημένης
1504 4563 1560 4615 ἐν
1604 4565 1723 4622 ταῖς
1771 4560 1879 4612 τῶν
1933 4559 2109 4611 ῖππων

561 4650 828 4720 ἁμίλλαις,
855 4649 998 4701 ἀπαν
1023 4648 1113 4701 τοῦ
1144 4646 1356 4699 σταδίου
1384 4644 1814 4714 παρατρέχοντες
1840 4642 1899 4693 τὸ
1927 4641 2107 4711 μέρος,

562 4733 678 4784 ἐκεῖ
705 4731 1052 4799 φιλονεικοῦσι
1084 4730 1151 4782 τά
1178 4729 1301 4781 τῶν
1319 4725 1622 4779 ἀντιπάλων
1644 4721 1671 4760 ά
1701 4725 1918 4794 ἅρματα
1949 4738 2110 4775 κατα-

565 4813 832 4882 στρέφειν,
862 4813 986 4864 ἐνθα
1015 4811 1078 4863 ἂν
1105 4810 1251 4862 ἴδωσι
1283 4808 1371 4858 τὸν
1399 4806 1619 4876 βασιλέα
1666 4805 1986 4873 καθήμενον,
2019 4803 2111 4853 καὶ

564 4893 821 4946 τοσούτων
844 4893 1012 4962 ὄψεων
1035 4892 1127 4944 ἕνα
1147 4889 1448 4961 νομίζουσιν
1473 4887 1900 4956 ἀξιοπιστότερον
1926 4883 2112 4952 ὀφθαλ-

629 5073 654 5132 Ρ
675 5072 886 5132 Quatuor
907 5085 1019 5119 mss.
1044 5069 1372 5131 εὐδοκιμήσας,
1395 5066 1588 5125 ὕστερον
1609 5066 1724 5128 πρὸς
1746 5063 1991 5125 ἁμαρτίαν.

624 5131 656 5172 1³
669 5131 800 5180 Unus
816 5131 1139 5179 ἀποκλείσατε.

631 5195 654 5225 ε
679 5192 756 5239 Sic
791 5198 895 5241 [res
921 5205 1032 5238 mss.
1076 5196 1129 5237 et
1166 5190 1235 5235 sic
1253 5188 1376 5245 legit
1397 5187 1638 5235 Erasmus.
1677 5183 1731 5245 In
1770 5185 1914 5233 edilis
1935 5185 2013 5230 καὶ
2033 5185 2116 5241 τήν

568 5253 816 5317 ὁμολογίαν
839 5254 1033 5317 deerat:
1057 5249 1231 5317 νει-ιλιι)
1255 5248 1396 5306 paulo
1416 5254 1541 5317 po_st,
1568 5246 1648 5294 ubi
1671 5244 1720 5291 in
1736 5247 1914 5317 ,ρει-αιςο
1937 5245 2118 5317 legitur

571 5306 688 5373 μῖετὰ
814 5311 1090 5372 κατηγορίαν
1115 5311 1353 5373 στέφανος,
1380 5315 1425 5353 el
1455 5309 1550 5373 duo
1569 5319 1678 5352 mss.
1692 5306 1882 5373 gddunl
1902 5306 2016 5373 μετὰ
2034 5307 2118 5360 τήν

568 5365 847 5432 κατηγορίαν
884 5365 1002 5417 τῶν’
1026 5365 1370 5432 ἁμαρτημάτων
1408 5367 1648 5432 στέφανος,
1692 5365 1917 5432 Erasmus
1959 5366 2118 5432 locum

569 5423 786 5492 manuni.
809 5439 863 5479 ut
888 5438 1018 5486 ante,
1044 5423 1237 5492 r'ep'elil',
1260 5427 1346 5483 sic,
1369 5429 1472 5484 post
1503 5423 1854 5492 decusationem
1873 5423 2120 5492 eli-confes-

568 5485 749 5541 iionem
775 5485 1071 5552 peccalorum
1102 5485 1483 5552 'dalu_r__cororgt_z,
1507 5497 1649 5544 quam
1693 5485 2117 5552 interpretiogem,

569 5555 682 5611 quia
702 5544 815 5598 nitiil
843 5551 898 5598 ad
943 5547 1343 5611 sensum_addit,_
1366 5547 1646 5605 relinquere
1671 5545 1823 5592 visum
1850 5550 1942 5592 est.
1970 5544 2122 5594 Paulo

569 5607 672 5673 ιῖοςθ
697 5616 721 5658 6
745 5612 959 5673 Σολομῶν
992 5622 1079 5670 pro
1098 5611 1123 5657 6
1141 5607 1423 5673 Σεῖρακᾱῖης.

687 5675 786 5718 Τῶν
807 5663 1096 5732 ἀντιτέχνων,
1140 5663 1341 5714 ειείτεε
1372 5677 1482 5732 mes.
1507 5663 1632 5732 [turre
1660 5663 1907 5732 iidem-16v
1927 5664 2020 5732 τῶν
2038 5665 2123 5732 ἀγ-

571 5735 718 5841 ἔέὶων
757 5724 989 5792 βασιλέιῑῖ⁷
1015 5729 1138 5778 Infra
1177 5738 1302 5777 unus
1365 5725 1445 5771 καὶ
1486 5724 1724 5774 τοσούτων
1771 5726 1924 5787 ὄψεων
1968 5725 2122 5774 οὐσῶν

597 5808 652 5838 να
670 5807 771 5841 νου..

597 5808 652 5838 να
670 5807 771 5852 νομ.

1190 296 1247 351 S.
1282 294 1561 351 JOANNIS
1592 290 2078 349 CIIRYSOSTOMI
2116 289 2432 348 ARCIHEP.
2473 290 3016 348 CONSTANTINOP.

2186 408 2315 475 μὸνς
2349 407 2419 459 Σὺ
2447 406 2503 458 δὲ
2539 406 2699 459 αὐτὸν
2744 408 2835 460 τὸν
2866 407 2974 468 τῶν
3017 406 3259 475 ἀγγέλων
3291 407 3466 462 αὐτῶν
3515 408 3741 477 βασιλέα

2179 500 2288 557 τοῖς
2319 498 2427 557 σοῖς
2450 496 2666 565 δρόμοις
2693 495 3127 562 ἀγωνοθετοῦντα
3157 495 3314 564 ὀρῶν,
3344 498 3548 551 ἐκεῖνον
3579 500 3738 568 ἀφεὶς

2179 578 2271 628 ἐπὶ
2304 577 2398 639 τάς
2440 577 2548 628 τῶν
2577 577 2876 647 ὁμοδούλων
2908 576 3268 646 καταφεύγεις
3297 578 3479 647 ὕψειςς
3514 581 3612 634 Διά
3652 597 3737 634 τοι

2180 658 2335 710 τοῦτο
2371 659 2505 727 μετὰ
2536 658 2634 720 τάς
2678 659 2875 728 μυρίας
2914 658 3088 720 πάλας
3127 660 3496 727 ἀστεφάνωτος
3525 662 3737 731 ἀναχω-

2183 741 2324 807 ρείς,
2363 739 2498 805 μετά
2543 739 2666 800 τοὺς
2712 739 2937 800 πολλοὺς
2990 738 3216 810 ἱδρῶτας
3255 740 3419 810 χωρὶς
3473 740 3736 812 βραϐείων

2182 819 2392 887 ἀπέρχῃ
2419 819 2550 887 πρὸς
2574 820 2664 870 τὸν
2690 819 3052 890 ἀγωνοθέτηνς
3080 819 3215 872 Ἀλλ’
3234 821 3331 872 οὐκ
3366 819 3542 884 Ὀζίας
3565 821 3736 876 τοιοῦ-

2183 915 2271 960 τος
2296 895 2382 966 ἦν,
2411 899 2522 978 ἀλλ’
2548 898 2773 952 ἐνώπιον
2803 901 3006 978 Κυρίου
3042 901 3102 954 τὸ
3130 901 3280 964 εὐθὲς
3306 902 3497 957 ἐποίει.

2267 980 2389 1041 Πῶς
2447 975 2540 1032 οὗν
2600 980 2738 1032 οὕτω
2803 975 2938 1050 μετά
2997 982 3277 1051 ἀκριϐείας
3329 982 3738 1052 πολιτευόμενος

2185 1061 2538 1130 ὐπεσκελίσθη
2588 1063 2678 1114 καὶ
2722 1062 3014 1128 κατέπεσε;
3063 1063 3228 1116 Τοῦτο
3259 1061 3365 1132 γάρ
3410 1063 3562 1131 κάγὼ
3609 1066 3738 1118 θαυ-

2188 1141 2341 1211 μάζω
2371 1143 2464 1194 καὶ
2493 1143 2756 1212 διαπορῶ,
2790 1143 2985 1212 μᾶλλον
3014 1144 3068 1196 δὲ
3099 1145 3196 1197 οὐκ
3225 1143 3287 1196 ἂν
3318 1145 3400 1215 εἴη
3439 1145 3596 1199 τοῦτο
3623 1147 3738 1199 δια-

2186 1225 2466 1292 πορήσεως
2516 1224 2692 1288 ἄξιονο
2740 1225 3021 1295 ἅνθρωπος
3070 1227 3176 1296 γάρ
3205 1222 3290 1296 ἦν,
3326 1231 3554 1298 πρᾶγμα
3604 1231 3738 1299 πρὸς

2185 1304 2454 1372 ἁμαρτίαν
2479 1305 2765 1370 εὐόλισθον,
2793 1307 2886 1358 καὶ
2913 1307 3047 1376 πρὸς
3073 1306 3266 1360 κακίαν
3287 1308 3601 1379 ὀξύρροπον.
3631 1313 3739 1362 Καὶ

2185 1385 2245 1435 οὐ
2279 1384 2434 1436 τοῦτο
2468 1385 2626 1454 μόνον
2670 1387 2788 1439 ἐστὶ
2815 1388 2875 1439 τὸ
2925 1387 3173 1456 χαλεπὸν,
3221 1389 3334 1440 ἀλλ’
3375 1391 3455 1443 ὅτι
3502 1390 3592 1442 καὶ
3622 1391 3741 1443 ὁδὸν

2189 1464 2376 1535 στενὴν
2397 1467 2489 1518 καὶ
2510 1467 2866 1538 τεθλιμμένην
2890 1469 3090 1520 ὁδεύειν
3113 1470 3347 1539 ἐπετάγη
3359 1488 3452 1538 μεν
3476 1470 3578 1522 ὑπὸ
3606 1487 3738 1540 κρη-

2191 1547 2336 1617 μνῶν
2383 1548 2714 1618 ἐκατέρωθεν
2759 1550 3168 1619 ἀπειλημμένην
3198 1563 3242 1605 θ.
3273 1551 3428 1622 [114]
3455 1552 3619 1606 Ὅταν
3646 1549 3737 1606 οὖν

2189 1628 2283 1680 καὶ
2322 1630 2689 1698 προαιρέσεως
2717 1630 2930 1683 εὐκολία
2973 1633 3065 1682 καὶ
3112 1632 3227 1684 ὁδοῦ
3269 1633 3519 1687 δυσκολία
3553 1634 3736 1688 συνέλ-

2190 1709 2353 1761 θωσιν
2381 1711 2460 1771 είς
2486 1709 2697 1772 ταύτὸν,
2733 1709 2806 1779 μὴ
2837 1710 3077 1778 θαύμαζε
3111 1712 3291 1764 λοιπὸν
3331 1714 3467 1783 ὑπὲρ
3499 1714 3604 1771 τῶν
3633 1732 3737 1767 πα-

2191 1791 2584 1862 ραπτωμάτων.
2626 1791 2888 1861 Καθάπερ
2917 1796 3022 1860 γάρ
3053 1795 3107 1844 ἐν
3138 1797 3245 1856 τοῖς
3275 1795 3516 1865 θεάτροις
3551 1797 3599 1849 οί
3641 1796 3737 1866 τὴν

2192 1876 2396 1942 σχοῖνον
2419 1872 2515 1942 τὴν
2543 1872 2783 1925 κάτωθεν
2809 1873 2919 1932 ἀνω
2947 1876 3239 1945 τεταμένην
3269 1875 3287 1912 τ
3320 1877 3621 1930 ἀναϐαίνειν
3647 1879 3738 1930 καὶ

2191 1955 2532 2010 καταϐαίνειν
2567 1953 2926 2024 μελετῶντες,
2978 1956 3041 2008 ἂν
3098 1957 3285 2026 μικρὸν
3321 1958 3735 2028 παραϐλέψωσι,

2191 2037 2632 2107 παρατραπέντες
2661 2037 3137 2106 κατενεχθήσονται
3171 2039 3246 2101 είς
3284 2038 3377 2109 τὴν
3414 2040 3735 2109 ὀρχήστραν,

2192 2118 2286 2171 καὶ
2301 2117 2641 2170 ἀπολοῦνταισ
2656 2117 2796 2170 οὕτω
2812 2119 2901 2169 καὶ
2917 2119 2965 2169 οἱ
2986 2118 3080 2188 τὴν
3099 2119 3212 2171 ὁδὸν
3228 2121 3428 2189 ταύτην
3450 2120 3736 2184 ὁδεύοντες,

2194 2199 2260 2253 ἀν
2295 2201 2484 2270 μικρὸν
2514 2201 2884 2270 ῥαθυμήσωσι,
2913 2201 3453 2270 κατακρημνίζονται.
3489 2203 3596 2255 Καὶ
3633 2203 3738 2272 γὰρ

2195 2283 2405 2350 ἐκείνης
2428 2281 2524 2350 τῆς
2546 2283 2749 2349 σχοίνου
2772 2285 2802 2350 ἡ
2825 2282 2940 2342 ὁδὸς
2961 2282 3099 2350 αὕτη
3130 2283 3218 2335 καὶ
3240 2283 3519 2353 στενοτέρα
3543 2285 3634 2336 καὶ
3651 2285 3740 2354 ὁρ-

2196 2363 2307 2424 θιος
2327 2363 2419 2414 καὶ
2440 2365 2740 2431 προσάντης
2757 2362 2954 2431 μᾶλλόν
2975 2365 3086 2414 ἐστι
3111 2365 3202 2416 καὶ
3217 2363 3514 2434 ὑψηλοτέρα
3532 2365 3705 2434 πολλῷ
3722 2380 3734 2393 °

2196 2443 2332 2513 πρὸς
2359 2443 2465 2512 γὰρ
2493 2443 2647 2496 αὐτὸν
2677 2445 2786 2497 ἄνω
2819 2444 3039 2512 τελευτᾷ
3065 2447 3088 2482 Β
3118 2445 3207 2496 τὸν
3237 2445 3479 2513 οὐρανὸν,
3506 2448 3596 2498 καὶ
3622 2446 3738 2500 τότε

2193 2527 2328 2594 ἡμῖν
2354 2525 2729 2594 σφαλερώτερα
2758 2524 2908 2576 ἔσται
2933 2525 3001 2577 τὰ
3027 2525 3179 2595 διαϐή
3189 2542 3348 2595 ματα,
3370 2527 3494 2578 ὅταν
3517 2527 3626 2580 ἀνω
3649 2527 3741 2579 καὶ

2197 2607 2332 2676 πρὸς
2359 2608 2494 2675 αὐτῇ
2525 2605 2804 2673 γενώμεθα
2828 2607 2893 2675 τῇ
2925 2609 3166 2676 κορυφῇ·
3198 2609 3306 2668 τοῖς
3338 2607 3443 2677 γὰρ
3469 2610 3550 2676 ἐφ’
3577 2607 3739 2675 ὕψους

2198 2689 2390 2739 ἑστῶσι
2428 2689 2587 2751 πολὺς
2613 2691 2640 2739 6
2669 2688 2884 2757 τρόμος,
2915 2689 3005 2740 καὶ¹
3036 2688 3131 2756 μία
3162 2691 3317 2758 μόνον
3347 2691 3610 2758 ἀσφάλεια
3639 2691 3742 2743 λεί-

2201 2787 2385 2832 πεται,
2429 2769 2489 2820 16
2531 2769 2604 2838 μὴ
2639 2768 2944 2836 κατακύψαι
2975 2770 3140 2834 κάτω,
3177 2770 3306 2839 μηδὲ
3351 2772 3428 2833 είς
3465 2771 3565 2840 γῆν
3597 2772 3739 2824 ίδεῖν.

2200 2853 2309 2906 Καὶ
2343 2851 2451 2920 γάρ
2490 2851 2716 2921 χαλεπὸς
2747 2848 2989 2902 ἐντεῦθεν
3018 2853 3044 2902 ὁ
3075 2852 3366 2915 σκοτόδινος
3393 2852 3612 2920 γίνεται,
3646 2854 3743 2906 Διά

2199 2950 2281 2986 τοι
2311 2933 2466 2985 τοῦτο
2511 2932 2743 3000 συνεχῶς
2778 2933 2908 2999 ήμῖν
2937 2933 2963 2982 6
2994 2933 3275 3004 Προφήτης
3303 2934 3492 3004 ἐπιϐοᾷ
3538 2935 3706 3002 λέγων
3725 2952 3738 2966 °

2201 3019 2306 3080 Εἰς
2340 3013 2406 3066 τὸ
2438 3013 2609 3076 τέλος
2647 3012 2731 3079 μὴ
2777 3011 3150 3080 διαφθείρῃς-ο
3203 3013 3542 3085 ρᾳθυμοῦσαν
3590 3016 3744 3085 ἡμῶν

2201 3097 2296 3166 τὴν
2326 3096 2499 3165 ψυχὴν
2537 3093 2890 3158 ἀναστέλλων,
2919 3095 3011 3145 καὶ
3059 3095 3348 3164 μέλλουσαν
3391 3095 3742 3150 καταπίπτειν

2201 3177 2406 3246 ἀνέχων
2437 3177 2530 3229 καὶ
2559 3175 2878 3244 διακρατῶν.
2915 3175 3002 3228 Ἐν
3035 3178 3172 3246 ἀρχῇ
3207 3177 3300 3243 μὶν
3333 3177 3438 3248 γάρ
3458 3178 3517 3228 οὐ
3550 3176 3743 3245 πολλῆς

2202 3257 2434 3326 δεόμεθα
2494 3257 2592 3324 τῆς
2638 3255 3046 3325 παρακλήσεως.
3089 3257 3152 3309 Τί
3201 3257 3430 3326 δήποτες
3477 3258 3596 3308 Ὅτι
3643 3259 3746 3318 πᾶς

2204 3339 2298 3393 ἀνθ
2308 3355 2502 3408 ρωπος,
2530 3338 2628 3390 κᾶν
2654 3338 2902 3391 ἁπάντων
2927 3338 3252 3401 νωθέστατος
3274 3333 3328 3410 ᾖ,
3360 3338 3561 3408 μέλλων
3586 3339 3748 3391 ἀπτε-

2208 3420 2328 3472 σθαι
2366 3419 2710 3488 πράγματος,
2760 3419 2954 3488 πολλὴν
2983 3420 3040 3471 ἐν
3083 3422 3191 3478 τοῖς
3219 3419 3516 3488 προοιμίοις
3556 3418 3748 3471 ἐπιδεί-

2206 3516 2394 3552 κνυται
2433 3500 2527 3566 τὴν
2577 3499 2823 3570 σπουδὴν,
2858 3500 2950 3552 καὶ
2985 3500 3080 3569 τῆς
3128 3499 3427 3572 προθυμίας
3473 3497 3749 3569 ἀκμαζού-

2209 3598 2328 3650 σης,
2369 3581 2460 3635 καὶ
2502 3582 2599 3650 τῆς
2637 3582 2910 3651 δυνάμεως
2953 3584 3147 3652 νεαρᾶς
3186 3581 3347 3652 οῦσης
3393 3581 3504 3645 έτι,
3558 3581 3749 3652 ῥᾳδίως

2209 3662 2343 3730 πρὸς
2369 3662 2430 3715 τὸ
2456 3663 2807 3732 προκείμενον
2833 3663 3095 3718 ἐπιϐαίνει
3116 3680 3128 3692 ·
3157 3664 3279 3717 ὅταν
3307 3663 3361 3715 δὲ
3391 3664 3451 3716 τὸ
3473 3662 3632 3715 πλέον
3653 3663 3750 3730 τῆς

2208 3743 2326 3796 ὁδοῦ
2373 3745 2735 3813 προέλθωμεν,
2787 3745 2879 3797 καὶ
2928 3743 3173 3815 μαρανθῇ
3216 3743 3284 3796 τά
3325 3743 3422 3813 τῆς
3452 3743 3752 3813 προθυμίας

2211 3828 2360 3895 ήμῐν,
2389 3830 2456 3878 τὰ
2490 3826 2545 3876 δὲ
2578 3827 2673 3896 τῆς
2711 3827 2989 3896 δυνάμεως
3019 3826 3172 3896 ήμῶν
3204 3826 3358 3896 λήξῃ,
3395 3825 3671 3895 μέλλωμεν
3697 3827 3752 3880 δὲ

2211 3906 2588 3969 καταπίπτειν,
2628 3908 2748 3959 τότε
2777 3909 2904 3977 ήμῖν
2941 3909 2970 3960 6
3008 3909 3286 3978 προφήτης
3329 3909 3592 3979 εὐκαίρως
3622 3927 3755 3978 παρ-

2217 3990 2465 4053 ίσταται,
2527 3989 2769 4059 καθάπερ
2834 3988 3129 4060 βακτηρίαν
3175 3988 3292 4042 τινὰ
3345 3988 3405 4042 τὺ
3448 3989 3756 4060 ἐπίφθεγμα

2211 4073 2368 4124 τοῦτο
2406 4066 2633 4142 ὀρέγων,
2674 4072 2768 4126 καὶ
2815 4071 3008 4142 λέγων,
3052 4075 3155 4140 Εἰς
3195 4074 3261 4129 τὸ
3303 4074 3476 4141 τέλος
3507 4074 3593 4149 μὴ
3633 4074 3752 4128 diae

2212 4155 2474 4226 φθείρῃς.

2284 4236 2399 4289 Καὶ
2426 4235 2532 4302 γὰρ
2559 4233 2588 4284 6
2615 4233 2853 4299 διάϐολος
2883 4237 3005 4289 τότε
3037 4237 3383 4308 σφοδρότερον
3410 4239 3531 4290 πνεῖ
3556 4234 3605 4293 ι.
3650 4239 3758 4293 Καὶ

2215 4315 2464 4384 καθάπερ
2507 4316 2556 4366 οἱ
2601 4315 2698 4382 τὴν
2749 4315 3014 4369 θάλατταν
3050 4317 3295 4380 πλέοντες
3340 4319 3621 4388 πειραταὶ,
3664 4319 3757 4389 οὐχ

2215 4398 2341 4451 ὅταν
2374 4395 2552 4448 ῐδωσιν
2584 4395 2790 4458 ἐξιόντα
2825 4396 2918 4448 τοῦ
2950 4397 3163 4466 λιμένος
3189 4398 3257 4451 τά
3294 4397 3467 4461 πλοῖα,
3501 4399 3618 4452 τότε
3647 4401 3759 4453 ἐπι-

2216 4479 2469 4543 τίθενται,
2505 4476 2578 4545 (τί
2607 4476 2713 4546 γάρ
2743 4477 2923 4540 αὐτοῖς
2950 4477 3138 4546 δφελος
3186 4478 3336 4532 κενὸν
3379 4479 3672 4533 καταδῦσαι
3700 4479 3758 4533 τὸ

2219 4559 2476 4628 σκάφοςς)
2503 4557 2613 4610 ἀλλ’
2635 4559 2759 4611 ὃταν
2788 4557 2979 4628 ἐπανίῃ
3005 4559 3182 4629 πλήρη
3218 4560 3306 4613 τὸν
3337 4562 3525 4630 φόρτον
3555 4560 3757 4630 ἔχοντα,

2217 4642 2337 4693 τότε
2381 4640 2557 4694 πᾶσαν
2609 4639 2811 4692 κινοῦσι
2847 4641 3092 4709 μηχανήν
3148 4638 3286 4693 οὕτω
3327 4640 3418 4693 καὶ
3461 4642 3489 4694 6
3534 4641 3760 4712 πονηρὸς

2217 4722 2420 4790 δαίμων
2453 4721 2672 4783 ἐκεῖνος,
2703 4720 2826 4772 ὅταν
2859 4719 2939 4790 ῐδῃ
2980 4720 3147 4774 πολλὰ
3186 4722 3574 4790 συναγηοχότας
3599 4719 3642 4784 ί,
3671 4739 3763 4791 νη-

2222 4803 2420 4866 στείαν,
2455 4801 2634 4869 εὐχὰς,
2667 4799 3054 4870 ἐλεημοσύνην,
3087 4801 3448 4873 σωφροσύνην,
3479 4802 3574 4872 τὴν
3605 4801 3762 4870 ἀλλην

2221 4884 2435 4936 ἅπασαν
2467 4881 2680 4952 ἀρετὴν,
2712 4881 2837 4933 ὅταν
2867 4881 2951 4952 ἴδη
2981 4880 3146 4950 γέμον
3174 4882 3325 4952 ήμῶν
3353 4882 3413 4936 τὸ
3449 4883 3629 4934 πλοῖον
3659 4879 3761 4932 τῶν

2221 4963 2522 5016 πολυτελῶν
2557 4966 2655 5032 τῆς
2690 4962 2964 5024 εὐσεϐείας
3015 4962 3193 5027 λίθων,
3238 4964 3357 5017 τότε
3410 4962 3763 5036 προσϐάλλει,

2223 5052 2485 5106 πάντοθεν
2533 5051 2821 5122 διορύττων
2871 5051 2960 5102 τὸν
2999 5051 3282 5124 θησαυρὸν,
3310 5053 3449 5106 ὥστε
3479 5053 3607 5123 παρ’
3635 5050 3768 5104 αὐτά

2222 5136 2314 5188 τοῦ
2340 5135 2549 5205 λιμένος
2581 5135 2649 5186 τά
2690 5133 2929 5201 στόματα
2963 5133 3256 5188 καταδῦσαι
3301 5134 3361 5187 τὸ
3397 5135 3598 5203 σκάφος
3619 5172 3635 5199 ,
3680 5133 3768 5186 καὶ

2292 5304 2314 5331 θ
2341 5301 2567 5366 Erasmus
2590 5301 2765 5366 le_gi_s§e
2787 5299 2977 5366 videtur
3006 5300 3285 5358 ἑκατέρωθεν
3318 5295 3644 5366 agamnam,
3665 5306 3771 5366 νει·-

2229 5363 2281 5408 tit
2318 5364 2466 5432 enin},
2492 5355 2774 5468 ρνωεῷἑιὶἱε
2814 5357 3064 5414 minacem.
3107 5355 3285 5421 nempe
3314 5358 3455 5405 vium.
3492 5355 3591 5404 Sed
3613 5355 3774 5403 nullus

2229 5422 2379 5468 codex
2397 5434 2468 5468 31c
2524 5419 2652 5468 abet.

2228 5432 2345 5468 C000
2354 5435 2379 5468 Χ
2397 5434 2468 5468 31c
2492 5432 2652 5468 habet.

2294 5481 2311 5518 ί
2345 5481 2473 5528 Unus
2493 5479 2833 5539 ἐπιτεταμένην.

2295 5545 2318 5579 Β
2344 5542 2465 5589 Tres
2485 5553 2602 5587 mss.
2626 5533 2721 5585 ἀνω
2745 5533 2948 5587 τέταται.
2970 5537 3108 5588 Unus
3132 5537 3228 5584 ἀνω
3260 5537 3532 5584 τελειοῦται.
3556 5533 3775 5583 Erasmus

2230 5602 2424 5649 videtur
2443 5598 2621 5656 legisse
2643 5600 2846 5646 τέταται.
2873 5599 2970 5647 Sed
2982 5599 3059 5646 hae
3077 5610 3245 5656 omnes
3271 5598 3508 5646 lectiones
3528 5598 3770 5656 quadram.

2235 5664 2339 5711 Mox
2379 5661 2461 5707 alii
2491 5652 2861 5720 ἐπισφαλέστερα
2894 5659 3025 5706 ἐσται
3051 5659 3110 5705 τά
3133 5652 3336 5720 βήματα,

2295 5720 2322 5789 1}
2355 5722 2487 5790 pinus
2507 5719 2813 5790 σφοδρότερον
2835 5719 3095 5790 ἐπέρχεται.

2305 5784 2319 5819 ί
2364 5781 2494 5828 [ηιιε
2519 5775 2871 5838 συναγαγόντας.
2895 5775 3042 5827 Ξὴνὶίς
3066 5775 3435 5839 συνηγειοχὸτας.
