4064 6214
266 363 383 419 113

242 478 381 535 erat,
428 466 770 523 exstinxeris.
800 465 896 521 Hic
920 469 1078 535 igitur
1104 463 1258 519 Ozias
1279 480 1308 518 c
1329 465 1470 533 sirpe
1491 460 1654 516 David
1678 461 1827 516 duxit

242 575 442 628 genus,
488 574 577 613 rex
611 568 787 611 autem
836 566 947 611 erat
992 555 1339 617 Judaaorum;
1391 554 1629 623 regnavit
1673 554 1826 606 annis

244 651 624 721 quinquaginta
649 648 853 702 duobus
880 665 892 699 :
925 662 1150 716 cumque
1190 645 1339 699 initio
1371 659 1491 699 cum
1526 642 1680 697 laude
1707 658 1826 713 ges-

244 745 403 795 sisset
444 741 793 811 principatum
816 778 832 803 ,
876 747 991 807 post
1027 739 1077 791 in
1119 745 1389 806 peccatum
1420 737 1693 806 prolapsus
1722 744 1821 789 est.

242 830 374 885 Cum
404 832 545 886 enim
578 830 791 884 altiores
821 830 1036 898 spiritus
1070 826 1374 882 sustulisset
1411 841 1570 895 quam
1615 840 1709 895 pro
1732 840 1824 878 sua

246 923 525 993 dignitate,
550 923 904 993 principatum
936 920 1127 973 invasit
1151 917 1455 973 sacerdotii.

318 1013 569 1082 Superbia
591 1029 725 1080 sa’pe
751 1028 814 1065 ea:
831 1011 961 1064 bona
981 1009 1279 1063 conscientia
1309 1009 1487 1062 oritur.
1508 1037 1579 1048 —
1598 1008 1824 1061 Tantum

241 1113 443 1166 malum
470 1115 552 1159 est
581 1105 903 1172 arrogantia,
934 1118 1052 1171 qua:
1085 1100 1384 1171 persuadet,
1419 1110 1474 1154 ut
1493 1101 1713 1168 quiSque
1735 1114 1821 1152 se-

241 1199 351 1244 met
373 1196 611 1263 ignoret,
653 1204 879 1264 postque
914 1193 1111 1247 multos
1138 1192 1348 1247 labores
1374 1206 1585 1245 omnem
1617 1192 1823 1245 virtutis

242 1288 555 1337 thesaurum
581 1284 840 1337 exhaurit.
890 1288 968 1336 Ac
1005 1293 1195 1337 «πρίει-α
1237 1282 1451 1351 quidem
1496 1281 1635 1335 mala
1673 1281 1824 1334 nobis

241 1372 570 1442 negligenter
600 1372 882 1443 agentibus
909 1372 1082 1427 solent
1120 1372 1409 1426 exuberare
1434 1412 1448 1436 ,
1491 1371 1603 1424 hinc
1646 1380 1822 1424 autem

242 1464 372 1532 ipsis
413 1472 558 1518 recte
602 1462 755 1517 factis
782 1464 976 1518 nostris
1004 1464 1325 1517 adnascitur.
1358 1463 1498 1517 Nihil
1533 1466 1679 1518 enim
1704 1477 1823 1531 per-

241 1555 366 1609 inde
391 1554 557 1626 gignit
596 1554 903 1624 superbiam
930 1596 945 1621 ,
974 1564 1031 1608 ut
1060 1554 1194 1609 bona
1222 1554 1568 1618 conscientia,
1598 1554 1696 1607 nisi
1724 1552 1820 1606 ad-

240 1647 542 1715 vigilemus.
593 1646 743 1703 Unde
767 1656 820 1701 et
843 1646 1087 1701 Christus
1114 1647 1313 1711 sciens,
1334 1645 1477 1715 quod
1499 1656 1617 1717 post
1654 1648 1820 1703 bene-

243 1738 379 1791 facta
427 1752 525 1791 nos
564 1736 650 1791 hic
698 1738 915 1792 morbus
955 1737 1262 1803 adoriatur,
1308 1738 1515 1794 dicebat
1551 1738 1822 1807 discipulis

240 1830 352 1882 suis
382 1847 394 1881 :
427 1828 552 1883 Cum
580 1831 748 1881 omnia
776 1830 988 1901 feceritis
1007 1870 1021 1891 ,
1048 1830 1227 1894 dicite,
1256 1830 1399 1884 Servi
1426 1831 1626 1885 inutiles
1649 1848 1821 1883 sumus

242 1920 260 1988 (
286 1918 413 1972 Luc.
443 1920 530 1973 l7.
564 1920 689 1990 10).
721 1921 853 1973 Cum
880 1921 1023 1975 enim
1056 1922 1168 1975 ltazc
1196 1923 1349 1975 noxia
1380 1923 1545 1977 bestia
1574 1933 1721 1991 parat
1743 1924 1823 1977 in-

242 2011 437 2064 vadere
464 2026 580 2077 vos,
612 2020 754 2077 tunc,
786 2013 971 2081 inquit,
1002 2028 1097 2082 per
1128 2012 1241 2066 [nec
1270 2013 1427 2067 verba
1459 2014 1598 2069 fores
1627 2015 1702 2068 illi
1730 2030 1820 2069 oe-

240 2102 460 2157 cludite.
506 2102 686 2172 Neque
714 2104 845 2157 dixit
874 2122 886 2157 :
918 2104 1051 2158 Cum
1092 2103 1269 2158 omnia
1300 2104 1527 2159 feceritis
1552 2147 1567 2173 ,
1607 2106 1820 2161 inutiles

240 2196 368 2249 estis
394 2212 407 2247 :
428 2196 543 2258 sed,
568 2195 671 2249 Vos
692 2196 869 2261 dicite,
886 2197 1106 2253 inutiles
1130 2212 1334 2252 sumus.
1366 2198 1479 2263 Dic,
1504 2214 1571 2253 ne
1591 2208 1821 2265 metuas,

242 2300 346 2337 non
379 2301 444 2339 ex
489 2294 579 2338 tuo
624 2285 824 2353 judicio
869 2284 980 2340 fero
1018 2288 1356 2343 sententiam.
1398 2288 1529 2343 Nam
1575 2291 1619 2343 si
1669 2298 1721 2343 tu
1774 2300 1822 2343 le

242 2380 415 2446 ipsum
439 2376 636 2431 dixeris
667 2378 925 2441 inutilem,
949 2395 1047 2448 ego
1080 2388 1129 2434 te
1151 2381 1400 2435 ututilem
1423 2382 1710 2436 coronabo.
1736 2382 1823 2437 Sic

240 2479 295 2521 et
321 2468 453 2521 alias
475 2468 705 2536 loquitur
736 2486 749 2521 :
782 2468 875 2522 Dic
902 2479 955 2521 tu
976 2473 1112 2539 prior
1141 2481 1344 2540 peccata
1365 2482 1471 2535 tua,
1502 2482 1554 2525 ut
1573 2474 1824 2541 justi/ice-

242 2559 311 2610 ris
337 2560 354 2626 (
376 2558 501 2611 Isai.
536 2560 620 2612 43.
654 2558 779 2629 26).
818 2560 875 2613 ln
914 2560 1195 2613 mundanis
1224 2561 1484 2630 siquidem
1510 2577 1574 2617 ac
1602 2564 1826 2616 forensi-

243 2651 343 2703 bus
362 2650 577 2716 judiciis
598 2662 717 2719 post
736 2653 1129 2705 accusationem
1156 2662 1209 2706 et
1234 2654 1511 2706 criminum
1536 2652 1825 2708 confessio-

242 2757 365 2796 nem
404 2751 571 2795 restat
610 2757 759 2796 mors
799 2761 810 2797 :
855 2752 1108 2797 creterum
1142 2744 1279 2812 apud
1320 2744 1555 2799 divinum
1596 2745 1823 2800 tribunal

243 2844 361 2903 pOst
389 2835 783 2889 accusationem
807 2844 859 2888 et
884 2836 1267 2891 confessionem
1297 2848 1631 2905 peccatorum
1671 2837 1827 2890 datur

241 2940 462 2978 corona.
501 2925 648 2979 Unde
677 2935 729 2978 et
761 2926 1009 2979 Salomon
1040 2926 1168 2979 dicit
1201 2924 1300 2997 (a)
1329 2941 1339 2979 :
1372 2924 1450 2979 Ne
1466 2927 1827 2996 justiﬁcaveris

242 3018 456 3085 teipsum
477 3018 528 3070 in
550 3028 817 3087 conspectu
846 3018 1045 3071 Domini
1073 3020 1090 3086 (
1112 3018 1267 3071 Eccli.
1294 3020 1346 3073 7.
1369 3016 1460 3091 5).
1488 3018 1678 3073 Verum
1700 3018 1823 3072 nihil

244 3106 437 3162 horum
467 3109 664 3162 audivit
691 3108 876 3174 Ozias,
906 3111 997 3163 sed
1032 3110 1184 3163 irruit
1210 3112 1261 3163 in
1292 3112 1543 3179 templum
1568 3152 1580 3172 ,
1633 3119 1689 3163 ut
1732 3112 1823 3163 ad-

243 3200 448 3263 oleret,
486 3214 547 3253 ac
574 3216 640 3254 ne
667 3200 943 3254 sacerdote
969 3202 1179 3268 quidem
1210 3201 1524 3269 prohibente
1554 3202 1824 3255 abstinuit.

244 3288 383 3354 Quid
415 3289 577 3359 igitur
600 3290 781 3345 Deus?
808 3289 1028 3345 Immisit
1058 3292 1131 3345 illi
1162 3293 1360 3361 lepram
1402 3292 1455 3346 in
1483 3292 1657 3349 fronte
1676 3334 1693 3359 ,
1724 3293 1825 3349 hoc

245 3380 405 3435 modo
435 3381 797 3451 impudentem
839 3382 1028 3437 faciem
1050 3385 1293 3453 puniens,
1328 3385 1630 3456 docensque
1656 3387 1829 3454 illum,

246 3471 386 3541 quod
413 3472 516 3527 hoc
535 3484 674 3529 esset
709 3475 799 3528 Dei
823 3475 1082 3542 tribunal,
1110 3487 1163 3531 et
1191 3478 1329 3547 quod
1363 3478 1437 3532 illi
1466 3480 1661 3534 bellum
1688 3491 1831 3536 esset

248 3578 353 3616 non
382 3564 642 3619 adversus
671 3563 949 3631 homines,
988 3567 1079 3621 sed
1115 3568 1370 3623 adversus
1410 3570 1595 3624 Deum.
1642 3573 1718 3626 Ac
1762 3573 1830 3627 de

247 3654 371 3708 Ozia
395 3655 609 3722 quidem
633 3654 906 3710 hactenus.
930 3658 1167 3727 Agedum
1189 3659 1297 3729 jam
1338 3661 1405 3714 ab
1437 3661 1641 3731 integro
1663 3662 1830 3717 histo-

248 3746 377 3799 riam
406 3746 545 3801 hanc
575 3762 966 3815 percurramus.
1011 3749 1144 3803 Nam
1180 3750 1278 3806 hac
1316 3751 1385 3808 de
1422 3767 1581 3807 causa
1626 3762 1679 3807 et
1718 3754 1831 3821 ipse

250 3853 631 3907 prmoccupans
661 3840 976 3908 compendio
997 3840 1146 3895 vobis
1175 3844 1393 3912 exposui
1426 3861 1544 3915 quae
1570 3844 1711 3901 Ozize
1737 3862 1831 3901 ac-

246 3929 496 3984 ciderunt
526 3930 703 3984 omnia
738 3947 754 3983 :
784 3940 842 3985 ut
882 3945 1003 3985 cum
1042 3933 1313 3989 audieritis
1352 3934 1677 4005 Scripturam
1719 3936 1833 3992 haec

247 4020 432 4073 eadem
463 4031 769 4075 narrantem
788 4062 806 4083 ,
836 4038 1014 4076 rerum
1041 4024 1232 4077 seriem
1261 4040 1469 4082 summo
1513 4043 1634 4082 cum
1670 4028 1833 4083 animi

248 4114 423 4167 studio
448 4114 850 4167 consectemiui.
888 4114 992 4169 Sed
1028 4118 1306 4171 attendite.
1342 4119 1404 4174 Et
1444 4120 1591 4188 fecit,
1628 4122 1831 4189 inquit,

253 4204 405 4262 Ozias
431 4205 571 4275 quod
599 4215 785 4259 rectum
816 4218 887 4261 est
914 4208 964 4261 in
995 4220 1261 4278 conspectu
1300 4210 1501 4265 Domini
1529 4214 1546 4281 (
1563 4212 1617 4265 2.
1652 4212 1831 4266 l’aral.

250 4295 344 4349 26.
372 4297 407 4350 4
424 4298 466 4366 ).
492 4295 608 4349 Hoc
628 4297 930 4351 testimonio
961 4313 1203 4367 magnam
1222 4300 1360 4355 illius
1385 4305 1630 4356 virtutem
1660 4302 1835 4358 decla-

257 4387 413 4440 ratit.
442 4384 561 4439 Non
588 4386 734 4441 enim
759 4387 915 4441 modo
944 4387 1069 4443 fecit
1096 4390 1236 4459 quod
1264 4400 1464 4446 rectum
1491 4402 1632 4458 erat,
1653 4410 1836 4449 verum

255 4476 416 4530 etiam
447 4476 574 4530 fecit
603 4476 653 4529 in
681 4487 970 4546 conspectu
1002 4480 1208 4534 Domini
1229 4522 1244 4546 ,
1292 4497 1395 4535 non
1419 4484 1557 4553 apud
1593 4483 1837 4541 homines

258 4578 319 4620 se
346 4576 627 4622 ostentans
647 4607 662 4629 ,
708 4567 1152 4635 quemadmodum
1178 4573 1317 4639 apud
1344 4572 1557 4629 .ludzeos
1579 4574 1837 4630 faciebant

259 4655 357 4719 illi,
387 4657 480 4725 qui
503 4666 629 4710 ante
656 4658 1051 4728 eleemosynam
1082 4661 1205 4715 tuba
1236 4664 1513 4728 canebant,
1546 4676 1599 4719 et
1630 4668 1678 4719 in
1699 4667 1836 4735 jeju-

261 4746 364 4799 niis
394 4745 558 4799 facies
593 4761 715 4799 suas
743 4749 1167 4803 exterminabant
1192 4792 1205 4817 ,
1253 4754 1341 4821 qui
1386 4758 1735 4821 precabantur
1784 4758 1836 4810 in

262 4836 548 4905 compitis;
582 4836 771 4904 quibus
811 4838 969 4892 rebus
1014 4840 1139 4908 quid
1181 4850 1355 4909 potest
1391 4859 1510 4897 esse
1554 4845 1836 4913 miserius,

265 4926 352 4981 ubi
398 4934 521 4995 post
564 4926 817 4985 toleratos
860 4927 1105 4999 labores,
1161 4933 1303 4987 omni
1350 4936 1568 5003 prtemio
1614 4936 1837 4993 frustra-

271 5020 501 5075 bantur?

333 5112 387 5166 2.
411 5111 548 5179 Quid
572 5111 718 5177 facis,
751 5113 941 5169 homo?
967 5115 1054 5171 alii
1086 5118 1383 5175 redditurus
1406 5135 1465 5175 es
1485 5124 1740 5178 rationem
1768 5124 1844 5178 fa-

267 5212 472 5257 ctorum
523 5213 765 5269 tuorum,
796 5214 849 5257 et
877 5207 1040 5261 alium
1073 5218 1259 5264 testem
1314 5214 1447 5268 citas
1486 5232 1671 5269 eorum
1724 5234 1843 5285 qua:

269 5294 435 5347 facis?
457 5295 616 5347 alium
644 5293 808 5348 habes
833 5295 1087 5363 judicem,
1118 5309 1172 5353 et
1200 5303 1360 5355 alium
1388 5304 1607 5357 adhibes
1631 5319 1842 5374 specta-

270 5385 479 5438 torem?
516 5383 632 5438 Non
670 5384 815 5439 vides
844 5387 1055 5455 aurigas
1102 5391 1192 5459 qui
1236 5392 1479 5447 universa
1527 5397 1740 5451 civitate
1791 5399 1841 5451 in

271 5476 480 5529 sublimi
531 5477 754 5535 sedente
784 5478 833 5531 in
885 5480 1221 5547 equestribus
1262 5482 1437 5550 ludis,
1480 5495 1645 5539 tutum
1690 5489 1844 5542 stadii

272 5568 499 5636 spatium
528 5578 903 5638 percurrentes
924 5608 937 5633 ,
972 5570 1044 5625 ibi
1074 5573 1397 5628 contendunt
1421 5586 1845 5633 concertatorum

338 5704 407 5764 (a)
435 5704 673 5778 Non‘raro
697 5706 1127 5778 Sit-acidis-llbrum
1166 5711 1440 5762 Salomonis
1476 5714 1595 5764 dicit
1629 5715 1827 5777 Chryso-

277 5770 476 5821 stomus,
504 5770 559 5814 ut
581 5770 772 5816 monuit
797 5770 1024 5818 Savilius.

1237 349 1302 403 IN
1341 347 1563 413 l‘LLUD,
1610 343 1741 400 VIDI
1782 346 2112 413 DOMlNUM,
2152 348 2381 406 HOMIL.
2422 350 2508 408 Ill.

3396 375 3505 433 114

1933 477 2123 517 currus
2168 465 2497 530 subvertere,
2529 467 2614 520 ubi
2647 466 3023 535 Imperatorem
3060 468 3290 524 viderint
3316 469 3509 525 seden-

1934 563 2041 608 tem
2067 594 2088 617 ,
2117 563 2172 608 et
2200 556 2337 609 inter
2382 564 2459 609 tot
2503 558 2852 627 spectantium
2891 558 3067 613 vultus
3114 575 3275 614 unum
3304 560 3515 614 oculum

1932 658 2119 717 putant
2145 648 2248 703 fide
2268 648 2585 718 digniorem?
2606 650 2676 704 At
2701 659 2755 704 tu
2779 666 2900 706 eum
2928 649 3109 707 videas
3156 652 3328 721 ipsum
3358 666 3513 721 angew

1929 738 2101 793 lorum
2131 740 2328 808 Regem
2356 749 2443 793 tuo
2466 740 2641 794 cursui
2668 741 3045 810 agonotbetam
3066 782 3081 805 ,
3111 747 3212 796 hoc
3232 750 3315 795 est
3336 750 3516 795 certae

1930 832 2090 885 minis
2111 830 2375 900 judicem,
2408 830 2691 900 praesidere
2719 869 2737 896 ,
2768 846 2834 885 eo
2860 833 3225 902 praetermisso
3278 828 3343 883 ad
3377 845 3510 885 con-

1929 935 2204 975 servorum
2254 920 2391 991 fugis
2418 920 2641 975 oculos?
2667 922 2840 989 Atque
2879 920 3001 975 ideo
3042 934 3171 975 sane
3209 930 3332 990 post
3356 920 3515 974 innu-

1929 1025 2104 1065 meras
2143 1010 2312 1065 luctas
2359 1010 2700 1065 incoronatus
2728 1009 2962 1074 recedis,
2988 1018 3109 1078 post
3134 1011 3359 1065 sudores
3388 1009 3507 1079 plu-

1927 1102 2092 1156 rimos
2121 1102 2319 1171 absque
2350 1101 2581 1170 praemiis
2602 1101 2750 1155 venis
2773 1100 2840 1155 ad
2868 1100 3248 1171 agonotbetam
3265 1101 3288 1154 τ
3307 1100 3378 1155 At
3403 1115 3511 1155 non

1929 1192 2051 1246 talis
2091 1201 2206 1245 erat
2256 1192 2444 1254 Ozias,
2487 1190 2579 1245 sed
2626 1191 2679 1245 in
2707 1202 2993 1261 conspectu
3024 1191 3232 1245 Domini
3284 1189 3515 1246 faciebat

1927 1282 2068 1353 quod
2102 1292 2304 1336 rectum
2332 1293 2433 1336 est.

2000 1372 2275 1443 Fragilitas
2326 1372 2563 1426 hominis.
2623 1371 2933 1426 Funambuli
2985 1381 3210 1444 tempore
3279 1372 3508 1445 Chryso-

1926 1463 2094 1517 stomi.
2123 1462 2313 1527 —Qui
2344 1460 2542 1517 factum
2583 1473 2664 1517 est
2712 1463 2889 1533 igitur,
2923 1470 2981 1516 ut
3035 1471 3156 1532 post
3195 1463 3361 1519 vitam
3403 1473 3512 1519 tam

1926 1555 2218 1623 perfectam
2269 1554 2637 1623 supplantatus
2679 1555 2747 1607 sit
2792 1552 3229 1624 concideritque?
3249 1551 3382 1609 Nam
3409 1554 3513 1609 hoc

1926 1658 1979 1701 et
2022 1648 2133 1716 ipse
2164 1646 2426 1700 demiraus
2458 1646 2673 1711 haesito,
2702 1647 2827 1715 quin
2872 1648 3049 1716 potius
3094 1645 3227 1701 nihil
3278 1646 3510 1703 hicesse

1926 1740 2085 1795 debet
2112 1740 2441 1793 hmsitatiune
2456 1739 2693 1807 dignum,
2720 1738 3153 1808 quandoquidem
3178 1736 3341 1794 homo
3367 1747 3507 1805 erat,

1928 1847 2014 1885 res
2039 1830 2103 1885 ad
2130 1831 2453 1901 peccandum
2500 1830 2733 1895 lubrica,
2756 1840 2810 1885 et
2844 1829 2911 1883 ad
2938 1830 3191 1883 malitiam
3218 1844 3506 1900 propensa.

1926 1924 2112 1995 Neque
2139 1923 2190 1977 id
2212 1924 2385 1977 sobnn
2415 1931 2497 1977 est
2520 1922 2737 1977 difficile
2756 1965 2770 1982 ,
2793 1937 2979 1976 verum
3005 1922 3165 1975 etiam
3194 1921 3321 1977 illud
3366 1922 3508 1992 quod

1927 2016 2323 2084 incederejussi
2353 2028 2536 2068 sumus
2560 2029 2654 2083 per
2670 2014 2809 2067 viam
2836 2025 3137 2083 angustam,
3172 2021 3226 2067 et
3252 2012 3505 2081 utrinque

1925 2106 2234 2176 przecipitiis
2259 2105 2613 2159 terminatam.
2647 2102 2879 2157 Proinde
2904 2102 3117 2172 quoties
3138 2111 3193 2158 et
3222 2102 3511 2157 voluntatis

1927 2197 2151 2252 facilitas
2179 2206 2233 2252 et
2268 2196 2364 2250 via:
2407 2195 2693 2251 difficultas
2738 2197 2788 2247 in
2816 2211 2977 2249 unum
3001 2202 3231 2261 coeunt,
3262 2210 3331 2250 ne
3356 2204 3505 2263 post-

1926 2306 1988 2346 ea
2032 2295 2227 2345 mirare
2268 2290 2334 2344 de
2380 2289 2549 2359 lapsu.
2610 2289 3071 2357 Quemadmodum
3108 2291 3252 2343 enim
3292 2288 3347 2342 in
3389 2303 3509 2358 spe-

1927 2384 2147 2438 ctaculis
2192 2383 2282 2449 qui
2334 2397 2426 2450 per
2469 2382 2648 2435 funem
2705 2380 2774 2434 ab
2822 2382 2927 2434 imo
2980 2381 3030 2434 in
3070 2380 3244 2434 altum
3298 2388 3505 2433 tensum

1927 2474 2216 2528 ascendere
2241 2489 2303 2526 ac
2322 2473 2648 2527 descendere
2663 2472 3004 2535 meditantur,
3034 2472 3078 2525 si
3112 2469 3383 2540 paululum
3409 2471 3504 2524 de-

1928 2562 2167 2617 flexeriut
2195 2563 2377 2617 oculos
2401 2602 2417 2627 ,
2446 2563 2656 2617 inverso
2698 2576 2924 2632 eoi-pore
2962 2561 3272 2616 deferuntur
3321 2560 3375 2615 in
3413 2576 3507 2615 or-

1928 2658 2220 2719 chestram,
2250 2666 2575 2726 pereuntque
2607 2675 2621 2710 :
2650 2656 2832 2710 itidem
2864 2657 2953 2726 qui
2982 2671 3076 2725 per
3098 2656 3236 2710 hanc
3260 2654 3512 2709 incedunt

1928 2750 2069 2803 viam
2096 2790 2112 2814 ,
2144 2748 2187 2802 si
2218 2750 2305 2803 vel
2342 2750 2609 2819 paululum
2656 2750 2889 2817 segniter
2914 2748 3140 2817 egerint,
3172 2748 3512 2818 praecipitan-

1933 2849 2037 2894 tur.
2072 2841 2135 2894 Et
2175 2849 2349 2893 tamen
2374 2840 2487 2893 hare
2516 2840 2599 2893 via
2630 2847 2739 2893 tum
2767 2838 3040 2907 angustior
3066 2848 3168 2902 est,
3200 2846 3311 2891 tum
3341 2838 3510 2908 magis

1931 2930 2096 2984 ardua
2119 2972 2133 2993 ,
2166 2931 2436 2999 multoque
2463 2929 2746 2991 excelsior,
2769 2943 2926 2997 quam
2972 2928 3058 2981 illa
3088 2943 3185 2995 per
3213 2927 3390 2981 funem
3408 2966 3424 2992 ,
3456 2937 3514 2980 ut

1932 3037 2049 3091 qua:
2070 3037 2281 3074 sursum
2310 3021 2374 3074 ad
2409 3022 2576 3089 ipsum
2601 3035 2767 3087 usque
2792 3019 2978 3073 cmlum
3009 3028 3258 3085 protensa
3285 3026 3368 3071 est
3399 3034 3413 3069 :
3445 3032 3510 3072 ac

1934 3123 2042 3167 tum
2093 3115 2243 3165 nobis
2290 3116 2490 3179 majore
2519 3125 2639 3164 cum
2673 3110 2907 3177 periculo
2950 3120 3222 3178 ponuntur
3244 3109 3466 3179 vestigia
3492 3148 3523 3175 ,.

1931 3220 2053 3259 cum
2082 3205 2147 3257 ad
2171 3218 2434 3257 summum
2465 3212 2519 3257 et
2546 3202 2611 3255 ad
2644 3204 2813 3272 ipsum
2845 3218 3012 3271 usque
3038 3202 3305 3272 fastigium
3333 3216 3517 3257 acces-

1932 3297 2162 3351 serimus
2195 3312 2207 3347 :
2240 3310 2364 3348 nam
2389 3294 2445 3347 in
2471 3294 2682 3347 sublimi
2706 3301 2909 3346 stantes
2938 3293 3134 3347 multus
3154 3302 3381 3362 occupat
3408 3300 3517 3349 tre-

1932 3401 2076 3451 mor,
2100 3394 2261 3454 atque
2283 3399 2385 3438 una
2415 3391 2617 3438 tantum
2638 3383 2884 3438 cautione
2910 3383 3005 3437 tuti
3032 3392 3152 3437 sunt
3181 3397 3209 3435 a
3236 3383 3383 3452 lapsu
3404 3422 3420 3448 ,
3448 3398 3516 3437 ne

1933 3477 2182 3533 deorsum
2214 3477 2504 3546 aspiciant,
2534 3491 2667 3531 neve
2698 3476 2749 3529 in
2772 3486 2968 3530 terram
3005 3476 3285 3530 demittant
3307 3476 3512 3531 oculos.

1934 3569 2065 3625 Nam
2096 3569 2217 3623 inde
2261 3568 2420 3622 multa
2463 3579 2512 3622 et
2560 3568 2735 3637 gravis
2760 3568 2998 3622 exoritur
3038 3565 3371 3621 tenebricosa
3398 3581 3519 3620 ver-

1936 3660 2062 3727 tigo.
2098 3658 2243 3712 llanc
2263 3657 2479 3726 quidem
2502 3657 2571 3710 ob
2600 3672 2813 3710 causam
2845 3655 3103 3726 propheta
3130 3655 3282 3711 nobis
3306 3656 3517 3712 assidue

1936 3748 2223 3815 inclamat,
2252 3747 2476 3802 dicens:
2509 3746 2571 3799 In
2602 3748 2755 3815 ﬁnem
2793 3764 2856 3800 ne
2886 3764 3181 3815 corrumpas
3213 3745 3389 3816 (Psal.
3419 3748 3511 3801 56.

1938 3838 1997 3910 1)
2026 3859 2040 3894 :
2070 3840 2260 3894 anima:
2282 3849 2477 3893 nostra:
2501 3838 2801 3892 socordiam
2830 3838 3130 3902 retrahens,
3156 3838 3375 3907 jamque
3402 3839 3514 3893 col-

1938 3932 2206 4002 lapsuram
2249 3930 2556 3985 suffulciens
2585 3945 2647 3983 ac
2678 3930 2935 3984 retinens.
2970 3928 3123 3981 Initio
3148 3928 3363 3996 quidem
3409 3944 3517 3981 non

1938 4039 2158 4095 egemus
2210 4026 2374 4078 multa
2414 4023 2804 4077 exhortatione.
2856 4018 2998 4087 Quid
3035 4020 3107 4074 ita
3152 4020 3400 4074 tandem?
3440 4019 3521 4074 Eo

1938 4114 2080 4183 quod
2125 4113 2349 4183 quilibet
2371 4111 2551 4176 homo,
2572 4111 2781 4165 etiamsi
2824 4109 2982 4165 fuerit
3021 4110 3260 4163 omnium
3294 4110 3517 4179 pigerri-

1939 4219 2078 4267 mus,
2104 4215 2450 4273 aggressurus
2493 4201 2761 4271 negotium
2788 4241 2803 4264 ,
2835 4200 3117 4270 plurimam
3164 4201 3213 4253 iu
3260 4201 3522 4269 principio

1941 4294 2157 4348 adhibet
2204 4293 2533 4362 diligentiam
2562 4333 2576 4359 ,
2605 4291 2838 4362 dumque
2868 4300 2923 4345 et
2963 4290 3127 4344 animi
3156 4291 3294 4359 viget
3322 4290 3520 4343 alacri.

1942 4394 2056 4450 tas,
2080 4395 2134 4441 et
2160 4385 2302 4440 vires
2350 4386 2565 4455 integra:
2592 4392 2715 4438 sunt
2760 4398 2823 4437 ac
2847 4392 3115 4440 recentes.
3149 4381 3301 4434 facile
3344 4379 3411 4434 ad
3465 4380 3519 4435 id

1942 4478 2084 4547 quod
2130 4478 2455 4547 propositum
2483 4486 2565 4530 est
2608 4474 2859 4543 pertingit
2887 4493 2902 4528 :
2932 4486 3184 4529 catterutn
3217 4473 3308 4528 ubi
3348 4474 3521 4543 major

1943 4572 2042 4624 viae
2066 4585 2185 4638 pars
2213 4569 2364 4623 nobis
2403 4576 2612 4637 peracta
2639 4575 2760 4630 est,
2800 4566 3017 4635 jamque
3058 4566 3347 4621 alacritatis
3369 4568 3519 4637 vigor

1948 4660 2217 4723 emarcuit,
2248 4662 2491 4727 viresque
2518 4665 2719 4711 nostra:
2740 4656 3084 4723 defecerunt,
3116 4672 3217 4711 nec
3261 4657 3404 4711 aliud
3428 4673 3522 4711 su-

1944 4761 2121 4816 perest
2159 4763 2317 4816 quam
2370 4756 2428 4802 ut
2479 4747 2823 4802 decidamus:
2857 4757 2982 4801 tunc
3024 4748 3179 4801 nobis
3226 4757 3527 4816 opportune

1943 4838 2094 4891 adest
2116 4838 2395 4906 propheta,
2426 4838 2586 4892 veluti
2617 4854 2711 4907 pro
2743 4838 2932 4892 baculo
2956 4838 3206 4908 qu0piam
3233 4838 3521 4905 alloquium

1946 4943 2099 4981 suum
2157 4929 2309 4983 nobis
2350 4931 2627 4999 porrigens
2653 4944 2715 4983 ac
2757 4930 2972 4995 dicens,
3008 4927 3074 4981 In
3111 4928 3262 4995 finem
3304 4943 3365 4980 ne
3405 4944 3523 4981 cor-

1945 5036 2173 5088 rumpas.

2019 5109 2173 5164 Bonis
2202 5111 2433 5181 operibus
2466 5112 2731 5165 instructos
2757 5110 2917 5179 magis
2950 5109 3244 5180 aggreditur
3267 5109 3525 5166 diabolus.

1950 5203 2179 5255 —'l‘unc
2207 5203 2349 5256 enim
2375 5202 2613 5256 diabolus
2632 5200 2796 5268 spirat
2823 5199 3194 5255 vehementius
3221 5219 3233 5255 :
3263 5210 3317 5257 et
3338 5218 3525 5271 quem-

1950 5295 2230 5347 admodum
2261 5296 2441 5361 pirat:e
2465 5296 2554 5359 qui
2586 5291 2722 5345 male
2743 5292 2965 5362 navigiis
2996 5294 3265 5357 infestant,
3288 5311 3392 5349 non
3420 5307 3529 5350 tum

1950 5387 2038 5440 ubi
2060 5386 2428 5453 couspexerint
2456 5398 2619 5438 naves
2663 5400 2694 5439 e
2738 5396 2890 5454 portu
2921 5398 3175 5442 exeuntes
3197 5429 3212 5453 ,
3255 5388 3528 5457 invadunt,

1952 5476 2099 5545 (quid
2124 5476 2263 5527 enim
2308 5474 2429 5527 hinc
2456 5473 2657 5529 fructus
2685 5489 2937 5545 caperent
2964 5479 3009 5533 si
3040 5479 3289 5547 scapham
3319 5479 3530 5534 inanem

1950 5567 2381 5637 demergerent?)
2415 5568 2507 5623 sed
2555 5570 2641 5624 ubi
2673 5570 2889 5626 redierit
2916 5582 3103 5627 onusta
3132 5572 3391 5642 plenaque
3420 5589 3532 5627 sar»-

1950 5657 2084 5709 cinis
2110 5697 2123 5719 ,
2152 5668 2261 5709 tum
2305 5658 2505 5713 lenium
2548 5675 2735 5716 omnes
2777 5663 3064 5731 expediunt
3106 5672 3284 5715 artes:
3312 5664 3383 5717 ita
3414 5680 3532 5719 sce-

1954 5745 2148 5801 leratus
2188 5747 2275 5803 ille
2332 5748 2525 5805 lznmon
2568 5752 2725 5807 simu:
2774 5764 2929 5822 atque
2958 5751 3101 5806 videt
3130 5752 3336 5822 aliquos
3360 5754 3529 5810 multa
