4064 6214
523 311 635 370 115

511 416 793 488 collegisse
814 459 828 483 ,
864 415 1108 474 videlicet
1133 417 1331 488 jejunio
1351 459 1366 484 ,
1395 429 1583 486 preces
1612 455 1628 481 ,
1655 413 2044 479 elcemosynam
2070 446 2083 470 ν

511 509 828 572 castitatem,
857 510 1189 581 reliquasque
1219 510 1441 564 virtutes
1467 522 1684 572 omnes,
1713 505 1799 560 ubi
1829 502 1972 556 videt
1997 515 2090 553 na-

514 599 713 668 vigium
759 610 1000 655 nostrum
1034 600 1246 669 plenum
1281 599 1526 669 pretiosis
1555 595 1762 668 pietatis
1807 591 2088 662 lapidibus,

514 697 644 743 tunc
688 688 933 759 irrumpit
957 731 971 755 ,
1001 689 1232 758 undique
1262 689 1568 744 thesaurum
1597 684 1928 756 perfodiens,
1957 691 2014 736 ut
2041 683 2091 734 in

516 777 644 846 ipsis
680 791 866 848 portus
893 780 1043 834 ostiis
1066 781 1316 849 scapham
1338 779 1641 847 demergat,
1674 775 1893 846 jamQue
1921 772 2092 828 nudos

515 882 614 923 nos
643 869 709 924 ad
755 885 877 924 eum
908 881 1115 938 portum
1144 871 1318 940 ejiciat
1351 889 1363 923 :
1393 869 1619 939 ideoque
1665 865 1921 937 propheta
1958 878 2090 917 cun-

517 969 635 1013 ctos
686 959 936 1014 admouet
977 961 1160 1015 dicens
1193 978 1205 1014 :
1238 959 1302 1013 In
1345 961 1498 1029 ﬁnem
1535 975 1598 1012 ne
1641 971 1952 1023 corrumpas.
2000 953 2095 1007 Et-

516 1052 662 1107 enim
678 1053 746 1106 ab
773 1052 1026 1122 ejusmodi
1054 1054 1203 1108 ruina
1227 1069 1329 1107 non
1357 1053 1508 1108 facile
1533 1059 1613 1107 est
1637 1063 1932 1120 resurgere.
1963 1047 2095 1102 Nam

519 1141 622 1206 Qui
646 1144 698 1197 in
738 1144 1049 1213 profundum
1081 1145 1329 1197 malorum
1370 1143 1554 1198 venerit
1576 1184 1590 1207 ,
1621 1141 1886 1195 contemnit
1915 1138 2094 1209 (Prov.

521 1234 611 1289 £8.
661 1235 738 1296 3).
793 1235 846 1288 In
889 1235 1148 1304 principio
1194 1235 1408 1304 quidem
1458 1234 1618 1303 lapsis
1663 1232 1870 1287 veniam
1908 1230 2098 1285 damus

519 1339 707 1379 omnes
736 1325 806 1380 ob
833 1325 1181 1394 imperitiam;
1212 1325 1304 1379 scd
1339 1341 1457 1381 eum
1494 1324 1582 1395 qui
1612 1332 1733 1394 post
1759 1323 1956 1377 multos
1979 1335 2099 1376 cur—

527 1431 617 1471 sus
646 1416 961 1482 conciderit,
991 1433 1149 1473 nemo
1179 1417 1331 1472 venia
1375 1416 1588 1486 dignum
1607 1413 1961 1485 -judicaverit;
1989 1420 2098 1466 tum

520 1507 665 1562 enim
693 1507 886 1562 cadere
904 1549 919 1572 ,
951 1507 1281 1578 negligentiae
1313 1506 1580 1560 tribuitur.
1602 1504 1712 1560 Nec
1739 1503 1789 1557 id
1815 1503 1985 1557 solum
2014 1499 2102 1554 hic

519 1604 607 1652 est
631 1596 776 1660 mali,
811 1611 994 1650 verum
1015 1596 1174 1650 etiam
1201 1595 1342 1666 quod
1385 1594 1685 1665 hujusmodi
1717 1594 1893 1663 lapsus
1921 1591 2101 1646 multis

520 1687 627 1740 sint
650 1686 992 1755 offendicula,
1012 1697 1072 1743 ut
1095 1702 1279 1744 rursus
1303 1688 1404 1744 hoc
1433 1703 1642 1758 quoque
1669 1687 1882 1740 nomine
1910 1699 2099 1756 pecca~

522 1787 636 1833 tum
685 1778 936 1834 reddatur
962 1779 1348 1836 irremissibile.
1384 1780 1508 1834 llzec
1545 1793 1667 1833 cum
1692 1778 1956 1838 sciamus.
2004 1791 2100 1829 au-

521 1869 814 1924 scultemus
862 1870 1134 1939 prophetae
1159 1910 1172 1932 ,
1202 1879 1256 1926 et
1283 1870 1333 1923 in
1366 1868 1525 1924 linem
1566 1884 1634 1924 ne
1676 1881 2100 1937 corrumpamus.

524 1960 656 2017 Nam
685 1961 784 2016 hac
807 1963 873 2017 de
893 1978 1052 2018 causa
1083 1973 1135 2018 et
1162 1963 1406 2018 Ezechiel
1427 1963 1623 2018 clamat
1642 1962 1824 2017 dicens
1858 1979 1871 2016 :
1906 1957 1968 2016 Si
1994 1961 2104 2031 quis

526 2052 674 2119 fuerit
695 2053 882 2124 justus,
913 2053 1094 2108 deinde
1117 2055 1288 2124 lapsus
1317 2054 1591 2124 peccaverit
1613 2095 1626 2118 ,
1657 2052 1801 2106 nulla
1829 2052 1922 2106 erit
1939 2065 2108 2104 recor-

525 2143 667 2195 datio
706 2144 1025 2212 justitiamm
1065 2145 1211 2208 eius,
1264 2146 1352 2197 sed
1394 2146 1446 2197 in
1490 2154 1688 2211 peccato
1738 2158 1829 2196 suo
1867 2143 2108 2194 morietur

531 2230 741 2301 (Bacch.
792 2235 845 2287 5.
893 2233 1005 2306 20).
1038 2234 1167 2288 Nam
1211 2246 1262 2288 et
1303 2235 1389 2288 hie
1433 2234 1622 2288 metuit
1649 2233 1716 2287 de
1754 2232 1880 2286 line.
1925 2231 2106 2299 Neque

534 2323 656 2378 hinc
689 2323 883 2388 modo,
916 2339 1102 2378 verum
1158 2324 1318 2379 etiam
1363 2338 1429 2376 ex
1458 2323 1739 2377 contrariis
1781 2321 2014 2375 declarat
2052 2319 2104 2372 in

531 2413 632 2466 hac
668 2428 729 2468 re
755 2412 1043 2481 plurimum
1071 2427 1190 2467 esse
1218 2412 1492 2466 momenti.
1522 2412 1584 2466 Si
1601 2414 1711 2479 quis
1730 2455 1744 2476 ,
1771 2410 1930 2478 inquit
1957 2450 1969 2474 ,
1999 2413 2109 2479 fue-

531 2502 596 2554 rit
638 2512 886 2571 peccator,
918 2519 978 2555 ac
1019 2514 1192 2572 postea
1234 2511 1454 2556 mutatus
1507 2503 1670 2571 [actus
1714 2502 1862 2571 fuerit
1893 2502 2063 2569 justus
2090 2541 2104 2566 ,

531 2593 673 2646 nulla
702 2594 792 2646 erit
814 2597 1053 2648 memoria
1083 2596 1444 2664 iujustitiarum
1463 2593 1899 2662 illius:iujustitio
1924 2609 2014 2645 sua
2031 2592 2108 2644 vi-

531 2696 606 2738 vet
629 2683 837 2754 (Ezeclt.
859 2685 945 2740 18.
962 2685 1022 2738 21
1035 2685 1241 2754 ).Vides
1257 2695 1310 2739 et
1331 2685 1414 2738 hie
1431 2683 1741 2753 prophetam
1757 2685 1824 2738 de
1838 2686 1939 2738 line
1954 2685 2111 2738 vehe-

534 2786 741 2832 menter
783 2777 1087 2832 sollicitum.
1117 2777 1389 2846 Siquidem
1432 2787 1488 2829 ut
1533 2791 1705 2844 neque
1738 2777 1956 2844 justitize
2000 2788 2109 2827 sure

534 2866 808 2921 conlidens
831 2866 1034 2935 justus,
1058 2867 1124 2920 ad
1163 2866 1460 2921 socordiam
1490 2879 1672 2921 versus
1702 2875 1898 2933 pereat,
1927 2879 2021 2933 per
2046 2865 2108 2916 li-

535 2975 654 3014 nem
682 2959 869 3014 incutit
897 2959 970 3013 illi
1001 2968 1258 3014 terrorem
1291 2977 1304 3010 :
1341 2972 1512 3029 neque
1540 2966 1790 3028 peccator
1823 2957 1891 3010 ob
1920 2956 2110 3011 delicta

533 3049 872 3120 despondens
913 3049 1145 3103 animum
1172 3090 1186 3113 ,
1236 3049 1431 3118 jugiter
1475 3056 1775 3118 perseveret
1825 3048 1875 3101 in
1922 3047 2068 3118 lapsu
2095 3088 2108 3113 ,

533 3135 690 3210 erigit
719 3140 868 3194 illum
911 3155 1007 3209 per
1037 3139 1362 3209 propositum
1394 3140 1572 3193 linem.
1607 3139 1838 3192 Peccasti
1862 3181 1874 3201 ,
1906 3137 2106 3206 inquit,

534 3232 720 3296 multa,
751 3246 817 3284 ne
841 3231 1092 3299 desperes
1116 3250 1130 3285 :
1153 3241 1236 3284 est
1262 3233 1402 3286 enim
1433 3231 1572 3285 unde
1600 3246 1861 3300 resurgas,
1883 3233 1927 3284 si
1955 3232 2112 3284 linem

537 3321 686 3374 initio
736 3321 1060 3376 contrarium
1115 3319 1441 3375 exhibueris.
1490 3321 1696 3374 Rursus
1743 3319 1808 3373 ad
1859 3320 2058 3387 justum
2093 3359 2107 3383 ,

537 3412 720 3475 Multa,
755 3413 961 3480 inquit,
993 3419 1138 3466 recte
1169 3410 1336 3465 fecisti
1362 3452 1376 3472 ,
1407 3425 1589 3465 verum
1619 3425 1684 3464 ne
1712 3409 1879 3463 fidas:
1907 3411 2113 3464 contin-

536 3513 625 3572 get
644 3505 785 3559 enim
818 3511 874 3556 ut
899 3503 1087 3568 cadas,
1117 3503 1220 3557 nisi
1251 3504 1316 3556 ad
1355 3505 1511 3556 linem
1545 3518 1708 3571 usque
1739 3503 1982 3557 eamdem
2021 3501 2116 3556 ad-

542 3595 725 3649 hibcas
749 3609 952 3648 curam.
988 3594 1145 3649 Vides
1188 3604 1244 3649 ut
1283 3595 1503 3649 alterius
1532 3596 1741 3663 quidem
1772 3595 2069 3650 socordiam
2096 3634 2111 3660 ,

540 3683 757 3737 alterius
787 3698 914 3737 vero
941 3683 1368 3751 desperationem
1393 3686 1686 3739 sustulerit.

612 3775 664 3828 '5.
705 3773 846 3828 Nihil
888 3775 1075 3828 horum
1118 3775 1320 3827 audivit
1359 3775 1531 3835 Ozias,
1563 3775 1786 3843 ideoque
1829 3790 1921 3842 per
1950 3768 2117 3828 conli-

543 3865 778 3918 dentiam
806 3864 1004 3918 decidit
1033 3867 1182 3917 ruina
1210 3866 1504 3933 periculosa
1531 3874 1581 3918 et
1606 3865 1900 3919 insanabili.
1932 3865 2114 3934 Neque

537 3956 686 4008 enim
712 3956 882 4025 quivis
909 3957 1088 4025 lapsus
1111 3971 1288 4024 parem
1315 3957 1485 4010 adfert
1512 3957 1735 4019 ruinam,
1756 3956 1847 4010 sed
1874 3956 2113 4024 quzrdam

542 4055 758 4116 peccata
805 4046 1178 4114 improbationi
1212 4055 1412 4100 tantum
1443 4049 1668 4101 obnoxia
1698 4058 1839 4113 sunt,
1872 4047 2113 4116 qumdam

537 4137 852 4206 gravissimo
872 4137 1131 4205 supplicio
1155 4138 1459 4204 puniuntur.
1483 4137 1710 4191 Proinde
1732 4138 1924 4191 Paulus
1950 4139 2119 4192 incre-

541 4241 672 4298 pans
700 4241 794 4282 eos
822 4227 910 4295 qui
937 4229 988 4280 in
1016 4227 1388 4281 communibus
1417 4227 1584 4281 cmnis
1613 4243 1716 4279 non
1745 4229 2119 4294 exspectabant

538 4306 749 4383 fratres,
773 4319 841 4372 ita
870 4318 1128 4388 loquitur:
1161 4319 1270 4372 Hoc
1285 4319 1587 4373 denuntians
1602 4336 1700 4372 non
1721 4320 1872 4372 laudo
1893 4321 1969 4387 (Ι.
1995 4320 2111 4373 Cor.

541 4410 629 4466 tl.
663 4410 774 4477 l7).
805 4407 966 4462 Vides
1020 4418 1294 4477 peccatum
1339 4409 1474 4463 intra
1517 4409 1983 4478 reprehensionem
2035 4409 2111 4478 (a)

539 4498 854 4562 consistere,
883 4507 938 4553 et
967 4500 1332 4569 objurgatione
1362 4498 1537 4570 plecti.
1565 4502 1632 4554 At
1657 4500 1742 4554 ubi
1773 4501 1838 4554 de
1883 4500 2112 4554 fornica-

541 4589 684 4641 tioue
710 4587 959 4655 loquitur,
991 4602 1095 4642 non
1129 4589 1306 4644 itidem
1347 4589 1493 4646 facit.
1542 4592 1644 4646 Sed
1687 4607 1790 4659 quo
1832 4591 2013 4659 pacto?
2057 4592 2116 4645 Si

537 4679 649 4746 quis
680 4680 919 4746 templum
945 4677 1042 4732 Dei
1071 4681 1240 4744 violat,
1272 4682 1440 4749 perdet
1465 4683 1597 4735 hunc
1633 4681 1769 4737 Deus
1799 4684 1870 4751 (l.
1899 4682 2016 4736 Cor.
2059 4685 2110 4738 5.

544 4771 652 4837 l7).
685 4769 795 4823 Hoc
824 4783 927 4822 non
955 4776 1036 4823 est
1063 4770 1311 4838 probrum
1339 4781 1429 4824 aut
1457 4773 1818 4839 reprehensio,
1842 4775 1933 4828 sed
1962 4788 2118 4843 poena

539 4860 872 4928 gravissima.
896 4855 1049 4913 Novit
1074 4871 1126 4914 et
1157 4860 1405 4913 Salomon
1433 4871 1767 4929 peccatorum
1785 4864 2111 4929 discrimina,

542 4951 630 5018 qui
666 4951 856 5003 furtum
885 4966 1003 5004 cum
1033 4951 1289 5004 adulterio
1316 4953 1594 5004 conferens
1622 4953 1697 5004 sic
1724 4952 1912 5006 alicubi
1946 4954 2114 5023 loqui-

542 5050 660 5095 tur:
690 5041 812 5095 Non
833 5050 905 5095 est
930 5042 1111 5095 mirum
1139 5043 1183 5095 si
1206 5043 1312 5110 quis
1334 5042 1732 5110 deprehendatur
1759 5042 1810 5093 in
1837 5047 1972 5111 furto
1996 5059 2013 5096 :
2033 5048 2118 5113 fu-

540 5144 686 5186 ratur
715 5134 863 5198 euim,
896 5143 951 5186 ut
976 5135 1197 5187 animant
1217 5135 1411 5202 expleat
1437 5135 1764 5186 esurientem:
1783 5134 1870 5186 sed
1912 5132 2116 5185 adulter

544 5225 604 5276 ob
653 5226 876 5290 impiam
904 5240 1078 5277 sensus
1105 5227 1311 5277 exitium
1336 5227 1518 5278 anima:
1541 5241 1646 5278 sua:
1671 5224 1901 5277 conciliat
1933 5223 2113 5278 (Prov.

539 5319 592 5372 6.
625 5317 840 5382 30-52).
887 5317 953 5370 Et
981 5316 1082 5370 hoc
1105 5326 1158 5371 et
1184 5318 1334 5382 illud,
1364 5319 1550 5387 inquit,
1583 5326 1853 5387 peccatum
1885 5328 1986 5382 est,
2018 5314 2112 5371 sed

604 5451 677 5512 (a)
714 5451 769 5500 In
793 5457 971 5508 Crmeo,
998 5464 1096 5512 μεχρι
1117 5466 1374 5510 χατατ-λισιως.
1407 5452 1772 5500 observavimus
1796 5452 1842 5499 iu
1869 5450 2111 5499 Athanasii

536 5515 842 5585 Otrlnuastico
864 5526 1081 5573 ωτάτνωσιν
1107 5525 1197 5585 non
1223 5513 1576 5583 daumationetu
1587 5527 1791 5585 prorsus
1813 5513 2109 5585 δὶδῳιὶίίςίιωι

543 5572 634 5620 sed
659 5583 898 5635 quatenus
932 5572 1112 5622 tantum
1151 5574 1378 5620 damnare
1400 5606 1413 5629 ,
1456 5572 1691 5634 significat
1727 5572 1998 5635 imprdbare
2034 5573 2112 5622 vel

539 5634 909 5692 reprehendere
953 5649 964 5682 :
1009 5636 1319 5695 quamobrem

1360 5649 1572 5695 κατάγνωπιν
1610 5636 1684 5683 hic
1724 5642 1937 5685 Erasmus
1975 5646 2111 5685 ΓΒΕιο

539 5695 708 5753 vertit,
730 5695 1157 5757 repreltcnsiwtem.

1257 305 1313 360 S.
1344 299 1618 358 JOANNIS
1654 292 2125 352 CHRYSOSTOMI
2150 289 2465 348 ARCHIEP.
2506 284 3037 346 CONSTANTINOP.

3660 296 3778 353 116

2198 405 2422 457 alterum
2447 402 2642 466 minus,
2671 400 2898 457 alterum
2931 399 3101 470 majus
3125 419 3136 454 :
3163 413 3361 469 pauper
3391 399 3532 456 enim
3561 414 3784 456 excusa-

2202 494 2402 548 tionem
2451 493 2610 549 habet
2654 491 2795 564 quod
2845 492 3131 562 prmbuerit
3160 492 3494 548 occasionem
3525 494 3782 563 peccandi

2200 585 2440 654 penuria,
2472 584 2623 639 alteri
2666 582 2842 639 omnis
2871 583 3118 653 adempta
3148 593 3230 639 est
3255 585 3543 642 excusatio.
3577 587 3645 638 At
3672 584 3781 648 hic,

2199 676 2363 740 dices,
2387 675 2601 744 pellitur
2621 673 2843 729 naturali
2867 675 3313 744 concupiscentia.
3343 676 3531 730 Atnon
3560 675 3785 746 permit-

2203 769 2263 821 tit
2287 766 2427 824 elabi
2457 782 2593 822 uxor
2616 782 2734 838 qum
2759 767 2830 821 illi
2853 775 2995 822 sorte
3016 766 3218 836 obtigit,
3245 766 3338 821 sed
3369 767 3527 822 inStat
3551 767 3787 838 eripiens

2203 860 2276 914 illi
2308 861 2532 915 veniam.
2567 859 2648 914 0b
2677 858 2728 914 id
2756 859 2896 914 enim
2925 860 3319 914 matrimonium
3346 869 3399 914 et
3427 860 3583 930 hujus
3612 861 3787 931 legiti-

2204 965 2321 1004 mus
2341 965 2471 1005 usus
2501 951 2837 1019 permittitur,
2869 966 2936 1006 ne
2964 951 3088 1020 quid
3118 951 3308 1006 horum
3339 967 3594 1008 excusare
3617 953 3788 1021 possit

2204 1042 2447 1096 maritus.
2479 1040 2627 1096 Hanc
2650 1042 2720 1098 ob
2739 1057 2952 1097 causam
2975 1043 3097 1097 data
3118 1053 3202 1098 est
3227 1044 3301 1098 illi
3321 1045 3510 1100 mulier
3531 1045 3787 1115 adjutrix,

2205 1142 2260 1187 ut
2289 1131 2722 1189 effervescentem
2755 1142 2994 1188 naturam
3024 1144 3291 1202 coerceat,
3324 1143 3378 1189 ut
3406 1137 3790 1207 concupiscen-

2206 1225 2291 1280 ti:e
2317 1224 2506 1282 ﬂuctus
2530 1226 2696 1282 sedet.
2727 1227 2907 1296 Itaque
2921 1227 3367 1298 quemadmodum
3393 1229 3711 1298 gubernator
3732 1229 3786 1283 in

2207 1329 2360 1388 portu
2392 1319 2591 1375 faciens
2616 1319 2942 1391 naufragium
2975 1320 3375 1390 haudquaquam
3421 1321 3579 1376 ullam
3616 1322 3788 1391 impe-

2209 1417 2372 1464 traret
2398 1410 2640 1466 veniam:
2666 1411 2743 1466 sic
2772 1426 2870 1465 nec
2896 1410 2941 1465 is
2969 1410 3058 1479 qui
3102 1425 3221 1464 cum
3266 1427 3364 1482 per
3402 1412 3702 1482 conjugium
3733 1413 3787 1466 in

2208 1509 2320 1556 tuto
2346 1501 2657 1568 collocetur,
2688 1512 2860 1558 tamen
2878 1503 3048 1557 aliena
3075 1501 3673 1572 perfoditmatrimonia,
3697 1511 3790 1556 aut

2207 1607 2595 1663 quamcumque
2621 1592 2871 1648 feminam
2900 1594 3123 1649 curiosis
3146 1593 3336 1662 aspicit
3375 1593 3560 1659 oculis,
3592 1593 3789 1648 habere

2207 1683 2492 1753 quidquam
2524 1684 2691 1754 possit
2733 1686 3086 1739 excusationis
3116 1700 3214 1740 nec
3244 1685 3382 1754 apud
3417 1685 3660 1741 homines
3690 1701 3790 1740 nee

2208 1775 2347 1844 apud
2373 1775 2558 1842 Deum,
2582 1776 2786 1831 etiamsi
2815 1775 3005 1830 millies
3035 1776 3275 1845 allegarit
3307 1785 3508 1831 naturze
3543 1777 3788 1847 volupta-

2212 1874 2337 1918 tem.
2385 1863 2497 1919 lmo
2525 1880 2642 1936 quze
2674 1865 2839 1934 possit
2877 1865 2986 1919 illic
3016 1880 3134 1921 esse
3162 1865 3426 1935 voluptas,
3460 1867 3546 1921 ubi
3593 1879 3785 1934 metus,

2210 1953 2298 2010 ubi
2324 1955 2586 2021 anxietas,
2619 1956 2708 2010 ubi
2740 1965 3003 2010 tantorum
3033 1956 3295 2011 malorum
3323 1958 3672 2027 exspectatio,
3697 1958 3788 2013 ubi

2212 2044 2511 2109 tribunalia,
2543 2046 2627 2101 ubi
2654 2047 2886 2102 rationes
2910 2046 3216 2116 reddendae,
3243 2047 3331 2102 ubi
3351 2047 3546 2117 judicis
3572 2051 3668 2114 ira,
3703 2049 3789 2104 ubi

2211 2135 2418 2204 gladius
2443 2146 2496 2191 et
2524 2138 2783 2203 carnifex,
2834 2138 2920 2193 ubi
2970 2139 3297 2206 barathrum,
3352 2151 3406 2194 et
3447 2142 3694 2196 abductio
3724 2143 3791 2196 ad

2212 2227 2562 2297 supplicium?
2587 2228 2776 2284 Omnia
2808 2240 2960 2299 pavet
2987 2231 3277 2300 metuitque
3303 2232 3535 2300 quiltalis
3550 2243 3651 2297 est,
3669 2247 3788 2285 um-

2213 2316 2357 2382 bras,
2391 2319 2637 2386 parietes,
2671 2319 2816 2388 ipsos
2845 2320 3066 2389 lapides,
3114 2328 3378 2390 tamquam
3412 2333 3591 2372 vocem
3635 2320 3791 2373 emit-

2215 2416 2419 2464 tentes:
2443 2424 2629 2465 omnes
2655 2411 2903 2467 observat
2931 2411 3191 2482 habetque
3219 2419 3516 2480 suspectos,
3542 2410 3788 2476 famulos,

2214 2500 2436 2563 vicinos,
2468 2503 2688 2571 amicos,
2735 2504 2934 2565 hostes,
2966 2519 3060 2559 eos
3097 2504 3184 2575 qui
3216 2512 3412 2557 norunt
3455 2505 3652 2568 omnia,
3699 2520 3792 2559 eos

2214 2593 2306 2661 qui
2333 2591 2463 2646 nihil
2493 2602 2704 2647 norunt.
2738 2592 2876 2661 Quin
2906 2594 3104 2662 potius,
3127 2593 3171 2650 si
3196 2593 3365 2654 voles.
3400 2595 3651 2649 tollantur
3680 2594 3793 2649 haec

2214 2685 2426 2738 omnia:
2461 2699 2718 2754 ponamus
2745 2685 2877 2739 nulli
2916 2693 3100 2739 notum
3131 2700 3250 2740 esse
3290 2684 3546 2755 flagitium
3578 2696 3795 2756 praeter-

2215 2788 2371 2842 quam
2399 2775 2498 2842 ipsi
2525 2775 2636 2840 uni,
2668 2783 2722 2829 et
2751 2775 2960 2830 mulieri
3010 2791 3167 2846 quam
3198 2776 3544 2831 adulteravit:
3576 2792 3796 2846 quomo-

2216 2863 2285 2918 do
2328 2864 2463 2918 feret
2498 2865 2877 2920 conscientiam
2910 2867 3336 2936 redargucntem,
3367 2867 3612 2922 acerbam
3643 2883 3796 2922 accu-

2216 2956 2465 3010 satricem
2498 2956 2640 3010 illam
2669 2956 2863 3026 ubique
2887 2971 3068 3012 secum
3097 2957 3312 3012 ferens?
3337 2957 3792 3024 Quemadmodum

2217 3046 2358 3100 enim
2382 3045 2616 3116 seipsum
2643 3062 2798 3101 nemo
2825 3056 2998 3116 potest
3024 3047 3276 3118 effugere,
3307 3049 3376 3100 ita
3406 3063 3503 3103 nec
3531 3048 3674 3102 illam
3702 3049 3798 3102 hu—

2218 3136 2300 3206 ius
2323 3137 2600 3193 tribunalis
2627 3139 2964 3193 sententiam.
3005 3137 3117 3192 Hoc
3142 3139 3284 3193 enim
3317 3138 3542 3192 tribunal
3574 3154 3677 3192 non
3707 3153 3796 3208 pe-

2217 3230 2371 3284 cunia
2393 3231 2767 3300 corrumpitur,
2793 3245 2900 3284 non
2922 3230 3312 3285 adulationibus
3331 3232 3647 3299 acquiescit;
3673 3247 3792 3284 nam

2217 3319 2453 3373 divinum
2482 3330 2583 3382 est,
2615 3329 2669 3374 et
2692 3334 2721 3372 a
2756 3320 2862 3373 Deo
2889 3320 3084 3374 nostris
3112 3319 3325 3375 insitum
3353 3320 3640 3376 mentibus.
3663 3319 3798 3374 Vere

2218 3410 2430 3463 Adulter
2456 3428 2544 3479 per
2571 3412 2792 3480 inopiam
2817 3427 2991 3464 sensus
3035 3412 3242 3466 exitium
3280 3427 3386 3466 sua:
3423 3412 3583 3484 ipsius
3617 3411 3797 3465 animte

2220 3502 2455 3556 conciliat
2486 3500 2664 3572 (Prov.
2699 3501 2750 3556 6.
2781 3501 2892 3570 52).
2928 3501 3162 3557 Tametsi
3194 3518 3292 3558 nec
3319 3502 3399 3556 fur
3426 3503 3585 3557 etiam
3610 3503 3797 3555 immu-

2223 3593 2304 3647 nis
2329 3603 2412 3646 est
2440 3608 2466 3645 a
2496 3593 2775 3662 supplicio,
2822 3609 3002 3648 verum
3047 3594 3139 3648 dat
3180 3594 3393 3664 quidem
3425 3609 3659 3663 ptenam,
3705 3593 3795 3649 sed

2221 3683 2504 3738 minorem.
2532 3683 2638 3740 Nec
2664 3685 2806 3739 enim
2835 3683 3262 3754 comparationes
3286 3686 3337 3740 in
3359 3685 3628 3741 diversum
3657 3687 3798 3740 ordi-

2221 3789 2344 3829 nem
2365 3775 2651 3829 cxtrudunt
2677 3790 2736 3829 ea
2760 3790 2878 3845 qua“:
2902 3784 3294 3844 comparantur,
3318 3777 3408 3832 sed
3436 3779 3798 3847 permittentes

2220 3879 2318 3917 suo
2347 3881 2567 3934 qtueque
2594 3880 2808 3918 manere
2834 3865 2971 3930 loco,
3000 3865 3401 3921 diminutionem
3424 3868 3681 3922 inducunt
3708 3877 3797 3921 aut

2221 3958 2671 4026 exsuperantiam.
2703 3956 2954 4012 Fortasse
2982 3972 3086 4011 non
3114 3957 3406 4028 inlelligitis
3433 3959 3572 4027 quod
3598 3959 3791 4013 dictum

2222 4058 2334 4103 est:
2363 4050 2538 4117 itaque
2570 4062 2789 4103 necesse
2815 4055 2898 4102 est
2926 4048 3063 4103 idem
3092 4049 3421 4117 explanatius
3449 4048 3644 4104 dicere.
3689 4051 3793 4104 Bo-

2225 4156 2347 4194 num
2380 4149 2462 4196 est
2505 4140 2827 4210 conjugium,
2868 4139 2960 4193 sed
3009 4139 3199 4194 melior
3239 4150 3320 4195 est
3366 4141 3671 4211 virginitas:
3698 4156 3795 4197 nec

2224 4232 2472 4299 quoniam
2501 4231 2691 4286 melior
2715 4241 2796 4286 est
2822 4231 3112 4301 virginitas,
3147 4231 3265 4287 ideo
3291 4233 3485 4287 malum
3511 4243 3594 4288 est
3616 4235 3798 4304 conju-

2220 4324 2384 4392 gium,
2423 4323 2514 4377 sed
2562 4322 2685 4377 illud
2735 4322 2947 4392 quidem
3001 4323 3239 4390 inferius,
3283 4323 3479 4393 alioqui
3509 4325 3704 4379 bonum
3745 4332 3796 4379 et

2223 4416 2416 4483 ipsum.
2448 4413 2704 4468 Similiter
2730 4423 2783 4468 et
2810 4414 2923 4468 hic:
2958 4415 3152 4468 malum
3184 4423 3264 4467 est
3289 4413 3503 4478 furtum,
3537 4415 3628 4469 sed
3651 4415 3798 4468 adul-

2223 4506 2358 4558 terio
2398 4505 2591 4571 minus,
2623 4519 2939 4574 quamquam
2971 4511 3022 4558 et
3064 4504 3235 4572 ipsum
3279 4512 3360 4558 est
3390 4504 3606 4557 malum.
3644 4505 3795 4560 Vides

2222 4605 2555 4663 peccatorum
2586 4593 2944 4649 differentias?
2970 4594 3378 4648 (Iousideremus
3425 4593 3601 4664 itaque
3646 4598 3797 4664 quale

2225 4693 2494 4754 peccatum
2525 4685 2610 4739 hic
2639 4685 2955 4754 peccaverit.
2978 4682 3187 4738 Elatum
3213 4693 3303 4747 est,
3333 4683 3518 4753 inquit,
3555 4700 3641 4736 cor
3665 4683 3797 4737 illius

2224 4775 2299 4846 (Ξ.
2337 4774 2518 4828 Paral.
2546 4774 2634 4829 26.
2663 4774 2774 4842 16).
2807 4773 3164 4828 Periculosum
3189 4773 3413 4828 vulnus:
3443 4781 3525 4828 est
3548 4774 3688 4829 enim
3719 4790 3799 4826 ar—

2225 4866 2481 4935 rogantia,
2508 4865 2806 4934 arrogantia
2829 4864 3062 4932 inquam,
3098 4864 3358 4918 malorum
3397 4864 3634 4918 omnium
3663 4863 3794 4917 fons.

2225 4959 2290 5012 Et
2319 4966 2376 5012 ut
2406 4957 2719 5025 compendio
2763 4955 2937 5010 discas
2980 4955 3149 5009 morbi
3180 4954 3455 5021 malitiam,
3489 4955 3617 5010 illud
3655 4954 3794 5008 audi.

2225 5047 2425 5103 Caetera
2449 5046 2658 5115 quidem
2682 5054 2895 5114 peccata
2922 5045 3060 5098 circa
3086 5054 3320 5100 nostram
3346 5055 3624 5101 versantur
3651 5051 3798 5097 natu-

2223 5154 2354 5201 ram.
2390 5148 2444 5192 at
2469 5138 2710 5207 superbia
2739 5137 2984 5191 virtutem
3027 5131 3441 5206 incorpoream'e
3467 5135 3676 5190 sublimi
3708 5133 3797 5187 dco

2226 5230 2381 5285 traxit
2411 5244 2472 5282 ac
2500 5228 2722 5298 dejecit:
2755 5241 2873 5279 nam
2915 5226 3203 5295 diabolum,
3246 5243 3364 5283 cum
3411 5226 3650 5280 diabolus
3696 5239 3794 5278 non

2224 5333 2386 5392 esset,
2416 5322 2680 5378 diabolum
2709 5319 2882 5375 effecit
2901 5323 3219 5391 arrogantia.
3254 5319 3403 5386 Quod
3429 5319 3474 5373 si
3501 5326 3690 5373 testem
3708 5317 3799 5370 ad-

2225 5415 2412 5470 ducam
2433 5414 2621 5468 lsaiam
2655 5413 2723 5466 ita
2751 5411 2818 5466 de
2846 5413 2932 5465 illo
2971 5413 3291 5482 loquentem,
3322 5409 3386 5464 In
3416 5411 3594 5466 cretum
3620 5426 3794 5464 ascen-

2224 5507 2360 5570 dam,
2395 5513 2442 5558 et
2480 5520 2563 5558 ero
2588 5503 2766 5557 similis
2798 5499 3053 5556 Altissimo
3093 5502 3244 5573 (lsai.
3292 5501 3378 5555 14.
3423 5500 3540 5570 li):
3573 5498 3660 5568 qui
3694 5514 3794 5551 non

2226 5597 2448 5650 libenter
2476 5593 2735 5662 recipiunt
2760 5591 3053 5661 allegorias,
3082 5591 3428 5663 repudiabunt
3461 5599 3697 5644 nostrum
3723 5599 3795 5642 te-

2229 5686 2562 5742 stimonium:
2592 5683 2671 5738 sin
2703 5697 2824 5738 vero
2865 5681 3084 5738 Paulum
3117 5682 3189 5737 illi
3217 5680 3608 5738 adhibuerimus
3645 5693 3798 5734 accu-
