4064 6214
289 371 409 430 115

269 466 517 537 γυμνοὺς
565 466 933 538 παραπέμψαι
970 466 1104 537 πρὸς
1154 465 1360 518 ἐκεῖνον
1395 465 1487 518 τὸν
1523 465 1714 535 λιμένα
1747 466 1852 518 λοι-

1240 349 1304 406 IN
1341 350 1570 418 ILLUD,
1609 351 1745 407 VIDI
1785 348 2122 417 DOMINUM,
2157 348 2389 405 HOMIL.
2429 347 2519 403 ΠΙ.

3419 370 3448 425 1

1961 372 2122 417 Num,
2157 372 2389 405 ηυωιυ.
2429 372 2519 403 ιιι.
3419 372 3533 430 116

1961 464 2112 532 φησὶ,
2135 463 2234 532 τὴν
2257 462 2364 515 ἀπὸ
2397 462 2498 532 τῆς
2524 459 2756 530 φυσικῆς
2785 460 3075 531 ἐπιθυμίας
3105 461 3367 533 ἀνάγκην.
3385 463 3526 518 Ἀλλ’

269 551 394 604 τεόν.
421 549 518 602 Διά
542 549 699 602 τοῦτο
722 550 750 600 6
776 551 1061 619 προφήτης
1088 549 1345 619 παραινεῖ
1374 549 1508 601 πᾶσι
1534 547 1724 617 λέγων,
1752 551 1852 614 Ek
1960 555 2059 608 οὐκ
2101 553 2324 623 ἀφίησιν
2367 556 2400 620 ὴ
2432 551 2768 624 κληρωθεῖσα
2804 549 2950 623 [116]
3002 553 3166 607 αὑτοῦ
3205 554 3374 622 γυνὴ,
3409 553 3525 609 ἀλλ’

269 633 338 685 τὸ
371 631 546 696 τέλος
573 629 658 699 μὴ
685 630 1046 699 διαφθείρῃς.
1075 631 1184 684 Καὶ
1212 630 1320 701 γάρ
1356 631 1493 699 μετὰ
1535 629 1635 701 τὴν
1665 630 1843 683 τοιαύ-

269 730 372 784 την
399 713 603 766 πτῶσιν
626 711 1026 781 δυσανάκλητος
1058 713 1217 764 πάλιν
1243 713 1276 783 ἡ
1311 712 1621 776 ἀνάστασις.
1661 713 1716 764 '0
1737 712 1846 781 γὰρ

266 797 461 851 ἐλθὼν
489 797 576 860 εις
602 807 628 836 ι
643 795 835 861 ,βάθος
863 795 1082 857 κακῶν,
1102 795 1473 863 καταφρονεῖ.
1503 796 1612 849 Καὶ
1638 795 1716 866 τῷ
1749 797 1846 866 μὲν

266 879 329 930 ἐν
372 879 515 947 ἀρχῇ
568 877 784 930 πεσόντι
831 877 1270 946 συγγινώσκομεν
1323 877 1560 940 ἅπαντες
1611 878 1698 930 διὰ
1748 880 1845 947 τὴν

269 961 552 1030 ἀπειρίαν·
595 960 684 1013 τὸν
714 960 768 1013 δέ
805 961 942 1029 μετὰ
971 961 1196 1022 πολλοὺς
1247 959 1397 1031 [115]
1445 963 1567 1024 τοὺς
1614 961 1846 1032 δρόμους

268 1041 726 1095 ὑποσκελισθέντα
780 1043 879 1095 οὑκ
926 1043 990 1096 ἄν
1029 1059 1112 1103 τις
1166 1041 1364 1111 ῥαδίως
1415 1042 1664 1108 ἀξιώσειε
1712 1061 1846 1112 συγο

266 1125 492 1194 γνώμης
521 1124 554 1194 ἦ
590 1124 911 1192 ἀπολογίας·
954 1123 1222 1196 ῥᾳθυμίας
1253 1125 1358 1194 γάρ
1390 1126 1509 1178 τότε
1542 1125 1602 1178 τὸ
1647 1125 1846 1196 πτῶμα

267 1203 405 1259 εἷναι
442 1208 605 1259 δοκεῖ.
654 1207 759 1260 Καὶ
792 1209 851 1260 οὑ
876 1208 1033 1259 τοῦτο
1078 1206 1236 1276 μόνον
1265 1208 1381 1260 ἐστὶ
1412 1208 1471 1261 τὺ
1512 1208 1702 1273 δεινὸν,
1729 1210 1844 1263 ἀλλ’

264 1289 350 1341 δτι
375 1291 469 1343 καὶ
497 1289 679 1341 πολλοὶ
717 1290 765 1341 οἱ
803 1286 1272 1357 σκανδαλιζόμενοι
1305 1291 1418 1353 τοῖς
1455 1289 1566 1344 τῶν
1591 1290 1846 1346 τοιούτων

266 1371 560 1442 πτώμασίν
589 1374 744 1434 εἰσιν,
778 1370 918 1424 ὥστε
946 1371 1041 1424 καὶ
1068 1371 1236 1443 ταύτῃ
1268 1373 1429 1426 πάλιν
1463 1372 1845 1442 ἀσύγγνωστον

264 1455 329 1508 τὺ
372 1454 674 1525 ἁμάρτημα
723 1455 948 1522 γίνεται.
981 1453 1143 1507 Ταῦτ’
1170 1452 1263 1508 οὑν
1297 1456 1520 1518 ειδότες,
1552 1457 1842 1527 ἀκούωμεν

266 1536 363 1590 τοῦ
405 1539 708 1606 Προφήτου,
745 1535 837 1588 καὶ⁷
877 1537 958 1592 είς
997 1536 1058 1589 τὸ
1101 1536 1253 1600 τέλος
1297 1536 1372 1606 μὴ
1426 1536 1843 1608 διαφθείρωμεν.

266 1617 370 1670 Διά
400 1620 510 1688 γάρ
537 1616 694 1671 τοῦτο
721 1620 816 1671 καὶ
839 1621 867 1669 6
899 1616 1157 1688 Ἰεζεκιὴλ
1189 1618 1317 1672 ἐϐόα
1346 1618 1546 1686 λέγων’
1591 1620 1726 1673 Ἐὰν
1754 1620 1847 1689 γέ-

265 1701 445 1767 νηταί
485 1717 577 1765 τις
611 1699 861 1766 δίκαιος,
905 1696 1032 1754 εἶτα
1069 1701 1426 1767 μεταπεσὼν
1471 1700 1730 1770 ἁμάρτῃ,
1773 1705 1845 1757 οὐ

258 1784 348 1852 μὴ
389 1782 745 1851 μνησθῶσιν
779 1781 938 1846 αὐτῷ
969 1785 1028 1836 αι
1053 1783 1426 1836 δικαιοσύναι
1457 1785 1665 1849 αὑτοῦ,
1707 1786 1845 1839 ἀλλ’

262 1866 336 1917 ὲν
372 1865 447 1932 τῇ
494 1865 750 1933 ἁμαρτίᾳ
787 1865 972 1918 αὑτοῦ
1015 1865 1414 1920 ἀποθανεῖται.
1462 1869 1571 1921 Καὶ
1615 1868 1722 1939 γάρ
1753 1869 1846 1922 καὶ

261 1943 418 2009 οὗτος
449 1947 684 2000 δέδοικεν
732 1947 872 2016 ὑπὲρ
912 1945 1006 1999 τοῦ
1039 1947 1243 2010 τέλους.
1289 1949 1397 2002 Καὶ
1449 1949 1549 2002 οὑκ
1601 1949 1845 2003 ἐντεῦθεν

268 2031 447 2099 μόνον,
479 2029 615 2080 ἀλλά
655 2028 748 2080 καὶ
781 2029 869 2080 διά
901 2030 1009 2081 τῶν
1059 2031 1318 2084 ἐναντίων
1365 2030 1600 2085 δείκνυσι
1647 2034 1845 2104 πολλὴν

261 2113 358 2165 τοῦ
403 2113 727 2182 πράγματος
760 2112 856 2183 τὴν
908 2113 1060 2181 ἰσχὺν
1091 2109 1276 2166 οὖσαν.
1313 2114 1414 2167 Ἂν
1457 2115 1566 2181 ⁸γὰρ
1605 2115 1844 2183 γένηταί

261 2212 355 2261 τις
407 2193 786 2263 ἁμαρτωλὸς,
829 2195 1013 2264 φησὶν,
1060 2190 1186 2247 εἶτα
1227 2196 1708 2264 μεταϐαλόμενος
1748 2197 1844 2266 γέ·

260 2293 437 2343 νηται
505 2276 761 2342 δίκαιος,
823 2278 895 2330 οὐ
933 2277 1020 2346 μὴ
1062 2277 1418 2344 μνησθῶσιν
1467 2281 1526 2332 αι
1573 2280 1844 2348 ἁμαρτίαι

261 2358 449 2411 αὑτοῦ
474 2356 502 2396 δ
523 2374 536 2389 ·
576 2359 647 2410 ἐν
675 2357 750 2424 τῇ
782 2357 1137 2426 δικαιοσύνῃ
1177 2359 1363 2412 αὑτοῦ
1391 2356 1644 2425 ζήσεται.
1685 2362 1846 2432 Ὁρᾷς

265 2441 356 2493 καὶ⁵
397 2439 629 2494 ἐνταῦθα
683 2439 880 2511 πολλὴν
923 2440 1018 2494 τοῦ
1066 2441 1251 2505 τέλους
1308 2442 1471 2497 αὑτὸν
1523 2445 1844 2515 ποιούμενον

268 2522 536 2591 πρόνοιαν.
565 2522 682 2576 Ἷνα
711 2521 819 2594 γὰρ
851 2523 987 2593 μήτε
1016 2526 1044 2576 6
1080 2523 1286 2587 δίκαιος
1311 2527 1376 2596 τῇ
1407 2525 1720 2600 δικαιοσύνῃ
1749 2529 1845 2580 αὑ-

267 2603 356 2657 τοῦ
388 2605 627 2675 θαρρῶν,
657 2606 740 2667 είς
781 2605 1052 2676 ρᾳθυμίαν
1095 2607 1389 2671 ἀποκλίνας
1430 2609 1713 2681 ἀπόληται,
1746 2629 1843 2680 φο-

263 2685 350 2739 ϐεῖ
396 2687 482 2740 διά
527 2686 622 2741 τοῦ
654 2688 842 2750 τέλους
888 2689 1086 2742 αὑτόνο
1137 2692 1272 2760 μήτε
1306 2694 1334 2745 6
1364 2693 1682 2763 ἁμαρτωλὸς
1711 2696 1846 2748 ἀπο-

262 2770 422 2838 γνοὺς
450 2770 544 2823 ἐπὶ
585 2772 696 2833 τοῖς
726 2771 1160 2843 παραπτώμασι,
1201 2775 1334 2846 μένῃ
1364 2775 1653 2839 διαπαντὸς
1680 2780 1738 2830 ἐν
1766 2778 1845 2848 τῷ

261 2852 537 2922 πτώματι,
585 2853 837 2923 ἀνίστησι
873 2855 962 2908 διά
1001 2856 1094 2908 τοῦ
1132 2857 1317 2919 τέλους
1358 2858 1538 2911 αὐτόν.
1564 2859 1846 2930 Ἧμαρτες

262 2937 464 2999 πολλὰ,
507 2937 690 3005 φησὶν,
732 2936 866 2990 ἀλλά
906 2937 982 3008 μὴ
1027 2938 1363 3008 ἀπελπίσῃς·
1399 2939 1511 2992 ἔστι
1543 2941 1650 3012 γὰρ
1682 2942 1846 2994 ἐπάν-

262 3019 400 3082 οδος,
427 3021 522 3071 ἐὰν
552 3019 791 3071 ἐναντίον
817 3030 838 3057 ιτ
865 3020 966 3088 τῆς
997 3020 1168 3090 ἀρχῆς
1197 3021 1373 3092 δείξῃς
1398 3023 1458 3074 τὸ
1485 3023 1652 3086 τέλος.
1679 3025 1844 3076 Πάλιν

264 3101 399 3170 πρδς
444 3100 534 3152 τὸν
567 3101 792 3164 δίκαιον,
822 3100 1200 3171 Κατώρθωσας
1240 3103 1427 3165 πολλὰ,
1478 3106 1660 3174 φησὶν,
1710 3105 1844 3158 ἀλλά

267 3185 343 3254 μὴ
373 3185 652 3256 θαρσήσῃς
673 3199 686 3212 °
721 3183 1004 3254 συμϐαίνει
1034 3185 1141 3256 γάρ
1173 3187 1264 3238 καὶ
1294 3189 1498 3249 πεσεῖν,
1531 3187 1597 3241 ἂν
1639 3189 1712 3258 μὴ
1754 3189 1842 3242 διὰ

262 3267 413 3328 τέλος
441 3267 539 3333 τὴν
574 3267 695 3333 ῐσην
720 3265 849 3336 ἔχῃς
881 3268 1133 3338 σπουδήν.
1161 3265 1313 3332 Εἶδες
1345 3270 1462 3333 πῶς
1492 3271 1585 3324 τοῦ
1617 3272 1715 3342 μὲν
1745 3273 1842 3344 τὴν

266 3347 563 3419 ῥαθυμίαν,
604 3347 694 3400 τοῦ
727 3348 783 3401 δὲ
826 3349 918 3419 τὴν
947 3350 1257 3418 ἀπόγνωσιν
1285 3353 1524 3418 ἀνεῖλεν;

337 3437 405 3499 γ’.
426 3431 651 3494 Οὐδενὸς
663 3430 865 3482 τούτων
879 3432 1110 3501 ἤκουσεν
1135 3433 1330 3496 Ὀζίας
1351 3435 1430 3486 διὸ
1459 3435 1551 3487 καὶ
1569 3435 1845 3506 θαρσήσας

266 3512 532 3564 κατέπεσε
565 3512 764 3582 πτῶμα
789 3512 1019 3581 χαλεπὸν
1049 3515 1142 3566 καὶ
1169 3515 1404 3568 ἀνίατον.
1436 3515 1569 3566 Οὐδὲ
1597 3516 1705 3587 γὰρ
1736 3520 1844 3570 πᾶν

267 3593 465 3662 πτῶμα
500 3593 614 3645 ἴσον
651 3596 782 3662 ἡμῖν
822 3595 1120 3664 ἐργάζεται
1166 3595 1226 3648 τὸ
1270 3595 1508 3665 τραῦμα,
1557 3597 1693 3650 ἀλλὰ
1740 3599 1845 3651 τῶν

267 3678 549 3747 ἁμαρτιῶν
575 3677 643 3729 τά
678 3679 773 3745 μὲν
800 3679 905 3730 ὑπὸ
933 3679 1276 3746 κατάγνωσιν
1328 3683 1501 3732 κεῖται
1551 3681 1730 3750 μόνον,
1777 3683 1845 3736 τὰ

265 3762 323 3814 δὲ
369 3761 760 3830 χαλεπωτάτην
800 3761 1014 3830 δέχεται
1061 3763 1349 3832 τιμωρίαν.
1400 3763 1522 3824 Τοῖς
1571 3762 1701 3830 γοῦν
1745 3767 1844 3818 οὑκ

265 3844 591 3912 ἀναμένουσι
619 3843 744 3905 τοὺς
785 3843 1045 3912 ἀδελφοὺς
1075 3846 1132 3897 ἐν
1174 3848 1285 3908 τοῖς
1319 3849 1516 3908 κοινοῖς
1550 3846 1783 3910 δείπνοις
1815 3849 1843 3899 6

267 3926 478 3988 Παῦλος
523 3924 811 3994 ἐπιτιμῶν,
855 3924 1028 3988 οὕτως
1074 3926 1256 3994 ἔλεγε·
1292 3927 1469 3981 Τοῦτο
1513 3927 1582 3979 δὲ
1621 3945 1844 3996 παραγ-

266 4009 502 4077 γέλλων
559 4009 668 4060 οὐκ
715 4007 956 4060 ἐπαινῶ.
1017 4009 1176 4078 Ὁρᾷς
1230 4009 1389 4079 μέχρι
1446 4009 1842 4077 καταγνώσεως

269 4089 558 4157 ἱστάμενον
579 4087 639 4140 τὸ
665 4088 881 4158 ἀμάρτη
892 4107 988 4159 μα,
1013 4091 1106 4142 καὶ
1137 4091 1300 4157 ψόγον
1323 4091 1442 4161 ἔχον
1465 4091 1525 4144 τὸ
1549 4092 1840 4162 ἐπιτίμιον.

281 4171 419 4223 Ἀλλ’
440 4169 539 4240 οὑχ
560 4171 686 4223 ὅταν
715 4172 842 4240 περὶ
872 4173 1124 4242 πορνείας
1153 4173 1486 4241 διαλέγηται,
1508 4173 1650 4226 οὑτω
1679 4177 1840 4229 ποιεῖ.

277 4249 439 4304 Ἀλλά
490 4252 640 4316 πῶς;
688 4253 758 4306 ΕΖ
790 4270 878 4317 τις
930 4254 1036 4306 τὸν
1073 4254 1222 4306 ναόν
1253 4256 1358 4309 τοῦ
1407 4256 1553 4309 Θεοῦ
1606 4258 1838 4325 φθερεῖ,

267 4334 476 4403 φθερεῖ
504 4334 721 4386 τοῦτον
755 4338 786 4386 d
820 4336 980 4400 θεός.
1024 4334 1282 4388 Ἐνταῦθα
1325 4337 1431 4407 γὰρ
1460 4339 1558 4389 οὑκ
1597 4339 1711 4391 ἔστι
1745 4338 1841 4408 ψό-

269 4434 380 4484 γος,
414 4416 534 4468 οὑδὲ
574 4416 940 4482 κατάγνωσις,
989 4417 1101 4468 ἀλλ’
1133 4419 1164 4486 ἡ
1200 4418 1556 4486 χαλεπωτάτη
1586 4423 1841 4490 τιμωρία.

271 4495 391 4551 Οἷδε
428 4499 523 4550 καὶ
565 4499 592 4549 6
637 4497 886 4566 Σολομῶν
945 4498 1354 4567 ἁμαρτημάτων
1410 4500 1668 4570 διαφοράς
1693 4520 1705 4531 ο
1747 4503 1846 4573 τὴν

269 4579 398 4647 γοῦν
432 4579 636 4649 κλοπὴν
664 4581 728 4649 τῇ
763 4579 976 4649 μοιχείᾳ
1009 4581 1330 4649 συγκρίνων,
1367 4583 1562 4636 οὑτωσί
1597 4585 1715 4649 πώς
1744 4604 1846 4654 φη-

271 4679 384 4713 σιν·
415 4663 500 4714 Οὐ
531 4661 896 4728 θαυμαστὸν,
933 4661 1040 4713 ἐὰν
1079 4660 1204 4726 ἁ.λῷ
1252 4679 1339 4728 τις
1375 4663 1671 4719 κλέπτων-⁸
1709 4668 1845 4721 κ.ίέ-

269 4759 400 4796 πτει
435 4743 569 4813 γὰρ,
607 4744 707 4795 ἵνα
736 4743 1020 4811 ἐμπλήσῃ
1051 4744 1260 4811 ψυχὴν
1288 4746 1470 4798 αὑτοῦ
1507 4749 1808 4804 πεινῶσαν
1828 4769 1841 4781 ·

269 4829 302 4878 ό
327 4825 395 4876 δὲ
416 4825 632 4894 μοιχὸς
662 4825 734 4877 δι’
760 4825 999 4878 ἔνδειαν
1029 4824 1259 4893 φρενῶν
1287 4826 1586 4881 ἀπώλειαν
1614 4831 1688 4897 τῇ
1711 4833 1846 4884 ἐαυ-

270 4907 376 4960 τοῦ
420 4905 594 4975 ψυχῇ
633 4907 1035 4972 περιποιεῖται.
1075 4908 1400 4977 Ἀμάρτημα
1433 4912 1525 4962 καὶ
1564 4912 1722 4966 τοῦτο
1752 4916 1846 4966 κὰ-

273 4991 434 5049 κείνο,
472 4990 654 5058 φησιν,
697 4988 832 5041 ἀλλά
866 4989 927 5041 τὸ
976 4991 1072 5058 μὲν
1114 4990 1351 5052 ἔλαττον,
1393 4992 1454 5044 τὸ
1481 4993 1536 5044 δέ
1573 4996 1786 5062 μεῖζον·
1819 4999 1847 5048 ὁ

278 5072 372 5141 μὲν
403 5072 512 5141 γὰρ
547 5070 660 5141 ἔχει
687 5069 712 5108 ά
746 5071 843 5140 τὴν
878 5071 985 5123 ἀπὸ
1013 5072 1109 5141 τῆς
1145 5072 1334 5133 πενίας
1371 5074 1659 5142 πρόφασιν,
1695 5072 1848 5141 οὗτος

273 5153 328 5206 δὲ
358 5154 540 5224 πάσης
564 5151 858 5221 ἀπολογίας
883 5154 1189 5223 ἐστέρηται.
1226 5154 1386 5208 Ἀλλά
1411 5157 1503 5210 καὶ
1531 5152 1683 5223 οὗτος
1713 5161 1844 5232 ἔχει,

335 5339 360 5367 ⁸
389 5338 742 5410 Οοξιᾳοτιῐῐιεβ.
770 5340 989 5410 εἰσελθὼν
1009 5341 1091 5410 είς.
1119 5339 1172 5387 In
1196 5337 1508 5410 iisdem-infra
1533 5343 1635 5410 haec
1659 5348 1846 5410 ῥαδίως,

278 5403 328 5446 et
349 5413 457 5469 mux
474 5400 772 5469 ᾒάπολογίας
795 5405 988 5469 σεξιιηι.
1004 5401 1106 5448 Hoc
1133 5415 1276 5469 μοι-το
1300 5403 1523 5469 ultimum
1542 5409 1570 5462 ἢ
1598 5400 1849 5468 ἀπολογίας

279 5473 366 5506 non
403 5462 524 5520 Eegil
564 5462 809 5509 Erasmus.
857 5462 1009 5510 Paulo
1050 5472 1164 5511 ante
1187 5463 1338 5511 codex
1363 5476 1439 5524 ap.
1472 5467 1619 5516 Savil.
1647 5462 1851 5517 δυσαναὲ

278 5536 500 5580 καμπτος.

332 5581 362 5621 ιι
396 5582 492 5644 Am
519 5581 683 5644 αὑτοῦ,
705 5581 805 5628 ἀλλ’
833 5582 972 5644 έντῇ.

336 5647 356 5672 ε
396 5642 543 5712 Μυιιί
571 5644 870 5712 ηιαςζέὰ-ιμὴ
895 5642 1117 5712 ἐναντίον,
1147 5646 1292 5694 male.
1320 5647 1609 5712 Paulgpgst
1648 5654 1848 5712 συμϐαι-

277 5720 341 5750 νει
359 5705 446 5764 γὰρ
468 5704 555 5765 καί
571 5703 764 5765 πεσεῖν,
779 5703 1000 5751 Erasmus
1021 5708 1102 5765 qui
1129 5715 1361 5764 verterat,
1382 5703 1687 5760 subihdimns
1712 5703 1846 5761 illum

279 5763 518 5837 τηειιιςιιηι,
547 5763 881 5837 Ioggrag‘haud
901 5763 1402 5837 glIQi§_anEa_€vez7'dp,
1419 5771 1561 5817 malo.
1580 5771 1726 5823 Paulo
1743 5785 1847 5837 post

281 5824 418 5891 mu‘ll‘ir
438 5837 550 5871 mss.
589 5826 664 5870 διὰ
684 5826 842 5891 τέλους
861 5828 958 5891 τήν.
988 5827 1109 5891 Infra
1138 5824 1166 5876 ξ’.
1197 5829 1228 5878 l.
1255 5824 1617 5891 ἁμαρτημάτων.

343 5883 368 5921 (ι
390 5889 604 5942 Quatuor
627 5899 740 5933 mss.
764 5887 851 5948 γὰρ
875 5888 999 5935 δοκεῖ
1029 5889 1162 5950 ἔχειν.

1957 636 2254 705 ἐφέστηκεν
2284 634 2654 705 ἀποστεροῦσα
2700 633 2802 702 τῆς
2841 633 3166 704 συγγνώμης
3210 635 3392 688 αὑτόν.
3429 637 3527 692 Διά

1954 719 2062 788 γὰρ
2096 717 2253 770 τοῦτο
2280 718 2455 787 γάμος
2482 718 2574 770 καὶ
2601 717 2894 780 ἀπόλαυσις
2930 716 3206 787 ἔνθεσμος,
3239 718 3328 772 τνα
3361 719 3527 788 μηδὲν

1954 801 2051 870 ἔχῃ
2095 800 2298 854 τούτων
2343 801 2519 866 λέγειν
2564 801 2593 852 6
2635 801 2795 869 ἀνήρ.
2827 797 2925 851 Διὰ
2965 797 3122 851 τοῦτο
3148 799 3295 868 αὑτῷ
3336 799 3527 871 βοηθὸς

1954 883 2109 954 ἐδόθη
2141 885 2174 954 ἠ
2201 883 2357 953 γυνὴ,
2383 883 2471 935 ἴνα
2503 881 2831 951 μαινομένην
2859 881 3192 952 καταστέλλῃ
3218 882 3316 952 τὴν
3341 881 3523 950 φύσιν,

1955 966 2040 1017 ἵνα
2071 967 2295 1036 στορέσῃ
2338 965 2436 1034 τῆς
2468 964 2759 1034 ἐπιθυμίας
2800 965 2868 1017 τὰ
2906 966 3145 1033 κύματα.
3173 964 3383 1034 Ὠσπερ
3431 960 3524 1017 οὖν

1955 1047 2289 1119 κυϐερνήτης
2320 1049 2376 1099 ἐν
2408 1047 2586 1116 λιμένι
2627 1045 2882 1112 ναυάγιον
2914 1045 3277 1115 ἐργαζόμενος
3314 1045 3412 1098 οὑκ
3459 1045 3533 1098 ἂν

1953 1130 2102 1199 τύχοι
2145 1128 2468 1199 συγγνώμης
2497 1128 2674 1188 τινός·
2716 1127 2857 1179 οὑτω
2886 1129 2978 1179 καὶ
3014 1127 3044 1177 6
3072 1127 3356 1197 ἄνθρωπος
3387 1125 3528 1197 μετά
3623 1155 3626 1158 ‹

1951 1211 2050 1281 τὴν
2083 1211 2376 1279 ἀσφάλειαν
2409 1209 2508 1279 τὴν
2549 1208 2657 1262 ἀπὸ
2686 1207 2779 1262 τοῦ
2813 1207 2990 1276 γάμου
3032 1209 3158 1270 τοὺς
3199 1208 3384 1278 ἐτέρου
3414 1209 3524 1260 διο-

1953 1293 2160 1364 ρύττων
2211 1294 2448 1363 γάμους,
2495 1293 2528 1360 ἢ
2587 1293 2816 1358 γυναῖκα
2877 1289 3163 1361 ἡντιναοῦν
3215 1289 3525 1359 περιέργως

1952 1375 2113 1445 ὁρῶν,
2142 1375 2241 1428 οὑκ
2269 1375 2334 1427 ἂν
2362 1374 2511 1444 τύχοι
2540 1372 2682 1436 τινός
2712 1372 3021 1440 ἀπολογίας,
3045 1373 3107 1425 οὑ
3137 1371 3287 1442 παρά
3317 1370 3526 1441 ἀνθρώ-

1953 1474 2094 1522 ποις,
2130 1458 2188 1510 οὑ
2221 1457 2368 1527 παρὰ
2401 1456 2539 1525 Θεῷ,
2572 1455 2674 1507 κᾶν
2717 1453 2972 1523 μυριάκις
3006 1453 3142 1524 λέγῃ
3169 1454 3267 1523 τὴν
3294 1453 3392 1521 τῆς
3425 1453 3526 1521 φύ-

1955 1556 2090 1602 σεως
2121 1540 2329 1610 ἡδονήν.
2369 1539 2580 1592 Μᾶλλον
2617 1537 2673 1588 δὲ
2708 1538 2836 1588 ποία
2867 1535 3063 1603 γένοιτ’
3092 1535 3158 1586 ἂν
3186 1535 3366 1603 ἡδονὴ,
3391 1535 3524 1586 ὅπου

1954 1623 2116 1692 φόϐος
2169 1623 2260 1675 καὶ
2315 1621 2520 1690 ἀγωνία
2554 1632 2577 1660 ο
2626 1621 2720 1674 καὶ
2775 1620 3015 1681 κίνδυνος
3079 1618 3174 1671 καὶ
3233 1616 3525 1686 προσδοκία

1952 1705 2216 1757 τοσούτων
2251 1704 2456 1766 δεινῶν,
2500 1705 2631 1756 ὅπου
2680 1703 3006 1772 δικαστήρια
3038 1701 3132 1752 καὶ
3162 1698 3400 1762 εὐθῦναι,
3432 1701 3527 1751 καὶ

1953 1786 2202 1840 δικαστοῦ
2230 1786 2419 1856 θυμὸς,
2452 1787 2546 1838 καὶ
2579 1785 2730 1852 ξίφος
2761 1785 2854 1836 καὶ
2891 1784 3100 1854 δήμιος,
3132 1783 3226 1835 καὶ
3256 1781 3526 1852 βάραθρον

1953 1870 2048 1922 καὶ
2087 1870 2354 1938 ἀπαγωγή
2390 1867 2406 1905 τ
2427 1884 2440 1932 ;
2475 1867 2658 1920 Πάντα
2697 1866 2888 1937 τρέμει
2920 1867 3012 1918 καὶ
3038 1865 3271 1917 δέδοικεν
3296 1867 3323 1916 6
3354 1862 3526 1917 τοιοῦ-

1952 1967 2062 2014 τος,
2083 1951 2181 2015 τὰς
2207 1952 2382 2014 σκιὰς,
2415 1952 2540 2014 τοὺς
2561 1949 2789 2020 τοίχους,
2819 1950 2944 2011 τοὺς
2977 1947 3155 2010 λίθους
3183 1947 3402 2010 αὑτοὺς,
3433 1963 3525 1998 κα-

1953 2035 2128 2104 θάπερ
2169 2034 2348 2104 φωνὴν
2382 2034 2669 2103 ἀφιέντας·
2704 2032 2910 2095 πάντας
2947 2031 3214 2102 ὑφορᾶται
3257 2030 3350 2082 καὶ
3392 2029 3526 2081 ὑπο-

1954 2116 2158 2179 πτεύει,
2203 2117 2328 2178 τοὺς
2358 2117 2605 2178 οἰκέτας,
2648 2115 2774 2177 τοὺς
2820 2114 3096 2181 γείτονας,
3138 2112 3264 2173 τοὺς
3305 2110 3523 2178 φίλους,

1952 2199 2078 2260 τοὺς
2111 2198 2357 2267 ἐχθροὺς,
2386 2201 2512 2260 τοὺς
2560 2198 2736 2250 πάντα
2781 2195 3008 2256 εἰδότας,
3039 2195 3164 2255 τοὺς
3196 2192 3346 2244 οὑδέν
3392 2191 3527 2244 είδό-

1953 2295 2067 2340 τας.
2093 2278 2301 2331 Μᾶλλον
2325 2279 2404 2340 δέ,
2427 2281 2475 2330 εί
2505 2277 2702 2346 βούλει,
2734 2278 2825 2328 καὶ
2853 2275 3024 2328 ταῦτα
3051 2275 3400 2343 ἀναιρείσθω,
3431 2275 3526 2326 καὶ

1956 2361 2140 2430 μηδεὶς
2170 2360 2300 2413 ίστω
2324 2369 2349 2407 8
2383 2360 2450 2413 τά
2475 2359 2882 2430 τετολμημένα,
2920 2358 3033 2411 ἀλλ’
3080 2358 3111 2428 ἢ
3155 2359 3312 2427 μόνος
3365 2357 3525 2420 αὑτὸς

1956 2445 2092 2514 μετά
2127 2444 2223 2513 τῆς
2262 2443 2620 2514 ὑϐριζομένης
2665 2443 2947 2510 γυναικός⁹
2982 2441 3096 2504 πῶς
3125 2441 3261 2492 οἴσει
3292 2440 3382 2492 τὸν
3413 2440 3526 2493 ἀπὸ

1950 2528 2047 2597 τῆς
2088 2527 2437 2595 συνειδήσεως
2465 2526 2705 2596 ἔλεγχον,
2738 2525 2931 2595 πικρὸν
2975 2523 3248 2593 πανταχοῦ
3297 2522 3525 2592 περιφέ-

1953 2627 2061 2681 ρων
2085 2611 2412 2680 κατήγορονς
2440 2611 2651 2679 ’Ὠσπερ
2687 2609 2793 2678 γὰρ
2819 2607 3008 2660 ἐαυτὸν
3035 2608 3136 2659 οὑκ
3165 2607 3230 2660 άν
3272 2605 3404 2657 ποτέ
3442 2621 3527 2668 τις

1952 2693 2131 2761 φύγοι,
2158 2693 2297 2746 οὑτω
2325 2694 2445 2746 οὑδὲ
2469 2695 2567 2763 τὴν
2594 2693 2702 2746 ἀπὸ
2731 2692 2822 2744 τοῦ
2859 2690 3141 2760 κριτηρίου
3168 2689 3350 2756 ψῆφον
3381 2686 3527 2738 ἐκεί-

1951 2793 2062 2829 νου.
2091 2775 2258 2827 Τοῦτο
2285 2777 2346 2828 τὸ
2383 2776 2728 2844 δικαστήριον
2756 2774 2815 2824 οὑ
2849 2773 3096 2843 χρήμασι
3134 2769 3525 2839 διαφθείρεται,

1951 2859 2012 2909 οὑ
2061 2857 2369 2920 κολακείαις
2409 2857 2679 2909 ἐνδίδωσι’
2718 2856 2858 2907 θεῖον
2905 2854 3013 2924 γάρ
3065 2855 3214 2916 ἐστι,
3247 2853 3339 2906 καὶ
3376 2852 3527 2922 παρά

1953 2940 2084 2994 Θεοῦ
2114 2943 2231 3002 ταῖς
2272 2940 2564 3011 ἡμετέραις
2605 2938 2945 3008 ἐνιδρυμένον
2973 2937 3192 3007 ψυχαῖς.
3219 2938 3423 2999 Ὄντως
3463 2937 3530 2989 '0

1947 3022 2156 3092 μοιχὸς
2195 3023 2270 3076 δι’
2310 3023 2547 3076 ἔνδειαν
2579 3020 2812 3089 φρενῶν
2850 3018 3154 3073 ἀπώλειαν
3194 3017 3268 3085 τῇ
3307 3017 3531 3072 ἑαυτοῦ

1951 3104 2121 3174 ψυχῇ
2155 3105 2552 3173 περιποιεῖται.
2583 3105 2656 3156 υύ
2695 3103 2796 3172 μὴν
2832 3102 2950 3155 ούδέ
2979 3105 3006 3155 6
3044 3101 3281 3171 κλέπτης
3308 3101 3336 3140 '0
3369 3101 3528 3154 κολά-

1955 3204 2087 3252 σεως
2115 3189 2500 3258 ἀπεστέρηται,
2533 3185 2666 3239 ἀλλά
2706 3185 2886 3238 δίδωσι
2925 3183 3023 3254 μὲν
3063 3184 3238 3253 δίκην,
3263 3184 3522 3235 ἐλάττονα

1951 3268 2026 3323 δέ.
2057 3271 2120 3322 Αί
2157 3271 2262 3339 γὰρ
2284 3269 2597 3339 συγκρίσεις
2621 3269 2720 3320 οὑκ
2750 3269 2828 3326 είς
2858 3267 2956 3336 τὴν
2989 3266 3235 3318 ἐναντίαν
3268 3264 3527 3328 ἐξωθοῦσι

1950 3351 2098 3416 τάξιν
2132 3353 2200 3404 τὰ
2231 3352 2647 3419 συγκρινόμενα,
2677 3350 2788 3401 ἀλλ’
2814 3349 3062 3415 ἀφιεῖσαι
3103 3347 3280 3417 μένειν
3307 3348 3398 3398 ἐπὶ
3429 3346 3529 3413 τῆς

1953 3434 2154 3494 οἰκείας
2182 3433 2361 3502 χώρας
2391 3433 2549 3491 αὑτὰ,
2580 3432 2871 3484 ἐλάττωσιν
2913 3431 3190 3498 εἰσάγουσι
3235 3431 3326 3483 καὶ⁹
3364 3431 3530 3499 ὑπερ-

1953 3515 2100 3582 οχήν.
2134 3513 2283 3582 Τάχα
2317 3515 2375 3565 οὐ
2412 3516 2675 3582 συνήκατε
2699 3513 2760 3564 τὸ
2807 3512 2993 3581 λεχθέν
3015 3530 3027 3542 ·
3078 3511 3269 3563 οὐκοῦν
3314 3511 3526 3581 ἀνάγκη

1955 3597 2284 3666 σαφέστερον
2313 3599 2502 3648 εἰπεῖν.
2534 3596 2708 3648 Καλὸν
2734 3597 2761 3647 6
2796 3596 2990 3664 γάμος,
3022 3594 3156 3648 ἀλλά
3195 3595 3460 3664 κρείττων
3489 3599 3522 3663 ὴ

1954 3679 2216 3748 παρθενία
2236 3697 2249 3710 ·
2271 3680 2366 3731 οὑκ
2386 3678 2569 3748 ἐπειδὴ
2593 3679 2855 3748 κρείττων
2881 3680 2912 3747 ἡ
2943 3677 3230 3746 παρθενία,
3255 3675 3342 3727 διά
3370 3676 3532 3728 τοῦτο

1953 3762 2118 3814 κακὸν
2152 3763 2179 3813 6
2207 3762 2413 3831 γάμος,
2461 3762 2574 3814 ἀλλ’
2618 3759 2832 3811 ἔλαττον
2865 3760 2962 3828 μὲν
3006 3759 3234 3821 ἐκείνου,
3275 3758 3436 3811 καλὸν
3469 3759 3528 3810 δὲ

1953 3843 2046 3894 καὶ
2091 3844 2239 3895 αὑτό.
2285 3842 2440 3896 Οῦτω
2478 3843 2572 3894 καὶ
2617 3841 2878 3893 ἐνταῦθα·
2914 3843 3082 3892 κακὸν
3116 3843 3148 3912 ἡ
3181 3842 3376 3912 κλοπὴ,
3410 3840 3528 3893 ἀλλ’

1954 3923 2169 3976 ἔλαττον
2207 3927 2301 3994 μὲν
2333 3924 2562 3988 ἐκείνου,
2595 3925 2759 3976 κακὸν
2786 3924 2842 3976 δὲ
2872 3925 2964 3976 καὶ
2996 3924 3146 3976 αὑτό.
3172 3920 3323 3983 Εἶδες
3349 3925 3530 3993 ἀμαρ-

1954 4007 2208 4076 τημάτων
2257 4009 2548 4079 διαφοράς;
2576 4009 2802 4076 Ἴδωμεν
2840 4004 2931 4060 οὖν
2971 4007 3126 4059 ποίαν
3161 4003 3315 4069 οὗτος
3349 4007 3529 4076 ἀμαρ-

1955 4089 2071 4142 τίαν
2101 4091 2361 4160 ἥμαρτεν.
2401 4091 2645 4159 Ὕψώθη,
2675 4091 2856 4160 φησὶν,
2885 4092 2923 4158 ἡ
2952 4089 3165 4157 καρδία
3191 4087 3396 4142 αὐτοῦ.
3423 4091 3531 4142 Χα-

1954 4170 2112 4241 λεπὸν
2133 4174 2191 4224 τὸ
2220 4173 2437 4244 τραῦμα
2458 4191 2469 4202 ·
2494 4174 2719 4226 ἀπόνοια
2745 4173 2850 4240 γάρ
2873 4173 3039 4235 ἐστιν,
3063 4171 3294 4223 ἀπόνοια
3317 4173 3349 4241 ἡ
3376 4174 3527 4242 πηγὴ

1955 4255 2168 4308 πάντων
2212 4257 2320 4307 τῶν
2369 4256 2570 4308 κακῶν.
2615 4258 2723 4307 Καὶ
2769 4257 2851 4308 ἵνα
2893 4255 3172 4325 συντόμως
3211 4255 3386 4325 μάθῃς
3430 4255 3527 4308 τοῦ

1954 4342 2253 4410 νοσήματος
2285 4341 2376 4410 τὴν
2415 4344 2626 4405 κακίαν,
2658 4343 2831 4394 ἐκεῖνο
2873 4340 3120 4394 ἄκουσον.
3151 4341 3230 4392 Τά
3263 4341 3360 4410 μὲν
3390 4340 3524 4396 ἄλλα

1956 4425 2321 4493 ἁμαρτήματα
2356 4425 2481 4493 περὶ
2519 4425 2614 4493 τὴν
2643 4422 2910 4493 ἡμετέραν
2957 4424 3243 4494 στρέφεται
3278 4422 3457 4491 φύσιν,
3490 4425 3525 4493 ή

1953 4508 2008 4559 δὲ
2057 4507 2396 4576 ὑπερηφανία
2440 4507 2663 4574 δύναμιν
2712 4506 2998 4576 ἀσώματον
3052 4508 3383 4568 κατέσπασε,
3430 4507 3526 4560 καὶ

1955 4590 2246 4643 κατέϐαλεν
2273 4590 2494 4643 ἄνωθεν.
2527 4589 2628 4641 Τὸν
2657 4588 2763 4658 γάρ
2797 4588 3060 4652 διάϐολον,
3102 4589 3201 4640 οὑκ
3231 4588 3359 4640 δντα
3388 4590 3521 4657 πρό-

1954 4692 2106 4745 τερον
2138 4675 2398 4735 διάϐολον,
2428 4674 2586 4726 τοῦτο
2620 4674 2767 4745 [117]
2811 4671 2946 4725 εἶναι
2992 4673 3233 4726 διάϐολον
3279 4675 3521 4742 ἐποίησε.

1955 4759 2064 4811 Κᾶν
2090 4759 2186 4828 μὲν
2202 4760 2290 4810 τὸν
2318 4759 2539 4811 Ἡσαΐαν
2563 4758 2968 4827 παραγάγωμεν
3003 4757 3256 4826 μάρτυρα
3301 4756 3524 4823 λέγοντα

1954 4841 2092 4892 οῦτω
2118 4843 2242 4912 περὶ
2270 4841 2451 4893 αὑτοῦ⁹
2475 4844 2578 4904 Εἰς
2597 4841 2704 4892 τὸν
2728 4838 2985 4905 οὐρανόν
3005 4838 3398 4905 ἀναϐήσομαι,
3429 4839 3523 4889 καὶ

1955 4922 2165 4991 ἔσομαι
2207 4923 2406 4988 ὅμοιος
2435 4921 2512 4986 τῷ
2546 4923 2799 4989 Ὑψίστῳ
2819 4937 2831 4950 °
2859 4922 2908 4972 οί
2946 4921 3042 4982 τὰς
3074 4920 3396 4989 ἀλληγορίας
3428 4923 3524 4989 οὺχ

1955 5007 2124 5074 ἡδέως
2188 5006 2497 5075 δεχόμενοι,
2552 5005 3001 5074 παραγράψονται
3056 5004 3152 5075 τὴν
3223 5005 3529 5074 μαρτυρίαν

1956 5089 2139 5158 ἡμῶν
2179 5088 2242 5140 ἂν
2275 5088 2330 5139 δὲ
2376 5089 2466 5139 τὸν
2505 5087 2713 5140 Παῦλον
2755 5088 3135 5156 ἐπιστήσωμεν
3167 5087 3314 5154 αὑτῷ
3355 5091 3526 5156 κατή-

1955 5186 2133 5238 γορον,
2174 5170 2344 5224 οὐδεὶς
2373 5171 2550 5222 ούκέτι
2581 5169 2760 5223 λοιπὸν
2787 5172 3017 5238 ἀντερεῖ.
3053 5169 3116 5219 Τί
3148 5165 3237 5221 οὖν
3259 5172 3286 5220 6
3321 5170 3525 5232 Παῦλος

1956 5254 2202 5324 Τιμοθέῳ
2250 5256 2508 5324 γράφωνς
2553 5255 2675 5307 Ὀτι
2715 5253 2805 5304 τὸν
2859 5255 2980 5322 ἄρτι
3027 5251 3120 5304 τοῦ
3174 5255 3528 5322 κηρύγματος

1958 5337 2232 5407 ἁψάμενον
2270 5341 2330 5390 οὑ
2361 5339 2437 5390 δεῖ
2472 5337 2605 5406 πρὸς
2641 5338 2699 5390 τὸ
2735 5336 2873 5407 μέγα
2906 5339 3004 5405 τῆς
3030 5336 3334 5406 ἐπισκοπῆς
3375 5339 3528 5407 ἄγειν

2023 5603 2045 5650 ς
2072 5590 2285 5647 Quatuor
2323 5604 2436 5638 mss.
2463 5591 2610 5650 ἀγών.

2027 5648 2046 5686 τ
2083 5651 2332 5712 Ἀπαγωγή
2384 5648 2778 5712 frequentissimo
2826 5664 2915 5698 usu
2957 5651 3083 5709 apud
3132 5650 3526 5708 Chrysostomum

1957 5719 2033 5757 ost
2054 5710 2359 5774 abducuofcul
2384 5710 2700 5774 suﬁplicium;
2732 5713 2958 5759 Erasmus
2981 5714 3234 5772 ἀπαγωγήν
3263 5713 3338 5758 hic
3361 5721 3524 5759 verte-

1960 5781 2022 5819 rm
2048 5773 2446 5830 (ίιιμονίιιῑίοηοιιι,⁷
2465 5788 2573 5832 qua:
2595 5788 2680 5820 vox
2706 5776 2918 5822 (im-cam
2943 5787 3036 5821 non
3072 5776 3187 5820 satis
3212 5774 3457 5832 exptimit.

2018 5834 2042 5895 ε
2073 5834 2177 5881 Duo
2206 5849 2314 5882 nus.
2346 5837 2501 5895 μηδεὶς
2525 5837 2677 5881 ἰδέτω.

2016 5894 2042 5930 h
2069 5900 2282 5955 Qualuor
2303 5894 2415 5945 ωδε,
2451 5900 2475 5943 ὸ
2499 5898 2725 5944 κλέπτων.
2758 5896 2876 5944 Infra
2901 5897 3045 5945 iidem
3068 5896 3113 5941 αἱ
3139 5894 3311 5956 κρίσεις
3335 5894 3420 5942 οὐκ
3442 5897 3524 5946 εἷς.
