4064 6214
537 328 650 384 117

531 424 772 494 ἀξίωμα,
798 421 967 478 είπὼν
991 420 1158 476 οὕτω·
1191 421 1289 492 Μὴ
1324 423 1638 488 νεόφυτον,
1669 421 1770 473 ἵνα
1793 417 1877 488 μὴ
1913 434 2104 486 τυφω-

535 508 677 576 θεὶς,
708 510 796 573 είς
823 507 1000 576 κρῖμα
1022 507 1255 575 ἐμπέσῃ
1283 506 1380 558 καί
1415 503 1634 572 παγίδα
1659 503 1761 557 τοῦ
1789 501 2099 556 διασὸλου·

533 589 624 645 ῐνα
654 589 728 661 μὴ
751 589 820 642 16
840 588 980 642 αὑτὰ
993 587 1260 660 ἁμαρτὼν
1287 587 1501 656 ἐκείνῳ,
1523 586 1675 655 φησὶ,
1700 585 1768 637 τὰ
1796 585 1933 638 αὑτά
1957 581 2105 653 αὑτῷ

535 672 811 743 πείσηται.

605 818 667 874 δ’.
682 820 791 872 Kal
805 817 904 872 οὑκ
925 817 1172 872 ἐντεῦθεν
1194 818 1249 870 δὲ
1266 819 1422 887 μόνον
1443 815 1777 886 δῆλόνὲσττν,
1795 814 1928 868 ἀλλά
1947 812 2109 878 καίὲξ

535 893 612 956 ὧν
635 900 713 971 τῷ
745 900 945 971 πρώτῳ
972 901 1188 954 πάντων
1212 899 1512 967 ἀνθρώπων
1533 898 1808 968 γενομένῳ
1857 896 2109 949 συνεϐού-

535 983 725 1036 λευσεν
769 985 796 1035 6
828 982 1060 1052 πονηρὸς
1103 981 1308 1050 δαίμων
1347 984 1568 1044 ἐκεῖνος.
1609 982 1815 1050 Ὥσπερ
1855 980 1961 1050 γὰρ
1997 981 2109 1040 τοῖς

532 1063 757 1130 ἀγαθοῖς
785 1064 925 1126 έθος,
959 1063 1129 1116 ταῦτα
1166 1066 1276 1126 τοῖς
1307 1071 1332 1099 ⁸
1358 1064 1583 1133 πλησίον
1613 1064 1910 1133 παραινεῖν,
1941 1061 2008 1113 δι’
2036 1053 2109 1113 ὧν

538 1146 692 1198 αὑτοὶ
711 1147 995 1213 γεγόνασιν
1025 1145 1237 1214 ἀγαθοί·
1272 1145 1412 1198 οὑτω
1444 1147 1538 1199 καὶ
1569 1147 1680 1206 τοῖς
1707 1147 1956 1215 πονηροῖς
1993 1144 2110 1205 ἐθος

536 1227 759 1280 τοιαῦτα
784 1227 1120 1297 εἰσηγεῖσθαι
1147 1231 1256 1290 τοῖς
1289 1227 1536 1296 πλησίον,
1560 1227 1626 1279 δι’
1661 1220 1734 1279 ὧν
1771 1227 1922 1278 αὑτοὶ
1953 1226 2110 1293 γεγό-

531 1325 660 1362 νασι
691 1309 901 1376 φαῦλοι.
943 1309 1038 1360 Ἐν
1071 1307 1178 1380 γάρ
1211 1309 1304 1362 καὶ
1343 1309 1500 1362 τοῦτο
1543 1312 1643 1379 τῆς
1670 1309 1934 1379 πονηρίας
1975 1303 2112 1370 εἶδός

538 1389 675 1452 ἐστι,
701 1391 796 1442 καὶ
829 1390 1176 1460 παραμυθίαν
1203 1391 1458 1460 ήγοῦνται
1483 1395 1582 1458 τῆς
1614 1392 1816 1454 οἰκείας
1843 1391 2112 1451 κολάσεως

535 1473 637 1542 τὴν
665 1473 864 1542 ἑτέρων
891 1472 1182 1528 ἀπώλειαν.
1210 1475 1274 1526 Τί
1295 1470 1388 1527 οῦν
1417 1475 1445 1526 6
1465 1473 1706 1536 διάϐολος
1732 1473 2111 1527 συνεϐούλευσε

537 1553 618 1623 τῷ
656 1554 852 1623 ’Δδάμ;
883 1555 1118 1619 Μείζονα
1159 1556 1259 1624 τῆς
1301 1556 1506 1618 οἰκείας
1552 1556 1762 1623 φύσεως
1807 1557 1989 1611 λαϐεῖν
2028 1554 2112 1607 έν-

539 1653 708 1698 νοιαν,
738 1638 830 1690 καὶ
865 1636 1100 1690 ίσοθείαν
1127 1637 1343 1692 ἐλπίσαι
1364 1638 1416 1693 δ.
1447 1639 1510 1691 Εἰ
1542 1639 1646 1708 γὰρ
1680 1639 1778 1709 ἐμὲ
1811 1638 1901 1691 τοῦ
1944 1639 2112 1707 ούρα-

533 1718 633 1770 νοῦ
656 1717 833 1779 τοῦτο,
868 1719 1054 1788 φησὶν,
1088 1719 1330 1783 ἐξέϐαλε,
1360 1720 1538 1791 πολλῷ
1577 1720 1772 1790 μᾶλλον
1802 1720 1988 1773 τοῦτον
2018 1718 2112 1772 τοῦ

540 1801 870 1869 παραδείσου
917 1801 978 1854 16
1016 1802 1145 1854 αὑτὸ
1186 1803 1342 1855 τοῦτο
1377 1803 1611 1856 ἐκϐαλεῖ.
1647 1804 1744 1856 Διά
1771 1803 1928 1857 τοῦτο
1959 1804 2054 1857 xal
2086 1805 2114 1857 6

542 1881 792 1951 Σολομῶν
834 1882 1056 1950 ἐλεγενο
1076 1900 1088 1914 ·
1138 1885 1199 1936 '0
1241 1884 1384 1948 Θεὸς
1415 1887 1817 1954 ὑπερηφάνοις
1848 1885 2115 1941 ἀντιτάσ-

540 1980 730 2020 σεται.
761 1966 875 2019 οὑκ
913 1962 1088 2026 εἶπεν.
1127 1966 1208 2018 ὅτι
1247 1967 1276 2017 6
1315 1966 1445 2028 Θεὸς
1479 1968 1856 2038 ὑπερηφάνους
1898 1967 2112 2038 ἀφίησι,

539 2048 635 2102 καὶ
659 2049 1144 2119 ὲγκαταλιμπάνει,
1167 2050 1263 2102 καὶ
1289 2053 1387 2119 τῆς
1411 2050 1614 2113 οἰκείας
1634 2050 1881 2120 βοηθείας
1898 2053 2112 2120 γυμνοί,

540 2129 678 2192 ἀλλ’,
713 2130 1134 2193 Ἀντιτάσσεται,
1159 2132 1338 2200 φησίν·
1367 2133 1464 2201 οὑχ
1481 2133 1562 2185 ὅτι
1589 2131 1942 2201 παρατάξεως
1969 2133 2116 2203 αὑτῷ

540 2213 637 2265 καὶ
663 2213 842 2282 μάχης
871 2213 975 2266 ἔδει
1008 2213 1141 2286 πρὸς
1178 2215 1266 2266 τὸν
1297 2216 1662 2285 ὑπερήφανον·
1691 2215 1742 2267 τί
1775 2215 1882 2285 γάρ
1912 2216 2115 2285 ὑπερη-

540 2296 709 2363 φάνου
753 2297 948 2362 γένοιτ’
987 2296 1052 2349 ἂν
1097 2297 1510 2366 ἀσθενέστερον;
1564 2299 1771 2364 Ὥσπερ
1811 2297 1920 2368 γάρ
1956 2300 1983 2351 6
2019 2299 2114 2361 τάς

538 2376 689 2443 δψεις
714 2377 1004 2441 ἀπολέσας,
1037 2379 1206 2431 ἀπασι
1244 2380 1523 2448 πρόκειται
1552 2379 1687 2450 πρὸς
1716 2379 1776 2432 16
1801 2379 1984 2441 κακῶς
2013 2396 2116 2431 πα-

539 2458 673 2520 θεῖν,
729 2459 900 2521 οὑτως
954 2461 982 2512 6
1024 2460 1384 2530 ὑπερήφανος,
1424 2462 1452 2511 6
1500 2460 1575 2529 μὴ
1601 2460 1756 2522 εἰδὼς
1791 2461 1882 2512 τὸν
1913 2460 2115 2529 Κύριον

541 2541 748 2612 (Ἀρχὴ
793 2542 920 2611 γὰρ,
969 2542 1153 2611 φησὶν,
1200 2543 1628 2610 ὑπερηφανίας,
1673 2542 1739 2596 τὸ
1777 2541 1864 2609 μὴ
1897 2541 2116 2593 εἰδέναι

536 2623 648 2676 τὸν
670 2625 935 2692 Κύριον),
970 2624 1062 2676 καὶ
1091 2623 1395 2693 ἀνθρώποις
1428 2623 1692 2686 εὑάλωτός
1717 2624 1850 2698 ἐστε,
1882 2622 1976 2675 τοῦ
2001 2641 2114 2691 φω-

537 2705 630 2767 τὸς
673 2703 922 2757 ἐκπεσὼν
965 2707 1191 2758 ἐκείνου.
1220 2703 1282 2756 Εἰ
1315 2704 1373 2755 δὲ
1413 2706 1506 2757 καὶ
1545 2705 1758 2775 ἰσχυρὸς
1783 2707 1886 2773 είη,
1914 2707 2012 2758 οὑκ
2049 2705 2114 2758 ἂν

539 2786 900 2856 παρατάξεως
945 2787 1130 2857 ἐδέησε
1172 2786 1248 2855 τῷ
1291 2785 1409 2856 Θεῷ
1451 2788 1588 2857 πρὸς
1630 2789 1810 2840 αὑτόν·
1931 2788 2038 2858 γάρ
2079 2791 2112 2858 ἡ

539 2870 794 2939 βούλησις
833 2871 1033 2940 ῆρκεσε
1065 2869 1197 2939 πρὸς
1235 2869 1295 2921 16
1337 2870 1511 2922 πάντα
1546 2874 1903 2940 παραγαγεῖν,
1936 2871 2113 2940 πολλῷ

543 2951 742 3021 μᾶλλον
775 2954 869 3004 καὶ
905 2952 1040 3021 πρὸς
1075 2953 1173 3020 τὴν
1214 2951 1487 3020 ἀναίρεσιν
1527 2951 1703 3004 αὐτῶν
1743 2954 1918 3020 ἀρκεῖ.
1961 2953 2114 3013 Τίνος

539 3031 633 3088 οὖν
658 3035 863 3097 ἕνεκεν,
897 3035 1079 3102 φησὶν,
1108 3033 1511 3097 ἀντιτάσσεται;
1543 3034 1657 3085 Ἵνα
1681 3033 1741 3084 16
1769 3033 1993 3103 σφοδρὸν
2021 3035 2116 3101 τῆς

539 3118 834 3188 ἀπεχθείας
859 3117 1156 3185 ἐνδείξηται
1186 3117 1282 3184 τῆς
1305 3116 1438 3185 πρὸς
1466 3116 1555 3168 τὸν
1594 3117 1958 3186 ὑπερήφανον.
1995 3117 2115 3168 Ὅτι

541 3203 642 3273 μὲν
664 3198 757 3256 οῦν
785 3200 1020 3271 χαλεπὸν
1046 3199 1108 3250 16
1134 3199 1351 3268 τραῦμα
1386 3201 1446 3251 16
1471 3201 1569 3270 τῆς
1599 3200 1989 3270 ὑπερηφανίας,
2022 3200 2115 3250 καὶ

539 3285 605 3337 ἐκ
630 3284 841 3345 τούτου,
880 3282 972 3334 καὶ
1003 3281 1292 3342 ἀλλαχόθεν
1329 3279 1502 3349 δῆλον.
1543 3282 1602 3332 Εἰ
1637 3279 1692 3332 δὲ
1719 3280 1993 3349 βούλεσθε,
2022 3281 2116 3331 καὶ

538 3365 828 3434 ἀλλαχόθεν
865 3363 963 3431 τὴν
995 3361 1172 3415 αἰτίαν
1206 3361 1369 3413 αὑτοῦ
1412 3363 1688 3430 μάθωμεν,
1719 3363 1812 3430 ἀφ’
1851 3358 1917 3432 ἦς
1948 3365 2005 3414 16
2039 3363 2117 3414 ἓλ-

541 3465 634 3509 κος
660 3447 894 3514 ἐγένετο.
937 3446 1045 3497 Kal
1072 3444 1178 3512 γὰρ
1207 3444 1325 3504 ἔθος
1348 3447 1411 3514 τῇ
1441 3445 1652 3513 Γραφῇ.
1694 3445 1908 3497 ἐπειδὰν
1944 3446 2111 3514 μέλλῃ

539 3529 683 3591 τινὸς
717 3529 1065 3597 κατηγορεῖν,
1100 3526 1173 3596 μὴ
1200 3525 1296 3596 τὴν
1317 3527 1590 3595 ἁμαρτίαν
1623 3527 1784 3578 αὑτοῦ
1811 3528 1986 3594 λέγειν
2020 3529 2115 3594 μό-

539 3629 649 3671 νον,
694 3611 829 3663 ἀλλά
870 3610 964 3661 καὶ
1003 3609 1178 3660 αἰτίαν
1211 3609 1308 3677 τῆς
1340 3608 1610 3677 ἁμαρτίας
1638 3606 1907 3660 διδάσκειν
1947 3611 2111 3678 ἡμᾶς·

541 3697 683 3747 ποιεῖ
707 3693 764 3745 δὲ
786 3691 962 3754 τοῦτο,
986 3691 1110 3752 τοὺς
1130 3691 1466 3757 ὑγιαίνοντας
1492 3689 1923 3758 άσφαλεστέρους
1953 3709 2115 3742 κατα-

541 3777 880 3838 σκευάζουσα
909 3775 1042 3844 πρὸς
1062 3773 1123 3825 16
1153 3773 1225 3842 μή
1249 3775 1360 3834 τοῖς
1389 3773 1570 3834 αὐτοῖς
1595 3774 1926 3841 περιπεσεῖν.
1960 3772 2114 3824 Οὑτω

539 3860 635 3912 καὶ
680 3858 852 3928 ἰατροὶ
885 3856 1022 3925 πρὸς
1073 3857 1196 3916 τοὺς
1236 3855 1539 3923 κάμνοντας
1577 3853 1850 3916 εἰσιόντες,
1882 3854 1974 3906 καὶ
2010 3854 2114 3924 πρὸ

540 3940 649 3994 τῶν
677 3939 995 4010 νοσημάτων
1026 3936 1362 4006 ἀνιχνεύουσι
1390 3937 1486 3998 τὰς
1518 3935 1718 4002 πηγὰς,
1743 3935 1880 3987 ὥστε
1909 3936 2112 3989 ἄνωθεν

539 4024 845 4076 ἀναστεῖλαι
883 4022 943 4074 16
975 4021 1159 4074 κακόν·
1194 4022 1222 4072 6
1246 4021 1374 4091 γὰρ,
1413 4019 1511 4088 τῆς
1549 4018 1702 4088 ῥίζης
1731 4018 2012 4087 μενούσης,
2046 4018 2115 4071 16

545 4107 899 4176 βλαστήματα
923 4101 1076 4173 ίΗ8]
1109 4103 1386 4171 ἐκτέμνων
1436 4101 1620 4169 μόνον,
1656 4100 1804 4152 οὐδὲν
1846 4101 2048 4169 ἕτερον,
2078 4101 2111 4170 ἢ

545 4190 914 4258 ματαιοπονεῖ.
942 4185 1047 4238 Ποῦ
1077 4181 1168 4237 οὖν
1192 4188 1222 4253 ἡ
1251 4183 1439 4253 Γραφὴ
1479 4184 1572 4235 xal
1601 4181 1698 4251 τὴν
1727 4183 1998 4253 ἁμαρτίαν
2023 4184 2114 4235 καὶ

541 4271 640 4338 τὴν
683 4271 862 4324 αἰτίαν
894 4270 992 4337 τῆς
1035 4269 1305 4337 ἁμαρτίας
1337 4262 1491 4329 είπε;
1525 4267 1833 4335 Κατηγορεῖ
1865 4265 1970 4317 τῶν
2010 4265 2114 4335 πρὸ

539 4352 634 4406 τοῦ
681 4349 1066 4419 κατακλυσμοῦ
1101 4349 1402 4418 γενομένων
1443 4348 1534 4399 ὲπὶ
1570 4350 1687 4409 ταῖς
1719 4347 1778 4398 οὑ
1812 4348 2116 4416 προσηκού-

543 4453 664 4499 σαις
693 4433 992 4504 ἐπιμιξίαις
1011 4431 1064 4469 δ’
1093 4431 1184 4483 καὶ
1208 4430 1436 4483 ἄκουσον
1465 4429 1579 4491 πῶς
1601 4428 1777 4498 τίθησι
1798 4429 1893 4500 τὴν
1915 4430 2109 4484 αἰτίαν·

553 4521 773 4581 Ἰδόντες
802 4519 851 4572 οί
878 4518 983 4570 υἱοί⁹
1014 4515 1107 4568 τοῦ
1141 4513 1272 4567 Θεοῦ
1305 4514 1403 4575 τὰς
1430 4513 1731 4583 θυγατέρας
1765 4514 1872 4565 τῶν
1903 4513 2111 4580 ἀνθρώ-

541 4622 678 4662 πων.
714 4603 795 4654 ὃτι
823 4600 984 4653 καλαί
1014 4601 1167 4661 εἰσιν,
1195 4596 1383 4650 ἔλαϐον
1413 4597 1580 4656 αὑτὰς
1607 4596 1814 4666 ξαντοῐς
1837 4597 1913 4657 εἰς
1938 4601 2114 4663 γυναῖ⁹

540 4703 662 4746 κας.
693 4685 757 4735 Τί
794 4680 907 4746 οὖν,
942 4682 1002 4734 τὸ
1037 4681 1227 4742 κάλλος
1257 4681 1356 4749 τῆς
1381 4678 1655 4749 ἁμαρτίας
1681 4677 1881 4741 αῖτιονὶ
1910 4680 1997 4747 Μὴ
2025 4679 2110 4745 γέ·

540 4784 701 4820 νοιτο·
727 4767 823 4835 τῆς
855 4766 959 4836 γάρ
988 4765 1122 4816 Θεοῦ
1153 4764 1341 4831 σοφίας
1365 4762 1524 4832 ἔργον
1552 4761 1683 4812 ἐστί’
1715 4760 1848 4811 Θεοῦ
1880 4761 1933 4810 δὲ
1959 4761 2112 4830 ἔργον

540 4849 639 4902 οὑκ
669 4848 734 4900 ἄν
758 4865 886 4900 ποτε
910 4848 1118 4914 γένοιτο
1149 4846 1409 4915 πονηρίας
1435 4845 1622 4897 αἴτιον.
1671 4842 1828 4894 Ἀλλά
1861 4843 1918 4894 16
1952 4843 2109 4909 ἰδείνς

542 4932 676 4984 Οὑδὲ
729 4930 905 4982 τοῦτο·
953 4931 1045 4981 καὶ
1103 4928 1210 4997 γὰρ
1261 4929 1352 4981 καὶ
1389 4926 1546 4979 τοῦτο
1578 4926 1673 4994 τῆς
1709 4924 1920 4992 φύσεως
1955 4925 2112 4995 ἔργον

545 5014 710 5066 ἐστίν.
755 5012 908 5064 Ἀλλά
935 5013 1022 5073 τί;
1055 5010 1125 5062 Τὸ
1150 5009 1331 5072 κακῶς
1365 5010 1509 5061 ἰδεῖν·
1540 5007 1692 5060 τοῦτο
1721 5007 1826 5076 γὰρ
1858 5007 2113 5077 προαιρέ-

545 5114 680 5158 σεως
719 5095 1114 5165 διεφθαρμένης
1146 5105 1168 5131 ο
1206 5094 1341 5146 ἐστί.
1389 5092 1484 5143 Διὰ
1515 5089 1673 5142 τοῦτο
1708 5091 1797 5142 καί
1831 5108 1912 5153 τις
1953 5091 2111 5158 σοφὸς

465 5231 468 5233 λ
544 5182 798 5249 παραινεῖ
837 5179 1030 5246 λέγων,
1070 5177 1159 5246 Μὴ
1185 5176 1565 5243 καταμάνθανε
1594 5174 1785 5235 κάλλος
1815 5173 2106 5243 ἀλλότριον.

545 5265 656 5314 Οὑκ
685 5257 823 5326 εἷπε,
843 5261 932 5330 Μὴ
957 5262 1090 5332 ἴδῃς·
1119 5259 1402 5329 συμϐαίνει
1431 5259 1536 5327 γάρ
1568 5259 1660 5310 καί
1677 5259 1695 5295 ί
1722 5258 1827 5309 ἀπὸ
1851 5258 1940 5310 τοῦ
1959 5258 2112 5310 αὑτο-

607 5488 633 5514 ⁸
657 5483 793 5537 Ἐοος
811 5481 1004 5531 τοιαῦτα
1025 5482 1139 5538 τοῖς,
1165 5483 1233 5529 sic
1263 5481 1456 5541 quidam
1481 5495 1594 5529 mss.
1640 5480 1762 5530 Infra
1789 5482 1932 5531 iidem
1964 5499 2106 5540 πονησ

542 5546 643 5607 φίας
663 5545 816 5607 αὐτῶν
844 5545 976 5607 εἶδος.

606 5607 632 5643 ῢ
662 5605 793 5653 Unus
811 5606 1010 5658 ίσοθείας
1038 5607 1363 5665 φαντασθῆναι.

606 5673 627 5697 ε
656 5669 871 5722 Quatuor
893 5679 1007 5711 mss.
1033 5667 1112 5727 καί
1147 5669 1171 5712 ὁ
1197 5668 1338 5727 Σιρὰχ
1360 5668 1526 5724 ἔλεγεν.

604 5729 630 5766 d
658 5727 794 5789 Unus
814 5725 1162 5789 πρυμυκοὺσαις
1183 5725 1439 5789 ἐπιμυρίαις
1463 5727 1588 5788 (sic).

609 5803 633 5830 ο
657 5788 789 5834 Unus
807 5787 1186 5848 διεστραμμένης.

609 5847 630 5885 ί
659 5848 792 5896 ὶέιιιιε
814 5848 907 5894 ἀπὸ
943 5849 1252 5908 ταύτομάτου.

1246 306 1303 363 S.
1345 304 1628 362 JOANNIS
1661 300 2138 360 CHRYSOSTOM‘
2181 301 2498 362 ARCHl'EP.
2537 307 3080 365 CONSTANTINOP.

3671 320 3788 372 118

2210 419 2381 487 μάτου
2430 421 2587 475 τοῦτο
2628 424 2895 490 γενέσθαι·
2946 424 3101 490 ἀλλὰ,
3131 423 3222 494 Μὴ
3247 421 3646 492 καταμάνθανε,
3678 440 3793 494 φη-

2210 501 2283 564 σὶ,
2318 502 2415 573 τὴν
2445 505 2510 557 ἐκ
2539 505 2766 574 μελέτης
2805 507 3150 576 κατανόησιν,
3182 507 3280 576 τὴν
3317 505 3605 573 περίεργον
3640 503 3788 572 δψιν,

2204 583 2301 653 τὴν
2333 585 2470 654 μετά
2499 583 2777 656 διατριϐῆς
2811 588 3050 658 πονηράν
3076 588 3328 656 θεωρίαν,
3365 588 3461 656 τὴν
3484 585 3591 638 ἀπὸ
3609 585 3792 656 ψυχῆς

2203 665 2602 738 διεφθαρμένης
2635 667 2727 721 καὶ
2754 670 3124 740 ὶπιθυμούσης
3152 669 3406 738 ἀναιρῶν.
3435 669 3542 721 Kal
3575 667 3648 730 τί,
3678 684 3789 735 φη-

2207 748 2308 809 σὶν,
2337 749 2400 801 ὲκ
2427 749 2615 803 τούτου
2649 750 2842 819 γένοιτ’
2877 751 2940 804 ἄν
2982 749 3206 820 βλάϐος;
3251 751 3344 803 Ἐκ
3382 749 3594 811 τούτου,
3627 750 3784 818 φησὶν

2207 829 2354 896 φιλία
2387 829 2462 893 ὼς
2503 831 2614 901 πῦρ
2647 833 2964 886 ἀνακαίεται
3004 835 3050 882 ε.
3102 833 3366 898 Καθάπερ
3409 832 3516 900 γὰρ
3555 829 3616 882 16
3649 830 3786 900 πῦρ.

2206 913 2421 966 ἐπειδὰν
2453 916 2642 986 χόρτου
2665 915 2807 979 τινὸς
2831 916 2862 985 ἢ
2892 915 3142 985 καλάμης
3171 911 3511 982 ἐπιλάϐηται,
3540 915 3638 966 οὑκ
3660 915 3790 966 ἀνα-

2212 996 2360 1064 μένει
2385 999 2577 1068 χρόνον
2605 999 2744 1062 τινὰ,
2777 999 2890 1052 ἀλλ’
2919 997 3054 1068 ὁμοῦ
3092 1016 3148 1050 τε
3174 998 3348 1066 ἥψατο
3378 997 3474 1064 τῆς
3508 995 3659 1064 ὕλης,
3691 996 3790 1049 καῖ¹

2207 1077 2461 1152 λαμπράν
2503 1081 2676 1150 ἀνῆψε
2718 1082 2748 1121 h
2779 1083 2876 1152 τὴν
2906 1081 3098 1149 φλόγα·
3145 1080 3286 1132 οὑτω
3320 1079 3414 1130 καὶ
3438 1079 3499 1131 τὸ
3541 1078 3652 1148 πῦρ
3684 1079 3790 1147 τῆς

2209 1160 2505 1230 ἐπιθυμίας
2536 1163 2635 1232 τῆς
2665 1165 2721 1215 ἐν
2755 1164 2908 1234 ἡμῖν,
2938 1161 3157 1215 ὲπειδάν
3189 1161 3276 1214 διὰ
3313 1160 3411 1228 τῆς
3442 1161 3548 1212 τῶν
3582 1158 3787 1227 ὀφθαλ-

2214 1243 2327 1311 μῶν
2361 1243 2543 1313 δψεως
2598 1244 2832 1308 εὐειδοῦς
2874 1249 2968 1299 καὶ
3004 1243 3262 1316 λαμπροῦ
3300 1243 3526 1305 κάλλους
3559 1243 3785 1310 ἀψηται,

2209 1325 2408 1388 εὑθέως
2453 1326 2758 1398 ἐμπίπρησι
2787 1328 2885 1398 τὴν
2929 1327 3128 1398 ψυχήν.
3169 1326 3261 1397 Μὴ
3293 1325 3468 1378 τοίνυν
3503 1324 3598 1394 τὴν
3625 1326 3792 1392 πρόσ-

2210 1424 2399 1478 καιρον
2444 1407 2558 1478 ἴδῃς
2595 1409 2807 1478 ήδονὴν,
2838 1410 2935 1479 τὴν
2966 1409 3073 1462 ἀπὸ
3111 1409 3209 1477 τῆς
3239 1408 3489 1478 θεωρίας,
3524 1406 3658 1460 ἀλλά
3688 1407 3788 1476 τὴν

2210 1488 2426 1558 διηνεκῆ
2458 1489 2730 1561 σκόπησον
2753 1490 2965 1559 ὀδύνην,
2993 1491 3091 1562 τὴν
3115 1493 3221 1544 ἀπὸ
3242 1491 3340 1561 τῆς
3371 1489 3682 1558 ἐπιθυμίας.
3722 1488 3788 1540 Ἡ

2216 1570 2316 1639 μὲν
2340 1571 2448 1642 γὰρ
2482 1571 2542 1624 16
2570 1571 2787 1642 τραῦμα
2816 1572 3027 1627 ἐνθεῖσα
3067 1571 3382 1643 ἀπεπήδησε
3420 1572 3698 1632 πολλάκις·
3723 1570 3789 1622 16

2211 1651 2267 1705 δὲ
2313 1653 2532 1724 τραῦμα
2570 1657 2670 1709 οὑκ
2701 1657 2978 1727 ἀποπηδᾷ,
3021 1655 3156 1709 ἀλλά
3207 1656 3355 1726 μένει
3401 1655 3653 1715 πολλάκις
3693 1653 3791 1705 καὶ

2213 1737 2492 1791 ἀπόλλυσι.
2542 1739 2651 1794 Kal
2695 1740 2946 1810 καθάπερ
2980 1739 3181 1809 ἔλαφος
3237 1738 3498 1807 δεξαμένη
3533 1735 3681 1806 βέλος
3726 1736 3789 1787 ἓν

2215 1820 2412 1890 καιρίῳ
2444 1820 2536 1872 τοῦ
2578 1821 2845 1891 σώματος,
2877 1822 2978 1876 κάν
3014 1822 3227 1893 ἐκφύγῃ
3268 1821 3375 1873 τῶν
3408 1817 3657 1889 θηρατῶν
3687 1817 3789 1880 τὰς

2213 1903 2420 1971 χεῖρας,
2448 1901 2598 1955 οὐδὲν
2625 1903 2892 1974 κερδαίνει
2918 1903 3122 1958 λοιπόν·
3153 1902 3295 1956 οὑτω
3327 1903 3423 1956 καὶ
3463 1900 3608 1971 ψυχὴ
3632 1900 3786 1966 δεξα-

2217 1985 2353 2052 μένη
2392 1983 2548 2052 βέλος
2588 1985 2882 2055 ἐπιθυμίας
2922 1986 2983 2049 ἐξ
3025 1986 3322 2040 ἀκολάστου
3363 1984 3455 2038 καὶ
3493 1983 3785 2052 περιέργου

2214 2064 2464 2136 θεωρίας,
2491 2066 2593 2119 κᾶν
2620 2068 2680 2119 16
2710 2067 2861 2136 βέλος
2891 2069 3089 2137 ἀφεῖσα
3121 2067 3350 2137 ἀπέλθῃ,
3377 2066 3515 2134 αὑτὴ
3544 2064 3788 2132 διαφθεί-

2216 2166 2367 2218 ρεται
2415 2149 2510 2202 καὶ
2537 2150 2849 2214 ἀπόλλυται,
2889 2149 3159 2219 πανταχοῦ
3201 2150 3292 2203 16v
3323 2149 3576 2214 πολέμιον
3604 2147 3788 2215 ὁρῶσα

2214 2231 2306 2284 καὶ
2347 2232 2607 2302 ἑπόμενον
2647 2233 2863 2303 ἔχουσα.
2916 2234 3053 2286 Ἀλλ’
3080 2234 3216 2304 ὅπερ
3247 2232 3430 2300 ελεγον
3469 2231 3548 2296 (οὐ
3571 2230 3680 2301 γάρ
3707 2230 3791 2283 δεῖ

2216 2314 2430 2383 μακράς
2454 2319 2752 2384 συγχωρεῖν
2771 2315 2865 2368 τοῦ
2888 2316 3043 2383 λόγου
3067 2314 3330 2369 ποιεῖσθαι
3353 2315 3451 2378 16;
3470 2313 3784 2383 ἐκτροπὰς).

2212 2394 2294 2446 δτι
2327 2395 2572 2466 ήΓραφὴ
2603 2397 2695 2450 καὶ
2719 2399 2786 2449 16
2815 2398 3185 2469 ἁμαρτήματα
3221 2398 3317 2451 καὶ
3350 2397 3448 2458 16;
3485 2396 3666 2456 αἰτίας
3690 2395 3788 2445 αὑ-

2213 2477 2319 2528 τῶν
2358 2477 2536 2543 λέγειν
2575 2479 2780 2540 εἴωθεν,
2821 2481 2985 2532 ἄκουε
3019 2480 3147 2546 γοῦν
3179 2483 3273 2533 καὶ
3306 2479 3538 2533 ἐνταῦθα
3571 2478 3624 2529 τί
3653 2490 3787 2544 φησι

2214 2559 2342 2628 περὶ
2381 2559 2473 2612 τοῦ
2508 2559 2674 2623 Ὀζία.
2706 2561 2778 2612 Οὑ
2817 2561 2924 2631 γάρ
2951 2563 3034 2614 ὅτι
3069 2561 3256 2632 ὑψώθη
3306 2563 3339 2631 ή
3372 2561 3568 2630 καρδία
3600 2557 3785 2624 αὑτοῦ,

2214 2639 2372 2694 τοῦτο
2405 2644 2561 2711 μόνον
2594 2643 2740 2711 ἡμᾶς
2785 2643 3044 2707 ἐδίδαξεν,
3081 2643 3215 2698 ἀλλά
3254 2644 3350 2696 καὶ
3393 2643 3557 2696 πόθεν
3599 2641 3786 2711 ὑψώθη

2214 2724 2538 2792 προσέθηκε.
2573 2723 2745 2777 Πόθεν
2791 2721 2882 2778 οῦν
2915 2726 3137 2796 ὑψώθης
3179 2728 3379 2780 Ἡνίκα
3412 2727 3652 2795 ίσχυσε,
3687 2741 3786 2794 φη-

2215 2806 2318 2868 σὶν,
2350 2805 2557 2874 ὑψώθη
2589 2807 2626 2872 ἢ
2661 2806 2871 2874 καρδία
2900 2808 3107 2863 αὑτοῦ.
3141 2810 3252 2862 Οὑκ
3281 2810 3473 2880 ῆνεγκς
3499 2809 3596 2878 τῆς
3626 2808 3786 2861 δυνα-

2215 2890 2394 2951 στείας
2429 2890 2491 2942 16
2526 2889 2770 2959 μέγεθος,
2799 2890 2912 2944 ἀλλ’
2945 2890 3130 2963 ὥσπερ
3160 2891 3218 2958 ἐξ
3240 2892 3544 2961 ἀδηφαγίας
3574 2890 3670 2960 μὲν
3699 2889 3787 2958 γί-

2214 2989 2360 3023 νεται
2400 2973 2694 3042 φλεγμονὴ,
2741 2974 2805 3025 ὲκ
2836 2973 3138 3044 φλεγμονῆς
3173 2974 3228 3026 δὲ
3269 2974 3506 3025 τίκτεται
3533 2971 3784 3042 πυρετὸς,

2214 3051 2331 3104 εἷτα
2359 3055 2562 3105 ἐκεῖθεν
2595 3054 2820 3116 θάνατος
2845 3055 3121 3117 πολλάκις·
3149 3054 3289 3107 οὑτω
3311 3055 3402 3106 καὶ
3429 3054 3659 3106 ἐνταῦθα
3681 3054 3788 3106 ἀπὸ

2212 3133 2312 3200 τῆς
2341 3133 2539 3203 πολλῆς
2571 3137 2586 3174 ί
2628 3134 2735 3186 τῶν
2770 3137 3108 3205 πραγμάτων
3139 3135 3427 3206 περιϐολῆς
3451 3135 3675 3188 ἀπόνοια
3695 3134 3784 3201 γέ-

2215 3231 2386 3281 γονεν.
2423 3215 2600 3286 Ὅπερ
2623 3216 2728 3286 γάρ
2766 3218 2858 3268 ἐπὶ
2884 3218 2991 3269 τῶν
3021 3219 3286 3286 σωμάτων
3313 3216 3608 3287 φλεγμονὴ,
3631 3215 3789 3270 τοῦτο

2214 3297 2307 3348 ἐπὶ
2339 3296 2446 3348 τῶν
2483 3297 2668 3367 ψυχῶν
2701 3300 2945 3353 ἀπόνοια.
2985 3296 3117 3353 Εἶτα
3155 3299 3214 3363 ἐξ
3246 3299 3501 3363 ἀπονοίας
3526 3297 3786 3370 ἐπιθυμία

2211 3378 2319 3431 τῶν
2342 3379 2402 3430 οὑ
2436 3381 2822 3450 προσηκόντων
2851 3382 2998 3451 αὑτῷ
3024 3382 3379 3452 πραγμάτων.

2283 3559 2343 3604 ε’.
2368 3552 2548 3605 Ταῦτα
2575 3555 2671 3622 οὑχ
2695 3554 2875 3618 ἀπλῶς
2911 3555 3241 3626 μηκύνομεν,
3264 3555 3378 3608 ἀλλ’
3408 3556 3496 3608 ἴνα
3521 3553 3784 3624 μηδέποτε

2216 3632 2489 3700 ζηλωτοὺς
2541 3631 2678 3687 εἶναι
2721 3637 2993 3705 νομίζητε,
3028 3637 3160 3706 μηδὲ
3203 3636 3542 3707 μακαρίζητε
3571 3652 3627 3687 το
3643 3652 3697 3695 ας
3728 3637 3784 3686 ἐν

2217 3713 2364 3786 [119]
2391 3717 2725 3780 δυναστείαις
2755 3719 2933 3780 ὄντας,
2963 3720 3160 3782 εἰδότες
3185 3720 3308 3772 ὅσον
3336 3719 3428 3771 τοῦ
3469 3717 3783 3789 πράγματος

2211 3798 2273 3850 16
2304 3798 2612 3866 ἐπισφαλές·
2656 3800 2742 3851 ἵνα
2772 3800 3040 3870 μηδέποτε
3069 3803 3193 3864 τοὺς
3221 3803 3278 3853 ὲν
3311 3800 3469 3869 πενίᾳ
3500 3799 3591 3850 καὶ
3610 3798 3784 3850 ταλαι-

2213 3881 2394 3952 πωρίᾳ
2420 3881 2638 3944 ἀθλίους
2673 3882 2687 3932 i
2727 3883 2952 3953 ἡγῆσθε,
2987 3885 3187 3946 εἰδότες
3203 3885 3288 3936 ὅτι
3315 3882 3511 3935 πλείων
3540 3879 3782 3934 ἐντεῦθεν

2214 3965 2248 4032 ή
2277 3963 2559 4030 ἀσφάλεια.
2591 3965 2668 4016 Δι’
2701 3965 2729 4016 ὃ
2758 3966 2848 4016 καὶ
2873 3967 2900 4018 6
2933 3967 3217 4036 Προφήτης
3243 3966 3372 4018 ὲϐόα
3401 3965 3592 4032 λέγων·
3630 3965 3784 4032 Ἄτα-

2213 4046 2320 4096 θόν
2333 4063 2449 4112 μοι.
2472 4045 2662 4110 Κύριε,
2695 4046 2781 4098 ὅτι
2813 4047 3214 4112 ὲταπείνωσάς
3232 4065 3325 4115 με.
3345 4050 3484 4117 Ὅρα
3513 4045 3641 4113 γοῦν
3663 4047 3783 4098 ὅσον

2213 4127 2277 4179 ὲκ
2324 4126 2416 4178 τοῦ
2460 4125 2624 4194 ὑψους
2660 4127 2850 4194 γέγονε
2897 4129 2954 4179 16
3005 4130 3191 4182 κακόν.
3234 4130 3455 4197 Ὑψώθη
3498 4131 3536 4197 ή
3577 4127 3782 4194 καρδία

2213 4209 2396 4260 αὐτοῦ
2443 4208 2552 4272 ἕως
2596 4209 2701 4261 τοῦ
2752 4209 3099 4277 διαφθεῖραι,
3148 4211 3300 4281 φησί.
3331 4211 3396 4261 Τί
3444 4211 3780 4273 έστιν,“Ἐως

2212 4292 2318 4345 τοῦ
2349 4292 2675 4360 διαφθεῖραι
2699 4309 2717 4354 ;
2747 4293 2865 4344 ἰ’ὠν
2896 4294 3146 4364 πονηρῶν
3164 4294 3435 4363 λογισμῶν
3461 4293 3508 4345 οἰ
3543 4293 3640 4362 μὲν
3666 4290 3781 4344 οὑδὲ

2211 4375 2345 4435 ὅλως
2379 4375 2532 4443 ἡμῶν
2577 4375 2910 4427 ἐπιϐαίνουσι
2957 4379 3022 4445 τῇ
3061 4377 3204 4446 ψυχῇ
3229 4375 3276 4440 ιι,
3319 4377 3384 4429 ἂν
3420 4376 3585 4444 πολλῇ
3629 4390 3779 4442 περι-

2214 4458 2507 4528 φράξωμεν
2565 4458 2790 4520 ἑαυτοὺς
2839 4459 3122 4528 ἀσφαλείᾳ·
3173 4460 3222 4511 οἰ
3267 4459 3324 4511 δὲ
3367 4459 3636 4510 τίκτονται
3688 4455 3776 4524 μὲν

2213 4541 2390 4604 ἔνδον,
2437 4541 2863 4610 ρᾳθυμησάντων
2917 4542 2971 4592 δὲ
3014 4541 3202 4610 ἡμῶν,
3246 4541 3340 4593 καὶ
3379 4540 3776 4608 βλαστάνουσιν·

2213 4623 2278 4674 ἂν
2309 4623 2363 4674 δὲ
2390 4622 2768 4691 προληφθῶσιν
2795 4620 2838 4685 ι,
2867 4623 3253 4688 ἀποπνίγονται
3279 4622 3486 4689 ταχέως
3509 4621 3600 4671 καὶ
3621 4635 3779 4670 καταο

2214 4703 2531 4773 χώννυνται.
2561 4704 2740 4756 Ἀλλοι
2770 4706 2862 4756 καὶ
2889 4705 3180 4766 τίκτονται,
3212 4706 3304 4756 καὶ
3327 4703 3666 4768 αὑξάνονται,
3690 4700 3779 4752 καί

2213 4785 2347 4855 πρὸς
2388 4786 2486 4848 τὰς
2532 4786 2771 4853 πονηρὰς
2825 4785 3132 4838 ἐκϐαίνουσι
3179 4785 3425 4854 πράξεις,
3469 4786 3562 4837 καὶ
3608 4785 3778 4835 πᾶσαν

2210 4869 2368 4938 ήμῶν
2405 4869 2500 4938 τῆς
2525 4869 2700 4938 ψυχῆς
2736 4870 2834 4938 τὴν
2871 4869 3056 4934 ὑγείαν
3094 4869 3514 4938 διαφθείρουσιν,
3569 4869 3694 4919 ὅταν
3724 4867 3777 4916 έν

2214 4951 2378 5020 πολλῇ
2429 4950 2713 5019 γενώμεθα
2764 4949 3017 5020 ῥᾳθυμίᾳ.
3073 4951 3243 5002 Τοῦτο
3314 4945 3406 5002 οὖν
3466 4965 3646 5019 φησιν,
3701 4948 3776 4999 ὅτι

2226 5032 2452 5099 Ὑψώθη
2487 5036 2524 5099 ἡ
2569 5033 2779 5098 καρδία
2823 5033 3025 5085 αὑτοῦ·
3077 5031 3171 5084 καί
3205 5033 3304 5083 οὑκ
3336 5031 3546 5100 ἔμεινεν
3575 5030 3716 5081 ἔνδον
3743 5032 3772 5098 ἡ

2213 5117 2458 5180 ἀπόνοια,
2493 5118 2611 5169 οὑδὲ
2639 5115 2992 5184 κατεσϐέσθη,
3024 5115 3137 5169 ἀλλ’
3167 5115 3478 5184 ἐξεπήδησε,
3519 5115 3610 5166 καὶ
3644 5113 3774 5182 πρὸς

2275 5359 2297 5420 β
2326 5357 2458 5420 Alius
2484 5355 2575 5420 πῦρ
2595 5358 2859 5420 ἀνάπτεται.

2269 5417 2299 5455 h
2325 5418 2430 5466 Duo
2450 5416 2561 5465 mss}
2585 5419 2799 5479 λαμπράν
2823 5417 2933 5479 ἧψε.
2960 5429 3019 5465 ex
3053 5419 3352 5478 repelilinne
3375 5416 3459 5464 τοῦ
3498 5434 3555 5464 αν
3577 5417 3775 5479 detrun-

2209 5488 2309 5527 cata
2334 5481 2484 5538 prima
2509 5477 2794 5538 posterioris
2815 5477 2946 5526 vobis
2966 5477 3167 5538 syllaba.
3195 5479 3320 5527 Intra
3355 5492 3478 5526 unus
3497 5479 3666 5525 εὐθέων
3682 5477 3772 5524 τῶν

2207 5543 2421 5601 ὁρώντων
2448 5540 2720 5600 ἐμπίπρησι.

2277 5613 2287 5638 ι
2325 5603 2506 5656 Πολλῆς
2528 5602 2670 5647 deest
2691 5602 2738 5646 in
2766 5599 2918 5648 tribus
2950 5613 3065 5648 mss.

2275 5663 2288 5711 ἰ
2324 5663 2444 5712 Tres
2471 5675 2583 5722 mss.
2607 5661 2741 5721 πενίᾳ
2778 5662 2857 5706 καί
2901 5661 3193 5722 ταλαιπωρίᾳ
3227 5661 3427 5722 ἀθλίους,
3449 5664 3521 5722 _ct
3543 5657 3613 5706 sic
3655 5657 3772 5718 legit

2207 5723 2448 5785 Erasmus.
2468 5720 2751 5785 EdiliAver’o
2770 5722 2816 5767 έν
2838 5722 2972 5785 πενίᾳ
3004 5723 3083 5768 καὶ
3117 5720 3324 5785 εὐτελείᾳ
3356 5720 3550 5773 ἀθλίους.

2268 5785 2293 5819 ιι
2320 5785 2350 5830 Α
2365 5783 2452 5831 lius
2475 5783 2762 5828 ἐπιϐαίνουσι
2783 5789 2863 5839 τῆς
2878 5783 3041 5842 ψυχῆς.

2274 5842 2296 5885 Ῑ
2322 5843 2417 5894 Alii
2445 5845 2750 5904 καταληφθῶς
2763 5861 2818 5888 ιν.
