4064 6214
282 375 394 431 117

289 474 543 529 sutorem,
568 477 725 520 nemo
743 465 1167 523 contradicturus
1188 476 1289 523 est.
1314 467 1449 533 Quid
1472 469 1628 539 igitur
1647 468 1720 523 ait
1738 468 1876 523 Pau-

298 554 382 607 ius
395 554 673 610 Timotheo
697 556 972 611 scribens?
1005 558 1107 625 Qui
1137 573 1306 629 nuper
1344 560 1770 628 prmdicationem
1799 569 1857 613 at-

295 647 430 717 tigit,
459 661 580 700 eum
613 663 715 701 non
742 658 988 717 oportere
1010 649 1074 703 ad
1096 664 1359 705 summam
1390 650 1622 719 epiSCOpi
1651 650 1879 719 ἀρηίω-

293 748 395 791 lem
426 738 600 804 evehi,
632 738 715 793 bis
754 753 943 810 nempe
970 740 1178 795 verbis:
1207 740 1327 795 Non
1358 743 1687 811 neophytum,
1735 760 1797 796 ne
1824 743 1876 796 in

284 829 571 897 superbiam
589 829 769 895 elatus,
794 830 844 882 in
857 830 1107 901 judicium
1126 831 1332 897 incidat,
1360 842 1404 885 et
1430 834 1482 885 iu
1509 831 1743 905 laqueum
1764 833 1879 886 dia-

290 923 389 975 boli
422 922 491 991 (ί.
530 922 659 976 Tim.
692 922 744 977 ὅ.
769 922 854 993 6);
902 937 968 977 ne
1012 922 1224 991 eadem,
1265 925 1449 995 inquit,
1501 942 1725 997 peccans
1750 943 1873 983 cum

288 1018 399 1085 illo,
429 1018 613 1073 eadem
645 1035 763 1075 cum
795 1020 887 1074 illo
913 1021 1160 1090 patiatur.

358 1109 407 1164 4.
440 1108 670 1164 Alienum
698 1112 1063 1182 improbitatem
1087 1110 1267 1166 solatio
1292 1126 1397 1164 esse
1425 1109 1874 1180 improbis.-—Hoc

288 1215 416 1254 vero
446 1217 549 1255 nou
582 1202 705 1256 hinc
732 1204 900 1257 solum
929 1214 1007 1258 est
1038 1204 1401 1273 perspicuum,
1422 1218 1603 1258 vennn
1623 1203 1781 1258 etiam
1804 1217 1872 1257 ex

290 1296 355 1348 iis
369 1311 483 1365 qua:
501 1297 759 1352 scelestus
779 1297 865 1351 ille
890 1297 1098 1352 daimou
1126 1300 1297 1369 primo
1320 1298 1517 1351 homini
1545 1298 1734 1351 suasit.
1759 1297 1874 1351 Sic-

288 1393 349 1439 ut
387 1386 525 1439 enim
567 1386 720 1441 bonis
762 1386 847 1442 hic
877 1402 990 1441 mos
1022 1399 1135 1453 est,
1191 1403 1287 1458 per
1326 1403 1443 1457 quae
1475 1387 1571 1456 ipsi
1599 1388 1719 1441 facti
1750 1394 1873 1440 sunt

285 1477 410 1531 boui
432 1519 446 1543 ,
476 1477 543 1532 ad
568 1477 753 1533 eadem
778 1478 1053 1535 exhortari
1084 1480 1355 1550 proximos
1380 1497 1399 1533 :
1430 1481 1497 1534 ita
1524 1488 1577 1535 et
1602 1480 1758 1534 malis
1786 1480 1873 1534 hic

284 1577 369 1624 est
410 1583 527 1624 mos
547 1611 563 1635 ,
608 1585 704 1641 per
747 1584 865 1641 qua:
894 1571 991 1641 ipsi
1018 1580 1142 1626 sunt
1173 1571 1435 1642 improbi,
1467 1570 1655 1626 eadem
1682 1570 1871 1626 vicinis

286 1660 559 1719 invehere.
587 1662 719 1718 Nam
749 1678 851 1717 una
882 1662 996 1718 hmc
1025 1672 1110 1717 est
1138 1663 1350 1718 illorum
1384 1663 1599 1717 malitiae
1628 1664 1833 1733 species
1853 1702 1868 1726 ,

285 1762 346 1808 ut
388 1754 613 1809 aliorum
663 1753 951 1823 perniciem
998 1753 1248 1808 solatium
1288 1754 1371 1808 sui
1415 1754 1658 1823 supplicii
1696 1754 1867 1809 existi-

285 1855 452 1900 ment.
497 1844 635 1911 Quid
678 1845 836 1916 lgitur
861 1845 1107 1899 diabolus
1133 1846 1301 1900 suasit
1331 1846 1576 1901 Adamo?
1603 1846 1673 1901 Ut
1699 1846 1873 1901 conci-

286 1942 437 2002 peret
460 1935 834 2004 cogitationem
856 1950 951 1993 sua
978 1945 1164 1989 natura
1194 1936 1449 2005 majorem
1475 1978 1491 2005 ,
1519 1936 1723 2006 sibique
1748 1951 1870 1991 cum

295 2027 399 2081 Deo
428 2038 671 2097 speraret
698 2028 1051 2099 aequalitatem
1082 2028 1233 2099 (Gen.
1265 2030 1343 2099 3).
1376 2029 1429 2083 Si
1458 2030 1600 2083 enim
1620 2072 1633 2090 ,
1668 2030 1870 2098 inquit,

288 2118 401 2173 haec
429 2134 517 2174 res
542 2134 627 2175 me
647 2119 715 2175 de
733 2119 865 2175 caelo
885 2120 1117 2189 expulit,
1142 2119 1310 2174 multo
1330 2120 1496 2189 magis
1518 2120 1703 2173 eadem
1731 2120 1873 2174 hunc

284 2208 461 2277 cjiciet
504 2224 535 2263 e
582 2210 847 2280 paradiso.
892 2212 1232 2281 QuaprOpter
1269 2221 1321 2266 et
1356 2211 1609 2267 Salomon
1648 2212 1781 2266 dixit
1812 2214 1825 2242 '
1856 2230 1869 2267 :

292 2301 423 2354 Deus
436 2301 659 2369 superbis
680 2302 862 2355 resistit
885 2301 1061 2373 (Prov.
1086 2306 1137 2357 5.
1158 2304 1245 2359 34.
1274 2302 1445 2356 1.Ρει.
1465 2304 1517 2357 5.
1547 2305 1600 2357 5.
1624 2312 1671 2355 et
1690 2301 1870 2355 Iacob.

286 2393 339 2446 4.
380 2391 454 2462 6).
485 2393 598 2447 Non
631 2392 763 2447 dixit
796 2411 809 2446 :
840 2395 977 2448 Deus
1006 2395 1268 2463 superbos
1297 2395 1552 2460 dimittit,
1582 2402 1635 2449 ct
1664 2395 1714 2447 in
1746 2408 1872 2464 pce-

285 2485 420 2537 catis
463 2484 689 2551 deserit,
740 2500 939 2556 suoque
983 2488 1148 2541 nudat
1191 2486 1583 2550 auxilio:sed,
1632 2486 1871 2551 Resistit,

289 2576 503 2643 inquit:
535 2590 639 2628 non
680 2575 818 2644 quod
861 2577 1114 2630 instructa
1157 2578 1271 2631 acie
1314 2587 1404 2631 aut
1451 2594 1620 2647 pugna
1662 2578 1771 2631 Deo
1806 2576 1875 2631 sit

286 2680 419 2730 opus
450 2664 705 2720 adversus
739 2667 1027 2734 superbum
1054 2684 1068 2730 ;
1113 2668 1236 2737 quid
1277 2669 1419 2721 enim
1446 2682 1563 2722 esse
1590 2669 1755 2738 possit
1781 2682 1873 2721 su-

289 2755 453 2821 perbo
484 2754 741 2809 inﬁrmius
766 2754 787 2807 ἳ
815 2756 945 2809 Nam
974 2767 1027 2809 ut
1050 2759 1139 2826 qui
1163 2758 1379 2811 orbatus
1404 2766 1487 2812 est
1512 2759 1681 2811 oculis
1702 2799 1718 2825 ,
1751 2773 1871 2811 om-

290 2847 434 2899 niunt
466 2848 736 2915 expositus
763 2857 844 2901 est
873 2848 1079 2917 injuriae
1100 2890 1115 2911 ,
1148 2849 1217 2902 ita
1246 2859 1301 2903 et
1328 2851 1591 2917 superbus
1609 2891 1623 2916 ,
1649 2849 1739 2917 qui
1767 2862 1874 2903 non

290 2940 436 2992 vidct
481 2939 759 2992 Dominum
811 2938 953 3011 (nam
1008 2937 1222 2993 Initium
1270 2940 1547 3009 superbiae,
1598 2948 1654 2992 ut
1706 2939 1875 3009 inquit

289 3032 594 3101 Scriptura,
627 3042 696 3086 est
738 3048 836 3086 non
880 3048 1024 3087 nosse
1071 3031 1343 3087 Dominum
1381 3031 1567 3105 [Εεειῖ-
1598 3034 1684 3087 10·
1716 3032 1806 3104 14]
1829 3030 1872 3103 )›

291 3125 452 3177 ctiam
480 3124 545 3177 ab
570 3123 868 3177 hominibus
894 3124 1044 3178 facile
1071 3133 1379 3191 superatur,
1410 3132 1752 3193 posteaquam
1783 3139 1878 3176 ex-

288 3214 419 3268 cidit
443 3214 509 3268 ab
539 3215 626 3267 illa
658 3215 795 3269 luce.
826 3214 975 3281 Quod
1005 3216 1048 3267 si
1080 3216 1236 3268 etiam
1263 3215 1466 3268 validus
1489 3230 1550 3267 ac
1581 3223 1767 3283 potens
1792 3227 1877 3266 es-

289 3315 373 3359 set
406 3307 696 3375 superbus,
740 3304 868 3358 nihil
894 3320 1026 3374 opus
1053 3313 1197 3359 esset
1222 3305 1330 3358 Deo
1357 3307 1591 3359 exercitu
1620 3304 1875 3357 adversus

294 3400 439 3452 illum
491 3416 505 3455 :
555 3399 637 3453 cui
684 3398 824 3453 enim
869 3398 1114 3452 voluntas
1153 3396 1281 3451 satis
1326 3396 1510 3451 fuitad
1540 3395 1874 3465 producenda

293 3489 469 3542 omnia
487 3529 501 3552 ,
528 3489 692 3542 multo
716 3488 880 3558 magis
902 3486 1174 3542 sufﬁceret
1195 3487 1261 3541 ad
1282 3503 1343 3542 ea
1370 3488 1623 3542 tollenda.
1653 3487 1758 3541 Cur
1780 3488 1875 3556 igi-

297 3591 409 3646 tur,
446 3581 650 3650 inquies
674 3621 687 3642 ,
734 3580 974 3635 resistit?
1001 3578 1153 3645 Quod
1180 3582 1466 3635 vehemens
1490 3580 1667 3633 odium
1698 3580 1877 3634 decla-

294 3681 376 3725 ret
403 3687 525 3741 erga
554 3672 860 3741 superbum.
890 3671 1070 3741 itaque
1096 3672 1395 3741 superbiam
1423 3687 1541 3725 esse
1566 3672 1756 3725 vulnus
1783 3687 1878 3740 pe-

298 3762 620 3828 riculosum,
667 3772 775 3816 tum
818 3779 881 3817 ex
923 3762 1005 3816 his
1042 3777 1163 3832 qua;
1197 3761 1465 3828 diximus,
1506 3772 1615 3815 tum
1656 3776 1721 3814 ex
1761 3762 1877 3814 aliis

296 3853 636 3921 perspicuum
656 3862 753 3907 est.
784 3851 935 3919 Quod
960 3852 1005 3907 si
1026 3852 1185 3907 vultis
1205 3894 1219 3917 ,
1251 3852 1411 3906 etiam
1438 3867 1653 3906 causam
1681 3852 1869 3920 ipsam,

296 3944 435 3999 unde
462 3944 657 3998 vulnus
676 3944 776 3998 hoc
800 3944 1027 4010 accidit,
1053 3944 1265 3999 aliunde
1289 3944 1577 3999 discamus.
1603 3943 1878 4013 Siquidem

299 4035 384 4091 hic
430 4034 718 4105 Scriptura:
758 4050 874 4089 mos
918 4044 1037 4099 est,
1086 4037 1131 4090 si
1174 4035 1387 4106 quando
1434 4044 1585 4105 parat
1627 4050 1879 4089 accusare

297 4127 602 4197 quempiam
625 4169 641 4192 ,
691 4140 793 4180 non
840 4125 1000 4181 modo
1042 4136 1318 4195 peccatum
1352 4126 1490 4179 illius
1520 4140 1768 4188 narrare,
1798 4140 1882 4177 vc-

299 4236 416 4274 rum
438 4222 600 4275 etiam
621 4219 812 4273 docere
835 4233 931 4274 nos
954 4234 1073 4288 qua:
1098 4218 1251 4271 fuerit
1274 4218 1473 4285 peccati
1494 4231 1651 4269 causa
1679 4233 1693 4269 :
1719 4215 1768 4268 id
1793 4230 1880 4267 au-

301 4323 403 4366 tem
432 4310 560 4363 facit
585 4352 599 4375 ,
628 4319 686 4363 ut
713 4323 805 4363 eos
834 4308 922 4377 qui
942 4308 1057 4362 sani
1083 4318 1205 4361 sunt
1232 4307 1417 4362 reddat
1440 4308 1659 4361 tutiores
1680 4307 1880 4359 cautio-

298 4416 524 4471 resque,
554 4415 623 4453 ne
652 4400 703 4452 in
731 4398 913 4453 eadem
944 4396 1181 4451 incidant
1207 4397 1366 4451 mala.
1395 4396 1652 4451 Similiter
1678 4406 1733 4450 et
1762 4412 1879 4449 me-

298 4492 402 4547 dici
443 4490 510 4545 ad
550 4496 867 4559 mgrmantes
905 4487 1167 4557 ingressi,
1206 4487 1367 4541 etiam
1408 4496 1531 4541 ante
1558 4486 1772 4540 morbos
1800 4485 1877 4555 (a)

302 4584 471 4638 futues
519 4582 830 4651 explorant,
877 4591 932 4634 ut
958 4580 1155 4649 praevia
1179 4594 1305 4634 cura
1331 4588 1611 4634 coerceant
1639 4580 1835 4633 malum
1864 4596 1879 4632 :

300 4674 495 4729 etenim
521 4673 610 4741 qui
635 4712 649 4736 ,
683 4679 929 4725 manente
958 4669 1138 4724 radice
1160 4709 1176 4731 ,
1200 4684 1377 4723 ramos
1406 4678 1606 4723 tantum
1630 4678 1881 4736 exsecat,

302 4765 430 4818 nihil
470 4763 612 4817 aliud
654 4776 810 4832 quam
856 4761 1067 4815 inanem
1112 4760 1274 4813 sumit
1318 4775 1554 4828 operam.
1598 4760 1696 4815 Ubi
1725 4761 1883 4829 igitur

300 4855 569 4923 Scriptura
612 4864 667 4908 et
707 4861 977 4923 peccatum
1017 4862 1072 4907 et
1100 4850 1302 4921 peccati
1330 4866 1544 4905 causam
1574 4852 1880 4915 eloquitur?

301 4942 664 5015 Reprehendit
699 4958 791 4996 eos
828 4944 914 5012 qui
945 4951 1334 5012 praicesserunt
1357 4942 1609 4996 diluvium
1637 4983 1651 5008 ,
1680 4943 1749 4995 ob
1780 4941 1880 4995 illi-

301 5038 434 5091 citos
459 5044 778 5101 congressus
804 5047 816 5083 :
841 5040 999 5099 atque
1027 5030 1148 5084 audi
1177 5031 1445 5101 quomodo
1467 5047 1681 5086 causam
1707 5030 1885 5101 expri-

304 5136 410 5180 mat
436 5143 449 5179 ε
476 5123 601 5178 Cum
626 5120 857 5173 vidissent
888 5120 980 5189 filii
1000 5120 1097 5174 Dei
1121 5122 1254 5188 filias
1276 5122 1529 5174 hominum
1558 5138 1661 5174 esse
1691 5125 1884 5191 formo—

300 5236 415 5285 sas,
457 5221 751 5284 acceperunt
795 5212 909 5265 illas
945 5213 1039 5265 sibi
1082 5214 1135 5266 in
1164 5230 1346 5267 uxores
1382 5213 1531 5283 (Gut.
1558 5216 1608 5267 li.
1640 5214 1721 5282 Ξ).
1747 5211 1882 5280 Quid

366 5355 383 5385 ¹
417 5358 627 5410 Quatuor
666 5354 769 5397 Ilss.
789 5379 809 5405 ,
836 5350 894 5410 et
922 5342 1056 5410 Sirae
1093 5344 1237 5395 dixit.
1257 5344 1417 5410 _Atqui_
1444 5345 1550 5410 hzcc
1583 5346 1732 5410 verba
1770 5353 1883 5410 sunt

303 5405 565 5464 saluationis
588 5413 637 5460 in
660 5408 925 5459 Proverbiis
947 5442 961 5465 ,
996 5406 1110 5455 licet
1145 5405 1304 5469 simile
1340 5405 1580 5469 quidpiam
1606 5410 1651 5455 iu
1676 5409 1882 5455 siracide

303 5479 448 5525 etiam
471 5474 664 5535 legatur
681 5505 704 5535 ,ν
725 5472 779 5535 10
795 5504 809 5528 ,
832 5469 919 5535 14η
933 5475 1029 5516 non
1064 5480 1174 5516 raro
1197 5468 1882 5535 Chrysostomus__s_alomonem

303 5541 436 5599 ponit
461 5528 552 5599 prd
567 5528 809 5599 Siraeide;
834 5528 921 5579 sed
944 5540 1180 5591 nusquam
1201 5528 1389 5577 adverti
1412 5530 1536 5591 apud
1561 5528 1694 5577 illum
1718 5531 1884 5579 Siraci-

302 5592 413 5647 item
440 5592 553 5659 poni
587 5608 672 5656 pro
694 5592 955 5642 Salomone.

361 5662 433 5721 (a)
473 5660 557 5725 gr.
592 5660 672 5706 καὶ
716 5660 807 5719 πρὸ
845 5659 937 5725 τῶν
976 5659 1459 5725 ν-οσηιξάτωνίνιῐεηο-
1489 5659 1863 5708 similitudinem

299 5719 443 5769 affert
462 5722 853 5787 Chrysostpmus,
885 5719 1235 5787 ut_signifi_cet,
1266 5721 1423 5787 Deum
1442 5722 1601 5787 justos
1623 5724 1867 5782 exemplis

302 5777 820 5839 cautiores‘reddere,
841 5777 915 5827 ne
946 5780 994 5825 in
1019 5777 1216 5827 morbos
1238 5782 1386 5827 animi
1414 5777 1645 5829 incidant.

1217 356 1283 412 ΙΝ
1322 356 1547 420 ILLUD.
1591 356 1726 412 VIDI
1768 357 2099 429 DOMINUM,
2142 364 2373 423 HOMIL.
2416 369 2501 425 ili.

1987 474 2186 544 igitur?
2234 496 2358 535 num
2406 484 2750 553 pulchritudo
2790 504 2947 546 causa
2991 502 3070 549 cst
3100 414 3573 566 peccatiiAbslttl

1980 575 2064 620 est
2108 570 2252 624 enim
2297 572 2490 629 divinae
2538 577 2816 648 sapientia:
2853 595 3020 653 opus;
3070 602 3204 657 opus
3248 600 3426 647 autem
3471 594 3563 651 Dei

1980 672 2268 729 numquam
2296 666 2465 733 possit
2488 683 2609 724 esse
2628 686 2788 726 causa
2811 678 3035 743 peccati.
3066 677 3171 734 Sed
3200 692 3448 752 aspectus
3468 687 3564 743 fuit

1980 761 2137 803 eausa
2188 756 2430 819 peccati?
2468 756 2545 812 Ne
2583 759 2636 813 id
2676 762 2890 830 quidem
2935 783 2949 820 :
2991 782 3111 824 nam
3153 778 3209 825 et
3236 770 3336 827 hoc
3361 785 3566 830 natura;

1978 851 2114 907 opus
2139 852 2238 896 eSt.
2268 842 2371 898 Sed
2393 847 2515 915 quid
2544 850 2753 905 tandem
2773 854 2796 905 i
2815 854 2950 911 Male
2970 858 3151 915 videre
3174 877 3188 914 :
3213 877 3332 917 nam
3360 864 3461 921 hoc
3484 876 3568 923 est

1979 929 2283 1024 depravatre
2307 937 2612 993 voluntatis.
2639 942 2761 998 Ideo
2799 947 3011 1015 sapiens
3035 951 3250 1018 quidam
3289 955 3562 1024 admouet,

1980 1021 2161 1117 dicens
2190 1066 2209 1117 ,
2224 1025 2323 1117 (Ne
2365 1030 2648 1085 consideres
2674 1035 3099 1102 pulchritudinem
3126 1042 3345 1097 alienam
3376 1021 3562 1117 (Eccli.

1978 1112 2031 1168 9.
2072 1114 2148 1183 8).
2193 1116 2308 1171 Non
2349 1119 2481 1173 dixit
2505 1161 2521 1183 .
2564 1123 2640 1178 Ne
2666 1125 2887 1181 videas:
2917 1128 2966 1182 id
2996 1132 3136 1186 enim
3165 1112 3560 1207 nonnumquam

1977 1218 2104 1259 casu
2132 1208 2189 1259 fit
2210 1249 2226 1274 ,
2256 1209 2349 1263 sed
2371 1250 2386 1275 ,
2425 1209 2503 1265 Ne
2524 1215 2810 1271 consideres
2831 1260 2845 1285 ,
2876 1220 3078 1289 inquit,
3112 1224 3242 1279 illud
3272 1228 3467 1283 tollens
3491 1245 3562 1285 ne

1977 1297 2153 1352 studio
2194 1299 2711 1371 animadvertamus,
2760 1323 2826 1363 ne
2863 1310 3076 1368 curiose
3118 1314 3461 1385 intueamur,
3492 1334 3563 1373 no

1977 1389 2180 1443 vitiosa:
2221 1394 2658 1460 contemplationi
2702 1398 3083 1467 imntoremur,
3124 1421 3242 1474 quae
3281 1407 3349 1461 ab
3384 1410 3563 1463 animo

1977 1489 2231 1548 corrupto
2258 1491 2311 1534 et
2340 1484 2734 1553 concupiscenti
2771 1489 3139 1556 proficiscitur.
3168 1493 3273 1548 Sed
3302 1496 3457 1565 quid,
3482 1498 3563 1551 in-

1974 1569 2122 1637 quiet
2149 1569 2363 1639 aliquis,
2388 1571 2514 1626 hinc
2535 1574 2713 1629 damni
2742 1578 2913 1645 possit
2932 1581 3103 1635 oriri?
3124 1582 3206 1636 Ea:
3224 1584 3337 1651 hoc,
3365 1586 3557 1656 inquit,

1974 1678 2119 1713 amor
2159 1664 2287 1717 velut
2311 1665 2441 1734 ignis
2466 1667 2708 1719 excitatur
2740 1667 2900 1737 (Ibid.
2931 1688 2978 1724 υ.
3004 1672 3081 1743 9).
3112 1673 3179 1729 Ut
3208 1677 3350 1730 enim
3382 1678 3517 1747 ignis
3540 1718 3557 1743 ,

1976 1752 2065 1806 ubi
2110 1752 2310 1807 fmnum
2352 1765 2443 1808 aut
2490 1756 2736 1825 stipulam
2765 1760 3081 1827 arripuerit,
3112 1764 3243 1817 nihil
3274 1774 3513 1820 moratur
3536 1807 3553 1831 ,

1973 1842 2070 1897 sed
2099 1844 2255 1898 simul
2282 1853 2339 1898 ut
2362 1846 2531 1915 attigit
2555 1848 2866 1911 materiam,
2899 1850 3124 1905 lucidam
3146 1855 3386 1908 accendit
3406 1855 3558 1909 ﬂam-

1975 1949 2117 1989 mam
2149 1951 2163 1988 :
2197 1933 2379 1989 itidem
2403 1945 2457 1989 et
2484 1936 2620 2005 ignis
2646 1940 3089 2008 concupiscentiae
3114 1958 3234 2010 qua:
3259 1953 3342 1997 est
3371 1944 3423 1999 in
3454 1961 3555 1998 no-

1975 2025 2087 2090 bis,
2112 2026 2267 2079 simul
2294 2034 2452 2095 atque
2481 2042 2575 2095 per
2600 2027 2875 2082 oculorum
2908 2030 3151 2085 intuitum
3178 2032 3472 2102 elegantem
3492 2048 3558 2089 ao

1974 2126 2250 2171 venustam
2276 2118 2509 2187 attigerit
2536 2116 2761 2171 formam
2782 2159 2798 2183 ,
2831 2121 3074 2188 protinus
3101 2124 3276 2177 exurit
3297 2124 3556 2179 animum.

1976 2208 2204 2263 Proinde
2232 2224 2297 2261 ne
2326 2218 2534 2278 spectes
2560 2211 2934 2279 temporariam
2964 2212 3103 2266 illam
3126 2253 3142 2278 ,
3166 2229 3283 2283 qua:
3304 2229 3368 2268 ex
3395 2229 3552 2283 aspe-

1976 2310 2061 2354 ctu
2106 2300 2492 2371 proficiscitur,
2536 2303 2855 2371 voluptatem
2878 2343 2892 2367 ,
2940 2305 3033 2359 sed
3062 2315 3372 2374 perpetuum
3400 2307 3559 2361 ὁσιο-

1978 2407 2089 2445 rem
2131 2391 2407 2447 considera
2429 2434 2443 2458 ,
2489 2393 2576 2462 qui
2603 2394 2837 2449 nascitur
2862 2411 2927 2449 ex
2951 2397 3399 2465 concupiscentia.
3425 2398 3558 2455 Nam

1978 2484 2091 2545 illa,
2118 2481 2322 2536 inﬂicto
2348 2484 2595 2550 vulnere,
2643 2485 2955 2554 plerumque
2981 2487 3234 2542 celeriter
3257 2490 3431 2543 avolat
3455 2506 3470 2554 ;
3498 2500 3555 2545 at

1977 2574 2167 2627 vulnus
2189 2588 2292 2627 non
2323 2574 2498 2628 avolat
2520 2617 2532 2637 .
2557 2575 2651 2629 sed
2674 2576 2982 2645 plerumque
3008 2587 3186 2632 manet
3205 2588 3259 2633 et
3281 2580 3550 2637 interﬁcit.

1978 2664 2046 2718 Et
2084 2663 2528 2734 quemadmodum
2567 2681 2723 2721 cerva
2750 2669 2959 2722 c0uﬁxa
2980 2670 3157 2737 jaculo
3184 2672 3237 2725 in
3269 2673 3407 2727 letali
3434 2688 3558 2728 cor-

1979 2756 2122 2824 poris
2151 2765 2322 2823 parte,
2352 2757 2558 2811 etiamsi
2588 2768 2901 2813 venatorum
2932 2759 3145 2829 effugiat
3171 2778 3391 2829 manus,
3426 2765 3558 2821 nihil

1980 2847 2101 2900 inde
2141 2848 2241 2901 fert
2279 2848 2411 2901 lucri
2443 2865 2456 2899 :
2485 2846 2562 2899 sic
2580 2848 3089 2918 etanima,accepto
3113 2853 3556 2921 concupiscentia:

1974 2938 2152 3006 jaculo
2187 2953 2217 2991 e
2253 2939 2450 2992 13κοὶνο
2479 2937 2795 3008 curioseque
2819 2949 3032 3007 aspectu
3053 2981 3069 3006 ,
3099 2942 3305 2997 etiamsi
3336 2943 3557 2998 dimisso

1975 3027 2152 3095 j--culo
2181 3029 2513 3095 permittatur
2541 3030 2688 3085 abire
2712 3070 2727 3093 ,
2762 3040 2935 3085 tamen
2962 3030 3072 3097 ipsa
3104 3044 3198 3098 per
3229 3046 3287 3085 se
3314 3046 3560 3086 corrum-

1981 3121 2121 3188 pitur
2148 3136 2209 3173 ac
2232 3123 2367 3189 perit
2389 3162 2403 3185 ,
2427 3122 2617 3191 ubique
2636 3123 2822 3177 videns
2856 3122 3088 3185 hostem,
3112 3131 3165 3175 et
3192 3123 3555 3192 insequentem

1980 3212 2198 3265 habens.
2223 3213 2324 3268 Sed
2356 3215 2494 3283 quod
2535 3214 2713 3270 dicere
2738 3231 3001 3284 cmperam
3033 3212 3223 3284 (neque
3246 3216 3388 3269 enim
3408 3231 3559 3270 com-

1980 3305 2296 3358 mittendum
2326 3315 2407 3359 est
2433 3316 2487 3357 ut
2532 3306 2582 3358 in
2606 3305 2705 3360 hoc
2733 3316 2837 3360 tam
2859 3308 3042 3376 longas
3067 3305 3329 3361 sermonis
3348 3304 3555 3374 digres-

1979 3396 2157 3449 siones
2202 3396 2514 3465 faciamus),
2561 3396 2831 3466 Scriptura
2875 3413 2995 3451 cum
3040 3402 3269 3466 peccatis
3306 3398 3468 3452 simul
3509 3403 3563 3448 et

1982 3497 2317 3555 peccatorum
2358 3502 2546 3541 causas
2586 3488 2723 3541 solet
2747 3502 3169 3542 commemorare
3198 3504 3213 3541 :
3241 3489 3362 3542 audi
3389 3500 3445 3544 et
3474 3485 3561 3542 hic

1980 3580 2106 3650 quid
2145 3580 2283 3635 dicat
2323 3580 2390 3635 de
2431 3580 2575 3635 Ozia.
2606 3580 2787 3648 Neque
2812 3581 2951 3634 enim
2982 3580 3083 3633 hoc
3110 3588 3311 3633 tantum
3338 3595 3434 3635 nos
3458 3580 3560 3635 do-

1980 3674 2122 3737 cuit,
2152 3674 2349 3726 elatum
2378 3671 2545 3726 fuisse
2573 3687 2665 3725 cor
2693 3672 2805 3740 ejus
2826 3713 2840 3734 ,
2872 3687 3054 3725 verum
3078 3671 3278 3725 addidit
3305 3672 3444 3727 unde
3465 3672 3564 3726 fuit

1981 3765 2199 3819 elatum.
2232 3762 2385 3818 Unde
2410 3777 2538 3831 ergo
2568 3762 2764 3815 elatum
2794 3760 2931 3815 fuit?
2956 3760 3083 3816 Cum
3108 3772 3282 3832 potens
3309 3772 3452 3825 esset,
3476 3763 3561 3817 in-

1981 3856 2128 3925 quit,
2156 3855 2341 3909 elatum
2366 3861 2437 3906 est
2463 3869 2549 3906 cor
2574 3855 2701 3924 ejus.
2724 3852 2838 3907 Non
2868 3852 2985 3907 tulit
3010 3853 3334 3922 principatus
3358 3854 3563 3922 magni-

1984 3948 2218 4002 tudinem
2244 3989 2259 4013 ,
2306 3946 2401 4002 sed
2440 3947 2576 4001 sicut
2600 3960 2667 4000 ex
2692 3945 2951 4000 edacitate
2978 3946 3211 3999 nascitur
3238 3948 3387 4013 ignea
3412 3943 3563 3999 inﬂa-

1984 4042 2093 4107 tio,
2124 4055 2187 4093 ex
2212 4037 2481 4093 inﬂatione
2506 4038 2731 4106 gignitur
2757 4036 2946 4103 febris,
2978 4035 3170 4090 deinde
3196 4052 3260 4090 ex
3292 4035 3422 4089 febri
3448 4036 3563 4103 ple-

1984 4144 2205 4198 rumque
2248 4142 2392 4181 mors
2440 4144 2453 4179 :
2504 4125 2682 4179 itidem
2729 4135 2782 4181 et
2824 4125 2909 4180 hic
2937 4141 3002 4180 ex
3036 4141 3214 4180 rerum
3240 4125 3562 4180 abundantia

1985 4228 2104 4274 nata
2144 4228 2227 4273 est
2262 4217 2525 4285 superbia.
2556 4216 2685 4270 Nam
2717 4216 2852 4286 quod
2881 4216 2933 4271 in
2961 4216 3270 4285 corporibus
3297 4226 3379 4270 est
3407 4216 3562 4269 inﬂa-

1987 4314 2058 4366 tio
2079 4353 2093 4374 ,
2122 4311 2222 4364 hoc
2249 4312 2299 4364 in
2323 4309 2513 4362 animis
2533 4317 2614 4363 est
2640 4308 2907 4377 superbia.
2940 4307 3058 4362 Mox
3083 4323 3150 4361 ex
3176 4306 3421 4377 superbia
3445 4316 3563 4361 nata

1985 4414 2067 4459 est
2099 4403 2397 4473 appetentis
2423 4416 2599 4457 rerum
2628 4400 2726 4470 ipsi
2756 4415 2860 4454 non
2891 4401 3313 4468 congruentium.

2058 4496 2112 4550 5.
2154 4493 2279 4548 Haec
2305 4507 2408 4547 non
2439 4493 2553 4545 sine
2578 4506 2737 4545 causa
2765 4490 2853 4543 ditt
2878 4499 3195 4555 tractamus,
3223 4488 3314 4541 sed
3344 4502 3410 4541 ne
3445 4502 3563 4539 um-

1988 4602 2146 4657 quam
2185 4584 2499 4640 existimetis
2538 4597 2657 4636 esse
2701 4578 3065 4649 suspiciendos
3089 4618 3104 4643 ,
3156 4592 3327 4645 neque
3384 4576 3564 4631 felices

1986 4676 2174 4730 dicatis
2215 4689 2307 4727 eos
2354 4674 2441 4741 qui
2496 4671 2845 4739 principatum
2888 4677 3117 4738 gerunt,
3169 4681 3291 4720 cum
3378 4668 3563 4723 sciatis

1986 4781 2141 4835 quam
2173 4763 2375 4817 lubrico
2409 4762 2459 4814 in
2489 4770 2628 4813 statu
2668 4769 2983 4820 versentur;
3030 4772 3127 4811 nec
3157 4771 3404 4825 umquam
3447 4754 3565 4808 illos

1982 4856 2229 4925 judicctis
2257 4856 2501 4915 miseros,
2535 4852 2622 4920 qui
2652 4850 2703 4903 in
2736 4858 2970 4920 egestate
2994 4857 3048 4901 et
3078 4846 3457 4901 afﬂictionibus
3484 4845 3565 4895 vi-

1986 4956 2134 5010 vunt,
2168 4945 2397 5000 scientes
2431 4942 2565 4995 hanc
2591 4942 2754 4995 vitam
2781 4954 2899 4995 esse
2921 4940 3089 4993 multo
3120 4939 3381 4991 tutiorem.
3416 4936 3565 4991 Unde

1988 5047 2041 5092 et
2070 5035 2324 5106 propheta
2348 5033 2541 5087 clamat
2576 5031 2757 5085 dicens
2789 5028 3022 5081 :Bomtm
3048 5038 3118 5080 est
3140 5026 3280 5090 mihi,
3317 5024 3565 5091 Domine,

1987 5130 2104 5199 quia
2133 5125 2410 5179 humiliasti
2432 5140 2507 5176 me
2532 5121 2550 5191 (
2575 5120 2719 5173 Psat.
2751 5119 2871 5173 “8.
2900 5120 2962 5172 Ἠ
2990 5120 3030 5187 ).
3056 5117 3188 5170 Vide
3215 5116 3373 5185 igitur
3394 5131 3563 5185 quan-

1989 5231 2097 5274 tum
2121 5234 2185 5273 ex
2207 5216 2489 5272 eminentia
2508 5221 2686 5266 natum
2710 5212 2779 5265 sit
2799 5211 3015 5264 malum.
3036 5208 3242 5262 Efatum
3261 5216 3350 5272 est,
3375 5207 3564 5276 inquit,

1978 5325 2071 5362 cor
2093 5312 2200 5381 ejus
2222 5322 2377 5377 usque
2396 5306 2461 5357 ad
2490 5304 2862 5373 corruptionem
2880 5302 2955 5371 (2.
2987 5299 3159 5354 Paral.
3183 5298 3271 5353 26.
3298 5299 3407 5369 16).
3427 5298 3564 5363 Quid

1988 5413 2099 5469 est,
2131 5402 2294 5469 Usque
2334 5400 2401 5452 ad
2431 5396 2838 5465 corruptionem?
2859 5394 3035 5463 Usque
3060 5393 3123 5446 ad
3154 5407 3339 5461 pravas
3362 5388 3566 5459 cogita-

1988 5496 2155 5548 tiones
2185 5534 2197 5556 ,
2250 5505 2365 5560 quae
2396 5503 2614 5557 prorsus
2645 5501 2747 5539 non
2775 5484 3065 5539 ascendunt
3105 5486 3155 5535 in
3183 5484 3415 5535 animum
3458 5494 3559 5533 no-

1990 5594 2175 5645 strum,
2203 5583 2246 5635 si
2273 5596 2367 5634 nos
2398 5582 2540 5647 ipsos
2572 5578 2733 5631 multa
2764 5578 3009 5631 cautione
3046 5573 3510 5639 circumsepiamus
3543 5590 3559 5628 :

1989 5676 2081 5730 sed
2112 5676 2153 5727 si
2186 5673 2507 5741 negligenter
2536 5670 2798 5739 egerimus
2824 5711 2837 5733 ,
2871 5677 3154 5721 nascuntur
3183 5666 3231 5717 iu
3262 5664 3409 5717 nobis
3436 5678 3557 5733 ger-

1992 5768 2293 5831 miuautque
2324 5779 2335 5813 :
2368 5763 2447 5814 sin
2482 5768 2866 5829 prmvertantur
2891 5800 2904 5825 ,
2938 5759 3174 5827 protinus
3206 5756 3558 5825 (invict-antur
