4064 6214
486 365 599 419 119

484 411 554 509 δι’
565 411 878 506 obruuntur.
907 440 1037 497 Alia:
1063 437 1349 508 gignuntur
1373 469 1385 494 ,
1411 438 1466 482 et
1491 430 1779 494 augentur,
1806 427 1973 509 atque
1998 411 2066 466 ad

495 552 689 614 pravas
713 537 953 592 actiones
972 527 1286 600 procedunt,
1309 528 1629 584 omnemque
1655 508 1848 565 mentis
1875 511 2070 559 nostrae

488 604 768 690 sanitatem
782 629 1150 692 corrumpunt,
1169 619 1212 672 si
1232 626 1421 683 magna
1438 612 1492 665 in
1514 604 1758 664 socordia
1774 612 2069 656 versemur.

491 725 604 779 Iloc
634 721 812 790 itaque
835 717 962 772 dicit
985 691 1238 778 ,iElatum
1267 713 1338 760 est
1369 719 1456 756 cor
1485 702 1592 770 ejus
1613 739 1626 762 ,
1654 708 1826 766 neque
1851 705 1909 746 se
1934 691 2074 744 intus

489 783 752 868 continuit
776 803 1095 876 arrogantia,
1124 811 1297 867 neque
1323 794 1580 850 exstincta
1606 796 1689 842 est
1710 827 1724 850 ,
1751 783 1845 838 sed
1867 791 1924 836 ut
1947 796 2072 850 pm-

493 903 669 972 rupit,
701 899 766 954 ad
793 872 926 967 opus
954 907 1120 962 usque
1149 902 1368 960 pravum
1399 895 1679 954 progressa
1700 919 1715 945 ,
1747 886 1908 930 totam
1938 872 2076 926 illius

494 967 746 1047 virtutem
780 987 1035 1055 corrupit.
1071 978 1348 1038 Beatitudo
1378 985 1460 1031 cst
1490 973 1678 1044 igitur,
1706 967 2077 1039 cogitationem

496 1083 792 1154 improbam
821 1092 1038 1150 prorsus
1060 1089 1162 1130 non
1188 1070 1491 1130 admittere,
1516 1062 1656 1132 quod
1679 1069 1734 1116 et
1761 1074 1790 1114 a
1822 1056 2078 1127 propheta

497 1177 696 1230 dictum
719 1183 830 1235 est,
862 1170 1102 1230 Domine,
1131 1181 1231 1217 non
1260 1172 1331 1215 est
1369 1160 1559 1212 elatum
1583 1170 1668 1207 cor
1703 1165 1865 1204 meum
1888 1150 1905 1217 (
1931 1144 2077 1199 Psal.

500 1267 622 1322 150.
655 1267 678 1320 I
705 1266 748 1336 ).
771 1262 885 1318 Non
911 1259 1061 1324 dixit,
1092 1256 1303 1310 Elatum
1329 1249 1543 1320 quidem
1574 1251 1678 1309 est,
1709 1240 1801 1296 sed
1831 1235 1961 1294 illud
1982 1249 2080 1289 co-

496 1340 649 1414 Itibui
682 1330 910 1410 :vverum
933 1391 948 1417 ,
995 1349 1112 1403 Non
1159 1354 1240 1399 est
1269 1341 1488 1397 omnino
1534 1337 1732 1392 elatum
1765 1349 1778 1387 :
1814 1330 1915 1385 hoc
1956 1335 2040 1383 est
2064 1365 2081 1391 ,

501 1447 708 1517 Jugiter
749 1442 953 1502 servavi
995 1440 1224 1494 animam
1269 1446 1444 1487 meam
1489 1429 1813 1483 inaccessam
1849 1420 2082 1477 malitiae.

503 1511 619 1594 Hoc
644 1537 800 1607 igitur
818 1541 902 1589 est
930 1525 1272 1586 beatitudinis
1301 1542 1314 1578 :
1343 1521 1469 1576 huic
1499 1517 1798 1588 proximum
1827 1511 1955 1566 illud
1981 1517 2082 1573 est,

510 1601 689 1683 malas
716 1623 1062 1694 cogitationes
1088 1619 1196 1688 jam
1223 1616 1493 1684 ingressas
1519 1607 1768 1663 celeriter
1794 1601 2084 1672 repellere,

509 1734 683 1790 neque
702 1693 899 1780 sinere,
925 1723 982 1767 ut
1001 1712 1107 1765 illic
1131 1708 1330 1763 diutius
1358 1706 1728 1764 immorentur,
1754 1713 1821 1752 ne
1850 1696 1904 1750 in
1936 1693 2089 1748 nobis

508 1787 736 1881 pessime
762 1810 1088 1876 grassentur.
1131 1798 1283 1867 Quod
1314 1796 1359 1850 si
1383 1809 1450 1850 eo
1488 1806 1655 1863 usque
1693 1787 1952 1844 socordia:
1971 1799 2093 1855 pro-

511 1874 839 1957 cesserimus
858 1936 872 1960 ,
900 1902 985 1950 est
1013 1907 1108 1963 per
1135 1890 1228 1944 Dei
1256 1887 1549 1943 bonitatem
1573 1891 1627 1936 et
1654 1880 1808 1948 hujus
1833 1874 2094 1931 socordia:

511 1993 782 2054 solatium,
803 1987 1070 2055 multaque
1089 1983 1160 2038 ab
1179 1983 1270 2036 illa
1293 1993 1500 2036 summa
1517 1984 1572 2031 et
1590 1971 1838 2030 ineii‘abili
1862 1969 2097 2026 bonitate

511 2085 704 2142 talibus
730 2079 1036 2135 vulneribus
1061 2083 1243 2147 parata
1272 2081 1397 2127 sunt
1423 2067 1681 2126 remedia.
1713 2064 1819 2121 Sed
1846 2079 1943 2133 age
1983 2077 2098 2117 ser-

512 2192 728 2233 monem
757 2174 894 2227 hunc
921 2171 1143 2225 missum
1167 2167 1438 2226 faciamus,
1469 2176 1541 2216 ne
1572 2158 1716 2230 quod
1744 2158 1795 2211 in
1827 2155 1978 2210 initio
2003 2167 2098 2208 ve-

513 2275 782 2334 rebamur,
806 2283 946 2323 nunc
965 2265 1168 2320 accidat
1193 2261 1364 2326 nobis,
1388 2269 1673 2325 rerumque
1698 2252 1849 2306 turba
1872 2258 2100 2305 vestram

515 2365 706 2418 obruat
731 2362 1058 2417 memoriam.
1090 2358 1426 2425 QuaprOpter
1469 2363 1748 2404 necessum
1778 2354 1860 2399 est
1899 2352 1954 2396 ut
1985 2356 2102 2411 qum

516 2454 657 2508 dicta
678 2462 819 2519 sunt,
843 2450 1148 2506 summatim
1173 2445 1358 2517 paucis
1376 2451 1680 2511 repetamus
1705 2453 1718 2489 :
1743 2437 1820 2489 sic
1841 2443 1894 2489 et
1909 2443 2105 2486 matres

522 2547 697 2600 facere
721 2545 896 2600 solent
919 2557 1037 2596 cum
1066 2553 1244 2608 poma,
1276 2543 1368 2590 aut
1386 2531 1630 2593 bellaria,
1656 2535 1746 2582 aut
1768 2526 1911 2580 aliud
1931 2522 2106 2578 simile

525 2635 796 2706 quidpiam
826 2635 876 2688 in
905 2633 1161 2703 puerilem
1192 2628 1482 2683 immittunt
1505 2623 1681 2678 sinum
1710 2637 1724 2674 :
1755 2633 1823 2674 ne
1851 2633 1947 2687 per
1974 2628 2108 2685 pue-

528 2740 713 2780 rorum
752 2723 1126 2795 negligentiam
1156 2718 1365 2774 excidat
1394 2713 1595 2783 aliquid
1627 2727 1812 2767 eorum
1843 2725 1961 2778 qua-
1985 2708 2108 2761 data

525 2826 655 2873 sunt
675 2858 690 2882 ,
717 2824 1041 2872 contractam
1081 2813 1314 2882 undique
1354 2808 1639 2864 tuniculam
1664 2847 1679 2871 ,
1707 2804 1918 2873 cingulo
1943 2799 2110 2869 subji-

528 2911 694 2976 ciunt,
724 2924 830 2978 quo
849 2909 954 2963 sint
982 2908 1034 2961 in
1056 2913 1189 2960 tuto.
1221 2903 1363 2957 Idem
1392 2915 1489 2954 nos
1515 2897 1791 2962 faciamus,
1814 2894 2110 2948 orationem

531 3003 586 3056 in
618 3002 829 3071 longum
861 3005 1156 3068 porrectam
1188 2992 1592 3054 contraliamus,
1618 2985 1994 3052 memoriaeque
2023 2996 2116 3034 cu-

532 3091 720 3146 stodia!
747 3091 1093 3160 dcponamus.
1125 3085 1362 3142 Audistis
1401 3079 1669 3151 quomodo
1695 3077 1823 3130 nihil
1852 3072 2114 3144 agendum

535 3184 606 3236 sit
625 3182 690 3236 ad
707 3181 1137 3243 ostentationem,
1165 3185 1525 3246 quantumque
1544 3173 1612 3224 sit
1636 3169 1832 3223 malum
1853 3163 2116 3226 socordia,

539 3282 597 3327 ut
614 3272 772 3326 etiam
799 3271 850 3325 in
872 3270 1104 3341 perfecta
1128 3269 1231 3323 vita
1256 3273 1554 3321 versantem
1579 3261 1732 3316 facile
1750 3257 2117 3328 supplantarit.

545 3365 813 3419 Didicistis
834 3372 1028 3432 quanta
1059 3362 1213 3415 nobis
1241 3373 1376 3428 opus
1390 3357 1461 3410 sit
1487 3370 1636 3418 cura,
1664 3351 1998 3422 potissimum
2024 3349 2124 3402 sub

541 3456 663 3507 vita:
687 3454 869 3517 linem,
887 3460 1050 3518 utque
1061 3465 1162 3504 nec
1175 3432 1570 3518 deSperandiim
1589 3441 1716 3496 sitei
1733 3439 1822 3510 qui
1839 3455 1961 3493 cum
1994 3439 2123 3493 incl-

543 3545 712 3600 dissct
757 3543 813 3596 in
846 3549 1062 3611 peccata
1101 3548 1333 3592 mutatus
1369 3543 1452 3589 est
1475 3575 1488 3596 ,
1521 3547 1692 3601 neque
1721 3539 1964 3600 oporteat
2001 3542 2124 3580 eum

547 3638 634 3705 qui
665 3639 717 3690 in
742 3637 985 3691 socordia
1017 3635 1166 3696 vivit,
1189 3632 1254 3686 de
1274 3639 1421 3685 recte
1449 3628 1600 3682 factis
1630 3624 1918 3680 confidere.
1953 3622 2129 3676 Disse-

549 3730 750 3784 ruimus
791 3729 940 3782 vobis
982 3727 1052 3782 de
1093 3724 1392 3780 differentia
1431 3728 1770 3790 peccatorum
1797 3757 1812 3783 ,
1853 3731 1920 3770 ne
1965 3715 2130 3769 simus

555 3819 899 3875 vehementer
948 3817 1136 3872 intenti
1181 3815 1247 3868 ad
1290 3812 1512 3867 eximias
1558 3822 1840 3878 corporum
1889 3806 2128 3859 formas:

550 3921 911 3979 quantumque
931 3909 1054 3962 hinc
1080 3907 1280 3962 oriatur
1307 3903 1450 3967 mali,
1475 3897 1978 3956 demonstravimus.
2003 3895 2131 3962 Quae

552 4004 622 4058 de
666 4002 910 4073 superbia
952 4001 1104 4055 vobis
1143 3998 1373 4053 diximus
1412 3992 1732 4048 meministis
1757 4031 1772 4055 ,
1803 4001 2029 4058 quaeque
2067 3985 2134 4038 de

555 4094 734 4162 pravis
775 4089 1207 4159 cogitationibus.
1238 4087 1363 4141 llmc
1403 4091 1678 4138 servantes
1723 4079 2002 4135 redeamus
2036 4075 2134 4129 do-

558 4201 742 4250 mum;
789 4185 916 4254 quin
944 4184 1118 4252 potius
1147 4184 1262 4234 haec
1290 4186 1562 4233 servantes
1603 4173 1927 4242 excipiamus
1967 4167 2139 4239 perfe-

558 4279 781 4332 ctiorcm
821 4270 1000 4331 eximii
1030 4273 1263 4328 doctoris
1298 4269 1748 4324 exhortationem.
1799 4263 1930 4322 Nam
1959 4273 2138 4315 nostra

560 4369 795 4438 quidem,
814 4367 1214 4438 qualiacumque
1236 4369 1376 4422 sunt,
1405 4357 1599 4411 habent
1615 4353 1905 4424 juventutis
1927 4350 2138 4404 indicia:

566 4462 727 4530 hujus
749 4471 961 4523 autem,
991 4457 1399 4526 qualiacumque
1449 4449 1686 4509 fuerint,
1733 4459 1865 4498 cana
1914 4439 2138 4510 quadam

564 4551 840 4620 prudentia
865 4557 988 4603 sunt
1011 4556 1213 4600 ornata.
1241 4547 1314 4597 Ac
1342 4550 1519 4595 nostra
1549 4537 1764 4608 quidem
1805 4533 1994 4588 similia
2022 4539 2144 4583 Sunt

566 4650 786 4695 torrenti
805 4682 820 4705 ,
851 4639 936 4708 qui
966 4652 1085 4691 cum
1115 4633 1340 4704 strepitu
1371 4631 1572 4695 fertur;
1611 4628 1751 4681 illius
1779 4633 1950 4678 autem
1978 4621 2145 4674 oratio

567 4733 754 4786 similis
774 4740 855 4784 est
868 4729 996 4782 fonti
1018 4742 1203 4797 magna
1230 4722 1607 4793 tranquillitate
1631 4718 1817 4771 ﬂuvios
1835 4711 2143 4775 eﬂundenti,

571 4825 659 4893 qui
690 4823 790 4877 olei
822 4821 987 4891 magis
1017 4835 1172 4889 quam
1201 4831 1455 4886 aquarum
1479 4827 1690 4868 cursum
1719 4810 1969 4863 imitetur.
1995 4805 2152 4859 Exci-

575 4917 780 4984 piamus
806 4913 961 4983 igitur
985 4925 1047 4965 ea
1076 4910 1270 4963 fluenta
1289 4951 1303 4974 ,
1334 4916 1390 4960 ut
1432 4906 1558 4958 fiant
1587 4905 1639 4956 in
1670 4901 1821 4954 nobis
1857 4898 1972 4951 fons
2002 4911 2152 4966 aqncc

575 5004 812 5058 salientis
837 5004 887 5056 in
912 5002 1070 5055 vitam
1095 5010 1344 5054 mternam
1369 4995 1555 5067 (Joan.
1578 4995 1630 5047 4.
1658 4994 1722 5046 14
1744 4994 1760 5060 )
1785 5007 1798 5044 :
1823 5005 1978 5058 quam
2002 4986 2154 5042 nobis

577 5096 822 5148 omnibus
849 5093 1117 5161 contingat
1146 5089 1353 5158 assequi
1377 5129 1390 5149 ,
1428 5085 1594 5154 gratia
1627 5091 1681 5136 et
1705 5080 2026 5148 benignitate
2053 5077 2155 5129 Do-

583 5187 710 5241 mini
743 5185 907 5239 nostri
933 5185 1058 5238 Jesu
1098 5181 1290 5236 Christi
1332 5176 1405 5249 (α)
1432 5217 1444 5242 ,
1475 5189 1594 5229 cum
1645 5186 1750 5241 quo
1791 5170 1973 5235 Patri,
2001 5168 2152 5221 simul

581 5291 698 5330 cum
724 5283 905 5328 sancto
926 5283 977 5329 et
998 5275 1138 5328 bono
1159 5272 1357 5342 Spiritu
1386 5268 1573 5330 honor,
1599 5263 1762 5332 gloria
1784 5271 1837 5314 et
1858 5259 2156 5329 imperium,

586 5381 724 5421 nunc
749 5373 802 5420 et
830 5379 1057 5433 semper,
1085 5374 1136 5417 et
1164 5365 1215 5417 in
1248 5361 1438 5416 saecula
1461 5355 1796 5413 saeculorum.
1828 5353 2016 5406 Amen.

652 5524 723 5583 (α)
758 5529 867 5578 Quae
902 5519 1120 5579 sequitur
1157 5515 1399 5564 conclusio
1423 5515 1494 5562 sic
1524 5511 1730 5583 habetur
1751 5509 1796 5554 in
1825 5517 1934 5583 uino.
1957 5501 2128 5553 Codice
2149 5536 2163 5555 ,

591 5566 735 5652 sui“;
849 5566 1036 5652 legerat
1062 5586 1298 5652 nasutus;
1321 5571 1709 5652 Quamquan'r‘hm
1728 5566 2087 5652 conclusipnes,
2115 5571 2166 5610 ut

591 5626 703 5705 ;..?.‘
728 5626 1099 5697 alibi—diximus,
1143 5638 1200 5686 ad
1242 5626 1546 5685 librariorum
1587 5631 1776 5680 libitum
1815 5637 1868 5677 ut
1911 5626 2164 5687 plurimum

592 5721 694 5755 (om
715 5717 887 5753 mltum:
912 5715 1036 5751 sunt.

1293 315 1351 371 S.
1392 309 1669 370 JOANNIS
1704 295 2170 362 CIIRYSOSTOMI
2213 291 2527 348 ARCI-IIEP.
2566 288 3103 346 CONSTANTINOP.

3648 297 3767 352 120

2177 405 2431 477 Ejusdem
2460 406 2511 458 in
2537 405 2739 458 dictum
2771 401 2898 456 illud
2927 401 3095 464 Isaiae,
3129 399 3339 452 Factum
3367 407 3436 452 est
3460 414 3596 451 anno
3615 440 3628 464 ,
3661 413 3767 461 quo

2253 511 2485 554 mortuus
2524 508 2595 552 est
2634 497 2787 551 Ozias
2824 511 2936 559 rex,
2979 494 3082 547 vidi
3125 492 3398 546 Dominum
3433 491 3692 545 sedentem
3713 488 3768 540 in

2251 593 2379 648 solio
2408 592 2603 647 excelso
2640 600 2686 644 ct
2714 589 2845 643 elato
2871 586 2892 659 (
2914 586 3041 640 Isai.
3067 585 3121 641 6.
3145 585 3170 638 1
3200 584 3256 653 );
3301 591 3354 637 et
3382 581 3498 636 laus
3533 579 3770 634 civitatis

2253 686 2550 744 Antiochiae
2577 699 2593 747 ;
2640 689 2696 737 et
2723 681 2978 735 adversus
3007 694 3101 734 eos
3127 676 3215 749 qui
3245 673 3528 746 prohibent
3554 672 3771 742 nuptias

2254 776 2636 838 demonstratio
2659 773 2863 828 divina.

2762 881 3044 939 HOMILIA
3085 879 3176 937 IV.

2264 1008 2312 1061 ι.
2369 1001 2726 1074 Frequentiam
2791 997 3084 1050 auditorum
3159 993 3253 1048 sibi
3319 992 3538 1063 ipsisque
3592 998 3775 1061 gratu-

2190 1097 2364 1162 latur;
2409 1095 2586 1148 Roma:
2651 1093 2857 1159 prefer:
2911 1103 3056 1141 suam
3118 1085 3384 1139 ciuitatem.
3413 1112 3485 1122 —
3540 1081 3778 1136 Prtecla-

2190 1207 2307 1246 rum
2362 1187 2514 1241 nobis
2552 1183 2709 1237 hodie
2761 1179 3026 1235 theatrum
3080 1178 3262 1243 adest,
3313 1173 3622 1245 magnificus
3667 1173 3782 1225 ala-

2189 1282 2399 1350 crisque
2464 1285 2651 1330 cretus.
2705 1270 2841 1339 Quid
2900 1267 3112 1324 tandem
3169 1274 3253 1321 est
3310 1266 3365 1321 in
3423 1263 3621 1319 causa?
3674 1262 3780 1316 Sc-

2193 1370 2386 1425 mentis
2438 1365 2549 1421 heri
2601 1363 2751 1417 factae
2795 1358 3026 1424 fructus,
3070 1356 3230 1411 hodie
3266 1355 3456 1410 messis
3499 1363 3599 1410 est.
3651 1352 3782 1407 IIeri

2194 1457 2565 1529 plantavimus,
2589 1452 2748 1507 hodie
2781 1449 3054 1503 metimus.
3078 1446 3195 1501 Non
3222 1445 3364 1501 enim
3392 1453 3585 1499 terram
3611 1441 3784 1496 inani-

2197 1564 2336 1603 mam
2359 1545 2603 1609 colimus,
2627 1551 2683 1595 nt
2716 1539 2867 1594 tarde
2894 1536 3195 1601 fructificet,
3220 1533 3314 1589 sed
3340 1534 3544 1590 animas
3575 1532 3785 1587 ratione

2197 1638 2465 1710 praeditas.
2499 1635 2612 1689 Non
2641 1641 2724 1686 est
2765 1639 2972 1694 natura,
3001 1642 3122 1698 quae
3150 1633 3445 1690 cunctatur,
3469 1622 3564 1680 sed
3589 1623 3783 1694 gratia,

2198 1747 2317 1804 quae
2342 1729 2625 1785 accelerat.
2662 1725 2826 1779 Recte
2865 1721 3196 1791 compositus
3234 1718 3389 1774 nobis
3412 1717 3657 1787 populus,
3687 1730 3787 1768 au-

2201 1821 2378 1877 diendi
2408 1818 2645 1873 studiosa
2678 1815 2826 1884 plebs
2855 1822 2959 1867 est.
2989 1810 3114 1865 IIeri
3142 1807 3315 1863 vocati
3340 1815 3484 1873 sunt,
3503 1807 3663 1861 hodie
3688 1820 3786 1859 eo-

2203 1923 2481 1971 ronantur.
2507 1906 2899 1966 Admouitionis
2931 1904 3200 1960 hesternae
3242 1900 3442 1955 fructus
3469 1897 3788 1954 hodiernum

2204 2015 2286 2061 est
2323 2004 2658 2073 obsequium.
2707 1997 2861 2054 Unde
2913 2009 3013 2050 nos
3056 2008 3270 2064 quoque
3313 1991 3536 2045 libenter
3583 1987 3789 2042 semina

2201 2098 2449 2168 jacimus,
2482 2095 2603 2164 quia
2651 2104 2842 2162 purum
2890 2087 3132 2143 videmus
3177 2099 3397 2149 arvum,
3426 2097 3531 2136 non
3581 2081 3792 2150 spinam

2207 2204 2325 2258 qua:
2354 2186 2575 2242 sul'foeal
2596 2226 2611 2250 ,
2646 2197 2820 2252 neque
2847 2180 2987 2234 viam
3033 2192 3154 2249 quae
3200 2175 3454 2237 calcatur,
3499 2187 3671 2243 neque
3696 2187 3793 2241 pc-

2213 2291 2347 2335 tram
2378 2278 2639 2340 sterilem,
2673 2275 2767 2329 sed
2817 2270 3136 2342 profundum
3178 2285 3241 2321 ac
3289 2268 3533 2336 pinguem
3578 2279 3794 2333 agrum,

2210 2373 2299 2441 qui
2325 2370 2482 2424 simul
2508 2378 2561 2422 et
2585 2381 2767 2420 semen
2795 2363 3021 2432 recipit,
3051 2369 3107 2414 et
3133 2359 3333 2428 spicam
3375 2357 3525 2412 nubis
3552 2354 3792 2410 exhibet.

2213 2464 2340 2520 Haec
2365 2475 2575 2530 semper
2605 2458 2814 2527 loquor,
2846 2468 2946 2509 nec
2970 2452 3111 2521 loqui
3139 2450 3377 2506 desinam
3408 2465 3424 2502 :
3457 2448 3570 2502 lucc
3597 2453 3797 2500 nostra:

2214 2555 2445 2611 civitatis
2491 2553 2610 2606 laus
2660 2557 2777 2613 est,
2806 2562 2914 2600 non
2965 2543 3110 2614 quod
3165 2549 3408 2597 senatum
3449 2539 3658 2600 habeat,
3691 2553 3798 2592 non

2216 2649 2355 2720 quod
2379 2645 2627 2702 consules
2657 2653 2944 2696 numerare
2973 2636 3261 2708 possimus,
3298 2647 3470 2703 neque
3507 2631 3646 2701 quod
3687 2641 3798 2684 sta-

2220 2749 2339 2793 tuas
2360 2734 2686 2803 complures,
2720 2745 2893 2800 neque
2919 2726 3059 2798 quod
3093 2725 3350 2780 mercium
3373 2722 3600 2792 copiam,
3627 2735 3802 2790 neque

2218 2827 2358 2896 quod
2385 2827 2546 2879 situm
2587 2821 2780 2876 habeat
2805 2816 3147 2873 commodum
3184 2832 3197 2868 :
3231 2813 3325 2869 sed
3371 2810 3512 2882 quod
3547 2810 3799 2883 populum

2221 2917 2413 2972 habeat
2437 2913 2685 2969 audiendi
2729 2910 3050 2972 studiosum,
3079 2904 3218 2976 quod
3248 2904 3442 2972 templa
3470 2901 3565 2957 Dei
3611 2902 3763 2970 plena
3788 2941 3801 2962 ,

2223 3007 2361 3078 quod
2392 3005 2643 3060 Ecclesia:
2665 3001 2870 3056 delicia:
2899 2997 3068 3067 magis
3096 3002 3345 3050 crescunt
3372 2995 3421 3047 in
3450 2993 3598 3060 dies,
3629 2992 3802 3062 quod-

2225 3115 2329 3168 que
2375 3109 2679 3151 sermonem
2728 3091 2922 3145 habcat
2959 3087 3346 3158 profluentem,
3377 3083 3807 3152 desideriumque

2230 3201 2518 3256 numquam
2546 3185 2851 3240 satiantcm.
2898 3177 3170 3248 Siquidem
3193 3176 3377 3230 civitas
3415 3189 3518 3230 non
3549 3173 3614 3227 ab
3644 3173 3807 3227 aedili-

2229 3279 2343 3343 ciis,
2370 3277 2464 3332 sed
2495 3276 2561 3330 ab
2588 3269 3010 3328 inhabitantibus
3034 3266 3347 3322 admiranda
3376 3265 3619 3320 redditur
3653 3266 3691 3318 ί.
3727 3263 3807 3318 Nc

2231 3369 2360 3425 mihi
2391 3383 2578 3422 narres
2604 3366 2968 3420 Romanorum
2991 3359 3179 3415 urbem
3222 3355 3578 3427 magnitudine
3607 3356 3803 3425 spatio-

2232 3477 2345 3517 sazn
2377 3475 2526 3523 esse;
2554 3458 2648 3513 sed
2671 3455 2894 3511 ostende
2916 3452 3042 3507 mihi
3076 3451 3184 3506 illic
3211 3450 3460 3519 pepnlum
3487 3464 3637 3518 mque
3661 3448 3807 3516 cupi-

2233 3553 2356 3607 dum
2406 3549 2677 3604 audiendi.
2707 3547 2839 3600 Nam
2878 3541 3108 3598 Sodoma
3155 3550 3330 3594 turres
3370 3538 3660 3602 habebant,
3691 3552 3807 3592 cum

2237 3643 2503 3699 Abraham
2547 3643 2598 3694 in
2635 3638 2842 3710 tugurio
2891 3643 3232 3689 moraretur:
3263 3639 3495 3685 attamen
3543 3629 3810 3684 venientes

2236 3734 2409 3805 angeli
2439 3732 2671 3786 Sodoma
2701 3727 3069 3798 praeteribant,
3099 3732 3153 3777 et
3193 3722 3259 3775 ad
3298 3721 3558 3791 tugurium
3586 3720 3811 3774 diverte-

2239 3829 2366 3884 baut
2389 3824 2537 3896 (Gen.
2567 3820 2675 3894 l8).
2702 3820 2818 3875 Non
2846 3818 2986 3874 enim
3015 3815 3210 3871 aedium
3239 3813 3575 3883 Splendorem
3603 3825 3810 3881 qurere-

2239 3919 2386 3982 bant,
2407 3917 2499 3969 sed
2522 3915 2713 3967 animae
2736 3912 2984 3964 virtutem
3014 3916 3067 3962 et
3089 3902 3534 3975 pulchritudinem
3567 3917 3808 3972 qumrcn-

2243 4019 2319 4064 tes
2371 4007 2737 4063 circumibant.
2784 4002 2860 4056 Ita
2903 4014 3034 4055 sane
3081 3999 3214 4052 alias
3265 3998 3532 4051 desertum
3594 3994 3815 4048 habebat

2242 4101 2520 4164 Joannem,
2546 4097 2734 4152 civitas
2765 4092 3026 4149 Herodem
3057 4107 3071 4143 :
3101 4104 3273 4159 eoque
3300 4087 3568 4142 desertum
3593 4087 3815 4141 nobilius

2245 4203 2360 4247 erat
2385 4190 2616 4245 civitate.
2647 4187 2752 4240 Cur
2779 4185 2850 4238 ita
2880 4179 3413 4247 tandemiQuouiam
3455 4192 3560 4231 non
3603 4177 3654 4230 in
3681 4184 3814 4230 strn-

2246 4285 2410 4339 cturis
2450 4282 2549 4336 sita
2576 4289 2659 4334 est
2689 4273 2986 4347 prophetia.
3010 4271 3136 4326 Haec
3161 4271 3301 4338 dico,
3330 4268 3608 4339 nequando
3635 4268 3814 4323 civita-

2251 4385 2356 4429 tem
2407 4372 2783 4442 prmdicemus,
2817 4381 2935 4435 qua:
2981 4363 3222 4419 moribus
3261 4362 3514 4416 dissoluta
3543 4370 3643 4415 est.
3687 4359 3814 4424 Quid

2250 4464 2379 4519 mihi
2407 4475 2591 4516 narras
2621 4458 2844 4514 mdilicia
2866 4498 2880 4522 ,
2907 4455 3034 4524 quid
3067 4453 3389 4508 columnas?
3418 4452 3541 4506 Haec
3579 4465 3680 4505 una
3703 4465 3815 4504 cum

2253 4553 2500 4627 prmsenti
2555 4553 2658 4603 vita
2713 4547 3016 4601 diruuntur.
3077 4542 3372 4598 Ecclesiam
3431 4541 3818 4611 ingredere,ut

2252 4644 2480 4701 civitatis
2507 4642 2685 4696 videas
2714 4637 3063 4691 nobilitatem.
3093 4633 3398 4703 Ingredere,
3431 4632 3662 4702 inquam,
3699 4629 3813 4684 vide

2257 4752 2514 4808 pauperes
2544 4750 2572 4788 a
2619 4732 2794 4787 medio
2820 4728 2991 4783 noctis
3022 4741 3192 4794 usque
3231 4725 3298 4779 ad
3349 4726 3522 4778 lucem
3570 4736 3816 4792 persevc-

2257 4843 2436 4887 rantes
2455 4872 2469 4894 ,
2499 4828 2619 4881 vide
2649 4838 2796 4878 sacra
2826 4819 3098 4891 pervigilia
3134 4818 3278 4871 diem
3309 4831 3427 4872 cum
3473 4824 3627 4869 nocte
3666 4829 3818 4883 copu-

2261 4923 2419 4979 lantia
2469 4939 2483 4975 :
2524 4919 2645 4973 vide
2685 4929 2776 4970 eos
2832 4924 3005 4978 neque
3059 4909 3289 4963 interdiu
3330 4922 3501 4978 neque
3543 4913 3702 4960 noctu
3746 4903 3818 4957 Vel

2261 5014 2433 5069 somni
2464 5006 2795 5080 tyrannidem
2826 5016 2890 5055 ac
2917 4999 3226 5054 violentiam
3276 5007 3569 5054 metuentes
3589 5037 3603 5060 ,
3639 4995 3718 5048 vel
3749 4994 3819 5046 in-

2263 5107 2397 5176 opia:
2421 5102 2788 5158 necessitatem
2817 5093 3181 5148 formidantes.
3209 5091 3390 5158 Magna
3419 5102 3598 5143 revera
3625 5085 3816 5146 civitas,

2266 5217 2328 5256 ac
2354 5201 2512 5254 totius
2535 5196 2678 5249 orbis
2707 5189 3040 5258 metropolis.
3068 5187 3208 5252 Quot
3235 5183 3485 5253 episcOpi,
3509 5187 3635 5248 quot
3662 5177 3820 5230 docto-

2267 5311 2355 5350 res
2397 5293 2499 5345 hue
2544 5293 2840 5346 venerunt,
2870 5291 2926 5337 et
2966 5295 2994 5332 a
3040 5278 3238 5350 populo
3267 5274 3406 5329 docti
3433 5269 3743 5328 discedunt,
3769 5280 3820 5318 ac

2272 5388 2440 5455 legem
2493 5382 2632 5434 illam
2679 5375 2890 5430 insitam
2931 5373 2985 5426 in
3033 5385 3092 5425 se
3137 5367 3531 5436 transplantare
3557 5356 3820 5415 curant’?

2337 5499 2350 5527 ¹
2389 5492 2527 5543 savii.
2551 5526 2564 5546 ,
2589 5491 2656 5538 sic
2677 5487 2943 5535 habet......
2980 5480 3065 5531 sed
3100 5478 3156 5546 ah
3191 5471 3572 5546 inhabitantibus.
3588 5465 3820 5546 deﬁnitur.

2339 5562 2356 5589 ³
2480 5529 3226 5608 atorelivietmanusmpti
3248 5549 3379 5608 ,_uno
3405 5531 3729 5608 exceptoLqui
3754 5529 3821 5608 lia-

2277 5590 2843 5672 hci.iiiiiiééibii,‘i.}6.
2867 5590 3366 5672 inpse‘trwt‘sptuutare
3390 5590 3576 5652 curant,
3605 5599 3654 5641 et
3677 5592 3742 5639 sic
3769 5590 3829 5638 le~

2283 5661 2677 5742 ﬁlii-biiugum.
2703 5661 2784 5733 qui
2810 5668 2972 5722 vertit,
2997 5663 3073 5711 hic
3099 5661 3302 5708 discunt.
