4064 6214
268 363 380 416 119

254 467 414 535 ἔργον
444 465 675 520 ἐλθοῦσα
711 463 967 536 πονηρὸν,
1011 463 1192 518 πᾶσαν
1228 462 1390 517 αὑτοῦ
1424 460 1693 529 διέφθειρε
1730 455 1827 525 τὴν

256 550 477 619 ἀρετήν.
514 550 586 602 T6
630 548 728 618 μὲν
767 544 860 601 οῦν
907 548 1195 618 μακάριον,
1228 548 1367 616 μήτε
1409 544 1541 606 δλως
1576 540 1827 607 δέξασθαι

253 633 348 686 τὸν
372 633 605 702 πονηρὸν
632 632 905 702 λογισμόν·
936 632 1073 700 ὅπερ
1106 626 1197 684 οῦν
1229 632 1323 682 καὶ
1350 631 1377 681 6
1404 628 1689 698 Προφήτης
1717 624 1829 676 ἕλες

255 732 345 785 γε·
383 717 577 783 Κύριε,
617 718 729 785 οὐχ
769 714 978 783 ὑψώθη
1013 716 1052 781 ἡ
1092 715 1304 780 καρδία
1332 729 1470 780 μου.
1499 712 1611 763 Οὐκ
1658 704 1829 768 εἶπεν,

267 794 485 866 Ὗψὼθη
510 798 626 868 μὲν,
640 797 961 852 κατέστειλα
990 797 1046 850 δέ
1076 796 1265 865 αὐτὴν,
1300 794 1435 855 ἀλλ’,
1458 790 1593 846 Οὐδὲ
1612 791 1708 861 τὴν
1730 793 1828 860 ἁρ-

259 884 362 953 χὴν
384 882 591 951 ὑψώθη,
614 882 907 946 τουτέστιν,
946 880 1144 936 ἄϐατον
1172 880 1259 934 διὰ
1285 877 1484 940 παντὸς
1508 878 1747 947 ἐτήρησα
1768 879 1831 947 τῇ

262 966 428 1036 κακίᾳ
454 966 551 1035 τὴν
572 965 768 1037 ψυχήν.
805 966 879 1019 Τὸ
903 965 999 1035 μὲν
1035 961 1127 1019 οὖν
1162 964 1451 1035 μακάριον,
1484 960 1659 1014 τοῦτο·
1700 960 1758 1012 τὸ
1779 960 1834 1011 δέ

265 1050 383 1117 μετ’
406 1049 580 1101 ἐκεῖνο
606 1046 1013 1110 ἐπεισελθόντας
1036 1048 1159 1108 τοὺς
1183 1046 1473 1115 λογισμοὺς
1501 1043 1709 1112 ταχέως
1732 1043 1838 1093 ἀπ-

264 1128 526 1196 ώσασθαι,
550 1132 643 1184 καὶ
667 1130 741 1201 μὴ
764 1130 1113 1200 συγχωρῆσαι
1134 1128 1467 1203 ἐνδιατρίψαι
1490 1126 1671 1190 πλέον,
1697 1126 1836 1178 ὥστε

268 1213 345 1283 μή
378 1214 617 1284 πονηράν
638 1216 695 1266 ἐν
717 1216 849 1284 ἡμῖν
876 1212 1210 1284 ἐργάσασθαι
1236 1213 1335 1284 τὴν
1360 1213 1551 1283 νομήν.
1578 1212 1639 1263 Εἰ
1659 1210 1714 1263 δέ
1744 1210 1838 1263 καὶ

268 1295 430 1365 μέχρι
463 1297 652 1349 τούτου
697 1297 1135 1367 ρᾳθυμήσαιμεν,
1174 1295 1289 1349 ἔστι
1326 1294 1416 1348 διὰ
1444 1293 1541 1364 τὴν
1576 1292 1668 1345 τοῦ
1702 1289 1837 1343 Θεοῦ

266 1378 672 1450 φιλανθρωπίαν
706 1381 799 1433 καὶ
826 1379 1026 1448 ταύτης
1058 1382 1157 1451 τῆς
1191 1379 1464 1450 ῥᾳθυμίας
1496 1375 1836 1446 παραμυθία.

266 1462 361 1513 καὶ
388 1460 553 1513 πολλά
594 1461 742 1533 παρά
768 1462 866 1532 τῆς
897 1461 1227 1532 ἀγαθότητος
1258 1461 1470 1530 ἐκείνης
1496 1460 1593 1529 τῆς
1631 1458 1838 1527 ἀφάτου

267 1543 363 1597 καὶ
398 1544 637 1615 μεγάλης
676 1546 785 1608 τοῖς
814 1544 1073 1607 τοιούτοις
1105 1543 1379 1613 τραύμασι
1410 1542 1840 1597 κατεσκεύασται

268 1626 338 1679 τά
367 1627 654 1697 φάρμακα.
696 1627 855 1681 Ἀλλά
881 1627 1012 1696 φέρε
1040 1627 1223 1680 λοιπὸν
1254 1626 1343 1679 τὸν
1372 1626 1527 1695 λόγον
1554 1622 1841 1679 καταπαύ-

270 1726 473 1778 σωμεν.
506 1710 591 1763 ῖνα
626 1709 702 1781 μὴ
723 1710 897 1773 τοῦτο,
922 1712 1057 1780 ὅπερ
1089 1710 1371 1781 ἐδείσαμεν
1402 1708 1459 1762 ἐν
1487 1710 1651 1779 ἀρχῇ,
1677 1707 1841 1775 γένηο

268 1808 359 1844 ται
390 1792 505 1855 νῦν,
530 1792 623 1846 καὶ
649 1793 709 1845 τὸ
734 1792 935 1863 πλῆθος
962 1792 1266 1863 λυμήνηται
1296 1791 1395 1863 τὴν
1417 1792 1637 1862 μνήμην
1664 1789 1839 1859 ὑμῶν.

269 1875 386 1927 Δι“ὃ
408 1876 501 1929 καὶ
518 1876 605 1930 διὰ
624 1875 867 1947 βραχέων
889 1874 1555 1944 ἀνακεφαλαιώσασθαιτά
1578 1873 1842 1944 εἰρημένα

270 1959 565 2026 ἀναγκαῖόν
614 1961 781 2013 ἐστιν.
822 1960 979 2015 Οῦτω
1025 1961 1132 2029 γὰρ
1190 1960 1243 2013 αἰ
1300 1958 1531 2029 μητέρες
1576 1956 1839 2010 ποιοῦσιν·

270 2040 489 2093 ἐπειδάν
521 2042 758 2112 ὀπώρας,
791 2042 824 2113 ἢ
860 2043 1207 2113 τραγήματα,
1242 2042 1276 2112 ή
1302 2060 1352 2095 τι
1378 2040 1614 2095 τοιοῦτον
1646 2041 1725 2102 είς
1753 2038 1845 2091 τὸν

271 2124 519 2176 παιδικὸν
548 2125 823 2194 ἐμὸάλωσι
847 2126 1064 2189 κόλπον,
1094 2124 1234 2177 ῶστε
1262 2127 1336 2194 μὴ
1364 2126 1428 2193 τῇ
1464 2122 1705 2194 ῥᾳθυμίᾳ
1735 2121 1844 2176 τῶν

271 2207 498 2259 παιδίων
521 2209 769 2262 ἐκπεσεῖν
788 2225 839 2261 τι
861 2208 967 2261 τῶν
989 2206 1247 2261 δοθέντων
1271 2209 1474 2271 αὐτοῖς,
1508 2205 1847 2277 περιστείλα-

275 2306 364 2342 σαι
387 2289 649 2342 πάντοθεν
676 2290 767 2342 τὸν
798 2291 1109 2360 χιτωνίσκον
1143 2291 1501 2344 ὑποόάλλουσι
1527 2294 1591 2359 τῇ
1620 2289 1718 2359 τῆς
1750 2284 1847 2352 ζώ-

273 2391 369 2443 νης
393 2372 681 2443 ἀσφαλείᾳ.
712 2372 880 2425 Τοῦτο
902 2375 993 2425 καὶ
1021 2375 1177 2443 ἡμεῖς
1206 2374 1540 2443 ποιήσωμεν,
1566 2372 1645 2433 εἰς
1671 2370 1846 2440 μῆκος

272 2454 566 2509 ἐνταθέντα
620 2454 711 2509 τὸν
765 2454 919 2522 λόγον
976 2454 1421 2527 περιστείλωμεν,
1487 2453 1581 2507 καὶ
1626 2456 1693 2523 τῇ
1748 2451 1845 2522 τῆς

276 2538 497 2607 μνήμης
552 2537 1063 2610 παρακαταθώμεθα
1111 2538 1345 2607 φυλακῇ.
1394 2536 1692 2589 Ἠκούσατε
1730 2534 1847 2597 πῶς

274 2619 424 2670 οὐδὲν
448 2620 596 2688 ἡμᾶς
620 2618 754 2687 πρὸς
778 2618 1031 2683 ἐπίδειξιν
1057 2620 1163 2689 χρὴ
1184 2622 1356 2672 ποιεῖν
1386 2619 1532 2676 Ima!
1554 2618 1719 2670 πόσον
1750 2619 1839 2686 ρᾳ-

276 2700 445 2769 θυμία
502 2700 691 2763 κακὸν,
746 2701 861 2764 πῶς
906 2701 1001 2754 καὶ
1048 2702 1139 2754 τὸν
1183 2703 1241 2755 ἐν
1274 2700 1494 2772 ἀκριϐεῖ
1533 2699 1709 2763 ζῶντα
1750 2699 1849 2769 βίῳ

280 2782 476 2853 ῥᾳδίως
529 2782 901 2837 ὑπεσκέλισεν.
936 2784 1176 2851 Ἔγνωτε
1223 2783 1395 2855 πόσης
1444 2784 1575 2853 ἡμῖν
1625 2782 1707 2835 δεῖ
1750 2780 1850 2851 τῆς

278 2864 533 2934 σπουδῆς,
566 2866 660 2919 καὶ
698 2864 930 2934 μάλιστα
964 2866 1101 2935 πρὸς
1138 2865 1276 2919 αὑτά
1318 2864 1409 2919 τοῦ
1444 2864 1559 2935 βίου
1596 2864 1666 2917 τά
1694 2862 1847 2933 τέλη,

277 2949 369 3002 καὶ
398 2949 516 3013 πῶς
547 2946 671 3001 οὔτε
706 2948 1100 3016 ἀπογινώσκειν
1142 2949 1234 3002 ἐπὶ
1285 2950 1397 3011 τοῖς
1440 2948 1849 3020 παραπτώμασι

273 3031 365 3085 τὸν
392 3029 877 3100 μεταϐαλλόμενον,
903 3030 1025 3085 οὔτε
1055 3031 1273 3104 θαρρεῖν
1303 3032 1396 3085 ἐπὶ
1431 3034 1543 3095 τοῖς
1570 3030 1849 3102 κατορθώ-

280 3128 414 3181 μασι
450 3112 541 3165 τδν
570 3112 960 3185 ρᾳθυμήσαντα
984 3116 1111 3186 χρή.
1151 3116 1509 3187 Διελέχθημεν
1542 3118 1671 3187 περί
1704 3113 1851 3187 [120]

278 3193 540 3266 διαφορᾶς
568 3197 980 3267 ἁμαρτημάτων
1004 3199 1153 3267 ὑμῖν,
1185 3200 1311 3269 περί¹
1336 3198 1429 3251 τοῦ
1466 3200 1539 3269 μὴ
1566 3198 1853 3267 κεχηνέναι

279 3277 415 3348 πρὸς
450 3279 519 3331 τά
550 3278 777 3350 λαμπρά
806 3280 913 3333 τῶν
942 3280 1208 3349 σωμάτων
1240 3282 1288 3345 ι’,
1322 3283 1415 3335 καὶ
1447 3283 1611 3335 πόσον
1640 3284 1703 3334 ἐκ
1734 3279 1855 3334 τού·

278 3377 372 3414 του
420 3360 610 3425 κακόν,
663 3361 960 3433 ἐδείξαμεν.
1006 3364 1086 3417 Τά
1128 3366 1253 3435 περί
1297 3366 1553 3427 ἀπονοίας
1590 3364 1854 3434 εἰρημένα

280 3447 409 3514 ὑμῖν
465 3446 764 3516 μέμνησθε,
816 3447 884 3500 τὰ
932 3450 1059 3517 περί
1102 3447 1208 3500 τῶν
1260 3448 1513 3517 πονηρῶν
1556 3447 1852 3517 λογισμῶν.

282 3529 466 3581 Ταῦτα
510 3529 872 3597 φυλάσσοντες
927 3531 1370 3601 ἀναχωρήσωμεν
1411 3530 1611 3583 οἶκαδε·
1658 3530 1856 3600 μᾶλλον

281 3612 336 3665 δὲ
363 3612 533 3665 ταῦτα
558 3614 922 3682 φυλάσσοντες
957 3614 1237 3683 δεξώμεθα
1269 3614 1365 3667 καὶ
1392 3614 1488 3685 τὴν
1516 3614 1857 3685 τελειοτέραν

283 3694 375 3747 τοῦ
398 3694 563 3749 καλοῦ
590 3696 909 3751 διδασκάλου
932 3698 1272 3768 παραίνεσιν.
1299 3698 1379 3751 Τὰ
1404 3699 1501 3767 μὲν
1530 3697 1637 3768 γὰρ
1658 3699 1857 3768 ἡμέτε-

286 3792 373 3845 ρα,
405 3771 494 3829 οἷα
519 3778 585 3831 ἂν
614 3778 723 3847 είη,
753 3778 863 3847 ἔχει
894 3778 964 3831 τά
993 3779 1091 3847 τῆς
1111 3779 1363 3848 νεότητος
1388 3779 1674 3849 δείγματα·
1710 3778 1779 3831 τὰ
1801 3778 1859 3831 δὲ

284 3858 492 3923 τούτου,
522 3853 609 3912 οἶα
632 3859 695 3913 ἂν
722 3854 779 3931 ᾗ,
812 3860 981 3930 πολιῷ
1014 3861 1349 3933 κεκόσμηται
1375 3862 1453 3932 τῷ
1485 3862 1791 3933 φρονήματι
1809 3873 1857 3917 ο.

288 3942 391 3995 Καὶ
418 3943 489 3994 τά
520 3942 616 4008 μὲν
655 3942 897 4012 ἡμέτερα
921 3944 1207 4014 προσέοικε
1239 3944 1402 4015 ρύακι
1433 3947 1679 4016 ῥοιζηδὸν
1700 3963 1861 4016 φερο-

288 4027 453 4095 μένῳ·
480 4026 538 4077 τὸ
563 4026 618 4078 δὲ
638 4025 827 4079 τούτου
860 4027 1147 4097 προσέοικε
1170 4032 1319 4101 πηγῇ
1345 4031 1620 4100 ποταμοὺς
1641 4032 1861 4105 άφιείσῃ

289 4108 404 4177 μεθ’
435 4109 665 4179 ἡσυχίας
694 4108 909 4179 πολλῆς,
938 4110 1116 4164 ἐλαίου
1148 4112 1347 4182 μᾶλλον
1375 4115 1408 4184 ἢ
1440 4115 1646 4168 ὑδάτων
1672 4133 1862 4185 μιμου-

291 4192 424 4263 μένῃ
471 4193 561 4244 τὸν
592 4193 807 4263 δρόμον.
841 4195 1129 4264 Δεξώμεθα
1158 4196 1251 4249 οὖν
1290 4198 1357 4251 τά
1393 4200 1626 4267 νάματα,
1654 4200 1739 4252 ἵνα
1771 4200 1862 4266 γέ-

288 4290 443 4342 νηται
469 4275 525 4325 ἐν
555 4274 685 4343 ἡμῖν
711 4276 858 4344 πηγὴ
889 4275 1073 4337 ὓδατος
1126 4276 1412 4345 ἁλλομένου
1447 4281 1525 4342 είς
1559 4280 1702 4351 ζωὴν
1735 4281 1863 4335 αἰώ-

289 4372 417 4409 νιον·
456 4352 524 4427 ἦς
554 4358 763 4423 γένοιτο
802 4358 1009 4421 πάντας
1041 4360 1187 4429 ἡμᾶς
1224 4362 1520 4433 ἐπιτυχεῖν,
1558 4364 1738 4436 χάριτι
1767 4366 1862 4419 καὶ

291 4438 668 4521 φιλανθρωπίᾳ
688 4440 781 4493 τοῦ
812 4443 1015 4513 Κυρίου
1049 4444 1205 4512 ἡμῶν
1240 4447 1414 4515 Ἰησοῦ
1445 4450 1701 4519 Χριστοῦ,
1742 4451 1861 4521 μεθ’

288 4517 348 4575 οὗ
390 4521 471 4592 τῷ
518 4523 689 4594 Πατρὶ
725 4523 876 4595 τιμὴ,
929 4527 1021 4579 καί
1058 4526 1202 4590 δόξα,
1245 4530 1337 4581 καὶ
1382 4517 1601 4601 κράτος,
1645 4517 1863 4604 ἆματῷ

289 4604 428 4674 ἁγίῳ
461 4606 555 4657 καὶ
583 4605 771 4675 ἀγαθῷ
801 4607 1097 4677 Πνεύματι,
1128 4610 1221 4663 νῦν
1250 4612 1341 4665 καὶ
1374 4614 1480 4679 ἀεὶ,
1517 4617 1611 4670 καὶ.
1632 4620 1712 4681 εἰς
1739 4618 1864 4679 τοὺς

288 4685 489 4749 αἰῶνας
512 4686 617 4740 τῶν
656 4687 885 4742 αἰώνων.
924 4692 1115 4759 Ἀμήν.

286 4791 393 4855 Εἰς
534 4790 731 4870 ῥητὸν
769 4790 875 4870 τρῆ
918 4790 1244 4870 προφῄτοα
1282 4796 1521 4870 ᾙααΐου
1567 4800 1632 4851 τὸ
1660 4801 1859 4868 λέγον·

365 4877 397 4933 ιΔ
426 4860 686 4933 Ἐγένετο
715 4860 819 4933 ταῦ
846 4860 1142 4924 ἐνιαυτοῦ,
1173 4860 1245 4918 οὗ
1275 4866 1572 4921 ἀπέθανεν
1618 4860 1803 4933 Ὀζῖας
1832 4874 1864 4923 ὀ

354 4924 686 5010 ,ςαονιλεὺςη
733 4924 897 5010 {169v-
946 4933 1051 5010 τὸν
1097 4934 1317 5010 Κύριον
1366 4924 1705 5010 καθήμενον
1764 4924 1863 4993 ἐπὶ

360 4998 851 5077 θρόνοιξᾼύψηλορ
891 5000 987 5077 καὶ
1023 4998 1397 5077 ἐπηρμένου(
1420 5027 1437 5057 ι
1487 4998 1585 5061 οἷαὶ
1618 5008 1863 5074 ἔπαινος

360 5068 471 5133 τῆς
494 5068 724 5138 πόλεως
761 5068 869 5135 τῆς
903 5068 1270 5138 Ἀντιοχείας·
1305 5075 1574 5133 καὶκατὰ
1599 5068 1864 5132 κωλιιόνξ

360 5090 471 5133 ἵης
494 5090 724 5133 πολεως
761 5090 869 5135 της
912 5090 1080 5123 aruo
1123 5090 1270 5138 ειας·
1305 5090 1379 5127 κα

360 5153 476 5189 των
495 5138 602 5189 τὸν
624 5135 813 5206 τάμον
834 5138 1038 5203 ἔνθεος
1063 5090 1381 5209 ἐτόδειξις.

902 5242 1142 5294 ΟΜΙΛΙΑ
1172 5245 1245 5297 Δ¹.

902 5244 1142 5294 ΟΜΙΛΙΑ
1212 5245 1245 5297 ⁵.

358 5321 427 5374 α’.
452 5322 718 5391 Λαμπρὺν
744 5324 874 5391 ἡμῖν
898 5324 1135 5393 τήμερον
1162 5247 1220 5378 :6
1256 5327 1478 5398 θέατρον
1510 5332 1721 5399 γέγονε.
1767 5336 1859 5386 καί

348 5520 373 5584 ξ
402 5519 534 5584 Unus
551 5522 640 5584 χρὴ
662 5521 810 5569 ποιεῖν
831 5523 1101 5584 ἀνθρώπων.

350 5579 377 5649 13
405 5579 673 5649 ᾼΙίυδπρὸς
693 5584 753 5649 «εά
776 5579 967 5649 λαμπρά
986 5586 1080 5631 τῶν
1104 5588 1337 5646 σωμάτων
1360 5593 1524 5649 κάλλη.

352 5644 375 5672 ε
394 5644 489 5715 ,Ἃιν
510 5641 733 5715 ἦθμτξολιῷ
754 5641 1003 5715 κοσμίεῗται
1027 5641 1282 5715 φρονήματι
1300 5651 1388 5715 8ἱο
1407 5641 1712 5705 αυόιζοὸίορε
1726 5672 1835 5707 mss.

359 5670 371 5672 ν
425 5670 489 5690 nv
516 5670 560 5701 ῃ,
587 5670 733 5702 numq)
758 5670 1003 5704 nwpu'uu
1027 5670 1069 5705 ψ’
1088 5670 1282 5708 οτηματι
1309 5670 1388 5699 διε
1407 5670 1502 5702 (1υο
1516 5670 1712 5705 0001005
1726 5672 1835 5707 mss.

291 5708 339 5749 et
365 5706 433 5772 sic
460 5705 579 5761 legit
601 5703 843 5773 E£a§m_u§.
873 5704 1005 5773 Una}
1026 5670 1171 5769 πλείῳ
1199 5713 1508 5773 κεκόσμηται,
1533 5717 1661 5766 Eam
1686 5699 1861 5768 τελεία)νὶ

289 5764 787 5836 κεκόσμηταιηηολιῷ
810 5766 1103 5824 legendum:
1134 5764 1238 5815 liam
1267 5764 1611 5836 hic'ciwmpai'at
1632 5764 1865 5835 λιιι-εἶιιῖέέ

292 5831 545 5904 [iulg-iam
570 5824 936 5883 (hrysomomus
961 5840 1069 5873 cum
1094 5842 1209 5877 cana
1229 5824 1488 5885 seuecmlé
1517 5824 1733 5893 r'lavizini
1753 5824 1859 5904 ἑμί-

290 5885 419 5941 scapi

646 5982 914 6042 ΡΔτιιοι..
964 5984 1079 6043 Gn.
1130 5982 1287 6043 LVI.

1254 347 1320 405 IN
1360 348 1591 413 ILLUD,
1632 344 1767 401 VIDI
1807 342 2144 415 DOMINUM,
2177 347 2392 407 HOMIL
2428 351 2519 412 IV.

3398 358 3510 413 120

1936 461 2158 533 φαιδρὸς
2177 464 2205 513 6
2226 464 2499 533 σύλλογος.
2528 463 2593 517 Τί
2626 480 2755 518 ποτε
2786 464 2896 537 ἄρα
2922 465 2983 518 τὸ
3000 464 3201 533 αῐτιον;
3229 464 3356 519 Τῶν
3390 464 3515 535 χθὲς

1937 546 2266 617 σπερμάτων
2295 548 2524 620 καρπὸς,
2553 548 2583 599 6
2621 548 2859 619 σήμερον
2896 549 3174 620 θερισμός.
3207 549 3347 611 Χθές
3383 550 3515 615 ἐφυ-

1932 628 2221 699 τεύσαμεν,
2246 632 2340 684 καὶ
2367 633 2607 701 σήμερον
2626 632 2935 701 τρυγῶμεν.
2959 632 3034 684 Οὑ
3054 632 3161 701 γὰρ
3180 634 3283 701 γῆν
3309 630 3515 699 ἄψυχον

1932 712 2306 783 γεωργοῦμεν,
2339 714 2425 766 ἵνα
2461 714 2715 788 βραδύνῃ,
2749 714 2884 769 ἀλλά
2915 714 3091 785 ψυχὰς
3127 714 3369 783 λογικάς.
3402 714 3516 766 Οὑκ

1933 791 2049 847 έστι
2079 794 2239 863 φύσις
2284 797 2319 865 ἡ
2367 796 2655 867 μέλλουσα,
2697 797 2835 851 ἀλλά
2866 798 3023 868 χάρις
3053 799 3088 869 ἠ
3124 797 3427 868 ταχύνουσα
3462 793 3514 847 ἀ.

1934 875 2209 941 Εὕτακτος
2242 880 2374 949 ἡμῖν
2404 881 2433 931 6
2456 879 2604 943 λαὸς,
2634 879 2888 949 φιλήκοος
2912 882 2940 933 6
2972 880 3162 950 δῆμος.
3188 880 3331 942 Χθές
3352 877 3516 947 ἐκλή-

1935 958 2127 1031 θησαν,
2177 961 2272 1015 καὶ
2312 963 2554 1033 σήμερον
2596 964 3003 1031 στεφανοῦνται.
3055 963 3171 1033 Τῆς
3211 963 3336 1034 χθὲς
3382 978 3517 1031 παρ-

1934 1042 2194 1107 αινέσεως
2227 1045 2256 1096 6
2284 1044 2495 1114 καρπὸς
2512 1047 2545 1115 ἡ
2584 1047 2820 1117 σήμερον
2847 1046 3080 1115 ὑπακοή.
3116 1045 3215 1098 Διά
3239 1045 3395 1098 τοῦτο
3423 1042 3517 1097 καί⁸

1934 1124 2096 1193 ἡμεῖς
2127 1126 2266 1194 μετά
2298 1126 2609 1197 προθυμίας
2650 1128 2719 1181 τά
2750 1128 3040 1200 σπέρματα
3084 1128 3516 1197 καταϐάλλομεν,

1938 1205 2019 1259 ὅτι
2059 1206 2307 1279 καθαρὰν
2335 1210 2551 1280 ὁρῶμεν
2594 1211 2694 1281 τὴν
2727 1212 2985 1283 ἄρουραν.
3012 1211 3248 1281 οὐδαμοῦ
3276 1210 3517 1265 ἄκανθαν

1938 1291 2366 1360 ἀποπνίγουσαν,
2416 1294 2534 1348 οὐδὲ
2579 1294 2697 1348 ὁδὸν
2746 1295 3115 1366 πατουμένην,
3153 1295 3273 1347 οὑδέ
3312 1294 3517 1362 πέτραν

1937 1374 2152 1442 ἄγονον,
2178 1374 2312 1428 ἀλλὰ
2348 1374 2568 1445 βαθεῖάν
2596 1394 2718 1430 τινα
2756 1378 2848 1431 καί
2877 1377 3119 1447 λιπαρὰν
3147 1376 3352 1448 χώραν,
3383 1376 3518 1446 ὁμοῦ

1938 1456 2235 1528 δεχομένην
2259 1458 2329 1511 τά
2360 1458 2671 1530 σπέρματα,
2711 1461 2805 1514 καὶ
2838 1462 2929 1515 τὸν
2973 1462 3174 1531 στάχυν
3210 1462 3341 1531 ἡμῖν
3376 1476 3520 1529 παρ-

1941 1538 2193 1609 έχουσαν.
2223 1540 2410 1595 Ταῦτα
2437 1542 2581 1609 λέγω
2611 1543 2719 1605 ἀεὶ,
2763 1545 2855 1597 καί
2892 1544 3064 1611 λέγων
3109 1544 3169 1597 οὑ
3218 1542 3517 1612 παύσομαι·

1941 1621 2023 1675 δτι
2048 1621 2321 1692 ἐγκώμιον
2348 1623 2450 1693 τῆς
2477 1624 2685 1687 πόλεως
2706 1625 2805 1695 τῆς
2828 1626 3123 1698 ἡμετέρας,
3156 1626 3253 1695 οὑχ
3280 1626 3361 1678 ὅτι
3387 1621 3520 1689 σύγ-

1940 1704 2138 1774 κλητον
2166 1706 2298 1775 ἔχει.
2331 1708 2426 1759 καὶ
2463 1706 2702 1771 ὑπάτους
2745 1709 2999 1779 ἀριθμεῖν
3033 1709 3250 1779 ἔχομεν,
3290 1706 3401 1760 οὐδ’
3440 1706 3523 1758 ὅτι

1941 1788 2263 1858 ἀνδριάντας
2291 1789 2539 1855 πολλοὺς,
2565 1792 2673 1845 οὐδ’
2694 1792 2775 1846 ὅτι
2799 1793 2974 1847 ὠνίων
3000 1793 3280 1862 ἀφθονίαν,
3307 1791 3413 1844 οὐδ’
3436 1790 3521 1843 ὅτι

1942 1870 2145 1935 θέσεως
2184 1873 2615 1943 ἐπιτηδειότητα·
2658 1875 2771 1929 ἀλλ’
2802 1877 2883 1929 ὅτι
2922 1876 3091 1947 δῆμον
3114 1877 3223 1947 ἔχει
3246 1874 3519 1944 φιλήκοον,

1944 1956 2039 2009 καὶ
2098 1956 2258 2018 ναοὺς
2296 1954 2433 2010 Θεοῦ
2480 1958 2959 2029 πεπληρωμένους.
3010 1961 3104 2012 καὶ
3151 1962 3185 2029 ή
3231 1956 3523 2026 Ἐκκλησία

1946 2036 2095 2112 [121]
2139 2040 2338 2109 μᾶλλον
2388 2043 2572 2112 τρυφᾷ
2633 2043 2756 2097 καθ’
2811 2044 3045 2114 ἐκάστην
3100 2041 3311 2111 ἡμέραν
3368 2040 3523 2107 λόγον

1946 2122 2159 2192 ῥέοντα,
2192 2124 2286 2177 καί
2312 2124 2475 2177 πόθον
2496 2124 2750 2178 οὐδέποτε
2772 2126 3183 2195 κορεννύμενον.
3220 2124 3284 2177 Ἡ
3308 2122 3415 2192 γάρ
3435 2120 3525 2173 πό-

1944 2204 2027 2269 λις
2058 2207 2159 2259 οὑκ
2188 2206 2296 2259 ἀπὸ
2329 2206 2438 2259 τῶν
2462 2208 2780 2277 οἰκοδομῶν,
2821 2208 2957 2261 ἀλλά
3001 2208 3107 2261 ἀπὸ
3151 2207 3258 2260 τῶν
3302 2206 3524 2259 ἐνοίκων

1947 2288 2287 2358 θαυμάζεται
2317 2300 2363 2343 θ.
2392 2291 2483 2360 Μή
2521 2307 2609 2360 μοι
2647 2290 2794 2358 λέγε,
2840 2292 2922 2343 ὅτι
2963 2292 2997 2361 ή
3038 2290 3321 2359 Ῥωμαίων
3373 2289 3526 2351 πόλις

1950 2370 2159 2441 μεγάλη
2206 2371 2283 2441 τῷ
2325 2372 2564 2440 μεγέθει·
2592 2372 2729 2425 ἀλλά
2753 2372 2924 2437 δεῖξόν
2957 2390 3045 2441 μοι
3084 2373 3200 2425 ἐκεῖ
3235 2371 3375 2423 οῦτω
3400 2370 3526 2423 λαὸν

1947 2453 2223 2523 φιλήκοον.
2260 2453 2413 2507 Ἐπεὶ
2450 2454 2545 2507 καὶ
2583 2454 2651 2505 τά
2688 2454 2892 2521 Σόδομα
2924 2454 3165 2525 πύργους
3200 2450 3423 2522 εἷχεν,ή
3470 2452 3527 2505 δέ

1948 2538 2155 2606 καλύϐη
2186 2538 2277 2589 τὸν
2331 2536 2601 2607 Ἀϐραάμ·
2636 2536 2752 2589 ἀλλ’
2803 2536 3045 2599 ἐλθόντες
3086 2537 3135 2589 οἰ
3172 2536 3413 2604 ἄγγελοι,
3458 2537 3526 2587 τὰ

1950 2621 2049 2690 μὲν
2071 2621 2277 2689 Σόδομα
2300 2619 2671 2690 παρέδραμον,
2697 2619 2787 2672 ἐπὶ
2808 2618 2978 2689 δὲτὴν
2999 2618 3238 2688 καλύδην
3261 2616 3527 2687 κατήχθη-

1949 2719 2062 2757 σαν.
2101 2702 2174 2755 Οὑ
2197 2702 2305 2773 γὰρ
2334 2701 2498 2754 οίκων
2530 2703 2888 2771 περιφάνειαν
2911 2703 3155 2772 ἐζήτουν,
3191 2700 3324 2757 ἀλλά
3350 2701 3527 2769 ψυχῆς

1947 2785 2147 2857 ἀρετὴν
2172 2783 2466 2855 περιῄεσαν
2495 2783 2785 2854 ζητοῦντες
2808 2786 2902 2839 καὶ
2923 2786 3135 2849 κάλλος.
3165 2783 3320 2837 Οὕτω
3348 2783 3403 2836 δέ
3433 2783 3527 2834 καὶ

1949 2868 2123 2930 ἄλλως
2164 2869 2197 2937 ή
2242 2867 2447 2938 ἕρημος
2482 2864 2595 2937 εἶχε
2637 2868 2729 2921 τὸν
2772 2868 3044 2940 Ἰωάννην,
3082 2868 3117 2939 ή
3149 2866 3206 2921 δὲ
3242 2866 3393 2927 πόλις
3436 2864 3528 2917 τὸν

1960 2948 2223 3020 Ἡρώδην·
2251 2949 2341 3003 διά
2375 2948 2531 3003 τοῦτο
2570 2951 2603 3019 ή
2635 2950 2838 3021 ἔρημος
2867 2952 3074 3013 πόλεως
3096 2948 3527 3019 εὐγνωμονεστέ-

1954 3050 2023 3105 ρα
2045 3032 2091 3086 τ.
2118 3032 2184 3085 Τί
2211 3032 2444 3103 δήποτε;
2478 3033 2600 3087 Ὅτι
2640 3034 2738 3087 οὐκ
2764 3035 2820 3086 ἐν
2854 3037 2965 3097 τοῖς
3003 3034 3293 3103 κτίσμασιν
3325 3034 3356 3101 ή
3394 3047 3527 3099 προ-

1951 3114 2167 3187 φητεία.
2203 3113 2389 3169 Ταῦτα
2431 3115 2488 3169 δέ
2540 3116 2703 3185 λέγω,
2740 3117 2827 3169 ἵνα
2869 3116 3135 3186 μηδέποτε
3165 3115 3319 3167 πόλιν
3353 3116 3529 3181 ἐγκω-

1954 3198 2237 3268 μιάσωμεν
2289 3197 2399 3251 ἀπὸ
2447 3200 2787 3268 πραγμάτων
2841 3199 3268 3269 καταλυομένην.
3326 3196 3391 3249 Τί
3440 3213 3528 3267 μοι

1951 3279 2129 3348 λέγεις
2154 3279 2562 3350 οἰκοδομήματα
2604 3282 2697 3334 καὶ
2730 3281 2950 3345 κίονας;
2986 3280 3166 3334 Ταῦτα
3196 3278 3273 3350 τῷ
3306 3277 3530 3349 παρόντι

1955 3361 2385 3430 συγκαταλύεται
2442 3364 2469 3403 ε
2522 3361 2639 3433 βίῳ.
2698 3362 2916 3415 Εἰσελθε
2965 3364 3044 3425 εἰς
3090 3363 3403 3434 ἐκκλησίαν,
3437 3361 3533 3416 καὶ

1956 3444 2121 3515 βλέπε
2152 3444 2254 3514 τῆς
2288 3444 2495 3508 πόλεως
2518 3445 2617 3516 τὴν
2650 3445 2947 3513 εὐγένειαν.
2974 3446 3218 3508 Εἶσελθε,
3257 3444 3333 3497 ἰδὲ
3366 3442 3533 3513 πένη-

1954 3545 2051 3591 τας
2072 3529 2135 3581 ἐκ
2161 3528 2528 3597 μεσονυκτίων
2555 3528 2715 3597 μέχρι
2736 3530 2833 3597 τῆς
2859 3528 3071 3598 ἡμέρας
3097 3526 3531 3598 παραμένοντας,

1957 3610 2121 3681 βλέπε
2150 3610 2479 3680 παννυχίδας
2517 3610 2666 3679 ίεράς
2694 3610 2879 3681 ήμέρᾳ
2921 3612 3017 3664 καὶ
3058 3611 3212 3665 νυκτὶ
3244 3609 3536 3679 συναφθείο

1959 3710 2080 3756 σας,
2115 3691 2237 3745 οὔτε
2270 3694 2327 3745 ἐν
2356 3692 2561 3763 ἡμέρᾳ,
2591 3692 2716 3745 οὔτε
2740 3695 2796 3745 ἐν
2826 3693 2982 3746 νυκτὶ
3006 3694 3107 3763 τήν
3131 3694 3418 3764 τυραννίδα
3438 3691 3543 3745 τοῦ

1959 3774 2149 3835 ὕπνου.
2198 3774 2322 3827 οὔτε
2354 3776 2456 3845 τήν
2488 3775 2733 3845 ἀνάγκην
2777 3776 2876 3844 τῆς
2920 3777 3110 3840 πενίας
3151 3776 3536 3847 φοϐουμένους.

1958 3857 2185 3926 Μεγάλη
2216 3856 2390 3919 πόλις,
2428 3858 2524 3909 καὶ
2571 3856 2901 3928 μητρόπολις
2932 3859 3029 3927 τῆς
3063 3860 3405 3929 οἰκουμένης.
3432 3858 3538 3910 Πό-

1961 3957 2044 3993 σοι
2088 3941 2395 4003 ἐπίσκοποι,
2429 3938 2583 3991 πόσοι
2617 3939 2926 3993 διδάσκαλοι
2959 3936 3119 4009 ἦλθον
3158 3941 3408 4003 ἐνταῦθα,
3446 3942 3540 3993 καὶ

1962 4021 2341 4085 παιδευθέντες
2366 4021 2519 4091 παρὰ
2546 4020 2639 4074 τοῦ
2670 4020 2799 4073 λαοῦ
2831 4022 3195 4091 ἀναχωροῦσι,
3228 4023 3320 4075 καὶ
3346 4024 3433 4075 τὸν
3463 4025 3540 4076 νό-

1966 4124 2063 4175 μον
2084 4108 2173 4159 τὸν
2190 4105 2425 4175 ἔμφυτον
2448 4104 2692 4158 ἐντεῦθεν
2722 4105 3121 4174 μεταφυτεῦσαι
3148 4106 3175 4145 h
3198 4109 3543 4178 παρασκευά-

1963 4189 2172 4255 ζονται;
2204 4188 2328 4241 Ἐὰν
2348 4188 2510 4260 λέγῃς
2530 4205 2617 4257 μοι
2634 4188 2934 4258 ἀξιώματα,
2961 4188 3049 4242 καὶ
3072 4190 3367 4261 χρημάτων
3391 4208 3545 4260 περι-

1962 4272 2167 4336 ουσίαν,
2193 4272 2301 4323 ἀπὸ
2328 4270 2442 4323 τῶν
2471 4270 2685 4339 φύλλων
2710 4270 2768 4323 τὸ
2794 4270 3006 4341 δένδρον
3034 4273 3294 4334 ἐπαινεῖς,
3326 4274 3416 4323 καὶ
3445 4275 3543 4325 οὑκ

1962 4356 2070 4407 ἀπὸ
2101 4353 2193 4407 τοῦ
2225 4353 2457 4424 καρποῦ.
2489 4352 2675 4406 Ταῦτα
2706 4352 2761 4404 δέ
2786 4353 2928 4417 λέγω
2953 4354 3013 4405 οὐ
3050 4354 3357 4406 κολακεύων
3391 4356 3543 4425 ὑμῶν

1962 4436 2061 4507 τὴν
2110 4436 2351 4504 ἀγάπην,
2386 4436 2521 4488 ἀλλά
2566 4435 2665 4504 τὴν
2708 4434 2908 4505 ἀρετὴν
2946 4434 3099 4504 ὑμῶν
3134 4437 3541 4507 ἀνακηρύττων.

1964 4520 2247 4589 Μακάριος
2278 4518 2389 4584 ἐγὼ
2414 4517 2480 4569 δι’
2512 4516 2676 4585 ὑμᾶς,
2720 4516 2979 4586 μακάριοι
3019 4518 3176 4586 ὑμεῖς
3202 4518 3269 4570 δι’
3299 4519 3540 4582 ἑαυτούς.

1962 4602 2265 4665 Μακάριος
2297 4603 2330 4652 ό
2354 4599 2547 4666 λέγων
2579 4602 2665 4661 εἰς
2688 4594 2807 4653 ὦτα
2840 4600 3203 4653 ἀκουόντων·
3238 4602 3409 4665 οὕτως
3437 4604 3545 4670 ἐγὼ

1967 4684 2233 4751 μακάριος
2270 4683 2557 4749 ἐγενόμην.
2589 4680 2881 4747 Μακάριοι
2908 4685 2961 4735 οὶ
2985 4681 3304 4749 πεινῶντες
3330 4686 3423 4737 καὶ
3453 4684 3540 4738 δι-

1964 4764 2199 4831 ψῶντες
2227 4762 2341 4828 τὴν
2366 4761 2779 4829 δικαιοσύνην.
2815 4761 2965 4827 Εἶδες
2993 4765 3107 4829 πῶς
3135 4767 3292 4835 ὑμεῖς
3320 4766 3385 4819 δι’
3424 4769 3545 4819 ἐαυ-

1965 4849 2089 4910 τοὺς
2144 4846 2405 4915 μακάριοι
2452 4844 2739 4913 ἐγένεσθε;
2781 4847 3065 4917 Μακάριος
3109 4850 3247 4921 ἀνὴρ
3309 4852 3321 4890 ί
3370 4852 3543 4917 λόγων

1964 4932 2105 5001 ἐρῶν
2149 4930 2553 5001 πνευματικῶν.
2597 4929 2766 4982 Τοῦτο
2793 4931 3057 5001 διίστησιν
3094 4935 3239 5001 ἡμᾶς
3278 4935 3385 4985 τῶν
3416 4936 3541 4987 ἀλό-

1964 5030 2096 5082 γων.
2144 5014 2220 5065 Οὐ
2268 5012 2377 5079 γάο
2424 5012 2487 5082 δὴ
2536 5013 2568 5081 ή
2613 5012 2705 5064 τοῦ
2746 5012 2995 5082 σώματος
3029 5016 3307 5082 ἀναλογία,
3336 5018 3453 5069 οὑδὲ
3484 5019 3543 5070 τὸ

2030 5183 2053 5221 d
2088 5183 2222 5231 Unus
2245 5182 2379 5245 χάρις
2397 5184 2426 5238 ἡ
2458 5182 2519 5245 μὴ
2545 5180 2840 5245 βραδύνουσα
2864 5181 2959 5229 εὖτ.
2988 5181 3105 5231 Ibid.
3138 5184 3239 5241 alii,
3269 5185 3416 5233 Savil.
3443 5200 3521 5235 m0

1964 5252 2136 5301 neme,
2161 5242 2418 5305 εὐπρακτος
2436 5243 2557 5305 ἡμῖν*
2575 5242 2600 5288 6
2624 5242 2747 5305 λαός.

2024 5308 2041 5327 ⁸
2075 5305 2226 5351 Savil.
2252 5303 2353 5349 ἀλλ’
2381 5304 2474 5349 ἀπὸ
2500 5303 2811 5365 τῶνῗένοίκων
2832 5306 3237 5365 χαρακτηρίζεται.

2033 5366 2218 5428 {Unius
2265 5368 2294 5419 ή
2339 5365 2508 5428 ἔρημος
2553 5364 2736 5428 πόλεως
2762 5364 2842 5428 ιἦν
2879 5364 3314 5428 εὐσχημονεστέρα.
3366 5368 3546 5415 melius

1964 5409 2113 5486 qua";
2128 5409 2570 5486 εὐγνάμδιεδτέξη,
2609 5428 2663 5469 ιη
2692 5409 2894 5486 Διίειιέθηιί
2911 5409 3051 5479 ιιι-ἡ·
3066 5409 3287 5475 ὀίιῗξὶιὶἴιῖ
3304 5409 3429 5475 Mi;
3454 5409 3546 5475 'a'i's'.

1962 5484 2083 5546 dum.
2105 5500 2219 5533 mss.
2265 5486 2401 5546 πόλιν
2433 5485 2654 5546 τοιαύτην
2685 5484 3071 5546 ἐγκωμιάσωμεν.
3115 5488 3231 5535 Ibid.
3284 5490 3543 5543 legendum

1964 5544 2237 5608 suspicatur
2261 5545 2410 5608 SAavjl.
2438 5545 2532 5591 ἀπὸ
2561 5544 3247 5608 πραγμάτωνκαταὶυομένων.
3276 5552 3370 5596 Sed
3399 5566 3545 5597 κατα-

1964 5606 2269 5669 λυομένην.ϋί
2291 5606 2475 5669 habent
2492 5618 2783 5653 omnescum
2808 5606 2925 5653 editi
2953 5616 3052 5656 lum
3078 5606 3175 5656 mss
3200 5617 3346 5667 ,staro
3361 5618 3540 5669 poicsl.

2028 5666 2061 5707 ε’
2073 5668 2170 5717 Alii
2182 5666 2567 5727 σνγκαταπίπτει.

2027 5730 2051 5766 ὶι
2078 5730 2158 5777 Sic
2177 5730 2325 5776 Savil.
2354 5728 2523 5775 Morel.
2553 5731 2605 5790 ει
2629 5740 2775 5790 τηεψ,
2802 5741 2898 5774 mm
2942 5737 3168 5789 eicoplo.
3196 5734 3276 5790 qui
3303 5729 3444 5776 Imhm
3472 5730 3544 5777 έν-

1962 5790 2111 5839 ταῦθα
2136 5790 2434 5851 μανθάνουσι.
2462 5795 2513 5835 cl
2537 5788 2606 5835 sic
2628 5789 2818 5848 legerat
2865 5788 3104 5849 Erasmus,
3148 5788 3229 5852 qui
3277 5794 3443 5851 \Cl‘lil,
3465 5790 3543 5841 hi;

1963 5852 1995 5898 ιι
2004 5854 2169 5901 iscum.

2039 5926 2050 5951 ι
2083 5916 2204 5962 Tres
2228 5927 2339 5961 mss.
2372 5912 2605 5971 έγένεσθε;
2631 5911 2833 5971 μάλιστα
2857 5911 2971 5971 ἀνήρ

3189 6019 3227 6080 8
