4064 6214
559 330 668 386 121

1270 318 1329 374 S.
1367 316 1649 377 JOANNIS
1685 315 2172 377 CIIRYSOSTOMI
2211 317 2529 379 AllClllEP.
2572 323 3115 382 CONSTANTiNOP.

3699 340 3810 395 122

559 434 872 505 τρέφεσθαι,
904 438 1025 492 οὐδέ
1067 437 1129 492 τὸ
1157 437 1351 501 πίνειν,
1378 437 1498 491 οὐδὲ
1538 436 1600 490 τὸ
1630 435 1909 506 νέμεσθαι,
1938 436 2058 490 οὐδέ
2084 435 2145 489 τὸ
2251 438 2400 502 θείας
2436 438 2533 511 τὴν
2567 442 2738 511 ίσχὺν,
2776 441 2893 504 πῶς
2913 440 3269 511 εὐκολώτερον
3301 431 3390 492 τὸν
3418 437 3566 509 ἥλιον
3593 439 3820 510 σϐεσθῆν-

558 524 675 591 ζῇν·
709 522 882 576 ταῦτα
921 523 1031 597 γὰρ
1076 527 1209 595 ἡμῖν
1251 525 1466 578 ἅπαντα
1511 524 1664 578 κοινά
1694 525 1826 594 πρὸς
1851 525 1919 577 τά
1950 523 2136 590 ἄλογα·

555 608 692 661 ἀλλά
717 609 767 661 τί
794 610 1074 684 διέστηκεν
1095 623 1120 653 α
1147 611 1428 684 ἄνθρωπος
1453 611 1560 662 τῶν
1582 611 1819 678 ἀλόγων;
1851 609 1940 680 Τῷ
1967 609 2129 679 λόγῳ·

555 695 640 750 διά
672 696 830 751 τοῦτο
853 700 947 752 καὶ
966 697 1180 768 λογικὸν
1208 699 1345 764 ζῶόν
1372 702 1518 752 ἐστιν
1545 701 1573 751 6
1593 699 1896 768 ἄνθρωπος.
1925 698 2134 767 Ὠσπερ

554 782 663 854 γὰρ
690 784 947 855 τρέφεται
969 787 1039 839 τὰ
1067 784 1315 857 σώματα,
1344 783 1489 840 οὕτω
1513 787 1770 858 τρέφεται
1797 785 1892 838 καὶ
1916 781 2130 856 ἡψυχή’

555 870 694 924 ἀλλά
734 873 796 925 τὸ
835 873 933 944 μὲν
977 873 1133 944 σῶμα
1176 874 1347 948 ἄρτῳ,
1383 875 1416 945 ή
1451 875 1507 928 δέ
1539 875 1684 945 ψυχὴ
1724 873 1886 944 λόγῳ.
1919 873 2015 926 Ἂν
2043 867 2134 924 οὖν

559 958 672 1030 ἴδῃς
703 959 986 1030 ἄνθρωπον
1021 963 1167 1016 λίθον
1198 963 1464 1024 ἐσθίοντα,
1494 958 1601 1033 ἄρα
1630 962 1695 1015 ἂν
1720 961 1894 1025 είποις
1922 955 2134 1031 ἀνθρω-

557 1063 656 1099 πον
686 1039 859 1116 alvu;
889 1047 1074 1113 Οὕτως
1109 1049 1177 1105 ἂν
1208 1050 1324 1121 ῐδῃς
1355 1050 1428 1120 μὴ
1458 1048 1601 1118 λόγῳ
1630 1049 1982 1119 τρεφόμενον,
2017 1049 2132 1103 ἀλλ’

556 1133 747 1206 ἀλογίᾳ
777 1135 825 1199 δ,
876 1138 1041 1207 ἐρεῖς,
1062 1131 1230 1200 Οὗτος
1270 1136 1364 1190 καὶ
1401 1135 1461 1188 τὸ
1495 1131 1634 1189 εἶναι
1668 1135 1951 1206 ἄνθρωπος
1981 1134 2131 1208 [122]

558 1219 855 1274 ἀπώλεσεν·
899 1224 932 1292 ή
980 1223 1085 1293 γὰρ
1123 1222 1397 1294 ἀνατροφή
1435 1222 1674 1300 δείκνυσι
1710 1221 1804 1274 τοῦ
1845 1221 2131 1293 ἀνθρώπου

555 1309 652 1379 τὴν
678 1309 975 1377 εὐγένειαν.
1018 1312 1233 1382 Ἐπειδὴ
1263 1311 1442 1366 τοίνυν
1480 1312 1542 1364 τὸ
1589 1311 1812 1381 θέατρον
1857 1313 1987 1381 ἡμῖν
2032 1328 2132 1363 πε-

559 1397 861 1468 πλήρωται,
889 1401 981 1452 καὶ
1021 1399 1179 1453 πάλιν
1220 1401 1252 1471 ή
1288 1400 1532 1455 θάλασσα
1557 1401 1590 1470 ἡ
1621 1399 2015 1470 κυμαινομένη,
2040 1401 2135 1452 καὶ

557 1483 794 1555 γαλήνης
817 1485 1080 1555 γέμουσα,
1115 1487 1212 1540 καὶ
1243 1487 1404 1540 πάλιν
1429 1487 1490 1540 τὸ
1519 1488 1751 1554 πέλαγος
1782 1486 1846 1539 τὺ
1872 1485 2134 1556 χειμαζὸ-

560 1587 737 1639 μενον,
771 1573 864 1623 καὶ
906 1573 1154 1642 ἐστηκός·
1191 1573 1321 1644 φέρε
1366 1573 1431 1644 δή
1472 1573 1533 1626 τὸ
1574 1573 1757 1627 πλοῖον
1796 1572 2129 1643 ἑλκύσωμεν,

557 1660 675 1710 ἀντὶ
694 1658 787 1711 τοῦ
816 1661 985 1712 ἱστίου
1015 1661 1112 1730 τὴν
1145 1661 1390 1729 γλῶτταν
1416 1662 1877 1728 ἀναπετάσαντες,
1899 1662 2019 1716 ἀντὶ
2039 1660 2134 1714 τοῦ

557 1745 793 1816 ζεφύρου
831 1747 924 1800 τοῦ
975 1749 1289 1818 Πνεύματος
1324 1749 1432 1820 τὴν·
1451 1750 1610 1820 χάριν
1639 1749 1986 1814 καλέσαντες,
2014 1750 2136 1804 ἀντὶ

555 1831 648 1884 τοῦ
677 1833 901 1903 αὐχένος
948 1835 1042 1888 καὶ
1083 1835 1345 1905 πηδαλίου
1383 1835 1462 1906 τῷ
1488 1835 1706 1907 σταυρῷ
1738 1837 2012 1908 χρώμενοι
2041 1853 2136 1889 κυ-

557 1917 813 1989 ϐερνήτῃ.
851 1919 916 1971 Ἦ
953 1919 1196 1975 θάλασσα
1232 1923 1332 1993 μὲν
1369 1923 1478 1994 γὰρ
1519 1923 1633 1995 ἔχει
1684 1923 1903 1995 ἁλμυρά
1945 1922 2132 1988 ὕδατα,

557 2004 790 2058 ἐνταῦθα
833 2005 890 2058 δέ
920 2004 1063 2078 ὕδωρ
1093 2007 1222 2070 ζῶν.
1274 2010 1420 2062 Ἐκεῖ
1445 2009 1614 2078 ἄλογα
1645 2007 1780 2076 ζῶα,
1811 2009 2044 2062 ἐνταῦθα
2080 2009 2136 2062 δὲ

555 2093 726 2164 ψυχαὶ⁸
765 2095 1001 2163 λογικαί·
1036 2098 1152 2150 ἐκεῖ
1196 2099 1246 2150 οί
1286 2097 1541 2162 πλέοντες
1582 2100 1689 2152 ἀπὸ
1735 2099 2010 2170 θαλάσσης
2055 2099 2136 2163 είς

555 2181 682 2252 γῆν,
709 2181 941 2236 ἐνταῦθα
969 2183 1025 2236 δὲ
1060 2185 1107 2236 οἱ
1149 2183 1400 2248 πλέοντες
1427 2185 1534 2238 ἀπὺ
1559 2186 1664 2255 γῆς
1689 2187 1767 2249 εις
1795 2185 2021 2258 οὐρανὸν
2045 2188 2136 2257 ὁρ-

560 2267 826 2338 μίζονται·
858 2270 974 2322 ἐκεῖ
1005 2271 1183 2334 πλοῖα,
1218 2271 1448 2324 ἐνταῦθα
1476 2272 1533 2325 δέ
1562 2272 1710 2340 λόγοι
1753 2274 2134 2344 πνευματικοί·

558 2356 674 2406 ἐκεῖ
711 2356 920 2419 σανίδες
954 2357 1010 2408 ἐν
1039 2356 1117 2427 τῷ
1144 2356 1335 2428 πλοίῳ,
1361 2357 1595 2410 ἐνταῦθα
1628 2357 1684 2411 δέ
1711 2358 1886 2426 λόγων
1912 2377 2138 2431 συγκρο-

557 2446 796 2516 τήματα·
815 2445 931 2498 ἐκεῖ
956 2446 1144 2511 ίστίον,
1171 2446 1406 2502 ἐνταῦθα
1430 2446 1490 2500 δὲ
1515 2446 1750 2516 γλῶττα·
1770 2450 1885 2502 ἐκεῖ
1902 2448 2136 2521 ζεφύρου

558 2531 723 2601 αύρα,
753 2531 986 2586 ἐνταῦθα
1025 2532 1341 2604 Πνεύματος
1375 2534 1656 2606 ἐπιδημία·
1699 2535 1818 2588 ἐκεῖ
1851 2534 2137 2609 ἅνθρωπος

559 2618 918 2690 κυϐερνήτης,
946 2618 1178 2673 ἐνταῦθα
1219 2621 1276 2674 δὲ
1318 2621 1659 2692 κυϐερνήτης
1698 2623 1728 2675 6
1760 2623 2012 2694 Χριστός.
2039 2624 2136 2677 Διά

556 2705 620 2775 δὴ
658 2705 814 2759 τοῦτο
855 2705 915 2759 τδ
960 2705 1139 2761 πλοῖον
1181 2706 1521 2777 χειμάζεται,
1556 2707 1669 2761 ἀλλ’
1704 2709 2031 2780 ὑποϐρύχιον
2077 2713 2136 2763 οὐ

555 2792 785 2866 γίνεται.
832 2791 1087 2845 Ἦδύνατο
1121 2794 1220 2864 μὲν
1247 2795 1356 2864 γὰρ
1383 2794 1477 2847 καὶ
1503 2795 1560 2847 ἐν
1578 2794 1790 2868 γαλήνῃ
1818 2794 1988 2857 πλεῖν,
2022 2795 2136 2848 ἀλλ’

556 2881 657 2932 οὐκ
689 2879 901 2949 ἀφῆκεν
922 2882 950 2934 6
982 2880 1340 2952 κυϐερνήτης,
1371 2881 1458 2936 ἵνα
1483 2882 1578 2934 καὶ
1602 2882 1711 2936 τῶν
1745 2883 2014 2936 πλεόντων
2038 2883 2138 2954 τὴν

559 2966 831 3038 ὑπομονήν
895 2966 1028 3041 ἴδῃς,
1076 2968 1170 3020 καὶ
1220 2968 1314 3021 τοῦ
1369 2967 1741 3039 κυϐερνῶντος
1783 2968 1880 3040 τήν
1925 2968 2137 3022 σύνεσιν

556 3053 798 3123 ἀκριϐῶς
829 3053 1155 3126 καταμάθῃς
1178 3063 1200 3092 ο
1213 3095 1227 3109 .

630 3141 697 3209 β’.
717 3129 1086 3194 ’Ᾱκουέτωσαν
1109 3140 1388 3213 Ἕλληνες,
1414 3141 1758 3197 ἀκουέτωσαν
1790 3143 2030 3197 Ἰουδαῖοι
2067 3141 2136 3196 τά

557 3226 958 3297 κατορθώματα
994 3227 1169 3298 ήμῶν,
1212 3229 1307 3281 καὶ
1332 3228 1430 3299 τήν
1451 3229 1745 3303 προεδρίαν
1768 3231 1867 3301 τῆς
1909 3230 2137 3302 Ἐκκλη-

559 3313 701 3377 σίας.
739 3313 876 3367 Ὑπὸ
896 3315 1077 3369 πόσων
1104 3315 1417 3385 ἐπολεμήθη
1442 3317 1476 3386 ὴ
1506 3315 1818 3385 Ἐκκλησία,
1844 3316 1956 3370 ἀλλ’
1985 3317 2135 3371 οὐδέ-

557 3418 686 3454 ποτε
744 3401 1011 3472 ἐνικήθη;
1059 3401 1217 3454 πόσοι
1261 3401 1546 3472 τύραννοι;
1596 3402 1750 3455 πόσοι
1801 3403 2134 3474 στρατηγοί;

558 3486 714 3541 πόσοι
747 3486 983 3557 βασιλεῖς
1005 3486 1064 3554 ά;
1099 3486 1426 3555 Δῠγουστος,
1455 3488 1723 3559 Τιϐέριος,
1746 3489 1926 3553 Γάϊος,
1951 3488 2135 3542 Κλαύο

555 3577 687 3638 διος,
726 3577 939 3647 Νέρων,
974 3575 1249 3647 ἄνθρωποι
1277 3575 1457 3645 λόγοις
1489 3577 1863 3648 τετιμημένοι,
1899 3577 2135 3642 δυνατοὶ,

556 3663 793 3715 τοσαῦτα
829 3664 1172 3733 ἐπολέμησαν
1199 3664 1383 3734 ἀκμὴν
1408 3663 1726 3729 νεάζουσαν,
1767 3664 1881 3719 ἀλλ’
1918 3665 2018 3718 οὐκ
2047 3664 2136 3732 ἐξ·

557 3751 885 3822 ερρίζωσαν·
917 3751 1030 3804 ἀλλ’
1058 3751 1106 3802 οἱ
1139 3750 1238 3820 μὲν
1267 3750 1676 3822 πολεμήσαντες
1702 3753 2015 3822 σεσίγηνται
2043 3754 2138 3807 καὶ

556 3837 694 3910 λήθῃ
740 3837 1150 3908 παραδέδονται,
1195 3838 1228 3907 ή
1272 3836 1329 3890 δὲ
1368 3837 1737 3909 πολεμηθεῖσα
1777 3838 1870 3891 τὸν
1910 3839 2137 3910 οὐρανὸν

557 3926 864 3997 ὑπεραίρει.
899 3926 989 3998 Μὴ
1016 3927 1124 3997 γάρ
1149 3943 1238 3996 μοι
1268 3926 1425 3979 τοῦτο
1452 3925 1588 3997 ῐδῃς,
1617 3927 1698 3979 δτι
1724 3927 1782 3979 ἐν
1811 3928 1882 3998 γῇ
1909 3926 2138 3996 ἕστηκεν

553 4017 588 4083 ἡ
635 4014 947 4082 Ἐκκλησία,
983 4014 1097 4066 ἀλλ’
1127 4015 1206 4067 ὅτι
1239 4014 1296 4066 ἐν
1325 4013 1539 4085 οὐρανῷ
1576 4013 1936 4068 πολιτεύεται.
1967 4014 2137 4068 Πόθεν

555 4102 715 4154 τοῦτο
755 4101 914 4170 δῆλον
939 4117 952 4165 ;
992 4101 1239 4153 Δείκνυσι
1268 4100 1375 4153 τῶν
1404 4100 1745 4171 πραγμάτων
1775 4103 1807 4171 ή
1840 4098 2134 4165 ἀπόδειξις.

568 4189 1016 4260 Ἐπολεμήθησαν
1063 4188 1254 4241 ἐνδεκα
1307 4187 1570 4257 μαθηταὶ,
1617 4188 1710 4240 καὶ
1753 4190 1786 4258 ή
1843 4187 2134 4260 οἰκουμένη

555 4277 810 4347 ἐπολέμει
859 4278 906 4328 οί
941 4275 994 4328 δὲ
1026 4274 1424 4344 πολεμηθέντες
1465 4274 1740 4344 ἐνίκησαν,
1782 4274 1876 4326 καὶ
1909 4275 1958 4326 οἱ
1983 4274 2138 4327 πολε-

559 4365 832 4435 μήσαντες
864 4361 1228 4432 ἀνῃρέθησαν·
1259 4360 1331 4412 τὰ
1361 4360 1611 4430 πρόϐατα
1639 4360 1748 4414 τῶν
1769 4359 1954 4414 λύκων
1983 4377 2139 4432 περι-

555 4453 820 4520 εγένοντο.
855 4445 1007 4511 Εἶδες
1033 4448 1265 4515 ποιμένα
1290 4446 1357 4499 τὰ
1390 4446 1638 4517 πρόϐατα
1663 4448 1720 4500 ἐν
1748 4447 1896 4517 μέσῳ
1921 4447 2028 4499 τῶν
2054 4445 2141 4498 λύ-

554 4558 667 4594 κων
697 4538 1111 4599 ἀποστέλλοντα,
1152 4538 1238 4589 ἵνα
1271 4534 1402 4606 μηδὲ
1434 4538 1499 4606 τῇ
1545 4537 1688 4606 φυγῇ
1722 4536 1821 4607 τὴν
1863 4537 2137 4606 σωτηρίαν

555 4630 914 4697 πορίσωνταις
961 4627 1117 4687 ΙῙοῖος
1144 4623 1347 4693 ποιμὴν
1377 4622 1532 4676 τοῦτο
1569 4622 1897 4693 ἐργάζεται;
1943 4623 2079 4675 Ἀλλ’
2109 4623 2138 4674 6

555 4713 788 4784 Χριστὸς
827 4712 984 4765 τοῦτο
1027 4711 1296 4780 ἐποίησεν,
1345 4710 1431 4763 ἵνα
1470 4727 1549 4762 σοι
1586 4710 1754 4780 δείξῃ,
1789 4711 1870 4763 ὄτι
1906 4711 1966 4762 ού
1999 4712 2138 4765 κατὰ

555 4802 876 4855 ἀκολουθίαν
922 4801 1027 4852 τῶν
1079 4799 1440 4869 πραγμάτων,
1489 4799 1602 4851 ἀλλ’
1651 4798 1790 4869 ὑπὲρ
1831 4798 1992 4866 φύσιν
2044 4803 2137 4852 καὶ

554 4888 874 4944 ἀκολουθίαν
895 4887 961 4940 τὰ
987 4885 1389 4956 κατορθώματα
1415 4885 1643 4952 γίνεται.
1689 4886 1753 4939 Ἡ
1776 4886 1883 4957 γάρ
1921 4887 2140 4959 Ἐκκλη-

557 4981 646 5030 σία
694 4975 924 5046 οὐρανοῦ
961 4973 1162 5044 μᾶλλον
1190 4972 1502 5042 ἐρρίζωται.
1551 4973 1688 5025 Ἀλλ’
1723 4972 1852 5037 ἴσως
1879 4974 2138 5030 ἀπόνοιάν

560 5084 658 5136 μου
713 5062 1112 5133 καταγινώσκει
1168 5065 1196 5115 6
1229 5061 1451 5133 Ἕλλην·
1506 5062 1618 5115 ἀλλ’
1679 5064 1994 5132 ἀναμενέτω
2030 5065 2137 5118 τῶν

556 5153 897 5223 πραγμάτων
935 5150 1033 5222 τὴν
1065 5149 1357 5215 ἀπόδειξιν,
1399 5151 1493 5202 καὶ
1527 5149 1840 5220 μανθανέτω
1872 5152 1973 5222 τῆς
2008 5154 2138 5222 ἀλη-

617 5325 646 5354 ει
670 5322 873 5380 Quidam
893 5335 1006 5370 mss.
1029 5321 1117 5370 τίνι
1141 5321 1405 5379 διέστηκεν,
1431 5335 1528 5369 non
1551 5322 1699 5369 male.
1733 5321 1787 5369 In
1813 5320 1986 5369 iisdem
2012 5321 2137 5368 ἐστὶν

554 5385 1010 5449 έιιῖινῦριυποςᾱεεξηζ
1473 5443 1483 5449 .
1674 5442 1683 5449 ⁸
1763 5439 1820 5449 Η

624 5445 649 5482 b
679 5441 811 5493 [inus
835 5447 959 5506 apud
983 5443 1214 5492 Savilium
1238 5443 1574 5506 ἀλλὰψιχίαις.
1599 5442 1683 5506 sed
1710 5441 1861 5490 micis.
1887 5441 1995 5506 Mox
2016 5455 2138 5502 qua-

557 5517 667 5583 tupr
698 5520 811 5583 magas.
862 5504 1151 5583 ἀναστροφῇ,
1187 5512 1237 5576 εἰ.
1270 5509 1340 5553 sic
1371 5504 1498 5567 légit
1540 5505 1770 5562 Savilius,
1811 5505 1900 5550 sed
1937 5504 2138 5564 ἀνατρο-

557 5571 617 5630 φή
642 5570 795 5630 magis
815 5567 1022 5627 quadrat
1057 5568 1117 5614 ad
1140 5568 1338 5614 seriem.

623 5635 644 5659 ε
675 5631 770 5676 Alii
793 5629 917 5688 apud
941 5625 1092 5675 Savil.
1117 5629 1356 5686 ὑπομονὴν
1393 5627 1492 5688 ίδῃ,
1520 5626 1601 5673 καὶ
1629 5623 1714 5673 τοῦ
1747 5624 2031 5684 κυϐερνήτου
2052 5626 2136 5681 τήν

558 5691 744 5738 σύνεσιν
765 5690 969 5750 ἀκριϐῶς
987 5690 1254 5749 καταμάθῃ.

620 5750 647 5788 εἰ
670 5751 822 5814 Πόσοι
832 5744 1061 5814 τύραννοι,
1073 5744 1221 5797 πόσοί
1238 5749 1510 5814 στρατηγοὶ,
1535 5747 1835 5814 πόσοι-βασί,
1848 5744 1920 5814 Vila_
1931 5745 2133 5814 ﬂuidam

559 5825 670 5859 mss.
702 5818 754 5857 et
772 5812 843 5858 sic
865 5807 988 5871 légll
1012 5812 1122 5859 Suv.
1163 5807 1379 5872 ilemq'ue
1413 5807 1654 5858 Erasmus.
1682 5809 1734 5856 lu
1759 5811 1876 5855 edn.
1905 5807 2020 5857 Mor.
2045 5807 2132 5855 πόα

561 5890 637 5922 σοι
658 5871 908 5935 στρατηγοί
932 5872 1090 5922 deest.

2248 543 2356 590 ναι,
2385 527 2417 597 ἢ
2447 529 2546 598 τὴν
2581 527 2903 600 Ἐκκλησίαν
2944 529 3322 600 ἀφανισθῆναι.
3359 529 3454 591 Τίς
3487 527 3680 593 ταῦτα,
3714 546 3818 597 φη-

2246 619 2348 684 σίν,
2373 622 2400 672 6
2435 621 2753 693 κηρύττων;
2803 621 2860 675 '0
2892 623 3225 693 θεμελιώσας
3257 624 3444 693 αὐτήν·
3487 623 3540 674 ’0
3564 623 3818 689 οὐρανὸς

2243 709 2338 762 καί
2374 710 2412 778 ἡ
2445 710 2522 780 γῆ
2561 713 3057 781 παρελεύσονται,
3100 716 3154 767 οὶ
3182 712 3250 766 δὲ
3285 713 3452 781 λόγοι
3487 730 3603 782 μου
3633 713 3705 765 οὐ
3729 709 3818 780 μὴ

2243 796 2603 864 παρέλθωσι.
2644 799 2829 854 Ταῦτα
2871 800 2932 853 οὐ
2969 800 3127 870 μόνον
3165 795 3336 864 εἶπεν,
3365 798 3497 853 ἀλλά
3531 801 3624 852 καὶ
3651 798 3816 867 ὲπλήο

2244 899 2407 950 ρωσε·
2449 883 2536 936 διὰ
2582 886 2634 937 τί
2672 886 2780 956 γὰρ
2828 885 3025 956 μᾶλλον
3072 884 3299 956 οὐρανοῦ
3341 886 3556 955 μείζονα
3593 885 3760 954 αὐτὴν
3789 894 3817 925 ⁸

2241 970 2600 1039 ἐθεμελίωσε;
2644 973 2956 1044 Τιμιωτέρα
3004 974 3112 1044 γὰρ
3147 973 3377 1043 οὐρανοῦ
3421 975 3454 1044 ή
3502 972 3811 1043 Ἐκκλησία.

2240 1057 2336 1110 Διά
2365 1058 2416 1110 τί
2446 1060 2707 1128 οὐρανός;
2745 1060 2842 1113 Διά
2870 1061 2968 1132 τὴν
3010 1060 3356 1131 Ἐκκλησίαν,
3387 1061 3484 1129 οὐχ
3516 1061 3548 1129 ή
3587 1058 3817 1127 Ἐκκλη-

2243 1143 2330 1196 σία
2353 1145 2441 1198 διά
2466 1146 2558 1199 τὸν
2587 1147 2833 1217 οὐρανόν.
2872 1147 2930 1200 '0
2957 1146 3183 1218 οὐρανὸς
3205 1147 3260 1199 δὲ
3286 1146 3375 1199 διά
3395 1144 3483 1199 τδν
3511 1145 3814 1217 ἄνθρωπον,

2242 1231 2394 1305 [125]
2422 1235 2523 1288 ούκ
2561 1235 2847 1306 ἄνθρωπος
2890 1236 2976 1289 διὰ
3004 1237 3095 1289 τὸν
3119 1235 3363 1307 οὐρανόν.
3391 1237 3500 1288 Καὶ
3531 1235 3591 1298 ἐξ
3618 1232 3690 1287 ὦν
3720 1235 3817 1286 αύ-

2239 1319 2330 1382 τὸς
2356 1321 2576 1392 ἐποίησε
2596 1323 2773 1393 δῆλον.
2797 1323 3060 1395 Οὐράνιον
3081 1323 3189 1393 γὰρ
3215 1322 3233 1361 ί
3263 1323 3418 1393 σῶμα
3441 1323 3540 1375 οὐκ
3561 1320 3817 1375 ἀνέλαϐεν

2238 1409 2268 1460 6
2293 1408 2547 1475 Χριστός.
2591 1409 2736 1462 Ἀλλ’
2765 1410 2851 1463 ἵνα
2878 1411 2952 1481 μὴ
2982 1411 3310 1480 μηκύνοντες
3334 1410 3423 1463 τὸν
3448 1409 3624 1477 λόγον,
3654 1408 3816 1463 πάλιν

2240 1493 2509 1563 χρεῶσται
2542 1494 2983 1566 ἀναχωρήσωμεν
3028 1498 3265 1569 σήμερον
3309 1497 3442 1567 (ἴστε
3475 1495 3581 1565 γὰρ
3611 1495 3816 1564 ὅσαπερ

2241 1578 2366 1648 χθὲς
2394 1581 2785 1653 ὑπεσχόμεθα),
2811 1583 3133 1638 καταϐαλεῖν
3167 1584 3558 1653 ἑτοιμάσωμεν.
3588 1581 3686 1634 Διά
3707 1580 3815 1650 γάρ

2239 1668 2365 1729 τοὺς
2398 1668 2821 1738 ἀπολειφθέντας
2861 1670 3220 1741 ἀνεϐαλόμην.
3268 1669 3418 1722 Ἐπεὶ
3456 1664 3548 1722 οὖν
3588 1670 3638 1719 οἱ
3683 1669 3815 1721 ἀπο-

2241 1754 2548 1824 λειφθέντες
2584 1757 2651 1810 τὰ
2693 1757 2902 1812 ἐαυτῶν
2932 1759 3277 1828 ἐπλήρωσαν,
3321 1757 3414 1810 καὶ
3446 1759 3512 1828 τῇ
3546 1755 3815 1826 παρουσίᾳ

2241 1845 2374 1913 ἡμῖν
2403 1847 2468 1914 τῇ
2506 1844 2716 1898 ἑαυτῶν
2747 1848 2771 1886 5
2799 1847 3122 1917 ἐχαρίσαντο
3147 1844 3427 1916 τράπεζαν
3457 1842 3815 1916 πεπληρωμέ-

2242 1949 2341 2003 νην
2379 1934 2486 1988 τῶν
2516 1935 2906 2006 ἀναλωμάτων,
2936 1934 3067 2006 φέρε
3105 1935 3191 2004 δὴ,
3220 1935 3287 1988 τά
3315 1934 3420 2004 ὄψα
3461 1933 3815 2004 πειραθῶμεν,

2244 2020 2349 2088 ὄψα
2377 2021 2473 2091 οὐχ
2495 2021 2656 2074 ἕωλα·
2693 2023 2741 2075 εί
2768 2021 2875 2092 γὰρ
2906 2020 2999 2075 καὶ
3030 2021 3251 2092 χθεσινά
3277 2017 3366 2091 ἦν,
3406 2020 3520 2074 ἀλλ’
3553 2019 3612 2072 οὐ
3639 2019 3817 2086 γίνον-

2245 2123 2332 2158 ται
2373 2107 2532 2162 ἕωλα.
2570 2109 2634 2160 Τί
2671 2109 2906 2178 δήποτε;
2945 2106 3059 2162 υύκ
3091 2108 3205 2160 ἔστι
3235 2108 3390 2178 κρέα,
3417 2106 3502 2159 ἵνα
3526 2105 3815 2174 διαφθαρῇ,

2244 2192 2380 2245 ἀλλά
2407 2195 2652 2266 νοήματα
2683 2195 2944 2266 διηνεκῶς
2982 2193 3260 2248 ἀνθοῦντα.
3297 2194 3377 2246 Τὰ
3415 2194 3511 2264 μὲν
3541 2193 3646 2263 γὰρ
3682 2190 3818 2261 κρέα

2244 2280 2542 2352 φθείρεται·
2584 2281 2741 2352 σῶμα
2786 2284 2893 2352 γάρ
2923 2285 3056 2335 ἐστ.⁸
3097 2282 3168 2335 τὰ
3195 2282 3251 2334 δὲ
3283 2283 3524 2353 νοήματα
3566 2281 3815 2351 μένοντα,

2243 2369 2581 2441 εὐωδέστερα
2620 2371 2993 2426 καθίστανται.
3029 2371 3094 2422 Τί
3137 2366 3227 2423 οὖν
3265 2367 3352 2441 ἦν,
3381 2371 3416 2424 ἃ
3443 2371 3566 2441 χθὲς
3590 2369 3816 2440 εἰρήκα-

2247 2472 2375 2526 μεν;
2417 2458 2526 2511 Καὶ
2558 2457 2665 2528 γάρ
2708 2460 2801 2511 καὶ
2833 2461 2993 2529 ἡμεῖς
3029 2458 3154 2528 χθὲς
3193 2456 3575 2527 ἀπελαύσαμεν
3611 2452 3816 2526 τραπέ-

2244 2541 2363 2613 ζης,
2386 2544 2478 2597 καὶ
2501 2545 2549 2597 οί
2572 2545 2988 2614 ἀπολειφθέντες
3009 2547 3105 2600 οὐκ
3134 2544 3534 2617 ἐζημιώθησαν.
3557 2543 3664 2597 Καὶ
3686 2542 3815 2612 ἐγέ-

2241 2646 2378 2684 νετο
2401 2632 2507 2686 τοῦ
2530 2632 2822 2696 ἐνιαυτοῦ,
2842 2629 2911 2689 οὗ
2932 2633 3228 2688 ἀπέθανεν
3252 2631 3426 2697 Ὁζῖας
3447 2629 3816 2695 ὀβασιλεὺς,

2243 2713 2407 2771 εἶδον
2436 2719 2545 2772 τὸν
2577 2722 2794 2789 Κύριον
2830 2721 3167 2789 καθήμενον
3201 2719 3300 2773 ἐπὶ
3327 2721 3539 2787 θρόνου
3571 2716 3815 2786 ὑψηλοῦ

2244 2803 2342 2859 καί
2376 2803 2736 2872 ἐπηρμένου.
2781 2807 2877 2870 Τίς
2906 2807 3076 2861 ταῦτά
3110 2823 3306 2877 φησιν;
3353 2806 3598 2867 Ἡσαΐας,
3628 2805 3654 2856 ό
3684 2804 3816 2856 θεω-

2249 2889 2338 2959 ρὸς
2364 2889 2472 2942 τῶν
2502 2892 2799 2961 Σεραφεὶμ,
2834 2893 2862 2944 6
2893 2892 3055 2962 γάμῳ
3087 2892 3372 2962 ὁμιλήσας,
3409 2889 3502 2943 καὶ
3534 2890 3629 2959 τήν
3658 2888 3816 2958 χάριν

2247 2978 2322 3049 μή
2376 2979 2592 3042 σϐέσας.
2643 2981 2754 3034 Καὶ
2805 2981 3215 3051 προσεσχήκατε
3267 2979 3344 3049 τῷ
3387 2977 3664 3048 προφήτῃ,
3719 2974 3814 3028 καὶ

2244 3064 2511 3136 ἠκούσατε
2552 3066 2643 3119 τοῦ
2681 3070 2958 3138 προφήτου
3005 3069 3259 3138 σήμερον·
3297 3066 3553 3130 Ἔξελθε,
3586 3062 3667 3116 σὺ
3715 3063 3813 3116 καί

2257 3153 2488 3208 Ἰασοὺό
2514 3157 2547 3209 d
2575 3157 2702 3220 υἱός
2727 3172 2860 3210 σου.
2898 3156 3212 3223 Ἀναγκαῖον
3234 3153 3328 3207 καὶ
3355 3153 3524 3206 ταῦτα
3549 3152 3622 3222 μὴ
3643 3168 3814 3222 παρα·-

2243 3240 2488 3313 δραμεῖν.
2537 3242 2781 3307 Ἐξελθε,
2829 3243 2892 3296 σὺ
2939 3242 3031 3295 καὶ
3087 3241 3116 3293 6
3157 3241 3271 3304 υίός
3307 3258 3418 3294 σου.
3456 3239 3579 3293 Υίὸν
3612 3233 3757 3309 εἶχεν
3783 3239 3813 3294 6

2245 3329 2560 3399 προφήτης;
2591 3328 2794 3382 Οὐκοῦν
2829 3330 2880 3381 εί
2915 3329 3048 3393 υίὸν,
3084 3329 3176 3381 καὶ
3206 3330 3456 3396 γυναῖκα,
3492 3326 3578 3380 ἵνα
3611 3325 3810 3396 μάθῃς,

2243 3414 2325 3466 ὅτι
2351 3415 2411 3467 οὐ
2438 3414 2638 3482 φαῦλον
2666 3416 2693 3466 6
2717 3414 2892 3483 γάμος
2912 3415 2960 3479 ιι,
2989 3413 3124 3467 ἀλλά
3150 3414 3315 3468 κακὸν
3339 3417 3371 3484 ἠ
3401 3413 3642 3484 πορνεία.
3673 3411 3808 3464 Ἀλλ’

2244 3499 2430 3570 ἐπειδὴ
2452 3500 2664 3563 πολλοῖς
2695 3517 2804 3553 τισι
2837 3501 3214 3571 διαλεγόμεθα,
3252 3501 3345 3555 καὶ
3368 3499 3618 3569 λέγομεν,
3639 3498 3736 3551 Διὰ
3758 3496 3810 3549 τί

2248 3586 2322 3656 μὴ
2359 3587 2533 3658 ὀρθῶς
2565 3586 2686 3657 ζῇς,
2723 3586 2809 3639 διὰ
2841 3587 2892 3640 τί
2922 3586 2995 3656 μὴ
3031 3586 3139 3656 βίον
3180 3586 3375 3658 ἀκριϐῆ
3410 3585 3809 3648 ἐπιδείκνυσαι;

2242 3671 2366 3739 Πῶς
2404 3673 2657 3744 δύναμαι,
2699 3675 2881 3744 φησὶν,
2921 3675 3015 3728 ἐὰν
3055 3675 3128 3745 μὴ
3177 3673 3527 3743 ἀποτάξωμαι
3567 3672 3808 3741 γυναικὶ,

2243 3760 2340 3814 ἐὰν
2388 3760 2463 3832 μὴ
2512 3753 2868 3831 ἀποτάξωμαι
2914 3762 3163 3824 παιδίοις,
3210 3762 3303 3814 ἐάν
3343 3760 3416 3831 μή
3452 3759 3810 3830 ἀποτάξωμαι

2245 3847 2563 3917 πράγμασι;
2591 3847 2692 3900 Διὰ
2725 3848 2810 3913 τί;
2845 3848 2920 3918 μή
2949 3847 3172 3918 κώλυμα
3197 3849 3224 3900 6
3260 3847 3469 3916 γάμος;
3497 3845 3696 3914 Βοηθός
3727 3863 3809 3897 σοι

2243 3933 2446 3987 δέδοται
2464 3937 2497 4004 ή
2521 3933 2678 4003 γυνὴ,
2703 3933 2777 4005 μὴ
2807 3935 3104 3996 ἐπίϐουλος.
3123 3935 3179 3987 Ὀ
3200 3935 3478 4004 προφήτης
3496 3933 3553 3984 οὐ
3575 3934 3807 3999 γυναῖκα

2245 4015 2385 4090 εἶχες
2422 4019 2526 4073 Καὶ
2550 4023 2650 4074 οὐκ
2688 4021 2900 4088 ἐγένετο
2930 4012 3154 4089 κώλυμά
3188 4021 3280 4072 τοῦ
3317 4018 3625 4089 Πνεύματος
3651 4019 3682 4069 6
3707 4019 3803 4086 γά-

2247 4124 2345 4177 μος
2374 4109 2389 4147 ί
2416 4124 2429 4137 ·
2463 4107 2601 4160 ἀλλά
2631 4108 2726 4160 καὶ
2770 4107 2960 4176 ὡμίλει
3010 4110 3074 4177 τῇ
3111 4107 3344 4174 γυναικὶ,
3393 4107 3484 4158 καὶ
3524 4106 3803 4175 προφήτης

2241 4191 2330 4265 ἦν.
2371 4195 2426 4248 '0
2459 4195 2696 4265 Μωῦσῆς
2724 4195 2782 4248 οὐ
2823 4197 3052 4263 γυναῖκα
3079 4194 3234 4264 ἔσχε;
3268 4194 3376 4246 Καὶ
3401 4193 3602 4263 πέτρας
3639 4191 3804 4263 έῤῥηο

2244 4281 2323 4346 ξε,
2378 4283 2472 4337 καὶ
2528 4283 2665 4352 ἀέρα
2713 4281 2990 4351 μετέϐαλε,
3043 4281 3137 4334 καὶ
3197 4280 3312 4350 Θεῷ
3361 4280 3641 4347 διελέγετο,
3711 4279 3806 4331 καὶ

2246 4368 2500 4438 θεήλατον
2522 4368 2688 4437 ὀργὴν
2716 4367 3036 4420 ἀνέστειλεν.
3077 4367 3133 4418 Ὁ
3168 4366 3411 4436 Ἀϐραὰμ
3431 4366 3547 4434 οὐχὶ
3572 4367 3806 4432 γυναῖκα

2244 4454 2402 4524 laxe;
2431 4456 2540 4510 Καὶ
2563 4454 2742 4523 πατὴρ
2768 4454 2980 4521 ἐγένετο
3005 4453 3190 4515 ἐθνῶν,
3220 4454 3310 4505 καὶ
3332 4453 3424 4522 τῆς
3460 4452 3800 4520 Ἐκκλησίας·

2244 4541 2333 4593 τὸν
2359 4540 2464 4613 γὰρ
2506 4540 2688 4593 ’ῐσαάκ
2717 4540 2826 4593 υἱὸν
2848 4535 2980 4609 εἶχε,
3009 4540 3099 4592 καὶ
3128 4538 3284 4601 αὐτὸς
3304 4539 3511 4606 ἐγένετο
3532 4537 3802 4607 κατορθω-

2247 4628 2430 4697 μάτων
2458 4627 2732 4689 ὐπόθεσις.
2770 4627 2881 4679 Ούκ
2923 4627 3186 4695 ἀνήνεγκε
3210 4624 3269 4677 τὸ
3299 4625 3524 4687 παιδίον,
3554 4623 3641 4677 τὸν
3669 4641 3802 4693 καρ-

2245 4716 2344 4768 πὸν
2368 4715 2460 4769 τοῦ
2483 4717 2693 4784 γάμου;
2725 4714 2824 4767 οὐκ
2845 4712 3057 4782 ἐγένετο
3084 4713 3177 4766 καὶ
3210 4712 3388 4782 πατὴρ
3413 4713 3504 4764 καὶ
3529 4711 3798 4779 φιλόθεος;

2245 4803 2342 4855 οὐκ
2369 4798 2437 4874 ἦν
2468 4803 2595 4856 ίδεῖν
2635 4801 2785 4872 ἱερέα
2807 4800 2865 4866 ἐξ
2896 4801 3106 4853 οἰκείων
3136 4799 3448 4868 σπλάγχνων
3477 4798 3798 4868 γενόμενον;

2247 4891 2395 4958 ἱερέα
2431 4889 2526 4942 καλ⁵
2558 4888 2805 4957 πατέρα;
2842 4886 3002 4955 φύσιν
3042 4886 3361 4956 νικωμένην,
3402 4884 3493 4938 καὶ¹
3518 4883 3800 4936 εὐλάϐειαν

2245 4977 2581 5045 κρατοῦσαν;
2610 4975 2890 5043 σπλάγχνα
2917 4971 3246 5042 πατούμενα,
3280 4973 3370 5025 καὶ
3408 4969 3799 5040 κατορθώματα

2245 5064 2440 5135 εὐσεϐῆ
2466 5061 2847 5134 περιγινόμενα
2873 5077 2887 5125 ς
2923 5059 3015 5112 καὶ
3043 5059 3132 5111 τὸν
3170 5059 3374 5128 πατέρα
3404 5057 3672 5125 λυόμενον,
3705 5055 3798 5106 καὶ

2247 5151 2489 5221 φιλόθεον
2516 5146 2969 5216 στεφανούμενον;
2996 5147 3094 5198 οὐκ
3115 5145 3248 5209 εἶδες
3271 5146 3385 5198 ὅλον
3406 5141 3683 5210 φιλόπαιδα
3705 5141 3800 5193 καὶ

2246 5239 2516 5307 φιλόθεον;
2543 5238 2614 5306 μή
2632 5234 2967 5287 τιέκώλυσεν
2986 5234 3015 5286 ὁ
3038 5233 3236 5304 γάμος;
3269 5233 3331 5285 Τί
3352 5231 3404 5283 δὲ
3429 5232 3460 5299 ή
3486 5229 3664 5299 μήτηρ
3689 5227 3800 5281 τῶν

2301 5444 2320 5465 ⁶
2352 5442 2449 5490 Alii
2488 5438 2615 5499 apud
2639 5438 2788 5486 Savil.
2816 5437 3103 5499 ἐπλήρωσεν·
3127 5431 3322 5496 οὐρανοῦ
3362 5431 3447 5494 γὰρ
3467 5432 3636 5488 μᾶλλον
3653 5431 3799 5488 αὐτὴν

2305 5519 2400 5550 ιιω.

2245 5508 2452 5610 “lfuini
2473 5573 2586 5607 mss.
2624 5564 2676 5607 et
2717 5557 2862 5607 Savil.
2905 5559 2952 5604 in
2980 5561 3116 5604 textu
3141 5555 3348 5616 οὐράνιον
3369 5555 3471 5616 γάρ.
3511 5558 3560 5600 et
3591 5550 3796 5616 melius;

2241 5627 2327 5672 sed
2352 5624 2581 5673 Erasmus
2601 5621 2720 5680 legit
2741 5617 2954 5680 οὐρανοῦ,
2975 5625 3027 5665 ιιι
3050 5611 3389 5664 ὴεδείΜοιεΙξ
3415 5611 3466 5663 ει
3498 5624 3662 5674 margo
3683 5611 3794 5660 Sav.

2241 5686 2525 5754 Paglp‘ppsl
2550 5679 2696 5754 iidefn
2722 5679 3015 5754 Mxovaym:

2304 5747 2329 5785 8
2356 5736 2451 5792 Alli
2476 5755 2590 5788 mss.
2615 5736 2699 5796 τήν
2720 5736 2977 5800 παρουσίαν
2999 5737 3109 5799 ἡμῖν
3139 5740 3222 5793 τήν
3246 5736 3435 5784 ἑαυτῶν.

2301 5807 2329 5870 ll
2352 5806 2489 5870 lius
2509 5804 2579 5850 ὅτι
2608 5803 2660 5849 οὐ
2682 5799 2852 5870 φαῦλος
2874 5801 2899 5846 6
2921 5800 3081 5870 γάμος.

2303 5869 2319 5907 Ι
2361 5865 2484 5918 Tres
2506 5875 2618 5912 mss.
2642 5856 2726 5910 τοῗι
2745 5856 3002 5921 πνεύματος
3020 5861 3050 5915 ἡ
3073 5858 3218 5920 χάρις,
3237 5856 3376 5906 male.
