4064 6214
246 422 355 477 121

231 527 383 596 Quod
434 528 480 582 si
529 525 658 581 mihi
690 538 873 579 narres
902 524 1188 593 dignitates
1229 533 1284 578 et
1328 537 1487 591 opum
1531 516 1808 574 abundan-

230 624 379 682 tiam,
406 633 433 670 a
468 617 608 672 foliis
631 660 646 675 .
671 632 773 669 non
805 631 833 669 a
858 616 1144 679 fructibus,
1171 614 1415 668 arborem
1437 612 1638 666 laudas.
1684 609 1809 664 Haec

228 720 406 762 autem
456 709 645 777 loquor
686 723 790 761 non
848 714 1130 761 assentans
1181 705 1386 759 caritati
1446 713 1659 768 vestrae,
1714 702 1807 755 sed

229 800 483 857 virtutem
541 808 774 854 vestram
827 799 1148 869 prmdicans.
1202 797 1401 851 Beatus
1441 812 1541 866 ego
1591 803 1809 863 propter

227 904 325 943 vos
347 932 361 955 ,
392 890 526 944 beati
557 905 652 944 vos
679 900 893 959 propter
920 904 1012 942 vos
1041 890 1184 957 ipsos
1212 902 1223 941 :
1259 887 1442 941 Beatus
1469 887 1554 956 qui
1586 885 1808 955 loquitur

226 982 298 1034 ad
336 998 489 1036 aures
538 982 849 1036 audientium
878 981 1067 1049 (Eccle.
1095 980 1184 1033 25.
1219 978 1311 1048 l2)
1336 996 1351 1033 :
1380 978 1457 1032 sic
1479 991 1579 1046 ego
1623 977 1808 1030 beatus

228 1072 399 1128 factus
453 1089 591 1127 sum.
646 1072 787 1125 Beati
836 1071 921 1140 qui
974 1070 1201 1124 esuriant
1248 1077 1293 1122 et
1336 1068 1510 1122 sitiunt
1550 1068 1807 1137 justitiam

228 1164 439 1233 (Matth.
477 1164 527 1217 5.
566 1163 641 1232 6).
679 1163 839 1216 Vides
864 1160 1131 1230 quomodo
1159 1173 1254 1214 vos
1291 1157 1433 1213 beati
1472 1168 1685 1227 promer
1710 1170 1807 1209 vos

228 1257 375 1323 ipsos
421 1255 549 1311 estis
603 1253 765 1308 facti?
796 1254 986 1308 Beatus
1024 1259 1107 1305 est
1158 1251 1239 1305 vir
1278 1264 1463 1303 amans
1502 1262 1805 1303 sermonum

223 1346 604 1415 spiritualium.
644 1344 756 1398 Hoc
781 1358 880 1397 nos
909 1343 1184 1411 distinguit
1212 1356 1242 1394 a
1284 1339 1471 1395 brutis.
1504 1338 1618 1393 Non
1664 1339 1804 1393 cnim

224 1454 325 1493 nos
358 1438 426 1491 ab
451 1439 553 1493 illis
583 1446 795 1505 separat
815 1437 1056 1503 corporis
1078 1436 1422 1503 ratio,neque
1448 1431 1587 1501 quod
1617 1432 1807 1484 alimur

224 1538 317 1582 aut
347 1528 595 1591 bibimus,
621 1540 795 1596 neque
821 1525 959 1595 quod
993 1526 1256 1593 paseimur
1281 1532 1370 1577 aut
1395 1522 1618 1577 vivimus
1643 1539 1658 1578 :
1691 1520 1808 1575 hcce

224 1620 369 1673 enim
399 1618 576 1672 omnia
619 1617 771 1670 nobis
817 1631 938 1669 cum
978 1617 1148 1669 brutis
1186 1626 1307 1668 sunt
1344 1613 1666 1667 communia.
1702 1611 1805 1667 Sed

223 1725 325 1775 qua
357 1724 415 1762 re
439 1708 781 1774 distinguitur
806 1722 835 1759 a
882 1706 1048 1759 brutis
1089 1704 1289 1759 homo?
1322 1704 1580 1759 Sermone
1615 1721 1629 1755 :
1659 1713 1710 1757 et
1737 1703 1807 1758 ob

226 1802 277 1855 id
300 1802 493 1855 animal
520 1800 713 1854 dicitur
736 1808 947 1865 λογικόνε
970 1800 1070 1852 hoc
1102 1806 1201 1861 est,
1232 1797 1494 1850 sermonis
1523 1798 1804 1865 particeps.

226 1893 297 1948 Ut
328 1893 469 1947 enim
493 1893 707 1947 aluntur
727 1904 950 1960 corpora
970 1932 985 1954 ,
1018 1890 1095 1943 sic
1124 1890 1338 1943 aluntur
1364 1898 1417 1941 et
1444 1889 1633 1940 anima:
1666 1903 1679 1939 :
1712 1885 1804 1939 sed

222 1997 421 2052 corpus
473 1998 651 2052 pane,
702 1983 877 2036 anima
938 1995 1205 2036 sermone.
1261 1979 1487 2034 Proinde
1533 1978 1577 2033 si
1628 1977 1807 2031 videas

226 2072 498 2129 hominem
537 2082 840 2127 vescentem
891 2070 1084 2140 lapide,
1117 2086 1243 2124 num
1275 2069 1421 2123 illum
1456 2068 1654 2123 dixeris
1687 2081 1805 2122 esse

227 2164 545 2219 hominem?
582 2163 769 2217 Itidem
822 2163 867 2216 si
919 2178 1076 2232 quem
1105 2162 1297 2216 videris
1350 2160 1437 2229 qui
1490 2175 1593 2213 non
1635 2158 1805 2213 alatur

224 2269 473 2307 sermone
497 2295 511 2319 ,
542 2252 636 2307 sed
666 2253 927 2307 sermonis
957 2267 1019 2306 ac
1046 2252 1263 2306 rationis
1294 2251 1491 2320 inopia,
1520 2250 1682 2313 dices,
1711 2249 1806 2302 llic

222 2358 279 2401 et
306 2339 534 2401 hominis
562 2356 803 2400 naturam
833 2346 1047 2409 amisit,
1076 2344 1336 2414 siquidem
1364 2343 1611 2399 educatio
1627 2342 1805 2397 decla-

226 2448 305 2490 rat
353 2438 582 2491 hominis
632 2437 983 2491 nobilitatem.
1033 2435 1289 2503 Quoniam
1338 2435 1495 2504 igitur
1540 2433 1801 2488 theatrum

227 2527 381 2581 nobis
411 2527 622 2595 plenum
652 2536 754 2593 est,
789 2528 1020 2597 itemque
1042 2541 1187 2581 mare
1213 2526 1417 2595 pridem
1447 2527 1801 2592 mstuansjam

226 2620 598 2690 tranquillum,
639 2634 701 2673 ac
752 2634 961 2672 rursum
1006 2618 1220 2687 pelagus
1261 2618 1440 2671 sedata
1492 2626 1804 2684 tempestate

226 2711 463 2778 quietum
494 2726 558 2764 ac
600 2709 901 2779 placidum:
930 2724 1025 2779 age
1062 2708 1171 2777 jam
1204 2722 1389 2761 navem
1438 2706 1799 2770 detrahamus,

227 2801 331 2854 veli
360 2801 477 2854 loco
503 2798 865 2868 expandeutes
899 2798 1147 2867 linguam,
1180 2811 1275 2866 pro
1304 2796 1534 2867 zephyro
1574 2795 1802 2865 Spiritus

225 2893 451 2961 gratiam
484 2893 812 2954 invocantes,
837 2904 933 2958 pro
963 2899 1174 2945 temone
1217 2890 1470 2958 clavoque
1515 2902 1673 2942 cruce
1702 2902 1800 2957 gu-

228 2981 533 3036 bernatrice
560 2989 785 3036 utentes.
819 2980 950 3034 Nam
990 2994 1137 3034 mare
1174 2978 1386 3048 quidem
1429 2978 1586 3032 habet
1612 2993 1801 3047 aquam

226 3073 425 3127 salsam
445 3113 460 3136 ,
486 3071 572 3126 hic
604 3083 783 3126 autem
814 3079 896 3125 est
922 3086 1058 3140 aqua
1085 3070 1221 3123 viva.
1251 3068 1365 3124 lllic
1392 3078 1516 3122 sunt
1554 3069 1800 3123 animalia

227 3166 451 3219 rationis
479 3166 721 3233 expertia
744 3205 759 3230 ,
788 3164 873 3218 hic
911 3178 1038 3217 vero
1083 3163 1275 3215 anima:
1322 3162 1603 3215 ratiOnales
1633 3178 1646 3213 :
1694 3161 1803 3217 illic

225 3258 316 3324 qui
343 3256 591 3324 navigant
618 3271 649 3309 e
679 3255 809 3308 mari
842 3256 892 3308 in
925 3262 1144 3316 terram,
1174 3252 1260 3307 hic
1286 3268 1412 3307 vero
1441 3253 1528 3321 qui
1558 3252 1802 3321 navigant

225 3366 255 3402 e
287 3358 426 3401 terra
459 3350 509 3400 in
538 3348 725 3401 caelum
752 3345 1024 3415 appellunt
1056 3362 1069 3399 ε
1098 3344 1207 3399 illic
1233 3344 1456 3413 navigia,
1481 3343 1567 3397 hic
1594 3343 1801 3413 eloquia

223 3440 519 3509 spiritualia
553 3458 565 3493 :
596 3441 703 3494 illic
728 3440 781 3493 in
819 3440 935 3492 navi
969 3438 1158 3493 tabul:e
1186 3478 1201 3501 ,
1226 3438 1311 3491 hic
1335 3452 1638 3492 sermonum
1670 3452 1799 3491 eon-

225 3542 417 3585 ventus
446 3550 458 3583 :
491 3532 599 3585 illic
630 3531 827 3593 velum,
866 3531 949 3584 hic
986 3531 1159 3599 lingua
1186 3546 1198 3582 :
1232 3528 1339 3583 illic
1372 3528 1587 3598 zephyri
1622 3527 1799 3594 ﬂatus,

226 3624 313 3675 hic
370 3622 587 3691 spiritus
635 3622 911 3691 przesentia
946 3639 957 3673 ε
992 3621 1099 3675 illic
1146 3620 1305 3674 homo
1337 3620 1673 3689 gubernator,
1718 3620 1803 3674 hic

225 3729 355 3767 vero
375 3714 700 3783 gubernator
725 3713 985 3767 Christus.
1028 3712 1227 3767 Idcirco
1268 3726 1396 3766 sane
1423 3713 1652 3781 jactatur
1681 3713 1799 3778 qui-

222 3804 347 3856 dem
382 3805 530 3858 navis
554 3846 568 3869 ,
600 3812 655 3857 at
682 3820 788 3857 non
832 3804 1105 3872 mergitur.
1156 3803 1372 3857 Poterat
1415 3803 1626 3871 quidem
1658 3811 1709 3855 et
1746 3802 1797 3855 in

223 3896 513 3964 tranquillo
544 3898 812 3967 navigare,
840 3911 1023 3949 verum
1054 3910 1155 3949 non
1190 3908 1373 3963 passus
1410 3904 1490 3948 est
1537 3893 1800 3961 guberna-

221 3996 329 4050 tor,
352 4001 458 4054 quo
485 3986 645 4039 simul
673 3996 727 4040 et
748 3986 1103 4053 navigantium
1135 3984 1420 4053 perspicias
1443 3982 1796 4048 tolerantiam,

218 4087 277 4133 et
313 4079 681 4147 gubernatoris
710 4077 1043 4147 prudentiam
1076 4077 1281 4145 plenius
1310 4091 1616 4145 cognoscas.

291 4172 345 4224 2.
377 4170 600 4225 Ecclesia
629 4172 815 4224 Christi
841 4172 1044 4223 invicta.
1074 4169 1299 4222 Facilius
1327 4179 1398 4223 est
1422 4169 1576 4222 solent
1604 4172 1796 4222 exstin-

215 4266 327 4335 gui,
361 4280 511 4330 quam
540 4263 818 4316 Ecclesium
843 4262 1092 4314 deleri.——
1111 4260 1336 4313 Audiant
1364 4269 1565 4327 gentes,
1584 4259 1798 4311 audiant

212 4354 390 4410 Judaei
441 4354 715 4407 benefacta
773 4362 972 4414 nostra,
1004 4349 1219 4403 audiant
1258 4364 1499 4419 magnam
1547 4347 1797 4403 Ecclesia:

213 4448 695 4517 prmeminentiam.
725 4446 761 4498 A
795 4460 948 4513 quam
977 4444 1155 4497 multis
1184 4454 1481 4512 Oppugnata
1509 4451 1589 4497 est
1622 4442 1798 4497 liccle-

210 4540 315 4604 sia,
334 4554 431 4593 nec
450 4552 697 4607 umquam
717 4546 890 4590 tatnen
905 4537 1202 4606 vieta?quot
1220 4536 1590 4606 tyrannilquot
1612 4537 1791 4601 duces,

209 4640 346 4699 quot
364 4629 749 4697 Imperatores?
765 4627 1317 4696 Augustus,Tiherius,
1332 4625 1508 4690 Caius,
1523 4626 1793 4692 Claudius,

211 4725 392 4788 Nero,
438 4722 687 4774 homines
737 4720 903 4772 literis
955 4718 1156 4778 ornati,
1187 4727 1457 4785 potentes,
1506 4728 1582 4771 tot
1627 4718 1794 4769 modis

208 4820 591 4882 oppugnarunt
620 4820 888 4863 recentem
918 4823 982 4862 ac
1012 4817 1271 4871 teneram,
1298 4817 1351 4860 at
1397 4823 1500 4860 non
1547 4807 1795 4861 radicitus

209 4900 584 4959 sustulerunt;
615 4899 742 4967 quin
772 4898 943 4966 potius
982 4897 1015 4951 ii
1049 4898 1136 4966 qui
1168 4906 1533 4965 oppugnarunt
1574 4898 1795 4950 silentur

208 4987 474 5045 oblivioni
502 4987 699 5052 traditi,
726 4988 814 5041 illa
837 5002 965 5041 vero
989 4996 1283 5055 oppugnata
1313 4987 1499 5039 etelntn
1529 4996 1793 5040 transcen-

209 5084 309 5135 dit.
346 5080 529 5148 Neque
554 5081 696 5133 enim
743 5078 871 5131 illud
902 5079 1033 5131 mihi
1078 5089 1337 5146 Spectato,
1370 5080 1507 5147 quod
1549 5079 1598 5130 in
1638 5079 1793 5131 terris

206 5176 312 5227 sita
362 5173 431 5226 sit
483 5171 740 5237 Ecclesia,
789 5172 881 5224 sed
908 5171 1045 5240 quod
1087 5172 1138 5225 in
1183 5173 1311 5225 emlo
1342 5181 1599 5227 versetur.
1640 5171 1793 5227 Unde

212 5266 317 5318 hoc
348 5264 639 5319 dilucidum
670 5264 794 5317 est?
822 5263 1077 5317 Nimirum
1110 5266 1237 5333 ipsa?
1281 5281 1365 5317 res
1404 5265 1788 5317 demonstrant.

211 5356 516 5425 Oppugnati
546 5365 672 5411 sunt
702 5356 944 5408 undecim
975 5354 1251 5423 discipuli,
1287 5364 1425 5409 totus
1452 5356 1594 5408 orbis
1622 5369 1758 5422 oppn
1783 5380 1794 5397 ε

210 5446 411 5514 gnahat
463 5462 474 5497 :
519 5461 703 5499 verum
759 5445 845 5512 qui
902 5446 1337 5513 oppugnabantur
1386 5445 1655 5507 vicerunt,
1705 5442 1788 5512 qui

210 5538 589 5606 oppugnabant
617 5536 803 5591 sublati
826 5547 943 5590 sunt
972 5554 984 5589 :
1014 5552 1138 5591 oves
1156 5538 1396 5591 devicere
1419 5538 1784 5605 lupos.\’idisti

213 5640 484 5696 pastorem
506 5642 635 5681 oves
655 5630 704 5681 in
727 5628 954 5679 medium
972 5627 1213 5697 luporum
1233 5629 1557 5682 emittentem
1576 5628 1592 5696 (
1609 5627 1785 5680 llattl't.

217 5721 301 5772 lt).
338 5720 448 5787 16),
482 5728 535 5772 ut
563 5734 632 5773 ne
661 5718 779 5787 fuga
806 5718 1019 5787 quidem
1049 5718 1269 5772 salutem
1299 5721 1788 5788 consequerentur?

213 5815 344 5878 Quis
372 5822 546 5882 pastor
594 5812 694 5867 hoc
726 5811 884 5867 fecit?
923 5811 1165 5867 Christus
1216 5811 1315 5867 hoc
1362 5810 1505 5877 fecit,
1550 5829 1651 5877 quo
1693 5813 1780 5866 tibi

1178 407 1240 463 ΙΝ
1280 404 1500 468 ιιιυιι,
1545 400 1671 455 VlDl
1715 397 2052 468 DOMINUM,
2092 402 2325 460 HOMIL.
2368 404 2456 461 ιν.

3392 426 3505 481 122

1917 515 2304 574 demonstraret
2324 538 2439 587 qum
2467 530 2608 575 recte
2626 531 2881 590 geruntur
2902 536 3003 576 non
3033 519 3271 577 accidere
3299 536 3489 577 secun-

1915 607 2037 660 dum
2086 623 2261 661 rerum
2297 611 2491 664 seriem
2515 651 2528 675 ,
2568 611 2660 666 sed
2696 622 2890 680 printer
2920 624 3163 666 naturam
3196 624 3492 682 pra‘terque

1914 714 2090 752 rerum
2134 700 2349 754 seriem.
2388 701 2517 755 Nam
2562 703 2800 759 Ecclesia
2846 703 3168 759 firmioribus
3200 721 3356 775 quam
3387 722 3493 759 οω-

1916 791 2022 844 Ιιιιη
2047 792 2216 861 ipsum
2245 793 2510 848 radicibus
2539 794 2721 851 haaret.
2751 796 2948 851 Verum
2978 796 3219 853 fortassis
3245 795 3493 853 ethnicus

1914 885 2228 953 arrogantia:
2252 901 2336 939 me
2356 886 2681 942 condemnat
2713 908 2727 945 :
2760 888 2854 945 sed
2877 898 3090 944 maneat
3107 889 3277 945 donec
3303 890 3488 943 harum

1914 989 2091 1030 rerum
2122 977 2481 1044 probationem
2505 979 2759 1041 attulero,
2790 980 3064 1049 discatque
3093 982 3200 1035 vim
3228 981 3487 1047 veritatis,

1913 1066 2177 1135 quomodo
2207 1066 2413 1121 facilius
2454 1079 2535 1122 est
2583 1070 2749 1122 solem
2792 1072 3074 1140 exstingui,
3108 1086 3262 1137 quam
3308 1072 3491 1126 Eccle-

1913 1160 2044 1214 siam
2074 1160 2261 1214 deleri.
2290 1160 2448 1227 Quis,
2484 1160 2650 1228 inquit
2674 1202 2687 1223 ,
2722 1162 2816 1215 ista
2844 1163 3136 1229 praedicat?
3165 1162 3211 1216 ls
3239 1163 3325 1231 qui
3370 1177 3487 1216 eam

1914 1250 2148 1305 fundavit
2180 1268 2193 1303 :
2222 1250 2413 1306 Cwlnm
2457 1260 2503 1304 et
2545 1261 2677 1305 terra
2722 1253 3143 1316 transibunt,sed
3184 1254 3330 1306 verba
3378 1270 3489 1305 mea

1913 1362 2010 1399 non
2040 1344 2323 1398 transibunt
2354 1343 2564 1415 (Matth.
2586 1346 2673 1399 24.
2702 1345 2813 1414 55).
2846 1348 2968 1400 11ωο
2994 1362 3097 1402 non
3132 1346 3290 1401 modo
3317 1348 3443 1401 dixit
3470 1389 3485 1409 ,

1910 1435 2002 1488 sed
2043 1444 2096 1488 et
2134 1434 2419 1503 complevit
2450 1450 2464 1487 :
2493 1449 2590 1488 cur
2638 1435 2780 1489 enim
2836 1434 2978 1489 illam
3037 1438 3203 1506 magis
3250 1436 3489 1491 fundavit

1910 1541 2066 1595 quam
2094 1524 2324 1579 cadum?
2354 1524 2623 1594 Siquidem
2655 1534 2736 1579 est
2765 1526 2893 1579 caelo
2919 1526 3199 1593 pretiosior
3219 1527 3477 1581 Lcclesia.

1910 1617 2085 1684 Quare
2121 1618 2391 1672 conditum
2418 1626 2498 1671 est
2517 1616 2748 1671 caelum?
2777 1617 2995 1686 l’rOpter
3023 1618 3312 1672 Ecelesiam
3333 1659 3348 1684 ,
3379 1632 3482 1671 non

1912 1707 2145 1764 Ecclesia
2187 1716 2413 1777 propter
2444 1707 2650 1761 cadum.
2681 1709 2880 1762 Caelum
2912 1708 3183 1763 conditum
3229 1718 3309 1762 est
3358 1725 3482 1778 pro-

1910 1808 2026 1868 pter
2055 1798 2322 1853 hominem
2341 1840 2357 1867 ,
2387 1813 2491 1852 non
2525 1798 2683 1853 homo
2710 1808 2928 1868 propter
2947 1800 3156 1853 czrlum.
3193 1798 3248 1854 ld
3279 1801 3484 1869 perspi-

1908 1904 2064 1943 cuum
2085 1898 2167 1944 est
2196 1905 2259 1943 ex
2287 1890 2350 1943 iis
2376 1904 2493 1958 qua:
2520 1888 2643 1944 fecit.
2665 1888 2928 1944 Christus.
2958 1889 3073 1943 Non
3105 1890 3245 1944 enim
3271 1889 3483 1944 ca'leste

1908 1995 2104 2050 corpus
2124 1980 2431 2050 aSsumpsit.
2462 1980 2655 2036 Verum
2691 1979 2823 2035 nein
2843 1981 3059 2055 longum
3078 1985 3339 2054 producto
3364 1996 3479 2035 scr—

1909 2088 2101 2137 mone,
2160 2087 2346 2127 rursus
2406 2069 2561 2127 hodie
2611 2072 2763 2127 vobis
2814 2072 3083 2129 debitores
3146 2073 3482 2129 discedamus

1912 2163 2078 2233 (scitis
2099 2164 2239 2219 enim
2270 2180 2427 2234 quam
2455 2164 2617 2218 multa
2642 2166 2812 2219 simus
2837 2165 2951 2220 heri
2980 2164 3241 2237 polliciti),
3274 2168 3480 2235 persol-

1908 2273 2031 2312 vere
2063 2258 2228 2326 parati
2257 2272 2458 2311 sumus.
2488 2256 2619 2311 Nam
2651 2266 2864 2327 propter
2883 2272 2976 2312 eos
3002 2258 3092 2328 qui
3124 2273 3228 2313 non
3261 2259 3482 2313 aderant
3558 2298 3561 2299 ν

1907 2346 2240 2401 distuleram.
2273 2346 2533 2413 Quoniam
2576 2347 2735 2416 igitur
2758 2348 2849 2417 qui
2891 2348 3195 2415 abfuerant,
3234 2364 3330 2404 sun
3359 2358 3481 2402 sunt

1906 2436 2082 2492 officio
2121 2436 2419 2506 perfuncti,
2461 2451 2661 2506 suaque
2710 2437 2991 2506 praesentia
3040 2437 3195 2492 nobis
3242 2453 3479 2492 mensam

1906 2528 2256 2584 exhibuerunt
2276 2537 2659 2597 sumptuosam,
2686 2543 2786 2598 age
2808 2570 2822 2592 ,
2854 2543 3179 2598 apponamus
3214 2529 3429 2584 obsonia
3460 2572 3476 2591 ,

1905 2618 2121 2673 obsonia
2142 2618 2355 2687 quidem
2376 2617 2515 2671 haud
2536 2617 2707 2685 putria
2731 2636 2746 2673 :
2775 2618 2875 2672 etsi
2908 2616 3049 2671 enim
3081 2620 3325 2672 hesterna
3350 2619 3475 2683 sint,

1908 2709 2021 2763 haec
2050 2709 2269 2763 obsonia
2313 2723 2420 2763 non
2469 2716 2788 2777 putrescunt.
2825 2709 3181 2777 Quamobrem
3223 2710 3479 2766 tandem?

1905 2800 2016 2855 Non
2044 2809 2166 2855 sunt
2190 2815 2379 2856 carnes
2408 2809 2465 2854 ut
2494 2802 2760 2869 corrumpi
2801 2810 3033 2870 queant,
3067 2804 3158 2857 sed
3197 2805 3477 2858 sententia:

1904 2907 2114 2962 semper
2137 2891 2408 2947 ﬂorentes.
2436 2892 2640 2946 Carnes
2659 2891 2822 2959 enim,
2848 2893 3093 2961 quoniam
3117 2907 3307 2963 corpus
3328 2907 3471 2958 sunt,

1904 2992 2316 3052 corrumpuntur
2345 3000 2358 3036 :
2404 2992 2585 3037 contra
2611 2983 2889 3037 sententia:
2914 3024 2927 3047 ,
2958 2984 3002 3038 si
3049 2994 3325 3048 maneant,
3360 2986 3477 3039 red-

1902 3077 2100 3130 duntur
2153 3076 2550 3145 t'ragrantiores.
2604 3075 2738 3142 Quid
2786 3074 2943 3145 igitur
2993 3087 3107 3133 erat
3168 3077 3306 3143 quod
3363 3077 3476 3132 heri

1906 3168 2182 3221 diximus?
2210 3165 2481 3235 Siquidem
2510 3178 2563 3220 et
2596 3168 2664 3220 ita
2694 3183 2791 3221 nos
2824 3168 2935 3220 heri
2966 3168 3247 3236 participes
3276 3184 3476 3222 mcnSae

1905 3258 2206 3322 fuimus,ut
2252 3259 2340 3327 qui
2386 3273 2490 3311 non
2545 3258 2844 3323 adfuerunt,
2880 3259 3006 3312 nihil
3033 3259 3332 3313 detrimenti
3370 3260 3476 3313 sint

1906 3350 2067 3417 paSsi.
2098 3348 2161 3401 Et
2190 3351 2378 3419 factum
2396 3350 2538 3403 estin
2565 3366 2697 3403 anno
2723 3366 2820 3419 quo
2839 3363 3070 3403 mortuus
3091 3360 3160 3404 est
3185 3351 3335 3403 Ozias
3361 3368 3470 3413 γωδ,

1903 3443 2005 3494 vidi
2029 3440 2302 3494 Dominum
2339 3442 2588 3495 sedentem
2622 3442 2675 3494 in
2710 3442 2836 3494 solio
2876 3440 3066 3494 excelso
3091 3452 3138 3496 et
3168 3442 3471 3513 elatoUsai.

1903 3533 1953 3587 6.
1988 3534 2058 3603 l).
2091 3533 2220 3602 Quis
2255 3532 2365 3585 lucc
2400 3533 2664 3601 loquitur?
2694 3531 2853 3586 lsaias
2892 3533 2979 3587 ille
3005 3541 3272 3601 spectator
3312 3534 3470 3587 caele-

1903 3628 2066 3679 stium
2119 3625 2440 3693 Scraphim,
2478 3627 2564 3693 qui
2616 3624 2882 3678 connubio
2928 3624 3138 3692 junctus
3192 3622 3325 3687 fuit,
3375 3639 3475 3679 nec

1905 3725 2078 3770 tamen
2122 3717 2376 3771 exstinxit
2420 3716 2663 3785 gratiam.
2707 3715 3022 3769 Attendistis
3063 3716 3332 3783 prophetae
3358 3758 3371 3779 ,
3419 3729 3473 3771 et

1902 3807 2124 3861 audistis
2160 3808 2471 3875 prophetam
2501 3806 2657 3861 hodie
2678 3849 2693 3871 ,
2724 3806 2843 3871 Exi,
2870 3817 2922 3859 tu
2951 3817 2995 3859 et
3020 3806 3181 3860 Jasub
3203 3808 3337 3876 ﬁlius
3359 3817 3473 3861 tum

1902 3898 2051 3967 (lsai.
2071 3900 2123 3953 7.
2154 3899 2231 3964 3).
2266 3897 2371 3951 Nec
2400 3897 2494 3950 ista
2526 3905 2735 3967 oportet
2756 3906 3177 3965 prietercurrere.
3201 3897 3314 3964 Exi,
3340 3907 3394 3952 tu
3416 3910 3470 3951 et

1902 3991 2039 4045 filius
2070 3999 2208 4044 tuus.
2242 3990 2384 4043 Itane
2414 3988 2577 4042 tilium
2616 3988 2842 4042 habebat
2872 3988 3165 4056 propheta?
3193 3988 3247 4043 Si
3306 3991 3469 4043 tilium

1903 4080 2156 4146 habebat,
2186 4079 2413 4133 habebat
2451 4088 2503 4131 ct
2531 4094 2751 4132 uxorein
2775 4119 2788 4141 ,
2823 4089 2877 4131 ut
2923 4079 3183 4147 intelligas
3214 4094 3315 4133 non
3352 4095 3471 4134 esse

1902 4172 2068 4225 malas
2114 4171 2343 4239 nuptias,
2372 4170 2463 4225 sed
2508 4171 2697 4223 malam
2747 4186 2865 4225 esse
2914 4172 3308 4225 sem-tationem.
3363 4172 3468 4225 Sed

1899 4264 2148 4331 quoniam
2193 4277 2311 4315 cum
2360 4260 2673 4331 quibusdam
2722 4261 3033 4316 disserimus
3074 4261 3329 4326 dicentes,
3363 4262 3471 4316 Cur

1901 4367 2002 4405 non
2064 4360 2206 4406 recte
2260 4351 2430 4405 vivis?
2480 4353 2818 4421 quamobrem
2869 4368 2971 4405 non
3038 4362 3255 4421 Praestas
3305 4355 3459 4405 vitam

1901 4443 2161 4511 probam?
2191 4444 2287 4509 Qui
2342 4457 2593 4511 possum,
2638 4445 2915 4511 inquiunt,
2959 4444 3059 4495 nisi
3102 4444 3358 4497 divertatn
3402 4445 3468 4498 ab

1899 4552 2096 4601 uxore,
2143 4537 2241 4589 nisi
2272 4536 2385 4589 vale
2429 4535 2611 4588 dixero
2654 4535 2862 4599 liberis,
2896 4536 2993 4588 nisi
3042 4536 3217 4589 valere
3259 4536 3468 4605 jnssero

1901 4628 2148 4696 negotia?
2185 4626 2581 4691 Quamobrem?
2627 4641 2749 4680 num
2802 4625 2978 4680 obstat
3031 4627 3471 4681 matrimonium?

1903 4718 2141 4786 Adjutrix
2170 4719 2259 4769 tibi
2290 4718 2409 4771 data
2452 4727 2534 4771 est
2570 4732 2705 4771 uxor
2765 4733 2869 4771 non
2912 4718 3229 4771 insidiatrix.
3274 4721 3465 4771 Annon

1901 4810 2126 4863 habebat
2176 4824 2397 4862 uxorem
2449 4808 2743 4877 propheta?
2781 4809 2961 4879 Neque
3018 4820 3188 4862 tamen
3239 4808 3468 4877 Spiritus

1898 4902 2077 4969 gratim
2100 4901 2340 4954 obstabat
2362 4900 2663 4969 eonjugium
2683 4902 2803 4956 :scd
2830 4917 2947 4954 cum
2976 4916 3141 4955 uxore
3166 4901 3463 4954 convictum

1903 4974 2155 5055 habebat,
2228 5000 2279 5043 et
2337 4999 2450 5043 erat
2520 4990 2863 5045 nihilominus
2920 4990 3195 5060 propheta.
3258 4991 3465 5061 Moyses

1900 5097 2073 5135 nonne
2104 5096 2320 5135 uxorem
2352 5080 2611 5135 habebat?
2644 5081 2709 5134 Et
2737 5090 2910 5135 tamen
2946 5084 2989 5135 is
3014 5091 3214 5149 petram
3241 5082 3461 5151 dirupit,

1896 5188 2074 5226 acrem
2125 5172 2579 5232 immntavit.cum
2633 5172 2741 5225 Deo
2784 5172 3203 5240 colloquebatur,
3230 5172 3462 5226 divinam

1900 5265 2026 5316 iram
2056 5264 2311 5320 cohibuit.
2352 5262 2614 5316 Abraham
2648 5278 2823 5317 nonne
2855 5262 3081 5317 bahcbat
3109 5281 3324 5319 uxorem
3348 5268 3368 5319 ?
3396 5265 3463 5319 Et

1900 5370 2069 5409 tamen
2100 5366 2249 5424 pater
2283 5354 2449 5407 factus
2479 5362 2560 5408 est
2586 5356 2816 5423 gentium
2844 5365 2898 5409 et
2933 5356 3211 5410 Ecclesim:
3248 5358 3461 5410 sustulit

1898 5446 2057 5497 lilium
2108 5445 2269 5503 Isaac.
2300 5455 2352 5497 et
2399 5444 2483 5497 hic
2528 5444 2601 5498 illi
2645 5444 2742 5498 fuit
2784 5448 3113 5515 egregiorum
3166 5444 3456 5499 facinorum

1898 5536 2136 5587 materia.
2181 5535 2365 5588 Nonne
2417 5535 2605 5589 obtulit
2670 5536 2867 5600 ﬁlium,
2920 5537 3147 5606 conjuin
3194 5536 3460 5591 fructum?

1896 5642 2070 5681 nonne
2115 5626 2281 5682 factus
2315 5638 2395 5682 est
2434 5637 2599 5697 pater,
2629 5637 2682 5681 et
2725 5628 2816 5682 Dei
2846 5630 3069 5683 amans?
3095 5643 3267 5682 annon
3314 5630 3461 5685 licuit

1897 5720 2071 5773 videre
2123 5720 2449 5774 sacerdotem
2496 5736 2525 5774 e
2566 5720 2675 5773 suis
2714 5721 3008 5775 visceribus
3062 5722 3215 5774 liet'i?
3255 5725 3457 5775 sacrifi-

1902 5830 2048 5878 ‘um,
2104 5816 2346 5883 inquam,
2387 5812 2540 5867 simul
2595 5824 2645 5866 et
2711 5814 2952 5883 patrem?
2988 5814 3117 5866 vinci
3172 5825 3453 5880 naturam,
