4064 6214
560 333 674 389 123

553 442 773 496 vincere
816 437 1110 506 pietatem?
1136 437 1338 490 viscera
1385 434 1715 496 conculcari,
1747 434 1938 502 piaqne
1988 431 2122 485 faeta

549 533 852 604 superare?
881 539 1081 597 patrem
1121 529 1276 598 dcjici
1307 569 1320 592 ,
1367 528 1457 581 Dei
1511 534 1777 579 amantem
1839 523 2128 577 coronari?

547 642 727 681 annon
750 625 923 678 vidisti
945 633 1134 685 totum,
1155 631 1208 675 et
1237 619 1327 674 filii
1353 627 1619 673 amantem
1644 626 1697 671 et
1723 617 1852 670 Dei?
1875 614 2125 684 numquid

550 718 638 773 hic
663 716 831 771 obfuit
863 711 1256 769 matrimonium
1280 710 1304 764 ?
1325 709 1460 778 Quid
1498 717 1678 762 autem
1708 707 2125 761 Maccabazornm

551 806 767 861 mater?
792 820 969 860 nonne
997 821 1131 858 uxor
1162 802 1300 856 fuit?
1327 815 1504 855 nonne
1531 807 1734 868 septem
1764 799 1898 851 filios
1927 794 2130 848 addidit

545 908 856 952 sanctorum
889 897 1097 952 choro?
1129 909 1304 949 nonne
1343 893 1474 948 vidit
1516 892 1636 946 illos
1678 889 1934 960 martyrio
1976 902 2129 941 coro-

546 988 740 1043 natos?
781 1003 961 1044 nonne
1009 987 1298 1057 spectatrix
1349 985 1626 1050 adstabat,
1655 991 1925 1050 tamquam
1975 995 2129 1035 mons

549 1081 767 1152 quidam
815 1080 1102 1134 immobilis
1141 1078 1370 1132 ?noune
1416 1075 1662 1131 adstabat
1701 1076 1752 1129 in
1803 1087 2130 1143 unoquoque

547 1173 762 1228 illorum
818 1172 1132 1244 martyrium
1189 1170 1427 1239 patiens,
1478 1178 1531 1223 et
1581 1174 1752 1223 mater
1799 1176 2122 1237 martyrum,

547 1265 746 1331 septies
777 1263 888 1334 ipsa
934 1261 1244 1331 martyrium
1285 1261 1400 1314 tulit
1421 1262 1444 1313 ’ἰ
1478 1261 1605 1313 Dum
1637 1259 1779 1314 enim
1813 1258 1886 1312 illi
1915 1267 2129 1326 torque-

548 1361 784 1420 bantur,
829 1355 917 1408 illa
975 1356 1179 1424 plagam
1227 1352 1540 1421 accipiebat.
1595 1350 1778 1421 Neque
1826 1351 1967 1404 enim
2013 1350 2128 1404 sine

547 1448 735 1503 dolore
768 1448 882 1502 haec
904 1447 1202 1516 excipiebat
1236 1464 1248 1500 :
1280 1455 1450 1500 mater
1478 1454 1612 1509 erat,
1643 1454 1697 1499 et
1745 1455 1950 1498 natura:
1982 1443 2127 1496 illata

547 1543 630 1596 vis
660 1542 926 1611 propriam
951 1543 1200 1594 virtutem
1227 1539 1566 1602 declarabat;
1599 1547 1655 1592 at
1691 1538 1779 1592 illa
1812 1553 1918 1591 non
1946 1537 2124 1591 vince-

548 1635 724 1688 batur.
757 1633 900 1686 Mare
925 1632 1138 1702 quidem
1166 1639 1282 1684 erat
1326 1641 1378 1684 et
1426 1630 1618 1684 ﬂuctus
1645 1647 1658 1682 :
1690 1638 1944 1683 caeterum
1992 1629 2129 1682 sicut

548 1741 719 1791 mare,
744 1739 867 1778 cum
899 1724 1116 1789 insanit,
1146 1722 1361 1776 sedatur
1390 1737 1403 1775 :
1438 1722 1508 1774 ita
1538 1731 1594 1776 et
1622 1730 1812 1775 natura
1835 1729 2124 1785 commota,

549 1827 696 1872 metu
742 1817 834 1871 Dei
878 1814 1265 1870 refrenabatur.
1307 1813 1588 1880 Quomodo
1618 1827 1713 1867 eos
1756 1811 1949 1866 unxit?
1992 1826 2124 1881 quo-

551 1910 713 1964 modo
740 1923 834 1964 eos
863 1907 1035 1961 aluit?
1073 1905 1341 1976 quomodo
1368 1914 1571 1974 septem
1606 1904 1802 1974 templa
1835 1904 1945 1958 Deo
1974 1903 2128 1959 exlii-

551 2001 686 2067 buit,
719 2009 922 2054 statuas
954 2013 1146 2053 aureas
1168 2039 1182 2062 ,
1217 1998 1324 2051 imo
1367 1997 1546 2066 potius
1573 2010 1704 2050 auro
1734 1995 2130 2067 pretiosiores?

619 2095 672 2148 5.
707 2093 776 2148 Ut
819 2094 958 2147 enim
1003 2092 1138 2145 scias
1177 2106 1280 2144 non
1311 2091 1415 2143 tale
1444 2103 1562 2142 esse
1597 2103 1804 2154 aurum,
1832 2087 2009 2158 qualis
2041 2101 2126 2143 εει

550 2187 726 2238 anima
755 2192 1046 2252 martyrum
1072 2222 1086 2246 ,
1116 2180 1350 2234 attende.
1381 2179 1566 2234 Stabat
1588 2189 1862 2250 tyrannus,
1883 2188 2041 2249 atque
2064 2179 2132 2233 ab

552 2292 653 2328 nua
700 2274 920 2329 muliere
948 2284 1227 2340 superatus
1265 2271 1588 2326 discedebat.
1627 2271 1718 2326 llle
1757 2273 1921 2326 armis
1959 2287 2130 2341 oppu-

552 2366 768 2434 gnabat,
799 2365 909 2418 haec
933 2365 1094 2417 animi
1121 2363 1169 2415 vi
1189 2361 1509 2429 superabat;
1540 2362 1626 2416 ille
1653 2361 1920 2416 fornacem
1946 2363 2131 2417 incen-

550 2455 734 2522 debat,
759 2454 871 2509 hrec
893 2455 1141 2509 virtutem
1161 2454 1377 2521 spiritus
1402 2471 1416 2516 ;
1445 2452 1528 2506 ille
1546 2454 1835 2506 exercitum
1854 2453 2125 2518 movebat,

554 2548 668 2603 hazc
699 2546 763 2600 ad
793 2533 1010 2616 angelos
1039 2544 1342 2616 applicabat
1375 2543 1609 2597 animum
1644 2562 1657 2596 :
1691 2543 1901 2597 videbat
1927 2543 2130 2598 inferne

553 2650 856 2709 tyrannum,
885 2646 938 2691 ct
984 2640 1036 2691 in
1082 2637 1260 2690 animo
1295 2636 1538 2688 versabat
1585 2635 1731 2689 illum
1785 2636 1836 2689 in
1889 2636 2132 2705 supernis

553 2739 862 2800 regnantem
889 2747 903 2793 ;
937 2729 1148 2782 videbat
1176 2727 1308 2780 infra
1341 2742 1400 2781 se
1433 2735 1713 2789 tormenta,
1738 2736 1789 2779 at
1821 2727 2134 2780 numerabat

551 2836 785 2890 superna
831 2820 1050 2886 bravia;
1100 2818 1315 2873 videbat
1363 2827 1678 2888 prmsentem
1724 2818 2037 2878 cruciatum,
2079 2827 2134 2873 et

551 2913 817 2982 cogitabat
867 2909 1095 2964 futuram
1157 2909 1628 2962 immortalitatem.
1688 2909 2021 2978 Quapropter
2080 2920 2132 2964 et

529 3007 752 3068 .Paulus
774 3005 1005 3073 dicebat,
1038 3002 1161 3057 Non
1188 3002 1638 3071 contemplantibus
1663 3002 1804 3056 nobis
1824 3018 1936 3073 qua:
1960 3004 2132 3056 uiden-

555 3109 639 3151 tur
663 3138 677 3160 ,
708 3096 796 3151 sed
819 3111 878 3150 ea
900 3109 1015 3166 alue
1052 3110 1152 3148 non
1179 3093 1410 3146 videntur
1438 3092 1528 3165 (2.
1574 3091 1692 3148 Cor.
1744 3094 1796 3147 4.
1829 3095 1948 3164 18).
1996 3094 2131 3148 Νιιιη

553 3191 683 3260 quid
717 3188 976 3243 obstaculi
1005 3186 1280 3242 adferebat
1313 3187 1752 3242 matrimonium?
1791 3188 1926 3256 Quid
1954 3200 2132 3242 autem

557 3282 769 3345 Petrus,
801 3279 943 3334 basis
967 3278 1236 3343 Ecclesiae,
1270 3277 1359 3332 ille
1385 3276 1672 3332 vehemens
1695 3289 1903 3334 amator
1916 3279 2132 3343 Christi,

560 3374 648 3428 ille
671 3385 920 3428 sermone
947 3369 1209 3435 indoctus,
1237 3378 1291 3425 et
1313 3369 1587 3424 rhetorum
1622 3370 1823 3437 victor,
1855 3373 1940 3428 ille
1966 3374 2134 3442 impe-

561 3466 716 3530 ritus,
765 3464 855 3533 qui
901 3472 1076 3518 tamen
1118 3463 1450 3532 philosophis
1496 3463 1762 3518 obturavit
1798 3480 1895 3532 os,
1926 3465 2014 3520 ille
2051 3469 2136 3536 qui

559 3554 922 3611 Graecanicam
943 3553 1258 3623 sapientiam
1289 3555 1306 3584 ³
1337 3555 1486 3623 quasi
1505 3569 1822 3612 aranearum
1852 3560 2008 3612 telam
2031 3559 2138 3612 dis-

562 3646 762 3712 solvit,
786 3644 876 3715 qui
899 3653 1160 3700 terrarum
1211 3644 1392 3698 orbem
1425 3649 1743 3714 peragravit,
1771 3648 1860 3717 qui
1889 3663 2137 3718 sagenam

563 3737 710 3793 misit
739 3739 792 3790 in
809 3749 956 3789 mare
981 3743 1035 3789 et
1061 3735 1293 3803 piscatus
1318 3744 1401 3790 est
1419 3735 1626 3804 orbem,
1649 3753 1825 3792 annon
1851 3740 2031 3794 habuit
2058 3741 2143 3795 hic

565 3841 775 3897 quoque
803 3825 1058 3887 uxorem?
1085 3825 1244 3893 Sane,
1265 3825 1467 3880 habuit.
1490 3825 1640 3894 Quod
1669 3840 1848 3884 autem
1879 3827 2142 3897 habuerit,

568 3919 689 3972 andi
719 3917 1094 3987 evangelistam
1118 3925 1423 3972 testantem.
1447 3917 1584 3985 Quid
1611 3929 1787 3974 autem
1810 3922 1918 3975 ait?
1935 3921 2144 3992 Ingres-

569 4024 658 4062 sua
678 4017 750 4060 est
775 4006 921 4060 Jecur
948 4007 1015 4059 ad
1040 4022 1238 4059 socrum
1268 4006 1411 4061 Petri
1438 4008 1798 4078 febricitantem
1827 4009 1846 4081 (
1872 4009 2037 4065 Marc.
2092 4013 2143 4065 l.

569 4096 695 4168 30).
738 4095 836 4151 Ubi
865 4111 1070 4161 socrus,
1104 4095 1172 4149 ibi
1201 4104 1253 4150 et
1285 4112 1447 4162 uxor;
1480 4097 1567 4152 ubi
1598 4115 1751 4166 uxor,
1781 4100 1853 4155 ibi
1883 4110 1937 4154 et
1961 4102 2148 4171 conju-

569 4190 734 4258 giuin.
765 4186 900 4256 Quid
925 4195 1101 4241 autem
1131 4186 1442 4256 Philippus?
1474 4201 1654 4242 nonne
1678 4199 1902 4259 quatuor
1923 4191 2152 4246 habebat

572 4279 710 4334 ﬁlias
740 4279 891 4349 (Act.
922 4278 1010 4331 2i.
1045 4275 1164 4348 9)?
1210 4277 1310 4333 Ubi
1352 4291 1482 4332 vero
1510 4289 1738 4347 quatuor
1770 4280 1929 4345 lilia),
1961 4282 2067 4335 illic
2101 4291 2156 4337 et

573 4387 726 4434 uxor,
756 4379 809 4425 et
835 4369 1261 4424 matrimoniurm
1277 4368 1414 4436 Quid
1441 4369 1600 4440 igitur
1623 4370 1914 4426 Christus?
1947 4372 2018 4425 Ex
2048 4373 2155 4427 vir-

572 4461 697 4530 gine
736 4459 946 4529 quidem
989 4468 1142 4514 natus
1168 4468 1250 4514 est
1281 4478 1294 4514 :
1327 4474 1510 4515 verum
1540 4460 1605 4513 ad
1640 4462 1850 4529 nuptias
1893 4465 2153 4530 accessit,

575 4568 640 4607 ac
668 4552 865 4606 donum
893 4552 1068 4607 attulit
1096 4569 1109 4605 :
1144 4551 1264 4605 Non
1294 4553 1474 4607 habent
1498 4593 1514 4619 ,
1553 4554 1740 4623 inquit,
1766 4554 1934 4609 vinum
1957 4557 1975 4626 (
1996 4555 2152 4612 Joan.

577 4642 629 4696 2.
665 4643 734 4711 5)
770 4659 782 4696 :
809 4650 862 4696 et
889 4657 1078 4711 aquam
1107 4641 1264 4697 vertit
1291 4642 1343 4696 in
1373 4643 1550 4696 vinum
1577 4685 1591 4709 ,
1625 4644 1924 4712 virginitate
1949 4649 2159 4716 nuptias

579 4733 850 4790 honoratis
874 4774 888 4799 ,
917 4733 1058 4786 dono
1097 4749 1211 4787 rem
1236 4733 1615 4788 commendans
1647 4752 1661 4789 :
1697 4743 1753 4789 ut
1782 4751 1850 4790 ne
1888 4736 2160 4791 abomine-

579 4825 653 4879 ris
695 4823 944 4894 nuptias,
974 4823 1069 4877 sed
1111 4823 1290 4878 oderis
1337 4826 1736 4880 scortatioucm.
1787 4825 1906 4880 Meo
1945 4827 2160 4897 quidem

581 4917 820 4985 periculo
861 4930 960 4988 ego
997 4915 1238 4986 spondeo
1269 4915 1362 4970 tibi
1405 4915 1632 4970 salutem
1661 4957 1677 4984 ,
1705 4918 1913 4973 etiamsi
1943 4934 2160 4974 uxorem

544 4998 558 5058 ἱ
587 5007 862 5062 habueris.

659 5095 803 5153 Uxor
836 5097 972 5150 mala
992 5097 1286 5167 corrigenda
1317 5105 1405 5152 aut
1435 5101 1663 5168 ferenda.
1691 5130 1761 5140 —
1790 5101 2040 5173 Prospice
2072 5105 2165 5160 tibi

585 5190 706 5258 ipsi.
751 5188 942 5244 Mulier
985 5188 1030 5242 si
1060 5189 1224 5257 proba
1266 5187 1444 5253 fuerit,
1487 5191 1713 5260 adiutrix
1741 5192 1834 5248 tibi
1886 5204 1988 5249 est.
2030 5195 2165 5263 Quid

591 5278 756 5350 igitur
781 5277 826 5333 si
855 5293 958 5332 non
986 5277 1146 5332 fuerit
1166 5279 1486 5332 commoda?
1512 5280 1616 5334 Fac
1635 5282 1778 5337 illam
1804 5284 2161 5339 commodam.

587 5371 781 5423 Annon
795 5369 1005 5425 fuerunt
1021 5385 1212 5425 uxores
1228 5370 1378 5424 bona:
1396 5385 1457 5424 ac
1474 5371 1651 5438 malae,
1668 5385 1738 5424 ne
1762 5375 1989 5430 haberes
2003 5388 2166 5429 excu-

591 5460 898 5519 sationem?
917 5459 1104 5526 Qualis
1117 5471 1232 5514 erat
1248 5460 1337 5514 illa
1355 5456 1490 5512 Job?
1526 5457 1634 5515 Sed
1675 5463 1833 5518 Sarra
1863 5476 1977 5520 erat
2007 5467 2164 5522 bona.

649 5562 667 5593 ¹
676 5559 793 5632 Alii,
807 5557 1132 5632 Graecam-cam
1142 5556 1524 5632 superstitionem
1542 5561 1557 5623 (
1571 5560 1847 5632 Ἑλλῃνιιήν
1866 5563 1946 5623 θρη
1953 5562 2153 5632 altaiav).

597 5623 716 5688 Quas
740 5621 1222 5688 lectio_pra_aferenda
1257 5627 1393 5688 certe
1420 5621 1672 5688 videretur
1691 5623 1784 5670 hoc
1813 5621 1940 5688 loco.
1972 5622 2154 5688 Verum

599 5684 852 5746 Iorellus,
879 5681 1110 5746 savilius,
1142 5688 1198 5731 et
1223 5681 1444 5746 maxima
1467 5697 1578 5746 pars
1603 5683 2038 5746 manuscriptqrum
2083 5684 2158 5731 le-

601 5749 724 5810 gunt
743 5779 756 5803 ,
780 5741 1103 5795 Graxanicam
1127 5741 1437 5808 sapientiam,
1471 5741 1624 5806 atque
1659 5743 1726 5796 ita
1755 5741 1878 5808 legit
1909 5744 2153 5797 Erasmus.

1300 317 1356 374 S.
1401 313 1675 372 IOANNIS
1711 309 2180 371 CIIRYSOSTOMI
2221 310 2530 366 ARClllEP.
2575 305 3106 365 CONSTANTINOP.

3707 315 3818 368 124

2243 448 2527 502 Ostendam
2566 447 2657 501 tibi
2687 446 2961 500 mulierem
2983 453 3037 498 et
3063 441 3256 498 malam
3283 450 3338 497 et
3359 443 3677 512 improbam.
3697 443 3810 497 Non
3901 462 3912 472 ·

2238 539 2413 591 nocuit
2440 538 2552 590 vim
2573 551 2704 590 uxor
2730 535 2830 590 Job
2862 551 2874 588 :
2901 549 3061 604 prava
3091 543 3206 588 erat
3234 541 3286 586 et
3317 533 3554 600 improba
3581 573 3595 598 ,
3627 536 3806 586 ceusi~

2237 630 2364 683 lium
2387 629 2544 682 dabat
2573 629 2644 681 illi
2673 636 2728 680 ut
2755 625 3107 695 blasphemias
3137 622 3419 693 proferret.
3448 623 3582 690 Quid
3616 624 3810 692 igitur?

2235 723 2571 778 labefactavit
2615 719 2839 774 turrim?
2883 719 3078 789 dejecit
3117 717 3490 770 adamantem?
3541 715 3812 785 superavit

2236 815 2475 884 petram?
2501 813 2700 882 depulit
2727 812 2947 866 militem
2974 810 2992 863 i
3020 809 3334 864 comminuit
3357 807 3652 876 scapham?
3678 822 3800 859 era-

2233 905 2427 959 dicavit
2475 901 2762 957 arborem?
2787 901 2929 957 Nihil
2975 900 3163 954 borum
3201 917 3212 952 :
3241 898 3335 953 sed
3368 899 3453 952 illa
3483 897 3808 967 impellebat,

2233 1005 2287 1048 et
2310 993 2468 1047 arbor
2494 992 2813 1046 reddebatur
2850 990 3089 1046 stabilior
3119 1007 3132 1043 :
3163 989 3249 1044 illa
3293 988 3484 1042 fluctus
3508 987 3805 1052 excitabat,

2233 1094 2283 1139 at
2317 1085 2463 1138 navis
2489 1100 2593 1139 non
2641 1083 3098 1152 submergehatur,
3148 1080 3242 1134 sed
3272 1078 3506 1134 secundo
3535 1077 3809 1147 navigabat

2233 1183 2420 1240 vento;
2465 1173 2664 1228 fructus
2694 1174 2807 1241 ejus
2830 1171 3214 1241 decerpebatur
3233 1211 3248 1236 ,
3276 1179 3328 1226 et
3353 1169 3513 1224 arbor
3544 1178 3809 1222 commota

2233 1283 2337 1320 non
2367 1277 2484 1321 est:
2517 1265 2638 1320 folia
2687 1263 3017 1328 deciderunt,
3062 1272 3115 1317 et
3151 1260 3300 1316 radix
3329 1260 3524 1316 mansit
3563 1261 3802 1314 immota.

2233 1359 2357 1414 Haec
2383 1360 2587 1428 loquor,
2622 1373 2690 1412 ne
2715 1359 2832 1426 quis
2857 1354 3146 1425 praetendat
3175 1367 3357 1408 uxoris
3385 1351 3805 1422 improbitatem.

2233 1450 2363 1503 Mala
2389 1450 2508 1504 est?
2537 1449 2754 1518 Corrige
2784 1463 2920 1501 eam.
2947 1445 3049 1502 Sed
3076 1446 3172 1502 ais.
3197 1443 3237 1496 Ε
3262 1444 3506 1513 paradiso
3531 1457 3616 1497 me
3645 1457 3808 1510 expu-

2237 1542 2314 1594 lit.
2343 1539 2538 1595 Verum
2570 1539 2754 1594 eadem
2787 1548 2837 1592 te
2859 1539 2909 1591 in
2937 1536 3094 1591 cmlos
3121 1536 3344 1589 induxit.
3372 1534 3569 1588 Eadem
3591 1533 3804 1602 quidem

2235 1643 2443 1694 natura,
2479 1645 2629 1686 meus
2655 1638 2831 1685 tamen
2857 1629 3087 1683 diversa.
3117 1627 3218 1682 Sed
3252 1627 3340 1680 illa
3363 1625 3464 1680 Job
3489 1634 3604 1679 erat
3634 1624 3806 1677 mala?

2235 1725 2430 1779 Verum
2467 1723 2708 1778 Susanna
2747 1723 2907 1776 bona.
2945 1719 3047 1774 Sed
3089 1719 3173 1772 illa
3205 1717 3450 1786 Egyptia
3492 1728 3607 1769 erat
3637 1716 3806 1783 impu-

2234 1815 2388 1870 dica?
2420 1813 2610 1867 Verum
2635 1813 2791 1866 Sarra
2825 1818 2941 1864 crat
2961 1810 3218 1863 modesta.
3253 1807 3436 1860 Vidisti
3466 1806 3650 1859 illam?
3681 1804 3807 1857 Vide

2235 1917 2284 1961 et
2329 1907 2496 1969 hanc;
2529 1901 2953 1974 quandoquidem
2996 1901 3154 1954 etiam
3183 1900 3318 1953 inter
3349 1899 3488 1951 viros
3513 1897 3563 1950 hi
3595 1897 3805 1965 quidem

2237 1997 2359 2050 mali
2390 2005 2532 2057 sunt,
2563 1996 2634 2048 illi
2664 2009 2793 2048 vero
2822 1993 2968 2047 boni.
3003 1993 3180 2045 Bonus
3211 2000 3326 2043 erat
3356 1989 3550 2055 Joseph
3580 2030 3592 2048 ,
3627 1988 3804 2040 senio-

2238 2106 2323 2144 res
2350 2099 2526 2142 antem
2557 2087 2831 2157 impudici.
2863 2085 3054 2138 Vidisti
3084 2083 3328 2138 omnibus
3357 2083 3407 2134 in
3431 2080 3589 2134 rebus
3620 2080 3803 2130 vitium

2236 2197 2297 2237 ac
2322 2182 2570 2236 virtutem
2603 2195 2708 2234 non
2745 2187 2932 2234 natura
2960 2176 3259 2246 dijudicari,
3293 2173 3384 2228 sed
3411 2174 3587 2228 animo
3617 2172 3808 2224 distiu-

2235 2275 2345 2343 gui.
2378 2273 2454 2327 Ne
2499 2271 2626 2326 mihi
2660 2280 2919 2340 praetean
2946 2268 3333 2323 excusationes.
3368 2265 3470 2320 Sed
3497 2264 3561 2318 ad
3594 2280 3805 2326 eorum,

2236 2379 2354 2434 qua:
2383 2363 2658 2426 debemus,
2680 2361 2997 2416 solutionem
3025 2371 3388 2428 properemus.
3422 2355 3487 2409 Et
3515 2361 3704 2425 factum
3738 2364 3810 2405 αι

2236 2473 2370 2510 anno
2402 2471 2500 2525 quo
2544 2465 2772 2508 mortuus
2799 2461 2872 2506 est
2904 2451 3054 2505 Ozias
3093 2466 3201 2504 rex.
3237 2449 3480 2503 Dicturus
3505 2461 3622 2500 sum
3652 2462 3808 2515 quam

2237 2548 2307 2601 ob
2331 2561 2544 2600 causam
2576 2546 2687 2615 ipse
2716 2542 2968 2612 propheta
2992 2543 3230 2611 designet
3262 2549 3470 2609 tempus
3502 2556 3516 2594 :
3544 2540 3806 2607 siquidem

2237 2637 2603 2708 quaerebamus
2628 2635 2760 2699 heri,
2794 2650 2948 2704 quam
2974 2634 3181 2686 tandem
3209 2633 3278 2686 ob
3302 2646 3518 2686 causam
3545 2647 3664 2684 cum
3696 2646 3811 2682 om-

2239 2744 2335 2784 nes
2380 2727 2685 2798 prophetze,
2738 2737 2894 2795 atque
2935 2723 3018 2778 hic
3065 2739 3312 2792 quoque,
3368 2733 3574 2791 tempus
3629 2736 3810 2789 regum

2239 2837 2489 2880 enarrare
2512 2822 2716 2875 soleant
2743 2833 2848 2888 quo
2875 2818 3141 2880 vixerint,
3174 2816 3274 2868 hoc
3318 2816 3435 2868 loco
3481 2828 3542 2868 ea
3583 2827 3809 2865 consue-

2241 2915 2369 2970 tudo
2418 2912 2777 2984 prmtermissa
2808 2912 2876 2965 sit
2927 2929 2940 2964 :
2993 2925 3089 2965 nec
3141 2910 3280 2963 enim
3323 2908 3470 2972 dicit,
3521 2907 3574 2962 In
3627 2907 3813 2960 diebus

2239 3008 2381 3062 Ozia:
2414 3025 2426 3061 :
2455 3004 2548 3061 sed
2570 3046 2585 3072 ,
2618 3003 2675 3059 lu
2707 3013 2878 3058 morte
2904 3001 3064 3057 Ozias.
3109 3001 3254 3055 llaiic
3283 3000 3628 3070 qumstioncm
3657 2998 3814 3049 hodie

2241 3099 2450 3153 solvere
2473 3097 2612 3151 volo.
2646 3095 2975 3165 Quamquam
3004 3094 3144 3148 enim
3177 3094 3362 3162 ingens
3391 3100 3474 3146 est
3500 3104 3661 3145 :cstus
3683 3131 3698 3153 ,
3731 3101 3810 3142 ta-

2244 3207 2363 3244 mcn
2387 3189 2554 3257 major
2579 3196 2664 3241 est
2691 3185 2954 3241 sermonis
2983 3184 3311 3254 refrigeratio
3346 3203 3357 3237 :
3389 3198 3708 3253 quamquam
3739 3184 3815 3234 vis

2246 3284 2301 3335 fit
2326 3281 2535 3350 corpori
2562 3279 2841 3339 l‘atiseemi,
2872 3289 3046 3331 tamen
3078 3276 3251 3330 anima
3282 3275 3466 3345 vigens
3503 3275 3814 3329 delectatur.

2245 3377 2319 3431 Ne
2346 3376 2471 3430 mihi
2501 3388 2684 3428 narres
2708 3381 2895 3426 testam
2920 3385 2981 3424 ac
3011 3368 3280 3424 sudorem.
3311 3369 3365 3423 Si
3389 3367 3666 3421 sudaveris
3694 3382 3812 3418 eor-

2245 3483 2395 3538 pore,
2435 3463 2695 3534 abstergis
2739 3464 2969 3516 animam
3015 3470 3181 3514 tuam.
3233 3459 3365 3512 Tres
3413 3457 3487 3512 illi
3539 3459 3685 3526 pueri
3731 3455 3818 3524 qui

2247 3568 2399 3615 erant
2427 3559 2476 3611 in
2507 3557 2742 3620 fornace,
2771 3554 2898 3608 nihil
2923 3553 3226 3608 detrimenti
3257 3551 3492 3620 perpessi
3524 3559 3645 3605 sunt
3671 3592 3685 3614 ,
3719 3548 3813 3602 sed

2251 3649 2436 3703 fornax
2464 3648 2568 3702 illis
2595 3645 2694 3700 fuit
2722 3644 3014 3714 refrigerio.
3045 3642 3178 3698 Cum
3207 3644 3405 3710 cogitas
3432 3641 3701 3698 sudorem.
3733 3654 3825 3692 co-

2249 3743 2353 3812 gita
2384 3741 2539 3795 simul
2565 3748 2619 3792 et
2643 3737 2942 3792 mercedem
2989 3743 3044 3790 et
3068 3735 3364 3804 praemium.
3399 3731 3604 3784 Etenim
3647 3732 3823 3784 urina-

2253 3842 2335 3886 tor
2377 3831 2570 3885 nullam
2615 3829 2771 3882 aliam
2811 3827 2880 3881 ob
2905 3841 3117 3880 causam
3144 3825 3305 3879 audet
3350 3825 3580 3890 seipsum
3615 3825 3664 3874 in
3699 3835 3822 3889 pro-

2255 3924 2472 3978 fundum
2496 3936 2750 3991 aquarum
2779 3919 3062 3973 demittere
3082 3959 3096 3984 ,
3125 3933 3281 3987 quam
3314 3925 3530 3986 propter
3561 3914 3822 3982 margari-

2257 4025 2369 4082 tas,
2426 4014 2683 4069 bellorum
2733 4024 2967 4065 causam.
3011 4009 3342 4078 Quamquam
3392 4021 3497 4060 non
3547 4005 3824 4059 materiam

2257 4106 2587 4176 reprehendo
2611 4145 2625 4170 ,
2657 4103 2755 4158 sed
2799 4111 3031 4157 mentem
3063 4101 3524 4170 intemperantem.
3567 4099 3630 4152 Et
3657 4108 3708 4151 tu
3731 4139 3744 4163 ,
3774 4105 3831 4150 ut

2257 4200 2486 4268 accipias
2526 4197 2830 4251 thesaurum
2857 4193 3086 4248 deficere
3115 4197 3349 4246 nescium
3371 4231 3386 4257 ,
3418 4189 3727 4260 plantesque
3749 4188 3828 4241 vi-

2259 4297 2366 4342 tem
2405 4292 2456 4341 in
2485 4287 2659 4340 anima
2688 4295 2774 4339 tua
2796 4325 2811 4350 ,
2836 4298 2943 4337 non
2973 4284 3202 4337 sustines
3241 4291 3425 4334 azstum
3469 4296 3638 4348 neque
3668 4279 3832 4333 sudo-

2260 4379 2410 4434 rem?
2436 4378 2548 4432 Nou
2577 4377 2726 4430 vides
2756 4377 2883 4430 istos
2910 4376 2996 4443 qui
3019 4375 3202 4429 sedcut
3232 4375 3280 4427 in
3311 4375 3534 4436 theatro,
3566 4371 3834 4442 quomodo

2261 4469 2495 4536 sudent,
2548 4467 2795 4535 nudoque
2853 4465 3024 4534 capite
3085 4466 3211 4519 solis
3264 4464 3467 4518 radium
3525 4463 3834 4532 excipiant.

2261 4577 2368 4632 quo
2417 4560 2544 4614 fiant
2592 4559 2784 4626 captivi
2829 4559 3048 4621 mortis,
3080 4572 3184 4626 quo
3221 4567 3381 4610 SCOl'lI
3425 4556 3682 4624 mancipia
3707 4555 3730 4607 ?
3755 4555 3834 4608 Ad

2264 4653 2479 4708 exitium
2512 4650 2584 4704 illi
2616 4650 2856 4703 laborant
2877 4690 2892 4712 ,
2924 4656 2977 4702 et
3001 4656 3053 4701 tu
3080 4647 3143 4700 ad
3192 4649 3418 4700 salutem
3448 4646 3622 4715 segnis
3647 4661 3710 4700 ac
3746 4662 3834 4700 re-

2264 4746 2458 4797 missus
2481 4757 2538 4796 es
2564 4744 2587 4793 ?
2617 4740 2826 4794 Athleta
2855 4753 2912 4793 es
2930 4779 2945 4804 ,
2972 4738 3124 4792 miles
3151 4753 3210 4792 es
3237 4739 3274 4790 ¹.
3300 4736 3429 4804 Quis
3451 4736 3609 4806 igitur
3635 4746 3720 4791 est
3751 4737 3842 4791 ille

2265 4833 2440 4900 Ozias,
2470 4841 2524 4886 et
2546 4847 2701 4902 quam
2724 4832 2792 4885 oh
2812 4844 3022 4884 causam
3047 4840 3271 4882 mortem
3302 4829 3436 4883 hanc
3458 4829 3596 4882 illius
3621 4844 3844 4899 expres-

2267 4924 2337 4978 sit
2357 4921 2648 4992 propheta?
2677 4923 2772 4975 llic
2797 4919 2952 4975 Ozias
2982 4935 3075 4973 rex
3094 4928 3242 4985 erat,
3276 4935 3338 4975 ac
3368 4921 3448 4974 vir
3473 4920 3672 4989 justus,
3704 4920 3842 4973 mul-

2269 5015 2338 5068 tis
2377 5013 2571 5066 florens
2617 5011 2840 5080 egregiis
2899 5010 3048 5064 factis
3097 5030 3108 5063 :
3158 5025 3339 5063 verum
3399 5020 3576 5079 postea
3629 5009 3843 5062 tandem

2269 5103 2336 5158 ad
2370 5101 2672 5172 superbiam
2704 5101 2882 5165 venit,
2920 5099 2986 5153 ad
3019 5100 3319 5168 superbiam
3343 5140 3359 5164 ,
3394 5101 3604 5167 inquam
3625 5139 3640 5163 ,
3673 5101 3844 5152 malo-

2270 5208 2386 5248 rum
2437 5200 2681 5256 matrem,
2733 5191 2800 5244 ad
2850 5192 3204 5259 arrogantiam
3251 5190 3559 5244 tumultibus
3609 5190 3844 5257 plenam,

2271 5285 2339 5342 ad
2376 5285 2685 5347 elationem,
2731 5297 2833 5351 qua
2870 5281 3109 5337 diabolus
3161 5285 3214 5337 in
3259 5283 3476 5336 exitium
3534 5282 3656 5335 ruit.
3705 5282 3849 5335 Nihil

2337 5421 2352 5451 ι
2389 5419 2471 5466 llic
2493 5416 2653 5478 adjicit
2689 5421 2906 5463 Erasmus
2936 5413 2987 5463 in
3024 5415 3425 5478 interpretatione
3449 5415 3607 5478 latina
3627 5449 3641 5471 ,
3666 5428 3776 5476 qua:
3802 5417 3849 5465 in

2273 5479 2408 5530 nullo
2433 5475 2700 5544 exemplari
2710 5483 2901 5544 ‘Grmeo,
2922 5483 3021 5544 tum
3045 5475 3174 5544 edito
3196 5483 3295 5524 tum
3319 5477 3638 5544 manuscripto
3662 5475 3850 5524 haben-

2275 5550 2374 5598 tur,
2399 5548 2464 5590 Ne
2485 5535 2632 5598 tqitur
2656 5536 2890 5586 laboribus
2913 5536 3189 5599 defatigeris
3208 5570 3222 5593 ,
3246 5538 3330 5585 sed
3365 5537 3481 5599 bona
3513 5535 3672 5599 animo
3697 5547 3853 5585 certa-

2277 5603 2407 5650 mina
2425 5597 2591 5649 tolera.
2613 5600 2778 5645 Nescio
2801 5607 2957 5647 utrum
2976 5597 3083 5647 haec
3107 5598 3190 5646 ille
3216 5600 3262 5644 in
3285 5597 3552 5657 exemplari
3577 5610 3668 5645 suo
3690 5606 3853 5646 Graeco

2283 5665 2480 5719 tegerit,
2503 5673 2562 5707 an
2583 5672 2701 5709 vero
2723 5662 2825 5720 ipse
2844 5660 3078 5720 adiecerit
3094 5657 3471 5720 interpretando.
3502 5663 3555 5706 Ut
3575 5666 3628 5708 ut
3652 5672 3733 5709 res
3753 5668 3853 5720 est,

2283 5724 2384 5773 bzec
2407 5723 2557 5772 seriei
2582 5729 2692 5769 sunt
2717 5733 2939 5769 consona.
