4064 6214
249 384 365 439 123

221 494 666 572 ⁵Μακπιιαϐαίωνς
687 493 806 564 οὐχὶ
835 494 970 566 γυνὴ
993 489 1060 567 ἦν
1081 510 1093 560 ;
1119 495 1238 566 οὐχὶ
1259 495 1398 548 ἑπτά
1415 493 1610 547 δέδωκε
1633 489 1827 549 παῖδας

260 576 412 647 μειϐ]
440 575 518 646 τῷ
540 574 684 647 χορῷ
714 577 822 631 τῶν
856 579 1056 646 ἀγίων;
1093 577 1191 631 οὑκ
1221 574 1357 630 εἶδεν
1391 575 1585 638 αὐτοὺς
1622 588 1827 644 μαρτυ-

262 669 565 737 ρήσανταςς
598 669 694 737 οὐχ
727 671 967 740 εἱστήκει
996 672 1243 742 καθάπερ
1271 671 1392 741 ὅρος
1431 669 1506 740 μὴ
1535 665 1827 736 σαλευομέ-

257 777 323 828 νη
354 773 413 823 ⁸;
450 762 548 830 οὐχ
574 764 815 832 εἱστήκει
850 764 968 816 καθ’
994 764 1221 818 ἕκαστον
1255 763 1430 817 αὐτῶν
1456 759 1824 832 μαρτυροῦσα,

260 851 351 902 καὶ
409 855 591 923 μήτηρ
643 853 952 924 μαρτύρων,
1015 856 1106 907 καὶ
1166 855 1391 918 ἑπτάκις
1447 850 1826 924 ἐμαρτύρησες

262 941 706 1013 Ιιασανιζομένων
743 945 850 1016 γάρ
888 945 1132 1010 ἐκείνων,
1163 946 1298 1015 αὑτὴ
1327 944 1423 1015 τὴν
1463 943 1676 1014 πληγὴν
1709 940 1828 995 ἐδέ-

258 1051 382 1103 χετο
402 1033 450 1092 ³³.
496 1036 627 1090 Οὐδὲ
657 1037 766 1108 γάρ
793 1037 1016 1102 ἀπαθῶς
1046 1038 1187 1092 οὕτω
1210 1039 1280 1092 τά
1309 1038 1566 1108 γινόμενα
1594 1033 1824 1104 ἐδέχετο’

262 1128 444 1197 μήτηρ
484 1128 591 1197 γὰρ
627 1124 716 1199 ἧν,
746 1131 962 1200 καὶτῆς
991 1130 1206 1200 φύσεως
1241 1131 1274 1202 ἡ
1304 1129 1460 1200 ὕϐρις
1487 1127 1587 1198 τὴν
1620 1125 1827 1180 οἰκείαν

256 1218 482 1288 δύναμιν
517 1221 876 1275 ἐπεδείκνυτο·
907 1222 1022 1275 ἀλλ’
1052 1223 1153 1276 οὐκ
1183 1224 1416 1276 ἐνικᾶτο.
1438 1220 1693 1274 Θάλασσα
1717 1215 1826 1287 γὰρ

252 1305 320 1379 ἦν
369 1315 464 1364 καὶ
515 1313 753 1384 κύματα·
803 1314 917 1368 ἀλλ’
941 1315 1128 1386 ὥσπερ
1172 1319 1205 1386 ὴ
1249 1316 1491 1369 θάλασσα
1527 1311 1824 1384 μαινομένη

254 1404 597 1468 καταλύεται,
634 1405 777 1459 οὕτω
825 1406 918 1459 καὶ
971 1408 1004 1478 ἡ
1052 1405 1211 1474 φύσις
1250 1403 1569 1475 ἐγειρομένη
1611 1401 1690 1474 τῷ
1733 1400 1826 1470 φά·

251 1495 332 1563 εῳ
379 1494 475 1548 τοῦ
518 1496 652 1549 Θεοῦ
687 1495 1016 1567 ἐχαλινοῦτο.
1057 1497 1178 1560 Πῶς
1224 1497 1417 1560 αὐτοὺς
1459 1493 1642 1565 ήλειψε
1667 1509 1681 1557 ;
1707 1492 1826 1555 πῶς

248 1588 446 1651 αὐτοὺς
485 1588 709 1659 ἐθρεψε;
756 1591 872 1654 πῶς
910 1588 1050 1642 ἐπτά
1077 1590 1232 1652 ναοὺς
1276 1588 1353 1660 τῷ
1393 1586 1512 1658 Θεῷ
1549 1585 1825 1658 παρέστη-

250 1695 365 1742 σεν,
421 1680 744 1750 ἀνδριάντας
792 1680 1049 1752 χρυσοῦς,
1101 1679 1298 1752 μᾶλλον
1348 1679 1406 1733 δέ
1468 1678 1563 1734 καὶ⁸
1619 1675 1820 1750 χρυσοῦ

250 1771 611 1842 τιμιωτέρους
627 1789 644 1838 ;

317 1862 516 1928 γ¹.”οτι
532 1864 638 1934 γὰρ
658 1864 719 1917 οὐ
733 1865 972 1918 τοιοῦτον
989 1863 1204 1935 χρυσὸς,
1218 1861 1328 1917 οἷον
1341 1863 1484 1934 ψυχὴ
1504 1879 1645 1933 μαρτ
1655 1866 1683 1914 ύ
1693 1877 1820 1932 ρων,

244 1954 501 2022 πρόσεχε.
555 1955 807 2022 Εἱστήκει
838 1957 866 2008 6
890 1955 1169 2027 τύραννος,
1204 1956 1298 2010 καὶ
1331 1956 1434 2009 ὑπὸ
1475 1957 1601 2024 μιᾶς
1633 1971 1813 2023 γυναι-

242 2044 336 2106 κὸς
357 2043 667 2114 ἡττώμενος
697 2046 980 2117 ἀνεχώρει.
1027 2045 1262 2109 Ἐκεῖνος
1286 2047 1470 2110 ὅπλοις
1492 2045 1817 2116 ἐπολιόρκει,

241 2136 335 2187 καὶ⁵
384 2134 523 2206 αῦτη
579 2136 860 2208 προθυμίᾳ
908 2139 1288 2208 περιεγένετοο
1344 2138 1548 2201 ἐκεῖνος
1590 2137 1818 2207 κάμινον

239 2225 437 2296 ἀνῆψε,
469 2228 561 2280 καὶ
597 2227 735 2297 αὕτη
772 2227 868 2298 τὴν
894 2229 1091 2300 ἀρετὴν
1120 2227 1214 2281 τοῦ
1245 2227 1550 2298 πνεύματος
1575 2229 1818 2292 ’ἐκεῖνος

239 2317 598 2387 στρατόπεδον
626 2319 814 2385 ἐκίνει,
843 2321 935 2374 καὶ
970 2319 1106 2390 αῦτη
1137 2320 1274 2392 πρὸς
1305 2321 1566 2390 ἀγγέλους
1602 2318 1816 2392 μεθωρ-

239 2408 427 2477 μίζετο
449 2426 463 2440 ο
499 2410 646 2481 ἐώρα
669 2411 819 2464 κάτω
837 2412 926 2465 τὸν
944 2411 1224 2482 τύραννον,
1255 2411 1349 2466 καὶ¹
1377 2413 1572 2466 ἐνενόει
1591 2411 1683 2465 τὸν
1704 2411 1816 2466 ἄνω

235 2499 620 2569 βασιλεύοντα’
657 2504 806 2575 ἑώρα
834 2503 932 2566 τὰς
961 2505 1111 2557 κάτω
1147 2505 1426 2574 βασάνους,
1460 2505 1555 2558 καὶ
1591 2505 1814 2575 ἠρίθμει

233 2589 302 2641 τά
342 2592 456 2645 ἀνω
485 2592 740 2662 βραϐεῖα·
781 2594 926 2663 ἐώρα
964 2593 1061 2665 τὴν
1115 2595 1396 2666 παροῦσαν
1427 2596 1645 2650 κόλασιν
1668 2636 1682 2658 ,
1719 2597 1814 2649 καὶ

231 2681 435 2735 ἐνενόει
465 2683 564 2753 τὴν
604 2683 903 2754 μέλλουσαν
936 2684 1249 2741 ἀθανασίαν.
1293 2687 1384 2739 Διὸ
1417 2687 1512 2740 καὶ
1540 2687 1568 2738 6
1603 2687 1813 2752 Παῦλος

230 2771 387 2839 ἔλεγε
407 2789 422 2802 ’
443 2776 499 2827 Μ
505 2773 539 2843 ἡ
565 2777 957 2830 σκοπούντων
980 2776 1148 2846 ἡμῶν
1168 2776 1240 2831 τὰ
1261 2779 1632 2847 βλεπόμενα,
1651 2779 1812 2832 ἀλλὰ

228 2862 301 2914 τὰ
324 2863 412 2930 μὴ
439 2865 808 2936 βλεπόμενα.
846 2867 930 2938 Μή
951 2885 1002 2922 τι
1026 2866 1251 2937 κώλυμα
1271 2868 1301 2920 6
1338 2868 1512 2938 γάμος
1550 2869 1764 2935 εγένετο
1788 2887 1804 2936 ι

227 2951 293 3002 Τί
327 2952 385 3005 δέ
409 2953 437 3006 6
473 2953 755 3026 Πέτρος,ὴ
789 2957 992 3026 κρηπὶς
1011 2957 1110 3026 τῆς
1150 2957 1495 3027 Ἐκκλησίας,
1526 2959 1554 3009 6
1582 2959 1809 3028 μανικὸς

226 3043 464 3114 ἐραστὴς
488 3042 582 3096 τοῦ
614 3044 873 3116 Χριστοῦ,
911 3047 1003 3102 καὶ
1051 3048 1370 3113 ἀπαίδευτος
1414 3050 1491 3120 τῷ
1529 3051 1688 3121 λόγῳ,
1713 3051 1809 3103 καὶ

227 3135 476 3206 ρητόρων
543 3139 975 3209 περιγινόμενος,
1023 3139 1051 3191 6
1094 3141 1329 3212 ἀμαθὴς,
1377 3142 1472 3194 καὶ
1500 3141 1807 3211 φιλοσόφων

225 3229 549 3302 άποφράξας
576 3232 836 3303 στόματα,
878 3235 907 3286 6
941 3233 1039 3305 τὴν
1085 3234 1399 3306 Ἑλληνικὴν
1435 3236 1625 3305 σοφίαν
1650 3247 1672 3274 ο
1707 3252 1808 3290 κα·-

224 3322 407 3394 θάπερ
440 3323 681 3395 ἀράχνην
713 3325 993 3390 διαλύσας,
1026 3327 1054 3378 6
1075 3328 1170 3397 τὴν
1205 3327 1528 3398 οἰκουμένην
1559 3329 1807 3400 περιδρα-

227 3415 367 3486 μὼν,
398 3418 427 3470 6
450 3417 785 3488 σαγηνεύσας
816 3417 914 3488 τὴν
951 3418 1224 3473 θάλασσαν
1243 3461 1256 3486 ,
1293 3420 1388 3473 κα)⁸
1426 3420 1676 3486 ἁλιεύσας
1704 3421 1806 3493 τὴν

222 3504 571 3577 οἰκουμένην,
605 3508 705 3562 οὐκ
743 3505 853 3579 εἷχε
877 3509 972 3563 καὶ
1000 3503 1156 3574 οὗτος
1181 3513 1446 3580 γυναῖκας
1487 3511 1608 3575 Ναὶ,
1635 3508 1801 3582 εῖχεν.

225 3598 352 3650 Ὅτι
371 3599 428 3650 δέ
452 3599 628 3669 ἔσχεν,
652 3600 880 3655 άκουσον
900 3601 993 3655 τοῦ
1013 3601 1419 3671 εὐαγγελιστοῦ.
1439 3603 1502 3656 Τί
1526 3603 1582 3656 δέ
1605 3621 1767 3674 φησιν
1785 3620 1801 3669 ;

218 3687 527 3756 Εἰσῆλθεν
577 3694 610 3744 ό
655 3691 880 3758 Ἰησοῦς
906 3691 1054 3760 πρὸς
1090 3693 1205 3762 τὴν
1240 3695 1531 3761 πενθερὰν
1575 3694 1800 3761 Πέτρου

224 3779 686 3845 πυρέσσουσαν.
723 3781 893 3835 Ὅπου
921 3783 1175 3854 πενθερὰ,
1200 3786 1314 3838 ἐκεῖ
1334 3785 1427 3838 καὶ
1448 3783 1603 3853 γυνὴ,
1639 3785 1756 3838 ἐκεῖ
1772 3780 1800 3822 ά

223 3871 319 3922 καὶ
350 3871 542 3940 γάμος.
569 3873 634 3924 Τί
663 3873 718 3925 δὲ
743 3874 772 3925 6
797 3874 1058 3938 Φίλιππος
1082 3894 1096 3942 ;
1122 3877 1182 3928 οὐ
1203 3876 1471 3946 τέσσαρας
1495 3875 1801 3947 θυγατέρας

218 3959 402 4032 εἶχενς
437 3964 612 4016 Ὅπου
649 3964 705 4017 δέ
729 3965 990 4036 τέσσαρες
1015 3967 1329 4037 θυγατέρες,
1357 3971 1472 4021 ἐκεῖ
1511 3971 1604 4021 καῖ
1637 3969 1796 4040 γυνὴ,

218 4052 316 4105 καὶ
353 4054 548 4123 γάμος.
594 4054 659 4106 Τί
691 4049 782 4108 οὖν
812 4055 840 4107 6
887 4056 1150 4125 Χριστός;
1186 4058 1317 4111 Ἀπὸ
1355 4057 1622 4128 παρθένου
1658 4059 1755 4129 μέν
1779 4074 1795 4092 ⁸

218 4146 340 4198 ἀλλ’
389 4149 469 4209 είς
505 4146 680 4216 γάμον
717 4148 1045 4217 παρεγένετο
1068 4187 1084 4210 ,
1117 4149 1210 4201 καὶ⁵
1246 4149 1416 4219 δῶρον
1447 4153 1758 4221 εἰσήνεγκεν
1778 4169 1792 4182 °

212 4239 340 4289 Οὐκ
383 4237 598 4304 έχουσι
627 4238 755 4307 γάρ,
803 4239 955 4308 φησὶ,
1000 4235 1196 4293 οἶνον·
1257 4243 1348 4293 καὶ
1386 4242 1446 4294 τὸ
1490 4242 1631 4313 ὕδωρ
1656 4239 1796 4295 οἶνον

216 4328 464 4397 ἐποίησε,
492 4329 558 4398 τῇ
590 4327 859 4398 παρθενίᾳ.
883 4327 974 4382 τὸν
1006 4331 1180 4401 γάμον
1218 4331 1403 4400 τιμῶν,
1435 4335 1502 4402 τῇ
1530 4334 1708 4404 δωρεᾷ
1734 4334 1796 4385 τὸ

215 4422 454 4490 πρᾶγμα
508 4420 833 4490 θαυμάζωνο
885 4423 970 4476 ἵνα
1027 4423 1100 4493 μὴ
1153 4422 1412 4494 βδελύσσῃ
1445 4424 1536 4476 τὸν
1580 4425 1793 4494 γάμον,

210 4510 352 4563 άλλά
402 4515 564 4583 μισῇς
597 4524 621 4551 ε
671 4513 770 4584 τὴν
803 4514 1075 4584 πορνείαν.
1117 4515 1207 4584 Τῷ
1247 4515 1366 4585 ἐμῷ
1406 4514 1631 4586 κινδύνῳ
1683 4516 1793 4584 ἐγὼ

211 4603 502 4671 ἐγγυῶμαι
533 4621 625 4656 σου
657 4606 758 4675 την
787 4606 1078 4676 σωτηρίαν,
1105 4607 1209 4659 κᾶν
1242 4609 1471 4674 γυναῖκα
1505 4607 1652 4678 ἔχῃς.

287 4693 528 4761 Ιῐρόσεχε
561 4694 790 4763 σεαυτῷ.
827 4697 966 4766 Γυνὴ
993 4697 1087 4748 ἐάν
1106 4697 1402 4767 εῦχρηστός
1436 4700 1571 4764 ἐστι,
1602 4699 1791 4769 βοηθός

213 4799 309 4834 σου
337 4783 472 4834 ἐστί.
509 4784 573 4835 Τί
611 4781 704 4838 οὖν
731 4787 795 4839 ἂν
824 4788 895 4858 μὴ
995 4787 1323 4858 εὕχρηστοςς
1365 4789 1595 4858 Ποίησον
1622 4791 1789 4860 αὐτὴν

209 4872 532 4942 εὔχρηστον.
582 4877 672 4945 Μὴ
734 4877 831 4929 οὐκ
891 4879 1130 4944 εγένοντο
1186 4878 1347 4932 καλαὶ
1399 4881 1648 4947 γυναῖκες
1697 4882 1788 4933 καὶ

210 4964 402 5030 κακαὶ,
451 4967 537 5018 ἵνα
576 4966 650 5037 μὴ
687 4967 815 5038 ἔχῃς
859 4970 1156 5040 πρόφασιν;
1187 4973 1412 5040 Ποταπὴ
1463 4973 1496 5042 ἡ
1541 4971 1633 5025 τοῦ
1671 4972 1787 5025 Ἰὼϐ

205 5055 312 5127 ἧν;
349 5057 413 5110 Ἦ
440 5055 496 5109 δὲ
539 5058 722 5128 Σάρρα
752 5059 887 5129 καλὴ
911 5056 997 5130 ἦν.
1033 5063 1200 5128 Δείξω
1229 5081 1309 5115 σοι
1329 5066 1554 5130 γυναῖκα
1577 5063 1786 5134 φαύλην

211 5139 365 5211 [123]
397 5140 490 5193 καὶ
510 5140 774 5209 πονηράν.
807 5142 920 5195 Οὐκ
940 5142 1136 5213 ἔϐλαψε
1154 5145 1243 5197 τὸν
1271 5144 1439 5213 ἄνδρα
1471 5147 1504 5213 ἠ
1529 5147 1664 5216 γυνὴ
1688 5146 1781 5198 τοῦ

219 5230 362 5283 Ὶώϐο
404 5231 618 5301 πονηρά
645 5227 711 5302 ἦν
751 5233 842 5286 καὶ
895 5235 1094 5304 φαύλη,
1126 5237 1218 5289 καὶ
1271 5235 1609 5307 βλασφημεῖν
1637 5237 1784 5308 αὐτῷ

271 5448 298 5509 ἒ
324 5449 356 5496 Α
367 5449 417 5495 lii
443 5449 771 5509 σαλευόμενον.

265 5508 295 5574 ‘3
323 5511 417 5574 Mi!
436 5511 531 5574 ῑήγ.
562 5508 743 5574 «ww,
769 5509 944 5574 ἔφερεν-

237 5630 246 5640 .
268 5571 292 5641 f
319 5570 416 5641 Αιιί
435 5569 710 5641 Ἶύλληνικήν
731 5569 996 5641 θρησκείαν..
1012 5573 1130 5641 Qua?
1152 5577 1302 5626 lectio
1321 5579 1622 5641 praeferenda
1645 5589 1780 5632 certe

204 5630 460 5702 videﬁet‘ur
483 5630 571 5702 hpc
592 5631 714 5702 l_oco.
736 5630 1231 5702 j’eyuny_M_oi.,Sav.,
1256 5645 1307 5687 et
1324 5630 1553 5702 blerique
1575 5630 1781 5693 ιυεεξσοζ

201 5691 310 5757 φίαςι
336 5692 538 5757 habent,
563 5699 709 5757 atque
733 5696 800 5757 ἱία
824 5697 948 5757 legit
970 5691 1208 5746 Erasmus.

265 5752 662 5828 ξιῗρὶιξίιυοιιιηδεξι
679 5755 776 5828 ἐκεῖ
793 5752 1028 5828 καὶἸγυνῄι.
1051 5759 1211 5828 ᾭτιου
1235 5763 1371 5828 γυνὴ,
1409 5764 1521 5824 ἐκεῖ,
1543 5773 1686 5828 a‘quc
1712 5770 1777 5817 ita

202 5813 491 5871 legendum.
520 5813 573 5861 In
618 5815 788 5866 Morel.
819 5824 867 5865 ct
892 5813 1039 5866 Savil.
1069 5820 1186 5866 ὅπου
1208 5813 1318 5882 γυνή
1337 5813 1501 5874 Περεῖ..

263 5876 288 5903 ⁸
313 5875 436 5921 ΤΙ-σεδ
460 5887 569 5922 mss.
594 5877 711 5922 ἀλλὰ
733 5879 954 5922 μισήσῃς.

401 5891 436 5921 ES
460 5891 569 5922 ηιες.
594 5891 711 5923 αΑΑα
733 5891 954 5925 μισήσῃς.

265 5894 284 5903 “
324 5894 342 5921 ι
358 5894 436 5921 rus
460 5894 569 5922 mas.
594 5894 711 5923 αΑΑα
733 5894 954 5940 μισησῃς.

265 5933 284 5972 ί
313 5935 446 5984 Unus
467 5937 545 5983 καὶ
565 5953 620 5984 το
644 5939 828 6001 δένδρον
848 5940 1194 6004 ἀσφαλέστερον
1212 5945 1408 6004 ἐγένετο.

1225 377 1293 435 1N
1331 375 1558 442 ILLUD,
1591 369 1728 425 VIDI
1765 364 2107 440 DOMINUM,
2144 369 2377 427 HOMIL.
2421 370 2512 426 IV.

3391 376 3501 432 124

1937 489 2339 544 συνεϐούλευσε.
2403 489 2468 541 Τί
2517 484 2643 552 οῦν;
2701 485 2875 540 ἔσεισε
2927 483 3018 538 τὸν
3062 481 3296 553 πύργον;
3339 482 3506 550 κατή-

1933 597 2091 650 νεγκε
2107 582 2196 635 τὸν
2213 581 2492 652 ἀδάμαντα
2508 598 2522 648 ;
2542 579 2886 650 περιεγένετο
2903 576 3001 647 τῆς
3019 575 3222 646 πέτρας
3242 591 3256 640 ;
3281 572 3506 644 ἔκρουσε

1931 671 2022 724 τὸν
2043 672 2377 744 στρατιώτην
2402 691 2418 742 ;
2446 672 2696 743 διέτρησε
2727 671 2788 725 τὸ
2819 669 3058 738 σκάφος;
3089 663 3415 737 ἐξερρίζωσε
3444 664 3506 717 τὸ

1931 762 2176 833 δένδρον;
2207 763 2373 817 υύδέν
2394 763 2598 816 τούτων
2614 779 2626 792 ·
2651 760 2762 816 ἀλλ’
2789 759 2972 828 ἐκείνη
2996 756 3388 830 προσέκρουσε,
3413 771 3506 808 και

1930 853 1959 904 6
1983 853 2188 924 πύργος
2238 855 2638 924 ἀσφαλέστερος
2669 855 2876 920 ἐγίνετο
2909 849 2960 889 ί·
3008 849 3146 919 αὑτὴ
3178 847 3246 900 τά
3285 845 3508 916 κύματα

1930 943 2137 1015 ἤγειρε,
2161 945 2255 999 καὶ
2279 945 2341 998 τὸ
2369 944 2551 998 πλοῖον
2566 944 2627 998 ού
2652 943 3085 1006 κατεποντίζετο,
3105 939 3218 993 ἀλλ’
3242 936 3300 1002 ἐξ
3319 936 3506 1008 οὐρίας

1929 1037 2118 1111 ἔπλεεν
2137 1055 2150 1070 ·
2183 1039 2212 1090 6
2237 1035 2448 1108 καρπὸς
2473 1036 2637 1091 αὑτοῦ
2660 1035 2955 1107 ἐτρυγήθη,
2978 1032 3073 1088 καὶ
3093 1032 3153 1087 τὸ
3177 1031 3387 1100 δένδρον
3407 1030 3508 1081 οὐκ

1929 1128 2191 1200 ἐσαλεύθη
2213 1145 2228 1160 ·
2258 1128 2326 1183 τά
2355 1127 2529 1198 φύλλα
2558 1125 2742 1194 ἔπεσε,
2776 1126 2871 1180 καὶ
2906 1127 2936 1194 ή
2981 1124 3105 1195 ῥίζα
3137 1121 3329 1192 ἔμενεν
3368 1118 3505 1173 ἀσά-

1928 1219 2134 1285 λευτος.
2165 1222 2348 1276 Ταῦτα
2376 1221 2518 1290 λέγω
2537 1259 2552 1285 ,
2581 1220 2669 1274 ἵνα
2707 1220 2895 1292 μηδεὶς
2935 1215 3337 1288 προφασίζηται
3366 1215 3392 1253 ε
3409 1229 3506 1265 κα-

1929 1312 2054 1367 κίαν
2071 1315 2345 1382 γυναικός.
2367 1313 2549 1383 Φαύλη
2575 1311 2691 1366 ἐστί
2708 1328 2722 1378 ;
2754 1311 3055 1382 Διόρθωσον
3087 1307 3278 1378 αὐτήν.
3319 1304 3504 1366 Ἀλλά,

1929 1407 2091 1476 φησὶν
2114 1448 2128 1470 ,
2165 1407 2274 1461 ἀπὸ
2303 1406 2634 1479 παραδείσου
2674 1422 2740 1474 με
2778 1402 3049 1468 ἐξέϐαλεν.
3103 1399 3265 1454 Ἀλλά
3302 1399 3396 1452 καὶ
3426 1401 3504 1462 είς

1926 1499 2190 1570 οὐρανοὺς
2220 1517 2278 1552 σε
2295 1499 2605 1570 ἐξήνεγκεν.
2661 1495 2727 1550 Ἦ
2756 1497 2894 1566 αὑτὴ
2926 1495 3023 1565 μὲν
3045 1493 3224 1562 φύσις,
3251 1493 3504 1561 διάφορος

1925 1586 1982 1640 δὲ
2011 1590 2044 1658 ἠ
2084 1588 2298 1660 γνώμη.
2356 1588 2494 1642 Ἀλλ’
2525 1590 2558 1660 ή
2597 1589 2690 1642 τοῦ
2737 1586 2855 1641 Ἰὼϐ
2891 1585 3102 1655 φαύλη;
3150 1581 3287 1636 Ἀλλ’
3316 1585 3350 1651 ἡ
3386 1583 3503 1634 Σω-

1928 1680 2096 1734 σάννα
2139 1680 2296 1752 καλή.
2347 1681 2486 1735 Ἀλλ’
2532 1684 2565 1753 ή
2603 1680 2876 1750 Αἰγυπτία
2911 1677 3240 1740 ἀκόλαστος;
3291 1672 3430 1726 Ἀλλ’
3470 1676 3502 1742 ή

1926 1767 2110 1838 Σάρρα
2159 1771 2382 1839 κοσμία.
2435 1765 2587 1834 Εἶδες
2621 1769 2868 1840 ἐκείνην;
2923 1766 3095 1819 Βλέπε
3142 1765 3234 1818 καὶ
3262 1763 3500 1836 ταύτην·

1925 1861 2047 1912 ἐπεὶ
2079 1861 2172 1914 καὶ
2209 1863 2267 1916 ἐν
2293 1863 2551 1933 ἀνδράσιν
2577 1864 2625 1915 οἱ
2660 1863 2758 1932 μὲν
2788 1859 3002 1929 φαῦλοι,
3034 1858 3084 1911 οἱ
3112 1857 3168 1910 δὲ
3202 1857 3498 1912 σπουδαῖοι.

1923 1943 2102 2005 Καλὸς
2129 1946 2158 1997 6
2203 1945 2419 2016 Ἰωσὴφ,
2451 1948 2498 2000 οἱ
2529 1945 2584 1999 δὲ
2618 1943 2976 2014 πρεσϐύτεροι
3009 1941 3314 1994 ἀκόλαστοι.
3350 1935 3501 2004 Εἶδες

1923 2035 2198 2107 πανταχοῦ
2213 2039 2411 2091 κακίαν
2432 2038 2524 2091 καὶ
2553 2036 2772 2106 ἀρετὴν,
2795 2034 2869 2105 μὴ
2899 2036 2964 2104 τῇ
2990 2032 3146 2103 φύσει
3172 2031 3342 2085 ταῦτα
3389 2049 3502 2102 κρι-

1923 2127 2140 2198 νόμενα,
2173 2129 2308 2182 ἀλλά
2334 2133 2401 2200 τῇ
2441 2129 2634 2200 γνώμῃ
2661 2127 3031 2196 διαιρούμενα.
3061 2125 3150 2194 Μή
3181 2141 3268 2194 μοι
3299 2123 3502 2192 προφά-

1922 2237 2034 2284 σεις
2073 2221 2429 2292 προφασίζου.
2475 2220 2612 2273 Ἀλλ’
2647 2220 2741 2272 ἐπὶ
2786 2219 2852 2272 τὰ
2899 2217 3033 2289 χρέα
3067 2218 3157 2270 καὶ
3190 2217 3289 2287 τὴν
3330 2235 3499 2270 κατα-

1920 2310 2082 2380 ϐολὴν
2117 2312 2453 2382 σπεύδωμεν.
2503 2311 2612 2365 Καὶ
2653 2310 2888 2379 ἐγένετο
2930 2308 3034 2362 τοῦ
3065 2308 3378 2371 ἐνιαυτοῦ,
3424 2302 3498 2363 οὗ

1919 2401 2219 2456 ἀπέθανεν
2259 2401 2444 2468 Ὀζίας
2464 2405 2495 2457 ὁ
2514 2401 2833 2468 βασιλεύς.
2868 2399 3060 2453 Μέλλω
3077 2399 3253 2467 λέγειν
3285 2399 3371 2452 διά
3389 2400 3442 2451 τί
3469 2402 3498 2452 6

1919 2494 2203 2564 προφήτης
2237 2493 2653 2563 ἐπισημαίνεται
2684 2493 2775 2546 τὸν
2799 2492 3022 2561 καιρόν·
3055 2489 3356 2562 ἐζητοῦμεν
3387 2490 3498 2561 γάρ

1918 2585 2061 2654 χθὲς,
2091 2586 2141 2638 τί
2173 2585 2371 2656 δήποτε
2402 2586 2509 2639 τῶν
2547 2584 2841 2656 προφητῶν
2876 2584 3133 2638 ἁπάντων
3175 2584 3267 2636 τὸν
3307 2585 3496 2654 καιρὸν

1914 2679 2012 2749 τῆς
2045 2679 2187 2749 ζωῆς
2229 2679 2337 2732 τῶν
2383 2678 2643 2748 βασιλέων
2681 2677 3034 2748 ἱστορούντων
3084 2677 3147 2741 h,
3192 2678 3286 2732 καὶ
3328 2679 3492 2734 αὑτοῦ

1915 2770 2126 2834 τούτου,
2162 2770 2392 2824 ἐνταῦθα
2423 2771 2484 2822 τὸ
2515 2769 2634 2832 ἔθος
2660 2769 2824 2840 ἐλύθη
2846 2787 2858 2800 ·
2888 2771 2982 2824 καὶ
3009 2771 3070 2823 ού
3095 2770 3263 2837 λέγει,
3293 2771 3351 2822 ἐν
3373 2773 3494 2834 ταῖς

1915 2860 2150 2931 ἡμέραις
2193 2861 2365 2926 Ὀζίου
2391 2901 2406 2924 ,
2451 2861 2566 2914 ἀλλ’
2601 2863 2658 2913 ἐν
2709 2864 2774 2932 τῇ
2824 2861 3047 2931 τελευτῇ
3095 2861 3288 2926 Ὀζίου.
3324 2862 3493 2914 Τοῦτο

1914 2950 2072 3007 λῦσαι
2102 2951 2358 3024 βούλομαι
2391 2954 2644 3023 σήμερον.
2683 2953 2871 3025 Εἱγάρ
2905 2955 2998 3006 καὶ
3031 2953 3162 3006 πολὺ
3192 2953 3251 3007 τὸ
3279 2953 3487 3024 καῦμα,

1913 3044 2051 3098 ἀλλά
2077 3045 2276 3114 μείζων
2305 3047 2338 3115 ή
2370 3045 2558 3114 δρόσος
2595 3044 2689 3097 τοῦ
2728 3044 2885 3114 λόγου
2911 3063 2923 3075 ο
2959 3047 3006 3096 εἱ
3049 3045 3158 3116 γάρ
3194 3045 3434 3115 βιάζεται
3465 3048 3482 3087 ί

1911 3136 1971 3188 τὸ
2006 3136 2163 3206 σῶμα
2201 3135 2650 3206 μαλακιζόμενον,
2681 3136 2797 3190 ἀλλ’
2817 3137 3143 3207 ἀκμάζουσα
3167 3139 3199 3208 ἡ
3224 3137 3370 3207 ψυχὴ
3397 3138 3489 3191 εῦ-

1911 3228 2216 3298 φραίνεται.
2245 3228 2336 3298 Μή
2370 3244 2458 3294 μοι
2481 3227 2605 3295 λέγε
2633 3228 2820 3298 καῦμα
2848 3230 2939 3283 καὶ
2967 3229 3196 3300 ἱδρῶτα*
3221 3227 3314 3282 ἐὰν
3334 3228 3490 3301 ἱδρώ-

1912 3336 2012 3392 σῃς
2051 3321 2127 3391 τῷ
2160 3321 2394 3391 σώματι,
2433 3324 2663 3394 σμήχεις
2694 3341 2788 3376 σου
2831 3323 2927 3393 τὴν
2965 3322 3164 3394 ψυχήν.
3211 3324 3272 3375 Οἱ
3301 3322 3488 3385 παῖδες

1909 3413 1958 3467 οἱ
1985 3417 2131 3486 τρεῖς
2155 3415 2212 3468 ἐν
2240 3416 2456 3486 καμίνῳ
2498 3411 2668 3486 ἦσαν,
2700 3417 2794 3470 καὶ
2822 3416 2972 3470 οῦδὲν
3010 3414 3244 3484 ἐπασχον
3267 3455 3281 3479 ,
3307 3414 3421 3467 ἀλλ’
3452 3415 3487 3485 ἡ

1909 3506 2140 3576 κάμινος
2164 3506 2352 3579 δρόσος
2381 3507 2617 3575 ἐγένετο.
2653 3508 2818 3561 Ὅταν
2853 3508 3111 3577 ἐννοήσῃς
3142 3506 3366 3576 ἱδρῶτα,
3401 3508 3488 3559 ἐν·

1907 3598 2015 3650 νόει
2040 3600 2132 3651 καὶ
2164 3599 2252 3651 τὸν
2280 3598 2468 3668 μισθὸν
2500 3599 2592 3650 καὶ
2622 3597 2715 3667 τὴν
2740 3597 2992 3668 ἀμοιϐήν.
3018 3598 3128 3650 Καὶ
3150 3597 3257 3668 γάρ
3285 3597 3488 3667 κολυμ-

1907 3687 2079 3760 ϐητὴς
2111 3689 2392 3760 ἅνθρωπος
2433 3689 2498 3743 δι’
2535 3689 2686 3742 οὐδὲν
2723 3689 2850 3743 ἄλλο
2895 3688 3071 3758 τολμᾷ
3111 3691 3190 3751 εἱς
3231 3689 3290 3740 τὸ
3325 3688 3486 3758 βάθος

1907 3781 2097 3836 ἐαυτὸν
2141 3782 2467 3836 καταϐαλεῖν
2513 3782 2622 3837 τῶν
2654 3781 2954 3851 ῦδάτων,ἢ
2989 3779 3078 3835 διὰ
3115 3782 3480 3852 μαργαρίτας,

1903 3875 1995 3927 τοῦ
2027 3874 2267 3944 πολέμου
2286 3875 2385 3945 τὴν
2416 3876 2686 3929 ὑπόθεσιν.
2736 3875 2873 3928 Ἀλλ’
2908 3875 2968 3927 ού
2993 3875 3091 3945 τὴν
3123 3874 3253 3943 ὓλην
3273 3875 3483 3928 διαϐάλ-

1904 3965 1999 4032 λω,
2037 3965 2175 4020 άλλά
2195 3967 2292 4037 τὴν
2314 3968 2608 4021 ἀκόλαστον
2638 3967 2880 4036 γνώμην.
2924 3967 3032 4018 Καὶ
3060 3968 3122 4019 σὺ
3142 4006 3157 4030 ,
3194 3967 3280 4020 ἵνα
3309 3966 3481 4039 λάϐῃς

1904 4055 2174 4126 θησαυρὸν
2224 4057 2516 4126 ἀνελλιπῆ,
2572 4058 2664 4110 καὶ
2703 4057 2974 4128 φυτεύσῃς
3019 4055 3260 4126 ἄμπελον
3311 4058 3369 4109 ἐν
3411 4059 3477 4128 τῇ

1902 4149 2045 4217 ψυχῇ
2080 4165 2194 4215 σου,
2237 4148 2336 4201 οὐκ
2365 4149 2533 4218 ἀνέχῃ
2569 4148 2876 4220 καύματος,
2907 4147 3025 4200 οὐδὲ
3070 4147 3321 4218 ἱδρῶτος;
3365 4149 3475 4217 Οὐχ

1902 4239 2034 4309 ὁρᾷς
2060 4239 2188 4300 τοὺς
2217 4241 2274 4290 ἐν
2318 4239 2528 4310 θεάτρῳ
2574 4240 2934 4311 καθημένους,
2978 4238 3093 4301 πῶς
3131 4239 3350 4308 ἱδρῶσι,
3382 4240 3475 4291 καὶ

1901 4332 2079 4400 γυμνῇ
2107 4333 2170 4400 τῇ
2205 4330 2412 4400 κεφαλῇ
2442 4332 2540 4400 τὴν
2582 4332 2772 4384 ἀκτῖνα
2801 4331 3063 4398 δέχονται,
3095 4330 3182 4381 ἵνα
3213 4330 3474 4396 γένωνται

1901 4421 2132 4474 θανάτου
2158 4423 2511 4492 αἰχμάλωτοι,
2542 4424 2626 4475 ἵνα
2652 4425 2853 4494 πόρνης
2872 4422 3074 4488 δοῦλοι;
3096 4424 3186 4485 Εἱς
3201 4423 3474 4476 ἀπώλειαν

1901 4517 2096 4568 ἐκεῖνοι
2125 4515 2410 4584 κάμνουσι,
2441 4516 2533 4568 καὶ
2567 4517 2629 4567 σὺ
2656 4518 2734 4578 εἰς
2760 4515 3027 4585 σωτηρίαν
3050 4515 3247 4586 ἐκλύῃ;
3288 4516 3475 4588 Ἀθλη-

1898 4605 1994 4674 τὴς
2015 4601 2083 4668 εί,
2108 4607 2199 4658 καὶ
2221 4607 2574 4676 στρατιώτης.
2599 4606 2691 4668 Τίς
2713 4602 2804 4659 οὖν
2827 4608 2971 4658 ἐστιν
2992 4609 3018 4659 6
3049 4607 3226 4671 Ὀζίας
3247 4609 3471 4671 ἐκεῖνος,

1901 4695 2052 4767 [ωδ]
2081 4697 2174 4749 καὶ
2203 4698 2289 4750 διὰ
2319 4705 2368 4749 τί
2402 4699 2499 4769 τὴν
2541 4699 2796 4769 τελευτὴν
2842 4699 3006 4752 αὑτοῦ
3057 4699 3256 4770 ταύτην
3285 4695 3470 4764 εἷπενς

1899 4782 2066 4850 Οὗτος
2089 4790 2116 4840 6
2161 4789 2338 4853 Ὀζίας
2381 4789 2630 4860 βασιλεὺς
2660 4787 2760 4860 ἦν,
2795 4792 2890 4845 καὶ
2923 4790 3058 4861 ἀνὴρ
3102 4791 3340 4855 δίκαιος,
3379 4793 3472 4844 καὶ

1896 4879 2111 4942 πολλοῖς·
2137 4882 2319 4951 κομῶν
2345 4885 2456 4946 τοῖς
2485 4883 2902 4954 κατορθώμασιν
2922 4898 2934 4910 ·
2960 4882 3072 4935 ἀλλ’
3100 4881 3320 4951 ὕστερόν
3343 4899 3472 4934 ποτε

1894 4976 1973 5035 εἱς
1999 4974 2253 5026 ἀπόνοιαν
2285 4970 2482 5045 ἦλθεν,
2528 4977 2606 5038 εἱς
2656 4975 2912 5028 ἀπόνοιαν
2935 5013 2947 5035 ,
2983 4974 3079 5044 τὴν
3118 4973 3328 5043 μητέρα
3363 4974 3470 5026 τῶν

1894 5063 2096 5127 κακῶν,
2127 5067 2206 5127 εἱς
2233 5065 2572 5131 ἀλαζονείαν,
2604 5067 2702 5135 τὴν
2735 5065 2977 5134 θορύϐων
3012 5065 3287 5134 γέμουσαν
3321 5063 3367 5129 i,
3393 5068 3470 5128 εἱς

1893 5157 2285 5224 ὑπερηφανίαν,
2322 5157 2419 5230 τὴν
2452 5158 2726 5211 ἀπώλειαν
2750 5156 2844 5208 τοῦ
2871 5155 3136 5209 διαϐόλου.
3169 5157 3332 5211 Οὐδὲν
3356 5157 3468 5227 γὰρ

1890 5246 2143 5311 ἀπονοίας
2177 5252 2384 5318 χεῖρον·
2422 5249 2507 5302 διὰ
2535 5247 2692 5301 τοῦτο
2712 5249 2808 5300 καὶ
2838 5248 2928 5300 τὸν
2960 5249 3118 5317 λόγον
3150 5251 3367 5305 ἅπαντα
3389 5253 3465 5312 εἱς

1949 5465 1972 5525 β
1999 5464 2052 5525 Al
2062 5461 2091 5510 ii
2116 5463 2479 5525 προφασίσηται.

1949 5523 1975 5560 h
2006 5523 2138 5572 Unus
2157 5523 2393 5589 ’βασιλέων
2417 5525 2697 5583 δηλούντων.
2723 5525 2873 5573 Savn.
2905 5525 2950 5572 in
2975 5527 3196 5586 margine
3220 5527 3314 5574 τῶν
3332 5528 3470 5589 βασι-

1884 5588 2013 5652 Αέῳν-
2026 5602 2078 5652 με
2086 5602 2170 5644 μνη
2178 5587 2340 5652 μένων..

1951 5647 1966 5683 ί
2003 5647 2134 5692 Unus
2163 5648 2267 5693 cod.
2299 5649 2336 5694 εἰ
2364 5649 2443 5694 καὶ
2481 5649 2714 5754 Ριάζεται,
2762 5648 2940 5693 οῐῐιίςςο
2983 5647 3090 5708 γάρ,
3114 5654 3160 5693 el
3193 5651 3262 5694 sic
3286 5649 3465 5703 legisse

1951 5710 2078 5753 lclur
2120 5705 2363 5754 Erasmus.
2392 5707 2474 5754 [bit
2504 5748 2508 5752 .
2539 5709 2640 5754 om?
2685 5709 2880 5754 ἀκμάζει
2904 5711 2932 5754 ἢ
2961 5710 3085 5754 ’δυ-[ἠ
3114 5709 3461 5754 ε’.)οοαινοιιένη.

1885 5710 2078 5753 videtur
2120 5705 2363 5755 Erasmus.
2392 5705 2508 5755 Ibid.
2539 5709 2640 5755 om?
2685 5709 2880 5769 ἀκμάζει
2904 5711 2932 5763 ἡ
3114 5709 3461 5768 εὐφραινομένη.

1885 5769 2036 5814 l'aulo
2061 5775 2169 5826 post.
2203 5786 2293 5814 σου
2326 5770 2409 5824 τήν
2435 5769 2658 5816 διάνοιαν.
2688 5768 2764 5817 Οἱ.
2798 5768 2921 5816 Infra
2965 5775 3064 5817 tres
3091 5782 3202 5816 mss.
3231 5770 3464 5816 κατατολο

1885 5834 1965 5890 μᾷ,
1988 5833 2038 5874 et
2065 5842 2170 5874 mox
2201 5830 2438 5887 ἐμϐαλεῖν.

1956 5893 1967 5938 ι
2004 5890 2107 5955 puo
2136 5891 2404 5955 ἀλαζονείαν
2429 5893 2519 5938 τῶν
2542 5892 2721 5955 θορύϐῳ
2745 5891 3020 5939 νοσούντων.
3055 5892 3188 5940 Unus
3215 5891 3364 5940 ιωυρι
3386 5890 3463 5938 τὸν

1882 5951 2071 6012 θόρυϐον
2095 5951 2374 6000 νοσούντων.
