4064 6214
243 393 355 447 125

239 494 381 549 enim
412 494 710 564 arrogantia
737 492 884 563 pejus
909 511 921 545 :
947 491 1066 547 ideo
1098 501 1264 545 toturn
1293 506 1597 546 sermonem
1626 490 1678 544 in
1718 490 1818 546 hoc

243 584 354 637 heri
382 583 829 652 consumpsimus,
847 582 1147 653 superbiam
1177 582 1532 646 eliminantes,
1562 590 1617 635 et
1641 579 1817 634 humi-

243 671 444 726 litatem
483 673 758 728 docentes.

309 764 365 818 ι.
411 764 686 818 Ilumilitas
710 776 951 834 quantum
976 766 1180 820 bonum.
1206 764 1271 818 In
1292 774 1440 836 portu
1469 766 1814 836 naufragium.

246 852 331 907 Vis
349 852 441 907 tibi
463 853 634 908 dicam
658 866 911 924 quantum
936 857 1128 911 bonum
1157 857 1227 909 sit
1255 855 1544 920 humilitas,
1570 864 1623 910 et
1644 871 1815 925 quau-

240 953 348 998 tum
380 945 578 1000 malum
607 947 948 1016 arrogantia?
996 947 1252 1001 Peccator
1294 946 1492 1015 justum
1525 947 1813 1014 superavit,

239 1037 550 1104 publicanus
562 1037 908 1101 Phariszcnm,
928 1047 981 1092 et
1001 1037 1161 1092 verba
1179 1036 1330 1093 factis
1352 1036 1500 1091 fuere
1520 1037 1814 1104 superiora.

237 1129 517 1196 Quomodo
534 1128 692 1183 verba
714 1130 737 1182 ?
763 1129 1084 1183 Publicanus
1099 1128 1232 1186 dicit
1251 1147 1266 1184 :
1286 1129 1444 1191 Deus,
1457 1127 1702 1196 propitius
1714 1136 1817 1181 esto

238 1222 361 1274 mihi
389 1221 660 1291 peccatori.
693 1221 990 1275 Pharisatus
1016 1220 1145 1274 dicit
1171 1238 1183 1273 :
1210 1219 1331 1273 Non
1359 1236 1471 1272 sum
1490 1221 1618 1274 sicut
1644 1219 1815 1273 caeteri

239 1313 484 1376 homines,
517 1321 718 1380 raptor,
751 1320 842 1364 aut
881 1325 1092 1365 avarus.
1124 1309 1229 1365 Sed
1257 1309 1382 1380 quid
1406 1310 1428 1362 ?
1455 1309 1644 1378 Jejuno
1669 1309 1742 1362 bis
1761 1311 1815 1361 in

234 1409 462 1473 sabbato,
491 1407 707 1460 decimas
738 1406 802 1459 do
823 1406 882 1458 de
910 1404 1234 1475 facultatibus
1264 1407 1386 1458 meis
1417 1403 1571 1472 (Luc.
1604 1403 1695 1457 18.
1722 1402 1810 1456 i3.

240 1503 324 1553 Il.
350 1501 475 1567 i2).
507 1499 804 1553 Pharisazus
832 1513 993 1567 Opera
1023 1498 1236 1564 iustitia:
1259 1496 1546 1564 praestabat
1577 1512 1589 1548 :
1627 1493 1804 1563 publi-

234 1605 400 1644 canus
429 1591 585 1644 verba
615 1590 822 1645 dicebat
841 1589 1179 1652 humilitatis,
1209 1596 1262 1641 et
1291 1586 1452 1640 verba
1478 1584 1594 1654 plus
1625 1592 1814 1654 potuc~

237 1693 360 1735 runt
380 1697 535 1750 quam
564 1681 722 1745 facta,
758 1691 1036 1749 tantusque
1069 1678 1348 1732 thesaurus
1368 1673 1681 1729 exsufflatus
1703 1682 1806 1738 est,

236 1784 290 1828 ct
318 1784 456 1827 tanta
489 1775 662 1843 in0pia
685 1774 738 1826 in
769 1772 976 1826 divitias
999 1777 1348 1824 commutata.
1382 1767 1655 1822 Venerunt
1695 1765 1814 1820 dua;

235 1881 401 1919 naves
429 1865 681 1919 habentes
704 1878 871 1925 onus;
902 1862 1073 1916 amba:
1125 1870 1335 1929 portum
1374 1860 1624 1927 ingressas
1650 1867 1772 1910 sunt
1797 1871 1810 1919 ;

233 1957 326 2011 scd
377 1956 684 2024 publicanus
724 1954 943 2022 pulchre
987 1954 1040 2006 in
1089 1962 1296 2021 portum
1344 1950 1586 2018 appulit,
1622 1948 1807 2002 Phari-

233 2062 374 2100 smus
412 2058 591 2100 autem
619 2044 952 2112 naufragium
980 2056 1265 2112 perpessus
1307 2049 1425 2104 est,
1474 2049 1529 2092 ut
1553 2038 1808 2100 disceres,

231 2151 489 2208 quantum
536 2138 658 2189 mali
689 2137 756 2189 sit
777 2135 938 2189 animi
971 2144 1165 2187 tumor.
1193 2132 1375 2186 Justus
1403 2146 1462 2184 es
1484 2130 1507 2182 ?
1528 2129 1605 2183 Ne
1631 2129 1811 2197 depri-

233 2246 347 2284 tnas
379 2232 593 2283 fratrem
646 2238 814 2281 ttnnn.
863 2227 1048 2280 Flores
1077 2237 1220 2279 reete
1255 2223 1450 2277 factis?
1497 2222 1573 2276 Ne
1617 2222 1808 2291 probra

228 2322 392 2389 jacias
453 2321 503 2373 in
567 2319 906 2388 proximum,
964 2327 1184 2384 tuasque
1249 2313 1434 2368 laudes
1493 2312 1806 2380 comprime.

231 2414 442 2479 Quanto
471 2412 642 2479 major
667 2426 744 2472 es,
776 2419 920 2464 lauto
963 2410 1129 2477 magis
1155 2407 1396 2477 deprime
1439 2405 1687 2474 tcipsum.
1716 2406 1809 2458 At-

230 2505 384 2558 tende
408 2503 548 2570 quod
579 2502 772 2556 dicitur
795 2543 812 2568 ,
843 2501 1140 2555 carissime.
1185 2498 1542 2569 Magisjustus
1571 2504 1808 2551 metuere

228 2597 386 2650 debet
428 2595 784 2664 arrogantiam
837 2608 994 2663 quam
1039 2601 1285 2660 peccator
1332 2591 1475 2644 :hoc
1517 2589 1631 2644 heri
1661 2587 1802 2643 dice-

227 2688 368 2749 bam,
410 2694 465 2740 et
499 2685 658 2740 hodie
681 2685 801 2739 dico
831 2693 1045 2754 propter
1069 2697 1163 2736 eos
1192 2683 1279 2751 qui
1312 2681 1424 2735 heri
1455 2681 1699 2746 aberant,
1735 2695 1801 2734 eo

225 2776 368 2845 quod
417 2785 665 2844 peccator
707 2775 897 2828 habeat
943 2772 1324 2828 conscientiam
1375 2786 1438 2824 ex
1489 2772 1805 2824 necessitate

228 2868 484 2923 humilem
527 2884 541 2920 :
591 2868 762 2936 justus
809 2876 984 2920 autem
1041 2865 1111 2919 ob
1168 2862 1443 2918 benefacta
1497 2861 1801 2916 extollatur.

222 2956 683 3025 Quemadmodum
718 2955 874 3026 igitur
904 2955 962 3009 iit
987 2953 1297 3024 innavigiis,
1323 2951 1413 3020 qui
1436 2966 1660 3006 vacuam
1690 2951 1787 3003 ha-

226 3052 350 3104 bent
370 3065 560 3103 navem
585 3089 599 3114 ,
641 3061 744 3100 non
775 3053 1016 3101 metuunt
1045 3043 1336 3113 piratarum
1363 3041 1616 3095 insultum
1647 3058 1660 3094 :
1693 3055 1802 3094 non

222 3142 365 3195 enim
404 3140 623 3194 veniunt
669 3146 728 3192 ιιι
768 3144 1048 3190 conteram
1075 3148 1262 3187 navem
1315 3131 1444 3185 nihil
1473 3130 1754 3186 vehentem
1786 3146 1800 3182 :

221 3241 276 3285 at
305 3232 339 3284 ii
385 3231 474 3299 qui
505 3243 693 3282 navem
719 3226 915 3281 habent
943 3233 1192 3278 onustam
1222 3263 1236 3288 ,
1268 3229 1512 3294 metuunt
1542 3221 1740 3290 piratas
1779 3238 1792 3275 :

223 3340 344 3376 nam
380 3322 544 3391 pirata
573 3321 696 3374 illuc
723 3325 992 3388 properat,
1024 3316 1111 3370 ubi
1141 3330 1350 3378 aurum,
1375 3314 1462 3368 tibi
1485 3321 1790 3382 argentum,

226 3415 315 3468 ubi
354 3413 556 3482 lapides
585 3411 799 3480 pretiosi
828 3427 841 3462 :
872 3409 949 3463 sic
989 3419 1044 3462 et
1073 3405 1316 3461 diabolus
1347 3418 1454 3459 non
1500 3404 1654 3458 facile
1677 3417 1803 3472 pec-

219 3517 459 3560 catorem
499 3503 816 3573 aggreditur,
866 3499 961 3555 sed
1001 3499 1204 3568 justum
1247 3497 1443 3568 potius,
1490 3495 1580 3549 ubi
1621 3495 1802 3548 multa:

222 3607 346 3650 sunt
374 3610 526 3663 epes.
569 3594 824 3660 Quoniam
855 3605 1000 3660 saepe
1025 3586 1326 3658 arrogantia
1349 3602 1413 3642 ex
1443 3585 1655 3641 insidiis
1682 3587 1800 3640 dia-

222 3687 326 3739 boli
353 3686 546 3748 oritur,
567 3681 883 3751 vigilandum
914 3689 996 3734 est
1026 3679 1064 3732 ¹.
1097 3677 1306 3745 Quanto
1335 3677 1506 3742 major
1537 3690 1618 3742 es,
1655 3685 1798 3728 tanto

222 3778 389 3845 magis
431 3773 670 3842 deprime
712 3771 958 3839 tcipsum.
990 3769 1123 3823 Cum
1159 3766 1464 3820 ascenderis
1505 3764 1558 3818 in
1599 3765 1798 3830 altum,

219 3881 354 3934 opus
380 3874 464 3919 est
491 3873 549 3918 ut
589 3862 678 3916 tibi
707 3861 997 3932 prospicias
1039 3875 1105 3913 ne
1148 3857 1328 3912 cadas.
1357 3855 1714 3922 Quamobrem
1745 3867 1798 3910 et

223 3958 478 4012 lhuninus
512 3964 694 4009 noster
743 3953 872 4008 dicit
921 3969 935 4006 :
974 3950 1101 4006 Cant
1143 3950 1312 4003 omnia
1339 3949 1575 4020 feceritis,
1601 3949 1749 4001 dicite
1782 3964 1800 3999 :

223 4049 438 4102 Inutiles
490 4047 618 4101 servi
664 4062 833 4100 sumus
893 4043 1042 4116 (Luc.
1096 4044 1183 4097 17.
1231 4042 1354 4111 10).
1407 4041 1541 4108 Quid
1593 4041 1799 4094 offerris

219 4142 398 4195 animo
426 4156 547 4195 cum
589 4141 662 4194 sis
690 4140 868 4203 homo,
896 4147 1153 4208 cognatus
1183 4146 1339 4189 terrm
1361 4174 1375 4199 ,
1408 4134 1644 4201 ejusdem
1675 4133 1800 4186 sub-

218 4231 431 4285 stantia:
471 4245 592 4283 cum
620 4230 820 4291 cinere,
871 4237 978 4280 tum
1032 4237 1239 4284 natura,
1281 4233 1390 4277 tum
1435 4222 1636 4286 animo,
1688 4232 1796 4274 tum

220 4323 490 4376 actionum
537 4319 785 4373 delectu?
831 4317 996 4372 Hodie
1025 4315 1194 4380 dives,
1224 4329 1343 4369 cras
1376 4328 1603 4381 pauper;
1639 4313 1798 4366 hodie

220 4430 405 4477 sanus,
438 4427 556 4466 cras
584 4418 848 4480 aegrotus;
881 4407 1037 4461 hodie
1067 4406 1288 4476 gaudes,
1323 4420 1444 4459 cras
1471 4403 1622 4457 doles
1649 4419 1663 4467 ;
1701 4402 1796 4456 ho-

221 4505 307 4559 die
338 4505 390 4556 in
419 4502 605 4572 gloria,
638 4514 758 4553 cras
786 4499 838 4551 in
863 4496 1150 4566 ignominia
1178 4512 1190 4558 ;
1229 4491 1640 4563 hodiejuvenis,
1671 4505 1792 4546 cras

219 4608 404 4649 senex.
434 4592 566 4645 Num
612 4588 808 4658 aliquid
854 4588 905 4640 iit
953 4587 1113 4641 rebus
1140 4586 1387 4639 humanis
1435 4583 1800 4644 consistit,ac

219 4700 324 4739 non
353 4685 527 4753 potius
564 4681 798 4736 amnium
830 4677 1307 4748 praeterﬂuentium
1337 4690 1551 4730 cursum
1585 4673 1797 4728 imitan-

219 4791 306 4830 tur
335 4774 512 4830 omnia
536 4773 557 4826 ?
584 4771 714 4824 Nam
741 4769 1080 4837 simulatque
1102 4775 1480 4835 apparuerunt,
1511 4766 1666 4819 citius
1693 4778 1794 4817 nos

217 4885 379 4937 quam
429 4865 615 4920 umbra
660 4863 988 4930 relinquunt.
1048 4859 1184 4925 Quid
1230 4859 1384 4926 igitur
1425 4858 1592 4912 altum
1632 4857 1793 4924 sapis,

218 4963 396 5023 homo,
451 4957 623 5010 fumus
654 4964 707 5009 et
731 4952 982 5007 vanitas?
1012 4951 1178 5004 Homo
1203 4951 1342 5003 enim
1369 4950 1578 5002 vanitati
1620 4948 1796 5001 similis

221 5057 384 5121 {nctus
432 5058 507 5102 est
553 5046 723 5116 (Psal.
767 5045 889 5098 M5.
947 5044 1038 5111 4).
1100 5041 1267 5096 Veluti
1297 5046 1482 5111 [certum
1534 5041 1638 5094 dies
1689 5041 1797 5104 eius

216 5141 383 5207 (Psal.
420 5138 542 5194 102.
573 5137 682 5203 15).
715 5134 925 5188 Exaruit
956 5150 1182 5204 gramen,
1223 5143 1273 5186 et
1315 5133 1410 5201 ﬂos
1462 5134 1568 5199 ejus
1614 5131 1798 5184 decidit

211 5240 228 5305 ί
267 5235 392 5291 lsai.
428 5232 517 5288 to.
551 5231 645 5300 8).

282 5328 394 5382 Rea:
443 5322 714 5378 sacerdotis
760 5335 860 5372 non
906 5333 1153 5386 usurpare
1198 5316 1337 5369 debet
1372 5315 1684 5384 dignitatem.
1729 5343 1798 5355 —-

215 5420 336 5473 llazc
367 5417 488 5470 dico
517 5430 619 5468 non
648 5423 704 5465 ut
734 5409 1082 5464 substantiam
1102 5408 1418 5477 deprimam,
1443 5404 1534 5458 sed
1565 5414 1620 5457 ut
1649 5418 1796 5457 arro-

212 5510 446 5581 gantiam
477 5506 763 5559 refrencm.
794 5501 1002 5570 Alioqui
1035 5510 1087 5553 et
1108 5513 1292 5568 magna
1324 5513 1406 5551 res
1427 5507 1503 5551 est
1538 5498 1718 5558 homo,
1745 5506 1799 5550 et

212 5603 443 5671 pretiosa
491 5613 577 5652 res
619 5599 698 5651 vir
743 5595 1067 5650 misericors.
1115 5594 1310 5646 Verum
1356 5591 1439 5645 hic
1470 5592 1624 5644 Ozias
1676 5607 1795 5643 cum

270 5738 283 5766 ι
325 5743 457 5781 ιτιιιιδ
481 5731 550 5780 sic
574 5730 758 5778 habet:
795 5726 1024 5779 (maniam
1063 5739 1125 5773 ea:
1165 5725 1442 5789 arrogantia
1479 5732 1676 5776 DCCt‘tlfll
1717 5738 1795 5773 ut:-

209 5805 425 5857 sciuntur,
458 5804 710 5856 propterea
736 5789 1030 5855 t'tqiltutdum
1058 5797 1143 5837 est.

1242 377 1302 431 IN
1347 378 1565 442 ILLUD,
1615 375 1746 430 VIDI
1793 375 2117 446 DOMINUM,
2162 379 2387 436 llOTtllL.
2433 379 2516 438 l'v'.

3401 391 3514 448 126

1928 504 2070 548 esset
2095 509 2189 549 rex
2215 494 2510 551 diademate
2538 497 2815 552 redimitus
2842 538 2856 562 ,
2885 498 3134 567 quoniam
3159 508 3272 553 erat
3306 499 3498 567 justus,

1925 584 2094 638 elatus
2127 593 2211 639 est
2248 587 2447 651 animo,
2478 596 2532 642 et
2569 587 2776 656 majore
2825 590 3010 658 Spiritu
3039 597 3299 658 concepto
3341 605 3501 660 quam

1926 688 2021 742 pro
2048 675 2303 744 dignitate
2327 718 2341 741 ,
2373 677 2641 747 ingressus
2681 687 2764 734 est
2791 679 3066 748 templum.
3113 681 3178 736 Et
3223 681 3348 751 quid
3375 682 3506 738 dicit

1923 764 2232 833 Scriptura?
2278 765 2544 837 Ingressus
2585 777 2658 822 est
2705 779 2879 822 sancta
2919 781 3240 835 sanctorum,
3297 770 3497 838 aitque,

1933 852 2057 908 Volo
2083 856 2287 910 adolere
2311 859 2568 912 incensum
2604 858 2695 928 (2.
2735 859 2915 914 Paral.
2947 860 3036 915 26.
3072 862 3203 932 16).
3237 862 3347 916 Rex
3378 878 3501 917 cum

1921 944 2011 1009 sit,
2041 946 2321 1001 sacerdotii
2353 948 2705 1017 principatum
2743 958 2978 1020 usurpat.
3015 949 3157 1014 Volo,
3188 952 3360 1022 inquit
3404 955 3502 1005 ad-

1923 1036 2056 1090 olere
2083 1037 2362 1106 iurensum,
2390 1040 2700 1110 quiajustus
2725 1055 2867 1095 sum.
2892 1041 2998 1098 Sed
3029 1058 3184 1098 mane
3213 1045 3350 1099 intra
3383 1053 3504 1100 tuos

1922 1128 2216 1182 terminos:
2247 1129 2335 1183 alii
2375 1139 2500 1184 sunt
2528 1131 2737 1185 termini
2761 1132 2930 1202 regni,
2960 1132 3048 1186 alii
3083 1134 3292 1188 termini
3319 1149 3502 1190 sacer-

1921 1217 2052 1272 dotii
2097 1237 2111 1273 :
2143 1234 2327 1275 verum
2357 1220 2460 1276 hoc
2499 1222 2588 1276 illo
2613 1224 2787 1292 majus
2814 1231 2913 1277 est.
2944 1223 3124 1294 Neque
3149 1226 3292 1281 enim
3323 1241 3388 1280 ex
3417 1226 3502 1281 his

1921 1323 2038 1378 quae
2081 1309 2325 1365 videntur
2370 1311 2454 1366 hic
2499 1313 2800 1368 declaratur
2840 1330 2932 1368 rex
2961 1355 2975 1379 ,
3003 1331 3177 1385 neque
3218 1331 3248 1370 e
3274 1320 3498 1387 gemmis

1922 1398 1996 1451 illi
2022 1399 2219 1467 afﬁxis,
2240 1417 2412 1472 neque
2432 1418 2497 1457 ex
2521 1418 2651 1458 auro
2672 1421 2778 1474 quo
2805 1407 3031 1460 amictus
3051 1414 3154 1472 est,
3183 1407 3341 1462 debet
3366 1410 3503 1462 msti-

1921 1490 2052 1542 mari
2085 1505 2202 1545 rex.
2234 1490 2329 1546 Ille
2373 1493 2588 1561 quidem
2629 1509 2690 1548 ea
2720 1511 2838 1564 qua:
2865 1505 2989 1549 sunt
3017 1498 3068 1550 in
3101 1499 3256 1552 terris
3283 1500 3502 1552 sortitus

1920 1580 2467 1654 est-administranda
2499 1601 2514 1638 :
2541 1594 2795 1639 caeterum
2817 1586 3098 1641 sacerdotii
3126 1588 3211 1654 jus
3253 1602 3284 1642 e
3313 1603 3499 1657 supcr-

1922 1673 2003 1725 nis
2053 1672 2330 1728 descendit
2360 1693 2374 1729 :
2411 1676 2752 1742 Quaecumque
2769 1679 2903 1730 enim
2925 1679 3193 1749 ligaveritis
3212 1697 3362 1749 super
3389 1692 3491 1733 ter-

1917 1777 2055 1825 ram,
2087 1772 2230 1815 erunt
2259 1765 2416 1833 ligata
2444 1767 2565 1820 etin
2588 1768 2711 1821 coelo
2739 1767 2758 1838 (
2784 1767 2972 1822 Matth.
3003 1771 3088 1824 16.
3121 1771 3230 1840 19).
3269 1773 3396 1842 Regi
3424 1789 3485 1826 ea

1917 1865 2036 1918 quae
2077 1850 2164 1908 hic
2200 1864 2345 1921 sunt,
2387 1857 2672 1912 commissa
2700 1866 2846 1924 sunt,
2875 1859 3005 1913 mihi
3057 1861 3290 1916 cmlestia
3323 1881 3335 1916 :
3366 1865 3496 1917 mihi

1917 1956 2035 1994 cutn
2067 1941 2218 2008 dico,
2249 1946 2582 2001 sacerdotem
2625 1948 2884 2020 intelligo.
2921 1950 3102 2022 Itaque
3131 1968 3254 2008 cum
3297 1955 3496 2010 videris

1917 2032 2248 2088 sacerdotem
2301 2035 2608 2106 indignum,
2651 2055 2719 2094 ne
2771 2040 3017 2095 traducas
3074 2044 3431 2099 sacerdotium
3482 2063 3494 2099 :

1917 2139 2019 2176 non
2065 2126 2208 2180 enim
2260 2137 2469 2195 oportet
2523 2129 2778 2186 damnare
2833 2147 2958 2197 res,
3009 2133 3101 2188 sed
3140 2151 3260 2190 eum
3302 2139 3389 2206 qui
3443 2154 3498 2194 re

1917 2212 2052 2268 bona
2108 2216 2246 2270 male
2302 2218 2500 2285 utitur;
2544 2222 2974 2291 quandoquidem
3021 2233 3074 2279 et
3111 2225 3274 2282 Jttdas
3319 2230 3498 2297 prodi-

1918 2313 1999 2356 tor
2028 2303 2146 2369 fuit,
2168 2321 2355 2360 verum
2384 2323 2489 2363 non
2517 2310 2586 2365 ob
2619 2311 2668 2365 id
2695 2324 2977 2367 accusatur
2993 2317 3124 2368 ordo
3145 2319 3494 2386 apostolicus,

1914 2396 2006 2449 sed
2037 2398 2175 2452 illius
2199 2401 2410 2456 animus
2441 2417 2571 2458 :nec
2593 2404 2796 2459 crimen
2817 2416 2898 2459 est
2926 2408 3231 2474 sacerdotii,
3263 2411 3356 2464 sed
3385 2427 3496 2465 ma-

1916 2487 2020 2541 Iutn
2049 2489 2230 2542 animi.

1982 2579 2035 2633 5.
2066 2579 2363 2636 Sacerdotes
2386 2583 2509 2637 mali
2527 2584 2864 2653 vituperandi,
2887 2603 2986 2639 non
3012 2588 3368 2643 sacerdotium.
3397 2590 3497 2644 Sn-

1911 2668 2167 2722 ccrdotum
2217 2673 2383 2742 major
2429 2675 2649 2744 dignitas
2684 2673 2838 2745 quam
2881 2680 3029 2746 regis.
3081 2677 3310 2733 Historia
3359 2682 3491 2751 regis

1914 2757 2052 2813 Ozia:
2075 2761 2353 2831 peragitur.
2375 2793 2445 2803 —
2468 2764 2532 2818 Et
2561 2773 2614 2819 tu
2636 2765 2794 2835 igitur
2821 2783 2888 2822 ne
2908 2769 3262 2823 sacerdotium
3289 2771 3493 2839 vitupe-

1910 2866 2014 2916 res,
2059 2850 2152 2905 sed
2181 2853 2513 2908 sacerdotem
2552 2856 2692 2909 male
2737 2872 2796 2911 re
2824 2858 2960 2911 bona
2995 2867 3248 2913 utentem.
3281 2860 3489 2916 Etenim

1908 2945 1950 2996 si
1981 2945 2098 3013 quis
2130 2954 2302 3001 tecum
2329 2945 2580 3016 disputet,
2611 2948 2856 3018 dicatque
2889 2967 2901 3002 :
2939 2950 3124 3006 Vidisti
3156 2952 3303 3005 illum
3335 2952 3490 3007 Chri-

1868 3055 1874 3058 -
1908 3035 2174 3090 stianum?
2201 3039 2522 3108 respondeto
2547 3057 2562 3093 :
2593 3042 2661 3093 At
2679 3055 2778 3109 ego
2802 3057 2905 3095 non
2925 3041 2994 3096 de
3015 3044 3276 3111 personis,
3301 3045 3393 3098 sed
3425 3045 3491 3099 de

1908 3124 2067 3179 rebus
2096 3127 2186 3181 tibi
2212 3127 2419 3197 loquor.
2450 3130 2659 3198 Alioqui
2685 3140 2813 3200 quot
2842 3131 3031 3187 medici
3063 3131 3186 3187 facti
3218 3143 3340 3187 sunt
3369 3150 3488 3189 car-

1909 3215 2108 3282 niﬁces,
2143 3232 2207 3272 ac
2231 3233 2432 3274 venena
2462 3236 2556 3290 pro
2595 3221 2892 3290 pharmacis
2918 3222 3214 3278 dederunt?
3253 3223 3368 3278 Non
3411 3235 3492 3278 ta-

1907 3323 2028 3362 men
2060 3317 2227 3364 artem
2274 3311 2537 3382 vitupero,
2584 3312 2676 3367 sed
2715 3313 2855 3367 male
2901 3323 3135 3368 utentem
3176 3323 3310 3369 arte.
3354 3315 3498 3382 Quot.

1907 3410 2082 3454 nautm
2124 3400 2263 3456 male
2309 3402 2679 3458 demerscrunt
2721 3404 2927 3474 navigia
2945 3405 2971 3458 ?-
2999 3404 3191 3459 Verum
3243 3421 3347 3459 non
3402 3421 3490 3459 ars

1909 3491 2186 3561 navigandi
2231 3492 2372 3547 mala
2412 3501 2510 3559 est,
2556 3493 2651 3548 sed
2697 3493 2870 3548 malus
2907 3493 3118 3548 illorum
3160 3495 3386 3550 animus.
3436 3497 3495 3550 Si

1905 3580 2234 3636 Christianus
2272 3581 2430 3637 fuerit
2446 3583 2742 3652 improbus,
2758 3601 2828 3640 ne
2845 3583 3060 3637 incuses
3071 3583 3262 3654 dogma
3280 3599 3382 3638 nec
3401 3599 3456 3638 sa
3475 3615 3488 3622 -

1905 3669 2222 3734 cerdotium,
2254 3672 2348 3728 sed
2367 3685 2422 3724 re
2445 3668 2586 3724 bona
2610 3676 2854 3724 utentem
2886 3667 3044 3720 male.
3087 3666 3218 3737 Regi
3262 3681 3485 3736 corpora

1904 3760 2186 3814 commissa
2215 3767 2357 3824 sunt,
2389 3757 2649 3812 sacerdoti
2675 3761 2903 3823 animae;
2938 3773 3034 3813 rex
3064 3759 3274 3814 residua
3322 3775 3484 3828 pecu-

1906 3852 2110 3905 niarum
2138 3849 2377 3912 remittit,
2401 3848 2652 3903 sacerdos
2671 3857 2848 3903 autem
2873 3849 3083 3904 residua
3112 3859 3446 3918 peccatorum
3471 3871 3481 3904 :

1905 3943 1990 3994 ille
2029 3940 2189 4011 cogit,
2231 3939 2318 3994 hic
2343 3938 2695 3994 exhortatur:
2725 3940 2812 3994 ille
2841 3941 3178 4005 necessitate,
3224 3941 3309 3995 hic
3354 3957 3486 3995 con-

1903 4032 2022 4085 silio
2047 4049 2059 4084 :
2095 4032 2183 4085 ille
2205 4029 2364 4084 habet
2389 4044 2534 4083 arma
2557 4030 2850 4097 scnsibilia,
2880 4030 2965 4086 hic
2985 4047 3130 4086 arma
3154 4033 3444 4102 spiritttalia
3472 4054 3482 4087 :

1905 4124 1990 4177 ille
2019 4123 2216 4177 bellum
2252 4123 2388 4190 gerit
2416 4137 2538 4176 cum
2576 4122 2832 4188 barbaris,
2868 4123 2997 4176 mihi
3046 4123 3241 4178 bellum
3283 4136 3363 4178 est
3390 4127 3487 4179 ad-

1905 4229 2087 4268 versus
2127 4213 2418 4269 daemones.
2463 4213 2629 4284 Major
2669 4213 2754 4268 hic
2798 4214 3161 4282 principatus;
3209 4225 3488 4285 propterea

1903 4323 1998 4361 rex
2027 4316 2186 4375 caput
2229 4307 2494 4361 submittit
2535 4307 2712 4359 manui
2756 4304 3070 4369 sacerdotis,
3107 4315 3159 4358 et
3201 4306 3394 4374 ubique
3436 4308 3488 4360 in

1901 4399 2073 4452 Veteri
2092 4397 2370 4467 Scriptura
2400 4397 2706 4451 sacerdotes
2736 4395 3060 4464 inungebant
3088 4411 3260 4463 rcges.
3290 4395 3488 4452 Verum

1906 4504 1996 4542 rex
2025 4488 2110 4542 ille
2135 4501 2230 4540 sua
2260 4486 2560 4540 transiliens
2589 4495 2760 4555 septa,
2785 4485 3106 4554 modumque
3138 4487 3286 4555 regni
3312 4494 3487 4541 trans-

1903 4597 2140 4651 gressus,
2178 4591 2399 4634 conatus
2442 4589 2524 4634 est
2560 4580 2757 4648 aliquid
2788 4579 3002 4644 addere,
3034 4589 3192 4649 atque
3222 4580 3491 4649 ingressus

1903 4683 1984 4727 cst
2006 4673 2258 4739 templum
2280 4686 2398 4725 cum
2421 4669 3028 4733 auctoritate,incensum
3047 4671 3266 4726 adolere
3283 4672 3490 4727 volens.

1901 4762 2039 4828 Quid
2066 4761 2223 4830 igitur
2247 4760 2533 4815 sacerdos?
2560 4760 2674 4815 Non
2707 4760 2830 4814 licet
2855 4760 2969 4827 tibi,
2993 4760 3143 4827 Ozia,
3173 4761 3389 4817 adolere
3414 4763 3494 4815 in-

1901 4868 2141 4909 censum.
2179 4851 2313 4907 Vide
2344 4853 2663 4918 libertatem,
2707 4851 2828 4906 vide
2870 4860 3102 4906 mentem
3145 4852 3349 4905 servire
3394 4869 3490 4906 ne-

1901 4946 2088 5008 sciam,
2139 4942 2259 4997 vide
2307 4943 2535 5013 linguam
2566 4942 2727 4997 caelos
2769 4943 3147 5011 attingentem,
3194 4941 3491 4996 libertatem

1903 5039 2174 5102 invictam,
2225 5037 2344 5090 vide
2397 5037 2625 5090 hominis
2653 5051 2866 5104 corpus,
2899 5044 2952 5088 et
2995 5033 3171 5103 angeli
3217 5045 3490 5088 mentem:

1904 5132 2020 5186 vide
2047 5129 2192 5186 hutni
2223 5129 2628 5199 ingredientem,
2662 5139 2714 5182 et
2746 5128 2798 5181 in
2839 5127 2970 5182 caalo
2997 5135 3320 5186 versantem.
3350 5127 3498 5182 Vidit

1903 5241 2105 5296 regem,
2150 5239 2257 5278 non
2308 5223 2438 5276 vidit
2476 5237 2758 5291 purpuram
2797 5237 2810 5274 :
2845 5220 2978 5274 vidit
3006 5236 3208 5290 regem,
3239 5237 3336 5275 nec
3360 5220 3503 5274 vidit

1903 5316 2162 5371 diadema.
2197 5314 2274 5368 Ne
2301 5313 2425 5366 mihi
2454 5313 2650 5366 dixeris
2675 5327 2795 5367 esse
2825 5327 3069 5381 regnum,
3098 5313 3184 5366 ubi
3212 5322 3293 5366 est
3316 5313 3489 5381 legunt

1906 5405 2276 5475 transgressio.
2313 5403 2432 5456 Non
2465 5405 2576 5456 licet
2606 5403 2710 5465 tibi,
2743 5419 2854 5469 rex,
2883 5404 3084 5456 adolere
3120 5404 3383 5456 incensum
3410 5399 3488 5450 in-

1904 5509 1978 5550 tra
2007 5507 2180 5550 sancta
2219 5505 2508 5549 sanctorum
2543 5493 2616 5565 (2.
2654 5493 2830 5548 Paral.
2873 5493 2965 5548 26.
3000 5494 3128 5561 18);
3161 5493 3461 5547 transcendi
3474 5508 3498 5546 s

1903 5599 2071 5657 septa,
2103 5588 2299 5654 quaeris
2332 5587 2423 5640 tibi
2467 5602 2571 5639 non
2604 5601 2856 5640 concessa
2887 5604 2898 5639 :
2934 5585 3051 5639 ideo
3082 5599 3199 5652 qua:
3236 5584 3492 5651 accepisti

1906 5682 2112 5748 perdes.
2144 5677 2266 5730 Non
2299 5679 2409 5731 licet
2441 5678 2529 5730 tibi
2554 5677 2754 5730 adolere
2783 5677 3069 5738 incensum,
3104 5675 3190 5726 sed
3220 5675 3492 5729 sacerdoti-

1904 5777 1991 5828 bus
2017 5774 2148 5826 istud
2188 5771 2360 5824 (latum
2405 5781 2491 5823 cst.
2525 5769 2640 5824 Non
2681 5780 2823 5822 tuum
2867 5777 2948 5821 cst
2989 5765 3106 5832 hoc,
3151 5765 3244 5820 sed
3291 5781 3485 5821 meum.
