4064 6214
503 386 614 441 127

504 493 641 549 Num
680 497 827 545 tuam
872 481 1120 554 usurpavi
1168 475 1491 550 purpuram?
1518 472 1598 529 Ne
1643 484 1870 539 usui-pes
1911 480 2091 554 meum

505 570 883 632 sacerdotium.
916 551 1038 622 Non
1066 564 1179 619 licet
1206 562 1293 616 tibi
1320 558 1822 619 adoiereincensum,
1856 551 1945 608 sed
1980 559 2095 603 tan-

507 680 613 723 tam
640 662 981 721 sacerdotibus
1019 656 1143 727 [iiiis
1180 655 1373 710 Aaron.
1404 651 1532 707 Post
1562 647 1800 703 'multum
1837 641 2096 712 temporis

502 761 613 831 jam
643 755 893 814 defuncto
917 752 1130 809 Aarone
1155 747 1258 804 hoc
1279 743 1490 801 accidit.
1519 741 1589 796 Et
1611 736 1960 831 quamobrem
1987 747 2095 789 non

503 826 657 914 dixit,
691 844 1051 905 Sacerdotibus
1080 847 1314 906 tantum,
1344 835 1438 896 sed
1465 842 1521 890 et
1560 831 1730 902 patris
1765 826 2096 884 mentionem

505 943 673 999 fecit?
700 937 908 995 Accidit
931 936 986 991 in
1008 933 1099 990 illo
1123 941 1385 1002 tempore,
1410 936 1468 981 ut
1488 925 1593 980 tale
1612 922 1887 994 quidpiam
1908 919 2095 975 ﬂeret:

506 1036 712 1092 Dathan
746 1031 912 1094 enim,
940 1028 1144 1085 Abiron
1171 1033 1226 1081 et
1250 1022 1389 1079 Core
1414 1020 1817 1075 insurrexeraut
1838 1013 2100 1069 adversus

505 1130 729 1181 Aaron:
775 1130 959 1192 aperta
989 1125 1074 1173 est
1120 1124 1285 1180 terra,
1327 1125 1393 1167 ac
1416 1108 1695 1165 devoravit
1741 1106 1911 1169 illos;
1953 1100 2102 1157 venit

505 1217 643 1288 ignis
689 1230 721 1272 e
756 1214 912 1277 caelo,
949 1219 1003 1266 et
1042 1207 1247 1264 exussit
1274 1218 1368 1261 eos
1397 1201 1587 1273 (Num.
1616 1198 1684 1255 l6
1713 1209 1761 1253 et
1791 1195 1939 1288 Psat.

506 1284 594 1363 ἡ.
625 1305 738 1377 l8).
768 1302 965 1359 Veiens
1005 1299 1165 1370 igitur
1188 1311 1311 1354 eum
1346 1290 1812 1349 commonefacere
1838 1286 1982 1343 illius
2004 1284 2096 1377 tu.

506 1376 707 1462 storias,
748 1394 889 1463 quod
918 1392 1048 1447 olim
1076 1402 1289 1460 quoque
1317 1384 1677 1441 sacerdotium
1704 1378 1942 1451 aggressi
1970 1376 2099 1442 sint,

508 1504 692 1547 verum
724 1503 829 1541 non
867 1482 1227 1546 succubuerit,
1258 1478 1355 1535 sed
1378 1477 1565 1533 adorta
1591 1484 1675 1531 est
1710 1470 2018 1536 multitudo,
2045 1478 2102 1525 et

514 1584 655 1637 Deus
682 1580 825 1634 illaut
854 1578 996 1633 ultus
1018 1582 1141 1630 est:
1174 1570 1299 1628 Non
1325 1570 1441 1625 licet
1468 1568 1557 1623 tibi
1584 1566 1791 1621 adolere
1812 1566 2098 1627 incensum,

507 1672 596 1725 sed
624 1670 745 1726 solis
785 1666 1127 1725 sacerdotibus
1174 1663 1297 1733 ﬁliis
1337 1661 1534 1717 Aaron.
1563 1658 1681 1715 Non
1722 1656 1877 1722 dixit,
1913 1653 2099 1723 Cogita

508 1762 636 1834 quid
672 1760 815 1833 passi
859 1760 966 1818 sint
1005 1756 1095 1828 qui
1133 1765 1261 1811 tunc
1304 1752 1394 1809 illa
1426 1759 1752 1823 patrarunt:
1798 1763 1907 1803 non
1936 1746 2098 1811 dixit,

508 1854 692 1925 Cogita
722 1865 817 1906 eos
854 1848 944 1920 qui
980 1847 1390 1903 insurrexerunt
1427 1843 1738 1899 combustos
1779 1839 1975 1905 fuisse;
2005 1836 2102 1892 sed

510 1944 787 2000 nominato
837 1941 1081 2005 Aarone,
1130 1950 1292 2007 quem
1336 1934 1483 1989 ultus
1524 1943 1609 1989 est
1657 1932 1828 1998 Deus,
1870 1943 1993 1985 eum
2036 1926 2104 1982 ad

512 2035 750 2092 historiae
801 2030 1223 2089 recordationem
1274 2026 1537 2093 adduxit,
1587 2024 1670 2080 his
1718 2020 2104 2094 propemodum

511 2127 689 2183 verbis
719 2134 877 2181 utens
911 2140 925 2179 :
957 2121 1077 2177 Noli
1104 2118 1301 2176 audere
1328 2132 1449 2187 qua:
1476 2130 1639 2170 ausus
1664 2124 1748 2171 est
1779 2113 2007 2181 Dathan,
2037 2125 2106 2167 ne

514 2216 733 2287 patiaris
763 2214 971 2279 cadent,
1006 2227 1127 2283 quae.
1153 2221 1394 2281 tempore
1419 2208 1599 2264 Aaron
1629 2206 1958 2263 acciderunt.
1992 2203 2107 2259 Rex

512 2318 689 2363 autem
716 2306 875 2363 Ozias
904 2320 1011 2360 non
1050 2301 1305 2359 sustinuit
1341 2299 1793 2363 admonitionem,
1826 2300 1922 2353 sed
1950 2311 2106 2352 arro-

512 2400 693 2471 gantia
724 2398 937 2453 inﬂatus
964 2396 1235 2465 ingressus
1260 2401 1343 2448 est
1367 2390 1649 2461 templum,
1682 2388 1893 2459 aperuit
1924 2396 2108 2443 sancta

514 2500 843 2553 sattctorum,
893 2488 1082 2543 volens
1131 2485 1349 2541 adolere
1392 2485 1692 2539 incensum.
1744 2479 1880 2548 Quid
1927 2488 2106 2535 autem

518 2585 698 2641 Deus?
728 2580 827 2637 Ubi
869 2580 1030 2651 igitur
1066 2577 1317 2636 sacerdos
1344 2583 1683 2645 contemptus
1709 2582 1817 2640 est,
1846 2571 2106 2643 dignitas-

516 2691 623 2746 que
662 2672 949 2729 sacerdotii
981 2674 1332 2737 conculcata,
1366 2682 1468 2724 nec
1511 2666 1800 2737 quidquam
1846 2674 2107 2735 praeterea

517 2776 725 2835 poterat
752 2762 1004 2820 sacerdos
1036 2779 1049 2816 :
1082 2775 1205 2817 nam
1242 2758 1539 2816 sacerdotis
1570 2766 1775 2812 tantum
1803 2764 1889 2812 est
1915 2770 2112 2826 argue-

518 2875 595 2923 re,
628 2855 958 2923 liberamque
987 2861 1241 2921 priestare
1264 2848 1704 2909 admonitionem,
1738 2861 1843 2903 non
1892 2858 2112 2899 movere

518 2963 687 3013 arma,
737 2961 841 3000 non
876 2944 1094 3015 clypeos
1134 2955 1414 3010 usurpare,
1443 2954 1550 2995 non
1588 2939 1801 2993 vibrare
1846 2937 2110 3003 lanceam,

521 3056 619 3095 nec
644 3053 828 3092 arcum
861 3034 1101 3099 tendere,
1130 3047 1230 3088 nec
1266 3030 1444 3103 jacula
1488 3032 1727 3098 mittere,
1769 3028 1864 3085 sed
1906 3037 2111 3084 tantum

520 3143 777 3198 arguere,
812 3140 876 3181 ac
919 3125 1086 3181 libere
1127 3138 1348 3180 monere
1383 3141 1397 3177 :
1433 3130 1781 3193 posteaquam
1820 3121 1983 3193 igitur
2022 3136 2112 3176 ar-

519 3219 723 3289 guisset
750 3215 1024 3283 sacerdos,
1055 3230 1150 3271 rex
1178 3223 1359 3270 autem
1387 3228 1494 3269 non
1524 3214 1811 3279 cessisset,
1841 3211 1935 3269 sed
1965 3227 2113 3268 arma

522 3319 783 3375 moveret,
813 3308 1031 3380 clypeos
1049 3317 1105 3362 et
1126 3305 1329 3372 hastas,
1360 3319 1561 3375 suaque
1588 3314 1829 3362 uteretur
1854 3304 2112 3375 potentia,

522 3400 595 3455 ibi
667 3396 942 3460 sacerdos,
994 3393 1140 3466 Ego,
1194 3394 1403 3465 inquit,
1456 3396 1603 3466 quod
1647 3404 1768 3453 erat
1812 3396 1918 3453 mei
1952 3396 2114 3452 ofﬁcii

522 3488 767 3559 prmstiti,
813 3485 944 3540 nihil
972 3483 1202 3555 amplius
1232 3498 1470 3553 possum,
1496 3498 1752 3541 succurre
1810 3485 2115 3543 sacerdotio

522 3580 665 3651 quod
712 3578 1075 3639 conculcatur,
1126 3576 1269 3645 leges
1298 3575 1594 3643 violantur,
1642 3576 1723 3631 fas
1768 3578 2113 3634 subvertitur.

522 3669 660 3739 Quid
704 3668 864 3739 igitur
905 3666 994 3721 ille
1031 3664 1308 3719 hominum
1335 3666 1581 3720 amator?
1606 3667 1790 3722 Virum
1814 3668 2072 3725 audacem
2096 3671 2113 3702 ⁸

527 3760 707 3812 incisoi
717 3766 818 3811 tur.
839 3756 901 3809 Et
914 3755 1149 3809 continuo
1165 3756 1373 3825 efﬂoruit
1385 3756 1525 3823 lepra
1536 3758 1589 3809 in
1602 3758 1766 3826 fronte
1776 3758 1915 3813 illius
1928 3760 2002 3831 (2.
2020 3759 2119 3814 Pa-

526 3852 622 3905 ml.
652 3850 739 3904 26.
768 3848 877 3916 i9).
903 3846 1232 3917 Ubicumque
1252 3855 1334 3903 est
1355 3846 1701 3918 impudentia,
1727 3850 1833 3906 illic
1853 3862 1934 3906 est
1961 3851 2115 3908 ultio.

601 3942 741 3997 Ultio
783 3939 879 3994 Dei
921 3939 1154 3993 clemens.
1188 3968 1257 3980 —
1287 3938 1477 3995 Vidisti
1520 3940 1903 4011 benignitatem
1958 3944 2113 3999 ultio-

528 4035 610 4089 nis
636 4030 866 4086 divinae?
904 4030 1020 4086 Non
1051 4030 1248 4086 fulmen
1278 4032 1476 4099 emisit,
1513 4047 1618 4088 non
1660 4044 1862 4090 terram
1893 4049 2120 4092 concus-

526 4128 617 4189 sit,
653 4138 753 4175 non
785 4123 1073 4175 commovit
1096 4122 1318 4187 caelum;
1344 4124 1436 4177 sed
1468 4123 1702 4179 efﬂoruit
1729 4127 1897 4195 lepra,
1930 4143 2037 4182 non
2064 4128 2117 4183 itt

529 4222 637 4273 alio
670 4218 784 4271 loco
811 4229 970 4284 quam
1002 4215 1055 4268 in
1084 4214 1278 4281 fronte,
1307 4225 1363 4269 ut
1389 4216 1549 4270 facies
1580 4233 1689 4285 pm:
1715 4233 1774 4271 se
1802 4218 1967 4275 ferret
1994 4220 2115 4274 vin-

529 4314 724 4363 dictam
756 4308 796 4369 ³,
832 4314 885 4360 ut
917 4312 1185 4374 tamquam
1218 4306 1268 4358 in
1298 4306 1452 4375 cippo
1480 4305 1649 4360 litera:
1678 4316 1861 4362 essent
1892 4309 2120 4378 impres-

531 4417 623 4452 διν.
655 4399 768 4451 Non
811 4398 951 4451 enim
985 4405 1199 4465 prepter
1229 4396 1377 4449 illum
1409 4396 1603 4450 factum
1638 4406 1740 4463 est,
1777 4397 1873 4454 sed
1906 4408 2123 4469 propter

532 4510 625 4550 eos
655 4494 743 4561 qui
788 4492 839 4543 in
880 4498 1151 4559 posterum
1196 4498 1321 4543 sunt
1365 4489 1547 4543 futttri.
1577 4490 1712 4545 Cum
1758 4492 1900 4546 enim
1943 4503 2125 4562 posset

536 4602 630 4656 pro
654 4583 855 4637 meritis
876 4596 1082 4651 pinnam
1108 4581 1366 4651 inﬂigere,
1390 4597 1492 4637 non
1518 4583 1737 4647 inﬂixit;
1762 4586 1855 4640 sed
1878 4586 1929 4640 in
1952 4586 2126 4643 fronte

534 4680 681 4749 «ptasi
712 4678 791 4729 lex
826 4676 994 4745 posita
1018 4685 1099 4729 est
1125 4676 1266 4729 velut
1292 4677 1342 4729 in
1374 4677 1491 4732 loco
1512 4676 1747 4743 sublimi,
1772 4678 1993 4733 dicens:
2022 4679 2127 4735 No-

533 4775 627 4827 lite
656 4772 829 4824 facere
862 4770 1006 4831 talia,
1042 4783 1107 4821 ne
1135 4770 1407 4837 patiamini
1433 4769 1652 4825 similia.
1686 4770 1830 4825 Exiit
1860 4771 1943 4827 lex
1984 4772 2124 4839 viva,

532 4876 586 4918 et
627 4862 775 4915 frons
821 4875 1007 4915 vocem
1040 4859 1205 4913 edidit
1233 4860 1356 4914 tuba
1398 4861 1725 4917 clariorem:
1760 4861 1931 4917 litera:
1978 4875 2130 4918 erant

536 4953 807 5022 inscriptae
840 4950 1017 5014 fronti,
1048 4951 1213 5005 literae
1239 4967 1357 5021 qua:
1382 4951 1549 5008 deleri
1575 4969 1681 5008 non
1711 4964 1995 5023 poterant:
2025 4972 2130 5010 nett

536 5048 677 5099 t'ttitll
710 5054 861 5097 crmti
882 5052 1180 5097 atramento
1208 5044 1494 5112 inscriptae,
1526 5054 1581 5098 ut
1608 5045 1801 5115 aliquis
1830 5058 2009 5116 posset
2040 5048 2135 5103 de-

540 5142 672 5201 lere,
708 5134 801 5189 sed
844 5134 1101 5187 naturalis
1142 5146 1255 5188 crat
1284 5135 1448 5203 lepra,
1478 5150 1707 5203 eumque
1750 5137 2005 5193 reddebat
2036 5139 2135 5193 im-

544 5226 822 5289 mundum,
855 5233 912 5279 ut
938 5225 1073 5278 alios
1095 5224 1291 5279 faceret
1320 5226 1567 5281 mundos.
1597 5226 1663 5281 Et
1687 5228 2135 5297 quemadmodum

538 5324 656 5385 jure
696 5319 994 5379 damnatos,
1044 5326 1385 5384 posteaqumn
1429 5318 1607 5373 funem
1650 5322 1974 5388 acceperint,
2005 5322 2136 5375 edu-

543 5418 668 5459 t‘tlni
708 5407 884 5459 funem
929 5421 1021 5460 ore
1056 5415 1367 5475 gestantes:
1411 5406 1488 5460 sic
1528 5417 1582 5462 et
1625 5408 1712 5462 hic
1755 5409 2135 5475 abducebatur,

547 5516 644 5569 pro
669 5503 792 5553 lnne
820 5499 1021 5567 lepram
1054 5498 1103 5552 in
1134 5500 1304 5553 fronte
1342 5510 1575 5568 gestans,
1609 5515 1674 5555 eo
1704 5502 1845 5571 quod
1890 5505 2140 5559 sacerdo-

617 5680 644 5786 ti
670 5685 827 5732 tinus,
867 5676 1083 5785 ί...μίαςδ
1120 5675 1423 5727 subvertitur.
1465 5684 1518 5726 Et
1560 5679 1666 5728 cide
1700 5679 1819 5742 quid
1839 5676 1963 5744 [ints
1991 5680 2142 5731 virum

617 5770 624 5786 t
652 5754 803 5786 m‘t'm.
834 5754 859 5785 (3
884 5751 928 5786 C.

551 5751 803 5791 aontm‘um.
834 5751 928 5786 (εις.

624 5816 635 5831 ι
664 5797 691 5845 'i
711 5811 789 5843 res
816 5808 943 5857 Msa...
971 5805 1017 5847 tu
1043 5795 1269 5850 sttvvlicii
1292 5806 1523 5863 tropaeum
1547 5802 1711 5861 ferret.

1251 360 1311 417 S.
1340 353 1619 416 JOANNIS
1656 348 2138 411 CHRYSOSTOMI
2178 346 2494 403 AltCHlEP.
2532 348 3066 409 CONSTANTINOP.

3652 372 3762 431 128

2205 464 2336 519 tium
2376 463 2642 522 atiecisset
2681 470 3021 526 contumelia.
3052 467 3178 525 Haec
3218 468 3428 543 loquor,
3456 484 3565 529 non
3596 469 3743 530 inccs

2198 570 2324 612 sens
2346 571 2522 625 reges,
2544 559 2639 615 sed
2668 575 2762 615 eos
2801 562 2889 631 qui
2918 562 3219 633 arrogantia
3248 563 3433 635 iraque
3456 573 3583 624 sunt
3617 565 3774 633 ebrii,

2200 658 2257 703 ut
2282 647 2587 721 intelligetis
2615 652 2975 710 sacerdotium
3005 668 3171 726 regno
3197 655 3369 727 majus
3392 670 3538 714 esse.

2269 739 2324 794 ϐ.
2362 738 2581 808 Semper
2611 741 2757 795 enim
2792 741 2952 810 Deus,
2996 745 3083 801 ubi
3121 745 3360 816 peccavit
3396 744 3597 814 anima,
3626 746 3783 817 punit

2198 846 2416 903 corpus.
2455 830 2645 889 itidem
2684 834 2810 891 fecit
2843 846 2896 893 et
2943 838 2997 894 in
3037 839 3194 896 Cain.
3238 838 3429 897 Anima
3468 848 3787 911 peccaverat

2198 925 2435 980 admisso
2465 924 2772 994 parricidio,
2817 937 2872 985 et
2908 942 3103 999 corpus
3143 930 3283 987 illius
3324 930 3552 1003 paralysi
3580 939 3784 987 tactum

2198 1027 2321 1072 est:
2351 1018 2510 1089 idque
2547 1019 2669 1089 jure
2694 1023 2916 1092 optimo.
2943 1020 3337 1088 Quamobrem?
3361 1020 3576 1079 Gemens
3594 1036 3658 1076 ac
3682 1032 3786 1077 tre-

2201 1124 2341 1163 mens
2368 1112 2470 1165 eris
2504 1126 2659 1183 super
2688 1123 2875 1167 terram
2916 1111 3067 1183 (Gen.
3097 1111 3151 1167 4.
3197 1110 3313 1183 12).
3356 1110 3427 1169 Et
3465 1111 3785 1169 circumibat

2200 1197 2353 1266 Cain,
2380 1201 2629 1259 omnibus
2657 1202 2905 1273 loquens,
2944 1202 3159 1259 silentio
3185 1216 3370 1259 vocem
3399 1202 3586 1271 edens,
3616 1203 3784 1259 silen-

2203 1290 2384 1361 tioque
2422 1291 2692 1348 erudiens.
2732 1293 2937 1365 Lingua
2980 1294 3211 1361 tacebat,
3239 1301 3296 1349 et
3321 1302 3514 1351 caetera
3546 1294 3785 1351 membra

2201 1382 2504 1439 clamabant
2531 1401 2545 1438 :
2569 1385 2882 1456 cunctisque
2910 1385 3230 1455 exponebat,
3257 1400 3355 1441 cur
3388 1395 3645 1456 gemeret,
3685 1401 3785 1442 cur

2204 1484 2457 1531 tremeret
2487 1492 2501 1530 :
2531 1476 2773 1532 Fratrem
2796 1477 2989 1542 occidi,
3019 1477 3356 1548 parricidium
3391 1477 3602 1534 admisi.
3632 1478 3783 1547 Quod

2204 1576 2391 1634 postea
2414 1565 2625 1637 Moyses
2647 1568 2852 1638 scripto
2876 1568 3125 1630 narravit,
3162 1567 3253 1623 ille
3277 1568 3436 1624 rebus
3462 1568 3591 1637 ipsis
3615 1567 3789 1623 omni-

2202 1654 2302 1711 bus
2329 1656 2554 1726 loquens
2590 1658 2966 1714 obambulabat
3006 1676 3021 1715 :
3069 1656 3191 1713 Non
3227 1659 3421 1714 occides
3453 1657 3649 1728 (Exod.
3690 1658 3787 1716 20.

2205 1747 2319 1817 l3).
2348 1746 2539 1802 Vidisti
2566 1762 2629 1805 os
2666 1748 2850 1812 silens,
2894 1757 2950 1805 et
2986 1764 3099 1804 rem
3144 1748 3569 1805 vociferantem?
3610 1749 3786 1805 vidisti

2204 1837 2375 1908 legem
2420 1839 2596 1895 vivam
2637 1839 2805 1896 ferri?
2847 1841 3027 1898 vidisti
3068 1843 3277 1909 cippum
3325 1840 3789 1899 obambulantem?

2206 1930 2385 1986 vidisti
2430 1930 2719 1987 vindictam
2769 1932 3001 1988 vindicta
3051 1932 3201 1987 tollit
3248 1932 3422 1987 vidisti
3470 1932 3789 2004 supplicium

2206 2038 2421 2081 versum
2449 2024 2506 2081 in
2531 2024 2851 2081 eruditionis
2895 2025 3211 2081 materiam?
3257 2026 3433 2083 vidisti
3482 2035 3787 2097 peccantem

2207 2115 2461 2181 animam,
2490 2123 2547 2171 et
2566 2129 2782 2172 carnem
2817 2116 3030 2173 dantem
3068 2117 3292 2186 pinnas?
3316 2116 3478 2188 idque
3503 2118 3791 2175 admodum

2206 2218 2583 2277 congruenter.
2616 2208 2761 2264 idem
2790 2208 2983 2264 accidit
3027 2209 3081 2264 in
3108 2208 3364 2265 Zacharia
3396 2225 3412 2263 :
3452 2210 3630 2265 anima
3670 2226 3792 2278 pec-

2208 2308 2378 2366 carat,
2400 2300 2649 2372 etiingua
2669 2302 2846 2356 vincta
2869 2310 2971 2356 est.
2996 2300 3127 2356 Nam
3159 2316 3282 2356 eum
3312 2302 3498 2358 inutile
3526 2302 3790 2357 redditum

2209 2399 2353 2445 esset
2380 2405 2637 2459 organum
2666 2391 2877 2461 linguae,
2922 2393 3009 2447 ille
3037 2394 3123 2463 qui
3154 2393 3336 2465 genuit
3372 2408 3556 2450 vocem
3587 2394 3792 2449 Zacha-

2211 2480 2319 2537 rias
2348 2482 2565 2550 punitus
2587 2492 2669 2538 est
2697 2482 2855 2552 (Luc.
2882 2483 2941 2554 2)
2973 2500 2986 2537 :
3018 2484 3095 2539 sic
3121 2486 3370 2540 nimirum
3390 2492 3446 2541 et
3469 2485 3624 2541 Ozias
3646 2487 3792 2557 lepra

2211 2572 2264 2627 in
2294 2572 2471 2628 fronte
2495 2584 2773 2644 correptus
2808 2583 2910 2642 est,
2939 2590 3059 2631 cum
3092 2587 3387 2646 peccasset,
3419 2588 3476 2632 ut
3504 2578 3591 2633 ille
3615 2579 3796 2633 erudi-

2210 2674 2377 2720 retur.
2409 2664 2479 2719 Et
2505 2680 2756 2737 egressus
2796 2675 2879 2722 est
2919 2682 3035 2734 rex,
3080 2669 3327 2724 omnibus
3368 2670 3667 2740 exemplum
3713 2669 3795 2723 fa-

2211 2767 2349 2821 ctus,
2374 2766 2759 2829 purgatumque
2779 2770 2859 2816 est
2888 2762 3163 2830 templum,
3184 2770 3238 2817 et
3258 2760 3462 2831 eiectus
3480 2772 3561 2817 est
3583 2762 3795 2817 nemine

2214 2846 2567 2916 propellente,
2599 2861 2826 2918 cumque
2852 2851 3207 2905 sacerdotium
3232 2852 3333 2905 sibi
3374 2850 3535 2906 vellet
3559 2866 3793 2918 sumere,

2212 2946 2267 2991 et
2312 2936 2417 2993 hoc
2458 2938 2599 3008 quod
2643 2938 2871 2995 habebat
2909 2939 3155 3009 perdidit.
3200 2939 3267 2995 Et
3303 2940 3465 2996 exivit
3502 2955 3534 2996 e
3573 2941 3796 3011 templo.

2216 3025 2380 3083 Vetus
2407 3036 2525 3083 erat
2551 3043 2668 3083 mos
2693 3042 2907 3084 omnem
2946 3029 3214 3099 leprosum
3257 3044 3290 3085 e
3326 3031 3538 3085 civitate
3565 3030 3795 3100 ejicere;

2214 3136 2355 3177 nunc
2374 3135 2503 3176 vero
2532 3135 2637 3176 non
2669 3121 2807 3176 idem
2838 3120 2915 3176 tit.
2944 3120 3053 3177 Cur
3078 3120 3337 3177 itatNam
3366 3136 3485 3176 cum
3518 3122 3655 3177 Deus
3677 3122 3797 3177 vel-

2216 3213 2292 3269 uti
2350 3214 2531 3284 pueris
2574 3212 2720 3284 leges
2757 3213 2980 3279 ferebat,
3021 3223 3133 3268 tum
3163 3214 3307 3282 lepra
3350 3222 3466 3269 erat
3508 3215 3747 3284 corporis
3780 3230 3797 3270 :

2215 3320 2358 3361 nunc
2382 3315 2561 3361 autem
2590 3305 2781 3360 animae
2808 3307 2953 3375 lepra
2982 3306 3259 3377 quaeritur.
3296 3304 3476 3361 Exivit
3501 3304 3662 3375 igitur
3699 3317 3793 3358 rex

2215 3413 2337 3453 cum
2364 3398 2533 3467 lepra,
2560 3412 2660 3454 nec
2689 3408 2864 3454 tamen
2894 3398 3164 3466 ejccerunt
3186 3414 3307 3454 eum
3337 3414 3369 3454 e
3407 3398 3640 3464 civitate,
3682 3397 3798 3452 dia-

2217 3489 2372 3544 dema
2399 3489 2540 3544 illius
2566 3489 2873 3560 regiamque
2897 3489 3211 3560 dignitatem
3238 3490 3453 3546 reveriti
3488 3509 3502 3544 :
3534 3490 3628 3546 sed
3671 3505 3800 3545 con-

2216 3579 2356 3635 sedit
2384 3580 2434 3634 in
2462 3579 2597 3634 solio
2625 3594 2809 3634 rursus
2845 3581 3011 3651 legem
3054 3580 3462 3652 transgrediens.
3496 3580 3631 3649 Quid
3671 3596 3802 3653 ergo

2219 3672 2397 3726 Deus?
2440 3670 2680 3728 irascens
2708 3671 2907 3727 Judatis
2950 3672 3232 3743 interrupit
3278 3673 3626 3743 prophetiam.
3674 3673 3801 3728 lla‘c

2218 3772 2393 3819 autem
2422 3764 2601 3818 omnia
2623 3764 2760 3819 dicta
2788 3774 2913 3819 sunt
2932 3774 3150 3833 prepter
3174 3764 3394 3820 verbum
3423 3764 3713 3834 prophetae,
3742 3775 3803 3819 ut

2219 3854 2494 3910 exsolvam
2514 3854 2656 3925 quod
2677 3855 2849 3910 debeo
2868 3857 2911 3909 ί.
2931 3854 3037 3910 Sed
3062 3855 3129 3910 ad
3155 3857 3479 3926 propositum
3498 3856 3799 3911 redeamus.

2221 3947 2483 4015 Egressus
2508 3954 2591 4000 est
2619 3961 2649 4000 e
2684 3946 2884 4015 templo
2909 3960 3006 4001 rex
3034 3946 3181 4014 lepra
3208 3953 3507 4015 correptus.
3546 3943 3677 3999 Cum
3709 3946 3803 4016 igi-

2224 4047 2310 4091 tur
2335 4037 2496 4092 etiam
2540 4053 2604 4091 ex
2632 4037 2765 4091 urbe
2793 4037 2941 4091 illum
2983 4036 3103 4107 ejici
3142 4036 3210 4092 de
3247 4050 3397 4091 more
3437 4045 3705 4105 oporteret
3749 4045 3807 4091 ut

2222 4128 2575 4193 immundum,
2620 4127 2762 4183 intus
2806 4129 2954 4183 illum
2991 4128 3217 4199 populus
3257 4127 3445 4184 sedere
3488 4127 3745 4198 permittit
3788 4146 3803 4183 :

2226 4234 2322 4274 nec
2348 4220 2515 4274 ullum
2544 4219 2627 4274 vel
2655 4220 2905 4289 exiguum
2933 4220 3014 4273 vel
3046 4234 3292 4289 magnum
3340 4219 3559 4274 verbum
3589 4220 3802 4283 emittit,

2223 4310 2366 4379 quod
2392 4311 2689 4365 libertatem
2720 4310 2967 4380 loquendi
2996 4326 3103 4379 pra:
3137 4325 3195 4364 se
3239 4310 3425 4365 ferret.
3458 4310 3607 4376 Quod
3648 4311 3808 4381 igitur

2226 4400 2376 4454 illum
2421 4400 2677 4467 sinerent,
2715 4411 2987 4455 aversatus
3031 4409 3113 4455 est
3140 4401 3260 4455 illos
3304 4401 3475 4467 Deus,
3506 4410 3561 4455 et
3585 4404 3806 4471 gratiam

2292 4578 2309 4609 ι
2346 4576 2430 4625 Hic
2452 4583 2529 4637 est
2550 4587 2726 4637 magna
2751 4574 3102 4635 exemplarium
3127 4574 3363 4637 varietas:
3385 4586 3557 4623 omnes
3572 4574 3679 4637 fere
3693 4574 3813 4627 Mss.

2228 4652 2339 4687 cum
2377 4636 2550 4685 Savilio
2570 4671 2584 4695 ,
2609 4635 2706 4685 uno
2745 4645 2983 4696 excepto,
3010 4644 3197 4684 textum
3222 4635 3405 4683 habent
3429 4641 3482 4683 ut
3514 4648 3602 4683 nos
3626 4636 3672 4682 in
3700 4646 3812 4684 nota

2232 4700 2433 4749 edimus.
2461 4698 2685 4747 Morellus
2710 4710 2828 4747 vero
2853 4707 2902 4747 et
2925 4710 3050 4745 unus
3073 4696 3232 4745 Codex
3259 4701 3360 4744 toto
3391 4696 3509 4745 cado
3530 4696 3763 4744 differunt
3786 4712 3812 4747 a

2229 4761 2463 4809 saviliana
2486 4761 2719 4810 Editione.
2761 4760 2937 4807 tuorelli
2976 4766 3139 4815 tamen
3177 4756 3426 4817 exemplar
3457 4766 3695 4820 sequutus
3737 4765 3816 4808 est

2234 4830 2470 4879 Erasmus,
2498 4832 2549 4871 et
2573 4836 2662 4871 nos
2682 4834 2879 4883 quoque
2902 4822 3156 4927 sequimur
3175 4853 3189 4877 ,
3224 4820 3509 4880 quibusdam
3548 4825 3709 4866 tamen
3747 4832 3811 4867 ex

2234 4884 2328 4927 alio
2352 4891 2492 4927 textu
2516 4883 2785 4927 emendatis
2804 4922 2815 4927 _
2843 4896 2951 4927 una}
2997 4882 3091 4927 ριτί
3115 4894 3205 4927 tum
3234 4887 3470 4927 poterant.
3495 4879 3635 4927 Savil.
3664 4882 3811 4927 igitur

2232 4884 2328 4932 alio
2352 4891 2492 4933 textu
2516 4879 2815 4937 emendatis]
2843 4896 2951 4943 qua:
2977 4879 3091 4929 fcl‘i‘i
3115 4894 3205 4927 non
3234 4879 3637 4943 poterant._5avi|._
3664 4882 3817 4943 igitur

2236 4954 2287 4994 et
2311 4947 2611 5006 Manuscripti
2650 4940 2873 5005 quatuor'
2895 4944 2967 5006 sic
3004 4945 3183 4990 habent
3218 4955 3230 4987 :
3261 4950 3354 5006 ego
3371 4940 3598 5006 quidem,
3622 4941 3811 5006 inquit_,

2270 5008 2361 5055 uoci
2385 5000 2743 5071 tiwtttit'_erat_,_
2772 5004 2952 5065 peregi.
3006 5013 3091 5071 r'os
3129 5000 3327 5071 populus
3360 5004 3603 5071 impurum
3645 5002 3817 5071 ςεῑρειτ

2255 5061 2333 5117 ere
2372 5066 2589 5117 (tutetis?
2632 5061 2817 5117 Scilicet
2860 5061 3084 5114 veremini
3130 5061 3311 5127 regiam
3350 5061 3631 5127 dignitatem
3655 5061 3678 5110 ξ)
3722 5064 3815 5127 βαῖίί

2238 5130 2396 5193 potius
2441 5129 2594 5189 legem
2632 5128 2735 5193 Dei
2760 5127 3067 5193 cotttenutitis.
3118 5123 3257 5193 illum
3290 5123 3438 5187 igitur
3475 5124 3601 5193 intus
3645 5123 3818 5193 sedere

2240 5185 2575 5255 permiserunt.
2611 5188 2739 5255 Quid
2776 5189 2922 5255 igitur
2964 5190 3129 5255 Deus?
3165 5185 3411 5255 aversetur
3442 5192 3511 5255 est
3530 5185 3641 5234 illos
3661 5197 3679 5233 .'
3700 5188 3820 5255 Jun:

2241 5249 2331 5301 non
2355 5250 2775 5319 {ittiplitts,itiquit,
2794 5249 2964 5319 'loquor
2986 5249 3227 5319 prophetis
3246 5249 3428 5319 vestris,
3442 5249 3552 5307 jam
3570 5258 3661 5319 non
3683 5249 3822 5319 mitto

2242 5315 2447 5376 gralinm
2470 5314 2687 5373 Spiritus.
2708 5321 2758 5361 Et
2774 5314 2965 5376 uerbum
2987 5320 3086 5376 erat
3104 5314 3361 5376 pretiosum
3384 5315 3516 5364 tunc,
3540 5316 3692 5355 etnon
3714 5316 3822 5356 erat

2243 5372 2399 5425 Sermo
2422 5377 2702 5424 vutictmms.
2738 5374 3033 5437 siietggratiu
3057 5372 3285 5437 spiritus,
3324 5378 3450 5437 Deus
3485 5381 3576 5417 non
3608 5381 3823 5437 appare-

2247 5439 2340 5486 bat.
2370 5440 2613 5497 Quoniam,
2640 5442 2832 5498 propter
2853 5432 3176 5498 humandum,
3196 5446 3285 5481 non
3310 5432 3480 5498 oderat
3512 5432 3668 5491 gratia
3688 5464 3714 5498 ,Α
3730 5442 3825 5480 nou

2246 5492 2506 5561 apparebat
2537 5492 2659 5561 Deus
2682 5536 2711 5561 ,ξ
2731 5492 2823 5545 non
2863 5496 3061 5561 visiones
3097 5495 3385 5561 monstrabat
3406 5505 3545 5561 ,r_uou
3570 5492 3827 5561 Preti/tem:

2248 5553 2471 5621 [ostendo
2496 5558 2823 5621 declarabant.
2850 5558 2938 5621 Sed
2973 5558 3094 5606 sicut
3125 5557 3185 5604 ab
3208 5556 3365 5615 alis/uo
3388 5554 3590 5615 offensus
3602 5553 3825 5621 .dicet'cs,

2245 5619 2358 5669 Jam
2380 5636 2471 5670 non
2498 5619 2585 5669 tibi
2609 5620 2802 5679 loquor,
2828 5620 2935 5676 jam
2968 5634 3057 5683 non
3092 5622 3561 5683 σοηφοιιγδοι-ἠιινίτιιηις
3595 5619 3662 5678 ita
3700 5622 3827 5683 netia

2248 5684 2386 5732 sentit
2431 5691 2476 5731 et
2522 5674 2764 5730 iruscttur.
2791 5674 2908 5729 Non
2948 5682 3073 5730 enim
3113 5680 3276 5743 urbem
3318 5676 3451 5743 iitum
3490 5674 3831 5743 misericordia

2250 5747 2571 5793 L‘.l’itlititiltlt’ili
2595 5744 2851 5805 crisin/nuit.
2882 5756 2974 5791 non
2998 5742 3165 5803 pluit,
3193 5754 3280 5787 non
3306 5736 3571 5805 antibussit.
3590 5738 3679 5805 sed
3700 5735 3827 5799 quid

2253 5806 2368 5857 dicit
2384 5814 2403 5854 ’ἐ
2428 5816 2523 5856 ,κοη
2548 5806 2682 5857 vultis
2706 5794 2777 5856 ι’ἱιε
2802 5794 3044 5856 rindtcaic
3062 5810 3083 5852 Υ
3225 5814 3314 5851 non
3340 5799 3503 5863 loquor
3527 5794 3674 5847 tubis.
