4064 6214
242 367 361 425 129

234 477 521 547 interrupit
547 475 872 547 prephetize;
910 489 972 529 ac
1002 474 1192 529 merito
1228 488 1374 527 sane.
1416 472 1545 526 Nam
1578 470 1827 527 quoniam

234 571 415 638 legem
448 567 612 636 ipsius
653 566 941 631 violarant,
975 572 1030 619 ct
1064 564 1256 633 ejicere
1285 562 1613 616 immundum
1642 559 1830 613 timue-

240 668 379 720 rant,
412 657 785 728 prepheticum
817 658 958 711 sistit
986 656 1180 709 donum
1213 671 1225 707 :
1256 651 1325 706 Et
1356 653 1557 707 verbum
1584 659 1688 704 erat
1716 666 1829 719 pre-

236 755 421 804 tiosum
450 760 587 811 tunc,
619 764 718 801 non
747 756 854 800 erat
878 762 1039 800 sermo
1067 745 1349 798 vaticinans
1378 744 1449 813 (l.
1482 740 1609 813 Reg.
1640 742 1693 796 5.
1723 740 1777 809 1)
1812 756 1825 793 :

239 842 340 894 hoc
368 850 471 903 est,
521 854 624 892 non
665 837 1035 906 alloquebatur
1061 834 1180 889 illos
1208 849 1300 903 per
1342 833 1626 903 prophetas
1666 831 1826 895 Deus,

238 948 335 985 uec
370 930 663 1002 inspirabat
688 931 739 983 in
770 944 862 983 eos
890 928 1120 995 Spiritus
1143 942 1238 996 per
1262 940 1419 997 quem
1446 923 1825 995 loquebantur,

236 1026 359 1093 quia
388 1023 719 1078 immundum
748 1036 912 1092 penes
938 1036 995 1075 se
1022 1020 1289 1074 habebant
1320 1036 1333 1072 :
1363 1032 1536 1088 neque
1574 1017 1715 1072 enim
1741 1031 1829 1071 so-

238 1118 309 1169 let
343 1116 646 1170 immundos
674 1113 855 1168 afflare
894 1112 1124 1181 Spiritus
1152 1111 1341 1181 gratia.
1390 1109 1677 1180 Propterea
1723 1122 1825 1160 non

238 1209 447 1270 tulerat,
470 1222 575 1259 non
598 1205 889 1275 apparebat
914 1203 1213 1272 prophetis,
1240 1199 1332 1255 sed
1354 1201 1474 1254 silet
1500 1209 1551 1253 et
1577 1199 1823 1252 occultat.

240 1298 307 1352 lit
359 1310 538 1351 autem
592 1296 732 1365 quod
793 1294 911 1348 dico
969 1292 1312 1347 manifestum
1369 1289 1640 1351 reddatur,
1697 1286 1826 1341 illud

238 1390 487 1457 exemplo
510 1386 812 1443 declarabo.
838 1385 1066 1439 Perinde
1087 1385 1235 1452 quasi
1266 1382 1525 1452 quispiam
1549 1396 1673 1449 erga
1699 1379 1830 1432 alte-

240 1499 358 1535 rum
398 1482 535 1535 bene
571 1478 815 1540 affectus,
856 1477 922 1531 ab
960 1491 1025 1531 eo
1062 1475 1261 1530 furiose
1310 1473 1467 1527 fuerit
1506 1469 1739 1525 offensus
1777 1470 1827 1523 in

242 1589 298 1625 re
328 1573 526 1638 aliqua,
561 1579 614 1624 et
636 1569 781 1623 dicat
802 1567 873 1620 illi
902 1585 913 1619 :
940 1566 1055 1620 Non
1077 1565 1307 1634 amplius
1334 1579 1418 1617 me
1450 1561 1654 1617 videbis
1684 1580 1697 1616 :
1724 1576 1827 1614 non

239 1665 428 1731 loquar
468 1670 639 1714 tecum
694 1678 707 1712 :
749 1660 827 1712 sic
875 1667 983 1711 tum
1028 1656 1134 1727 egit
1183 1656 1342 1708 Deus.
1390 1652 1828 1722 Quandoquidem

243 1754 388 1806 enim
432 1767 535 1804 non
563 1751 834 1819 ejicieutes
864 1750 1044 1803 Oziam
1077 1749 1221 1802 illum
1256 1746 1541 1811 irritarant,
1574 1745 1689 1800 Non
1719 1758 1832 1798 am-

241 1842 401 1912 plius,
431 1842 622 1909 inquit,
654 1840 925 1908 prophetis
966 1839 1155 1892 vestris
1192 1838 1405 1907 loquor,
1454 1852 1561 1891 non
1604 1834 1832 1904 amplius

242 1933 472 2002 Spirtus
500 1933 723 2001 gratiam
770 1932 943 1984 mitto.
991 1928 1123 1984 Vide
1162 1929 1477 2000 supplicium
1508 1926 1830 1997 benignitate

244 2026 522 2080 refertum.
552 2024 665 2078 Non
698 2025 839 2078 enim
874 2022 1090 2076 fulmina
1122 2020 1361 2087 immisit,
1392 2034 1566 2089 neque
1598 2017 1831 2073 funditus

243 2118 429 2171 urbem
459 2116 765 2180 concussit;
796 2115 884 2168 sed
917 2113 1074 2183 quid?
1113 2111 1230 2166 Non
1270 2113 1428 2166 vultis
1470 2127 1556 2166 me
1604 2110 1828 2165 ulcisci?

244 2208 450 2275 inquit;
484 2222 587 2259 non
617 2207 891 2273 colloquor
922 2206 1217 2259 vobiscum.
1260 2204 1451 2257 Annon
1493 2203 1633 2257 enim
1680 2208 1828 2270 pote-

243 2314 355 2352 ram
386 2298 538 2351 illum
564 2297 798 2367 ejicere?
827 2296 1024 2351 Verum
1052 2295 1191 2364 quod
1236 2295 1490 2357 restabat,
1524 2294 1672 2348 vobis
1703 2292 1831 2347 reli-

244 2403 385 2443 ctum
428 2405 549 2444 esse
599 2389 763 2443 volui.
806 2388 919 2442 Non
962 2387 1151 2442 vultis?
1195 2386 1380 2456 Neque
1421 2401 1520 2455 ego
1557 2385 1833 2453 colloqnor

244 2482 547 2544 vobiscum,
597 2494 771 2547 neque
801 2479 975 2533 excito
1008 2478 1383 2547 prophetarum
1413 2477 1670 2530 animum.
1716 2474 1829 2527 Non

243 2573 437 2640 agebat
467 2570 517 2623 in
542 2570 620 2624 eis
650 2569 878 2636 Spiritus
912 2568 1100 2637 gratia,
1130 2568 1399 2621 silentium
1426 2575 1559 2631 erat,
1589 2564 1832 2619 simultas

246 2662 387 2715 inter
413 2662 578 2715 Deum
623 2669 677 2713 et
719 2658 983 2712 homines.
1027 2657 1159 2712 Cum
1207 2658 1362 2727 igitur
1404 2657 1491 2711 ille
1532 2666 1650 2725 post
1693 2663 1835 2709 esset

247 2764 513 2817 mortuus,
544 2752 751 2807 sublata
781 2760 863 2805 est
891 2759 944 2805 et
974 2751 1301 2820 impurornm
1324 2749 1553 2803 occasio.
1586 2747 1723 2816 Ergo
1747 2745 1833 2799 ubi

247 2848 507 2915 propheta
542 2844 708 2899 multo
739 2853 976 2914 tempore
1016 2843 1262 2897 desiisset
1292 2842 1604 2912 przedicere,
1639 2841 1833 2908 illoque

246 2938 463 2991 silentio
492 2936 661 2990 soluta
692 2935 875 2989 fuisset
914 2934 991 2989 ira
1022 2934 1135 2998 Dei,
1182 2932 1339 2988 rediit
1374 2932 1667 3002 prophetia.
1702 2931 1835 2985 llinc

249 3034 508 3099 propheta
541 3028 844 3083 necessario
871 3028 1115 3097 designat
1138 3027 1324 3080 mortis
1352 3037 1576 3095 tempus,
1610 3025 1789 3079 dicens
1819 3042 1831 3077 :

252 3123 315 3174 Et
348 3124 538 3191 factum
568 3132 639 3175 est
680 3137 835 3185 anno,
866 3136 962 3188 quo
995 3128 1223 3171 mortuus
1266 3126 1337 3171 est
1389 3116 1539 3169 Ozias
1582 3132 1692 3179 rex,
1736 3115 1836 3166 uidi

253 3212 531 3264 Dominum
560 3212 808 3265 sedentem
836 3212 889 3262 iu
914 3211 1041 3263 solio
1070 3209 1266 3264 excelso
1288 3217 1333 3262 et
1360 3208 1566 3261 elevato.
1596 3207 1728 3261 Cum
1750 3207 1837 3260 ille

251 3312 494 3355 mortuus
521 3309 684 3366 esset,
717 3310 824 3355 tum
853 3299 956 3354 vidi
998 3300 1299 3353 Dominum.
1328 3298 1460 3353 Nam
1490 3306 1642 3351 antea
1673 3297 1836 3351 Deum

253 3410 361 3445 non
408 3391 651 3446 videbam
696 3392 849 3447 nobis
892 3393 1104 3446 iratum.
1152 3390 1308 3445 Venit
1347 3405 1491 3445 mors
1534 3390 1745 3459 impuri,
1786 3398 1839 3443 et

252 3485 413 3538 solvit
462 3484 615 3538 iram.
665 3483 813 3538 lianc
856 3484 924 3539 ob
968 3498 1217 3550 causam,
1265 3498 1385 3536 cum
1429 3482 1619 3551 ubique
1658 3497 1841 3550 regum

256 3578 421 3628 vitam
455 3584 858 3637 commemoret,
886 3575 971 3628 hic
999 3583 1223 3629 mortem
1253 3574 1384 3628 dixit
1410 3571 1552 3627 Ozias
1582 3591 1594 3625 :
1626 3571 1841 3625 Factum

256 3679 329 3722 est
359 3669 409 3721 in
438 3684 590 3731 anno,
621 3683 717 3734 quo
742 3676 968 3720 mortuus
1008 3676 1080 3719 est
1125 3665 1275 3719 Ozias
1304 3682 1411 3731 rex,
1443 3665 1544 3717 vidi
1572 3662 1841 3716 Dominum

249 3759 510 3813 sedentem
550 3759 603 3812 in
642 3758 770 3812 solio
815 3758 1010 3812 excelso
1053 3766 1099 3811 et
1142 3758 1347 3811 elevato.
1402 3759 1480 3811 Ae
1526 3770 1709 3809 rursus
1757 3754 1844 3808 hic

258 3853 624 3921 contemplare
653 3852 746 3906 Dei
774 3851 1086 3905 bonitatem.
1114 3850 1347 3905 Mortuus
1389 3856 1471 3902 cst
1496 3849 1754 3916 impurus,
1792 3855 1846 3900 et

261 3946 407 4000 Deus
450 3944 823 3998 reconciliatus
871 3950 953 3995 est
1005 3940 1323 3995 hominibus.
1356 3938 1713 4005 Quamobrem
1746 3936 1846 3990 hoc

262 4039 460 4089 factum
491 4044 592 4100 est,
618 4048 736 4087 cum
765 4032 893 4087 nihil
924 4040 1066 4086 esset
1095 4039 1240 4087 recte
1284 4028 1561 4092 factorum,
1603 4027 1695 4081 sed
1729 4036 1844 4080 tan-

261 4143 377 4180 tum
408 4127 499 4181 ille
530 4136 770 4178 mortuus
804 4123 988 4177 esset?
1027 4122 1289 4189 Quoniam
1334 4121 1595 4173 humanus
1636 4128 1715 4172 est
1746 4117 1848 4169 Do

260 4220 463 4280 minus,
494 4230 593 4271 nec
632 4215 684 4267 iu
728 4214 916 4267 talibus
958 4213 1064 4280 agit
1106 4209 1341 4265 severius
1384 4226 1402 4261 :
1448 4223 1608 4261 unum
1646 4215 1848 4260 tantum

261 4308 544 4379 quaerebat
583 4305 852 4359 benclicus
900 4303 1060 4367 Deus,
1108 4310 1164 4354 ut
1206 4301 1376 4355 exiret
1421 4300 1677 4367 impurus.
1728 4297 1851 4350 llaec

265 4404 448 4468 itaque
486 4413 605 4453 cum
646 4396 899 4460 sciamus,
932 4393 1286 4461 arrogantiam
1313 4390 1646 4459 abjiciamtts,
1676 4387 1850 4440 humi-

266 4495 470 4546 litatem
499 4490 898 4559 amplectamur,
945 4486 1154 4539 solitam
1195 4485 1417 4554 gloriam
1446 4483 1728 4537 offeramus
1751 4480 1847 4534 Pa-

267 4584 339 4636 tri
372 4592 426 4636 et
449 4581 583 4635 Filio
608 4590 659 4634 et
684 4578 904 4647 Spiritui
946 4585 1154 4640 sancto,
1196 4589 1337 4629 nunc
1368 4585 1420 4629 et
1459 4588 1690 4642 semper,
1720 4580 1773 4626 et
1801 4570 1852 4625 in

268 4672 469 4728 stccula
499 4671 838 4724 saeculorum.
869 4667 1061 4720 Amen.

271 4848 333 4906 In
361 4847 562 4899 dictum
594 4839 721 4895 illud
753 4838 902 4893 Isaia:
929 4835 1209 4907 propheta:
1239 4854 1250 4888 :
1278 4832 1493 4887 Factum
1517 4841 1587 4885 est
1625 4832 1676 4883 in
1702 4847 1856 4885 anno,

350 4954 447 5008 quo
475 4945 701 4988 mortuus
731 4941 802 4985 est
834 4930 985 4983 Ozias
1012 4944 1102 4981 rea:
1126 4969 1139 4989 ,
1168 4926 1270 4980 vidi
1302 4924 1569 4977 Dominum
1610 4920 1771 4990 (Isai.
1803 4918 1857 4973 6.

354 5034 378 5085 1
412 5031 431 5099 )
455 5046 469 5082 :
494 5037 548 5081 et
574 5021 955 5080 demonstratio
976 5019 1116 5088 quod
1142 5018 1297 5072 Ozias
1318 5016 1436 5084 jure
1464 5014 1621 5067 fuerit
1646 5010 1862 5064 affectus

356 5124 502 5189 lepra
524 5158 538 5182 ,
569 5114 710 5185 quod
753 5120 944 5181 printer
973 5109 1280 5179 dignitatem
1332 5106 1607 5161 incensum
1639 5101 1863 5157 obtulis-

354 5222 481 5275 set,
511 5207 562 5262 id
594 5204 734 5275 quod
776 5216 881 5257 non
913 5200 1037 5254 licet
1066 5198 1278 5267 regibus
1301 5237 1316 5263 ,
1349 5197 1443 5251 sed
1479 5192 1861 5249 sacerdotibus.

889 5354 1171 5412 HOMILIA
1213 5353 1274 5408 V.

364 5503 415 5555 l.
458 5498 570 5568 Age
612 5489 928 5563 expositioni
976 5488 1043 5543 de
1092 5486 1217 5541 Ozia
1270 5494 1459 5555 empta:
1507 5484 1663 5538 hodie
1713 5481 1869 5535 finem

287 5591 665 5659 imponamus,
718 5582 981 5652 fastigium
1032 5577 1263 5632 sermoni
1306 5576 1413 5645 jam
1464 5574 1755 5637 addamus,
1807 5586 1873 5625 ne

297 5684 509 5755 quando
532 5694 627 5733 nos
643 5694 850 5749 quoque
865 5674 1217 5736 derideamur,
1251 5668 1695 5739 quemadmodum
1718 5682 1875 5721 evan-

298 5773 504 5842 gelieus
528 5766 743 5837 ille,qui
768 5777 1051 5838 aggressus
1089 5763 1349 5819 :cdiftcarc
1379 5766 1585 5831 turrim,
1621 5764 1872 5835 perficere

1296 356 1361 414 IN
1397 357 1617 420 "LUD,
1664 352 1797 408 VlDi
1838 353 2167 425 DOMINUM,
2211 360 2437 417 llOlllL.
2473 360 2537 418 .

3387 384 3500 438 130

1938 484 2040 524 non
2067 476 2233 541 potuit
2263 493 2276 529 :
2306 492 2370 530 ne
2396 476 2514 546 quis
2544 477 2829 547 aliquando
2859 482 3293 549 praetereuntium
3324 481 3389 535 de
3421 497 3518 536 no-

1936 562 2017 616 bis
2042 580 2250 635 quoque
2276 566 2417 621 dicat
2448 585 2463 623 :
2508 568 2608 621 Hic
2637 571 2785 623 homo
2818 575 2964 640 erepit
2996 571 3271 639 wdicare,
3305 589 3394 625 nec
3426 592 3517 642 po-

1935 654 2027 706 tuit
2053 656 2291 724 percere
2321 656 2469 728 (Luc.
2505 660 2591 713 M.
2632 660 2743 730 30).
2784 661 2974 716 Verum
3005 677 3107 728 quo
3135 663 3285 717 vobis
3327 661 3520 717 diluci-

1935 745 2082 799 diora
2114 748 2242 802 fiant
2270 765 2385 818 qua:
2407 750 2667 817 dicentur,
2696 768 2758 805 ex
2791 753 2852 807 iis
2880 768 2996 820 quae
3014 754 3152 807 dicta
3179 763 3304 807 sunt
3326 770 3518 821 nuper,

1934 851 2111 903 Operae
2137 839 2361 905 pretium
2392 841 2493 894 erit
2524 856 2686 910 pauca
2711 852 2949 909 repetere
2969 885 2984 908 ,
3017 860 3082 897 ne
3112 844 3283 913 capite
3307 854 3517 898 trunca-

1936 934 2021 980 tus
2047 942 2225 981 sermo
2252 938 2433 983 noster
2459 931 2682 999 prodeat
2712 932 2762 985 in
2795 933 3069 1000 Spirituale
3102 934 3393 997 theatrum,
3424 934 3516 988 sed

1934 1028 2242 1087 recuperata
2310 1021 2442 1076 facie
2488 1036 2583 1075 sua
2632 1021 2784 1076 facile
2836 1037 2867 1076 a
2909 1024 3298 1093 spectatoribus
3348 1026 3519 1093 possit

1934 1109 2170 1176 agnosci.
2226 1109 2280 1163 Id
2324 1112 2464 1164 enim
2499 1114 2697 1180 pariter
2726 1121 2779 1165 ct
2810 1112 2872 1166 iis
2898 1115 2984 1182 qtti
3038 1114 3356 1178 audierunt,
3417 1117 3521 1169 erit

1937 1200 2205 1254 memoriae
2244 1204 2548 1268 renovatio,
2582 1213 2633 1256 et
2684 1204 2747 1257 iis
2774 1204 2862 1272 qui
2907 1219 3010 1258 non
3052 1205 3372 1273 audierunt,
3420 1207 3516 1260 do-

1934 1290 2121 1342 ctrina.
2139 1287 2316 1359 Nuper
2342 1291 2497 1361 igitur
2521 1292 2747 1347 diximus
2771 1308 2927 1363 quam
2952 1295 3105 1348 fuerit
3133 1295 3248 1364 pius
3267 1295 3442 1361 Ozias,
3466 1306 3521 1351 et

1934 1380 2202 1446 quomodo
2231 1383 2465 1437 evaserit
2494 1382 2764 1450 improbus
2785 1425 2799 1447 ,
2833 1392 2886 1438 et
2916 1384 3055 1438 unde
3085 1399 3269 1447 orsus,
3302 1401 3405 1454 quo
3430 1400 3519 1439 su-

1935 1470 2131 1538 perbite
2181 1472 2455 1540 prolapsus
2505 1474 2621 1527 sit:
2671 1474 2828 1529 hodie
2876 1490 3004 1529 vero
3048 1476 3332 1530 dicendum
3382 1481 3516 1542 erit,

1933 1560 2199 1628 quomodo
2254 1562 2506 1631 templum
2540 1564 2808 1632 ingressus
2837 1565 2936 1629 sit,
2981 1565 3247 1634 quomodo
3304 1569 3520 1620 tcutarit

1933 1651 2148 1705 adolere
2188 1652 2494 1715 incensum,
2543 1654 2811 1721 quomodo
2858 1654 3187 1723 prohibuerit
3236 1656 3381 1709 illum
3428 1670 3517 1709 sa-

1934 1740 2145 1807 cerdos,
2164 1743 2428 1811 quomodo
2450 1743 2538 1798 ille
2556 1758 2661 1797 non
2685 1745 2926 1808 cesserit,
2945 1746 3213 1815 quomodo
3239 1747 3288 1798 in
3312 1762 3370 1798 se
3394 1761 3519 1813 pro-

1935 1834 2201 1888 vocavcrit
2240 1834 2370 1887 iram
2402 1834 2493 1889 Dei
2514 1877 2529 1901 ,
2560 1836 2827 1903 quomodo
2870 1836 3031 1903 lcpr:e
3062 1836 3323 1889 obnoxius
3354 1838 3515 1889 vitam

1937 1926 2163 1993 finierit,
2194 1934 2248 1980 et
2290 1941 2446 1997 quam
2478 1927 2546 1981 ob
2571 1942 2785 1979 causam
2834 1928 3089 1995 propheta
3142 1928 3517 1995 pra-tcrmissis

1935 2018 2057 2071 vita:
2103 2018 2239 2072 illius
2266 2018 2489 2083 diebus,
2520 2020 2707 2072 mortis
2753 2018 2936 2071 fecerit
2981 2019 3306 2072 mentionem
3336 2018 3403 2070 ita
3432 2018 3516 2070 lo-

1935 2123 2104 2178 quens
2134 2125 2148 2164 :
2180 2108 2358 2175 Anno,
2390 2125 2486 2178 quo
2512 2120 2737 2161 mortuus
2766 2118 2840 2160 est
2872 2106 3023 2162 Ozias
3049 2123 3137 2160 rex
3166 2106 3318 2175 (lsai.
3350 2106 3400 2160 6.
3436 2108 3515 2175 l).

1936 2200 2060 2254 lltcc
2088 2200 2226 2254 enim
2271 2213 2427 2253 causa
2460 2198 2556 2252 fuit
2585 2214 2679 2252 cur
2705 2206 2868 2251 totam
2901 2198 2965 2251 ab
2987 2197 3207 2251 exordio
3234 2195 3515 2250 historiam

1937 2300 2321 2355 tractarcmus;
2351 2289 2443 2345 sed
2469 2289 2763 2343 auscultate
2789 2288 3090 2358 diligenter.

2010 2383 2160 2453 Regis
2218 2381 2558 2436 sacerdotium
2604 2379 2882 2432 invadentis
2930 2377 3163 2431 audacia.
3225 2377 3516 2432 Sacerdotis

1935 2483 2122 2543 quanta
2157 2470 2571 2541 potestas.Et
2594 2474 2783 2540 factum
2826 2479 2934 2531 est,
2965 2469 3173 2537 inquit,
3221 2484 3333 2520 cum
3374 2469 3517 2521 inva-

1938 2564 2108 2615 luissct
2138 2560 2289 2614 Ozias
2318 2577 2406 2613 rex
2424 2600 2439 2625 ,
2467 2560 2650 2612 elatum
2673 2566 2744 2610 est
2772 2574 2857 2609 cor
2876 2558 2985 2627 ejus
3004 2599 3018 2623 ,
3047 2573 3200 2626 usque
3239 2558 3307 2609 ad
3339 2574 3515 2609 corru-

1939 2657 2176 2723 ptionem,
2200 2664 2247 2707 et
2266 2653 2504 2723 injuriam
2530 2652 2643 2722 fecit
2670 2653 2721 2703 in
2750 2651 2962 2703 Domino
2992 2648 3097 2702 Deo
3125 2665 3214 2703 suo
3237 2649 3313 2717 (2.
3339 2648 3515 2701 Paral.

1935 2746 2025 2800 26.
2051 2746 2163 2816 16).
2188 2746 2316 2813 Quis
2345 2744 2549 2813 injuria:
2576 2743 2805 2797 modus?
2830 2741 3097 2812 Ingressus
3122 2750 3220 2804 est,
3246 2742 3432 2809 inquit.
3467 2742 3517 2793 in

1938 2839 2180 2907 templum
2209 2836 2430 2901 Domini,
2456 2846 2506 2888 ut
2528 2835 2749 2888 adoleret
2778 2835 3033 2886 incensum
3055 2848 3205 2899 super
3225 2832 3384 2883 altare
3408 2832 3520 2900 thy-

1938 2928 2208 2982 miamatis.
2252 2930 2295 2982 0
2347 2926 2653 2980 audaciam!
2700 2939 2732 2977 o
2783 2922 3196 2991 impudentiam!
3253 2921 3520 2975 Adversus

1939 3023 2049 3089 ipsa
2082 3034 2230 3073 sacra
2257 3017 2413 3087 adyta
2438 3032 2595 3070 ausus
2616 3056 2629 3079 ,
2657 3016 2708 3067 in
2751 3022 2932 3067 sancta
2964 3027 3264 3066 sanctorum
3299 3011 3424 3078 iri-ti;
3446 3012 3477 3064 it
3500 3051 3518 3075 ,

1939 3128 2025 3181 qlll
2056 3112 2200 3165 locus
2226 3108 2470 3162 omnibus
2496 3104 2959 3166 eratiuaccessus,
2991 3110 3341 3169 prazterqnam
3374 3117 3519 3153 sum~

1941 3217 2029 3255 mo
2054 3199 2313 3255 sacerdoti
2337 3239 2351 3262 ,
2396 3197 2535 3250 hunc
2577 3193 2855 3264 profanare
2880 3202 3101 3246 conatus
3128 3200 3227 3245 est.
3273 3190 3415 3242 Talis
3441 3206 3470 3244 c
3502 3199 3522 3243 t

1941 3294 2114 3346 anima
2145 3292 2199 3346 in
2225 3288 2577 3359 arrogantiam
2608 3287 2830 3339 sublata.
2865 3284 3044 3338 Semel
3068 3283 3208 3337 enim
3242 3283 3520 3351 desperata

1942 3384 2113 3437 salute
2143 3394 2470 3451 nequaquam
2489 3376 2681 3432 desiuit
2700 3376 2895 3438 furere,
2916 3388 3097 3427 verum
3122 3372 3355 3425 habenas
3382 3371 3523 3424 salu-

1945 3477 2010 3530 tis
2031 3489 2139 3529 suae.
2158 3474 2342 3527 laxans
2358 3467 2809 3525 irrationabilibus
2831 3464 3207 3534 cupiditatibus
3226 3464 3415 3532 quovis
3435 3479 3520 3514 rn-

1945 3567 2109 3638 pitur,
2132 3578 2228 3618 nec
2247 3563 2399 3616 aliter
2415 3575 2571 3629 quam
2589 3573 2755 3627 equus
2774 3557 3050 3619 ferociens,
3076 3554 3162 3607 tibi
3183 3553 3205 3606 f
3206 3568 3389 3608 renum
3405 3567 3519 3615 ore.

1944 3670 2211 3712 sessorem
2237 3662 2382 3721 tergo
2402 3649 2655 3713 excussit,
2684 3647 2851 3701 fertur
2868 3646 3053 3715 quovis
3081 3652 3240 3698 vento
3267 3644 3520 3706 velocius,

1947 3745 2193 3800 omnibus
2234 3741 2403 3798 obviis
2444 3737 2808 3801 intolerabilis,
2856 3734 3251 3805 diffugientibus
3292 3733 3517 3787 Cunctis.

1948 3854 2119 3907 neque
2145 3847 2408 3906 quoquam
2437 3830 2666 3884 audente
2707 3827 2961 3881 cohibere
2989 3843 3003 3879 :
3036 3825 3113 3880 sic
3139 3834 3192 3877 et
3217 3822 3391 3876 anima
3438 3822 3525 3875 ubi

1950 3932 2044 3987 Dei
2078 3931 2322 3985 timorem
2367 3926 2533 3994 ipsam
2565 3922 2921 3975 refrenantem
2964 3915 3227 3979 excussit,
3263 3923 3319 3967 et
3358 3914 3525 3965 ratio-

1950 4042 2071 4081 nem
2096 4023 2331 4079 habenas
2361 4016 2724 4071 moderantem
2756 4013 2910 4081 cjecit
2932 4051 2945 4073 ,
2988 4007 3053 4062 ad
3082 4006 3282 4076 quaevis
3311 4005 3528 4058 malitia:

1953 4118 2064 4170 loca
2089 4112 2355 4177 decurrit,
2378 4109 2549 4163 donec
2575 4107 2626 4160 in
2654 4104 2798 4157 exitii
2824 4100 3129 4155 barathrum
3157 4096 3328 4150 delata
3347 4137 3359 4159 ,
3390 4110 3527 4163 prte-

1952 4204 2182 4275 cipitirit
2209 4217 2358 4256 suam
2390 4201 2554 4269 ipsius
2576 4198 2821 4251 salutem.
2848 4194 3182 4261 Quapropter
3209 4194 3420 4256 oportet
3447 4202 3530 4236 as-

1954 4297 2103 4351 sidue
2130 4296 2270 4349 illam
2304 4292 2609 4355 refrenare,
2646 4302 2707 4339 ac
2745 4282 2953 4352 pietatis
2984 4279 3189 4333 ratione
3232 4292 3328 4330 ceu
3380 4275 3531 4327 freno

1955 4387 2180 4457 quodam
2211 4381 2622 4438 irrationabilem
2652 4376 2788 4428 illius
2819 4375 2905 4438 im]
2927 4380 3071 4425 etum
3096 4368 3334 4421 inhibere
3356 4382 3368 4416 :
3392 4364 3531 4433 quod

1959 4495 2060 4533 non
2091 4477 2214 4533 fecit
2240 4476 2392 4528 Ozias
2417 4513 2430 4535 ,
2456 4470 2553 4524 sed
2580 4468 2832 4521 adversus
2858 4464 3027 4531 ipsum
3067 4459 3305 4513 omnium
3342 4470 3532 4522 supre-

1958 4588 2102 4627 mum
2144 4565 2491 4638 principatum
2537 4562 2704 4628 legem
2737 4566 3096 4623 transgressus
3128 4559 3229 4604 est.
3262 4546 3533 4616 Siquidem

1960 4660 2313 4717 sacerdotium
2345 4654 2669 4724 principatus
2698 4657 2778 4703 est
2802 4689 2817 4713 ,
2848 4648 2962 4715 ipso
2989 4645 3146 4699 etiam
3185 4656 3347 4709 regno
3373 4654 3536 4693 vene-

1961 4752 2177 4807 rabilius
2210 4762 2273 4802 ae
2304 4745 2493 4813 majus.
2536 4741 2613 4797 Ne
2639 4741 2768 4793 mihi
2794 4751 2980 4791 narres
3018 4746 3335 4803 purpuram,
3368 4744 3538 4795 neque

1963 4844 2201 4898 diadema
2222 4880 2234 4904 ,
2285 4850 2458 4907 neque
2485 4844 2660 4888 vestes
2702 4846 2910 4883 aureas.
2940 4826 3157 4881 Umbra:
3203 4830 3325 4874 sunt
3355 4819 3538 4873 istliatc

1966 4933 2143 4991 omnia
2165 4971 2181 4998 ,
2208 4930 2495 4996 veritisque
2525 4923 2757 4978 flosculis
2787 4921 3004 4974 leviora.
3047 4915 3221 4968 Omnis
3252 4912 3392 4966 enim
3415 4951 3428 4975 ,
3462 4911 3542 4963 iii-

1966 5027 2111 5096 quit,
2142 5020 2357 5075 hominis
2383 5017 2543 5087 gloria
2560 5015 2685 5068 sicut
2714 5014 2809 5082 os
2831 5009 2950 5080 [triti
2978 5006 3129 5076 (lsai.
3154 5003 3244 5058 40.
3267 5000 3352 5071 6),
3384 5002 3543 5056 etiam

1969 5092 2011 5172 si
2041 5118 2206 5184 ipsam
2236 5111 2457 5182 gloriam
2484 5106 2716 5175 regalem
2746 5101 2968 5156 dixeris.
2998 5097 3107 5163 Ne,
3141 5096 3377 5163 inquam,
3415 5092 3546 5146 mihi

1972 5222 2155 5262 narres
2176 5205 2308 5267 ista;
2343 5200 2436 5255 sed
2466 5200 2507 5252 si
2537 5198 2619 5250 vis
2644 5194 2827 5249 videre
2854 5190 3139 5245 discrimen
3184 5193 3437 5255 quantum
3482 5184 3550 5236 sit

1974 5311 2151 5366 regem
2181 5296 2316 5348 inter
2355 5300 2408 5347 et
2450 5284 2781 5342 sacerdotem
2807 5324 2821 5348 ,
2857 5277 3101 5349 expende
3131 5274 3347 5329 modum
3398 5285 3548 5341 pete.

1975 5363 2125 5443 statis
2156 5386 2362 5454 utrique
2386 5380 2610 5437 traditte.
2638 5374 2842 5429 videbis
2869 5370 3199 5426 Sacerdotem
3231 5367 3396 5420 multo
3426 5363 3553 5415 sub-

1978 5483 2156 5536 limius
2200 5492 2325 5547 rege
2368 5474 2661 5529 sedentem.
2694 5470 3023 5534 Quamquam
3072 5462 3214 5515 enim
3266 5459 3417 5511 nobis
3464 5470 3551 5507 ve-

1982 5543 2286 5628 nerandum
2330 5564 2538 5617 videtur
2594 5559 2781 5612 solium
2837 5554 3042 5621 regium
3098 5550 3165 5603 ob
3216 5560 3454 5615 gemmas
3506 5543 3552 5595 ci

1984 5662 2204 5723 affixas,
2262 5664 2314 5709 et
2362 5666 2545 5707 aurum
2602 5663 2705 5717 quo
2732 5648 2961 5699 cinctum
2992 5651 3074 5694 est
3114 5654 3127 5690 :
3163 5648 3337 5689 tamen
3380 5648 3555 5686 rerum

1990 5765 2318 5812 terrenarum
2350 5742 2858 5800 administrationem
2904 5737 3117 5789 sortitus
3164 5745 3255 5783 rex
3299 5739 3415 5779 est.
3460 5739 3551 5777 nec
