4064 6214
542 366 650 420 131

534 478 672 532 ultra
704 482 1023 546 potestatem
1068 476 1206 527 hanc
1232 472 1518 543 quidquam
1545 469 1706 527 habet
1744 470 2074 527 auctoritatis
2105 486 2121 523 :

534 579 727 623 verum
748 564 1033 621 sacerdotii
1074 564 1267 619 solium
1308 562 1362 617 in
1391 562 1539 617 cadis
1565 561 1882 618 collocatum
1921 568 2036 625 est,
2068 569 2124 617 et

533 654 768 710 celestis
792 652 1203 711 administrandi
1232 653 1395 709 habet
1420 652 1815 709 auctoritatem.
1844 650 1977 718 Quis
2007 650 2125 708 iure

535 743 705 799 dicit?
722 742 844 815 ipse
864 744 1119 800 caelorum
1147 744 1280 800 Rex.
1316 743 1660 813 Quacumque
1676 741 1819 797 enim
1849 741 2123 813 ligaveritis

529 850 682 906 super
719 844 937 903 terram,
964 842 1113 889 erunt
1146 835 1303 907 ligata
1330 844 1381 889 et
1408 835 1462 889 in
1498 833 1636 889 calls
1663 847 1684 889 :
1719 841 1770 887 et
1794 849 2123 904 qutecumque

527 928 775 983 solreritis
796 944 951 999 super
977 937 1162 983 terram
1181 969 1196 995 ,
1230 938 1373 981 erunt
1394 928 1560 981 soluta
1586 936 1635 982 et
1658 926 1711 980 in
1737 926 1874 983 cretis
1904 926 2119 1001 (Matth.

531 1021 621 1076 16.
665 1020 779 1091 19).
812 1020 949 1087 Quid
988 1036 1110 1077 eum
1163 1020 1265 1075 hoc
1318 1021 1522 1075 honore
1564 1018 1795 1075 conferri
1842 1020 2047 1091 possit?
2076 1022 2118 1078 Α

530 1125 673 1167 terra
684 1110 959 1182 judicandi
976 1111 1324 1183 principalem
1341 1111 1715 1167 auctoritatem
1734 1113 2114 1171 sumitcaelum.

528 1203 658 1258 Nam
682 1204 843 1275 judex
874 1203 1025 1259 sedet
1048 1204 1102 1258 in
1134 1214 1296 1271 terra,
1323 1204 1580 1259 Dominus
1611 1207 1851 1276 sequitur
1876 1222 2113 1276 servum,

529 1304 586 1350 et
610 1296 869 1367 quidquid
909 1294 998 1351 hic
1026 1296 1079 1350 in
1109 1295 1451 1352 inferioribus
1482 1296 1767 1367 judicarit,
1799 1299 1901 1356 hoc
1928 1300 2018 1356 ille
2063 1301 2117 1357 in

526 1388 775 1458 supernis
797 1389 1131 1459 comprobat.
1157 1389 1341 1459 Itaque
1367 1389 1571 1445 medius
1592 1398 1696 1445 stat
1713 1391 1964 1447 sacerdos
1979 1393 2120 1449 inter

530 1481 696 1536 ticum
716 1489 771 1535 et
794 1490 1039 1537 naturam
1068 1480 1377 1547 humanam,
1409 1482 1556 1537 illine
1576 1482 1839 1540 venientia
1861 1485 2117 1543 beneficia

524 1570 590 1624 ad
624 1584 722 1625 nos
744 1569 1016 1639 deferens,
1045 1583 1101 1627 et
1128 1581 1340 1626 nostras
1364 1573 1645 1642 petitiones
1672 1574 1796 1630 illuc
1823 1576 2114 1645 perferens,

528 1660 812 1716 Dominum
840 1661 1032 1716 iratum
1064 1663 1417 1718 reconcilians
1440 1665 1711 1719 communi
1744 1675 1946 1722 natura:
1972 1709 1987 1735 ,
2018 1683 2116 1723 nos

522 1752 613 1821 qui
656 1753 983 1812 odendimus
1018 1758 1254 1829 eripiens
1288 1774 1355 1815 ex
1401 1760 1543 1816 illius
1594 1762 1855 1818 manibus.
1909 1762 2115 1821 idcirco

527 1845 665 1901 Deus
693 1847 866 1918 ipsum
888 1850 1067 1920 regale
1093 1858 1255 1922 caput
1275 1853 1571 1908 sacerdotis
1593 1854 1836 1911 manibus
1860 1856 2111 1927 subjecit,

522 1951 623 1991 nos
648 1937 878 2007 docens,
920 1942 1062 1997 hunc
1103 1942 1400 2013 principem
1427 1960 1548 2001 esse
1577 1946 1669 2001 illo
1706 1947 1962 2017 majorem
1995 1968 2009 2005 :
2036 1952 2113 2006 si-

518 2026 735 2096 quidem
763 2030 814 2085 id
845 2030 987 2101 quod
1021 2032 1198 2088 minus
1226 2044 1342 2102 est,
1374 2036 1801 2094 benedictionem
1826 2041 2018 2111 accipit
2046 2042 2112 2097 ab

520 2135 588 2173 co
653 2122 794 2192 quod
862 2124 1206 2194 praestantius
1260 2135 1363 2181 est.
1425 2127 1625 2183 Verum
1683 2129 1751 2185 de
1808 2133 2111 2189 sacerdotio

516 2219 823 2283 quantaque
850 2214 921 2270 sit
967 2215 1109 2271 illius
1153 2216 1418 2287 dignitas,
1446 2220 1554 2275 alio
1597 2230 1839 2292 tempore
1866 2223 2108 2281 declara-

518 2299 694 2357 bimus
728 2321 743 2357 :
777 2304 992 2361 interim
1043 2307 1449 2364 consideremus
1494 2322 1689 2380 quanta
1735 2316 1804 2368 sit
1846 2317 1985 2385 regis
2024 2320 2108 2374 vel

519 2397 732 2458 tyranni
782 2400 959 2467 potius
988 2401 1261 2473 iniquitas.
1316 2402 1593 2472 Ingressus
1632 2416 1715 2461 est
1753 2405 1807 2461 in
1850 2412 2105 2479 templum

518 2484 763 2555 Domini,
794 2489 1069 2559 ingressus
1097 2502 1179 2547 est
1206 2502 1262 2549 et
1289 2494 1505 2549 Azarias
1532 2496 1786 2553 sacerdos
1811 2508 1933 2569 post
1961 2513 2111 2554 eum.

516 2580 601 2633 An
623 2590 825 2638 temere
853 2582 1097 2638 dicebam
1129 2585 1465 2643 sacerdotem
1496 2602 1621 2657 rege
1650 2588 1906 2658 majorem
1950 2594 2105 2647 esse?

513 2668 701 2741 Neque
716 2673 859 2727 enim
888 2681 943 2727 ut
964 2688 1142 2744 regem
1160 2674 1447 2745 ejecturus,
1468 2677 1560 2731 sed
1580 2688 1635 2731 ut
1653 2677 1931 2749 profugum
1950 2690 2005 2737 et
2024 2685 2108 2738 in-

510 2773 722 2832 gratum
743 2764 1004 2821 famulum
1021 2766 1362 2839 expulsurus,
1386 2784 1506 2823 cum
1536 2769 1871 2826 vehementia
1902 2772 2106 2843 ingres—

511 2870 605 2911 sus
629 2866 744 2921 est,
774 2873 880 2913 non
908 2859 1069 2914 aliter
1096 2876 1256 2931 quam
1285 2876 1584 2932 generosus
1609 2864 1757 2919 canis
1786 2864 2009 2921 incurrit
2036 2867 2103 2922 ad

513 2948 775 3019 impuram
799 2950 1047 3013 bestiam,
1070 2960 1127 3003 ut
1156 2949 1297 3005 illam
1318 2952 1492 3021 exigat
1510 2952 1576 3007 ab
1601 2953 1803 3008 :edibus
1825 2954 2101 3011 herilibus.

578 3041 634 3094 ἓ.
668 3040 884 3096 Fiducia
909 3042 1181 3096 sacerdotis
1202 3044 1287 3111 qui
1320 3042 1498 3097 Oxiam
1536 3046 1800 3115 repressit,
1829 3047 2102 3115 laudatur;

508 3134 689 3188 timida
733 3136 1008 3204 impietas;
1054 3134 1289 3189 sacerdos
1335 3136 1586 3205 quomodo
1632 3136 1807 3192 debeat
1853 3142 2105 3209 corripere

510 3227 806 3296 principem.
838 3256 911 3267 -—
940 3226 1126 3281 Vidisti
1147 3227 1439 3282 sacerdotis
1464 3230 1697 3284 animum
1722 3231 1887 3287 multa
1913 3232 2101 3288 liducia

509 3315 748 3381 plenum,
774 3316 1079 3385 excelsique
1101 3318 1356 3385 spiritus?
1382 3318 1497 3374 Non
1518 3320 1809 3390 aspiciebat
1838 3324 2103 3393 principa-

508 3416 593 3458 tus
620 3403 844 3473 fastum,
872 3420 979 3459 non
1004 3406 1335 3475 expendebat
1359 3420 1556 3479 quanta
1584 3424 1669 3465 res
1696 3422 1836 3466 esset
1863 3414 2097 3469 animum

505 3494 795 3564 cupiditate
824 3496 1178 3551 temulentum
1220 3498 1510 3563 cohibere;
1560 3516 1664 3554 non
1694 3501 1940 3557 audiebat
1971 3505 2099 3560 illud

506 3585 840 3643 Salomonis:
866 3586 1027 3643 Hinc
1047 3591 1178 3660 regis
1198 3590 1326 3644 sicut
1345 3592 1425 3644 ira
1445 3592 1603 3647 leonis
1625 3592 1642 3663 (
1664 3591 1820 3648 Prov.
1848 3595 1932 3650 19.
1962 3597 2025 3650 19.
2045 3598 2099 3667 );

504 3679 598 3734 sed
643 3680 863 3737 sublatis
888 3683 1059 3739 oculis
1086 3682 1153 3738 ad
1187 3700 1367 3738 verum
1399 3682 1597 3753 Regem
1627 3686 1910 3753 cadorum,
1944 3698 2103 3758 atque

506 3771 634 3824 illud
668 3773 933 3840 tribunal,
962 3787 1160 3843 easque
1192 3790 1377 3843 ptenas
1406 3778 1783 3848 considerans,
1814 3791 1869 3835 et
1899 3782 1982 3836 bis
2012 3798 2102 3838 co-

504 3861 851 3927 gitationibus
879 3878 999 3919 sese
1044 3865 1288 3920 muniens
1311 3908 1325 3931 ,
1379 3866 1633 3936 impetum
1666 3868 1789 3924 fecit
1835 3873 1885 3925 in
1919 3883 2100 3943 tyran-

505 3966 652 4007 num.
686 3954 917 4009 Noverat
945 3956 1087 4012 enim
1109 3998 1123 4023 ,
1157 3966 1413 4024 noverat,
1455 3959 1667 4029 inquam
1689 4002 1703 4025 ,
1741 3973 1889 4016 certe
1934 3968 2102 4019 minas

506 4045 645 4113 regis
668 4045 872 4101 similes
909 4061 1028 4101 esse
1058 4047 1149 4101 ira:
1176 4048 1349 4103 leonis
1389 4047 1662 4105 dumtaxat
1701 4052 1764 4104 iis
1790 4054 1877 4122 qui
1908 4062 2099 4109 terram

505 4145 846 4201 spectarent:
894 4153 1078 4191 verum
1121 4139 1316 4195 homini
1360 4142 1450 4211 qui
1493 4143 1680 4197 cadum
1722 4143 1948 4199 habebat
1994 4163 2101 4213 prce

506 4229 707 4293 oculis,
733 4232 931 4300 quique
958 4230 1037 4285 sic
1064 4230 1349 4286 induxerat
1376 4234 1608 4288 animum
1628 4276 1644 4301 ,
1674 4244 1731 4289 ut
1758 4240 1912 4290 vitam
1945 4239 2101 4293 citius

508 4320 561 4372 in
593 4319 721 4388 ipsis
745 4320 919 4390 adytis
946 4320 1277 4390 deponeret,
1312 4339 1469 4392 quam
1500 4338 1677 4379 sacras
1716 4325 1859 4395 leges
1902 4329 2102 4384 sineret

507 4409 732 4475 violari,
756 4411 944 4477 quovis
964 4426 1098 4467 cane
1123 4413 1276 4466 vilior
1302 4423 1418 4467 erat
1447 4414 1556 4469 ille.
1583 4414 1721 4469 Nihil
1746 4417 1885 4471 enim
1913 4434 1977 4473 eo
2004 4437 2101 4473 un-

511 4500 783 4567 becillius,
815 4501 903 4570 qui
930 4501 1136 4555 divinas
1156 4504 1436 4558 conculcat
1461 4505 1603 4574 leges
1628 4546 1642 4569 ,
1675 4514 1731 4559 ut
1758 4517 1940 4563 contra
1970 4510 2101 4564 nihil

509 4590 776 4659 potentius
802 4606 866 4645 eo
897 4591 984 4659 qui
1009 4591 1154 4661 leges
1180 4592 1389 4647 divinas
1417 4594 1670 4651 defendit.
1701 4596 1830 4651 Nam
1862 4598 1961 4664 Qui
1986 4618 2101 4669 pec-

510 4691 673 4735 catum
714 4685 1013 4750 committit,
1064 4700 1235 4739 seruus
1278 4700 1351 4740 est
1390 4691 1578 4757 peccati
1620 4688 1809 4759 (Joan.
1844 4694 1896 4747 8.
1929 4695 2016 4749 51.
2044 4696 2097 4764 ),

509 4772 717 4827 etiamsi
764 4774 947 4829 decem
993 4776 1154 4831 millia
1201 4794 1525 4835 coronarum
1573 4780 1763 4837 habeat
1801 4783 1853 4838 in
1884 4788 2096 4855 capite:

508 4873 693 4919 contra
740 4865 784 4919 si
824 4868 946 4935 quis
980 4867 1240 4937 justitiam
1273 4882 1523 4940 operatur
1543 4915 1555 4936 ,
1585 4875 1698 4943 ipso
1729 4890 1851 4945 rege
1879 4879 2102 4946 regalior

508 4967 590 5010 cst
610 4999 625 5021 ,
658 4958 868 5013 etiamsi
902 4959 1060 5015 fuerit
1088 4963 1325 5017 omnium
1356 4964 1586 5019 infimus.
1619 4966 1742 5023 [hec
1768 4969 1855 5023 ille
1884 4972 2101 5038 pracla-

510 5066 598 5104 rns
625 5052 765 5122 apud
797 5068 918 5107 sese
957 5053 1394 5125 philosophatus,
1426 5056 1642 5113 adortus
1669 5070 1750 5114 est
1784 5077 1986 5131 regem.
2015 5063 2101 5117 ln-

508 5142 815 5210 grediamur
844 5152 897 5196 et
925 5158 1024 5197 nos
1043 5183 1056 5207 ,
1092 5147 1134 5197 si
1164 5146 1374 5200 videtur
1393 5187 1408 5213 ,
1440 5163 1562 5201 cum
1593 5148 1711 5216 illo,
1744 5161 1800 5205 nt
1828 5154 2103 5211 videamus

510 5231 634 5296 quid
660 5232 907 5300 loquatur
929 5234 1059 5302 rcgi.
1092 5234 1239 5289 Licet
1263 5238 1404 5290 enim
1431 5255 1445 5291 :
1478 5253 1647 5308 neque
1674 5240 1988 5297 mediocrem
2013 5246 2105 5298 ad-

512 5322 644 5377 foret
673 5324 957 5379 utilitatem
980 5367 993 5389 ,
1018 5336 1261 5393 spectare
1284 5344 1465 5397 regem
1487 5346 1515 5386 a
1538 5331 1812 5386 sacerdote
1835 5337 2101 5408 redargui.

510 5415 645 5480 Quid
676 5415 832 5483 igitur
860 5415 983 5467 dicit
1016 5418 1304 5471 sacerdos?
1337 5420 1455 5473 Non
1494 5421 1605 5474 licet
1632 5423 1747 5487 tibi,
1802 5424 1955 5491 Ozia,
2009 5429 2105 5481 ad-

512 5507 646 5560 olere
674 5507 934 5558 incensum
964 5506 1178 5562 Domino
1202 5508 1288 5579 (ἓ.
1324 5510 1498 5565 Parui.
1523 5512 1592 5568 26
1612 5516 1653 5583 ).
1683 5513 1797 5568 Non
1826 5520 2105 5587 appellavit

511 5612 632 5650 eum
664 5612 881 5666 regem,
930 5615 1102 5668 neque
1146 5601 1350 5670 imperii
1385 5604 1588 5658 titulum
1624 5606 1799 5672 dedit,
1833 5610 1949 5677 quia
1992 5611 2105 5679 ipse

514 5691 846 5760 praeveniens
882 5706 1001 5745 sese
1035 5690 1285 5761 dignitate
1328 5696 1611 5764 dcjccerat.
1647 5699 1829 5753 Vidisti
1863 5701 2104 5756 fiduciam

512 5781 845 5837 sacerdotis?
875 5781 1101 5838 Proinde
1153 5782 1303 5840 disce
1356 5800 1408 5842 et
1453 5793 1936 5849 mansuetudinem.
1992 5798 2101 5851 Non

1287 356 1345 416 S.
1366 354 1647 415 JOANNIS
1685 354 2159 421 CHRYSOSTOHI
2194 356 2514 421 ARCHIEP.
2544 361 3079 424 CONSTANTINOP.

3720 392 3832 447 132

2233 470 2382 528 enim
2404 472 2595 530 llducia
2617 475 2771 533 nobis
2790 485 2996 533 tantum
3019 493 3155 551 opus
3180 491 3263 538 εει
3278 481 3332 538 in
3357 485 3797 554 reprehendendo
3812 536 3827 555 .
3902 510 3915 517 '

2230 578 2413 620 verum
2442 567 2612 623 multo
2649 570 2818 641 magis
2862 586 2996 643 opus
3024 580 3107 629 est
3133 578 3538 635 mansuetudine
3581 598 3737 653 quam
3771 587 3820 640 ti-

2228 653 2406 712 ducia.
2437 657 2570 727 Quia
2604 661 2747 717 enim
2776 663 3044 721 neminem
3075 668 3379 725 mortalium
3409 674 3486 727 sic
3514 688 3831 734 aversantur

2228 745 2560 819 aderuntque
2586 751 2622 806 ii
2649 752 2740 824 qui
2767 763 3025 824 peccant,
3050 766 3110 812 ut
3134 772 3257 813 eum
3282 760 3371 830 qui
3402 764 3831 834 reprehensuros

2227 845 2342 904 est,
2374 840 2704 913 cupiuntque
2729 845 3069 902 occasionem
3098 848 3369 919 arripere,
3413 862 3471 906 ut
3507 853 3825 923 eiabantur,

2226 934 2281 981 et
2302 926 2558 1000 eﬂ'ugiant
2581 932 3054 1001 reprehensionem
3080 952 3095 997 ς
3128 952 3349 995 necesse
3373 949 3457 996 est
3482 951 3540 997 ut
3558 959 3654 999 eos
3682 962 3804 1002 man

2225 1020 2504 1078 suetudine
2527 1023 2961 1097 humanitateque
2976 1029 3321 1086 retineamus.
3337 1032 3656 1105 Ubjurgator
3676 1039 3824 1093 enim

2226 1125 2333 1165 non
2381 1112 2555 1168 solum
2602 1129 2724 1170 cum
2774 1131 2959 1173 vocem
2988 1120 3218 1189 promit,
3260 1136 3445 1178 verum
3486 1126 3647 1180 etiam
3698 1144 3821 1186 cum

2224 1201 2467 1270 videtur,
2496 1206 2672 1276 gravis
2695 1216 2779 1263 est
2804 1212 3144 1278 peccantibus
3168 1230 3182 1269 :
3214 1212 3395 1269 Gravis
3422 1216 3553 1271 enim
3571 1258 3587 1285 ,
3618 1218 3815 1289 inquit.

2223 1293 2365 1348 nobis
2393 1304 2465 1349 est
2489 1296 2641 1351 etiam
2668 1307 2875 1370 aspectu
2919 1300 2938 1371 (
2961 1300 3091 1372 Sap.
3119 1302 3177 1357 2.
3211 1304 3314 1376 15)
3342 1324 3357 1361 :
3388 1305 3507 1362 ideo
3533 1309 3815 1379 plurimam

2222 1387 2681 1443 mansuetudinem
2718 1400 2972 1461 praestare
3012 1404 3243 1463 oportet.
3276 1397 3401 1453 ideo
3443 1400 3597 1455 nobis
3638 1418 3817 1457 sermo

2222 1476 2565 1547 pr0pbeticus
2592 1479 2661 1535 ob
2685 1481 2867 1537 oculos
2894 1486 3069 1553 posuit
3094 1493 3147 1540 et
3174 1500 3298 1542 eum
3346 1490 3433 1558 qui
3467 1492 3731 1558 peccavit,
3760 1502 3819 1549 et

2219 1582 2341 1623 eum
2369 1570 2456 1640 qui
2496 1572 2668 1642 ipsum
2710 1574 2981 1646 corrigere
3022 1578 3260 1647 parabat.
3306 1578 3514 1636 Etenim
3547 1584 3812 1653 sapientes

2220 1658 2409 1713 medici
2439 1676 2563 1717 cum
2592 1664 2829 1719 membra
2875 1668 3164 1736 putrefacta
3196 1670 3392 1724 secturi
3423 1681 3579 1737 sunt,
3610 1682 3701 1727 aut
3731 1674 3807 1729 la-

2220 1749 2370 1819 pides
2397 1752 2449 1806 in
2472 1754 2730 1811 meatibus
2753 1755 2944 1813 affixus
2971 1760 3293 1826 extracturi,
3321 1770 3410 1816 aut
3437 1763 3579 1818 aliud
3606 1774 3815 1821 naturae

2218 1840 2401 1896 vitium
2431 1846 2722 1901 corrccturi
2746 1887 2762 1914 ,
2807 1862 2915 1903 non
2947 1847 2998 1903 id
3029 1847 3261 1916 faciunt,
3290 1865 3358 1906 eo
3394 1853 3485 1923 qni
3525 1854 3729 1910 laborat
3756 1857 3809 1911 in

2216 1934 2463 2005 angulum
2506 1936 2762 2004 abducto,
2795 1937 2890 1994 sed
2928 1954 2994 1994 eo
3030 1940 3083 1995 in
3126 1940 3315 1997 mediis
3357 1940 3488 2000 l‘oris
3529 1945 3805 2015 deposito,

2216 2035 2495 2094 postquam
2524 2042 2623 2082 ceu
2646 2030 2911 2085 theatrum
2939 2033 3375 2100 praetereuntium
3402 2035 3501 2089 sibi
3524 2050 3805 2107 pararunt,

2214 2114 2285 2168 ita
2315 2114 2527 2171 demum
2567 2118 2853 2175 admovent
2893 2120 3206 2177 sectionem.
3248 2122 3360 2180 [loc
3396 2133 3571 2180 autem
3612 2127 3809 2182 faciunt

2215 2223 2320 2263 non
2347 2211 2489 2278 quod
2522 2210 2685 2267 velint
2714 2212 2973 2269 humanas
3004 2213 3283 2271 traducere
3311 2216 3638 2274 calamitates
3660 2260 3675 2284 ,
3709 2222 3806 2275 scd

2212 2310 2270 2357 ut
2308 2303 2590 2373 unicuique
2630 2306 2858 2377 propria:
2903 2307 3151 2363 sanitatis
3188 2310 3565 2367 commendent
3598 2328 3801 2369 curam.

2210 2392 2396 2450 itidem
2425 2406 2481 2450 et
2508 2395 2781 2468 Scriptura
2817 2398 2979 2455 facit:
3012 2400 3099 2455 ubi
3129 2416 3285 2472 quem
3317 2402 3540 2474 arripuit
3576 2420 3805 2474 peccan-

2211 2485 2341 2540 tium
2362 2528 2377 2552 ,
2408 2488 2513 2542 alta
2540 2503 2670 2544 voce
2696 2488 2841 2543 illum
2863 2490 3155 2546 curandum
3183 2493 3458 2563 pr0pouit,
3484 2510 3589 2550 non
3612 2496 3663 2550 in
3687 2513 3802 2552 me-

2208 2574 2311 2632 diis
2341 2575 2467 2631 foris
2488 2618 2505 2645 ,
2537 2578 2633 2633 sed
2663 2579 2715 2633 in
2747 2580 2921 2638 media
2952 2588 3093 2636 terra
3122 2598 3135 2635 :
3168 2592 3222 2637 et
3267 2593 3610 2655 posteaquam
3643 2588 3804 2641 totius

2207 2666 2353 2723 orbis
2382 2668 2791 2725 circumsteterit
2821 2669 3123 2741 theatrum,
3158 2684 3267 2727 tum
3292 2674 3621 2731 curationem
3650 2676 3803 2729 adbi-

2206 2756 2333 2826 bet,
2362 2760 2617 2815 erudiens
2656 2774 2781 2829 nos,
2815 2770 2873 2817 ut
2910 2761 3052 2818 circa
3093 2764 3360 2834 propriam
3405 2766 3632 2821 salutem
3670 2781 3799 2821 can-

2207 2851 2369 2906 tiores
2389 2854 2574 2907 simus.
2602 2853 2885 2910 Videamus
2913 2855 3071 2925 igitur
3090 2872 3198 2927 quo
3226 2866 3379 2924 pacto
3402 2858 3654 2913 sacerdos
3677 2869 3801 2914 tunc

2207 2941 2353 2996 illmn
2386 2944 2652 3015 corrigere
2678 2946 2747 3000 sit
2789 2960 3095 3016 aggressus.
3121 2946 3234 3003 Non
3265 2946 3433 3015 dixit,
3463 2948 3508 3003 Ο
3538 2949 3694 3019 impie
3718 2990 3734 3015 ,
3767 2966 3800 3004 ο

2206 3036 2653 3092 sceleratissime:
2696 3038 2872 3092 omnia
2918 3038 3221 3095 subvertisti
3265 3040 3690 3112 confudistiqnc,
3730 3043 3798 3097 ad

2204 3138 2498 3183 extremam
2548 3129 2870 3199 impietatem
2911 3131 3241 3201 prorupisti:
3282 3147 3456 3202 neque
3496 3148 3795 3188 sermonem

2202 3221 2557 3275 accusationis
2585 3221 2636 3276 in
2666 3221 2878 3293 longum
2906 3222 3195 3292 produxit;
3224 3223 3319 3279 sed
3346 3226 3795 3295 quemadmodum

2205 3313 2239 3365 ii
2266 3312 2353 3382 qui
2383 3321 2601 3379 secant,
2631 3312 2733 3370 hoc
2757 3314 2990 3369 breviter
3015 3313 3192 3370 facere
3232 3315 3481 3383 student,
3522 3317 3810 3371 celerit.ue'

2203 3404 2455 3459 sectionis
2501 3405 2767 3460 cruciatus
2811 3420 3024 3460 sensum
3072 3405 3354 3462 fallentes:
3389 3408 3568 3462 itidem
3614 3418 3667 3463 et
3711 3409 3795 3462 Ιιιυ

2204 3496 2545 3566 asperitatem
2576 3496 2956 3567 objurgationis
2995 3498 3179 3567 paucis
3198 3497 3373 3554 verbis
3390 3499 3757 3568 constringens
3778 3542 3791 3561 ,

2205 3591 2344 3655 regis
2373 3587 2696 3642 iracundiam
2724 3587 2977 3641 cohibuit.
3020 3587 3171 3656 Quod
3206 3588 3346 3643 enim
3388 3598 3469 3644 est
3508 3590 3560 3644 in
3604 3590 3666 3643 iis
3704 3594 3791 3660 qui

2205 3679 2445 3735 laborant
2470 3681 2635 3735 sectio
2658 3680 2673 3711 ¹
2695 3721 2710 3747 ,
2736 3679 2835 3735 hoc
2856 3689 2939 3736 est
2958 3682 3010 3735 in
3035 3682 3100 3735 iis
3121 3679 3207 3752 qui
3230 3692 3452 3751 pet-cant
3473 3682 3791 3751 redargutio.

2207 3774 2442 3846 [lenique
2491 3785 2681 3844 praeter
2726 3774 2825 3828 alia
2867 3776 3024 3829 etiam
3074 3774 3184 3843 ipsa
3233 3774 3488 3829 brevitate
3529 3776 3797 3829 sirmonis

2204 3865 2625 3919 inoderationcm
2655 3865 2809 3920 nobis
2830 3864 3057 3920 exhibet.
3090 3866 3241 3933 Quod
3268 3866 3310 3919 si
3336 3867 3485 3933 cupis
3507 3882 3587 3919 vei
3606 3867 3791 3921 borum

2203 3970 2415 4024 quoque
2454 3958 2744 4009 sectionem
2785 3956 2969 4009 videre
3006 3964 3059 4010 et
3097 3956 3181 4009 ubi
3226 3955 3423 4009 ferrum
3472 3956 3751 4011 oceultarit
3775 3998 3790 4021 ,

2203 4046 2348 4100 audi.
2380 4044 2499 4098 Non
2526 4048 2672 4108 licet,
2702 4046 2903 4115 inquit,
2932 4048 3018 4098 tibi
3044 4048 3246 4099 adolere
3267 4047 3524 4099 incensum
3549 4047 3789 4113 Domino,

2202 4135 2291 4189 sed
2316 4136 2435 4190 solis
2463 4136 2801 4190 sacerdotibus
2820 4178 2833 4203 ,
2866 4138 2983 4203 ﬁliis
3006 4137 3175 4191 Aaron
3195 4178 3211 4203 ,
3243 4139 3559 4191 consecratis.
3591 4138 3683 4191 Hic
3711 4141 3794 4192 iu~

2204 4226 2335 4280 flixit
2374 4227 2589 4281 vulnus.
2630 4226 2942 4292 Quomodo?
2980 4228 3087 4297 Ego
3124 4227 3317 4281 dicam.
3358 4226 3466 4281 Cur
3502 4229 3642 4282 enim
3684 4243 3791 4283 non

2203 4318 2516 4386 simpliciter
2550 4317 2723 4383 dixit,
2758 4316 3113 4372 Sacerdotibus
3134 4359 3148 4382 ,
3191 4317 3282 4371 sed
3314 4316 3550 4383 addidit,
3582 4318 3794 4372 Aaron?

2203 4408 2252 4463 Is
2293 4411 2489 4477 primus
2521 4410 2618 4463 fuit
2649 4412 2877 4479 pontifex
2897 4452 2909 4473 ,
2939 4409 3214 4477 similcqne
3256 4410 3455 4463 facinus
3483 4410 3622 4464 illius
3652 4420 3790 4464 tein-

2206 4502 2421 4570 poribus
2459 4500 2670 4569 quidam
2710 4501 2824 4554 ausi
2866 4510 3021 4567 sunt,
3068 4500 3268 4553 Dathan
3306 4502 3446 4554 enim
3485 4511 3537 4555 et
3578 4501 3713 4555 Core
3738 4512 3796 4556 et

2205 4594 2438 4657 Abiron,
2464 4593 2724 4662 conjurati
2763 4594 3016 4647 adversus
3059 4593 3200 4645 illum
3231 4608 3350 4646 cum
3391 4593 3508 4648 aliis
3550 4595 3789 4663 aliquot,

2206 4688 2487 4742 voluerunt
2518 4700 2570 4741 et
2600 4687 2695 4756 ipsi
2722 4687 3075 4740 sacerdotium
3104 4686 3249 4740 obire
3282 4685 3475 4757 (Num.
3511 4688 3595 4741 16.
3626 4698 3672 4740 et
3699 4688 3789 4741 I’s.

2206 4780 2329 4834 105.
2362 4781 2448 4833 17.
2494 4779 2593 4845 18)
2620 4796 2634 4844 ;
2667 4777 2756 4831 sed
2788 4778 2917 4830 alios
2946 4779 3157 4846 qui-irin
3187 4788 3324 4831 tetra
3363 4777 3645 4832 dehiscens
3692 4778 3793 4831 ab-

2205 4872 2438 4934 sorbuit,
2470 4872 2602 4923 alios
2629 4885 2753 4923 vero
2781 4869 2849 4923 de
2875 4870 3006 4923 cado
3031 4871 3257 4923 emissus
3288 4869 3422 4937 ignis
3446 4870 3663 4923 exussit.
3693 4869 3796 4922 llu-

2200 4960 2285 5029 jns
2315 4977 2442 5031 ergo
2472 4961 2703 5015 historia:
2730 4960 2910 5015 volens
2934 4960 3081 5013 illum
3113 4959 3572 5015 commonefacere
3593 5000 3605 5020 ,
3635 4974 3792 5012 men-

2209 5053 2407 5106 tionem
2448 5053 2569 5107 fecit
2598 5053 2821 5105 Aaronis
2845 5093 2860 5117 ,
2894 5052 2982 5119 qui
3023 5059 3146 5104 tunc
3187 5051 3278 5105 fuit
3320 5051 3507 5120 injuria
3534 5050 3789 5116 all'cctus,

2209 5156 2265 5196 nt
2285 5144 2351 5197 ad
2377 5144 2729 5197 calamitatem
2758 5158 2938 5197 eorum
2963 5142 3051 5212 qui
3080 5141 3316 5197 fecerant
3339 5144 3609 5209 injuriam,
3638 5142 3795 5211 hujus

2207 5237 2581 5305 cogitationem
2622 5234 3018 5288 transmitteret.
3059 5233 3321 5288 Caeterum
3364 5234 3493 5287 nihil
3524 5236 3636 5287 haec
3666 5250 3793 5303 pro-

2209 5329 2375 5391 fuere,
2402 5346 2503 5383 non
2534 5338 2749 5397 propter
2768 5327 3119 5391 sacerdotem,
3143 5327 3235 5381 sed
3264 5328 3332 5381 ob
3355 5327 3492 5395 regis
3516 5326 3793 5382 ferociam.

2209 5419 2339 5473 Cum
2362 5419 2501 5472 enim
2526 5420 2791 5471 debuisset
2814 5416 3027 5472 laudare
3051 5416 3379 5472 sacerdOtem
3398 5459 3410 5479 ,
3444 5433 3644 5487 proque
3665 5434 3796 5474 con-

2273 5559 2290 5589 ί
2328 5557 2747 5621 Manuscriptorum
2771 5553 2845 5621 alii
2873 5555 3088 5621 habent;
3116 5554 3246 5612 Quod
3269 5552 3395 5621 atrii):
3417 5561 3484 5603 est
3518 5554 3568 5621 in
3589 5556 3799 5621 vulneri.

2208 5618 2294 5668 bus
2316 5628 2491 5669 suctu);
2518 5616 2594 5664 alii
2623 5632 2633 5664 :
2663 5617 2793 5673 (mod
2824 5616 2948 5682 enim
2983 5623 3048 5682 est
3072 5616 3133 5681 in-
3145 5615 3417 5682 corporibus
3440 5615 3601 5665 sectio.
3628 5618 3803 5682 melius

2211 5689 2372 5729 tamen
2400 5680 2597 5737 lt'gitlil‘,
2626 5683 2755 5738 (mort
2782 5678 2907 5725 enim
2929 5686 2995 5726 est
3021 5676 3069 5725 in
3094 5676 3152 5725 iis
3184 5676 3266 5737 qui
3313 5676 3527 5725 laborant
3550 5680 3713 5735 sectio,
3742 5694 3796 5731 ut

2210 5743 2333 5801 legit
2356 5749 2591 5795 Erasmus,
2628 5754 2734 5800 qua:
2761 5739 2903 5786 lt‘tillu
2934 5740 3084 5799 probe
3101 5738 3301 5800 quadrat
3324 5738 3381 5786 ad
3407 5747 3686 5801 sequentia,
3705 5739 3802 5793 hoc

2212 5800 2350 5856 estin
2377 5805 2434 5853 its
2455 5804 2534 5865 qui
2562 5810 2751 5867 pca'unt
2781 5804 3069 5864 rcdurgouo.
