4064 6214
240 473 493 542 οὐρανοῖς
524 471 752 542 ἵδρυται,
797 487 886 524 και
929 473 996 526 τὰ
1031 473 1146 524 ἐκεῖ
1177 473 1381 528 διέπειν
1409 477 1824 548 ἐπιτέτραπται.

241 555 342 618 Τίς
379 557 551 610 ταῦτά
587 575 787 625 φησιν;
843 557 1013 621 A616;
1055 561 1083 609 6
1113 559 1222 610 τῶν
1260 549 1504 630 οὐρανῶν
1538 562 1823 627 βασιλεύςο

247 638 398 690 Ὅσα
421 638 534 706 γὰρ
572 639 647 692 ἂν
682 640 931 708 δήσητε,
965 641 1148 709 φησὶν,
1193 641 1292 694 ἐπὶ
1324 642 1435 712 τῆς
1491 645 1624 715 γῆς,
1660 647 1830 699 ἔσται

244 721 534 788 δεδεμένα
609 723 679 775 ἐν
751 722 877 788 τοῖς
961 725 1278 791 οὺρανοῒςο
1373 727 1471 780 καὶ
1555 728 1673 780 ὅσα
1756 728 1833 782 ἂν

241 803 476 868 λύσητε
531 803 627 855 ἐπὶ
678 803 788 870 τῆς
838 803 974 873 γῆς,
1026 807 1196 860 ἐσται
1253 810 1556 877 λελυμένα
1602 812 1671 863 ἐν
1711 811 1833 876 τοῖς

242 885 544 970 οὐρανοῖς.
570 885 636 937 Τί
656 887 857 958 ταύτης
887 890 1000 942 ἴσον
1032 890 1225 958 γένοιτ’
1249 892 1314 946 ἂν
1343 893 1442 962 τῆς
1459 895 1658 970 τιμῆς;
1704 894 1833 947 Ἀπὸ

243 971 343 1037 τῆς
374 969 476 1038 γῆς
511 970 607 1037 τὴν
639 970 810 1040 ἀρχὴν
852 971 953 1040 τῆς
998 973 1276 1043 κρίσεωςα
1323 969 1588 1046 λαμϐάνει
1620 980 1648 1030 6
1673 978 1834 1047 οὐρα-

401 1052 620 1121 Ἐπειδὴ
643 1054 670 1106 ό
699 1053 888 1124 κριτὴς
909 1056 967 1107 ἐν
999 1058 1064 1125 τῇ
1098 1059 1167 1127 γῇ
1210 1058 1466 1129 κάθηται,
1493 1061 1520 1113 6
1559 1062 1832 1130 Δεσπότης

244 1133 439 1185 ἕπεται
470 1133 549 1205 τῷ
576 1134 746 1203 δούλῳ
767 1150 778 1162 ·
834 1135 926 1188 καὶ
980 1136 1123 1210 ἅπερ
1174 1141 1241 1192 ἀν
1287 1135 1442 1204 οὗτος
1477 1143 1626 1196 κάτω
1649 1143 1830 1212 κρίνῃ,

247 1216 420 1269 ταῦτα
446 1219 650 1280 ἐκεῖνος
677 1218 786 1271 ἀνω
810 1222 985 1290 κυροῖ.
1014 1221 1124 1276 K61.
1151 1225 1313 1292 μέσος
1338 1225 1433 1278 τοῦ
1459 1223 1592 1278 Θεοῦ
1616 1229 1708 1280 καὶ
1732 1228 1833 1295 τῆς

245 1301 359 1354 τῶν
388 1302 691 1370 ἀνθρώπων
717 1303 931 1371 φύσεως
961 1305 1190 1376 ἕστηκεν
1211 1310 1238 1361 ὁ
1271 1309 1468 1379 ἱερεὺς,
1494 1309 1593 1372 τὰς
1625 1310 1834 1363 ἐκεῖθεν

245 1386 413 1454 τιμάς
453 1387 709 1453 κατάγων
748 1386 884 1457 πρὸς
912 1389 1080 1457 ἡμᾶς,
1119 1389 1212 1442 καὶ
1253 1391 1352 1454 τάς
1377 1393 1505 1461 παρ’
1535 1393 1688 1462 ἡμῶν
1722 1396 1833 1446 ἱκε-

242 1469 443 1538 τηρίας
469 1469 682 1537 ἀνάγων
698 1471 831 1532 ἐκεῖ,
862 1471 1210 1541 ὀργιζόμενον
1246 1474 1406 1528 αὐτὸν
1425 1477 1488 1546 τῇ
1525 1479 1675 1547 κοινῇ
1707 1495 1836 1530 κατε

245 1550 523 1604 αλλάττων
545 1551 724 1619 φύσει,
779 1555 1286 1624 προσκεκρουκότας
1333 1559 1479 1627 ἡμᾶς
1514 1559 1834 1628 ἐξαρπάζων

245 1634 354 1685 τῶν
377 1634 588 1687 ἐκείνου
622 1635 840 1706 χειρῶν.
871 1637 969 1690 Διά
995 1636 1153 1690 τοῦτο
1180 1640 1273 1692 καὶ
1296 1639 1462 1711 αὐτὴν
1494 1642 1596 1712 τὴν
1622 1641 1831 1710 βασιλι-

246 1715 348 1788 κὴν
383 1717 625 1788 κεφαλὴν
651 1718 755 1771 ὑπὸ
790 1719 888 1782 τὰς
911 1719 1007 1772 τοῦ
1037 1720 1224 1790 ἱερέως
1255 1724 1443 1792 χεῖρας
1471 1724 1653 1795 φέρων
1677 1724 1832 1795 τίθηο

246 1816 331 1851 σιν
364 1798 512 1870 [155]
550 1800 579 1851 6
612 1799 763 1865 Θεὸς,
805 1801 1075 1855 παιδεύων
1117 1806 1287 1873 ἡμᾶς,
1322 1804 1403 1857 ὃτι
1440 1800 1594 1870 οὗτος
1624 1809 1834 1861 ἐκείνου

247 1881 450 1950 μείζων
475 1883 503 1933 6
533 1883 715 1952 ἄρχων
735 1901 749 1913 ·
779 1883 838 1936 16
863 1885 968 1955 γὰρ
1009 1885 1226 1938 ἔλαττον
1266 1887 1371 1940 ὑπὸ
1398 1887 1490 1940 τοῦ
1529 1889 1834 1958 κρείττονος

244 1963 570 2031 εὐλογεῖται.
620 1966 778 2018 ’Λλλά
828 1969 954 2039 περὶ
1005 1968 1152 2038 μένδ
1212 1969 1530 2040 ἱερωσύνης,
1581 1973 1674 2025 καὶ
1711 1974 1834 2027 ὅσον

244 2046 344 2113 τῆς
379 2046 538 2110 ἀξίας
572 2047 634 2100 16
673 2049 919 2118 μέγεθος,
957 2051 1016 2102 ἐν
1054 2051 1225 2123 ἐτέρῳ
1257 2053 1436 2122 καιρῷ
1485 2053 1829 2125 δηλώσομεν·

245 2129 384 2190 τέως
406 2129 462 2181 δὲ
498 2129 696 2198 ἴδωμεν
722 2131 822 2200 τῆς
846 2133 1059 2195 ἀδικίας
1087 2134 1148 2185 τὸ
1176 2134 1404 2204 μέγεθος
1422 2135 1514 2187 τοῦ
1547 2135 1828 2205 βασιλέως,

249 2212 452 2280 μᾶλλον
482 2213 538 2264 δὲ
566 2214 659 2267 τοῦ
699 2217 985 2285 τυράννου.
1035 2217 1295 2286 Εἰσῆλθεν
1328 2219 1410 2280 εἰς
1441 2218 1534 2270 τὸν
1575 2220 1701 2272 ναὸν
1721 2222 1834 2273 Κυ-

248 2294 388 2362 ρίου,
440 2297 656 2365 εἱσῆλθε
704 2299 796 2351 καὶ
833 2297 1088 2370 Ἀζαρίας
1129 2303 1157 2352 6
1211 2301 1388 2369 ἱερεὺς
1417 2301 1593 2355 ὀπίσω
1641 2303 1828 2358 αὐτοῦ.

247 2373 394 2446 ’Λρα
433 2377 508 2446 μὴ
545 2379 721 2450 μάτην
760 2380 965 2448 ἔλεγον,
1003 2383 1086 2434 ὅτι
1137 2383 1340 2452 μείζων
1383 2383 1475 2435 τοῦ
1511 2383 1770 2453 βασιλέως
1803 2387 1833 2438 6

248 2457 428 2528 ἱερεύς
450 2477 463 2523 ;
487 2461 562 2512 Οὐ
609 2462 714 2531 γάρ
750 2462 824 2526 ώς
856 2464 1080 2532 βασιλέα
1122 2464 1328 2534 μέλλων
1365 2465 1686 2532 ἐξελαύνειν,
1717 2469 1831 2521 ἀλλ’

246 2539 323 2600 ώς
349 2539 623 2612 δραπέτην
651 2545 743 2596 καὶ
771 2545 989 2616 οἰκέτην
1015 2545 1326 2616 ἀγνώμονα,
1357 2547 1528 2610 οὕτως
1547 2550 1832 2618 ἐπεισῆλθε

248 2621 390 2690 μετά
414 2623 789 2703 σφοδρότητος,
805 2627 993 2697 ῶσπερ
1005 2645 1088 2690 τις
1109 2629 1312 2693 σκύλαξ
1329 2632 1597 2698 γενναῖοςο
1615 2631 1834 2703 ἐπιδρα-

247 2703 366 2767 μὼν
399 2702 475 2772 τῷ
501 2705 794 2777 ἀκαθάρτῳ
833 2709 1006 2780 θηρίῳ
1029 2749 1045 2776 ,
1067 2709 1208 2763 ὥστε
1234 2711 1364 2765 αὐτὸ
1384 2714 1484 2783 τῆς
1511 2702 1834 2786 δεσππικῆς

243 2787 540 2855 ἐξαγαγεῖν
562 2790 760 2852 οἰκίας.

319 2870 388 2938 β’.
409 2866 561 2933 Εἰδες
584 2871 760 2943 ψυχὴν
782 2874 967 2942 ἱερέως
988 2877 1300 2948 παρρησίας
1319 2879 1592 2952 γέμουσαν
1611 2882 1832 2953 πολλῆς,

244 2954 344 3006 καὶ
369 2957 717 3025 φρονήματος
744 2957 953 3027 ὑψηλοῦ
979 2975 994 3023 ;
1018 2960 1130 3013 Οὐκ
1156 2957 1295 3014 εἶδεν
1320 2965 1398 3027 εἰς
1423 2964 1515 3018 τὸν
1542 2965 1642 3037 τῆς
1661 2968 1834 3038 ἀρχῆς

245 3038 432 3123 δγκον,
470 3039 570 3092 οὐκ
606 3041 909 3112 ἐνενόησεν,
941 3045 1065 3098 ὅσον
1091 3046 1208 3101 ἐστὶ
1236 3046 1412 3120 ψυχὴν
1441 3050 1706 3122 ἐπιθυμίᾳ
1737 3070 1834 3123 με-

246 3121 486 3176 θύουσαν
512 3129 827 3196 κατασχεῖν,
871 3128 971 3180 οὐκ
1010 3129 1208 3200 ἤκουσε
1249 3132 1342 3184 τοῦ
1382 3121 1836 3205 Σολομῶντοςλέ-

247 3221 470 3271 γοντος·
513 3208 748 3276 Ἀπειλὴ
782 3209 1088 3277 ,βασιλέως
1149 3215 1323 3282 ὁμοία
1360 3216 1523 3286 θυμῷ
1554 3219 1833 3284 λέοντος·

248 3287 387 3340 ἀλλά
417 3290 554 3358 πρὸς
581 3291 672 3345 τὸν
708 3291 883 3362 ἀληθῆ
916 3293 1138 3361 βασιλέα
1164 3297 1272 3350 τῶν
1304 3298 1546 3368 οὐρανῶν
1573 3300 1715 3365 ἰδὼν,
1743 3302 1837 3354 καὶ

247 3371 310 3423 16
344 3371 494 3440 βῆμα
523 3373 782 3442 ἐννοήσας
814 3377 989 3428 ἐκεῖνο
1025 3377 1118 3430 καὶ
1147 3379 1247 3440 τάς
1276 3379 1526 3446 εὐθύνας.
1577 3385 1669 3436 καὶ
1715 3385 1837 3437 τού-

248 3470 365 3516 τοις
395 3453 586 3507 ἐαυτὸν
612 3458 724 3518 τοῖς
763 3456 1042 3528 λογισμοῖς
1081 3461 1385 3530 ὀχυρώσας,
1422 3463 1592 3529 οὓτως
1627 3467 1835 3535 ἐπεπή-

248 3537 485 3622 δησεᾲτῷ
515 3540 782 3610 τυράννῳ.
808 3542 960 3612 ’ῌδει
981 3543 1108 3613 γὰρ,
1139 3544 1253 3615 ᾔδει
1284 3546 1487 3615 σαφῶς,
1527 3549 1608 3602 ὅτι
1641 3550 1838 3622 ἀπειλὴ

252 3619 519 3691 βασιλέως
545 3621 703 3691 όμοία
733 3623 887 3692 θυμῷ
923 3624 1136 3688 λέοντος
1165 3629 1276 3690 τοῖς
1302 3629 1436 3699 πρὸς
1463 3630 1559 3700 τὴν
1591 3631 1693 3702 γῆν
1715 3619 1836 3701 βλέέ

251 3719 446 3754 πουσιν
464 3719 477 3732 ·
519 3703 793 3775 ἀνθρώπῳ
818 3706 875 3758 δέ
905 3706 994 3760 τὸν
1044 3710 1271 3778 οὐρανὸν
1295 3713 1700 3782 φανταζομένῳ,
1744 3715 1839 3767 κα)⁸

251 3786 754 3855 παρεσκευασμένῳ
804 3788 903 3856 τὴν
938 3789 1119 3858 ψυχὴν
1157 3790 1304 3844 ἔνδον
1353 3793 1411 3844 ἐν
1467 3798 1576 3857 τοῖς
1627 3794 1840 3858 ἀδύτοις

252 3865 494 3947 ἀφεῖναι,
545 3866 579 3936 ἢ
620 3868 745 3930 τοὺς
797 3869 974 3939 ἱεροὺς
1006 3872 1204 3940 νόμους
1261 3873 1652 3944 ὑϐριζομένους
1684 3895 1841 3947 περι-

256 3946 450 4012 ιδεῖνά,
485 3947 645 4010 κυνὸς
666 3951 864 4013 παντὸς
896 3952 1274 4026 εὐτελέστερος
1302 3951 1370 4026 ἢν
1404 3957 1629 4020 ἐκεῖνος.
1677 3946 1841 4012 Οὐδὲν

253 4031 366 4100 γὰρ
388 4029 777 4102 ἀσθενέστερον
804 4035 897 4087 τοῦ
927 4038 1054 4101 τοὺς
1082 4037 1259 4101 θείους
1299 4040 1728 4111 παραϐαίνοντος
1757 4043 1842 4095 νό-

255 4129 393 4182 μους
413 4128 428 4143 ·
456 4113 644 4186 ὥσπερ
674 4111 765 4169 οὖν
792 4117 943 4172 οὐδὲν
979 4119 1323 4192 ἰσχυρότερον
1359 4123 1450 4176 τοῦ
1495 4125 1620 4187 τοὺς
1666 4125 1841 4189 θείους

253 4193 598 4260 ἐκδικοῦντος
630 4198 849 4268 νόμους.
874 4200 930 4252 '0
958 4202 1058 4270 μέν
1074 4203 1178 4273 γάρ
1193 4204 1292 4273 τὴν
1317 4205 1608 4273 ἁμαρτίαν
1631 4207 1838 4272 ποιῶν,

253 4275 478 4361 δοῦλός
511 4279 644 4361 ἐστι
689 4279 802 4347 τῆς·
839 4281 1148 4350 ἁμαρτίας,
1185 4288 1290 4340 κᾶν
1339 4289 1564 4360 μυρίους
1608 4291 1702 4343 ἐπὶ
1744 4293 1842 4361 τῆς

257 4358 506 4448 κεφαλῆς
529 4359 956 4448 ἐχηᾼστεφάνους
979 4380 995 4396 ⁶
1026 4369 1055 4419 6
1091 4367 1149 4421 δὲ
1172 4369 1274 4440 τὴν
1303 4358 1648 4444 δικαιοσύνην
1679 4358 1843 4448 ἐργα-

259 4442 524 4528 ζόμενος,
559 4443 654 4497 καί.
717 4445 883 4500 αὐτοῦ
939 4449 1035 4503 τοῦ
1104 4452 1368 4520 βασιλέως
1425 4442 1842 4528 βασιλικώτερός

258 4527 421 4591 ἐστι,
463 4526 567 4580 κᾶν
621 4528 837 4582 πάντων
880 4530 1106 4601 ἔσχατος
1235 4536 1420 4590 Ταῦτα
1478 4539 1613 4610 πρὸς
1655 4526 1844 4594 ἐαυτὸν

259 4611 628 4692 φιλοσοφήσας
656 4615 684 4664 6
708 4616 951 4680 γενναῖος
991 4617 1218 4680 ἐκεῖνος,
1261 4620 1545 4691 ἐπεισῆλθε
1587 4622 1664 4692 τῷ
1693 4623 1844 4692 βασι-

257 4691 360 4746 λεῖ.
391 4693 827 4763 Συνεισέλθωμεν
848 4692 941 4748 οὖν
965 4699 1059 4748 καὶ
1101 4699 1280 4766 ἡμεῖς,
1319 4704 1367 4754 εἱ
1403 4702 1569 4766 δοκεῖ,
1612 4691 1701 4758 ἵνα
1727 4706 1846 4758 (6w-

261 4791 364 4843 μεν
407 4774 461 4826 τί
501 4774 636 4844 πρὸς
684 4775 775 4828 τὸν
823 4775 1047 4845 βασιλέα
1081 4779 1408 4848 διαλέγεται.
1442 4784 1660 4850 Ἔξεστι
1696 4786 1802 4855 γάρ
1828 4802 1842 4816 ο

259 4862 324 4913 οὐ
358 4861 553 4932 μικρὸν
589 4862 645 4915 δέ
676 4864 757 4926 εἱς
810 4863 1075 4932 ὠφελείας
1114 4866 1292 4934 λόγον,
1321 4868 1672 4941 ἐλεγχόμενον
1721 4875 1846 4927 ἱδεῖν

263 4943 371 4996 6116
395 4943 585 5014 ἱερέως
608 4944 847 5014 βασιλέα.
885 4947 950 5000 Τί
983 4945 1077 5000 06v
1107 4967 1273 5020 φησιν
1299 4953 1327 5004 6
1361 4952 1540 5023 ἱερεύς
1564 4972 1578 5020 ;
1600 4956 1720 5007 Οὐκ
1747 4955 1844 5019 ἐξ.

262 5026 399 5078 εστι
423 5040 544 5088 σοι,
583 5024 749 5092 Ὀζία,
773 5027 1059 5097 θυμιᾶσαι
1087 5030 1167 5096 τῷ
1193 5033 1403 5101 Κυρίῳ.
1429 5035 1540 5086 Οὐκ
1566 5036 1847 5106 ὠνόμασεν

263 5107 429 5160 αὐτὸν
478 5107 724 5177 βασιλέα,
769 5110 887 5162 οὐδὲ
937 5112 1045 5165 ἀπὸ
1093 5112 1186 5165 τοῦ
1225 5115 1322 5183 τῆς
1367 5116 1543 5186 ἀρχῆς
1593 5118 1847 5173 ἐκάλεσεν

261 5189 546 5271 ὀνόματος,
583 5191 769 5263 ἐπειδὴ
814 5193 1003 5246 ἐαυτὸν
1049 5195 1337 5265 προλαϐὼν
1386 5196 1606 5260 ἐξέϐαλε
1638 5201 1735 5271 τῆς
1765 5219 1848 5254 τι-

269 5270 396 5339 μῆς.
427 5269 576 5337 Εἱδες
614 5274 927 5346 παρρησίαν
949 5276 1178 5346 ίερέως;
1212 5279 1419 5334 Οὐκοῦν
1443 5269 1726 5353 κατάμαθε
1755 5285 1848 5336 καὶ

266 5354 572 5424 πραότητα.
603 5357 676 5408 Οὐ
707 5357 818 5427 γὰρ
866 5359 1176 5429 παρρησίας
1222 5363 1352 5431 ἡμῖν
1383 5363 1463 5416 δεῖ
1504 5365 1684 5435 μόνον,
1724 5368 1848 5418 ὅταν

267 5437 512 5507 ἐλέγχειν
546 5439 848 5510 μέλλωμεν,
891 5441 1028 5498 ἀλλά
1082 5443 1176 5498 καὶ
1220 5447 1521 5521 πραότητος
1562 5448 1778 5518 μᾶλλον,
1815 5450 1848 5518 ἢ

330 5631 355 5699 ξ
384 5633 752 5699 ᾼΙὶἱμωσιεᾲτὴν
774 5637 921 5699 ἀρχὴν
940 5644 1022 5696 τῆς
1047 5637 1261 5699 κτίσεως.

333 5691 360 5730 b
384 5693 532 5763 ξανὶἰ.
561 5701 624 5763 e_t_
640 5691 916 5763 Motﬁfﬁéi
937 5691 1032 5746 n00
1056 5691 1420 5763 habent-[quam
1445 5706 1608 5750 tamen
1638 5703 1850 5763 particu-

267 5750 366 5820 ιτα)
389 5753 473 5820 big
488 5755 757 5820 desiderari
778 5750 1150 5820 6é'subsequens
1172 5750 1363 5809 indic'at.

334 5815 356 5873 (ξ
381 5814 477 5873 Alﬁ
499 5817 733 5873 γενναίως.

328 5869 360 5942 ᾗ
384 5869 1018 5947 υηυέθὺϐριζομένους-ἰδεῖν.
1042 5879 1168 5947 ἰιηίςςι
1199 5881 1330 5929 idem
1350 5882 1435 5931 106
1458 5883 1567 5940 106;
1589 5884 1737 5942 θιίουις
1761 5900 1852 5932 πα-

271 5940 351 5984 τοῐ
390 5949 464 5988 τος
495 5940 682 5997 νόμους,
703 5947 850 6000 alque
877 5940 942 5989 ita
971 5943 1092 6003 legit
1117 5942 1342 5991 lirasmm

1201 357 1266 412 IN
1306 357 1534 426 ILLUD,
1582 359 1714 416 VIDI
1753 356 2092 426 DOMINUM,
2146 359 2382 416 HOMIL.
2428 359 2494 416 ν.

1935 477 2267 550 παρρησίας.
2314 474 2530 546 Ἐπειδὴ
2553 476 2660 546 γὰρ
2687 475 2875 530 οὐδένα
2898 479 3006 532 τῶν
3025 479 3324 551 ἀνθρ‹ἷ›πων
3348 483 3520 546 οὕτως

1936 561 2368 630 ἀποστρέφονται
2407 560 2499 612 καὶ
2533 559 2778 627 μισοῦσιν
2801 563 2847 613 οἰ
2879 564 3300 633 ἁμαρτάνοντες,
3328 564 3401 626 ώς
3429 567 3518 618 τὸν

1939 643 2181 710 ἐλέγχειν
2215 642 2473 710 μέλλοντα
2498 657 2510 669 ·
2552 642 2645 693 καὶ
2675 644 2997 710 προφάσεως
3021 645 3368 698 ἐπιλαϐέσθαι
3401 649 3520 698 ἐπι-

1940 724 2220 793 θυμοῦσιν,
2249 723 2387 774 ὥστε
2421 723 2791 792 ἀποπηδῆσαι,
2823 725 2914 777 καὶ
2950 726 3047 796 τὴν
3074 728 3357 794 ἐπιτιμίαν
3400 728 3518 780 δια-

1940 809 2130 876 φυγεῖν
2154 823 2166 833 °
2209 806 2290 858 δεῖ
2317 803 2408 857 06v
2435 805 2683 874 κατέχειν
2711 808 2906 869 αὐτοὺς
2933 810 2998 876 τῇ
3035 810 3302 878 πραότητι
3330 811 3423 861 καὶ
3450 813 3515 880 τῇ

1939 889 2225 959 ἐπιεικείᾳ.
2253 889 2325 940 Οὐ
2346 887 2454 959 γὰρ
2476 888 2656 957 φωνὴν
2681 889 2844 959 μόνην
2866 891 3020 956 ἀφεὶς
3039 894 3066 942 6
3086 891 3343 953 τοιοῦτος,
3365 891 3518 962 [154]

1939 973 2073 1026 ἀλλά
2120 973 2213 1025 καὶ
2262 971 2609 1041 βλεπόμενος,
2653 971 2821 1041 βαρὺς
2865 971 3018 1024 ἔσται
3045 980 3067 1007 ο
3119 975 3230 1035 τοῖς
3264 975 3515 1043 ἁμαρτά-

1939 1073 2028 1107 νου
2038 1071 2106 1107 σι’
2136 1054 2330 1122 Βαρὺς
2348 1053 2454 1123 γὰρ
2472 1054 2634 1123 ἡμῖν,
2651 1056 2832 1124 φησίν,
2856 1055 3095 1108 ἐστικαὶ
3113 1057 3516 1125 βλεπόμενος-ο

1937 1138 2026 1191 διά
2053 1138 2224 1191 ταῦτα
2269 1138 2465 1208 πολλὴν
2509 1138 2614 1208 χρὴ
2647 1141 2744 1207 τὴν
2777 1138 3056 1208 πραότητα
3091 1140 3515 1192 ἐπιδείκνυσθαι.

1939 1221 2036 1272 Διά
2064 1220 2236 1273 ταῦτα
2266 1223 2399 1291 ἡμῖν
2438 1223 2531 1272 καὶ
2563 1222 2590 1272 6
2617 1220 2772 1286 λόγος
2813 1221 2904 1271 ὑπ’
2937 1221 3057 1288 ὄψιν
3088 1221 3260 1290 ἤγαγε
3303 1223 3397 1274 καὶ
3426 1224 3519 1275 τὸν

1938 1303 2319 1371 ἡμαρτηκότα,
2370 1304 2463 1354 καὶ
2494 1301 2586 1354 τὸν
2620 1301 2862 1371 διορθοῦν
2892 1302 3052 1356 αὐτὸν
3095 1304 3371 1372 μέλλοντα.
3409 1307 3519 1357 Καὶ

1939 1383 2048 1454 γὰρ
2076 1385 2124 1436 οἱ
2157 1386 2310 1452 σοφοὶ
2351 1385 2458 1436 τῶν
2519 1383 2738 1452 ἰατρῶν,
2789 1387 2916 1436 ὅταν
2964 1384 3195 1454 μέλλωσι
3243 1388 3517 1455 σεσηπότα

1938 1468 2156 1539 τέμνειν
2202 1469 2360 1537 μέλη,
2398 1469 2429 1538 ἢ
2462 1467 2641 1529 λίθους
2691 1469 2802 1529 τοῖς
2831 1468 3017 1537 πόροις
3064 1469 3517 1537 ἐναπεσφηνωμέ-

1940 1568 2064 1614 νους
2086 1549 2105 1589 ἲ
2131 1552 2442 1621 ἐξέλκειν,ἣ
2467 1550 2593 1604 ἄλλο
2621 1567 2671 1601 τι
2694 1553 2790 1619 τῆς
2814 1550 3028 1617 φύσεως
3052 1552 3353 1620 ἁμάρτημα
3377 1552 3518 1619 διορο

1941 1632 2088 1696 θοῦν,
2121 1634 2220 1687 οὐκ
2252 1635 2332 1696 εἰς
2362 1633 2565 1702 γωνίαν
2591 1632 2844 1694 λαϐόντες
2877 1633 2964 1684 τὸν
3021 1634 3317 1702 κάμνοντα.
3362 1634 3521 1685 τοῦτο

1939 1716 2206 1781 ποιοῦσιν,
2238 1717 2353 1770 ἀλλ’
2379 1719 2438 1769 ἐν
2475 1717 2669 1785 μέσαις
2699 1715 2860 1768 αὐτὸν
2899 1715 3082 1776 θέντες
3110 1719 3226 1778 ταῖς
3268 1717 3516 1787 ἀγοραῖς,

1939 1799 2034 1851 καὶ
2063 1798 2283 1869 θέατρον
2315 1800 2379 1851 ἐκ
2420 1799 2528 1852 τῶν
2572 1797 2874 1870 παριόντων
2903 1800 3329 1866 περιστήσαντες
3355 1803 3399 1861 ε,
3429 1798 3521 1850 06-

1939 1899 2044 1944 τως
2076 1883 2341 1950 ἐπάγουσι
2369 1883 2468 1953 τὴν
2497 1883 2688 1952 τομήν.
2720 1880 2938 1933 Ποιοῦσι
2962 1881 3018 1932 δὲ
3045 1881 3222 1946 τοῦτο,
3253 1883 3370 1951 οὐχ).
3399 1885 3520 1944 ταῖς

1939 1965 2308 2035 ἀνθρωπίναις
2371 1963 2749 2035 ἐμπομπεύειν
2817 1963 3124 2034 βουλόμενοι
3182 1967 3516 2034 συμφοραῖς,

1938 2049 2054 2102 ἀλλ’
2079 2048 2220 2101 ὥστε
2243 2047 2444 2120 πολλὴν
2467 2049 2566 2117 τῆς
2606 2047 2810 2109 οἰκείας
2845 2048 3050 2114 ὑγιείας
3089 2047 3320 2099 ἕκαστον
3349 2052 3519 2100 ποιεῖ-

1941 2130 2063 2184 σθαι
2087 2133 2184 2201 τὴν
2207 2132 2480 2203 πρόνοιαν.
2517 2131 2670 2183 Οῦτω
2693 2132 2783 2183 καὶ
2809 2134 2840 2200 ἡ
2875 2132 3062 2201 Γραφὴ
3099 2133 3242 2184 ποιεῖ
3265 2146 3278 2158 ·
3302 2131 3522 2184 ἐπειδάν

1937 2232 2056 2267 τινα
2087 2215 2227 2286 λάϐῃ
2267 2214 2374 2266 τῶν
2404 2215 2843 2284 ἁμαρτανόντων,
2880 2215 2964 2280 ἐφ’
2989 2212 3195 2282 ὑψηλοῦ
3225 2212 3320 2265 τοῦ
3345 2213 3516 2282 κηρύ-

1939 2314 2147 2367 γματος
2175 2297 2338 2350 αὑτὸν
2389 2295 2729 2366 προτίθησιν,
2776 2296 2875 2348 οὐκ
2921 2297 2976 2347 ἐν
3033 2296 3226 2366 μέσαις
3267 2297 3519 2366 ἀγοραῖς,

1938 2381 2052 2433 ἀλλ’
2091 2383 2146 2432 ὲν
2179 2381 2320 2454 μέσῃ
2348 2383 2414 2450 τῇ
2434 2383 2504 2449 γῇ
2529 2396 2543 2410 ·
2577 2380 2670 2431 καὶ
2703 2378 2762 2430 16
2793 2378 2892 2447 τῆς
2917 2377 3239 2448 οἰκουμένης
3261 2380 3520 2448 περιστή-

1940 2479 2078 2515 σασα
2101 2463 2346 2533 θέατρον,
2378 2461 2518 2514 οὕτω
2559 2461 2657 2531 τὴν
2701 2461 2937 2530 ἰατρείαν
2969 2461 3353 2522 ἐπιδείκνυται,
3396 2478 3520 2513 παι-

1937 2544 2162 2596 δεύουσα
2185 2546 2330 2614 ἡμᾶς
2359 2543 2796 2613 ἀσφαλεστέρους
2840 2543 2969 2612 περὶ
3009 2542 3107 2612 τὴν
3148 2543 3352 2596 οἰκείαν
3382 2539 3520 2595 εἶναι

1941 2628 2232 2697 σωτηρίαν.
2260 2627 2487 2697 ἰδωμεν
2511 2621 2604 2678 οὖν
2631 2625 2748 2688 πῶς
2777 2627 3048 2695 ἐπεχείρει
3081 2625 3267 2676 τοῦτον
3293 2628 3320 2677 6
3342 2626 3518 2696 ἱερεὺς

1938 2708 2334 2779 διορθώσασθαι
2385 2709 2524 2761 τότε.
2563 2707 2676 2762 Οὐκ
2710 2703 2882 2772 εἶπεν,
2933 2701 2977 2760 ὦ
3009 2708 3173 2778 μιαρέ
3220 2709 3315 2760 καὶ
3369 2725 3512 2778 παμ-

1943 2791 2126 2861 μίαρε,
2163 2791 2342 2844 πάντα
2385 2790 2686 2862 ἀνέτρεψας
2728 2791 2821 2842 καὶ
2863 2791 3138 2863 συνέχεας,
3182 2791 3260 2852 είς
3295 2789 3523 2860 ἔσχατον

1937 2873 2191 2938 ἀσεϐείας
2221 2871 2576 2945 ἐξεπήδησας,
2606 2874 2726 2926 οὐδέ
2759 2875 3003 2944 μακροὺς
3031 2874 3262 2937 ἐξέτεινε
3285 2891 3522 2944 κατηγο-

1942 2955 2064 3025 ρίας
2091 2956 2305 3024 λόγους’
2352 2956 2464 3009 ἀλλ’
2515 2956 2703 3026 ῶσπερ
2734 2958 2783 3008 οἱ
2813 2957 3119 3025 τέμνοντες,
3156 2957 3312 3011 τοῦτο
3346 2960 3524 3010 ποιεῖν

1943 3040 2220 3110 συντόμως
2252 3038 2628 3101 σπουδάζουσι,
2658 3039 2736 3108 τῷ
2764 3039 2918 3108 τάχει
2948 3040 3045 3110 τῆς
3071 3041 3242 3110 τομῆς
3266 3040 3524 3092 κλέπτον-

1940 3140 2031 3184 τες
2059 3123 2158 3191 τῆς
2179 3123 2368 3193 ὀδύνης
2399 3124 2498 3193 τὴν
2525 3122 2776 3192 αἴσθησιν
2800 3139 2812 3151 ·
2837 3121 2980 3175 οὕτω
3006 3124 3099 3175 καὶ
3121 3118 3272 3186 0610;
3299 3127 3365 3193 τῇ
3391 3124 3525 3194 βρα-

1942 3204 2164 3275 χυλογίᾳ
2206 3206 2304 3272 τῆς
2341 3205 2673 3276 θρασύτητος
2718 3203 2813 3257 τοῦ
2868 3203 3129 3274 βασιλέως
3157 3207 3255 3274 τὴν
3287 3206 3526 3274 φλεγμο-

1942 3285 2037 3356 νὴν
2066 3286 2310 3356 ἔστησεν.
2341 3288 2518 3356 Ὅπερ
2547 3288 2654 3356 γάρ
2693 3287 2784 3338 ἐπὶ
2812 3288 2919 3338 τῶν
2957 3289 3270 3357 καμνόντων
3296 3290 3322 3325 ιι
3357 3289 3522 3358 τομὴ,

1942 3377 2097 3430 τοῦτο
2127 3378 2218 3430 ἐπί⁵
2251 3377 2357 3430 τῶν
2395 3377 2816 3448 ἁμαρτανόντων
2856 3378 3093 3449 ἐλεγχος.
3130 3378 3239 3430 Καὶ
3270 3377 3368 3449 τὴν
3419 3377 3526 3449 μὲν

1944 3461 2239 3512 ἐπιείκειαν
2275 3459 2410 3530 μετά
2439 3460 2546 3513 τῶν
2574 3460 2748 3514 ἄλλων
2783 3461 2877 3514 καὶ
2902 3461 2987 3514 διὰ
3017 3461 3116 3530 τῆς
3163 3460 3527 3531 βραχυλογίας

1943 3544 2074 3613 ἡμῖν
2114 3543 2498 3596 ἐπιδείκνυται.
2541 3544 2602 3595 Εἰ
2644 3543 2700 3596 δὲ
2749 3543 2924 3613 βούλει
2967 3544 3060 3596 καὶ
3097 3544 3188 3594 16v
3222 3545 3386 3613 τόμον
3417 3543 3528 3595 τῶν

1946 3626 2204 3694 ῥημάτων
2229 3626 2373 3684 ἰδεῖν,
2405 3627 2497 3677 καὶ
2519 3625 2620 3677 ποῦ
2642 3624 2702 3678 16
2721 3626 2957 3696 σιδήριον
2985 3625 3241 3696 ἔκρυψεν,
3270 3627 3526 3680 ἄκουσον.

1939 3709 2059 3760 Οὐκ
2083 3706 2286 3770 ἔξεστί
2305 3721 2428 3773 σοι,
2457 3709 2609 3779 φησὶ,
2627 3708 2908 3776 θυμιᾶσαι
2932 3708 3150 3775 Κυρίῳ,
3178 3710 3317 3762 ἀλλ’
3345 3706 3383 3776 ἢ
3403 3707 3529 3773 τοῖς

1939 3790 2186 3858 ἱερεῦσι,
2212 3790 2334 3855 τοῖς
2364 3791 2515 3858 υἱοῖς
2556 3793 2791 3859 Ἀαρὼν,
2821 3791 2945 3858 τοῖς
2967 3792 3373 3860 ἡγιασμένοις.
3415 3793 3530 3844 Ἐν-

1944 3872 2117 3926 ταῦθα
2152 3873 2318 3926 ἔδωκε
2339 3874 2437 3942 τὴν
2460 3874 2694 3945 πληγήν.
2730 3876 2839 3927 Καὶ
2878 3875 3027 3938 πῶς;
3053 3875 3164 3942 ἐγὼ
3188 3875 3332 3942 λέγω
3362 3877 3399 3928 ί.
3430 3874 3530 3926 Διά

1944 3959 1997 4010 τί
2031 3957 2137 4026 γάρ
2162 3957 2261 4010 οὐκ
2294 3954 2438 4021 εἰπε,
2482 3957 2610 4018 Τοῖς
2648 3957 2930 4024 ἱερεῦσιν,
2953 3957 3160 4020 ἁπλῶς,
3183 3958 3318 4009 ἀλλά
3357 3974 3529 4027 προσ-

1946 4040 2109 4110 έθηκε
2147 4043 2238 4093 16v
2275 4039 2517 4110 Ἀαρών;
2568 4040 2883 4110 Ἀρχιερεὺς
2909 4039 3124 4104 ἐγένετο
3153 4039 3387 4108 πρῶτος,
3437 4041 3532 4092 καὶ

1947 4125 2214 4193 ἐτολμήθη
2237 4123 2375 4177 γατά
2395 4123 2521 4184 106;
2536 4123 2740 4176 ἐκείνου
2762 4123 2984 4192 χρόνους
3001 4120 3237 4174 τοιοῦτον
3252 4122 3527 4193 τόλμημα.

1947 4206 2124 4258 Δαθάν
2167 4207 2274 4276 γάρ
2303 4207 2396 4258 καὶ
2444 4205 2586 4274 Κορέ
2625 4206 2718 4256 καὶ
2759 4204 3018 4275 Ἀϐειρὼν
3061 4208 3358 4268 συστάντες
3409 4206 3529 4258 κατ’

1947 4287 2106 4340 αὐτοῦ
2145 4289 2282 4357 μετά
2310 4288 2402 4340 καὶ
2439 4287 2642 4357 ἐτέρων
2694 4288 2857 4339 τινῶν
2891 4288 3173 4341 ἐϐούλοντο
3195 4288 3348 4340 αὐτοὶ
3378 4289 3528 4358 ἰερα-

1947 4369 2152 4423 τεύειν’
2181 4369 2318 4423 ἀλλά
2349 4371 2476 4432 τοὺς
2515 4369 2666 4439 μένὴ
2698 4371 2766 4439 γῆ
2803 4369 3068 4422 διαστᾶσα
3121 4371 3368 4432 κατέπιε,
3404 4371 3530 4431 τούς

1947 4451 2004 4505 δὲ
2035 4452 2146 4522 πῦρ
2197 4452 2401 4506 ἀνωθεν
2448 4451 2766 4519 κατενεχθέν
2805 4450 3121 4518 κατέφλεξε.
3168 4451 3382 4521 Ταύτης
3437 4449 3531 4503 06v

1949 4533 2107 4586 αὐτὸν
2130 4535 2225 4602 τῆς
2258 4535 2493 4604 ἱστορίας
2515 4532 2826 4602 ὑπομνῆσαι
2864 4533 3202 4603 βουλόμενος,
3230 4535 3530 4602 ἀνέμνησεν

1950 4619 2112 4672 αὐτὸν
2136 4618 2227 4670 τοῦ
2273 4618 2480 4687 ’Λαρὼν
2512 4617 2605 4669 τοῦ
2636 4617 2754 4670 τότε
2791 4616 3133 4686 ἀδικηθέντος
3154 4658 3168 4679 ,
3211 4617 3350 4670 ὥστε
3396 4619 3528 4687 πρὸς

1949 4703 2045 4772 τὴν
2066 4703 2170 4754 τῶν
2189 4703 2524 4771 ἠδικηκότων
2541 4719 2604 4754 συ
2612 4702 2827 4772 μφοράν
2843 4701 3208 4770 παραπέμψαι
3227 4702 3326 4772 τὴν
3341 4702 3528 4753 τούτου

1950 4787 2204 4839 διάνοιαν.
2244 4785 2387 4855 Πλὴν
2405 4787 2516 4838 ἀλλ’
2545 4787 2695 4839 οὐδὲν
2713 4786 2926 4853 ἐγένετο
2943 4785 3102 4837 πλέον
3122 4803 3134 4816 ·
3158 4785 3272 4838 ἀλλ’
3300 4785 3361 4836 06
3384 4788 3530 4853 παρὶι

1951 4869 2040 4921 τὸν
2073 4870 2242 4938 ἱερέα,
2283 4869 2418 4921 ἀλλά
2446 4871 2593 4940 παρά
2625 4871 2722 4937 τὴν
2754 4869 2848 4922 τοῦ
2892 4869 3155 4938 βασιλέως
3194 4868 3526 4938 θρασύτητα.

1953 4953 2078 5003 Δέον
2113 4950 2218 5020 γὰρ
2249 4951 2532 5004 ἐπαινέσαι
2560 4951 2650 5003 16v
2693 4952 2864 5021 ἱερέα,
2893 4951 2986 5003 καὶ
3015 4953 3174 5020 χάριν
3200 4950 3529 5020 ὁμολογῆσαι

1953 5033 2048 5101 τῆς
2082 5032 2420 5103 συμϐουλῆς
2462 5029 2519 5084 Ὀ
2539 5031 2594 5085 δέ
2626 5034 2903 5103 ἐθυμώθη,
2955 5034 3110 5102 φησὶ,
3151 5033 3244 5084 καὶ
3273 5032 3334 5084 16
3375 5032 3531 5094 ἕλκος

1955 5116 2246 5185 εἰργάσατο
2302 5115 2696 5186 χαλεπώτερον.
2755 5116 2828 5167 Οὐ
2897 5114 3003 5183 γάρ
3056 5115 3228 5177 οὕτως
3287 5117 3531 5188 ἁμαρτία

1955 5197 2142 5260 κακὸν,
2180 5198 2253 5261 ώς
2287 5200 2320 5269 ὴ
2373 5198 2510 5268 μετά
2557 5198 2654 5266 τὴν
2679 5196 2954 5266 ἁμαρτίαν
2985 5197 3335 5266 ἀναισχυντία
3395 5200 3532 5251 Ἀλλ’

2022 5393 2294 5466 θηριιαὶυιπ·
2315 5390 2593 5466 ψεφβαρύρ
2610 5390 2735 5466 ἔστη
2762 5396 2812 5438 et
2833 5387 2953 5438 infra
2970 5389 3239 5452 ὐπ’ὅψεσιν.
3266 5389 3366 5438 Sed
3388 5403 3528 5447 unus.

1955 5455 2137 5502 Savilio
2162 5460 2308 5505 [981.8,
2338 5453 2482 5500 habel
2508 5452 2578 5499 ἐπ’
2605 5452 2783 5513 ὄψεσιν.

2025 5514 2040 5551 ί
2097 5515 2612 5574 Ἐναπεσφηνωμένους,
2647 5511 2738 5560 ’τοι
2767 5527 2871 5574 rara
2894 5517 2945 5559 et
2983 5515 3246 5573 composita
3276 5511 3530 5574 :_0q:~r,vo’m,

1958 5573 2120 5636 inﬁgo,
2147 5571 2348 5631 inculci),
2384 5571 2493 5620 hinc
2514 5573 2892 5635 ἀποσφὴνοῦμαι,
2918 5581 2964 5620 et
3005 5571 3435 5634 ἐναποσφηνοῦμαι.

2023 5640 2044 5674 ὃ
2083 5637 2220 5682 Alius
2243 5636 2574 5690 ἐπιστήσαντες

2019 5697 2045 5733 ιι
2074 5696 2504 5757 Manuscriplnrum
2545 5693 2625 5742 alii
2658 5696 2731 5742 ἐπὶ
2757 5698 2851 5742 τῶν
2891 5695 3184 5757 τραυμάτων,
3214 5693 3292 5740 alii
3331 5693 3533 5757 £1161:va

1959 5759 2211 5819 σωμάτων.
2255 5755 2428 5804 Méiius
2471 5767 2630 5819 tamen
2677 5765 2754 5801 (³δὶ
2778 5758 2851 5802 ἐπὶ
2891 5755 2984 5819 τῶν
3016 5757 3303 5814 καμνόντων,
3329 5762 3382 5800 ut
3410 5755 3531 5819 legi!

1960 5817 2204 5874 Erasmus,
2226 5832 2333 5877 quae
2358 5819 2504 5865 lectio
2523 5818 2673 5877 probe
2694 5819 2897 5877 quadrat
2921 5818 2975 5862 ad
3003 5830 3109 5862 mox
3139 5825 3431 5872 sequentem
3456 5817 3534 5864 ἐπὶ

1957 5882 2051 5926 τῶν
2073 5879 2447 5938 ἁμαρτανόντων.
2479 5880 2597 5925 lul'ra
2624 5892 2747 5924 unus
2769 5879 2860 5923 ποῦ
2885 5881 2937 5922 τὸ
2973 5879 3178 5939 σιδήριον
3203 5879 3467 5938 ἐνέκρυψεν.

2026 5939 2038 5976 i
2069 5939 2269 5986 Manma
2291 5953 2398 6000 pars
2421 5953 2533 5987 mss.
2563 5941 2652 5997 ἐγὼ
2680 5940 2860 5999 φράσω.
