4064 6214
543 401 656 457 133

541 513 638 578 οὑχ
685 509 712 561 6
762 505 921 561 Δαυῖδ
951 503 1159 569 οὕτως’
1198 505 1332 558 ἀλλά
1375 503 1526 570 πῶς;
1560 503 1717 558 Μετά
1755 499 1854 570 τὴν
1889 497 1994 551 ὑπὸ
2017 493 2113 578 τοῦ

541 575 730 644 Ναθάν
757 589 1056 659 γενομένην
1098 587 1431 658 κατηγορίαν
1446 586 1560 656 -τὴν
1599 586 1692 638 ἐπὶ
1713 585 1779 653 τῇ
1812 575 2112 652 Βηρσαϐεέ,

552 671 894 742 Ἠμάρτηκα
921 670 1073 746 [155]
1093 670 1172 736 τῷ
1201 670 1413 738 Κυρίῳ,
1435 668 1619 739 φησίν.

593 805 641 862 γ’
653 839 665 852 .
689 793 841 858 Εἶδες
858 791 1289 862 συτετριμμένην
1311 789 1568 860 καρδίαν;
1613 781 1752 849 εἶδες
1785 801 2116 838 τεταπεινω-

542 875 712 946 μένην
739 876 918 945 ψυχήν
941 892 955 940 ;
989 870 1127 938 εἰδες
1153 873 1269 935 πῶς
1296 874 1388 926 καὶ
1413 873 1481 926 τὰ
1511 871 1778 942 πτώματα
1811 870 1918 923 τῶν
1947 868 2117 937 ἁγίων

539 956 798 1028 λαμπρά;
828 956 1092 1025 Καθάπερ
1120 955 1226 1025 γάρ
1254 955 1322 1008 τὰ
1360 955 1586 1025 λαμπρά
1602 954 1709 1007 τῶν
1733 953 1999 1023 σωμάτων
2023 951 2118 1004 καὶ

540 1042 635 1094 ἐπὶ
667 1041 767 1110 τῆς
795 1041 1104 1112 ἀρρωστίας
1134 1038 1303 1092 πολλά
1332 1041 1430 1109 τῆς
1453 1037 1753 1108 εὐμορφίας
1783 1037 1915 1106 ἡμῖν
1952 1033 2120 1088 ἐνδεί-

538 1140 729 1175 κνυται
751 1122 819 1174 τά
851 1123 970 1193 ἴχνη
991 1140 1004 1154 ·
1035 1122 1177 1176 οὕτω
1205 1123 1297 1177 καὶ
1325 1123 1433 1175 τῶν
1455 1122 1624 1190 ἁγίων
1651 1122 1708 1172 αἰ
1736 1119 1906 1189 ψυχαὶ
1939 1118 2032 1172 καὶ
2059 1119 2118 1171 ἐν

538 1205 722 1267 αὑτοῖς
774 1208 888 1268 τοῖς
930 1206 1338 1275 παραπτώμασι
1369 1214 1389 1235 ⁴
1422 1205 1523 1274 τῆς
1560 1204 1763 1266 οἰκείας
1811 1202 2010 1272 ἀρετῆς
2047 1199 2117 1253 τὰ

538 1287 783 1357 σύμϐολα
825 1288 1068 1358 φέρουσι.
1118 1289 1308 1341 Καίτοι
1355 1304 1419 1355 γε
1458 1289 1664 1349 ἐκεῖνος
1705 1286 1802 1355 μὲν
1838 1286 1897 1336 ἐν
1931 1283 2116 1354 μέσοις

534 1373 647 1433 τοῖς
705 1370 995 1438 βασιλείοις
1054 1373 1410 1440 κατηγορεῖτο
1447 1370 1600 1439 πο.ρά
1649 1367 1742 1420 τοῦ
1793 1368 2113 1438 προφήτου,

537 1452 819 1522 παρόντων
850 1451 1058 1505 πολλῶν
1079 1471 1092 1483 ο
1118 1444 1273 1512 οὗτος
1296 1452 1351 1503 δὲ
1377 1451 1522 1505 ἔνδον
1549 1452 1606 1504 ἐν
1635 1453 1743 1514 τοῖς
1764 1450 1998 1515 ἀδύτοις,
2022 1450 2115 1501 καὶ

543 1535 861 1606 ἀμάρτυρον
891 1532 1003 1606 εἶχε
1038 1536 1129 1587 τὸν
1151 1535 1397 1604 ἐλεγχονο
1433 1535 1547 1588 ἀλλ’
1575 1535 1695 1587 οὑδέ
1723 1533 1893 1598 οὑτως
1914 1535 2112 1606 ἤνεγκε

533 1619 631 1689 τὴν
665 1619 998 1687 ἐπιτίμησιν.
1045 1619 1110 1671 Τί
1153 1616 1279 1681 οῦν;
1324 1620 1541 1682 ἀνίατος
1561 1618 1790 1690 ἔμενεν;
1826 1618 2111 1689 Οὑδαμῶς,

532 1701 620 1754 διά
641 1701 738 1772 τὴν
765 1701 857 1754 τοῦ
889 1701 1022 1755 Θεοῦ
1055 1701 1462 1774 φιλανθρωπίαν
1481 1719 1492 1732 ·
1520 1701 1633 1755 ἀλλ’
1655 1701 1843 1772 ὥσπερ
1887 1703 1983 1754 ἐπὶ
2017 1701 2112 1754 τοῦ

535 1783 1003 1854 σεληνιαζομένου,
1054 1785 1163 1838 τῶν
1208 1786 1458 1856 μαθητῶν
1507 1787 1606 1838 οὑκ
1658 1787 1986 1856 ἰσχυσάντων
2024 1787 2113 1840 τὸν

532 1865 759 1936 δαίμονα
786 1867 1056 1929 ἐκϐαλεῖν,
1077 1868 1104 1918 6
1120 1869 1351 1937 Χριστός
1382 1885 1538 1939 φησι,
1560 1867 1770 1935 Φέρετέ
1806 1886 1910 1936 μοι
1929 1869 2115 1922 αὺτέν

530 1945 679 2005 ὧδεο
706 1949 851 2003 οὑτω
895 1951 989 2003 καὶ
1029 1950 1282 2015 ἐνταῦθα,
1322 1951 1416 2004 τοῦ
1464 1952 1650 2024 ἱερέως
1685 1952 1760 2023 μὴ
1795 1952 2114 2023 δυνηθέντος

532 2034 731 2096 παντὸς
751 2034 1002 2104 δαίμονος
1023 2034 1400 2104 χαλεπώτερον
1433 2037 1664 2106 νόσημα,
1691 2035 1790 2106 τὴν
1839 2035 2114 2106 ἁμαρτίαν

531 2115 801 2181 ἐκϐαλεῖν,
836 2117 996 2179 αὑτὸς
1017 2116 1199 2170 λοιπὸν
1223 2120 1250 2170 6
1274 2118 1403 2181 Θεὸς
1426 2118 1516 2172 τὸν
1549 2119 1826 2189 κάμνοντα
1857 2135 2114 2189 μεταχει-

534 2199 760 2271 ρίζεται.
802 2201 912 2254 Καὶ
932 2201 985 2253 τί
1013 2203 1186 2265 ποιεῖ;
1219 2201 1442 2270 Λέπραν
1485 2201 1783 2271 ἐπαφίησιν
1827 2201 1992 2254 αὑτοῦ
2035 2200 2114 2272 τῷ

533 2283 790 2355 μετώπῳ.
840 2285 1109 2354 Ἐγένετο
1146 2285 1273 2353 γὰρ,
1316 2285 1501 2355 φησὶν,
1549 2285 1620 2338 έν
1661 2283 1741 2349 τῷ
1785 2283 2113 2353 ἀπειλῆσαι

528 2370 717 2424 αὑτὸν
747 2369 826 2434 τῷ
848 2369 1005 2438 ίερεῖ,
1026 2372 1220 2437 λέπρα
1242 2368 1550 2422 ἀνέτειλεν
1573 2369 1672 2422 ἐπὶ
1695 2369 1799 2424 τοῦ
1839 2369 2113 2437 μετώπου

528 2453 736 2517 αὑτοῦ,
759 2453 853 2505 καὶ
874 2452 1021 2523 ἐξῄει
1050 2451 1260 2512 λοιπὸν,
1283 2452 1536 2522 καθάπερ
1561 2454 1608 2504 οἱ
1641 2451 1740 2521 τὴν
1765 2453 1858 2503 ἐπὶ
1887 2451 2114 2506 θάνατον

528 2535 888 2606 ἀπαγόμενοι,
922 2536 1181 2607 σπαρτίον
1207 2534 1299 2586 ἐπὶ
1340 2533 1434 2587 τοῦ
1464 2535 1728 2604 στόματος
1755 2535 1988 2604 ἔχοντες,
2016 2535 2113 2604 τῆς

530 2619 997 2690 καταδικαζοὺσης
1049 2617 1317 2689 σύμϐολον
1363 2618 1542 2688 ψήφου
1565 2659 1578 2683 ,
1629 2617 1770 2671 οὑτω
1819 2618 1912 2670 καὶ
1950 2617 2113 2681 αὑτὸς

529 2703 627 2772 τῆς
664 2704 890 2773 ἀτιμίας
929 2704 989 2755 τὸ
1029 2702 1296 2772 σύμϐολον
1332 2704 1424 2755 ἐπὶ
1467 2702 1561 2754 τοῦ
1613 2700 1864 2771 μετώπου
1907 2700 2109 2771 φέρων,

527 2787 588 2839 οὑ
617 2787 826 2858 δημίων
869 2787 1033 2840 αὑτὸν
1059 2787 1343 2850 ἑλκόντων,
1389 2785 1523 2839 ἀλλά
1556 2786 1724 2854 αὑτῆς
1762 2785 1861 2854 τῆς
1905 2783 2112 2855 λέπρας

524 2872 645 2925 ἀντὶ
677 2871 886 2940 δημίων
917 2871 1010 2924 ἐπὶ
1039 2870 1279 2941 κεφαλὴν
1303 2871 1329 2910 δ
1357 2869 1623 2940 ώθούσης.
1656 2868 1917 2938 Εἰσῆλθεν
1958 2870 2112 2938 ἱερω-

529 2952 696 3022 σύνην
733 2952 952 3016 λαϐεῖν,
998 2955 1027 3006 6
1069 2953 1124 3006 δὲ
1180 2954 1275 3006 καὶ
1324 2955 1424 3022 τῆν
1482 2952 1760 3022 βασιλείαν
1793 2950 2108 3004 ἀπώλεσεν·

527 3036 743 3106 εἰσῆλθε
763 3036 1015 3105 γενέσθαι
1034 3037 1376 3107 σεμνότερος,
1391 3036 1484 3089 καὶ
1500 3036 1721 3104 γέγονεν
1737 3034 2109 3105 ἐναγέστερος.

527 3119 638 3172 Καὶ
665 3119 775 3190 γὰρ
802 3119 1008 3172 ἰδιώτου
1042 3117 1243 3181 παντὸς
1293 3118 1477 3171 λοιπὸν
1510 3117 1834 3190 ἀτιμότερος
1878 3113 1945 3189 ἦν
1976 3117 2113 3171 ἀκά-

527 3202 724 3272 θαρτος
755 3202 850 3256 ὥν.
885 3201 1148 3255 Τοσοῦτόν
1183 3203 1297 3254 ἐστι
1325 3201 1493 3254 κακὸν
1530 3202 1588 3254 τὸ
1627 3201 1700 3274 μὴ
1735 3201 1917 3272 μένειν
1966 3201 2112 3255 ἔνδον

527 3285 620 3336 ἐπὶ
647 3284 757 3339 τῶν
784 3285 1045 3338 δοθέντων
1065 3286 1195 3355 ἡμῖν
1225 3285 1376 3355 παρὰ
1398 3284 1492 3338 τοῦ
1519 3285 1652 3338 Θεοῦ
1690 3285 1924 3358 μέτρων,
1953 3285 2019 3339 ἀν
2051 3303 2112 3338 τε

528 3367 621 3420 ἐπ)⁸
666 3369 851 3439 τιμῆς,
895 3368 962 3422 ἄν
1001 3385 1063 3420 τε
1107 3368 1199 3421 ἐπὶ
1240 3369 1492 3435 γνώσεως
1523 3368 1682 3422 τοῦτο
1765 3380 1811 3422 ο.
1845 3369 1956 3438 Οὑχ
1982 3370 2113 3439 ὁρᾷς

527 3450 732 3522 ταύτην
753 3451 853 3521 τὴν
881 3451 1167 3514 θάλατταν,
1200 3452 1314 3514 πῶς
1343 3452 1459 3502 ἐστι
1485 3455 1605 3515 ταῖς
1639 3451 1782 3522 βίαις
1819 3453 2110 3523 ἀφόρητος,

529 3535 717 3598 πόσοις
749 3534 1078 3606 κορυφοῦται
1117 3537 1231 3597 τοῖς
1277 3534 1552 3605 κὺμασιν;
1611 3534 1751 3587 Ἀλλ’
1784 3535 1933 3605 ὅμως
1975 3535 2113 3605 πρὸς

531 3615 663 3685 ὕψος
687 3617 1076 3688 διανισταμένη
1117 3619 1278 3688 μέγα,
1316 3618 1407 3671 καὶ
1458 3617 1596 3687 μετά
1629 3616 1822 3670 πολλοῦ
1852 3617 2116 3685 προϊοῦσα

528 3701 624 3754 τοῦ
669 3700 863 3770 θυμοῦ,
897 3701 1114 3754 ἐπειδὰν
1158 3700 1284 3771 ἔλθῃ
1334 3699 1470 3772 πρὸς
1517 3699 1578 3751 τὸ
1620 3699 1772 3753 τεθὲν
1796 3701 1942 3772 ὃριον
1975 3700 2113 3770 αὑτῇ

531 3785 684 3856 παρά
707 3786 800 3837 τοῦ
828 3785 983 3850 Θεοῦ,
1011 3784 1080 3837 τά
1098 3783 1314 3854 κύματα
1331 3787 1410 3848 εἰς
1441 3783 1614 3854 ἀφρὸν
1642 3783 1960 3848 διαλύσασα,
1978 3783 2116 3854 πρὸς

529 3867 730 3938 ἐαυτὴν
777 3869 1042 3922 ἐπάνεισι.
1095 3867 1282 3921 Καίτοι
1321 3884 1384 3935 γε
1435 3868 1489 3920 τί
1539 3867 1764 3943 ψάμμου
1807 3867 1999 3934 γένοιτ’
2049 3865 2116 3919 ἂν

532 3952 958 4023 ἀσθενέστερον;
997 3951 1136 4004 Ἀλλ’
1164 3953 1262 4004 οὑκ
1291 3951 1470 4004 ἐκεῖνό
1507 3951 1625 4003 ἐστι
1652 3950 1714 4004 τὸ
1742 3948 1968 4012 κωλύον,
2002 3949 2114 4001 ἀλλ’

529 4039 558 4088 ὁ
587 4036 681 4088 τοῦ
729 4036 911 4099 θέντος
937 4034 1119 4105 φόϐος.
1161 4037 1223 4087 Εἰ
1261 4035 1317 4088 δέ
1339 4035 1399 4087 οὑ
1427 4031 1747 4104 σωφρονίζει
1785 4049 1844 4085 σε
1869 4031 2029 4085 τοῦτο
2057 4033 2118 4085 τὸ

531 4120 885 4190 παράδειγμα
911 4160 927 4184 ,
978 4121 1046 4172 τά
1079 4119 1221 4172 κατά
1249 4119 1340 4172 τὸν
1381 4118 1564 4183 Ὀζίαν
1603 4133 1664 4170 σε
1695 4116 2015 4180 παιδευέτω,
2049 4117 2119 4170 τά

531 4204 626 4257 νῦν
659 4206 788 4274 ἡμῖν
813 4202 1097 4274 εἰρημένα.

615 4321 756 4374 Ἀλλ’
788 4320 976 4391 ἐπειδὴ
1005 4319 1103 4390 τὴν
1150 4319 1320 4390 ὀργὴν
1348 4318 1561 4389 εἴδομεν
1588 4316 1684 4369 τοῦ
1719 4315 1854 4370 Θεοῦ
1893 4316 1989 4369 καί
2021 4317 2118 4386 τὴν

532 4405 688 4471 ἀξίαν
715 4404 1085 4465 ἀνταπόδοσιν,
1121 4404 1251 4474 φέρε
1281 4404 1373 4456 καὶ
1399 4403 1499 4474 τὴν
1521 4400 1926 4471 φιλανθρωπίαν
1953 4400 2118 4453 αὑτοῦ

532 4490 630 4543 καὶ
675 4489 774 4558 τὴν
832 4488 1032 4558 πολλὴν
1088 4486 1388 4538 ἐπιείκειαν
1451 4483 1828 4552 ἐπιδείξωμεν.
1888 4483 1960 4536 Οὑ
2014 4482 2120 4554 γὰρ

535 4575 729 4643 μόνους
753 4570 780 4610 ά
802 4571 929 4633 τοὺς
951 4571 1078 4640 περί
1104 4569 1204 4630 τῆς
1232 4568 1512 4638 ὀργῆς-δεῖ
1544 4569 1711 4620 κινεῖν
1740 4566 1948 4634 λόγους,
1988 4566 2123 4619 ἀλλά

533 4655 788 4717 καὶτοὺς
832 4652 1095 4722 περὶτῆς
1142 4651 1525 4723 χρηστότητος.
1568 4651 1655 4704 ἵνα
1688 4651 1823 4720 μήτε
1865 4649 1943 4711 εἰς
1984 4648 2123 4700 ἀπό-

533 4756 735 4808 γνωσιν
779 4737 1103 4806 ἐμϐάλωμεν
1133 4736 1258 4796 τοὺς
1293 4732 1612 4795 ἀκούοντας,
1664 4733 1798 4802 μήτε
1831 4731 1908 4793 εἰς
1952 4730 2120 4801 ρᾳθυ-

539 4823 858 4893 μίαν.οὑτω
878 4822 971 4875 καὶ
1002 4818 1213 4878 Παῦλος
1233 4820 1392 4884 ποιεῖ,
1424 4819 1518 4872 καί
1549 4816 1755 4878 τούτοις
1794 4817 2122 4887 ἀμφοτέροις

536 4909 700 4976 κιρνᾷ
731 4907 830 4976 τὴν
861 4905 1205 4975 παραίνεσιν,
1231 4903 1429 4954 οὑτωσὶ
1465 4901 1640 4967 λέγων
1659 4916 1672 4930 ⁸
1718 4899 1832 4954 Ἰδὲ
1867 4895 1980 4954 οὖν
2010 4899 2125 4966 τὴν

535 4991 920 5058 χρηστότητα
941 4986 1039 5040 καί
1072 4985 1409 5053 ἀποτομίαν
1441 4983 1608 5045 Θεοῦ,
1643 4983 1730 5036 ἵνα
1755 4985 1848 5035 καί⁸
1875 4982 1951 5052 τῷ
1977 4982 2125 5050 φόϐῳ

536 5077 631 5129 καὶ
651 5077 772 5137 ταῖς
801 5073 1063 5144 χρησταῖς
1092 5069 1302 5121 ἐλπίσιν
1333 5069 1610 5137 ἀναστήσῃ
1643 5067 1734 5118 τὸν
1764 5065 2114 5118 πεπτωκότα.

537 5153 690 5219 Εἶδες
725 5155 1030 5225 ἀποτομίαν
1082 5152 1253 5216 Θεοῦ;
1299 5151 1395 5202 ’ἰδὲ
1427 5153 1520 5202 καὶ
1559 5148 1922 5221 χρηστότητα.
1971 5144 2123 5220 [156]

539 5241 662 5304 Πῶς
679 5237 769 5294 οὖν
796 5240 1035 5310 ὀψόμεθα
1058 5238 1156 5306 τὴν
1174 5235 1552 5307 χρηστότητα;
1576 5234 1672 5286 ’Δν
1699 5232 1958 5304 μάθωμεν
1981 5231 2127 5294 τίνος

598 5430 623 5455 ⁸
650 5427 854 5486 Aliquot
884 5438 1002 5473 mss.
1026 5422 1123 5478 τοῖς
1145 5423 1388 5486 πτώμασι.

597 5488 625 5527 h
672 5478 798 5536 ’Λντί
840 5488 1020 5548 δημίων
1059 5485 1132 5548 ἐπί
1151 5478 1373 5548 κεφαλῆς,
1407 5483 1491 5548 _sic
1513 5481 1708 5548 qiiidam
1733 5490 1877 5548 nisls;
1904 5478 2130 5548 Erasmus

533 5551 733 5598 videtur
762 5538 1317 5612 ἰθςὶέέθ-ἀντίλδημίόυη
1336 5538 1417 5612 q'u_i
1447 5538 1884 5612 vei-lithcmjniﬁcis
1907 5539 2029 5612 (ρει)Σ
2055 5542 2132 5612 ιι)-

535 5615 603 5660 ira
631 5625 774 5667 unus,
796 5602 926 5659 ιέειε
953 5602 1365 5667 Ξενίιίυίπαντὸς
1392 5606 1554 5653 λοιπὸν
1589 5603 1891 5663 εὑαγέστερος
1927 5602 1983 5659 ἧν
2009 5602 2129 5649 ἀκά-

531 5677 698 5735 θαρτος
722 5672 805 5720 ὢν.
1545 5725 1554 5735 .
2005 5726 2014 5735 .

601 5738 621 5764 ε
654 5734 836 5782 Savi|.:
877 5731 997 5780 «Sic
1016 5730 1202 5778 habent
1240 5727 1406 5776 caeleri
1450 5727 1645 5775 codices
1689 5728 1868 5785 pra-ter
1911 5724 2128 5774 codicem

531 5792 781 5844 Croshavii
826 5794 1002 5849 nostri.
1042 5793 1127 5853 qui
1170 5804 1258 5851 pro
1283 5790 1356 5836 his
1383 5789 1543 5853 yerbis
1574 5785 1846 5853 substituit,
1886 5786 1988 5831 ἀλλ’
2027 5788 2126 5853 ᾀνςθ

535 5857 855 5916 ἐπιτιμήσεως
893 5855 970 5902 διὰ
991 5847 1076 5910 τῆς
1118 5847 1288 5913 λέπρας
1330 5851 1426 5904 τοῖς
1471 5855 1614 5896 πᾶσιν
1656 5847 1944 5906 ἐπίγνωστον
1987 5848 2126 5896 αὑτὸν

573 5935 676 5964 men.
705 5935 726 5947 "

573 5935 586 5954 ι
647 5935 676 5964 ι.
705 5935 726 5947 ⁸·

533 5933 644 6017 ωδε
657 5978 790 6027 Lnus
808 5977 967 6040 μόνον.
995 5976 1147 6026 Pauio
1171 5981 1281 6040 post
1307 5987 1431 6022 unus
1460 5973 1522 6027 εἷς
1540 5973 1806 6031 ἀπόγνωσιν
1832 5969 2120 6032 ἐκϐάλωμεν,

1179 388 1237 442 S.
1287 382 1569 441 JOANNIS
1605 372 2094 439 CIIRYSOSTOMI
2134 375 2454 434 ARCHIEP.
2497 376 3046 434 CONSTANTINOP.

2222 494 2370 558 ἄξιος
2425 490 2492 566 ἦν
2545 497 2573 547 6
2612 495 2814 558 Ὀζίας.
2847 495 3022 549 Τίνων
3070 489 3162 548 οῦν
3207 493 3354 558 ἄξιος
3395 489 3491 567 ἦνς
3524 493 3675 564 Ἀμα
3703 486 3812 540 τῶν

2224 576 2509 649 προθὺρων
2541 576 2734 639 ἐπιϐὰς
2754 577 2863 632 τῶν
2889 576 3052 649 ἱερῶν
3082 575 3217 646 μετά
3235 577 3503 647 τοσαύτης
3523 577 3810 645 ἀναισχυν-

2224 661 2364 724 τίας,
2408 661 2618 731 μυρίων
2658 661 2951 732 σκηπτῶν,
2995 661 3089 714 καὶ
3129 660 3228 730 τῆς
3262 661 3496 731 ἐσχάτης
3535 660 3809 722 κολάσεως

2225 745 2320 798 καὶ
2361 745 2652 816 τιμωρίας.
2686 747 2750 799 Εἰ
2782 745 2890 816 γὰρ
2923 746 2970 797 οἰ
3011 744 3218 815 πρῶτοι
3244 745 3414 798 ταῦτα
3442 744 3810 814 τολμήσαντες

2223 827 2428 897 ταύτην
2456 828 2643 882 ἔδοσαν
2674 829 2774 899 τὴν
2805 827 2981 898 δίκην,
3013 829 3060 880 οἰ
3089 828 3216 898 περί¹
3237 827 3413 881 Δαθάν
3431 828 3524 880 καί
3542 827 3686 896 Κορέ
3716 827 3810 879 καὶ

2238 908 2520 982 Ἀϐειρὼν,
2540 910 2718 982 πολλῷ
2743 910 2942 980 μᾶλλον
2958 909 3147 963 τοῦτον
3166 910 3310 962 οὑτω
3331 907 3656 972 κολάζεσθαι
3681 907 3804 965 ἔδει.

2225 993 2316 1047 τὸν
2360 993 2494 1063 μηδὲ
2535 997 2658 1058 ταῖς
2714 994 2939 1048 ἐκείνων
2993 993 3427 1064 σωφρονισθέντα
3477 993 3805 1063 συμφοραῖς.

2237 1075 2376 1128 Ἀλλ’
2404 1077 2504 1130 οὑκ
2539 1076 2763 1147 ἐποίησε
2788 1077 2942 1130 τοῦτο
2961 1078 2989 1128 6
3023 1076 3175 1141 Θεὸς,
3199 1075 3335 1128 ἀλλά
3369 1073 3627 1145 πρότερον
3659 1071 3810 1140 αὑτῷ

2224 1165 2416 1234 λόγους
2463 1171 2788 1238 προσήγαγε
2823 1179 2846 1207 θ
2884 1167 3084 1238 πολλῆς
3108 1166 3409 1228 ἐπιεικείας
3430 1165 3696 1236 γέμοντας
3724 1162 3811 1214 διὰ

2222 1249 2315 1302 τοῦ
2341 1250 2548 1320 ἱερέως.
2567 1250 2674 1304 Καὶ
2695 1249 2839 1320 άπερ
2863 1250 2891 1301 6
2913 1249 3146 1321 Χριστὸς
3168 1251 3472 1320 παρῄνεσεν
3501 1245 3810 1315 ἀνθρώποις

2223 1325 2417 1394 ποιεῖν’,
2450 1333 2576 1386 ὅταν
2612 1333 2691 1396 εἰς
2720 1331 2980 1403 ἀλλήλους
3006 1332 3358 1403 ἁμαρτάνωσι
3389 1331 3432 1395 τ,
3452 1330 3611 1382 τοῦτο
3631 1330 3658 1380 ὁ
3678 1322 3811 1390 Θεὸς

2223 1415 2360 1485 πρὸς
2403 1414 2493 1467 τὸν
2542 1414 2826 1488 ἄνθρωπον
2871 1416 3147 1485 ἐποίησεν.
3187 1415 3372 1468 Ὅταν
3416 1415 3560 1484 γὰρ,
3611 1412 3807 1484 φησὶν,

2221 1497 2451 1566 ἁμάρτῃ
2473 1499 2559 1562 εἰς
2586 1498 2660 1550 σὲ
2686 1497 2998 1566 όάδελςρός
3028 1513 3165 1563 σου,
3184 1498 3395 1568 ὕπαγε,
3419 1495 3673 1566 ἔλεγξον
3701 1496 3810 1548 αὐ-

2221 1579 2328 1632 τὸν
2365 1580 2593 1649 μεταξὺ
2622 1579 2737 1634 σοῦ
2778 1581 2876 1633 καὶ
2910 1582 3096 1634 αὑτοῦ
3136 1581 3349 1650 μόνου.
3397 1579 3553 1633 Οῦτω
3595 1580 3688 1631 καὶ
3717 1578 3808 1630 τὸν

2223 1660 2445 1730 βασιλέα
2477 1662 2660 1715 τοῦτον
2693 1661 2918 1733 ηλεγξεν
2961 1663 2989 1714 6
3029 1663 3178 1725 Θεός.
3219 1663 3327 1716 Καὶ
3369 1665 3397 1716 6
3447 1663 3543 1732 μὲν
3577 1660 3809 1732 Χριστός

2222 1762 2384 1814 φησιν
2399 1761 2412 1776 ο
2445 1743 2674 1814 Ἐὰνμὴ
2691 1746 2926 1813 ἀκούσῃ
2947 1761 3085 1809 σου,
3116 1746 3272 1799 ἔστω
3295 1760 3393 1799 σοι
3409 1745 3488 1808 ὼς
3511 1747 3543 1798 ό
3571 1743 3812 1808 ἐθνικὸς

2221 1827 2319 1881 καί
2350 1831 2382 1882 ὀ
2403 1827 2694 1896 τελώνης*
2721 1828 2749 1880 6
2776 1828 2833 1882 δέ
2858 1829 2989 1891 Θεὸς
3019 1828 3402 1899 φιλανθρωπίᾳ
3426 1829 3551 1890 τοὺς
3571 1827 3808 1889 οἰκείους

2221 1911 2561 1985 ὑπερϐαίνων
2593 1912 2812 1983 νόμους,
2847 1912 2966 1966 οὑδέ
2991 1912 3163 1976 οὑτως
3184 1912 3344 1966 αὑτὸν
3378 1911 3649 1979 ἐξέκοψεν,
3673 1910 3810 1964 άλλά

2220 1996 2646 2068 παρακούσαντα
2694 1998 2791 2050 καί
2835 1997 3288 2068 ἀγανακτήσαντα
3334 1997 3434 2049 οὑκ
3481 1994 3807 2067 ἀπέρριψεν,

2221 2082 2356 2135 ἀλλά
2392 2080 2555 2136 πάλιν
2580 2081 2884 2152 προσίεται,
2913 2082 3006 2135 καί
3037 2081 3282 2134 παιδεύει
3306 2080 3491 2150 τρόπῳ
3519 2079 3808 2147 διόρθωσιν

2221 2164 2396 2235 ἔχοντι
2423 2163 2624 2235 μᾶλλον
2651 2164 2993 2236 ἢτιμωρίαν.
3029 2164 3162 2217 υὺδὲ
3185 2163 3292 2234 γὰρ
3333 2162 3572 2232 σκηπτὸν
3597 2161 3811 2230 ἀφῆκεν

2219 2249 2424 2303 ἄνωθεν
2446 2287 2460 2312 ,
2505 2247 2626 2301 οὑδὲ
2666 2245 2964 2317 κατέφλεξε
2998 2247 3096 2318 τὴν
3141 2247 3494 2316 ἀναίσχυντον
3526 2245 3808 2317 κεφαλὴν,

2219 2332 2354 2386 ἀλλά
2381 2334 2447 2403 τῇ
2475 2330 2649 2402 λέπρᾳ
2681 2331 2840 2402 μόνον
2886 2330 3194 2384 ἐπαίδευσε.
3249 2332 3358 2383 Καὶ
3401 2329 3467 2382 τὰ
3510 2330 3610 2400 μὲν
3663 2329 3809 2382 κατά

2219 2415 2310 2468 τὸν
2361 2413 2537 2477 Ὀξίαν
2578 2413 2828 2466 τοιαῦτα·
2867 2411 2978 2480 ἐγὼ
3017 2413 3073 2465 δέ
3109 2413 3166 2464 ἐν
3207 2411 3288 2464 ἔτι
3342 2412 3500 2482 μόνον
3551 2411 3811 2481 προσθεὶς

2221 2495 2560 2550 καταπαύσω
2590 2495 2681 2547 τὸν
2705 2495 2879 2563 λόγον.
2924 2495 2988 2547 Τί
3029 2494 3086 2548 δὲ
3116 2494 3272 2547 τοῦτό
3314 2497 3497 2558 ἐστινς
3544 2496 3609 2546 ⁸0
3641 2493 3809 2546 πάλαι

2221 2579 2313 2630 καὶ
2337 2577 2394 2642 ἐξ
2421 2577 2595 2649 ἀρχῆς
2627 2577 2972 2649 ἐζητήσαμεν
2992 2594 3006 2607 θ
3048 2577 3192 2641 τίνος
3236 2577 3422 2630 ἕνεκεν
3472 2579 3530 2629 ἐν
3555 2580 3665 2640 τοῖς
3703 2576 3811 2641 ἔξω

2220 2661 2530 2730 πράγμασι,
2560 2661 2654 2712 καὶ
2682 2660 2740 2714 ἐν
2767 2662 2885 2722 ταῖς
2907 2659 3286 2731 προφητείαις,
3323 2660 3577 2713 ἁπάντων
3620 2657 3813 2712 εἰωθό⁹

2219 2762 2327 2797 των
2358 2745 2458 2815 τῆς
2487 2743 2634 2814 ζωῆς
2655 2743 2763 2796 τῶν
2794 2742 3054 2814 βασιλέων
3089 2744 3215 2806 τοὺς
3249 2745 3476 2812 χρόνους
3510 2741 3810 2813 ἐπισημαί-

2221 2825 2428 2888 νεσθαι,
2461 2817 2615 2887 οὑτος
2647 2824 2802 2878 τοῦτο
2848 2827 3027 2895 ἀφεὶς,
3067 2824 3158 2878 τοῦ
3190 2826 3382 2895 χρόνου
3419 2827 3517 2896 τῆς
3548 2825 3811 2896 τελευτῆς

2224 2907 2495 2978 μέμνηται
2522 2907 2615 2960 τοῦ
2642 2908 2838 2972 Ὀζίου,
2868 2909 3065 2962 οὑτωσί
3081 2909 3254 2976 λέγων
3273 2927 3284 2940 ·
3315 2910 3424 2963 Καὶ
3447 2909 3680 2977 ἐγένετο
3702 2910 3812 2962 τοῦ

2219 2991 2518 3054 ἐνιαυτοῦ,
2551 2985 2621 3046 οὗ
2649 2990 2949 3047 ἀπέθανεν
2993 2990 3173 3058 Ὀζίας
3201 2995 3233 3047 ό
3259 2994 3580 3059 βασιλεύς.
3613 2992 3811 3045 Καίτοι

2219 3091 2284 3143 γε
2324 3074 2451 3144 ἐνῆν
2481 3074 2572 3126 τὸν
2616 3074 2709 3128 τοῦ
2757 3073 3133 3144 βασιλεύοντος
3161 3077 3352 3147 χρόνον
3381 3077 3576 3138 εἰπεῖν,
3620 3074 3811 3146 ὥσπερ

2219 3157 2339 3221 ἔθος
2358 3156 2528 3210 ἅπασι
2550 3159 2660 3220 τοῖς
2679 3159 2986 3228 προφήταις
3011 3154 3101 3228 ῆνο
3120 3158 3233 3211 ἀλλ’
3261 3160 3362 3212 οὑκ
3383 3158 3605 3229 ἐποίησε
3630 3157 3808 3213 τοῦτο.

2219 3240 2375 3305 Τίνος
2402 3237 2494 3294 οὖν
2517 3241 2702 3294 ἕνεκεν
2722 3241 2822 3293 οὑκ
2861 3242 3115 3308 ὲποίησε;
3151 3241 3333 3312 Νόμος
3367 3237 3435 3312 ῆν
3466 3242 3689 3302 παλαιὸς
3720 3241 3814 3293 τὸν

2221 3325 2419 3398 λεπρδν
2445 3326 2546 3396 τῆς
2582 3325 2789 3388 πόλεως
2818 3324 3224 3390 ἐξελαύνεσθαι,
3278 3325 3419 3379 ὥστε
3455 3327 3550 3379 καὶ
3578 3327 3702 3388 τοὺς
3749 3327 3810 3376 ἐν

2220 3411 2288 3480 τῇ
2319 3409 2472 3462 πόλει
2505 3408 2743 3477 βελτίους
2773 3407 3047 3477 γενέσθαι,
3072 3410 3167 3463 καί
3193 3410 3354 3462 αὑτὸν
3393 3409 3468 3481 μὴ
3485 3409 3809 3480 προκεῖσθαι

2221 3493 2332 3552 τοῖς
2361 3490 2706 3561 βουλομένοις
2739 3489 2982 3560 ὑϐρίζειν
3012 3492 3362 3562 σκωμμάτων
3387 3494 3479 3544 καὶ
3516 3492 3810 3561 χλευασίας

2221 3571 2497 3644 ἀφορμὴν,
2559 3573 2672 3626 ἀλλ’
2727 3572 2831 3638 ἔξω
2887 3576 2987 3643 τῆς
3049 3573 3257 3636 πόλεως
3322 3573 3570 3644 μένοντα,
3632 3591 3810 3642 παρα-

2222 3656 2479 3726 πέτασμα
2528 3657 2625 3725 τῆς
2687 3659 2970 3727 συμφορᾶς
3013 3657 3156 3727 ἔχειν
3194 3659 3294 3728 τὴν
3339 3657 3593 3728 ἐρημίαν.
3643 3656 3814 3709 Τοῦτο

2223 3741 2317 3794 καὶ
2354 3740 2444 3793 τὸν
2485 3737 2709 3809 βασιλέα
2747 3738 2934 3792 τοῦτον
2979 3739 3272 3809 ὑπομένειν
3327 3741 3491 3810 ἐχρῆν
3533 3739 3672 3808 μετὰ
3713 3741 3814 3810 τὴν

2222 3821 2426 3894 λέπραν
2458 3840 2471 3854 ·
2497 3821 2610 3876 ἀλλ’
2639 3821 2738 3892 οὑχ
2781 3822 3060 3892 ὑπέμεινε,
3093 3822 3200 3875 τῶν
3227 3825 3283 3876 ἐν
3310 3827 3374 3894 τῇ
3411 3822 3564 3876 πόλει
3595 3823 3683 3876 διὰ
3711 3825 3812 3893 τὴν

2223 3904 2397 3976 ἀρχὴν
2431 3907 2594 3959 αὑτὸν
2645 3905 3018 3967 αἰδεσθέντων,
3075 3905 3188 3958 ἀλλ’
3243 3907 3436 3975 ἔμενεν
3466 3907 3522 3958 ἐν
3549 3906 3627 3976 τῷ
3677 3906 3810 3976 οίκῳ

2226 3987 2387 4040 αὑτοῦ
2411 3988 2678 4058 κρυφίως.
2708 3987 2876 4040 Τοῦτο
2908 3987 3193 4057 παρώξυνε
3228 3988 3317 4041 τὸν
3342 3989 3495 4050 Θεὸν,
3521 3988 3679 4041 τοῦτο
3709 3990 3811 4058 τὴν

2226 4072 2562 4143 προφητείαν
2593 4070 2837 4123 ἐκώλυσε
2861 4089 2872 4101 ·
2918 4073 3010 4122 καὶ
3033 4072 3169 4140 ὅπερ
3201 4072 3292 4124 ἐπὶ
3321 4071 3414 4123 τοῦ
3461 4072 3576 4124 Ἦλί
3599 4072 3812 4138 γέγονε,

2237 4153 2428 4222 Ῥῆμα
2447 4156 2641 4223 τίμιον
2655 4149 2753 4222 ἦν,
2770 4152 2866 4206 καὶ
2885 4155 2994 4207 οὐκ
3011 4149 3088 4223 ἦν
3105 4153 3313 4221 ὅρασις
3335 4153 3808 4209 διαστέλλουσα.

2227 4236 2298 4289 Σὺ
2328 4236 2384 4289 δέ
2421 4253 2510 4308 μοι
2553 4237 2647 4290 καὶ
2689 4236 2922 4290 ἐνταῦθα
2968 4237 3160 4290 σκόπει
3191 4237 3284 4289 τοῦ
3315 4237 3450 4290 Θεοῦ
3483 4237 3581 4308 τὴν
3621 4239 3812 4306 φιλαν-

2228 4319 2494 4391 θρωπίαν.
2519 4319 2594 4372 Οὑ
2622 4319 2728 4390 γὰρ
2755 4317 3019 4388 ἀνέτρεψε
3049 4318 3148 4389 τῆν
3203 4319 3378 4386 πόλιν,
3413 4320 3533 4373 οὑδὲ
3563 4319 3814 4374 ἀπώλεσε

2227 4404 2352 4465 τοὺς
2389 4401 2729 4464 ἐνοικοῦντας
2748 4417 2763 4432 ο
2805 4401 2916 4454 ἀλλ’
2946 4402 3083 4472 ὅπερ
3113 4402 3256 4471 φίλοι
3291 4403 3502 4455 ποιοῦσι
3530 4404 3666 4471 πρὸς
3688 4406 3816 4468 τοὺς

2229 4485 2525 4554 ὁμοτίμους
2544 4485 2650 4536 τῶν
2678 4483 2865 4551 φίλων,
2889 4485 3106 4536 ἐπειδὰν
3135 4485 3299 4555 ἔχωσί
3326 4505 3376 4539 τι
3412 4487 3618 4539 δίκαιον
3650 4489 3809 4553 ἐγκα·

2231 4565 2362 4631 λεῖν,
2404 4569 2461 4620 ἐν
2505 4569 2926 4637 παρασιωπήσει
2965 4568 3251 4637 μένοντεςο
3303 4569 3460 4622 τοῦτο
3491 4571 3584 4622 καὶ
3614 4572 3641 4623 6
3680 4570 3814 4633 Θεὸς

2231 4649 2367 4720 πρὸς
2387 4649 2448 4702 τὸ
2473 4647 2620 4713 ἔθνος
2637 4651 2858 4720 ἐποίησε
2896 4652 3140 4721 μείζονος
3167 4652 3225 4704 ὃν
3255 4652 3403 4716 ἀξιον
3432 4654 3701 4718 κολάσεως
3724 4657 3818 4709 καὶ

2231 4735 2516 4805 τιμωρίας.
2548 4732 2697 4806 [157]
2738 4734 2879 4803 Ἐγὼ
2908 4737 3006 4806 μὲν
3030 4737 3138 4807 γὰρ
3167 4735 3418 4801 ἐξέϐαλον
3449 4739 3630 4801 αὑτὸν,
3659 4740 3814 4807 φησὶ,

2231 4816 2326 4871 τοῦ
2351 4817 2515 4887 ἱεροῦ,
2549 4819 2706 4887 ὑμεῖς
2732 4819 2788 4870 δέ
2822 4819 2941 4872 οὑδὲ
2956 4819 3055 4890 τῆς
3081 4819 3286 4884 πόλεως
3305 4835 3318 4848 '
3337 4821 3448 4888 ἐγὼ
3470 4823 3640 4892 δήσας
3656 4824 3821 4874 αὑτὸν

2233 4900 2323 4954 διά
2357 4901 2457 4970 τῆς
2485 4900 2712 4972 λέπρας,
2748 4902 2962 4972 ἰδιώτην
3012 4903 3307 4974 παρέδωκα
3335 4943 3349 4966 ,
3397 4905 3554 4973 ὑμεῖς
3605 4905 3660 4957 δὲ
3696 4905 3818 4956 οὑὲἐ

2235 4984 2378 5037 οὑτω
2393 4983 2797 5053 περιεγένεσθε,
2822 4984 2956 5038 ἀλλά
2978 4984 3069 5037 τὸν
3095 4986 3184 5037 ὑπ’
3203 4986 3335 5054 ἐμοῦ
3354 4987 3820 5040 καταδικασθέντα

2237 5068 2335 5119 οὑκ
2382 5066 2638 5136 ήνέχεσθε
2668 5069 2765 5137 τῆς
2811 5067 3016 5130 πόλεως
3050 5068 3315 5122 ἐκϐαλεῖν,
3362 5071 3551 5121 Καίτοι
3584 5073 3730 5130 ποῖος
3755 5069 3823 5120 ἂν

2235 5149 2392 5201 τοῦτο
2422 5149 2678 5218 βασιλεὺς
2720 5150 2905 5220 πράως
2936 5151 3186 5219 ἤνεγκεν,
3226 5151 3337 5204 ἀλλ’
3372 5153 3472 5204 οὑκ
3498 5151 3562 5202 ἂν
3611 5152 3674 5202 ἐκ
3724 5150 3821 5219 βά.-

2240 5233 2382 5304 θρων
2432 5233 2528 5304 τὴν
2587 5233 2739 5287 πόλιν
2791 5231 3091 5301 ἀνέτρεψε,
3142 5236 3232 5286 τὸν
3273 5235 3352 5297 εἰς
3392 5233 3487 5302 τὴν
3524 5235 3823 5304 ὑπερορίαν

2242 5317 2645 5389 μετοικισθῆναι
2681 5314 3066 5381 κελευσθέντα,
3099 5317 3508 5386 ἐνδιατρίϐοντα
3542 5321 3607 5388 τῇ
3663 5319 3823 5372 πόλει

2236 5400 2412 5471 ὀρῶνς
2441 5400 2553 5451 ἀλλ’
2603 5399 2699 5466 οὑχ
2724 5399 2750 5449 6
2779 5397 2908 5461 Θεὸς
2937 5400 3093 5453 τοῦτο
3128 5402 3379 5471 ἐποίησε·
3405 5401 3536 5462 Θεὸς
3575 5401 3682 5472 γὰρ
3730 5399 3820 5473 ἦν,

2239 5486 2332 5539 καὶ
2364 5482 2463 5536 οὑκ
2489 5481 2791 5551 ἄνθρωπος.
2836 5483 3051 5552 Ἐπειδὴ
3081 5485 3145 5537 δὲ
3194 5483 3512 5553 ἐτελεύτησε
3537 5524 3552 5545 ,
3590 5489 3657 5555 τῇ
3705 5484 3822 5559 ζωῇ

2235 5566 2424 5619 τούτου
2447 5565 2541 5617 καὶ
2571 5562 2668 5633 τὴν
2692 5563 2826 5632 πρὸς
2854 5564 3094 5626 ἐκείνους
3117 5566 3284 5635 ὀργὴν
3317 5567 3706 5633 συγκατέλυσε,
3727 5571 3826 5625 καὶ

2238 5651 2335 5719 τῆς
2359 5647 2694 5719 προφητείας
2741 5647 2836 5708 τὰς
2869 5647 3037 5716 θύρας
3067 5648 3292 5717 ἀνέῳξε,
3343 5650 3436 5701 καί
3485 5648 3644 5702 πάλιν
3684 5654 3823 5720 πρὸς

2237 5733 2432 5795 αὑτοὺς
2449 5728 2740 5798 ἐπανῆλθε.
2768 5731 2838 5782 Σὺ
2856 5728 2911 5781 δέ
2929 5731 2992 5782 ἐκ
3012 5729 3105 5783 τοῦ
3129 5731 3332 5800 τρόπου
3355 5734 3452 5800 τῆς
3474 5731 3826 5806 καταλλαγῆς

2297 5925 2319 5949 c
2340 5908 2476 5958 Unus
2496 5907 2714 5968 ἐπήγαγε.

2795 5967 2806 5980 Ι

2301 5969 2319 6008 ῐ
2349 5970 2548 6031 Quidam
2573 5967 2684 6016 mss.
2713 5967 2978 6028 ἁμάρτωσι,
3005 5974 3055 6016 el
3085 5968 3227 6029 paulo
3251 5975 3357 6029 post
3380 5967 3648 6030 ἁμαρτήσῃ.
