4064 6214
248 414 365 468 133

226 506 348 557 silio
387 502 586 573 gratias
623 516 821 573 agere:
864 498 986 563 ille,
1029 497 1230 567 inquit,
1273 494 1574 563 indignatus
1611 499 1727 560 est,
1757 498 1814 546 et

226 598 419 650 vulnus
440 595 669 650 reddidit
687 593 949 648 acerbius.
967 591 1150 660 Neque
1170 589 1309 643 enim
1333 587 1552 657 perinde
1573 585 1707 639 mala
1730 597 1817 638 res

225 698 307 742 est
348 699 651 756 peceatum,
691 694 849 754 atque
880 691 998 753 post
1038 690 1311 752 peccatum
1349 675 1692 746 impudentia.
1724 674 1819 729 At—

221 778 317 845 qui
340 794 442 832 nou
469 779 658 833 eodem
682 777 841 831 modo
866 774 1025 829 David
1042 814 1059 841 ,
1082 773 1174 827 sed
1202 768 1509 841 quomodo?
1531 765 1815 835 Postquam

223 887 250 921 a
277 870 480 922 Nathau
504 870 775 922 incusatus
794 874 937 920 esset
955 864 1025 919 de
1046 862 1331 927 Bersabee,
1352 859 1566 914 Peccavi
1585 899 1600 923 ,
1625 856 1812 926 inquit,

225 961 446 1014 Domino
480 960 568 1032 (2.
598 959 723 1029 Reg.
760 958 846 1013 12.
879 957 948 1012 15

294 1055 347 1107 5.
396 1053 615 1107 Peccata
630 1055 884 1121 justorum
911 1049 1096 1101 cedunt
1116 1047 1166 1100 in
1196 1047 1399 1099 bonum.
1427 1074 1491 1085 —
1511 1040 1695 1097 Vidisti
1723 1054 1816 1094 cor

225 1144 547 1198 contritum?
570 1143 743 1197 vidisti
761 1143 1080 1197 submissum
1101 1139 1331 1193 animam
1349 1137 1372 1191 ?
1388 1136 1559 1190 vidisti
1581 1134 1812 1189 utetiam

230 1235 412 1303 lapsus
441 1244 747 1290 sanctorum
777 1234 884 1287 sint
907 1230 1141 1300 egregii?
1167 1226 1622 1296 Quemadmodum
1672 1224 1813 1279 enim

229 1328 486 1393 pratelara
530 1339 751 1394 corpora
794 1324 953 1378 etiam
994 1323 1046 1376 in
1078 1322 1296 1375 adversa
1326 1318 1623 1374 valetudine
1651 1318 1814 1371 multa

226 1418 379 1473 nobis
422 1417 608 1471 forma:
653 1416 870 1485 vestigia
920 1413 1249 1468 ostendunt:
1281 1412 1359 1465 sic
1411 1419 1466 1463 et
1506 1417 1811 1463 sanctorum

226 1509 419 1562 animm
464 1509 516 1561 in
559 1508 687 1575 ipsis
718 1508 879 1561 etiam
907 1506 1099 1560 erratis
1124 1519 1236 1558 sua:
1282 1502 1490 1556 virtutis
1527 1502 1673 1569 signa
1706 1516 1816 1568 pm:

226 1614 282 1653 se
312 1597 510 1653 ferunt.
550 1597 615 1651 Et
642 1607 815 1651 tamen
844 1596 931 1650 ille
962 1596 1013 1649 in
1044 1594 1216 1648 media
1244 1594 1387 1663 regia
1413 1592 1761 1645 accusabatur
1785 1605 1815 1644 a

229 1689 489 1756 propheta
514 1687 694 1741 multis
722 1686 1111 1756 pncsentibus;
1139 1683 1225 1738 hic
1250 1697 1376 1737 vero
1401 1684 1542 1736 intus
1571 1682 1621 1735 in
1645 1681 1817 1751 adytis

230 1777 376 1830 nullo
404 1786 544 1831 teste
573 1776 887 1845 redargutus
912 1784 1027 1840 est;
1055 1788 1238 1827 verum
1271 1787 1337 1828 ne
1357 1774 1435 1827 sic
1463 1770 1675 1841 quidem
1698 1770 1817 1825 tulit

226 1869 670 1938 increpationem.
720 1868 857 1936 Quid
901 1867 1103 1937 igitur?
1146 1864 1452 1919 insanabilis
1490 1861 1816 1933 permansit?

225 1961 593 2032 Nequaquam,
624 1971 842 2031 propter
883 1960 977 2014 Dei
1018 1958 1358 2013 clementiam
1396 1974 1409 2009 :
1440 1955 1533 2010 sed
1564 1953 1818 2023 quemad-

230 2052 448 2108 modum
472 2052 542 2108 de
573 2052 951 2119 lunatico,eum
979 2049 1222 2119 discipuli
1242 2062 1348 2102 non
1364 2048 1603 2101 valerent
1622 2046 1817 2115 ejicere

229 2144 552 2199 dazmonium
578 2186 593 2211 ,
627 2144 753 2198 dicit
781 2143 1025 2197 Christus
1055 2160 1069 2195 :
1103 2141 1351 2195 Adducite
1386 2139 1512 2193 mihi
1556 2150 1674 2190 eum
1721 2138 1818 2193 Intc

228 2234 441 2302 (Matth.
473 2236 560 2289 17.
592 2234 684 2306 16)
709 2251 722 2287 :
750 2235 827 2288 sie
847 2242 902 2288 et
929 2233 1035 2300 hic,
1065 2246 1185 2287 cum
1212 2230 1465 2287 sacerdos
1503 2244 1608 2284 non
1641 2237 1820 2297 posset

226 2328 472 2381 morbum
500 2329 684 2399 quovis
725 2328 995 2383 daemonio
1025 2326 1304 2381 saeviorcm
1325 2366 1342 2392 ,
1391 2338 1582 2393 nempe
1631 2335 1819 2392 peccao

229 2427 359 2485 ttnn,
403 2419 620 2489 ejicere,
668 2420 784 2488 ipse
826 2421 965 2474 Deus
994 2419 1327 2473 laborantem
1372 2416 1694 2488 aggreditur.
1754 2415 1820 2470 Et

231 2511 357 2579 quid
380 2512 538 2565 facit?
571 2512 792 2581 Lepram
823 2510 1058 2565 immittit
1086 2509 1243 2564 fronti
1276 2505 1694 2578 ipsius.FacIum
1720 2516 1813 2571 est,

232 2604 400 2673 inquit
426 2645 441 2669 ,
488 2621 599 2657 cum
626 2604 713 2658 ille
744 2605 1020 2656 minaretur
1047 2601 1295 2655 sacerdoti
1319 2640 1334 2663 ,
1364 2600 1504 2668 lepra
1531 2598 1740 2667 efﬂoruit
1767 2597 1819 2649 in

230 2700 395 2764 fronte
417 2697 526 2765 ejus
553 2695 629 2766 (‘2.
657 2694 837 2749 Paral.
869 2694 956 2748 26.
992 2694 1111 2763 19),
1137 2693 1352 2762 jamque
1380 2690 1579 2755 exibat,
1610 2689 1744 2743 sicut
1784 2689 1817 2742 ii

231 2786 319 2855 qui
348 2784 411 2837 ad
446 2793 670 2838 mortem
701 2784 1034 2839 abducuntur
1061 2784 1237 2837 funem
1268 2796 1362 2837 ore
1381 2788 1650 2851 gestantes
1665 2779 1818 2833 dam-

231 2876 464 2929 natimiis
516 2875 764 2944 signum,
817 2874 895 2928 sic
939 2883 994 2928 et
1042 2873 1135 2927 ille
1168 2872 1468 2942 ignominia:
1512 2870 1717 2940 signum
1764 2870 1818 2924 in

232 2967 407 3021 fronte
433 2976 666 3035 gestans,
708 2981 814 3020 non
846 2966 1186 3021 carniﬁcibus
1232 2966 1403 3034 ipsmn
1447 2964 1777 3019 trahentibus
1800 3004 1814 3028 ,

231 3057 327 3111 sed
373 3057 520 3126 lepra
553 3058 670 3112 loco
699 3056 963 3112 carniﬁcis
1010 3057 1181 3125 ipsum
1233 3055 1558 3125 prtecipitem
1605 3063 1813 3123 agente.

234 3148 511 3218 Ingressus
553 3158 611 3203 ut
651 3149 1009 3205 sacerdotium
1041 3158 1360 3218 usurparet,
1388 3149 1550 3203 et'am
1596 3161 1816 3217 regnum

230 3239 466 3307 perdidit
500 3255 512 3290 :
544 3239 813 3307 ingressus
836 3248 918 3294 est
948 3247 1005 3293 ut
1046 3236 1197 3292 ﬁeret
1223 3237 1577 3292 venerabilior
1601 3278 1615 3301 ,
1646 3249 1699 3291 et
1738 3236 1817 3289 fa-

229 3339 349 3382 ctus
394 3338 477 3383 est
523 3329 913 3385 exsecrabilior.
940 3329 1071 3383 Nam
1118 3343 1239 3383 cum
1291 3328 1592 3382 immundus
1643 3336 1816 3391 esset,

233 3420 424 3489 quovis
453 3419 670 3475 homine
694 3420 899 3489 privato
925 3419 1148 3488 posthac
1170 3419 1323 3473 vilior
1345 3421 1359 3450 ⁸
1389 3427 1521 3473 erat.
1557 3418 1705 3472 Adeo
1732 3432 1818 3471 res

230 3522 315 3565 est
342 3513 476 3566 mala
505 3528 609 3566 non
636 3528 851 3568 manere
880 3514 1015 3566 intra
1046 3510 1181 3565 fines
1200 3510 1355 3565 nobis
1382 3524 1411 3563 a
1438 3510 1546 3563 Deo
1578 3510 1821 3578 praescri-

233 3616 373 3674 ptos,
420 3606 534 3661 sive
563 3604 780 3660 honoris
820 3606 932 3660 sive
961 3605 1280 3674 cognitionis
1309 3619 1396 3658 res
1423 3602 1601 3657 fuerit.
1633 3602 1818 3655 Nonne

232 3698 383 3753 vides
412 3698 513 3753 hoc
542 3714 708 3765 mare,
739 3713 896 3769 quam
922 3704 1006 3752 est
1031 3696 1105 3752 ob
1134 3695 1437 3750 violentiam
1467 3692 1813 3755 intolerabile,

231 3791 446 3859 quantis
479 3791 712 3860 insurgat
736 3790 1023 3846 ﬂuctibus?
1064 3790 1310 3843 Attamen
1343 3798 1682 3857 posteaquam
1721 3798 1817 3837 ve-

235 3884 513 3935 hementer
539 3880 846 3945 insurrexit,
877 3881 1152 3948 multoque
1178 3894 1296 3933 cum
1328 3887 1536 3932 tumore
1565 3890 1815 3947 progres-

231 3984 352 4024 sum
380 3978 479 4035 est,
514 3970 605 4022 ubi
633 3976 839 4023 venerit
857 3969 922 4022 ad
957 3971 1237 4023 terminum
1266 3967 1362 4036 ipsi
1388 3983 1417 4021 a
1443 3968 1551 4021 Deo
1577 3966 1819 4035 prazseri-

233 4070 381 4129 ptum
408 4099 424 4126 ,
457 4059 701 4113 ﬂuctibus
741 4060 790 4112 in
831 4073 1076 4127 spumam
1104 4058 1290 4111 solutis
1319 4059 1368 4111 in
1397 4072 1520 4111 sese
1548 4056 1702 4110 redit.
1750 4056 1817 4108 Et

232 4163 410 4207 tamen
440 4152 563 4221 quid
594 4166 750 4206 arena
781 4150 950 4221 possit
989 4164 1107 4205 esse
1144 4150 1440 4203 infirmius?
1469 4149 1661 4202 Verum
1708 4162 1813 4201 non

230 4248 319 4301 illa
349 4254 431 4299 est
456 4260 573 4314 quae
600 4243 877 4314 prohibet,
925 4241 1018 4297 sed
1061 4241 1176 4311 ejus
1197 4250 1370 4294 metus
1395 4240 1483 4308 qui
1529 4239 1813 4293 terminum

230 4338 427 4405 posuit.
459 4335 607 4403 Quod
635 4335 679 4389 si
708 4334 808 4388 hoc
828 4333 1133 4401 exemplum
1164 4346 1265 4386 non
1290 4340 1340 4384 te
1366 4337 1579 4383 revocat
1606 4328 1672 4382 ad
1702 4343 1816 4381 mo-

229 4429 581 4494 derationem,
613 4442 731 4497 quae
768 4426 909 4482 Ozias
949 4425 1255 4480 acciderunt
1294 4423 1541 4478 erudiant
1578 4430 1665 4487 te,
1695 4436 1813 4491 qua:

226 4534 371 4573 nunc
400 4534 427 4571 a
460 4519 613 4573 nobis
643 4517 783 4573 dicta
820 4526 963 4571 sunt.

310 4608 542 4662 Vimlicla
559 4608 935 4662 mansuetudine
952 4616 1244 4675 temperata.
1264 4638 1335 4649 -—
1351 4607 1543 4661 Verum
1563 4604 1811 4674 quoniam

227 4702 363 4755 iram
402 4701 493 4753 Dei
524 4699 750 4753 vidimus
775 4698 1095 4767 dignamque
1121 4698 1397 4761 ultionem,
1424 4710 1521 4765 age
1546 4705 1598 4749 et
1626 4695 1815 4747 huma-

228 4794 450 4846 nitatem
489 4789 603 4859 ejus
629 4789 954 4857 multamque
978 4787 1281 4857 aequitatem
1311 4794 1809 4839 commonstremus.

228 4882 412 4951 Neque
439 4880 580 4934 enim
622 4894 684 4933 ea
728 4887 928 4933 tantum
958 4877 1181 4932 dicenda
1210 4885 1351 4938 sunt,
1396 4890 1514 4945 quae
1544 4876 1814 4943 pertinent

227 4973 293 5027 ad
345 4971 501 5037 iram,
546 4983 728 5025 verum
770 4970 929 5023 etiam
961 4983 1080 5038 qua:
1109 4967 1173 5020 ad
1203 4965 1663 5020 mansuetudinem
1692 5006 1705 5028 ,
1755 4971 1811 5017 ut

228 5079 403 5133 neque
433 5063 483 5116 in
513 5060 936 5130 desperationem
954 5058 1302 5127 conjiciamus
1329 5057 1617 5119 auditores,
1638 5070 1810 5125 neque

229 5157 279 5210 in
310 5153 633 5210 socordiam.
662 5152 753 5207 Sic
799 5151 941 5205 enim
988 5160 1042 5205 et
1088 5150 1281 5204 Paulus
1327 5149 1450 5200 facit
1477 5162 1543 5199 ex
1587 5157 1810 5215 utraque

228 5256 536 5316 temperans
556 5240 967 5298 admonitionem
999 5277 1015 5301 ,
1050 5238 1189 5292 hunc
1219 5239 1271 5291 in
1302 5236 1515 5289 modum
1540 5237 1761 5303 loquens
1792 5251 1806 5288 :

237 5338 363 5392 Vide
386 5340 539 5408 igitur
566 5335 834 5389 bonitatem
856 5347 915 5383 ac
934 5331 1239 5383 severitatem
1266 5329 1356 5382 Dei
1380 5328 1552 5399 (Rom.
1589 5327 1670 5379 11.
1690 5325 1805 5395 ‘22);

230 5445 332 5501 quo
378 5428 538 5483 simul
566 5436 620 5481 et
649 5436 851 5481 terrore
894 5431 947 5477 et
991 5422 1127 5476 bona
1172 5437 1265 5491 spe
1311 5422 1506 5475 excitet
1552 5435 1670 5473 eum
1719 5420 1806 5487 qui

230 5522 408 5590 lapsus
437 5528 539 5573 est.
573 5517 763 5571 Vidisti
794 5513 1131 5569 severitatem
1174 5510 1305 5564 Dei?
1334 5510 1455 5564 vide
1502 5519 1555 5563 et
1601 5508 1809 5562 bonita-

230 5613 368 5668 tem?
394 5609 669 5681 Quomodo
695 5609 852 5678 igitur
873 5604 1168 5661 videbimus
1190 5603 1515 5657 bonitatem?
1541 5601 1594 5657 Si
1613 5616 1808 5669 cogno-

292 5787 310 5824 ‘
344 5797 490 5850 Unus,
513 5792 641 5839 lcstc
664 5785 855 5846 Savilio,
878 5785 1029 5835 habet
1052 5821 1066 5845 ,
1133 5780 1358 5845 fragilior
1386 5822 1398 5846 ,
1481 5792 1583 5841 pro,
1617 5778 1767 5827 t'il'or.

1263 376 1327 431 ΙΝ
1365 372 1589 439 ILLUD,
1633 372 1769 428 VIDI
1812 370 2136 439 DOMINUM,
2180 374 2406 432 UOMlL.
2452 375 2512 431 ν.

3386 398 3497 456 134

1925 490 2155 548 verimus
2183 511 2280 565 qua
2311 513 2367 551 re
2385 498 2575 567 dignus
2604 498 2759 554 fuerit
2787 498 2958 556 Ozias.
2983 502 3183 570 Quibus
3205 501 3370 573 igitur
3388 522 3502 564 erat

1924 583 2221 656 dignus?Ut
2250 590 2404 645 simul
2433 601 2591 663 atque
2618 594 2752 649 intra
2781 610 2989 653 sacrum
3019 604 3328 660 vestibulum
3358 617 3499 664 tanta

1924 690 2044 730 cum
2070 678 2393 749 impudentia
2420 682 2719 753 irrupisset,
2745 686 2887 742 mille
2913 688 3234 759 fulminibus,
3260 708 3501 757 extremo

1926 771 2183 839 supplicio
2208 775 2551 846 cruciatuque
2574 778 2892 835 afﬁceretur.
2922 782 2974 838 Si
3001 784 3140 839 enim
3170 786 3241 841 illi
3269 791 3355 858 qui
3386 791 3499 849 hcce

1925 860 2152 929 primmn
2182 874 2306 918 sunt
2352 868 2506 930 ausi,
2547 868 2682 924 hanc
2711 872 2907 928 dedere
2956 891 3164 944 pmnam
3192 922 3206 947 ,
3257 884 3500 941 videlicet

1927 952 2152 1018 Dathan,
2172 956 2307 1011 Core
2333 968 2387 1013 et
2407 959 2605 1014 Ahiron
2635 960 2818 1031 (Num.
2844 964 2957 1035 11)),
2981 969 3146 1022 multo
3173 974 3337 1043 magis
3359 974 3501 1032 hunc

1924 1044 1989 1099 ad
2013 1061 2133 1101 eum
2156 1049 2367 1104 modum
2398 1053 2566 1119 puniri
2593 1058 2847 1123 oportuit,
2868 1060 2953 1125 qui
2970 1075 3035 1114 ne
3058 1062 3266 1117 illorum
3286 1068 3497 1134 quidem

1921 1137 2307 1195 calamitatibus
2336 1141 2493 1197 fuerit
2518 1146 2823 1215 castigatus.
2870 1148 3063 1205 Verum
3109 1151 3211 1209 hoc
3240 1171 3341 1211 non
3377 1157 3501 1213 fecit

1925 1227 2190 1296 Deus,sed
2221 1232 2362 1299 prius
2390 1234 2463 1287 illi
2494 1248 2769 1291 sermones
2796 1238 3029 1295 admovit
3048 1257 3140 1308 per
3167 1246 3496 1302 sacerdotem

1924 1320 2088 1375 multa
2132 1323 2312 1390 plenos
2341 1323 2668 1381 humanitate
2706 1345 2719 1379 :
2752 1329 2996 1399 quodque
3024 1329 3262 1389 Christus
3304 1337 3495 1391 adlior.

1926 1422 2062 1468 tatus
2091 1424 2192 1479 est,
2242 1425 2298 1469 ut
2326 1416 2560 1472 facerent
2588 1418 2829 1475 homines
2856 1422 3063 1490 quoties
3104 1425 3155 1479 ln
3187 1440 3245 1479 se
3276 1428 3496 1483 invicem

1923 1507 2275 1573 peccaverint,
2308 1507 2406 1563 hoc
2438 1508 2576 1563 Deus
2607 1510 2726 1565 fecit
2753 1526 2874 1582 erga
2907 1511 3193 1569 hominem.
3222 1517 3350 1572 Nam
3384 1522 3495 1575 ait:

1923 1594 2047 1649 Cum
2074 1600 2344 1666 peccaverit
2373 1601 2421 1652 in
2445 1610 2490 1653 te
2518 1606 2675 1671 frater
2700 1612 2831 1667 tuus,
2858 1604 2958 1669 abi,
2982 1621 3137 1675 argue
3160 1624 3268 1662 eum
3309 1611 3436 1664 inter
3455 1623 3501 1665 te

1924 1699 1970 1743 el
1997 1690 2159 1759 ipsum
2190 1692 2351 1745 solum
2383 1692 2592 1757 (Matth.
2635 1696 2720 1749 18.
2758 1694 2866 1765 15).
2913 1696 3003 1752 Sic
3046 1708 3101 1753 et
3142 1715 3317 1771 regem
3361 1702 3501 1759 hunc

1924 1781 2189 1851 redarguit
2218 1784 2377 1838 Deus.
2408 1784 2473 1839 Et
2512 1784 2755 1841 Christus
2782 1787 2993 1857 quidem
3028 1791 3153 1845 dicit
3184 1811 3196 1846 :
3231 1793 3293 1849 Si
3328 1805 3373 1848 te
3399 1812 3500 1850 non

1925 1873 2140 1925 audierit
2168 1914 2182 1940 ,
2216 1876 2275 1927 sit
2305 1877 2392 1928 tibi
2418 1878 2548 1929 velut
2579 1878 2803 1931 ethnicus
2827 1889 2872 1932 et
2902 1880 3199 1950 publicanus
3244 1884 3401 1955 (Ibid.
3448 1905 3497 1943 υ.

1929 1964 2013 2018 16.
2051 1966 2137 2033 17)
2169 1983 2181 2017 :
2214 1975 2269 2019 at
2304 1967 2442 2021 Deus
2483 1967 2764 2023 clementia
2806 1972 3046 2039 proprias
3092 1978 3500 2046 supergrcdieus

1927 2056 2088 2125 leges,
2119 2072 2217 2112 nec
2242 2059 2317 2112 sic
2342 2058 2553 2129 quidem
2586 2060 2732 2116 illum
2763 2064 3025 2129 resecuit,
3073 2081 3168 2120 nec
3192 2069 3371 2124 audire
3399 2086 3499 2124 no-

1928 2147 2120 2201 lentem
2152 2147 2615 2219 indignantemque
2642 2149 2837 2221 dcjccit
2859 2193 2876 2218 ,
2923 2153 3016 2209 sed
3048 2155 3234 2211 itermn
3262 2160 3500 2229 aggredi-

1927 2248 2012 2292 tur
2060 2240 2385 2308 castigatque
2434 2240 2594 2297 modo
2632 2244 3017 2299 correctionem
3067 2245 3293 2303 habente
3325 2252 3501 2318 potius

1926 2344 2084 2398 quam
2115 2332 2391 2387 ultionem.
2420 2332 2605 2403 Neque
2630 2336 2772 2391 enim
2804 2335 3002 2393 fulmen
3026 2340 3253 2396 vihravit
3276 2359 3306 2398 c
3334 2346 3499 2400 subli-

1927 2421 2017 2481 mi,
2048 2436 2222 2491 neque
2245 2423 2448 2477 exussit
2474 2424 2754 2493 impudens
2781 2436 2962 2496 caput,
2990 2430 3083 2485 sed
3118 2440 3319 2488 tantum
3354 2436 3494 2505 lepra

1925 2513 2217 2581 castigavit.
2249 2515 2422 2584 Atque
2452 2531 2512 2570 ea
2531 2516 2744 2584 quidem
2770 2534 2888 2587 qua:
2914 2520 3055 2576 Ozice
3076 2525 3399 2595 acciderunt,
3423 2530 3499 2585 sic

1928 2602 2123 2657 habent
2156 2621 2169 2657 :
2202 2619 2299 2675 ego
2324 2620 2452 2659 vero
2475 2606 2519 2661 si
2551 2623 2710 2661 unum
2738 2609 2984 2679 quiddam
3012 2613 3184 2670 adhuc
3209 2618 3461 2674 addidero
3480 2663 3496 2688 ,

1926 2694 2134 2750 dicendi
2177 2698 2331 2751 linem
2382 2698 2592 2753 faciam.
2646 2700 2781 2768 Quid
2827 2714 3004 2759 autem
3036 2704 3136 2762 hoc
3181 2712 3298 2765 est?
3347 2714 3498 2779 Quod

1931 2793 2130 2861 pridem
2148 2796 2213 2850 ab
2240 2796 2389 2851 initio
2410 2798 2796 2868 quaerebamus,
2816 2817 2912 2857 cur
2928 2818 3045 2858 cum
3066 2805 3116 2858 in
3144 2806 3297 2861 rebus
3331 2817 3501 2862 exter-

1928 2886 2008 2938 nis
2042 2885 2199 2956 inque
2226 2887 2517 2957 prophetiis
2537 2930 2552 2955 ,
2592 2905 2780 2946 omnes
2808 2894 3015 2948 soleant
3042 2894 3319 2967 designare
3364 2908 3500 2953 tem-

1927 2992 2053 3045 pora
2085 2979 2206 3031 vitae
2230 2994 2435 3048 regum,
2464 2978 2551 3034 hic
2580 2995 2645 3035 eo
2672 2985 3028 3049 prmtcrmisso
3047 3026 3063 3052 ,
3095 2994 3301 3056 tempus
3328 2999 3501 3045 sumat

1926 3087 2033 3140 quo
2065 3079 2304 3125 mortuus
2330 3072 2397 3126 sit
2425 3069 2599 3137 Ozias,
2626 3071 2693 3126 ad
2723 3072 2861 3127 hunc
2887 3074 3109 3143 loquens
3137 3078 3349 3133 modum
3386 3098 3399 3133 :
3437 3081 3500 3133 1ίέ

1927 3166 2115 3230 factum
2142 3166 2212 3215 est
2238 3178 2391 3229 anno,
2418 3177 2516 3232 quo
2545 3170 2775 3217 mortuus
2799 3172 2869 3217 est
2888 3163 3037 3219 Ozias
3062 3183 3152 3222 rea:
3177 3165 3327 3237 (lsai.
3348 3170 3399 3223 6.
3424 3170 3497 3239 1).

1928 3255 1992 3309 Et
2021 3264 2193 3311 tamen
2228 3264 2434 3325 poterat
2464 3257 2603 3327 regis
2641 3265 2750 3311 tum
2794 3261 3060 3329 regnantis
3090 3270 3299 3334 tempus
3322 3271 3496 3337 capri-

1928 3362 2095 3413 mere,
2127 3346 2571 3417 quemadmodum
2602 3348 2847 3403 omnibus
2877 3350 3150 3421 prephelis
3190 3369 3305 3409 mos
3334 3366 3447 3413 erat
3481 3376 3495 3413 ε

1926 3454 2108 3493 verum
2139 3437 2188 3492 id
2219 3454 2323 3495 non
2359 3438 2500 3495 fecit.
2533 3439 2701 3507 Quam
2736 3440 2806 3495 ob
2841 3456 3052 3495 causam
3100 3443 3257 3514 igitur
3286 3462 3389 3500 non
3424 3448 3500 3500 fe-

1925 3532 2039 3585 cit?
2064 3530 2176 3584 Mos
2200 3540 2316 3587 erat
2341 3540 2492 3586 vetus
2522 3534 2790 3600 leprosum
2818 3548 2849 3588 e
2880 3534 3091 3590 civitate
3119 3538 3410 3607 expellere,
3444 3548 3499 3590 ut

1927 3632 1978 3676 et
2020 3623 2071 3675 hi
2104 3623 2192 3692 qui
2242 3623 2293 3675 in
2334 3624 2550 3678 civitate
2594 3624 2843 3679 vivebant
2884 3627 3074 3681 melius
3114 3628 3399 3696 haberent,
3446 3643 3501 3686 ct

1928 3715 2037 3783 ipse
2066 3714 2308 3783 leprosus
2356 3730 2461 3769 non
2491 3726 2632 3771 esset
2661 3717 2722 3770 iis
2752 3717 2839 3786 qui
2886 3720 3257 3775 contumeliam
3304 3721 3501 3778 inferre

1926 3808 2119 3862 vellent
2147 3818 2496 3862 scommatum
2517 3823 2579 3863 ac
2599 3807 2880 3865 derisionis
2905 3812 3132 3875 occasio,
3151 3813 3241 3867 scd
3268 3823 3325 3867 ut
3348 3825 3497 3868 estra

1927 3900 2193 3953 civitatem
2224 3913 2582 3966 commorans,
2623 3899 2963 3954 solitudinem
2994 3901 3091 3954 veli
3122 3902 3238 3956 loco
3282 3902 3501 3958 haberet

1926 3989 2197 4043 obtentam
2226 3989 2485 4044 adversus
2507 3989 2751 4058 injuriam
2775 3990 3108 4045 calamitatis.
3131 3991 3241 4047 Hoc
3253 4003 3303 4048 et
3322 4010 3497 4064 regem

1928 4081 2068 4133 hunc
2097 4080 2301 4149 perpeti
2326 4080 2562 4150 oportuit
2598 4090 2716 4150 post
2742 4080 2979 4149 lepram;
3012 4082 3106 4137 sed
3138 4099 3242 4138 non
3284 4101 3495 4155 perpes-

1925 4187 2015 4226 sus
2044 4180 2143 4239 est,
2172 4172 2236 4226 iis
2263 4172 2354 4243 qui
2382 4172 2435 4227 in
2460 4172 2673 4227 civitate
2702 4182 2853 4227 erant
2882 4173 3024 4226 illum
3055 4174 3123 4229 ob
3147 4177 3497 4247 principatum

1924 4261 2321 4326 reverentibus,
2364 4277 2548 4317 verum
2580 4263 2827 4317 manebat
2870 4262 3014 4317 domi
3038 4280 3149 4321 sua:
3180 4267 3496 4324 clanculum.

1927 4354 2034 4407 llec
2066 4354 2128 4407 ad
2160 4352 2484 4407 iracundiam
2527 4354 2834 4423 provocavit
2879 4354 3064 4419 Deum,
3118 4353 3221 4410 hoc
3266 4359 3499 4427 preplie-

1926 4446 2049 4499 tiam
2092 4446 2319 4501 inhibuit
2357 4462 2370 4499 :
2414 4445 2662 4516 quodque
2706 4456 2944 4514 tempore
2989 4446 3101 4501 lleli
3143 4446 3334 4503 factum
3378 4459 3495 4514 est,

1933 4536 2147 4591 Verbum
2179 4537 2450 4606 pretiosum
2480 4545 2585 4589 erat
2610 4575 2624 4601 ,
2675 4550 2763 4588 nec
2788 4545 2891 4588 erat
2920 4536 3043 4590 visio
3071 4537 3378 4608 distinguens
3421 4539 3495 4609 (ι.

1929 4627 2053 4698 Reg.
2082 4629 2237 4697 5.1).
2285 4627 2363 4681 Tu
2387 4641 2514 4681 vero
2545 4625 2671 4679 mihi
2714 4625 2803 4680 hic
2852 4641 3062 4697 quoque
3101 4629 3376 4685 considera
3406 4632 3496 4687 Dei

1925 4719 2327 4774 humanitatem.
2379 4719 2491 4773 Non
2532 4719 2673 4773 enim
2703 4719 2961 4773 subvertit
2988 4721 3291 4789 civitatem,
3325 4738 3498 4794 neque

1923 4812 2153 4880 perdidit
2194 4810 2579 4874 inhabitantes;
2622 4808 2713 4863 sed
2755 4809 2894 4879 quod
2924 4810 3079 4864 amici
3129 4810 3327 4867 faciunt
3370 4829 3493 4883 erga

1921 4904 2153 4973 aequales
2186 4902 2401 4968 amicos,
2439 4900 2645 4971 quoties
2678 4900 2874 4955 habent
2900 4902 3095 4972 aliquid
3125 4903 3263 4971 quod
3307 4904 3498 4958 merito

1922 4995 2275 5065 expostulent,
2308 4993 2479 5047 obiter
2501 4994 2711 5048 silentio
2739 4992 2915 5047 ferunt
2938 5003 3305 5062 exspectantes
3333 5010 3347 5048 :
3396 4996 3497 5048 hor.

1922 5097 1975 5140 et
2008 5089 2142 5140 Deus
2172 5101 2294 5155 erga
2323 5095 2531 5154 gentem
2562 5084 2684 5139 facit
2715 5083 2916 5152 majore
2948 5097 3101 5152 pinna
3118 5086 3495 5156 supplicioque

1921 5178 2155 5247 dignam.
2188 5177 2319 5231 Nam
2352 5191 2451 5245 ego
2480 5176 2711 5245 quidem,
2742 5174 2932 5243 inquit,
2965 5173 3097 5243 ejeci
3126 5174 3271 5229 illum
3302 5192 3332 5231 e
3356 5186 3493 5229 tem-

1920 5273 2027 5339 plo,
2062 5284 2154 5323 vos
2182 5280 2358 5324 autem
2390 5283 2455 5322 ne
2483 5283 2512 5321 e
2537 5266 2749 5321 civitate
2774 5266 2988 5335 quidem
3024 5283 3038 5320 :
3066 5281 3166 5338 ego
3192 5266 3338 5323 illum
3378 5271 3494 5321 vin-

1918 5372 2060 5415 etum
2091 5362 2257 5430 lepra,
2308 5362 2377 5415 ita
2407 5361 2665 5429 privatum
2691 5357 2918 5425 reddidi,
2966 5372 3059 5413 vos
3088 5368 3263 5414 autem
3309 5378 3373 5415 ι...
3419 5364 3493 5415 sic

1919 5456 2131 5522 quidem
2160 5455 2443 5509 validiores
2474 5453 2717 5507 evasistis
2737 5492 2752 5516 ,
2783 5450 2877 5505 sed
2920 5466 2951 5505 a
2978 5466 3063 5506 me
3082 5451 3489 5507 condemnatum

1922 5567 2028 5603 non
2058 5549 2381 5604 sustinuistis
2427 5561 2457 5601 e
2485 5546 2697 5599 civitate
2744 5542 3063 5613 propellere.
3110 5544 3338 5599 Tametsi
3370 5547 3490 5613 quis

1917 5659 2009 5697 rex
2057 5644 2249 5697 factum
2284 5641 2387 5694 hoc
2419 5639 2679 5707 patienter
2709 5635 2914 5690 tulisset
2943 5675 2958 5701 ,
3010 5650 3180 5706 neque
3226 5636 3490 5689 civitatein

1921 5737 2155 5795 funditus
2181 5735 2548 5799 subveit;.set,
2574 5741 2696 5785 cum
2730 5727 2935 5784 videret
2964 5744 3116 5795 eum,
3154 5729 3237 5798 qui
3268 5729 3316 5782 ia
3345 5730 3489 5782 exsi-
