4064 6214
574 368 686 424 135

1277 340 1335 397 8.
1376 337 1654 397 JOANNlS
1690 337 2158 396 CHRYSOSTOMI
2195 337 2510 396 ARClllEP.
2549 338 3082 401 CONSTANTINOP.

3763 372 3877 429 136

581 461 706 514 lium
749 459 826 514 ire
846 459 1026 528 jussus
1056 464 1226 518 esset,
1260 455 1311 509 ln
1344 455 1557 510 civitate
1586 452 1943 510 commorari?
1972 452 2168 506 Verum
2276 454 2495 520 pertatis
2521 469 2606 509 me
2635 456 2860 523 puduit,
2887 457 3231 528 ignominiam
3265 468 3408 517 tuam
3433 476 3539 518 non
3567 465 3816 522 exhorrui
3843 510 3860 534 ,

580 557 724 609 Deus
749 555 852 607 hoc
880 569 981 608 non
1013 551 1175 616 fecit;
1210 550 1350 604 Deus
1377 550 1519 603 enim
1542 555 1678 608 erat,
1713 562 1820 600 non
1852 545 2031 599 homo.
2064 542 2161 598 libi

579 661 708 701 vero
736 644 885 700 ﬁnita
910 653 991 698 est
1013 645 1166 712 hujus
1185 642 1312 707 vita,
1337 641 1494 695 simul
1521 648 1574 694 et
1602 640 1734 694 iram
1760 638 2014 697 adversus
2042 637 2160 691 illos

578 735 828 806 deposuit
850 774 867 798 ,
897 733 1297 804 prophetiatque
1344 732 1486 786 fores
1530 732 1757 799 aperuit,
1791 744 1853 782 ac
1879 742 2064 782 rursus
2091 728 2157 781 ad

577 841 672 883 eos
711 826 890 880 rediit.
919 824 996 879 Tu
1029 839 1158 879 vero
1187 839 1252 877 ex
1291 821 1739 876 reconciliationis
1782 819 1938 874 modo
1985 819 2159 873 consi—

577 916 708 972 dera
734 916 828 970 Dei
860 915 1257 984 indulgentiam.
1291 913 1422 967 Nam
1452 912 1497 966 si
1523 912 1640 981 quis
1667 910 1981 978 expenderit
1996 910 2157 975 justi-

584 1007 666 1065 tite
706 1006 966 1060 rationem
991 1006 1032 1071 ἔ,
1066 1019 1132 1059 ne
1176 1013 1287 1058 tum
1334 1001 1547 1072 quidem
1581 1001 1916 1057 reconciliari
1954 999 2156 1055 debuit.

578 1097 745 1166 Quam
767 1095 836 1152 ob
858 1110 1071 1149 causam
1091 1095 1115 1148 i
1132 1094 1262 1161 Quia
1293 1109 1399 1149 non
1428 1093 1637 1146 illorum
1662 1106 1823 1160 opera
1851 1090 2054 1159 ejectus
2077 1099 2163 1144 est

576 1188 752 1244 Ozias.
783 1186 967 1257 Neque
990 1187 1129 1242 enim
1163 1186 1233 1240 illi
1254 1194 1523 1256 arreptum
1551 1184 1863 1252 abegerant,
1898 1182 1992 1235 sed
2015 1197 2159 1236 mors

578 1289 780 1333 naturze
811 1279 927 1348 lege
953 1277 1338 1347 superveniens
1365 1290 1486 1331 eum
1519 1284 1646 1328 tunc
1684 1288 1714 1329 e
1739 1274 1952 1328 civitate
1978 1271 2154 1341 ejecit.

577 1369 771 1423 Verum
797 1383 921 1438 erga
951 1383 1047 1422 nos
1081 1367 1220 1421 Deus
1250 1381 1354 1419 non
1401 1365 1736 1418 minimarum
1781 1378 1958 1417 rerum
1989 1375 2158 1431 usque

574 1461 709 1515 adeo
737 1460 995 1515 rationem
1025 1457 1206 1522 habet,
1225 1457 1317 1512 sed
1341 1465 1544 1510 tantum
1573 1455 1676 1509 hoc
1701 1454 1911 1524 qumrit,
1940 1452 2155 1508 modum

576 1565 698 1606 sese
747 1550 1018 1605 nobiscmn
1063 1547 1461 1604 reconciliandi.
1492 1545 1719 1600 Proinde
1748 1560 1908 1613 super
1939 1545 2023 1599 his
2050 1559 2159 1598 om-

576 1642 731 1696 nibus
757 1642 953 1712 gratias
973 1653 1190 1710 agamus
1220 1638 1318 1700 illi,
1349 1637 1706 1706 glorilicemus
1736 1637 1875 1690 illius
1908 1633 2152 1690 ineffabi-

576 1733 680 1786 lem
720 1731 1094 1802 benignitatem
1141 1748 1154 1784 :
1196 1745 1296 1799 qua
1343 1744 1440 1782 nos
1491 1742 1678 1782 omnes
1732 1727 1921 1796 dignos
1972 1726 2154 1781 haberi

574 1823 867 1892 contingat,
899 1821 1066 1891 gratia
1095 1831 1150 1875 et
1190 1819 1555 1874 misericordia
1589 1819 1844 1885 unigeniti
1889 1817 2004 1872 Filii
2040 1818 2154 1886 ejus

576 1914 782 1968 Domini
813 1914 984 1968 nostri
1021 1912 1144 1967 Jesu
1167 1911 1386 1976 Christi,
1417 1911 1630 1980 quicum
1659 1911 1799 1965 Patri
1829 1909 2016 1978 gloria,
2051 1908 2152 1962 ho-

580 2021 680 2060 nor
695 2015 749 2060 et
775 2007 1055 2075 imperium
1081 2046 1095 2072 ,
1120 2005 1275 2059 simul
1305 2019 1424 2057 cum
1451 2002 1649 2073 Spiritu
1677 2012 1863 2056 sancto
1881 2041 1899 2068 ,
1936 2016 2075 2056 nunc
2101 2010 2155 2056 et

572 2109 804 2165 semper,
834 2105 887 2151 et
917 2096 968 2150 in
999 2095 1192 2150 83.30013
1223 2094 1562 2150 surculorum.
1593 2093 1786 2147 Amen.

909 2227 1185 2284 llOMlLlA
1225 2227 1290 2283 IN
1329 2225 1688 2282 SERAPHIM.
1723 2225 1806 2280 Vl.

645 2367 696 2420 1.
729 2365 822 2419 Vis
867 2363 1079 2421 tandem
1123 2361 1266 2417 Ozias
1312 2363 1530 2432 pelagus
1574 2363 1776 2417 emensi
1820 2363 2152 2418 sumuszvix

570 2469 747 2510 autem
774 2471 957 2510 sumus
982 2456 1183 2510 emensi
1205 2494 1220 2515 ,
1247 2469 1352 2508 non
1389 2462 1606 2523 prOpter
1634 2454 1838 2508 itineris
1863 2455 2152 2524 longitudi-

571 2565 692 2603 nem
715 2590 729 2610 ,
759 2545 850 2602 sed
891 2557 1107 2617 propter
1134 2555 1363 2602 vestram
1386 2588 1401 2613 ,
1434 2548 1519 2616 qui
1554 2547 1826 2600 nobiscum
1859 2549 2115 2617 navigatis
2135 2588 2158 2620 ,.

570 2634 806 2697 discendi
847 2637 1207 2708 cupiditatem.
1241 2638 1314 2691 lta
1359 2637 1680 2707 gubernator
1705 2638 1863 2691 etiam
1911 2650 2152 2694 vectores

572 2742 756 2785 nactus
772 2729 1011 2784 curiosos
1031 2738 1084 2783 et
1105 2727 1500 2798 magnificarum
1527 2744 1704 2782 rerum
1731 2729 1934 2791 avidos,
1958 2731 2153 2798 quique

574 2821 879 2891 ItCl‘t'gl'illﬂS
902 2820 1081 2874 videre
1107 2819 1338 2889 gestiunt
1365 2817 1627 2884 civitates,
1646 2834 1750 2873 non
1775 2833 1881 2872 uno
1905 2819 1992 2874 die
2014 2819 2152 2873 viam

570 2913 802 2976 coniicit,
834 2910 958 2964 licet
984 2911 1140 2963 unius
1159 2909 1264 2963 diei
1296 2907 1456 2963 fuerit
1485 2910 1840 2976 intervallum,
1874 2911 1968 2965 sed
1998 2911 2154 2980 longe

572 3003 689 3072 plus
719 3001 972 3069 temporis
998 3008 1172 3054 terere
1193 2999 1427 3070 cogitur,
1451 2999 1578 3054 dum
1604 2999 1669 3054 ad
1703 3001 1937 3071 singulos
1971 3012 2152 3071 portus

571 3094 749 3147 navim
776 3091 1013 3162 appellit,
1043 3099 1097 3145 et
1125 3089 1357 3160 singulas
1383 3089 1588 3161 ingredi
1617 3092 1774 3146 urbes
1800 3093 1955 3157 sinit,
1980 3103 2037 3148 ut
2056 3109 2151 3148 eo-

571 3201 684 3239 rum
707 3182 795 3254 qui
815 3198 996 3239 secum
1025 3183 1271 3253 navigant
1293 3183 1564 3254 cupiditati
1585 3185 1855 3257 quidpiam
1874 3186 2148 3258 largiatur.

573 3275 683 3327 lloe
703 3290 729 3325 a
758 3273 911 3328 nobis
936 3287 1145 3343 quoque
1175 3273 1366 3328 factum
1397 3284 1478 3329 est
1497 3315 1512 3339 ,
1544 3275 1670 3330 dum
1703 3293 1806 3330 non
1836 3278 2035 3332 circum
2066 3281 2148 3334 in-

569 3367 713 3420 sulas
769 3364 1075 3434 navigamus
1098 3406 1113 3429 ,
1162 3379 1261 3419 nec
1312 3365 1547 3434 emporia
1572 3408 1588 3434 ,
1627 3377 1808 3437 portus
1837 3409 1853 3434 ,
1886 3369 2150 3440 urbesque

571 3465 925 3511 monstramus
945 3495 961 3520 ,
994 3456 1084 3510 sed
1118 3454 1350 3510 virorum
1374 3495 1391 3522 ,
1420 3458 1507 3526 qui
1536 3458 1786 3527 praeclare
1812 3475 1871 3513 se
1895 3475 2110 3529 gessere
2133 3501 2154 3538 ι

568 3549 815 3604 virtutem
842 3590 854 3612 ,
887 3558 940 3602 et
987 3562 1173 3602 eorum
1195 3588 1210 3614 ,
1242 3548 1330 3618 qui
1369 3548 1503 3617 lapsi
1545 3558 1708 3613 sunt,
1738 3551 2109 3620 negligentiam
2131 3594 2147 3621 ,

569 3641 706 3712 regis
752 3639 1166 3709 impudentiam,
1200 3641 1492 3694 sacerdotis
1539 3641 1590 3696 iu
1637 3641 1902 3713 loquendo
1932 3644 2149 3699 liberta-

562 3742 668 3786 tem
697 3771 712 3795 ,
745 3731 875 3783 iram
907 3730 996 3784 Dei
1027 3745 1086 3783 ac
1125 3730 1500 3798 benignitatem
1525 3771 1541 3796 ,
1572 3747 1796 3801 quarum
1835 3743 2058 3805 utraque
2083 3737 2150 3790 ad

567 3821 992 3880 emendationem
1040 3821 1307 3876 tendebat.
1347 3822 1462 3878 Jam
1513 3837 1638 3876 vero
1679 3838 1800 3877 cum
1846 3825 1910 3878 ad
1952 3828 2149 3895 regiam

561 3907 830 3964 civitatem
869 3912 1266 3980 pervenerimus
1290 3953 1305 3977 ,
1332 3927 1399 3966 ne
1424 3924 1738 3967 cunctemur
1767 3916 1992 3984 amplius
2011 3957 2026 3981 ,
2056 3918 2148 3972 sed

567 4016 662 4054 nos
694 4002 836 4066 ipsos
859 4007 1121 4070 tamquam
1153 4002 1202 4054 in
1229 4003 1414 4056 urbem
1437 4003 1724 4072 ingressuri
1746 4019 2149 4076 componamus,

562 4097 621 4140 ut
651 4089 728 4141 sic
755 4089 819 4141 ad
850 4091 1118 4143 catlcstem
1151 4093 1485 4160 metropolim
1513 4095 1862 4153 ascendamus
1888 4137 1902 4159 ,
1929 4095 2148 4153 Jerusa-

568 4178 702 4240 lem,
735 4179 971 4232 omnium
1017 4191 1254 4234 nostrum
1283 4194 1506 4236 matrem
1538 4225 1553 4250 ,
1586 4201 1703 4254 qua:
1737 4186 1900 4241 libera
1947 4199 2061 4251 est,
2096 4191 2148 4246 in

565 4286 664 4338 qua
694 4269 972 4339 Seraphim
992 4313 1006 4335 ,
1035 4273 1086 4325 in
1114 4288 1214 4340 qua
1240 4273 1559 4336 Cherubim,
1590 4277 1641 4330 in
1671 4293 1769 4347 qua
1797 4279 1956 4334 multa
1986 4283 2147 4337 millia

561 4362 999 4430 areltangelornm
1026 4405 1039 4427 ,
1069 4373 1122 4417 et
1149 4364 1422 4420 innumera
1456 4368 1762 4437 angelorum
1795 4411 1810 4435 ,
1840 4372 1927 4425 tibi
1958 4376 2147 4429 solium

562 4462 644 4507 est
677 4468 901 4522 regium.
932 4453 1098 4508 Nemo
1126 4455 1281 4524 igitur
1315 4456 1566 4526 profanus
1591 4460 1749 4523 adsit,
1780 4479 1937 4517 nemo
1965 4467 2143 4534 piacu-

566 4544 730 4598 laris:
756 4545 975 4615 mystice
1009 4548 1203 4616 quippe
1231 4550 1383 4603 nobis
1407 4551 1756 4617 suscipienda!
1797 4566 1917 4609 sunt
1962 4572 2147 4611 narra-

567 4635 735 4688 tiones
761 4653 773 4688 :
798 4637 1096 4690 immundus
1125 4653 1301 4703 nemo,
1325 4648 1376 4692 et
1407 4639 1504 4693 hoc
1525 4641 1820 4696 auditorum
1847 4655 1985 4699 cmtn
2013 4647 2151 4702 adsit

569 4725 809 4794 indignus
835 4745 848 4780 :
879 4730 982 4780 lmo
1011 4744 1137 4782 vero
1167 4729 1419 4799 profanus
1449 4740 1503 4786 et
1550 4734 1831 4801 piacularis
1868 4738 2004 4790 adsit
2035 4741 2149 4807 qni-

565 4818 644 4868 vis
666 4859 677 4875 ,
701 4818 792 4870 sed
819 4820 961 4871 omni
991 4818 1119 4873 foris
1161 4822 1463 4889 impnritate
1493 4834 1649 4895 atque
1692 4825 2025 4896 improbitate
2054 4831 2144 4886 de-

564 4906 734 4973 posita
762 4907 838 4961 sic
870 4908 1209 4976 ingrediatur.
1233 4909 1386 4964 lllum
1409 4914 1572 4976 enim,
1601 4916 1688 4984 qui
1715 4928 1889 4971 vestes
1921 4919 2147 4975 habebat

564 4995 842 5061 Sordidus,
871 4997 1052 5065 sponsi
1096 5008 1247 5068 pater
1290 5016 1320 5054 e
1376 5005 1554 5071 sponsi
1599 5007 1835 5061 conclavi
1889 5025 2146 5081 sncroquc

563 5086 793 5141 thalamo
837 5092 1066 5159 expulit.
1100 5107 1203 5144 non
1235 5093 1374 5163 quod
1413 5096 1653 5151 sordidas
1695 5111 1868 5155 restes
1906 5105 2141 5169 haberet,

562 5181 653 5233 sed
685 5181 824 5249 quod
855 5198 941 5236 eas
972 5184 1168 5238 habens
1196 5195 1338 5241 esset
1370 5189 1656 5257 ingressus.
1686 5191 1866 5262 Neque
1901 5197 2040 5249 enim
2072 5198 2141 5252 illi

562 5271 710 5334 dixit,
731 5275 838 5327 Cur
868 5287 1066 5329 vestem
1097 5280 1378 5346 nuptialem
1409 5299 1510 5336 non
1541 5282 1743 5339 habes?
1770 5288 1881 5350 sed,
1915 5287 2016 5342 Cur
2046 5307 2144 5344 non

564 5364 747 5416 habens
777 5376 954 5419 uestem
997 5370 1268 5435 nuptialem
1301 5370 1394 5422 Imc
1431 5374 1628 5427 intrasti
1658 5377 1978 5442 (Matt/1.99..
2017 5382 2143 5452 μω

561 5452 772 5521 Slabas,
805 5455 990 5525 inquit,
1026 5462 1331 5515 mendietns
1361 5463 1409 5516 in
1446 5465 1610 5519 triviis
1631 5509 1644 5528 ,
1677 5485 1845 5537 neque
1876 5480 1975 5523 tune
2010 5490 2133 5540 pau-

624 5609 639 5636 ι
677 5609 810 5668 Legit
831 5614 1079 5681 erasmus:
1107 5623 1222 5681 Itum
1243 5613 1284 5664 si
1314 5624 1434 5666 Deus
1450 5620 1753 5677 erpeua’issvt
1768 5622 1891 5681 justi
1901 5625 1972 5675 ire
1993 5629 2138 5678 ratio-

558 5678 681 5754 qrm,
710 5686 768 5714 μαι
791 5671 899 5754 vim
923 5689 982 5717 'itt
1009 5677 1240 5732 quadrare
1269 5693 1360 5726 non
1387 5671 1592 5742 videtur,
1618 5697 1709 5733 uec
1735 5671 1786 5733 iii
1807 5671 2138 5750 t'ttftpiat'ti‘éd-

579 5742 714 5774 :tetuu
795 5742 1291 5797 xum-vnncettqat‘ct.

2273 543 2366 599 sed
2397 545 2465 597 ab
2489 545 2575 598 illa
2619 547 2762 600 omni
2789 548 2988 602 vilitate
3019 549 3298 605 liberatum
3340 552 3392 606 in
3421 568 3629 609 sacrum
3661 566 3712 611 te
3737 557 3854 612 tha-

2273 637 2468 689 lamum
2497 637 2785 702 introduxi,
2819 640 2960 708 regia
2991 655 3144 696 coena
3171 657 3286 697 sum
3312 644 3580 713 dignatus,
3605 657 3660 702 et
3684 658 3860 702 extre-

2274 743 2361 781 mo
2389 729 2648 797 supplicio
2686 729 2902 799 dignum
2937 733 3003 785 ad
3047 749 3348 800 supremam
3378 739 3592 806 provexi
3627 739 3852 811 dignita-

2273 825 2378 870 tem
2406 834 2417 870 :
2443 826 2497 870 at
2523 826 2578 871 tu
2606 833 2673 873 ne
2693 818 2965 875 beneficiis
2991 821 3208 891 quidem
3239 823 3407 880 factus
3430 841 3492 882 es
3513 829 3738 895 melior,
3762 830 3855 884 sed

2273 909 2326 962 iu
2348 909 2500 963 solita
2530 913 2876 978 perversitate
2903 913 3165 982 mansisti,
3188 926 3383 971 etcum
3414 919 3466 972 in
3489 921 3716 990 nuptias,
3744 929 3855 977 tum

2270 1000 2322 1055 in
2340 1015 2596 1070 sponsum
2626 1003 2792 1071 ipsum
2818 1007 3238 1062 contumeliosus
3258 1008 3422 1065 fuisti.
3447 1011 3543 1066 Abi
3563 1027 3690 1083 ergo
3713 1012 3857 1067 deiu-

2266 1107 2412 1163 ceps.
2445 1101 2500 1149 et
2523 1093 2728 1149 debitas
2752 1105 2896 1152 tanto
2921 1099 3124 1166 stupori
3154 1114 3338 1169 ptenas
3365 1101 3508 1158 dato.
3537 1102 3725 1158 Videat
3750 1107 3851 1175 igi-

2267 1193 2354 1239 tur
2387 1187 2750 1256 unusquisque
2782 1199 3022 1243 nostrum
3047 1229 3062 1253 ,
3087 1195 3156 1244 he
3182 1190 3317 1247 forte
3346 1193 3502 1249 talem
3531 1209 3715 1251 vocem
3757 1213 3853 1250 att-

2265 1275 2376 1330 diat
2401 1316 2418 1342 ,
2448 1285 2504 1331 et
2529 1278 2675 1332 omni
2717 1278 2923 1348 abjecta
2960 1281 3282 1351 cogitatione
3353 1301 3472 1354 quae
3494 1287 3752 1356 spirituali
3783 1288 3856 1344 sit

2265 1367 2477 1437 indigna
2504 1367 2746 1423 doctrina
2771 1409 2786 1435 ,
2816 1370 2886 1424 ita
2912 1386 3079 1426 sacrae
3119 1387 3320 1430 mensa
3347 1377 3608 1448 particeps
3642 1379 3750 1433 fiat.
3782 1379 3852 1434 Et

2265 1463 2455 1529 factum
2483 1470 2573 1524 est,
2605 1462 2793 1531 inquit,
2819 1463 2872 1516 in
2900 1479 3055 1530 anno,
3083 1481 3182 1534 quo
3211 1479 3437 1523 mortuus
3459 1479 3533 1523 est
3560 1471 3712 1526 Ozias
3734 1489 3847 1539 rex,

2262 1551 2364 1604 vidi
2383 1549 2657 1606 Dominum
2679 1553 2929 1608 sedentem
2953 1555 3006 1608 in
3033 1558 3161 1611 satio
3188 1560 3384 1614 excelso
3410 1570 3457 1614 et
3479 1562 3666 1618 elevato
3690 1563 3849 1634 (lsui.

2261 1641 2314 1697 6.
2350 1644 2423 1714 l).
2457 1643 2736 1712 Quomodo
2762 1646 2968 1713 viderit,
2995 1649 3216 1705 minime
3237 1653 3378 1705 novi.
3401 1651 3470 1708 Se
3488 1654 3632 1709 enim
3653 1655 3850 1712 vidisse

2261 1734 2428 1801 dixit,
2455 1735 2724 1803 quomodo
2762 1745 2939 1791 antem
2985 1738 3218 1806 viderit,
3261 1743 3458 1796 tacuit:
3485 1745 3693 1812 excipio
3726 1761 3846 1814 qu.e

2261 1825 2403 1880 dicta
2430 1835 2553 1880 sunt
2575 1868 2589 1890 ,
2619 1841 2738 1896 qua:
2762 1827 2974 1883 silentio
3001 1844 3288 1899 suppressa
3311 1841 3472 1899 sunt,
3503 1835 3713 1890 curiose
3739 1851 3848 1892 non

2265 1917 2473 1986 inquiro
2502 1932 2655 1987 :quae
2701 1920 2932 1973 revelata
2966 1927 3128 1988 sunt,
3161 1923 3398 1994 intelligo
3419 1959 3436 1988 ,
3456 1940 3574 1994 qua:
3598 1934 3722 1980 sunt
3749 1941 3844 1987 oc-

2259 2010 2477 2073 cultata,
2511 2025 2615 2064 non
2647 2021 2858 2066 scrutor
2883 2031 2896 2067 :
2925 2012 3124 2069 idcirco
3155 2030 3383 2085 namque
3410 2025 3534 2070 sunt
3559 2018 3842 2073 occultata.

2260 2101 2454 2170 Peplus
2479 2111 2561 2157 est
2586 2117 2778 2158 aureus
2799 2105 3063 2173 expositio
3083 2104 3391 2175 Scripturre,
3407 2117 3610 2164 stamen
3635 2120 3717 2164 est
3743 2124 3844 2162 au-

2258 2211 2395 2260 rum,
2416 2196 2728 2265 subtegmen
2750 2213 2958 2252 aurmn.
2988 2200 3316 2254 Aranearum
3339 2201 3467 2254 telas
3499 2216 3602 2255 non
3631 2203 3841 2257 attexo:

2258 2288 2380 2342 novi
2407 2289 2786 2358 cogitationum
2809 2306 3043 2347 mearum
3072 2291 3509 2350 imbecillitatem.
3535 2295 3660 2348 Noli
3679 2306 3845 2351 trans-

2258 2381 2388 2449 ferre
2415 2383 2652 2435 terminos
2677 2383 2908 2449 antiquos
2931 2421 2948 2448 ,
2978 2383 3148 2452 inqttit
3169 2423 3187 2447 ,
3215 2400 3338 2453 quas
3362 2394 3632 2454 posuerunt
3677 2397 3844 2455 patres

2258 2473 2331 2524 tui
2350 2470 2531 2540 (Prov.
2553 2473 2644 2526 22.
2677 2472 2789 2541 28).
2814 2473 3096 2529 Terminus
3130 2490 3347 2531 movere
3377 2483 3544 2530 tutum
3586 2493 3689 2531 non
3716 2489 3838 2532 est:

2255 2570 2309 2616 et
2339 2578 2444 2632 quo
2488 2573 2644 2632 pacto
2666 2602 2680 2626 ,
2713 2579 2830 2632 qure
2877 2565 3015 2618 Deus
3053 2562 3228 2633 posuit
3250 2607 3266 2630 ,
3298 2566 3719 2622 transferemus?
3750 2569 3843 2622 \‘is

2255 2653 2483 2717 discere,
2507 2654 2776 2723 quomodo
2803 2653 2993 2709 viderit
3022 2655 3186 2710 Deum
3211 2657 3232 2709 ?
3257 2655 3380 2712 Fias
3409 2665 3461 2711 tu
3488 2673 3696 2728 quoque
3720 2675 3843 2728 pro.

2259 2744 2437 2811 pheta.
2465 2745 2562 2811 Qui
2586 2745 2697 2798 fieri
2728 2755 2896 2813 potest
2923 2746 3025 2801 hoc
3047 2787 3062 2812 ,
3091 2747 3318 2816 inquies,
3346 2763 3466 2803 cum
3491 2765 3712 2805 uxorem
3741 2751 3838 2804 ba-

2261 2833 2411 2887 beam
2436 2874 2450 2897 ,
2482 2849 2602 2888 cum
2644 2835 2773 2889 mihi
2799 2852 2941 2892 cura:
2967 2839 3035 2892 sit
3064 2839 3308 2894 educatio
3342 2840 3671 2895 liberorum?
3701 2841 3840 2897 Fieri

2257 2925 2471 2996 quidem
2502 2937 2703 2995 potest,
2735 2929 2779 2981 si
2811 2929 2973 2994 velis,
2999 2930 3294 2984 carissime.
3323 2929 3454 2986 Nam
3485 2942 3538 2987 et
3564 2934 3675 3001 ipse
3706 2950 3836 2987 uxo-

2257 3031 2370 3070 rem
2403 3016 2600 3082 habuit,
2629 3027 2686 3074 et
2713 3019 2939 3075 duarum
2966 3028 3115 3089 pater
3142 3023 3343 3076 esstitit
3371 3024 3677 3090 liberorum,
3709 3025 3838 3080 nihil

2257 3116 2430 3162 tamen
2461 3109 2649 3162 horum
2678 3110 3052 3180 impedimento
3081 3111 3158 3166 illi
3185 3112 3297 3168 fuit.
3319 3112 3500 3184 Neque
3523 3117 3662 3169 enim
3687 3116 3842 3172 nobis

2255 3202 2687 3271 impedimentum
2735 3215 2818 3259 est
2859 3205 3062 3261 itineris
3084 3205 3150 3260 ad
3187 3221 3404 3276 regnum
3433 3209 3680 3263 caelorum
3711 3224 3840 3264 cou-

2249 3294 2452 3363 jugium
2479 3311 2492 3347 :
2515 3297 2765 3364 quoniam
2805 3298 2850 3352 si
2885 3298 3321 3367 impedimentum
3350 3310 3514 3366 esset,
3541 3309 3596 3354 et
3621 3299 3838 3354 insidias

2255 3384 2411 3438 nobis
2458 3394 2701 3452 paratum
2745 3385 2930 3440 fuisset
2974 3403 3146 3449 uxor,
3190 3401 3312 3441 cum
3351 3403 3468 3442 eam
3497 3403 3526 3441 a
3579 3388 3840 3458 principio

2252 3483 2460 3529 crearet
2505 3476 2683 3540 Deus,
2729 3477 3040 3545 adiutricem
3092 3493 3197 3532 non
3251 3479 3589 3547 appellasset.
3638 3479 3837 3535 Veliem

2253 3566 2498 3635 equidem
2516 3567 2712 3632 dicere,
2733 3568 2984 3638 quidnam
3003 3569 3074 3624 sit
3091 3569 3256 3624 Deum
3273 3571 3486 3626 sedere:
3507 3587 3674 3642 neque
3695 3574 3838 3628 enim

2255 3656 2396 3712 Deus
2421 3657 2570 3713 sedet
2595 3675 2608 3712 :
2633 3675 2753 3714 cum
2785 3660 2868 3715 hic
2894 3659 2962 3716 sit
2988 3674 3272 3729 corporum
3304 3661 3458 3730 situs,
3493 3663 3634 3719 Deus
3658 3675 3837 3720 autem

2251 3751 2322 3806 sit
2346 3753 2708 3819 lnoorporeus.

2321 3843 2374 3894 2.
2417 3842 2690 3912 Seraphim
2731 3845 2951 3914 dignitas
2999 3847 3245 3902 maxima.
3281 3877 3353 3888 -—
3401 3847 3600 3903 Vellem
3653 3849 3840 3902 dicere

2255 3933 2381 4002 quid
2413 3934 2482 3987 sit
2507 3935 2702 3988 solium
2737 3935 2827 3988 Dei
2859 3951 2873 3988 :
2902 3951 3074 4005 neque
3119 3939 3262 3991 enim
3311 3939 3489 4008 utique
3516 3941 3651 3994 solio
3696 3940 3837 3994 Deus

2254 4023 2757 4092 comprehenditur,
2808 4040 2930 4080 cum
2970 4028 3334 4083 circumscribi
3389 4029 3606 4083 minime
3671 4030 3839 4096 possit

2255 4111 2459 4167 Numen
2486 4130 2498 4165 :
2525 4115 2619 4168 sed
2647 4130 2838 4169 vereor
2861 4157 2878 4180 ,
2910 4132 2978 4170 ne
3003 4117 3048 4170 si
3100 4117 3356 4172 docendis
3399 4118 3514 4170 istis
3557 4119 3833 4183 immorer,

2255 4209 2559 4277 protraham
2587 4209 2750 4262 debiti
2775 4209 3116 4264 solutionem.
3146 4209 3342 4264 Omnes
3373 4210 3512 4263 cnim
3537 4211 3688 4264 video
3715 4227 3838 4264 nar-

2252 4299 2443 4352 rationi
2473 4299 2542 4354 de
2589 4300 2867 4369 Seraphim
2925 4301 3152 4363 inhiare,
3182 4318 3286 4354 non
3330 4302 3495 4355 solum
3527 4301 3711 4364 hodie,
3741 4302 3834 4356 sed

2248 4389 2356 4454 jam
2391 4389 2513 4442 inde
2539 4405 2566 4441 a
2600 4392 2771 4458 primo
2797 4393 2883 4445 die
2910 4408 2922 4442 :
2956 4402 3283 4461 quapropter
3303 4392 3690 4446 multitudinem
3719 4407 3838 4446 sen-

2254 4480 2535 4533 tentiarum
2589 4490 2856 4549 tamquam
2909 4482 3184 4537 hominum
3226 4495 3419 4538 emtum
3474 4499 3664 4552 magno
3709 4499 3833 4536 cmn

2255 4569 2453 4638 impetu
2502 4582 2873 4625 occurrentem
2918 4587 3289 4642 perrumpens,
3313 4573 3378 4626 ad
3407 4575 3795 4642 espositionem

2254 4659 2392 4712 illam
2417 4667 2594 4713 nostra
2615 4660 2826 4715 feStiuat
2844 4663 3034 4715 oratio.
3061 4661 3128 4715 Et
3151 4664 3419 4733 Seraphim
3445 4667 3642 4718 stabant
3665 4665 3713 4717 in
3733 4666 3833 4718 cir-

2251 4745 2387 4795 cuitu
2408 4743 2535 4812 ejus,
2554 4740 2718 4813 inquit
2742 4745 2890 4814 (Isai.
2911 4749 2962 4800 6.
2980 4747 3059 4816 2).
3083 4747 3219 4801 Ecce
3240 4748 3538 4816 Seraphim,
3557 4765 3674 4817 qua:
3695 4749 3829 4804 vide-

2253 4850 2310 4888 re
2335 4834 2460 4889 olim
2489 4837 2782 4904 cupiebatis
2808 4852 3013 4893 omnes.
3037 4838 3477 4908 Contemplamini
3500 4857 3646 4910 ergo,
3667 4854 3716 4897 et
3740 4858 3830 4895 cu-

2253 4925 2528 4992 piditatem
2557 4927 2766 4994 explete
2794 4946 2806 4980 :
2840 4929 2932 4982 sed
2957 4944 3060 4983 non
3091 4945 3211 4983 cum
3242 4933 3487 4996 tunmltu,
3517 4949 3685 5002 neque
3709 4947 3834 5000 pru-

2253 5017 2459 5083 peranti
2487 5018 2806 5084 cogitatione
2832 5059 2846 5081 ,
2873 5020 3012 5073 sicut
3038 5019 3096 5073 fit
3127 5021 3180 5074 in
3211 5021 3592 5091 lmperatorum
3636 5024 3831 5092 ingrcs-

2252 5122 2352 5160 su:
2388 5123 2508 5161 nam
2561 5110 2667 5164 illic
2706 5111 2920 5178 quidem
2967 5112 3108 5166 istud
3157 5114 3328 5184 ipsum
3379 5115 3568 5170 merito
3615 5116 3828 5172 accidit.

2251 5195 2432 5266 Neque
2456 5200 2595 5252 enim
2628 5210 2869 5268 spectant
2890 5203 3150 5258 satellites
3175 5245 3189 5268 ,
3224 5215 3278 5258 ut
3311 5216 3634 5274 spectatores
3661 5208 3832 5263 oculis

2249 5300 2436 5343 cuncta
2467 5292 2729 5355 lustrent;
2764 5293 2878 5356 sed,
2904 5304 3189 5364 antequam
3229 5307 3374 5351 recte
3397 5296 3664 5364 viderint,
3696 5314 3824 5367 pra-.-

2252 5380 2413 5434 terire
2449 5383 2568 5436 illos
2607 5392 2804 5452 cogunt
2833 5401 2846 5436 :
2875 5383 2960 5439 hic
2988 5401 3117 5440 vero
3164 5403 3269 5440 non
3301 5389 3369 5440 ita
3402 5405 3416 5441 :
3447 5389 3537 5441 sed
3581 5397 3826 5444 contem-

2249 5472 2537 5540 plationem
2587 5484 2823 5528 nostram
2873 5477 3014 5531 sistit
3061 5481 3271 5544 oratio,
3319 5494 3596 5548 quousque
3648 5483 3826 5535 omnia

2247 5565 2640 5630 percurreritis,
2671 5583 2787 5634 qua:
2812 5570 3048 5636 percurri
3079 5585 3106 5621 a
3132 5569 3283 5623 vobis
3307 5580 3542 5638 possunt.
3574 5570 3635 5624 Et
3663 5571 3820 5624 Sera-

2247 5655 2384 5722 phim
2407 5655 2604 5708 stabant
2631 5658 2683 5709 in
2712 5659 2922 5712 circuitu
2945 5663 3074 5732 ejus.
3106 5663 3247 5714 Ante
3277 5671 3474 5715 natura:
3515 5662 3824 5730 dignitatem

2245 5761 2342 5800 nos
2369 5747 2544 5802 docuit
2567 5748 2719 5804 iSIam
2757 5766 2817 5806 ex
2845 5752 2944 5808 luci
2969 5754 3158 5810 vicinia
3187 5754 3518 5823 dignitatem.
3546 5753 3659 5809 Non
3686 5757 3822 5814 enim
