4064 6214
255 393 369 451 137

258 516 393 572 dixit
425 514 673 584 primum,
697 525 936 587 quamam
958 508 1233 579 Seraphim
1261 516 1460 573 essent,
1492 504 1586 560 sed
1610 502 1700 557 ubi
1728 510 1835 557 sta-

260 615 382 662 rent
439 605 599 660 dixit.
640 604 765 658 Haec
812 602 952 656 enim
995 601 1222 669 dignitas
1261 597 1429 667 major
1473 604 1554 651 est
1578 594 1687 649 illa.
1717 592 1833 660 Quo

262 699 470 750 tandem
512 694 705 764 pacto?
730 691 881 760 Quod
931 690 1179 745 nimirum
1229 688 1365 742 haud
1395 687 1466 740 ita
1496 685 1826 741 demonstret

258 804 475 858 magnas
524 786 641 840 illas
692 799 810 839 esse
849 784 1106 847 virtutes,
1154 780 1296 850 quod
1343 780 1447 833 sint
1510 774 1829 845 Seraphim,

257 894 412 949 quam
442 877 585 947 quod
617 890 779 945 prope
816 875 1003 929 solium
1031 879 1173 926 stent
1206 871 1427 940 regium.
1472 866 1603 922 Nam
1652 875 1707 921 et
1736 878 1832 919 nos

258 968 375 1022 illos
408 968 694 1022 nobiliores
723 980 843 1020 esse
888 962 1141 1017 satellites
1170 961 1524 1024 arbitramur,
1552 956 1641 1026 qui
1676 956 1826 1024 juxta

254 1060 435 1129 jngum
464 1059 594 1130 regii
625 1071 813 1113 currus
843 1054 1111 1110 incedunt.
1157 1052 1232 1107 Ita
1262 1064 1469 1122 quoque
1490 1049 1739 1102 virtutum
1770 1046 1832 1100 il-

257 1150 425 1204 larum
453 1151 884 1218 incorporearum
915 1144 1235 1200 illustriores
1261 1150 1385 1196 sunt
1414 1140 1537 1202 illae,
1555 1152 1680 1209 qua
1696 1136 1831 1190 solio

257 1241 348 1296 Dei
371 1251 493 1294 sunt
524 1240 795 1308 proximae.
818 1237 1019 1291 Idcirco
1044 1235 1205 1291 etlam
1232 1232 1488 1303 pr0pheta
1506 1230 1575 1285 de
1600 1228 1830 1283 naturali

255 1347 439 1385 eorum
477 1330 731 1399 dignitate
772 1328 1036 1382 disserere
1073 1325 1362 1388 omittens,
1392 1322 1541 1391 prius
1570 1318 1724 1373 nobis
1763 1317 1830 1373 de

253 1421 352 1475 loci
403 1420 745 1489 prterogativa
786 1416 1037 1482 disserit,
1063 1413 1207 1484 quod
1244 1414 1384 1467 hunc
1412 1411 1667 1480 majorem
1710 1422 1831 1464 esse

253 1512 384 1564 sciat
404 1520 647 1564 ornatum
668 1550 683 1573 ,
702 1516 762 1563 et
786 1508 852 1562 ab
877 1507 981 1561 hoc
1009 1514 1211 1559 natura:
1238 1503 1447 1557 illorum
1487 1498 1833 1568 pulchritudi-

254 1615 377 1655 nem
408 1601 702 1653 dimanare.
728 1599 838 1652 Hoc
862 1597 1004 1652 enim
1031 1595 1198 1664 gloria
1218 1635 1233 1661 ,
1266 1593 1467 1657 honor,
1494 1600 1549 1647 et
1567 1590 1830 1645 securitas

251 1691 446 1755 omnis,
478 1699 535 1743 ut
566 1692 620 1743 in
647 1689 868 1743 circuitu
896 1688 1014 1741 solii
1045 1687 1184 1742 illius
1204 1692 1526 1755 appareant.
1553 1682 1666 1738 Hoc
1693 1690 1749 1736 et
1775 1681 1826 1735 in

248 1781 452 1849 angelis
494 1794 716 1833 cernere
767 1778 888 1833 licet
916 1796 931 1832 :
958 1792 1078 1831 nam
1108 1786 1163 1831 et
1188 1776 1308 1831 illos
1332 1789 1451 1830 esse
1479 1786 1697 1844 magnos
1728 1786 1827 1825 vo-

251 1876 363 1925 lens
391 1869 634 1926 Christus
655 1871 941 1926 ostendere
968 1911 981 1934 ,
1018 1885 1120 1924 non
1150 1884 1246 1924 eos
1279 1867 1499 1937 angelos
1518 1880 1636 1921 esse
1658 1864 1823 1925 dixit,

249 1972 302 2017 et
327 1964 493 2016 tacuit
524 1981 537 2017 :
564 1962 657 2018 sed
681 2004 696 2029 ,
742 1962 873 2027 Quia
918 1961 1088 2033 angeli
1117 1976 1289 2015 eorum
1331 1974 1527 2027 semper
1552 1957 1717 2011 vident
1738 1960 1824 2027 fa-

247 2055 373 2107 ciem
410 2054 581 2109 Patris
611 2055 707 2108 mei
731 2055 816 2124 qui
838 2055 890 2108 in
918 2054 1055 2107 etatis
1079 2061 1149 2106 est
1179 2050 1393 2120 (Matth.
1422 2049 1509 2104 18.
1534 2048 1646 2117 10).
1689 2046 1821 2101 Nam

248 2158 304 2202 ut
325 2149 435 2202 illic
460 2148 697 2217 angelica
727 2146 983 2216 dignitate
1007 2147 1177 2213 majus
1200 2152 1281 2198 est
1309 2141 1497 2196 faciem
1534 2140 1704 2195 Patris
1740 2139 1823 2192 vi-

243 2240 409 2294 dere:
442 2240 520 2293 sic
545 2249 598 2293 et
623 2238 878 2309 dignitate
897 2237 1174 2306 Seraphim
1202 2234 1372 2304 majus
1412 2241 1494 2288 est
1522 2232 1573 2286 in
1596 2230 1823 2287 circuitu

245 2342 387 2386 stare
414 2332 565 2395 solii,
597 2340 757 2399 atque
796 2331 848 2384 in
890 2344 1075 2383 eorum
1105 2327 1283 2382 medio
1332 2327 1503 2395 ipsum
1542 2338 1682 2379 esse.
1717 2323 1823 2377 Sed

244 2434 295 2478 ct
327 2424 431 2479 hoc
476 2437 723 2492 magnum
757 2423 871 2476 ﬁeri
905 2429 1078 2491 potest
1120 2428 1178 2473 ut
1220 2417 1529 2488 adipiscaris
1571 2417 1613 2471 si
1644 2416 1819 2469 velis:

244 2533 349 2571 non
393 2520 533 2571 enim
576 2526 661 2570 est
698 2516 749 2569 in
799 2514 972 2568 medio
1012 2513 1291 2581 Seraphim
1322 2519 1545 2571 tantum,
1571 2508 1663 2562 sed
1691 2517 1744 2561 et
1769 2507 1824 2561 iu

243 2609 421 2663 medio
450 2608 617 2663 nostri
648 2609 881 2676 ipsorum
903 2647 917 2667 ,
947 2606 990 2658 si
1019 2604 1260 2659 velimus.
1295 2602 1393 2657 Ubi
1413 2603 1543 2655 enim
1570 2609 1683 2653 sunt
1720 2600 1822 2652 duo

243 2699 319 2751 vel
346 2708 442 2751 tres
471 2697 792 2767 congregati,
824 2696 1026 2764 inquit,
1051 2694 1104 2746 in
1131 2695 1330 2746 nomine
1366 2708 1502 2753 meo,
1533 2693 1598 2743 ibi
1627 2706 1740 2743 sum
1768 2690 1822 2743 in

242 2791 407 2844 medio
422 2806 590 2844 eorum
611 2789 822 2859 (Matth.
848 2789 934 2844 18.
951 2787 1068 2857 ἳο);
1099 2796 1173 2854 et,
1193 2785 1439 2840 Dominus
1462 2787 1609 2855 iuxta
1633 2794 1703 2840 est
1722 2786 1785 2838 iis
1802 2826 1819 2852 ,

240 2884 329 2951 qui
349 2883 561 2934 contrito
580 2892 698 2935 sunt
722 2883 891 2949 corde,
916 2892 960 2934 et
982 2881 1193 2934 humiles
1216 2880 1397 2947 spiritu
1416 2878 1625 2932 salvubit
1649 2877 1815 2947 (Psal.

240 2976 331 3029 33.
353 2976 463 3043 l9).
490 2976 771 3043 Proliterea
796 2975 988 3029 clamat
1007 2974 1165 3028 etiam
1192 2972 1387 3027 Paulus
1417 2989 1430 3024 :
1464 2972 1590 3037 Qua:
1619 2986 1821 3025 sursum

239 3076 357 3118 sunt
384 3068 580 3135 sapite,
629 3067 712 3119 ubi
759 3064 987 3119 Christus
1033 3073 1103 3119 est
1148 3065 1203 3117 in
1250 3064 1458 3117 dextera
1503 3062 1599 3115 Dei
1645 3062 1821 3114 sedens

240 3154 461 3224 (Colass.
493 3157 546 3210 5.
576 3156 656 3223 2).
692 3155 852 3209 Vides
884 3164 940 3209 ut
971 3170 1068 3208 nos
1096 3169 1215 3208 cum
1246 3152 1524 3220 Seraphim
1552 3151 1817 3215 statuerit,

239 3256 293 3297 et
315 3245 463 3311 juxta
494 3246 696 3314 rrgium
737 3246 928 3298 solium
958 3242 1277 3297 deduxerit?
1319 3241 1521 3295 Deinde
1562 3239 1772 3309 subjicit
1802 3257 1815 3296 :

240 3337 350 3393 Sea:
377 3338 476 3392 alte
500 3339 615 3402 uni,
646 3346 693 3391 et
719 3354 808 3392 sea:
835 3337 932 3390 alte
949 3337 1093 3391 alteri
1120 3334 1286 3407 (lsai.
1317 3334 1368 3389 6.
1397 3335 1474 3406 9).
1504 3334 1636 3402 Quid
1667 3334 1821 3389 nobis

240 3428 323 3482 hae
363 3444 456 3481 sex
498 3428 596 3481 alae
637 3426 951 3497 designant?
992 3426 1370 3489 Altitudinem,
1401 3424 1815 3487 sublimitatem,

239 3518 511 3573 licvitatem
531 3559 545 3582 ,
569 3518 893 3571 celeritatem
924 3528 1227 3570 naturarum
1269 3516 1501 3569 illarum.
1534 3515 1817 3583 Propterea

237 3608 457 3665 Gabriel
483 3619 694 3679 queque
731 3608 1005 3663 descendit
1043 3607 1214 3662 alatus
1236 3648 1250 3672 ,
1278 3622 1382 3661 non
1415 3606 1553 3677 quod
1592 3606 1690 3661 alis
1734 3607 1817 3659 in-

238 3709 443 3755 structa
472 3702 544 3753 sit
570 3701 881 3769 incorporea
911 3700 995 3752 illa
1027 3706 1248 3763 natura,
1294 3698 1389 3753 sed
1416 3696 1555 3766 quod
1580 3695 1648 3749 ab
1675 3696 1820 3749 altis-

238 3792 392 3846 simis
425 3792 439 3822 ¹
470 3791 599 3845 locis
629 3791 733 3845 illis
775 3790 1148 3855 descenderit,
1179 3804 1241 3844 ac
1274 3790 1521 3859 supernis
1560 3789 1662 3842 illis
1690 3803 1820 3843 con-

240 3882 487 3937 rentibus
503 3882 699 3935 relictis
713 3881 1003 3936 advenerit.
1023 3881 1156 3948 Quid
1177 3892 1353 3935 autem
1372 3882 1471 3935 sibi
1487 3882 1597 3935 vult
1617 3882 1819 3935 alarum

241 3972 535 4027 numerus?
577 3972 688 4027 Hoc
729 3973 846 4028 loco
889 3982 1068 4027 nostra
1112 3972 1554 4043 interpretatione
1582 3972 1712 4026 nihil
1740 3980 1823 4028 est

239 4079 379 4134 opus
407 4085 422 4117 ;
455 4067 681 4134 seipsam
712 4065 851 4119 enim
880 4065 1048 4118 oratio
1078 4068 1207 4121 satis
1241 4065 1519 4133 exposuit,
1550 4080 1669 4119 cum
1701 4064 1820 4118 illa-

241 4173 364 4211 rum
414 4157 566 4211 nobis
610 4172 762 4211 usum
812 4156 1063 4211 indicavit
1094 4171 1108 4208 :
1141 4156 1353 4210 Duabus
1396 4157 1536 4211 enim
1563 4198 1577 4221 ,
1612 4158 1815 4225 inquit,

239 4248 531 4318 aperiebant
551 4248 733 4306 faciam
769 4264 945 4315 mam;
972 4247 1192 4313 merito,
1218 4255 1482 4316 tamquam
1509 4246 1693 4301 oculos
1717 4246 1817 4300 du-

243 4340 367 4403 plici
399 4337 627 4407 quodam
659 4348 810 4407 septo
833 4338 1135 4393 munientes
1157 4378 1171 4403 ,
1218 4336 1358 4407 quod
1390 4337 1722 4392 exsilientem
1752 4338 1818 4391 ab

248 4430 346 4484 illa
367 4429 534 4498 gloria
564 4428 822 4498 fulgorem
851 4429 1069 4482 minime
1097 4427 1314 4482 ferrent.
1345 4427 1409 4481 Et
1434 4428 1630 4483 duabus
1667 4430 1815 4498 pedes

239 4523 537 4592 obtegebant
559 4561 573 4584 ,
604 4522 674 4577 ob
698 4520 938 4576 eamdem
970 4522 1105 4576 forte
1130 4521 1635 4575 consternationem.
1665 4520 1817 4575 Sole-

239 4629 359 4667 mus
389 4614 587 4683 quippe
606 4628 705 4667 nos
729 4614 1037 4675 etiam,cum
1055 4620 1248 4679 stupor
1264 4612 1459 4680 aliquis
1478 4627 1575 4667 nos
1607 4614 1817 4668 invase-

239 4704 343 4765 rit,
377 4717 574 4770 corpus
612 4703 756 4756 omni
784 4717 849 4757 ex
897 4711 1045 4771 parte
1087 4711 1396 4771 contegere.
1450 4703 1583 4769 Quid
1625 4720 1816 4771 corpus

238 4792 392 4855 dico,
422 4805 545 4845 cum
574 4802 629 4845 et
656 4790 755 4859 ipsi
779 4792 972 4844 animm
1001 4791 1103 4846 boc
1130 4794 1409 4861 contingat
1450 4794 1502 4846 in
1530 4796 1819 4862 apparitio-

240 4884 398 4938 nibus
429 4898 547 4951 quza
573 4881 786 4937 modum
810 4882 1105 4946 excedunt,
1136 4894 1188 4938 et
1236 4887 1492 4953 repressis
1520 4886 1818 4941 actionibus

243 4976 352 5029 suis
379 4973 446 5028 ad
482 4972 727 5026 inferiora
764 4970 1068 5042 confugiat,
1096 4990 1260 5045 seque
1297 4990 1521 5045 corpore
1548 4985 1816 5046 tamquam

242 5066 405 5134 pallio
433 5061 659 5132 quodam
680 5062 963 5117 obvolvalf
986 5062 1362 5119 Verumtamen
1385 5082 1539 5119 nemo
1566 5081 1685 5121 cum
1710 5077 1820 5121 stu-

247 5170 433 5225 porem
456 5163 511 5208 et
529 5155 1008 5208 consternationem
1036 5155 1202 5220 audit,
1232 5157 1435 5211 tristem
1460 5158 1689 5227 aliquem
1715 5158 1821 5213 illis

246 5247 551 5318 ingenerari
593 5247 831 5301 timorem
868 5246 1199 5303 arbitretur:
1228 5248 1491 5317 siquidem
1538 5250 1661 5305 hunc
1686 5266 1818 5305 con-

246 5340 564 5395 sternationi
596 5339 850 5393 immensa
888 5338 1132 5410 quaedam
1162 5341 1404 5410 voluptas
1434 5352 1513 5395 est
1553 5343 1813 5397 admixta.

248 5432 463 5488 Duabus
490 5442 659 5487 autem
685 5431 934 5486 volabant.
966 5432 1030 5487 Et
1055 5432 1156 5487 hoc
1182 5432 1433 5488 indicium
1463 5445 1544 5490 est
1572 5450 1663 5490 eos
1691 5438 1818 5490 sub-

242 5526 391 5580 limia
416 5539 631 5596 semper
656 5537 923 5596 appetere,
948 5539 1046 5580 nec
1070 5540 1317 5595 umquam
1361 5526 1610 5583 deorsum
1646 5530 1815 5597 respi-

245 5632 388 5673 cere.
419 5616 487 5671 Et
515 5616 763 5671 clamabat
785 5616 913 5671 alter
938 5616 1006 5671 ad
1034 5616 1247 5671 alterunt
1272 5660 1285 5684 ,
1318 5620 1554 5687 Sanctus,
1587 5632 1809 5687 sanctus,

308 5756 327 5786 ι
362 5753 458 5823 alii
485 5754 558 5803 sic
596 5752 917 5823 habentjs...
938 5752 1023 5823 ἱμα
1051 5760 1242 5815 natura,
1282 5756 1367 5807 sed
1392 5763 1440 5807 ut
1462 5765 1620 5809 notum
1640 5760 1819 5823 faceret

248 5814 495 5879 propheta!
518 5814 645 5879 quod
665 5814 728 5865 ab
749 5813 1009 5876 altissimis,
1033 5824 1127 5866 etc.

1204 390 1274 448 IN
1310 390 1533 457 ILLUD,
1573 388 1712 444 VIDI
1750 382 2072 453 DOMINUM,
2113 385 2343 441 HOMIL.
2388 384 2475 441 VI.

3414 396 3527 453 138

1943 510 2143 555 sanctus
2177 499 2347 573 (lsai.
2380 500 2438 556 6.
2475 499 2569 572 3).
2600 498 2667 555 Et
2698 498 2811 571 ipse
2836 498 3038 556 clamor
3063 511 3246 554 rursus
3283 497 3516 554 admira~

1944 592 2099 646 tionis
2125 591 2378 647 iudicium
2419 592 2571 649 nobis
2597 601 2680 647 est
2707 589 3039 648 maximum:
3069 605 3176 647 non
3214 589 3353 647 enim
3381 605 3517 661 quo.

1940 685 2021 739 vis
2047 684 2207 740 modo
2238 686 2525 741 concinunt
2554 686 2808 757 hymnum
2834 726 2849 750 ,
2886 684 2981 742 sed
3005 699 3125 740 cum
3153 684 3391 740 clamore
3418 699 3511 738 vti-

1941 775 2070 840 lido;
2113 790 2287 845 neque
2312 791 2433 830 eum
2462 776 2699 831 clamore
2725 775 3070 845 simpliciter,
3103 774 3199 831 sed
3224 783 3280 831 et
3307 789 3522 847 semper

1939 866 2041 922 hoc
2066 867 2325 923 factitant.
2354 866 2486 922 Nam
2514 866 2795 939 splendida
2819 867 3029 936 quidem
3055 882 3303 937 corpora,
3330 882 3517 938 quam-

1939 962 2018 1015 vis
2060 975 2221 1030 supra
2265 960 2479 1015 modum
2505 961 2612 1016 sint
2638 959 2909 1029 splendida
2931 1002 2945 1026 ,
2976 970 3085 1015 tum
3112 962 3282 1017 solum
3313 976 3411 1017 nos
3450 962 3517 1016 ad

1938 1051 2341 1107 admirationem
2370 1052 2545 1106 solent
2571 1050 2870 1119 traducere,
2892 1066 3011 1106 cum
3036 1067 3097 1107 ea
3125 1052 3357 1122 primum
3384 1067 3519 1107 oeu-

1939 1143 2003 1198 lis
2032 1144 2464 1212 usurpaverimus
2492 1158 2505 1194 :
2539 1157 2659 1196 eum
2701 1157 2830 1196 vero
2856 1141 3123 1196 multoties
3151 1143 3519 1211 contemplan—

1935 1234 2020 1288 dis
2050 1234 2153 1287 illis
2189 1233 2457 1287 immorati
2491 1232 2745 1287 fuerimus
2767 1274 2781 1296 ,
2814 1232 3098 1285 admiratio
3128 1231 3514 1286 consuetudine

1938 1323 2156 1387 tollitur,
2183 1324 2267 1377 ubi
2298 1338 2357 1377 se
2388 1324 2693 1392 spectandis
2721 1323 2819 1376 illis
2840 1322 3150 1391 corporibus
3194 1323 3331 1377 oeuli
3356 1322 3513 1378 deiu-

1934 1430 2060 1485 eeps
2104 1415 2461 1470 exercuerint.
2496 1414 2785 1485 Propterea
2823 1428 2945 1469 cum
2988 1414 3185 1484 regiam
3219 1415 3512 1485 imaginem

1934 1522 2123 1561 recens
2154 1507 2377 1575 positam
2410 1506 2683 1576 multoque
2709 1507 2946 1561 colorum
2976 1505 3260 1575 splendore
3306 1507 3515 1578 fulgen-

1936 1609 2040 1653 tem
2071 1600 2342 1653 intuemur
2363 1638 2378 1663 ,
2409 1597 2836 1665 obstupescimus
2865 1615 2879 1651 :
2910 1605 3029 1665 post
3059 1612 3221 1651 unum
3251 1607 3428 1653 autem
3455 1608 3514 1653 et

1931 1692 2158 1747 alterum
2183 1690 2323 1745 diem
2351 1704 2459 1744 non
2484 1688 2595 1760 jam
2624 1688 2851 1759 amplius
2881 1688 3231 1744 admiramur.
3279 1690 3345 1745 Et
3380 1690 3509 1761 quid

1932 1783 2052 1837 dico
2076 1782 2277 1852 regiam
2298 1781 2607 1851 imaginem,
2634 1795 2755 1835 cum
2781 1780 2831 1834 in
2852 1790 3072 1849 aspectu
3093 1780 3360 1834 radiorum
3382 1781 3512 1835 solis

1933 1875 2034 1930 hoc
2058 1875 2231 1945 ipsum
2259 1875 2411 1930 nobis
2438 1874 2661 1937 accidat.
2685 1874 2875 1943 quibus
2899 1873 3098 1927 nullum
3117 1887 3309 1942 corpus
3331 1872 3511 1941 splen-

1928 1964 2105 2019 didius
2134 1966 2359 2019 inveniri
2388 1964 2607 2035 potest?
2637 1964 2723 2020 Sic
2752 1965 2989 2019 omnium
3019 1978 3304 2034 corporum
3333 1966 3510 2020 admi-

1930 2057 2187 2110 rationem
2223 2056 2358 2109 tollit
2379 2054 2709 2110 consuetudo
2741 2072 2755 2109 :
2786 2053 2881 2109 sed
2914 2054 2965 2108 in
2992 2053 3085 2109 Dei
3109 2054 3277 2125 gloria
3306 2070 3409 2110 non
3438 2057 3509 2111 ita

1930 2147 2015 2211 fit,
2049 2156 2105 2201 at
2132 2146 2289 2218 plane
2313 2146 2663 2201 contrarium.
2709 2138 2924 2207 Quanto
2993 2145 3136 2201 enim
3166 2146 3335 2218 magis
3364 2147 3510 2203 illius

1928 2243 2110 2310 gloria:
2162 2241 2603 2311 contemplationi
2666 2241 2892 2297 virtutes
2956 2242 3311 2299 immorantur
3355 2242 3506 2309 istm.

1931 2340 2075 2385 tanto
2097 2332 2263 2402 magis
2292 2333 2699 2402 obstupescunt,
2731 2341 2785 2387 et
2805 2332 3219 2388 admirationem
3244 2348 3395 2389 suam
3426 2336 3508 2388 in-

1930 2425 2152 2478 tendunt
2183 2441 2196 2477 :
2223 2440 2380 2494 quam
2408 2425 2480 2479 ob
2508 2439 2725 2480 causam
2751 2466 2767 2492 ,
2792 2440 2859 2481 ex
2886 2440 2992 2496 quo
3031 2440 3153 2481 esse
3196 2438 3471 2496 cmperunt
3490 2469 3504 2485 .

1925 2513 1991 2567 ad
2024 2514 2163 2568 hunc
2212 2530 2382 2583 usque
2416 2514 2557 2569 diem
2605 2515 2826 2585 gloriam
2877 2516 3018 2570 illam
3056 2515 3354 2583 intuentes,
3381 2532 3506 2572 cum

1924 2612 2143 2674 stupore
2192 2604 2424 2659 clamare
2474 2620 2577 2659 non
2623 2604 2990 2661 eessant:sed
3034 2605 3176 2677 quod
3216 2607 3268 2662 in
3310 2608 3507 2678 exiguo

1927 2697 2180 2768 temporis
2210 2698 2382 2767 spatio
2406 2697 2559 2753 nobis
2580 2699 2870 2769 contingit,
2897 2698 3021 2754 dum
3049 2698 3221 2771 fulgor
3246 2700 3298 2754 in
3322 2701 3508 2756 oculos
3586 2749 3593 2754 .

1926 2787 2095 2843 fertur
2123 2798 2338 2843 nostros
2358 2829 2373 2851 ,
2406 2788 2512 2845 hoc
2546 2791 2645 2845 illae
2679 2799 2938 2860 perpetuo
2967 2790 3257 2861 patiuntur,
3282 2801 3335 2846 et
3372 2806 3505 2847 con-

1927 2882 2070 2936 tinua
2097 2881 2451 2937 admiratione
2473 2898 2593 2936 cum
2622 2883 2893 2950 voluptate
2922 2883 3149 2953 quadam
3174 2883 3501 2939 afficiuntur.

1923 2972 2108 3042 Neque
2135 2988 2261 3027 vero
2286 2973 2457 3027 solum
2481 2974 2733 3037 clamant,
2763 2973 2855 3028 sed
2885 2975 2952 3028 ad
2984 2973 3211 3029 invicem
3239 2974 3290 3027 id
3315 2983 3497 3044 agunt.

1923 3063 2063 3131 quod
2092 3064 2315 3116 intonsa:
2340 3063 2614 3132 cujusdam
2655 3062 3023 3117 admirationis
3055 3073 3137 3118 est
3164 3064 3392 3133 signum.
3428 3062 3501 3117 Ita

1924 3168 2021 3207 nos
2049 3168 2260 3223 quoque
2283 3193 2299 3219 ,
2326 3152 2453 3207 dum
2498 3153 2729 3221 erumpit
2760 3154 2957 3207 tonitru
2988 3168 3107 3207 cum
3140 3152 3348 3223 fragore
3371 3195 3385 3216 ,
3414 3154 3503 3209 vel

1924 3254 2062 3299 terra
2106 3252 2350 3299 movetur
2370 3284 2385 3310 ,
2435 3260 2539 3299 non
2568 3244 2730 3298 modo
2756 3243 3024 3299 resilimus
3048 3284 3065 3310 ,
3103 3254 3156 3299 et
3176 3244 3501 3307 clamamus.
3572 3302 3575 3303 ν

1927 3335 2021 3389 sed
2050 3336 2116 3390 ad
2141 3336 2367 3390 invicem
2401 3336 2452 3389 in
2476 3334 2679 3389 (edibus
2702 3334 2901 3389 nostris
2926 3333 3281 3406 confugimus.
3315 3336 3426 3391 Hoc
3451 3345 3505 3391 et

1924 3428 2202 3499 Seraphim
2225 3436 2387 3498 agunt
2415 3444 2428 3482 :
2459 3427 2684 3497 ideoque
2704 3427 2839 3483 alter
2864 3426 2931 3481 ad
2953 3426 3177 3483 alterum
3204 3427 3501 3492 clamabat,

1928 3519 2172 3583 Sanctus,
2216 3528 2451 3583 sanctus,
2480 3529 2705 3572 sanctus.

2000 3612 2053 3663 3.
2099 3610 2361 3681 Numquid
2386 3609 2522 3665 hanc
2549 3624 2736 3665 vocem
2757 3608 3089 3680 agnovistis‘t
3128 3610 3383 3680 numquid
3406 3624 3504 3665 no-

1924 3715 2031 3758 stra
2065 3714 2165 3768 est,
2193 3720 2259 3758 an
2295 3720 2421 3759 vero
2450 3703 2773 3773 Seraphim?
2800 3705 2865 3758 Et
2911 3714 3092 3758 nostra
3123 3713 3176 3759 et
3200 3703 3497 3773 Seraphim,

1924 3794 2179 3850 beneficio
2204 3794 2420 3860 Chn‘sti,
2449 3796 2537 3865 qni
2565 3795 2796 3850 medium
2825 3796 3082 3865 parietem
3112 3794 3353 3849 maceria:
3376 3808 3501 3849 sus-

1926 3889 2063 3951 tulit,
2088 3898 2136 3943 et
2171 3888 2463 3958 pacificavit
2489 3887 2665 3941 omnia
2693 3902 2810 3957 quae
2840 3888 2890 3940 in
2920 3886 3065 3940 caelis
3094 3894 3254 3950 sunt,
3286 3894 3341 3940 et
3381 3900 3502 3955 qua

1926 3980 1976 4033 in
2005 3981 2177 4042 terris,
2210 3989 2261 4032 et
2291 3980 2404 4047 ejus
2447 3979 2725 4044 beneficio,
2754 3978 2841 4047 qui
2886 3986 3109 4047 utraque
3153 3976 3277 4032 fecit
3314 3992 3502 4033 unum.

1923 4075 2052 4128 Nam
2083 4086 2235 4127 antea
2264 4074 2476 4143 quidem
2508 4074 2560 4127 in
2590 4074 2735 4128 etelis
2768 4082 2967 4127 tantum
3006 4072 3235 4144 hymnus
3276 4072 3376 4127 iste
3409 4087 3503 4127 ca-

1925 4167 2189 4221 uebatur:
2238 4174 2515 4235 postquam
2546 4174 2722 4221 autem
2754 4166 2805 4220 in
2850 4175 3045 4221 terram
3088 4165 3270 4222 venire
3313 4164 3502 4236 digna-

1926 4270 2007 4313 tus
2033 4270 2113 4313 est
2151 4260 2427 4325 Dominus,
2456 4258 2598 4314 hunc
2626 4258 2783 4315 etiam
2816 4267 3130 4323 concentum
3174 4256 3241 4311 ad
3271 4270 3369 4311 nos
3409 4256 3505 4310 dc-

1927 4352 2062 4404 tulit.
2100 4351 2386 4419 Propterea
2436 4366 2645 4419 quoque
2698 4365 2919 4419 magnus
2967 4349 3052 4403 hic
3089 4346 3332 4402 Pontifex
3378 4362 3501 4401 cum

1919 4444 2065 4514 juxta
2093 4458 2297 4497 sacram
2327 4442 2462 4496 hanc
2487 4457 2724 4495 mensam
2751 4440 3069 4504 constiterit,
3093 4446 3151 4493 ut
3188 4438 3503 4495 rationalem

1925 4535 2123 4589 cultum
2156 4534 2425 4595 exhibeat,
2457 4542 2510 4586 et
2550 4532 2864 4585 sacriﬁcium
2912 4529 3101 4585 oderat
3140 4530 3501 4596 incruentum,

1925 4641 2031 4678 non
2061 4624 2371 4692 simpliciter
2410 4636 2507 4675 nos
2532 4620 2594 4675 ad
2626 4620 2761 4675 hanc
2813 4622 3035 4675 faustam
3064 4620 3504 4677 acclamationem

1924 4716 2129 4777 invitat,
2161 4713 2252 4767 sed
2284 4714 2369 4767 ubi
2411 4713 2557 4781 prius
2598 4711 2883 4767 Cherubim
2912 4712 3225 4780 nominavit,
3256 4722 3311 4769 et
3347 4712 3505 4769 Sera-

1926 4806 2067 4873 phim
2100 4806 2419 4859 mentionem
2464 4804 2604 4867 fecit,
2636 4814 2745 4859 tum
2774 4804 2985 4859 demum
3006 4805 3071 4858 ad
3103 4806 3239 4861 hanc
3266 4814 3504 4860 tremen-

1923 4895 2043 4949 dam
2091 4910 2273 4949 vocem
2329 4895 2640 4950 mittendam
2694 4911 2879 4950 omnes
2926 4896 3252 4962 adhortatur,
3278 4908 3332 4950 et
3373 4897 3503 4951 dum

1925 5004 2107 5041 eorum
2155 5003 2252 5042 nos
2299 4987 2570 5052 admonet,
2603 4988 2690 5057 qui
2741 4989 3015 5042 nobiscum
3060 4988 3253 5041 choros
3280 4987 3500 5056 agitant,

1926 5088 2157 5133 mentem
2188 5088 2421 5133 nostram
2473 5094 2503 5133 a
2562 5088 2698 5133 terra
2746 5078 3025 5143 subducit,
3077 5093 3503 5150 unumquemque

1927 5180 2167 5225 nostrum
2196 5170 2278 5224 liis
2308 5168 2687 5241 pr0pemodum
2733 5170 2907 5223 verbis
2934 5170 3207 5224 excitans:
3240 5168 3356 5227 Una
3381 5185 3502 5225 cum

1927 5264 2205 5335 Seraphim
2257 5267 2421 5327 canis,
2453 5280 2552 5317 una
2607 5279 2725 5316 cum
2777 5262 3053 5331 Seraphim
3085 5274 3196 5329 sta,
3228 5279 3348 5318 cum
3401 5263 3504 5319 illis

1926 5358 2039 5411 alas
2066 5357 2313 5419 extende,
2340 5371 2457 5409 eum
2481 5356 2583 5409 illis
2603 5354 2807 5424 regium
2838 5354 3027 5408 solium
3047 5356 3392 5409 circumvola.

1996 5449 2171 5501 Altare
2207 5447 2399 5501 cteleste
2440 5448 2607 5517 ﬁgura
2647 5448 2823 5502 altaris
2870 5448 3125 5501 Ecclesia.
3169 5446 3271 5501 Cur
3302 5447 3510 5517 jejunio

1926 5550 2043 5593 ante
2076 5539 2491 5592 communionem.
2521 5569 2592 5579 —
2616 5539 2753 5608 Quid
2784 5557 2909 5595 vero
2941 5541 3153 5605 mirum,
3184 5542 3225 5593 si
3255 5555 3372 5593 cum
3403 5539 3503 5591 Se-

1927 5631 2136 5701 raphim
2169 5632 2403 5696 steteris,
2431 5646 2550 5685 cum
2590 5647 2651 5687 ea
2678 5650 2795 5703 quze
2840 5635 3115 5703 Seraphim
3163 5650 3263 5685 non
3305 5632 3507 5687 audent

1926 5724 2257 5794 contingere,
2291 5724 2385 5778 tibi
2435 5724 2574 5779 Deus
2622 5724 2785 5780 libere
2816 5725 3084 5780 tractanda
3136 5725 3505 5778 concesserit?

1933 5814 2115 5869 Missus
2150 5824 2220 5870 est
2246 5814 2375 5870 enim
2418 5816 2485 5869 ad
2524 5832 2619 5879 me,
2664 5814 2851 5875 inquit.
2885 5832 3013 5869 unus
3040 5814 3102 5868 de
3132 5814 3422 5885 Seraphim,
3462 5820 3507 5869 α
