4064 6214
567 370 670 424 141

557 473 728 528 Στενά
771 489 858 541 μοι
893 469 1155 524 πάντοθεν
1180 487 1192 500 ·
1226 472 1362 542 πλὴν
1397 471 1509 525 ἀλλ’
1542 472 1836 539 ἀναγκαῖον
1872 468 2122 537 ἀνασχεῖν

558 557 656 628 τὴν
697 558 853 627 χεῖρα
889 553 1106 606 λοιπόνο
1138 553 1231 606 καὶ
1259 555 1367 624 γάρ
1401 553 1556 607 ἰκανά
1589 553 1655 605 τὸ.
1689 552 1950 622 εἰρημένα
1991 549 2124 620 πρὸς

558 639 836 710 διόρθωσιν
861 637 968 690 τῶν
987 636 1378 707 προσεχόντων.
1407 633 1557 707 [με]
1587 635 1722 686 Ἀλλ’
1741 635 1825 686 ἵνα
1854 633 1927 704 μὴ
1948 634 2124 702 μόνοις

560 723 710 792 ὑμῖν,
741 720 875 774 ἀλλά
921 721 1014 773 καὶ
1064 721 1268 789 ἑτέροις
1303 718 1370 771 δι’
1405 719 1558 787 ὑμῶν
1596 717 1818 787 γένηται
1857 717 2121 786 χρήσιμα,

559 803 692 875 φέρε
726 802 863 857 αύτά
913 802 1069 854 πάλιν
1113 799 1735 868 ἀνακεφαλαιωσώμεθα,
1766 797 2123 867 Διελέχθημεν

561 884 825 955 περὶτῶν
863 885 1158 955 Σεραφείμ,
1207 881 1481 951 ἐδείξαμεν
1528 884 1650 934 ὅσον
1695 882 1839 934 ἐστὶν
1889 881 2122 948 ἀξίωμα,

559 967 782 1038 πλησίον
798 966 1017 1019 ἑστάναι
1041 965 1132 1018 τοῦ
1159 965 1341 1035 θρόνου
1377 962 1469 1015 τοῦ
1495 961 1788 1032 βασιλικοῦ,
1815 963 1906 1015 καὶ
1927 964 2006 1016 ὅτι
2032 963 2125 1015 καὶ

560 1049 864 1118 ἀνθρώποις
879 1049 940 1102 τὸ
959 1049 1172 1117 ἀξίωμα
1202 1046 1358 1098 τοῦτο
1391 1046 1680 1115 κεκτῆσθαι
1703 1045 1940 1100 δυνατόν.
1961 1045 2125 1099 Εἴπο-

564 1148 662 1201 μεν
684 1132 809 1203 περὶ
829 1131 936 1184 τῶν
968 1130 1265 1200 πτερύγων,
1292 1130 1383 1182 καί
1403 1129 1502 1199 τῆς
1525 1129 1821 1199 ἀπροσίτου
1848 1129 2123 1198 δυνάμεως

561 1215 653 1267 τοῦ
692 1213 846 1276 Θεοῦ,
872 1213 963 1266 καὶ
1003 1214 1129 1283 περὶ
1168 1213 1264 1281 τῆς
1301 1212 1435 1281 πρὸς
1478 1212 1624 1281 ἡμᾶς
1655 1209 1817 1264 αὑτοῦ
1856 1228 2126 1279 συγκατα-

564 1297 771 1359 δάσεως
825 1295 1148 1364 γενομένηςο
1202 1293 1617 1362 προσεθήκαμεν
1662 1292 1758 1363 τὴν
1805 1293 1981 1347 αἰτίαν
2025 1293 2124 1362 τῆς

561 1379 805 1451 κραυγῆς
852 1377 942 1430 καὶ
985 1377 1076 1429 τοῦ
1117 1374 1396 1446 διηνεκοῦς
1434 1374 1724 1443 θαύματος,
1769 1375 1861 1428 καὶ
1904 1375 2021 1440 πῶς
2067 1375 2124 1426 ὲν

561 1459 956 1529 ἀκαταπαύστῳ
981 1457 1180 1528 θεωρίᾳ
1205 1457 1621 1520 ἀκατάπαυστος
1648 1458 1740 1510 καὶ
1777 1458 1811 1524 ὴ
1850 1456 2126 1524 δοξολογία

561 1545 669 1598 τῶν
693 1544 994 1615 Σεραφείμ·
1023 1543 1401 1613 ἀνεμνήσαμεν
1433 1540 1577 1608 ὑμᾶς
1600 1541 1678 1604 εἰς
1710 1543 1857 1593 ποῖον
1889 1539 2127 1594 ὲτελέσα-

566 1644 664 1697 μεν
691 1628 867 1697 χορὸν,
911 1627 1004 1678 καὶ
1045 1623 1181 1694 μετὰ
1218 1621 1376 1675 τίνων
1413 1623 1504 1676 τὸν
1540 1622 1712 1676 κοινὸν
1741 1622 2124 1692 ἀνυμνήσαμεν

563 1709 867 1778 Δεσπότην’
906 1708 1031 1769 τοὺς
1067 1707 1192 1776 περὶ
1247 1706 1528 1774 μετανοίας
1574 1706 1986 1776 προσεθήκαμεν
2031 1705 2120 1757 λό-

562 1809 690 1861 γους
711 1809 725 1825 ’
753 1792 845 1844 καὶ
882 1789 1054 1853 τέλος,
1089 1790 1208 1842 ὅσον
1234 1789 1349 1840 ἐστὶ
1377 1787 1540 1840 κακὸν
1566 1789 1843 1858 προσιέναι
1874 1791 1985 1851 τοῖς
2020 1807 2120 1859 μυ-

1254 357 1309 412 S.
1346 353 1629 411 JOANNIS
1666 351 2148 409 CHRYSOSTOMI
2188 353 2508 409 ARCHIEP.
2550 351 3098 411 CONSTANTINOP.

2224 467 2342 531 πῶς
2383 468 2481 521 οὐκ
2516 468 2628 522 ἔστι
2665 468 2944 536 διαφυγεῖν
2989 467 3080 520 τὸν
3127 465 3450 536 ἀδιόρθωτον
3490 467 3716 538 μένοντα
3737 485 3787 524 ι.

2225 549 2408 602 Ταῦτα
2450 551 2543 603 καὶ
2587 551 2724 620 γυνὴ
2770 549 2921 620 παρά
2953 549 3141 620 ἀνδρὸς
3168 548 3500 618 μανθανέτω,
3533 553 3625 603 καὶ
3663 555 3790 618 παῖς

2224 632 2373 702 παρὰ
2395 632 2617 702 πατρὸς,
2645 632 2738 684 καὶ
2759 631 2974 702 οἰκέτης
2992 630 3141 700 παρά
3159 629 3439 697 δεσπότου,
3468 633 3560 684 καὶ
3597 633 3790 700 γείτων

2224 714 2374 783 παρὰ
2416 713 2664 781 γείτονος,
2690 713 2781 766 καὶ
2819 712 2969 780 φίλος
3010 711 3160 782 παρά
3205 711 3377 781 φίλου,
3408 714 3603 782 μᾶλλον
3623 717 3679 769 δὲ
3701 716 3792 770 καὶ

2225 797 2359 866 πρὸς
2395 797 2520 858 τοὺς
2560 795 2783 866 ἐχθροὺς
2822 795 2995 848 ταῦτα
3027 793 3430 864 διαλεγώμεθα⁹
3457 797 3672 868 καὶγὰρ
3698 799 3792 851 καί⁵

2222 878 2320 946 τῆς
2343 878 2563 930 ἐκείνων
2585 876 2854 945 σωτηρίας
2879 878 3036 946 ἡμεῖς
3059 877 3224 946 ἐσμεν
3246 877 3550 931 ὑπεύθυνοι.
3582 879 3644 932 Εί
3684 881 3792 951 γὰρ

2224 961 2317 1012 καί⁵
2339 959 2408 1011 τά
2428 959 2695 1028 ὑποζύγια
2731 959 2908 1016 αὐτῶν
2944 958 3264 1012 πεπτωκότα
3303 959 3675 1031 διαναστῆσαι,
3700 962 3793 1014 καὶ

2223 1042 2614 1112 πεπλανημένα
2645 1043 2902 1098 διασῶσαι
2927 1044 3021 1095 καὶ
3042 1045 3400 1111 ἐπαναγαγεῖν
3440 1043 3791 1114 κελευόμεθα,

2224 1127 2403 1197 πολλῷ
2439 1126 2636 1196 μᾶλλον
2661 1129 2756 1198 τὴν
2785 1128 2958 1198 ψυχὴν
2997 1125 3176 1180 αὐτῶν
3208 1127 3562 1196 πλανωμένην
3593 1131 3794 1180 ὲπαναη

2224 1215 2412 1280 γαγεῖν
2445 1211 2569 1282 χρὴ,
2603 1213 2695 1265 καὶ
2723 1215 3070 1264 πεπτωκυῖαν
3101 1211 3500 1280 διανιστᾷν.“Δν
3541 1209 3682 1262 οὕτω
3725 1211 3793 1263 τὰ

2225 1296 2345 1349 καθ’
2375 1295 2596 1358 ἑαυτοὺς
2627 1297 2720 1348 καὶ
2743 1295 2811 1348 τὰ
2831 1294 2970 1347 κατὰ
2995 1293 3121 1356 τοὺς
3152 1293 3378 1362 πλησίον
3399 1293 3792 1364 οἰκονομῶμεν,

2223 1378 2564 1449 δυνησόμεθα
2591 1378 2726 1446 μετά
2758 1377 3068 1450 παρρησίας
3111 1379 3299 1447 στῆναι
3347 1375 3652 1446 ἔμπροσθεν
3699 1376 3795 1429 τοῦ

2228 1463 2466 1532 βήματος
2495 1460 2587 1514 τοῦ
2633 1459 2888 1531 Χριστοῦ,
2922 1460 3037 1529 μεθ’
3066 1453 3126 1512 οῦ
3150 1459 3226 1527 τῷ
3254 1457 3427 1528 Πατρί
3459 1458 3604 1521 δόξα,
3637 1459 3791 1528 τιμὴ.

2225 1545 2442 1616 κράτος,
2472 1545 2566 1596 σὺν
2594 1543 2671 1613 τῷ
2703 1544 2962 1616 ἀγίῳλκαὶ
2986 1541 3234 1611 ζωοποιῷ
3267 1539 3563 1611 Πνεύματι,
3589 1541 3679 1594 νῦν
3701 1543 3796 1594 καὶ

2226 1612 2334 1694 ἀεὶ,
2370 1628 2462 1681 καὶ
2491 1629 2567 1691 εἰς
2598 1612 2721 1690 τοὺς
2749 1612 2949 1689 αἰῶνας
2974 1626 3082 1677 τῶν
3115 1624 3339 1677 αἰώνων.
3358 1625 3414 1675 Ἀ
3427 1625 3550 1692 μήν.

2286 1816 2311 1845 ⁸
2349 1814 2458 1864 Duo
2476 1825 2588 1862 mss.
2612 1811 2846 1872 διαφυγεῖν
2867 1811 3026 1872 τὸντὰ
3043 1805 3240 1856 τοιαῦτα
3258 1806 3576 1867 τολμήσαντα.
3603 1802 3796 1854 Utrovl!

565 1871 806 1945 στηρίοις
837 1871 974 1944 μετά
1011 1869 1241 1942 πονηροῦ
1272 1868 1584 1938 συνειδότος,
1620 1870 1998 1940 ἀπεδείξαμεν,
2024 1872 2118 1924 καὶ

2235 1877 2363 1928 nodo
2382 1875 2588 1938 legeris,
2612 1868 2785 1922 eodem
2807 1871 2983 1921 recidit
3005 1873 3177 1919 oratio.

568 2061 3773 2114 ΜΨ

1981 2425 2360 2488 ΜΟΝΙΤΗΜ

638 2677 716 2735 Ad
748 2679 889 2733 hanc
918 2677 1191 2733 bomiliam
1224 2678 1339 2732 hac
1374 2685 1525 2731 notat
1550 2673 1780 2729 Sat-ilius
1816 2692 1828 2726 :
1869 2693 1886 2724 ι
1916 2672 2066 2726 Hanc
2093 2669 2392 2724 orationem
2423 2683 2552 2724 sane
2580 2679 2840 2738 perquam
2883 2663 3186 2734 elegantem
3211 2667 3267 2714 et
3289 2655 3516 2727 γνησίαν
3537 2654 3800 2709 debemus

568 2816 914 2873 Bibliotheca
936 2813 1283 2868 Serenissimi
1314 2813 1549 2868 Bavarim
1579 2811 1742 2867 Ducis
1781 2833 1792 2866 :
1825 2826 1933 2881 quo
1964 2809 2255 2864 dolendum
2284 2807 2454 2877 magis
2475 2805 2692 2858 unicum
2719 2801 2877 2858 nobis
2901 2801 3021 2871 ejus
3049 2797 3308 2868 obtigisse
3339 2792 3634 2863 exemplar,
3655 2791 3803 2862 quod

571 2970 751 3015 tamen
787 2955 891 3011 tale
924 2952 1044 3019 fuit,
1093 2961 1153 3008 ut
1190 2966 1360 3022 pauca
1388 2949 1678 3005 admodum
1723 2947 1999 3019 supersint
2038 2945 2396 3010 emendanda,
2431 2951 2626 3013 praater
2658 2955 2819 2996 unam
2858 2946 2952 2992 aut
2981 2938 3204 2992 alteram
3239 2932 3563 2989 lacunulam.
3605 2949 3623 2981 ι
3659 2927 3800 2981 Loca

567 3109 695 3151 vero
727 3093 838 3160 illa,
872 3107 991 3162 quae
1018 3092 1208 3146 vitium
1244 3089 1628 3161 przeferebant,
1650 3098 1944 3157 utcumque
1967 3085 2356 3156 supplevimus,
2385 3091 2446 3137 ut
2465 3081 2520 3135 in
2541 3079 2683 3135 notis
2705 3078 2939 3133 videbis.

1247 3697 1394 3771 [ηε]
1467 3707 1636 3790 ΕΙΣ
1707 3710 1936 3790 ΤΗΝ
2007 3707 2742 3797 ΠΡΟΦΗΤΙΚΗΝ
2811 3713 3126 3799 ΡΗΣΙΝ

652 3890 1092 3964 πινλέγηουσαν
1109 3908 1121 3922 ·
1158 3913 1178 3944 ι
1199 3894 1336 3965 Ἐγὼ
1355 3897 1566 3964 Κύριος
1593 3897 1624 3947 ό
1653 3896 1796 3959 Θεὸς
1818 3896 2076 3963 ἐποίησα
2112 3891 2236 3962 φῶς
2259 3895 2354 3948 καὶ
2386 3897 2621 3959 σκότος,
2652 3897 2838 3950 ποιῶν
2856 3895 3118 3964 εἰρήνην,
3147 3898 3245 3951 καί
3272 3895 3476 3958 κτίζων
3503 3899 3674 3952 κακά.
3705 3911 3727 3948 ι

649 4226 720 4273 αθ,
756 4215 933 4282 Ὀλίγα
966 4214 1062 4284 μὲν
1091 4214 1160 4266 τά
1185 4217 1464 4285 εἰρημένα,
1495 4220 1717 4286 γλυκεῖα
1740 4221 1796 4272 δὲ
1817 4222 1908 4274 τοῦ
1933 4223 2142 4291 μέλιτος

580 4304 614 4373 ἠ
643 4300 811 4370 πηγὴ,
845 4297 1051 4369 μέλιτος
1080 4296 1236 4366 κόρον
1258 4299 1354 4350 οὐκ
1377 4299 1607 4368 ἔχοντος.
1645 4301 1812 4354 Τοῦτο
1842 4304 1938 4368 μὲν
1958 4306 2064 4375 γὰρ
2083 4307 2143 4357 τὸ

582 4383 835 4453 αἰσθητὸν
883 4380 1001 4450 μέλι
1039 4383 1094 4433 ὲν
1141 4385 1205 4451 τῇ
1258 4381 1467 4452 γλώττῃ
1513 4384 1764 4436 καταλύει
1794 4386 1892 4455 τὴν
1926 4387 2139 4456 ἡδονὴν,

585 4465 680 4519 καὶ
706 4466 784 4527 είς
824 4465 1025 4533 φθορὰν
1069 4467 1259 4534 χωρεῖ·
1303 4465 1364 4516 τὸ
1402 4467 1457 4517 δὲ
1501 4467 1598 4535 τῆς
1638 4467 1979 4530 διδασκαλίας
2020 4470 2141 4538 μέλι

586 4546 896 4614 ὲγκεύθεται
945 4545 1020 4615 τῷ
1076 4547 1350 4609 συνειδότι,
1409 4547 1627 4618 διηνεκῆ
1666 4549 1763 4618 τὴν
1810 4551 2142 4621 εὐφροσύνην

586 4628 887 4698 παρασχὸν,
934 4629 1027 4680 καὶ
1060 4629 1192 4697 πρὸς
1243 4630 1546 4700 ἀφθαρσίαν
1576 4633 1723 4700 ἡμᾶς
1752 4633 2136 4702 χειραγωγοῦν.

585 4711 692 4764 Καὶ
728 4711 787 4762 τὸ
827 4710 922 4779 μὲν
960 4711 1065 4762 ἀπὸ
1107 4710 1340 4778 βοτανῶν
1378 4713 1698 4775 συντίθεται,
1729 4715 1790 4768 τὸ
1814 4715 1867 4766 δὲ
1903 4716 2010 4768 ἀπὸ
2037 4716 2142 4768 τῶν

587 4793 742 4846 θείων
777 4791 1002 4862 Γραφῶν
1043 4793 1342 4860 ὑφαίνεται.
1394 4794 1562 4847 Τοῦτο
1607 4798 1840 4866 σήμερον
1875 4799 2014 4866 ὑμᾶς
2061 4802 2144 4851 ὲνο

587 4876 816 4945 ἐπλησεν
847 4876 874 4927 ὁ
908 4873 1084 4936 καλῶς
1111 4874 1367 4945 εἰρηκὼς,
1398 4877 1490 4928 καί
1519 4878 1615 4946 τῆς
1644 4880 1890 4948 ὑπακοῆς
1925 4881 1984 4932 τὸ
2016 4882 2145 4952 βρα-

587 4957 728 5010 ϐεῖον
765 4957 998 5027 ἥρπασε,
1034 4957 1127 5008 καί⁵
1169 4956 1266 5025 τῆς
1309 4957 1526 5027 ἀγάπης
1579 4959 1676 5028 τὴν
1713 4962 1862 5029 ἰσχὺν
1903 4964 2143 5029 ὑπέδειξε

588 5039 801 5107 καὶτῆς
829 5039 1058 5098 πίστεως
1099 5039 1194 5108 τὴν
1240 5039 1531 5106 εὐγένειαν.
1583 5040 1718 5110 Φέρε
1770 5042 1832 5111 δὴ
1864 5045 1957 5095 καὶ
1987 5047 2143 5114 ἡμεῖς

587 5121 682 5190 τὴν
715 5122 963 5173 εἰωθυῖαν
996 5120 1152 5172 πάλιν
1186 5122 1311 5190 ὑμῖν
1349 5121 1676 5192 παραθῶμεν
1701 5123 1972 5192 τράπεζαν
2007 5127 2145 5195 μετὰ

592 5201 786 5270 πολλῆς
810 5203 906 5270 τῆς
933 5204 1262 5272 προθυμίαςο
1296 5206 1387 5255 καὶ
1412 5205 1517 5272 γὰρ
1539 5205 1740 5272 σφόδρα
1764 5207 2041 5276 χαίρομεν,
2065 5211 2144 5262 ὅτι

591 5283 946 5353 ἱπποδρομίας
979 5284 1142 5354 οὔσης
1168 5285 1440 5354 λαμπρᾶς,
1472 5286 1718 5338 τοσοῦτον
1752 5288 1983 5342 ἐνταῦθα
2013 5291 2146 5360 πλῆ-

589 5365 678 5427 θος
703 5367 926 5434 ἀφῖκται
955 5367 1050 5433 τῆς
1074 5369 1188 5417 ἐκεῖ
1214 5369 1625 5436 καταφρονῆσαν
1653 5369 1947 5439 διατριϐῆς.
1975 5371 2063 5424 Διὸ
2083 5372 2144 5442 δὴ

591 5448 682 5500 καὶ
711 5447 859 5498 αὐτοὶ
907 5447 1040 5514 μετὰ
1082 5448 1280 5517 πολλῆς
1317 5453 1413 5518 τῆς
1456 5450 1728 5518 δαψιλείας
1775 5452 1864 5503 τὸν
1898 5457 2146 5525 κρατῆρα

591 5530 842 5599 ἱστῶμεν,
871 5530 1118 5600 κρατῆρα
1149 5531 1208 5582 ού
1257 5532 1426 5600 μέθην
1468 5531 1738 5595 ποιοῦντα,
1772 5534 1905 5587 ἀλλά
1932 5552 2142 5605 σωφρο-

593 5613 754 5682 σύνην
785 5611 1274 5677 κατασκευάζοντα.
1319 5615 1565 5678 Τοιοῦτος
1600 5617 1705 5686 γὰρ
1729 5618 1756 5668 ὁ
1785 5617 1889 5668 τῶν
1916 5619 2146 5687 Γραφῶν

589 5692 746 5756 οἰνος,
770 5694 986 5749 τοιαῦτα
1009 5696 1102 5763 τῆς
1130 5697 1401 5766 τραπέζης
1433 5699 1628 5768 ταύτης
1657 5700 1722 5752 τά
1742 5699 1845 5766 Wa
1866 5719 1876 5729 °
1913 5702 1972 5753 οὐ
2000 5706 2144 5754 πιαί-

2241 4243 2322 4278 νει
2351 4225 2545 4308 σάρκα.
2577 4222 2685 4308 Κοιί
2714 4221 2883 4308 ταῦτα
2909 4220 3143 4308 ,λέγομεν
3174 4221 3272 4308 οὐκ
3311 4220 3666 4308 ἀτιμάζοντες
3702 4225 3801 4294 τῆς

2243 4302 2439 4375 σαρκὸς
2467 4306 2565 4372 τὴν
2597 4303 2776 4370 φύσιν,
2801 4302 2933 4354 ἀλλά
2969 4303 3331 4372 προτιμῶντες
3375 4306 3471 4373 τῆς
3501 4304 3676 4374 ψυχῆς
3701 4307 3802 4375 τὴν

2242 4389 2538 4455 εὑγένειαψ
2570 4387 2690 4438 οὐδὲ
2733 4387 2829 4456 τὴν
2872 4386 3065 4454 χρῆσιν
3114 4387 3480 4450 ἐκϐάλλοντες,
3524 4388 3658 4440 ἀλλὰ
3700 4390 3800 4457 τὴν

2241 4470 2502 4538 ἀμετρίαν
2525 4467 2855 4529 κολάζοντες.
2882 4465 2996 4518 Κᾶν
3015 4467 3121 4536 γὰρ
3139 4469 3531 4538 φιλοσοφῶμεν,
3559 4469 3699 4521 οὕτω
3721 4470 3802 4522 δεῖ

2242 4551 2566 4618 φιλοσοφεῖν,
2597 4549 2734 4601 ὥστε
2768 4548 2840 4618 μὴ
2872 4548 3066 4600 διδόναι
3099 4551 3208 4611 τοῖς
3233 4549 3338 4601 τῶν
3365 4551 3653 4620 αἰρετικῶν
3675 4557 3798 4605 στό-

2246 4649 2375 4700 μασι
2404 4631 2589 4700 λαὸήν.
2622 4631 2730 4682 Καὶ
2755 4630 2861 4698 γὰρ
2885 4629 2943 4681 τὺ
2969 4630 3126 4698 σῶμα
3157 4631 3311 4682 τοῦτο
3339 4631 3554 4685 ἔλαττον
3582 4635 3679 4702 μὲν
3700 4636 3802 4704 τῆς

2241 4713 2437 4783 ψυχῆς,
2481 4714 2580 4764 οὐκ
2626 4711 2859 4764 ἐναντίον
2907 4711 2962 4763 δὲ
3010 4716 3074 4781 τῇ
3125 4713 3300 4782 ψυχῇ·
3341 4713 3456 4765 ἀλλ’
3510 4716 3650 4785 ἁπλῆ
3702 4718 3803 4785 μὲν

2243 4795 2399 4865 αὑτὴ,
2440 4795 2757 4848 διακονεῖται
2781 4794 2836 4845 δὲ
2866 4796 2983 4856 ταῖς
3013 4795 3323 4863 ἐπιθυμίαις
3345 4799 3464 4858 ταῖς
3495 4797 3802 4852 ἐκείνου.⁹υ

2243 4877 2624 4947 ἀριστοτέχνης
2657 4876 2784 4938 Θεὸς
2818 4877 2915 4928 οὐκ
2954 4877 3016 4928 ὲκ
3054 4878 3178 4943 μιᾶς
3223 4878 3315 4928 καὶ
3363 4877 3454 4928 δύο
3501 4880 3591 4932 καὶ
3636 4881 3804 4948 τριῶν

2243 4958 2438 5011 οὐσιῶν
2468 4959 2583 5010 τόδε
2611 4957 2670 5010 τὸ
2701 4960 2806 5009 πᾶν
2837 4960 3216 5026 συνεστήσατο,
3253 4959 3386 5011 ἀλλά
3421 4962 3664 5021 ποικίλας
3709 4964 3803 5014 καὶ

2241 5041 2524 5112 διαφόρους
2555 5041 2742 5108 φύσεις
2790 5041 3067 5110 εἰσήγαγε,
3114 5043 3209 5110 τῆς
3238 5043 3434 5103 οἰκείας
3480 5043 3664 5109 σοφίας
3707 5044 3802 5113 τὴν

2246 5124 2557 5194 περιουσίαν
2586 5126 2642 5174 ὲν
2677 5125 2741 5190 τῇ
2777 5121 3005 5191 διαφορᾷ
3036 5122 3141 5173 τῶν
3171 5123 3464 5191 γινομένων
3500 5125 3802 5176 ἐπιδεικνύ-

2249 5223 2424 5276 μενος.
2459 5207 2532 5258 υύ
2554 5204 2660 5272 γὰρ
2681 5203 2903 5273 οὐρανὸν
2929 5205 3149 5273 ἐποίησε
3175 5205 3350 5272 μόνον,
3390 5205 3522 5257 ἀλλὰ
3554 5206 3646 5258 καὶ
3675 5207 3801 5276 γῆν

2244 5290 2304 5341 οὐ
2331 5289 2434 5356 γῆν
2464 5289 2640 5356 μόνον,
2681 5287 2813 5338 ἀλλὰ
2840 5287 2932 5338 καὶ
2961 5286 3128 5355 ἥλιον·
3162 5287 3256 5354 ούχ
3281 5287 3427 5354 ἥλιον
3463 5288 3639 5356 μόνον,
3669 5289 3804 5341 ἀλλὰ

2248 5373 2340 5425 καὶ
2365 5371 2605 5440 σελήνην’
2636 5369 2695 5420 οὺ
2721 5369 2944 5438 σελήνην
2970 5370 3142 5439 μόνον,
3167 5369 3296 5420 ἀλλὰ
3315 5371 3405 5421 καὶ
3427 5371 3683 5441 ἀστέρας·
3707 5372 3806 5424 οὐκ

2246 5457 2477 5526 ἀστέρας
2506 5455 2684 5524 μόνον,
2717 5453 2850 5505 ἀλλά
2869 5455 2960 5505 καὶ
2992 5455 3146 5523 ἀέραο
3180 5454 3278 5505 οὑκ
3301 5454 3438 5524 ἀέρα
3473 5457 3648 5524 μόνον,
3673 5455 3808 5508 ἀλλὰ

2248 5541 2338 5594 καὶ
2379 5537 2618 5606 νεφέλας·
2649 5537 2708 5589 οὐ
2730 5537 2956 5606 νεφέλας
2987 5537 3161 5604 μόνον,
3191 5537 3325 5590 ἀλλά
3355 5539 3448 5590 καὶ
3476 5537 3684 5607 αίθέραθ
3708 5541 3808 5590 οὐκ

2245 5622 2435 5689 αἰθέρα
2469 5621 2643 5689 μόνον,
2669 5619 2798 5672 ἀλλά
2822 5622 2912 5671 καὶ
2936 5619 3145 5687 λίμνας,
3177 5621 3268 5670 καὶ
3298 5622 3496 5688 πηγὰς,
3517 5619 3608 5672 καὶ
3639 5636 3807 5672 ποτα-

2251 5707 2398 5776 μοὺς,
2430 5705 2521 5757 καὶ
2548 5704 2670 5774 ὅρη,
2701 5705 2794 5756 καὶ
2813 5704 3003 5766 νάπας,
3030 5704 3121 5754 καὶ
3145 5702 3381 5771 βουνοὺς,
3405 5704 3498 5757 καὶ
3517 5703 3808 5773 λειμῶνας,
