4064 6214
251 386 359 438 141

242 482 622 536 medicamenta
662 476 959 538 adhibeam,
1003 474 1214 527 vulnera
1257 485 1362 524 non
1406 468 1685 530 tollentur;
1721 466 1801 519 sin

242 572 518 627 adhibeam
549 568 755 631 acerba,
787 582 880 621 vos
907 567 1141 620 dolorem
1170 578 1273 617 non
1303 560 1591 615 sustinetis.
1623 559 1801 625 Angu-

240 663 357 716 sum
404 659 533 713 mihi
583 668 704 712 sunt
747 656 994 724 undique,
1033 652 1123 708 sed
1161 664 1336 719 operae
1380 632 1604 718 pretium
1651 644 1807 699 fuerit

243 765 455 805 manum
490 748 737 816 deinceps
779 746 1059 805 cohibere;
1104 740 1369 796 sufﬁciunt
1401 738 1543 792 enim
1573 736 1712 789 dicta
1739 734 1804 788 ad

245 854 451 902 eorum,
480 837 567 906 qui
593 836 774 890 attenti
807 833 1032 896 fuerint,
1060 828 1501 884 emendationem.
1538 824 1810 877 Verumta-

247 947 366 985 men
398 939 455 983 ut
492 944 595 982 non
626 928 792 981 solum
819 924 1000 988 vobis,
1037 920 1125 975 sed
1156 928 1207 973 et
1232 918 1437 972 caneris
1464 915 1606 968 utilia
1635 922 1808 966 vestra

248 1035 412 1089 opera
434 1020 592 1081 ﬁant,
620 1032 714 1085 age
736 1028 918 1069 rursus
945 1027 1005 1066 ea
1033 1010 1331 1065 summatim
1355 1007 1574 1061 collecta
1605 1010 1809 1070 repeta-

250 1125 385 1165 mus.
422 1108 769 1162 Disseruimus
807 1104 873 1157 de
914 1100 1221 1169 Seraphim,
1265 1096 1588 1150 ostendimus
1617 1100 1810 1161 quanta

249 1201 320 1254 sit
342 1199 585 1268 dignitas,
604 1196 749 1264 juxta
775 1194 974 1262 regium
998 1191 1184 1243 solium
1210 1198 1369 1251 stare,
1393 1196 1443 1238 et
1469 1186 1517 1236 in
1541 1183 1811 1236 hominum

251 1297 508 1359 potestate
529 1288 683 1341 situm
705 1299 842 1347 esse,
864 1294 915 1336 ut
937 1281 1240 1350 dignitatetn
1266 1279 1408 1330 illam
1428 1275 1807 1343 adipiscantur.

252 1381 487 1434 Diximus
514 1379 579 1431 de
598 1377 714 1440 alis,
745 1384 797 1428 et
824 1374 889 1428 de
918 1369 1261 1426 inacccssibili
1288 1367 1377 1421 Dei
1402 1367 1609 1425 virtute,
1639 1364 1810 1432 deque

254 1467 596 1536 indulgentia,
625 1479 724 1534 qua
753 1478 809 1517 se
843 1462 990 1515 nobis
1019 1456 1416 1525 attemperavit;
1448 1453 1732 1521 adjecimus
1762 1460 1816 1505 et

251 1571 463 1611 causam
486 1554 729 1609 clamoris
752 1567 812 1605 ac
834 1560 1096 1620 perpetua!
1119 1544 1499 1608 admirationis,
1520 1553 1568 1596 et
1591 1541 1677 1610 qui
1702 1540 1811 1605 ﬁat,

256 1660 314 1701 ut
342 1647 464 1700 dum
488 1644 763 1712 Seraphim
788 1640 1142 1695 indesinenter
1174 1637 1337 1688 Deum
1367 1630 1810 1698 contemplanlur,

252 1751 374 1790 eum
417 1734 769 1787 indesinenter
812 1743 1019 1798 quoque
1057 1724 1376 1795 gloriﬁcent;
1408 1717 1817 1775 commonefeci-

257 1837 376 1879 mus
407 1838 499 1876 vos
537 1821 743 1876 cuinam
784 1819 947 1873 choro
980 1828 1373 1877 accenseamur,
1407 1821 1458 1866 et
1481 1826 1600 1865 cmn
1629 1807 1816 1876 quibus

256 1926 590 1967 communem
618 1908 889 1962 Dominum
910 1907 1207 1969 laudemus;
1237 1902 1524 1971 adjecimus
1544 1906 1598 1954 et
1618 1898 1682 1953 de
1705 1910 1818 1967 pm-

865 364 929 422 ΙΝ
962 364 1161 421 ILLUD
1200 361 1419 425 [SAL-13,
1460 358 1596 414 EGO
1628 353 1917 412 DOMINUS
1956 354 2134 411 DEUS
2173 353 2321 409 FECI
2360 352 2613 419 LUMEN,
2653 352 2802 408 ETC.

3386 353 3497 408 142

1910 466 2121 520 nitentia
2150 478 2453 525 sermones;
2481 478 2541 518 ac
2570 463 2805 527 demum,
2827 478 2982 531 quant
3004 477 3161 532 grave
3186 462 3255 515 sit
3275 463 3473 517 malum

1907 570 2025 609 cum
2069 571 2226 623 prava
2266 554 2586 608 conscientia
2627 553 2693 605 ad
2739 568 2886 607 sacra
2915 554 3163 622 mysteria
3191 553 3469 615 accedere,

1908 645 2407 707 demonstravimus,
2435 654 2489 698 et
2527 660 2631 713 quo
2676 657 2827 712 pacto
2871 644 2981 697 ﬁeri
3023 655 3270 712 nequeat,
3300 654 3356 696 nt
3386 640 3480 712 qui

1909 745 2086 790 manet
2112 736 2453 798 incorrectus,
2488 750 2698 804 pmuam
2727 736 2903 788 evitet.
2935 736 3058 789 llmc
3084 745 3136 789 et
3163 750 3294 788 uxor
3313 750 3341 787 a
3363 737 3479 787 viro

1910 826 2097 891 discat,
2120 835 2173 880 et
2199 826 2336 878 ﬁlius
2357 841 2383 877 a
2406 834 2575 893 patre,
2600 834 2648 878 et
2677 841 2862 879 servus
2891 841 2918 875 a
2943 825 3175 886 domino,
3203 836 3254 878 et
3280 825 3481 878 vicinus

1912 934 1940 971 a
1969 920 2157 985 vicino,
2185 928 2237 971 et
2260 918 2460 972 amicus
2489 917 2557 970 ab
2583 918 2780 979 amico;
2811 917 2915 970 imo
2946 918 3104 971 etiam
3136 915 3361 971 inimicis
3382 918 3481 969 ista

1915 1022 2187 1063 narremus
2212 1023 2224 1060 :
2250 1023 2368 1060 nam
2391 1016 2445 1060 et
2466 1007 2671 1059 illorum
2700 1006 2884 1058 salutis
2916 1004 3065 1058 nobis
3091 1014 3171 1058 est
3201 1006 3335 1058 ratio
3361 1004 3483 1058 red-

1914 1099 2103 1154 denda.
2142 1097 2197 1151 Si
2227 1098 2365 1150 enim
2394 1095 2599 1148 illorum
2628 1096 2832 1163 erigere
2851 1094 3087 1162 jumenta
3118 1111 3233 1163 qua:
3269 1094 3474 1148 cecide-

1915 1191 2053 1253 rint,
2082 1197 2133 1242 et
2164 1202 2282 1256 qua:
2307 1186 2666 1239 aberraveriut
2691 1198 3008 1237 conservare
3032 1199 3094 1237 ac
3120 1182 3371 1236 reducere
3398 1182 3483 1252 ju-

1914 1277 2102 1333 bemur
2129 1276 2337 1349 (Exod.
2368 1275 2456 1329 23.
2492 1276 2522 1329 5'
2544 1274 2563 1343 )
2582 1313 2596 1337 ,
2630 1275 2795 1327 multo
2822 1274 2987 1342 magis
3012 1283 3277 1325 errantem
3298 1286 3481 1325 eorum

1917 1371 2143 1425 animam
2166 1384 2262 1423 nos
2285 1367 2558 1430 reducere,
2576 1376 2629 1418 et
2648 1367 2932 1433 eollapsam
2955 1373 3160 1432 Oportet
3181 1363 3402 1430 erigere.
3430 1360 3491 1416 Si

1918 1463 2018 1517 hoc
2040 1470 2192 1532 pacto
2213 1469 2422 1513 nostras
2440 1468 2493 1512 et
2514 1457 2868 1526 proximorqu
2892 1472 2974 1508 res
2990 1453 3486 1522 dispensaverimus,

1918 1562 2041 1606 ante
2083 1551 2310 1605 tribunal
2356 1547 2549 1602 Christi
2598 1561 2716 1599 cum
2763 1545 2947 1597 ﬁducia
2988 1554 3127 1596 stare
3178 1543 3487 1611 poterimus,

1918 1659 2038 1698 cum
2083 1656 2188 1711 quo
2236 1639 2377 1693 Patri
2419 1636 2604 1706 gloria,
2649 1636 2838 1699 honor,
2883 1634 3179 1703 imperium,
3229 1647 3329 1683 una
3368 1645 3495 1683 cum-

1920 1741 2101 1785 sancto
2135 1745 2197 1783 ac
2233 1728 2438 1782 viviﬁeo
2476 1727 2692 1794 Spiritu,
2728 1737 2865 1777 nunc
2886 1732 2939 1777 et
2964 1737 3191 1789 semper,
3222 1730 3275 1773 et
3300 1722 3349 1772 iu
3382 1735 3484 1771 επις

1921 1820 2033 1874 cnla
2062 1819 2398 1875 szeculorum.
2433 1817 2599 1870 Amen
2609 1853 2636 1866 ..

1326 2412 1434 2472 AD
1470 2410 1641 2471 ΗΟΜ
1653 2408 1872 2470 ILIAM
1912 2403 2411 2478 SEQUENTEM.

338 2669 565 2725 Difﬁcile
608 2681 769 2737 porro
824 2671 906 2717 est
944 2670 1180 2715 statuere
1231 2654 1600 2710 Antiochimne
1626 2669 1694 2707 an
1725 2650 2187 2720 Constantinopoli
2239 2650 2379 2703 hanc
2426 2647 2675 2702 habuerit
2725 2645 2996 2700 homiliam
3044 2644 3490 2717 Chrysostomus.

264 2804 570 2873 Auguratur
599 2797 988 2860 Tillemontius,
1018 2789 1481 2859 Constantinopoli
1529 2789 1724 2842 dictam
1763 2786 1951 2850 fuisse,
2008 2785 2132 2854 quia
2184 2784 2602 2853 Chrysostomus
2643 2783 2734 2838 hic
2779 2790 2900 2853 post
2940 2782 3104 2837 alium
3133 2783 3496 2837 concinnatus

265 2936 497 3001 dicitur;
532 2934 624 2989 sed
648 2942 759 2988 tam
786 2932 888 2985 levi
913 2930 1233 2999 conjectura:
1262 2941 1331 2979 ne
1358 2925 1472 2996 ipse
1504 2923 1719 2993 quidem
1746 2920 2121 2975 Tillemontius
2155 2918 2467 2986 adstipulari
2500 2915 2681 2972 audet.

340 3078 718 3146 interpretatio
740 3073 928 3129 Latina
955 3083 1037 3129 est
1068 3070 1357 3126 Frontonis
1390 3067 1588 3123 Dueaei.

264 3357 3487 3399 Wa

930 3484 1048 3563 IN
1098 3470 1939 3561 PROPHETICUM
1991 3465 2449 3547 DICTUM
2510 3462 2892 3549 ILLUD,

256 3666 380 3709 EGO
422 3663 695 3707 pommus
738 3660 895 3703 usus
924 3658 1067 3701 περι
1111 3652 1321 3697 LUMEN
1356 3651 1434 3693 s'r
1474 3644 1817 3698 TENEBRAS,
1846 3642 2105 3685 FACIENS
2149 3640 2381 3692 PACBM,
2427 3638 2507 3679 ET
2553 3635 2790 3679 camus
2836 3634 3002 3677 sum
3050 3613 3226 3695 (Isai.
3261 3614 3359 3673 1&5.
3404 3617 3491 3694 η.

1660 3767 2074 3824 MW—m

336 3924 383 3976 l.
422 3922 591 3976 Pauca
616 3929 735 3973 sunt
764 3917 973 3987 quidem
997 3915 1156 3979 dicta,
1181 3912 1273 3966 sed
1295 3909 1463 3965 dulcis
1503 3908 1619 3962 fons
1648 3907 1819 3961 mellis

259 4025 366 4078 est,
408 4011 578 4065 mellis
617 4008 756 4078 quod
804 4006 1068 4061 fastidium
1108 4003 1326 4056 minime
1365 4000 1515 4068 parit.
1557 3997 1686 4051 Nam
1722 3996 1824 4049 hoc

257 4103 471 4172 quidem
498 4103 598 4156 mel
626 4100 817 4155 sensile
857 4098 1181 4166 voluptatem
1220 4094 1270 4146 in
1315 4093 1487 4159 lingua
1519 4090 1661 4153 ﬁnit,
1690 4099 1743 4141 et
1770 4088 1821 4140 in

258 4192 648 4259 corruptionem
673 4189 783 4243 abit
816 4186 955 4239 :mel
995 4198 1119 4238 vero
1157 4180 1408 4236 doctrina:
1449 4177 1823 4233 conscientiam

259 4280 424 4334 afﬁcit
459 4280 553 4350 (a),
585 4291 806 4347 eamque
848 4284 1095 4345 perpetua
1147 4271 1323 4325 laetitia
1366 4267 1655 4339 perfundit,
1684 4275 1735 4320 et
1757 4265 1823 4319 ad

260 4371 711 4426 immortalitatem
753 4382 849 4422 nos
882 4366 1112 4420 deducit.
1155 4366 1323 4431 Atque
1362 4361 1483 4414 illud
1525 4358 1735 4428 quidem
1760 4373 1827 4411 cx

261 4461 443 4514 herbis
485 4460 848 4527 componitur,
880 4456 979 4509 hoc
1018 4464 1192 4508 autem
1222 4468 1288 4505 ex
1315 4450 1505 4503 divinis
1541 4448 1827 4517 Scripturis

263 4550 460 4605 texitur
486 4565 499 4600 :
534 4549 632 4601 hoc
654 4561 748 4600 vos
778 4545 1034 4599 hodierno
1061 4543 1147 4595 die
1180 4539 1463 4607 complevit
1489 4538 1552 4601 is,
1581 4537 1668 4607 qui
1694 4552 1827 4606 prae-

260 4639 406 4694 clare
426 4637 577 4701 dixit,
600 4644 651 4689 et
676 4634 989 4688 obedientia:
1005 4630 1276 4700 puemium
1304 4629 1609 4696 reportavit,
1637 4642 1698 4681 ac
1725 4628 1827 4681 vim

261 4728 499 4782 caritatis
532 4733 586 4779 et
628 4723 746 4777 ﬁdei
787 4722 1111 4777 nobilitatem
1149 4718 1397 4773 ostendit.
1423 4719 1532 4786 Age
1560 4732 1686 4784 ergo
1733 4731 1828 4769 nos

264 4832 475 4887 quoque
517 4814 677 4868 multa
722 4829 843 4868 cum
877 4812 1150 4867 alacritate
1179 4810 1385 4863 solitam
1416 4822 1651 4862 mensam
1679 4806 1829 4861 vobis

267 4921 477 4963 rursum
524 4918 881 4973 apponamus:
932 4918 1034 4956 non
1075 4902 1214 4956 enim
1265 4898 1599 4953 mediocriter
1635 4897 1831 4966 gaude-

268 5011 408 5062 mus,
432 4996 571 5067 quod
596 5011 713 5049 eum
742 4993 873 5047 adeo
894 4993 1129 5047 celebres
1152 4993 1255 5044 sint
1281 4990 1386 5044 ludi
1413 4990 1710 5051 Circenses,
1742 4988 1829 5039 illa

266 5088 467 5143 ludicra
506 5085 849 5153 occupatione
894 5089 1193 5150 contempta
1234 5080 1337 5133 huc
1384 5087 1524 5131 tanta
1552 5075 1830 5129 multitudo

265 5176 599 5232 conﬂuxerit.
620 5174 872 5241 Quocirca
895 5186 992 5225 nos
1012 5171 1166 5224 etiam
1195 5169 1355 5223 multa
1379 5182 1495 5221 cum
1521 5164 1831 5218 liberalitate

267 5276 527 5321 craterem
552 5264 828 5318 statuimus
848 5303 862 5325 ,
886 5270 1141 5315 craterem
1169 5258 1257 5327 qui
1278 5256 1584 5311 ebrietatem
1616 5255 1832 5307 minime

333 5441 405 5503 (a)
432 5439 494 5503 _In
526 5445 703 5503 Graeco,
731 5447 995 5503 {.TuMcvgtfﬁ
1012 5437 1215 5503 wvstatkt.‘
1230 5426 1503 5503 ad‘literarn
1524 5432 1617 5484 est,
1641 5424 1833 5473 abscon-

272 5487 402 5551 ιωὶέ
423 5487 475 5551 ὗε
494 5498 723 5548 consaent'
696 5487 703 5495 '
726 5487 1003 5546 i&.saviliu's
1016 5491 1281 5551 suspicatur
1300 5487 1561 5551 18860de
1581 5498 1709 5543 εδεθν
1725 5498 1832 5541 ίτιά·

272 5505 401 5551 ditur
423 5505 475 5551 in
494 5505 1003 5548 conscientiu.savutus
1016 5505 1281 5598 suspicatur
1300 5505 1561 5549 tegendum
1581 5505 1709 5543 esse,
1725 5505 1832 5541 ιτια-

272 5575 385 5612 σιτ-ιι.
411 5560 505 5611 sed
520 5560 634 5607 nihil
650 5564 920 5618 suSpectum
938 5556 987 5602 in
1002 5554 1091 5618 bac
1128 5551 1316 5618 egtione
1333 5538 1676 5618 animadverto.
1695 5552 1832 5594 Fron-

272 5609 543 5672 toliucaaus
584 5609 746 5675 ver-tit;
768 5614 1096 5666 conscientiam
1117 5609 1282 5675 afﬁcit,
1315 5610 1469 5673 magis
1508 5620 1701 5657 sensum
1724 5620 1761 5669 sl
1782 5619 1831 5654 e-

273 5695 421 5739 etaus,
447 5695 589 5739 quam
615 5677 965 5740 etymologiam.

1927 3904 2111 3974 gignit,
2157 3901 2252 3955 sed
2300 3899 2698 3966 temperant'am
2742 3896 2900 3962 parit.
2928 3893 3054 3945 Tale
3095 3908 3321 3960 namque
3351 3893 3494 3947 Seri-

1928 4004 2197 4061 pturarum
2223 3998 2304 4043 est
2324 3989 2523 4051 vinum,
2558 3986 2678 4038 talia
2710 3999 2906 4037 mensae
2934 3993 3053 4035 sunt
3076 3984 3226 4035 istius
3247 3984 3494 4035 obsonia:

1928 4084 2173 4150 pinguem
2204 4087 2256 4133 et
2281 4079 2492 4131 obesam
2523 4090 2736 4129 carnem
2776 4090 2878 4127 non
2912 4073 3153 4126 reddunt.
3196 4074 3256 4126 Et
3286 4073 3397 4127 ha‘c
3417 4075 3497 4125 di-

1930 4175 2116 4237 cimus,
2143 4187 2243 4225 non
2269 4181 2325 4223 ut
2347 4168 2631 4238 ignominia
2657 4181 2869 4220 carnem
2902 4165 3213 4227 afficiamus,
3245 4164 3336 4216 sed
3358 4164 3497 4230 quod

1930 4264 2119 4317 animm
2162 4261 2487 4316 nobilitatem
2533 4257 2698 4325 pluris
2742 4256 3064 4309 :estimemus
3099 4270 3110 4302 :
3164 4268 3336 4320 neque
3374 4268 3500 4306 vero

1933 4368 2083 4406 usuin
2126 4351 2413 4418 rejieimus,
2454 4347 2545 4399 sed
2579 4359 2853 4399 excessum
2894 4342 3247 4411 repriminms.
3276 4341 3329 4395 Si
3359 4341 3497 4394 enim

1932 4443 2383 4515 pbilosophemur,
2409 4440 2476 4492 ita
2507 4434 2981 4506 philosophandum
3006 4443 3107 4500 est,
3140 4442 3196 4486 ut
3222 4432 3495 4487 hmretiro‘

1933 4550 2047 4588 rum
2069 4530 2145 4600 (a)
2177 4530 2366 4599 linguis
2394 4541 2578 4580 ansam
2619 4540 2723 4579 non
2764 4524 2966 4578 demus.
2998 4522 3128 4576 Nam
3163 4524 3263 4577 hoe
3290 4523 3503 4592 quidem

1932 4636 2125 4691 corpus
2173 4621 2346 4674 minus
2385 4628 2468 4672 est
2512 4618 2707 4680 anima,
2751 4615 3072 4668 contrarium
3124 4630 3248 4668 vero
3292 4631 3395 4667 non
3425 4630 3507 4673 cst

1933 4713 2122 4766 animae
2154 4728 2168 4763 :
2201 4707 2292 4761 sed
2317 4706 2537 4774 simplex
2570 4714 2649 4759 est
2670 4704 2884 4772 quidem
2915 4704 3021 4768 illa,
3055 4719 3237 4757 verum
3268 4705 3504 4770 corporis

1934 4799 2311 4868 cupiditatibus
2357 4796 2657 4849 famulatur.
2690 4795 2826 4847 Deus
2856 4793 2994 4847 enim
3024 4792 3208 4845 artifex
3244 4804 3504 4859 prmstan-

1936 4891 2167 4944 tissimus
2187 4902 2289 4941 non
2312 4901 2376 4939 ex
2398 4900 2497 4937 una
2520 4894 2571 4936 et
2591 4881 2796 4935 duabus
2813 4892 2865 4935 et
2890 4881 3056 4933 tribus
3080 4881 3385 4932 substantiis
3408 4880 3506 4931 hoc

1935 4985 2237 5037 universum
2263 4975 2536 5032 constituit
2559 5016 2573 5039 ,
2604 4974 2697 5028 sed
2726 4972 2896 5025 varias
2918 4986 2979 5023 ac
3003 4971 3275 5024 distinctas
3306 4970 3507 5023 invexit

1938 5087 2169 5137 naturas,
2206 5082 2261 5126 ut
2290 5072 2660 5125 abundantiam
2684 5068 2952 5135 sapientim
2978 5080 3086 5117 sum
3119 5066 3167 5118 in
3200 5064 3504 5119 diversitate

1938 5180 2112 5219 rerum
2158 5162 2485 5216 ostenderet.
2511 5158 2624 5212 Non
2660 5157 2801 5211 enim
2835 5157 3019 5209 cadum
3048 5154 3283 5208 condidit
3310 5157 3502 5216 solum,

1937 5254 2030 5309 sed
2055 5264 2108 5307 et
2134 5263 2326 5307 terram
2352 5266 2367 5305 :
2390 5264 2494 5303 non
2524 5256 2716 5301 terram
2747 5246 2938 5307 solum,
2970 5243 3063 5297 sed
3087 5256 3132 5297 et
3161 5245 3326 5297 sulem
3353 5260 3368 5296 :
3400 5260 3507 5297 non

1938 5346 2101 5399 solem
2149 5343 2326 5405 modo,
2354 5340 2445 5395 sed
2483 5349 2536 5392 et
2570 5339 2742 5391 lunam
2776 5354 2790 5389 :
2837 5351 2941 5389 non
2983 5336 3157 5388 lunam
3193 5335 3382 5399 solum,
3411 5334 3505 5387 sed

1937 5446 1987 5489 et
2013 5435 2192 5489 stellas
2218 5450 2230 5485 :
2272 5445 2376 5485 non
2397 5427 2578 5483 stellas
2603 5426 2794 5490 solum,
2823 5424 2915 5478 sed
2942 5434 2995 5477 et
3014 5438 3190 5478 aerem
3220 5440 3233 5476 :
3277 5437 3381 5475 non
3412 5438 3504 5474 ae-

1937 5544 2046 5582 rem
2069 5527 2259 5589 solum,
2286 5522 2379 5578 sed
2399 5529 2452 5577 et
2470 5519 2665 5574 nubes:
2692 5533 2795 5573 non
2824 5516 2992 5572 nubes
3016 5517 3204 5582 solum,
3228 5513 3323 5569 sed
3348 5515 3508 5569 etiam

1997 5662 2068 5723 (a)
2102 5654 2374 5709 Manichaeos
2396 5650 2640 5714 intelligit.
