4064 6214
582 359 692 412 143

566 464 763 521 altera
793 481 808 519 :
842 480 944 519 non
975 465 1173 520 aethera
1201 463 1394 530 solum,
1427 463 1518 518 sed
1545 464 1702 518 etiam
1741 462 1906 524 lacus,
1937 460 2124 525 fontes,

568 556 774 619 tluvios,
797 563 1025 621 montes,
1055 553 1238 619 valles,
1263 554 1446 619 colles,
1475 562 1644 622 prata,
1669 553 1874 616 hortos,
1903 551 2129 616 semina,

566 647 796 714 plautas,
831 644 1109 698 herbarum
1139 643 1279 696 varia
1301 657 1516 711 genera,
1548 644 1846 711 formasque
1873 640 2131 701 diversas,

566 737 706 788 vires
737 734 992 798 diversas,
1023 747 1084 786 ac
1105 731 1342 786 diversas
1368 740 1582 785 naturas
1603 745 1823 785 cernere
1850 730 2062 798 poterit,
2089 729 2131 781 si

567 825 686 892 quis
729 823 982 876 tnundum
1027 822 1255 891 undique
1284 821 1520 875 lustrarit
1550 838 1563 885 ;
1605 830 1658 874 et
1680 821 1721 873 si
1755 829 1920 872 totum
1948 819 2130 872 orbem

567 925 831 968 terrarqu
875 913 1195 983 cogitatione
1231 914 1573 981 percurrerit,
1617 927 1736 965 cum
1783 912 2035 980 propheta
2081 911 2131 962 in

564 1009 661 1060 has
682 1020 839 1060 voces
863 1015 1139 1074 erumpet:
1167 1004 1331 1072 Quam
1357 1005 1680 1075 magniﬁcam
1703 1012 1817 1057 sunt
1844 1019 1996 1070 opera
2025 1012 2130 1064 tua,

565 1097 819 1150 Domine!
849 1094 1032 1148 Omnia
1074 1097 1124 1148 in
1169 1097 1413 1164 sapientia
1459 1095 1618 1166 fecisti
1652 1095 1818 1164 (Psal.
1858 1095 1978 1148 105.
2018 1093 2131 1160 ἳι).

565 1186 745 1255 Itaque
770 1187 813 1241 si
845 1187 1106 1240 theatrum
1149 1197 1391 1256 spectare
1417 1187 1566 1254 cupis
1590 1227 1605 1250 ,
1647 1186 1710 1239 ad
1741 1185 1841 1239 hoc
1865 1185 2134 1252 spirituale

565 1276 804 1330 satanico
833 1275 923 1329 illo
953 1275 1206 1330 derelicto
1233 1276 1351 1329 veni
1385 1293 1396 1327 :
1440 1276 1482 1329 si
1528 1275 1691 1346 lyram
1739 1274 1888 1342 cupis
1931 1273 2133 1338 audire,

569 1365 659 1417 illo
690 1375 951 1418 concentu
984 1365 1221 1430 dimisso,
1263 1375 1314 1419 et
1340 1365 1570 1419 excitato
1600 1365 1790 1418 mentis
1819 1373 1920 1416 tua:
1944 1364 2134 1418 robore

568 1453 630 1505 ad
663 1453 796 1506 hanc
828 1455 942 1508 veni
969 1493 982 1516 ,
1011 1470 1126 1523 qua:
1155 1455 1388 1508 animum
1413 1464 1558 1508 tuum
1590 1455 1769 1524 erigit,
1799 1462 2134 1524 mentemque

566 1544 862 1598 eoutirmat.
893 1543 1024 1599 Vide
1049 1554 1104 1598 ut
1129 1546 1242 1600 soni
1270 1545 1483 1610 diversi,
1507 1544 1822 1614 chordatque
1851 1543 2132 1610 distinctae,

566 1649 776 1688 summo
827 1633 1000 1704 opiﬁci
1051 1635 1159 1691 Deo
1212 1651 1370 1689 unum
1411 1644 1464 1690 et
1502 1635 1871 1690 suavissimum
1907 1634 2135 1702 undique

567 1735 880 1780 concentum
905 1727 1164 1781 emittant.
1195 1727 1303 1782 Ceu
1327 1729 1465 1782 enim
1496 1729 1708 1797 quidam
1737 1741 1900 1782 sonus
1919 1727 2135 1796 spiritus

567 1833 632 1869 ex
652 1817 1018 1872 differentibus
1048 1819 1190 1872 sonis
1220 1817 1477 1873 conflatus
1521 1835 1681 1872 unum
1718 1819 1876 1874 habet
1904 1832 2134 1874 concen-

569 1916 676 1959 tum
705 1907 1158 1975 glorificationetn,
1184 1925 1282 1977 qua
1308 1909 1540 1964 celebrat
1565 1909 1903 1964 Conditorem
1927 1927 1940 1963 :
1969 1918 2023 1964 et
2048 1926 2134 1964 so-

568 2006 697 2052 nant
730 1999 940 2067 quidem
981 2002 1266 2068 separatim
1303 2000 1514 2056 chordae
1541 2003 1761 2072 singula:
1785 2044 1798 2070 ,
1829 2013 2018 2058 sonant
2043 2018 2133 2056 au-

567 2097 675 2142 tem
723 2099 776 2142 et
818 2089 955 2144 inter
985 2104 1043 2144 se
1072 2091 1387 2158 conjunctm.
1420 2092 1591 2161 Atque
1625 2100 1681 2145 ut
1709 2092 1969 2163 intelligas
1990 2134 2006 2158 ,
2030 2108 2134 2159 quo

567 2185 724 2245 pacto
769 2179 1053 2246 separatim
1101 2188 1314 2247 sonent,
1360 2181 1476 2234 c;eli
1521 2180 1774 2236 chordam
1818 2182 2135 2251 cogitatione

567 2267 793 2335 pulsato,
827 2278 935 2321 tum
963 2269 1158 2339 ingenti
1189 2270 1331 2323 edito
1358 2285 1490 2324 sono
1519 2271 1702 2325 audies
1727 2286 1844 2325 eam
1876 2273 1985 2325 Deo
2015 2273 2133 2325 lau-

567 2358 687 2412 dem
727 2359 938 2414 offerre.
987 2360 1135 2428 Quod
1181 2377 1299 2416 cum
1355 2362 1813 2417 animadvertisset
1856 2364 2133 2434 prapheta,

568 2449 700 2502 dixit
727 2467 741 2502 :
770 2449 893 2504 Caeli
920 2462 1153 2504 enarrant
1173 2452 1385 2521 gloriam
1413 2452 1530 2518 Dei,
1557 2470 1684 2521 opus
1703 2465 1868 2507 autem
1899 2471 2135 2510 manuum

568 2539 678 2604 ejus
724 2541 989 2594 annuntiat
1038 2543 1409 2608 ﬁrmamentum
1453 2543 1620 2615 (Psal.
1665 2545 1749 2600 18.
1795 2544 1873 2615 2).
1924 2545 2006 2600 Ab
2047 2545 2133 2600 illa

567 2627 767 2683 chorda
795 2629 861 2683 ad
887 2630 990 2688 diei
1034 2633 1308 2702 noctisque
1334 2633 1586 2689 chordam
1617 2635 1878 2691 descende
1896 2677 1910 2700 ,
1947 2647 2053 2690 tum
2081 2648 2136 2691 et

571 2717 670 2771 hos
697 2718 808 2790 lyra
839 2721 1020 2788 quavis
1046 2731 1099 2776 et
1123 2723 1323 2776 cithara
1365 2726 1639 2778 suaviores
1665 2726 1829 2779 emitti
1857 2739 2021 2781 sonos
2059 2729 2134 2780 vi-

567 2808 760 2864 debis:
813 2811 1106 2878 prcsertim
1152 2827 1278 2867 vero
1317 2827 1439 2867 cum
1491 2814 1720 2869 adfuerit
1767 2815 1854 2885 qui
1911 2814 2136 2870 chordas

569 2900 696 2952 istas
737 2900 948 2968 pulsare
993 2903 1217 2957 noverit.
1245 2903 1483 2970 Quonam
1519 2915 1696 2961 autem
1727 2918 1880 2976 pacto
1905 2910 2135 2962 sonant?

568 2989 708 3043 dicet
733 2989 941 3059 aliquis.
983 2991 1178 3046 Cretum
1209 3008 1313 3048 non
1340 3009 1400 3048 os
1429 3004 1634 3062 movet,
1668 3011 1838 3066 neque
1863 2997 2089 3068 linguam
2114 3038 2132 3065 ,

569 3093 738 3148 neque
768 3081 1018 3149 palatum,
1044 3098 1212 3153 neque
1239 3085 1446 3152 dentes,
1465 3102 1635 3157 neque
1659 3087 1837 3143 labra:
1869 3089 2133 3159 quomodo

568 3186 693 3238 ergo
723 3186 824 3225 vox
851 3173 1058 3227 oritur?
1086 3175 1351 3243 quomodo
1378 3185 1551 3230 autem
1581 3177 1694 3231 dies
1735 3179 1963 3248 loquitur
1989 3180 2134 3236 iNe—

571 3276 674 3329 que
717 3262 856 3315 enim
889 3263 1002 3318 hzec
1041 3267 1236 3318 vocalia
1265 3276 1386 3320 sunt
1417 3269 1760 3323 instrumenta
1781 3310 1798 3336 ,
1829 3269 1922 3324 sed
1949 3284 2140 3324 cursus

569 3350 696 3404 solis
719 3360 772 3405 et
796 3351 934 3408 luna
958 3352 1069 3408 dies
1095 3363 1172 3408 est
1193 3363 1247 3410 et
1275 3370 1402 3423 nox,
1423 3359 1774 3427 temporisque
1803 3375 2133 3429 progressus.

570 3438 647 3494 Ne
675 3440 832 3510 igitur
855 3456 916 3497 ex
957 3445 1304 3500 crassioribus
1336 3445 1527 3516 aliquis
1569 3446 1646 3500 his
1676 3449 1868 3503 auditis
1895 3465 2133 3508 commo-

574 3540 760 3586 veatur
786 3547 848 3585 ac
875 3534 1211 3602 perturbetur
1233 3576 1246 3596 ,
1275 3535 1394 3590 audi
1431 3551 1537 3606 quo
1575 3549 1728 3607 pacto
1757 3539 1841 3593 his
1866 3581 1879 3605 ,
1907 3556 2022 3610 quae
2048 3542 2131 3595 di-

570 3630 652 3674 cta
703 3631 844 3687 sunt,
899 3623 1093 3678 addere
1143 3625 1341 3694 majora
1385 3629 1654 3683 contendit
1699 3630 1972 3698 propheta.
2002 3632 2132 3686 Cum

571 3709 713 3763 enim
745 3711 902 3764 caelos
948 3711 1042 3765 τιδεὶ
1082 3713 1302 3781 gloriam
1343 3729 1591 3771 enarrare
1628 3718 1882 3777 dixisset.
1913 3728 1966 3772 et
1990 3720 2133 3774 diem

571 3797 673 3852 diei
703 3800 921 3853 verbum
949 3809 1208 3866 eruetare,
1238 3814 1552 3874 noctemque
1581 3807 1720 3860 nocti
1743 3809 2016 3862 scientiam
2048 3812 2132 3864 in-

570 3887 746 3942 dicare
767 3887 928 3958 (Ibid.
958 3906 1005 3945 υ.
1033 3891 1111 3962 5).
1136 3908 1238 3945 non
1267 3893 1351 3947 hic
1375 3894 1626 3962 substitit,
1646 3897 1739 3951 sed
1760 3897 1989 3966 adjecit:
2016 3899 2135 3954 Non

572 3985 685 4028 sunt
714 3977 943 4045 loquela,
979 3995 1134 4049 neque
1171 3997 1442 4050 sermones,
1486 4000 1696 4050 quorum
1731 4003 1831 4041 non
1865 3989 2137 4042 audiantur

571 4076 709 4124 seces
736 4085 906 4122 eorum
943 4069 1105 4137 (Ibid.
1135 4089 1182 4124 v.
1211 4074 1286 4142 4).
1315 4074 1510 4129 llorum
1541 4087 1714 4132 autem
1742 4079 2023 4134 verborum
2051 4080 2136 4135 hic

570 4172 759 4215 sensus
787 4169 867 4213 est
902 4179 914 4215 :
947 4160 1061 4215 Non
1091 4163 1259 4216 solum
1289 4179 1468 4220 vocem
1503 4167 1695 4222 habent
1722 4169 1838 4224 dies
1860 4212 1874 4234 ,
1905 4181 1958 4225 et
1987 4187 2090 4225 nox
2117 4214 2132 4239 ,

572 4249 834 4303 etctelum
870 4251 908 4314 ί,
953 4252 1043 4304 sed
1088 4262 1139 4307 et
1179 4269 1360 4308 vocem
1408 4257 1688 4324 ejusmodi,
1717 4275 1834 4328 qua:
1860 4262 2134 4331 insigniOr,

569 4336 783 4404 clarior,
829 4347 883 4392 et
926 4342 1096 4395 acrior
1137 4344 1204 4396 sit
1247 4343 1493 4398 humana.
1540 4347 1656 4411 Quo
1692 4348 1899 4403 tandem
1946 4353 2135 4418 pacto?

568 4427 704 4482 Audi
726 4427 837 4497 ipsa
866 4429 978 4498 eius
1004 4432 1181 4487 verba.
1214 4433 1332 4487 Non
1370 4447 1483 4489 sunt
1506 4437 1733 4504 loqttela’,
1766 4455 1922 4510 neque
1946 4457 2134 4495 sermo-

571 4533 678 4584 nes,
696 4535 906 4588 quorum
955 4537 1056 4575 non
1100 4525 1370 4578 audiantur
1413 4542 1551 4580 uoces
1588 4545 1777 4582 eorum.
1805 4530 1940 4597 Quid
1980 4534 2134 4602 igitur

570 4608 671 4663 hoc
696 4619 777 4665 est
801 4611 822 4663 7
845 4612 1152 4668 Encomium
1181 4616 1351 4682 vocis,
1383 4617 1494 4672 laus
1524 4620 1638 4672 soni
1671 4620 1967 4689 hujus.Vox
1994 4625 2132 4678 enim

571 4715 687 4754 mea
727 4711 848 4756 nota
878 4712 958 4756 est
986 4704 1090 4770 illi,
1119 4707 1204 4775 qui
1232 4707 1415 4762 eadem
1445 4724 1650 4763 mecum
1681 4711 1852 4780 lingua
1884 4713 2132 4782 loquitur,

568 4788 616 4841 ei
647 4803 772 4846 vero
799 4793 885 4860 qui
912 4791 1140 4859 diversa,
1170 4810 1273 4848 non
1298 4797 1444 4850 item.
1470 4798 1703 4868 Exempli
1726 4803 1963 4866 causa,si
1990 4803 2134 4860 Grae-

568 4894 626 4933 ca
655 4880 830 4951 lingua
860 4883 1065 4952 loquar,
1102 4894 1155 4939 et
1180 4901 1363 4941 vocem
1395 4887 1532 4943 hanc
1560 4893 1764 4945 noverit
1789 4894 1980 4963 aliquis
2000 4936 2012 4958 ,
2045 4896 2134 4951 ille

570 4984 657 5025 me
681 4973 858 5027 audiet
891 4993 905 5028 :
944 4975 1136 5047 Scytha
1167 4993 1294 5033 vero
1319 5020 1333 5045 ,
1367 4979 1561 5046 Thrax,
1594 4983 1838 5050 Maurus,
1866 4996 1955 5039 aut
1977 4986 2134 5041 Indus

570 5075 674 5114 non
707 5064 827 5118 item
863 5081 875 5116 :
908 5066 1101 5135 quippe
1131 5069 1270 5136 quod
1306 5069 1496 5138 linguae
1535 5070 1816 5128 discrimen
1861 5077 2130 5146 impediat,

570 5165 638 5204 ne
667 5151 738 5204 illi
765 5166 938 5209 sermo
969 5170 1118 5209 meus
1147 5157 1459 5214 innotescat.

637 5240 693 5296 2.
723 5242 942 5312 Loquela
967 5257 1307 5300 creaturarum
1339 5248 1498 5302 Deum
1523 5252 1838 5306 laudantium
1862 5257 2041 5323 qualis.
2069 5286 2137 5296 -

569 5334 772 5390 Rursus
798 5352 915 5407 ego,
944 5339 987 5391 si
1015 5341 1259 5409 loquatur
1283 5341 1474 5412 Scytha
1503 5344 1583 5398 vel
1608 5345 1802 5409 Thrax,
1829 5349 2008 5402 audire
2032 5365 2135 5402 non

637 5487 758 5561 fusio
792 5500 852 5561 ex
879 5489 1153 5561 conjectura
1179 5494 1387 5561 restituit
1421 5501 1591 5561 Fronto
1628 5503 1842 5554 nuczmts,
1871 5504 1922 5547 et
1943 5501 2137 5561 quidem

570 5546 768 5605 οὶθίίηιθ·
797 5547 932 5614 Αρψξ
957 5546 1174 5614 Savilium
1200 5551 1395 5614 legitur,
1433 5553 1550 5612 dies,
1578 5563 1622 5604 et
1646 5570 1757 5613 nox,
1784 5546 1939 5608 rt'uon
1961 5546 2138 5610 me?

572 5609 953 5682 veru-inconjl‘cit
978 5610 1059 5658 ille
1087 5614 1132 5658 in
1157 5609 1389 5682 margine
1419 5609 1680 5682 legendum
1728 5609 1854 5679 esse,
1882 5629 1925 5670 ct
1950 5609 2135 5682 malum,

575 5674 627 5715 et
654 5675 789 5717 recte
814 5670 1007 5731 quidem
1033 5687 1044 5720 :
1074 5685 1180 5721 nam
1206 5670 1716 5738 sic’sensusvpostulat.

1237 345 1293 400 S.
1331 344 1606 401 JUANNIS
1642 343 1984 401 CHRYSOS’I
1998 340 2117 399 OM!
2153 339 2464 397 ARCHIEP.
2503 341 3030 402 CONSTANTINOP.

3680 374 3786 428 144

2244 466 2446 528 potero,
2471 475 2641 528 neque
2670 461 2800 514 alter
2829 462 3056 531 linguam
3084 462 3295 518 alterius
3325 480 3338 516 :
3369 463 3420 517 in
3445 463 3574 518 caelo
3601 473 3794 528 autem,

2239 551 2290 603 in
2323 561 2475 604 uoc1e
2500 566 2560 604 ac
2589 550 2674 604 die
2701 551 2872 605 locum
2898 552 2946 604 id
2971 567 3072 605 non
3099 552 3273 616 habet,
3299 552 3390 608 sed
3415 555 3670 622 ejusmodi
3698 571 3797 609 Vox

2239 640 2449 693 illorum
2479 651 2576 701 est,
2610 650 2664 692 ttt
2693 641 2758 694 ab
2786 643 2927 693 onmi
2962 643 3152 709 lingua,
3186 644 3251 696 ab
3277 644 3417 697 omni
3449 644 3650 712 loquela
3681 659 3798 710 pos-

2239 733 2303 784 sit
2329 731 2515 797 audiri,
2547 734 2699 800 eique
2725 734 2863 787 clara
2891 734 2958 788 sit
2981 744 3034 788 et
3059 735 3352 803 perspicua.
3377 735 3656 802 Pmpterea
3679 750 3794 787 cum

2238 813 2396 874 Ca-los
2427 823 2514 876 Dei
2543 823 2760 890 gloriam
2789 839 3037 878 enarrare
3061 825 3294 886 dixisset,
3323 835 3376 879 et
3400 827 3535 880 diem
3556 826 3657 880 diei
3681 843 3798 879 ver-

2239 912 2362 965 bum
2391 925 2661 977 et'uctare,
2695 914 2885 982 adjecit
2913 933 2926 970 :
2960 914 3073 968 Non
3102 925 3214 968 sunt
3239 916 3478 985 loquela,
3505 933 3659 984 neque
3687 933 3792 969 srr-

2238 1021 2427 1067 mones,
2452 1021 2660 1074 quorum
2689 1022 2785 1058 non
2817 1007 3082 1060 audiantur
3108 1023 3246 1060 voces
3273 1023 3460 1060 eorum.
3487 1007 3612 1072 Quae
3638 1008 3793 1059 verba

2241 1097 2394 1150 talem
2424 1098 2736 1151 sententiam
2772 1098 2964 1152 habent
2994 1117 3005 1150 :
3038 1098 3215 1152 Talem
3261 1099 3453 1152 habent
3494 1098 3752 1167 loquelam
3777 1138 3792 1160 ,

2240 1186 2500 1255 talemque
2527 1201 2708 1240 vocem
2739 1186 2932 1240 habent
2958 1187 3088 1252 dies,
3122 1203 3242 1249 nox,
3269 1196 3318 1240 et
3347 1187 3550 1250 caelum,
3581 1201 3794 1240 omnes-

2238 1293 2340 1345 que
2367 1289 2621 1333 creaturte
2642 1320 2654 1341 ,
2687 1290 2742 1332 ut
2783 1279 2850 1333 ab
2890 1280 3130 1334 omnibus
3167 1279 3386 1348 loquelis
3409 1319 3423 1340 ,
3457 1280 3556 1330 hoc
3583 1287 3657 1332 est
3684 1318 3699 1341 ,
3731 1277 3796 1329 :b

2239 1367 2482 1421 omnibus
2511 1368 2717 1436 linguis,
2748 1369 2813 1421 ab
2841 1369 3080 1422 omnibus
3106 1369 3346 1437 gentibus
3373 1383 3469 1421 vox
3497 1382 3679 1421 eorum
3699 1382 3794 1418 au-

2238 1459 2428 1514 diatur.
2458 1460 2569 1514 Non
2600 1461 2738 1514 enim
2762 1472 2838 1516 est
2871 1461 3093 1529 loquela,
3120 1461 3306 1529 inquit,
3337 1461 3435 1514 hoc
3463 1468 3562 1524 est,
3588 1474 3691 1513 non
3714 1468 3794 1513 e-vt

2237 1564 2387 1618 gens,
2419 1565 2522 1604 non
2551 1559 2631 1604 est
2655 1566 2775 1617 vox,
2806 1551 2890 1604 ubi
2923 1567 3020 1604 vox
3050 1551 3162 1604 caeli
3194 1565 3295 1604 non
3324 1549 3599 1604 audiatur:
3627 1549 3716 1604 sed
3743 1558 3796 1602 et

2239 1641 2454 1710 Scytha,
2480 1651 2532 1695 et
2554 1643 2749 1707 Thrax,
2777 1653 2830 1696 et
2853 1642 3078 1707 Maurus,
3107 1652 3158 1697 et
3186 1642 3361 1708 ludus,
3388 1650 3440 1696 et
3465 1642 3790 1703 Sauromata,

2238 1741 2290 1784 et
2318 1731 2522 1799 loquela
2550 1733 2740 1794 omnis,
2763 1741 2814 1784 et
2846 1733 3018 1801 lingua
3047 1733 3216 1786 omnis
3245 1743 3296 1786 et
3318 1747 3444 1801 gens
3471 1733 3638 1786 omnis
3660 1730 3794 1784 haec

2237 1835 2422 1875 vocem
2452 1823 2643 1890 poterit
2671 1823 2938 1876 exaudire.
2970 1823 3084 1890 Quo
3111 1822 3317 1876 tandem
3349 1822 3537 1890 pacto?
3557 1821 3664 1875 Hoc
3689 1822 3795 1888 jam

2238 1909 2379 1975 audi,
2411 1919 2468 1964 ut
2497 1911 2756 1980 intelligas
2786 1927 2884 1978 qua
2914 1913 3114 1966 ratione
3137 1911 3320 1965 et-lum
3352 1911 3568 1965 tacendo
3597 1911 3795 1979 loqua-

2239 2011 2340 2055 tur.
2369 2001 2497 2056 Cum
2525 2003 2661 2056 enim
2689 2003 2880 2057 videris
2905 2004 3018 2071 ejus
3047 2002 3507 2070 pulchritudinem,
3537 2003 3794 2070 magnitu-

2237 2089 2411 2144 dinem
2435 2132 2452 2160 ,
2484 2093 2639 2145 situm
2665 2134 2679 2154 ,
2712 2092 3108 2161 perpetuitatem
3133 2133 3146 2154 .
3185 2093 3549 2161 splendorem,
3588 2101 3642 2146 et
3683 2092 3795 2144 ha-c

2237 2185 2409 2239 omnia
2455 2186 2704 2256 colligens
2747 2186 2882 2254 apud
2925 2195 2973 2240 te
3011 2185 3348 2240 Conditorem
3387 2183 3791 2254 glorificaveris,

2238 2274 2538 2328 Creatorem
2570 2276 2816 2342 laudaris,
2849 2285 2957 2330 tum
2984 2289 3163 2330 vocem
3191 2274 3364 2328 emisit
3392 2275 3596 2338 cadum,
3623 2283 3674 2326 et
3701 2287 3794 2340 per

2237 2365 2465 2433 linguam
2511 2364 2619 2419 Deo
2657 2365 2877 2435 gloriam
2917 2364 3226 2431 laudemque
3265 2364 3464 2419 detulit.
3500 2365 3665 2431 Atque
3694 2362 3794 2415 hoc

2239 2452 2365 2507 illud
2403 2462 2484 2508 est
2516 2454 2653 2522 quod
2681 2454 2851 2520 dixit,
2883 2455 3002 2508 Carli
3032 2463 3263 2508 enm-rant
3297 2454 3507 2524 gloriam
3535 2453 3647 2506 Dei.
3679 2454 3794 2518 Quo

2237 2545 2449 2599 tandem
2474 2544 2669 2602 modo?
2694 2545 2825 2600 Dum
2850 2545 2929 2600 sui
2958 2545 3249 2615 splendoris
3276 2545 3652 2614 pulchritudine
3675 2559 3794 2611 spe-

2236 2643 2489 2688 ctatorem
2519 2635 2569 2689 ln
2599 2634 2998 2694 admirationem
3028 2635 3301 2691 traducunt
3323 2634 3634 2690 Conditoris.
3663 2631 3792 2686 Cum

2236 2722 2376 2776 enim
2399 2733 2681 2792 conspecto
2704 2733 2846 2777 tanto
2867 2739 3024 2792 opere
3045 2725 3237 2778 dixeris
3260 2741 3273 2777 :
3298 2723 3473 2780 Gloria
3497 2723 3606 2786 tibi,
3635 2723 3791 2783 Deus,

2236 2813 2391 2884 quale
2416 2828 2605 2885 corpus
2631 2812 2928 2880 condidisti,
2955 2824 3008 2869 et
3033 2816 3083 2869 in
3112 2815 3283 2869 medio
3306 2813 3652 2869 constituisti!
3680 2812 3794 2866 ca'li

2235 2905 2458 2974 gloriam
2496 2904 2648 2958 istam
2687 2904 3020 2968 detulerunt,
3049 2912 3102 2956 et
3141 2913 3222 2956 tua
3265 2903 3437 2970 lingua
3468 2910 3674 2956 utentes
3703 2915 3797 2968 per

2235 3003 2503 3064 aspectum
2534 2994 2934 3050 admirationem
2957 2993 3326 3049 exhibuerunt.
3352 2993 3426 3048 Ita
3452 2994 3664 3048 silentes
3681 2993 3797 3061 glo-

2233 3086 2366 3140 riam
2394 3097 2446 3140 et
2481 3086 2735 3141 honorem
2782 3086 2890 3139 Deo
2927 3084 3202 3151 deferunt,
3228 3092 3281 3140 et
3324 3086 3456 3139 hanc
3487 3098 3668 3140 vocem
3697 3097 3794 3135 au-

2233 3176 2384 3231 diunt
2412 3191 2614 3230 omnes.
2645 3176 2866 3242 Quando
2902 3177 3043 3230 enim
3079 3175 3194 3230 hate
3235 3175 3429 3243 percipi
3470 3172 3644 3227 auditu
3689 3187 3793 3225 non

2237 3277 2473 3334 possunt,
2501 3266 2590 3320 sed
2614 3276 2826 3336 aspectu
2849 3275 2901 3319 et
2925 3267 3382 3334 contemplatione,
3409 3275 3648 3332 aspectus
3673 3279 3796 3332 por-

2235 3373 2298 3414 ro
2325 3375 2458 3414 unus
2490 3368 2571 3412 est
2597 3359 2866 3421 omnibus,
2898 3359 3101 3412 tametsi
3135 3358 3304 3427 lingua
3334 3357 3400 3410 sit
3429 3356 3675 3409 differens
3697 3395 3709 3416 ,
3742 3363 3795 3407 et

2235 3449 2488 3503 barbarus
2511 3487 2527 3512 ,
2557 3447 2765 3518 Scythae
2785 3488 2797 3508 ,
2839 3447 3067 3501 Thraces
3090 3488 3105 3511 ,
3137 3445 3340 3510 Mauri,
3368 3454 3422 3499 et
3463 3445 3570 3497 Indi
3614 3456 3793 3496 vocem

2235 3538 2390 3591 istam
2412 3537 2646 3602 audiunt,
2672 3539 2771 3590 hoc
2796 3545 2894 3599 est,
2920 3535 3225 3589 miraculum
3247 3542 3540 3592 cernentes.
3569 3533 3797 3600 pulchri-

2237 3629 2470 3684 tudinem
2495 3630 2948 3698 obstupeacentes,
2979 3627 3330 3696 splendorem,
3362 3625 3789 3695 magnitudinem,

2234 3719 2335 3772 alia
2363 3719 2536 3772 omnia
2557 3761 2571 3784 ,
2601 3734 2719 3788 quae
2757 3718 2822 3772 ad
2860 3718 3043 3773 calum
3085 3717 3382 3784 pertinent.
3411 3718 3498 3785 qui
3535 3724 3676 3770 recta
3705 3731 3789 3765 sa-

2236 3812 2404 3878 piunt,
2437 3809 2653 3875 gloriam
2683 3821 2734 3862 at
2765 3809 2969 3864 Iaudem
2997 3807 3220 3862 offerunt
3246 3807 3372 3860 Deo.
3402 3805 3627 3874 ldipsum
3656 3815 3703 3859 el
3727 3806 3793 3860 de

2237 3899 2321 3953 die
2351 3909 2507 3967 atque
2537 3907 2688 3952 nocte
2713 3899 2812 3954 dici
2847 3907 3031 3966 potest.
3063 3897 3128 3951 Ut
3157 3897 3295 3950 enim
3327 3897 3425 3950 hoc
3453 3895 3792 3965 pulchritudL

2237 4005 2325 4054 ne,
2357 3991 2480 4053 situ,
2514 3987 2888 4057 magnitudine,
2921 3987 3217 4055 splendore,
3251 3986 3501 4054 temporis
3530 3986 3793 4054 perpetui-

2238 4088 2344 4132 tate
2363 4121 2380 4145 ,
2408 4093 2533 4138 usu.
2563 4078 2872 4132 efficacitate
2891 4118 2906 4142 ,
2940 4077 3142 4130 caeteris
3169 4077 3410 4130 omnibus
3447 4084 3793 4142 spectatorem

2237 4170 2302 4222 ad
2329 4169 2730 4222 admirationem
2757 4167 3032 4222 traducens
3060 4165 3222 4220 efficit
3245 4206 3258 4231 ,
3289 4174 3343 4219 ut
3370 4165 3588 4235 gloriam
3612 4173 3664 4219 et
3692 4165 3793 4218 lm-

2239 4273 2420 4311 uorem
2463 4258 2734 4311 Conditori
2773 4257 3068 4314 deluamus
3101 4275 3113 4309 :
3147 4258 3214 4310 ita
3259 4272 3362 4310 uox
3399 4264 3453 4310 et.
3491 4256 3621 4312 dies.
3663 4257 3793 4311 Cum

2239 4349 2378 4401 enim
2419 4358 2618 4401 rectum
2660 4348 2845 4400 horum
2891 4358 3184 4417 temporum
3221 4347 3457 4401 ordinem
3489 4348 3710 4409 videris,
3744 4357 3798 4402 et

2241 4453 2343 4508 quo
2373 4447 2521 4506 pacto
2550 4453 2710 4505 penso
2736 4452 2832 4492 suo
2860 4437 3098 4492 absoluto
3127 4437 3237 4491 dies
3262 4447 3468 4492 noctem
3491 4454 3520 4490 e
3546 4439 3654 4491 suis
3676 4453 3796 4506 pro-

2239 4529 2434 4597 pellere
2462 4527 2707 4581 limitibus
2737 4543 2838 4581 non
2867 4526 3151 4590 contendit,
3183 4542 3279 4581 nec
3304 4528 3458 4581 ullam
3486 4543 3589 4595 prce
3615 4543 3671 4581 se
3697 4528 3799 4583 fert

2239 4632 2324 4672 res
2353 4618 2549 4671 alienas
2588 4616 2868 4684 usurpandi
2903 4617 3236 4684 cupiditatem
3267 4634 3280 4671 :
3312 4633 3482 4687 neque
3520 4629 3798 4686 propterea

2238 4707 2376 4776 quod
2426 4708 2532 4775 ipsa
2578 4707 2896 4775 splendidior
2931 4717 3042 4771 est,
3085 4715 3249 4761 totum
3293 4723 3551 4777 occupare
3590 4719 3800 4778 tempus

2239 4807 2477 4863 conatur,
2501 4797 2593 4851 sed
2619 4797 2815 4852 recedit
2838 4814 2849 4848 :
2873 4798 3163 4865 eodemque
3190 4798 3345 4852 modo
3365 4813 3546 4853 rursus
3571 4814 3671 4852 nox
3701 4813 3798 4852 suo

2239 4885 2477 4942 confecto
2499 4902 2653 4940 cursu
2676 4886 2776 4940 diei
2802 4887 2939 4939 cedit
2963 4905 2975 4938 :
3001 4896 3052 4938 et
3078 4887 3174 4940 hoc
3196 4902 3289 4955 per
3314 4896 3388 4940 tot
3411 4902 3576 4941 annos
3603 4887 3796 4942 factum

2240 4987 2339 5042 est,
2369 4993 2467 5032 nec
2492 4979 2593 5030 ulla
2623 4978 2858 5030 confusio
2887 4976 2969 5029 vel
3002 4978 3317 5044 perturbatio
3351 4979 3457 5032 visa
3487 4988 3586 5042 est,
3618 4985 3673 5030 et
3702 4993 3798 5031 nec

2241 5067 2337 5121 ista
2368 5067 2506 5120 illaut
2535 5067 2688 5133 ejccit
2713 5106 2726 5130 ,
2760 5080 2927 5133 neque
2969 5066 3052 5118 illa
3095 5066 3228 5119 hanc
3269 5065 3558 5130 fraudavit;
3593 5067 3800 5120 tametsi

2241 5157 2564 5226 splendidior
2594 5173 2725 5215 una,
2766 5165 2816 5207 et
2854 5156 3124 5208 obscurior
3150 5167 3227 5210 est
3261 5157 3422 5209 altera
3455 5173 3466 5206 :
3498 5171 3678 5208 rursus
3710 5171 3799 5210 rc-

2241 5259 2382 5300 ctum
2411 5246 2645 5299 ordinem
2680 5245 2896 5297 miratus
2937 5260 3036 5298 non
3083 5247 3188 5300 Dco
3214 5246 3431 5313 gloriam
3463 5255 3514 5298 et
3547 5245 3798 5299 honorem

2242 5337 2468 5391 offeres?
2492 5337 2553 5388 Et
2577 5334 3010 5402 quemadmodum
3038 5351 3245 5390 sorores
3265 5335 3378 5387 duae
3401 5335 3653 5388 benevole
3678 5351 3799 5404 erga

2243 5442 2300 5478 se
2325 5425 2546 5477 invicem
2576 5422 2802 5486 atiectm,
2835 5431 3100 5491 paternam
3143 5425 3482 5477 hereditatem
3511 5424 3559 5475 in
3594 5424 3725 5477 libra
3752 5436 3803 5478 et

2243 5515 2447 5568 bilance
2481 5513 2805 5580 partiuntur,
2833 5520 2886 5565 et
2917 5529 2980 5566 ne
3019 5515 3229 5566 minima
3257 5514 3466 5582 quidem
3501 5529 3559 5567 re
3585 5514 3689 5567 ulla
3721 5515 3799 5568 al-

2247 5619 2354 5660 tera
2382 5603 2602 5657 alterum
2635 5601 2834 5654 fraudat
2859 5621 2870 5654 :
2898 5604 2973 5656 sic
3002 5603 3243 5657 nimirum
3270 5615 3322 5658 et
3349 5618 3450 5658 nox
3475 5613 3527 5659 et
3553 5604 3668 5660 dies
3695 5617 3806 5659 toto

2248 5705 2481 5763 tempore
2513 5693 2647 5744 inter
2670 5704 2726 5744 se
2753 5691 2938 5757 diviso,
2965 5693 3090 5747 dum
3118 5709 3181 5748 tte
3210 5694 3420 5748 minima
3450 5694 3660 5749 quidem
3691 5696 3806 5764 ejus
