4064 6214
273 368 387 423 143

272 471 370 522 καὶ
399 469 775 540 παραδείσους,
796 469 889 522 καὶ
923 469 1233 539 σπέρματα,
1277 467 1369 519 καὶ
1403 464 1564 534 φυτὰ,
1602 459 1836 532 βοτανῶν

275 552 390 621 εἴδη
425 551 663 612 ποικίλα,
709 553 800 603 καὶ
841 551 1069 621 διάφορα
1109 551 1376 620 σχήματα,
1416 548 1509 600 καὶ
1546 543 1830 612 διαφόρους

275 632 575 702 ἐνεργείας.
606 634 697 685 καὶ
722 633 1005 703 διαφόρους
1031 633 1237 700 φύσεις,
1268 631 1302 684 ὃ.
1342 626 1612 697 πανταχοῦ
1641 625 1717 693 τῷ
1740 624 1829 674 κό-

278 731 400 784 σμῳ
422 714 645 784 περιιὼν
686 726 712 755 ι
751 713 847 766 ίδοι
871 732 953 778 τις
983 715 1076 768 ἄν·
1104 715 1274 767 καὶτὸ
1302 714 1454 783 σῶμα
1473 711 1571 778 τῆς
1591 707 1832 776 οίκουμέ-

276 813 374 864 νης
400 798 692 865 ἐπιτρέχων
719 794 794 864 τῷ
821 795 1080 864 λογισμῷ,
1116 797 1228 865 ἐρεῖ
1252 794 1386 863 μετά
1413 792 1502 844 τοῦ
1529 796 1826 860 Προφὴτου·

286 879 384 943 Ὠς
429 879 793 946 ἐμεγαλύνὼι
839 878 910 929 τὰ
941 877 1082 945 ἔργα
1118 893 1250 938 σου,
1290 877 1478 942 Κύριε.
1530 874 1726 926 Πάντα
1760 873 1828 924 ἐν

274 961 460 1026 σοφίᾳ
507 961 814 1026 ἐποίησας.
863 960 1025 1010 Ὠστε
1086 957 1133 1011 εί
1188 957 1362 1026 βούλει
1405 957 1625 1025 θέατρον
1677 956 1822 1016 ἰδεῖν,

273 1043 583 1095 καταλιπὼν
611 1044 783 1094 ἐκεῖνο
822 1041 880 1093 τὸ
927 1039 1232 1101 σατανικὸν,
1283 1039 1401 1091 ἐλθέ
1449 1039 1540 1089 ἐπὶ
1572 1035 1725 1087 τοῦτο
1764 1036 1824 1087 τὸ

273 1123 655 1193 πνευματικόν·
683 1122 829 1193 [146]
875 1125 922 1175 εί
970 1121 1144 1189 βούλει
1176 1120 1340 1190 λύρας
1381 1119 1626 1179 ἀκοῦσαι,
1667 1118 1823 1184 ἀφεὶς

271 1207 485 1273 ἐκείνην
522 1205 618 1274 τὴν
659 1205 936 1273 μελῳδίαν,
981 1204 1074 1256 καὶ
1119 1203 1179 1255 τὸ
1221 1203 1430 1256 εῦτονον
1468 1203 1563 1271 τῆς
1591 1199 1822 1260 διανοίας

272 1288 568 1347 συντείνας,
599 1286 716 1338 ἐλθέ
746 1287 836 1337 ἐπὶ
868 1286 1070 1356 ταύτην
1113 1286 1211 1354 τὴν
1249 1283 1610 1353 διεγείρουσάν
1645 1298 1735 1333 σου
1765 1281 1825 1334 τὸ

271 1369 542 1437 φρόνημα,
569 1366 858 1437 νευροῦσάν
889 1380 982 1419 σου
1011 1368 1108 1438 τὴν
1129 1367 1528 1435 διάνοιαν.”ορα
1557 1366 1823 1432 φθόγγους

269 1449 554 1519 διαφόρους
579 1449 669 1500 καὶ
692 1449 887 1519 νευρὰς
906 1449 1326 1518 ἐνηλλαγμένας,
1355 1447 1478 1516 μίαν
1505 1447 1596 1498 καὶ
1618 1461 1823 1514 παναρ-

271 1532 454 1601 μόνιον
491 1532 566 1600 τῷ
609 1532 960 1602 ἀριστοτέχνῃ
993 1531 1111 1599 Θεῷ
1154 1529 1482 1597 πανταχόθεν
1513 1528 1540 1567 b
1576 1528 1820 1594 ἀναπεμ-

267 1612 470 1672 πούσας
493 1611 796 1682 [μελῳδίαν.
815 1611 978 1682 Ὠσεὶ]
1006 1611 1114 1681 γάρ
1141 1629 1222 1673 τις
1252 1609 1505 1681 [φθόγγος
1529 1607 1620 1661 τοῦ
1655 1606 1818 1658 πνεύ-

269 1693 461 1765 ματος]
490 1697 552 1746 ἐκ
586 1694 854 1762 διαφόρων
894 1694 1142 1761 φθόγγων
1174 1692 1521 1760 συγκείμενος
1556 1690 1677 1758 μίαν
1706 1687 1817 1756 ἔχει

269 1777 553 1845 μελῳδίαν,
598 1776 694 1843 τὴν
733 1777 809 1838 είς
852 1777 942 1828 τὸν
987 1776 1284 1843 ποιήσαντα
1334 1772 1668 1839 δοξολογίαν·
1724 1771 1818 1822 καὶ

263 1858 455 1926 ἠχοῦσι
486 1859 580 1926 μὲν
603 1857 721 1910 καθ’
748 1857 944 1918 ἐαυτάς
971 1856 1030 1910 αί
1066 1855 1269 1926 νευραὶ,
1293 1854 1482 1923 ἠχοῦσι
1505 1853 1559 1905 δέ
1582 1853 1673 1904 καὶ
1700 1851 1815 1918 μετ’

263 1939 524 2009 ἀλλήλων.
568 1940 676 1990 Καὶ
719 1939 801 1990 ἴνα
843 1940 1018 2009 μάθῃς
1069 1938 1183 2000 πῶς
1221 1936 1340 1989 καθ’
1387 1935 1576 1996 ἑαυτὰς
1606 1933 1814 2003 ἠχοῦσι,

260 2020 490 2090 κροῦσον
520 2019 595 2088 τῷ
632 2019 869 2089 λογισμῷ
913 2020 1011 2088 τὴν
1050 2018 1246 2088 νευρὰν
1295 2017 1387 2069 τοῦ
1424 2015 1671 2085 οὐρανοῦ,
1723 2015 1815 2066 καὶ

259 2103 469 2172 ἀκούσῃ
502 2102 708 2170 μεγάλα
730 2103 986 2170 ἡχούσης.
1015 2101 1108 2152 καὶ
1136 2099 1211 2169 τῷ
1239 2099 1356 2168 Θεῷ
1391 2098 1544 2162 δόξαν
1575 2098 1816 2166 ἀναπεμ-

259 2184 490 2252 πούσης.
526 2185 700 2254 Ὀπερ
728 2180 818 2236 οῦν
851 2184 942 2236 καὶ
977 2186 1002 2234 6
1025 2181 1310 2254 Προφήτης
1341 2181 1582 2241 συνιδὼν,
1613 2180 1810 2248 ἔλεγεν

259 2268 330 2318 Οἱ
371 2266 607 2331 οὐρανοὶ
648 2265 984 2334 διηγοῦνται
1019 2264 1204 2327 δόξαν
1247 2263 1412 2325 Θεοῦ,
1465 2263 1711 2330 ποίησιν
1747 2261 1815 2313 δὲ

256 2345 470 2416 χειρῶν
498 2348 679 2400 αὐτοῦ
710 2347 1059 2415 ἀναγγέλλει
1086 2346 1150 2399 τὸ
1191 2345 1505 2413 στερέωμα.
1543 2344 1673 2396 ’Δπὸ
1716 2344 1814 2412 τῆς

255 2431 455 2499 νευρᾶς
485 2429 692 2497 ἐκείνης
725 2427 984 2497 μετάϐηθι
1019 2429 1110 2480 ἐπὶ
1141 2427 1236 2498 τὴν
1270 2427 1463 2496 νευρὰν
1489 2426 1584 2495 τῆς
1605 2426 1814 2495 ἡμέρας

256 2509 354 2562 καὶ
384 2510 479 2578 τῆς
510 2510 720 2570 νυκτὸς,
756 2511 850 2561 καὶ
874 2509 992 2577 ὄψει
1022 2511 1114 2561 καὶ
1141 2511 1360 2571 τούτους
1389 2508 1513 2570 τοὺς
1542 2508 1812 2574 φθόγγους

253 2591 424 2659 λύρας
456 2592 666 2660 ἀπάσης
698 2591 789 2643 καὶ
828 2591 1054 2660 κιθάρας
1089 2591 1220 2660 ἡδίω
1253 2591 1681 2660 φθεγγομένους·
1720 2589 1812 2640 καὶ

256 2672 512 2742 μάλιστα,
543 2673 663 2725 ὃταν
753 2690 834 2735 τις
866 2675 894 2725 6
935 2673 1032 2735 τὰς
1081 2673 1275 2741 νευρὰς
1320 2670 1519 2733 ταύτας
1551 2669 1813 2739 ἀνακρού-

256 2753 452 2806 σασθαι
482 2754 851 2822 ἐπιστάμενος.
887 2755 996 2810 Καὶ
1040 2753 1154 2815 πῶς
1181 2753 1406 2823 ἠχοῦσις
1451 2753 1600 2821 φησί.
1635 2751 1811 2819 Στόμα

252 2836 480 2905 οὐρανὸς
509 2836 566 2887 οὐ
596 2839 752 2896 κινεῖ,
798 2833 918 2887 οὐτε
949 2835 1209 2902 γλῶτταν,
1244 2834 1363 2885 οὐδέ
1391 2831 1661 2903 ὑπερῴαν,
1693 2833 1811 2884 οὐδέ

252 2919 494 2979 ὀδόντας,
530 2917 645 2969 οὐδὲ
673 2917 820 2987 χείλη
842 2932 855 2946 ·
895 2917 1010 2980 πῶς
1042 2914 1134 2969 οὖν
1162 2919 1193 2986 ὴ
1228 2917 1373 2986 φωνὴ
1404 2917 1640 2988 πρόεισι;
1695 2913 1812 2977 πῶς

250 2998 309 3050 δὲ
338 3000 368 3068 ἠ
398 2999 574 3068 ἡμέρα
604 2997 931 3066 φθέγγεται;
985 2999 1116 3051 Οὐδέ
1141 3000 1248 3067 γὰρ
1281 2997 1446 3050 ταῦτα
1474 2997 1675 3066 ὄργανα
1701 3013 1810 3063 φω-

253 3081 449 3147 νητικά
477 3081 641 3145 ἐστιν,
682 3080 813 3132 ἀλλὰ
845 3079 1040 3149 δρόμος
1067 3081 1211 3132 ἐστὶν
1242 3079 1389 3148 ἡλίου
1431 3078 1522 3130 καὶ
1562 3078 1805 3146 σελήνης,

249 3161 435 3230 ἡμέρα
459 3163 550 3213 καὶ
581 3161 692 3226 νύξ,
729 3162 918 3230 καιροῦ
952 3162 1201 3230 πάροδος.
1239 3162 1331 3213 Ἰν⁹
1366 3153 1457 3212 οὖν
1491 3161 1561 3230 μή
1597 3177 1677 3222 τις
1702 3161 1808 3212 τῶν

251 3243 570 3312 παχυτέρων
598 3243 768 3298 ταῦτα
800 3242 1009 3295 ἀκούων
1031 3241 1317 3312 θορυϐῆται
1343 3243 1436 3294 καὶ
1461 3241 1804 3311 ταράττηται,

249 3326 480 3378 ἄκουσον
511 3326 625 3387 πῶς
650 3323 974 3396 ὁΠροφήτης
997 3324 1386 3391 ἐπαγωνίζεται
1416 3322 1491 3392 τῷ
1513 3325 1804 3393 εἰρημένῳ.

251 3405 437 3459 Εἰπὼν
454 3408 578 3474 γὰρ,
609 3407 686 3458 ὅτι
715 3409 778 3460 Ol
801 3407 1037 3474 οὐρανοί
1067 3404 1404 3474 διηγοῦνται
1429 3403 1612 3467 δόξαν
1639 3405 1803 3469 Θεοῦ,

249 3489 348 3541 καὶ
369 3489 446 3540 ὅτι
483 3487 694 3557 Ἡμέρα
723 3488 795 3555 τῇ
826 3489 1013 3556 ἡμέρᾳ
1046 3488 1338 3554 ἐρεύγεται
1369 3485 1549 3554 ῥῆμα,
1576 3487 1671 3538 καὶ
1693 3487 1808 3551 νὺξ

248 3571 424 3622 νυκτὶ
452 3569 800 3637 ἀναγγέλλει
845 3569 1084 3636 γνῶσιν,
1111 3569 1207 3619 οὐκ
1238 3568 1363 3636 ἔστη
1401 3568 1560 3636 μέχρι
1597 3568 1802 3632 τούτου,

246 3653 366 3704 ἀλλ’
398 3654 673 3722 ἐπήγαγεν
700 3667 713 3678 ·
754 3653 872 3703 Οὐκ
912 3650 1030 3703 εἰσὶ
1079 3651 1299 3712 λαλιαὶ,
1327 3649 1466 3700 οὐδὲ
1513 3650 1695 3716 λόγοι,
1724 3649 1808 3701 ὧν

248 3733 387 3800 οὐχὶ
417 3736 728 3787 ἀκούονται
762 3736 819 3785 αι
843 3731 1028 3800 φωναὶ
1054 3730 1341 3785 αὑτῶν.Ὀ
1362 3731 1417 3782 δὲ
1447 3731 1609 3796 λέγει,
1632 3732 1806 3784 τοιοῦ-

245 3815 338 3866 τόν
372 3817 501 3866 ἐστι·
539 3816 600 3867 οὐ
629 3815 784 3882 μόνον
811 3814 989 3882 φωνὴν
1019 3812 1226 3880 ἔχουσιν
1247 3813 1423 3882 ἡμέρα
1448 3813 1538 3864 καὶ
1573 3813 1684 3875 νὺξ,
1713 3813 1805 3865 καὶ

244 3897 471 3966 οὐρανὸς
495 3908 542 3958 ο,
576 3897 710 3949 ἀλλὰ
735 3896 828 3947 καὶ
851 3894 1105 3962 τοιαύτην
1128 3894 1325 3963 φωνὴν,
1358 3895 1390 3963 ἢ
1413 3895 1507 3962 τῆς
1536 3893 1804 3964 ἀνθρωπί-

245 3995 346 4045 νης
385 3979 528 4030 ἐστὶν
555 3977 915 4048 εὐσημοτέρα,
944 3977 1036 4028 καὶ
1069 3975 1392 4043 σαφεστέρα,
1441 3976 1530 4026 καὶ
1577 3977 1802 4027 εὐτονω-

243 4060 398 4129 τέρα.
444 4060 565 4122 Πῶς
612 4062 706 4112 καὶ
754 4059 856 4110 τίνι
902 4059 1118 4126 τρόπῳ;
1165 4059 1422 4107 Ἄκουσον
1461 4056 1557 4124 τῆς
1597 4060 1804 4126 ρήσεως

242 4141 432 4209 αὐτῆς.
458 4144 577 4192 Οὐκ
595 4141 708 4192 εὶσὶ
733 4139 954 4202 λαλιαὶ,
984 4137 1122 4189 οὐδὲ
1149 4137 1333 4202 λόγοι,
1355 4130 1441 4186 ὧν
1463 4137 1593 4203 οὐχί
1625 4138 1802 4189 ἀκού-

242 4237 410 4273 ονται
455 4225 512 4271 αὶ
545 4220 729 4288 φωναὶ
776 4219 990 4272 αὐτῶν.
1041 4219 1104 4270 Τί
1147 4219 1260 4270 ποτ’
1293 4216 1384 4270 οῦν
1425 4217 1578 4270 τοῦτό
1623 4221 1800 4282 ἐστιν;

255 4301 556 4371 Ἐγκώμιον
581 4303 677 4370 τῆς
708 4301 906 4368 φωνῆς,
939 4300 1156 4362 ἔπαινος
1187 4299 1282 4367 τῆς
1313 4301 1546 4370 ὴχῆς.Ἢ
1579 4301 1673 4370 μὲν
1698 4299 1802 4370 γὰρ

240 4385 352 4454 ἐμὴ
391 4385 538 4454 φωνὴ
562 4383 637 4452 τῷ
661 4381 776 4451 ἐμῷ
806 4381 1074 4450 ὁμοφώνῳ
1097 4381 1390 4451 γνώριμος,
1426 4382 1803 4452 ἐτερογλώσσῳ

241 4467 300 4519 δέ
354 4466 553 4519 οὐκέτι.
600 4459 721 4518 Οῗόν
755 4481 806 4516 τι
852 4464 1011 4531 λέγω,
1061 4463 1262 4516 Ἐλλάδι
1304 4464 1665 4534 διαλεγομένῳ
1715 4482 1802 4534 μοι

240 4547 454 4617 γλώττῃ
502 4547 550 4611 τι,
591 4547 653 4600 ἀν
701 4546 874 4599 τοίνυν
920 4547 1017 4613 τὴν
1072 4545 1250 4613 φωνὴν
1294 4547 1403 4615 είδῇ
1452 4563 1555 4608 τις,
1603 4547 1803 4606 ἐκεῖνος

241 4629 529 4681 ἀκούσεταί
558 4645 654 4696 μου
676 4644 689 4658 ·
721 4630 748 4679 6
773 4628 830 4679 δέ
860 4625 1086 4695 Σκύθης,
1111 4627 1200 4678 καὶ
1225 4628 1252 4677 6
1279 4626 1443 4695 Θρᾷξ,
1475 4627 1566 4678 καὶ
1596 4627 1624 4676 6
1652 4627 1805 4678 Μαῦ-

242 4727 357 4780 ρος,
387 4711 480 4761 καὶ
505 4712 532 4762 6
560 4709 714 4771 Ἰνδὸς
737 4708 917 4760 οὐκέτι
941 4723 954 4735 ·
991 4710 1024 4776 ἡ
1052 4707 1158 4776 γὰρ
1187 4708 1414 4776 διαφορὰ
1439 4709 1536 4776 τῆς
1558 4709 1803 4777 γλώττης

239 4793 342 4844 οὐκ
390 4791 610 4861 ἀφίησιν
653 4789 889 4858 εὐσημον
919 4789 1067 4858 αὐτῷ
1104 4789 1355 4855 γενέσθαι
1382 4791 1480 4859 τὴν
1513 4791 1648 4859 ἐμὴν
1685 4791 1804 4844 διά-

240 4873 407 4940 λεξιν.

305 5029 332 5058 ⁸
373 5025 658 5087 Legendum
695 5030 833 5087 putat
878 5025 1113 5087 Saviilitis,
1159 5025 1459 5087 ἀπανταχοῦᾼ
1486 5024 1570 5072 τοῦ
1621 5026 1802 5084 κόσμου

239 5085 526 5150 περιιών,“ει
551 5086 879 5150 hgaegenuina
906 5086 1097 5150 videtur
1121 5098 1228 5133 esse
1255 5085 1415 5132 lectio.
1441 5085 1539 5132 Sed
1557 5088 1664 5132 sine
1689 5099 1800 5133 mss.

238 5147 530 5197 auctoritate
552 5147 670 5193 nihil
695 5152 882 5192 mutare
907 5148 1152 5193 audemus.

305 5209 333 5248 ι)
354 5205 513 5256 Hicin
547 5209 702 5254 lacera
727 5206 856 5252 serie
896 5207 1042 5252 verba
1069 5207 1165 5252 duo
1187 5207 1338 5253 triave
1382 5205 1799 5257 desiderabantur.

238 5269 329 5316 sed
352 5281 407 5315 ea
430 5268 808 5314 uncinisiuciusa
820 5265 1079 5319 damus,ne
1091 5268 1199 5325 quis
1221 5271 1356 5325 putet
1372 5278 1498 5312 eaex
1514 5267 1800 5312 auctoritate

237 5341 351 5377 mss.
369 5329 622 5388 proﬁcisci.
639 5327 832 5374 Certum
844 5326 1023 5384 quippe
1039 5334 1130 5388 est.
1145 5328 1184 5373 si
1200 5339 1292 5374 non
1309 5326 1479 5388 eadem
1490 5326 1634 5372 verba
1644 5339 1774 5388 ,_eam
1786 5353 1799 5359 -

236 5393 349 5437 dem
370 5385 509 5435 'certe
529 5388 741 5434 auctoris
765 5387 1058 5446 sententiam
1088 5385 1253 5443 fuisse,
1271 5395 1322 5433 ut
1344 5385 1500 5434 series
1521 5387 1619 5446 ipsa
1640 5386 1804 5433 docet.

303 5452 324 5522 ξ
348 5450 428 5522 εἰς
447 5450 632 5522 uptirpe
653 5447 869 5494 restituit
898 5445 1074 5492 Fronto
1101 5446 1512 5522 DuiirreusiLSa‘vilw
1543 5445 1697 5522 ἡμέρα
1721 5446 1801 5522 καὶ

235 5510 314 5564 νὺξ
343 5511 421 5556 καὶ
444 5506 530 5555 οὐκ
552 5509 806 5569 ἄνθρωπος,
846 5518 1012 5569 Vjeruru
1058 5507 1249 5569 conjicit
1286 5507 1371 5569 ille
1399 5508 1444 5569 iu
1472 5507 1683 5569 margine
1727 5506 1804 5552 ie-

235 5571 450 5631 gendum
474 5581 582 5616 esse
609 5566 688 5614 καὶ
708 5566 1084 5631 οὐρανόςκδιιιυιι
1107 5573 1268 5631 autem
1295 5568 1380 5613 οὐκ
1407 5567 1801 5631 Δοἰνθριιδπος,ἱοεξο

236 5625 308 5678 Ξὶο
332 5630 620 5690 impressum
645 5633 741 5683 est,
762 5625 889 5685 Quod
915 5625 1138 5690 librarius
1157 5627 1239 5687 οὐρ
1263 5639 1349 5687 pro
1372 5627 1456 5673 οὐκ
1481 5625 1725 5690 iiabuerit.
1750 5635 1803 5674 et

237 5689 347 5743 hoc
365 5686 454 5750 pro
464 5691 843 5750 évomoc,_quze
857 5698 942 5750 vox
959 5686 1070 5750 fere
1093 5686 1286 5750 semper
1304 5691 1364 5737 ita
1385 5687 1608 5737 scribitur
1623 5689 1668 5736 iu
1685 5701 1795 5736 mss.

300 5750 328 5790 4
347 5746 435 5800 Hic
456 5746 638 5812 aliquid
660 5746 858 5796 subesse
887 5747 986 5795 vitii
1010 5748 1238 5808 suspicor.

913 354 980 411 IN
1016 353 1221 411 ILLUD
1258 351 1488 419 ISAIAS,
1529 347 1662 404 EGO
1692 342 1995 402 DOMII‘US
2025 344 2199 402 DEUS
2226 347 2372 404 FECI
2404 349 2662 416 LUMEN,
2700 349 2854 406 ETC.

3356 357 3464 414 144

2015 459 2078 527 β’.
2107 462 2270 514 Πάλιν
2301 463 2406 531 ἐγὼ
2436 464 2525 517 τοῦ
2557 467 2756 519 Σκύθου
2778 468 2867 520 καὶ
2891 467 2983 520 τοῦ
3014 467 3224 540 Θρᾳκὸς
3241 471 3474 542 διαλεγο-

1937 540 2095 608 μένου
2123 545 2181 595 οὐ
2213 543 2505 615 δυνήσομαι
2534 548 2768 610 ἀκούειν,
2804 549 2920 602 οὐδὲ
2949 549 3133 620 ἔτερος
3163 554 3260 622 τῆς
3291 540 3473 623 ἐτέρου

1931 623 2169 695 γλώττης
2192 639 2205 654 ⁶
2248 628 2338 679 ἐπὶ
2380 629 2436 680 δὲ
2475 629 2566 682 τοῦ
2595 630 2840 700 οὐρανοῦ,
2878 632 2970 684 καὶ
3006 633 3214 695 νυκτὸς,
3253 637 3345 688 καὶ
3376 639 3473 706 τῆς

1931 707 2140 777 ἡμέρας
2168 710 2267 761 οὐκ
2300 711 2413 764 ἔστι
2447 713 2620 776 τοῦτο,
2651 713 2785 766 ἀλλὰ
2819 714 3036 783 τοιαύτη
3063 715 3241 767 αὐτῶν
3269 718 3413 770 ἐστιν
3439 720 3472 787 ή

1929 791 2099 872 φωνὴ,
2119 791 2192 853 ώς
2211 793 2358 864 πάσῃ
2374 793 2602 864 γλώττῃ,
2623 796 2768 872 πάσῃ
2783 795 2957 863 λαλιᾷ,
2977 798 3137 848 παντὶ
3162 797 3299 849 ἔθνει
3324 798 3473 872 [147]

1926 869 2236 926 ἀκούεσθαι.
2262 876 2352 926 καὶ
2382 874 2598 944 εὔδηλον
2628 871 2762 927 εἶναι
2791 876 2882 928 καὶ
2916 876 3078 944 σαφῆ.
3109 876 3205 929 Διὰ
3223 878 3376 932 τοῦτο
3399 869 3474 931 ei;

1929 950 2064 1012 πὼν,
2093 953 2171 1004 ὅτι
2211 957 2274 1006 Οἱ
2317 955 2556 1020 οὐρανοὶ
2582 955 2918 1023 διηγοῦνται
2945 956 3127 1018 δόξαν
3160 959 3323 1023 Θεοῦ,
3355 963 3464 1013 καὶ.

1940 1034 2151 1103 Ἡμέρα
2193 1034 2268 1101 τῇ
2293 1037 2477 1103 ἡμέρᾳ
2505 1038 2796 1104 ἐρεύγεται
2815 1036 2996 1104 ῥῆμα,
3032 1040 3330 1106 ἐπήγαγεν·
3350 1043 3470 1093 οὐκ

1926 1116 2040 1167 εἰσὶ
2058 1118 2276 1178 λαλιαὶ,
2294 1118 2630 1186 οὐδὲλόγοι,
2643 1112 2728 1170 ὧν
2741 1120 2873 1187 οὐχὶ
2890 1121 3200 1174 ἀκούονται
3213 1125 3270 1176 αι
3286 1125 3470 1189 φωναὶ

1924 1196 2134 1250 αὐτῶν.
2161 1201 2224 1249 Ὃ
2262 1198 2316 1250 δὲ
2361 1198 2526 1266 λέγει,
2557 1201 2791 1252 τοιοῦτόν
2819 1202 2962 1252 ἐστι’
3011 1201 3260 1271 τοιαύτην
3290 1203 3468 1272 έχουσι

1923 1277 2128 1336 λαλιὰν,
2167 1281 2257 1332 καὶ
2301 1281 2550 1351 τοιαύτην
2591 1282 2770 1351 ἔχουσι
2803 1284 2982 1351 φωνὴν
3011 1285 3044 1353 ὴ
3081 1284 3278 1355 ἡμέρα,
3310 1287 3402 1338 καὶ
3435 1290 3466 1355 ἠ

1922 1360 2030 1423 νὺξ.
2068 1363 2160 1412 καὶ
2192 1365 2219 1414 6
2241 1363 2482 1431 οὐρανὸς,
2509 1366 2601 1416 καὶ
2633 1364 2696 1416 τὰ
2725 1364 2994 1433 κτίσματα
3020 1367 3246 1427 ἅπαντα,
3268 1367 3341 1429 ὡς
3367 1371 3468 1422 πά-

1924 1459 2043 1497 σαις
2080 1447 2198 1506 ταῖς
2243 1444 2468 1509 λαλιαῖς,
2505 1446 2764 1509 τουτέστι,
2811 1448 3008 1508 πάσαις
3032 1449 3150 1509 ταῖς
3186 1447 3464 1516 γλώτταις,

1923 1525 2052 1575 πᾶσι
2089 1527 2200 1586 τοῖς
2231 1525 2435 1579 ἔθνεσιν
2480 1527 2767 1580 ἀκούεσθαι
2814 1528 2992 1580 αὐτῶν
3025 1528 3122 1596 τὴν
3163 1531 3358 1599 φωνήν.
3393 1533 3464 1582 Οὐ

1919 1607 2024 1674 γάρ
2041 1609 2154 1659 ἐστι
2191 1608 2363 1672 λαλιὰ,
2387 1614 2538 1680 φησὶ,
2567 1611 2858 1672 τουτέστιν,
2889 1611 2986 1664 οὐκ
3014 1611 3158 1664 ἔστιν
3185 1611 3350 1676 ἔθνος,
3369 1615 3471 1666 οὐκ

1919 1686 2030 1738 ἐστι
2063 1689 2231 1757 φωνὴ,
2271 1690 2396 1743 ἔνθα
2443 1690 2516 1759 μὴ
2553 1691 2805 1744 ἀκούεται
2836 1694 2867 1761 ὴ
2907 1693 3054 1761 φωνὴ
3084 1692 3173 1744 τοῦ
3202 1693 3426 1763 οὐρανοῦ
3449 1712 3460 1724 ·

1916 1769 2049 1829 ἀλλά
2077 1771 2170 1822 καὶ
2193 1773 2220 1823 6
2255 1772 2482 1842 Σκύθης,
2515 1774 2605 1825 καὶ
2635 1773 2662 1824 6
2687 1774 2853 1843 Θρᾷξ,
2884 1775 2974 1826 καὶ
2993 1777 3020 1825 6
3049 1773 3286 1844 Μαῦρος,
3317 1777 3406 1828 καὶ
3437 1779 3465 1828 6

1930 1854 2104 1916 Ἰνδὸς,
2128 1857 2218 1908 καὶ
2242 1857 2268 1906 6
2292 1857 2663 1926 Σαυρομάτης,
2689 1859 2781 1910 καὶ
2813 1860 2956 1911 πᾶσα
2989 1859 3166 1919 λαλιὰ,
3198 1861 3288 1911 καὶ
3316 1861 3462 1911 πᾶσα

1915 1934 2144 2004 γλῶττα,
2170 1939 2264 1990 καὶ
2303 1941 2408 1991 πᾶν
2439 1938 2586 2000 ἔθνος
2615 1940 2894 2009 δυνήσεται
2935 1941 3133 2002 ταύτης
3174 1941 3468 1993 ὑπακούειν-

1913 2017 2010 2086 τῆς
2069 2019 2266 2088 φωνῆς.
2319 2020 2440 2082 Πῶς
2488 2021 2580 2073 καὶ
2631 2021 2734 2072 τίνι
2795 2022 3009 2090 τρόπῳ;
3064 2020 3232 2074 Τοῦτο
3279 2022 3463 2076 λοιπὸν

1915 2098 2096 2162 ἄκουε,
2135 2100 2217 2151 ἵνα
2255 2100 2431 2173 μάθῃς
2459 2102 2572 2162 πῶς
2621 2101 2781 2168 σιγῶν
2818 2105 2846 2153 6
2889 2102 3111 2172 οὐρανὸς
3151 2103 3456 2171 φθέγγεται.

1915 2180 2078 2255 ’ίΟταν
2119 2183 2226 2252 γὰρ
2268 2183 2384 2252 τδῃς
2421 2182 2582 2234 αὐτοῦ
2622 2183 2680 2236 τὸ
2725 2184 2936 2247 κάλλος,
2984 2184 3043 2236 τὸ
3085 2184 3329 2253 μέγεθος,
3363 2187 3462 2255 τὴν

1915 2251 2078 2325 θέσιν,
2104 2263 2164 2314 τὸ
2190 2251 2425 2331 διαρκὲς,
2456 2264 2554 2334 τὴν
2580 2265 2929 2334 φαιδρότητα,
2960 2267 3052 2318 καὶ
3079 2251 3246 2319 ταῦτα
3287 2251 3460 2321 πάντα

1916 2344 2233 2412 συναγαγὼν
2279 2345 2429 2414 παρὰ
2475 2346 2673 2416 σαυτῷ,
2714 2345 2938 2419 δοξάσῃς
2979 2346 3070 2399 τὸν
3101 2348 3456 2418 Δημιουργὸν.

1912 2427 2235 2496 εὐφημήσῃς
2266 2427 2354 2478 τὸν
2384 2429 2702 2497 ποιήσαντα,
2735 2431 2762 2481 6
2792 2427 3015 2498 οὐρανὸς
3052 2430 3230 2499 φωνὴν
3259 2431 3454 2500 ἀφῆκε.

1910 2506 1996 2558 διὰ
2040 2505 2136 2575 τῆς
2178 2505 2419 2576 γλώττης
2467 2508 2788 2579 ἀναπέμψας
2835 2510 2913 2579 τῷ
2959 2511 3075 2580 Θεῷ
3121 2510 3293 2576 δόξαν.
3348 2514 3461 2565 Καὶ

1909 2586 2066 2639 τοῦτό
2095 2589 2205 2640 ἐστι
2237 2588 2296 2640 τὺ
2327 2590 2444 2659 είρη
2455 2589 2629 2659 μένον,
2655 2591 2734 2643 ὅτι
2770 2595 2832 2644 Ol
2857 2592 3096 2659 οὐρανοὶ
3121 2591 3456 2659 διηγοῦνται

1910 2670 2098 2732 δόξαν
2129 2670 2293 2724 Θεοῦ.
2335 2671 2456 2733 Πῶς
2504 2675 2596 2725 καὶ
2630 2675 2734 2727 τίνι
2765 2673 2979 2744 τρόπῳ;
3026 2675 3128 2726 Τὸν
3164 2673 3357 2746 θεατὴν
3383 2676 3458 2745 τῷ

1910 2751 2094 2805 κάλλει
2133 2752 2228 2822 τῆς
2260 2754 2462 2817 οἰκείας
2485 2756 2831 2826 φαιδρότητος
2863 2760 2940 2820 είς
2967 2755 3147 2828 θαῦμα
3179 2759 3458 2830 παραπέμ-

1910 2848 2096 2896 ποντες
2119 2832 2210 2885 τοῦ
2227 2835 2584 2905 Δημιουργοῦ.
2628 2836 2792 2889 Ὅταν
2828 2837 2934 2905 γὰρ
2967 2837 3090 2890 ἰδὼν
3125 2839 3185 2892 τὸ
3215 2840 3449 2892 τοιοῦτον

1908 2912 2085 2984 ἔργον,
2119 2916 2294 2987 εῐπῃς,
2311 2917 2446 2981 Δόξα
2468 2934 2570 2980 σοι,
2586 2920 2613 2970 6
2637 2917 2785 2979 Θεὸς,
2807 2919 2990 2987 ἡλίκον
3022 2920 3174 2989 σῶμα
3198 2922 3455 2990 είργάσω,

1908 2997 1999 3049 καὶ
2027 2999 2084 3048 ἐν
2117 2997 2191 3066 τῷ
2229 2997 2377 3067 μέσῳ
2419 2998 2697 3061 τέθεικαςο
2746 3001 2794 3050 οἱ
2848 3002 3061 3070 οὐρανοῖ
3109 3012 3133 3040 ο
3178 3004 3276 3073 τὴν
3303 3003 3457 3067 δόξαν

1907 3077 2108 3146 ταύτην
2144 3079 2463 3146 ἀνήνεγκαν,
2509 3083 2573 3150 τῇ
2614 3083 2678 3150 σῇ
2729 3081 2934 3154 ¹γλώττῃ
2984 3085 3330 3154 χρησάμενοι,
3365 3089 3456 3139 καὶ

1907 3157 1993 3210 διὰ
2029 3161 2124 3228 τῆς
2151 3158 2322 3227 ὂψεως
2353 3159 2412 3210 τὸ
2439 3159 2617 3230 θαῦμα
2649 3163 3123 3232 παραπέμποντες.
3181 3165 3333 3220 Οὕτω
3378 3185 3456 3220 σι-

1907 3237 2106 3304 γῶντες
2135 3239 2461 3310 ἀναφέρουσι
2503 3241 2657 3305 δόξαν
2698 3243 2773 3313 τῷ
2811 3243 2946 3314 Θεῷ,
2996 3247 3086 3298 καὶ
3125 3248 3321 3317 ταύτης
3358 3251 3457 3317 τῆς

1908 3320 2086 3401 φωνῆς
2116 3321 2310 3385 πάντες
2340 3323 2639 3378 ἀκούουσιν.
2661 3324 2874 3394 Ἐπειδὴ
2893 3325 2999 3395 γὰρ
3026 3329 3123 3380 οὐκ
3151 3329 3292 3381 ἔστιν
3318 3331 3452 3401 ἀκοῇ

1906 3400 2072 3452 ταῦτα
2110 3401 2315 3470 μαθεῖν,
2363 3404 2475 3456 ἀλλ’
2513 3404 2629 3472 ὕψει
2682 3407 2773 3458 καὶ
2815 3406 3032 3476 θεωρίᾳ,
3082 3407 3198 3476 ὄψις
3240 3410 3294 3462 δὲ
3321 3400 3454 3464 nisi

1910 3482 2024 3549 μία.
2059 3485 2105 3534 εἰ
2154 3485 2244 3535 καὶ
2289 3486 2319 3552 ἡ
2356 3485 2564 3551 γλῶττα
2605 3487 2877 3556 διάφορος,
2913 3487 3004 3539 καὶ
3034 3487 3328 3558 Βάρϐαρος,
3360 3493 3452 3544 καὶ

1907 3563 2123 3626 Σκύθαι,
2155 3565 2246 3614 καὶ
2276 3565 2505 3633 Θρᾷκες,
2530 3567 2622 3618 καὶ
2660 3566 2890 3636 Μαῦροι,
2931 3568 3020 3619 καὶ
3069 3570 3216 3622 Ἰνδοὶ
3255 3572 3452 3643 ταύτης

1906 3645 2157 3696 ἀκούουσι
2191 3647 2287 3713 τῆς
2321 3647 2519 3716 φωνῆς,
2557 3649 2816 3712 τουτέστι,
2850 3649 2910 3701 τὸ
2943 3649 3122 3718 θαῦμα
3151 3651 3448 3720 βλέποντες,

1904 3726 1963 3776 τὸ
1990 3727 2180 3789 κάλλος
2205 3728 2643 3799 ἐκπληττόμενοι,
2689 3730 2785 3800 τὴν
2823 3732 3164 3802 φαιδρότητα,
3201 3734 3261 3784 τὸ
3295 3735 3451 3804 μέγε-

1907 3807 2016 3868 θος,
2041 3809 2106 3858 τὰ
2123 3808 2255 3860 ἄλλα
2281 3809 2493 3862 ᾶπαντα
2522 3812 2586 3862 τὰ
2615 3812 2747 3881 πρὸς
2776 3812 2863 3864 τὸν
2887 3813 3126 3882 οὐρανὸν,
3146 3813 3298 3877 δόξαν
3326 3818 3451 3869 ἀνα-

1907 3891 2125 3958 φέρουσι
2172 3892 2247 3960 τῷ
2286 3892 2603 3961 Δημιουργῷ
2644 3895 2692 3943 οἱ
2745 3894 2921 3954 καλῶς
2976 3893 3312 3963 φρονοῦντες.
3377 3899 3448 3950 Τὸ

1906 3974 2033 4024 αὐτὸ
2061 3975 2152 4024 καὶ
2187 3975 2309 4041 περὶ
2341 3973 2440 4039 τῆς
2479 3975 2686 4042 ἡμέρας
2730 3976 2821 4027 καὶ
2853 3976 2950 4044 τῆς
2982 3979 3168 4038 νυκτὸς
3200 3980 3343 4030 ἐστιν
3376 3983 3450 4032 εί-

1907 4058 2044 4104 πεῐν.
2071 4055 2274 4122 ’Ὠσπερ
2304 4045 2454 4114 οὗτος
2479 4053 2552 4122 τῷ
2580 4055 2781 4114 κάλλει,
2815 4060 2879 4126 τῇ
2912 4056 3072 4120 θέσει,
3106 4059 3181 4128 τῷ
3212 4061 3446 4128 μεγέθει,

1903 4140 1968 4203 τῇ
2005 4135 2331 4205 φαιδρότητι,
2364 4134 2438 4202 τῷ
2470 4135 2677 4206 διαρκεῖ
2710 4137 2801 4189 τοῦ
2843 4139 3050 4207 χρόνου,
3079 4143 3142 4210 τῇ
3173 4143 3343 4211 χρείᾳ,
3382 4147 3446 4213 τῇ

1906 4219 2170 4286 ἐνεργείᾳ,
2201 4221 2309 4280 τοῖς
2329 4217 2504 4280 ἀλλοις
2534 4219 2731 4271 ἅπασιν
2754 4221 2830 4280 είς
2861 4220 3041 4290 θαῦμα
3071 4225 3447 4292 παραπέμπων

1903 4298 1991 4348 τὸν
2030 4299 2241 4368 θεατὴν,
2291 4303 2433 4352 ποιεῖ
2468 4297 2620 4362 δόξαν
2664 4301 2950 4369 ἀναφέρειν
2988 4300 3062 4369 τῷ
3097 4304 3444 4373 Δημιουργῷ·

1903 4379 2039 4431 οὕτω
2073 4379 2166 4442 νὺξ
2212 4381 2302 4431 καὶ
2331 4380 2524 4449 ἡμέρα.
2560 4381 2725 4432 Ὅταν
2754 4381 2860 4450 γὰρ
2911 4381 3022 4452 ἴδῃς
3062 4384 3159 4452 τὴν
3197 4384 3449 4449 εὐταξίαν

1910 4463 2007 4514 τῶν
2034 4461 2234 4531 καιρῶν
2259 4462 2482 4523 τούτων,
2519 4462 2608 4513 καὶ
2653 4461 2762 4524 πῶς
2795 4464 2854 4514 τὸ
2882 4465 3074 4515 οἰκεῖον
3105 4466 3447 4536 ἀπαρτίσασα

1907 4545 2099 4612 μέτρον
2129 4545 2159 4610 ἠ
2185 4542 2383 4612 ἡμέρα,
2409 4543 2468 4594 οὐ
2498 4543 2785 4610 φιλονεικεῖ
2810 4543 2904 4613 τὴν
2927 4544 3090 4598 νύκτα
3120 4547 3314 4610 ἐξῶσαι
3343 4549 3448 4601 τῶν

1903 4625 2112 4676 οἰκείων
2161 4625 2320 4693 ὅρων,
2364 4625 2481 4677 οὐδὲ
2537 4624 2842 4690 πλεονεξίαν
2900 4629 3019 4680 τινὰ
3066 4629 3443 4693 ἐπιδείκνυται,

1903 4704 2038 4766 οὐδὲ,
2074 4705 2258 4774 ἐπειδὴ
2311 4707 2633 4775 φαιδροτέρα
2682 4708 2824 4758 ἐστὶν
2871 4709 3056 4779 αὐτῆς,
3100 4709 3188 4761 τὸν
3238 4721 3447 4764 απαντα

1906 4785 2141 4853 βιάζεται
2173 4791 2460 4856 κατασχεῖν
2487 4789 2691 4857 χρόνον,
2719 4789 2830 4840 ἀλλ’
2854 4791 3150 4860 ἀναχωρεῖ·
3185 4793 3274 4843 καὶ
3298 4794 3328 4859 ἡ
3355 4791 3449 4855 νὺξ

1904 4868 1961 4919 τὸ
1997 4868 2124 4920 αὐτὸ
2155 4869 2334 4931 πάλιν,
2375 4871 2713 4938 ἁπαρτίσασα
2752 4870 2841 4920 τὸν
2887 4872 3050 4938 αὐτῆς
3089 4873 3301 4941 δρόμον,
3343 4891 3446 4924 πα-

1911 4954 2142 5020 ραχωρεῖ
2177 4954 2240 5020 τῇ
2284 4951 2482 5020 ἡμέρα,
2533 4954 2622 5002 καὶ
2661 4950 2811 5002 τοῦτο
2857 4953 2944 5001 ἐπὶ
2990 4953 3252 5015 τοσούτοις
3307 4957 3447 5008 ἐτεςι

1904 5032 2110 5097 γέγονε,
2144 5035 2232 5082 καὶ
2266 5032 2488 5099 οὐδεμία
2521 5032 2791 5099 σύγχυσις,
2823 5031 2938 5082 οὐδὲ
2961 5035 3189 5102 ταραχὴ,
3215 5038 3304 5087 καὶ
3328 5037 3448 5090 οῦτε

1904 5106 2035 5178 αῦτη
2083 5111 2348 5180 ἐξώθησεν
2395 5114 2624 5181 ἐκείνην,
2672 5111 2790 5163 οὐτε
2839 5113 3016 5182 ἐκείνη
3065 5115 3448 5186 ἐπλεονέκτησε

1903 5193 2121 5260 ταύτην,
2148 5193 2320 5246 καίτοι
2354 5196 2386 5262 ἡ
2425 5193 2520 5261 μὲν
2546 5193 2889 5264 φαιδροτέρα,
2919 5197 2950 5263 ὴ
2985 5197 3038 5248 δέ
3060 5196 3445 5268 ζοφωδεστέρα·

1906 5276 2061 5328 πάλιν
2087 5275 2183 5344 τὴν
2210 5275 2456 5337 εὐταξίαν
2490 5273 2790 5341 θαυμάσας,
2835 5276 2893 5326 οὐ
2927 5276 3080 5339 δόξαν
3117 5279 3451 5347 ἀναπέμψεις

1904 5356 2020 5425 Θεῷ
2046 5373 2058 5419 ;
2097 5358 2203 5408 Καὶ
2238 5355 2484 5424 καθάπερ
2514 5356 2737 5423 ἀδελφαὶ
2764 5357 2854 5408 δύο
2883 5359 3091 5420 οἰκείως
3123 5360 3253 5429 πρὸς
3289 5361 3449 5428 ἀλλή-

1904 5437 1994 5500 λας
2036 5438 2079 5508 [1
2093 5437 2180 5508 48]
2214 5437 2566 5505 διακείμεναι,
2611 5439 2854 5508 πατρῷον
2886 5440 3286 5508 διανειμάμεναι
3319 5442 3449 5509 κλῆ·

1909 5539 1996 5589 ρον
2022 5525 2076 5574 ἐν
2106 5520 2359 5588 σταθμοῖς
2404 5522 2494 5571 καὶ
2522 5519 2722 5588 ζυγοῖς,
2748 5521 2866 5574 οὐδὲ
2894 5523 2951 5573 τὸ
2976 5524 3131 5591 τυχὸν
3166 5523 3325 5592 ἐτέρα
3352 5523 3451 5592 τὴν

1968 5685 1989 5712 ε
2018 5681 2084 5727 ita
2111 5678 2254 5726 Savil.
2285 5683 2432 5725 recte.
2470 5679 2518 5724 iu
2549 5678 2738 5738 Morel.,
2767 5688 2930 5728 autem
2955 5679 3007 5726 οὐ
3032 5679 3232 5738 οὐρανοί,
3259 5681 3452 5736 mendo.

1907 5749 1956 5790 ut
1980 5741 2183 5791 videtur.
2212 5739 2570 5800 lypographiou.
