4064 6214
620 357 731 412 145

609 460 802 530 ἐτέραν
831 459 1173 514 πλεονεκτεῖ·
1207 457 1346 511 οὕτω
1385 457 1449 528 δὴ
1480 457 1574 510 καὶ
1615 457 1710 523 νύξ
1739 457 1832 511 καὶ
1865 457 2043 527 ήμέρα
2066 460 2155 509 τὸν

610 541 797 610 χρόνον
858 538 1069 594 ἃπαντα
1120 537 1438 608 διελόμεναι,
1495 535 1761 606 τοσαύτην
1817 536 2157 607 διατηροῦσιν

614 623 850 690 ἰσότητα,
880 622 998 674 οὐδέ
1023 621 1082 673 τὸ
1114 619 1271 688 τυχὸν
1296 618 1529 690 ἀλλήλας
1567 617 1998 680 πλεονεκτοῦσαι,
2030 618 2160 687 ὅσην

612 709 728 758 ῖστε
759 705 845 758 διὰ
873 705 968 773 τῆς
1000 705 1192 773 πείρας
1217 703 1383 772 αὐτῆς
1419 701 1697 772 μαθόντες.
1725 700 2091 753 ’Δκουέτωσαν
2111 701 2160 752 οί

614 785 946 846 πλεονέκται,
979 785 1070 837 καὶ
1098 785 1221 846 τούς
1247 782 1503 850 ἀδελφοὺς
1530 781 1882 850 ἐξωθούμενοι
1904 780 1997 833 τοῦ
2028 780 2159 849 κλή-

615 883 735 934 ρου·
780 864 1125 917 αἰδείσθωσαν
1153 863 1259 916 τῶν
1289 863 1491 931 καιρῶν
1529 862 1627 932 τὴν
1659 862 1928 927 εὐταξίαν,
1973 862 2162 923 νυκτὸς

613 948 706 1000 καὶ
733 946 938 1018 ἡμέρας
960 946 1057 1014 τὴν
1092 946 1494 1014 ἰσηγορίαν,καὶ
1532 943 1941 996 καταλυέτωσαν
1963 943 2023 994 τὸ
2045 944 2163 994 ἐαυ-

610 1029 718 1080 τῶν
745 1028 969 1096 νόσημα.
1001 1026 1154 1080 Οὐτω
1175 1026 1350 1078 τοίνυν
1395 1024 1586 1094 Ημέρα
1614 1024 1687 1092 τῇ
1724 1024 1910 1093 ἡμέρᾳ
1935 1025 2161 1094 ἐρεύγε-

611 1127 704 1162 ται
735 1108 916 1176 ῥῆμα,
948 1108 1045 1160 καὶ
1077 1107 1190 1170 νὺξ
1231 1107 1400 1160 νυκτί
1433 1105 1785 1175 ἀναγγέλλει
1825 1104 2064 1173 γνῶσιν,
2099 1107 2158 1158 οὐ

612 1191 792 1259 φωνὴν
821 1192 1083 1257 ἀφιεῖσαι,
1116 1188 1248 1241 ἀλλά
1275 1187 1360 1241 διὰ
1383 1188 1485 1256 τῆς
1503 1187 1773 1251 εὐταξίας,
1795 1189 1886 1240 καὶ
1913 1185 2004 1239 τοῦ
2037 1188 2161 1257 ρυθι

614 1273 738 1340 μοῦ,
763 1273 853 1324 καὶ
888 1271 986 1339 τῆς
1015 1271 1274 1340 ἰσότητος,
1311 1269 1526 1323 καὶτῶν
1555 1268 2039 1340 ἀπαρεμποδίστων
2070 1267 2162 1336 μέ·-

609 1371 773 1424 τρων,
809 1353 1104 1420 σάλπιγγος
1151 1351 1522 1422 λαμπρότερον
1552 1350 1642 1403 τὸν
1657 1351 1990 1420 Δημιουργδν
2034 1350 2160 1402 ἀνα-

612 1436 989 1506 κηρύττουσαι,
1029 1435 1125 1486 οὐκ
1154 1435 1210 1486 ἐν
1240 1435 1337 1503 μιᾷ
1367 1435 1465 1501 τῆς
1485 1432 1802 1502 οἰκουμένης
1835 1430 2024 1499 γωνίᾳ,
2048 1430 2159 1482 ἀλλ’

610 1519 740 1586 ὃσην
761 1518 790 1569 6
810 1516 957 1587 ἥλιος
982 1517 1150 1599 ἐφορᾷ
1184 1516 1305 1599 γῆν.
1336 1507 1502 1566 Αὖται
1530 1513 1637 1599 γάρ
1670 1515 1740 1599 αἰΔ
1755 1512 1926 1599 φωναὶ
1958 1527 2162 1599 παντας

612 1599 704 1668 χοῦ
744 1600 839 1669 τῆς
881 1597 1199 1666 οἰκουμένης
1239 1597 1514 1667 φέρονται,
1571 1593 1773 1663 ἐπειδή
1812 1593 2081 1662 πανταχοῦ
2132 1593 2161 1645 6

611 1681 856 1750 οὐρανὸς,
878 1679 970 1732 καὶ
994 1677 1260 1749 πανταχοῦ
1285 1677 1483 1748 ήμέρα,
1509 1676 1602 1730 καὶ
1634 1673 1908 1745 πανταχοῦ
1932 1674 2048 1738 νὺξ,
2069 1675 2160 1728 καὶ

611 1762 708 1832 τὴν
736 1759 1079 1814 διδασκαλίαν
1121 1760 1300 1814 αὐτῶν
1333 1758 1630 1812 ἐκτείνουσι
1656 1757 1748 1809 καὶ
1785 1758 1840 1808 ἐν
1869 1758 1957 1825 γῇ,
1987 1757 2077 1808 καί
2104 1758 2160 1808 ἐν

611 1843 864 1913 θαλάττῃ.
908 1840 1004 1894 Διά
1046 1840 1202 1893 τοῦτο
1238 1842 1266 1893 6
1297 1843 1588 1911 Προφήτης
1630 1839 1730 1891 οὐκ
1771 1834 1919 1890 εἶπεν
1957 1837 2157 1902 ἁπλῶς,

610 1925 691 1978 ὅτι
729 1925 778 1977 οἰ
815 1925 1031 1995 οὐρανοὶ
1078 1922 1397 1991 φθέγγονται
1437 1921 1591 1985 δόξαν
1626 1921 1780 1986 Θεοῦ,
1837 1920 1989 1984 ἀλλὰ,
2030 1923 2159 1988 Διη-

611 2006 870 2072 avo-ﬁrme,
904 2004 1163 2064 τουτέστι,
1199 2004 1291 2056 καὶ
1320 2003 1535 2072 ἐτέρους
1561 2002 1890 2062 παιδεύουσι,
1924 2002 2016 2054 καὶ
2056 2018 2158 2070 μα-

612 2087 777 2156 θητὰς
810 2086 987 2155 έχουσι
1024 2085 1083 2138 τὸ
1118 2085 1226 2139 τῶν
1253 2083 1550 2156 ἀνθρώπων
1572 2083 1746 2151 γένος,
1776 2083 1869 2136 καὶ
1906 2082 2158 2136 διδασκα-

611 2167 750 2219 λεῖον
804 2169 1053 2236 μέγιστον
1104 2168 1181 2227 εἰς
1229 2166 1290 2218 τὸ
1356 2165 1518 2236 μέσον
1563 2166 1670 2217 εἰσὶ
1716 2163 2156 2235 προϐαλλόμενοι,

612 2249 730 2301 ἀντὶ
763 2247 996 2316 βιϐλίων,
1035 2250 1126 2301 καί
1161 2248 1518 2317 γραμμάτων,
1560 2247 1661 2316 τῆς
1709 2246 1912 2309 οἰκείας
1947 2244 2159 2314 φύσεως

611 2331 671 2382 τὸ
694 2330 882 2392 κάλλος
908 2330 999 2382 καὶ
1044 2327 1294 2392 ἰδιώταις,
1339 2328 1432 2380 καὶ
1482 2329 1683 2395 σοφοῖς,
1720 2328 1813 2379 καὶ
1845 2327 1977 2378 πᾶσι
2017 2342 2158 2394 παρα

613 2413 826 2481 έχοντες
880 2411 1105 2474 ἐπιέναι,
1141 2409 1385 2478 καθάπερ
1407 2411 1465 2461 ἐν
1494 2408 1681 2478 βιϐλίῳ
1713 2407 1811 2477 τὴν
1842 2407 2158 2477 ἐγκειμένην

611 2493 791 2553 αὐτοῖς
822 2492 944 2560 περί
973 2491 1067 2556 τῆς
1092 2489 1182 2542 τοῦ
1206 2488 1338 2542 Θεοῦ
1371 2488 1559 2557 σοφίας
1583 2488 1676 2541 καὶ
1703 2487 1980 2556 δυνάμεως
2010 2487 2155 2539 διδα-

613 2572 853 2627 σκαλίαν.
886 2571 1039 2625 Οὕτω
1067 2571 1159 2623 καὶ
1186 2570 1456 2641 ἄνθρωποι
1488 2569 1606 2639 οὐχὶ
1629 2568 2000 2638 φθεγγόμενοι,
2023 2567 2156 2620 ἀλλά

612 2655 705 2707 καὶ
733 2653 985 2721 σιγῶντες
1004 2652 1068 2705 δι’
1100 2651 1298 2719 ἐτέρων
1329 2649 1606 2716 δοξάζουσι
1635 2649 1725 2702 τὸν
1750 2649 1880 2702 Θεόν
1901 2664 1913 2677 ⁸
1959 2648 2039 2700 διὸ
2065 2648 2156 2701 καί

610 2737 638 2788 6
663 2734 890 2805 Χριστὸς
929 2734 1097 2801 έλεγε·
1134 2730 1431 2801 Λαμψάτω
1476 2730 1542 2784 τὸ
1587 2729 1712 2800 φῶς
1745 2727 1910 2797 ὑμῶν
1939 2729 2154 2797 ἐμπρο-

609 2821 759 2872 σθεν
800 2815 914 2870 τῶν
958 2813 1294 2883 ἀνθρώπων,
1340 2813 1497 2878 ὅπως
1523 2811 1691 2866 τδωσι
1717 2811 1788 2865 τὰ
1827 2811 1979 2864 καλὰ
2015 2811 2158 2879 ἔργα

611 2897 795 2966 ὑμῶν,
829 2895 926 2950 καί
975 2894 1279 2960 δοξάσωσι
1323 2895 1431 2948 τὸν
1477 2895 1705 2961 Πατέρα
1731 2890 1915 2961 ὑμῶν,
1945 2891 2050 2945 τὸν
2089 2892 2158 2945 ἐν

608 2978 734 3044 τοῖς
756 2977 1048 3046 οὐρανοῖς.
1071 2977 1276 3046 ’Ὥσπερ
1303 2971 1394 3029 οὖν
1424 2991 1506 3038 τις
1549 2974 1689 3045 ὁρῶν
1715 2973 1826 3043 βίον
1856 2973 2153 3043 λάμποντα,

611 3063 705 3115 καὶ
743 3060 998 3127 σιγῶντος
1029 3057 1121 3112 τοῦ
1154 3057 1412 3128 βιοῦντος,
1447 3055 1600 3123 δόξαν
1640 3055 1894 3127 ἀναφέρει
1916 3055 1994 3126 τῷ
2018 3055 2152 3126 Θεῷο

610 3143 754 3196 οὕτω
775 3142 838 3210 δὴ
871 3142 964 3194 καὶ
1004 3140 1064 3192 τδ
1095 3139 1288 3202 κάλλος
1331 3139 1469 3210 ὁρῶν
1511 3137 1604 3191 τοῦ
1655 3135 1902 3208 οὐρανοῦ,
1949 3137 2156 3202 δοξάζει

611 3223 701 3274 τὸν
735 3224 1050 3291 ποιήσαντα.
1095 3221 1192 3280 Διά
1231 3219 1386 3273 τοῦτο
1417 3220 1624 3288 ἐλεγεν⁹
1670 3223 1733 3273 Ol
1763 3219 2001 3286 οὐρανοὶ
2034 3219 2157 3286 δίης

612 3303 851 3369 τοῦνται
895 3302 1080 3366 δόξαν
1112 3302 1276 3368 Θεοῦ,
1305 3302 1392 3355 διὰ
1430 3301 1537 3354 τῶν
1577 3300 1799 3353 θεατῶν·
1845 3300 2048 3368 Ἡμέρα
2085 3298 2158 3367 τῇ

611 3385 800 3454 ἡμέρᾳ
824 3385 1117 3452 ἐρεύγεται
1147 3383 1330 3451 ῥῆμα,
1359 3385 1454 3435 καί
1475 3382 1590 3445 νὺξ
1617 3382 1786 3435 νυκτί
1809 3381 2159 3450 ἀναγγέλλει

613 3466 851 3535 γνῶσιν.
882 3465 1136 3519 Γνῶσιν·
1169 3465 1356 3528 ποίαν;
1386 3465 1495 3534 Τὴν
1520 3463 1646 3534 περί
1676 3463 1769 3515 τοῦ
1813 3465 2155 3532 ποιήσαντος.

614 3551 819 3618 ’Ὠσπερ
847 3548 951 3616 γὰρ
980 3549 1012 3616 ή
1051 3547 1228 3617 ἡμέρα
1253 3548 1330 3609 εἰς
1353 3545 1610 3614 ἐργασίαν
1635 3543 1816 3611 ἐξάγει
1839 3545 1927 3596 τὸν
1954 3545 2158 3612 ἀνθρω-

614 3648 731 3689 πον,
756 3629 924 3692 οὕτως
953 3630 985 3698 ὴ
1015 3628 1107 3692 νύξ
1141 3627 1504 3696 διαδεχομένη,
1537 3627 1593 3679 ἀσι
1618 3626 1643 3678 δ
1673 3625 1778 3678 τῶν
1803 3626 2005 3696 μυρίων
2026 3627 2155 3678 ἀνα-

614 3711 772 3764 παύει
802 3710 1029 3780 μόχθων,
1066 3709 1158 3761 καὶ
1197 3708 1302 3760 τῶν
1358 3707 1651 3776 φροντίδων
1679 3708 1888 3773 ἀφί.,σι,
1934 3707 2027 3758 καὶ
2059 3705 2157 3758 κά-

615 3810 845 3863 μνουσαν
862 3793 958 3863 τὴν
979 3791 1144 3860 κόρην
1171 3789 1506 3858 κοιμίζουσα,
1524 3788 1616 3840 καί
1641 3786 1706 3839 τὰ
1729 3787 1967 3856 βλέφαρα
1992 3803 2156 3839 κατα-

614 3875 919 3935 στέλλουσα,
973 3870 1293 3942 ἀκμαζούσῃ
1346 3872 1411 3939 τῇ
1470 3868 1692 3937 δυνάμει
1754 3864 2156 3938 παρασκευάζει

611 3955 708 4026 τὴν
744 3955 931 4007 ἀκτῖνα
981 3952 1224 4022 δέχεσθαι
1260 3951 1438 4005 πάλιν.
1466 3949 1627 4002 Ὥστε
1677 3950 1771 4002 καὶ
1817 3949 2016 4015 ταύτης
2059 3948 2157 3999 οὐκ

612 4038 787 4106 ὀλίγον
817 4038 877 4090 τὸ
919 4037 1204 4106 χρήσιμον,
1236 4034 1369 4090 ἀλλά
1402 4035 1495 4087 καὶ
1541 4031 1742 4101 σφόδρα
1774 4031 1925 4084 πολύ.
1956 4032 2018 4082 Εἰ
2047 4029 2154 4098 γάρ

616 4123 689 4190 μὴ
718 4119 998 4172 διανέπαυε
1027 4118 1114 4170 τὸν
1141 4115 1418 4185 ἄνθρωπον
1449 4113 1554 4167 ἀπὸ
1579 4114 1685 4165 τῶν
1711 4115 1916 4182 μυρίων
1944 4111 2154 4180 μόχθων

613 4201 995 4269 ὑποδεχομένη,
1029 4197 1176 4250 οὐδὲν
1209 4197 1396 4265 δφελος
1423 4191 1489 4266 ἦν
1513 4194 1611 4263 τῆς
1649 4194 1860 4264 ἡμέρας
1888 4195 1966 4254 εἰς
1993 4194 2153 4261 ἐργα-

615 4284 732 4337 σίαν
748 4284 902 4336 αὐτὸν
927 4279 1338 4348 εἰσαγαγούσης·
1371 4278 1469 4347 τῆς
1493 4275 1600 4346 γὰρ
1623 4275 1831 4344 φύσεως
1852 4277 2155 4343 ἀπαγορευ-

612 4364 774 4433 ούσης
795 4362 870 4432 τῷ
898 4363 1127 4431 διηνεκεῖ
1173 4361 1335 4428 πόνῳ,
1368 4358 1627 4428 διεφθάρη
1660 4355 1746 4418 ἂν,
1787 4355 1879 4407 καί¹
1911 4353 2152 4407 ἀπώλετο

611 4447 671 4498 τὸ
703 4444 854 4510 ζῶον,
879 4444 972 4498 καὶ
1001 4443 1148 4496 οὐδὲν
1177 4441 1322 4510 αὐτῷ
1351 4441 1509 4493 πλέον
1545 4441 1610 4492 ἐκ
1649 4439 1748 4507 τῆς
1780 4437 1993 4498 ἀκτῖνος
2031 4437 2150 4503 ἐγέ-

609 4545 749 4581 νετο.
777 4529 840 4581 Ἡ
868 4527 1040 4580 τοίνυν
1071 4523 1292 4578 ποιοῦσα
1318 4522 1413 4592 τὴν
1446 4521 1654 4590 ἡμέραν
1675 4519 1940 4589 χρήσιμον
1960 4516 2034 4586 τῷ
2059 4518 2152 4570 ἀνη-

613 4609 829 4678 θρώπῳ,
853 4608 988 4676 αὐτη
1019 4605 1247 4676 μάλιστά
1274 4607 1416 4657 ἐστιν
1447 4604 1478 4671 ή
1508 4600 1595 4654 διὰ
1621 4601 1718 4669 τῆς
1749 4599 1951 4662 οἰκείας
1975 4598 2151 4651 διακο-

612 4692 725 4751 νίας
755 4690 840 4741 τὸν
863 4687 1194 4741 ἀπολαύοντα
1221 4685 1316 4755 τῆς
1338 4684 1553 4754 χορείας
1577 4681 1745 4751 αὐτῆς
1776 4680 1908 4751 πρὸς
1939 4679 2033 4749 τὴν
2056 4679 2148 4732 τοῦ

609 4770 742 4824 Θεοῦ
771 4770 965 4838 γνῶσιν
1000 4767 1422 4839 χειραγωγοῦσα.
1450 4766 1616 4818 Ὅταν
1652 4764 1754 4834 γάρ
1795 4764 2017 4834 ἐννοήσῃ
2048 4780 2148 4828 τις,

611 4853 769 4905 πόσον
797 4851 902 4920 ιμέν
939 4851 997 4903 τὸ
1030 4851 1291 4920 χρήσιμον
1319 4849 1415 4916 τῆς
1446 4846 1674 4916 ἡμέρας,
1706 4845 1865 4898 πόσον
1898 4845 1952 4895 δὲ
1973 4845 2032 4896 τὸ
2053 4845 2152 4914 τῆς

611 4933 758 5005 [149]
790 4933 996 4997 νυκτὸς,
1021 4933 1114 4985 καὶ
1149 4931 1263 4993 πῶς
1301 4930 1436 4998 αὐτη
1475 4929 1774 4997 διαδέχεται
1798 4927 2028 4994 ἐκείνην,
2057 4929 2151 4980 καὶ

610 5015 847 5078 ἐναλλὰξ,
887 5013 1068 5081 ὥσπερ
1103 5012 1157 5065 ἐν
1191 5029 1294 5066 τινι
1332 5009 1494 5081 χορῷ,
1532 5009 1592 5062 τὸ
1631 5008 1782 5076 γένος
1816 5007 1970 5077 ἡμῶν
1997 5010 2152 5078 ἀμοι-

607 5097 764 5150 ϐαδὸν
786 5097 1149 5166 διαδεχόμεναι
1174 5093 1504 5162 διατηροῦσι,
1536 5091 1638 5145 κᾶν
1666 5091 1915 5144 ἁπάντων
1941 5091 2148 5162 ἀνθρώ-

609 5197 724 5232 πων
755 5179 1077 5248 νωθέστερος
1116 5173 1174 5250 ᾖ,
1206 5177 1484 5245 δυνήσεται
1529 5174 1617 5227 τὸν
1657 5175 1852 5227 οἰκεῖον
1897 5173 2150 5242 λογισμὸν

606 5259 870 5313 ἀνακινῶν
895 5261 1086 5312 εἰδέναι
1105 5258 1205 5316 ,τοῦ
1240 5257 1614 5329 ἀριστοτέχνου
1636 5256 1768 5309 Θεοῦ
1804 5257 1901 5325 τὴν
1939 5255 2146 5322 σοφίαν,

605 5346 669 5412 ἢν
697 5343 784 5396 διά
806 5342 904 5410 τῆς
923 5343 1128 5411 ἡμέρας
1149 5340 1354 5409 καὶτῆς
1375 5338 1562 5400 νυκτὸς
1582 5338 1904 5403 ἐπεδείξατο,
1939 5340 2149 5407 ἐκείνην

609 5427 704 5495 μὲν
735 5428 812 5487 εἰς
863 5423 1139 5493 ἐργασίαν,
1176 5421 1376 5492 ταύτην
1403 5421 1460 5474 δὲ
1501 5422 1579 5483 εἰς
1613 5421 1792 5474 ἀνεσιν
1829 5420 1934 5471 τῶν
1977 5421 2148 5472 πόνων

605 5506 993 5577 ἀποκληρώσας
1026 5507 1175 5575 ἡμῖν.

673 5598 739 5656 γ’.
767 5588 915 5643 Ἀλλὰ
931 5586 1102 5640 ταῦτα
1121 5587 1216 5656 μὲν
1239 5586 1300 5638 ἐκ
1318 5585 1423 5637 τῶν
1442 5585 1734 5656 προοιμίων
1753 5584 1961 5638 ἅπαντα
1978 5586 2147 5637 εἰπεῖν

605 5673 891 5741 ἐξέϐημεν·
924 5670 1103 5738 ἐπειδὴ
1132 5669 1186 5721 δέ
1213 5667 1317 5721 τῶν
1357 5670 1590 5737 σήμερον
1623 5671 1750 5738 ἡμῖν
1775 5668 2144 5732 ἀναγνωσθένι

603 5775 707 5810 των
733 5755 849 5809 τινὰ
879 5753 1098 5816 πολλοὺς
1122 5753 1227 5808 τῶν
1251 5754 1309 5806 οὐ
1337 5751 1701 5824 προσεχόντων
1728 5751 1852 5814 ἴσως
1884 5750 2138 5820 ἐθορύϐη·

1316 344 1372 401 S.
1406 342 1684 400 JOANNIS
1722 341 2196 400 CHRYSOSTOMI
2232 340 2544 400 ARCIHEP.
2571 343 3110 403 CONSTANTINOP.

2263 472 2344 517 σε,
2375 457 2590 509 καὶτῶν
2606 458 2844 528 ἀπείρως
2872 457 3091 527 Γραφάς
3112 455 3362 528 ἐχόντων,
3384 456 3513 529 φέρε
3533 456 3617 530 δή,
3645 460 3811 531 πολλῇ

2261 537 2326 602 τῇ
2360 534 2503 606 ῥύμῃ
2534 535 2674 605 πρὸς
2720 535 2891 588 ταῦτα
2932 537 3292 606 χωρήσωμεν.
3333 535 3661 609 ’Δνεγνώσθη
3715 539 3811 608 μέν

2260 617 2367 685 γάρ
2395 617 2487 668 καὶ
2522 619 2556 686 ή
2602 617 2988 687 αἱμορροοῦσα,
3030 620 3064 686 ή
3102 621 3169 689 τῇ
3213 618 3324 689 ἀφῇ
3357 618 3456 682 τὰς
3493 618 3672 689 πηγάς
3703 618 3811 671 τῶν

2260 697 2507 764 αἰμάτων
2536 699 2796 765 στήσασα,
2826 698 2917 750 καὶ
2946 700 3012 768 τῇ
3045 698 3144 768 τῆς
3179 699 3409 762 πίστεως
3439 699 3662 768 δυνάμει
3686 715 3811 752 τοσ-

2256 777 2409 829 οῦτον
2451 777 2725 848 σδλήσασα
2773 778 3075 850 θησαυρόν
3131 781 3225 833 καὶ
3277 781 3384 851 γὰρ
3430 777 3500 851 ἦν
3538 780 3710 851 κλοπὴ
3747 781 3810 833 τὸ

2259 860 2575 928 γινόμενον·
2613 859 2748 913 ἀλλά
2786 861 2877 914 καὶ
2916 861 3088 932 κλοπὴ
3126 863 3500 932 εὐδοκιμοῦσα,
3539 864 3632 916 καὶ
3659 866 3693 934 ή
3718 881 3811 916 συ-

2261 939 2470 1011 λήσασα
2503 942 2640 1010 μετὰ
2667 943 2756 996 τὸν
2781 943 2998 1012 ἔλεγχον
3027 943 3411 1014 ἐπαινουμένη.
3447 945 3615 1007 Αὐτὸς
3647 943 3754 1013 γὰρ
3780 945 3810 997 6

2262 1022 2511 1091 συληθεὶς
2538 1023 2741 1093 Ἰησοῦς
2767 1024 3123 1095 ἀνακηρύττει
3145 1025 3204 1078 τὸ
3224 1025 3460 1093 γύναιον.
3480 1026 3807 1096 ’Δνεγνώσθη

2261 1106 2354 1157 καί
2381 1106 2447 1158 τά
2478 1105 2747 1174 στίγματα
2771 1106 3007 1166 Παύλου,
3034 1107 3104 1160 τὰ
3120 1107 3425 1178 τραύματα,
3458 1109 3525 1162 τὰ
3543 1109 3811 1180 δεσμωτή-

2263 1203 2375 1256 ρια,
2407 1188 2460 1238 αἰ
2485 1188 2793 1254 ἀπαγωγαὶ,
2826 1187 2894 1240 τά
2915 1190 3168 1256 ναυάγια,
3188 1189 3255 1242 τὰ
3276 1189 3464 1259 δεσμὰ,
3488 1191 3542 1243 αἰ
3574 1191 3808 1253 ἁλύσεις,

2261 1268 2318 1319 αἰ
2352 1267 2628 1322 ἐπιϐουλαὶ
2655 1271 2711 1322 αἰ
2741 1271 2976 1323 ποικίλαι
3008 1272 3099 1323 καὶ
3134 1271 3416 1341 διηνεκεῖς,
3439 1273 3487 1324 οἱ
3518 1271 3734 1325 θάνατοι
3760 1271 3810 1324 οἰ

2260 1350 2634 1420 καθημερινοὶ,
2663 1353 2690 1402 ό
2717 1350 2890 1420 λιμὸς,
2935 1353 2997 1405 τὸ
3030 1352 3201 1421 δίψος,
3234 1356 3267 1423 ἡ
3296 1355 3583 1423 γυμνότης,
3626 1355 3660 1423 ή
3687 1356 3808 1407 ἐπι-

2263 1431 2571 1503 σύστασιςή
2599 1433 2933 1504 καθημέραν.
2972 1435 3128 1489 Ἀλλὰ
3149 1438 3202 1488 τί
3227 1435 3413 1501 πάθω;
3449 1436 3679 1506 Ἀνάγκη
3710 1452 3810 1504 φυο

2261 1517 2374 1580 γεῖν
2398 1514 2564 1584 πολλῇ
2588 1518 2655 1585 τῇ
2688 1516 3003 1587 σφοδρότητι
3051 1518 3410 1588 χρησάμενον,
3458 1518 3531 1588 μὴ
3575 1518 3733 1572 πάλιν
3780 1519 3810 1570 ό

2260 1595 2470 1656 Παῦλος
2515 1596 2821 1666 κατασχὼν,
2859 1599 3120 1671 ἀπαγάγῃ
3163 1598 3257 1651 τοῦ
3295 1599 3669 1668 προκειμένου.
3698 1597 3810 1652 Kal

2259 1676 2367 1746 γὰρ
2407 1680 2541 1743 ῐστε,
2583 1678 2840 1743 πολλάκις
2879 1679 3103 1752 ἑτέρωθί
3141 1698 3207 1750 με
3254 1680 3535 1751 βαδίζοντα
3580 1681 3674 1734 καὶ
3718 1697 3809 1735 τε·-

2260 1760 2568 1828 τραμμένον
2615 1762 2932 1830 ἀπαντήσας
2974 1764 3032 1815 ἐν
3077 1763 3224 1833 μέσῳ
3262 1761 3338 1832 τῷ
3385 1763 3525 1831 λόγῳ
3558 1763 3811 1832 κατέσχε,

2260 1840 2354 1891 καὶ
2387 1840 2557 1903 οὕτως
2593 1836 2754 1905 εἷλεν,
2788 1843 2861 1905 ὼς
2901 1845 2958 1896 ἐν
2997 1844 3144 1912 αὐτῷ
3177 1847 3360 1897 πεῖσαι
3395 1845 3686 1897 καταλῦσαι
3717 1845 3809 1897 τὸν

2257 1921 2432 1989 λόγον.
2466 1924 2560 1975 ’ἶν’
2591 1920 2683 1976 οὖν
2718 1923 2791 1994 μὴ
2822 1925 2915 1979 καὶ
2942 1925 3178 1995 σήμερον
3202 1925 3358 1978 τοῦτο
3391 1925 3669 1996 πάθωμεν,
3707 1943 3809 1978 κα-

2260 2002 2434 2072 θάπερ
2457 2004 2669 2072 χαλινὸν
2695 2007 2869 2058 ἐκεῖσε
2906 2005 3188 2076 φερομένῳ
3214 2016 3240 2045 ι
3276 2005 3352 2075 τῷ
3373 2005 3512 2076 λόγῳ
3537 2006 3672 2076 μετὰ
3692 2007 3812 2059 πολ-

2257 2086 2354 2152 λῆς
2380 2087 2479 2155 τῆς
2515 2087 2866 2157 σφοδρότητος
2899 2086 3242 2156 ἐμϐαλόντες,
3268 2088 3436 2151 οὕτως
3463 2089 3622 2141 αὐτὸν
3650 2088 3808 2142 ἐλκύ-

2261 2184 2458 2236 σωμεν,
2491 2169 2585 2220 καὶ
2629 2169 2720 2221 ἐπὶ
2768 2168 2865 2238 τὴν
2900 2169 3243 2240 προφητικὴν
3292 2170 3584 2240 ἀγάγωμεν
3631 2171 3808 2242 ῥῆσιν.

2259 2249 2354 2311 Τίς
2385 2246 2476 2302 οὖν
2503 2249 2646 2302 ἐστῦι
2675 2251 2707 2320 ή
2743 2251 2927 2321 ρἧις;
2967 2251 3105 2319 Ἐγὼ
3138 2252 3364 2317 Κύριος,
3394 2253 3574 2321 φησὶν,
3604 2256 3636 2307 ὁ
3681 2267 3810 2307 ποι-

2259 2330 2416 2396 ήσας
2452 2329 2575 2399 φῶς
2610 2332 2705 2384 καί
2740 2334 2974 2398 σκότος.
3008 2335 3040 2386 d
3070 2331 3257 2386 ποιῶν
3281 2333 3541 2401 εἰρήνην,
3574 2335 3668 2387 καί
3697 2335 3816 2388 κτί-

2260 2409 2369 2469 ζων
2391 2412 2563 2464 κακά.
2613 2414 2804 2482 Ὁρᾶτε
2843 2413 2919 2476 ὡς
2963 2415 3062 2466 οὐκ
3098 2415 3219 2484 εἰκῆ
3259 2414 3376 2466 οὐδὲ
3412 2415 3585 2486 μάτην
3631 2417 3720 2469 ἐπὶ
3750 2416 3812 2470 τδ

2258 2493 2454 2562 χωρίον
2483 2493 2638 2546 τοῦτο
2675 2494 2766 2546 τὸν
2804 2494 3000 2564 δρόμον
3046 2494 3434 2566 ἐποιησάμεθα,
3472 2495 3606 2550 ἀλλά
3633 2497 3813 2551 πάντα

2257 2574 2324 2626 τά
2348 2575 2479 2627 ἄλλα
2508 2575 2956 2646 παρατρέχοντες,
2977 2576 3207 2630 ἐνταῦθα
3235 2577 3536 2646 ἀπαντῆσαι
3555 2579 3810 2633 ἐσπουδά-

2257 2656 2438 2723 ζομεν.
2475 2656 2581 2709 Kal
2612 2656 2718 2726 γάρ
2750 2655 2916 2710 πολὺν
2933 2656 3010 2726 τῷ
3035 2658 3107 2726 μὴ
3135 2657 3446 2728 προσέχοντι
3477 2658 3565 2714 τὸν
3586 2657 3811 2729 θόρυϐον

2257 2739 2472 2807 ἐμποιεῖ
2501 2738 2560 2790 τὸ
2591 2739 2895 2808 εἰρημένον.
2922 2741 3246 2810 Διανάστητε
3270 2741 3462 2804 τοίνυν,
3484 2742 3576 2793 καὶ
3603 2742 3809 2794 συντεί-

2257 2835 2381 2871 νατε
2411 2819 2509 2888 τὴν
2539 2819 2724 2888 ἀκοὴν,
2750 2821 2841 2871 καὶ
2878 2822 3055 2872 πᾶσαν
3090 2820 3343 2890 βιωτικὴν
3371 2822 3622 2890 φροντίδα
3653 2822 3811 2875 ἐκϐαο

2257 2901 2455 2963 λόντες,
2487 2901 2774 2970 προσέχετε
2797 2903 2907 2963 τοῖς
2931 2901 3256 2970 λεγομένοις.
3290 2903 3398 2956 Kal
3421 2904 3528 2974 γὰρ
3553 2904 3808 2974 βούλομαι

2256 2981 2440 3034 τοῦτον
2467 2980 2560 3034 νῦν
2593 2983 2718 3050 ὑμῖν
2765 2982 2862 3051 τῆς
2899 2981 3129 3035 ἐνταῦθα
3171 2985 3463 3054 παρουσίας
3490 2985 3579 3039 τὸν
3621 2986 3808 3056 μισθὸν

2255 3062 2563 3123 ἀποδοῦναι,
2599 3065 2692 3115 καὶ
2717 3062 2825 3115 τῶν
2848 3063 3229 3131 πνευματικῶν
3256 3066 3536 3136 ἐμπλήσας
3576 3067 3806 3137 ἐδεσμάο

2255 3144 2382 3206 τῶν,
2411 3144 2581 3206 οὓτως
2622 3144 2919 3215 ἐκπέμψαι,
2948 3145 3088 3198 ὥστε
3111 3147 3204 3199 καὶ
3237 3148 3360 3211 τοὺς
3388 3148 3808 3217 ἀπολειφθέντας

2255 3226 2400 3297 ἔργῳ
2425 3226 2610 3296 μαθεῖν
2630 3227 2819 3298 ἡλίκην
2843 3227 3139 3296 ὑπέμειναν
3164 3227 3368 3298 ζημίαν
3385 3245 3398 3260 ο
3452 3230 3682 3283 εῐσονται
3723 3231 3805 3294 δὲ..

2255 3311 2302 3361 εἰ
2345 3309 2480 3378 μετά
2525 3309 2803 3380 ἀκριϐείας
2844 3309 3224 3380 ὑποδεξάμενοι
3270 3314 3338 3366 τά
3386 3314 3667 3385 λεγόμενα,
3714 3318 3808 3371 καὶ

2257 3389 2391 3458 πρὸς
2421 3389 2653 3453 ἐκείνους
2673 3391 2980 3445 διαϐιϐάσαι
3008 3392 3317 3462 δυνηθείητε
3343 3395 3392 3446 δ.
3423 3395 3568 3464 Ἐγὼ
3596 3395 3808 3465 Κύριος

2256 3473 2288 3522 ὁ
2315 3470 2476 3535 Θεὸς,
2525 3474 2558 3524 ό
2598 3471 2855 3538 ποιήσας
2885 3472 3011 3540 φῶς
3037 3473 3133 3526 καί
3184 3474 3420 3540 σκότος.
3456 3479 3489 3531 ό
3524 3478 3705 3531 ,ποιῶν
3727 3482 3809 3533 εἰ·

2252 3551 2476 3618 ρήνην,
2497 3553 2591 3604 καί
2618 3551 2821 3611 κτίζων
2839 3553 3014 3607 κακά.
3038 3554 3278 3623 Συνεχῶς
3295 3557 3423 3609 αὐτὸ
3444 3559 3804 3629 περιστρέφω,

2257 3631 2394 3684 ὥστε
2429 3633 2705 3702 ἐντεθῆναι
2733 3634 2882 3702 ὐμῶν
2923 3637 2990 3706 τῇ
3017 3635 3244 3706 διανοίᾳ,
3273 3638 3364 3690 καὶ
3396 3638 3512 3691 τότε
3536 3640 3630 3709 τὴν
3655 3641 3812 3695 λύσιν

2256 3714 2570 3780 ἐπαγαγεῖν.
2595 3713 2726 3773 Οὐδὲ
2754 3713 2860 3784 γὰρ
2889 3711 3041 3776 οὗτος
3073 3717 3231 3785 μόνος
3264 3717 3411 3789 [150]
3439 3718 3593 3772 τοῦτό
3621 3737 3804 3791 φησιν,

2254 3794 2386 3847 ἀλλὰ
2408 3797 2501 3847 καὶ
2521 3795 2701 3865 ἕτερος
2729 3799 3008 3867 προφήτης
3041 3799 3244 3868 συνῳδὰ
3280 3810 3301 3839 ε
3333 3800 3812 3871 ἀποφθεγγόμενος

2254 3876 2465 3941 ἔλεγεν·
2503 3879 2569 3928 Εἰ
2603 3876 2731 3927 ἔστι
2761 3879 2934 3929 κακία
2961 3878 3031 3930 ἐν
3074 3881 3268 3945 πόλει,
3317 3880 3396 3948 ἢν
3439 3883 3647 3949 Κύριος
3693 3885 3806 3937 οὐκ

2254 3957 2530 4021 ἐποιησε;
2565 3956 2628 4007 Τί
2656 3951 2746 4008 οὖν
2779 3959 2893 4009 ἐστι
2921 3957 2980 4008 τὺ
3005 3960 3321 4028 εἰρημένονς
3355 3963 3556 4015 ’Ἀπασι
3588 3963 3695 4032 γάρ
3725 3964 3809 4017 δεῖ

2257 4039 2385 4105 μίαν
2424 4038 2572 4090 λύσιν
2597 4038 2913 4104 ἐπαγαγεῖν.
2936 4037 3029 4101 Τίς
3053 4035 3145 4093 οὖν
3171 4042 3314 4094 ἐστιν
3347 4043 3381 4112 ή
3411 4041 3590 4107 λύσις;
3625 4044 3685 4096 Εἰ
3709 4044 3806 4112 μά-

2256 4120 2442 4188 θοιμεν
2471 4121 2577 4172 τῶν
2602 4119 2796 4184 λέξεων
2827 4122 3030 4174 τούτων
3053 4123 3152 4192 τὴν
3177 4123 3419 4193 δύναμιν.
3456 4125 3613 4178 Ἀλλά
3640 4143 3807 4196 προσ.-

2254 4202 2403 4270 έχετε
2437 4203 2570 4270 μετὰ
2594 4203 2872 4271 ἀκριϐείας
2892 4216 2907 4232 °
2935 4203 2994 4255 οὐ
3026 4204 3133 4275 γὰρ
3165 4205 3286 4274 είκῆ
3316 4207 3432 4259 οὐδὲ
3455 4207 3628 4277 μάτην
3679 4225 3806 4260 συν-

2254 4283 2391 4350 εχῶς
2409 4283 2563 4335 τοῦτο
2591 4285 2716 4351 ὑμῖν
2742 4283 3203 4354 παραγγέλλομεν,
3235 4287 3347 4339 ἀλλ’
3378 4288 3560 4360 ἐπειδὴ
3586 4289 3718 4359 πρὸς
3743 4290 3806 4342 τὸ

2257 4363 2415 4429 βάθος
2443 4363 2547 4415 τῶν
2572 4364 2852 4433 νοημάτων
2873 4364 3053 4419 λοιπὸν
3079 4366 3256 4437 χωροῦ
3267 4384 3384 4436 μεν.
3415 4368 3532 4421 Τῶν
3557 4371 3807 4439 πραγμά-

2255 4461 2360 4496 των
2388 4444 2453 4497 τὰ
2487 4445 2584 4514 μέν
2611 4447 2725 4497 ἐστι
2770 4445 2928 4508 καλὰ,
2966 4446 3034 4499 τὰ
3060 4447 3116 4499 δέ
3145 4448 3310 4512 κακά,
3341 4448 3410 4502 τά
3431 4450 3488 4503 δέ
3517 4451 3654 4520 μέσα
3675 4466 3689 4481 '
3728 4446 3806 4506 ὦν

2255 4525 2368 4578 ἔνια
2402 4526 2612 4588 πολλοῖς
2641 4527 2738 4594 μὲν
2760 4523 2895 4580 εἶναι
2924 4527 3070 4581 δοκεῖ
3096 4530 3259 4593 κακά,
3294 4530 3391 4583 οὐκ
3423 4531 3536 4585 ἐστι
3567 4533 3644 4600 δὲ,
3667 4533 3804 4588 ἀλλά

2254 4608 2468 4675 λέγεται
2494 4608 2650 4677 μόνον
2673 4610 2761 4660 καὶ
2787 4609 3167 4664 ὑποπτεύεται.

2336 4691 2470 4742 Ἀλλ’
2496 4691 2580 4743 ἵνα
2611 4691 2936 4762 σαφέστερον
2965 4692 2994 4744 δ
3026 4691 3164 4760 λέγω
3197 4695 3424 4764 ποιήσω,
3449 4693 3577 4766 φέρε
3599 4697 3690 4749 καὶ
3711 4697 3806 4751 ἐπὶ

2253 4773 2705 4843 παραδειγμάτων
2752 4772 2840 4824 τὸν
2890 4773 3044 4842 λόγον
3091 4774 3471 4845 γυμνάσωμεν.
3522 4777 3585 4829 Ἠ
3644 4778 3805 4831 πενία

2250 4854 2395 4906 δοκεῖ
2432 4854 2528 4923 μὲν
2553 4854 2764 4917 πολλοῖς
2795 4851 2925 4908 εἶναι
2975 4855 3163 4921 κακὸν,
3203 4857 3301 4909 οὐκ
3330 4857 3441 4910 ἐστι
3480 4857 3570 4911 δέ·
3617 4860 3728 4913 ἀλλ’
3754 4861 3810 4914 ετ

2251 4953 2329 4998 τις
2354 4938 2508 5006 νήφει
2537 4937 2627 4989 καὶ
2650 4938 2927 5005 φιλοσοφεῖ
2950 4936 2999 4998 ἀ,
3025 4939 3117 4990 καὶ
3143 4939 3324 4992 κακῶν
3353 4940 3707 5010 άναιρετικόν.
3742 4941 3803 4994 Ὀ

2312 5090 2336 5115 ⁸
2383 5088 2527 5136 Sam.
2573 5087 2720 5136 habet
2764 5088 2970 5150 καθάπερ
3007 5088 3194 5150 χαλινὸν
3245 5088 3396 5150 ἐκεῖσε
3446 5088 3706 5150 φερόμενον.
3754 5091 3806 5139 In

2250 5150 2463 5208 margine
2503 5155 2663 5213 autem
2706 5151 2907 5201 notavit,
2949 5147 3216 5213 leﬁon_dum
3242 5148 3368 5213 fon-lg
3403 5147 3513 5196 e536
3551 5147 3808 5213 φερομένῳ,

2248 5207 2387 5268 quarh
2448 5211 2770 5271 conjecturam
2832 5207 3028 5271 secutas}
3088 5207 3264 5271 Fyonto
3334 5207 3569 5271 Ducmus;
3603 5207 3808 5271 969091;

2248 5223 2387 5268 quam
2448 5223 2770 5268 conjecmram
2832 5223 3028 5256 secuLus
3089 5223 3264 5256 rromo
3334 5223 3564 5264 uucwus,
3615 5225 3646 5264 φ
3729 5223 3808 5271 με-

2248 5286 2312 5328 νῳ
2335 5273 2380 5315 in
2407 5275 2542 5316 textu
2569 5270 2730 5328 posuit
2755 5282 2765 5315 :
2789 5282 2883 5315 non
2917 5266 3047 5315 enim
3071 5267 3167 5316 alio
3210 5281 3325 5315 usus
3348 5223 3726 5327 exemplumm
3746 5284 3810 5319 ex

2249 5317 2662 5398 equnaycloyiialg
2690 5331 2922 5398 reggilujl.
2948 5328 3020 5378 Ad
3049 5329 3432 5398 “uniusuquippe
3459 5317 3638 5398 ρρἀεοιε
3661 5317 3812 5380 Βενῆζ

2247 5388 2332 5436 rici
2356 5389 2494 5435 fidem
2519 5389 2618 5435 haec
2639 5387 2832 5436 homilia
2861 5390 2909 5436 in
2932 5388 3154 5437 omnibus
3172 5386 3465 5436 editionibus
3492 5386 3716 5438 habetur.

2251 5509 2260 5518 .
2358 5447 2503 5495 Savil.
2531 5449 2841 5518 δυνηθείημεν,
2868 5457 2918 5518 gl
2959 5451 3008 5498 in
3049 5461 3206 5514 marg-
3233 5447 3513 5508 δυνηθείητε,
3534 5459 3677 5509 quam
3699 5462 3818 5501 eon-

2243 5509 2476 5568 jecluram
2500 5511 2717 5567 sequitur
2739 5509 2933 5557 Fronto.

2313 5574 2333 5598 ο
2363 5569 2509 5617 Savil.
2553 5570 2826 5629 ωνῳδεῖται
2863 5575 2914 5616 et
2947 5570 2995 5616 in
3020 5583 3169 5678 marg.
3210 5569 3392 5618 indicat
3419 5568 3680 5631 legendum
3703 5587 3814 5619 aw-

2317 5630 2362 5678 a’z.
2383 5641 2523 5678 quam
2544 5631 2799 5675 lectioan
2818 5634 3014 5677 secutus
3037 5637 3111 5676 est
3149 5631 3327 5677 "romo.

2247 5630 2362 5686 ῳδά,
2383 5641 2523 5686 quam
2544 5631 2799 5675 lectioan
2818 5634 3014 5677 secutus
3037 5637 3111 5676 est
3133 5630 3327 5678 Fromo.

2262 5682 2270 5691 '
2305 5689 2329 5760 il
2493 5689 2854 5737 rescribendum
2881 5689 2995 5750 fuit;
3037 5690 3292 5752 legebatur
3325 5691 3458 5750 νήφοι
3493 5690 3573 5736 καὶ
3620 5693 3814 5754 φιλοσυ-

2262 5766 2340 5797 nat.
2393 5763 2508 5797 ⁴σιτ.

2249 5766 2340 5812 φει.
2375 5763 2508 5797 non.
