4064 6214
265 361 385 416 145

239 471 394 532 parte
416 474 475 515 se
498 458 721 515 invicem
747 456 1011 522 fraudant,
1036 467 1234 512 tantam
1257 457 1609 526 mqualitatcm
1634 455 1818 509 obser-

237 563 403 618 vaut,
431 559 680 622 quantam
707 566 803 603 usu
834 560 887 603 et
924 549 1249 617 experientia
1281 548 1560 603 didicistis.
1594 547 1821 600 Audiant

236 644 408 707 avari,
435 653 487 697 et
512 644 597 712 qui
627 641 921 696 hereditate
946 640 1172 709 spoliant
1198 640 1383 694 fratres
1409 657 1421 693 :
1452 650 1652 694 rectum
1680 637 1823 691 ordi-

239 749 365 787 nem
396 743 692 801 temporum
720 742 1081 797 revereantur,
1108 747 1169 785 ac
1195 732 1361 786 noctis
1387 742 1439 785 et
1469 730 1569 784 diei
1601 744 1823 784 cuneor-

237 825 383 878 diam
407 862 425 889 ,
452 833 505 878 et
543 839 695 878 suum
738 823 920 877 vitium
950 822 1232 889 corrigam.
1266 822 1353 876 Sic
1395 822 1550 890 igitur
1582 819 1698 872 Dies
1724 818 1822 871 diei

236 916 443 969 uerbum
472 923 682 976 eructat,
712 923 757 967 et
787 914 1041 966 scientiam
1070 913 1203 965 nocti
1232 928 1333 965 nox
1361 912 1567 977 iudicat,
1599 926 1701 964 non
1730 927 1822 962 vo-

237 1015 358 1053 cem
388 1001 676 1064 mittentes,
706 998 799 1052 sed
828 997 952 1052 dum
982 1007 1128 1051 recto
1153 1011 1249 1049 suo
1278 996 1483 1057 ordine,
1517 1010 1578 1049 ac
1605 995 1820 1063 disposi-

238 1098 408 1153 tione,
441 1100 493 1143 et
522 1088 894 1158 arquabilitate,
926 1103 987 1142 ac
1013 1102 1258 1141 mensura
1287 1087 1353 1139 ab
1380 1086 1521 1139 omni
1551 1085 1822 1139 obstaculo

240 1180 430 1243 libera,
462 1180 581 1233 tuba
613 1180 805 1233 clarius
837 1178 1123 1247 praedicant
1146 1176 1471 1238 Creatorem,
1502 1191 1603 1228 non
1635 1175 1686 1227 in
1716 1189 1821 1228 uno

238 1280 503 1325 terrarum
531 1272 675 1325 orbis
700 1271 914 1340 angulo,
944 1271 1036 1323 sed
1066 1269 1117 1323 in
1142 1269 1405 1332 omnibus,
1434 1283 1564 1338 quas
1587 1268 1665 1321 sol
1691 1268 1822 1335 aspi-

239 1363 346 1424 cit,
395 1363 717 1430 regionibus.
760 1362 852 1414 Ha:
896 1360 1155 1429 siquidem
1198 1372 1354 1412 voces
1391 1374 1484 1425 per
1521 1358 1819 1412 universum

238 1454 499 1508 mundum
530 1453 789 1519 feruntur,
818 1450 1242 1522 quandoquidem
1272 1451 1464 1519 ubique
1493 1449 1677 1504 crelum
1705 1458 1818 1512 est,

238 1545 437 1614 ubique
462 1544 608 1608 dies,
643 1544 839 1612 ubique
882 1559 986 1596 nox
1011 1582 1025 1607 ,
1062 1557 1317 1610 suamque
1346 1541 1636 1594 doctrinam
1679 1548 1733 1595 et
1770 1541 1819 1593 in

238 1643 382 1689 terra
421 1634 686 1702 explicant
729 1642 781 1688 et
825 1634 875 1686 in
918 1633 1067 1686 mari.
1098 1631 1352 1698 Quocirca
1395 1645 1497 1684 non
1528 1630 1658 1684 dixit
1698 1644 1820 1697 pro-

238 1725 400 1794 pheta
440 1726 784 1793 simpliciter,
817 1724 942 1779 Casli
978 1724 1265 1791 loquuntur
1296 1723 1514 1790 gloriam
1547 1722 1666 1784 Dei,
1694 1721 1819 1787 sed,

240 1815 521 1881 Eum-rant,
551 1815 650 1869 hoc
674 1827 774 1879 est,
805 1814 936 1868 alios
960 1815 1118 1867 etiam
1152 1814 1438 1877 instruunt,
1467 1827 1529 1866 ac
1556 1827 1649 1881 pro
1674 1811 1824 1865 disci-

241 1907 380 1976 pulis
408 1906 605 1961 habent
631 1908 933 1960 universum
960 1922 1128 1976 genus
1158 1908 1462 1968 humanum,
1492 1916 1545 1959 et
1573 1908 1622 1957 in
1652 1904 1823 1958 medio

243 1998 515 2066 preposita
545 1998 772 2051 maxima
798 1997 1000 2061 schola,
1028 1996 1281 2051 librorum
1307 2011 1367 2051 ac
1396 1998 1661 2049 literarum
1686 1995 1820 2059 loco,

243 2106 446 2144 natura:
491 2105 600 2143 sua:
644 2090 1089 2159 pulchritudinem
1130 2090 1337 2152 idiotis,
1382 2088 1739 2158 sapientibus,
1771 2095 1823 2140 et

242 2182 494 2237 omnibus
522 2180 987 2251 coutemplandam
1015 2180 1273 2249 praebent,
1304 2190 1355 2234 ct
1383 2190 1644 2250 tamquam
1678 2180 1728 2233 in
1757 2179 1822 2233 li-

238 2274 339 2329 bro
370 2274 689 2328 insidentem
725 2275 851 2342 ipsis
876 2273 942 2328 de
972 2272 1067 2328 Dei
1104 2273 1359 2342 sapientia
1400 2287 1462 2328 ac
1502 2274 1699 2328 virtute
1724 2274 1824 2327 do-

239 2368 493 2421 ctrinam.
527 2366 616 2420 Sic
652 2366 812 2419 etiam
850 2364 1093 2419 homines
1134 2380 1237 2418 non
1284 2365 1556 2434 loquentes
1577 2406 1591 2431 ,
1621 2364 1713 2419 sed
1742 2365 1825 2419 vel

240 2468 487 2513 tacentes
516 2472 609 2527 per
632 2458 765 2511 alios
797 2456 959 2510 Deum
1000 2454 1297 2525 glorificant
1322 2472 1335 2516 ;
1368 2456 1591 2523 ideoque
1620 2455 1827 2511 dicebat

241 2550 490 2604 Christus
520 2565 533 2603 :
566 2546 755 2601 Luceat
801 2548 891 2600 lua:
925 2557 1087 2599 vestra
1124 2562 1294 2599 coram
1325 2545 1636 2609 hominibus,
1669 2556 1721 2598 ut
1751 2546 1825 2597 vi-

242 2642 396 2694 deant
426 2656 582 2707 opera
604 2648 764 2691 vestra
791 2638 939 2701 bona,
972 2647 1018 2690 et
1046 2638 1323 2706 gloriﬁcent
1367 2635 1568 2689 Patrem
1594 2646 1825 2700 vestrum,

241 2735 325 2802 qui
355 2733 410 2785 in
437 2731 575 2785 cwfis
600 2741 668 2783 est
699 2730 910 2797 (Matth.
941 2730 993 2783 5.
1024 2729 1135 2796 16).
1178 2728 1245 2783 Ut
1276 2729 1434 2798 igitur
1461 2744 1579 2783 cum
1611 2730 1728 2798 quis
1756 2730 1830 2782 vi-

246 2835 353 2877 tam
392 2824 657 2877 lucentem
689 2821 849 2885 videt,
882 2822 1040 2875 etiam
1073 2820 1164 2874 illo
1195 2828 1399 2874 tacente
1425 2822 1513 2890 qui
1546 2820 1689 2880 vivit.
1718 2820 1831 2889 glo-

245 2915 381 2967 riam
409 2922 462 2967 et
490 2911 699 2966 laudem
724 2911 878 2965 offert
904 2911 1012 2965 Deo
1037 2927 1048 2961 :
1074 2911 1151 2964 sic
1180 2911 1428 2964 nimirum
1455 2918 1508 2964 et
1537 2911 1581 2965 is
1607 2911 1695 2979 qui
1716 2910 1830 2964 caeli

248 3002 698 3074 pulchritudinem
731 3002 994 3061 intuetur,
1022 2999 1280 3069 glorificat
1305 2997 1665 3070 Conditorem.
1708 2999 1833 3053 Pro-

248 3102 432 3163 pterea
464 3092 676 3146 dicebat
705 3110 717 3147 :
743 3090 865 3144 Catii
891 3100 1129 3143 enarrant
1166 3091 1377 3161 gloriam
1421 3089 1542 3156 Dei,
1586 3106 1679 3159 per
1706 3104 1831 3159 spe-

248 3193 516 3247 ctatores;
547 3181 669 3236 Dies
699 3183 798 3235 diei
830 3191 1019 3235 eructat
1050 3181 1265 3246 verbum,
1294 3191 1341 3235 et
1366 3197 1467 3234 nox
1492 3181 1623 3233 nocti
1646 3180 1833 3234 indicat

252 3276 511 3330 scientiam
545 3273 716 3344 (Psal.
752 3273 838 3328 18.
867 3274 942 3342 2).
980 3273 1254 3327 Scientiam
1277 3289 1295 3337 ;
1322 3273 1644 3343 quamnam?
1682 3272 1831 3328 Illam

251 3368 505 3422 nimirum
533 3367 599 3421 de
626 3365 927 3420 Ceuditore.
961 3363 1028 3419 Ut
1061 3363 1200 3417 enim
1228 3362 1342 3418 dies
1376 3362 1441 3417 ad
1471 3364 1831 3432 operationem

254 3458 529 3512 hominem
560 3456 759 3521 educit,
791 3457 861 3509 ita
896 3454 1188 3509 succedens
1217 3469 1319 3507 nox
1350 3454 1417 3507 ab
1447 3454 1733 3507 innumeris
1760 3453 1833 3507 illi

252 3550 496 3618 requiem
536 3548 626 3602 dat
667 3547 966 3613 laboribus,
1004 3552 1151 3605 curis
1170 3563 1296 3603 eum
1317 3548 1479 3614 levat,
1508 3546 1691 3600 oculos
1716 3544 1835 3599 fati-

255 3649 468 3693 scentes
497 3639 739 3706 con50pit
763 3680 777 3702 ,
809 3638 1086 3706 palpebras
1117 3637 1449 3705 comprimit,
1484 3637 1747 3703 efficitque
1781 3646 1836 3689 ut

254 3729 564 3783 instauratis
590 3728 791 3782 viribus
816 3728 993 3781 radios
1020 3726 1151 3781 solis
1176 3740 1359 3780 rursus
1383 3726 1634 3795 excipiat.
1660 3727 1837 3795 Itaque

256 3834 364 3872 non
390 3818 575 3887 exigua
608 3818 761 3887 hujus
787 3832 997 3888 quoque
1024 3827 1105 3872 est
1132 3816 1328 3871 utilitas
1351 3857 1367 3882 ,
1399 3816 1505 3870 itno
1534 3816 1693 3871 etiam
1722 3832 1833 3871 ma-

255 3924 382 3979 gna.
416 3908 524 3963 Nisi
551 3910 692 3963 enim
731 3908 1027 3963 succedens
1068 3908 1359 3963 innumeris
1385 3921 1414 3961 a
1441 3906 1708 3962 laboribus
1739 3909 1837 3961 ho-

258 4001 395 4056 mini
423 4002 658 4071 requiem
686 4000 913 4070 aliquam
940 4000 1108 4063 daret,
1138 4000 1266 4054 nihil
1297 4000 1411 4055 dies
1436 4000 1509 4053 illi
1542 3999 1835 4069 prodesset,

259 4107 383 4160 quze
408 4091 473 4145 ad
500 4092 858 4160 operationem
891 4091 1039 4145 illum
1071 4091 1252 4145 eduxit
1280 4108 1292 4143 :
1319 4091 1514 4160 quippe
1541 4099 1727 4144 natura
1754 4090 1839 4144 dc-

264 4181 496 4247 ficiente,
528 4182 765 4236 laborum
790 4180 1135 4235 coutinuitate
1161 4180 1459 4235 confectum
1486 4181 1677 4234 animal
1702 4180 1840 4234 istud

262 4273 486 4343 periret,
520 4286 617 4327 nec
642 4272 799 4326 ullam
824 4272 869 4325 ei
898 4271 1031 4326 lucis
1057 4286 1213 4325 usura
1239 4270 1669 4326 commoditatem
1689 4271 1844 4326 affer-

264 4372 371 4418 ret.
403 4362 478 4417 Ea
502 4363 660 4432 igitur
687 4370 769 4417 est
794 4365 1109 4431 praesertim,
1132 4376 1250 4430 quae
1276 4360 1414 4416 diem
1438 4361 1635 4415 homini
1662 4361 1841 4416 utilem

264 4453 472 4517 reddit,
503 4469 620 4524 qua:
650 4452 945 4507 ministerio
979 4468 1077 4508 suo
1104 4452 1171 4508 ad
1201 4454 1555 4524 cognitionem
1587 4455 1679 4511 Dei
1719 4469 1843 4525 pro-

265 4545 416 4599 vehit
451 4560 571 4599 eum
596 4586 611 4610 ,
640 4544 730 4613 qui
769 4544 962 4600 chorea
1002 4544 1166 4614 ipsius
1206 4545 1511 4615 perfruitur.
1542 4546 1673 4601 Cum
1703 4548 1843 4601 enim

266 4635 409 4703 apud
433 4650 489 4687 se
516 4635 857 4704 perpenderit
882 4636 1163 4704 quispiam,
1190 4646 1383 4703 quanta
1406 4636 1507 4690 diei
1536 4636 1603 4689 sit
1628 4637 1844 4701 utilitas,

267 4736 466 4793 quanta
495 4728 665 4780 noctis
688 4767 702 4791 ,
733 4735 788 4780 et
817 4742 921 4794 quo
953 4736 1106 4793 pacto
1133 4725 1244 4779 haec
1276 4727 1347 4780 illi
1380 4728 1645 4792 succedit,
1678 4738 1729 4781 et
1754 4743 1845 4780 va—

268 4822 423 4874 riatis
446 4820 667 4883 vicibus,
692 4819 835 4873 velut
861 4819 911 4872 in
942 4819 1107 4873 choro
1133 4820 1401 4888 quopiam,
1432 4820 1726 4873 alternatim
1750 4820 1847 4873 sibi

270 4910 617 4965 succedentes
646 4919 883 4963 nostrum
912 4924 1079 4979 genus
1105 4919 1442 4973 c0uservaut,
1474 4911 1711 4979 quamvis
1739 4927 1849 4963 om-

273 5004 423 5056 nium
455 5001 725 5055 hominum
756 5001 1148 5069 stupidissimus
1185 5000 1363 5067 fuerit,
1394 5005 1624 5055 excitata
1654 5016 1745 5055 sua
1776 5015 1853 5055 ra-

276 5094 426 5147 tione
462 5093 651 5147 summi
692 5091 896 5160 opificis
935 5091 1027 5145 Dei
1072 5091 1382 5162 sapientiam
1428 5106 1586 5146 nosse
1625 5092 1849 5159 poterit,

274 5201 439 5255 quam
469 5200 561 5254 per
584 5183 722 5239 diem
751 5198 815 5237 ac
844 5192 1051 5237 noctem
1080 5183 1345 5246 ostendit,
1377 5184 1500 5236 dum
1532 5184 1672 5236 illam
1704 5182 1854 5237 nobis

276 5278 348 5332 ad
375 5277 769 5347 operationem,
799 5275 935 5329 hanc
972 5275 1037 5329 ad
1077 5274 1316 5330 laborum
1356 5275 1731 5329 relaxatiouem
1773 5283 1853 5327 at-

281 5371 484 5425 tribuit.

356 5459 409 5514 3.
445 5458 639 5513 Verum
667 5457 731 5512 ad
758 5457 869 5511 haec
902 5456 1075 5510 omnia
1114 5456 1332 5511 dicenda
1359 5457 1467 5526 jam
1500 5456 1620 5511 inde
1650 5458 1716 5510 ab
1738 5472 1857 5510 ora-

284 5553 444 5607 tionis
488 5552 709 5608 exordio
755 5550 970 5622 digressi
1021 5565 1245 5604 sumus:
1280 5552 1528 5620 quoniam
1578 5560 1751 5604 autem
1794 5566 1853 5604 ex

288 5645 373 5700 his
397 5661 515 5715 quae
544 5644 804 5699 hodierno
831 5644 916 5698 die
943 5645 1075 5698 lecta
1103 5652 1245 5707 sunt,
1280 5646 1530 5698 nonnulla
1574 5645 1767 5699 inultos
1792 5659 1857 5698 ex

286 5735 352 5791 iis
382 5742 468 5806 qui
496 5736 671 5791 minus
698 5735 929 5790 animum
954 5734 1226 5789 attendunt
1247 5734 1376 5789 forte
1399 5736 1854 5805 perturbaverunt,

880 364 942 420 IN
984 364 1185 421 lLLUD
1224 363 1441 431 ιδΑιΑε,
1485 363 1617 419 EGO
1663 358 1956 417 DOMINUS
1994 360 2168 417 DEUS
2209 360 2359 415 FECI
2399 359 2656 431 LUMEN,
2689 358 2840 416 ETC.

3384 358 3495 415 146

1927 468 2121 522 eosque
2141 454 2228 523 qui
2252 455 2303 508 in
2317 452 2598 524 Scripturis
2616 472 2799 525 parum
2818 473 2840 507 τ
2854 454 3009 512 ersati
3028 463 3179 508 sunt:
3198 466 3297 522 age
3314 466 3505 521 magna

1924 546 2082 599 animi
2114 549 2463 615 propensione
2487 563 2547 602 ac
2568 549 2741 602 studio
2763 547 2984 618 gradum
3007 546 3072 600 ad
3096 548 3194 600 ista
3224 543 3502 598 faciamus.

1926 635 2083 690 Lecta
2122 636 2263 689 enim
2296 648 2375 690 est
2414 639 2568 691 etiam
2600 640 2831 691 narratio
2848 639 2915 692 de
2943 637 3184 697 muliere,
3228 650 3344 705 qua:
3383 649 3502 687 san.

1926 726 2095 795 guinis
2124 724 2323 780 ﬂuxum
2368 727 2684 797 patiebatur,
2713 744 2938 797 qumque
2983 725 3182 780 fontem
3222 723 3494 793 sanguinis

1926 829 2070 873 tactu
2116 820 2387 887 repressit,
2432 835 2497 873 ac
2539 821 2657 873 fidei
2706 822 2894 873 virtute
2938 828 3140 873 tantum
3194 818 3500 870 thesaurum

1924 910 2223 978 deprzedata
2264 923 2343 965 est
2371 911 2579 983 (Matth.
2612 912 2663 966 9.
2691 910 3169 981 '20-22):furtum
3218 909 3358 961 enim
3408 906 3501 959 fuit

1925 1001 2052 1055 illud
2093 1002 2308 1067 factum,
2344 1002 2437 1056 sed
2477 1002 2631 1056 laude
2676 1003 2913 1069 dignum,
2956 1008 3011 1055 et
3036 1000 3122 1053 uhi
3165 997 3499 1065 deprehensa

1925 1101 2141 1161 estquae
2164 1102 2425 1160 rapuerat,
2444 1092 2811 1146 commendata
2832 1100 2913 1146 est
2940 1108 2951 1142 :
2980 1090 3174 1158 quippe
3198 1087 3353 1141 Jesus
3372 1086 3509 1152 ipse,

1924 1184 2012 1252 qui
2045 1181 2235 1236 furtum
2261 1198 2444 1252 passus
2456 1193 2587 1247 erat,
2606 1184 2963 1237 mulierculam
2982 1180 3317 1236 collaudavit.
3342 1179 3501 1231 Lecta

1924 1282 2047 1326 sunt
2086 1273 2243 1327 etiam
2288 1274 2528 1342 stigmata
2566 1273 2734 1338 Pauli,
2775 1273 3028 1337 vulnera,
3077 1284 3351 1330 carceres,
3401 1267 3497 1320 ab-

1925 1365 2201 1422 ductiones
2231 1367 2527 1435 adjudicia,
2559 1366 2849 1435 naufragia,
2892 1364 3122 1426 vincula,
3164 1372 3388 1427 catenm,
3423 1358 3501 1411 iu-

1926 1458 2072 1511 sidize
2106 1458 2327 1513 diversa:
2355 1473 2417 1512 ac
2439 1458 2700 1512 continua:
2726 1499 2739 1520 ,
2773 1456 3092 1526 quotidiana:
3149 1462 3372 1515 mortes,
3421 1454 3502 1504 ta-

1927 1565 2072 1614 mcs,
2120 1550 2255 1614 sitis,
2276 1550 2499 1613 nuditas,
2542 1549 2789 1603 instantia
2846 1546 3169 1617 quotidiana.
3210 1543 3315 1598 Sed
3375 1542 3500 1610 quid

1927 1639 2150 1694 faciam?
2174 1641 2359 1710 Magno
2396 1656 2513 1694 cum
2539 1640 2737 1708 impetu
2765 1653 2849 1692 me
2878 1636 3175 1706 proripiens
3204 1633 3328 1686 hinc
3353 1636 3504 1683 autu-

1926 1734 2063 1803 giam
2088 1747 2304 1787 necesse
2324 1742 2424 1797 est,
2450 1747 2514 1785 ne
2529 1746 2712 1785 rursus
2734 1745 2831 1784 nos
2853 1729 3095 1783 detinens
3116 1725 3309 1780 Paulus
3326 1739 3354 1777 a
3375 1739 3502 1791 pro-

1926 1824 2099 1895 posito
2121 1831 2431 1891 argumento
2451 1822 2695 1875 abducat.
2719 1819 2847 1873 Nam
2867 1830 2922 1871 ut
2942 1817 3108 1880 scitis,
3129 1826 3501 1883 smpenumero

1926 1915 2051 1968 alibi
2083 1929 2168 1968 me
2188 1912 2517 1968 incedentem
2540 1922 2592 1966 et
2612 1925 2924 1965 conversum
2947 1921 3233 1961 occurrens
3252 1905 3304 1959 in
3328 1903 3503 1957 medio

1928 2018 2172 2059 sermone
2205 2002 2449 2066 detinuit,
2469 2011 2522 2055 et
2548 2001 2617 2054 ita
2649 2000 2807 2069 cepit,
2827 1998 2956 2052 utin
2979 1998 3093 2065 ipso
3122 1995 3272 2047 linire
3298 2004 3503 2046 sermo-

1928 2113 2047 2151 nem
2078 2095 2342 2150 suaderet.
2370 2094 2445 2149 Ne
2472 2093 2628 2162 igitur
2660 2092 2709 2146 id
2740 2091 2897 2145 hodie
2930 2103 3141 2159 quoque
3185 2085 3338 2140 nobis
3366 2084 3505 2137 acci-

1928 2189 2038 2255 dat,
2071 2196 2334 2257 tamquam
2368 2185 2625 2239 violenter
2670 2183 2864 2251 injecto
2908 2179 3059 2233 freno
3104 2177 3224 2230 illuc
3270 2173 3503 2229 tendenti

1929 2278 2176 2343 orationi,
2209 2277 2285 2331 sic
2334 2276 2475 2329 illam
2516 2273 2787 2328 trahamus
2817 2280 2870 2324 et
2895 2269 2961 2323 ad
2987 2269 3089 2321 hoc
3127 2265 3326 2321 dictum
3376 2278 3502 2332 pro-

1930 2370 2195 2440 pheticum
2226 2367 2558 2422 reducamus.
2591 2363 2864 2432 Quodnam
2902 2361 3060 2430 igitur
3086 2357 3211 2411 illud
3244 2356 3364 2409 est?
3394 2352 3505 2423 Ego

1933 2462 2197 2521 Dominus,
2225 2462 2409 2529 inquit,
2441 2457 2527 2527 qui
2550 2457 2648 2526 feci
2669 2455 2829 2509 lucem
2855 2466 2901 2507 et
2928 2452 3171 2515 tenebras,
3207 2452 3395 2519 faciens
3416 2464 3508 2515 pa-

1931 2571 2054 2617 cem,
2083 2562 2132 2606 et
2162 2567 2335 2605 creans
2362 2551 2497 2603 mala
2527 2547 2679 2617 (Ism'.
2710 2548 2800 2601 45.
2830 2545 2909 2615 7).
2947 2542 3145 2597 Videtis
3172 2555 3276 2594 non
3306 2550 3508 2593 temere

1932 2659 2100 2713 neque
2117 2643 2307 2697 frustra
2325 2655 2423 2695 nos
2437 2640 2503 2694 ad
2521 2640 2657 2693 hunc
2678 2639 2851 2692 locum
2870 2633 3162 2688 inStituisse
3172 2646 3408 2693 cursum,
3425 2645 3512 2683 ve-

1933 2750 2050 2788 rum
2094 2733 2337 2788 omnibus
2376 2727 2745 2799 praztermissis
2775 2725 2879 2778 huc
2907 2721 3185 2792 pervenire
3204 2718 3508 2774 studuisse?

1934 2825 2116 2894 Neque
2139 2823 2281 2878 enim
2311 2821 2630 2876 mediocrem
2660 2818 2709 2873 ei
2734 2816 2823 2885 qui
2845 2816 3023 2869 minus
3057 2819 3292 2867 attentus
3327 2808 3505 2874 fuerit,

1936 2916 2379 2986 perturbationem
2422 2912 2649 2966 afferunt
2688 2909 2804 2963 ista.
2836 2903 3192 2973 Quamobrem
3228 2898 3506 2965 attendite,

1935 3020 2135 3077 quasso,
2176 3003 2429 3066 animum,
2473 3010 2526 3055 et
2554 3013 2711 3053 aures
2754 2997 2963 3067 erigite,
2994 3008 3057 3047 ac
3094 2989 3335 3047 saeculari
3363 2989 3506 3042 omni

1936 3101 2130 3167 rejecta
2171 3094 2555 3160 sollicitudine,
2590 3108 2707 3161 quae
2753 3091 3000 3144 dicuntur
3038 3086 3320 3140 advertite.
3363 3083 3509 3137 Hanc

1936 3192 2074 3247 enim
2097 3190 2205 3260 jam
2224 3184 2380 3239 vobis
2396 3183 2559 3254 cupio
2592 3182 2893 3238 mercedem
2922 3179 3087 3234 vestri
3125 3178 3228 3231 huc
3252 3175 3510 3229 adventus

1937 3282 2271 3349 persolvere,
2311 3291 2374 3331 ac
2418 3274 2774 3344 spiritualibus
2830 3278 3167 3325 exsaturatos
3214 3265 3407 3321 eduliis
3440 3264 3509 3318 ita

1938 3372 2151 3425 domum
2193 3382 2285 3422 vos
2313 3367 2600 3427 remittere,
2632 3374 2685 3417 ut
2713 3363 2799 3432 qui
2827 3360 3126 3425 abfuerunt,
3157 3366 3403 3427 quantam
3422 3354 3507 3423 ja-

1939 3471 2141 3515 cturam
2182 3456 2419 3519 fecerint,
2448 3456 2619 3524 reipsa
2648 3453 2852 3507 discant
2880 3468 2892 3503 :
2918 3451 3086 3504 scient
3114 3457 3289 3501 autem
3316 3447 3358 3499 si
3390 3460 3509 3497 cum

1940 3553 2229 3605 attentione
2270 3563 2387 3617 qua:
2424 3546 2660 3600 dicemus
2702 3543 3049 3610 exceperitis,
3094 3549 3251 3607 atque
3288 3536 3353 3590 ad
3392 3535 3514 3588 illos

1942 3640 2296 3694 transmittere
2336 3635 2629 3705 potueritis.
2681 3633 2789 3703 Ego
2832 3630 3078 3684 Dominus
3118 3628 3274 3691 Deus,
3303 3626 3390 3695 qui
3420 3626 3515 3695 feci

1942 3734 2101 3786 lucem
2128 3741 2174 3783 et
2198 3729 2441 3791 tenebras,
2473 3727 2659 3797 faciens
2688 3740 2881 3796 pacem,
2904 3734 2951 3777 et
2978 3738 3154 3775 creans
3174 3720 3328 3773 mala.
3362 3717 3513 3772 Assi-

1941 3822 2045 3876 due
2085 3821 2282 3875 dictum
2328 3818 2464 3871 istud
2501 3825 2702 3885 repeto,
2734 3823 2790 3869 ut
2815 3814 2867 3867 in
2896 3815 3083 3868 vestris
3106 3810 3295 3864 animis
3318 3808 3515 3877 deﬁga-

1946 3920 2048 3977 tur,
2077 3926 2138 3964 ac
2162 3908 2352 3965 deinde
2386 3908 2579 3961 solutio
2619 3905 2949 3958 adhibeatur.
2998 3901 3180 3970 Neque
3217 3914 3342 3953 vero
3368 3897 3516 3952 solus

1946 4005 2047 4061 hoc
2072 4006 2168 4059 iste
2215 4004 2359 4065 dicit,
2391 4000 2483 4055 sed
2519 4012 2571 4053 et
2595 3998 2727 4051 alius
2765 3996 3051 4050 concinens
3092 3993 3216 4046 huic
3259 3989 3515 4061 prapheta

1944 4096 2182 4151 dicebat:
2208 4094 2267 4148 Si
2288 4102 2355 4147 est
2381 4092 2573 4145 malitia
2598 4091 2647 4143 in
2670 4089 2883 4153 civitate,
2898 4103 3048 4154 quam
3072 4102 3170 4139 non
3198 4084 3315 4153 fecit
3345 4082 3519 4135 Domi-

1947 4205 2037 4241 nus
2067 4187 2258 4256 (Amos
2286 4187 2337 4241 5.
2371 4182 2612 4255 6)?Quid
2667 4196 2794 4252 ergo
2841 4180 2939 4234 sibi
2982 4178 3095 4232 vult
3135 4175 3275 4246 quod
3318 4174 3515 4229 dictum

1948 4278 2061 4332 est?
2092 4276 2258 4333 Unam
2302 4275 2441 4330 enim
2485 4272 2729 4327 omnibus
2772 4280 2983 4339 oportet
3020 4267 3335 4321 solutionem
3365 4265 3516 4317 adhi-

1948 4371 2092 4425 bere.
2138 4368 2389 4435 Qua-nam
2428 4367 2583 4436 igitur
2608 4372 2689 4419 est
2717 4361 2945 4417 solutio?
2989 4360 3044 4415 Si
3075 4360 3178 4413 vim
3227 4358 3517 4412 dictionum

1951 4463 2153 4516 illarum
2180 4460 2538 4514 didicerimus.
2556 4455 2749 4510 Verum
2776 4452 3031 4507 attendite
3058 4451 3337 4519 diligenter
3368 4468 3380 4500 :
3416 4464 3518 4502 non

1952 4554 2089 4607 enim
2123 4562 2320 4605 temere
2348 4564 2443 4602 nec
2472 4546 2661 4600 frustra
2686 4559 2781 4597 vos
2810 4542 2875 4596 ad
2903 4542 3003 4595 hoc
3043 4540 3255 4594 assidue
3279 4538 3520 4593 cohorta-

1952 4659 2091 4709 mur,
2118 4641 2207 4695 sed
2236 4639 2481 4708 quoniam
2515 4636 2623 4705 jam
2649 4634 2713 4688 ad
2751 4634 3019 4686 abstrusas
3066 4644 3362 4700 gravesque
3392 4645 3518 4683 sen-

1957 4733 2141 4787 tentias
2173 4731 2389 4800 gradum
2435 4728 2675 4782 facimus.
2708 4725 2904 4779 Rerum
2951 4724 3068 4777 aliae
3108 4722 3320 4792 quidem
3369 4721 3522 4775 bona:

1955 4832 2093 4887 sunt,
2117 4822 2231 4875 alia:
2262 4821 2437 4885 malm,
2468 4819 2586 4872 alia:
2606 4816 2815 4883 mediae,
2844 4831 3064 4884 quarum
3095 4813 3357 4867 nonnullae
3385 4813 3521 4865 mul-

1958 4915 2022 4967 tis
2058 4913 2209 4967 malre
2234 4912 2498 4973 videntur,
2522 4910 2644 4964 licet
2686 4924 2790 4963 non
2837 4911 2964 4973 sint,
2992 4906 3085 4960 sed
3128 4905 3371 4958 dicuntur
3412 4914 3526 4957 tan.

1958 5015 2064 5060 tum
2088 5013 2140 5060 et
2164 5004 2546 5058 existimantur.

2032 5096 2308 5163 Paupertas
2352 5112 2452 5147 non
2488 5092 2640 5155 mala,
2683 5090 2868 5142 divitia:
2903 5105 3003 5142 non
3048 5087 3208 5142 bona.
3247 5088 3444 5144 —Sed
3476 5101 3531 5145 ut

1959 5187 2096 5257 quod
2117 5202 2144 5239 a
2162 5202 2244 5240 me
2272 5186 2460 5239 dicitur
2487 5182 2763 5236 dilucidius
2794 5182 2903 5247 fiat,
2930 5197 3025 5251 age
3053 5181 3317 5235 firmatum
3346 5200 3527 5238 exem-

1962 5280 2062 5347 plis
2088 5293 2383 5332 sermonem
2416 5276 2767 5329 instituamus.
2802 5274 3089 5342 Paupertas
3118 5274 3297 5328 multis
3318 5276 3529 5343 quidem

1964 5374 2155 5427 tnalum
2198 5370 2423 5435 videtur,
2470 5381 2651 5421 verum
2703 5381 2807 5419 non
2838 5373 2957 5419 est:
2987 5366 3112 5434 quin
3158 5366 3314 5419 etiam
3340 5369 3383 5418 si
3414 5368 3533 5433 quis

1965 5462 2213 5532 providus
2236 5460 2303 5512 sit
2329 5468 2379 5511 et
2404 5458 2500 5511 sibi
2528 5465 2777 5520 attentus,
2811 5456 2945 5508 mala
2977 5454 3190 5509 tollendi
3218 5457 3319 5507 vim
3351 5456 3531 5513 habet.

1968 5554 2167 5607 Divilire
2217 5563 2396 5603 rursus
2440 5549 2631 5601 bonum
2662 5546 2871 5614 quidem
2904 5546 3148 5599 videntur
3176 5560 3314 5609 esse,
3350 5554 3523 5599 tamen

1967 5644 2204 5697 absolute
2250 5640 2444 5695 bonum
2488 5638 2705 5692 minime
2750 5645 2893 5702 sunt,
2941 5636 3039 5689 nisi
3086 5637 3206 5703 quis
3244 5647 3532 5706 nteportct

1973 5735 2034 5789 iis
2062 5740 2254 5788 utatur.
2279 5730 2409 5786 Nam
2439 5730 2479 5785 si
2508 5728 2748 5783 absolute
2772 5728 2966 5782 bonum
2993 5735 3169 5781 csscnt
3198 5727 3416 5794 divitia),
3436 5727 3530 5783 bo-
