4064 6214
563 387 674 443 147

540 506 639 547 nos
664 507 788 550 esse
828 502 1102 564 Oporteret
1129 498 1216 568 qui
1246 512 1336 553 eas
1367 495 1640 568 possident
1669 512 1681 548 :
1711 495 1792 550 sin
1818 501 1992 549 autem
2020 505 2127 547 non

539 597 731 639 omnes
785 584 981 642 divites
1021 589 1215 644 virtute
1261 597 1384 644 sunt
1425 588 1629 659 praediti
1656 628 1671 652 ,
1714 587 1880 657 liquet
1915 585 2127 640 divitias

540 676 857 744 simpliciter
893 694 955 734 ac
983 693 1083 751 per
1116 694 1176 736 se
1203 679 1371 737 bonas
1411 698 1516 735 non
1541 696 1677 746 esse,
1718 694 1902 734 verum
1930 679 1980 733 in
2006 693 2124 734 me-

539 767 629 820 dio
673 769 898 839 positam
947 772 1223 827 materiam
1271 774 1556 844 quamdam
1604 787 1724 828 esse
1767 771 1998 827 virtutis.
2038 771 2126 826 Sic

539 867 718 915 autem
748 877 861 916 rem
885 863 1144 931 expende.
1175 861 1309 919 Sunt
1328 863 1384 918 in
1410 877 1635 934 corpore
1659 864 1964 934 qualitates,
1994 876 2124 932 quas

540 948 630 1019 qui
659 949 862 1007 habent
902 953 1033 1008 tales
1057 955 1123 1009 ab
1149 955 1212 1008 iis
1239 956 1592 1025 appellantur.
1624 953 1866 1026 Exempli
1916 969 2073 1010 causa
2107 971 2119 1007 :

535 1041 742 1096 candor
787 1044 1082 1099 substantia
1125 1061 1228 1100 non
1255 1055 1356 1111 est,
1387 1045 1480 1101 sed
1521 1045 1765 1114 qualitas,
1795 1053 1849 1098 et
1876 1044 2122 1098 accidens

536 1130 678 1200 quod
721 1131 938 1189 advenit
961 1135 1299 1200 substantiae;
1328 1149 1457 1207 ergo
1477 1136 1523 1192 si
1549 1136 1632 1190 cui
1663 1134 1978 1190 adnascatur
1998 1133 2118 1198 hoe,

540 1220 823 1277 candidum
868 1224 1127 1294 ejusmodi
1167 1225 1437 1282 hominem
1478 1229 1824 1297 appellamus.
1864 1225 1956 1282 Est
1981 1242 2120 1296 prte-

534 1323 684 1368 terea
715 1315 972 1384 a-gritudo
1001 1325 1054 1370 et
1085 1318 1195 1387 ipsa
1221 1319 1450 1390 qualitas
1491 1319 1731 1388 quaedam
1770 1328 1824 1375 et
1848 1318 2117 1386 accidens,

535 1420 598 1460 ac
623 1406 668 1459 si
695 1406 778 1462 cui
822 1407 1089 1476 adveniat,
1121 1412 1276 1465 talem
1307 1421 1561 1482 aegrotum
1605 1427 1878 1467 vocamus.
1908 1413 1964 1468 Si
1995 1428 2121 1484 ergo

533 1491 732 1550 divitia:
762 1498 930 1553 virtus
956 1510 1156 1568 essent,
1188 1517 1309 1556 eum
1344 1505 1430 1573 qui
1471 1504 1685 1558 divitias
1731 1503 1964 1573 possidet
2011 1507 2118 1560 vir-

537 1597 650 1646 tute
694 1594 971 1661 prreditum
1022 1613 1143 1652 esse
1185 1609 1457 1668 oporteret
1484 1617 1547 1656 ac
1589 1601 1690 1656 dici
1726 1618 1740 1657 :
1773 1603 1911 1673 quod
1941 1604 1983 1657 si
2015 1618 2117 1658 non

536 1683 756 1737 omnino
797 1685 994 1742 virtute
1038 1688 1292 1758 pra'ditus
1335 1702 1414 1746 est
1446 1691 1617 1759 dives,
1655 1709 1762 1748 non
1804 1693 2123 1763 simpliciter

537 1782 627 1825 aut
658 1773 825 1830 virtus
851 1787 941 1831 aut
969 1777 1165 1833 bonum
1195 1787 1319 1835 sunt
1346 1780 1570 1851 divitiae,
1600 1784 1692 1838 sed
1725 1783 1776 1838 id
1810 1783 1940 1839 [lunt
1967 1797 2122 1855 prout

532 1863 754 1920 allectus
802 1867 956 1922 fuerit
1000 1869 1115 1938 ejus
1163 1871 1373 1928 animus
1417 1875 1506 1943 qui
1555 1874 1634 1930 eis
1673 1877 1869 1930 utitur.
1919 1876 2121 1932 Rursus

532 1967 815 2026 paupertas
855 1961 900 2015 si
939 1964 1134 2017 malum
1178 1974 1338 2030 esset,
1378 1981 1565 2023 omnes
1612 1967 1701 2037 qui
1729 1967 1781 2022 in
1813 1979 2122 2038 paupertate

531 2049 750 2119 degunt,
794 2063 1066 2121 oporteret
1111 2071 1229 2112 esse
1257 2058 1427 2114 malos
1456 2083 1468 2114 :
1498 2060 1580 2115 sin
1607 2071 1782 2115 autem
1815 2061 1967 2117 multi
1993 2077 2120 2130 pau-

531 2152 690 2207 peres
743 2143 934 2198 caelum
984 2158 1352 2218 occuparunt,
1403 2165 1509 2205 non
1562 2161 1644 2206 est
1689 2151 1867 2222 utique
1920 2153 2115 2208 malum

530 2242 836 2302 paupertas.

599 2324 651 2378 4.
684 2323 820 2392 Quid
851 2331 990 2395 quod
1026 2328 1175 2384 multi
1206 2339 1424 2402 propter
1461 2337 1826 2401 paupertatem
1863 2332 2116 2402 blasphe-

528 2417 719 2467 mant?
754 2414 898 2472 dicet
939 2418 1149 2489 aliquis.
1191 2419 1306 2475 Non
1336 2430 1555 2491 propter
1585 2432 1950 2492 paupertatem
1971 2463 1989 2488 ,
2021 2424 2115 2478 sed

528 2517 750 2577 propter
783 2509 1042 2565 insaniam
1071 2527 1220 2566 suam
1249 2523 1304 2568 et
1327 2514 1816 2585 pusillanimitatem
1847 2514 1898 2569 id
1930 2524 2115 2585 agunt.

527 2595 704 2668 Atque
745 2598 848 2655 hoc
882 2616 948 2656 ex
993 2603 1130 2658 beati
1163 2602 1264 2659 Job
1287 2605 1533 2674 exemplo
1560 2614 1703 2674 patet
1730 2619 1744 2670 ;
1778 2605 1866 2674 qui
1899 2619 2019 2660 eum
2050 2606 2117 2660 ad

528 2695 822 2741 extremam
857 2700 1224 2760 paupertatem
1257 2691 1502 2748 redactus
1528 2704 1671 2749 esset
1693 2733 1709 2756 ,
1747 2703 1801 2747 et
1830 2694 1895 2748 ad
1943 2694 2114 2764 ipsum

527 2779 856 2844 paupertatis
905 2779 1209 2835 barathrum
1260 2781 1541 2838 devolutus
1569 2824 1584 2850 ,
1632 2797 1736 2835 non
1783 2783 1955 2836 solum
2010 2799 2114 2838 non

527 2866 936 2937 blaSphetuavit,
963 2867 1056 2926 sed
1090 2870 1255 2926 Deum
1285 2872 1599 2928 benedicere
1626 2886 1730 2927 non
1761 2872 2008 2939 cessavit,
2033 2873 2116 2927 his

528 2959 737 3014 verbis:
765 2959 1009 3016 Dominus
1024 2962 1180 3028 dedit,
1205 2958 1448 3019 Dominus
1474 2963 1678 3018 abstulit
1701 2979 1720 3027 ;
1744 2963 1870 3017 sicut
1900 2962 2115 3018 Domino

511 3051 740 3122 .placuit,
760 3053 829 3106 ita
849 3057 1040 3125 factum
1065 3062 1138 3109 est
1164 3071 1182 3108 :
1206 3055 1270 3109 sit
1295 3070 1474 3109 nomen
1503 3055 1705 3109 Domini
1731 3055 2040 3109 benedictum
2062 3059 2114 3109 in

527 3140 717 3196 sa-cula
746 3141 869 3210 (Job
900 3143 949 3200 l.
970 3143 1088 3215 9.1).
1115 3145 1183 3200 At
1206 3145 1346 3200 enim
1373 3145 1442 3202 ob
1461 3145 1670 3202 divitias
1686 3146 1843 3201 etiam
1867 3147 2014 3201 multi
2040 3163 2111 3202 ra-

528 3233 682 3302 piunt
702 3243 754 3289 et
783 3235 953 3292 aliena
988 3237 1262 3301 invadunt,
1292 3235 1437 3292 dicet
1461 3233 1670 3306 aliquis.
1700 3237 1895 3294 Verum
1925 3239 1976 3293 id
2006 3255 2113 3295 non

524 3323 597 3379 ob
621 3323 832 3379 divitias
864 3326 920 3378 lit
943 3366 958 3391 ,
989 3326 1081 3380 sed
1112 3327 1182 3380 ob
1211 3327 1451 3397 ipsorum
1480 3327 1790 3391 stultitiam;
1823 3337 1982 3398 atque
2010 3329 2110 3384 lut-

523 3414 611 3486 jus
639 3415 714 3472 rei
746 3417 898 3472 testis
924 3417 1077 3472 nobis
1103 3418 1205 3473 erit
1245 3419 1329 3473 hic
1359 3420 1471 3490 ipse
1494 3419 1593 3484 vir,
1623 3421 1710 3488 qui
1741 3433 1859 3474 cum
1893 3429 1968 3474 tot
2000 3421 2114 3491 opi-

523 3506 626 3562 bus
648 3508 964 3573 abundaret,
987 3525 1089 3563 uou
1119 3510 1276 3564 modo
1304 3526 1388 3565 res
1418 3509 1642 3566 aliorum
1666 3524 1769 3564 non
1799 3513 1988 3581 rapuit,
2018 3513 2112 3568 sed

522 3599 681 3651 etiam
706 3599 916 3670 propria
938 3600 1210 3672 erogabat,
1234 3607 1286 3655 et
1311 3600 1610 3670 peregrinis
1631 3611 1838 3670 portum
1869 3597 2108 3670 parabat,

522 3689 600 3743 sic
628 3689 846 3745 dicens:
872 3689 1062 3745 Domus
1093 3707 1202 3744 mea
1229 3692 1368 3745 omni
1395 3691 1658 3762 peregrina
1683 3691 1843 3761 patuit
1875 3691 1990 3766 (Job
2020 3690 2107 3747 3|.

520 3780 633 3852 32).
651 3781 916 3838 Abraham
939 3798 1151 3853 quoque
1170 3799 1288 3838 eum
1313 3792 1384 3838 tot
1407 3798 1538 3853 opes
1571 3785 1883 3852 possideret,
1901 3785 1954 3838 in
1979 3801 2108 3852 pne-

521 3882 791 3928 tereuutes
828 3875 1006 3928 omnia
1032 3873 1402 3943 espendebat;
1441 3885 1496 3930 et
1544 3890 1712 3944 neque
1755 3876 1895 3930 hunc
1939 3892 2109 3945 neque

519 3966 670 4020 illum
692 3965 1050 4022 fraudatorem
1080 3974 1172 4022 aut
1199 3981 1420 4022 avarum
1448 3966 1645 4022 divitiae
1668 3967 2029 4034 reddiderunt,
2051 3978 2109 4023 ut

520 4073 691 4128 neque
715 4058 1082 4128 blaspltemum
1107 4068 1388 4128 paupertas
1414 4066 1507 4112 aut
1529 4057 1672 4112 illum
1703 4068 1791 4112 aut
1813 4058 2103 4114 Lazarum:

518 4148 612 4203 sed
653 4163 774 4204 eum
815 4164 987 4219 neque
1031 4151 1329 4205 necessaria
1370 4151 1581 4220 utrique
1627 4158 1971 4220 suppeterent
2007 4149 2109 4204 ali-

519 4248 721 4305 menta,
753 4241 832 4296 sie
859 4239 1092 4295 illustres
1123 4240 1359 4307 fuerunt,
1387 4249 1445 4294 ut
1474 4241 1608 4293 alter
1634 4240 1725 4293 Dei
1752 4281 1765 4304 ,
1801 4242 1888 4309 qui
1915 4256 2102 4295 arcana

517 4331 662 4386 clare
697 4332 1186 4393 novit,testimonio
1223 4329 1725 4386 commendaretur:
1761 4331 1891 4384 alter
1930 4341 2103 4384 autem

519 4423 588 4478 ab
614 4424 816 4495 angelis
855 4423 1293 4480 antecedentibus
1323 4422 1447 4476 hinc
1486 4419 1804 4486 auferretur,
1837 4430 1890 4474 et
1919 4430 2105 4474 contu-

519 4513 749 4569 bernalis
789 4513 941 4569 eret
981 4513 1296 4584 patriarchae
1329 4554 1342 4579 ,
1382 4507 1676 4581 iisdemque
1718 4510 1871 4566 bonis
1913 4511 2103 4579 quibus

517 4603 606 4658 ille
634 4601 916 4659 frueretur.
945 4604 1127 4674 Itaque
1157 4603 1344 4658 media:
1374 4616 1460 4657 res
1489 4611 1612 4656 sunt
1640 4603 1753 4656 ista:
1779 4640 1793 4666 ,
1823 4611 2103 4671 paupertas

517 4704 566 4750 et
596 4695 823 4760 divitize,
850 4697 1051 4752 sanitas
1078 4707 1132 4751 et
1154 4697 1373 4750 morbus
1398 4737 1412 4762 ,
1441 4695 1548 4750 vita
1579 4703 1631 4749 et
1661 4708 1825 4756 mors,
1853 4693 2017 4762 gloria
2051 4701 2105 4746 et

516 4785 707 4851 honor,
737 4787 966 4841 servitus
993 4796 1045 4840 et
1071 4786 1289 4840 libertas
1310 4826 1322 4848 ,
1351 4794 1404 4840 et
1433 4798 1785 4856 quaecumque
1810 4792 1934 4837 sunt
1959 4783 2102 4851 ejus-

515 4876 660 4930 modi
686 4893 700 4941 ;
732 4892 836 4932 non
865 4878 1007 4931 enim
1035 4876 1211 4932 omnia
1243 4885 1366 4929 sunt
1397 4876 1751 4944 percurrenda
1774 4917 1789 4940 ,
1835 4889 1901 4928 ne
1944 4875 2104 4943 proli-

514 4969 634 5022 xior
665 4969 754 5022 liat
781 4969 983 5031 oratio,
1018 4969 1110 5022 sed
1141 4967 1293 5021 vobis
1319 4982 1388 5020 ex
1429 4968 1509 5020 his
1537 4967 1656 5020 data
1689 4967 2003 5027 occasione,
2037 4965 2100 5017 ad

511 5075 572 5112 ea
602 5075 721 5129 quae
749 5075 847 5114 nos
875 5069 1062 5128 urgent
1087 5059 1305 5114 dicenda
1333 5056 1656 5127 pergendum
1688 5066 1770 5110 est
1823 5053 1907 5107 Da
1937 5056 2099 5120 enim,

511 5152 704 5220 inquit,
737 5153 952 5221 sapienti
978 5152 1312 5217 occasionem,
1343 5161 1389 5204 et
1415 5149 1689 5219 sapientior
1714 5149 1807 5201 erit
1835 5147 2014 5217 (Prov.
2045 5146 2098 5201 9.

512 5239 602 5312 9).
635 5240 797 5309 igitur
829 5257 912 5297 res
944 5242 1134 5298 mediae
1168 5248 1291 5294 sunt
1329 5240 1441 5294 bzec
1478 5238 1654 5294 omnia
1685 5255 1696 5290 :
1727 5237 1806 5291 sic
1845 5245 1902 5288 ut
1934 5235 2017 5288 bis
2049 5236 2100 5289 in

510 5330 709 5386 bonum
741 5341 794 5387 et
824 5333 874 5386 in
909 5334 1105 5387 malum
1137 5333 1380 5387 homines
1413 5331 1488 5386 uti
1526 5330 1750 5398 possint.
1775 5327 1928 5393 Quod
1959 5325 2098 5378 enim

511 5423 595 5478 hac
625 5439 709 5479 res
734 5427 841 5478 sint
866 5424 1077 5489 medias,
1105 5434 1162 5476 ut
1187 5421 1404 5486 divitiae,
1435 5420 1668 5475 ostendit
1691 5418 1982 5478 Abraham,
2012 5415 2100 5483 qui

510 5521 569 5567 ut
591 5528 725 5583 opus
755 5520 874 5567 erat
894 5512 1026 5582 ipsis
1042 5519 1300 5565 estusus:
1336 5512 1568 5567 ostendit
1595 5520 1647 5567 et
1677 5510 1766 5565 ille
1796 5509 1882 5569 aui
1915 5505 2102 5561 Lazari

509 5604 640 5658 vixit
659 5615 814 5659 aetate
842 5607 1009 5671 dives,
1035 5603 1123 5674 qui
1156 5605 1206 5655 in
1239 5604 1430 5671 capitis
1457 5605 1536 5655 sui
1566 5600 1855 5670 perniciem
1879 5596 2100 5675 faculta-

509 5704 588 5750 tes
615 5697 891 5767 impendit.
919 5697 1099 5767 Neque
1131 5695 1326 5748 bomnn
1358 5695 1517 5763 igitur
1539 5693 1781 5747 absolute
1810 5699 1931 5743 sunt
1960 5687 2098 5740 diri-

509 5788 802 5865 titr,ncquc
834 5789 1053 5842 malum.
1094 5786 1147 5842 Si
1175 5786 1416 5840 absolute
1448 5785 1642 5839 bonum
1673 5789 1852 5838 essent
1877 5822 1891 5847 ,
1925 5792 2099 5847 neque

1320 382 1386 439 S.
1425 377 1705 439 JOANNIS
1741 379 2216 439 CBRYSOSTOMI
2252 381 2570 441 ARCHIEP.
2609 386 3141 448 CONSTANTINOP.

3713 408 3825 462 148

2230 508 2320 549 res
2347 494 2555 565 medim,
2574 497 2722 554 dives
2749 501 2838 556 ille
2858 501 2946 572 qui
2976 512 3129 559 etate
3153 504 3334 561 Lazari
3359 506 3504 572 visit,
3531 515 3637 563 tam
3664 509 3813 578 gravi

2231 584 2493 653 supplicio
2520 589 2737 657 punitus
2763 605 2867 646 non
2891 603 3032 648 esset
3059 610 3072 646 :
3103 594 3148 650 si
3174 596 3371 651 malum
3403 606 3617 664 essent,
3642 600 3810 652 Abra-

2231 673 2354 728 ham
2379 717 2393 742 ,
2419 677 2507 747 qui
2552 678 2700 734 dives
2738 680 2875 750 fuit,
2902 698 3004 738 non
3051 694 3156 740 tam
3186 687 3409 742 celebris
3450 687 3656 744 fuisset.
3684 687 3811 742 Tale

2229 765 2355 836 quid
2386 778 2466 822 est
2490 769 2648 823 etiam
2678 772 2914 828 morbus.
2946 774 3077 830 Nam
3100 775 3144 830 si
3169 777 3364 832 malum
3390 787 3533 833 esset
3565 777 3808 840 morbus,

2228 869 2501 926 Oporterct
2525 871 2577 916 et
2605 865 2802 919 malum
2829 882 2947 922 esse
2974 878 3250 939 aegrotum.
3283 871 3464 942 Itaque
3494 870 3812 927 Timotheus

2227 964 2441 1020 quoque
2471 953 2638 1009 malus
2666 970 2786 1011 esse
2814 957 3087 1015 debuisset
3109 1002 3123 1026 ,
3154 961 3242 1032 qui
3278 963 3467 1018 morbo
3493 963 3810 1034 gravissimo

2227 1040 2796 1102 eortllictabatur.Vino
2823 1051 2963 1102 enim
2992 1050 3188 1105 modico
3213 1061 3369 1117 utere,
3389 1053 3580 1123 inquit,
3608 1059 3811 1122 propta

2227 1133 2576 1202 stomachum,
2602 1146 2648 1190 ct
2674 1139 2952 1208 frequentes
2978 1153 3088 1196 tuas
3114 1143 3432 1211 inrmitates
3463 1146 3550 1215 (l.
3589 1139 3723 1196 Tim.
3755 1143 3807 1195 5.

2225 1222 2354 1294 ).
2383 1224 2534 1293 Quod
2560 1227 2603 1280 si
2632 1244 2734 1283 non
2763 1230 2921 1286 modo
2947 1234 3117 1288 malus
3143 1235 3338 1290 ideirco
3361 1252 3464 1290 non
3494 1235 3610 1298 fuit,
3636 1234 3729 1289 sed
3758 1245 3811 1289 et

2228 1317 2490 1373 mercedis
2518 1320 2700 1374 multa:
2725 1325 3082 1379 accessionem
3108 1330 3331 1397 accepit,
3365 1339 3419 1383 ut
3447 1331 3712 1400 patienter
3734 1331 3814 1381 iu-

2227 1407 2529 1465 lirmitatcm
2573 1411 2714 1466 illam
2756 1416 2914 1481 tulit,
2957 1418 3199 1473 morbum
3240 1421 3418 1490 utique
3460 1421 3658 1475 malum
3703 1435 3810 1473 non

2225 1513 2342 1552 esse
2372 1502 2709 1559 manifestum
2750 1517 2850 1562 est.
2893 1510 3041 1565 Alius
3081 1527 3289 1583 quoque
3335 1514 3592 1583 prepheta
3641 1515 3817 1568 oculis

2224 1604 2481 1663 perpetuo
2526 1598 2844 1656 laborabat:
2879 1618 2978 1658 nec
3017 1613 3190 1659 tamen
3234 1618 3448 1676 prepter
3495 1607 3598 1662 hoc
3639 1607 3816 1660 malus

2224 1693 2341 1740 erat
2364 1725 2379 1748 ,
2409 1686 2500 1741 sed
2532 1698 2585 1743 et
2615 1691 2964 1760 prophetahat
2985 1735 2999 1758 ,
3030 1704 3083 1748 et
3113 1694 3287 1750 futura
3320 1695 3649 1766 praevidebat
3674 1739 3688 1762 ,
3721 1712 3818 1751 ne-

2224 1789 2328 1845 que
2358 1777 2577 1833 morbus
2613 1779 2686 1834 illi
2724 1780 2936 1852 aliquod
2973 1783 3039 1838 ad
3086 1785 3332 1841 virtutem
3368 1787 3817 1856 impedimentum

2223 1867 2494 1924 allercbat.
2538 1873 2606 1925 At
2635 1887 2805 1942 neque
2829 1878 3026 1931 sanitas
3053 1877 3295 1934 absolute
3327 1879 3524 1934 bonum
3557 1889 3643 1935 est
3666 1920 3680 1943 ,
3713 1880 3820 1933 nisi

2223 1958 2341 2026 quis
2375 1974 2436 2013 ea
2467 1970 2522 2014 ut
2545 1972 2787 2030 oportet,
2823 1981 2925 2020 non
2957 1965 3020 2020 ad
3053 1967 3355 2036 improbum
3388 1969 3596 2024 facinus
3625 1971 3713 2025 vel
3749 1970 3817 2022 ad

2224 2048 2407 2104 inutile
2432 2050 2596 2105 otium
2625 2061 2802 2108 utatur
2833 2071 2846 2108 :
2881 2071 3052 2126 neque
3078 2059 3218 2112 enim
3247 2060 3472 2114 crimine
3504 2060 3606 2114 hoc
3638 2060 3818 2128 ipsum

2226 2149 2394 2194 vacat.
2425 2141 2679 2208 Quocirca
2717 2145 2911 2202 Paulus
2953 2149 3113 2204 etiam
3149 2147 3361 2205 dicebat
3397 2169 3408 2204 :
3454 2151 3518 2205 Si
3555 2150 3670 2221 quis
3715 2166 3820 2202 non

2223 2231 2326 2283 tttll
2354 2234 2553 2302 Operari
2573 2276 2587 2300 ,
2620 2250 2709 2288 nec
2739 2237 3006 2292 manducet
3037 2238 3126 2309 (2.
3153 2239 3332 2295 Thess.
3364 2241 3418 2293 3.
3448 2240 3580 2309 l0).
3615 2239 3821 2293 Verum

2222 2318 2336 2374 Inuc
2365 2321 2535 2376 media
2561 2333 2683 2378 sunt
2708 2333 2761 2379 et
2783 2325 3150 2394 indillerentia,
3174 2339 3226 2384 et
3256 2345 3354 2400 pro
3385 2334 3592 2383 ratione
3621 2341 3822 2383 eorum

2221 2414 2308 2482 qui
2331 2415 2409 2470 eis
2437 2424 2654 2470 utuntur
2688 2418 2974 2488 aliquando
3003 2418 3106 2475 hoc
3126 2462 3141 2486 ,
3169 2421 3456 2490 aliquando
3488 2420 3617 2474 illud
3657 2419 3820 2474 liunt.

2221 2505 2357 2572 Quid
2393 2523 2520 2562 vero
2557 2511 2747 2564 attinet
2789 2513 3070 2567 sanitatem
3109 2529 3540 2568 commemorare
3570 2529 3637 2567 ac
3667 2526 3821 2566 mor-

2221 2595 2368 2663 bum,
2393 2597 2603 2653 divitias
2623 2608 2677 2654 et
2698 2609 3058 2669 paupertatem
3082 2600 3104 2654 ?
3132 2600 3241 2656 lloc
3268 2600 3417 2655 enim
3440 2602 3649 2669 ipsum,
3673 2601 3824 2672 quod

2221 2687 2380 2755 vulgo
2410 2688 2668 2743 bonorum
2697 2691 2932 2744 omnium
2968 2701 3126 2760 caput
3154 2697 3426 2757 censetur,
3456 2700 3511 2745 et
3542 2692 3828 2744 malorum

2220 2777 2483 2846 eolophon
2509 2789 2710 2843 ,morS,
2739 2781 2993 2851 inquam,
3022 2792 3075 2837 et
3117 2782 3219 2837 vita
3242 2823 3258 2848 ,
3306 2798 3481 2852 neque
3525 2792 3659 2838 sunt
3703 2784 3828 2834 haec

2219 2867 2481 2933 absolute,
2515 2870 2609 2925 sed
2634 2883 2687 2926 et
2714 2873 2827 2942 ipsa
2851 2874 3022 2929 media
3055 2883 3197 2942 sunt,
3227 2883 3282 2930 et
3309 2886 3468 2944 prout
3493 2890 3690 2929 eorum
3716 2873 3830 2928 fert

2219 2960 2428 3015 animus
2460 3002 2473 3025 ,
2505 2963 2593 3031 qui
2636 2964 2715 3019 eis
2759 2975 3012 3032 utuntur,
3058 2966 3313 3022 alterutra
3360 2967 3517 3021 unt.
3562 2967 3829 3037 Exempli

2218 3063 2379 3106 causa
2399 3055 2604 3109 bonum
2624 3052 2928 3121 estvivere,
2967 3057 3010 3110 si
3037 3055 3154 3125 quis
3176 3072 3240 3110 eo
3265 3066 3324 3112 ut
3350 3065 3569 3127 oportet
3597 3066 3793 3111 utatur
3817 3075 3832 3110 :

2218 3157 2342 3198 eum
2368 3158 2498 3198 vero
2529 3141 2595 3198 ad
2623 3153 2838 3213 peccata
2866 3145 2951 3200 vel
2980 3145 3304 3216 iniquitates,
3336 3163 3444 3202 non
3470 3147 3584 3216 jam
3618 3149 3831 3202 bonum

2219 3242 2324 3301 est,
2350 3233 2447 3289 scd
2477 3235 2645 3289 multo
2673 3235 2864 3290 melius
2891 3233 3048 3291 fuerit
3068 3277 3082 3302 ,
3112 3245 3169 3292 ut
3193 3239 3280 3309 qui
3304 3238 3572 3308 ejusmodi
3597 3248 3686 3293 est
3709 3253 3828 3291 mo-

2218 3325 2408 3378 riatur.
2439 3322 2644 3380 Rursus
2674 3324 2802 3380 illud
2826 3367 2841 3392 ,
2873 3325 3010 3395 quod
3037 3325 3344 3397 fugiendum
3373 3329 3528 3382 multi
3559 3341 3828 3392 censent,

2217 3418 2494 3473 innumera
2543 3419 2702 3474 nobis
2735 3420 2873 3474 bona
2911 3420 3191 3486 conciliat,
3225 3421 3351 3475 dum
3393 3423 3834 3475 convenientem

2215 3522 2432 3564 causam
2460 3505 2650 3564 habeat
2674 3510 2994 3579 adjunctam.
3021 3514 3349 3580 Argumento
3370 3520 3498 3565 sunt
3519 3519 3833 3581 martyres.

2215 3602 2307 3670 qui
2329 3611 2545 3673 propter
2568 3612 2794 3658 mortem
2818 3605 3051 3658 omnium
3078 3613 3200 3657 sunt
3229 3602 3550 3657 felicissimi.
3583 3602 3836 3670 Propter

2217 3693 2321 3748 hoc
2349 3695 2595 3748 nimirum
2621 3695 2812 3749 Paulus
2835 3708 2937 3747 non
2961 3694 3273 3763 simpliciter
3301 3695 3482 3747 vivere
3511 3695 3568 3746 in
3596 3693 3838 3748 Christo

2215 3783 2497 3850 cupiebat,
2545 3783 2638 3838 sed
2676 3783 2922 3853 quoniam
2952 3781 3054 3837 hoc
3097 3783 3166 3836 illi
3207 3782 3384 3850 operis
3423 3780 3640 3836 fructus
3683 3792 3834 3836 erat.

2221 3873 2466 3927 Etenim
2496 3871 2619 3941 quid
2645 3875 2855 3943 eligam,
2931 3875 3116 3943 inquit,
3193 3872 3414 3943 ignoro:
3447 3887 3711 3929 coaretor
3737 3891 3837 3927 au~

2216 3972 2323 4018 tem
2357 3977 2388 4016 e
2415 3962 2620 4016 duobus
2655 3980 2666 4014 :
2699 3962 3021 4016 desiderium
3061 3964 3199 4016 enim
3247 3963 3452 4018 habens
3495 3963 3738 4019 dissolvi
3783 3977 3841 4018 et

2215 4067 2335 4108 esse
2375 4068 2495 4107 cum
2531 4049 2785 4118 Christo;
2833 4053 2983 4108 valde
3024 4054 3162 4107 enim
3206 4054 3373 4107 multo
3402 4054 3645 4119 melius;
3702 4071 3837 4124 per-

2215 4158 2436 4199 manere
2481 4154 2656 4198 autem
2699 4142 2752 4197 in
2796 4156 2953 4198 carne
2994 4145 3158 4213 magis
3196 4143 3566 4199 necessnrium
3599 4159 3840 4215 prapter

2213 4252 2312 4290 vos
2388 4234 2607 4306 (Pln'tip.
2634 4235 2684 4291 1.
2707 4232 2908 4304 22-24).
2938 4232 3014 4288 Ob
3040 4233 3139 4289 hoc
3163 4235 3332 4304 ipsum
3356 4250 3578 4304 quoque
3602 4237 3839 4292 dicebat

2212 4327 2474 4396 propheta
2499 4368 2516 4393 ,
2560 4325 2790 4378 Pretiosa
2818 4325 2867 4378 in
2894 4334 3159 4394 conspectu
3196 4323 3404 4378 Domini
3437 4341 3579 4379 mors
3612 4337 3839 4381 sancto-

2212 4428 2328 4469 rum
2353 4417 2460 4485 ejus
2486 4414 2650 4483 (Psat.
2685 4414 2806 4467 5.
2845 4412 2946 4482 l5)
2979 4429 2990 4464 :
3023 4429 3124 4465 non
3157 4413 3474 4483 simpliciter
3505 4429 3696 4479 mors,
3733 4418 3840 4470 sed

2213 4521 2361 4560 mors
2391 4505 2668 4574 ejusmodi.
2702 4503 2768 4557 Et
2806 4518 2987 4555 rursus
3027 4503 3216 4556 alicubi
3239 4544 3253 4565 ,
3301 4502 3448 4557 Mors
3481 4516 3840 4573 peccatorum

2213 4597 2432 4667 pessima
2460 4595 2478 4667 (
2507 4594 2645 4647 Psal.
2678 4592 2766 4648 3'5.
2793 4591 2924 4661 22).
2961 4591 3116 4646 V'idcs
3164 4591 3262 4645 hoc
3307 4607 3525 4662 quoque
3575 4596 3841 4650 medium

2213 4703 2367 4751 esse,
2399 4702 2496 4740 nec
2527 4686 2767 4739 absolute
2810 4685 3006 4737 bonum
3037 4723 3050 4747 ,
3096 4697 3194 4737 nec
3237 4683 3360 4738 item
3403 4681 3671 4742 absolute
3707 4704 3840 4741 ma-

2212 4779 2344 4842 lum,
2370 4778 2460 4832 sed
2490 4793 2586 4846 pro
2615 4777 2814 4829 ratione
2843 4775 3001 4828 animi
3025 4785 3077 4828 et
3101 4774 3321 4828 allectus
3348 4791 3541 4831 eorum
3567 4793 3597 4831 a
3623 4781 3844 4848 quibus

2213 4869 2342 4924 illud
2375 4868 2673 4936 excipitur?
2712 4865 2912 4919 Idcirco
2944 4873 2999 4918 et
3039 4866 3468 4932 sapientissimus
3500 4866 3786 4922 Salomon
3823 4913 3838 4933 ,

2213 4961 2340 5013 dum
2370 4958 2647 5011 utilitatem
2679 4963 3100 5018 commemorat,
3133 4969 3251 5022 quae
3281 4956 3334 5008 in
3365 4956 3552 5009 medio
3584 4957 3841 5014 istarum

2213 5060 2295 5104 est
2325 5048 2488 5116 posita
2517 5087 2531 5111 ,
2575 5050 2627 5099 et
2657 5045 2721 5098 de
2752 5044 2832 5097 his
2862 5042 3284 5112 philosophatur,
3320 5044 3684 5115 ostenditque
3723 5063 3842 5100 non

2214 5141 2316 5194 hoc
2345 5137 2585 5191 absolute
2616 5136 2811 5189 bonum
2838 5148 2958 5187 esse
2982 5175 2994 5197 ,
3028 5142 3081 5185 et
3110 5132 3236 5185 illud
3270 5134 3474 5188 malum
3502 5175 3517 5199 ,
3553 5138 3658 5191 sed
3695 5153 3813 5193 eun
3833 5171 3845 5180 .

2211 5228 2443 5285 venienti
2484 5242 2603 5280 cum
2636 5235 2872 5294 tempore
2905 5222 3019 5276 lieri
3051 5222 3188 5275 bona
3215 5263 3228 5283 .
3268 5223 3396 5277 licet
3425 5227 3671 5282 molesta
3707 5243 3843 5284 esse

2213 5321 2508 5383 videantur,
2539 5316 2610 5387 ()
2631 5315 2705 5388 [et
2726 5314 2880 5377 mala,
2911 5314 3033 5367 licet
3056 5313 3290 5382 jucunda
3316 5330 3438 5369 esse
3462 5316 3776 5372 videantur
3801 5319 3842 5391 ;]

2212 5425 2332 5466 cum
2363 5424 2464 5462 non
2491 5406 2821 5460 convenienti
2851 5406 2980 5457 liunt
3009 5414 3265 5473 tempore,
3297 5403 3518 5458 dicebat
3551 5425 3565 5460 :
3591 5407 3845 5478 Tempus

2211 5501 2370 5573 endi
2395 5511 2440 5552 et
2467 5510 2657 5567 tempus
2685 5495 2880 5549 ridendi
2900 5516 2918 5548 .
2938 5505 3130 5564 tempus
3159 5495 3374 5562 vivendi,
3403 5504 3452 5548 et
3481 5505 3697 5569 tempus
3723 5517 3843 5553 -

2277 5658 2348 5719 ()
2381 5663 2490 5713 Qure
2507 5653 2694 5719 uncinis
2718 5651 3004 5719 clauduntur
3026 5649 3206 5719 desunt
3228 5649 3278 5696 in
3326 5650 3673 5719 Graseo;_sed
3701 5652 3840 5700 (tm-.3.

2211 5710 2443 5769 derantur
2465 5716 2520 5763 ad
2545 5715 2742 5772 seriem,
2771 5725 2927 5774 eaque
2951 5717 3120 5759 t-ronto
3160 5717 3380 5769 Ducaeus,
3401 5723 3502 5759 non
3527 5710 3693 5760 dubia
3711 5725 3838 5760 eon-

2209 5785 2417 5841 jectura,
2442 5775 2699 5837 snpplcvit.
