4064 6214
244 389 363 444 147

239 491 468 553 πλοῦτος
496 489 654 542 πάλιν
677 489 823 542 δοκεῖ
846 490 943 560 μὲν
964 490 1178 551 πολλοῖς
1198 484 1336 542 εἶναι
1361 489 1544 549 καλὸν,
1571 486 1669 538 οὐκ
1693 483 1808 536 ἐστι

236 575 298 628 δὲ
331 574 517 636 ἁπλῶς
555 572 737 634 καλὸν,
767 575 816 625 εἰ
862 576 935 642 μή
963 590 1047 636 τις
1076 574 1155 635 εἰς
1187 572 1304 626 δέον
1343 570 1490 639 αὐτῷ
1532 569 1808 639 χρώμενος

235 658 348 727 εἴη.
372 658 434 710 Εἰ
459 656 566 726 γὰρ
598 654 783 718 ἁπλῶς
811 655 973 708 καλὸν
995 651 1062 725 ἦν
1091 657 1118 708 6
1145 654 1390 716 πλοῦτος,
1422 653 1525 707 ἔδει
1561 652 1656 705 καὶ
1685 651 1811 714 τοὺς

236 743 462 811 ἔχοντας
487 742 647 794 αὐτὸν
674 737 812 794 εἶναι
833 740 1047 802 καλούς·
1093 742 1140 792 εἰ
1170 738 1226 792 δὲ
1257 738 1317 791 οὐ
1360 738 1556 799 πάντες
1583 739 1632 790 οἱ
1653 736 1813 788 πλου-

235 824 456 885 τοῦντες
502 825 763 892 ἐνάρετοι,
804 823 915 876 ἀλλ’
954 823 1003 875 οί
1037 822 1214 885 καλῶς
1252 820 1327 890 τῷ
1361 819 1572 888 πλούτῳ
1611 837 1813 889 κεχρη-

238 908 415 974 μένοι,
442 905 662 976 εὔδηλον
679 909 759 959 ὅτι
790 907 886 976 οὐχ
908 906 1092 968 ἀπλῶς
1115 905 1247 959 αὐτὸ
1277 904 1396 956 καθ’
1423 902 1581 956 ἐαυτδ
1599 905 1626 955 6
1655 901 1811 954 πλοῦ-

234 1009 332 1054 τος
379 991 559 1053 καλὸν,
610 989 721 1042 ἀλλ’
756 989 853 1056 ὖλη
897 989 978 1046 τίς
1026 991 1172 1041 ἐστιν
1216 987 1416 1058 ἀρετῆς
1459 988 1515 1039 ἐν
1548 985 1623 1055 τῷ
1664 986 1810 1054 μέσῳ

236 1075 487 1146 κειμένη.
518 1075 716 1128 Σκόπει
747 1073 820 1127 δέ.
864 1074 1012 1124 Εἰσὶν
1047 1075 1104 1124 ἐν
1143 1071 1222 1142 τῷ
1263 1071 1472 1139 σώματι
1507 1069 1807 1137 ποιότητες,

235 1159 303 1221 ἃς
335 1160 382 1210 οἱ
411 1158 623 1227 ἔχοντες
665 1157 756 1208 ἀπ’
782 1155 959 1209 αὐτῶν
989 1154 1298 1208 καλοῦνται.
1328 1150 1451 1206 Οἷόν
1475 1171 1524 1205 τι
1550 1152 1716 1220 λέγω·
1750 1150 1803 1203 τὲ

235 1243 429 1296 λευκὸν
459 1245 555 1295 οὐκ
596 1243 742 1294 ἐστιν
778 1242 953 1297 οὐσία.
980 1241 1112 1294 ἀλλά
1136 1239 1375 1308 ποιότης,
1414 1239 1503 1290 καὶ
1534 1235 1800 1306 συμόεόη-

236 1328 335 1389 κὸς
367 1327 740 1396 ἐπιγινόμενον
775 1328 840 1395 τῇ
877 1325 1056 1394 οὐσία·
1099 1323 1165 1375 ἂν
1200 1318 1291 1375 οῦν
1313 1339 1416 1374 τινι
1444 1321 1809 1392 προσγένηται

233 1411 416 1471 τοῦτο,
437 1409 626 1462 λευκὸν
643 1411 734 1461 τὸν
754 1408 992 1460 τοιοῦτον
1015 1405 1502 1473 καλοῦμεν.“Ἐστιν
1531 1401 1809 1473 ἀρῤωστία

236 1496 400 1549 πάλιν
434 1497 527 1548 καὶ
569 1494 705 1562 αὐτὴ
740 1493 959 1562 ποιότης
1001 1509 1086 1552 τις
1119 1486 1256 1543 οὖσα
1288 1490 1381 1542 καὶ
1430 1485 1807 1557 συμϐεϐηκός·

233 1579 338 1630 κάν
367 1596 471 1631 τινι
512 1578 914 1648 προσγένηται,
960 1577 1240 1646 ἄρρωστον
1288 1574 1377 1627 τὸν
1426 1571 1665 1625 τοιοῦτον
1711 1588 1810 1623 κα-

232 1662 454 1731 λοῦμεν.
490 1663 550 1714 Εἰ
589 1662 764 1713 τοίνυν
800 1660 892 1712 καὶ
924 1659 952 1710 6
988 1658 1214 1720 πλοῦτος
1245 1652 1314 1727 ἦν
1350 1656 1538 1727 ἀρετὴ,
1578 1655 1683 1707 ἔδει
1721 1653 1809 1706 τὸν

233 1747 428 1815 ἔχοντα
466 1745 555 1798 τὸν
585 1744 811 1797 πλοῦτον
844 1742 1094 1813 ἐνάρετον
1125 1736 1265 1794 εἶναι
1307 1740 1396 1792 καὶ
1435 1737 1719 1805 λέγεσθαι·
1761 1737 1809 1788 εἰ

230 1831 289 1883 δέ
322 1830 384 1882 οὺ
417 1829 632 1891 πάντως
662 1831 689 1881 6
727 1826 975 1890 πλούσιος
1023 1825 1298 1896 ἐνάρετος,
1329 1822 1429 1877 οὐκ
1465 1821 1653 1892 ἀρετὴ,
1689 1818 1809 1873 οὐδέ

235 1913 402 1964 καλὸν
426 1917 454 1966 6
489 1911 719 1975 πλοῦτος
759 1910 963 1973 ἁπλῶς,
1003 1909 1136 1963 ἀλλά
1160 1908 1310 1980 παρά
1333 1906 1429 1976 τὴν
1454 1904 1676 1974 γνώμην
1714 1901 1808 1956 τοῦ

232 1995 518 2065 χρωμένου
548 1994 705 2049 τοῦτο
733 1995 960 2064 γίνεται.
988 1992 1155 2047 Πάλιν
1184 1994 1217 2063 ή
1255 1989 1414 2043 πενία
1446 1995 1492 2041 εί
1533 1987 1697 2041 κακον
1719 1981 1806 2057 ἦν,

231 2080 343 2132 ἔδει
377 2080 504 2142 τοὺς
529 2083 584 2134 ἐν
605 2080 765 2150 πενία
799 2079 1042 2142 ἅπαντας
1074 2075 1210 2130 εἰναι
1238 2074 1468 2137 κακούςο
1511 2074 1556 2124 εἰ
1595 2071 1650 2123 δέ
1678 2069 1807 2122 πολ-

229 2163 312 2214 λοὶ
334 2163 444 2215 τῶν
470 2165 526 2215 ἐν
551 2163 711 2232 πενίᾳ
746 2163 912 2215 ὀντων
947 2161 1052 2214 τῶν
1076 2159 1319 2232 οὐρανῶν
1345 2155 1683 2213 ἐπελάϐοντο,
1711 2153 1810 2207 οὐκ

229 2249 338 2318 ἄρα
375 2249 408 2316 ή
447 2245 606 2298 πενία
642 2248 830 2300 κακόν.

298 2348 360 2402 δ’.
401 2347 466 2400 Τί
490 2343 604 2412 οὖν,
626 2348 708 2400 ὅτι
733 2345 917 2399 πολλοὶ
939 2343 1315 2414 βλασφημοῦσι
1336 2341 1424 2396 διὰ
1453 2341 1548 2410 τὴν
1580 2340 1807 2403 πενίαν;

229 2438 416 2505 φησίν.
451 2435 528 2492 Οὐ
552 2435 640 2489 διὰ
661 2436 759 2506 τὴν
782 2435 992 2498 πενίαν,
1027 2433 1161 2486 ἀλλά
1183 2431 1268 2484 διὰ
1297 2430 1393 2502 τὴν
1416 2430 1621 2483 οἰκείαν
1651 2429 1811 2495 ἀφρο-

229 2523 397 2591 σύνην
421 2540 477 2575 τε
515 2525 608 2576 καὶ
633 2523 998 2593 μικροψυχίαν
1022 2522 1181 2575 τοῦτο
1204 2521 1434 2574 ποιοῦσι.
1469 2519 1578 2570 Καὶ
1607 2514 1809 2568 τούτων

227 2611 502 2677 ἀπόδειξις
526 2615 552 2665 6
577 2612 844 2682 μακάριος
870 2611 1011 2673 Ἰὼϐ,
1029 2611 1086 2674 ὃς
1111 2613 1168 2664 ἐν
1202 2610 1404 2679 ἐσχάτῃ
1428 2606 1584 2675 πενίᾳ
1597 2605 1691 2668 ὢν,
1715 2602 1808 2655 καὶΙ

228 2700 366 2773 πρός
395 2702 528 2754 αὐτὸ
562 2703 660 2769 τῆς
701 2703 889 2762 πενίας
921 2701 1263 2770 κατενεχθείς
1311 2697 1373 2750 τὸ
1408 2696 1700 2766 βάραθρον,
1745 2696 1806 2746 οὐ

231 2790 392 2859 μόνον
420 2791 520 2842 οὐκ
552 2791 794 2860 ἐϐλαςιρὴ
801 2807 996 2861 μησεν,
1021 2790 1130 2842 ἀλλ’
1169 2785 1404 2855 εὐλογῶν
1442 2785 1530 2838 τὸν
1559 2783 1690 2835 Θεὸν
1710 2781 1812 2833 διε-

227 2878 394 2943 Ιτέλει,
431 2879 636 2947 λέγων·
699 2879 760 2931 '0
805 2880 1017 2943 Κύριος
1051 2876 1292 2938 ἔδωκεν,
1319 2879 1349 2928 6
1385 2875 1596 2942 Κύριος
1643 2870 1808 2939 ἀφεί-

225 2971 365 3020 λετο
383 2985 395 2995 ·
431 2968 512 3032 ὠς
545 2964 624 3032 τῷ
647 2968 841 3033 Κυρίῳ
859 2966 1091 3029 ἔδοξεν,
1120 2964 1273 3019 οὕτω
1306 2962 1402 3016 καὶ
1426 2961 1662 3030 ἐγένετο
1682 2976 1694 2988 ·
1716 2958 1808 3026 εἴη

229 3056 294 3107 τὸ
339 3057 527 3122 ὄνομα
574 3056 793 3122 Κυρίου
827 3054 1235 3123 εὐλογημένον
1272 3053 1358 3117 είς
1394 3049 1535 3114 τοὺς
1568 3046 1805 3112 αἰῶνας.

240 3144 405 3196 Ἀλλά
435 3145 529 3196 καί
557 3145 646 3197 διὰ
677 3146 768 3198 τὸν
792 3144 1020 3197 πλοῦτον
1051 3141 1258 3204 πολλοὶ,
1293 3139 1477 3207 φησὶν,
1505 3135 1808 3206 ἁρπάζουσι

229 3237 326 3283 καὶ
372 3231 812 3284 πλεονεκτοῦσιν.
861 3231 1000 3282 Ἀλλ’
1025 3230 1084 3281 οὐ
1122 3228 1208 3279 διὰ
1261 3226 1352 3278 τὸν
1389 3224 1636 3286 πλοῦτον,
1675 3220 1808 3273 ἀλλά

227 3319 318 3373 διὰ
343 3327 444 3389 τὴν
472 3320 680 3371 οἰκείαν
711 3318 1055 3391 ἀφροσύνηνο
1086 3316 1179 3368 καὶ
1194 3313 1384 3368 τούτου
1419 3311 1627 3382 μάρτυς
1649 3307 1809 3361 πάλιν

227 3411 256 3460 6
290 3407 454 3470 αὐτὸς
505 3407 788 3474 ἅνθρωπος
831 3397 1005 3468 οὗτος,
1040 3404 1096 3468 ὃς
1132 3406 1188 3456 ἐν
1232 3401 1470 3469 τοσούτῳ
1501 3396 1714 3465 πλούτῳ
1748 3395 1808 3447 οὐ

233 3497 400 3564 μόνον
433 3497 529 3565 οὐχ
558 3495 776 3567 ἥρπασε
812 3493 880 3548 τὰ
905 3492 1128 3563 ἐτέρων,
1172 3489 1310 3544 ἀλλά
1345 3488 1438 3541 καὶ¹
1469 3487 1538 3540 τὰ
1567 3487 1740 3538 οἰκεῖα
1782 3495 1808 3523 ιι

228 3583 476 3655 Ῐέδίδου].
509 3586 602 3636 καὶ
643 3583 839 3652 λιμένα
877 3584 991 3643 τοῖς
1018 3581 1187 3646 ξένοις
1219 3577 1636 3640 κατεσκεύαζεν,
1671 3572 1812 3626 οὕτω

227 3673 436 3738 λέγων·
482 3673 542 3726 Ἡ
583 3673 741 3725 οίκιά
784 3687 902 3738 μου
939 3668 1120 3722 παντὶ
1162 3666 1313 3730 ξένῳ
1372 3663 1520 3736 [151]
1575 3661 1813 3715 ἐλθόντι

227 3761 518 3823 ᾐνέῳκτο.
561 3760 668 3810 Καὶ
717 3761 743 3811 6
784 3757 1037 3827 Ἀϐραὰμ
1082 3753 1311 3808 πλοῦτον
1354 3751 1608 3805 τοσοῦτον
1650 3748 1808 3817 ἔχων,

227 3852 342 3911 τοῖς
380 3848 637 3917 παριοῦσι
663 3849 839 3904 πάντα
862 3846 1103 3899 ἐδαπάνα
1125 3860 1137 3872 ·
1171 3843 1266 3897 καὶ
1294 3841 1415 3895 οὐτε
1451 3840 1660 3902 τοῦτον,
1688 3837 1810 3891 οῦτε

228 3939 441 3990 ἐκεῖνον
483 3937 808 4003 πλεονέκτην
845 3937 870 3987 6
906 3933 1134 3996 πλοῦτος
1162 3931 1434 4000 ἐποίησεν,
1469 3930 1658 3999 ὥσπερ
1694 3927 1811 3980 οὐδέ

241 4025 565 4094 βλάσφημον
598 4022 722 4074 οὐτε
752 4024 980 4082 ἐκεῖνον,
1008 4021 1132 4073 οὐτε
1160 4020 1250 4072 τὸν
1279 4017 1527 4086 Λάζαρον
1556 4019 1588 4086 ἡ
1620 4017 1809 4069 πενία·

228 4113 346 4165 ἀλλ’
391 4112 534 4163 οὕτω
568 4109 866 4178 διέλαμψαν
911 4109 1180 4176 ἑκάτεροι,
1218 4106 1352 4177 μηδέ
1387 4109 1485 4176 τῆς
1512 4104 1812 4170 ἀναγκαίας

232 4197 599 4268 εὐποροῦντες
626 4200 854 4267 τροφῆς,
880 4200 956 4257 ὼς
988 4196 1078 4248 τὸν
1111 4196 1207 4264 μὲν
1256 4192 1405 4263 παρά
1433 4191 1523 4244 τοῦ
1559 4189 1690 4243 Θεοῦ
1729 4189 1812 4241 δέ·

231 4285 431 4351 ξασθαι
459 4285 556 4353 τὴν
591 4285 911 4354 μαρτυρίαν,
942 4281 1034 4335 τοῦ
1061 4281 1126 4334 τὰ
1157 4281 1444 4352 ἀπόρρητα
1471 4277 1655 4346 σαφῶς
1685 4275 1815 4328 εἰδό-

229 4390 322 4434 τος
344 4390 357 4402 ·
396 4372 485 4423 τὸν
519 4372 575 4424 δέ
603 4372 708 4423 ὐπὸ
735 4371 844 4422 τῶν
890 4370 1136 4438 ἀγγέλων
1171 4367 1593 4439 προηγουμένων
1642 4362 1813 4426 ούτως

231 4458 488 4512 ἐντεῦθεν
523 4457 910 4524 ἀπενεχθῆναι,
944 4456 1036 4509 καί
1070 4456 1370 4525 ὁμόσκηνον
1396 4453 1473 4523 τῷ
1502 4452 1814 4522 πατριάρχῃ

232 4548 510 4617 γενέσθαι,
565 4549 659 4600 καὶ
703 4547 808 4599 τῶν
858 4545 1077 4613 ἀγαθῶν
1107 4543 1422 4609 ἀπολαύειν,
1460 4537 1534 4596 ὧν
1589 4545 1809 4603 ἐκεῖνος.

236 4639 380 4705 ’Ᾱρα
435 4634 542 4687 τῶν
596 4635 775 4703 μέσων
814 4634 986 4686 ταῦτά
1032 4635 1166 4693 ἐστι,
1226 4631 1381 4684 πενία
1427 4631 1518 4683 καὶ
1565 4630 1812 4693 πλοῦτος,

238 4723 422 4787 ὑγίεια
442 4722 533 4773 καὶ
555 4721 730 4781 νόσος,
767 4720 860 4772 καὶ
893 4718 1006 4787 ζωὴ
1033 4720 1126 4770 καὶ
1152 4715 1544 4779 θάνατος,δόξα
1556 4715 1812 4784 καὶτιμὴ,

233 4809 450 4862 δουλεία
481 4806 574 4859 καὶ
624 4806 923 4873 ἐλευθερία,
971 4803 1063 4856 καὶ
1101 4805 1198 4855 ὅσα
1222 4803 1447 4854 τοιαῦτα
1468 4821 1480 4833 ο
1513 4803 1573 4853 οὐ
1607 4799 1714 4870 γὰρ
1738 4803 1816 4852 δεῖ

235 4897 416 4948 πάντα
451 4894 682 4950 ἐπιέναι.
715 4891 855 4943 ῶστε
886 4891 958 4959 μὴ
991 4889 1250 4960 μηκύνειν
1277 4889 1365 4940 τὸν
1394 4889 1567 4954 λόγον,
1600 4887 1733 4939 ἀλλά
1757 4889 1814 4939 ἐν

234 4983 444 5043 τούτοις
498 4980 804 5047 παρέχοντα
839 4978 966 5046 ὑμῖν
1001 4977 1273 5045 ἀφορμὰς,
1325 4976 1416 5027 ἐπὶ
1449 4976 1517 5028 τά
1566 4973 1814 5026 κατεπεί-

235 5085 410 5134 γοντα
445 5066 700 5133 βαδίζειν.
745 5064 918 5118 Δίδου
959 5065 1088 5132 γὰρ,
1121 5064 1270 5132 φησὶ.
1318 5063 1488 5130 σοφῷ
1515 5062 1810 5130 ἀφορμὴν,

237 5155 336 5208 καί
369 5153 710 5222 σοφώτερος
735 5152 925 5206 ἔσται.
967 5152 1106 5222 Ἄρα
1137 5150 1242 5202 τῶν
1280 5151 1458 5219 μέσων
1501 5149 1672 5201 ταῦτά
1701 5151 1814 5201 ἐστι

237 5243 442 5307 πάντα,
475 5242 550 5304 ώς
597 5241 803 5302 τούτοις
834 5239 929 5291 καὶ
956 5241 1033 5301 εἰς
1077 5239 1259 5302 καλὸν,
1298 5240 1389 5290 καὶ
1431 5241 1506 5300 εἰς
1548 5238 1732 5301 κακὸν,
1768 5238 1814 5288 οἱ

237 5329 517 5399 χρώμενοι
547 5327 776 5381 δύναιντ’
820 5327 882 5379 ἀν
933 5327 981 5376 ι).
1022 5327 1139 5378 ’Ότι
1176 5326 1284 5395 γὰρ
1329 5325 1437 5378 τῶν
1489 5328 1665 5395 μέσων
1703 5327 1816 5376 ἐστὶ

234 5420 438 5480 ταῦτα,
484 5411 560 5471 ὧν
599 5420 626 5468 6
674 5417 919 5478 πλοῦτος,
956 5414 1152 5477 ἔδειξεν
1195 5418 1223 5466 ό
1278 5415 1544 5484 Ἀϐραὰμ,
1582 5416 1658 5474 εἰς
1701 5413 1815 5463 δέον

299 5610 325 5635 ι
348 5603 568 5652 Verbum
598 5603 750 5650 ἐδίδου
786 5601 916 5649 inter
937 5600 1061 5646 duos
1096 5598 1300 5645 uncinos
1337 5599 1603 5659 posuimus,
1628 5601 1682 5644 ut
1703 5608 1818 5644 con-

231 5667 423 5728 jectura
445 5667 658 5726 positum
676 5666 1053 5728 deglararqmus.

296 5729 326 5766 δ
349 5719 563 5775 Ξενῖἰὶιιδ
587 5731 724 5790 putat
747 5723 1012 5790 leggndum
1032 5721 1211 5790 xui-dc
1230 5720 1381 5790 κακόν
1396 5719 1817 5790 χρῆσθαιδύναινπ

229 5789 308 5847 ἄν,
335 5796 389 5837 ει
416 5801 534 5836 vere
576 5781 755 5836 melius
777 5781 1005 5835 h'abcret:
1051 5781 1140 5832 sed
1179 5793 1292 5829 mss.
1319 5781 1540 5832 desum”
1565 5781 1684 5830 nihil
1712 5793 1817 5829 mu-

233 5858 340 5899 tare
366 5850 618 5899 audemus.

868 370 934 427 IN
975 370 1182 428 ILLUD
1220 369 1449 438 ISAI‘E,
1490 372 1628 432 EGO
1656 365 1970 425 DOMINUS
2015 364 2195 422 DEUS
2234 365 2385 422 FECI
2419 365 2678 432 LUHEN.
2711 366 2864 422 ETC.

1915 481 2062 551 αὐτῷ
2090 480 2449 551 χρησάμενος.
2490 482 2697 549 Ἔδειξε
2717 482 2772 534 δὲ
2805 483 2896 535 καὶ
2925 481 3017 534 ἐπὶ
3054 480 3146 534 τοῦ
3177 481 3429 554 Λαζάρου
3457 490 3486 540 6

1918 567 2187 632 πλούσιος,
2225 570 2318 621 ἐπὶ
2350 569 2592 639 ἀπωλείᾳ
2637 570 2737 638 τῆς
2773 569 2968 624 ἐαυτοῦ
3001 570 3242 640 κεφαλῆς
3265 574 3334 624 τά
3357 573 3487 626 ὅντα

1912 657 2247 726 δαπανήσας.
2290 655 2427 710 Οὔτε
2463 653 2555 711 οὖν
2581 658 2744 711 καλὸν
2784 659 2972 722 ἁπλῶς
3001 662 3029 713 6
3068 659 3318 724 πλοῦτος,
3359 660 3484 714 οὕτε

1918 743 2109 797 κακόν.
2138 744 2202 796 Εἰ
2232 743 2396 797 καλὸν
2425 739 2494 815 ἦν
2532 745 2735 809 ἁπλῶς,
2770 745 2885 800 ἀλλ’
2924 747 3046 816 οὐχὶ
3082 747 3268 818 μέσον,
3298 749 3394 801 οὐκ
3420 748 3486 802 ἂν

1920 835 1947 885 6
1974 833 2064 885 ἐπὶ
2093 832 2184 885 τοῦ
2216 832 2462 905 Λαζάρου
2507 834 2761 898 πλούσιος
2799 835 3023 890 τοιαῦτα
3063 836 3350 900 ἐκολάζετο
3371 851 3386 866 '
3435 839 3487 890 εἰ

1915 921 2086 974 κακὸν
2110 917 2199 990 ἦν,
2231 921 2330 974 οὐκ
2361 922 2426 974 ἂν
2475 921 2725 992 Ἀϐραὰμ
2759 923 2927 986 οὓτως
2973 923 3296 994 εὐδοκίμησε
3330 923 3488 976 πλούο

1916 1025 2025 1071 σιος
2051 1007 2146 1061 ὢν.
2176 1007 2427 1062 Τοιοῦτόν
2456 1026 2507 1060 τι
2532 1011 2680 1079 καὶὴ
2711 1009 2864 1074 νόσος
2889 1009 3051 1063 ἐστίν.
3087 1011 3150 1063 Εἰ
3180 1011 3288 1080 γὰρ
3317 1014 3487 1064 κακὸν

1910 1092 1979 1166 ἦν
2015 1099 2047 1168 ή
2074 1098 2253 1165 νόσος,
2279 1097 2384 1150 ἔδει
2409 1099 2503 1152 καὶ
2521 1098 2710 1152 τοῦτον
2738 1109 2760 1137 ο
2787 1099 2955 1152 κακὸν
2981 1094 3119 1152 εἶναι
3151 1099 3242 1152 τὸν
3270 1099 3483 1170 ἔχοντα.

1917 1186 2059 1255 Ἀρα
2090 1185 2182 1238 καὶ
2214 1183 2474 1256 Τιμόθεος
2500 1184 2725 1256 ἔμελλεν
2753 1181 2891 1239 εἶναι
2919 1187 3059 1240 κατά
3089 1187 3248 1240 τοῦτο
3293 1188 3482 1250 κακὸς,

1913 1273 2113 1344 ἐσχάτῃ
2147 1273 2285 1342 νόσῳ
2320 1271 2582 1325 παλαίων.
2630 1274 2782 1339 Οϊνῳ
2815 1273 2922 1342 γὰρ
2954 1274 3135 1343 ὀλίγῳ
3156 1273 3296 1342 χρῶ,
3329 1275 3482 1345 φησὶ,

1912 1358 2006 1411 διὰ
2028 1359 2136 1412 τὸν
2163 1360 2468 1428 στόμαχόν
2498 1375 2634 1425 σου,
2658 1361 2754 1413 καὶ
2783 1360 2890 1426 τὰς
2918 1359 3152 1426 πυκνάς
3176 1378 3290 1417 σου
3309 1363 3487 1416 ἀσθε-

1912 1447 2096 1510 νείας.
2131 1447 2193 1499 Εἰ
2230 1447 2285 1500 δέ
2315 1446 2373 1498 οὐ
2407 1445 2564 1516 μόνον
2615 1447 2783 1510 κακὸς
2816 1447 2913 1500 οὐκ
2941 1443 3007 1518 ἧν
3036 1447 3314 1511 ἐντεῦθεν,
3351 1448 3486 1503 ἀλλά

1913 1533 2005 1586 καὶ
2029 1533 2224 1585 πολλοῦ
2252 1531 2442 1603 μισθοῦ
2458 1533 2774 1605 προσθήκην
2793 1533 3085 1604 ἐλάμϐανε,
3107 1537 3367 1602 γενναίως
3388 1537 3486 1608 τὴν

1911 1619 2220 1691 ἀρρωστίαν
2258 1618 2502 1688 ἐνέγκας,
2545 1619 2765 1689 εῦδηλον
2804 1620 2884 1673 ὅτι
2918 1621 2979 1674 οὐ
3024 1621 3193 1675 κακὸν
3240 1623 3272 1692 ή
3311 1621 3483 1686 νόσος.

1912 1707 2022 1760 Καὶ
2043 1708 2228 1778 ἕτερος
2250 1706 2305 1760 δὲ
2331 1708 2613 1777 προφήτης
2638 1706 2762 1770 τοὺς
2785 1707 3096 1778 ὀφθαλμοὺς
3122 1708 3291 1762 νοσῶν
3314 1708 3487 1762 διετέ-

1912 1794 1994 1848 λει
2015 1813 2028 1826 ι
2057 1795 2172 1848 ἀλλ’
2194 1795 2254 1847 06
2284 1793 2424 1848 κατά
2452 1793 2609 1846 τοῦτο
2627 1793 2817 1858 κακὸς,
2841 1793 2978 1846 ἀλλά
2999 1792 3092 1847 καὶ
3120 1796 3483 1864 προεφήτευε,

1918 1885 2014 1936 καὶ
2043 1883 2110 1937 τὰ
2133 1883 2393 1955 μέλλοντα
2418 1881 2688 1953 προεώρα,
2721 1884 2814 1936 καὶ
2843 1881 2995 1935 οὐδὲν
3026 1883 3059 1950 ἠ
3086 1881 3238 1943 νόσος
3271 1882 3351 1944 είς
3383 1882 3485 1950 τὴν

1917 1971 2117 2041 ἀρετήν
2154 1972 2366 2040 ἐγένετο
2399 1969 2645 2040 κώλυμα.
2692 1967 2830 2022 Ἀλλ’
2856 1968 2977 2022 οὐδέ
3016 1970 3049 2038 ἡ
3080 1968 3261 2036 ὑγίεια
3300 1967 3487 2031 ἁπλῶς

1916 2060 2102 2122 καλὸν,
2137 2060 2203 2114 ἂν
2235 2062 2308 2131 μή
2342 2077 2422 2123 τις
2455 2061 2535 2122 εἰς
2556 2059 2675 2113 δέον
2703 2059 3044 2128 κεχρημένος
3075 2057 3212 2128 αὐτῇ
3236 2058 3344 2126 εἴη.
3367 2057 3484 2112 ἀλλ’

1913 2149 1994 2211 εἰς
2018 2149 2278 2219 ἐργασίαν
2305 2147 2567 2219 πονηρὰν,
2585 2146 2617 2217 ἢ
2638 2149 2717 2210 εἰς
2740 2146 2936 2217 ἀργίαν
2961 2145 3214 2214 ἀνόητον·
3236 2144 3356 2198 οὐδὲ
3379 2144 3487 2215 γὰρ

1911 2236 2069 2289 τοῦτο
2111 2234 2422 2288 ἀνεύθυνον.
2453 2236 2543 2288 Διὸ
2567 2234 2662 2287 καὶ
2684 2235 2713 2287 6
2752 2232 2962 2296 Παῦλος
2995 2231 3179 2300 ἔλεγεν
3205 2245 3221 2262 ·
3286 2231 3360 2286 El
3397 2249 3488 2297 uc

1911 2324 1982 2376 οὐ
2021 2323 2180 2377 θέλει
2221 2320 2580 2392 εργάζεσθαι,
2621 2320 2773 2391 μηδὲ
2800 2320 3065 2376 ἐσθιέτω.
3121 2311 3282 2372 Ἀλλά
3312 2317 3487 2371 ταῦτα

1911 2408 2018 2462 τῶν
2055 2409 2234 2478 μέσων
2266 2409 2415 2472 ἐστὶ,
2469 2412 2618 2480 παρά
2667 2408 2793 2470 τοὺς
2853 2407 3170 2476 χρωμένους
3219 2404 3350 2457 ποτὶ
3389 2403 3488 2474 μὲν

1917 2495 2096 2559 τοῦτο,
2140 2497 2268 2549 ποτέ
2297 2497 2354 2550 δέ
2391 2499 2566 2549 ἐκεῖνο
2601 2496 2860 2562 γινόμενα
2882 2494 2929 2546 ά.
2964 2494 3073 2550 Καὶ
3103 2492 3156 2546 τί
3188 2492 3270 2545 δεῖ
3309 2491 3488 2558 λέγειν

1912 2580 2139 2648 ὑγίειαν,
2182 2582 2275 2633 καὶ
2310 2581 2482 2644 νόσον,
2521 2583 2614 2633 καὶ
2652 2579 2900 2642 πλοῦτον,
2951 2580 3047 2633 καὶ
3086 2578 3313 2642 πενίανς
3345 2577 3488 2631 Δύτδ

1909 2669 2018 2738 γὰρ
2047 2668 2223 2734 τοῦτο,
2256 2669 2284 2722 6
2305 2668 2581 2731 δοκεῖτοῖς
2607 2667 2818 2730 πολλοῖς
2848 2661 2986 2721 εἶναι
3011 2667 3120 2720 τῶν
3146 2665 3366 2734 ἀγαθῶν
3393 2682 3486 2718 κε-

1917 2756 2164 2822 φάλαιον,
2193 2756 2413 2808 καὶτῶν
2436 2754 2622 2809 κακῶν
2644 2757 2671 2808 ὁ
2703 2753 2963 2823 κολοφὼν,
2997 2755 3024 2808 6
3047 2753 3292 2817 θάνατος,
3321 2752 3486 2822 λέγω,

1913 2845 2008 2896 καὶ
2038 2847 2069 2914 ἠ
2105 2843 2239 2914 ζωὴ,
2267 2844 2385 2897 οὐδὲ
2409 2842 2579 2896 ταῦτα
2613 2842 2798 2906 ἁπλῶς
2824 2843 2996 2902 ἔσται,
3029 2839 3166 2894 ἀλλά
3195 2839 3290 2894 καὶ
3316 2839 3489 2894 ταῦτα

1914 2931 2066 3010 [152]
2098 2932 2204 2984 τῶν
2249 2931 2448 3000 μέσων,
2486 2930 2635 3002 παρὰ
2662 2931 2760 2999 τὴν
2792 2929 3016 3000 γνώμην
3054 2927 3164 2981 τῶν
3192 2926 3490 2999 χρωμένων

1912 3021 2146 3089 ἑκάτερα
2170 3019 2339 3072 ταῦτα
2360 3021 2638 3088 γινόμενα.
2662 3014 2786 3070 Οἷόν
2813 3035 2864 3069 τι
2894 3017 3066 3085 λέγω·
3098 3015 3158 3068 τὸ
3179 3014 3277 3086 ζῇν
3301 3011 3486 3075 καλὸν,

1912 3108 2038 3158 ὅταν
2071 3107 2152 3167 εἰς
2182 3106 2297 3158 δέον
2338 3104 2620 3174 χρώμενος
2660 3103 2809 3171 αὐτῷ
2847 3121 2930 3167 τις
2980 3104 3095 3170 εἴη’
3133 3103 3261 3155 ὅταν
3298 3101 3354 3153 δὲ
3407 3101 3490 3162 είς

1910 3193 2286 3261 ἁμαρτήματα
2324 3191 2417 3243 καὶ
2449 3191 2813 3260 παρανομίας,
2853 3189 3038 3241 οὐκέτι
3065 3189 3132 3242 ἂν
3175 3188 3258 3256 εῐη
3300 3185 3488 3252 καλὸν,

1913 3279 2046 3333 ἀλλά
2077 3278 2285 3346 βέλτιον
2303 3277 2392 3331 τὸν
2414 3278 2653 3330 τοιοῦτον
2673 3277 3010 3344 τελευτῆσαι.
3039 3275 3209 3330 Πάλιν
3228 3273 3258 3327 6
3277 3273 3490 3337 πολλοῖς

1914 3368 2147 3437 φευκτὸν
2168 3362 2304 3418 εἶναι
2333 3366 2497 3428 δοκεῖ,
2528 3365 2737 3434 μυρίων
2751 3362 2970 3430 ἀγαθῶν
2991 3360 3187 3429 γένοιτ’
3206 3361 3270 3414 ἂν
3297 3360 3488 3418 αἴτιον,

1915 3456 2039 3509 ὅταν
2086 3455 2264 3508 αἰτίαν
2297 3453 2395 3523 ἔχῃ
2434 3453 2530 3521 τὴν
2564 3453 2965 3521 προσήκουσαν.
3000 3449 3108 3502 Καὶ
3152 3448 3403 3520 δηλοῦσιν
3441 3447 3491 3500 οἱ
3558 3505 3565 3512 _

1917 3543 2208 3613 μάρτυρες,
2247 3541 2296 3593 οἳ
2321 3540 2536 3593 πάντων
2566 3540 2668 3590 εἰσὶ
2690 3539 2774 3591 διὰ
2803 3537 2900 3608 τὴν
2921 3535 3176 3607 τελευτὴν
3213 3533 3494 3606 μακαριώ-

1914 3647 2083 3700 τεροι.
2129 3628 2225 3680 Διά
2257 3627 2320 3697 δὴ
2357 3625 2513 3679 τοῦτο
2550 3629 2576 3678 6
2625 3624 2833 3688 Παῦλος
2872 3624 2969 3694 οὐχ
3000 3623 3185 3685 ἁπλῶς
3227 3621 3491 3690 ἐπεθύμει

1921 3716 2018 3788 ζῇν
2039 3718 2095 3768 ἐν
2121 3715 2364 3786 Χριστῷ,
2383 3713 2497 3768 ἀλλ’
2520 3715 2706 3781 ἐπειδη
2725 3711 2880 3764 τοῦτο
2910 3710 3059 3780 αὐτῷ
3081 3707 3289 3775 καρπὸς
3304 3707 3487 3776 ἔργου.

1915 3804 2023 3858 Καὶ
2060 3805 2115 3856 τί
2139 3803 2455 3871 αἱρήσομαι
2504 3801 2632 3869 γὰρ,
2681 3800 2864 3868 φησὶν,
2909 3800 2980 3850 οὺ
3019 3793 3272 3866 γνωρίζω
3295 3813 3308 3827 ·
3345 3807 3494 3846 συν-

1915 3891 2122 3960 έχομαι
2157 3890 2223 3943 δὲ
2263 3891 2331 3943 ἐκ
2361 3887 2480 3941 τῶν
2523 3888 2632 3940 δύο
2655 3927 2668 3949 ,
2702 3887 2817 3951 τὴν
2847 3883 3166 3951 ἐπιθυμίαν
3201 3882 3358 3950 ἔχων
3385 3879 3494 3933 τοῦ

1916 3977 2217 4031 ἀναλῦσαι
2239 3977 2335 4030 καὶ
2356 3975 2477 4028 σὺν
2509 3971 2736 4040 Χριστῷ
2763 3967 2914 4023 εἶναι
2933 3988 2944 3998 ·
2965 3967 3175 4032 πολλῷ
3205 3968 3316 4035 γὰρ
3333 3965 3492 4036 μᾶλ-

1914 4069 2028 4118 λον
2053 4063 2366 4131 κρεῖσσον·
2400 4061 2466 4114 τὸ
2488 4059 2556 4111 δὲ
2577 4057 2871 4126 ἐπιμεῖναι
2898 4054 2971 4122 τῇ
3000 4053 3178 4122 σαρκί
3210 4054 3495 4123 ἀναγκαι-

1916 4155 2126 4219 ότερον
2153 4150 2227 4204 δι’
2266 4147 2442 4218 ὑμᾶς.
2485 4148 2583 4200 Διά
2608 4147 2672 4215 δὴ
2704 4145 2861 4198 τοῦτο
2896 4143 2990 4196 καὶ
3015 4145 3043 4196 6
3068 4137 3378 4214 Προφήτης,
3416 4139 3499 4194 TI-

1910 4257 2046 4308 μιος
2093 4239 2370 4293 ἐναντίον
2399 4236 2620 4303 Κυρίου
2656 4237 2688 4287 6
2718 4232 2973 4296 θάνατος
3015 4229 3134 4283 τῶν
3165 4229 3352 4282 ὁσίων
3390 4229 3496 4280 αὺ-

1918 4327 2024 4379 τοῦ
2047 4343 2059 4354 ·
2089 4325 2186 4394 οὐχ
2226 4323 2411 4386 ἁπλῶς
2440 4325 2467 4375 6
2497 4321 2746 4383 θάνατος,
2778 4319 2892 4371 ἀλλ’
2925 4319 2952 4370 6
2998 4314 3200 4368 τοιόσδε
3243 4313 3494 4374 θάνατος.

1921 4413 2032 4466 Καὶ
2069 4412 2228 4466 πάλιν
2257 4407 2512 4479 ἀλλαχοῦ,
2540 4407 2803 4470 Θάνατος
2827 4399 3189 4472 ἁμαρτωλῶν
3209 4399 3494 4466 πονηρός.

1935 4501 2096 4572 Ὁρᾷς
2126 4502 2220 4554 καὶ
2249 4499 2406 4551 τοῦτο
2438 4495 2543 4549 τῶν
2574 4493 2774 4564 μέσων,
2809 4493 2906 4558 οὐχ
2943 4489 3126 4548 ἁπλῶς
3150 4485 3334 4551 καλὸν,
3375 4485 3498 4537 οὐδὲ

1921 4589 2105 4652 ἁπλῶς
2137 4586 2325 4649 κακὸν,
2363 4584 2476 4637 ἀλλ’
2507 4581 2616 4635 ἀπὸ
2649 4581 2745 4648 τῆς
2779 4576 3002 4647 γνώμης
3026 4575 3131 4628 τῶν
3159 4573 3496 4642 ὑποδεχομέ-

1920 4694 2025 4729 νων
2054 4677 2183 4728 αὐτό
2209 4690 2222 4735 ;
2266 4672 2362 4724 Διά
2397 4670 2458 4740 δὴ
2488 4667 2646 4721 τοῦτο
2675 4667 2767 4718 καὶ
2806 4667 2832 4718 ὁ
2880 4663 3190 4731 σοφώτατος
3222 4660 3497 4731 Σολομὼν,

1921 4764 1980 4814 τὸ
2013 4763 2172 4830 μέσον
2207 4759 2411 4812 τούτων
2444 4758 2504 4809 τὸ
2537 4756 2809 4827 χρήσιμον
2850 4753 3186 4820 καταλέγων,
3218 4751 3313 4803 καὶ
3343 4750 3499 4819 φιλο-

1924 4848 2105 4915 σοφῶν
2131 4847 2270 4915 ὑπὲρ
2293 4846 2491 4906 αὐτῶν,
2523 4844 2616 4895 καὶ
2637 4844 2848 4904 δεικνὺς
2875 4842 2957 4892 ὅτι
2982 4839 3078 4908 οὐχ
3116 4838 3298 4900 ἁπλῶς
3340 4836 3498 4888 τοῦτο

1920 4934 2102 4994 καλὸν,
2139 4935 2355 4985 κάκεῖνο
2391 4931 2580 4994 κακὸν,
2611 4929 2747 4984 ἀλλά
2784 4930 2917 4999 μετὰ
2951 4925 3144 4995 καιροῦ
3175 4924 3269 4976 τοῦ
3331 4939 3498 4992 προσ-

1921 5026 2142 5094 ήκοντος
2169 5023 2373 5089 γίνεται
2412 5021 2569 5084 καλὰ,
2601 5019 2702 5074 κᾶν
2723 5016 2955 5088 φορτικά
2980 5010 3119 5067 εἶναι
3137 5013 3266 5081 δοκῇ
3298 5022 3344 5075 ε,
3364 5011 3493 5063 ὅταν

1922 5113 2012 5165 τὸν
2048 5111 2237 5181 καιρὸν
2288 5111 2361 5182 μὴ
2401 5113 2496 5180 ἔχῃ
2544 5109 2633 5162 τὸν
2689 5105 3067 5176 προσήκοντα,
3127 5099 3342 5166 Καιρός
3392 5097 3497 5150 τοῦ

1920 5200 2202 5260 κλαῦσαι,
2224 5200 2319 5252 καί
2340 5197 2542 5264 καιρὸς
2565 5194 2671 5246 τοῦ
2696 5190 2965 5261 γελάσαι,
2980 5187 3155 5254 ἔλεγε,
3175 5185 3379 5254 καιρὸς
3393 5186 3499 5239 τοῦ

1922 5285 2116 5352 ζῆσαι,
2146 5286 2244 5338 καί
2271 5283 2473 5350 καιρὸς
2495 5279 2596 5333 τοῦ
2628 5275 2972 5330 ἀποθανεῖν.
3008 5274 3142 5325 Οὐδέ
3161 5273 3268 5345 γὰρ
3292 5290 3499 5327 παντα-

1904 5375 2013 5443 .χοῦ
2049 5377 2109 5427 τὸ
2139 5373 2357 5443 χαίρειν
2383 5370 2566 5432 καλὸν,
2597 5367 2710 5420 ἀλλ’
2741 5366 2886 5420 ἐστιν
2915 5365 3047 5418 ὅπου
3083 5363 3175 5417 καὶ
3199 5361 3459 5432 βλαϐερόν
3484 5378 3496 5390 ⁸

1985 5536 2012 5605 ε.
2037 5531 2319 5592 Legendum
2344 5536 2475 5577 esset
2500 5528 2580 5575 καὶ
2607 5526 2800 5586 ταύτην,
2840 5525 3108 5574 secundum
3143 5519 3503 5584 grammaticam

1917 5607 2267 5712 εθὲὶῗῖιόμενα.
2297 5651 2346 5699 In
2373 5651 2538 5699 Graeco
2565 5649 2832 5711 exemplari
2851 5641 3378 5712 γινόμενονίεεθζὶειυΐ.

1985 5665 2004 5693 Π
2027 5665 2267 5712 ιἰνομενα.
2297 5665 2346 5699 In
2373 5665 2538 5699 bl‘w
2565 5665 2832 5711 exemplar]
2851 5665 2950 5706 γινο
2991 5665 3090 5694 ενον
3107 5665 3378 5703 ιυδιςυᾶιυῑ.

1985 5718 2007 5745 ⁸
2058 5715 2175 5762 Post
2197 5715 2312 5773 δοκῇ
2339 5713 2612 5761 addendum
2658 5713 2853 5760 videlnr
2891 5665 3277 5773 καλικωιὰληγῖᾶν
3319 5706 3506 5773 χρῇστα

1920 5779 2035 5826 εἶναι
2059 5778 2193 5844 δοκῇ,
2219 5763 2587 5836 γεὲἶεὶωίιειιυε
2610 5781 2680 5822 εει
2707 5774 2797 5822 hoc
2819 5771 3090 5820 membrum
3116 5765 3176 5813 δι’
3206 5763 3508 5824 600101110:-

1918 5857 1997 5887 τον
2022 5848 2280 5887 ειςιαιεδρ.
