4064 6214
577 387 691 443 149

581 489 708 543 οὔτε
737 486 1013 558 πανταχοῦ
1047 487 1108 540 τὸ
1137 486 1323 555 ἀλγεῖν
1347 489 1528 553 καλὸν,
1563 487 1678 542 ἀλλ’
1709 486 1854 538 ἐστιν
1883 485 2015 538 ὅπου
2055 483 2146 536 καὶ

583 572 881 640 θανάσιμον
923 571 1020 626 καὶ
1052 569 1317 640 ὀλέθριον.
1359 572 1467 624 Καὶ
1505 569 1660 624 τοῦτο
1695 568 1825 622 αὐτὸ
1854 567 2013 620 πάλιν
2041 565 2148 617 δει-

583 656 715 716 κνὺς
743 655 772 707 6
798 652 1011 716 Παῦλος
1047 652 1234 720 ἔλεγεν
1255 671 1269 684 ο
1310 654 1371 708 Ἠ
1399 654 1547 707 κατὰ
1595 652 1741 705 Θεὸν
1777 651 1940 716 λύπη
1979 648 2154 717 perd-

580 753 753 792 romr
783 738 871 800 είς
903 737 1206 802 σωτηρίαν
1233 736 1682 804 ἀμεταμέλητον
1715 730 2151 800 κατεργάζεται·

582 820 620 886 ἠ
645 817 713 869 δὲ
736 817 843 870 τοῦ
865 818 1097 885 κόσμου
1121 818 1283 884 λύπη
1309 817 1563 871 θάνατον
1591 813 2011 882 κατεργάζεται.

651 907 710 952 ε’.
765 901 930 968 Ὁρᾷς
959 900 1055 952 καὶ
1079 899 1239 953 τοῦτο
1261 900 1368 952 τῶν
1400 900 1580 969 μέσων
1607 899 1698 962 6v;
1729 894 1937 949 Οὐκοῦν
1975 894 2065 947 καὶ
2095 895 2154 947 τὸ

581 982 821 1035 ἐναντίον
848 982 1013 1035 αὑτοῦ
1043 981 1152 1034 τῶν
1187 981 1384 1051 μέσων,
1416 981 1472 1033 τὸ
1513 980 1722 1050 χαίρειν
1753 978 1917 1046 λέγω.
1955 977 2154 1047 Διόπερ

579 1066 678 1134 οὐχ
704 1065 890 1128 ἁπλῶς
920 1065 1128 1135 χαίρειν
1150 1064 1451 1128 ἐκέλευσεν,
1473 1063 1606 1116 ἀλλὰ
1628 1063 1838 1131 χαίρειν
1867 1063 1924 1114 ἐν
1947 1059 2154 1128 Κυρίῳ.

593 1146 733 1199 Ἀλλ’
763 1150 790 1200 6
814 1147 913 1217 μὲν
941 1146 1049 1198 τῶν
1082 1146 1262 1215 μέσων
1290 1145 1444 1213 λόγος
1468 1144 1666 1207 ίκανῶς
1697 1146 1826 1214 ἡμῖν
1849 1141 2151 1213 διευκρίνη-

579 1247 691 1291 ται,
722 1231 833 1298 εἴγε
859 1230 1134 1298 ἀκροατὰς
1158 1229 1270 1299 ἔχει
1303 1229 1692 1300 προσέχοντας·
1727 1227 1864 1279 ἰτέον
1883 1226 1940 1278 δὲ
1971 1225 2154 1277 λοιπὸν

580 1313 673 1365 ἐπὶ
699 1313 768 1365 τὰ
812 1313 886 1382 μὴ
917 1311 1076 1382 μέσα,
1111 1311 1245 1364 ἀλλὰ
1277 1311 1368 1363 ἐπὶ
1393 1311 1462 1363 τὰ
1489 1311 1648 1375 καλά,
1679 1309 1714 1363 6.
1738 1309 1835 1362 οὑκ
1859 1307 1924 1361 ἂν
1947 1307 2154 1375 γένοιτο

578 1395 746 1457 κακὰ,
777 1396 870 1448 καὶ
890 1395 980 1447 ἐπὶ
1000 1394 1068 1446 τὰ
1091 1394 1253 1455 κακὰ,
1286 1396 1321 1447 ἃ
1345 1395 1445 1446 οὐκ
1471 1394 1536 1447 ἂν
1554 1395 1762 1462 γένοιτο
1784 1391 1941 1444 καλά.
1972 1389 2152 1442 Ταῦτα

582 1481 680 1547 μὲν
715 1476 822 1547 γὰρ
846 1477 912 1530 τὰ
945 1476 1212 1546 εἰρημένα
1246 1478 1375 1529 ποτέ
1412 1478 1511 1548 μὲν
1533 1477 1708 1536 τοῦτο,
1748 1475 1875 1529 ποτέ
1897 1474 1952 1525 δὲ
1978 1476 2151 1526 έκεῖνο

579 1561 816 1627 γίνεταιο
861 1555 972 1613 οἷον
1016 1563 1044 1613 ό
1087 1560 1316 1623 πλοῦτος
1364 1561 1495 1612 ποτὲ
1543 1561 1637 1630 μὲν
1670 1559 1861 1613 κακὸν.
1894 1558 2021 1610 ὅταν
2071 1558 2150 1620 εἰς

578 1642 890 1707 πλεονεξίαν
919 1644 1245 1707 δαπανᾶται,
1275 1645 1404 1696 ποτέ
1430 1644 1485 1697 δὲ
1523 1644 1704 1708 καλὸν,
1736 1644 1862 1695 ὅταν
1888 1643 1966 1702 είς
1999 1640 2149 1710 ἐλεη-

580 1727 817 1797 μοσύνην
851 1727 1206 1796 ἀναλίσκηται
1226 1745 1237 1757 ·
1270 1729 1364 1778 καὶ
1391 1727 1456 1779 τὰ
1484 1728 1616 1780 ἄλλα
1644 1724 1868 1778 τοιαῦτα
1891 1723 2030 1776 κατὰ
2060 1723 2151 1775 τὸν

577 1811 778 1863 κανόνι
803 1810 1014 1864 τοῦτον.
1050 1811 1202 1863 Ἔστι
1231 1811 1287 1863 δέ
1317 1828 1462 1873 τινα,
1496 1810 1531 1863 6.
1561 1811 1660 1862 οὐκ
1693 1810 1756 1864 άν
1788 1826 1916 1860 ποτε
1939 1808 2150 1875 γένοιτο

578 1893 754 1944 κακά·
787 1892 856 1944 τὰ
883 1893 959 1955 δὲ,
998 1893 1216 1946 ἐναντία
1251 1893 1480 1953 τούτοις,
1511 1893 1596 1944 ἀεὶ
1629 1891 1793 1953 κακὰ,
1823 1891 1916 1943 καὶ
1947 1891 2046 1943 οὐκ
2085 1891 2149 1943 ἄν

577 1992 705 2026 ποτε
739 1975 951 2041 γένοιτο
979 1975 1152 2028 καλά·
1201 1969 1310 2027 οἷον
1342 1975 1585 2037 ἀσέϐεια,
1619 1973 1952 2044 βλασφημία,
1989 1973 2149 2026 ἀσέλ-

576 2073 722 2123 γεια,
740 2055 892 2128 [153]
919 2057 1161 2127 ὠμότης,
1192 2056 1578 2127 ἀπανθρωπία,
1603 2057 2029 2128 γαστριμαργία,
2056 2056 2148 2108 καὶ

574 2157 674 2191 οσα
697 2157 939 2193 τοιαυτα.

647 2224 720 2275 Οὐ
753 2224 897 2289 λέγω
926 2226 1006 2277 ὅτι
1038 2225 1322 2295 ἄνθρωπος
1357 2223 1526 2286 κακὸς
1551 2223 1648 2277 οὐκ
1682 2224 1748 2277 ἄν
1778 2241 1907 2276 ποτε
1940 2224 2147 2291 γένοιτο

574 2305 759 2368 καλὸς,
792 2306 913 2358 οὔτε
957 2307 1119 2369 καλὸς
1147 2308 1246 2359 οὐκ
1285 2308 1348 2360 ἀν
1381 2323 1509 2358 ποτε
1539 2307 1751 2374 γένοιτο
1785 2307 1985 2369 κακός*
2029 2306 2143 2358 ἀλλ’

573 2388 654 2440 ὅτι
686 2389 826 2440 αὐτὰ
864 2391 933 2440 τὰ
960 2389 1259 2460 πράγματα
1288 2390 1387 2440 οὐκ
1417 2389 1482 2441 ἄν
1522 2405 1648 2440 ποτε
1691 2389 1918 2458 γένοιτο.
1965 2388 2147 2441 Ταῦτα

578 2471 676 2540 μὲν
704 2471 811 2540 γὰρ
856 2471 940 2541 εἴη
973 2481 997 2510 ⁸
1028 2473 1118 2523 ἐπὶ
1147 2472 1245 2539 τῆς
1286 2471 1489 2534 οἰκείας
1520 2472 1755 2535 τάξεως,
1791 2473 1859 2525 τά
1886 2489 1942 2524 τε
1982 2473 2141 2534 καλά,

575 2554 669 2605 καὶ
699 2555 768 2608 τὰ
798 2556 944 2608 κακά
968 2571 982 2583 ·
1017 2557 1046 2607 6
1077 2555 1132 2606 δὲ
1170 2553 1476 2623 ἅνθρωπος,
1507 2556 1633 2607 ὅταν
1670 2555 1766 2624 μὲν
1810 2556 1990 2607 ἐκεῖνα
2029 2556 2146 2624 ἐλη-

572 2654 683 2697 ται,
739 2638 922 2700 καλὸς,
972 2639 1098 2690 ὅταν
1134 2637 1190 2690 δὲ
1227 2638 1461 2695 ἐναντία.
1517 2641 1701 2700 κακός.
1747 2637 1951 2690 Οὐκοῦν
1996 2641 2145 2706 τρεῖς

573 2713 734 2772 αὗται
768 2723 954 2790 μοῖραι
974 2737 986 2749 ·
1020 2719 1087 2772 τὰ
1113 2720 1208 2788 μὲν
1231 2720 1339 2789 γὰρ
1360 2719 1501 2772 καλά
1527 2720 1626 2772 οὐκ
1651 2720 1715 2772 ἂν
1747 2721 1951 2788 γένοιτο
1978 2722 2140 2785 κακά,

571 2802 684 2860 οἷον
718 2806 1062 2877 σωφροσύνη,
1094 2806 1453 2876 ἐλεημοσύνη,
1487 2806 1579 2859 καὶ
1601 2807 1699 2858 ὅσα
1723 2805 1942 2857 τοιαῦτα
1959 2823 1970 2834 ·
1995 2809 2062 2858 τά
2088 2806 2144 2858 δὲ

574 2891 720 2942 κακὰ
745 2890 844 2942 οὐκ
866 2889 930 2943 ἀν
953 2906 1081 2941 ποτε
1111 2888 1317 2955 γένοιτο
1345 2889 1505 2948 καλὰ,
1530 2885 1639 2941 οἷον
1669 2889 1946 2955 ἀσέλγεια,
1970 2889 2142 2940 ἀπαν-

575 2972 812 3042 θρωπία,
869 2971 1120 3042 ὡμότης’
1170 2972 1236 3023 τά
1269 2972 1323 3023 δὲ
1367 2971 1497 3024 ποτέ
1556 2972 1651 3041 μὲν
1680 2971 1856 3036 τοῦτο,
1910 2972 2038 3023 ποτέ
2088 2971 2144 3024 δέ

574 3056 751 3107 ἐκεῖνο
780 3055 1041 3125 γινόμενα
1070 3056 1120 3118 b,
1150 3055 1300 3125 παρὰ
1327 3055 1423 3123 τὴν
1451 3054 1673 3124 γνώμην
1697 3055 1803 3106 τῶν
1825 3054 2139 3125 χρωμένων.

586 3141 644 3191 '0
663 3139 891 3201 πλοῦτος
917 3138 1046 3191 ποτέ
1077 3140 1173 3208 μὲν
1204 3140 1311 3209 γὰρ
1339 3141 1417 3202 εἰς
1448 3139 1755 3203 πλεονεξίαν
1775 3138 2141 3206 ὑπηρετεῖται.

574 3222 704 3272 ποτὲ
732 3222 786 3274 δὲ
812 3224 891 3284 εἰς
919 3221 1288 3291 ἐλεημοσύνην
1309 3240 1320 3250 ·
1346 3221 1479 3274 ἀλλὰ
1509 3221 1657 3291 παρά
1682 3222 1780 3291 τὴν
1804 3221 2028 3290 γνώμην
2050 3220 2142 3272 τοῦ

573 3302 878 3371 χρωμένου.
909 3303 1076 3355 Πενία
1110 3305 1237 3355 ποτὲ
1278 3305 1374 3371 μὲν
1414 3307 1493 3366 είς
1529 3304 1897 3373 βλασφημίαν,
1927 3306 2054 3356 ποτὲ
2089 3304 2145 3356 δὲ

574 3389 652 3448 είς
681 3386 955 3455 εὐφημίαν
984 3386 1077 3437 καὶ
1105 3386 1417 3452 φιλοσοφίαν
1460 3387 1830 3456 ὑπηρετεῖται.
1874 3387 2023 3438 Ἐπεὶ
2053 3384 2144 3439 οῦν

575 3468 761 3520 πολλοὶ
790 3469 897 3521 τῶν
921 3470 1276 3538 ἀλογωτέρων
1311 3471 1426 3532 (ἐπὶ
1447 3469 1554 3538 γὰρ
1579 3469 1673 3538 τὴν
1696 3468 1847 3520 λύσιν
1883 3470 2018 3521 ἰτέον
2041 3470 2145 3522 λοι-

576 3551 700 3616 πὸν)
731 3553 791 3604 οὐ
818 3552 884 3604 τὰ
912 3554 1057 3604 κακὰ
1089 3553 1267 3621 μόνον,
1293 3552 1328 3605 ἀ
1353 3554 1452 3604 οὐκ
1493 3554 1554 3606 ἄν
1586 3569 1715 3604 ποτε
1741 3554 1949 3619 γένοιτο
1981 3553 2139 3616 καλὰ,

573 3635 709 3686 ἀλλὰ
749 3637 839 3688 καὶ
867 3635 974 3688 τῶν
1001 3637 1179 3703 μέσων
1196 3636 1310 3687 ένια
1328 3636 1475 3687 κακὰ
1497 3634 1767 3699 καλοῦσιν,
1797 3630 1904 3688 οἷον
1932 3635 2140 3698 πενίαν,

572 3718 969 3788 αἰχμαλωσίαν,
1001 3718 1264 3776 δουλείαν.
1301 3719 1446 3787 ἅπερ
1490 3719 1766 3787 ἐδείξαμεν
1794 3719 1853 3770 οὺ
1903 3719 2009 3771 τῶν
2048 3737 2144 3774 κα-

573 3800 706 3863 κῶν,
746 3800 881 3852 ἀλλὰ
922 3800 1029 3852 τῶν
1065 3801 1246 3869 μέσων
1283 3801 1438 3852 όντα’
1477 3800 1658 3852 πολλοὶ
1700 3801 1776 3863 δέ,
1804 3802 1941 3870 ὅπερ
1976 3802 2144 3871 ἔφθην

572 3884 764 3944 εἰπὼν,
797 3882 968 3936 ταῦτα
1013 3883 1154 3935 κακά
1192 3882 1464 3944 καλοῦσιν,
1493 3887 1591 3934 οὐκ
1624 3883 1752 3936 ὅντα
1793 3885 1937 3936 κακά
1962 3901 1974 3914 ⁸
2019 3887 2145 3956 περὶ

570 3958 645 4016 ὧν
679 3976 701 4004 ο
745 3967 773 4018 6
803 3966 1085 4036 προφήτης
1129 3966 1278 4034 φησὶ,
1321 3965 1429 4017 τῶν
1468 3964 1609 4017 κατά
1642 3966 1740 4035 τὴν
1777 3965 1884 4019 τῶν
1934 3967 2142 4019 πολλῶν

573 4050 831 4101 ὑπόνοιαν
880 4048 1250 4117 καλουμένων,
1288 4049 1348 4100 οὐ
1389 4047 1499 4100 τῶν
1550 4049 1714 4111 δντως
1750 4048 1933 4102 κακῶν
1957 4067 1970 4080 ·
2017 4052 2143 4120 περὶ

573 4132 971 4201 αἰχμαλωσίας.
1010 4132 1137 4199 περὶ
1189 4132 1447 4193 δουλείας,
1502 4132 1630 4200 περί
1667 4130 1848 4199 λιμοῦ,
1901 4133 1994 4185 καὶ
2044 4134 2144 4195 ὃσα,

572 4210 817 4263 τοιαῦτα.
858 4211 980 4261 ’Ότι
1003 4209 1111 4279 γὰρ
1145 4209 1316 4260 ταῦτα
1347 4211 1407 4261 οὐ
1450 4209 1614 4270 κακὰ,
1651 4210 1784 4261 ἀλλά
1819 4211 1910 4262 καὶ
1959 4211 2142 4265 κακῶν

575 4292 913 4364 ἀναιρετικά,
936 4293 1028 4344 τὸν
1051 4291 1206 4361 λιμὸν
1230 4293 1490 4362 πρότερον
1525 4294 1602 4350 εἰς
1631 4292 1790 4361 μέσον
1823 4295 2138 4364 ἀγάγωμεν,

572 4375 663 4429 τὸν
693 4379 826 4428 πᾶσι
873 4375 1100 4444 φρικτὸν
1141 4375 1232 4427 καὶ
1273 4374 1501 4444 φοϐερὸν
1536 4368 1672 4426 εἶναι
1708 4375 1980 4429 δοκοῦντα.
2018 4378 2141 4440 Πῶς

569 4455 663 4512 οὖν
710 4461 769 4511 ού
803 4459 989 4519 κακὸν,
1049 4458 1308 4527 μάνθανε,
1357 4459 1451 4510 καὶ
1509 4456 1757 4510 παιδεύου
1814 4458 2134 4527 φιλοσοφεῖν.

584 4543 776 4595 Ἢνίκα
819 4543 926 4594 τῶν
970 4542 1234 4613 Ἐϐραίων
1258 4545 1284 4593 ό
1309 4542 1479 4610 δῆμος
1517 4544 1592 4603 εἰς
1633 4540 1854 4610 ἔσχατον
1888 4541 2137 4604 ἐξώκειλε

575 4626 940 4694 παρανομίας,
974 4628 1095 4678 τότε
1127 4625 1189 4695 δὴ
1211 4629 1238 4678 6
1270 4626 1440 4695 μέγας
1479 4625 1682 4687 Ἠλίας,
1723 4624 1815 4676 καὶ
1838 4624 1946 4677 τῶν
1973 4626 2136 4694 οὐρα-

571 4705 676 4758 νῶν
713 4705 881 4769 ἇξιος,
916 4709 944 4758 6
982 4708 1300 4775 βουλόμενος
1330 4708 1427 4777 τὴν
1466 4710 1528 4759 ἐκ
1561 4707 1658 4774 τῆς
1693 4706 1960 4777 ῥᾳθυμίας
1987 4709 2136 4759 νόσον

572 4788 803 4850 ἀνελεῖν,
852 4790 943 4840 καὶ
980 4788 1267 4856 διορθῶσαι
1298 4789 1516 4851 ταύτην,
1553 4789 1796 4858 ἐπήγαγε
1824 4790 2020 4856 λέγων·
2052 4789 2138 4858 Ζῇ

572 4873 812 4938 Κύριος,
859 4864 904 4935 ᾧ
954 4870 1261 4936 παρέστην
1307 4870 1562 4923 ἐνώπιον
1614 4873 1817 4936 αὐτοῦ,
1869 4877 1920 4926 εἰ
1967 4875 2136 4927 ἔσται

575 4953 766 5019 ὑετὸς,
801 4955 853 5006 εὶ
870 4953 955 5020 μὴ
978 4951 1075 5003 διὰ
1099 4953 1395 5019 στόματός
1412 4969 1530 5018 μου
1549 4969 1562 4982 ·
1597 4955 1686 5004 καὶ
1715 4956 1741 5004 6
1768 4956 2017 5024 μηλωτὴν
2042 4957 2136 5024 μό-

569 5057 666 5106 νην
706 5038 1068 5107 κεκτημένος,
1114 5036 1201 5087 τὸν
1249 5035 1473 5103 οὐρανὸν
1531 5035 1851 5088 ἀπέκλεισεο
1900 5038 2134 5107 τοσαύτη

568 5123 849 5191 παρρησία
900 5119 1047 5188 αὑτῴ
1085 5119 1220 5188 πρὸς
1250 5119 1338 5170 τὸν
1377 5118 1526 5170 Θεόν.
1570 5117 1730 5186 Ὁρᾷς
1771 5120 1851 5170 ὅτι
1878 5122 1936 5172 οὺ
1971 5121 2135 5173 κακὸν

563 5207 596 5274 ἡ
653 5203 846 5268 πενία;
888 5203 1002 5255 Οὐκ
1047 5203 1111 5254 ἂν
1148 5206 1174 5255 6
1217 5203 1432 5255 πάντων
1482 5200 1779 5270 ἀνθρώπων
1816 5204 2134 5272 πενέστερος

564 5284 830 5352 τοσαύτης
871 5285 1146 5337 ἀπέλαυσε
1193 5285 1522 5353 παρρησίας,
1558 5283 1632 5345 ὡς
1679 5284 1851 5352 χαμαὶ¹
1885 5284 2129 5354 βαδίζων,

566 5369 647 5422 ἐνὶ
698 5368 844 5439 μόνῳ
877 5368 1021 5437 λόγῳ
1048 5367 1316 5437 τοσαύτην
1353 5368 1504 5436 ἰσχὺν
1536 5366 1917 5432 ἐπιδείξασθαι.
1953 5367 2134 5423 Εἰπὼν

628 5562 644 5584 ⁸
674 5563 723 5610 In
769 5575 857 5608 ms.
901 5559 938 5606 εἰ
968 5560 1170 5619 legitur;
1205 5560 1291 5605 sed
1333 5557 1481 5610 Savil.
1510 5558 1556 5606 in
1601 5570 1751 5622 marg.
1794 5559 1865 5616 εἴη
1889 5558 2132 5622 posuilex

563 5625 858 5683 coanctura,
879 5633 1022 5681 quam
1043 5627 1240 5683 secutus
1259 5630 1337 5667 es:
1365 5623 1586 5669 Ducaus.

626 5680 664 5722 bi
681 5684 764 5744 Ms.
797 5680 1222 5744 habéljwépzvov,
1251 5686 1303 5728 ul.
1323 5694 1483 5743 supra.
1508 5683 1618 5731 Mox
1639 5682 1906 5744 legendum
1940 5682 2133 5732 videtur

568 5743 773 5798 τοιοῦτος
795 5745 820 5790 6
845 5745 901 5790 π)
911 5741 1061 5798 οῦτος.

626 5809 648 5836 ⁸
673 5803 821 5853 Savil.
849 5811 987 5866 puta:
1014 5804 1275 5866 legendum
1295 5805 1395 5864 περὶ
1418 5805 1611 5854 τούτων.

1246 373 1304 430 S.
1344 369 1622 430 JOANMS
1659 367 2143 428 CIIRYSOSTOMI
2183 367 2501 427 ARCHIEP.
2542 369 3084 430 CONSTANTINOP.

3721 391 3832 447 150

2253 486 2432 540 τοίνυν
2469 486 2645 553 τοῦτο,
2685 486 2929 558 ἐπήγαγε
2970 486 3150 558 λιμδν,
3195 487 3446 559 καθάπερ
3483 488 3825 559 παιδαγωγὸν

2257 576 2498 644 ἄριστον,
2538 575 2630 629 καὶ
2677 575 2972 647 διορθωτὴν
2996 575 3105 628 τῶν
3133 574 3436 647 γινομένων
3474 576 3661 630 κακῶν
3687 592 3700 606 ·
3727 578 3825 636 καὶ

2254 660 2504 732 καθάπερ
2547 663 2785 732 πυρετοῦ
2811 663 3013 733 λάϐρου
3038 664 3118 726 είς
3156 662 3318 733 σῶμα
3351 663 3701 734 ἐμπεσόντος.
3727 664 3825 717 καὶ

2254 748 2414 800 αὐταὶ
2441 749 2539 817 τῆς
2567 748 2671 816 γῆς
2687 751 2741 802 αἰ
2771 750 2965 819 φλέϐες
2990 748 3452 821 ἀνεξηράνθησαν,
3475 751 3570 804 καὶ
3594 752 3822 822 χείμαρο

2256 837 2339 904 ῥοι
2388 835 2663 900 ἐπέλιπον,
2704 839 2800 891 καὶ
2829 837 3073 908 βοτάναι,
3109 840 3203 892 καὶ
3235 839 3333 909 τῆς
3372 840 3474 910 γῆς
3510 840 3566 891 αἱ
3599 838 3821 906 λαγόνες

2254 921 2436 989 ἄγονοι
2464 923 2648 977 λοιπὸν
2675 919 2834 994 ἦσαν.
2863 926 2973 979 Καὶ
2998 925 3058 976 οὐ
3083 925 3253 995 μικρὰ
3272 925 3394 978 τότε
3414 928 3442 979 6
3467 926 3637 995 δῆμος
3661 927 3825 995 ἐκαρ-

2255 1008 2498 1074 πώσατο,
2523 1013 2621 1082 τῆς
2647 1012 2827 1085 ῥύμης
2853 1014 2951 1083 τῆς
2973 1015 3064 1066 ἐπὶ
3085 1013 3184 1085 τὴν
3220 1013 3563 1084 παρανομίαν
3589 1013 3825 1066 ἀπαλλαο

2253 1098 2390 1165 γεὶς,
2412 1099 2507 1152 καὶ
2531 1100 2835 1163 συσταλεὶς,
2857 1101 2951 1153 καὶ
2973 1101 3263 1171 γενόμενος
3283 1101 3709 1171 ἐπιεικέστερος,
3733 1101 3826 1153 καὶ

2251 1186 2328 1256 τῷ
2356 1188 2603 1261 προφήτῃ
2628 1189 2934 1260 χειροήθης.
2969 1189 3123 1262 [154]
3155 1191 3218 1242 Ol
3241 1188 3348 1260 γὰρ
3380 1189 3514 1259 πρὸς
3539 1190 3607 1242 τὰ
3633 1189 3827 1242 εἴδωλα

2251 1273 2556 1344 τρέχοντες,
2579 1275 2672 1328 καὶ
2700 1275 2823 1339 τοὺς
2847 1275 2997 1339 υἱοὺς
3015 1275 3194 1329 αὐτῶν
3211 1277 3680 1344 κατασφάττοντες
3711 1278 3826 1338 τοῖς

2252 1361 2566 1430 δαιμονίοις,
2585 1355 2730 1415 οὗτοι
2761 1362 3029 1415 τοσούτων
3061 1363 3254 1434 ἱερέων
3277 1364 3375 1434 τῆς
3400 1362 3548 1416 Βάαλ
3569 1365 3824 1434 ἀναιρου-

2257 1450 2461 1519 μένων,
2506 1450 2608 1503 οὺκ
2652 1451 3037 1521 ἐδυσχέραναν,
3091 1452 3190 1504 οὐκ
3242 1452 3650 1522 ἠγανάκτησαν,
3705 1451 3822 1505 ἀλλ’

2251 1537 2488 1607 ἧνεγκαν
2526 1541 2651 1609 σιγῇ
2681 1539 2773 1591 καὶ
2800 1538 2948 1610 φόϐῳ
2972 1539 3034 1593 :6
3072 1537 3374 1610 γινόμενον,
3402 1539 3509 1592 ἀπὸ
3541 1538 3632 1593 τοῦ
3662 1536 3823 1610 λιμοῦ

2254 1623 2495 1693 βελτίους
2520 1625 2823 1697 γενόμενοι.

2324 1754 2396 1812 ς’.
2436 1749 2595 1821 Ὁρᾷς
2617 1750 2693 1813 ὡς
2713 1749 2773 1802 οὐ
2801 1749 2959 1820 μόνον
2979 1747 3089 1822 [οὐ]
3113 1751 3280 1802 κακὸν
3304 1749 3332 1801 6
3361 1748 3536 1819 λιμὸς,
3561 1745 3698 1801 ἀλλά
3728 1747 3821 1801 καὶ

2251 1834 2436 1888 κακῶν
2474 1835 2834 1905 ἀναιρετικὸς,
2865 1837 2923 1888 ἐν
2948 1833 3098 1901 τάξει
3131 1835 3419 1906 φαρμάκου
3440 1834 3509 1888 τά
3539 1835 3819 1904 νοσήματα

2249 1920 2681 1991 διορθωσάμενος
2704 1939 2719 1987 ;
2744 1922 2808 1975 Εἰ
2840 1923 2935 1976 καὶ
2962 1922 3059 1994 τὴν
3100 1922 3475 1993 αἰχμαλωσίαν
3502 1922 3671 1993 αὐτὴν
3704 1922 3818 1993 βού-

2248 2006 2329 2060 λει
2357 2007 2384 2046 ά
2423 2007 2548 2060 ἰδεῖν
2585 2009 2644 2061 οὐ
2672 2009 2777 2062 τῶν
2814 2009 3000 2062 κακῶν
3045 2005 3229 2071 οὖσαν,
3261 2009 3511 2078 ἐννόησον
3544 2009 3683 2072 τίνες
3721 2008 3819 2078 μὲν

2247 2089 2385 2165 ἦσαν
2423 2096 2472 2148 οί
2524 2094 2762 2150 Ἰουδαῖοι
2792 2097 2898 2165 πρὸ
2935 2098 3031 2164 τῆς
3059 2096 3455 2167 αἰχμαλωσίας,
3494 2097 3636 2159 τίνες
3678 2097 3734 2149 δὲ
3760 2098 3819 2149 ἐν

2245 2183 2311 2250 τῇ
2347 2181 2714 2251 αἰχμαλωσίᾳ,
2770 2181 2859 2235 ἵνα
2908 2182 3083 2256 μάθῃς
3133 2184 3212 2236 ὃτι
3260 2181 3383 2236 οὔτε
3449 2185 3481 2254 ἡ
3537 2183 3818 2254 ἐλευθερία

2246 2268 2432 2331 ἁπλῶς
2464 2269 2648 2330 καλὸν,
2684 2267 2808 2322 οὔτε
2839 2271 2872 2340 ἡ
2916 2270 3260 2340 αίχμαλωσία
3295 2271 3484 2326 κακόν.
3520 2271 3685 2324 Ὅταν
3719 2270 3818 2341 μὲν

2244 2357 2352 2425 γὰρ
2384 2352 2525 2424 ἦσαν
2569 2357 2627 2409 ἐν
2662 2355 2962 2426 ἐλευθερίᾳ,
3014 2358 3108 2411 καὶ
3141 2357 3238 2428 τὴν
3272 2359 3506 2429 πατρίδα
3545 2355 3686 2428 εἰχον
3719 2357 3819 2427 τὴν

2244 2442 2474 2505 ἑαυτῶν,
2504 2442 2727 2496 τοιαῦτα
2758 2443 3043 2514 ἔπραττον,
3073 2443 3147 2506 ὼς
3174 2443 3296 2497 καθ’
3326 2444 3563 2516 ἑκάστην
3604 2445 3818 2515 ἡμέραν

2243 2530 2368 2592 τοὺς
2397 2530 2678 2600 προφήτας
2700 2529 2877 2583 αὐτῶν
2892 2529 3186 2600 καταϐοᾷν,
3215 2531 3322 2584 τῶν
3343 2532 3522 2601 νόμων
3545 2532 3819 2601 πατουμέ-

2243 2635 2370 2685 νων,
2407 2620 2502 2673 καί
2532 2618 2637 2672 τῶν
2667 2618 2899 2672 εἰδώλων
2931 2619 3440 2691 προσκυνουμένων,
3475 2621 3567 2674 καὶ
3603 2620 3711 2673 τῶν
3733 2622 3816 2673 ἐν·

2242 2705 2413 2759 τολῶν
2445 2705 2538 2758 τοῦ
2572 2706 2706 2759 Θεοῦ
2757 2707 3176 2777 παραϐαθεισῶν
3210 2718 3232 2746 ε
3256 2725 3267 2734 ·
3298 2707 3485 2776 ἐπειδὴ
3517 2708 3573 2760 δὲ
3606 2709 3812 2773 ἀπηνέ-

2242 2794 2448 2863 χθησαν
2475 2797 2553 2856 εἰς
2580 2795 2681 2863 γῆν
2720 2795 3026 2866 ἀλλοτρίαν,
3062 2797 3154 2848 καὶ
3185 2797 3242 2848 ἐν
3290 2798 3355 2867 τῇ
3389 2796 3498 2849 τῶν
3526 2795 3811 2867 βαρϐάρων

2243 2881 2394 2950 χώρᾳ
2443 2880 2731 2950 διέτριϐον,
2771 2882 2912 2934 οὕτω
2957 2883 3380 2954 συνεστάλησαν,
3429 2884 3522 2935 καὶ
3574 2882 3814 2952 βελτίους

2243 2968 2511 3035 ἐγένοντο,
2561 2967 2657 3019 καὶ
2692 2967 2786 3020 τοῦ
2817 2968 2983 3038 νόμου
3029 2970 3287 3037 φύλακες,
3334 2970 3409 3035 ὥς
3447 2969 3592 3024 ἐστιν
3627 2974 3692 3025 ἐκ
3723 2971 3817 3024 τοῦ

2240 3052 2454 3123 ψαλμοῦ
2483 3053 2641 3107 τοῦτο
2659 3052 2866 3124 μαθεῖν,
2893 3055 2952 3108 6v
2982 3055 3278 3124 ἀναγκαῖον
3304 3059 3385 3120 εἰς
3414 3059 3574 3127 μέσον
3589 3059 3818 3126 ἀγαγεῖν

2244 3142 2502 3211 σήμερον.
2552 3142 2638 3193 ῐνα
2676 3140 2881 3210 μάθητε
2911 3141 3010 3210 τῆς
3051 3142 3428 3213 αἰχμαλωσίας
3458 3145 3548 3197 τὸν
3579 3145 3812 3215 καρπόν.

2243 3229 2337 3292 Τίς
2372 3228 2431 3281 δέ
2463 3229 2610 3283 ἐστιν
2639 3230 2667 3281 6
2711 3229 2960 3299 ψαλμόςς
3012 3231 3137 3284 Ἑπί
3167 3231 3284 3284 τῶν
3319 3231 3598 3301 ποταμῶν
3625 3233 3818 3287 Βαϐυ-

2240 3316 2436 3381 λῶνος
2462 3315 2593 3369 ἐκεῖ
2615 3316 3008 3386 ἐκαθίσαμεν,
3052 3318 3152 3372 καί
3192 3321 3578 3388 ἐκλαύσαμεν
3620 3321 3691 3373 ἐν
3737 3317 3818 3384 τῷ

2237 3401 2586 3469 μνησθῆναι
2632 3401 2791 3468 ἡμᾶς
2836 3403 2947 3469 τῆς
2979 3405 3150 3457 Σιών.
3196 3407 3318 3458 Ἐπί
3364 3406 3491 3464 ταῖς
3525 3406 3706 3471 ίτέαις
3747 3406 3819 3460 ἐν

2235 3488 2404 3555 μέσῳ
2440 3487 2631 3554 αὐτῆς
2676 3487 3087 3557 ἐκρεμὰσαμεν
3110 3491 3182 3542 τὰ
3207 3491 3430 3558 ὄργανα
3465 3491 3653 3560 ἡμῶν.
3680 3492 3815 3545 Ὅτι

2240 3575 2368 3628 ἐκεῖ
2379 3574 2938 3644 ἐπηρώτήσανήμᾶς
2961 3581 3015 3630 οἱ
3042 3581 3637 3646 αἰχμωωτεύσαντες
3656 3581 3816 3648 ἡμᾶς

2241 3664 2459 3729 λόγους
2481 3660 2669 3725 ᾠδῶν,
2685 3661 2967 3730 λέγοντες
2988 3678 3001 3692 '
3027 3664 3248 3731 ’ᾼσατε
3265 3662 3406 3731 ἡμῖν
3423 3663 3492 3717 ἐκ
3507 3662 3625 3717 τῶν
3643 3664 3815 3729 ᾠδῶν

2244 3750 2413 3803 Σιὼν.
2436 3747 2568 3814 Πῶς
2593 3747 2834 3818 (iamper
2865 3748 2980 3816 τὴν
3001 3748 3164 3817 ᾠδὴν
3185 3751 3407 3816 Κυρίου
3429 3751 3525 3804 ἐπὶ
3560 3752 3674 3820 τῆς
3705 3754 3815 3807 ἀλ-

2242 3837 2521 3903 λοτρίας;
2547 3832 2696 3899 Εἶδες
2721 3836 2836 3899 πῶς
2866 3838 3061 3898 αὐτοὺς
3098 3838 3433 3891 συνέστειλεν
3467 3840 3500 3910 ἡ
3534 3840 3814 3910 αἰχμαλω-

2245 3922 2370 3986 σία;
2406 3923 2516 3992 Πρὸ
2565 3924 2660 3991 μὲν
2688 3923 2795 3995 γὰρ
2841 3924 3043 3994 ταύτης
3094 3927 3186 3977 καὶ
3227 3925 3335 3978 τῶν
3396 3927 3693 3997 προφητῶν
3727 3929 3816 3980 ἐν-

2248 4010 2524 4081 ηχούντων
2560 4009 2632 4080 μὴ
2661 4009 3016 4081 παραϐαίνειν
3050 4013 3139 4065 τὸν
3161 4013 3343 4083 νόμον,
3372 4014 3469 4066 οὐκ
3495 4014 3784 4082 ἠνέσχοντο
3802 4030 3815 4045 ’

2247 4098 2384 4169 μετά
2404 4098 2461 4150 δὲ
2478 4098 2702 4167 ταύτην,
2727 4097 2821 4151 καὶ
2850 4097 2955 4151 τῶν
2995 4099 3282 4170 βαρϐάρων
3309 4099 3687 4167 ἐπικειμένων,
3721 4101 3818 4152 καὶ

2242 4186 2347 4239 τῶν
2383 4186 2743 4256 κυριευόντων
2773 4185 3294 4253 καταναγκαζὸντων
3329 4186 3421 4237 καί¹
3451 4186 3813 4249 κατεπειγόν-

2242 4291 2346 4326 των
2391 4273 2764 4343 παραϐαίνειν,
2813 4274 2908 4343 ούχ
2942 4274 3248 4341 ὑπήκουον,
3286 4272 3400 4323 ἀλλ’
3449 4272 3629 4339 ἔλεγον
3656 4288 3668 4301 ’
3692 4273 3811 4326 Οὐκ

2242 4360 2444 4430 ᾇσομεν
2471 4362 2570 4428 τὴν
2597 4361 2738 4430 ᾠδὴν
2764 4361 2966 4430 Κυρίου
2999 4359 3090 4411 ἐπὶ
3124 4359 3229 4428 γῆς
3260 4359 3567 4429 ἀλλοτρίας,
3619 4359 3810 4430 ἐπειδὴ

2240 4449 2267 4498 6
2296 4448 2458 4516 νόμος
2491 4447 2647 4500 τοῦτο
2675 4448 2772 4499 οὐκ
2806 4447 3124 4516 ἐπέτρεπεν.
3163 4445 3302 4516 Ὅρα
3329 4446 3385 4499 δὲ
3414 4447 3510 4500 καὶ
3535 4449 3659 4509 τοὺς
3693 4449 3814 4500 παῖ-

2240 4533 2334 4595 δας
2363 4535 2484 4596 τοὺς
2507 4536 2655 4604 τρεῖς
2683 4534 2742 4585 οὺ
2774 4534 2932 4603 μόνον
2957 4533 3109 4586 οὐδὲν
3151 4533 3553 4603 βλαπτομένους
3581 4535 3687 4587 ἀπὸ
3711 4535 3814 4602 τῆς

2241 4620 2629 4689 αἰχμαλωσίας,
2661 4620 2793 4672 ἀλλὰ
2814 4620 2905 4673 καὶ
2934 4620 3345 4690 λαμπροτέρους
3377 4621 3470 4672 ἀπ’
3501 4622 3674 4689 αὐτῆς
3710 4638 3809 4688 γε-

2240 4710 2494 4779 νομένους
2514 4725 2526 4738 ·
2558 4709 2651 4762 καὶ
2676 4709 2764 4761 τὸν
2791 4709 2988 4779 Δανιὴλ
3009 4707 3228 4779 ὁμοίως.
3254 4710 3396 4762 Τίδέ
3423 4712 3449 4762 ὁ
3489 4710 3689 4781 Ἰωσήφ
3714 4727 3730 4772 ;
3756 4712 3812 4763 τί

2241 4797 2405 4848 κακὸν
2438 4796 2623 4857 ἔπαθε,
2663 4798 2755 4850 καὶ
2786 4796 2953 4861 ξένος,
2984 4798 3077 4850 καὶ
3117 4797 3320 4859 δοῦλος,
3351 4799 3441 4849 καὶ
3467 4797 3689 4867 δέσμιος
3717 4814 3818 4864 γε-

2240 4884 2490 4953 νόμενος;
2524 4885 2644 4953 οὐχί
2665 4885 2751 4936 διὰ
2779 4884 2934 4936 τοῦτο
2960 4885 3118 4951 μόνον
3144 4883 3415 4952 εὐδοκίμει
3438 4885 3530 4936 καὶ
3558 4884 3764 4953 ἔλαμπε
3792 4901 3810 4944 ς

2239 4971 2303 5022 Τί
2331 4970 2449 5040 δὲή
2487 4971 2756 5041 βάρϐαρος
2801 4973 2979 5038 ἐκείνη
3011 4969 3168 5039 γυνὴ,
3211 4971 3301 5022 καὶ
3345 4973 3401 5023 ἐν
3449 4971 3662 5038 πλούτῳ
3712 4971 3812 5024 καὶ

2240 5057 2583 5125 ὑπερηφανία
2628 5056 2719 5108 καί
2745 5057 2802 5107 ἐν
2833 5056 3111 5126 ἐλευθερίᾳ
3147 5057 3512 5127 διατρίϐουσα,
3558 5055 3814 5109 ἐντεῦθεν

2238 5143 2490 5196 ἀπώνατο
2513 5160 2527 5206 ;
2555 5144 2676 5212 οὐχὶ
2714 5145 2926 5196 πάντων
2948 5141 3014 5214 ἦν
3038 5145 3360 5215 ἀθλιωτέρα,
3385 5143 3567 5214 ἐπειδὴ
3596 5144 3810 5208 τούτοις

2239 5233 2317 5294 εἰς
2339 5231 2454 5283 δέον
2484 5230 2787 5299 χρήσασθαι
2815 5233 2913 5283 οὐκ
2943 5232 3232 5298 ὴθέλησεν;
3267 5233 3474 5284 Οὐκοῦν
3500 5230 3672 5284 ταῦτα
3704 5233 3808 5301 μὶν

2239 5322 2368 5390 ἡμῖν
2405 5320 2779 5372 ἀποδέδεικται
2825 5320 3027 5387 σαφῶς,
3076 5322 3196 5372 τίνα
3243 5319 3340 5388 μὲν
3379 5319 3543 5382 κακὰ,
3586 5320 3704 5373 τίνα
3745 5322 3809 5376 δὲ

2241 5407 2396 5469 καλὰ,
2429 5406 2549 5459 τίνα
2579 5406 2634 5458 δὲ
2666 5405 3022 5474 μέσα’καίὃτι
3049 5408 3174 5477 περὶ
3202 5407 3307 5460 τῶν
3339 5405 3518 5473 μέσων
3540 5408 3568 5458 6
3592 5411 3811 5478 προφή-

2237 5512 2332 5563 της
2357 5494 2542 5564 φησὶν,
2575 5494 2634 5546 οὐ
2662 5494 2768 5547 τῶν
2798 5495 2964 5557 ὅντως
2987 5495 3185 5559 κακῶν,
3209 5495 3341 5547 ἀλλὰ
3369 5494 3475 5549 τῶν
3503 5494 3808 5550 δοκούντων

2299 5673 2325 5712 d
2354 5672 2407 5720 In
2437 5685 2526 5720 ms.
2559 5671 2714 5734 βούλει
2736 5673 2944 5734 ideerat.
2990 5671 3088 5719 Sed
3110 5669 3258 5718 Savil.
3283 5675 3331 5719 in
3373 5684 3522 5731 marg.
3552 5673 3718 5732 posuit
3739 5685 3807 5722 ex

2236 5738 2532 5795 conjectura,
2562 5733 2708 5794 ’quam
2735 5733 2942 5795 Ducsus
2969 5735 3017 5780 in
3048 5737 3184 5795 :exlu
3217 5738 3415 5795 secutus
3441 5740 3529 5795 est:

2301 5792 2729 5856 CVHCQCGGGEV‘O'GJV.
2761 5794 2809 5842 In
2828 5807 2914 5842 ms.
2938 5792 3190 5854 legebatur
3207 5792 3607 5854 παραϐαινόντων.
