4064 6214
292 393 410 450 149

287 502 455 555 riendi
483 497 679 570 (Each.
710 498 765 555 3.
794 492 874 567 ι).
901 496 1082 565 Neque
1111 496 1252 550 enim
1281 508 1490 562 semper
1517 491 1747 562 gaudere
1777 489 1868 539 lio-

285 608 419 649 Itum
447 601 566 657 est,
597 589 691 645 sed
717 588 1004 658 aliquando
1028 588 1189 643 etiam
1223 585 1437 639 noxium
1472 600 1487 641 ;
1521 597 1691 649 neque
1720 579 1865 633 enim

290 696 505 738 Semper
531 681 713 736 dolere
735 680 933 735 bonum
960 718 974 741 ,
1007 676 1103 733 sed
1132 676 1417 745 aliquando
1440 675 1599 728 etiam
1629 672 1782 724 letale
1807 683 1869 721 ac

282 773 667 841 perniciosum.
690 771 863 839 Atque
887 769 987 823 hoc
1008 769 1178 838 ipsum
1202 780 1387 820 rursus
1411 764 1648 818 iudicans
1677 760 1869 813 Paulus

280 860 535 917 dicebat:
573 879 592 913 ι
625 859 753 927 Qua:
780 858 1074 913 secundum
1106 857 1269 911 Deum
1300 855 1508 908 tristitia
1535 860 1617 907 est
1643 892 1659 915 ,
1701 849 1869 919 ιιωηί-

285 955 511 1007 tentiam
542 952 593 1005 in
623 952 849 1006 salutem
880 949 1126 1003 stabilem
1156 954 1407 1017 Operatur
1436 962 1449 997 :
1481 942 1659 997 saeculi
1689 950 1865 994 autem

287 1044 503 1097 tristitia
535 1050 759 1096 mortem
782 1050 1034 1111 operatur
1058 1059 1077 1093 ι
1115 1038 1207 1108 (2.
1234 1036 1349 1092 Cor.
1378 1037 1427 1088 7.
1458 1034 1525 1089 10
1546 1034 1584 1103 ).

361 1136 417 1189 5.
468 1132 629 1187 Vides
670 1132 770 1187 hoc
810 1146 1021 1203 quoque
1068 1128 1300 1183 medium
1353 1136 1511 1196 atque
1559 1123 1867 1179 indiﬂ‘ercns

284 1223 452 1277 esse?
479 1223 639 1292 Igitur
665 1231 719 1278 et
755 1221 1082 1277 contrarium
1130 1218 1245 1288 ejus
1286 1228 1370 1271 est
1410 1217 1637 1271 medium
1664 1255 1677 1277 ,
1709 1216 1865 1268 uimi-

282 1327 402 1367 rum
437 1312 689 1382 gaudere.
736 1312 860 1366 Ideo
900 1326 1006 1365 non
1037 1310 1347 1379 simpliciter
1385 1308 1618 1376 gaudere
1665 1306 1865 1374 jussit,

284 1403 381 1454 sed
408 1403 461 1455 in
489 1403 712 1456 Domino
735 1401 968 1470 gaudere
991 1399 1224 1471 (Philip.
1259 1400 1312 1453 4.
1342 1399 1376 1453 4
1395 1397 1436 1469 ).
1467 1397 1571 1452 Sed
1603 1398 1731 1448 satis
1755 1395 1865 1463 jam

284 1508 591 1547 sermonem
627 1492 769 1547 hunc
810 1490 878 1546 de
925 1492 1090 1545 rebus
1124 1490 1313 1546 mediis
1358 1488 1789 1549 euucleavimus,
1822 1484 1866 1537 si

283 1583 499 1652 quidem
520 1592 750 1637 attentos
774 1583 909 1638 nacti
934 1583 1190 1637 fuerimus
1211 1582 1482 1636 auditores
1505 1598 1519 1644 ;
1547 1586 1711 1633 restat
1729 1587 1784 1631 ut
1801 1575 1867 1629 ad

284 1691 353 1730 ea
374 1676 789 1745 progrediamur,
812 1691 930 1743 qua:
956 1689 1062 1728 non
1086 1684 1211 1728 sunt
1235 1673 1427 1735 media,
1454 1673 1523 1728 ad
1566 1671 1724 1733 bona,
1751 1683 1868 1737 quae

285 1769 401 1822 fieri
431 1768 565 1821 mala
595 1784 699 1822 non
731 1774 992 1836 possunt,
1022 1774 1077 1820 et
1105 1765 1171 1819 ad
1210 1763 1346 1817 mala
1372 1802 1387 1826 ,
1418 1776 1534 1830 qua:
1578 1773 1868 1828 numquam

286 1858 400 1912 fieri
427 1870 643 1928 possunt
664 1860 820 1913 bona.
844 1857 977 1913 Nam
998 1872 1061 1911 ea
1083 1856 1296 1925 quidem
1314 1868 1431 1924 quae
1455 1852 1685 1906 diximus
1709 1850 1867 1903 modo

285 1952 410 2013 hoc,
440 1952 598 2003 modo
634 1950 759 2003 illud
807 1949 938 2003 ﬁunt
960 1990 975 2017 ,
1007 1947 1451 2019 quemadmodum
1481 1944 1677 2000 divitia:
1709 1942 1869 1997 modo

285 2041 485 2093 malum
511 2050 655 2103 sunt,
676 2055 797 2095 cum
818 2040 883 2094 ad
904 2040 1077 2094 aliena
1102 2039 1238 2093 bona
1267 2037 1565 2107 usurpanda
1595 2039 1870 2091 insumun-

286 2140 376 2185 tur
406 2149 421 2198 ;
449 2131 606 2185 modo
634 2131 829 2185 bonum
856 2173 871 2197 ,
904 2146 1024 2185 cum
1054 2132 1105 2185 in
1132 2132 1525 2201 eleemosynam
1552 2127 1865 2197 expendun-

287 2234 394 2288 tur,
424 2232 477 2278 et
502 2224 601 2278 alia
631 2223 929 2293 hujusmodi
957 2222 1254 2278 secundum
1281 2224 1417 2276 hanc
1444 2222 1697 2289 regulam.
1730 2218 1867 2270 Sunt

284 2326 468 2371 autem
498 2317 747 2370 nonnulla
768 2359 782 2383 ,
811 2332 929 2383 qua:
968 2331 1255 2386 numquam
1290 2315 1403 2368 fieri
1432 2323 1654 2384 possunt
1684 2312 1818 2365 mala
1852 2328 1864 2363 :

282 2423 407 2477 qum
436 2424 560 2462 vero
586 2417 709 2461 sunt
738 2408 818 2462 his
845 2408 1144 2474 contraria,
1172 2422 1387 2477 semper
1414 2407 1552 2460 mala
1582 2414 1737 2467 sunt,
1772 2419 1869 2458 nec

286 2514 538 2567 umquam
562 2498 675 2553 fieri
703 2499 839 2554 bona
864 2508 1118 2569 possunt:
1140 2497 1436 2567 cujusmodi
1461 2505 1584 2550 sunt
1606 2498 1865 2564 impietas,

284 2592 637 2660 blasphemia,
666 2591 900 2653 lascivia,
932 2591 1244 2653 crudelitas,
1278 2589 1659 2653 inhumanitas,
1692 2587 1865 2656 inglu-

285 2683 401 2735 vies
414 2722 430 2742 ,
462 2692 513 2735 et
537 2682 636 2736 alia
662 2681 942 2750 ejusmodi.

364 2772 483 2824 Tria
501 2789 682 2842 genera
700 2790 865 2827 rerum
891 2773 1091 2837 :bonw,
1118 2774 1285 2840 malta,
1315 2772 1507 2825 medice.
1525 2768 1724 2822 -—Non
1751 2766 1871 2820 dico

286 2863 492 2917 malum
513 2864 777 2919 hominem
801 2880 1092 2933 numquam
1121 2864 1231 2918 fleri
1261 2878 1420 2932 posse
1446 2863 1663 2923 bonum,
1696 2872 1871 2927 neque

285 2957 490 3010 bonum
533 2954 646 3010 ﬁeri
688 2955 885 3010 malum
935 2956 1077 3009 haud
1120 2969 1371 3023 umquam
1414 2966 1608 3021 posse:
1644 2950 1738 3004 sed
1784 2964 1871 3003 res

286 3050 436 3118 ipsas
464 3049 575 3104 fieri
603 3050 734 3103 tales
768 3063 873 3103 non
917 3062 1093 3118 posse.
1126 3045 1410 3101 Enimvero
1440 3044 1520 3097 ha:
1552 3044 1604 3098 in
1632 3056 1728 3097 suo
1756 3056 1871 3094 ma-

290 3151 483 3196 nentes
516 3140 725 3206 ordine,
771 3140 889 3193 alia:
930 3139 1082 3193 bona:
1124 3146 1249 3191 sunt
1273 3177 1285 3197 ,
1316 3137 1435 3191 ariae
1479 3135 1631 3188 mala:
1664 3151 1676 3187 :
1709 3133 1870 3187 homo

286 3248 424 3287 vero
446 3272 461 3294 ,
502 3231 713 3300 quando
752 3230 841 3285 illa
870 3229 1087 3299 quidem
1113 3226 1336 3296 elegerit
1362 3267 1375 3287 ,
1419 3225 1589 3279 bonus
1614 3266 1629 3289 ,
1660 3221 1871 3292 quando

288 3338 423 3377 vero
448 3323 731 3388 contraria,
759 3323 927 3375 malus
950 3320 1073 3376 erit.
1097 3318 1258 3389 Igitur
1286 3327 1395 3371 tres
1425 3326 1548 3371 sunt
1578 3316 1665 3369 isti
1692 3329 1873 3368 rerum

288 3413 507 3467 ordines
538 3430 552 3466 :
586 3412 723 3466 bona
749 3412 962 3480 quidem
996 3423 1283 3478 numquam
1313 3408 1425 3461 fieri
1459 3413 1683 3474 possunt
1710 3404 1871 3466 mala,

287 3503 587 3573 cujusmodi
614 3511 739 3557 sunt
766 3501 1134 3569 temperantia,
1169 3501 1531 3567 eleemosyna,
1562 3504 1615 3548 et
1642 3493 1834 3547 similia
1858 3510 1870 3545 :

290 3594 433 3647 mala
461 3608 585 3646 vero
613 3606 899 3660 numquam
932 3589 1046 3643 fieri
1080 3595 1302 3657 possunt
1332 3588 1467 3640 bona
1491 3627 1503 3645 .
1535 3593 1591 3637 ut
1619 3584 1827 3636 lascivia
1856 3621 1869 3643 ,

291 3684 651 3738 inhumanitas
678 3691 731 3736 et
753 3681 1045 3737 crudelitas
1073 3696 1086 3732 :
1118 3678 1362 3749 qumtlam
1388 3687 1563 3732 autem
1590 3675 1873 3743 aliquando

292 3776 399 3829 hoc
421 3814 437 3839 ,
468 3774 751 3842 aliquando
781 3772 907 3827 illud
943 3772 1075 3825 tiuut
1104 3786 1199 3840 pro
1230 3769 1439 3823 ratione
1469 3768 1632 3821 animi
1663 3776 1716 3819 et
1745 3764 1869 3818 ail‘e.

290 3878 411 3922 ctus
436 3882 617 3922 eorum
648 3909 661 3929 ,
705 3866 793 3936 qui
838 3866 917 3920 eis
945 3872 1183 3918 utuntur.
1232 3862 1434 3916 Divitim
1476 3873 1872 3926 nonnumquam

292 3961 361 4014 ad
390 3962 558 4014 aliena
590 3959 726 4013 bona
763 3956 1063 4012 invadenda
1108 3957 1433 4018 inserviunt,
1476 3964 1872 4019 nonnumquam

292 4053 362 4105 ad
385 4051 777 4121 eleemosyuam
801 4047 1203 4118 impertiendam
1223 4064 1235 4099 :
1255 4062 1439 4100 verum
1465 4045 1514 4099 id
1535 4044 1590 4096 ﬁt
1609 4060 1669 4097 ex
1697 4044 1875 4095 animo

291 4154 352 4199 et
367 4143 554 4197 affectu
580 4143 717 4210 ejus,
734 4143 822 4211 qui
851 4140 928 4195 eis
956 4140 1139 4194 utitur.
1164 4139 1452 4207 Paupertas
1477 4149 1871 4203 nonnumquam

290 4235 361 4289 ad
393 4234 772 4304 blasphemiam
792 4274 806 4295 ,
832 4246 1227 4299 nonnumquam
1260 4228 1323 4281 ad
1355 4227 1780 4282 benedictionem
1812 4238 1874 4277 ac

295 4327 684 4396 philosophiam
719 4326 956 4378 inservit.
988 4323 1116 4389 Quia
1149 4322 1309 4389 igitur
1334 4318 1728 4388 insipientiores
1771 4330 1872 4369 non

296 4420 447 4489 pauci
476 4419 616 4490 (jam
654 4416 795 4468 enim
823 4414 889 4466 ad
921 4413 1245 4467 solutionem
1272 4409 1587 4463 veniendum
1616 4416 1697 4461 est
1724 4406 1741 4474 )
1768 4421 1873 4457 non

294 4509 467 4563 solum
496 4507 627 4559 mala
650 4547 666 4569 ,
696 4520 812 4571 quae
841 4517 1131 4572 numquam
1174 4500 1311 4553 bona
1347 4499 1458 4552 fieti
1488 4504 1712 4565 possunt
1738 4537 1753 4555 ,
1783 4495 1875 4548 sed

294 4601 457 4654 etiam
484 4614 548 4651 ex
576 4597 641 4651 iis
668 4610 784 4664 quae
812 4594 982 4648 media
1012 4601 1174 4657 sunt,
1206 4591 1455 4645 nonnulla
1486 4599 1675 4641 vocant
1703 4586 1838 4639 mala
1860 4627 1873 4651 ,

295 4698 357 4743 ut
385 4695 746 4757 paupertatem
766 4726 782 4749 ,
813 4683 1175 4752 captivitatem
1202 4723 1217 4745 ,
1249 4683 1557 4734 servitutem
1581 4720 1595 4744 ,
1626 4694 1743 4747 qum
1771 4693 1874 4730 non

296 4784 439 4837 inter
465 4780 598 4833 mala
618 4820 633 4843 ,
660 4778 753 4832 sed
780 4778 917 4831 inter
946 4775 1133 4837 media,
1148 4789 1269 4828 esse
1301 4772 1621 4825 numeranda
1651 4772 1875 4823 deumn-

294 4870 581 4927 stravimus
611 4887 624 4923 :
656 4868 803 4922 multi
836 4881 963 4921 vero
985 4908 997 4930 ,
1033 4876 1089 4919 ut
1118 4874 1240 4918 ante
1268 4864 1373 4915 dixi
1404 4902 1419 4924 ,
1466 4862 1580 4915 hmc
1609 4862 1879 4929 appellant

299 4964 437 5017 mala
463 4977 582 5031 qua:
608 4960 743 5013 mala
774 4974 876 5012 non
908 4964 1033 5011 sunt
1062 4978 1074 5009 :
1104 4955 1169 5009 de
1197 4955 1311 5007 i5tis
1338 4954 1571 5021 loquitttr
1596 4952 1875 5021 propheta,

296 5069 419 5123 qua
456 5052 743 5108 sccuudum
774 5050 909 5119 vulgi
937 5048 1383 5103 existimationem
1428 5046 1564 5097 mala
1598 5054 1875 5109 vocantur,

300 5159 407 5197 non
440 5157 622 5197 revera
652 5152 775 5193 sunt
806 5141 941 5193 mala
974 5157 986 5193 :
1021 5138 1089 5192 de
1114 5138 1421 5205 captivitate
1446 5176 1459 5199 ,
1491 5135 1557 5189 de
1588 5136 1839 5189 servitute
1862 5176 1876 5199 ,

294 5235 370 5291 de
394 5234 534 5288 fame
559 5242 615 5287 ct
636 5233 750 5285 aliis
781 5230 1061 5300 ejusmodi.
1096 5229 1246 5297 Quod
1276 5229 1416 5282 enim
1446 5227 1560 5281 lucc
1590 5244 1693 5280 non
1724 5227 1880 5280 modo

300 5326 443 5379 mala
480 5339 584 5378 non
612 5324 719 5376 sint
745 5363 759 5385 ,
805 5322 897 5376 sed
938 5323 1098 5375 etiam
1139 5322 1203 5373 ad
1247 5319 1382 5371 mala
1427 5317 1738 5386 depellenda
1777 5317 1882 5369 sint

302 5416 464 5480 usui,
510 5415 736 5484 primum
776 5413 826 5467 in
867 5413 1096 5466 medium
1140 5412 1339 5479 prolata
1386 5408 1521 5461 fame
1549 5408 1835 5460 doceamus
1862 5446 1877 5471 ,

302 5523 424 5579 qua
470 5504 743 5561 tremenda
794 5505 1037 5558 omnibus
1091 5516 1153 5555 ac
1195 5499 1447 5554 terribilis
1491 5497 1698 5551 videtur
1738 5510 1878 5549 esse.

305 5600 457 5653 Disce
484 5599 660 5666 igitur,
689 5610 793 5666 quo
822 5606 971 5662 pacto
999 5593 1133 5647 mala
1162 5609 1265 5647 non
1309 5593 1417 5655 sit,
1459 5598 1513 5645 et
1554 5589 1620 5643 ad
1653 5588 1884 5656 philoso-

304 5688 575 5761 phandum
625 5687 906 5741 instruere.
959 5682 1092 5739 Cum
1144 5682 1367 5753 papulus
1422 5681 1764 5733 Hehneorum
1819 5676 1882 5730 ad

302 5796 564 5839 summam
585 5778 972 5849 improbitatem
996 5777 1315 5842 devenisset,
1343 5784 1451 5828 tum
1474 5787 1691 5843 magnus
1717 5770 1880 5836 Elias,

918 382 981 438 ΙΝ
1020 381 1221 439 ILLUD
1260 380 1484 440 lSAlE.
1526 381 1663 435 EGU
1703 375 2001 433 DOMINUS
2042 376 2217 432 DEUS
2254 373 2406 432 FECI
2445 371 2700 440 LUMEN,
2742 371 2895 429 ETC.

3428 380 3541 436 150

1974 493 2028 538 et
2047 486 2175 538 cmlo
2198 484 2409 555 dignus,
2435 499 2555 539 cum
2579 483 2740 538 vellet
2766 480 3023 536 socordiae
3044 481 3285 536 morbum
3309 482 3541 548 auferre,

1973 592 2199 646 eumque
2225 576 2489 644 corrigere
2507 617 2521 641 ,
2546 575 2739 645 adjecit
2764 574 2948 629 dicens
2972 591 2985 627 :
3021 571 3145 627 Vivit
3178 574 3439 641 Dominus,
3463 578 3548 631 cui

1972 672 2142 723 adstiti
2169 687 2337 723 coram
2362 686 2419 724 eo
2439 710 2455 735 ,
2490 674 2533 721 si
2573 670 2665 723 erit
2694 669 2861 735 pluvia
2884 707 2901 734 ,
2940 666 3035 720 nisi
3062 681 3153 735 per
3179 682 3233 720 os
3268 684 3428 720 meum
3450 667 3542 739 (5.

1973 761 2099 830 Reg.
2135 762 2216 814 i7.
2251 763 2268 813 l
2300 761 2317 830 )
2351 778 2365 813 :
2396 771 2449 812 et
2488 758 2575 826 qui
2608 759 2837 811 meloten
2879 757 3042 811 solam
3079 756 3407 826 possidebat,
3438 772 3543 811 οω-

1973 851 2083 906 lum
2117 852 2305 905 clausit
2330 891 2344 913 ,
2385 858 2527 903 tanta
2568 848 2708 918 apud
2754 849 2916 902 Deum
2957 847 3123 917 gratia
3170 847 3353 901 valuit.
3382 846 3546 902 Vides

1975 951 2333 1010 paupertatem
2362 941 2556 994 malum
2585 954 2688 992 non
2715 938 2875 993 esse?
2905 937 3016 991 Non
3043 939 3183 992 enim
3211 947 3352 990 tanta
3375 937 3542 1006 gratia

1972 1032 2224 1085 valuisset
2253 1032 2553 1085 mortalium
2585 1037 2895 1083 cunctorum
2930 1028 3312 1097 pauperrimus,
3342 1035 3400 1079 ut
3423 1041 3543 1080 cum

1974 1126 2024 1178 in
2056 1123 2211 1178 terris
2240 1132 2563 1185 versaretur,
2597 1129 2797 1174 tantam
2830 1120 3076 1173 virtutem
3106 1134 3210 1171 uno
3239 1118 3352 1172 solo
3380 1116 3545 1171 verbo

1974 1232 2081 1285 prce
2107 1232 2165 1268 se
2189 1214 2368 1270 ferret.
2390 1214 2502 1269 Hoc
2519 1228 2645 1283 ergo
2664 1212 2808 1267 dicto
2828 1211 3019 1265 famem
3042 1209 3259 1263 immisit
3281 1220 3542 1277 tamquam

1973 1308 2230 1375 Optimum
2275 1304 2617 1375 p:edagogum
2642 1344 2657 1369 ,
2690 1314 2743 1356 et
2778 1302 3038 1355 malorum
3083 1314 3200 1367 qua:
3242 1298 3547 1353 acciderant

1973 1397 2369 1450 emendatorem
2402 1413 2414 1447 :
2447 1404 2608 1464 atque
2634 1402 2692 1447 ut
2721 1394 2779 1446 fit
2814 1406 2933 1446 cum
2975 1389 3264 1444 vehemens
3302 1388 3543 1457 quaedam

1974 1487 2133 1540 febris
2160 1501 2351 1555 corpus
2382 1487 2593 1549 invasit,
2628 1499 2776 1538 vente
2807 1485 2935 1552 ipsa
2966 1492 3119 1536 terra:
3143 1481 3542 1545 exarescebant,

1975 1585 2235 1630 torrentes
2263 1575 2603 1638 deficiebant,
2632 1584 2685 1628 et
2715 1573 2912 1634 herbae,
2939 1580 2995 1626 et
3021 1580 3174 1625 terrae.
3204 1572 3403 1624 viscera
3432 1577 3543 1623 ste-

1974 1666 2088 1721 rilia
2122 1666 2328 1735 penitus
2357 1666 2607 1733 deinceps
2633 1672 2806 1717 erant.
2838 1661 3022 1728 Neque
3053 1675 3179 1713 vero
3210 1659 3548 1712 mediocriter

1973 1756 2023 1811 id
2057 1757 2247 1825 pepulo
2287 1756 2383 1811 fuit
2425 1755 2551 1809 utile
2575 1794 2591 1819 ,
2627 1768 2749 1807 cum
2779 1764 3054 1821 repressus
3095 1750 3317 1817 impetus
3347 1748 3543 1809 fuerit,

1973 1864 2078 1919 quo
2101 1849 2166 1903 ad
2194 1849 2522 1919 iniquitatem
2546 1845 2834 1910 ferebatur,
2857 1851 2911 1898 et
2930 1843 3212 1911 castigatus
3234 1840 3545 1895 modestior-

1971 1956 2076 2011 que
2106 1941 2173 1994 sit
2205 1940 2388 2001 factus,
2421 1946 2474 1992 et
2502 1936 2568 1991 ad
2594 1932 3065 2003 obtemperandum
3094 1930 3361 2000 propheta:
3393 1944 3540 1983 man-

1972 2034 2191 2087 suetior.
2239 2031 2371 2085 Nam
2411 2030 2503 2099 qui
2546 2028 2611 2084 ad
2659 2026 2796 2081 idola
2834 2024 3156 2084 currebant,
3187 2031 3240 2075 et
3267 2019 3543 2074 daemoniis

1972 2123 2109 2178 ﬁlios
2139 2138 2264 2177 suos
2285 2120 2606 2182 mactabant,
2632 2117 2686 2171 hi
2710 2123 2787 2170 tot
2805 2114 2995 2169 occisis
3012 2109 3374 2166 sacerdotibus
3398 2108 3543 2171 Baal,

1974 2231 2078 2270 non
2109 2212 2360 2282 indignati
2392 2219 2535 2275 sunt,
2564 2224 2668 2262 non
2698 2205 3060 2269 indolueruut,
3091 2201 3185 2255 sed
3209 2198 3361 2253 famis
3386 2213 3548 2267 Opera

1972 2306 2163 2362 redditi
2195 2304 2443 2358 meliores
2464 2342 2479 2368 ,
2520 2308 2756 2355 tacentes
2789 2310 2851 2350 ac
2875 2301 3018 2349 metu
3047 2290 3276 2361 correpti
3312 2303 3422 2344 rem
3452 2302 3547 2358 pa-

1976 2399 2167 2452 tienter
2198 2395 2452 2448 tulerunt.

2045 2490 2096 2543 6.
2145 2487 2302 2541 Vides
2352 2500 2456 2539 non
2502 2481 2659 2536 modo
2687 2480 2881 2534 malum
2927 2493 3028 2532 non
3058 2490 3176 2532 esse
3210 2474 3421 2540 famem,
3444 2472 3539 2527 sed

1973 2580 2036 2634 ad
2069 2579 2203 2632 mala
2231 2578 2387 2631 etiam
2420 2572 2649 2628 tollenda
2674 2570 3008 2641 prodesse,et
3031 2567 3093 2620 ad
3116 2564 3372 2620 sanandas
3389 2563 3548 2634 agri.

1976 2671 2183 2725 tudines
2214 2666 2434 2721 remedii
2462 2665 2638 2718 locum
2655 2660 2931 2715 obtinere?
2955 2658 3104 2725 Quod
3125 2657 3169 2711 si
3190 2653 3545 2723 captivitatem

1975 2763 2140 2828 ipsam
2172 2758 2329 2812 etiam
2362 2755 2540 2808 videre
2560 2752 2691 2806 velis
2714 2751 2906 2803 malum
2938 2764 3040 2801 non
3070 2760 3208 2809 esse,
3235 2743 3403 2812 cogita
3419 2756 3551 2812 qua-

1975 2852 2051 2904 les
2072 2860 2192 2903 ante
2212 2848 2567 2915 captivitatem
2590 2850 2770 2897 essent
2790 2840 2977 2902 Judaei,
3005 2848 3058 2891 et
3086 2836 3265 2907 quales
3296 2836 3345 2888 in
3376 2834 3546 2905 capti-

1976 2940 2155 2998 vitate.
2184 2947 2239 2990 ut
2266 2935 2529 3003 intelligas
2560 2946 2731 2999 neque
2750 2929 3043 2982 libertatem
3064 2926 3306 2980 absolute
3326 2924 3545 2989 bonum,

1977 3044 2147 3097 neque
2178 3026 2530 3095 eiptivitatem
2557 3021 2751 3075 malum
2780 3032 2917 3072 esse.
2938 3014 3159 3084 Quando
3175 3015 3313 3069 enim
3337 3014 3549 3068 liberta-

1980 3132 2029 3176 te
2057 3121 2366 3175 fruebantur
2385 3157 2399 3179 ,
2422 3124 2476 3169 et
2505 3114 2555 3167 in
2587 3112 2752 3182 patria
2779 3125 2873 3165 sua
2898 3108 3182 3177 degebant,
3207 3108 3275 3159 ita
3309 3121 3367 3159 se
3390 3119 3545 3174 gere-

1976 3213 2120 3275 bant,
2153 3219 2207 3262 ut
2233 3206 2453 3276 singulis
2479 3204 2663 3259 diebus
2702 3202 2960 3255 adversus
2988 3200 3105 3253 illos
3132 3196 3549 3251 vociferarentur

1976 3302 2279 3370 prophetm,
2329 3299 2451 3352 dum
2498 3297 2646 3364 leges
2687 3293 3144 3354 conculcarentur,
3199 3287 3549 3341 adorarentur

1978 3395 2136 3456 idola,
2168 3400 2222 3445 et
2252 3392 2337 3444 Dei
2377 3389 2624 3443 mandata
2649 3386 2972 3439 violarentur
3000 3399 3013 3435 :
3048 3390 3322 3450 postquam
3370 3388 3546 3433 autem

1977 3486 2029 3539 in
2050 3486 2272 3537 alienam
2302 3481 2465 3537 delati
2496 3489 2618 3533 sunt
2648 3488 2839 3531 terram
2868 3518 2882 3541 ,
2914 3484 2967 3529 et
3004 3474 3055 3529 in
3083 3473 3427 3529 barbarorum
3462 3486 3549 3527 re-

1976 3578 2133 3645 gione
2164 3573 2394 3638 versati,
2426 3572 2503 3625 sic
2531 3569 2768 3640 depressi
2797 3576 2917 3621 sunt
2942 3608 2955 3631 ,
2980 3580 3042 3619 ac
3076 3565 3323 3619 meliores
3358 3577 3547 3618 evase-

1976 3676 2118 3729 runt,
2148 3665 2424 3733 legemque
2451 3668 2763 3723 servarunt,
2793 3667 2851 3713 ut
2890 3672 2953 3713 ex
2998 3657 3111 3725 ipso
3138 3657 3346 3722 psalmo
3372 3655 3547 3725 colligi

1979 3766 2171 3826 putcst,
2202 3770 2358 3824 quem
2401 3767 2579 3823 operte
2609 3751 2833 3820 pretium
2864 3757 2943 3801 est
2969 3746 3225 3800 hodierno
3245 3746 3327 3798 die
3357 3747 3407 3799 in
3430 3760 3546 3798 me-

1978 3852 2121 3904 dium
2144 3850 2353 3910 afferre,
2383 3856 2441 3899 ut
2464 3861 2530 3899 ex
2557 3858 2620 3897 eo
2635 3840 2952 3911 captivitatis
2977 3836 3204 3891 fructum
3226 3836 3544 3903 agnoscatis.

1978 3942 2105 4009 Quis
2146 3941 2228 3992 ille
2258 3951 2413 4007 porro
2447 3935 2680 3998 psalmus
2707 3931 2821 3986 est?
2843 3928 3010 3997 Super
3038 3928 3248 3996 fiumina
3277 3925 3546 3995 Babylonis

1978 4033 2080 4085 illic
2105 4031 2341 4092 sedimus,
2370 4036 2414 4079 et
2452 4023 2698 4094 ﬂeuimus,
2731 4022 2851 4073 dum
2892 4018 3264 4071 recordaremur
3290 4014 3435 4069 Sion.
3479 4013 3547 4066 In

1979 4122 2208 4176 salicibus
2235 4120 2286 4170 in
2312 4115 2473 4168 medio
2495 4115 2603 4182 ejus
2621 4109 2966 4179 suspendimus
2983 4122 3170 4175 organa
3191 4114 3377 4157 nostra.
3404 4102 3548 4168 Quo-

1980 4216 2111 4267 niam
2157 4211 2258 4263 illic
2287 4210 2715 4273 interrogaverunt
2763 4216 2870 4260 nos,
2904 4199 2986 4266 qui
3034 4198 3253 4263 captivos
3301 4195 3548 4248 duxerunt

1980 4323 2087 4367 nos,
2117 4303 2261 4355 verba
2278 4299 2586 4355 cantionum,
2620 4293 2837 4345 dicentes
2865 4288 3105 4342 :Cantale
3134 4286 3269 4338 nobis
3296 4287 3356 4338 de
3382 4286 3543 4337 canti.

1978 4398 2047 4449 cis
2080 4394 2223 4448 Sion.
2252 4387 2513 4454 Quomodo
2539 4383 2845 4438 cantabimus
2868 4380 3113 4432 canticum
3131 4377 3395 4430 Domiuiin
3416 4385 3547 4429 terra

1980 4485 2143 4538 aliena
2192 4479 2357 4553 (Psal.
2388 4477 2509 4532 156.
2542 4476 2564 4529 1
2592 4474 2713 4544 -4).
2764 4471 2922 4525 Vides
2949 4477 3006 4523 ut
3050 4469 3190 4536 ipsos
3228 4467 3549 4536 depresserit

1980 4575 2273 4643 captivitas.
2303 4570 2432 4623 Nam
2455 4575 2577 4621 ante
2610 4565 2748 4618 illam
2790 4558 2999 4629 quidem
3031 4557 3311 4625 prophetas
3338 4571 3441 4608 non
3476 4556 3549 4607 fe-

1982 4671 2199 4730 rebant,
2228 4681 2255 4717 a
2291 4663 2477 4731 quibus
2503 4655 2940 4714 admonebantur,
2976 4659 3032 4702 ut
3070 4663 3135 4701 ne
3166 4649 3332 4713 legem
3377 4656 3549 4698 trans-

1980 4760 2325 4830 grederentur
2370 4769 2382 4805 :
2429 4758 2549 4819 post
2609 4748 2749 4800 illam
2807 4750 2979 4795 autem
3029 4740 3185 4792 etiam
3236 4735 3549 4789 instantibus

1982 4826 2240 4909 barbaris,
2275 4854 2326 4897 et
2350 4840 2579 4896 dominis
2609 4833 2915 4905 cogentibus
2942 4840 3097 4898 atque
3128 4826 3465 4897 urgentibus,
3494 4835 3551 4879 ut

1982 4958 2096 4995 eam
2148 4933 2665 5003 transgrederentur,
2714 4924 2928 4977 minime
2979 4918 3259 4988 parebant,
3289 4915 3379 4969 sed
3408 4914 3551 4968 dice-

1982 5036 2108 5090 bant
2136 5050 2147 5084 :
2181 5030 2295 5084 Non
2315 5022 2641 5079 cantabimus
2669 5016 2927 5071 canticum
2956 5010 3156 5064 Domini
3189 5007 3237 5059 in
3262 5015 3396 5059 terra
3424 5004 3551 5057 alic-

1985 5142 2069 5190 na,
2098 5121 2343 5193 quoniam
2374 5116 2422 5168 id
2454 5116 2534 5167 lex
2569 5126 2670 5164 non
2706 5102 3060 5176 permittebat.
3117 5098 3247 5151 Vide
3284 5106 3458 5150 autem
3502 5103 3554 5147 et

1986 5188 2091 5271 tres
2115 5188 2340 5285 pueros,
2369 5208 2455 5277 qui
2490 5220 2593 5258 non
2639 5201 2808 5254 solum
2854 5213 2879 5249 a
2930 5194 3228 5262 captivitate
3284 5188 3393 5241 Μιξδί
3448 5203 3551 5238 non

1984 5318 2139 5372 sunt,
2168 5303 2261 5359 sed
2289 5304 2443 5356 etiam
2462 5298 2575 5365 ejus
2596 5307 2752 5362 opera
2784 5288 3096 5343 illustriores
3125 5289 3435 5342 evaserunt;
3464 5292 3552 5330 eo~

1986 5365 2210 5467 demque
2231 5394 2385 5447 modo
2414 5388 2705 5443 Danielem.
2731 5380 2865 5448 Quid
2892 5392 3015 5432 vero
3036 5372 3227 5443 Ioseph
3245 5372 3267 5425 ?
3288 5369 3410 5440 quid
3432 5365 3554 5467 mali

1984 5458 2170 5563 passus
2199 5496 2297 5551 est,
2326 5498 2445 5536 cum
2480 5488 2533 5534 et
2560 5474 2896 5547 peregrinus.
2920 5479 2973 5523 et
3001 5480 3185 5522 servus
3209 5506 3222 5530 ,
3244 5473 3295 5518 et
3318 5458 3562 5528 captivus

1988 5558 2065 5637 est
2096 5578 2290 5634 factus?
2317 5588 2491 5629 nonne
2514 5568 2617 5623 hoc
2644 5580 2801 5620 unum
2835 5563 2909 5616 illi
2932 5558 3264 5630 splendorem
3287 5565 3551 5619 compara-

1987 5672 2101 5726 vit?
2131 5668 2264 5737 Quid
2298 5678 2424 5719 vero
2463 5658 2654 5714 mulier
2690 5654 2776 5708 illa
2803 5650 3023 5705 barbara
3045 5689 3060 5713 ,
3089 5662 3202 5716 qua:
3253 5646 3300 5696 in
3349 5640 3553 5708 opibus,

1996 5733 2265 5837 superbia,
2296 5768 2351 5814 et
2378 5754 2622 5812 libertate
2651 5745 2893 5819 degebat,
2924 5742 3041 5797 inde
3070 5740 3263 5794 lucrata
3284 5733 3399 5789 est?
3432 5748 3561 5785 IlOil-
