4064 6214
550 352 656 408 151

537 465 604 504 ne
634 447 870 502 omnium
893 446 988 502 fuit
1017 446 1335 510 miserrima,
1360 453 1640 515 postquam
1664 441 1798 506 istis,
1833 447 1890 495 ut
1908 449 2120 510 oporte-

540 541 653 606 bat,
679 539 754 594 uti
781 538 988 594 noluit?
1017 538 1141 593 Haec
1166 537 1324 608 igitur
1348 535 1674 592 evidentera
1702 534 1855 588 nobis
1882 540 2005 586 sunt
2025 529 2119 585 de-

536 637 851 694 monstrata,
870 644 1112 700 quasnam
1130 627 1238 682 sint
1257 627 1414 692 maia,
1436 640 1680 697 quaenam
1697 625 1854 688 bona,
1878 636 2121 693 qumnam

537 721 732 788 media,
757 729 812 776 et
844 721 910 777 de
933 720 1125 775 mediis
1145 719 1289 789 loqui
1315 719 1786 789 prophetam,qu:e
1810 716 1982 785 reipsa
2010 727 2124 765 ma-

534 810 582 865 la
613 826 716 865 non
743 819 886 877 sunt,
919 809 1013 865 sed
1040 810 1196 880 vulgo
1225 808 1363 863 mala
1389 807 1660 873 videntur,
1700 803 1766 860 de
1795 803 2120 873 captivitate,

532 906 823 964 servitute,
873 899 1215 954 abductione.
1263 899 1433 967 Quam
1475 911 1604 952 vero
1645 896 1713 950 ob
1749 909 1966 950 causam
2005 892 2121 948 bare

537 992 679 1047 dicta
707 991 833 1055 sint,
866 1005 1043 1060 operae
1077 991 1303 1060 pretium
1335 988 1493 1045 fuerit
1520 1001 1662 1041 nunc
1690 985 1904 1040 docere.

615 1081 886 1153 Propheta:
933 1098 1023 1135 cur
1069 1083 1228 1135 missi.
1266 1111 1339 1122 —
1375 1080 1642 1146 Benignus
1670 1092 1790 1131 cum
1838 1076 1907 1130 sit
1956 1074 2117 1142 Deus,

534 1183 588 1227 et
614 1173 679 1227 ad
709 1172 1068 1228 miserandum
1099 1181 1396 1243 proruptus,
1427 1172 1492 1224 ad
1538 1167 1898 1239 castigandum
1930 1182 1993 1222 ac
2020 1182 2120 1236 pu-

535 1267 786 1321 niendum
815 1276 1094 1321 cunctator
1137 1273 1191 1320 et
1229 1264 1447 1329 tardus,
1495 1278 1561 1316 ne
1591 1262 1803 1316 Judaeos
1848 1260 2121 1330 suppliciis

535 1360 814 1416 mulctarct
840 1402 854 1424 ,
887 1359 1171 1428 prophetas
1212 1358 1373 1420 misit,
1418 1367 1474 1411 ut
1513 1357 1689 1411 verbis
1727 1370 1819 1410 eos
1872 1363 2117 1421 terreret,

533 1468 704 1523 neque
744 1452 907 1508 rebus
955 1453 1082 1521 ipsis
1120 1451 1335 1522 puniret
1367 1467 1380 1502 :
1426 1449 1568 1520 quod
1595 1458 1648 1504 et
1695 1463 1819 1519 erga
1861 1447 2120 1502 Ninivitas

534 1548 795 1615 prtestitit.
828 1547 960 1602 Nam
990 1555 1043 1601 et
1068 1546 1174 1600 illic
1204 1545 1331 1599 olim
1361 1543 1544 1598 urbem
1583 1558 1641 1599 se
1669 1556 1982 1597 eversurum
2019 1539 2120 1595 mi-

531 1650 686 1693 natus
713 1647 830 1703 est,
860 1654 967 1692 non
1000 1648 1056 1691 ιη
1085 1645 1380 1700 everteret,
1413 1635 1507 1689 sed
1559 1643 1615 1688 ut
1671 1649 1775 1687 non
1829 1641 2117 1701 everteret,

531 1726 673 1795 quod
702 1731 880 1797 utique
909 1727 1150 1797 contigit.
1207 1727 1316 1780 Hoc
1364 1726 1612 1780 nimirum
1649 1733 1702 1779 et
1746 1733 1869 1778 tunc
1909 1723 2117 1793 agebat,

532 1819 818 1888 prophetas
847 1819 1110 1885 mittebat,
1128 1834 1187 1874 ac
1205 1819 1547 1873 barbarorum
1582 1818 1934 1882 incursiones,
1957 1815 2116 1880 bella,

531 1910 864 1977 captivitates
886 1952 903 1978 ,
933 1909 1305 1964 abductionem
1328 1948 1342 1972 ,
1377 1918 1432 1963 et
1456 1911 1508 1963 in
1533 1910 1704 1963 aliena
1731 1908 1949 1978 regione
1968 1919 2118 1961 com-

533 2007 881 2055 morationem
923 2001 1244 2055 minabatur.
1286 2000 1354 2054 Et
1379 1999 1825 2070 quemadmodum
1857 2007 2006 2068 pater
2034 1998 2119 2052 in-

532 2093 774 2164 dulgens,
804 2094 888 2147 cui
914 2093 1052 2147 filius
1077 2103 1160 2148 est
1185 2092 1497 2148 libidinosus
1527 2107 1589 2147 ac
1613 2092 1904 2162 negligens,
1933 2092 1998 2146 ad
2026 2106 2118 2146 sa-

533 2198 652 2236 nam
680 2194 911 2238 mentem
937 2185 1122 2238 volens
1148 2200 1271 2239 eum
1308 2185 1596 2249 reducere,
1641 2183 1843 2254 flagella
1874 2184 2115 2253 requirit,

533 2271 685 2326 funes
715 2274 943 2328 minatur
971 2274 1154 2329 dicens
1187 2292 1199 2326 :
1236 2274 1470 2329 Vinciam
1489 2316 1503 2341 ,
1537 2273 1761 2343 ﬂagellis
1786 2274 2008 2340 caadam,
2037 2275 2118 2327 in-

534 2365 811 2428 terficiam,
846 2366 1008 2435 ﬁtque
1035 2367 1214 2422 verbis
1243 2367 1578 2432 terribilis,ut
1605 2367 1705 2420 hac
1740 2368 1942 2421 ratione
1966 2367 2118 2433 juve-

532 2455 615 2510 nis
643 2455 1031 2526 improbitatem
1060 2465 1364 2526 compescat
1396 2475 1409 2510 :
1438 2458 1506 2510 ita
1541 2457 1789 2510 nimirum
1819 2457 1957 2510 Deus
1989 2471 2119 2511 con-

539 2548 683 2601 tinue
712 2546 1042 2613 minabatur,
1068 2563 1188 2602 cum
1217 2562 1311 2602 eos
1341 2548 1533 2616 injecto
1580 2554 1722 2601 metu
1749 2545 1974 2601 reddere
2005 2561 2120 2600 me-

534 2640 695 2695 liores
723 2640 899 2695 vellet.
931 2640 1055 2694 ﬂare
1078 2655 1308 2696 cernens
1333 2640 1595 2704 diabolus,
1615 2641 1898 2710 volensque
1928 2653 2117 2693 emen-

529 2733 802 2787 dationem
829 2774 844 2798 ,
871 2749 988 2800 quas
1015 2732 1440 2801 consequebatur
1461 2730 1556 2785 bas
1582 2731 1752 2784 minas
1778 2772 1794 2796 ,
1823 2729 2114 2798 impedire,

534 2824 1018 2894 pseudoprophetas
1047 2825 1284 2890 immisit,
1331 2833 1384 2878 et
1409 2823 1681 2894 prophetis
1717 2823 2072 2890 captivitatem
2098 2861 2112 2886 ,

531 2916 864 2982 servitutem,
890 2915 1187 2984 famemque
1215 2916 1560 2979 minantibus,
1596 2915 1667 2968 illi
1704 2914 1988 2980 contraria,
2020 2927 2117 2982 pa-

530 3021 679 3073 cem,
709 3016 863 3060 terrm
895 3006 1217 3060 fertilitatem
1241 3048 1256 3071 ,
1291 3007 1688 3061 innumerorum
1728 3006 1987 3060 bonorum
2021 3021 2117 3061 co-

533 3097 671 3164 piam
727 3095 1098 3163 praedicebant.
1163 3096 1367 3150 Idcirco
1413 3099 1800 3164 exprobrantes
1844 3097 1946 3149 illis
1995 3111 2119 3165 pro-

535 3189 708 3256 pheta:
731 3187 1016 3243 dicebant:
1040 3188 1178 3254 Pax,
1212 3206 1345 3258 pax;
1362 3200 1409 3244 et
1433 3191 1517 3242 ubi
1542 3198 1614 3243 est
1631 3207 1736 3260 pax
1761 3188 1892 3258 (Jer.
1917 3189 1969 3244 6.
2005 3188 2118 3258 μη

533 3279 598 3334 Ει
619 3280 793 3334 sciunt
814 3295 1018 3346 omnes,
1050 3282 1138 3350 qui
1167 3296 1436 3336 sacrarum
1463 3282 1737 3338 literarum
1760 3291 1882 3336 sunt
1912 3280 2118 3336 studio-

530 3369 598 3437 si,
625 3379 814 3426 cuneta
839 3372 1101 3438 evenisse,
1121 3388 1237 3442 quae
1264 3372 1534 3441 prophetae
1553 3372 1911 3442 praedixerant
1930 3372 2119 3427 adver-

532 3476 622 3516 sus
647 3461 1157 3533 pseudOprophetas,
1187 3464 1276 3533 qui
1307 3465 1483 3534 pOpuli
1510 3466 1740 3519 studium
1773 3465 2120 3520 debilitabant

530 3569 593 3607 ac
622 3552 949 3624 frangebant.
981 3555 1241 3622 Quoniam
1258 3557 1416 3626 igitur
1437 3557 1688 3627 pepulum
1711 3559 1777 3612 ita
1801 3559 2115 3612 dissolutum

532 3650 960 3714 corrumpebant,
1022 3662 1115 3717 per
1160 3648 1449 3718 prephetas
1492 3651 1565 3702 ait
1606 3650 1744 3704 Deus
1783 3648 1939 3719 :Ego
1983 3648 2119 3703 Dem

537 3736 724 3804 faciens
747 3753 940 3806 pacem,
970 3750 1016 3791 et
1035 3756 1212 3793 creatis
1239 3740 1374 3792 mata
1397 3740 1549 3809 (Isai.
1579 3742 1665 3795 45.
1686 3741 1760 3810 7).
1785 3741 1848 3795 Et
1875 3756 2117 3811 quasnam

540 3825 716 3878 mala?
743 3826 867 3881 Hmc
919 3844 1036 3897 quas
1070 3843 1486 3886 commemorata
1543 3843 1686 3899 sunt,
1737 3835 2116 3902 captivitatem,

538 3915 838 3971 servitutem
866 3927 916 3971 et
942 3919 1043 3972 alia
1071 3920 1329 3989 ejusmodi
1355 3939 1368 3976 :
1398 3937 1501 3976 non
1531 3921 1935 3978 fornicationem
1967 3935 2020 3980 et
2046 3926 2120 3978 la.

533 4008 771 4072 sciviam,
796 4018 849 4062 ct
875 4011 1169 4076 avaritiam,
1201 4027 1371 4082 neque
1398 4011 1540 4066 aliud
1569 4013 1854 4083 quidquam
1883 4014 2118 4082 ejusmo-

533 4097 606 4152 di.
649 4097 848 4155 Idcirco
879 4103 1035 4156 etiam
1063 4105 1277 4173 quando
1321 4105 1460 4159 alius
1485 4106 1740 4175 propheta
1771 4107 1934 4172 dixit,
1969 4108 2030 4163 Si
2051 4117 2122 4162 est

534 4189 728 4244 malitia
756 4193 807 4245 in
833 4195 1026 4246 civitate
1049 4235 1062 4255 ,
1096 4212 1245 4260 quam
1279 4212 1378 4248 non
1407 4197 1524 4264 fecit
1551 4195 1798 4250 Dominus
1830 4197 1847 4266 (
1879 4199 2031 4251 Amos
2063 4200 2116 4253 5.

535 4280 615 4352 6),
640 4280 776 4336 hanc
813 4282 944 4337 dixit
972 4284 1246 4348 malitiam,
1273 4285 1461 4338 famem
1483 4326 1497 4350 ,
1528 4287 1804 4351 morbum,
1838 4287 2062 4341 inﬂictas
2091 4303 2118 4341 a

539 4375 646 4429 Deo
669 4377 844 4446 plagas
868 4394 882 4429 :
911 4378 987 4431 sic
1016 4389 1068 4431 et
1097 4378 1340 4431 Christus
1365 4395 1485 4432 cum
1513 4380 1658 4445 dicit,
1688 4379 2123 4449 Suﬂ’icitdieima—

539 4470 646 4522 tilia
665 4487 755 4523 sua
782 4470 989 4542 (Matth.
1022 4472 1073 4524 6.
1099 4471 1207 4539 Si),
1239 4472 1462 4525 sudores
1489 4472 1649 4536 dicit,
1673 4473 1909 4528 laborem
1936 4514 1950 4538 ,
1983 4471 2120 4526 afﬂi—

537 4562 790 4615 etionem.

611 4654 661 4708 7.
712 4653 822 4708 Hoc
847 4654 1005 4724 igitur
1033 4655 1159 4709 dicit
1186 4655 1440 4724 propheta
1467 4674 1477 4708 :
1503 4653 1578 4709 Nc
1611 4655 1810 4709 debiles
1840 4669 1901 4709 ac
1931 4656 2116 4710 remis-

541 4762 628 4800 sos
668 4762 762 4801 vos
806 4747 1032 4801 reddant
1075 4750 1586 4818 pseudopropheue;
1637 4748 1774 4801 Deus
1799 4747 1940 4801 enim
1973 4747 2121 4800 vobis

543 4853 723 4903 pacem
764 4838 938 4906 largiri
971 4849 1180 4908 potest,
1219 4851 1270 4894 et
1301 4840 1589 4908 captivitati
1621 4854 1712 4891 vos
1746 4839 1955 4891 tradere
1984 4854 1995 4889 :
2027 4838 2126 4890 hoc

542 4937 641 4993 est,
677 4927 893 4982 Faciens
921 4948 1090 4997 pacem
1113 4973 1126 4995 ,
1156 4942 1200 4984 et
1237 4949 1409 4985 creatis
1438 4933 1590 4983 mala.
1623 4933 1795 4999 Atque
1824 4937 1878 4982 ut
1906 4929 2004 4982 hoc
2033 4943 2125 4982 vc-

542 5038 656 5075 rum
687 5037 808 5075 esse
838 5023 1120 5091 intelligas,
1146 5025 1287 5089 ipsas
1313 5023 1568 5076 dictiones
1597 5021 1892 5074 accuratius
1921 5019 2124 5072 exami-

544 5127 750 5166 nemus.
801 5111 933 5168 Cum
966 5114 1106 5166 enim
1150 5123 1274 5167 ante
1313 5113 1576 5177 dixisset,
1621 5110 1734 5180 Ego
1775 5128 1881 5163 sum
1919 5111 1999 5179 qui
2033 5108 2128 5176 feci

545 5203 702 5257 lucem
719 5215 762 5257 et
780 5205 1023 5270 tenebras,
1045 5216 1167 5258 tunc
1184 5205 1404 5269 addidit,
1426 5204 1637 5257 Faciens
1662 5220 1863 5272 pacem,
1889 5213 1934 5254 ct
1952 5218 2128 5254 creatis

547 5296 698 5348 mala.
732 5296 844 5350 Duo
870 5299 1132 5351 contraria
1157 5314 1314 5366 supra
1344 5299 1536 5366 posuit,
1561 5312 1619 5347 ac
1651 5296 1844 5350 deinde
1870 5296 1975 5349 duo
2001 5310 2130 5348 con-

547 5391 738 5456 traria,
771 5401 826 5444 ut
857 5392 1117 5462 intelligas
1147 5407 1267 5445 eum
1294 5405 1398 5445 non
1430 5391 1494 5444 de
1527 5388 1873 5442 fornicatione
1894 5428 1907 5453 ,
1941 5386 2032 5440 sed
2065 5387 2130 5440 de

549 5483 930 5537 calamitatibus
960 5484 1120 5553 loqui.
1154 5482 1288 5550 Quid
1319 5484 1460 5536 enim
1488 5489 1569 5535 est
1594 5478 1732 5549 quod
1766 5479 1877 5547 paci
1905 5476 2129 5546 opponi-

552 5574 680 5630 tur!
712 5571 925 5630 Clarum
965 5574 1218 5644 estquod
1257 5575 1324 5630 sit
1363 5573 1636 5642 captivitas
1661 5611 1676 5638 ,
1725 5586 1830 5626 non
1872 5568 2084 5623 lascivia
2109 5609 2124 5634 ,

1249 339 1305 390 S.
1345 331 1624 390 JOANNIS
1661 324 2137 386 CHRYSOSTOHI
2175 322 2492 378 ARCBIEP.
2519 320 3058 378 CONSTANTINOP.

3702 339 3814 395 152

2229 450 2403 506 neque
2431 433 2744 500 fornicatio,
2779 450 2953 506 neque
2987 433 3232 489 avaritia.
3277 432 3344 488 Ut
3386 431 3544 503 igitur
3567 438 3810 505 superius

2226 527 2337 582 duo
2362 527 2629 582 contraria
2657 529 2853 596 posuit,
2885 528 2964 583 sic
2991 526 3240 582 nimirum
3264 536 3318 582 et
3348 526 3448 582 hoc
3482 525 3601 583 loco
3629 544 3645 582 :
3674 541 3810 583 eon-

2227 619 2388 673 traria
2419 632 2547 674 vero
2579 620 2695 689 paci
2721 634 2809 675 res
2835 627 2918 675 est
2944 634 3052 676 non
3080 619 3381 686 fornicatio,
3413 635 3584 691 neque
3607 621 3813 677 adulte-

2227 712 2363 765 rium
2385 751 2398 774 ,
2427 725 2600 780 neque
2628 710 2842 765 lascivia
2863 751 2877 774 .
2907 726 3081 783 neque
3110 711 3311 782 reliqua
3337 710 3498 778 vitia;
3525 709 3621 766 sed
3645 712 3812 782 capti-

2225 803 2362 858 vitas
2387 811 2442 858 et
2485 805 2734 859 servitus.
2781 802 2886 860 Sed
2913 805 3052 859 sicut
3085 819 3210 875 erga
3247 804 3510 860 elementa
3535 845 3550 870 ,
3581 803 3661 860 sic
3687 821 3810 876 erga

2226 911 2314 951 res
2341 897 2481 965 ipsas
2510 897 2752 952 homines
2780 895 3102 951 afficiuntur.
3137 897 3376 966 Exempli
3404 911 3565 952 causa
3588 914 3602 951 :
3628 911 3809 965 quem-

2226 989 2511 1042 admodum
2540 987 2665 1043 fecit
2698 989 2869 1045 lucem
2896 998 2952 1044 et
2984 989 3252 1053 tenebras,
3283 999 3337 1044 et
3365 991 3545 1045 multis
3571 1003 3692 1045 esse
3720 989 3811 1060 ju-

2225 1077 2399 1132 cunda
2425 1079 2512 1133 lux
2546 1079 2772 1146 videtur,
2799 1080 3034 1136 tenebras
3060 1095 3189 1135 vero
3216 1080 3485 1147 molestae,
3510 1095 3572 1135 ac
3600 1089 3810 1137 noctem

2225 1172 2436 1240 quidam
2462 1181 2732 1244 tamquam
2760 1173 2951 1228 malam
2978 1182 3233 1228 accusant
3258 1191 3270 1226 :
3299 1173 3379 1230 sic
3406 1174 3653 1230 nimirum
3680 1185 3734 1230 et
3758 1175 3811 1229 in

2224 1265 2388 1320 rebus
2414 1265 2564 1334 ipsis.
2591 1267 2660 1318 At
2689 1281 2860 1336 neque
2887 1280 2990 1320 nox
3016 1274 3099 1320 est
3119 1265 3436 1331 accusanda,
3463 1280 3634 1335 neque
3661 1276 3811 1321 teneo

2224 1357 2356 1423 brae,
2381 1372 2554 1427 neque
2579 1359 2795 1413 omnino
2821 1358 3050 1413 servitus
3075 1366 3129 1412 et
3154 1357 3457 1424 captivitas.
3481 1356 3616 1425 Quid
3643 1357 3809 1424 enim,

2224 1463 2428 1519 quicso,
2457 1447 2579 1502 mali
2612 1447 2807 1502 habent
2833 1447 3108 1502 tenebrae?
3133 1463 3309 1503 nonne
3333 1458 3456 1504 sunt
3485 1463 3514 1500 a
3540 1449 3813 1504 laboribus

2225 1540 2523 1596 relaxatio?
2555 1555 2733 1595 nonne
2780 1539 3026 1595 remissio
3071 1541 3359 1595 curarum?
3389 1555 3564 1596 nonne
3607 1541 3809 1596 doloris

2221 1633 2634 1688 exterminatio?
2662 1649 2837 1687 nonne
2864 1632 3052 1687 virium
3085 1634 3362 1688 accessio?
3387 1634 3538 1699 Quod
3577 1634 3622 1688 si
3658 1641 3808 1689 tcne-

2225 1725 2334 1780 bras
2375 1741 2482 1780 non
2529 1726 2748 1781 fuissent
2788 1735 2843 1780 et
2882 1741 2988 1780 nox
3012 1766 3024 1786 .
3069 1724 3279 1795 quando
3306 1724 3425 1780 luce
3471 1725 3620 1794 potiti
3658 1739 3806 1779 esse-

2223 1818 2383 1872 mus?
2427 1834 2603 1874 nonne
2645 1827 2952 1888 corruptum
3000 1818 3188 1874 fuisset
3226 1826 3384 1888 atque
3428 1817 3806 1886 interemptum

2224 1909 2325 1965 hoc
2363 1910 2560 1965 animal
2601 1910 2805 1964 homo?
2848 1910 2912 1966 Ut
2938 1919 3115 1965 autem
3144 1909 3392 1965 videntur
3429 1907 3642 1978 quidem
3682 1908 3807 1964 insi-

2225 2001 2489 2071 pientibus
2527 2002 2758 2056 tenebrae
2785 2002 2980 2054 malum
3006 2015 3127 2056 esse
3152 1999 3399 2070 quiddam
3422 2041 3438 2067 ,
3469 1999 3678 2055 tametsi
3703 2013 3806 2053 non

2223 2101 2379 2158 sunt,
2413 2108 2593 2147 verum
2640 2092 2705 2146 ad
2737 2092 2904 2161 ipsam
2933 2092 3075 2146 diem
3106 2092 3258 2145 nobis
3298 2100 3421 2147 sunt
3457 2093 3616 2158 usui,
3659 2101 3712 2147 et
3740 2092 3806 2145 ad

2223 2198 2406 2253 Opera,
2429 2199 2546 2253 qua:
2576 2183 2628 2237 in
2656 2184 2765 2251 ipsa
2788 2184 3123 2252 suscipimus,
3148 2183 3324 2252 quiete
3344 2192 3610 2237 recreatos
3631 2181 3808 2238 reddit

2222 2277 2455 2347 aptiores
2482 2293 2496 2330 :
2521 2277 2590 2330 ita
2614 2291 2785 2344 neque
2814 2277 3008 2330 malum
3035 2275 3161 2345 quid
3189 2283 3270 2330 est
3294 2275 3587 2344 captivitas,
3611 2275 3680 2330 de
3705 2288 3806 2343 qua

2220 2367 2520 2423 disserebat
2547 2368 2801 2438 propheta
2832 2384 2950 2422 cum
2987 2368 3227 2433 diceret,
3263 2367 3477 2421 Faciem
3517 2382 3693 2437 pacem
3715 2407 3731 2431 ,
3761 2375 3809 2419 et

2221 2472 2396 2511 creant
2425 2458 2561 2511 mala
2595 2473 2614 2510 :
2648 2457 2740 2513 scd
2780 2473 2866 2513 res
2895 2459 3073 2513 utilior
3097 2467 3181 2513 est
3207 2459 3271 2514 iis
3299 2459 3388 2528 qui
3418 2467 3476 2513 ut
3505 2467 3714 2528 oportet
3740 2471 3803 2512 ea

2222 2549 2421 2606 fuerint
2445 2552 2556 2605 usi:
2580 2551 3020 2621 temperantiores
3045 2560 3222 2604 autem
3249 2566 3311 2604 ac
3332 2550 3690 2606 modestiores
3709 2565 3807 2606 eos

2221 2639 2416 2703 efficit,
2445 2640 2570 2694 dum
2602 2641 2955 2710 arrogantiam
2984 2639 3243 2695 retundit.

2305 2733 2474 2788 Virtus
2504 2751 2604 2787 non
2631 2744 2792 2804 potest
2821 2735 2873 2787 in
2908 2736 3191 2788 smitutem
3219 2733 3399 2804 redigi.
3430 2764 3502 2774 —
3523 2732 3637 2788 Non
3664 2733 3806 2788 enim

2221 2827 2273 2880 in
2304 2829 2612 2881 servitutem
2642 2827 2808 2897 redigi
2850 2834 3023 2894 potest
3049 2827 3216 2882 virtus
3241 2869 3255 2892 ,
3287 2841 3460 2895 neque
3488 2825 3554 2882 ab
3580 2827 3689 2881 ullo
3713 2841 3807 2880 su-

2222 2918 2418 2988 perari,
2449 2933 2553 2972 non
2581 2933 2610 2971 a
2641 2920 2915 2983 servitute,
2944 2934 3048 2972 non
3076 2934 3106 2972 a
3135 2919 3458 2988 captivitate,
3489 2935 3593 2973 non
3624 2935 3652 2973 a
3679 2935 3809 2988 pau-

2223 3019 2428 3078 pertate
2448 3052 2463 3077 ,
2497 3025 2600 3064 non
2631 3010 2698 3063 ab
2729 3011 2841 3074 ipsa
2870 3019 3043 3066 morte
3061 3054 3075 3075 ,
3107 3026 3225 3080 qua:
3249 3012 3486 3065 omnium
3513 3019 3595 3066 est
3624 3019 3811 3078 poten-

2222 3101 2446 3156 tissima.
2491 3101 2788 3157 Ostendunt
2827 3102 2879 3156 id
2916 3115 3105 3157 omnes
3131 3143 3145 3166 ,
3181 3102 3270 3171 qui
3311 3100 3430 3155 haec
3467 3101 3643 3155 omnia
3684 3111 3810 3156 sunt

2222 3193 2498 3262 perpessi,
2545 3201 2596 3247 et
2625 3208 2809 3246 eorum
2846 3208 3005 3262 opera
3035 3192 3292 3248 clariores
3319 3202 3624 3247 evaserunt.
3671 3192 3809 3263 Quid

2221 3284 2362 3338 enim
2392 3283 2625 3354 Joseplio
2650 3285 2878 3339 servitus
2908 3284 3126 3339 nocuit?
3158 3283 3309 3354 (nihil
3335 3285 3476 3340 enim
3503 3292 3644 3339 vetat
3671 3299 3810 3356 quo-

2223 3374 2399 3429 minus
2429 3375 2674 3429 eumdem
2699 3376 2870 3429 virum
2899 3376 3088 3430 iterum
3120 3375 3170 3430 in
3198 3376 3429 3430 medium
3457 3377 3810 3446 adducamus)

2221 3464 2346 3533 quid
2395 3473 2568 3518 autem
2617 3465 2866 3520 vincula?
2907 3464 3032 3534 quid
3073 3465 3313 3520 catena?
3340 3465 3465 3536 quid
3501 3466 3808 3522 calumnia?

2222 3555 2347 3625 quid
2388 3557 2631 3611 insidiae?
2673 3558 2796 3627 quid
2841 3559 2892 3611 in
2938 3559 3109 3613 aliena
3158 3560 3377 3629 regione
3417 3559 3811 3616 commoratio?

2222 3647 2356 3713 Quid
2385 3648 2578 3701 Jobum
2617 3648 2751 3702 laisit
2780 3657 3142 3703 armentorum
3172 3665 3236 3703 ac
3261 3664 3478 3720 gregum
3521 3649 3770 3706 interitus
3791 3693 3808 3719 ,

2225 3738 2458 3791 violenta
2483 3746 2538 3793 et
2557 3739 2836 3792 immatura
2866 3754 3010 3793 mors
3036 3740 3348 3806 liberorum,
3374 3741 3521 3811 plaga
3543 3743 3808 3810 corporis,

2224 3831 2484 3883 vermium
2528 3829 2699 3884 fontes
2722 3870 2736 3894 ,
2769 3829 2921 3884 dolor
2951 3829 3295 3885 intolerabilis
3315 3871 3330 3897 ,
3364 3831 3418 3884 in
3447 3830 3570 3886 fimo
3597 3834 3771 3891 sessio
3794 3875 3810 3899 ,

2226 3921 2406 3975 uxoris
2437 3921 2663 3987 insidia},
2691 3921 2982 3975 amicorum
3007 3922 3315 3992 opprobria,
3340 3921 3661 3978 famulorum
3684 3938 3812 3979 con-

2224 4012 2401 4065 vicia?
2444 4011 2581 4080 Quid
2619 4025 2747 4066 vero
2776 4011 2976 4065 Lazaro
3020 4013 3233 4078 nocuit,
3275 4013 3415 4082 quod
3455 4013 3508 4068 in
3549 4013 3814 4069 vestibulo

2221 4104 2425 4173 jaceret
2469 4113 2521 4158 et
2568 4117 2755 4157 canum
2803 4104 2993 4172 linguis
3041 4105 3373 4173 lingeretur?
3416 4106 3539 4174 quid
3585 4105 3815 4161 ltedebat

2226 4197 2474 4250 continua
2505 4195 2709 4250 fames?
2756 4195 2882 4266 quid
2911 4196 3088 4252 divitis
3129 4207 3461 4266 contemptus
3487 4240 3499 4262 ,
3541 4199 3764 4253 vulnera
3793 4241 3813 4265 ,

2226 4289 2589 4344 intolerandus
2613 4289 2866 4344 morbus?
2892 4290 3015 4360 quid
3043 4291 3183 4360 quod
3210 4291 3453 4348 desertus
3473 4292 3539 4345 ab
3564 4293 3813 4348 omnibus

2226 4390 2368 4434 esset
2397 4381 2483 4449 qui
2527 4381 2718 4449 juvare
2748 4387 2998 4448 possent,
3031 4379 3174 4450 quod
3211 4381 3277 4435 ab
3309 4382 3371 4435 iis
3394 4425 3408 4446 ,
3440 4383 3526 4452 qui
3568 4383 3816 4438 auxiliari

2229 4479 2482 4539 possent,
2511 4471 2983 4525 contemneretur?
3020 4470 3153 4538 Quid
3203 4470 3365 4525 Paulo
3395 4481 3692 4526 nocuerunt
3726 4474 3816 4529 illa

2227 4561 2486 4613 malorum
2528 4560 2768 4614 examina
2795 4600 2810 4620 ,
2837 4574 3079 4615 carceres
3103 4601 3118 4624 ,
3153 4560 3497 4616 abductiones
3521 4604 3534 4625 ,
3567 4571 3771 4617 mortes
3796 4604 3814 4628 ,

2228 4652 2624 4706 submersiones
2664 4663 2726 4703 ac
2760 4649 2976 4718 reliqua:
2999 4648 3310 4703 afflictiones
3336 4692 3349 4712 ,
3379 4665 3510 4717 quas
3533 4666 3691 4704 nemo
3721 4668 3818 4720 po-

2231 4746 2355 4798 terit
2403 4744 2641 4795 oratione
2687 4741 3018 4796 numerando
3061 4742 3419 4810 percensere?
3464 4742 3584 4796 ilazc
3633 4745 3818 4798 omnia

2230 4834 2644 4898 considerantes,
2671 4833 2920 4887 malitiam
2945 4831 3222 4903 fugiamus,
3247 4835 3496 4888 virtutem
3514 4844 3818 4897 sectemur;

2233 4935 2285 4982 et
2309 4939 2540 4989 oremus,
2568 4940 2632 4978 ne
2656 4924 2707 4977 iu
2730 4924 3073 4977 tentationem
3101 4923 3356 4977 intremus
3381 4942 3397 4978 :
3420 4922 3557 4993 quod
3581 4924 3623 4977 si
3647 4941 3821 4994 quan-

2233 5016 2304 5070 do
2330 5015 2666 5068 inciderimus
2690 5053 2705 5077 ,
2732 5029 2800 5067 ne
2826 5029 2964 5081 aegre
2991 5013 3242 5077 feramus,
3276 5027 3411 5069 neve
3438 5014 3775 5083 indignemur
3798 5035 3812 5071 :

2233 5104 2494 5175 siquidem
2524 5118 2674 5157 arma
2702 5104 2906 5158 virtutis
2949 5103 3063 5158 lucc
3093 5113 3214 5157 sunt
3241 5105 3307 5157 iis
3328 5145 3340 5167 ,
3385 5107 3472 5173 qui
3511 5114 3566 5158 ut
3604 5117 3820 5173 oportet

2235 5199 2318 5253 usi
2362 5196 2595 5260 fuerint,
2637 5205 2693 5250 et
2732 5194 2921 5249 horum
2965 5195 3203 5249 omnium
3247 5211 3407 5264 opera
3448 5195 3822 5252 celebritatem

2237 5293 2389 5347 nobis
2418 5293 2705 5361 poterimus
2733 5305 3044 5358 comparare
3069 5331 3080 5352 ,
3125 5290 3166 5342 si
3196 5289 3374 5357 vigiles
3403 5300 3454 5343 et
3481 5289 3670 5343 attenti
3697 5288 3822 5344 fuco

2238 5387 2403 5440 rimus
2426 5426 2439 5450 ,
2473 5399 2533 5438 ac
2564 5383 2713 5438 bonis
2742 5381 2934 5452 perfrui
2965 5383 3302 5450 sempiternis
3330 5400 3342 5436 :
3374 5398 3492 5452 qua:
3522 5381 3679 5436 nobis
3709 5383 3822 5437 uti-

2241 5490 2360 5529 nam
2400 5475 2706 5543 contingant
2743 5473 3037 5533 universis.
3083 5475 3132 5527 in
3174 5473 3384 5528 Christo
3424 5473 3547 5529 Jesu
3589 5474 3824 5529 Domino

2239 5576 2442 5632 nostro,
2470 5567 2550 5619 cui
2579 5565 2743 5635 gloria
2776 5565 2825 5618 in
2856 5563 3048 5618 saecula
3075 5564 3407 5619 saeculorum.
3441 5568 3632 5620 Amen.
