4064 6214
238 390 345 444 151

221 502 490 564 εἶναιτοῖς
508 503 735 565 πολλοις,
760 502 1148 570 αἰχμαλωσίας,
1174 498 1435 560 δουλείας,
1456 496 1775 564 ἀπαγωγῆς.

221 586 381 645 Τίνος
403 584 459 635 δὲ
490 584 672 636 ἕνεκεν
702 583 870 635 ταῦτα
903 586 1135 652 εἴρηται,
1168 583 1460 648 ἀναγκαῖον
1491 581 1661 630 εἰπεῖν

300 666 676 735 Φιλάνθρωπος
707 664 780 717 ὢν
811 668 838 718 ό
866 665 1014 726 Θεὸς,
1051 664 1145 715 καὶ
1176 664 1303 730 περὶ
1330 663 1388 714 τὸ
1422 661 1588 713 ἐλεεῖν
1634 658 1777 720 ὀξὺς,

220 748 367 814 πρὸς
402 748 456 799 δέ
495 748 554 798 τὸ
593 746 944 815 τιμωρεῖσθαι
990 745 1079 797 καὶ
1124 744 1368 806 κολάζειν
1402 742 1778 809 ἀναδυόμενος,

225 822 383 897 [155]
404 827 541 879 ὥστε
566 829 635 897 μὴ
658 829 781 888 τοὺς
817 827 1092 888 Ἰουδαίους
1120 826 1449 894 παραδοῦναι
1473 823 1777 891 τιμωρίαις,

226 912 515 978 προφήτας
546 908 778 975 έπεμψε,
811 908 985 973 φοϐῶν
1012 908 1206 967 αὐτοὺς
1236 905 1321 957 διὰ
1354 905 1460 957 τῶν
1501 904 1779 973 ῥημάτων,

223 990 372 1040 ὥστε
412 991 482 1057 μὴ
512 988 734 1040 κολάσαι
764 988 849 1041 διά
875 989 981 1039 τῶν
1010 986 1367 1056 πραγμάτων,
1402 986 1538 1055 ὅπερ
1565 984 1656 1036 καὶ⁵
1690 982 1783 1033 ἐπὶ

222 1071 341 1120 τῶν
370 1068 660 1121 Νινευιτῶν
695 1070 884 1123 ἐποίει.
921 1071 1027 1122 Καὶ
1065 1069 1170 1137 γὰρ
1201 1071 1315 1120 ἐκεῖ
1345 1068 1462 1119 τότε
1490 1068 1587 1136 τὴν
1631 1065 1781 1116 πόλιν

226 1152 600 1219 καταστρέψαι
627 1151 1048 1219 ἠπείλησεν,οὺχ
1064 1151 1147 1202 ἵνα
1170 1149 1536 1217 καταστρέψῃ,
1562 1146 1673 1199 ἀλλ’
1697 1147 1783 1198 ἵνα

230 1234 311 1301 μὴ
342 1234 719 1302 καταστρέψῃ·
749 1234 884 1301 ὅπερ
923 1228 1015 1285 οὖν
1043 1233 1133 1285 καὶ
1159 1232 1389 1298 ἐγένετο.
1408 1231 1573 1282 Τοῦτο
1598 1229 1659 1297 δὴ
1692 1228 1784 1280 καὶ

225 1316 353 1366 τότε
385 1315 634 1384 ἔπραττε,
671 1315 764 1366 καὶ
796 1317 1071 1383 προφήτας
1098 1313 1359 1381 ἔπεμπεν,
1384 1311 1617 1365 ἀπειλῶν
1652 1310 1782 1378 βαρ-

228 1394 416 1463 ϐάρων
464 1396 666 1461 ἔφοδον,
718 1395 1021 1463 πολέμους,
1079 1395 1471 1464 αἰχμαλωσίας,
1522 1392 1781 1454 δουλείας,

232 1477 557 1545 ἀπαγωγὴν,
594 1475 690 1543 τὴν
711 1477 765 1528 ἐν
794 1477 1047 1546 ἀλλοτρίᾳ.
1075 1476 1368 1545 διατριϐήν.
1408 1474 1515 1526 Καὶ
1536 1473 1783 1542 καθάπερ

232 1560 418 1627 πατὴρ
447 1558 788 1627 φιλόστοργος
820 1560 982 1612 παῖδα
1012 1560 1305 1612 ἀκόλαστον
1324 1557 1461 1625 ἔχων
1493 1557 1585 1609 καὶ
1619 1556 1782 1625 ῥᾴθυ-

236 1657 359 1709 μον,
410 1642 731 1709 σωφρονίσαι
762 1642 946 1703 θέλων,
986 1642 1207 1709 ἱμάντας
1246 1640 1506 1707 ἐπιζητεῖ,
1544 1638 1783 1706 σχοίνους

235 1722 469 1782 ἀπειλεῖ,
498 1721 665 1789 λέγων
687 1735 700 1749 ·
724 1725 876 1792 Δήσω
896 1761 909 1784 ,
953 1720 1210 1790 μαστίξω,
1257 1721 1552 1789 ἀναιρήσω,
1590 1720 1681 1770 καὶ
1708 1719 1787 1785 γί-

236 1820 388 1854 νεται
418 1807 472 1855 ἐν
490 1806 597 1864 τοῖς
623 1806 823 1873 ῥήμασι
854 1802 1099 1872 φοϐερὸς,
1122 1803 1260 1853 ὥστε
1280 1800 1447 1870 ταύτῃ
1470 1801 1566 1865 τὴν
1590 1800 1785 1851 κακίαν

235 1885 541 1936 ἀναστεῖλαι
559 1885 649 1935 τοῦ
666 1886 780 1936 νέου
803 1902 813 1912 ·
842 1883 981 1935 οὕτω
1004 1883 1064 1952 δὴ
1095 1883 1185 1934 καὶ
1217 1886 1243 1935 6
1272 1882 1398 1943 Θεὸς
1427 1882 1634 1950 ἠπείλει
1660 1898 1786 1931 συν-

234 1964 399 2031 εχῶς,
429 1966 504 2032 τῷ
554 1965 700 2032 φόϐῳ
727 1966 944 2033 ποιῆσαι
974 1964 1207 2032 βελτίους
1236 1964 1570 2032 βουλόμενος.
1603 1962 1787 2013 Ταῦτα

234 2046 381 2113 ὁρῶν
415 2048 441 2096 6
466 2044 724 2105 διάϐολος,
767 2046 855 2097 καὶ
889 2045 1202 2113 βουλόμενος
1228 2044 1451 2096 ἐκλῦσαι
1477 2045 1572 2111 τὴν
1601 2045 1662 2093 ἐκ
1690 2042 1787 2109 τῆς

234 2128 489 2196 τοιαύτης
521 2128 745 2195 ἀπειλῆς
777 2128 1057 2196 διόρθωσιν
1087 2126 1391 2194 γινομένην,
1425 2126 1630 2192 καθῆκε
1660 2124 1790 2190 ψευ-

232 2208 595 2276 δοπροφήτας,
631 2209 720 2259 καὶ
750 2209 853 2259 τῶν
889 2208 1177 2277 προφητῶν
1199 2206 1555 2257 ἀπειλούντων
1588 2205 1786 2270 αἰχμα-

234 2287 460 2353 λωσίαν,
496 2289 584 2339 καὶ
607 2288 866 2351 δουλείαν,
898 2288 992 2340 καὶ
1019 2288 1226 2357 λιμοὺς,
1256 2290 1447 2339 ἐκεῖνοι
1475 2286 1541 2338 τά
1574 2284 1791 2337 ἐναντία

236 2370 440 2435 ἔλεγον,
476 2371 711 2439 εἰρήνην,
737 2370 1038 2440 εὐετηρίαν,
1062 2371 1155 2421 καὶ
1188 2370 1393 2438 μυρίων
1421 2366 1634 2434 ἀγαθῶν
1660 2366 1791 2417 ἀπό-

234 2451 446 2503 λαυσιν.
482 2451 568 2503 Διὸ
594 2452 685 2503 καὶ
720 2452 1059 2515 ὀνειδίζοντες
1088 2453 1264 2513 αὐτοῖς
1293 2452 1341 2503 οί
1371 2452 1642 2518 προφῆται
1672 2449 1787 2499 ἔλε-

234 2547 332 2595 γον
357 2548 371 2561 ·
402 2533 644 2600 Εἰρήνη,
679 2532 913 2599 είρήνη·
942 2533 1037 2585 καὶ
1062 2534 1176 2585 ποῦ
1208 2533 1380 2584 ἔστιν
1403 2532 1651 2598 είρήνη;
1684 2530 1791 2581 Καὶ

234 2615 350 2664 ὅσοι
380 2613 485 2665 τῶν
517 2613 829 2681 φιλολόγων,
876 2614 1027 2666 τοῦτο
1066 2616 1261 2676 ἴσασιν,
1297 2615 1370 2675 ώς
1405 2614 1617 2666 ἅπαντα
1655 2628 1790 2679 κρα-

234 2698 349 2745 τεῖν
382 2698 423 2757 ⁸,
455 2697 489 2746 ἀ
520 2699 626 2756 τοῖς
671 2701 971 2765 προφήταις
1016 2697 1149 2765 πρὸς
1178 2699 1302 2758 τοὺς
1347 2695 1792 2763 ψευδοπροφήτας

237 2775 504 2839 ἐγένοντο,
537 2777 820 2838 ἐκλύοντας
851 2778 938 2828 τοῦ
967 2778 1092 2829 λαοῦ
1117 2780 1211 2845 τὴν
1240 2777 1493 2846 σπουδήν.
1534 2776 1682 2826 Ἐπεὶ
1702 2771 1794 2825 οὖν

233 2852 410 2911 οὕτως
442 2850 720 2915 ἐκλύοντες
763 2854 1067 2923 διέφθειραν
1095 2856 1183 2905 τὸν
1213 2854 1357 2916 λαὸν,
1394 2853 1556 2920 φησὶν
1598 2852 1625 2901 ὁ
1665 2850 1793 2911 Θεὸς

234 2934 323 2985 διὰ
348 2934 452 2985 τῶν
475 2934 760 3002 προφητῶν
778 2952 789 2963 ·
825 2933 967 3000 Ἐγὼ
988 2938 1019 2987 ό
1038 2936 1175 2998 Θεὸς
1198 2934 1379 2986 ποιῶν
1398 2934 1662 3000 εἰρήνην,
1694 2930 1791 2983 καί

237 3014 447 3073 κτίζων
466 3014 637 3068 κακά.
676 3017 783 3067 Καὶ
818 3019 941 3066 ποῖα
974 3016 1144 3079 κακά;
1178 3014 1362 3067 Ταῦτα
1408 3017 1475 3067 τά
1510 3012 1789 3083 εἰρημένα,

235 3096 631 3164 αἰχμαλωσίαν,
654 3098 908 3160 δουλείαν,
934 3099 1024 3149 καὶ
1044 3100 1141 3150 ὅσα
1163 3097 1381 3149 τοιαῦτα
1405 3115 1415 3125 ·
1437 3098 1496 3148 ού
1518 3097 1788 3166 πορνείαν,

240 3179 335 3229 καὶ
373 3178 678 3245 ἀσέλγειαν,
716 3180 807 3231 καὶ¹
840 3178 1168 3243 πλεονεξίαν,
1199 3179 1315 3232 οὐδὲ
1336 3178 1462 3231 ἄλλο
1491 3178 1596 3230 τῶν
1621 3177 1791 3229 τοιού-

239 3276 348 3309 των
369 3260 539 3313 ούδέν.
581 3261 677 3312 Διά
718 3260 871 3313 τοῦτο
902 3263 994 3313 καὶ
1022 3264 1049 3314 6
1086 3262 1169 3313 ἐτε
1181 3278 1269 3329 ρος
1294 3261 1573 3330 προφήτης
1600 3258 1787 3321 εἰπὼν,

243 3341 314 3391 El
349 3340 477 3391 ἐστι
511 3342 685 3393 κακία
720 3343 788 3393 ἐν
816 3345 1003 3406 πόλει,
1035 3342 1113 3408 ἢν
1140 3344 1353 3408 Κύριος
1382 3344 1489 3393 οὐκ
1523 3341 1790 3405 ἐποίησε,

237 3420 442 3489 ταύτην
474 3421 618 3489 λέγει
651 3422 745 3492 τὴν
780 3426 993 3484 κακίαν,
1047 3426 1171 3485 τοὺς
1196 3423 1402 3491 λιμοὺς,
1452 3424 1548 3484 τὰς
1584 3422 1790 3483 νόσους,

239 3500 338 3564 τάς
372 3503 661 3571 θεηλάτους
710 3504 938 3572 πληγάς.
981 3504 1135 3556 Οὕτω
1184 3506 1274 3556 καὶ
1305 3506 1333 3555 6
1379 3504 1627 3574 Χριστὸς,
1665 3505 1791 3555 ὅταν

241 3584 394 3652 λέγῃ,
449 3586 711 3651 Ἀρκετὸν
751 3585 824 3652 τῇ
875 3586 1059 3654 ἡμέρᾳ
1109 3588 1146 3653 ἠ
1189 3587 1364 3638 κακία
1420 3584 1623 3652 αὐτῆς,
1668 3586 1793 3646 τοὺς

242 3665 489 3734 ἱδρῶτας,
521 3671 609 3719 τὸν
640 3667 852 3736 μόχθον,
883 3669 979 3738 τὴν
1010 3667 1377 3737 ταλαιπωρίαν
1406 3666 1553 3735 φησί.

314 3746 377 3809 ζ’.
412 3747 575 3799 Τοῦτο
598 3745 687 3801 οὖν
710 3766 870 3817 φησιν
892 3752 918 3801 6
940 3752 1218 3819 προφήτης
1240 3768 1250 3779 ·
1270 3748 1360 3818 Μὴ
1379 3750 1519 3816 ὑμᾶς
1537 3748 1793 3800 ἐκλυέτω-

242 3845 341 3879 σαν
375 3830 423 3879 οί
443 3831 880 3899 ψευδοπροφῆται
902 3847 915 3861 ⁸
938 3833 965 3881 6
988 3832 1091 3899 γάρ
1111 3830 1239 3891 Θεὸς
1264 3833 1391 3898 ύμῖν
1421 3830 1642 3898 είρήνην
1670 3828 1791 3880 δοῦ-

242 3928 325 3981 ναι
392 3910 640 3981 δύναται,
674 3916 787 3981 γκαὶ
838 3913 1177 3979 αἰχμαλωσίᾳ
1218 3912 1582 3981 παραδοῦναι·
1639 3927 1794 3981 τουτ-

239 3980 409 4036 έστιν,
460 3980 513 4030 Ὀ
557 3980 740 4032 ποιῶν
784 3982 1047 4047 εἱρήνην,
1086 3981 1181 4032 καί
1228 3980 1431 4040 κτίζων
1474 3981 1645 4032 κακά.
1686 3980 1794 4032 Καὶ

240 4061 327 4111 ἶνα
360 4061 535 4131 μάθῃς
562 4063 640 4113 ὅτι
668 4063 823 4113 τοῦτό
856 4066 999 4114 ἐστιν
1035 4064 1248 4132 ἀληθὲς,
1284 4064 1449 4124 αύτάς
1481 4063 1577 4124 τὰς
1623 4062 1793 4127 λέξεις

243 4141 621 4212 βασανίσωμεν
650 4144 783 4211 μετά
824 4144 1122 4213 ἀκριϐείας.
1168 4144 1346 4197 Εἰπὼν
1376 4144 1484 4214 γὰρ
1508 4142 1794 4210 ἀνω,Ἐπώ

239 4225 355 4289 ειμι
396 4226 429 4275 ὁ
460 4224 715 4290 ποιήσας
762 4225 883 4292 φῶς
936 4226 1031 4277 καὶ
1070 4228 1306 4290 σκότος,
1348 4228 1467 4277 τότε
1523 4226 1792 4293 ἐπήγαγε,

242 4303 435 4356 Ποιῶν
455 4305 720 4371 εἰρήνην,
752 4306 851 4358 καὶ
878 4306 1083 4365 κτίζων
1113 4307 1285 4359 κακά.
1321 4306 1421 4359 Δύο
1449 4306 1662 4357 ἐναντία
1682 4306 1794 4357 ἀνω

240 4386 468 4448 τέθεικε,
510 4386 603 4438 καὶ
632 4386 723 4439 δύο
748 4390 961 4439 ἐναντία
1006 4390 1140 4456 μετὰ
1170 4388 1358 4453 ταῦτα,
1386 4388 1471 4439 ἵνα
1506 4388 1683 4457 μάθῃς
1712 4388 1793 4438 ὅτι

238 4472 299 4522 οὐ
323 4471 451 4540 περί
471 4471 725 4539 πορνείας
750 4471 916 4538 λέγει,
946 4471 1079 4524 ἀλλά
1103 4472 1228 4541 περὶ
1260 4470 1572 4541 συμφορῶν.
1600 4471 1662 4521 Τί
1688 4470 1797 4537 γὰρ

240 4552 725 4605 ἀντιδιαστέλλεται
741 4557 805 4622 τῇ
832 4556 1017 4626 εἰρήνῃ
1040 4574 1053 4619 ;
1074 4554 1303 4623 Εὗδηλον
1330 4555 1408 4605 ὅτι
1429 4551 1791 4621 αἰχμαλωσία,

237 4636 338 4686 οὐκ
374 4632 651 4702 ἀσέλγεια,
687 4636 806 4687 οὐδὲ
836 4637 1077 4705 πορνεία,
1108 4636 1225 4688 ούδέ
1252 4635 1550 4698 πλεονεξία.
1587 4635 1795 4703 Ὥσπερ

236 4714 329 4769 οὖν
362 4718 618 4788 ἀνωτέρω
651 4718 865 4771 ἐναντία
897 4718 988 4770 δύο
1018 4719 1279 4781 τέθεικεν,
1310 4717 1450 4770 οὕτω
1497 4715 1561 4785 δὴ
1586 4719 1677 4769 καὶ
1708 4720 1794 4768 ἐν-

298 4870 329 4932 ’,
350 4869 431 4923 Ὡς
453 4870 636 4932 ἅπαντα
673 4870 871 4932 κρατεῖν.
909 4869 1021 4915 Haec
1042 4870 1153 4932 jure_
1188 4870 1351 4932 Vitiata
1393 4869 1622 4915 videntur
1645 4868 1791 4932 Savil.

238 4930 333 4976 Sed
357 4932 458 4976 tale
484 4931 651 4977 vitium
675 4929 768 4978 εει,
796 4937 847 4977 ut
879 4932 1120 4977 incassum
1145 4930 1331 4977 laboret
1359 4931 1442 4988 qui
1466 4942 1530 4977 ex
1552 4929 1796 4989 conjectu-

238 5004 287 5037 m
307 5003 465 5037 .ocum
485 4990 744 5039 restituere
769 4992 1044 5039 leum-erit.

560 5823 825 5879 Ρηιιοι.
872 5822 985 5878 Gn.
1039 5823 1183 5879 LVI.

851 388 916 441 IN
952 385 1152 440 ιιι.υο
1184 381 1410 447 ISAIE,
1446 376 1579 435 EGO
1621 376 1924 435 DOMINUS
1961 375 2138 431 DEUS
2169 372 2321 430 FECI
2361 369 2619 437 LUMEN,
2654 366 2804 423 ETC.

3326 378 3435 433 152

1879 491 2051 545 ταῦοα
2075 510 2088 523 ·
2118 492 2355 544 ἐναντίον
2386 488 2441 539 δὲ
2467 491 2531 556 τῇ
2560 488 2748 555 εἰρήνῃ
2782 484 2842 536 ού
2890 479 3132 551 πορνεία,
3164 476 3283 529 οὐδὲ
3325 492 3439 545 μοι·

1881 575 2020 642 χεία,
2052 573 2169 625 οὐδὲ
2193 572 2464 638 ἀσέλγεια,
2495 566 2641 637 [156]
2668 567 2786 618 οὐδὲ
2810 566 2863 616 αἱ
2885 563 3068 613 λοιπαὶ
3088 558 3297 642 κακίαι,
3327 559 3439 610 ἀλλ’

1880 640 2221 723 αἰχμαλωσία
2264 652 2357 704 καὶ
2402 650 2631 701 δουλεία.
2681 646 2819 698 Ἀλλ’
2856 645 2991 711 ὅπερ
3025 644 3114 693 ἐπὶ
3154 640 3261 691 τῶν
3291 655 3443 723 *στοι-

1880 720 2039 803 χείων
2101 735 2388 801 πάσχουσι,
2441 730 2598 783 τοῦτο
2644 728 2737 781 καὶ
2782 727 2873 779 ἐπί
2913 724 3020 775 τῶν
3081 720 3439 803 πραγμάτων.

1882 802 2005 869 Οἷόν
2041 833 2093 867 τι
2126 816 2293 881 λέγω·
2323 813 2509 883 ὥσπερ
2548 812 2769 879 ἐποίησε
2812 807 2925 875 φῶς
2964 806 3057 857 καὶ
3092 803 3303 863 σκότος,
3349 802 3442 852 καὶ

1883 898 2093 959 πολλοῖς
2136 898 2196 949 τὸ
2225 897 2323 965 μὲν
2366 894 2480 962 φῶς
2524 894 2623 962 ήδὺ
2663 891 2807 943 δοκεῖ
2846 885 3004 948 εἰναι,
3048 886 3109 938 τὸ
3151 884 3207 937 δὲ
3255 883 3443 965 σκότος

1882 979 2132 1049 ἐπαχθὲς,
2189 963 2280 1030 καὶ
2325 976 2666 1028 διαϐάλλουσι
2708 971 2806 1041 τὴν
2859 970 3023 1023 νύκτα
3070 967 3143 1031 ὼς
3200 963 3441 1049 πονηράν

1880 1046 2199 1114 τιναοῦσαν
2218 1076 2230 1087 °
2267 1058 2407 1111 οὕτω
2436 1057 2491 1109 δὲ
2516 1058 2609 1108 καὶ
2640 1052 2862 1107 ἐπὶτῶν
2895 1051 3258 1121 πραγμάτων.
3302 1046 3440 1098 Ἀλλ’

1882 1150 2004 1204 οὔτε
2044 1150 2142 1219 τὴν
2199 1147 2367 1201 νύκτα
2404 1145 2734 1215 διαϐλητέον,
2790 1142 2905 1197 οὐδὲ
2964 1141 3025 1194 τὸ
3073 1140 3281 1199 σκότος,
3324 1138 3443 1219 ουδὲ

1882 1233 2067 1297 ἁπλῶς
2092 1218 2190 1301 τὴν
2220 1230 2479 1291 δουλείαν,
2508 1228 2599 1281 καὶ
2646 1226 2743 1296 τὴν
2770 1223 3162 1295 αἰχμαλωσίαν.
3210 1219 3275 1271 Τί
3312 1218 3441 1287 γὰρ,

1884 1316 2001 1368 εἰπέ
2049 1332 2156 1384 μοι,
2189 1314 2388 1382 φαῦλον
2428 1313 2536 1381 ἔχει
2576 1310 2637 1362 τὸ
2678 1308 2898 1371 σκότος;
2931 1308 3052 1376 οὐχὶ
3092 1304 3269 1357 πόιων
3298 1302 3444 1384 ἐστιν

1884 1382 2215 1458 ἀνάπαυσις;
2247 1398 2366 1467 οὐχὶ
2400 1394 2692 1464 φροντίδων
2712 1391 2921 1454 ἄνεσις;
2956 1391 3073 1457 οὐχὶ
3092 1388 3267 1455 λύπης
3296 1382 3445 1467 ἀναί-

1888 1495 2064 1549 ρεσις;
2094 1478 2212 1547 οὐχὶ
2262 1462 2455 1547 ἰσχύος
2476 1476 2789 1545 προσθήκη;
2832 1472 2893 1523 Εἰ
2936 1471 2990 1522 δὲ
3048 1470 3120 1538 μὴ
3154 1468 3342 1529 σκότος
3377 1462 3443 1549 ἦν

1885 1561 1978 1613 καὶ
2008 1559 2122 1623 νὺξ,
2158 1562 2286 1612 πότε
2332 1560 2397 1612 ἂν
2433 1556 2813 1623 ἀπελαύσαμεν
2851 1552 2942 1604 τοῦ
2992 1550 3204 1617 φωτός;
3258 1550 3356 1600 οὐκ
3382 1548 3447 1599 ἀν

1886 1641 2143 1710 διεφθάρη
2179 1642 2272 1693 καὶ
2321 1640 2568 1692 ἀπώλετο
2600 1636 2756 1688 τοῦτο
2784 1636 2843 1687 τὸ
2877 1633 3013 1696 ζῶον
3058 1634 3085 1682 6
3132 1630 3446 1710 ἀνθρωποςζ

1888 1705 2098 1789 Ὥσπερ
2128 1705 2185 1774 δὲ
2210 1722 2271 1773 τὸ
2303 1720 2490 1778 σκότος
2527 1718 2671 1769 δοκεῖ
2718 1718 2813 1785 μὲν
2854 1718 2963 1776 τοῖς
3010 1714 3252 1782 ἀνοήτοις
3309 1705 3447 1761 εἶναι

1887 1804 2075 1866 κακὸν,
2101 1804 2199 1855 οὐκ
2223 1802 2335 1855 ἐστι
2368 1802 2442 1862 δὲ,
2467 1799 2599 1853 ἀλλά
2637 1799 2770 1867 πρὸς
2796 1799 2892 1867 τὴν
2928 1797 3133 1867 ἡμέραν
3166 1794 3295 1862 ἡμῖν
3322 1808 3447 1842 συν-

1886 1886 2048 1945 τελεῖ,
2083 1884 2172 1936 καὶ
2200 1885 2334 1953 πρὸς
2373 1885 2467 1944 τάς
2498 1883 2751 1951 ἐργασίας
2783 1883 2840 1933 ἐν
2878 1880 3012 1949 αὐτῇ
3051 1877 3175 1937 τοὺς
3210 1876 3450 1953 ἀναπαυ-

1889 1966 2150 2034 σαμένους
2179 1952 2642 2033 ἐπιτηδειοτέρους
2685 1960 3115 2020 κατασκευάζει·
3152 1954 3293 2006 οὕτω
3332 1952 3451 2003 οὐδὲ

1889 2047 2228 2115 αίχμαλωσία
2262 2046 2491 2113 φαῦλον·
2541 2045 2668 2111 περὶ
2705 2039 2771 2111 ἦς
2802 2045 2828 2093 ό
2865 2042 3149 2109 προφήτης
3187 2036 3451 2100 διελέγετο

1888 2128 2079 2194 λέγων,
2125 2129 2180 2178 '0
2216 2126 2399 2179 ποιῶν
2423 2124 2693 2190 εἰρήνην,
2724 2120 2821 2174 καὶ
2871 2120 3077 2180 κτίζων
3105 2117 3259 2171 κακά
3285 2136 3295 2149 υ
3320 2116 3453 2169 ἀλλὰ

1891 2208 2301 2278 χρησιμώτερον
2327 2210 2437 2267 τοῖς
2465 2208 2542 2267 εἰς
2568 2205 2685 2256 δέον
2714 2203 3015 2273 χρωμένοις
3038 2217 3051 2230 ·
3087 2197 3454 2269 σωφρονεστέ-

1894 2307 2019 2359 ρους
2043 2289 2096 2340 δέ
2127 2290 2218 2343 καὶ
2262 2286 2695 2355 ἐπιεικεστέρους
2723 2287 2865 2338 ποιεῖ
2902 2283 3304 2353 περικόπτουσα
3325 2278 3453 2333 ἀπό·

1893 2388 2059 2424 νοιαν.

1975 2452 2294 2505 Ἀδούλωτον
2325 2451 2433 2523 γὰρ
2464 2455 2495 2522 ἡ
2533 2453 2722 2522 ἀρετή,
2768 2450 2860 2501 καὶ
2894 2448 3043 2501 οὐδὲν
3086 2446 3255 2515 αὐτῆς
3300 2461 3455 2513 περι·

1892 2534 2136 2601 γενέσθαι
2160 2533 2358 2586 δύναιτ’
2399 2534 2483 2597 ἂν,
2513 2535 2573 2585 οὺ
2600 2532 2829 2595 δουλεία,
2854 2532 2954 2583 ούκ
2989 2526 3356 2599 αἰχμαλωσία,
3392 2525 3453 2576 οὐ

1894 2616 2069 2676 πενία,
2104 2616 2161 2666 οὑ
2191 2615 2360 2677 νόσος,
2391 2616 2489 2665 οὐκ
2544 2615 2697 2677 αὐτὸ,
2741 2613 2769 2665 6
2808 2612 3022 2665 πάντων
3062 2607 3454 2679 τυραννικώτε-

1896 2714 2006 2767 ρον,
2039 2698 2066 2747 ό
2086 2697 2331 2757 θάνατος.
2369 2697 2477 2749 Καὶ
2504 2696 2750 2764 δηλοῦσιν
2780 2695 3016 2755 ἀπαντες
3048 2693 3095 2743 οἰ
3116 2689 3289 2744 ταῦτα
3322 2690 3455 2741 ὑπο-

1898 2777 2172 2844 μείναντες
2198 2776 2433 2837 ἅπαντα,
2469 2777 2560 2828 καὶ
2585 2775 2651 2827 δι’
2676 2775 2851 2826 αὐτῶν
2890 2773 3150 2843 μειζόνως
3196 2768 3457 2839 λάμψαν-

1896 2876 2005 2920 τες.
2032 2857 2093 2910 Τί
2132 2856 2239 2927 γάρ
2269 2856 2359 2908 τὸν
2404 2856 2601 2925 Ἰωσὴφ
2648 2855 2878 2924 ἔϐλαψεν
2924 2856 2955 2924 ἡ
2998 2852 3241 2913 δουλεία;
3285 2850 3458 2920 (οὐδὲν

1896 2942 2003 3008 γὰρ
2035 2939 2229 2991 κωλύει
2260 2939 2418 2991 πάλιν
2454 2939 2545 2990 τὸν
2597 2939 2757 2991 αὐτὸν
2789 2938 2954 3008 ἄνδρα
2990 2939 3068 2999 εἰς
3114 2937 3277 3005 μέσον
3317 2935 3454 2999 ἀγα-

1896 3025 2010 3089 γεῖν
2036 3023 2072 3090 ·)
2106 3022 2158 3072 τί
2190 3020 2298 3090 γάρ
2329 3021 2396 3072 τά
2440 3020 2647 3090 δεσμά;
2692 3022 2741 3073 τί
2779 3020 2834 3072 δὲ
2880 3022 2934 3073 αί
2971 3020 3184 3081 ἁλύσεις
3210 3034 3224 3081 ;
3254 3016 3305 3068 τί
3341 3017 3395 3068 δὲ
3424 3017 3455 3083 ἡ

1900 3105 2262 3171 συκοφαντίας
2286 3104 2415 3155 τίδὲ
2448 3105 2479 3172 ή
2505 3103 2761 3170 ἐπιϐουλή
2785 3120 2798 3164 ;
2833 3103 2885 3155 τί
2914 3102 2969 3154 δὲ
2993 3105 3025 3172 ἡ
3051 3103 3141 3155 ἐπὶ
3173 3101 3272 3170 τῆς
3300 3099 3456 3151 ἀλλος

1898 3186 2048 3255 τρίας
2067 3185 2348 3256 διατριϐῆς
2378 3186 2419 3235 Τ
2428 3186 2441 3235 ί
2471 3185 2560 3236 τὸν
2598 3184 2716 3235 Ἰὼϐ
2736 3186 2768 3252 ή
2798 3184 2903 3235 τῶν
2929 3182 3216 3251 βουκολίων
3244 3178 3460 3232 καὶτῶν

1899 3267 2158 3336 ποιμνίων
2187 3267 2484 3334 ἀναίρεσις,
2514 3267 2543 3317 6
2568 3264 2738 3333 βίαιος
2768 3265 2861 3315 καὶ
2887 3265 3061 3333 ἄωρος
3100 3261 3208 3314 τῶν
3251 3260 3458 3312 παίδων

1897 3348 2142 3410 θάνατος,
2180 3348 2213 3414 ή
2242 3346 2421 3415 πληγὴ
2447 3346 2540 3397 τοῦ
2572 3345 2837 3415 σώματος,
2865 3347 2920 3399 αἰ
2960 3344 3132 3413 πηγαὶ
3170 3343 3277 3395 τῶν
3314 3359 3460 3393 σκω-

1896 3429 2152 3499 λήκων,ἡ
2184 3426 2340 3496 ὀδύνη
2367 3429 2399 3496 ή
2426 3427 2815 3497 ἀκαρτέρητος,
2857 3428 2889 3496 ἡ
2935 3427 3026 3479 ἐπὶ
3076 3426 3173 3494 τῆς
3227 3423 3460 3493 κοπρίας

1896 3510 2149 3579 καθέδρα,
2181 3511 2213 3577 ἡ
2245 3509 2499 3578 ἐπιϐουλὴ
2545 3508 2641 3578 τῆς
2690 3509 2963 3577 γυναικὸς,
3014 3508 3081 3561 τά
3132 3507 3310 3575 ὀνείδη
3351 3506 3460 3557 τῶν

1897 3592 2085 3659 φίλων,
2119 3593 2171 3643 αί
2200 3590 2456 3660 λοιδορίαι
2490 3589 2599 3643 τῶν
2637 3590 2894 3653 οἰκετῶνς
2925 3590 3063 3641 Τίδέ
3098 3590 3186 3641 τὸν
3212 3588 3461 3655 Λάζαρον

1896 3674 1956 3725 τὸ
1986 3676 2042 3727 ἐν
2073 3673 2149 3742 τῷ
2177 3673 2381 3725 πυλῶνι
2415 3673 2648 3734 κεῖσθαι,
2674 3675 2767 3725 καὶ
2787 3675 2904 3735 ταῖς
2938 3672 3204 3739 γλώσσαις
3242 3669 3348 3723 τῶν
3371 3686 3463 3720 κυ-

1899 3755 2003 3808 νῶν
2063 3754 2482 3823 περιλείχεσθαι,
2542 3755 2636 3805 καὶ
2676 3754 2705 3805 6
2739 3748 2891 3823 λιμὸς
2935 3756 2962 3806 6
2991 3753 3260 3822 διηνεκὴς,
3297 3753 3387 3803 καὶ
3427 3752 3459 3811 ἡ

1901 3837 2168 3907 ὑπεροψία
2215 3837 2309 3889 τοῦ
2355 3836 2626 3899 πλουσίου,
2674 3838 2765 3890 καὶ
2812 3836 2881 3888 τὰ
2926 3836 3232 3906 τραύματα,
3290 3835 3382 3888 καὶ
3426 3837 3458 3903 ἡ

1901 3920 2050 3981 νόσος
2081 3922 2113 3988 ἡ
2145 3920 2435 3989 ἀφόρητος,
2472 3921 2563 3972 καὶ
2590 3921 2621 3988 ή
2654 3919 2856 3989 ἐρημία
2887 3919 2995 3971 τῶν
3026 3919 3457 3989 προϊσταμένων,

1900 4003 1992 4054 καὶ
2023 4003 2055 4070 ἠ
2088 4001 2355 4069 ὑπεροψία
2395 4003 2500 4054 τῶν
2537 3999 2903 4070 βοηθούντων;
2932 4000 2995 4052 Τί
3026 4000 3083 4053 δέ
3115 4001 3204 4053 τὸν
3250 4000 3459 4052 Παῦλον

1899 4085 1953 4136 αἱ
1979 4084 2193 4147 νιφάδες
2217 4083 2435 4136 ἐκείνων
2451 4084 2558 4134 τῶν
2581 4082 2985 4150 δεσμωτηρίων,
3007 4082 3112 4133 τῶν
3127 4082 3457 4148 ἀπαγωγῶν,

1900 4164 2007 4216 τῶν
2038 4165 2303 4227 θανάτων,
2339 4164 2446 4215 τῶν
2478 4162 2951 4229 καταποντισμῶν,
2971 4164 3077 4215 τῶν
3104 4163 3301 4217 λοιπῶν
3344 4182 3463 4215 πει-

1904 4246 2144 4314 ρασμῶν,
2190 4245 2256 4308 ἀς
2309 4246 2428 4297 οὐδὲ
2471 4244 2612 4314 λόγῳ
2674 4246 3033 4315 ἐξαριθμῆσαι
3099 4247 3209 4312 ένις
3277 4247 3463 4299 Ταῦτα

1901 4325 2113 4378 ἄπαντα
2158 4325 2622 4395 ἀναλογισάμενοι,
2668 4328 2863 4380 κακίαν
2904 4327 3211 4397 φεύγωμεν,
3262 4328 3461 4400 ἀρετὴν

1900 4404 2207 4475 διώκωμεν·
2239 4408 2331 4459 καὶ
2364 4407 2646 4476 εὐχώμεθα
2691 4410 2787 4476 μὲν
2823 4409 2895 4479 μὴ
2926 4410 3180 4462 εἰσελθεῖν
3215 4412 3292 4472 εἰς
3340 4428 3461 4462 πει‹

1905 4490 2142 4557 ρασμόν·
2183 4490 2230 4541 εἰ
2266 4490 2321 4543 δέ
2354 4506 2479 4541 ποτε
2517 4490 2864 4559 ἐμπέσωμεν,
2901 4492 2974 4561 μὴ
3010 4492 3279 4561 ἀλύωμεν,
3327 4493 3460 4562 μηδι

1900 4569 2335 4639 δυσχεραίνωμεν
2350 4585 2363 4598 ·
2388 4572 2480 4622 καὶ
2495 4571 2601 4638 γὰρ
2628 4570 2768 4622 ὅπλα
2803 4572 2919 4623 ἐστὶ
2941 4573 3112 4625 ταῦτα
3135 4574 3334 4643 ἀρετῆς
3350 4576 3463 4636 τοῖς

1900 4652 1977 4711 είς
2001 4650 2115 4703 δέον
2149 4651 2470 4719 χρωμένοις,
2502 4653 2597 4703 καὶ
2620 4652 2956 4722 δυνησόμεθα
2984 4654 3071 4707 διὰ
3114 4656 3328 4707 πάντων
3370 4656 3461 4708 εὐ-

1899 4731 2138 4800 δοκιμεῖν
2158 4732 2249 4783 ἐὰν
2276 4734 2553 4801 νήφωμεν,
2576 4733 2667 4784 καὶ
2694 4735 2801 4785 τῶν
2828 4735 3057 4789 αἰωνίων
3083 4737 3302 4804 ἀγαθῶν
3322 4738 3460 4791 ἀπο-

1900 4812 2122 4866 λαῦσαι·
2161 4807 2235 4867 ὧν
2263 4815 2470 4879 γένοιτο
2502 4814 2706 4877 πάντας
2743 4818 2888 4885 ἡμᾶς
2918 4818 3191 4889 ἐπιτυχεῖν
3224 4822 3283 4873 ἐν
3323 4822 3460 4889 Χρι-

1903 4895 2011 4964 στῷ
2060 4895 2232 4964 Ἰησοῦ
2288 4895 2367 4962 τῷ
2415 4894 2602 4964 Κυρίῳ
2658 4898 2831 4966 ἡμῶν,
2863 4894 2907 4968 ᾧ
2958 4903 2989 4971 ἡ
3040 4902 3162 4967 δόξα
3215 4904 3294 4965 είς
3337 4905 3462 4967 τοὺς

1903 4979 2104 5040 αἰῶνας
2125 4978 2230 5030 τῶν
2257 4977 2487 5033 αἰώνων.
2539 4980 2729 5050 Ἀμήν.

3042 5809 3111 5867 10
