4064 6214
290 410 401 465 153
1069 399 1135 455 IN
1175 398 1400 467 ILLUD,
1437 396 1712 464 DOMINE,
1755 394 1892 451 NON
1930 394 2057 451 EST
2096 393 2161 448 IN
2202 390 2479 459 IIOMINE,
2532 390 2680 448 ETC.
3373 409 3482 464 154

285 598 3445 645 W

1014 940 1356 1011 DOMINE,
1393 939 1551 999 NON
1584 938 1726 997 EST
1752 939 1832 997 IN
1864 934 2182 997 HOMINE
2214 933 2351 993 VIA
2383 931 2587 1005 EJUS,
2620 946 2752 988 ETC.

286 1192 433 1244 ἰδεῖν.
474 1189 644 1243 Τοῦτο
680 1192 778 1261 μὲν
808 1190 917 1261 γὰρ
954 1189 1062 1243 ἀπὸ
1088 1191 1196 1243 τῶν
1249 1189 1491 1243 παλαιῶν
1521 1188 1976 1259 παραδειγμάτων
2026 1184 2189 1239 αὐτοῦ
2218 1183 2481 1250 (fortassis
2527 1179 2744 1250 αὐτοὺς)
2774 1178 3006 1248 ἐλέγχει,
3046 1175 3119 1238 ὡς
3166 1174 3295 1227 ὅταν
3326 1172 3481 1242 λέγη,

296 1303 426 1355 Ἰδοὺ
453 1302 552 1364 τὰς
579 1302 728 1364 ὁδούς
763 1319 855 1354 σου
883 1303 940 1354 ὲν
963 1301 1041 1372 τῷ
1073 1300 1427 1369 πολυανδρίῳ,
1458 1298 1550 1350 καὶ
1578 1298 1643 1350 τὰ
1673 1297 1816 1367 ἑξῆς.
1852 1316 1870 1348 ι

357 1431 482 1487 Haec
507 1433 574 1488 de
600 1432 908 1503 bujusmodi
935 1431 1372 1497 Commentariis,
1414 1430 1503 1498 qui
1532 1429 1776 1485 consulto
1810 1426 2153 1497 praetermissi
2178 1434 2322 1480 sunt.
2365 1423 2489 1478 Haec
2515 1432 2694 1477 autem
2717 1420 2934 1474 bomilia
2966 1419 3018 1473 in
3049 1419 3225 1472 locum
3245 1415 3487 1471 Ieremia

287 1565 503 1636 optimae
522 1576 665 1622 nota:
686 1575 788 1633 est,
812 1567 1028 1637 suisque
1050 1581 1108 1622 se
1134 1566 1343 1621 indiciis
1367 1565 1546 1635 prodit
1572 1580 1692 1620 esse
1737 1564 2125 1636 Cbrysostomi.
2156 1564 2293 1617 Nam
2334 1563 2435 1617 sub
2486 1561 2697 1614 initium
2744 1558 2819 1612 ait
2855 1571 2913 1610 se
2944 1567 3117 1624 nuper
3150 1551 3217 1607 de
3248 1549 3392 1605 Petri
3437 1558 3488 1605 et

288 1703 437 1759 Pauli
460 1706 825 1762 controversia
859 1707 1051 1778 egisse,
1099 1713 1387 1774 posteaque
1412 1720 1471 1761 se
1501 1706 1640 1760 beati
1669 1703 1935 1759 Eustatbii
1980 1703 2249 1773 praeconia
2280 1717 2528 1757 sermone
2563 1700 2898 1769 complexum
2926 1713 3066 1764 esse,
3118 1707 3279 1768 atque
3303 1694 3491 1751 deinde

291 1838 350 1892 S.
391 1837 619 1893 Romani
667 1838 914 1908 martyris
952 1838 1138 1893 laudes
1166 1838 1529 1907 percurrisse:
1565 1835 1718 1906 queis
1751 1834 2015 1889 indicatur
2044 1835 2183 1887 hanc
2211 1832 2525 1887 concionem
2548 1830 2843 1886 secundum
2897 1831 3012 1885 illas
3042 1844 3229 1885 omnes
3258 1830 3493 1884 habitam

290 1972 475 2029 fuisse.
524 1974 584 2029 In
604 1977 748 2032 nulla
774 1993 934 2048 porro
956 1992 1141 2031 earum
1177 1974 1303 2030 anni
1328 1982 1454 2029 nota
1487 1974 1570 2028 vel
1599 1972 1817 2027 minima
1847 1979 2143 2041 comparet.
2174 1969 2339 2039 quue
2362 1971 2537 2027 solum
2568 1969 2836 2035 novimus,
2862 1983 2953 2024 eas
2977 1982 3166 2023 omnes
3201 1966 3501 2021 Antiochia-

291 2109 500 2165 habitas
528 2111 716 2167 fuisse.
752 2111 944 2181 Agitur
973 2112 1061 2166 hic
1087 2111 1154 2166 de
1181 2111 1272 2165 illo
1296 2108 1558 2164 versiculo
1588 2107 1851 2170 Ieremia,
1881 2103 2119 2168 Domine,
2166 2120 2268 2156 non
2296 2112 2368 2157 est
2392 2104 2446 2156 in
2492 2104 2693 2156 homine
2722 2103 2806 2155 via
2834 2102 2967 2170 ejus,
2999 2118 3159 2169 neque
3196 2101 3345 2153 homo
3381 2098 3493 2162 ibit,

292 2255 339 2300 et
369 2247 555 2316 diriget
584 2263 814 2317 gressum
836 2263 1007 2300 suum.
1048 2245 1122 2299 Ex
1150 2244 1345 2314 quibus
1389 2243 1568 2297 verbis
1607 2243 1821 2311 quidam
1870 2240 2207 2296 occasionem
2237 2239 2526 2308 captabant
2553 2238 2707 2293 liberi
2748 2239 2965 2294 tollendi
3009 2238 3234 2293 arbitrii.
3260 2238 3369 2293 Hos
3398 2252 3495 2307 pro

291 2389 431 2444 virili
460 2388 702 2442 confutat
740 2385 797 2440 S.
832 2386 1039 2440 doctor.

363 2520 738 2591 Interpretatio
771 2519 960 2574 Latina
996 2528 1080 2572 est
1117 2517 1401 2571 Frontonis
1431 2515 1627 2569 Dncaei.

3341 2764 3486 2778 __

316 2988 384 3033 1N
426 2984 635 3030 LOCUM
676 2980 869 3024 ιιιωι
910 2974 1253 3019 ΡΒΟΡΕΕΤΕ
1295 2971 1606 3027 ιΕιιΕΜιΕ,
1652 2969 1918 3023 DOMINE,
1965 2966 2085 3011 NON
2131 2965 2241 3009 EST
2284 2966 2347 3007 IN
2392 2966 2636 3008 HUMINE
2681 2966 2782 3007 VIA
2828 2964 2972 3007 EJUS
2999 2990 3015 3019 ,
3069 2962 3275 3015 NEQUE
3322 2960 3499 3004 HOMO

1037 3083 1187 3137 IBIT,
1232 3080 1311 3121 ET
1351 3076 1607 3119 DIBIGET
1653 3072 1934 3118 suassuas
1962 3069 2129 3113 suum
2174 3050 2259 3128 (α)
2307 3046 2460 3127 (Jer.
2510 3050 2602 3107 10.
2648 3048 2771 3127 23).

1995 3230 2273 3243 ————

1831 3213 1987 3266 ΘΜ

1557 3237 1826 3253 ..ι’-

362 3402 417 3454 1.
442 3397 609 3466 Hujus
646 3393 904 3449 sensibilis
931 3389 1254 3459 publicaeque
1285 3389 1382 3437 via:
1410 3390 1580 3452 partes
1607 3378 1845 3448 qua-dam

293 3490 465 3560 planae
490 3484 699 3555 quidem
731 3489 851 3536 sunt
874 3494 935 3532 ac
959 3479 1134 3541 lzeves,
1163 3473 1398 3543 quaedam
1420 3485 1546 3524 vero
1570 3477 1847 3538 praeruptae

293 3558 453 3647 atque
493 3588 727 3644 aspera};
775 3571 852 3625 sic
889 3580 942 3623 et
983 3567 1266 3635 Scriptura:
1309 3576 1473 3616 sacra:
1512 3569 1688 3630 partes
1732 3558 1849 3611 aliae

294 3676 423 3723 sunt
446 3682 509 3722 ex
536 3681 595 3719 se
620 3662 861 3717 omnibus
885 3660 1151 3713 intellectu
1186 3654 1397 3719 faciles,
1440 3652 1558 3705 alim
1597 3650 1848 3717 majorem

295 3758 618 3827 diligentiam
659 3767 721 3807 ac
749 3752 978 3806 laborem
1019 3749 1309 3815 requirunt.
1356 3746 1432 3797 Ac
1470 3757 1565 3795 nos
1602 3740 1843 3808 quidem,

296 3864 416 3903 cum
452 3861 548 3915 per
576 3842 841 3912 planitiem
881 3840 1169 3905 laevemque
1209 3835 1348 3887 viam
1392 3831 1715 3894 incedimus,
1757 3843 1850 3882 ne-

296 3951 447 3992 cesse
477 3949 579 3987 non
607 3941 704 3996 est,
738 3940 794 3985 ut
820 3927 1097 3983 admodum
1124 3924 1303 3978 attenti
1334 3924 1535 3978 simus:
1574 3935 1693 3974 cum
1725 3933 1849 3972 vero

298 4043 394 4097 per
412 4038 651 4093 asperam
673 4030 725 4076 et
748 4027 1039 4089 angustam,
1064 4029 1282 4084 qumque
1302 4027 1358 4067 se
1383 4011 1447 4065 ad
1468 4011 1635 4079 ipsum
1656 4008 1849 4062 montis

297 4128 551 4169 cacumen
576 4109 841 4172 extendat,
868 4116 922 4161 et
947 4104 1244 4175 prmcipitiis
1262 4102 1484 4171 undique
1505 4097 1847 4153 circumclusa

300 4206 402 4268 sit,
454 4216 561 4257 tum
588 4201 728 4270 vigili
754 4207 928 4253 mente
957 4196 1105 4251 nobis
1131 4208 1260 4263 opus
1282 4202 1364 4247 est
1382 4232 1397 4258 ,
1432 4206 1551 4245 cum
1582 4190 1680 4243 loci
1708 4187 1848 4241 diffi-

297 4298 468 4349 cultas
493 4304 700 4360 torpere
728 4305 830 4343 non
876 4288 1034 4341 sinat.
1079 4283 1423 4350 Quantumvis
1460 4281 1599 4335 enim
1644 4277 1849 4333 modice

298 4384 417 4453 quis
443 4382 762 4451 negligenter
782 4377 1017 4445 aspiciat,
1045 4374 1088 4427 si
1118 4373 1286 4427 solum
1310 4386 1400 4438 pes
1420 4369 1739 4439 prolabatur,
1766 4376 1848 4420 to-

302 4485 409 4527 tum
440 4485 631 4540 corpus
656 4470 706 4523 in
734 4482 969 4536 prarccps
996 4465 1139 4528 ruit,
1188 4472 1241 4517 et
1281 4464 1325 4516 si
1352 4462 1404 4514 in
1442 4461 1629 4514 vallem
1679 4460 1850 4528 capite

300 4567 549 4620 inclinato
578 4559 907 4629 deSpexerit,
944 4555 1268 4611 tenebricosa
1294 4560 1568 4621 correptus
1598 4551 1851 4620 vertigine

297 4656 627 4709 deturbatur.
653 4650 742 4705 Sic
767 4658 821 4703 et
845 4648 895 4701 in
926 4646 1193 4715 Scriptura
1218 4644 1389 4698 divina
1409 4642 1645 4711 quaedam
1672 4640 1851 4695 faciles

298 4751 422 4797 sunt
448 4757 510 4794 ac
539 4741 709 4807 plana“:
732 4737 1004 4791 sententia;
1023 4774 1038 4798 ,
1068 4748 1196 4801 quas
1224 4733 1338 4785 sine
1362 4732 1540 4784 labore
1570 4732 1691 4784 licet
1731 4746 1849 4797 pcr-

297 4845 513 4887 currere
545 4847 559 4883 :
588 4826 825 4896 quaedam
850 4822 1141 4891 asperiores
1168 4828 1219 4873 et
1246 4828 1520 4888 prmrupta:
1537 4859 1550 4879 .
1594 4832 1721 4886 quas
1745 4833 1848 4872 non

300 4925 370 4977 ita
399 4921 547 4975 facile
573 4918 726 4972 fuerit
765 4927 1052 4984 permeare.
1083 4912 1362 4979 Propterea
1393 4910 1574 4977 vigiles
1599 4918 1651 4962 et
1678 4918 1849 4962 atten-

300 5024 383 5068 tos
404 5026 523 5065 esse
548 5017 764 5063 cunctos
790 5012 1027 5072 oportet,
1057 5002 1178 5055 dum
1207 5000 1464 5070 ejusmodi
1496 5000 1605 5054 loca
1634 5014 1850 5068 percur-

302 5106 467 5157 rimus
491 5142 505 5166 ,
546 5113 613 5152 ne
655 5097 708 5149 in
751 5108 1011 5148 summum
1038 5092 1218 5145 salutis
1250 5092 1532 5145 discrimen
1561 5090 1848 5145 veniamus.

306 5192 505 5245 Idcirco
535 5201 630 5241 nos
654 5182 915 5239 interdum
942 5182 993 5233 in
1036 5179 1356 5234 facilioribus
1394 5194 1486 5233 vos
1521 5195 1848 5244 exercemus,

304 5290 692 5346 nonnumquam
716 5273 781 5327 ad
809 5270 1097 5324 difficiliora
1118 5269 1443 5334 deducimus,
1469 5278 1525 5321 ut
1545 5281 1597 5323 et
1621 5269 1849 5323 laborem

301 5373 538 5427 levemus
562 5410 577 5432 ,
613 5377 665 5424 et
690 5365 1056 5436 negligentiam
1095 5367 1432 5417 excutiamus.
1474 5364 1541 5418 Ut
1582 5364 1720 5417 enim
1763 5364 1849 5431 qui

303 5476 513 5530 semper
539 5458 834 5513 facilitatem
862 5455 1216 5523 experiuntur,
1244 5454 1569 5508 remissiores
1592 5455 1720 5506 fiunt
1745 5472 1756 5505 :
1782 5454 1848 5506 ita

366 5612 439 5723 (ἱιέ
472 5610 649 5682 (lollan
670 5623 777 5663 cum
801 5606 914 5659 Cod.
939 5614 1052 5671 Reg.
1076 5606 1211 5664 2345,
1231 5618 1279 5654 et
1296 5618 1403 5653 cum
1425 5607 1710 5656 Colbcrtlnis
1734 5605 1852 5677 1059

445 5674 515 5723 15.
543 5672 596 5720 In
620 5669 754 5719 titulo
778 5678 883 5723 post
905 5668 989 5716 bas
1014 5679 1172 5723 voces,
1194 5679 1405 5723 gressum
1424 5680 1575 5723 suum,
1602 5668 1701 5716 haec
1723 5666 1851 5715 addit

305 5681 357 5723 et
373 5666 515 5723 τετιδ.
543 5672 596 5720 In
620 5669 754 5719 titulo
778 5678 883 5730 post
905 5668 989 5716 bas
1009 5666 1172 5725 "voces,
1194 5679 1405 5729 gressum
1424 5680 1575 5727 suum,
1602 5668 1701 5716 haec
1723 5666 1851 5715 addit

306 5734 516 5793 Samius,
545 5739 587 5781 et
609 5730 780 5791 diriget
806 5728 929 5778 riam
949 5727 1067 5788 ejus.

1951 3374 2040 3441 qui
2069 3381 2324 3441 perpetuo
2351 3370 2413 3423 ad
2442 3367 2706 3434 asperiora
2736 3363 3137 3432 pertrahuntur,
3170 3359 3401 3412 animum
3429 3357 3507 3410 la-

1951 3463 2079 3517 bore
2119 3459 2387 3530 defatigati
2437 3455 2783 3525 despondent.
2832 3452 3084 3519 Quocirca
3127 3450 3346 3504 mixtum
3392 3462 3511 3502 esse

1953 3560 2160 3621 Oportet
2189 3550 2441 3605 doctrinm
2468 3561 2631 3616 genus
2650 3585 2663 3609 ,
2712 3552 2766 3598 et
2809 3558 2947 3596 nunc
2976 3540 3183 3609 quidem
3213 3539 3339 3604 hoc,
3369 3552 3512 3591 nunc

1952 3649 2131 3694 autem
2169 3637 2296 3691 illud
2323 3645 2587 3698 tractare,
2630 3641 2686 3687 ut
2726 3646 2895 3700 neque
2924 3643 3073 3683 mens
3115 3628 3251 3682 ultra
3293 3627 3505 3680 modum

1952 3732 2252 3794 relaxetur,
2302 3743 2472 3797 neque
2510 3739 2692 3780 rursus
2732 3724 2849 3791 plus
2874 3736 3029 3791 quam
3059 3734 3154 3789 par
3191 3727 3270 3773 est
3313 3718 3506 3771 intenta

1954 3821 2222 3889 frangatur
2241 3861 2255 3882 ,
2281 3828 2337 3873 et
2369 3817 2633 3870 laboribus
2661 3813 2940 3881 defatigata
2968 3809 3195 3865 deficiat.
3224 3808 3508 3872 Propterea

1954 3924 2120 3977 nuper
2145 3924 2265 3962 cum
2290 3907 2357 3961 de
2392 3905 2549 3960 Petro
2573 3913 2627 3958 et
2652 3903 2814 3958 Paulo
2848 3900 3276 3955 disseruissemus
3313 3897 3332 3966 (
3355 3894 3509 3948 Tomo

1954 3995 2072 4061 III,
2098 3996 2197 4049 col.
2214 3996 2309 4048 571
2337 3991 2493 4062 sqq.),
2519 4000 2571 4045 et
2592 3990 2659 4044 de
2684 3997 2860 4043 exorta
2888 3987 3025 4040 inter
3052 3986 3193 4055 ipsos
3219 3983 3509 4038 Antiochia:

1953 4083 2310 4139 controversia
2333 4121 2347 4145 ,
2392 4091 2720 4148 pugnamque
2751 4078 2893 4130 illam
2917 4115 2931 4140 ,
2965 4075 3241 4144 quaeinter
3272 4087 3364 4128 eos
3392 4087 3510 4127 esse

1953 4173 2264 4234 videbatur,
2314 4185 2442 4239 pace
2484 4170 2669 4235 quavis
2699 4168 2957 4221 utiliorem
3001 4164 3151 4218 vobis
3192 4162 3509 4217 ostendisse-

1954 4279 2109 4329 mus,
2150 4277 2376 4332 cumque
2415 4260 2478 4314 ad
2516 4268 2827 4329 praeruptam
2866 4267 2917 4311 et
2944 4270 3182 4324 aSperam
3226 4268 3321 4308 vos
3367 4253 3507 4306 illam

1955 4355 2091 4408 viam
2134 4354 2528 4409 deduxissemus
2558 4366 2576 4402 :
2612 4350 2855 4419 quoniam
2898 4346 3204 4413 defatigatos
3252 4342 3504 4403 vidimus,

1955 4443 2192 4513 sequenti
2234 4443 2319 4495 die
2358 4442 2423 4495 ad
2450 4440 2590 4494 aliud
2618 4444 2978 4505 argumentum
3023 4448 3114 4485 vos
3154 4430 3505 4493 traduximus,

1954 4534 2080 4587 dum
2120 4533 2259 4587 beati
2306 4530 2560 4584 Eustathii
2599 4525 2857 4597 praeconia
2902 4522 3263 4586 narravimus,
3311 4531 3509 4589 etpost

1957 4622 2100 4674 illum
2152 4621 2396 4688 generosi
2452 4615 2695 4685 martyris
2738 4612 2957 4667 Romani
3014 4612 3193 4666 laudes
3242 4612 3507 4679 percurri-

1954 4725 2070 4763 mus
2097 4706 2166 4779 (a
2188 4709 2205 4777 )
2226 4747 2239 4771 ,
2274 4720 2391 4759 cum
2431 4704 2680 4757 illustrius
2710 4702 2860 4756 nobis
2888 4702 3075 4755 factum
3106 4709 3187 4756 est
3212 4700 3471 4754 theatrum
3490 4740 3505 4765 ,

1956 4798 2175 4867 amplior
2201 4797 2501 4865 applansus,
2530 4809 2593 4848 ac
2621 4792 2789 4863 major
2817 4792 3063 4860 Strepitus
3085 4790 3503 4846 acclamantium.

1956 4889 2024 4943 Ut
2050 4890 2188 4942 enim
2219 4889 2260 4940 si
2291 4887 2408 4955 quis
2434 4886 2519 4938 ubi
2545 4884 2783 4939 defessus
2810 4882 2983 4948 fuerit,
3015 4880 3206 4936 deinde
3230 4881 3280 4932 in
3306 4885 3506 4947 pratum

1956 4976 2309 5045 ingrediatur,
2339 4974 2563 5043 gaudet,
2596 4988 2657 5026 ac
2690 4972 3000 5035 delectatur,
3033 4970 3155 5022 dum
3192 4966 3321 5020 nihil
3356 4980 3507 5035 aspe-

1956 5081 2092 5129 rum,
2121 5064 2247 5117 nihil
2278 5063 2552 5117 molestum
2580 5062 2839 5125 intuetur,
2870 5056 2958 5111 sed
2987 5055 3381 5119 recrcationem,
3410 5069 3507 5108 vo-

1956 5156 2229 5224 luptatem.
2253 5168 2313 5207 ac
2334 5153 2546 5209 delicias
2574 5151 2762 5203 multas
2788 5165 2800 5200 :
2829 5147 2904 5199 sic
2932 5154 2982 5198 et
3005 5158 3097 5198 vos
3122 5154 3230 5198 tum
3258 5143 3514 5212 temporis

1957 5246 2126 5299 affecti
2158 5244 2318 5297 eratis
2342 5282 2355 5305 ,
2388 5242 2509 5295 dum
2539 5247 2651 5307 post
2692 5236 2897 5289 labores
2941 5234 3061 5287 illos
3089 5248 3150 5287 ac
3169 5231 3514 5288 difﬁcultates

1959 5334 2225 5389 concionis
2272 5333 2446 5394 illius,
2493 5338 2756 5395 tamquam
2806 5325 2859 5377 in
2906 5332 3111 5393 pratum
3151 5321 3428 5392 quoddam
3449 5333 3507 5371 tn

1960 5434 2243 5493 martyrum
2274 5421 2453 5473 laudes
2492 5419 2739 5487 ingressi,
2785 5415 2946 5469 multa
2974 5430 3093 5469 cum
3121 5414 3507 5484 tranquillitate

1958 5517 2062 5569 illis
2081 5529 2173 5567 vos
2201 5514 2404 5567 deliciis
2430 5509 2746 5579 explevistis.
2778 5507 2890 5565 Non
2918 5510 3056 5562 enim
3086 5516 3193 5561 tum
3219 5515 3368 5560 erant
3391 5520 3511 5574 prc-

2331 5663 2476 5772 égicde
2499 5671 2542 5713 s.
2583 5662 2821 5714 Eustathio
2860 5668 2911 5713 et
2936 5662 2999 5711 de
3022 5668 3064 5710 s.
3096 5668 3295 5710 Romano
3322 5664 3510 5704 sermo—

2304 5740 2427 5772 HOC.

2016 5666 2088 5725 (a)
2121 5672 2208 5712 Pan

1956 5739 2045 5774 I185
2068 5732 2208 5773 T0m0
