4064 6214
560 393 669 448 155

553 497 835 551 hensiones
865 509 926 548 ac
953 493 1116 546 mutui
1144 505 1344 555 nexus,
1378 505 1548 560 neque
1574 490 1728 545 luetae
1773 503 1838 542 ac
1881 487 2109 541 declina-

553 588 723 640 tiones
752 585 816 652 (a
834 583 996 651 ),sed,
1023 583 1232 636 nemine
1254 581 1575 645 obluctante,
1605 579 1714 633 sola
1741 577 2000 646 expedita,
2031 591 2116 629 so-

550 676 660 730 luta
704 683 757 728 et
801 673 961 726 libera
1012 672 1181 724 oratio
1219 671 1540 725 decertabat.
1605 667 1806 722 ldcirco
1849 679 2019 719 autem
2063 675 2116 719 et

550 763 804 817 illustrior
831 771 961 825 crat,
987 769 1039 815 et
1065 761 1227 815 sacris
1253 758 1596 814 conventibus
1620 757 1809 825 aptior,
1837 757 2112 823 majorem-

551 867 654 923 que
683 852 888 906 laudem
917 850 1238 920 reportabat.
1268 850 1397 903 Cum
1420 848 1560 901 enim
1588 863 1668 911 ea,
1700 863 1817 915 qua:
1847 845 2111 908 dicuntur,

554 959 673 997 cum
701 942 947 996 facilitate
973 955 1122 995 mens
1148 940 1446 993 auditorum
1481 938 1794 1006 assequitur,
1828 936 1990 989 multa
2016 949 2112 988 vo-

553 1033 749 1100 luptate
778 1032 1008 1100 perfusa,
1039 1028 1102 1083 ad
1131 1028 1560 1082 acclamationem
1588 1034 1640 1080 et
1661 1025 1866 1080 laudem
1890 1025 2114 1079 oratoris

556 1123 836 1176 excitatur.
876 1118 1095 1187 Quando
1137 1119 1293 1188 igitur
1315 1116 1524 1173 abunde
1552 1131 1644 1170 vos
1679 1115 1762 1169 his
1804 1115 1991 1170 diebus
2031 1129 2112 1167 re-

550 1211 870 1274 t-rcavimus,
904 1224 1070 1278 neque
1097 1209 1374 1262 molestum
1405 1216 1496 1261 aut
1521 1221 1680 1276 grave
1709 1205 1989 1275 quidquam
2021 1221 2112 1258 ve-

549 1313 678 1355 stne
720 1302 1009 1370 objecimus
1061 1301 1303 1366 caritati,
1345 1314 1443 1368 age
1493 1314 1674 1354 rursus
1720 1298 1876 1353 hodie
1915 1313 2009 1351 vos
2047 1298 2111 1351 ad

553 1391 782 1462 priorem
811 1392 1239 1446 exercitationem
1269 1390 1622 1456 traducamus,
1649 1399 1702 1445 et
1744 1389 1810 1444 ad
1839 1389 1924 1443 illa
1966 1388 2111 1443 Scri-

552 1491 721 1552 ptura:
750 1481 978 1537 difﬁcilia
1009 1483 1141 1548 loca,
1172 1497 1288 1552 quin
1317 1482 1476 1535 multa
1504 1480 1738 1552 indigent
1781 1479 2111 1535 animadver-

551 1573 731 1638 sione,
765 1575 1136 1628 transferamus
1159 1614 1174 1640 ,
1217 1589 1321 1627 non
1364 1581 1422 1628 ut
1454 1572 1631 1627 labore
1657 1586 1749 1626 vos
1783 1571 2074 1641 affligamus
2096 1613 2110 1636 ,

554 1661 646 1716 sed
677 1670 730 1716 ut
757 1677 1125 1724 exerceamus,
1155 1677 1258 1732 quo
1287 1663 1494 1732 possitis
1527 1662 1639 1716 haec
1666 1663 1821 1716 etiam
1854 1663 1966 1716 loca
1993 1676 2112 1715 cum

553 1752 833 1806 securitate
873 1765 1197 1819 percurrere.
1249 1752 1314 1806 Ut
1354 1767 1478 1821 ergo
1518 1761 1626 1805 tum
1675 1751 1924 1820 temporis
1966 1751 2113 1804 initio

552 1841 764 1910 quidem
807 1856 976 1911 pugna
1006 1842 1242 1911 qumdam
1282 1855 1397 1896 esse
1435 1855 1496 1895 ac
1539 1844 1806 1895 contentio
1837 1841 2110 1896 videbatur

552 1931 931 2000 apostolorum,
951 1941 1222 2001 postquam
1244 1939 1418 1986 autem
1441 1931 1684 2000 scopulos
1707 1931 1822 1986 illos
1853 1945 2108 1986 conscen-

551 2021 757 2084 dimus,
791 2035 999 2075 sursum
1030 2021 1220 2075 deinde
1243 2020 1470 2090 Spiritus
1504 2021 1728 2075 fructum
1773 2022 2071 2090 aspeximus
2095 2061 2109 2085 ,

550 2111 820 2165 caritatem
847 2153 859 2175 ,
890 2111 1134 2180 gaudium
1154 2149 1172 2177 ,
1212 2126 1393 2181 pacem
1425 2111 1573 2181 (Gal.
1607 2113 1659 2167 5.
1692 2109 1820 2182 22),
1852 2121 1906 2167 et
1944 2127 2112 2181 neque

550 2201 744 2266 inanis,
777 2217 948 2272 neque
974 2217 1397 2272 supervacaneus
1428 2203 1522 2257 fuit
1543 2203 1688 2258 labor
1710 2214 1908 2270 noster,
1941 2206 2030 2260 sed
2059 2205 2109 2258 in

557 2292 792 2346 lzrtitiam
816 2293 969 2347 desiit
994 2310 1006 2346 :
1029 2294 1106 2347 sic
1131 2303 1182 2346 et
1204 2293 1361 2348 hodie
1386 2304 1673 2348 vestrarum
1704 2309 1915 2363 precum
1941 2296 2110 2349 subsi-

551 2380 638 2434 dio
668 2382 834 2434 fretus
865 2379 1096 2435 futurum
1123 2381 1333 2435 confido
1355 2425 1368 2446 ,
1409 2391 1486 2447 ut,
1518 2381 1562 2435 si
1591 2383 1846 2451 patienter
1866 2391 1920 2438 ct
1949 2384 2107 2437 multa

549 2487 666 2525 cum
694 2472 966 2526 tolerantia
996 2472 1317 2542 propositum
1347 2473 1496 2526 nobis
1518 2474 1614 2527 iter
1636 2473 1998 2540 conﬁciamus,
2030 2483 2108 2527 at-

550 2576 650 2630 que
675 2560 740 2615 ad
769 2562 936 2630 ipsum
965 2576 1216 2616 cacumen
1239 2560 1526 2617 ascendere
1553 2563 1832 2631 possimus,
1863 2563 1968 2617 illic
1997 2578 2107 2616 om-

548 2651 633 2704 nia
661 2653 814 2720 plana
839 2690 852 2716 ,
883 2651 1033 2706 laevia
1058 2692 1072 2716 ,
1121 2666 1388 2721 pronaque
1415 2653 1760 2723 reperiamus.
1794 2653 1928 2721 Quid
1955 2655 2109 2723 igitur

545 2742 651 2812 jam
683 2742 834 2796 nobis
863 2753 944 2796 est
985 2743 1348 2811 propositum?
1382 2742 1530 2810 Quod
1558 2742 1717 2798 hodie
1759 2761 1824 2798 ex
1851 2746 2106 2814 propheta

547 2831 742 2886 lectum
769 2840 850 2886 est
881 2850 893 2885 :
921 2830 1150 2897 Domine,
1182 2847 1282 2885 non
1308 2842 1378 2885 est
1397 2833 1450 2886 in
1479 2832 1676 2886 homine
1692 2834 1770 2887 via
1799 2837 1924 2904 ejus,
1954 2851 2107 2902 neque

547 2924 636 2977 ibit
665 2924 846 2991 homo,
893 2933 939 2976 et
987 2924 1168 2994 diriget
1209 2941 1432 2994 gressum
1473 2942 1613 2979 suum
1659 2925 1801 2998 (Jer.
1854 2929 1936 2982 10.
1977 2927 2101 2999 25).

557 3015 792 3081 Quaestio
823 3015 1032 3084 quidem
1063 3015 1175 3070 haec
1200 3026 1279 3072 est
1307 3033 1320 3070 :
1351 3031 1443 3072 vos
1468 3031 1592 3073 vero
1611 3058 1626 3084 ,
1655 3027 1710 3072 ut
1734 3017 1964 3073 studium
1985 3027 2106 3073 tunc

547 3107 878 3174 adhibuistis,
904 3108 973 3162 ita
991 3124 1130 3164 nunc
1149 3109 1426 3180 diligenter
1452 3110 1704 3165 attendite
1733 3129 1744 3162 :
1780 3126 1947 3181 neque
1966 3112 2104 3167 enim

546 3197 636 3250 illa
665 3198 837 3251 minor
861 3208 943 3252 est
975 3199 1087 3253 liaac
1115 3201 1371 3268 qua-stic,
1403 3199 1495 3254 sed
1525 3201 1776 3270 majorem
1808 3216 1986 3256 curam
2018 3219 2105 3256 re-

544 3285 724 3353 quirit.
757 3285 888 3352 Quid
921 3287 989 3340 ita
1013 3288 1034 3339 ?
1057 3289 1312 3354 Quoniam
1345 3290 1432 3344 illa
1453 3289 1663 3359 quidem
1692 3291 1833 3345 Petri
1861 3301 1915 3346 et
1939 3292 2104 3358 Pauli,

545 3393 661 3446 qua:
696 3377 968 3432 videbatur
1004 3393 1122 3434 esse
1164 3382 1521 3435 controversia
1544 3422 1557 3444 ,
1610 3397 1708 3438 nec
1742 3393 1915 3438 tamen
1958 3394 2104 3447 erat,

547 3485 651 3525 non
681 3471 751 3524 ita
777 3471 954 3526 multis
986 3479 1106 3527 nota
1128 3482 1260 3539 erat,
1290 3473 1430 3528 unde
1459 3489 1557 3529 nec
1588 3475 1726 3528 illam
1760 3477 2103 3545 ignorantiam

549 3563 837 3619 verisimile
888 3563 985 3619 fuit
1042 3564 1259 3618 multum
1316 3565 1640 3622 inveCturam
1683 3567 2103 3621 detrimentum:

547 3656 660 3709 haec
679 3665 850 3710 autem
869 3657 1128 3711 sententia
1149 3655 1519 3711 circumfertur
1538 3657 1749 3726 ubique,
1774 3658 1825 3712 in
1847 3658 2105 3723 domibus,

547 3745 600 3798 in
623 3743 767 3811 foris,
801 3745 854 3799 in
881 3745 1046 3815 pagis,
1076 3747 1128 3799 in
1157 3746 1393 3810 urbibus,
1417 3746 1468 3800 in
1493 3756 1649 3814 terra,
1684 3749 1733 3800 in
1763 3750 1914 3814 mari,
1947 3749 1996 3802 in
2030 3750 2108 3802 in-

547 3837 677 3890 sulis
705 3852 718 3887 :
747 3843 802 3891 et
827 3850 1156 3905 quocumque
1185 3844 1238 3890 te
1262 3836 1548 3891 contuleris
1569 3838 1759 3892 multos
1787 3839 1989 3904 audies,
2021 3840 2106 3907 qui

550 3931 664 3985 haec
682 3931 863 3985 dicunt
884 3947 897 3983 :
919 3930 1181 3999 Scriptum
1212 3939 1314 3994 est,
1339 3927 1461 3983 Non
1481 3939 1552 3983 est
1575 3928 1628 3982 in
1653 3929 1850 3983 homine
1868 3931 1947 3982 via
1967 3933 2072 4000 ejus
2090 3947 2108 3982 :

550 4036 722 4092 neque
749 4018 918 4076 solum
967 4022 1100 4075 hanc
1141 4021 1456 4075 sententiam
1484 4019 1810 4081 didicerunt.
1859 4020 1949 4076 scd
1979 4021 2111 4075 alias

549 4115 707 4168 etiam
732 4112 930 4166 similes
958 4111 1080 4165 huic
1103 4121 1419 4178 annectunt,
1453 4110 1573 4165 Non
1599 4121 1670 4164 est
1694 4111 1928 4176 volentis,
1961 4127 2113 4180 neque

551 4202 794 4257 currentis
838 4199 1021 4270 (Rom.
1045 4200 1097 4255 9.
1129 4200 1268 4269 i6);
1313 4209 1365 4254 et
1411 4209 1528 4268 post
1554 4199 1682 4254 illud
1730 4215 1947 4266 rursus,
1995 4198 2114 4252 Nisi

555 4293 800 4349 Dominus
829 4291 1147 4360 tediﬁcaverit
1171 4289 1373 4342 domum
1397 4329 1412 4354 ,
1457 4291 1509 4342 in
1545 4304 1724 4343 vanum
1764 4291 2113 4342 laboraverunt

552 4386 635 4452 qui
655 4383 904 4451 terti/licunt
937 4397 1044 4434 eam
1079 4378 1259 4450 (Psal.
1288 4377 1410 4434 126.
1440 4378 1506 4448 1)
1541 4397 1552 4433 :
1583 4379 1634 4433 id
1683 4393 1840 4448 porro
1880 4378 2109 4443 faciunt,

553 4477 691 4544 quod
738 4490 801 4530 ex
842 4473 1110 4544 Scriptura
1149 4473 1326 4527 divina
1366 4471 1733 4542 depromptum
1785 4471 2114 4540 negligentia:

555 4581 663 4619 suae
688 4566 922 4618 velamen
943 4563 1247 4630 obtendant,
1274 4571 1328 4618 et
1353 4563 1574 4618 salutem
1605 4577 1858 4632 Spemque
1881 4573 2115 4616 nostram

559 4654 638 4708 his
668 4653 839 4706 verbis
864 4661 1122 4707 conentur
1155 4651 1460 4722 infringere.
1504 4652 1645 4707 Nihil
1689 4653 1830 4708 enim
1859 4653 1998 4706 aliud
2025 4668 2116 4722 per

554 4743 674 4800 haec
699 4744 877 4796 volunt
896 4741 1124 4804 efﬁcere,
1155 4744 1275 4806 nisi,
1303 4743 1356 4797 in
1387 4751 1646 4812 potestate
1675 4753 1854 4798 nostra
1882 4743 2010 4798 nihil
2040 4744 2114 4797 si-

557 4832 670 4886 lum
699 4847 834 4886 esse.
871 4833 1055 4884 Actum
1087 4839 1168 4884 est
1191 4831 1258 4884 de
1287 4831 1448 4885 rebus
1481 4834 1676 4888 nostris
1705 4849 1717 4886 :
1748 4833 1938 4888 frustra
1971 4833 2117 4902 regni

557 4924 807 4974 caelorum
839 4920 1116 4987 promissio
1140 4959 1153 4981 ,
1192 4917 1384 4974 frustra
1414 4921 1568 4975 minre
1591 4922 1848 4992 gehennae
1867 4963 1881 4987 ,
1922 4921 2118 4977 frustra

547 5009 719 5079 leges,
753 5024 935 5078 paenae.
971 5007 1243 5077 supplicia,
1274 5017 1325 5063 et
1354 5009 1592 5064 consilia.

625 5101 680 5154 2.
717 5099 865 5153 Omni
903 5100 1080 5153 aaendi
1124 5108 1361 5168 potestate
1391 5098 1586 5153 sublata
1627 5101 1822 5154 nullum
1859 5104 2116 5169 meritum,

559 5189 755 5242 nultum
782 5191 1097 5244 demeritum.
1127 5220 1194 5229 —
1219 5189 1354 5258 Quid
1382 5191 1521 5244 enim
1540 5191 1722 5244 attinet
1748 5192 1901 5245 alicui
1927 5206 2121 5245 consu-

557 5285 670 5339 lere
691 5324 707 5351 ,
738 5297 856 5338 cum
883 5284 1009 5337 nihil
1037 5283 1086 5338 in
1117 5283 1231 5353 ejus
1257 5284 1414 5338 situm
1446 5283 1513 5338 sit
1540 5283 1844 5354 potestate?
1881 5291 1971 5337 aut
1995 5282 2120 5352 quid

562 5385 695 5441 opus
722 5379 802 5425 est
831 5372 877 5425 ei
906 5373 1214 5441 promittere
1238 5413 1250 5437 ,
1279 5374 1365 5442 qui
1396 5374 1537 5428 omni
1570 5374 1631 5427 sit
1666 5387 1840 5426 rerum
1867 5372 2123 5441 gerenda-

561 5477 678 5516 rum
706 5461 950 5515 facultate
978 5461 1252 5530 privatus?
1294 5463 1469 5533 Neque
1497 5464 1540 5519 is
1569 5463 1655 5533 qui
1678 5471 1818 5518 recte
1858 5477 1916 5517 se
1942 5477 2121 5531 gesse-

557 5555 660 5617 rit,
693 5554 880 5623 dignns
916 5565 994 5608 est
1036 5554 1187 5608 laude
1211 5597 1225 5622 ,
1273 5571 1442 5624 neque
1487 5556 1574 5626 qui
1613 5555 1923 5625 deliquerit,
1952 5569 2124 5623 paenae

631 5687 1008 5760 (a).M'ud.it.hi_0.
1031 5689 1391 5760 Chrrsqswtnus
1428 5691 1487 5760 at!
1523 5695 1662 5746 ludos
1698 5694 1931 5757 publicos.
1953 5695 2128 5758 quibus

563 5748 813 5799 admodum
831 5748 1002 5800 addicti
1026 5748 1161 5800 erant
1184 5751 1486 5803 Antiocheni.

1222 382 1276 438 S.
1315 380 1588 437 JOANNIS
1624 373 2097 435 CllRYSOSTOMI
2135 373 2448 432 ARCHIEP.
2490 375 3012 434 CONSTANTINOP.

3688 396 3802 452 156

2229 487 2488 541 obnoxius
2515 503 2576 542 ac
2604 490 2879 558 supplicio,
2911 491 3012 544 nisi
3040 490 3240 547 arbitrii
3265 495 3426 548 nostri
3456 492 3648 550 fuerint
3668 511 3790 566 qua:

2226 584 2345 627 sunt
2374 576 2595 644 agenda.
2619 578 2766 644 Quod
2797 579 2839 632 si
2881 578 3037 634 fuerit
3081 581 3181 636 hoc
3222 580 3524 638 hominibus
3566 599 3788 652 persua-

2225 679 2362 728 sum,
2394 681 2549 718 nemo
2567 667 2675 735 jam
2699 669 2919 736 amplius
2941 670 3182 723 virtutem
3216 673 3598 740 amplectetur,
3628 689 3789 728 nemo

2223 769 2252 807 a
2281 757 2406 809 vitio
2431 756 2730 810 declinabit.
2761 759 2888 812 Nam
2909 760 2972 824 si,
2999 760 3122 814 dum
3145 761 3363 829 singulis
3387 763 3572 819 diebus
3596 779 3784 832 perso-

2223 855 2348 899 nant
2386 861 2538 900 aures
2580 849 2850 903 hominum
2890 850 3106 904 vocibus
3150 853 3346 908 nostris
3389 855 3456 908 de
3501 855 3736 924 gehenna
3764 898 3783 919 ,

2220 938 2344 987 dum
2369 937 2524 990 verba
2553 935 2770 992 facimus
2796 939 2862 993 de
2889 954 3056 1010 regno
3084 943 3352 1008 ett-lorum,
3380 943 3504 998 dum
3535 945 3784 1000 intulera-

2221 1023 2352 1078 biles
2386 1040 2570 1096 paenas
2596 1035 2648 1080 et
2677 1029 2885 1096 prmmia
2907 1070 2923 1095 ,
2959 1045 3076 1099 qua:
3104 1032 3387 1086 humanum
3413 1034 3674 1090 excedunt
3702 1035 3783 1088 in-

2220 1113 2509 1181 tellectum,
2539 1119 2898 1186 proponimus,
2926 1119 3053 1173 dum
3072 1121 3414 1186 consulimus,
3440 1123 3563 1178 dum
3590 1127 3782 1180 cohor-

2223 1211 2413 1269 tamur,
2437 1206 2559 1259 dum
2585 1220 2794 1260 omnem
2821 1210 3113 1263 orationem
3144 1210 3504 1276 admovemus,
3533 1228 3672 1283 aegre
3696 1224 3778 1268 ta-

2221 1307 2340 1347 men
2387 1294 2716 1350 adducuntur
2770 1296 2982 1367 quidam
3011 1339 3024 1363 ,
3083 1308 3137 1354 ut
3188 1300 3406 1356 sudores
3449 1317 3541 1370 pro
3587 1303 3777 1358 virtute

2220 1384 2542 1452 suscipiant,
2582 1401 2720 1455 aegre
2748 1402 2776 1439 a
2803 1397 3134 1455 peccatorum
3163 1389 3513 1459 voluptatibus
3547 1406 3777 1446 avocan-

2220 1483 2304 1526 tur
2333 1493 2345 1528 :
2373 1474 2417 1528 si
2444 1475 2576 1529 hanc
2604 1477 2758 1530 etiam
2787 1492 2989 1532 sacram
3013 1478 3286 1549 abrttperis
3312 1496 3576 1545 ancoram,
3600 1498 3776 1537 nonne

2219 1566 2420 1635 integra
2454 1568 2598 1621 navis
2626 1569 2990 1640 submergetur
3011 1613 3026 1638 ,
3082 1579 3135 1627 et
3163 1585 3345 1627 omnes
3373 1573 3580 1642 penitus
3607 1574 3777 1632 ﬂucti-

2219 1657 2315 1711 bus
2343 1659 2576 1727 absorpti
2609 1659 2892 1728 peribunt,
2934 1661 3198 1732 multaque
3225 1663 3457 1733 quotidie
3493 1663 3619 1718 ﬁent
3648 1680 3777 1718 nau-

2221 1746 2417 1818 fragia?
2444 1748 2577 1803 Nihil
2599 1752 2736 1804 enim
2760 1751 2930 1820 plane,
2958 1753 3086 1806 nihil
3116 1754 3188 1807 ita
3216 1753 3483 1808 contendit
3507 1753 3774 1819 diabolus,

2220 1851 2274 1896 ιιι
2296 1841 2485 1896 animae
2512 1842 2749 1897 humana:
2771 1844 3106 1913 persuadere,
3133 1861 3303 1914 neque
3331 1846 3381 1900 in
3403 1847 3632 1915 peccatis
3655 1861 3772 1900 eam

2217 1935 2485 2004 suppliciis
2513 1936 2790 1990 obnoxiam
2816 1978 2832 2002 ,
2871 1952 3040 2000 neque
3070 1937 3310 1993 laudibus
3339 1947 3391 1992 et
3418 1939 3626 1993 coronis
3655 1951 3774 1994 esse

2216 2027 2423 2097 dignam
2446 2030 2496 2082 in
2523 2039 2666 2085 recte
2695 2030 2841 2086 factis
2862 2073 2876 2099 ,
2904 2042 2961 2085 ut
2988 2042 3040 2086 et
3070 2032 3426 2087 studiosorum
3458 2047 3644 2088 manus
3665 2033 3773 2087 dis-

2216 2120 2406 2186 solvat,
2436 2129 2485 2175 ct
2515 2123 2673 2176 animi
2701 2123 3018 2178 alacritatem
3051 2124 3369 2193 restinguat,
3401 2131 3454 2178 et
3477 2137 3655 2177 eorum
3681 2127 3771 2192 qui

2215 2211 2446 2265 animum
2474 2213 2800 2282 despondent
2827 2214 3080 2268 incuriam
3107 2213 3299 2278 foveat,
3323 2227 3384 2268 ac
3405 2213 3770 2283 negligentiam

2215 2314 2418 2370 augeat.

2283 2392 2505 2446 Libertas
2531 2394 2779 2446 actionum
2807 2395 3157 2448 humanarum.
3187 2423 3256 2435 —-
3281 2395 3535 2462 Quocirca
3560 2393 3770 2462 diligen-

2215 2491 2293 2534 ter
2320 2484 2404 2548 iis,
2432 2499 2547 2551 qua:
2579 2484 2821 2538 dicuntur
2844 2527 2857 2550 ,
2890 2484 3260 2539 attendendum
3291 2492 3393 2540 est.
3420 2484 3770 2552 Praacipitium

2213 2581 2295 2626 est
2323 2575 2566 2642 utrinque
2591 2589 2653 2627 ac
2680 2574 2825 2628 fovea
2863 2575 3008 2629 locus
3033 2575 3130 2629 istc
3156 2615 3169 2638 ,
3209 2575 3309 2628 nisi
3349 2582 3501 2629 caute
3549 2575 3768 2643 legatur.

2212 2662 2347 2728 Quid
2376 2663 2512 2716 enim
2552 2663 2828 2717 dicemus?
2873 2678 2937 2716 an
2965 2663 3269 2734 prophetam
3295 2677 3412 2718 esse
3452 2663 3772 2718 mentitum?

2212 2755 2650 2823 Atpericulosum
2695 2755 2817 2810 eSt?
2866 2770 2969 2809 non
3011 2756 3150 2810 enim
3197 2755 3449 2810 mentitur
3478 2753 3768 2824 preplieta,

2212 2857 2393 2916 utpote
2418 2849 2503 2918 qui
2532 2849 2625 2901 Dei
2657 2863 2811 2902 voces
2841 2850 3198 2918 proloquatur.
3229 2847 3341 2902 Non
3367 2861 3492 2917 ergo
3523 2848 3769 2899 mentitus

2210 2948 2292 2992 εει
2316 2937 2610 3006 prapbeta?
2639 2937 2858 3006 proinde
2885 2953 2988 2992 non
3021 2945 3144 2990 sunt
3189 2938 3239 2990 in
3279 2946 3456 2990 nostra
3489 2944 3768 3003 potestate,

2210 3044 2327 3097 qua:
2353 3043 2508 3098 agere
2529 3027 2825 3082 debemus?
2865 3027 2973 3081 lmo
2999 3037 3049 3081 et
3074 3028 3123 3081 in
3150 3035 3325 3080 nostra
3369 3035 3625 3095 potestate
3669 3025 3766 3078 sita

2211 3129 2332 3174 sunt
2357 3135 2471 3189 qua:
2503 3133 2657 3189 agere
2678 3118 2930 3173 debemus
2950 3160 2964 3184 ,
3009 3127 3062 3171 ct
3094 3118 3344 3187 pr0pheta
3383 3116 3633 3170 mentitus
3664 3131 3769 3170 non

2209 3219 2291 3264 cst
2320 3228 2331 3261 :
2361 3220 2414 3263 et
2437 3209 2620 3263 horum
2649 3217 2926 3278 utrumque
2954 3208 3307 3277 probabimus,
3336 3207 3378 3260 si
3407 3215 3637 3262 attentas
3675 3220 3768 3257 au-

2211 3315 2296 3355 res
2318 3299 2664 3368 prarbueritis.
2695 3299 2973 3368 Propterea
2998 3311 3221 3367 namque
3243 3296 3583 3365 praecipitium
3604 3295 3769 3348 utrin-

2210 3405 2310 3458 que
2335 3390 2592 3457 objeetum
2621 3388 2864 3454 ostendi,
2909 3397 2966 3442 ut
3008 3388 3193 3456 vigiles
3227 3396 3280 3440 et
3307 3385 3490 3439 attenti
3529 3384 3769 3454 preposi-

2213 3491 2318 3534 tum
2360 3481 2510 3534 nobis
2544 3481 2644 3534 iter
2671 3481 3032 3534 conficiemus.
3079 3479 3193 3531 Non
3240 3478 3380 3532 enim
3423 3476 3562 3529 hunc
3596 3475 3771 3528 locum

2213 3581 2408 3626 tantum
2439 3571 2764 3626 excutiemus
2788 3611 2802 3635 ,
2837 3568 2954 3623 Non
2981 3579 3052 3622 est
3076 3569 3127 3620 in
3156 3567 3351 3621 homine
3377 3567 3454 3619 via
3487 3566 3632 3633 ejus;
3675 3565 3769 3618 sed

2212 3673 2262 3717 et
2287 3671 2560 3717 contextus
2588 3675 2797 3714 omnem
2828 3660 3017 3714 seriem
3039 3699 3054 3722 ,
3087 3667 3138 3711 et
3168 3671 3260 3726 pro
3285 3654 3473 3724 quibus
3498 3654 3634 3708 dicta
3665 3653 3771 3707 sint

2213 3755 2322 3820 illa,
2347 3769 2375 3805 a
2401 3768 2536 3822 quo,
2567 3753 2632 3806 ad
2663 3766 2840 3822 quem,
2869 3765 3026 3818 quam
3061 3749 3129 3803 ob
3155 3763 3364 3802 causam
3391 3789 3405 3812 ,
3448 3745 3687 3815 quando,
3717 3753 3772 3800 et

2212 3842 2494 3914 quomodo.
2537 3842 2648 3896 Non
2695 3841 2833 3896 enim
2861 3841 3033 3895 dicere
3063 3837 3255 3894 sufficit
3293 3835 3486 3906 aliquid
3535 3837 3585 3890 in
3626 3834 3771 3890 Scri-

2215 3945 2364 4001 ptura
2387 3934 2636 4001 seriptmn
2664 3930 2909 4000 reperiri,
2939 3945 3106 3997 neque
3132 3939 3330 3982 temere
3365 3926 3543 3980 avulsa
3568 3939 3630 3978 ac
3659 3924 3770 3978 dis-

2213 4034 2391 4091 cerpta
2434 4020 2681 4075 divinitus
2726 4019 2992 4088 inspiratze
3020 4016 3304 4085 Scripturaa
3354 4014 3589 4068 membra
3631 4013 3771 4066 nuda

2214 4121 2270 4167 et
2295 4127 2325 4164 a
2349 4111 2550 4180 reliquo
2583 4119 2724 4163 textu
2746 4110 2985 4176 serieque
3003 4106 3264 4162 sermonis
3285 4104 3520 4173 seiuncta
3539 4117 3771 4168 sumere,

2215 4217 2278 4258 ac
2307 4201 2466 4256 nimia
2513 4201 2720 4256 licentia
2768 4197 3190 4267 conﬁdentiaque
3233 4196 3359 4266 ipsis
3409 4193 3646 4250 illudere.
3686 4191 3777 4246 Sic

2216 4295 2355 4349 enim
2387 4307 2543 4363 prava
2567 4292 2807 4362 dogmata
2849 4290 3014 4345 multa
3056 4294 3106 4344 in
3139 4300 3370 4343 nostram
3403 4285 3538 4340 hanc
3565 4293 3774 4340 aetatem

2216 4385 2420 4440 invecta
2449 4390 2590 4442 sunt.
2617 4383 2740 4436 dum
2788 4379 3252 4450 negligentioribus
3287 4378 3544 4446 persuasit
3588 4376 3771 4429 diabo-

2219 4476 2320 4539 lus,
2349 4483 2407 4528 ut
2430 4474 2641 4542 oblique
2665 4473 2881 4526 distorta
2919 4470 3212 4525 testimonia
3253 4469 3537 4536 Scriptura:
3568 4466 3744 4533 profer

2218 4574 2356 4630 rent,
2384 4564 2464 4618 vel
2489 4563 2678 4616 additis
2703 4561 3084 4630 subtractisque
3115 4558 3376 4614 nonnullis
3410 4556 3649 4611 tenebras
3682 4570 3773 4609 ve-

2219 4657 2356 4710 ritati
2383 4653 2727 4710 offunderent.
2759 4652 2871 4707 Non
2909 4666 3038 4721 ergo
3063 4650 3255 4705 sufﬁcit
3275 4650 3452 4705 dicere
3472 4690 3487 4712 ,
3526 4649 3779 4716 scriptum

2219 4761 2337 4802 esse
2376 4747 2427 4800 in
2474 4745 2742 4814 Scriptura
2767 4785 2781 4809 ,
2833 4744 2924 4797 sed
2971 4751 3129 4796 totam
3161 4743 3348 4796 seriem
3382 4741 3478 4807 legi
3525 4747 3765 4806 oportet:

2219 4836 2641 4906 quandoquidem
2681 4835 2724 4889 si
2753 4833 3149 4890 continuitatcm
3182 4844 3233 4884 ct
3263 4831 3649 4900 cognationem,
3676 4843 3776 4897 qua

2224 4927 2359 4982 inter
2385 4942 2444 4982 se
2470 4941 2702 4981 connexa
2736 4934 2897 4991 sunt,
2947 4925 3328 4989 interrumpere
3364 4919 3618 4975 vellemus
3642 4959 3656 4978 ,
3711 4919 3780 4970 ita

2223 5018 2384 5071 multa
2426 5032 2583 5084 prava
2622 5016 2862 5084 dogmata
2893 5013 3175 5067 orirentur.
3223 5011 3504 5065 Enimvero
3542 5009 3592 5062 in
3635 5006 3781 5061 Scri-

2226 5116 2376 5176 ptura
2401 5107 2652 5174 scriptum
2679 5114 2761 5159 est
2796 5123 2807 5156 :
2839 5103 2956 5156 Non
2983 5114 3053 5156 est
3083 5102 3222 5157 Deus
3249 5102 3413 5170 (Psal.
3446 5102 3528 5155 15.
3556 5099 3647 5167 1);
3692 5107 3741 5150 et
3765 5135 3781 5160 ,

2223 5198 2407 5252 Avertit
2432 5197 2605 5266 faciem
2633 5211 2773 5248 suam
2793 5235 2807 5260 ,
2839 5211 2898 5247 ne
2927 5193 3087 5246 videat
3112 5194 3163 5246 in
3192 5195 3374 5261 ﬁnem:
3402 5199 3454 5245 et
3474 5232 3487 5256 ,
3521 5188 3652 5241 Deus
3683 5203 3784 5241 non

2223 5289 2435 5357 requiret
2478 5284 2662 5358 (Psat.
2705 5284 2789 5350 10,
2818 5285 3087 5338 secundum
3136 5281 3283 5335 Hebr.
3306 5297 3351 5333 υ.
3377 5281 3462 5334 11.
3504 5277 3622 5348 i3).
3651 5277 3785 5331 Num

2227 5381 2385 5451 igitur
2407 5422 2423 5446 ,
2454 5380 2567 5442 dic,
2600 5393 2797 5446 quzeso,
2831 5392 2932 5430 non
2960 5385 3041 5431 est
3070 5374 3243 5429 Deus?
3275 5386 3444 5438 neque
3482 5368 3701 5438 respicit
3728 5383 3788 5420 ea

2226 5489 2341 5543 quae
2368 5472 2418 5525 in
2451 5471 2603 5525 terris
2627 5469 2796 5523 ﬁunt?
2823 5470 2938 5538 quis
2968 5469 3066 5522 hoc
3087 5466 3221 5520 ausit
3247 5464 3428 5518 dicere
3455 5461 3537 5515 vel
3563 5458 3791 5514 audire?

2231 5563 2494 5630 Scriptum
2540 5571 2711 5612 tamen
2753 5568 2830 5612 est
2869 5560 2921 5612 in
2974 5557 3281 5624 Scriptura:
3315 5551 3407 5606 sed
3451 5550 3631 5613 disce,
3685 5563 3792 5618 quo

2234 5663 2383 5726 pacto
2409 5654 2476 5706 sit
2501 5651 2769 5719 scriptum.
2823 5649 2958 5702 Dixit
3002 5648 3257 5716 insipiens,
3306 5643 3511 5710 inquit,
3557 5641 3609 5692 in
3643 5639 3794 5693 corde

2237 5761 2342 5809 suo,
2384 5741 2498 5796 Non
2534 5749 2603 5794 est
2634 5738 2788 5792 Deus.
2819 5738 2932 5792 Non
2959 5736 3240 5804 Scriptum
3270 5730 3576 5804 suffragium
3617 5737 3698 5784 est
3739 5737 3796 5784 et
