4064 6214
175 377 288 431 157

188 474 441 533 sententia
462 516 476 536 ,
516 474 606 529 sed
649 471 808 526 animi
840 468 1135 537 insipientis
1165 486 1178 521 :
1213 480 1317 522 non
1349 466 1483 520 dixit
1505 480 1622 534 qua:
1649 478 1742 519 sua

186 575 307 619 sunt
331 565 624 630 Scriptura,
652 561 742 615 sed
772 574 889 628 quae
916 564 1039 611 sunt
1067 556 1285 609 alterius
1312 552 1654 608 denuntiavit.
1681 551 1746 604 Et

187 672 371 709 rursus
404 674 416 708 :
455 654 715 725 Usquequo
754 650 963 702 irritavit
995 647 1178 716 impius
1202 645 1405 697 Deum?
1448 642 1589 695 Dixit
1616 641 1746 694 enim

187 749 236 799 in
268 744 418 798 corde
442 760 529 796 suo
553 784 566 807 ,
611 742 727 793 Non
765 740 995 807 requiret.
1042 736 1226 789 Avertit
1271 733 1448 802 [aciem
1484 747 1657 796 suam,
1687 746 1747 783 ne

188 839 349 890 rideat
391 838 441 887 in
485 836 630 902 ﬁnem
656 831 834 902 (Psal.
870 830 953 884 10.
986 828 1052 884 15
1078 837 1123 879 et
1148 829 1207 880 Η
1235 829 1272 892 ).
1323 826 1389 878 Et
1431 824 1513 878 hic
1564 836 1747 876 rursus

190 924 418 977 hominis
446 924 586 988 impii
615 937 674 976 ac
700 920 907 975 scelesti
936 919 1186 987 judicium
1210 924 1262 969 et
1287 914 1598 969 sententiam
1621 926 1744 981 pro-

191 1016 357 1082 ponit.
390 1015 464 1068 Ita
491 1028 700 1080 quoque
725 1010 911 1064 medici
938 1009 1107 1062 facere
1136 1006 1335 1070 solent,
1368 1006 1668 1057 insanorum
1695 1010 1748 1055 et

190 1102 478 1154 amentium
510 1110 719 1168 peccata
758 1098 900 1153 sanis
947 1112 1008 1150 ac
1050 1095 1346 1149 valentibus
1393 1101 1643 1156 narrant,
1691 1099 1747 1143 ut

190 1193 456 1244 cautiores
483 1191 613 1244 istos
637 1190 878 1243 reddant.
909 1189 1039 1241 Cum
1069 1188 1224 1256 igitur
1245 1185 1442 1239 sanitas
1466 1185 1655 1236 anima:
1680 1182 1747 1235 sit

193 1284 379 1349 pietas,
408 1281 621 1334 morbus
646 1290 817 1334 autem
848 1288 899 1332 et
928 1278 1202 1331 inﬁrmitas
1228 1290 1431 1330 summa
1455 1276 1616 1328 Deum
1644 1274 1744 1326 mi-

192 1372 333 1423 nime
364 1385 519 1423 nosse
542 1410 557 1433 ,
606 1370 885 1438 impiorum
914 1369 1071 1423 verba
1099 1372 1501 1429 commemorat,
1541 1378 1647 1417 non
1692 1372 1749 1417 ut

189 1475 249 1513 ea
277 1470 477 1513 temere
503 1459 799 1523 audiamus,
826 1459 917 1513 sed
946 1467 1000 1510 ut
1025 1456 1090 1509 ab
1115 1457 1178 1509 iis
1204 1456 1579 1511 abstineamus.
1612 1452 1747 1520 Quid

192 1550 450 1618 insipiens
474 1550 682 1613 dixerit,
711 1557 905 1610 narrat,
939 1555 993 1600 ut
1019 1554 1072 1599 tu
1095 1546 1304 1615 sapiens
1331 1545 1443 1609 ﬁas,
1470 1553 1525 1598 et
1552 1543 1747 1597 dictum

191 1640 304 1707 ejus
327 1641 545 1693 minime
577 1640 766 1708 probes
793 1655 806 1689 :
835 1636 958 1706 quid
984 1636 1173 1705 impius
1196 1635 1414 1695 dixerit,
1444 1642 1652 1698 narrat,
1696 1640 1752 1685 ut

192 1743 242 1783 tu
272 1732 598 1800 impietatem
646 1731 831 1799 fugias.
879 1728 1057 1797 Neque
1085 1741 1211 1781 vero
1249 1726 1419 1780 solum
1449 1740 1478 1778 a
1504 1732 1749 1777 contextu

190 1821 436 1889 serieque
464 1820 721 1873 sermonis
745 1817 1017 1871 avellenda
1041 1816 1152 1869 loca
1180 1829 1285 1868 non
1315 1822 1455 1877 sunt,
1480 1813 1571 1867 sed
1592 1813 1749 1867 etiam

190 1925 315 1961 sana
346 1918 398 1962 et
429 1909 626 1976 integra
654 1918 774 1960 sunt
803 1906 1133 1974 proferenda,
1165 1904 1402 1972 nihilque
1428 1902 1749 1957 addendum.

261 1998 461 2051 Abusus
498 1999 594 2051 loci
624 1997 776 2050 Pauli
819 2013 879 2049 ex
912 1995 1075 2063 Epist.
1100 1994 1166 2045 ad
1194 1993 1418 2046 Corinth.
1446 1995 1496 2046 l.
1517 2017 1587 2031 -α
1606 1990 1751 2045 Multi

190 2098 333 2141 certe
365 2088 606 2155 quaedam
638 2088 794 2141 etiam
826 2087 927 2138 alia
956 2083 1329 2137 circumferunt
1356 2099 1417 2136 ex
1450 2082 1746 2150 Scripturis,

191 2194 309 2243 qua:
330 2177 615 2244 depravate
642 2176 884 2244 allegant.
908 2174 1167 2241 Scriptum
1193 2182 1267 2226 est
1291 2172 1451 2237 enim,
1477 2170 1749 2239 inquiunt:

191 2266 245 2318 Si
280 2266 457 2319 uraris
482 2304 496 2329 ,
526 2280 742 2318 uxorem
770 2263 945 2316 ducito
982 2279 996 2315 :
1030 2276 1285 2329 nusquam
1319 2270 1489 2313 tamen
1539 2257 1639 2312 boc
1684 2259 1753 2311 ita

194 2357 450 2424 scriptum
477 2364 586 2417 est;
618 2353 709 2407 sed
740 2338 842 2421 quo
873 2361 1021 2420 pacto
1051 2352 1117 2405 sit
1154 2352 1402 2418 scriptum
1437 2347 1707 2403 considera
1737 2365 1751 2401 :

195 2444 323 2497 Dico
352 2454 518 2496 autem
540 2460 637 2495 non
666 2443 831 2510 nuptis
856 2452 902 2495 et
929 2441 1106 2503 viduis,
1131 2442 1309 2493 bonum
1336 2437 1437 2492 illis
1461 2448 1549 2502 est,
1576 2439 1619 2492 si
1642 2450 1754 2490 ma-

195 2545 344 2587 neant
370 2576 383 2598 ,
413 2536 536 2587 sicut
561 2542 605 2586 et
629 2550 717 2600 ego
750 2549 767 2585 :
795 2533 925 2599 quod
953 2533 995 2583 si
1022 2548 1117 2584 non
1146 2548 1197 2583 se
1230 2533 1508 2595 continent;
1534 2530 1719 2582 nubant
1735 2546 1755 2594 ,-

195 2626 376 2675 melius
400 2625 530 2675 enim
556 2632 622 2675 est
646 2623 825 2675 nubere
845 2638 993 2690 quam
1021 2623 1099 2672 uri
1128 2622 1199 2688 (1.
1229 2619 1345 2673 Cor.
1372 2621 1421 2671 7.
1451 2619 1502 2672 8.
1535 2616 1610 2686 9).
1644 2619 1756 2671 An-

198 2732 302 2768 non
334 2716 492 2782 igitur
517 2714 653 2767 idem
678 2722 777 2774 est,
805 2714 989 2779 inquit,
1014 2712 1068 2766 Si
1090 2712 1280 2774 uraris,
1297 2722 1519 2763 uxorem
1544 2708 1757 2763 ducito?

198 2807 485 2859 Enimvero
534 2804 655 2858 licet
692 2804 828 2857 idem
873 2812 1040 2865 esset,
1073 2816 1178 2854 non
1222 2799 1495 2869 oportebat
1542 2809 1754 2863 tamen,

197 2897 397 2948 omissa
424 2902 563 2947 recta
592 2894 872 2960 Scripturce
911 2892 1221 2959 allegatione
1241 2931 1254 2954 ,
1278 2904 1393 2944 eam
1437 2897 1756 2957 pervertere,

199 2993 414 3054 suisque
458 2985 633 3037 verbis
678 2983 959 3049 Scriptum
1003 2993 1153 3034 sensa
1182 2978 1414 3047 proferre
1446 2995 1457 3029 :
1485 2978 1592 3045 jam
1634 2992 1761 3031 vero

200 3078 425 3130 multum
467 3074 776 3128 offendimus
818 3073 988 3125 inesse
1028 3070 1331 3123 discrimen.
1361 3066 1415 3123 Si
1440 3067 1580 3121 enim
1608 3066 1759 3120 abso-

201 3170 308 3221 lute
337 3166 536 3220 dixeris
556 3206 570 3229 ,
599 3164 653 3217 Si
682 3162 849 3216 uraris
873 3203 888 3225 ,
920 3175 1135 3214 uxorem
1181 3158 1358 3213 ducito
1382 3199 1396 3223 ,
1427 3158 1631 3213 cunctis
1672 3156 1761 3225 qui

199 3259 555 3327 virginitatem
587 3269 797 3308 servare
830 3253 967 3305 ultro
993 3259 1284 3305 statuerunt
1336 3253 1648 3316 potestatem
1685 3248 1761 3300 fa-

200 3350 299 3410 cis,
326 3363 447 3402 cum
487 3348 709 3414 primum
738 3344 895 3398 libido
926 3344 1025 3395 illis
1056 3342 1318 3410 negotium
1348 3340 1568 3393 lacesset
1589 3378 1604 3403 ,
1638 3338 1761 3391 inita

201 3452 323 3489 cum
349 3437 462 3490 Deo
492 3444 641 3503 pacta
684 3432 931 3492 violandi,
960 3440 1114 3499 atque
1139 3430 1203 3483 ad
1234 3428 1438 3495 nuptias
1483 3425 1763 3494 transfuga:

204 3541 358 3580 more
391 3524 713 3587 transeundi,
743 3538 802 3575 ac
828 3522 1071 3589 promissi
1098 3520 1286 3588 prioris
1312 3518 1670 3572 obliviscendi.

276 3618 328 3669 3.
370 3614 519 3678 Quod
547 3616 587 3666 si
629 3613 885 3680 intelligas
912 3653 925 3676 ,
949 3626 1081 3679 quos
1109 3610 1401 3678 alloquetur
1426 3608 1635 3668 Paulus.
1666 3606 1764 3660 hoc

206 3711 312 3757 est.
334 3716 444 3753 non
479 3717 665 3755 omnes
690 3704 905 3770 passim,
930 3719 1113 3757 verum
1133 3719 1244 3768 eos,
1270 3704 1357 3771 qui
1377 3704 1612 3756 nondum
1635 3718 1761 3770 pro-

206 3782 467 3834 missione
506 3799 563 3835 se
590 3784 992 3846 obstrinxerim,
1024 3787 1219 3853 poteris
1264 3784 1474 3838 noxiam
1522 3785 1661 3837 hanc.
1700 3800 1763 3838 ac

202 3871 564 3937 perniciosam
590 3874 771 3927 tollere
799 3876 1121 3928 facultatem.
1144 3874 1269 3927 Dico
1284 3874 1640 3941 enim,inquit,
1662 3889 1762 3925 non

202 3961 380 4028 nuptis
402 3970 448 4013 et
472 3963 655 4025 viduis,
680 3979 784 4017 non
805 3964 999 4032 iisquae
1024 3964 1329 4017 viduitatem
1350 3966 1642 4033 promisere
1668 3966 1758 4019 sed

199 4054 266 4106 iis
286 4071 407 4121 quae
433 4070 605 4119 neque
628 4054 745 4115 hoc,
766 4070 939 4121 neque
957 4054 1083 4106 illud
1109 4053 1488 4107 decreverunt:
1516 4055 1609 4109 sed
1627 4063 1760 4108 tam-

204 4161 364 4213 quam
397 4145 449 4197 in
481 4144 652 4197 medio
694 4144 917 4211 quodam
946 4144 1223 4196 interstitio
1251 4144 1456 4197 consilii
1498 4143 1767 4211 utriusque

203 4242 505 4287 versantur.
550 4232 785 4299 Exempli
841 4246 995 4285 causa
1028 4248 1039 4282 :
1081 4231 1267 4284 mulier
1303 4232 1558 4299 quaepiam
1599 4233 1766 4284 virum

206 4338 358 4375 suum
390 4322 596 4385 amisit,
630 4322 920 4390 nequedum
952 4320 1085 4389 apud
1133 4336 1190 4374 se
1220 4323 1433 4387 statuit,
1464 4337 1632 4391 neque
1677 4321 1767 4375 de-

205 4412 396 4473 crevit,
428 4427 492 4463 an
524 4426 551 4463 a
580 4427 635 4464 se
664 4421 898 4477 oporteat
924 4412 1041 4480 eligi
1075 4412 1375 4466 viduitatem
1402 4454 1416 4478 ,
1448 4428 1513 4465 an
1539 4427 1663 4466 vero
1686 4412 1765 4465 al-

206 4514 380 4557 terum
413 4504 654 4556 maritum
692 4504 899 4556 induci:
936 4504 1068 4557 hanc
1105 4519 1200 4571 ego
1240 4504 1528 4561 admoneo.
1560 4505 1762 4573 inquit,

205 4594 404 4645 bonum
428 4606 544 4645 esse
566 4600 622 4644 ut
648 4592 715 4643 ita
738 4599 1044 4659 permaneat
1069 4609 1080 4643 :
1110 4592 1245 4659 quod
1273 4592 1315 4645 si
1342 4608 1475 4646 onus
1498 4592 1636 4647 ferre
1663 4608 1764 4645 non

203 4683 397 4751 possit,
426 4683 588 4736 nubat
615 4704 627 4737 :
660 4697 749 4736 eas
764 4696 889 4735 vero
918 4698 1032 4750 qua:
1051 4683 1157 4749 jam
1190 4698 1448 4750 aggressa:
1473 4692 1612 4745 sunt,
1635 4692 1689 4736 et
1716 4685 1764 4735 in

206 4787 392 4826 earum
421 4772 594 4826 album
626 4780 748 4825 sunt
776 4772 953 4824 relatae
978 4812 991 4835 ,
1020 4787 1134 4840 quae
1175 4772 1475 4824 viduitatem
1503 4772 1763 4837 tolerant,

206 4873 254 4917 et
283 4876 405 4916 eum
435 4862 540 4913 Deo
568 4870 775 4929 pactum
793 4861 1040 4923 inierunt,
1068 4876 1169 4912 non
1197 4861 1299 4927 jam
1325 4860 1430 4912 vult
1455 4860 1517 4911 ad
1546 4862 1765 4914 alterum

207 4967 367 5019 posse
391 4950 777 5003 matrimonium
806 4951 1017 5004 reverti.
1048 4950 1327 5018 Propterea
1353 4948 1419 5003 de
1444 4949 1545 5003 illis
1584 4950 1647 5002 ad
1676 4950 1765 5003 Ti-

208 5041 478 5094 motheum
513 5039 750 5092 scribens
785 5038 860 5092 sic
890 5041 960 5092 ait
990 5057 1000 5090 :
1030 5038 1449 5092 Adolescentiores
1485 5050 1645 5091 autem
1691 5042 1767 5092 vi-

211 5134 334 5185 duas
375 5131 557 5183 devita.
589 5128 710 5181 Cum
753 5130 881 5180 enim
924 5130 1189 5182 luxuriatae
1218 5130 1401 5198 fuerint
1449 5132 1500 5181 in
1549 5130 1763 5192 Christo,

206 5222 389 5272 nubere
429 5220 598 5271 volunt
629 5218 858 5269 habentes
902 5218 1294 5280 damnationem,
1323 5221 1438 5285 quia
1466 5221 1677 5286 primam
1707 5222 1767 5287 ﬁ-

207 5312 318 5361 dem
345 5310 539 5361 irritam
568 5308 784 5376 fecerunt
808 5306 827 5376 (
854 5309 896 5359 l.
919 5307 1047 5360 Tim.
1071 5311 1122 5363 5.
1161 5312 1241 5362 il.
1276 5309 1548 5379 19.).‘o’ides
1579 5321 1636 5363 ut
1678 5327 1765 5363 eas

208 5398 292 5451 hic
319 5398 542 5465 casdget
582 5412 642 5450 ac
680 5397 876 5465 puniat,
908 5408 958 5449 et
997 5398 1247 5451 obnoxias
1278 5415 1444 5467 poenae
1474 5416 1534 5454 ac
1569 5402 1765 5468 judicio

206 5504 323 5542 es<e
351 5488 491 5542 dicat
514 5528 529 5552 ,
556 5488 694 5556 quod
739 5489 860 5541 inita
901 5504 1015 5539 cum
1062 5490 1168 5541 Deo
1202 5500 1346 5557 pacta
1377 5492 1684 5553 violarint‘,
1714 5503 1765 5545 et

270 5619 284 5646 ι
316 5623 445 5685 tinus
470 5615 615 5674 Cod.,
657 5623 796 5677 pacta
832 5615 1190 5673 com'ulcarunt,
1230 5619 1399 5666 eadem
1426 5633 1618 5675 prorsus
1650 5636 1762 5671 scn-

207 5683 355 5727 lentia

1013 356 1075 410 IN
1114 356 1331 421 ILLUD,
1362 354 1634 412 DOMINE,
1675 352 1807 407 NON
1846 354 1973 410 EST
2010 358 2072 413 lN
2104 358 2378 423 llOMlNE.
2405 362 2556 421 ETC.

3289 386 3398 442 158

1848 472 2123 538 promissis
2157 491 2260 529 non
2298 478 2582 531 steterint?
2608 478 2785 548 Itaque
2818 495 2881 535 ex
2914 482 3014 537 hoc
3041 480 3158 537 loco
3187 485 3407 553 manife.

1848 573 1983 615 stum
2009 573 2108 628 est,
2139 565 2333 620 dictum
2365 568 2489 623 illud
2534 586 2636 623 non
2680 571 2745 625 ad
2785 587 2873 626 eas
2909 589 3025 642 qua:
3049 574 3409 639 promiserant

1849 667 1966 705 esse
1992 654 2245 709 directum
2275 673 2287 707 :
2322 658 2519 712 idcirco
2558 676 2661 714 non
2702 677 2820 716 esse
2850 664 2975 718 illud
3007 674 3202 721 temere
3230 668 3408 736 profe-

1849 742 2068 795 rendum
2093 782 2108 807 ,
2140 744 2231 797 sed
2284 749 2573 802 noscendas
2616 765 2734 805 esse
2776 768 3061 821 personas,
3093 772 3222 824 quas
3259 757 3402 811 Scri-

1851 840 2015 897 ptura:
2045 834 2215 887 verbis
2246 834 2345 889 illis
2372 837 2723 903 alloquuntur.

1920 920 2110 973 Abusus
2130 923 2333 977 alterius
2350 926 2447 977 loci
2465 926 3031 994 Scriptura—Rursus
3054 935 3211 988 alium
3236 937 3407 991 locum

1850 1009 2260 1079 circumferunt,
2289 1015 2435 1082 cujus
2464 1030 2568 1068 non
2609 1017 2677 1069 illi
2705 1018 2915 1087 quidem
2946 1030 3257 1079 structuram
3290 1042 3408 1093 per-

1851 1110 2078 1165 vertunt,
2097 1102 2187 1155 sed
2212 1103 2353 1156 aliud
2372 1105 2464 1168 illi,
2484 1106 2621 1173 quod
2644 1109 2692 1159 in
2714 1107 2977 1177 Scriptura
3003 1126 3104 1165 non
3127 1117 3405 1183 reperitur,

1849 1188 2117 1254 adjiciunt.
2151 1190 2292 1244 Talis
2318 1193 2457 1245 enim
2486 1202 2567 1247 est
2591 1194 2782 1248 diaboli
2812 1198 3027 1263 malitia,
3060 1210 3117 1254 ut
3146 1202 3226 1255 vel
3256 1204 3406 1257 addi-

1852 1278 2011 1342 tione,
2042 1280 2121 1333 vel
2161 1281 2515 1335 subtractione
2538 1324 2551 1345 ,
2574 1285 2657 1337 vel
2687 1284 3077 1354 depravatione,
3108 1300 3191 1344 aut
3216 1293 3410 1347 immu-

1854 1368 2048 1422 latione
2067 1378 2339 1424 contextus
2366 1373 2661 1439 perniciosa
2685 1375 2927 1444 dagmata
2954 1377 3267 1435 introducat.
3283 1384 3409 1447 Quis

1854 1455 1937 1507 ille
1967 1471 2121 1524 porro
2152 1458 2301 1511 locns
2342 1460 2462 1512 est?
2492 1459 2659 1514 Meum
2694 1474 2793 1528 est,
2823 1465 3024 1534 inquit,
3068 1478 3412 1537 argentum,et

1853 1562 2013 1598 meum
2040 1565 2217 1601 aurum
2245 1550 2263 1618 (
2283 1549 2412 1620 Agg.
2440 1550 2495 1603 2.
2526 1552 2559 1605 9
2582 1552 2633 1621 );
2664 1562 2716 1607 et
2739 1556 2821 1609 cui
2852 1557 3069 1612 voluero
3097 1560 3233 1614 dabo
3264 1562 3408 1615 illud.

1852 1638 2015 1705 Hujus
2032 1638 2128 1692 loci
2152 1654 2268 1707 pars
2283 1641 2493 1708 quidem
2511 1652 2592 1695 est
2614 1643 2681 1696 ita
2698 1644 2854 1710 dicta,
2871 1662 2993 1715 pars
3011 1664 3137 1703 vero
3153 1650 3286 1704 dicta
3308 1668 3409 1706 non

1853 1736 1953 1793 est,
2001 1727 2094 1782 sed
2133 1729 2375 1783 alicunde
2412 1731 2634 1800 adjecta.
2656 1733 2787 1787 Nam
2823 1735 2946 1789 illud
2973 1738 3213 1805 quidem,
3246 1741 3415 1793 Meum

1852 1827 1924 1869 est
1952 1827 2210 1886 argentum
2229 1859 2243 1883 ,
2273 1828 2317 1871 et
2345 1836 2505 1873 meum
2532 1830 2601 1874 est
2628 1838 2839 1888 aurum,
2870 1823 3001 1877 dixit
3032 1827 3281 1894 propheta
3309 1846 3323 1882 :
3354 1830 3417 1882 il~

1856 1905 1945 1957 lud
1968 1914 2161 1971 autem,
2191 1906 2283 1959 Cui
2313 1908 2527 1962 voluero
2555 1909 2692 1963 dabo
2720 1911 2865 1977 illud,
2893 1927 2999 1967 non
3030 1914 3153 1967 item
3179 1916 3417 1982 sequitur

1854 1994 1906 2047 in
1945 1994 2233 2062 Scriptura,
2264 1996 2356 2050 sed
2383 2012 2447 2050 ex
2486 1998 2689 2051 inscitia
2720 1997 2857 2068 vulgi
2893 2010 3069 2055 natum
3107 2004 3413 2058 circumfer-

1856 2094 1959 2136 tur.
2012 2084 2285 2151 Quodnam
2335 2102 2490 2154 porro
2544 2088 2666 2143 inde
2712 2091 2945 2144 exuritur
2996 2092 3416 2148 detrimentum?

1856 2172 1998 2226 Multi
2026 2174 2295 2239 scelerati,
2324 2185 2373 2227 et
2411 2177 2817 2245 prmstigiatores
2842 2220 2856 2244 ,
2880 2188 3035 2247 atque
3061 2183 3414 2250 intemperan-

1859 2272 1958 2326 tes,
1988 2265 2075 2332 qui
2102 2279 2169 2318 ne
2194 2266 2333 2332 digni
2356 2264 2566 2333 quidem
2591 2277 2731 2333 sunt,
2754 2269 2840 2337 qui
2864 2270 2989 2323 solis
3016 2270 3167 2337 hujus
3194 2287 3407 2341 conspe-

1856 2363 1942 2406 etu
1972 2352 2227 2417 fruantur,
2260 2366 2348 2408 aut
2384 2356 2590 2422 vivant,
2620 2368 2709 2410 aut
2739 2358 2892 2426 hujus
2921 2361 3032 2413 cadi
3056 2362 3292 2429 spiritum
3324 2364 3404 2416 du

1857 2452 2000 2508 eant,
2028 2444 2205 2496 multis
2223 2445 2409 2512 opibus
2438 2445 2722 2512 abundant,
2744 2447 2867 2500 dum
2890 2449 3060 2501 omnia
3088 2451 3409 2514 subvertunt,

1858 2531 2131 2585 viduarum
2160 2534 2346 2586 domos
2371 2534 2641 2601 diripiunt,
2667 2536 2930 2602 orphanos
2955 2538 3197 2604 spoliant,
3232 2540 3413 2592 adver-

1859 2632 1949 2673 sus
1978 2618 2254 2674 inferiores
2275 2621 2586 2675 eﬁ‘eruntur.
2618 2622 2812 2678 Volens
2839 2639 2964 2693 ergo
2985 2625 3223 2679 diabolus
3252 2628 3419 2681 homi-

1863 2708 2013 2763 nibus
2064 2708 2381 2777 persuadere
2432 2710 2638 2765 divitias
2709 2715 2939 2780 desuper
3002 2723 3159 2781 atque
3209 2731 3272 2769 ex
3329 2716 3419 2769 Dei

1861 2796 2132 2866 largitione
2176 2812 2410 2864 manare,
2440 2808 2499 2853 ut
2535 2816 2600 2854 ex
2642 2801 2744 2854 hoc
2775 2816 3013 2870 magnam
3042 2803 3419 2872 blasphemiam

1862 2890 2083 2944 Domino
2126 2890 2413 2961 impingat,
2442 2901 2644 2960 sumpta
2678 2892 2777 2945 hac
2824 2892 3108 2959 Scripturte
3163 2898 3420 2949 sententia

1863 2994 1980 3047 quae
2011 2980 2087 3033 sic
2116 2980 2309 3033 habet:
2339 2980 2511 3035 Meum
2538 2990 2609 3034 est
2633 2992 2910 3051 argentum,
2940 2993 2984 3035 et
3030 3002 3190 3037 meum
3218 2996 3287 3040 est
3333 3003 3425 3039 au-

1863 3085 1989 3132 rum,
2023 3070 2177 3122 aliam
2205 3085 2319 3138 qua:
2348 3070 2399 3123 in
2420 3070 2693 3139 Scriptura
2720 3089 2824 3127 non
2853 3082 2950 3137 est,
2985 3075 3173 3140 adjecit
3198 3077 3375 3129 dicens
3406 3094 3420 3129 :

1864 3157 1932 3210 Et
1979 3158 2062 3211 cui
2092 3157 2309 3212 voluero
2353 3160 2490 3213 dabo
2534 3160 2680 3213 illud.
2716 3162 2782 3214 At
2810 3176 2911 3215 non
2954 3162 3022 3215 ita
3051 3164 3173 3217 dicit
3201 3167 3423 3232 Aggzeus

1867 3247 2119 3315 prepheta
2146 3266 2158 3299 :
2188 3248 2279 3302 sed
2308 3264 2425 3303 cum
2452 3264 2514 3303 ex
2540 3250 2878 3305 barbarorum
2908 3254 3119 3322 regione
3148 3255 3428 3310 rediissent

1864 3338 2050 3404 Judari,
2080 3348 2133 3393 et
2162 3340 2497 3393 instauraturi
2530 3343 2780 3409 templum
2811 3352 3006 3408 essent,
3040 3354 3195 3413 atque
3222 3346 3284 3397 ad
3314 3347 3423 3413 pri-

1865 3429 2058 3481 stinum
2090 3430 2425 3498 splendorem
2455 3434 2684 3485 evecturi
2713 3473 2728 3496 ,
2756 3447 2873 3486 cum
2906 3438 3053 3502 egeni
3080 3443 3257 3489 essent
3286 3446 3336 3488 et
3362 3438 3429 3491 ab

1868 3516 2103 3571 hostibus
2147 3518 2477 3572 circumfusis
2524 3520 2725 3575 obsessi
2751 3563 2763 3585 ,
2796 3523 2954 3574 multa
2988 3532 3255 3589 premente
3296 3540 3429 3591 pau-

1869 3616 2068 3674 perlate
2091 3646 2105 3671 ,
2134 3620 2230 3659 nec
2270 3608 2386 3660 ulla:
2419 3607 2691 3661 facultates
2717 3610 2955 3663 alicunde
2985 3620 3299 3679 apparerent
3326 3653 3339 3674 ,
3374 3615 3425 3667 in

1868 3698 2139 3750 meliorem
2183 3711 2328 3765 spem
2376 3698 2490 3751 illos
2520 3700 2700 3753 volens
2744 3700 2977 3769 erigere,
3014 3716 3076 3754 ac
3115 3704 3431 3771 persuadere

1868 3796 1923 3838 ut
1951 3786 2016 3839 de
2044 3786 2146 3840 ﬁne
2172 3786 2516 3853 confiderent,
2540 3802 2602 3842 ex
2631 3804 2852 3857 persona
2882 3790 2970 3843 Dei
3002 3792 3147 3856 dicit,
3167 3791 3331 3845 Meum
3356 3802 3427 3846 est

1868 3886 2147 3945 argentum,
2177 3886 2222 3928 et
2272 3893 2432 3930 meum
2479 3887 2550 3930 est
2589 3894 2802 3941 aurum;
2829 3888 2873 3931 et
2918 3882 3008 3931 erit
3052 3882 3210 3947 gloria
3255 3882 3433 3935 domus

1868 3965 2012 4017 istius
2038 3966 2298 4017 novissima
2334 3982 2481 4033 super
2506 3968 2717 4030 primam
2746 3966 2902 4035 (Ibid.
2931 3983 2977 4019 υ.
3009 3968 3114 4037 10).

1941 4056 2217 4121 Scriptura:
2244 4056 2386 4107 verba
2412 4058 2655 4124 quomodo
2683 4060 2959 4110 tractanda.
2976 4060 3159 4113 —Sed
3184 4060 3305 4129 quid
3334 4061 3433 4115 hoc

1872 4145 1933 4197 ad
1959 4146 2319 4214 propositum?
2340 4147 2476 4200 dicet
2500 4149 2706 4216 aliquis.
2732 4150 2879 4215 Quod
2908 4166 3009 4204 non
3032 4160 3270 4219 oporteat
3290 4151 3434 4205 Scri-

1870 4248 2033 4305 ptura:
2063 4238 2347 4291 sententias
2384 4248 2581 4292 temere
2610 4241 2841 4307 arripere
2863 4281 2876 4303 ,
2910 4249 3063 4307 atque
3100 4256 3127 4291 a
3158 4241 3293 4294 serie
3322 4255 3425 4293 ser-

1872 4328 2039 4379 monis
2068 4336 2119 4380 et
2157 4328 2447 4396 argumenti
2489 4328 2737 4381 afﬁnitate
2766 4329 3019 4382 divellere
3050 4347 3062 4381 :
3091 4344 3258 4396 neque
3296 4329 3434 4382 nuda

1870 4422 2026 4473 verba
2049 4419 2299 4473 sumenda
2321 4420 2441 4481 sint,
2474 4434 2760 4487 eorumque
2786 4420 3017 4473 subsidio
3044 4419 3291 4473 destituta
3320 4434 3436 4484 qua:

1871 4522 2157 4579 sequuntur
2178 4518 2264 4563 aut
2287 4510 2608 4579 przecedunt,
2633 4520 2689 4564 ut
2706 4526 2800 4579 per
2820 4526 2877 4564 ea
2903 4519 3097 4564 temere
3117 4510 3434 4563 calumniam

1871 4613 2133 4654 struamus
2159 4609 2210 4653 et
2238 4600 2561 4655 cavillemnr.
2594 4602 2787 4655 Annon
2830 4602 2969 4655 enim
2997 4600 3278 4655 absurdum
3318 4610 3398 4654 est
3418 4641 3432 4661 .

1873 4702 1927 4743 ut
1958 4692 2004 4742 in
2033 4690 2240 4757 judieiis
2261 4691 2493 4759 quidem,
2526 4691 2611 4745 ubi
2634 4692 2698 4745 de
2722 4691 2877 4746 rebus
2900 4692 3237 4746 saecularibus
3264 4692 3430 4745 disce-

1874 4791 2099 4846 ptamus,
2126 4780 2299 4833 omnia
2324 4780 2441 4849 jura
2471 4790 2647 4833 nostra
2676 4782 2727 4835 in
2755 4782 2981 4835 medium
3008 4782 3350 4851 proferamus,
3384 4790 3435 4835 et

1873 4870 1980 4921 loca
2003 4910 2015 4931 ,
2049 4878 2312 4937 tempora,
2349 4883 2552 4933 causas,
2590 4884 2844 4938 personas
2870 4912 2884 4936 ,
2917 4871 3120 4939 aliaque
3160 4871 3433 4923 innumera

1874 4956 2220 5024 producamus
2240 4996 2255 5022 ,
2287 4972 2405 5011 cum
2436 4974 2561 5012 vero
2606 4961 2755 5013 nobis
2791 4960 2858 5013 de
2884 4960 2985 5013 vita
3013 4970 3203 5012 mterna
3246 4973 3434 5026 propo-

1870 5049 2023 5099 situm
2046 5048 2112 5100 sit
2132 5057 2416 5113 certamen,
2451 5058 2645 5103 temere
2670 5059 2723 5103 et
2750 5050 3129 5103 inconsiderate
3151 5048 3435 5116 Scriptura:

1871 5135 1980 5189 loca
2010 5137 2376 5205 proferamus?
2404 5139 2478 5191 Ac
2511 5139 2676 5207 legem
2706 5138 2915 5205 quidem
2944 5140 3136 5207 regiam
3167 5154 3323 5192 nemo
3352 5147 3432 5192 te-

1872 5241 2014 5280 mere
2035 5236 2085 5279 et
2108 5226 2491 5280 inconsiderate
2518 5228 2774 5291 recitabit,
2806 5228 2895 5281 sed
2921 5228 3016 5281 nisi
3044 5238 3245 5297 tempus
3268 5236 3432 5293 notet,

1870 5332 1928 5368 ac
1960 5318 2305 5385 legislatorem
2337 5316 2606 5384 designet,
2650 5326 2700 5370 et
2727 5319 2980 5386 integram
3014 5319 3150 5370 illam
3184 5327 3338 5386 atque
3368 5318 3436 5371 il-

1872 5409 2080 5459 libatam
2146 5416 2396 5474 preponat
2427 5449 2439 5469 ,
2489 5410 2770 5477 castigatur
2824 5411 3232 5477 gravissimaque
3283 5424 3435 5477 poma

1871 5496 2145 5547 mulctatur
2175 5516 2185 5548 :
2218 5510 2313 5547 nos
2344 5511 2468 5547 vero
2494 5497 2615 5548 dum
2647 5513 2747 5549 non
2782 5498 2946 5565 legem
2980 5499 3257 5549 humanam
3284 5537 3299 5561 ,
3340 5498 3431 5551 sed

1870 5601 2145 5660 supernam
2174 5601 2233 5637 ac
2255 5586 2319 5637 de
2343 5587 2471 5639 caelo
2494 5586 2757 5654 delapsam
2782 5588 3080 5647 recitamus,
3109 5596 3301 5638 tantam
3326 5602 3433 5652 pra:

1874 5680 2017 5729 nobis
2040 5676 2412 5743 negligentiam
2441 5678 2685 5741 feremus,
2713 5686 2763 5729 ut
2788 5675 2901 5743 ejus
2927 5685 3095 5744 partes
3119 5691 3175 5729 ac
3202 5676 3429 5730 membra
