4064 6214
585 343 698 399 159

568 448 962 517 discerpamus?
991 445 1117 514 Quis
1155 447 1254 498 hoc
1285 448 1431 500 venia
1473 444 1686 511 dignum
1723 443 1974 498 censeat?
2005 438 2134 494 For-

572 548 717 592 tasse
742 536 876 590 ultra
924 534 1140 589 modum
1180 534 1469 588 orationem
1499 533 1760 602 produxi,
1809 541 1860 583 at
1891 545 1993 584 non
2025 531 2139 583 sine

565 643 745 692 causa,
777 641 958 680 verum
991 634 1102 679 uta
1135 639 1291 694 prava
1323 623 1709 678 consuetudine
1739 637 1833 676 vos
1859 621 2137 675 abducam.

564 717 639 772 Nc
666 718 820 786 igitur
843 715 1208 785 defatigemur,
1229 715 1400 770 donec
1426 715 1490 768 ad
1515 715 1674 770 finem
1705 714 2097 782 pervenerimus
2120 734 2134 768 :

565 815 840 877 propterea
873 822 1101 876 namque
1128 808 1234 861 nati
1265 822 1468 868 sumus,
1498 820 1601 860 non
1633 815 1690 859 ut
1717 805 1936 860 edamus
1966 819 2028 858 ac
2054 804 2136 858 bt-

566 898 755 952 bamus
776 939 791 961 ,
813 906 866 952 et
889 897 1202 961 iuduamur,
1231 895 1322 950 sed
1349 906 1404 950 ut
1430 896 1614 950 vitium
1640 895 1901 964 fugiamus
1921 935 1937 960 ,
1968 908 2029 948 ac
2057 893 2138 948 di-

561 988 738 1041 vinam
758 986 983 1054 amplexi
1002 985 1388 1053 philosophiam
1409 984 1653 1038 virtutem
1673 993 1956 1039 sectemur.
1977 982 2136 1037 Natos

562 1076 701 1130 etiim
724 1089 844 1130 esse
872 1089 972 1129 nos
997 1089 1099 1128 non
1127 1083 1182 1128 ut
1205 1074 1426 1129 edamus
1453 1089 1515 1130 ac
1541 1074 1800 1140 bibamus,
1831 1074 1924 1128 sed
1946 1074 2011 1128 ad
2035 1074 2134 1128 alia

561 1168 801 1237 qmedam
845 1168 1010 1222 multo
1053 1167 1256 1235 majora
1299 1167 1624 1236 melioraque
1665 1167 1960 1235 praestanda
1987 1205 2001 1227 ,
2032 1179 2136 1234 quo

562 1269 718 1328 pacto
744 1259 881 1315 Deus
903 1259 1111 1320 doceat,
1134 1257 1276 1322 audi,
1299 1267 1352 1311 et
1378 1272 1532 1326 quam
1562 1257 1747 1311 afferat
1776 1271 1988 1310 causam
2013 1270 2136 1323 pro-

563 1364 679 1420 pter
704 1367 858 1422 quam
884 1351 1151 1404 hominem
1176 1350 1484 1417 procrearit.
1517 1348 1649 1403 Cum
1678 1347 1822 1403 enim
1855 1349 2001 1402 illum
2027 1346 2134 1400 for-

562 1450 763 1503 inaret,
799 1440 882 1495 bis
923 1440 1096 1494 verbis
1141 1454 1264 1494 usus
1307 1449 1426 1493 est:
1464 1437 1736 1492 Faciamus
1775 1438 2024 1490 hominem
2067 1437 2134 1488 ad

559 1533 823 1602 imaginem
863 1540 1086 1585 nostram
1151 1540 1196 1584 et
1232 1533 1297 1583 ad
1325 1529 1700 1583 similitudinem
1725 1528 1887 1600 (Gen.
1920 1530 1969 1582 1.
2001 1527 2069 1581 26
2089 1526 2129 1597 ).

630 1625 683 1676 6.
730 1621 834 1676 Deo
896 1623 1144 1691 quomodo
1183 1621 1370 1675 similes
1413 1621 1702 1690 efﬁciamur.
1728 1619 1983 1673 —Porro
2022 1618 2132 1672 Deo

559 1712 760 1766 similes
787 1712 1056 1767 reddimur
1077 1726 1180 1765 non
1210 1710 1334 1764 dum
1380 1709 1710 1765 comedimus
1729 1750 1743 1772 ,
1773 1709 2021 1771 bibimus,
2044 1715 2132 1761 aut

563 1801 826 1855 iuduinmr
852 1817 866 1864 ;
895 1803 1033 1857 Deus
1075 1802 1214 1856 enim
1248 1807 1419 1871 neque
1459 1802 1728 1867 comedit,
1759 1815 1933 1870 neque
1959 1799 2127 1864 bibit,

558 1907 727 1962 neque
759 1892 990 1945 induitur
1020 1909 1033 1944 :
1067 1892 1159 1946 sed
1184 1893 1308 1945 dum
1333 1892 1593 1960 justitiam
1619 1905 1952 1952 exercemus,
1981 1890 2130 1943 beni-

556 1987 806 2051 gnitatem
827 1982 1158 2046 exhibemus,
1184 1983 1338 2036 mites
1358 1991 1411 2037 et
1431 1982 1653 2036 modesti
1675 1997 1737 2034 ac
1759 1979 2130 2035 misericordes

559 2075 609 2126 in
641 2074 879 2140 proximo
899 2087 1104 2140 sumus,
1132 2075 1380 2128 virtutem
1403 2089 1616 2128 onmem
1640 2083 1904 2130 sectamur
1929 2090 1940 2125 :
1974 2072 2127 2141 siqui-

554 2165 674 2219 dem
703 2180 983 2220 commune
1010 2166 1161 2220 nobis
1185 2176 1265 2220 est
1295 2167 1422 2220 illud
1447 2183 1565 2221 cum
1595 2167 1891 2220 belluarum
1918 2173 2124 2230 natura,

552 2258 693 2324 quod
736 2258 1062 2311 comedimus
1099 2267 1154 2311 et
1181 2258 1407 2311 bibimus
1432 2297 1448 2318 ,
1496 2272 1667 2326 neque
1709 2256 1996 2325 quidquam
2025 2255 2125 2307 illis

554 2346 730 2399 hacin
762 2360 817 2398 re
844 2356 1177 2414 putt-stamus.
1215 2344 1366 2400 Unde
1403 2360 1530 2416 ergo
1553 2345 1610 2399 fit
1631 2386 1645 2407 ,
1677 2357 1733 2397 ut
1759 2346 1857 2398 illis
1887 2343 2123 2397 antecel-

552 2435 721 2489 lamns
744 2436 767 2489 τ
795 2435 942 2502 Quod
971 2436 1216 2489 nimirum
1246 2437 1312 2490 ad
1339 2437 1617 2506 imaginem
1640 2445 1694 2490 et
1730 2435 2123 2489 similitudinem

554 2526 642 2580 Dei
671 2527 864 2580 conditi
895 2527 1079 2580 simus.
1110 2526 1188 2582 Ne
1218 2527 1375 2595 igitur
1399 2527 1748 2595 defatigemur
1769 2526 1892 2577 dum
1922 2530 2122 2578 sermo-

553 2631 672 2671 nem
699 2616 766 2670 de
811 2616 1004 2670 virtute
1035 2617 1355 2671 instituimus
1384 2657 1397 2680 ,
1442 2617 1532 2670 sed
1564 2616 1777 2669 allatam
1809 2615 1860 2668 in
1889 2614 2120 2668 medium

549 2707 910 2775 prepheticam
937 2707 1071 2761 hanc
1095 2709 1410 2761 sententiain
1434 2706 1713 2775 diligenter
1741 2705 2118 2772 expendamus,

547 2799 663 2866 quis
689 2813 804 2851 eam
823 2797 1688 2866 protulerit.etquorumcausa,et
1711 2811 1816 2865 quo
1847 2805 2083 2863 tempore
2104 2835 2118 2858 ,

544 2899 600 2943 et
626 2903 780 2955 quem
813 2888 1120 2956 alloquens,
1148 2895 1203 2940 et
1236 2901 1340 2956 quo
1375 2887 1427 2941 in
1454 2895 1593 2941 statu
1624 2902 1708 2942 res
1752 2896 1860 2941 tum
1902 2896 2077 2941 essent
2103 2928 2118 2951 ,

543 2980 722 3035 οιιιιιὶίι
753 2978 966 3032 demum
999 2978 1412 3047 pervestigcmus
1438 3018 1452 3044 ,
1497 2992 1614 3045 qua:
1653 2976 1719 3030 ad
1748 2975 2119 3029 inveniendum

542 3073 656 3125 usui
688 3083 809 3125 esse
838 3078 1078 3138 possunt.
1107 3069 1156 3122 ls
1185 3068 1419 3138 quldem,
1451 3067 1538 3136 qui
1572 3067 1827 3136 protulit,
1858 3065 2119 3120 Jeremias

540 3173 619 3216 est
647 3163 927 3231 propheta,
950 3158 1075 3212 dum
1097 3174 1200 3211 non
1227 3158 1438 3228 quidem
1463 3173 1558 3227 pro
1580 3172 1658 3223 se,
1677 3171 1860 3211 verum
1887 3170 1982 3224 pro
2003 3157 2119 3208 aliis

540 3270 726 3325 preces
745 3255 978 3320 offerret,
1006 3268 1100 3320 pro
1120 3251 1315 3305 Judatis
1338 3252 1572 3321 ingratis,
1597 3250 1837 3318 stupidis,
1867 3249 1953 3318 qui
1976 3249 2118 3302 nullo

539 3347 697 3399 modo
710 3346 897 3414 corrigi
918 3351 1177 3413 poterant,
1197 3345 1280 3410 qui
1303 3342 1472 3410 puniri
1489 3342 1779 3404 debebant,
1805 3347 1860 3394 et
1881 3349 2119 3394 extremo

537 3437 792 3504 supplicio
810 3436 1071 3498 mulctari,
1095 3435 1160 3489 de
1181 3432 1371 3506 quibus
1391 3432 1516 3486 dicit
1539 3432 1612 3485 illi
1641 3432 1779 3486 Deus
1800 3449 1814 3485 :
1835 3429 1958 3484 Noli
1977 3447 2120 3484 orare

537 3543 627 3596 pro
669 3525 853 3596 papulo
883 3527 975 3578 hoc
1001 3567 1016 3592 ,
1047 3527 1164 3595 quia
1199 3543 1299 3578 non
1339 3523 1612 3579 eaottdiam
1650 3530 1698 3573 te
1723 3519 1866 3590 (Jer.
1908 3521 1959 3572 7.
1989 3518 2114 3590 16).

538 3621 613 3670 Ae
655 3617 894 3671 nonnulli
934 3616 1148 3684 quidem
1207 3615 1304 3668 hoc
1349 3615 1416 3668 de
1455 3609 1975 3668 Nabuchodonosore
2012 3608 2114 3663 dici

537 3715 816 3759 autumant
849 3720 862 3754 :
899 3721 1017 3756 nam
1045 3705 1291 3772 quoniam
1337 3704 1534 3758 bellum
1569 3704 1673 3757 illis
1703 3708 1820 3756 erat
1863 3698 2116 3753 barbarus

534 3798 796 3859 illaturus,
822 3797 1109 3863 urbemque
1134 3795 1422 3858 deleturus,
1447 3803 1603 3863 atque
1630 3794 1871 3849 abductis
1893 3791 2115 3860 captivis

534 3888 773 3941 abiturus
794 3928 808 3943 .
839 3903 957 3940 cum
988 3887 1306 3954 persuadere
1333 3887 1578 3941 omnibus
1609 3887 1804 3948 vellet,
1850 3902 1952 3938 non
1991 3900 2112 3938 eum

537 3981 745 4047 propria
777 3979 968 4032 virtute
995 3979 1074 4032 vel
1105 3981 1337 4049 potentia
1367 3979 1631 4033 civitatem
1660 3988 2108 4047 expugnaturum,

535 4073 626 4125 sed
655 4073 723 4125 ob
760 4073 977 4124 istorum
1010 4082 1218 4139 peccata
1248 4113 1262 4136 ,
1305 4072 1413 4125 Deo
1443 4071 1640 4126 bellum
1678 4069 1805 4124 illud
1852 4079 2068 4138 gerente
2094 4109 2108 4132 ,

535 4177 694 4234 atque
721 4166 975 4217 adversus
1002 4154 1185 4216 urbem
1213 4179 1362 4216 suam
1402 4165 1549 4217 illum
1591 4163 1887 4216 deducente
1909 4202 1922 4221 .
1955 4162 2071 4214 Scio
2093 4203 2107 4225 ,

535 4260 768 4320 Domine,
793 4257 981 4325 inquit,
1006 4257 1124 4324 quia
1150 4269 1249 4308 non
1278 4265 1348 4308 est
1393 4256 1443 4308 in
1469 4255 1668 4308 homine
1694 4257 1772 4306 via
1792 4256 1921 4322 ejus,
1954 4269 2110 4321 neque

534 4352 680 4401 Immo
709 4349 818 4413 ibit,
851 4358 894 4401 et
918 4349 1095 4417 diriget
1125 4364 1344 4418 gressum
1368 4364 1530 4400 suum.
1560 4349 1794 4413 Quorum
1825 4347 2105 4400 verborum

537 4444 618 4493 hic
647 4455 834 4495 sensus
862 4450 942 4494 est
976 4459 988 4492 :
1024 4440 1146 4492 llazc
1175 4441 1257 4491 via
1282 4479 1296 4501 ,
1325 4439 1526 4506 inquit,
1556 4453 1656 4506 qua
1687 4452 1824 4490 nunc
1853 4436 2109 4490 barbarus

533 4534 747 4596 incedit,
771 4533 892 4585 dum
922 4533 1073 4584 nobis
1105 4531 1205 4584 hoc
1225 4532 1419 4585 bellum
1444 4533 1617 4595 infert,
1654 4546 1755 4584 non
1779 4530 1845 4583 ab
1867 4531 1980 4598 ipso
2003 4540 2105 4595 est,

533 4638 702 4690 neque
730 4623 947 4677 feliciter
978 4623 1170 4675 bellum
1201 4621 1337 4675 istud
1364 4621 1609 4686 confecit,
1639 4636 1698 4674 ac
1725 4622 1990 4675 victoriam
2021 4637 2106 4674 re-

531 4716 756 4782 portavit
786 4733 798 4768 :
834 4728 894 4766 ac
924 4714 1023 4767 nisi
1071 4724 1122 4766 tu
1151 4729 1247 4767 nos
1293 4713 1344 4766 in
1389 4713 1503 4783 ejus
1546 4727 1730 4765 manus
1763 4711 2064 4765 tradidisscs
2090 4754 2104 4776 ,

531 4821 815 4873 numquam
843 4813 1215 4873 expugnasset,
1250 4814 1339 4857 aut
1368 4805 1600 4857 vicis<et.
1645 4804 1844 4857 idcirco
1884 4817 2100 4872 precor,

529 4900 716 4965 inquit,
748 4913 810 4952 ac
830 4899 1052 4967 supplex
1082 4914 1197 4959 oro,
1229 4897 1439 4966 quando
1470 4898 1537 4950 ita
1569 4898 1657 4949 tibi
1687 4897 1787 4950 hoc
1813 4897 1982 4948 visum
2005 4906 2103 4961 est,

530 4998 585 5038 ut
615 4989 873 5057 supplicio
906 4989 1093 5044 modus
1124 4989 1457 5043 adhibeatur.
1497 4989 1702 5056 Corripe
1731 5005 1960 5057 namque
1988 5005 2104 5052 nos,

530 5079 698 5146 inquit
718 5121 732 5143 ,
755 5092 1092 5133 verumtamen
1122 5081 1172 5133 in
1192 5081 1390 5150 judicio
1409 5123 1423 5146 ,
1458 5091 1502 5133 ct
1533 5098 1631 5132 non
1659 5081 1709 5131 in
1737 5085 1907 5147 furore
1954 5078 1972 5146 (
1993 5078 2102 5132 Jer.

530 5171 615 5223 10.
645 5171 712 5223 2i
734 5173 773 5239 ).
805 5173 907 5226 Sed
939 5174 1183 5240 quoniam
1217 5173 1338 5227 huic
1380 5172 1696 5239 expositioni
1737 5172 2107 5225 contradicunt

528 5263 791 5328 nonnulli,
815 5280 987 5332 neque
1011 5264 1216 5318 barbari
1241 5279 1397 5317 causa
1420 5265 1617 5317 dictum
1642 5263 1744 5316 hoc
1765 5278 1882 5317 esse
1906 5264 2103 5328 volunt,

529 5352 619 5404 sed
648 5353 711 5406 de
734 5354 1000 5407 communi
1030 5354 1297 5407 hominum
1321 5365 1528 5421 natura,
1551 5355 1906 5408 necessarium
1930 5363 2008 5405 est
2053 5353 2110 5406 'ut

529 5457 646 5494 cum
677 5443 793 5497 istis
818 5444 1174 5498 decertemus.
1203 5446 1333 5508 Quid
1362 5461 1486 5513 ergo
1527 5459 1806 5513 possumus
1835 5445 1914 5494 his
1946 5457 2107 5510 Oppo-

533 5532 698 5584 nere?
726 5533 981 5599 Quoniam
1012 5549 1108 5602 pro
1137 5534 1438 5587 hominibus
1469 5535 1690 5597 orabat,
1737 5534 1823 5602 qui
1854 5546 2106 5601 peccave-

528 5633 683 5688 runt,
717 5639 812 5692 pro
858 5627 1045 5694 quibus
1089 5642 1240 5679 orare
1287 5641 1426 5694 smpe
1472 5627 1766 5693 prohibitus
1805 5634 1919 5678 erat
1949 5643 1960 5677 :
1991 5639 2110 5692 pro-

529 5722 708 5779 pletea
738 5727 881 5770 curat
911 5759 922 5776 .
959 5727 1012 5770 ut
1056 5718 1236 5771 civitas
1279 5717 1422 5787 prior
1448 5719 1620 5786 lugeat
1650 5733 1660 5768 :
1694 5731 1814 5770 nam
1862 5716 2107 5783 quoniam

1296 332 1351 387 S.
1393 328 1670 386 JOANNIS
1706 322 2173 384 CllRYSObTOMI
2218 324 2526 382 ARCHIEP.
2567 327 3088 388 CONSTAN’I‘INOP.

3694 351 3808 406 160

2245 440 2455 494 assidue
2499 442 2724 508 dicebat,
2755 446 2866 498 Noli
2895 463 3044 501 orare
3069 463 3163 517 pro
3191 449 3289 502 illis
3309 489 3322 512 ,
3351 465 3466 506 eam
3493 451 3657 518 ipsam
3683 467 3802 519 qua:

2243 529 2563 599 benignitate
2584 534 2845 603 indigebat
2866 538 3090 604 priorem
3111 539 3386 603 submittit,
3413 549 3467 594 ut
3484 555 3662 594 ansam
3686 542 3808 597 inde

2240 622 2467 691 aliquam
2485 633 2539 678 et
2554 626 2842 691 speciosam
2861 630 3188 683 occasionem
3208 631 3421 698 arripiat
3444 646 3541 701 pro
3573 632 3673 686 illis
3699 633 3805 686 Deo

2242 729 2429 782 preces
2480 715 2752 781 efferendi,
2784 729 2942 788 atque
2969 721 3035 774 ad
3064 724 3226 790 ipsam
3274 721 3451 791 dirigit
3476 723 3767 777 orationem
3787 765 3804 787 ,

2240 806 2434 873 aitque,
2477 805 2565 860 Va:
2587 809 2872 860 contritioni
2898 819 2995 862 tua:
3021 825 3040 862 :
3063 810 3252 863 doloris
3277 811 3423 878 plena
3453 821 3526 864 est
3549 813 3696 880 plaga
3720 821 3806 863 tua

2239 896 2369 964 (Jer.
2397 897 2740 968 10.19-22).
2769 899 2900 952 'l‘tun
2923 900 3142 954 infitilla
3170 917 3182 952 :
3209 900 3370 954 Plane
3391 903 3482 955 hoc
3519 913 3588 954 est
3626 901 3805 955 vulnus

2239 1003 2421 1051 meum,
2446 988 2820 1042 tabernaculum
2847 1006 3007 1042 meum
3035 991 3197 1057 periit,
3223 991 3375 1060 pelles
3403 1007 3523 1046 mea:
3544 993 3804 1045 conscissa-3

2236 1087 2372 1144 sunt,
2399 1079 2495 1145 ﬁlii
2519 1081 2614 1132 mei
2643 1089 2688 1132 et
2714 1096 2824 1134 oves
2852 1097 2973 1135 mea:
2996 1083 3220 1135 exierunt
3245 1099 3276 1134 η
3312 1100 3386 1136 me
3404 1123 3419 1148 ,
3452 1093 3497 1136 et
3534 1101 3634 1136 non
3657 1094 3802 1137 sunt.

2241 1166 2475 1222 Pastores
2506 1170 2600 1223 mei
2626 1172 2772 1224 stulte
2798 1182 3038 1240 egerunt,
3065 1182 3110 1224 et
3143 1172 3410 1226 Dominum
3438 1191 3535 1228 non
3561 1176 3802 1244 exquisie-

2237 1268 2376 1310 runt.
2417 1257 2527 1312 Vox
2555 1261 2831 1314 auditionis
2871 1263 2999 1314 venit
3020 1301 3033 1323 ,
3064 1271 3109 1314 et
3138 1264 3477 1318 commotionis
3513 1281 3706 1334 magna:
3740 1265 3802 1317 ab

2235 1348 2466 1415 aquilone
2483 1389 2497 1411 ,
2520 1360 2572 1401 ut
2600 1360 2751 1419 ponat
2768 1350 2985 1403 civitates
3016 1351 3154 1403 Juda
3167 1351 3217 1404 in
3237 1353 3586 1406 desolationem
3607 1394 3622 1418 ,
3645 1364 3689 1406 et
3707 1371 3800 1406 cu-

2237 1438 2333 1492 bile
2360 1456 2634 1507 passerum.
2658 1441 2854 1496 Deinde
2881 1449 3150 1510 postquam
3171 1442 3255 1495 illa
3283 1458 3429 1496 suam
3450 1444 3798 1497 calamitatem

2235 1528 2542 1595 deploravit,
2590 1526 2769 1598 adjicit
2802 1547 2813 1582 :
2848 1529 3086 1595 Domine,
3113 1547 3210 1584 non
3234 1543 3303 1584 est
3336 1533 3548 1586 hominis
3569 1535 3646 1585 via
3671 1535 3796 1595 eius.

2233 1619 2366 1685 Quid
2397 1619 2593 1687 igitur?
2618 1622 2739 1687 quia
2765 1622 3102 1689 lamentatur,
3131 1623 3272 1678 dicet
3298 1625 3504 1693 aliquis,
3537 1627 3801 1694 pernicio-

2233 1726 2347 1763 sum
2389 1713 2576 1782 dogma
2623 1715 2674 1766 in
2722 1713 2974 1773 mundum
3030 1715 3267 1782 invexit,
3316 1725 3490 1770 nostra
3541 1725 3800 1785 potestate

2233 1817 2330 1856 nos
2357 1803 2588 1870 privans,
2615 1814 2667 1856 et
2693 1803 2984 1869 affirmans,
3017 1821 3118 1859 non
3150 1820 3268 1860 esse
3290 1806 3489 1861 arbitrii
3521 1810 3684 1862 nostri
3712 1825 3800 1862 res

2230 1893 2488 1961 gerendas
2510 1892 2532 1944 ?
2556 1892 2895 1962 Nequaquam
2923 1935 2937 1958 ,
2975 1895 3067 1948 sed
3107 1904 3162 1950 et
3192 1895 3313 1948 dum
3362 1897 3674 1950 lamentatur
3697 1939 3710 1959 ,
3745 1897 3797 1950 id

2230 1984 2528 2038 confirmat.
2563 1984 2696 2038 Cum
2721 1986 2862 2039 enim
2905 1986 3156 2048 dixisset,
3209 1986 3327 2040 Non
3355 1997 3424 2039 est
3468 1990 3680 2041 hominis
3719 1989 3800 2041 uia

2229 2078 2337 2144 ejus
2366 2118 2380 2141 ,
2411 2077 2626 2132 minime
2660 2079 2839 2141 tacuit,
2873 2077 2964 2131 sed
2997 2077 3208 2146 adjecit,
3241 2077 3415 2147 Neque
3439 2080 3586 2133 homo
3612 2081 3717 2140 ibit.
3746 2089 3794 2132 et

2227 2167 2406 2236 diriget
2435 2183 2654 2236 gressum
2683 2184 2850 2220 suum.
2895 2167 3042 2232 Quod
3073 2177 3247 2221 autem
3272 2168 3393 2223 dicit
3423 2169 3556 2223 hanc
3583 2179 3799 2222 sentcn-

2229 2257 2350 2310 tiam
2384 2256 2537 2309 habet
2572 2255 2724 2309 :Non
2759 2265 2922 2310 totum
2954 2266 3033 2312 est
3061 2257 3110 2309 in
3155 2267 3332 2310 nostra
3375 2266 3631 2327 poteState
3653 2299 3666 2321 ,
3704 2257 3795 2312 Sed

2225 2349 2363 2402 aliud
2395 2349 2607 2418 quidem
2655 2349 2705 2401 in
2745 2358 2920 2402 nostra
2948 2389 2961 2411 ,
2985 2347 3124 2401 aliud
3156 2363 3281 2403 vero
3319 2349 3369 2401 in
3415 2349 3503 2402 Dei
3531 2350 3688 2403 situm
3716 2359 3799 2402 est

2227 2429 2503 2506 potestate.
2538 2439 2668 2492 Nam
2702 2449 2757 2492 ut
2783 2439 2978 2506 optima
3007 2453 3227 2508 qurcque
3250 2440 3522 2508 eligamus,
3552 2439 3794 2502 velimus,

2227 2536 2279 2580 et
2301 2542 2460 2595 agere
2494 2527 2873 2581 contendamus
2900 2569 2913 2592 ,
2944 2541 3263 2597 omnemque
3301 2529 3531 2581 laborem
3561 2527 3798 2584 exantle-

2224 2631 2360 2680 mus,
2394 2617 2558 2669 nostri
2588 2624 2670 2669 est
2697 2616 2900 2670 arbitrii
2934 2634 2946 2672 :
2981 2626 3037 2671 ut
3061 2627 3236 2670 autem
3263 2617 3328 2670 ad
3356 2619 3554 2671 exitum
3589 2632 3650 2670 ea
3680 2632 3799 2684 per-

2223 2707 2496 2766 ducamus,
2528 2721 2698 2775 neque
2725 2707 3040 2761 intercidere
3062 2708 3320 2770 sinamus,
3357 2717 3517 2775 utque
3543 2709 3606 2760 ad
3637 2707 3793 2760 linem

2223 2807 2365 2852 recte
2395 2797 2647 2851 factorum
2673 2798 3062 2866 perveniamus,
3087 2797 3137 2850 id
3162 2811 3288 2851 vero
3313 2797 3538 2852 etelestis
3567 2806 3646 2850 est
3669 2811 3794 2865 gra-

2223 2886 2327 2940 tire.
2359 2886 2590 2940 Partitus
2615 2887 2757 2940 enim
2804 2896 2886 2941 est
2931 2886 3201 2940 nobiscum
3245 2887 3491 2939 virtutem
3535 2886 3708 2946 Deus,
3741 2894 3798 2938 et

2222 2993 2392 3047 neque
2413 2993 2523 3032 rem
2548 2987 2708 3030 totam
2735 2977 2785 3029 in
2806 2985 2980 3031 nostra
3010 2979 3160 3031 sitam
3186 2992 3303 3031 esse
3328 2977 3490 3030 voluit
3509 2985 3794 3044 potestate,

2224 3086 2289 3124 ne
2318 3072 2369 3123 in
2419 3070 2722 3138 superbiam
2753 3069 3034 3123 efferamur
3058 3110 3072 3134 ,
3121 3084 3290 3138 neque
3338 3076 3501 3122 totum
3533 3067 3629 3120 sibi
3680 3067 3796 3136 ipse

2221 3159 2464 3227 sumpsit,
2498 3174 2566 3212 ne
2596 3173 2692 3213 nos
2720 3158 2924 3212 inertiae
2953 3158 3210 3212 dedamus
3239 3175 3251 3210 :
3280 3159 3371 3211 sed
3400 3158 3646 3226 exiguum
3667 3156 3796 3223 quid

2220 3252 2487 3306 laboribus
2530 3251 2723 3306 nostris
2765 3251 3103 3319 relinquens,
3129 3251 3384 3320 majorem
3431 3259 3634 3318 partem
3678 3249 3794 3317 ipso

2219 3344 2448 3397 conficit.
2496 3344 2561 3400 Ut
2588 3345 2727 3398 enim
2757 3345 2984 3398 sciamus
3008 3382 3022 3406 ,
3052 3357 3156 3412 quo
3197 3352 3347 3410 pacto
3378 3343 3421 3395 si
3470 3356 3555 3394 res
3583 3349 3692 3393 tota
3742 3340 3796 3392 in

2219 3445 2479 3503 potestate
2509 3443 2687 3488 nostra
2720 3434 2924 3498 fuisset,
2958 3434 3152 3486 multos
3176 3433 3224 3485 id
3257 3433 3306 3485 in
3332 3430 3634 3499 superbiam
3657 3431 3798 3498 egis-

2218 3534 2318 3588 set,
2349 3534 2401 3578 et
2426 3524 2721 3586 extulisset,
2748 3523 3020 3575 audiamus
3046 3520 3170 3591 quid
3204 3520 3500 3574 Pharisueus
3521 3519 3702 3583 dicat,
3738 3519 3789 3571 in

2217 3625 2465 3682 quantam
2498 3614 2828 3667 insolentiam
2861 3612 3026 3666 elatus
3060 3620 3233 3676 esset,
3263 3626 3366 3678 quo
3409 3617 3562 3677 pacto
3595 3610 3799 3678 magni-

2218 3707 2316 3760 fice
2335 3706 2656 3775 loqueretur,
2683 3720 2842 3774 seque
2867 3705 2960 3759 toti
2988 3705 3101 3758 orbi
3130 3713 3388 3757 terrarum
3414 3702 3644 3756 fasmose
3668 3715 3798 3768 pra:-

2216 3801 2377 3855 ferret
2419 3799 2591 3865 (Luc.
2624 3798 2753 3867 18).
2781 3798 3063 3865 Propterea
3107 3813 3209 3850 non
3256 3805 3312 3849 ut
3337 3804 3502 3848 totum
3562 3810 3590 3846 a
3640 3793 3796 3847 nobis

2217 3870 2500 3958 penderei,
2535 3889 2728 3952 effecit,
2760 3889 2994 3957 quinimo
3035 3888 3293 3955 permisit,
3324 3895 3378 3938 ut
3404 3886 3451 3937 in
3483 3899 3663 3937 nostra
3699 3900 3793 3951 po-

2217 3993 2404 4038 testate
2430 3981 2624 4049 aliquid
2649 3988 2785 4035 esset
2809 4022 2822 4044 ,
2856 3989 2910 4032 ut
2942 3994 3037 4032 nos
3057 3979 3175 4045 jure
3199 3992 3261 4030 ac
3288 3977 3474 4028 merito
3498 3976 3790 4028 eoi-ouandi

2214 4076 2508 4144 speciosam
2529 4072 2859 4126 occasionem
2892 4071 3169 4138 arriperet.
3199 4069 3370 4135 Atque
3397 4065 3495 4118 hoc
3524 4066 3610 4118 illa
3638 4081 3794 4134 para-

2212 4167 2331 4220 bola
2362 4163 2723 4221 declaravit,in
2746 4176 2844 4230 qua
2868 4158 3262 4222 dicit,homines
3289 4157 3425 4211 circa
3456 4156 3792 4210 undecimam

2213 4256 2395 4310 horam
2429 4256 2669 4306 inventos
2708 4267 2766 4305 se
2793 4251 2842 4303 in
2874 4251 3078 4302 vineam
3120 4248 3182 4301 ad
3214 4247 3534 4316 operandum
3581 4248 3794 4300 misisse

2217 4345 2422 4413 (.lfattli.
2451 4344 2539 4397 ‘20.
2572 4344 2623 4394 6.
2651 4358 2756 4409 sqq.
2777 4338 2818 4408 ).
2850 4339 3080 4392 Tametsi
3119 4337 3241 4406 quid
3274 4338 3475 4404 operari
3509 4336 3790 4389 undecima

2216 4436 2345 4489 hora
2398 4433 2720 4501 potuerunt?
2763 4433 2829 4482 At
2875 4429 3216 4481 nihilominus
3262 4428 3326 4480 ad
3369 4428 3626 4496 integram
3686 4427 3792 4478 illis

2211 4527 2436 4580 dandam
2466 4522 2760 4576 mercedem
2789 4521 2947 4572 breve
2980 4527 3299 4571 momentum
3329 4519 3433 4570 Deo
3459 4517 3690 4571 suffecit.

2287 4616 2381 4668 llic
2413 4616 2667 4684 prop/tela:
2693 4615 2829 4665 locus
2860 4610 3129 4662 libertatem
3167 4609 3359 4661 arbitrii
3386 4626 3482 4660 non
3511 4609 3682 4675 eripit.
3713 4637 3785 4647 —-

2213 4710 2382 4775 Atque
2430 4715 2485 4758 ut
2531 4704 2788 4769 intelligas
2821 4701 2918 4752 hoc
2949 4699 3257 4767 prophetam
3295 4713 3415 4751 vere
3448 4698 3649 4761 dicere,
3699 4714 3792 4749 ne-

2210 4815 2311 4867 que
2345 4813 2438 4850 nos
2468 4795 2675 4849 arbitrii
2708 4795 2945 4845 libertate
2978 4792 3202 4859 privare,
3224 4789 3313 4842 sed
3343 4788 3407 4841 de
3431 4802 3610 4842 rerum
3643 4789 3788 4840 exitu

2213 4889 2593 4961 philosophari,
2621 4886 2739 4938 audi
2773 4883 2895 4953 quid
2934 4883 3164 4949 adjiciat.
3216 4880 3342 4934 Nam
3371 4895 3488 4933 cum
3522 4879 3744 4931 dixisset
3773 4917 3788 4939 ,

2213 4982 2334 5035 Non
2361 4989 2429 5033 est
2455 4981 2505 5031 in
2537 4977 2732 5029 homine
2758 4975 2834 5026 via
2858 4974 2982 5040 ejus,
3026 4973 3198 5026 statim
3228 4969 3460 5038 adjungit
3507 4986 3521 5021 :
3577 4967 3790 5034 Corripe

2210 5092 2319 5134 nos,
2352 5071 2581 5133 Domine,
2629 5074 2964 5117 verumtamen
2991 5063 3041 5113 in
3059 5061 3272 5130 judicio,
3313 5068 3358 5110 et
3392 5074 3488 5110 non
3519 5058 3570 5109 in
3615 5057 3792 5122 furore

2215 5165 2422 5234 (Jerem.
2463 5161 2548 5214 £0.
2581 5159 2698 5227 23).
2737 5156 2791 5208 Si
2835 5155 2974 5209 enim
3008 5151 3209 5204 arbitrii
3250 5150 3412 5202 nostri
3441 5148 3568 5199 nihil
3600 5155 3743 5198 esset
3769 5186 3786 5208 ,

2211 5258 2399 5310 frustra
2429 5255 2649 5312 diceret,
2693 5248 2901 5314 Corripe
2940 5261 3049 5309 nos,
3081 5243 3311 5307 Domine,
3362 5249 3700 5293 verumtamen
3735 5238 3790 5287 in

2203 5349 2419 5420 judicio.

2283 5439 2334 5492 5.
2383 5435 2460 5487 Ea:
2501 5433 2685 5483 indicto
2726 5427 2969 5495 supplicio
2998 5424 3196 5478 libertas
3225 5420 3418 5473 arbitrii
3445 5419 3681 5486 infertur.
3719 5445 3790 5457 ——-

2213 5528 2349 5594 Quid
2374 5526 2512 5579 enim
2541 5522 2650 5573 fieri
2684 5527 2853 5587 potest
2880 5517 3138 5582 iujustius,
3171 5526 3326 5582 quam
3355 5520 3407 5560 ut
3439 5508 3509 5559 illi
3541 5507 3786 5575 plectan-

2214 5631 2316 5682 tur,
2359 5629 2578 5684 quortnn
2625 5628 2685 5663 cx
2731 5608 2944 5662 arbitrio
2993 5623 3093 5658 non
3125 5604 3352 5673 pendent
3383 5615 3464 5651 res
3504 5598 3786 5665 gerendm,

2218 5719 2301 5762 aut
2343 5717 2397 5760 ut
2440 5703 2676 5756 homines
2721 5700 2791 5752 illi
2841 5713 3017 5765 {muas
3065 5695 3374 5754 sustineant,
3430 5705 3656 5755 quorum
3703 5689 3785 5739 via
