4064 6214
583 342 686 396 161

587 467 687 517 ριοι
724 449 831 502 τῶν
874 447 1158 519 πρακτέων
1203 444 1361 518 ἦσαν,
1401 449 1517 518 οὐχὶ
1558 447 1859 517 πραοτέραν
1897 446 1999 498 ἔδει
2037 445 2133 514 τὴν

582 529 842 597 τιμωρίαν
880 529 1059 592 ἀξιοῦν
1086 531 1277 589 αὐτοὺς
1310 531 1558 598 ὑποσχεῖν
1594 543 1641 589 ι,
1676 528 1807 580 ἀλλά
1836 528 1967 595 μηδέ
2000 527 2134 587 ὅλως

584 611 900 673 κολάζεσθαι
936 627 948 637 ·
990 612 1183 679 μᾶλλον
1223 612 1276 663 δὲ
1316 613 1432 663 οὺδέ
1472 611 1741 675 ἀξιώσεως
1783 610 1887 662 ἔδει
1918 625 1930 639 ·
1969 611 1996 660 6
2029 608 2133 676 γάρ

584 690 712 751 Θεὸς
732 691 790 742 οὐ
812 692 976 744 δεῖται
1000 692 1093 744 τοῦ
1117 693 1548 761 παρακαλοῦντος
1574 692 1751 750 αὑτὸν.
1779 692 1914 742 ὥστε
1945 690 2016 759 μὴ
2043 706 2134 741 κο-

584 770 738 823 λάσαι
761 773 883 833 τοὺς
911 772 1246 834 ἀνευθύνους.
1284 775 1390 825 Καὶ
1421 773 1470 824 τί
1494 774 1652 838 λέγω,
1677 774 1705 823 6
1730 772 1877 833 Θεὸς,
1905 772 2035 822 ὅπου
2069 787 2130 837 γε

583 851 698 903 οὑδὲ
723 853 997 921 ἄνθρωπος
1022 854 1141 904 νοῦν
1169 854 1304 922 έχων
1326 871 1339 917 ;
1366 855 1529 906 Ὅταν
1560 851 1651 906 οῦν
1680 855 1929 922 φαίνηται
1956 870 2132 920 παρα-

585 931 761 984 καλῶν
785 936 812 984 ό
845 937 1118 1002 προφήτης
1143 935 1282 1003 ὑπὲρ
1317 936 1594 995 Ἰουδαίων,
1619 936 1692 996 ὡς
1722 935 1856 1004 ὑπὲρ
1884 938 2131 1002 ἡμαρτη-

584 1011 750 1063 κότων
771 1012 982 1079 εὔδηλον
1005 1015 1085 1065 ὃτι
1114 1016 1410 1083 παρακαλεῖ
1430 1032 1442 1044 ·
1465 1017 1701 1084 ἁμαρτία
1730 1016 1782 1066 δὲ
1803 1015 1918 1066 τότε
1946 1016 2127 1082 φαίνε-

582 1109 690 1155 ται,
718 1094 842 1144 ὅταν
875 1096 1057 1162 ἡμεῖς,
1088 1095 1234 1156 ὅντες
1266 1097 1435 1165 κύριοι
1473 1097 1562 1148 τοῦ
1600 1097 1670 1165 μὴ
1702 1096 2007 1165 παραϐῆναι
2040 1097 2129 1147 τὸν

582 1177 762 1243 νόμον,
807 1174 1237 1244 παραϐαίνωμεν.
1283 1177 1439 1227 Ὥστε
1482 1176 1738 1228 πάντοθεν
1778 1176 1931 1243 δῆλον
1976 1177 2125 1244 ἡμῖν,

582 1254 662 1306 ὅτι
693 1256 785 1308 καὶ
815 1257 898 1320 ἐφ’
931 1257 1058 1324 ἡμῖν
1089 1257 1181 1308 καὶ
1218 1257 1306 1308 ἐπὶ
1344 1256 1419 1325 τῷ
1449 1256 1564 1325 Θεῷ
1593 1257 1659 1308 τὰ
1689 1257 1924 1325 ἡμέτερα
1957 1259 2127 1308 κεῖται

582 1335 991 1406 κατορθώματα.
1012 1337 1255 1389 Τοιοῦτόν
1279 1340 1389 1389 ἐστι
1407 1341 1497 1389 καὶ
1514 1339 1590 1400 τὸ,
1613 1341 1692 1390 Οὐ
1710 1337 1812 1390 τοῦ
1829 1337 2124 1401 θέλοντος,

579 1417 720 1469 οὐδὲ
756 1417 859 1470 τοῦ
901 1417 1230 1484 τρέχοντος,
1270 1420 1424 1472 ἀλλὰ
1466 1423 1565 1472 του
1604 1420 1914 1483 ἐλεοῦντος
1959 1419 2125 1472 Θεοῦ.

581 1497 687 1548 Καὶ
713 1498 853 1559 τίνος
878 1499 1059 1550 ἕνεκεν
1085 1499 1288 1568 τρέχω;
1317 1500 1480 1569 φησί·
1513 1501 1653 1561 τίνος
1683 1500 1736 1550 δὲ
1758 1500 1939 1550 ἕνεκεν
1970 1500 2123 1562 θέλω,

579 1579 626 1627 εἰ
658 1577 730 1647 μὴ
759 1579 817 1630 τὸ
847 1580 950 1630 πᾶν
980 1581 1035 1630 ἐν
1065 1581 1184 1647 ἐμοὶ
1216 1582 1417 1643 κεῖται;
1453 1582 1566 1632 Ἵνα
1597 1581 1681 1632 διά
1714 1580 1803 1632 τοῦ
1835 1581 2004 1632 θέλειν
2035 1583 2126 1633 καὶ

578 1657 670 1708 τοῦ
702 1658 909 1728 τρέχειν
945 1660 1217 1728 ἐπισπάσῃ
1260 1660 1348 1712 τοῦ
1390 1661 1522 1713 Θεοῦ
1556 1663 1652 1729 τὴν
1687 1663 1854 1731 ῥοπὴν
1897 1663 1987 1713 καὶ
2028 1663 2125 1731 τὴν

579 1737 806 1801 εὔνοιαν,
837 1739 974 1791 ὥστε
1009 1742 1315 1810 συμπρᾶξαι
1349 1744 1441 1794 καί⁸
1467 1747 1616 1811 χεῖρα
1653 1743 1832 1811 ὀρέξαι
1870 1745 1961 1794 καὶ
1993 1744 2127 1811 πρὸς

577 1822 638 1869 τὸ
668 1820 811 1882 τέλος
840 1824 1080 1888 ἀγαγεῖν.
1123 1823 1244 1874 Ἐἀν
1281 1823 1386 1892 γάρ
1415 1825 1604 1895 ἀνέλῃς
1631 1824 1802 1886 τοῦτο,
1832 1825 1921 1876 καὶ
1947 1826 2127 1896 παύσῃ

577 1901 779 1969 τρέχων
802 1904 893 1954 καὶ
917 1902 1100 1963 θέλων,
1130 1903 1249 1956 οὕτε
1273 1907 1300 1956 ό
1320 1904 1447 1966 Θεὸς
1471 1907 1642 1974 ὀρέξει
1667 1910 1838 1976 χεῖρα,
1866 1907 1975 1960 ἀλλ’
1997 1909 2128 1960 ἁπο-

579 1982 828 2049 στήσεται
861 1985 952 2036 καὶ
979 1986 1152 2046 αὑτός.
1189 1986 1352 2038 Πόθεν
1384 1986 1535 2038 τοῦτο
1566 1988 1744 2056 δῆλονς
1781 1990 2040 2040 ’Λκουσον
2075 1989 2126 2040 τί

578 2080 700 2131 φησι
743 2068 805 2133 τῇ
849 2067 1212 2135 Ἰερουσαλήμ.
1257 2067 1398 2139 [166]
1431 2071 1690 2136 Ποσάκις
1713 2072 1980 2137 ἠθέλησα
1999 2075 2124 2124 ἐπι-

573 2146 932 2212 συναγαγεῖν
977 2147 1046 2198 τὰ
1088 2148 1264 2200 τέκνα
1306 2166 1439 2212 σου,
1488 2153 1581 2203 καί
1619 2155 1728 2205 οὐκ
1760 2152 2124 2217 ἠθελήσατε;

588 2224 748 2286 Ἰδοὺ,
776 2226 1002 2292 ἀφίεται
1032 2230 1062 2278 d
1091 2225 1248 2292 οἶκος
1277 2231 1435 2297 ὑμῶν
1463 2233 1694 2299 ἕρημος.
1735 2234 1911 2302 Ὁρᾷς,
1943 2237 2122 2303 ἐπειδὴ

574 2306 671 2355 οὐκ
691 2304 972 2375 ἠθέλησαν,
994 2307 1107 2368 πῶς
1125 2311 1326 2378 ἀπέστη
1353 2314 1442 2363 καὶ
1464 2316 1489 2363 6
1507 2314 1633 2375 Θεὸς
1653 2333 1665 2377 ;
1691 2316 1786 2368 Διά
1802 2317 1953 2367 τοῦτο
1971 2317 2124 2385 χρεία

574 2386 700 2452 ἡμῖν
725 2389 813 2439 καὶ
837 2387 926 2439 τοῦ
959 2388 1128 2441 θέλειν
1157 2392 1247 2441 καὶ
1275 2393 1365 2443 τοῦ
1394 2396 1624 2462 τρέχειν,
1656 2396 1738 2446 ἵνα
1768 2397 1858 2446 καλ⁵
1885 2398 1971 2449 τὸν
1997 2399 2124 2448 Θεὸν

573 2467 1013 2536 ἐπισπασώμεθα.
1037 2470 1202 2522 Τοῦτο
1228 2470 1317 2523 οὖν
1338 2491 1464 2539 φησι
1485 2476 1574 2526 καὶ
1598 2478 1624 2526 6
1653 2479 2045 2545 προφήτης,ὅτι
2067 2480 2126 2530 τὸ

574 2548 906 2617 γατορθῶσαι
923 2552 1020 2602 οὐκ
1047 2554 1101 2602 ἐν
1125 2555 1270 2621 ἡμῖν,
1294 2555 1404 2606 ἀλλ’
1441 2558 1496 2608 ὲν
1518 2560 1580 2625 τῇ
1599 2556 1688 2609 τοῦ
1707 2558 1838 2609 Θεοῦ
1868 2559 2085 2629 βοηθείᾳ
2108 2576 2121 2589 ⁵

572 2629 634 2710 τὸ
669 2629 954 2710 δὲᾲέλέσθαι
981 2634 1036 2682 ἐν
1061 2635 1190 2702 ἡμῖν
1223 2637 1312 2687 καὶ
1343 2638 1398 2688 ἐν
1423 2640 1486 2704 τῇ
1525 2639 1764 2707 ἡμετέρᾳ
1794 2641 2121 2710 προαιρέσει.

572 2707 776 2760 Οὐκοῦν
801 2712 847 2761 εἰ
867 2713 920 2761 ἐν
933 2714 995 2780 τῇ
1027 2714 1117 2765 τοῦ
1144 2715 1273 2764 Θεοῦ
1290 2715 1506 2785 βοηθείᾳ
1521 2718 1578 2768 τὸ
1596 2707 2121 2788 κατορθῶσαιξφησὶ,

573 2789 674 2841 κᾶν
705 2791 777 2859 μὴ
808 2793 1150 2862 κατορθώσω,
1182 2797 1430 2865 οὐδεμίαν
1453 2799 1517 2849 ἂν
1538 2801 1653 2868 εἴην
1687 2801 1888 2863 δίκαιος
1921 2803 2123 2870 ὑπομέ-

571 2885 680 2951 νειν
720 2872 932 2923 αἰτίανο
987 2874 1111 2926 ὅταν
1149 2876 1253 2945 γὰρ
1309 2879 1375 2928 τὰ
1420 2880 1545 2947 παρ’
1588 2881 1819 2948 ἐμαυτοῦ
1865 2883 2124 2951 παράσχω

578 2950 763 3032 πάντα,
779 2952 868 3002 καὶ
879 2951 1083 3022 θελήσω
1095 2996 1104 3016 ,
1118 2956 1211 3007 καὶ
1228 2957 1436 3026 προέλω
1444 2977 1557 3027 μαι,
1575 2963 1664 3012 καὶ
1674 2962 1778 3013 τῶν
1793 2950 2126 3032 πραγμάτων

572 3028 818 3116 ἅψωμαι.
857 3035 884 3085 6
920 3036 976 3087 δὲ
1014 3037 1102 3087 τοῦ
1139 3039 1318 3102 τέλους
1363 3042 1543 3111 κύριος
1578 3043 1652 3096 ὢν
1687 3045 1759 3114 μὴ
1804 3028 2120 3116 συμπράξῃ,

575 3114 704 3197 μηδὲ
749 3117 902 3185 χεῖρα
937 3118 1115 3187 ὀρέξῃ,
1156 3123 1353 3185 παντὸς
1385 3125 1731 3194 ἀπήλλαγμαι
1766 3114 2121 3197 ἐγκλήματος.

583 3195 717 3279 έΑλλ³
742 3197 836 3248 οὐκ
869 3199 980 3249 ἐστι
1010 3200 1196 3266 ταῦτα,
1238 3205 1334 3256 οὐκ
1363 3205 1505 3257 ἐστιν
1527 3223 1539 3236 ο
1568 3209 1840 3276 ἀμήχανον
1873 3195 2002 3279 γάρ,
2038 3212 2122 3263 θε-

569 3268 842 3359 λησάντων
875 3281 1027 3348 ἡμῶν
1061 3284 1152 3335 καὶ
1193 3286 1561 3354 προελομένων
1595 3268 1715 3340 καί.
1736 3268 2118 3359 βουληθέντων,

568 3355 656 3407 τὸν
684 3357 818 3442 Θεὸν
856 3361 1251 3427 ἐγκαταλιπεῖν.
1299 3369 1358 3418 Εἰ
1397 3368 1500 3436 γάρ
1533 3373 1642 3432 τοῖς
1680 3355 1751 3439 μή
1786 3355 2121 3442 βουλομένοις

573 3441 950 3525 παραινεῖ-καὶ
984 3444 1352 3510 συμϐουλεύει,
1385 3449 1469 3498 ἵνα
1513 3449 1775 3518 θελήσωσι
1809 3455 1896 3504 καὶ
1929 3441 2119 3525 βουλη-

569 3515 723 3601 θῶσι,
770 3521 944 3591 πολλῷ
985 3525 1180 3592 μᾶλλον
1209 3527 1328 3588 τοὺς
1372 3515 1721 3597 αἱρουμένους
1748 3535 1845 3585 οὐκ
1894 3515 2121 3601 ἐγκατά-

568 3596 838 3686 λιμπάνει.
869 3605 1230 3686 ,Ἐμϐλέψατε
1274 3610 1398 3677 γάρ,
1445 3596 1594 3679 φησὶ,
1632 3617 1716 3677 εἰς
1748 3596 1995 3682 ἀρχαίας
2031 3636 2122 3686 γε·

567 3685 738 3746 νεὰς,
788 3685 882 3737 καὶ
923 3687 1103 3738 ἴδετε.
1157 3690 1248 3752 Τίς
1294 3690 1552 3755 ἤλπισεν
1602 3695 1697 3744 ἐπὶ
1747 3699 1981 3762 Κύριον,
2019 3685 2116 3751 καὶ

569 3765 986 3831 κατῃσχύνθη;
1032 3767 1068 3834 ἣ
1114 3771 1197 3833 τίς
1246 3771 1505 3837 ἐνέμεινε
1539 3774 1663 3837 ταῖς
1712 3776 1980 3840 ἐντολαῖς
2009 3783 2116 3831 αὐ-

568 3841 671 3893 τοῦ
696 3843 743 3906 δ,
775 3844 872 3896 καὶ
917 3849 1225 3913 ὑπερεῖδεν
1257 3854 1475 3912 αὺτόν;
1522 3854 1629 3906 Καὶ
1662 3856 1818 3908 πάλιν
1853 3859 1879 3907 ὁ
1917 3859 2118 3921 Παῦλός

569 3937 748 4008 φησιν,
781 3924 849 4008 ῃῊ
885 3925 952 3977 δὲ
983 3928 1152 3993 ἐλπὶς
1177 3934 1247 3983 οὐ
1277 3936 1679 4001 καταισχύνει,
1721 3939 1752 4004 ὴ
1788 3937 1940 3999 ἐλπὶς
1971 3941 2003 4008 ἡ
2041 3943 2118 4003 εἰς

568 4003 657 4053 τὸν
694 4005 841 4057 Θεόν.
881 4009 1179 4079 Ἀμήχανον
1223 4014 1329 4082 γάρ
1374 4015 1466 4066 τοῦ
1509 4017 1695 4080 τέλους
1733 4003 2003 4074 ἐκπεσεῖν-
2027 4024 2116 4075 τὸν

566 4083 659 4174 δλῃ
706 4085 907 4174 διανοίᾳ
953 4093 1040 4141 ἐπὶ
1086 4093 1174 4143 τὸν
1227 4094 1354 4146 Θεὸν
1397 4097 1711 4162 ἐλπίζοντα,
1761 4104 1850 4154 καὶ
1879 4105 1944 4155 τά
1994 4106 2114 4174 παρ’

565 4167 756 4220 ἑαυτοῦ
798 4171 971 4224 πάντα
1008 4175 1340 4241 εἰσφέροντα.
1384 4180 1492 4230 Καὶ
1531 4182 1709 4244 πάλιν,
1744 4186 1959 4247 Πιστὸς
1995 4167 2119 4239 δὲ’-ό

568 4247 729 4311 Θεὸς,
758 4249 823 4314 ὃς
850 4254 960 4305 οὐκ
986 4254 1150 4307 ἐάσει
1175 4256 1327 4324 ὑμᾶς
1357 4261 1749 4329 πειρασθῆναι
1781 4264 1929 4330 ὑπὲρ
1955 4266 1985 4317 ὃ
2023 4266 2123 4319 δύ-

627 4400 652 4469 _‘
679 4398 809 4469 _Du9_
820 4405 1131 4469 [ρει-αὖτοὺς
1150 4409 1349 4469 ὑπέχειν.

775 4461 923 4537 Fidi}.
942 4464 1078 4537 Ro_m.
1092 4526 1101 4537 1
1119 4458 1216 4537 τῷν
1298 4469 1308 4487 ¹
1331 4470 1513 4537 legitur
1528 4472 1604 4537 ff;
1623 4472 1917 4537 év_€1r€gteuae
1944 4477 2122 4537 Κυρίῳ,

562 4526 1034 4592 καίνκατησχύνθηιγῆ
1058 4526 1126 4581 τίς
1145 4528 1343 4592 ἐνέμεινε
1365 4526 1431 4590 τῷ
1457 4533 1586 4592 φόϐῳ
1625 4534 1795 4591 amb-toﬁ;
1821 4545 1914 4582 elc.
1943 4526 2120 4583 Vel-uin,

561 4577 929 4684 gﬁszzs'lffoca
947 4577 1039 4633 ῑυεί
1063 4577 1288 4636 αι’ωοοιί
1329 4577 1441 4638 εοεο
1467 4577 1763 4642 ὀιΐέιεθοιῖί
1785 4577 2026 4645 ξιᾶθῖὸετε
2043 4577 2120 4644 ἑόξ

1331 335 1388 389 S.
1424 330 1705 390 JOANNIS
1736 327 2224 387 CIIBYSOSTOMI
2263 325 2577 383 ARCHIED.
2619 324 3153 384 CONSTANTINOP.

3685 326 3796 380 162

2233 447 2437 498 νασθε.
2480 444 2634 497 ἀλλὰ
2668 442 2904 504 ποιήσει
2942 439 3063 492 σὺν
3095 437 3174 502 τῷ
3207 436 3509 503 πειρασμῷ
3555 438 3648 488 καὶ
3676 441 3788 501 τὴν

2232 526 2503 589 ἔκϐασιν,
2555 525 2661 578 τοῦ
2716 525 3008 578 δύνασθαι
3069 520 3224 587 ὑμᾶς
3287 518 3652 586 ὑπενεγκεῖν.
3691 518 3787 573 Διά

2230 606 2383 658 τοῦτο
2421 609 2670 676 παραινεῖ
2702 605 2860 670 σοφός
2901 620 2982 665 τις
3028 603 3187 671 ἀνὴρ,
3219 602 3416 668 λέγων·
3458 599 3691 660 Τέκνον,
3731 598 3788 652 ει

2231 687 2528 753 προσέρχῃ
2559 686 2867 739 δουλεύειν
2911 685 3122 750 Κυρίῳ.
3158 684 3474 749 ἐτοίμασον
3520 680 3630 744 τὴν
3671 682 3785 746 ψυ-

2230 767 2348 835 χήν
2393 785 2506 820 σου
2549 771 2634 831 εἰς
2682 766 3027 834 πειρασμόν.
3073 764 3345 816 Εὔθυνον
3383 761 3494 828 τὴν
3537 761 3786 828 καρδίαν

2229 862 2362 910 σου,
2395 848 2489 899 καὶ
2532 846 2917 912 καρτέρησον,
2945 845 3041 897 καὶ
3075 844 3159 910 μὴ
3201 843 3476 908 σπεύσῃς
3511 842 3578 894 ἐν
3604 838 3783 905 καιρῷ

2227 927 2548 995 ἐπαγωγῆς.
2571 928 2905 993 Κολλήθητι
2926 926 3104 990 αὐτῷ,
3128 926 3224 977 καί
3247 925 3330 992 μὴ
3361 922 3646 988 ἀποστῇς.
3673 921 3783 973 Καὶ

2229 1009 2411 1077 ἕτερος
2439 1012 2691 1078 παραινεῖ
2717 1009 2895 1076 λόγος’
2936 1010 2996 1061 Ὀ
3027 1008 3093 1060 δὲ
3118 1009 3440 1076 ὑπομείνας
3467 1008 3549 1070 εἰς
3586 1004 3779 1069 τέλος,

2228 1086 2404 1151 οὗτος
2439 1090 2792 1152 σωθήσεται.

2311 1170 2492 1222 Ταῦτα
2540 1171 2595 1221 δέ
2644 1171 2818 1222 πάντα
2869 1169 3092 1230 κανόνες
3134 1168 3240 1220 εἰσὶ
3282 1168 3375 1220 καὶ
3420 1168 3532 1237 ὅροι
3564 1169 3655 1219 καὶ
3693 1168 3779 1220 δό-

2227 1265 2410 1317 γματα
2461 1249 2723 1317 ἀκίνητα’
2765 1250 2858 1302 καὶ
2910 1250 2990 1302 δεῖ
3038 1249 3193 1300 τοῦτο
3246 1250 3546 1316 πεπηγέναι
3609 1251 3665 1300 ἐν
3712 1251 3778 1318 τῇ

2226 1330 2366 1398 ψυχῇ
2403 1333 2466 1398 τῇ
2511 1331 2769 1399 ἡμετέρᾳ,
2811 1330 2892 1381 ὅτι
2921 1329 3200 1397 ἀμήχανόν
3233 1346 3352 1381 τινα
3387 1329 3583 1397 σπουδῇ
3639 1329 3782 1397 χρώ-

2230 1427 2384 1478 μενον
2426 1411 2516 1463 καὶ
2559 1410 2900 1479 μεριμνῶντα
2946 1410 3083 1479 ὑπὲρ
3127 1410 3222 1477 τῆς
3260 1408 3449 1462 ἐαυτοῦ
3488 1409 3778 1477 σωτηρίας,

2226 1493 2319 1543 καὶ
2361 1493 2428 1544 τά
2459 1491 2586 1560 παρ’
2608 1490 2796 1542 ἑαυτοῦ
2836 1492 3009 1544 πάντα
3050 1491 3502 1559 ἐπιδεικνύμενον,
3544 1491 3780 1557 ἐγκατα-

2229 1573 2500 1640 λειφθῆναι
2527 1589 2656 1623 ποτε
2687 1573 2834 1639 παρὰ
2862 1571 2953 1624 τοῦ
2983 1571 3138 1625 Θεοῦ.
3168 1573 3277 1623 Οὐκ
3311 1571 3527 1634 ἀκούεις
3553 1573 3604 1624 τί
3647 1588 3778 1640 φησι

2228 1653 2360 1722 πρὸς
2385 1653 2470 1705 τὸν
2499 1655 2733 1722 Πέτρον;
2763 1654 2972 1721 Σίμων,
2997 1653 3213 1721 Σίμων,
3241 1653 3493 1718 ποσάκις
3516 1654 3779 1721 ᾐτήσατο

2229 1737 2260 1786 ό
2303 1733 2571 1799 Σατανᾶς
2603 1733 2870 1788 σινιάσαι
2912 1733 3064 1803 ὑμᾶς
3108 1735 3187 1798 ὡς
3235 1733 3339 1786 τὸν
3387 1733 3575 1795 σῖτον,
3620 1733 3780 1803 κάγὼ

2223 1815 2473 1882 ἐδεήθην
2505 1816 2633 1883 περί
2664 1817 2800 1879 σοῦ,
2829 1818 2929 1869 ἵνα
2949 1817 3034 1884 μὴ
3064 1817 3311 1883 ἐκλείπῃ
3345 1818 3383 1883 ἠ
3413 1817 3612 1878 πίστις
3638 1830 3773 1869 σου.

2231 1897 2398 1949 Ὅταν
2432 1898 2527 1967 μὲν
2553 1899 2661 1967 γάρ
2692 1899 2773 1969 ῐδῃ
2797 1899 2886 1950 τὸν
2917 1898 3107 1968 φόρτον
3135 1909 3157 1936 ο
3190 1898 3356 1966 μείζω
3387 1900 3484 1966 τῆς
3508 1898 3779 1966 ἡμετέρας

2224 1980 2498 2049 δυνάμεως
2548 1980 2692 2040 ὅντα,
2738 1980 2916 2048 ὀρέγει
2965 1983 3138 2050 χεῖρα,
3173 1981 3264 2031 καὶ
3314 1981 3644 2046 ἐπικουφίζει
3689 1981 3779 2031 τὸν

2226 2062 2562 2130 πειρασμόν·
2608 2061 2731 2113 ὅταν
2786 2062 2841 2112 δὲ
2895 2061 2974 2130 ῐδῃ
3022 2061 3081 2123 ἐξ
3140 2060 3341 2122 οἰκείας
3389 2061 3652 2128 ῥᾳθυμίας
3687 2062 3779 2112 καὶ

2223 2144 2508 2211 ὀλιγωρίας
2537 2142 2632 2212 τὴν
2658 2144 2858 2195 οἰκείαν
2889 2143 3227 2212 προδιδόντας
3260 2145 3547 2210 σωτηρίαν,
3578 2143 3669 2194 καὶ
3702 2143 3776 2212 μὴ

2226 2225 2575 2293 βουλομένους
2593 2225 2850 2291 σωθῆναι,
2873 2223 3062 2291 ἀφίησι
3087 2223 3178 2274 καὶ
3196 2223 3670 2290 ἐγκαταλιμπάνει.
3699 2226 3776 2276 Οὐ

2223 2306 2328 2376 γὰρ
2373 2306 2633 2374 βιάζεται,
2666 2306 2786 2357 οὐδὲ
2819 2304 3132 2371 ἀναγκάζει,
3169 2306 3260 2356 καὶ
3293 2306 3426 2373 ὅπερ
3462 2305 3551 2356 ἐπὶ
3577 2307 3673 2373 τῆς
3701 2306 3778 2357 δι-

2222 2387 2504 2449 δασκαλίας
2533 2388 2721 2447 ἐποίει,
2752 2388 2906 2438 τοῦτο
2941 2387 3030 2438 καὶ
3063 2386 3296 2439 ἐνταῦθα
3338 2387 3560 2453 γίνεται.
3590 2387 3775 2439 Καθά-

2227 2485 2330 2536 περ
2357 2468 2462 2534 γάρ
2489 2470 2603 2518 ἐκεῖ
2628 2470 2748 2530 τοὺς
2787 2469 2858 2536 μὴ
2892 2468 3135 2530 θέλοντας
3167 2468 3399 2530 ἀκούειν,
3430 2467 3539 2519 ἀλλ’
3565 2469 3778 2534 ἀποπη-

2225 2547 2444 2609 δῶντας,
2471 2550 2563 2616 οὐχ
2590 2543 2783 2611 εἷλκεν,
2813 2548 2956 2618 [167]
2981 2549 3096 2600 οὐδὲ
3120 2549 3381 2610 ἐϐιάζετο,
3403 2551 3511 2610 τοῖς
3537 2547 3591 2599 δὲ
3618 2565 3778 2617 προσ-

2225 2628 2401 2696 έχουσι
2430 2629 2632 2680 διέλυσε
2680 2631 2748 2682 τὰ
2796 2631 2997 2697 ἀσαφῆ,
3029 2631 3121 2680 καὶ
3162 2632 3230 2681 τὰ
3281 2630 3570 2697 αἰνίγματα
3605 2629 3774 2680 ἐποίει

2227 2711 2458 2777 φανερά⁶
2489 2709 2627 2761 οὕτω
2655 2711 2718 2779 δὴ
2750 2713 2841 2762 καὶ
2872 2711 2962 2762 ἐπὶ
2991 2709 3097 2762 τῶν
3129 2710 3490 2779 πραγμάτων·
3524 2711 3644 2770 τοὺς
3678 2709 3775 2776 μὲν

2226 2790 2554 2858 ἀναλγήτους
2591 2791 2683 2841 καὶ
2725 2792 2821 2843 οὐκ
2853 2791 3126 2853 ἐθέλοντας
3164 2793 3261 2843 οὐκ
3303 2791 3614 2857 ἀναγκάζει,
3656 2789 3776 2840 οὐδὲ

2230 2870 2486 2938 βιάζεται,
2528 2873 2650 2932 τοὺς
2693 2873 2748 2923 δὲ
2801 2873 3257 2942 προαιρουμένους
3306 2874 3592 2923 ἐπισπᾶται
3641 2870 3775 2938 μετά

2228 2953 2423 3021 πολλῆς
2451 2953 2548 3021 τῆς
2582 2954 2949 3023 σφοδρότητος.
2979 2956 3075 3006 Διά
3104 2956 3258 3006 τοῦτο
3284 2957 3375 3007 καὶ
3404 2958 3430 3007 6
3461 2954 3657 3022 Πέτρος
3680 2970 3776 3022 φη-

2227 3033 2308 3085 σίν
2329 3050 2341 3062 ·
2374 3035 2488 3085 Ἐπ’
2517 3035 2798 3100 ἀληθείας
2829 3036 3360 3104 καταλαμϐάνομαι,
3391 3035 3477 3087 ὅτι
3501 3036 3568 3086 ἐν
3597 3032 3773 3085 παντὶ

2222 3114 2376 3168 ἔθνει
2413 3118 2445 3167 ό
2481 3117 2843 3182 φοϐούμενος
2890 3117 2995 3169 τὸν
3035 3119 3200 3180 Θεὸν,
3253 3119 3348 3169 καὶ
3396 3115 3775 3184 ἐργαζόμενος

2222 3195 2629 3262 δικαιοσύνην,
2670 3197 2872 3262 δεκτὸς
2904 3199 3058 3264 αὺτῷ
3089 3200 3237 3252 ἐστι.
3291 3199 3395 3252 Καὶ
3437 3202 3464 3251 6
3494 3199 3772 3266 προφήτης

2222 3277 2349 3328 αὐτὸ
2383 3278 2536 3329 τοῦτο
2563 3282 2812 3347 παραινεῖ
2839 3280 3035 3346 λέγων·
3075 3282 3207 3333 Ἐὰν
3239 3280 3462 3346 θέλητε,
3485 3279 3578 3330 καί
3608 3281 3774 3330 είσα-

2221 3357 2480 3424 κούσητέ
2500 3376 2639 3424 μου,
2678 3360 2746 3411 τὰ
2789 3361 2974 3427 ἀγαθὰ
3003 3361 3109 3426 τῆς
3137 3361 3246 3428 γῆς
3265 3363 3536 3428 φάγεσθε·
3578 3360 3682 3410 ἐὰν
3708 3357 3775 3410 δὲ

2215 3439 2300 3504 μὴ
2325 3439 2560 3505 θέλητε,
2597 3440 2748 3506 μηδὲ
2783 3442 3168 3506 εἰσακούσητέ
3186 3460 3321 3509 μου,
3355 3441 3607 3508 μάχαιρα
3624 3438 3775 3505 ὑμᾶς

2225 3521 2546 3572 κατέδεται.
2574 3520 2754 3572 Ταῦτα
2783 3517 2872 3572 οὖν
2905 3521 3116 3584 είδότες,
3147 3524 3238 3573 καὶ
3277 3523 3355 3573 ὅτι
3392 3523 3484 3572 καὶ
3517 3521 3575 3571 τὸ
3604 3520 3775 3571 θέλειν

2220 3602 2312 3652 καὶ
2339 3601 2398 3652 τὸ
2432 3601 2639 3669 τρέχειν
2677 3605 2732 3652 ἐν
2777 3603 2906 3670 ἡμῖν
2938 3605 3072 3666 ἐστι,
3110 3604 3201 3655 καὶ
3233 3603 3316 3655 διά
3356 3603 3448 3653 τοῦ
3480 3603 3648 3654 θέλειν
3683 3601 3776 3653 καὶ

2217 3680 2311 3730 τοῦ
2336 3682 2546 3750 τρέχειν
2571 3683 2660 3732 τὸν
2687 3682 2817 3735 Θεὸν
2843 3684 3195 3752 ἐπισπώμεθα
3224 3685 3357 3753 πρὸς
3385 3685 3481 3752 τὴν
3506 3684 3776 3754 ἡμετέραν

2226 3759 2491 3829 βοήθειαν,
2540 3764 2966 3833 ἐπισπασάμενοι
3013 3766 3068 3817 δέ
3117 3767 3293 3830 αὐτὸν,
3348 3767 3480 3835 πρὸς
3529 3767 3588 3818 τὸ
3627 3767 3778 3827 τέλος

2216 3841 2413 3911 ἥξομεν
2431 3844 2535 3894 τῶν
2565 3845 2923 3912 πραγμάτων·
2949 3840 3335 3915 διαναστῶμεν,
3367 3849 3657 3915 ἀγαπητοὶ,
3681 3849 3774 3900 καὶ

2219 3927 2395 3976 πᾶσαν
2429 3925 2658 3993 σπουδὴν
2703 3927 3088 3996 ἐπιδειξώμεθα
3137 3931 3192 3980 ἐν
3223 3933 3285 3996 τῇ
3333 3930 3430 3996 τῆς
3463 3929 3635 3996 ψυχῆς
3665 3947 3775 3982 σω-

2216 4005 2378 4073 τηρίᾳ
2412 4003 2509 4072 τῆς
2537 4007 2827 4076 ἡμετέρας,
2856 4007 2940 4060 ἵνα
2969 4008 3159 4078 μικρὸν
3189 4009 3416 4061 ἐνταῦθα
3447 4011 3775 4078 πονήσαντες

2216 4086 2423 4155 χρόνον,
2472 4089 2609 4137 κατὰ
2653 4088 2741 4138 τὸν
2787 4089 2972 4158 ἀγήρω
3017 4091 3110 4141 καὶ
3151 4090 3410 4142 ἀθάνατον
3455 4091 3622 4144 αἰῶνα
3667 4093 3775 4144 τῶν

2221 4166 2495 4217 ἀθανάτων
2527 4168 2912 4237 ἀπολαύσωμεν
2947 4171 3191 4236 ἀγαθῶν*
3226 4167 3298 4223 ὧν
3339 4173 3544 4238 γένοιτο
3575 4174 3777 4236 πάντας

2221 4249 2367 4314 ἡμᾶς
2400 4249 2690 4316 ἐπιτυχεῖν,
2721 4251 2899 4318 χάριτι
2927 4253 3018 4303 καὶ
3045 4253 3420 4322 φιλανθρωπίᾳ
3450 4253 3545 4305 τοῦ
3571 4253 3777 4322 Κυρίου

2224 4327 2379 4394 ἡμῶν
2414 4329 2583 4396 Ἰησοῦ
2615 4330 2869 4397 Χριστοῦ,
2904 4331 3019 4398 μεθ’
3045 4326 3104 4382 οὗ
3131 4332 3206 4401 τῷ
3236 4334 3408 4401 Πατρὶ
3433 4336 3464 4402 ἡ
3494 4335 3635 4398 δόξα,
3662 4335 3780 4402 ἅμα

2224 4406 2300 4474 τῷ
2332 4408 2469 4473 ἁγίῳ
2505 4409 2796 4475 Πνεύματι,
2824 4409 2916 4463 νῦν
2942 4412 3036 4464 καὶ
3063 4413 3168 4466 ἀεὶ.
3200 4414 3290 4464 καὶ
3323 4415 3399 4476 εἰς
3431 4417 3552 4477 τοὺς
3581 4416 3780 4478 αἰῶνας

2227 4487 2332 4539 τῶν
2365 4489 2590 4542 αἰώνων.
2631 4491 2686 4542 ’Λ
2695 4492 2816 4561 μήν.

2289 4662 2313 4690 ⁸
2329 4659 2460 4708 Unus
2480 4661 2532 4707 τὸ
2556 4663 2757 4720 φορτίον.
