4064 6214
197 334 300 387 161

196 451 408 507 maque
458 450 563 494 non
614 436 683 493 sit
726 434 781 493 in
827 453 1012 495 eorum
1042 443 1207 510 posita
1250 442 1548 510 potestate?
1589 443 1767 512 Itaque

195 542 318 581 cum
350 527 518 583 Deum
543 526 750 582 videtur
772 543 946 595 orare,
979 545 1046 584 ne
1069 531 1298 589 graviori
1328 545 1480 598 pcena
1507 532 1764 585 mulcten-

196 629 301 683 tur,
325 617 457 673 nihil
486 619 627 673 aliud
652 618 862 684 indicat,
895 635 1052 689 quam
1073 621 1254 688 dignos
1283 636 1374 675 eos
1400 635 1517 675 esse
1546 621 1630 690 qui
1653 622 1767 689 ple-

193 716 423 772 ctantur,
458 724 520 763 ac
548 724 759 777 ptenam
785 711 1076 764 sustineant
1106 728 1119 763 :
1154 709 1253 763 hoc
1274 722 1449 763 autem
1470 711 1599 763 nihil
1622 710 1764 765 aliud

191 814 356 865 quam
388 799 683 851 libertatem
707 799 909 852 arbitrii
935 799 1224 851 constituit.
1270 798 1324 852 Si
1370 800 1512 852 enim
1555 814 1641 853 res
1668 814 1761 867 ge-

190 887 376 941 renda:
408 888 620 941 illorum
646 888 779 955 juris
807 896 859 940 et
897 887 1098 940 arbitrii
1140 902 1247 940 non
1289 897 1485 952 essent,
1529 903 1631 940 non
1654 888 1764 954 jam

194 989 249 1030 ut
279 977 479 1030 mitiori
509 976 765 1045 supplicio
803 976 1138 1030 afficerentur
1182 976 1285 1045 peti
1326 985 1615 1045 oporteret,
1668 976 1760 1030 sed

195 1081 290 1119 nec
317 1066 427 1119 ullo
454 1066 611 1119 modo
642 1066 811 1133 puniri
845 1083 857 1118 :
887 1067 993 1118 imo
1014 1080 1139 1120 vero
1170 1082 1338 1134 neque
1362 1066 1605 1135 precibus
1630 1080 1762 1134 opus

193 1165 337 1209 esset
366 1173 378 1206 :
410 1170 511 1207 non
549 1156 685 1208 enim
716 1154 1059 1222 deprecatore
1087 1154 1283 1223 indiget
1318 1156 1474 1218 Deus,
1516 1164 1574 1208 ut
1613 1156 1763 1208 inno-

193 1258 374 1301 centes
405 1262 508 1299 non
551 1247 748 1314 puniat.
778 1246 843 1298 Et
872 1246 996 1315 quid
1030 1246 1166 1313 dico,
1211 1247 1366 1309 Deus,
1410 1262 1528 1300 cum
1560 1263 1655 1302 nec
1682 1248 1762 1300 ul-

191 1335 271 1389 lus
304 1337 464 1389 homo
493 1335 766 1405 prudens?
793 1335 1013 1401 Quando
1043 1336 1199 1404 igitur
1240 1351 1335 1404 pro
1374 1336 1569 1391 Iudaeis
1608 1352 1761 1391 orare

193 1426 502 1493 prophetam
528 1426 788 1489 videmus,
820 1426 948 1479 satis
977 1425 1141 1493 liquet
1174 1440 1293 1478 eum
1332 1440 1427 1494 pro
1462 1425 1760 1482 hominibus

190 1531 345 1569 orare
397 1515 484 1583 qui
535 1516 800 1583 peccarint
841 1533 853 1567 :
898 1524 1007 1567 tum
1040 1529 1161 1569 vero
1190 1516 1422 1567 cernitur
1464 1525 1750 1583 peccatum,

190 1620 306 1657 cum
343 1619 505 1671 penes
535 1618 630 1656 nos
656 1612 737 1656 est
764 1612 815 1655 ut
843 1604 1012 1671 legem
1053 1619 1156 1655 non
1196 1603 1657 1671 transgrediamur,
1708 1612 1761 1659 et

191 1704 363 1747 tamen
394 1709 509 1747 eam
538 1694 969 1762 transgredimur.
994 1693 1131 1762 Ergo
1158 1693 1385 1762 undique
1415 1694 1564 1747 nobis
1586 1696 1755 1748 mani-

191 1789 377 1839 festum
405 1794 504 1847 est,
543 1799 663 1838 cum
688 1785 741 1837 in
776 1792 973 1848 nostra,
1009 1794 1114 1835 tum
1146 1784 1196 1836 in
1232 1784 1319 1837 Dei
1358 1792 1613 1852 potestate
1656 1785 1754 1837 sita

190 1894 303 1931 esse
341 1887 487 1931 recte
518 1876 670 1929 facta.
702 1875 884 1929 Simile
915 1874 1039 1928 illud
1068 1884 1150 1928 est
1172 1877 1349 1939 etiam,
1384 1875 1500 1929 Non
1528 1878 1755 1943 volentis,

190 1986 342 2033 neque
381 1970 641 2031 currentis,
685 1969 772 2020 scd
818 1968 1092 2019 misereutis
1122 1978 1193 2020 est
1232 1967 1324 2020 Dei
1365 1968 1537 2038 (llam.
1568 1968 1755 2038 9.16).

191 2064 250 2115 Et
280 2076 437 2129 quam
469 2061 534 2111 ob
562 2074 774 2113 causam
802 2074 978 2122 curro,
1005 2060 1189 2126 inquit,
1242 2060 1323 2112 vel
1352 2076 1503 2125 quam
1533 2060 1601 2111 ob
1630 2076 1756 2111 cau-

192 2168 300 2205 sam
345 2150 485 2212 volo,
542 2148 643 2201 nisi
687 2157 791 2201 tota
826 2161 909 2201 res
938 2147 985 2199 in
1015 2163 1132 2200 meo
1161 2149 1224 2199 sit
1252 2148 1470 2200 arbitrio
1498 2149 1638 2201 sita?
1693 2148 1758 2201 Ut

190 2244 435 2295 nimirum
473 2240 595 2293 dum
639 2240 737 2301 vis,
785 2248 838 2292 et
863 2239 983 2291 dum
1014 2239 1207 2304 curris,
1240 2238 1473 2291 divinum
1505 2240 1756 2291 auxilium

189 2341 240 2385 et
283 2330 703 2385 benevolentiam
758 2330 847 2382 tibi
895 2330 1174 2392 concilies,
1224 2330 1299 2383 sic
1338 2339 1393 2382 ut
1437 2340 1485 2383 te
1526 2330 1753 2396 adjuvet,

191 2440 250 2477 ac
295 2438 508 2476 manum
542 2423 791 2490 porrigat,
834 2430 990 2489 atque
1023 2422 1085 2473 ad
1120 2423 1273 2473 linem
1306 2437 1464 2489 usque
1490 2423 1754 2488 perducat.

191 2516 241 2569 Si
269 2515 412 2567 enim
443 2515 541 2565 hoc
569 2512 862 2572 sustuleris,
895 2520 946 2563 et
976 2526 1192 2563 currere
1220 2512 1373 2562 simul
1402 2520 1452 2561 ct
1492 2511 1624 2562 velle
1661 2512 1755 2562 de-

192 2604 365 2665 sieris,
397 2616 568 2669 neque
598 2615 805 2651 manum
835 2600 1065 2665 porriget
1097 2598 1251 2661 Deus,
1282 2598 1371 2650 sed
1398 2608 1447 2649 ct
1489 2600 1595 2665 ipse
1634 2600 1755 2650 abs-

192 2694 361 2747 cedet.
413 2692 563 2745 Unde
601 2701 774 2744 autem
806 2690 854 2742 id
890 2691 1137 2743 constat?
1170 2690 1303 2742 Audi
1347 2689 1469 2757 quid
1510 2691 1646 2742 dicat
1675 2690 1760 2742 Je-

192 2783 500 2851 rosolymre:
530 2781 731 2844 Quoties
754 2778 885 2830 volui
912 2794 1209 2847 congregare
1232 2779 1361 2845 ﬁlios
1390 2789 1516 2838 tuos,
1539 2790 1581 2830 et
1608 2781 1761 2831 nolui-

193 2872 318 2924 stis?
345 2870 475 2922 Ecce
503 2870 796 2933 relinquitur
825 2869 1002 2919 domus
1031 2876 1189 2919 vestra
1212 2867 1405 2920 deserta
1434 2868 1640 2935 (Matth.
1668 2870 1757 2923 25.

193 2963 301 3029 37).
336 2960 516 3024 Vides,
552 2961 795 3025 quoniam
828 2959 897 3010 illi
929 2959 1228 3023 noluerunt,
1262 2974 1367 3026 quo
1412 2938 1561 3027 pacto
1605 2961 1759 3013 etiam

196 3054 331 3106 Deus
360 3052 654 3105 abscessit?
698 3052 981 3119 Propterea
1028 3052 1177 3103 nobis
1212 3067 1417 3119 quoque
1446 3067 1577 3119 opus
1604 3064 1681 3106 est
1710 3062 1764 3106 ut

193 3143 435 3203 velimus,
482 3151 533 3193 et
561 3155 855 3202 curramus,
904 3154 1010 3207 quo
1039 3140 1203 3191 Deum
1232 3141 1382 3193 nobis
1408 3143 1563 3193 etiam
1590 3142 1763 3194 conci-

195 3234 405 3285 liemus.
458 3230 567 3283 Hoc
615 3232 769 3298 igitur
809 3238 908 3291 est,
960 3230 1097 3297 quod
1130 3230 1203 3282 ait
1234 3230 1507 3297 pr0plicta,
1560 3231 1763 3284 felicem

194 3321 395 3373 exitum
442 3335 621 3372 rerum
671 3321 722 3371 in
774 3328 1033 3386 potestate
1084 3327 1262 3370 nostra
1309 3320 1463 3370 situm
1495 3334 1595 3371 non
1627 3334 1764 3384 esse,

196 3424 380 3462 verum
410 3408 476 3459 ab
502 3407 694 3460 auxilio
724 3407 951 3473 pendere
979 3406 1153 3459 divino
1187 3425 1198 3458 :
1235 3416 1287 3459 ut
1312 3417 1483 3461 autem
1516 3408 1767 3476 eligamus

198 3502 251 3552 in
280 3500 435 3551 nobis
460 3508 511 3551 et
538 3499 586 3550 in
618 3499 833 3550 arbitrio
867 3506 1048 3551 nostro
1093 3499 1248 3550 situm
1298 3513 1434 3553 esse.
1487 3499 1768 3551 Enimvero

196 3593 239 3642 si
270 3606 449 3643 rerum
481 3604 700 3656 prosper
730 3599 818 3641 aut
847 3590 1059 3642 sinister
1089 3591 1257 3643 exitus
1282 3591 1346 3643 ab
1373 3593 1566 3643 auxilio
1593 3592 1770 3643 divino

199 3681 417 3749 pendet,
446 3679 586 3731 dicet
611 3679 825 3747 aliquis,
862 3678 991 3730 nulli
1022 3679 1279 3731 obnoxius
1311 3681 1519 3732 crimini
1565 3681 1769 3733 censeri

198 3772 369 3824 debeo
415 3786 429 3822 :
485 3783 603 3822 cum
652 3770 792 3822 enim
850 3769 1043 3829 omnia,
1094 3784 1210 3836 quae
1261 3783 1496 3822 mearum
1548 3770 1771 3837 partium

199 3869 344 3921 sunt,
383 3858 755 3925 praestitero,et
781 3858 1018 3923 voluero,
1044 3867 1096 3910 et
1126 3859 1353 3926 elegero,
1384 3868 1437 3911 et
1467 3874 1577 3911 rem
1606 3861 1771 3926 ipsam

200 3967 484 4023 aggressus
526 3950 698 4015 fuero,
744 3957 789 4004 is
830 3966 959 4004 vero
1006 3966 1035 4003 a
1082 3952 1232 4017 cujus
1284 3959 1538 4019 potestate
1586 3951 1773 4018 pendet

200 4054 448 4105 eventus,
499 4056 583 4094 me
614 4056 716 4095 non
756 4040 1036 4108 adjuverit,
1072 4056 1240 4109 neque
1282 4056 1491 4092 manum
1526 4056 1773 4107 porrexe-

201 4136 290 4197 rit,
323 4132 469 4185 ornni
499 4145 615 4184 sum
641 4130 861 4183 crimine
900 4130 1169 4183 liberatus.
1224 4130 1416 4182 Verum
1447 4145 1548 4181 non
1579 4131 1645 4183 ita
1671 4139 1771 4195 est,

201 4226 361 4292 plane
388 4234 493 4273 non
520 4227 601 4273 est
631 4220 699 4271 ita
727 4235 739 4269 :
770 4234 939 4286 neque
960 4220 1100 4271 enim
1134 4219 1244 4271 fieri
1276 4228 1466 4287 potest,
1498 4228 1553 4274 ut
1590 4220 1631 4271 si
1681 4235 1776 4272 nos

202 4311 551 4374 voluerimus,
598 4308 938 4376 elegerimus,
991 4323 1053 4361 ac
1098 4310 1455 4373 statuerimus,
1506 4310 1640 4363 Deus
1682 4324 1778 4363 nos

203 4404 564 4471 derelinquat.
609 4401 664 4455 Si
694 4400 833 4454 enim
862 4415 952 4453 eos
976 4402 1063 4468 qui
1094 4401 1274 4453 nolunt
1306 4401 1547 4453 hortatur
1572 4410 1627 4453 et
1655 4416 1779 4453 con-

204 4496 335 4547 sulit
370 4497 467 4558 eis,
515 4500 574 4545 ut
620 4491 786 4545 velint
823 4500 876 4544 et
903 4499 1153 4552 statuant,
1180 4491 1346 4543 multo
1383 4491 1545 4558 magis
1575 4505 1667 4542 eos
1693 4492 1779 4558 qui

208 4587 347 4637 ultro
374 4584 589 4652 eligent,
614 4597 717 4636 non
745 4582 1091 4650 derelinquet.
1123 4581 1369 4648 Respicite
1406 4596 1652 4648 namque,
1696 4582 1777 4632 in-

204 4674 342 4742 quit,
373 4673 426 4723 in
451 4673 791 4741 generationes
820 4672 1069 4738 antiquas,
1115 4679 1160 4722 et
1198 4670 1375 4733 videte,
1423 4670 1532 4735 quis
1572 4669 1782 4737 speravit

207 4764 261 4813 in
311 4760 603 4825 Dominum,
658 4769 706 4813 et
748 4760 983 4827 confusus
1028 4760 1138 4811 est?
1176 4767 1259 4810 aut
1291 4758 1400 4825 quis
1428 4758 1697 4813 permansit
1731 4758 1783 4809 in

209 4851 463 4903 mandatis
492 4851 620 4916 eius,
654 4859 701 4902 et
731 4850 953 4919 despexit
984 4865 1094 4902 eum
1132 4848 1318 4918 (Eccli.
1349 4849 1400 4901 9..
1438 4849 1521 4901 11.
1550 4848 1677 4915 12)?
1724 4849 1786 4901 Et

211 4956 396 4997 rursus
435 4941 507 4994 ait
548 4941 761 5005 Paulus,
815 4942 941 5010 Spes
978 4956 1077 4994 non
1103 4939 1364 5008 confundit
1412 4938 1581 5009 (Rom.
1607 4940 1659 4993 5.
1692 4940 1782 5007 5),

212 5050 337 5102 spes
386 5032 635 5086 nimirum
686 5032 736 5084 in
779 5031 966 5084 Deum.
1012 5030 1344 5099 Impossibile
1396 5030 1537 5083 enim
1583 5037 1683 5094 est,
1733 5039 1787 5083 ut

214 5126 374 5177 finem
420 5123 759 5196 propositum
778 5135 887 5175 non
934 5120 1252 5190 adipiscatur
1281 5120 1323 5175 is
1352 5120 1439 5189 qui
1469 5127 1576 5174 tota
1607 5128 1783 5174 mente

1019 327 1086 384 ΙΝ
1122 328 1343 397 ILLUD,
1385 330 1659 395 DOMINE,
1696 330 1831 387 NON
1867 331 1993 388 EST
2030 332 2097 387 IN
2133 332 2411 402 HOMINE,
2450 333 2599 390 ETC.

3322 340 3432 397 162

1870 444 1923 498 in
1956 443 2123 499 Deum
2148 453 2340 513 Sperat,
2364 453 2417 500 et
2440 460 2558 514 qua:
2580 458 2794 498 suarum
2823 452 2941 497 sunt
2968 442 3192 511 partium
3221 448 3432 509 praestat

1868 534 2063 586 omnia.
2088 534 2153 587 Et
2182 548 2383 599 rursus,
2410 533 2599 588 Fidelis
2624 543 2788 587 autem
2813 532 2969 596 Deus,
2993 533 3077 599 qui
3102 548 3200 584 non
3222 531 3436 598 patietur

1866 636 1953 676 vos
1979 623 2157 676 tentari
2183 640 2336 693 supra
2359 624 2412 676 id
2435 626 2567 691 quod
2587 625 2808 691 potestis,
2838 623 2923 676 sed
2946 623 3089 689 faciet
3115 637 3228 673 cum
3273 630 3434 674 tenta-

1869 716 1998 766 tione
2027 724 2316 785 proventum
2336 757 2350 779 ,
2383 726 2436 768 ut
2464 717 2659 785 possitis
2685 718 2924 768 sustinere
2952 714 3028 783 (1.
3052 712 3168 766 Cor.
3194 713 3278 765 10.
3319 713 3431 779 15).

1868 802 2067 857 Idcirco
2110 805 2357 858 admonet
2384 806 2591 873 sapiens
2619 808 2695 856 vir
2722 805 2933 872 quidam
2960 804 3146 856 dicens
3182 820 3195 856 :
3225 801 3350 865 Fili,
3389 802 3434 853 si

1866 897 2072 948 accedas
2097 897 2163 948 ad
2191 897 2466 948 servitutem
2498 896 2713 958 Domini,
2760 911 2989 962 prtepara
3031 895 3253 946 animam
3295 901 3432 944 tuam

1866 985 1934 1036 ad
1961 987 2293 1038 tentationem.
2326 985 2498 1055 Dirige
2522 1002 2607 1037 cor
2635 995 2792 1044 tuum,
2822 993 2866 1035 et
2896 985 3099 1047 sustine,
3130 992 3177 1035 et
3201 998 3263 1034 ne
3289 982 3433 1049 festi-

1869 1090 1954 1126 nes
1975 1075 2026 1126 in
2055 1083 2269 1144 tempore
2304 1075 2633 1127 obductionis.
2666 1072 2975 1143 Conjungere
3006 1072 3098 1135 illi,
3142 1082 3185 1125 et
3212 1088 3273 1124 ne
3300 1088 3435 1123 recea

1868 1165 2153 1233 das(Eccli.
2171 1166 2293 1219 2.1.
2319 1165 2394 1235 2).
2417 1166 2562 1218 Alius
2590 1180 2797 1232 quoque
2821 1179 2995 1216 sermo
3027 1178 3121 1216 nos
3148 1163 3429 1217 admonet:

1870 1251 1965 1316 Qui
1993 1264 2154 1306 autent
2181 1256 2555 1322 peuseveraverit
2586 1270 2739 1322 usque
2771 1253 2821 1305 in
2849 1253 3018 1320 ﬁnem,
3053 1252 3131 1304 hic
3151 1253 3317 1304 salvus
3338 1252 3431 1304 erit

1868 1340 2075 1413 (Matth.
2116 1344 2197 1396 to.
2230 1343 2342 1411 ea).

1945 1431 2032 1484 Vir
2056 1434 2193 1486 bonte
2217 1434 2481 1486 voluntatis
2522 1451 2621 1485 non
2649 1434 2892 1485 deseritur
2920 1448 2951 1484 a
2981 1432 3104 1485 Deo.
3151 1431 3285 1485 Deus
3332 1448 3429 1485 non

1864 1523 1962 1573 vim
1986 1521 2131 1587 aﬂ'ert
2158 1532 2243 1574 aut
2264 1524 2411 1591 cogit.
2439 1552 2509 1561 —
2534 1523 2698 1576 Porro
2728 1522 2839 1575 haec
2865 1522 3037 1573 omnia
3068 1521 3259 1588 regulae
3286 1531 3428 1583 sunt,

1865 1611 2026 1679 leges,
2058 1626 2119 1664 ac
2143 1612 2351 1665 decreta
2381 1613 2717 1665 immutabilia
2744 1628 2757 1675 ;
2808 1620 2860 1664 et
2903 1610 3001 1664 hoc
3041 1611 3092 1663 in
3138 1620 3316 1664 mente
3343 1626 3433 1663 ve-

1864 1709 1971 1755 stra
2015 1703 2084 1755 sit
2132 1702 2289 1755 fixum
2331 1710 2559 1769 oportet,
2613 1701 2723 1754 fieri
2757 1715 2859 1754 non
2893 1716 3066 1769 posse,
3098 1708 3153 1753 ut
3200 1700 3286 1769 qui
3314 1709 3429 1753 stn-

1864 1791 2005 1844 dium
2034 1790 2294 1853 adhibeat,
2325 1800 2375 1842 et
2402 1791 2465 1842 de
2504 1804 2595 1842 sua
2620 1792 2785 1843 salute
2813 1791 2881 1842 sit
2906 1790 3186 1852 sollicitus,
3236 1796 3289 1841 et
3314 1804 3429 1841 om-

1865 1880 1949 1933 nia
1979 1896 2092 1947 qnae
2113 1894 2322 1932 suarum
2351 1880 2713 1948 suntpartium
2740 1888 3073 1948 exsequatur,
3104 1879 3147 1931 is
3175 1894 3424 1947 umquam

1862 1983 1892 2020 a
1926 1969 2030 2022 Deo
2057 1970 2345 2023 deseratur.
2373 1970 2486 2023 Non
2517 1970 2667 2022 audis
2698 1969 2820 2037 quid
2850 1970 3003 2021 Petro
3030 1968 3201 2021 dicat?
3224 1968 3424 2035 Simon,

1865 2058 2058 2119 Simon,
2095 2062 2281 2126 quoties
2324 2061 2549 2128 expetivit
2578 2070 2797 2120 satanas,
2822 2070 2874 2111 ut
2904 2061 3139 2111 cribrarct
3182 2077 3265 2111 vos
3300 2060 3425 2112 sicut

1864 2149 2074 2199 triticum
2105 2165 2121 2200 :
2148 2165 2234 2217 ego
2261 2160 2424 2200 autem
2453 2150 2589 2200 oravi
2619 2166 2704 2212 pro
2731 2158 2794 2204 te.
2845 2158 2895 2199 ut
2938 2166 3033 2200 non
3066 2149 3264 2211 deﬁciat
3300 2149 3425 2214 ﬁdes

1865 2248 1949 2291 tua
1978 2240 2123 2307 (Luc.
2148 2240 2237 2293 22.
2267 2241 2356 2295 51.
2386 2241 2495 2306 52).
2543 2240 2670 2293 Nam
2719 2257 2837 2293 (-um
2872 2242 3063 2293 viribus
3094 2244 3285 2294 nostris
3308 2257 3426 2296 esse

1865 2331 2030 2397 majus
2064 2331 2249 2384 viderit
2294 2347 2447 2394 onus,
2492 2346 2700 2382 manum
2732 2333 2964 2395 porrigit,
2996 2347 3056 2383 ac
3089 2333 3423 2383 tentationem

1865 2420 2031 2471 reddit
2071 2421 2321 2472 leviorem
2371 2437 2382 2471 :
2430 2435 2546 2471 cum
2594 2434 2718 2471 vero
2771 2435 2864 2471 nos
2901 2436 2963 2471 ex
3010 2420 3218 2486 propria
3264 2421 3427 2487 neglin

1862 2511 2032 2577 gentia
2075 2508 2265 2561 viderit
2294 2524 2355 2561 ae
2398 2508 2596 2561 desidia
2644 2509 2906 2575 prapriam
2935 2510 3152 2559 salutem
3183 2509 3424 2575 prodere,

1864 2616 2032 2667 neque
2059 2599 2191 2651 velle
2225 2599 2435 2661 salvari,
2468 2608 2588 2651 tunc
2620 2599 2935 2664 derelinquit
2977 2614 3037 2650 ac
3068 2598 3283 2651 deserit.
3331 2598 3430 2651 Ne-

1864 2706 1965 2756 que
2010 2691 2147 2743 enim
2186 2691 2289 2742 vim
2334 2690 2501 2752 all'crt,
2534 2700 2621 2743 aut
2665 2692 2820 2756 cogit,
2872 2691 3113 2756 quodque
3157 2691 3279 2741 dum
3329 2691 3428 2744 do-

1867 2782 2085 2832 ctrinam
2131 2780 2378 2844 traderet,
2423 2780 2627 2848 agebat.
2669 2779 2719 2831 id
2750 2779 2903 2830 etiam
2936 2779 3017 2830 hic
3050 2779 3120 2830 fit.
3180 2779 3245 2832 Ut
3289 2780 3428 2831 enim

1870 2872 1974 2923 illic
2004 2886 2115 2935 eos,
2158 2871 2245 2938 qui
2272 2871 2455 2924 audire
2488 2871 2752 2930 nolebant,
2790 2870 2877 2921 scd
2927 2868 3283 2930 discedebant,
3326 2885 3433 2921 non

1870 2961 2124 3024 trahebat,
2159 2975 2326 3027 neque
2367 2964 2467 3010 vim
2499 2959 2789 3010 afferebat:
2819 2958 2909 3010 sed
2945 2958 3026 3018 iis,
3075 2958 3160 3023 qui
3198 2957 3436 3010 attende—

1868 3050 1990 3103 bant
2013 3052 2233 3102 obscura
2262 3050 2515 3110 solvebat,
2547 3058 2597 3101 et
2626 3048 2901 3114 {enigmata
2945 3047 3216 3098 manifesta
3248 3046 3434 3099 redde-

1869 3142 1956 3193 bat
1986 3158 1998 3192 :
2030 3142 2095 3192 ita
2127 3142 2371 3192 nimirum
2414 3140 2543 3192 etin
2577 3139 2729 3191 rebus
2760 3139 2885 3205 ipsis
2922 3155 2932 3187 :
2974 3152 3066 3190 eos
3111 3140 3195 3203 qui
3242 3137 3432 3203 stupidi

1866 3240 2007 3295 sunt,
2036 3239 2088 3284 et
2132 3231 2348 3283 minime
2376 3229 2573 3293 volunt,
2628 3244 2729 3281 non
2762 3229 2919 3295 cogit,
2975 3244 3142 3295 neque
3184 3228 3285 3280 vim
3335 3226 3437 3277 illis

1870 3319 2019 3373 affert
2045 3336 2057 3371 :
2084 3334 2175 3373 eos
2206 3331 2401 3382 autem,
2450 3321 2537 3387 qui
2579 3319 2716 3371 ultro
2760 3320 2959 3385 eligunt
3008 3331 3214 3369 summo
3264 3316 3437 3369 studio

1871 3410 1967 3462 sibi
2007 3410 2271 3463 conciliat.
2318 3411 2598 3477 Propterea
2649 3408 2774 3459 dicit
2803 3410 2956 3458 etiam
2987 3408 3169 3459 Petrus
3202 3424 3212 3455 :
3250 3405 3310 3457 In
3353 3422 3437 3457 ve-

1871 3500 2015 3550 ritate
2042 3501 2275 3565 comperi,
2325 3500 2438 3565 quia
2478 3498 2530 3547 in
2565 3497 2697 3547 omni
2738 3506 2896 3562 gente,
2952 3495 3033 3560 qui
3077 3498 3211 3544 timet
3252 3493 3437 3555 Deum,

1873 3597 1917 3639 et
1947 3599 2177 3652 operatur
2200 3588 2469 3657 justitiam,
2500 3596 2728 3653 acceptus
2752 3596 2818 3637 est
2841 3586 2914 3637 illi
2938 3584 3069 3653 (Act.
3097 3585 3178 3638 10.
3216 3586 3299 3637 54.
3326 3586 3438 3652 55).

1878 3678 1943 3729 Et
1976 3677 2203 3744 propheta
2226 3677 2318 3729 hoc
2342 3676 2503 3743 ipsutu
2522 3676 2756 3727 admonet
2775 3673 2856 3727 his
2876 3672 3132 3726 verbis:.Si
3164 3674 3438 3735 volueritis,

1876 3780 1919 3821 et
1946 3768 2199 3820 audieritis
2225 3781 2320 3830 me,
2352 3765 2478 3818 bona
2508 3772 2651 3816 terra:
2676 3762 2981 3816 comedetis:
3006 3758 3052 3812 si
3078 3774 3244 3815 autent
3273 3764 3439 3814 nolue-

1876 3860 2005 3921 ritis,
2036 3872 2189 3924 neque
2217 3855 2539 3908 exaudieritis
2565 3870 2659 3917 me,
2688 3854 2883 3922 gladius
2906 3853 3157 3905 devorabit
3184 3869 3267 3904 vos
3294 3851 3443 3920 (Isai.

1880 3950 1929 4003 1.
1962 3950 2043 4001 19.
2069 3948 2180 4011 20).
2210 3945 2335 4010 Quae
2365 3960 2482 3997 cum
2511 3946 2579 3996 ita
2607 3955 2729 3996 nota
2758 3953 2808 3996 et
2838 3944 3107 4009 explorata
3135 3943 3240 3995 sint
3271 3943 3445 4005 nobis,

1878 4049 2034 4107 atque
2067 4037 2116 4089 in
2150 4044 2326 4088 nostra
2360 4042 2621 4102 potestate
2666 4035 2819 4086 situm
2848 4048 2967 4086 esse
3018 4043 3073 4085 ut
3117 4033 3360 4095 velimus,
3395 4040 3449 4084 et

1878 4141 2186 4189 curramus,
2242 4140 2475 4191 nosque,
2543 4123 2664 4175 dum
2729 4124 2970 4175 volumus
3031 4123 3445 4189 currimusque,

1883 4219 2046 4271 Deum
2095 4214 2247 4267 nobis
2285 4213 2656 4267 conciliaturos
2717 4212 2780 4263 ad
2848 4213 2961 4278 ejus
3016 4212 3267 4263 auxilium
3311 4210 3451 4263 obti-

1888 4306 2157 4367 nendum;
2225 4318 2288 4356 eo
2341 4318 2496 4369 porro
2542 4302 2691 4353 nobis
2732 4301 3044 4363 conciliato,
3117 4315 3213 4351 nos
3274 4316 3449 4353 rerum

1882 4397 2077 4450 exitum
2153 4402 2562 4460 assequuturos;
2611 4391 2897 4444 excitemus
2936 4404 3053 4451 nos,
3101 4389 3448 4453 dilectissimi,

1884 4497 2038 4552 atque
2099 4482 2165 4534 ad
2224 4484 2449 4535 salutem
2499 4480 2689 4533 anima:
2760 4490 2953 4531 nostra:
3001 4493 3160 4530 onme
3220 4479 3451 4531 studium

1885 4578 2237 4639 conferamus,
2286 4583 2342 4626 ut
2384 4588 2505 4627 cum
2554 4571 2815 4623 modicum
2847 4569 2898 4622 in
2947 4572 3043 4623 hac
3072 4570 3176 4621 vita
3220 4568 3453 4622 laborem

1887 4650 2355 4729 exantlaverimus,
2412 4666 2465 4717 in
2512 4672 2711 4717 azterno
2757 4670 2812 4715 et
2862 4661 3144 4714 immortali
3198 4676 3311 4714 arvo
3366 4661 3454 4715 illo

1886 4759 2039 4812 benis
2090 4755 2473 4809 immortalibus
2513 4753 2846 4823 perfruamur
2878 4769 2891 4803 :
2925 4766 3041 4820 qua:
3094 4750 3249 4804 nobis
3289 4752 3458 4803 omni-

1889 4851 1985 4905 bus
2011 4859 2066 4903 ut
2087 4849 2408 4915 contingant,
2456 4845 2586 4898 faxit
2617 4846 2780 4913 gratia
2828 4852 2879 4897 et
2907 4842 3203 4912 benignitas
3253 4842 3457 4895 Domini

1891 4942 2054 4995 nostri
2102 4939 2224 4994 Jesu
2254 4936 2471 5002 Christi,
2516 4953 2635 4991 cum
2660 4952 2765 5007 quo
2797 4936 2935 4989 Patri
2964 4935 3150 5003 gloria,
3194 4936 3466 5005 simulque

1899 5037 2082 5083 sancto
2125 5026 2363 5096 Spiritui,
2395 5042 2532 5082 nunc
2570 5036 2625 5081 et
2662 5040 2889 5094 semper,
2916 5023 3049 5078 etin
3089 5031 3457 5084 saeculasrecu.

1896 5120 2087 5174 lorum.
2122 5120 2308 5174 Amen.
