4064 6214
587 381 698 434 163

1313 369 1366 423 S.
1396 363 1673 424 JOANNIS
1702 360 2174 416 CIIliYSOSTOMI
2205 363 2515 418 ARCIIIEP.
2548 365 3081 420 CONSTAN'I'INOP.

1096 1048 1168 1106 IN
1227 1046 1430 1107 DUAS
1480 1041 1871 1105 HOMILIAS
1928 1043 2034 1102 DE
2081 1041 2704 1102 PROPHETIARUM
2755 1041 3303 1102 OBSCURITATE

659 1333 959 1388 Admodum
989 1333 1208 1390 difficile
1233 1344 1318 1388 est
1347 1344 1559 1403 tempus
1587 1333 1842 1398 indicare,
1864 1347 1972 1402 quo
2003 1333 2086 1386 hae
2105 1333 2225 1387 dua:
2245 1331 2478 1387 bomiliae
2503 1333 2702 1388 habitae
2735 1332 2904 1387 fuere.
2935 1332 3154 1387 Certum
3191 1330 3407 1401 quidem
3449 1337 3532 1384 est
3560 1327 3801 1399 priorem

593 1471 794 1540 aliquot
828 1472 1022 1526 diebus
1071 1473 1295 1528 alteram
1328 1474 1688 1543 praecessisse,
1715 1474 2071 1543 posteriorem
2114 1488 2242 1528 vero
2271 1474 2358 1529 die
2395 1473 2669 1529 Dominica
2701 1473 2899 1528 dictam
2931 1472 3115 1528 fuisse.
3149 1471 3202 1526 Id
3231 1471 3372 1524 enim
3401 1476 3617 1525 constat
3642 1481 3711 1520 ex
3738 1463 3808 1519 iis

584 1617 704 1671 qua:
732 1603 991 1658 dicuntur
1024 1604 1078 1658 in
1104 1605 1334 1659 Homilia
1356 1606 1441 1659 cui
1470 1605 1678 1671 titulus,
1715 1604 1986 1660 Dtemones
2014 1622 2115 1659 non
2138 1606 2425 1676 gubernare
2471 1607 2742 1660 mundum.
2770 1605 2848 1659 Ibi
2887 1605 3054 1671 enim,
3095 1603 3249 1659 Tom.
3287 1603 3348 1666 ll,
3383 1620 3435 1673 p.
3471 1603 3597 1667 247,
3632 1602 3692 1667 Β,
3723 1599 3808 1655 sic

585 1741 695 1796 ait:
730 1741 897 1811 Atque
929 1743 1023 1794 hoc
1065 1744 1272 1812 quidem
1305 1745 1370 1798 ab
1405 1745 1546 1797 omni
1581 1757 1810 1814 tempore
1838 1749 1958 1813 jam
1995 1746 2242 1811 innotuit,
2287 1747 2576 1814 praesertim
2613 1763 2645 1800 a
2698 1745 2970 1799 Dominica
3009 1743 3291 1807 superiore.
3329 1739 3632 1808 Numquam
3669 1738 3810 1792 enim

585 1879 762 1933 divina
785 1879 923 1933 vobis
952 1879 1157 1948 eloquia
1189 1881 1460 1950 fastidium
1491 1897 1674 1949 parere
1701 1881 1808 1934 dies
1830 1881 1917 1935 ille
1953 1884 2242 1949 prwsertim
2264 1883 2530 1937 indicavit.
2557 1881 2761 1936 Ibidem
2785 1887 2986 1946 autem,
3016 1880 3069 1934 in
3103 1877 3380 1935 concionis
3412 1875 3619 1930 scilicet
3654 1869 3811 1940 prin-

587 2011 750 2082 cipio,
786 2014 874 2068 illa
902 2014 1082 2069 omnia
1105 2015 1295 2070 ordine
1321 2018 1516 2086 repetit
1540 2033 1660 2086 quae
1689 2017 1742 2072 in
1775 2017 1937 2086 hujus
1961 2017 2239 2072 concionis
2261 2017 2368 2071 line
2395 2015 2625 2080 dixerat,
2657 2013 2803 2082 quod
2831 2014 2886 2066 in
2915 2027 3065 2067 more
3091 2027 3211 2066 esse
3239 2009 3626 2079 Chrysostomo
3646 2015 3812 2056 nemo

587 2147 795 2211 nescit;
828 2146 1082 2202 nimirum
1115 2151 1224 2220 agit
1248 2151 1315 2205 de
1347 2152 1547 2206 sanctis
1569 2152 1836 2222 justisque
1864 2153 2012 2219 viris,
2058 2153 2149 2224 qui
2193 2168 2287 2208 sua
2317 2153 2555 2223 ipsorum
2595 2160 2836 2222 peccata,
2860 2165 2968 2204 non
3007 2157 3187 2204 autem
3225 2147 3421 2212 aliena,
3452 2159 3576 2202 cum
3607 2141 3814 2197 doloris

589 2279 977 2349 signiﬁcatione
1027 2283 1545 2345 commemorabam,
1609 2285 1783 2340 allatis
1827 2286 1991 2340 etiam
2047 2285 2338 2356 Scriptura:
2394 2287 2524 2341 locis
2563 2287 2700 2340 bene
2745 2285 2928 2340 multis
2974 2293 3135 2352 atque
3172 2281 3429 2350 exemplis
3467 2287 3806 2336 sanctorum,

589 2410 776 2464 eadem
803 2410 944 2464 serie
973 2420 1030 2465 et
1051 2412 1472 2467 accuratissime.
1496 2413 1627 2467 Nam
1657 2414 1800 2483 quod
1826 2415 2128 2484 exemplum
2167 2415 2458 2469 desiderari
2489 2414 2541 2468 in
2591 2414 2691 2469 bac
2721 2414 2958 2469 secunda
2997 2415 3259 2469 concione
3291 2411 3621 2480 querebatur
3645 2407 3819 2460 Tille-

590 2549 849 2612 montius,
899 2549 983 2604 vir
1028 2550 1320 2620 diligentiae
1366 2561 1420 2606 et
1449 2553 1808 2607 accurationis
1848 2554 2304 2624 singularissimte,
2342 2569 2539 2623 nempe
2586 2553 2714 2608 illud
2744 2553 2908 2618 Petri,
2952 2552 3055 2606 Exi
3099 2567 3131 2604 a
3167 2567 3266 2615 me,
3295 2551 3418 2620 quia
3450 2550 3532 2602 vir
3570 2555 3822 2614 peccator

588 2699 724 2745 sum,
755 2683 864 2752 jam
891 2698 956 2736 ex
985 2682 1182 2738 Codice
1209 2683 1518 2738 Colbertino
1541 2687 1843 2740 restitutum
1880 2687 2065 2742 habes.
2101 2688 2281 2759 Itaque
2304 2697 2512 2744 certum
2547 2687 2989 2757 exploratumque
3026 2694 3109 2740 est
3141 2685 3415 2740 homiliam
3449 2685 3591 2739 hanc
3614 2699 3819 2738 secun-

590 2811 713 2866 dam
747 2813 813 2868 de
838 2812 1249 2883 Prophetiarum
1287 2815 1614 2871 obscuritate
1634 2817 1826 2872 dictam
1854 2817 2020 2873 fuisse
2065 2819 2339 2874 Dominica
2373 2819 2708 2889 praecedente
2732 2818 3046 2873 concionem
3071 2817 3214 2870 illam
3240 2831 3398 2885 supra
3433 2822 3818 2869 memoratam.

591 2947 811 3002 Certum
849 2949 1069 3016 perinde
1108 2949 1323 3004 videtur
1373 2952 1534 3007 hasce
1555 2953 1688 3007 duas
1710 2954 1998 3008 conciones
2027 2952 2324 3007 Antiochiae
2352 2953 2560 3007 habitas
2585 2951 2779 3018 fuisse;
2812 2952 2938 3022 quia
2974 2966 3170 3020 nempe
3197 2949 3614 3020 Chrysostomus
3642 2948 3722 3001 sic
3753 2946 3828 2999 de

548 3135 555 3145 ,
591 3081 848 3153 episcopo
879 3082 1115 3151 loquitur
1145 3082 1200 3135 in
1225 3083 1444 3138 bomilia
1475 3087 1731 3150 secunda,
1762 3102 1911 3140 num.
1941 3088 1992 3152 5,
2035 3096 2092 3141 ut
2121 3104 2229 3142 non
2263 3103 2339 3152 se,
2387 3089 2478 3145 sed
2502 3089 2664 3142 alium
2688 3087 3002 3158 episcOpum
3038 3099 3157 3142 esse
3192 3085 3520 3142 subindicet.
3549 3088 3625 3142 De
3675 3103 3834 3142 anno

591 3221 771 3266 autem
805 3214 940 3267 nihil
969 3216 1308 3283 exploratum
1347 3218 1593 3272 habetur.
1623 3218 1753 3273 Vide
1773 3219 1942 3274 Tomo
1965 3221 2026 3287 II,
2059 3238 2112 3291 p.
2139 3223 2265 3276 245.

665 3347 782 3403 Erit
813 3349 952 3406 forte
973 3351 1243 3423 quispiam
1271 3355 1360 3422 qui
1389 3369 1590 3408 annum
1628 3370 1685 3410 se
1715 3355 1842 3409 binc
1873 3355 2135 3425 expiscari
2178 3373 2336 3426 posse
2368 3366 2534 3428 putet,
2559 3357 2702 3426 quod
2751 3359 2806 3412 in
2838 3357 3074 3413 Homilia
3104 3358 3275 3428 prima
3306 3356 3374 3413 de
3402 3355 3835 3427 Pr0pbctiarum

570 4291 864 4337 υτιυτη
895 4294 974 4335 ET
1002 4292 1429 4336 PBRCOMHODE
1464 4291 1738 4344 FACTUM,
1788 4291 1868 4331 υτ
1911 4291 2282 4333 PROPHETIB
2325 4290 2403 4331 ne
2433 4291 2700 4332 cunisro
2738 4291 2815 4332 ET
2857 4290 3162 4332 GENTKBUS
3206 4292 3417 4343 DRQUE
3474 4299 3854 4343 Jumgonum

1320 4388 1794 4431 REPROBATIONE
1837 4386 2129 4429 OBSCURE
2173 4387 2420 4439 ESSENT,
2470 4387 2950 4429 DEMONSTRATIO
2997 4370 3103 4448 (α).

1840 4531 2284 4585 -ωρθ

645 4681 692 4730 l.
727 4679 1000 4731 Sententiae
1020 4677 1174 4731 Isaia:
1197 4694 1310 4730 cum
1333 4677 1596 4730 altitudine
1619 4676 1770 4729 maris
1799 4680 2136 4746 conferuntur.

578 4769 909 4838 I'prerientiw
929 4777 973 4820 et
995 4769 1360 4838 exercitationis
1382 4767 1662 4820 commoda.
1685 4796 1757 4806 —
1777 4766 2142 4835 Propheticuui

567 4863 719 4917 vobis
748 4860 906 4915 hodie
930 4863 1050 4915 volo
1080 4875 1315 4914 mensam
1349 4860 1630 4924 instruere,
1660 4867 1819 4927 atque
1847 4859 1899 4911 in
1931 4858 2143 4926 pelagus

568 4953 843 5020 sapientia:
891 4950 1038 5006 Isaia:
1081 4951 1306 5004 meditor
1347 4951 1638 5003 orationem
1688 4948 1991 5002 immittere.
2041 4948 2143 5000 Sed

572 5041 696 5108 quid
720 5040 949 5096 faciam?
977 5041 1166 5095 Dubito
1188 5055 1249 5093 ae
1270 5050 1466 5104 metuo,
1493 5055 1558 5092 ne
1579 5054 1697 5092 cum
1721 5053 1751 5091 e
1773 5047 1925 5106 portu
1946 5041 2143 5107 egressi

571 5129 850 5193 fuerimus,
881 5140 1040 5199 atque
1066 5130 1131 5183 ad
1169 5129 1481 5198 profundum
1510 5129 1886 5181 sententiarum
1914 5129 2144 5196 prOphe-

573 5229 641 5272 tae
669 5224 1096 5289 pervenerimus,
1129 5221 1267 5290 quod
1299 5225 1469 5274 nautis
1497 5219 1752 5286 contingit
1771 5258 1785 5282 ,
1816 5219 1902 5284 qui
1932 5218 2146 5284 naviga-

572 5311 701 5363 tioni
730 5320 926 5364 assueti
968 5327 1072 5363 non
1099 5321 1258 5375 sunt,
1299 5311 1553 5377 vertigine
1590 5309 1909 5363 laboremus.
1937 5308 2065 5360 Nam
2096 5317 2149 5360 ct

574 5403 648 5457 illi
676 5418 794 5455 cum
822 5404 998 5456 relicta
1035 5411 1170 5454 terra
1210 5417 1275 5455 ex
1316 5413 1534 5469 utraque
1567 5410 1714 5468 parte
1744 5400 1891 5451 navis
1934 5399 2148 5466 pelagus

577 5494 822 5559 viderint,
858 5509 952 5547 nec
979 5493 1117 5547 aliud
1146 5492 1428 5561 quidquam
1462 5501 1654 5558 praeter
1682 5505 1827 5543 mare
1852 5504 1911 5541 ac
1937 5490 2145 5549 cwlum,

576 5587 909 5641 tenebriciisa
937 5586 1190 5655 vertigine
1219 5585 1576 5650 corripiuntur
1600 5624 1612 5647 ,
1645 5590 1697 5636 et
1738 5596 1836 5632 una
1867 5595 1985 5634 cum
2015 5580 2146 5631 mari

570 5729 700 5842 10%)
733 5727 915 5777 Collata
945 5733 1055 5770 cum
1087 5719 1256 5770 Codice
1277 5719 1427 5780 Regio
1459 5715 1611 5775 2545,
1654 5723 1706 5765 et
1735 5727 1843 5762 cum
1869 5711 2145 5763 Colbertino

2293 4556 2586 4570 ——_.___

2253 4673 2521 4743 navigium
2555 4675 2604 4726 in
2645 4672 2825 4727 orbem
2856 4670 3158 4726 existimant
3197 4669 3554 4725 circumferri.
3609 4669 3732 4724 Non
3769 4679 3856 4722 ta-

2253 4780 2376 4816 men
2407 4780 2469 4816 ex
2505 4772 2687 4816 natura
2733 4763 2924 4825 maris,
2970 4760 3059 4814 sed
3103 4761 3241 4827 quod
3288 4760 3554 4826 inexiicrti
3600 4761 3714 4812 sint
3761 4760 3856 4826 qui

2255 4855 2524 4921 navigant,
2549 4851 2856 4902 oboriuntur
2880 4850 3160 4915 vertigines
3190 4865 3200 4897 :
3235 4849 3412 4901 ea‘tcri
3442 4849 3671 4916 quidem
3699 4858 3860 4902 certe

2255 4954 2430 4997 nauta:
2456 4942 2605 4995 nudis
2629 4940 2934 5006 corporibus
2959 4939 3080 4990 etin
3110 4938 3296 4991 mediis
3321 4937 3575 4992 [luctibus
3604 4939 3659 4990 in
3685 4948 3861 5006 caput

2258 5053 2321 5092 se
2344 5035 2616 5103 dejiciunt,
2645 5045 2814 5099 neque
2842 5030 2944 5084 tale
2968 5030 3248 5098 quidquam
3273 5030 3570 5096 patiuntur,
3603 5029 3704 5084 sed
3727 5045 3861 5083 cum

2257 5129 2324 5180 ad
2355 5128 2521 5194 ipsum
2551 5121 2858 5191 profundum
2889 5120 3285 5184 descenderint,
3320 5121 3521 5184 tutius,
3558 5135 3729 5188 quam
3767 5121 3863 5188 qui

2261 5219 2311 5271 in
2338 5215 2633 5280 pavimento
2655 5212 2866 5277 degunt,
2893 5209 2996 5261 illic
3017 5218 3311 5271 versantur,
3338 5218 3390 5261 et
3421 5209 3550 5262 liect
3572 5225 3695 5273 ore,
3727 5224 3866 5261 ocu-

2262 5309 2358 5369 lis,
2387 5318 2449 5356 ac
2489 5312 2596 5355 toto
2623 5313 2841 5365 corpore
2872 5298 3185 5364 salsuginem
3225 5298 3524 5362 excipiant,
3561 5312 3678 5350 nun
3710 5312 3869 5365 aegre

2263 5397 2457 5449 ferunt.
2485 5394 2707 5445 Tantum
2738 5389 2929 5441 bonum
2953 5396 3030 5440 est
3054 5388 3381 5448 exercitatio,
3409 5396 3621 5439 tanttmi
3651 5389 3865 5440 malum

2261 5496 2341 5541 est
2374 5483 2629 5551 imperitia
2661 5497 2672 5532 :
2703 5481 2777 5531 sic
2817 5480 2912 5529 ista
2942 5476 3252 5544 persuadet,
3287 5485 3342 5526 ut
3384 5477 3550 5528 etiam
3585 5490 3712 5544 qum
3748 5476 3868 5529 fur-

2261 5574 2528 5630 midabilia
2552 5580 2670 5624 sunt
2690 5579 3102 5627 contemnamus,
3129 5567 3211 5617 illa
3238 5581 3366 5618 vero
3389 5568 3579 5630 efﬁcit,
3610 5577 3674 5620 ut
3696 5570 3868 5622 etiam

2261 5677 2369 5718 tuta
2401 5672 2640 5731 suspecta
2676 5661 2778 5713 sint
2809 5658 2957 5710 nobis
2979 5698 2990 5713 .
3020 5672 3083 5710 ac
3109 5656 3503 5710 reformidanda
3538 5658 3874 5711 videantur.

2260 5755 2394 5812 Nam
2424 5753 2475 5808 III
2503 5753 2706 5824 quidem
2741 5752 2789 5802 in
2833 5747 3142 5803 sublimibus
3173 5746 3422 5802 sedentes
3452 5750 3619 5804 navis
3645 5750 3867 5805 tabula-
