4064 6214
234 315 349 370 163
1215 313 1300 371 DE
1338 313 1871 371 PBOPHETIARUM
1910 314 2401 373 OBSCURITATE.
2446 319 2483 375 Ι.

3347 334 3456 391 164

1934 593 2740 603 ——_-——_~——-—-—.—_
2751 596 2795 601 ..-ι
2804 596 2812 600 .

1654 994 1710 1055 Μ
1722 994 2047 1055 ONITUM.

231 1292 592 1357 obscuritate,
620 1310 845 1347 numero
876 1295 930 1358 5,
962 1292 1105 1347 dicat
1134 1308 1192 1347 se
1216 1306 1519 1346 sermonem
1552 1292 1617 1345 de
1642 1291 2002 1346 Melchisedec
2031 1291 2086 1344 in
2130 1292 2357 1346 alterum
2399 1292 2541 1345 diem
2576 1293 2820 1361 rejicerc.
2852 1291 2927 1345 De
2956 1291 3310 1345 Melchisedec
3334 1306 3466 1343 vero

230 1431 478 1499 pluribus
499 1432 608 1501 egit
638 1431 1056 1501 Cbrysostomus
1094 1430 1149 1483 in
1179 1428 1402 1484 llomilia
1431 1429 1657 1498 septima
1688 1436 1874 1481 contra
1910 1427 2145 1493 Judaeos,
2170 1426 2337 1482 Tomo
2370 1427 2391 1480 Ι
2423 1448 2433 1481 :
2463 1427 2607 1480 unde
2633 1426 2780 1495 sequi
2807 1426 3081 1480 videretur
3106 1426 3246 1479 hanc
3278 1426 3447 1480 bomiv

229 1563 377 1626 liam,
399 1564 686 1631 septimam
722 1574 906 1618 contra
932 1563 1147 1617 Judmos
1188 1561 1551 1631 praecessisse,
1576 1570 1736 1629 atque
1774 1560 1830 1614 in
1860 1576 2062 1614 annum
2092 1561 2193 1615 587
2228 1561 2644 1631 consignandam
2697 1576 2839 1617 esse.
2875 1560 3075 1615 Verum
3104 1570 3461 1631 przeterquam

226 1701 375 1770 quod
404 1701 604 1771 saepius
632 1701 698 1754 de
728 1698 1085 1754 Melchisedec
1113 1712 1420 1753 sermonem
1452 1695 1641 1751 habuit
1668 1697 2107 1767 Chrysostomus,
2139 1697 2256 1752 haec
2278 1712 2399 1766 qua:
2425 1697 2479 1751 in
2507 1697 2651 1750 aliud
2693 1706 2903 1765 tempus
2934 1712 2991 1751 se
3027 1698 3303 1755 remittere
3336 1698 3469 1753 dicit

226 1836 672 1904 Cbrysostomus,
718 1834 1084 1905 genealogiam
1139 1833 1282 1888 illius
1317 1833 1433 1888 sine
1484 1842 1636 1904 patre
1678 1843 1732 1888 et
1753 1834 1868 1888 sine
1898 1844 2071 1888 matre
2101 1834 2439 1903 spectabant,
2467 1843 2527 1887 ut
2558 1851 2621 1887 ex
2656 1834 2795 1889 serie
2822 1835 3064 1905 arguitur
3095 1854 3108 1890 :
3147 1836 3201 1890 in
3228 1837 3464 1892 Humilia

226 1976 410 2021 autem
441 1967 531 2020 illa
558 1966 789 2037 septima
814 1975 1005 2021 contra
1031 1965 1267 2029 Iudaeos,
1300 1967 1351 2020 id
1378 1982 1543 2020 unum
1580 1968 1772 2035 probat
1799 1967 1855 2021 S.
1885 1967 2093 2032 doctor,
2125 1967 2487 2021 sacerdotium
2524 1968 2653 2021 illud
2693 1968 3051 2027 Melchisedec
3099 1976 3453 2030 excellentius

228 2110 396 2164 fuisse
426 2109 733 2163 sacerdotio
759 2109 1091 2164 Iudaeorum.
1132 2107 1493 2173 Quamobrem
1524 2108 1660 2161 nihil
1689 2108 1815 2162 hinc
1838 2108 2022 2161 indicii
2049 2106 2313 2177 expiscari
2364 2122 2669 2176 possumus,
2706 2124 2811 2176 quo
2852 2110 2919 2163 de
2952 2126 3098 2166 anno
3122 2113 3322 2183 aliquid
3350 2126 3452 2170 sta-

229 2256 468 2302 tuamus.

300 2383 411 2437 Has
444 2382 581 2437 duas
611 2382 902 2437 conciones
930 2382 1074 2435 inter
1107 2380 1471 2435 nobilissimas
1492 2394 1979 2434 commemoramus
2017 2399 2030 2434 :
2058 2380 2145 2434 hic
2174 2381 2340 2433 multa
2384 2381 2450 2433 ad
2472 2396 2682 2433 morum
2730 2382 3124 2435 institutionem
3157 2385 3410 2451 prmclara
3446 2402 3457 2437 :

226 2521 315 2579 hic
340 2523 560 2577 modum
588 2524 915 2593 precationis
944 2524 999 2577 in
1024 2531 1166 2580 ccetu
1196 2523 1437 2577 ecclesiae
1464 2536 1561 2589 pro
1588 2520 1840 2589 episcopo
1869 2520 2039 2573 emitti
2065 2521 2237 2573 solita:
2269 2519 2621 2588 perspicimus
2657 2520 2709 2572 in
2740 2520 3000 2574 concione
3033 2521 3090 2583 2,
3115 2536 3265 2575 num.
3307 2522 3359 2575 5.
3396 2522 3453 2576 lu

224 2669 494 2723 concione
524 2669 579 2732 1,
613 2683 766 2721 num.
808 2667 860 2732 5,
892 2667 1085 2722 Persas
1114 2667 1393 2722 obsedisse
1426 2665 1811 2737 Jerosolymam
1846 2665 1997 2729 dicit,
2029 2666 2095 2719 de
2128 2664 2409 2719 obsidione
2460 2664 2688 2732 loquens
2743 2679 2903 2732 quam
2937 2663 3185 2718 Jeremize
3218 2675 3463 2735 tempore

226 2805 575 2877 Babylonios,
614 2821 723 2860 non
753 2804 967 2871 Persas,
999 2805 1246 2875 posuisse
1275 2813 1484 2858 certum
1515 2813 1618 2860 est.
1666 2804 1733 2857 Et
1759 2813 1937 2858 tamen
1982 2804 2123 2857 inter
2149 2805 2428 2859 dubitandi
2459 2820 2649 2859 causas
2680 2821 2709 2859 a
2751 2805 2881 2859 viris
2912 2804 3086 2859 doctis
3114 2806 3303 2860 allatas
3335 2804 3461 2877 περὶ

227 2938 590 3007 τνησιότητος
636 2936 959 2992 Sermonum
989 2937 1057 2992 de
1083 2937 1414 3007 precatione,
1464 2937 1634 2991 Tomo
1668 2936 1730 3002 ll,
1766 2952 1819 3006 p.
1875 2938 2000 3004 778,
2032 2938 2146 2992 haec
2171 2938 2393 2992 all'ertur
2422 2938 2563 3007 quod
2609 2946 2796 2990 auctor
2841 2939 3105 2992 horumce
3151 2952 3463 2993 sermonum

229 3071 703 3127 Sennacberibum
730 3073 933 3127 vocarit
962 3088 1143 3145 regem
1177 3073 1493 3136 Persarum;
1530 3072 1606 3125 illi
1634 3086 1760 3125 vero
1791 3071 1958 3139 probe
2000 3079 2228 3139 possunt
2271 3084 2335 3122 ex
2372 3070 2476 3122 hoc
2517 3068 2636 3121 loco
2666 3067 2955 3132 confutari,
2984 3082 3200 3123 necnon
3246 3083 3312 3123 ex
3342 3070 3465 3123 aliis

226 3206 369 3262 bene
390 3208 575 3261 multis
599 3208 687 3261 ubi
720 3207 1038 3277 Babylonios
1063 3218 1118 3260 et
1138 3208 1383 3278 Assyrios
1406 3207 1822 3278 Cbrysostomus
1844 3207 2033 3260 Persas
2058 3215 2232 3261 vocat.

302 3341 501 3395 [larum
526 3340 845 3395 concionum
873 3340 1246 3411 interpretatio
1268 3340 1455 3397 Latina
1478 3350 1560 3396 est
1584 3339 1873 3396 Frontonis
1895 3340 2095 3405 Ducaai,
2128 3356 2285 3410 quam
2310 3342 2513 3411 aliquot
2544 3341 2595 3395 in
2621 3340 2752 3395 locis
2783 3340 3181 3413 castigavimus.

246 4091 567 4159 Ἀπόδειξις
614 4094 715 4149 τοῦ
758 4098 1064 4167 χρησίμως
1092 4101 1198 4165 τὰς
1229 4100 1357 4168 περὶ
1392 4101 1644 4168 Χριστοῦ
1682 4100 1779 4151 καὶ
1850 4100 2039 4153 ἐθνῶν
2068 4102 2161 4154 καὶ
2208 4102 2315 4170 τῆς
2335 4101 2682 4167 ἐκπτώσεως
2748 4102 3040 4155 Ἰουδαίων
3086 4099 3450 4168 προφητείας

1653 4185 1903 4254 ἀσαφεῖς
1925 4184 2097 4240 εἶναι.

293 4570 364 4616 α’.
389 4565 741 4637 Προφητικὴν
766 4569 1001 4638 σήμερον
1028 4570 1155 4639 ὑμῖν
1188 4570 1505 4641 παραθεῖναι
1530 4575 1787 4647 βούλομαι

221 4646 504 4714 τράπεζαν
539 4650 633 4700 καὶ
666 4650 801 4718 πρὸς
829 4649 892 4701 τὸ
932 4652 1164 4718 πέλαγος
1189 4657 1288 4723 τῆς
1328 4658 1545 4710 Ἡσαΐου
1600 4646 1787 4726 σοφίας

221 4730 515 4796 ἐπαφεῖναι
528 4729 621 4780 τὸν
643 4729 798 4797 λόγον
813 4733 1319 4802 παρασκευάζομαι.
1350 4738 1508 4790 Ἀλλὰ
1523 4740 1575 4791 τί
1597 4740 1752 4793 πάθω
1770 4758 1787 4805 3

234 4808 413 4863 Ὀκνῶ
435 4810 529 4862 καὶ
556 4809 798 4875 δέδοικα,
830 4813 904 4882 μή
937 4829 1065 4865 ποτε
1107 4814 1198 4868 τὸν
1231 4815 1420 4885 λιμένα
1455 4820 1784 4885 ἐξελθόντες,

221 4891 323 4946 καὶ
356 4891 492 4961 πρὸς
533 4890 592 4943 τὸ
627 4890 786 4959 βάθος
814 4895 1245 4963 καταντήσαντες
1281 4898 1390 4951 τῶν
1436 4903 1786 4971 προφητικῶν

221 4974 547 5042 νοημάτων,
591 4973 974 5044 ἰλιγγιάσωμεν
1002 4993 1015 5005 ·
1062 4978 1197 5047 ὅπερ
1241 4979 1538 5049 πάσχουσιν
1589 4985 1636 5035 οἱ
1681 4984 1787 5036 τῶν

221 5056 531 5126 πλωτήρων
561 5056 764 5126 ἀήθεις.
792 5057 901 5108 Καὶ
924 5058 1033 5129 γάρ
1070 5059 1285 5124 ἐκεῖνοι,
1317 5064 1533 5116 ἐπειδάν
1564 5065 1659 5134 τὴν
1688 5069 1790 5135 γῆν

218 5136 455 5204 ἀφέντες
478 5136 536 5200 ἐξ
569 5138 821 5206 ἑκατέρου
858 5138 1054 5207 μέρους
1082 5142 1178 5210 τῆς
1202 5143 1328 5210 νηὸς
1356 5145 1587 5212 πέλαγος
1617 5147 1786 5211 ἴδωσι,

219 5218 324 5269 καὶ
370 5217 517 5269 οὐδὲν
577 5218 793 5289 ἕτερον,
841 5220 957 5272 ἀλλ’
1012 5222 1044 5290 ἢ
1086 5221 1350 5276 θάλατταν
1396 5227 1489 5279 καὶ
1530 5227 1786 5295 οὐρανὸν,

221 5298 524 5368 σκοτοδίνῳ
608 5300 947 5369 κατέχονται,
978 5302 1072 5353 καὶ
1111 5306 1496 5375 περιφέρεσθαι
1528 5308 1586 5358 τὸ
1611 5308 1787 5359 πλοῖον

217 5382 411 5443 αὐτοῖς
442 5381 626 5451 κύκλῳ
656 5383 927 5453 νομιζουσι
961 5385 1096 5452 μετὰ
1126 5388 1224 5456 τῆς
1250 5389 1535 5461 θαλάττης.
1564 5391 1699 5442 Ἀλλ’
1728 5392 1786 5443 οὐ

220 5463 380 5533 παρὰ
405 5464 505 5532 τὴν
537 5463 697 5531 φύσιν
728 5467 825 5534 τῆς
854 5464 1138 5535 θαλάττης,
1176 5468 1307 5521 ἀλλὰ
1338 5473 1484 5541 παρὰ
1514 5473 1609 5543 τὴν
1635 5474 1788 5525 ἀπει-

224 5546 356 5615 ρίαν
384 5545 493 5598 τῶν
526 5547 792 5600 πλεόντων
833 5549 880 5600 οἱ
917 5547 1111 5615 ῐλιγγοι
1147 5551 1415 5616 γίνονται·
1446 5555 1621 5625 ἕτεροι
1664 5556 1788 5623 γοῦν

281 5722 307 5749 ³
324 5718 437 5768 Mss.
455 5720 612 5783 σκότῳ
624 5720 836 5783 δεινῷ,οι
846 5721 916 5769 sle
925 5733 1083 5783 supra,
1096 5721 1558 5791 p.158,A,separatis
1571 5726 1784 5779 vocibus.

1886 4578 1996 4629 τῶν
2023 4580 2235 4631 ναυτῶν
2258 4582 2477 4648 γυμνοῖς
2497 4580 2607 4640 τοῖς
2626 4578 2841 4647 σώμασι
2853 4578 3147 4631 κυϐιστῶσι
3177 4581 3315 4634 κατὰ
3338 4582 3447 4633 τῶν

1888 4661 2161 4727 κυμάτων,
2192 4661 2284 4712 καὶ
2312 4661 2461 4712 οὐδὲν
2484 4662 2749 4729 πάσχουσι
2772 4662 3026 4723 τοιοῦτον,
3057 4661 3193 4714 ἀλλὰ
3222 4664 3354 4733 πρὸς
3386 4666 3449 4715 τὸ

1889 4739 2047 4808 βάθος
2076 4740 2406 4802 καταϐάντες
2435 4742 2564 4793 αὐτὸ
2584 4781 2598 4803 ,
2628 4743 2736 4793 τῶν
2769 4744 2825 4794 ὲν
2858 4743 3043 4810 ἐδάφει
3079 4743 3447 4810 διαιτωμένων

1888 4820 2287 4889 ἀσφαλέστερον
2327 4822 2672 4892 διατρίϐουσι,
2709 4824 2801 4875 καὶ
2826 4824 2902 4893 τῷ
2942 4824 3186 4892 στόματι,
3217 4824 3309 4875 καὶ
3335 4827 3446 4883 τοῖς

1888 4901 2198 4970 ὀφθαλμοῖς,
2246 4904 2337 4955 καὶ
2362 4905 2522 4956 παντὶ
2548 4905 2623 4973 τῷ
2666 4904 2875 4973 σώματι
2919 4905 3188 4973 δεχόμενοι
3219 4904 3317 4970 τὴν
3350 4902 3446 4953 ἆλ-

1892 5001 2016 5053 μην,
2048 4984 2107 5036 οὐ
2132 4985 2550 5055 δυσχεραίνουσι.
2584 4987 2848 5038 Τοσοῦτον
2875 4987 2987 5035 ἐστι
3022 4985 3214 5053 μελέτη
3249 4984 3442 5046 καλὸν,

1886 5066 2123 5118 τοιοῦτόν
2144 5067 2287 5120 ἐστιν
2308 5068 2529 5138 ἀπειρία
2548 5068 2735 5120 κακόν·
2758 5066 2927 5127 οὕτως
2947 5065 3084 5133 αὕτη
3112 5064 3328 5117 καὶτῶν
3354 5084 3447 5133 φο·

1892 5148 2063 5218 δερῶν
2087 5153 2439 5221 καταφρονεῖν
2477 5148 2668 5211 πείθει,
2696 5147 2873 5215 ἐκείνη
2908 5146 2964 5199 δὲ
2998 5148 3091 5199 καὶ
3128 5146 3195 5197 τὰ
3230 5148 3445 5217 ἀσφαλῆ

1893 5230 2210 5285 ὑποπτεύειν
2235 5234 2325 5283 καὶ
2348 5232 2635 5283 δεδοικέναι
2662 5228 3091 5299 παρασκευάζει.
3126 5231 3187 5281 Οἱ
3222 5230 3319 5298 μὲν
3340 5232 3447 5298 γάρ

1890 5312 1974 5378 ἐφ’
2004 5312 2217 5381 ὑψηλῶν
2236 5313 2342 5365 τῶν
2362 5312 2549 5380 ἰκρίων
2577 5310 2875 5380 καθήμενοι
2909 5310 3009 5380 τῆς
3037 5313 3182 5381 νηὸς,
3202 5314 3293 5363 καὶ
3312 5314 3449 5380 πρὸς

1888 5391 1987 5460 τὴν
2029 5393 2153 5444 θέαν
2188 5392 2506 5459 ίλιγγιῶσιΨ
2535 5393 2584 5443 οἱ
2618 5393 2674 5445 δὲ
2702 5393 2821 5445 οὐδὲ
2852 5393 2909 5444 ὲν
2938 5394 3120 5463 μέσοις
3159 5392 3446 5460 θορυϐοῦν-

1893 5489 1981 5523 ται
2014 5475 2126 5533 τοῖς
2153 5472 2375 5540 κύμασι.
2411 5474 2578 5527 Τοῦτο
2604 5476 2698 5528 καὶ
2732 5476 2825 5528 ἐπὶ
2853 5475 2951 5543 τῆς
2978 5474 3209 5534 διανοίας
3241 5473 3448 5537 γίνεται

1889 5555 1983 5621 τῆς
2012 5553 2302 5623 ἡμετέρας·
2346 5555 2440 5608 καὶ
2486 5556 2593 5626 γὰρ
2627 5559 2720 5610 καὶ
2748 5558 2949 5625 ταύτην
2990 5555 3243 5614 πολλάκις
3274 5568 3443 5604 κατα-

1889 5634 2148 5705 λαμϐάνει
2178 5636 2395 5705 κύματα
2425 5642 2610 5693 παθῶν
2644 5642 2752 5693 τῶν
2777 5639 3069 5693 Θαὶαττίων
3100 5633 3406 5704 ἀγριώτερα
3426 5674 3443 5698 ,

1892 5711 1997 5770 οῖον
2042 5717 2175 5788 ζάλη
2212 5719 2380 5791 θυμοῦ
2410 5723 2649 5777 κάτωθεν
2696 5722 2997 5792 στρέφουσα
3036 5717 3134 5786 τὴν
3182 5717 3441 5781 καρδίαν,
