4064 6214
679 405 789 459 165

678 506 960 574 πνεύματα
976 498 1260 569 ἐπιθυμίας
1285 497 1518 565 πονηρᾶς
1543 493 1736 562 πολλὴν
1765 487 2086 558 ἐμποιοῦντα
2107 493 2134 522 ι
2152 483 2219 550 τῇ

677 594 881 662 διανοίᾳ
906 593 1003 660 τὴν
1035 590 1304 656 σύγχυσιν.
1359 585 1493 638 Ἀλλ’
1531 585 1558 636 ὁ
1589 583 1684 652 μὲν
1719 582 1938 650 ἄπειρος
1962 579 2054 632 καὶ
2080 579 2216 648 ἀμε-

677 685 915 750 λέτητος,
947 679 1242 750 ἀρχομένου
1266 677 1357 729 τοῦ
1387 674 1648 745 χειμῶνος
1673 672 1770 740 τῆς
1793 672 1978 740 ὀργῆς,
2023 669 2219 732 εὐθέως

679 771 829 844 [169]
843 771 1166 840 θορυϐεῖται,
1183 768 1520 836 ταράττεται,
1541 764 1822 822 κλονεῖται,
1840 761 2066 829 περιορᾷ
2085 778 2221 828 γινο·

685 863 848 930 μένην
882 857 1205 929 ὑποϐρύχιον
1235 856 1331 924 τὴν
1368 854 1542 922 ψυχὴν
1575 852 1676 904 ὑπὸ
1713 849 1821 902 τῶν
1868 847 2080 910 παθῶν,
2129 849 2220 900 καὶ

679 953 932 1018 ναυάγιον
964 949 1348 1018 ὑπομένουσαν·
1377 947 1403 996 ὁ
1435 945 1490 996 δέ
1518 944 1773 1013 ἔμπειρος
1810 941 1900 994 καὶ
1930 938 2220 1009 μεμελετη-

680 1041 792 1104 κὼς
820 1042 888 1093 τά
919 1040 1138 1093 τοιαῦτα
1163 1038 1342 1106 φέρειν
1375 1034 1650 1103 γενναίως,
1697 1032 1939 1101 καθάπερ
1969 1031 2222 1100 κυϐερνή-

679 1148 782 1200 την
820 1132 908 1185 ἐπὶ
941 1130 1048 1181 τῶν
1073 1129 1287 1187 οἰάκων,
1324 1125 1462 1178 οὕτω
1490 1125 1579 1176 16v
1607 1123 1857 1191 λογισμὸν
1899 1122 2077 1175 ἐπάνω
2112 1121 2219 1174 τῶν

680 1223 866 1276 παθῶν
883 1221 1127 1282 καθίσας,
1153 1219 1212 1270 οὺ
1239 1217 1497 1286 πρότερον
1524 1214 1809 1281 ἀφίσταται
1835 1214 2006 1265 πάντα
2032 1211 2216 1273 ποιῶν,

679 1316 784 1376 ἓως
815 1314 878 1366 ἂν
903 1310 1195 1379 κατευθύνῃ
1229 1309 1288 1362 16
1323 1308 1522 1375 σκάφος
1554 1305 1688 1374 πρὸς
1715 1305 1802 1356 τὸν
1824 1303 1991 1356 εὖδιον
2013 1303 2112 1370 τῆς
2135 1321 2221 1370 φιο

680 1403 930 1468 λοσοφίας
951 1400 1158 1468 λιμένα.
1193 1399 1367 1466 Ὅπερ
1411 1391 1500 1449 οῦν
1547 1396 1637 1447 ἐπὶ
1657 1395 1752 1464 τῆς
1781 1394 2039 1462 Θαλάττης
2076 1392 2219 1460 γίνε-

680 1510 792 1554 ται,
815 1493 907 1544 καὶ
935 1493 1026 1542 ἐπὶ
1051 1492 1146 1560 τῆς
1172 1488 1404 1549 διανοίας
1443 1486 1743 1555 συμϐαίνει,
1772 1484 1925 1536 τοῦτο
1945 1484 2035 1535 καὶ
2063 1483 2120 1534 ἐν
2155 1485 2217 1552 τῇ

683 1583 936 1652 ἐξηγήσει
972 1585 1077 1634 τῶν
1114 1578 1341 1649 Γραφῶν
1383 1576 1693 1645 συμπίπτεμ
1727 1575 1932 1642 ἀνάγκη
1976 1573 2220 1643 θορυϐεῖ-

686 1673 827 1736 σθαι,
861 1670 1242 1740 ταράττεσθαι,
1282 1669 1497 1722 ἐπειδάν
1527 1667 1825 1736 ἐξέλθωμεν
1853 1668 1930 1728 εἰς
1965 1665 2024 1716 16
2059 1664 2222 1716 πέλα-

683 1780 794 1829 γος,
817 1761 913 1814 οὐκ
936 1761 1118 1828 ἐπειδὴ
1143 1761 1201 1812 16
1221 1759 1449 1823 πέλαγος
1472 1758 1712 1827 φοϐερὸν,
1730 1757 1840 1809 ἀλλ’
1865 1757 2045 1824 ἐπειδὴ
2064 1758 2220 1825 ἡμεῖς

680 1854 729 1904 οἰ
774 1851 1019 1913 πλέοντες
1063 1851 1292 1920 ἄπειροι,
1334 1846 1448 1900 Ὅτι
1481 1847 1586 1915 γάρ
1616 1847 1776 1906 ἐστιν.
1824 1846 2038 1899 εὔκολον
2067 1846 2220 1914 φύσει

681 1942 836 2008 λόγον
885 1942 1042 2002 ὄντα,
1082 1939 1331 1992 δύσκολον
1369 1937 1614 2005 γενέσθαι
1658 1937 1806 2004 παρὰ
1848 1939 1945 2006 τὴν
1973 1938 2221 2007 ἀπειρίαν

681 2030 787 2082 τῶν
816 2029 1132 2090 ἀκουόντων,
1153 2029 1356 2081 Παῦλον
1379 2029 1503 2095 ὑμῖν
1525 2028 1935 2096 παραστήσομαι
1954 2027 2218 2096 μάρτυρα.

685 2119 864 2174 Εἰπὼν
892 2120 994 2188 γάρ
1021 2120 1100 2170 ὅτι
1129 2118 1356 2186 Χριστὸς
1401 2117 1610 2183 ἐγένετο
1640 2117 1919 2186 ἀρχιερεὺς
1963 2117 2098 2168 κατά
2126 2117 2221 2184 τὴν

680 2214 832 2278 τάξιν
856 2210 1214 2280 Μελχισεδὲκ,
1254 2211 1344 2262 καὶ
1379 2209 1552 2277 ζητῶν
1592 2209 1672 2271 τίς
1717 2210 1858 2260 ἐστιν
1892 2210 1919 2260 6
1961 2209 2220 2277 Μελχισε-

680 2302 794 2363 δὲκ,
829 2304 1096 2369 ἐπήγαγε·
1132 2302 1266 2364 Περί
1311 2297 1381 2354 οὗ
1431 2301 1619 2363 πολὺς
1661 2299 1803 2365 ἡμῖν
1847 2302 1878 2351 ό
1915 2300 2091 2364 λόγος
2124 2299 2222 2351 καί

682 2391 1175 2458 δυσερμήνευτος.
1202 2389 1264 2439 Τί
1284 2390 1476 2454 λέγεις,
1496 2383 1538 2440 ὦ
1561 2390 1788 2455 μακάριε
1811 2387 1979 2438 Παῦλε
2000 2404 2012 2452 ;
2033 2389 2223 2457 Aucep-

686 2480 943 2549 μήνευτός
975 2496 1054 2529 σοι
1096 2477 1170 2546 τῷ
1214 2478 1578 2546 πνευματικὴν
1607 2477 1777 2545 ἔχοντι
1811 2477 2024 2543 σοφίαν,
2053 2476 2129 2544 τῷ
2154 2478 2221 2529 τά

681 2570 962 2639 ἀπόρρητα
990 2571 1204 2636 ῥήματα
1233 2567 1540 2624 ἀκούσαντι,
1567 2567 1640 2635 τῷ
1675 2567 1803 2635 πρὸς
1829 2567 2006 2636 τρίτον
2049 2568 2222 2635 ἀρπα-

681 2662 829 2727 γέντι
858 2660 1110 2729 ούρανόνς
1173 2660 1233 2710 Εἰ
1291 2659 1372 2710 σοί
1419 2659 1870 2726 δυσερμήνευτος,
1907 2658 2007 2709 τίνι
2061 2675 2222 2710 καταο

680 2750 911 2817 ληπτός;
952 2749 1121 2816 Ἐμοὶ,
1162 2747 1311 2815 φησί,
1345 2747 1786 2814 δυσερμήνευτος,
1844 2747 1903 2798 οὐ
1949 2747 2094 2815 παρά
2125 2748 2221 2817 τὴν

679 2840 882 2892 οἰκείαν
934 2838 1247 2896 δυσκολίαν,
1285 2838 1416 2888 άλλά
1461 2837 1607 2905 παρά
1654 2837 1750 2906 τὴν
1789 2837 2064 2889 ἀσθένειαν
2114 2838 2221 2890 τῶν

681 2930 996 2981 ἀκουόντων.
1041 2927 1218 2978 Εἰπὼν
1243 2929 1366 2996 γάρ,
1392 2927 1884 2992 Δυσερμήνευτος,
1919 2929 2215 2996 ἐπήγαγεν·

695 3018 930 3082 Ἐπειδὴ
949 3018 1153 3080 νωθροὶ
1172 3018 1443 3084 γεγόνατε
1462 3018 1582 3080 ταῖς
1601 3016 1822 3080 ἀκοαῖς.
1843 3018 1998 3085 Ὁρᾷς
2022 3019 2101 3069 ὅτι
2125 3019 2219 3087 οὐχ

682 3108 714 3172 ἡ
758 3105 914 3172 φύσις
945 3105 1036 3157 τοῦ
1081 3105 1255 3172 λόγου,
1288 3107 1397 3157 ἀλλ’
1435 3109 1465 3175 ἡ
1514 3106 1732 3174 ἀπειρία
1775 3107 1880 3158 τῶν
1924 3109 2221 3160 ἀκουόντων

680 3194 932 3246 δύσκολον
977 3195 1068 3246 τὸν
1113 3197 1173 3247 οὐ
1218 3196 1464 3248 δύσκολον
1507 3197 1788 3264 ἐποίησενς
1845 3199 1915 3248 υῦ
1968 3198 2122 3266 μόνον
2167 3199 2222 3250 δὲ

680 3282 952 3342 δύσκολον,
1004 3284 1137 3335 ἀλλά
1176 3289 1266 3337 καὶ
1309 3287 1471 3337 πολὺν
1511 3290 1651 3337 ποιεῖ
1676 3288 1764 3339 τὸν
1793 3288 1993 3356 βραχὺν
2024 3293 2054 3358 ἡ
2087 3291 2221 3359 αύτὴ

681 3375 847 3426 αίτία·
869 3375 1052 3444 διόπερ
1075 3376 1190 3443 οὐχὶ
1217 3376 1638 3444 δυσερμήνευτον
1663 3379 1857 3447 ἔφησεν
1882 3377 2018 3432 εἶναι
2043 3382 2218 3448 μόνον,

679 3462 812 3514 ἀλλά
835 3463 926 3515 καὶ
959 3462 1141 3524 πολὺν,
1183 3465 1274 3516 καὶ
1304 3465 1394 3516 τοῦ
1430 3468 1630 3533 μήκους
1650 3510 1661 3526 ,
1701 3469 1789 3520 καί
1820 3470 1915 3536 τῆς
1944 3469 2221 3533 δυσκολίας

681 3553 896 3615 ἀναθεὶς
929 3554 1026 3622 τὴν
1067 3556 1240 3607 αἰτίαν
1279 3560 1340 3626 τῇ
1375 3557 1662 3627 νωθρότητι
1690 3559 1784 3626 τῆς
1819 3561 2003 3629 ἀκοῆς.
2039 3562 2221 3614 Καθά-

680 3657 787 3710 περ
817 3643 922 3712 γάρ
948 3644 1038 3695 ἐπὶ⁹
1067 3643 1174 3694 τῶν
1204 3645 1617 3713 ἀρρωστούντων
1649 3649 1744 3700 οὐκ
1779 3651 2065 3715 ἀναγκαῖον
2100 3653 2221 3703 σύν-

680 3747 842 3797 τομον
872 3733 962 3784 καὶ
987 3734 1398 3803 ἐσχεδιασμένην
1434 3738 1747 3806 παραθεῖναι
1778 3742 2067 3808 τράπεζαν,
2089 3742 2220 3796 ἀλλά

679 3819 760 3871 δεῖ
782 3823 1187 3892 παρασκευάσαι
1222 3825 1286 3877 τά
1321 3827 1462 3878 σιτία
1503 3827 1747 3893 διάφορα,
1783 3830 1865 3879 ἵνα
1909 3830 1974 3882 ἂν
2013 3832 2164 3883 τοῦτο
2194 3834 2222 3882 6

681 3911 901 3979 κάμνων
927 3912 1000 3980 μὴ
1027 3911 1252 3983 βουληθῇ
1293 3915 1624 3983 μεταλαϐεῖν,
1650 3917 1708 3968 16
1737 3916 1916 3986 ἕτερον
1935 3919 2089 3990 λάϐῃ·
2122 3921 2222 3972 κᾶν

681 4001 854 4053 ἐκεῖνο
894 4003 968 4070 μὴ
1022 4005 1324 4072 προσίηται,
1382 4004 1439 4055 16
1484 4005 1607 4057 ἄλλο
1638 4006 1888 4074 δέξηται·
1939 4007 2037 4059 κᾶν
2069 4009 2222 4062 τοῦτο

679 4090 1083 4160 διακρούσηται,
1119 4093 1435 4163 ἐπιλάϐηται
1468 4097 1710 4166 θατέρου,
1757 4099 1850 4150 καὶ
1893 4103 1958 4169 τῇ
1987 4101 2222 4172 ποικιλίᾳ

678 4178 786 4230 τῶν
838 4179 1135 4248 βρωμάτων
1169 4183 1264 4250 τὴν
1315 4184 1594 4238 δυσκολίαν
1638 4189 1970 4256 νικήσωμεν,
2019 4192 2108 4242 καὶ
2146 4193 2220 4261 τῷ

680 4267 998 4338 πολυτρόπῳ
1027 4270 1126 4338 τῆς
1148 4272 1420 4341 τραπέζης
1444 4274 1502 4325 16
1536 4275 1852 4345 δυσάρεστον
1879 4280 1975 4345 τῆς
2002 4280 2220 4350 γνώμης

679 4357 1115 4427 θεραπεύσωμεν·
1139 4360 1276 4413 οῦτω
1305 4361 1557 4424 πολλάκις
1596 4365 1683 4415 καί⁵
1722 4366 1811 4416 ἐπὶ
1848 4367 1944 4435 τῆς
1983 4385 2220 4438 πνευμα-

677 4448 833 4516 τικῆς
876 4448 1163 4511 ἑστιάσεως
1201 4451 1303 4519 χρὴ
1336 4455 1523 4504 ποιεῖν.
1558 4454 1724 4506 Ὅταν
1766 4455 2004 4519 ἀσθενεῖς
2049 4451 2216 4526 ὦμεν,

679 4538 842 4589 πολὺν
877 4541 1387 4608 παρασκευάσασθαι
1418 4543 1521 4612 χρὴ
1545 4543 1633 4595 τὸν
1657 4544 1807 4610 λόγον
1836 4546 1927 4598 καὶ
1960 4549 2217 4613 ποικίλον,

677 4628 987 4693 παραϐολάς
1025 4630 1115 4681 καὶ
1138 4631 1547 4699 παραδείγματα
1596 4633 1808 4701 ἔχοντα,
1847 4637 2216 4700 κατασκευάς,

675 4714 768 4765 καὶ
786 4716 1081 4783 περιόδους,
1102 4719 1194 4768 καὶ
1215 4720 1373 4787 ἕτερα
1390 4720 1554 4772 πολλὰ
1573 4723 1807 4784 τοιαῦτα,
1825 4725 1906 4775 ἵνα
1927 4725 1989 4777 ἐκ
2006 4726 2218 4779 πάντων

681 4805 832 4874 ῥᾳδία
853 4806 1071 4871 γένηται
1090 4807 1219 4874 ἡμῖν
1247 4808 1351 4857 τῶν
1381 4813 1754 4879 συμφερόντων
1783 4815 1812 4881 ἡ
1835 4817 2058 4883 αἵρεσις.
2077 4818 2218 4885 Πλὴν

675 4894 785 4946 ἀλλ’
816 4897 862 4945 εἰ
896 4897 987 4947 καὶ
1031 4896 1192 4957 πολὺς
1244 4897 1271 4947 6
1318 4896 1471 4963 λόγος
1508 4902 1600 4952 καὶ
1642 4903 2087 4974 δυσερμήνευτος,
2123 4909 2218 4960 ούκ

674 4984 1038 5053 ἀπεστέρησεν
1068 4985 1258 5046 αὐτοὺς
1300 4986 1395 5053 τῆς
1439 4987 1775 5052 διδασκαλίας
1818 4994 1907 5045 τοῦ
1957 4997 2216 5064 Μελχισε-

671 5073 762 5123 δέκ
781 5089 792 5101 ·
827 5073 902 5141 τῷ
929 5073 1024 5141 μὲν
1043 5076 1148 5143 γάρ
1178 5079 1363 5138 εἰπεῖν,
1385 5078 1579 5142 Πολὺς
1600 5078 1691 5134 καὶ
1720 5083 2212 5150 Δυσερμήνευτος,

673 5158 974 5229 ἀναστήσας
1003 5163 1178 5215 αὐτῶν
1209 5165 1303 5232 τὴν
1330 5167 1574 5236 σπουδὴν,
1610 5168 1692 5219 ἵνα
1717 5170 2102 5239 προθυμότεροι
2125 5176 2214 5239 γέ-

670 5261 862 5299 νωνται
916 5252 1040 5316 περὶ
1092 5253 1189 5320 τὴν
1235 5256 1520 5324 ἀκρόασιν·
1569 5256 1643 5324 τῷ
1690 5258 1742 5309 δὲ
1790 5265 2085 5329 παρασχεῖν
2115 5263 2212 5332 τήν

668 5335 962 5403 τράπεζαν,
994 5342 1350 5410 χαρισάμενος
1382 5346 1557 5398 αὐτῶν
1586 5350 1649 5416 τῇ
1690 5350 1963 5418 ἐπιθυμίᾳ.

742 5424 803 5491 β’.
824 5423 970 5496 [170]
996 5426 1160 5479 Τοῦτο
1181 5429 1234 5480 δὲ
1255 5433 1344 5482 καὶ
1366 5434 1524 5501 ἡμεῖς
1545 5440 1867 5506 ποιήσωμεν·
1888 5442 1933 5491 εἰ
1953 5441 2041 5492 καὶ
2059 5443 2156 5493 άπε
2168 5461 2212 5493 ι-

668 5531 759 5582 ρον
776 5517 835 5567 16
853 5518 1079 5585 πέλαγος
1094 5518 1199 5572 τῶν
1219 5524 1527 5592 προφητῶν,
1550 5527 1640 5580 καὶ
1659 5529 1822 5583 πολλά
1837 5531 1948 5584 ἐκεῖ
1963 5533 2028 5585 τά
2050 5532 2206 5601 βάθη,

725 5680 752 5709 ⁸
773 5680 852 5730 Sic
877 5696 1001 5734 unus
1017 5687 1144 5744 cod.,
1170 5687 1250 5737 alii
1275 5689 1512 5739 ποιοῦντα.

1434 377 1490 434 S.
1528 371 1805 432 JOANNIS
1841 364 2314 425 CHRYSOSTOMI
2350 364 2664 427 ARCHIEP.
2707 371 3244 433 CONSTANTINOP.

3757 399 3869 452 166

2323 484 2810 556 κατατολμήσωμεν
2835 487 2933 557 τῆς
2977 488 3238 560 θαλάττης
3283 488 3420 542 κατά
3449 490 3546 560 τὴν
3590 487 3860 560 ἡμετέραν

2319 571 2544 641 δύναμιν
2567 590 2581 604 ·
2614 575 2806 644 μᾶλλον
2837 578 2892 630 δὲ
2923 578 2996 648 μή
3032 579 3170 632 κατὰ
3195 580 3289 649 τὴν
3315 579 3583 649 ἡμετέραν
3611 579 3857 649 δύναμιν,

2315 663 2450 716 ἀλλά
2476 666 2611 718 κατὰ
2637 666 2734 734 τὴν
2753 667 2953 721 ἄνωθεν
2994 670 3277 740 δεδομένην
3307 671 3434 738 ἡμῖν
3472 671 3646 740 χάριν,
3685 669 3744 721 οὐ
3769 669 3859 723 διὰ

2314 753 2411 822 τὴν
2456 755 2725 825 ἡμετέραν
2760 759 3090 828 παρρησίαν,
3141 760 3273 813 ἀλλά
3318 759 3404 812 διὰ
3446 761 3543 829 τὴν
3591 759 3860 828 ὑμετέραν

2315 844 2576 910 ὠφέλειαν
2610 849 3096 918 κατατολμήσωμεν
3121 852 3217 920 τῆς
3243 850 3522 920 θαλάττης,
3555 853 3652 903 κάν
3685 850 3858 919 τούτῳ

2316 933 2522 988 Παῦλον
2562 937 2899 1006 μιμούμενοι.
2944 940 3062 992 Ὅτι
3087 941 3192 1009 γάρ
3235 942 3334 992 ούκ
3364 941 3724 1009 ἀπεστέρησεν
3762 941 3859 992 αὖ·

2315 1026 2440 1088 τοὺς
2467 1025 2559 1080 τοῦ
2607 1026 2760 1092 λόγου
2791 1026 2883 1079 τοῦ
2924 1029 3060 1082 κατά
3099 1030 3188 1082 τὸν
3235 1030 3582 1098 Μελχισεδὲκ,
3633 1033 3859 1084 ἄκουσον

2315 1115 2423 1169 τῶν
2450 1116 2592 1186 ἑξῆς.
2620 1117 2798 1170 Εἰπὼν
2834 1118 2984 1185 γοῦν,
3012 1121 3149 1187 Περί
3177 1116 3246 1174 οὗ
3283 1120 3471 1185 πολὺς
3496 1123 3526 1173 d
3556 1121 3733 1188 λόγος
3759 1121 3859 1173 καί

2317 1205 2808 1273 δυσερμήνευτος,
2844 1210 3136 1278 ἐπήγαγεν·
3165 1206 3347 1274 Οὗτος
3373 1211 3479 1278 γὰρ
3517 1213 3548 1264 ό
3575 1214 3861 1278 Μελχισε-

2317 1295 2450 1357 δὲκ,
2478 1299 2772 1363 βασιλεὺς
2799 1298 3181 1366 δικαιοσύνης
3200 1316 3213 1330 ·
3248 1301 3447 1353 ἔπειτα
3473 1301 3538 1353 δὲ
3567 1303 3660 1354 καί
3678 1303 3860 1364 βασι-

2318 1387 2460 1451 λεὺς
2487 1387 2692 1454 Σαλὴμ
2716 1428 2730 1451 ,
2761 1388 2794 1439 ὅ
2823 1389 2949 1442 ἐστι
2990 1389 3283 1454 ,ϐασιλεὺς
3308 1390 3567 1459 εἰρήνης,
3602 1389 3859 1458 ἀπάτωρ,

2319 1475 2552 1542 ἀμήτωρ
2575 1515 2588 1537 ,
2637 1477 3098 1547 ἀγενεαλόγητος
3120 1519 3133 1542 ,
3162 1479 3312 1547 μήτε
3355 1481 3550 1549 ἀρχὴν
3590 1480 3820 1549 ἡμερῶν
3845 1519 3860 1542 ,

2314 1565 2463 1632 μήτε
2493 1563 2638 1631 ζωῆς
2669 1565 2839 1630 τέλος
2866 1565 3037 1634 ἔχων·
3075 1567 3517 1636 ἀφωμοιωμένος
3552 1570 3618 1622 δὲ
3646 1570 3723 1634 τῷ
3754 1569 3864 1633 Υἰῷ

2319 1654 2422 1706 τοῦ
2454 1655 2595 1707 Θεοῦ
2621 1658 2783 1722 μένει
2811 1657 2998 1723 ἱερεὺς
3035 1659 3120 1722 εἰς
3161 1657 3226 1709 τὸ
3268 1659 3552 1725 διηνεκές.
3583 1656 3726 1730 Ἀρα
3763 1663 3863 1714 οὐκ

2319 1743 2572 1812 ἐτάραξεν
2603 1743 2751 1812 ὑμῶν
2774 1745 2870 1807 τάς
2895 1746 3060 1808 ἀκοάς
3088 1749 3212 1818 περί
3245 1747 3526 1817 ἀνθρώπου
3554 1749 3865 1817 διαλεγόμε-

2319 1849 2406 1893 νος
2437 1834 2464 1884 6
2496 1832 2698 1894 Παῦλος
2727 1833 2819 1885 καὶ
2842 1833 3028 1900 λέγων,
3069 1835 3336 1902 Ἀπάτωρ,
3367 1837 3639 1904 ἀμήτωρ;
3676 1841 3784 1890 Καὶ
3809 1839 3862 1890 τί

2318 1920 2477 1989 λέγω,
2516 1922 2639 1991 περὶ
2675 1921 2985 1991 ἀνθρώπου;
3022 1924 3081 1976 Εἰ
3106 1924 3211 1995 γάρ
3240 1927 3365 1994 περὶ
3397 1927 3486 1978 τοῦ
3530 1926 3758 1996 Χριστοῦ
3783 1927 3866 1980 λέ-

2318 2028 2463 2078 γοιτο
2486 2012 2656 2075 τοῦτο,
2682 2012 2777 2064 οὐκ
2811 2014 2877 2066 ἀν
2908 2014 3099 2083 πολλὴν
3139 2015 3229 2066 καί
3266 2015 3434 2078 οὕτως
3483 2019 3608 2085 ἡμῖν
3639 2019 3864 2088 παρέχοι

2320 2101 2576 2172 ζήτησιν;
2627 2105 2689 2156 Εἰ
2727 2105 2832 2175 γάρ
2874 2105 3118 2177 ἀπάτωρ,
3160 2106 3272 2168 πῶς
3322 2107 3477 2170 Υἱός;
3513 2109 3560 2160 εἰ
3609 2109 3864 2179 ἀπάτωρ,

2320 2193 2433 2255 πῶς
2463 2196 2798 2264 Μονογενήςς
2838 2197 2895 2247 '0
2937 2196 3043 2266 γάρ
3091 2197 3202 2260 υἰὸς
3239 2198 3436 2266 ὀφείλει
3468 2199 3673 2270 πατέρα
3696 2202 3860 2270 ἔχειν,

2320 2281 2438 2331 ἐπεὶ
2463 2283 2560 2332 οὐκ
2582 2281 2646 2332 ἂν
2679 2282 2761 2349 εῐη
2796 2282 2928 2344 υἰὸς.
2969 2282 3122 2334 Ἀλλὰ
3149 2284 3240 2336 καὶ
3263 2284 3486 2354 ἀπάτωρ
3509 2286 3651 2338 ἐστὶν
3680 2289 3708 2340 6
3740 2287 3866 2350 Υίδς

2317 2366 2409 2417 τοῦ
2437 2367 2585 2429 Θεοῦ,
2638 2369 2730 2420 καί
2776 2370 3025 2438 ἀμήτωρ.
3086 2371 3236 2435 Πῶς;
3286 2370 3534 2440 Ἀπάτωρ
3573 2373 3669 2442 τὴν
3715 2374 3865 2426 κάτω

2318 2452 2585 2519 γέννησιν,
2613 2454 2840 2522 ἀμήτωρ
2876 2455 2967 2524 τὴν
2994 2457 3102 2509 ἄνω
3125 2473 3138 2486 ·
3183 2455 3304 2507 οὗτε
3336 2455 3441 2524 γὰρ
3475 2458 3564 2509 ἐπὶ
3604 2459 3704 2525 γῆς
3740 2458 3865 2528 ἔσχε

2319 2540 2549 2610 πατέρα,
2590 2541 2711 2593 οὕτε
2741 2544 2796 2594 ἐν
2828 2543 3040 2612 οὐρανῷ
3079 2544 3305 2614 μητέρα.
3349 2543 3864 2615 Ἀγενεαλόγητος.

2333 2628 2696 2681 Ἀκουέτωσαν
2728 2631 2774 2681 οί
2818 2630 2914 2697 τὴν
2944 2630 3128 2683 οὐσίαν
3167 2631 3324 2684 αὑτοῦ
3360 2632 3868 2702 πολυπραγμονοῦν⁶

2317 2731 2428 2776 τες·
2456 2715 2627 2766 καίτοι
2658 2717 2798 2777 τινὲς
2825 2717 3149 2785 νομίζουσιν,
3184 2718 3263 2769 ὅτι
3291 2718 3352 2768 16
3387 2719 3868 2785 Ἇγενεαλόγητος

2317 2799 2474 2852 τοῦτο
2495 2801 2737 2870 περὶτῆς
2768 2803 2878 2855 ἀνω
2919 2805 3216 2873 γεννήσεως
3255 2805 3486 2874 εἴρηται.
3529 2807 3590 2857 Οἰ
3631 2805 3726 2872 μέν
3755 2805 3866 2873 γάρ

2319 2888 2573 2954 αἱρετικοί
2609 2889 2724 2939 οὐδὲ
2753 2888 2904 2941 τοῦτο
2928 2890 3216 2957 βούλονται·
3249 2893 3340 2943 καὶ
3379 2893 3484 2961 γάρ
3526 2893 3615 2944 καὶ
3654 2892 3870 2961 ἐκείνην

2319 2976 2951 3044 πολυπραγμονοῦσικαί
2997 2978 3459 3048 περιεργάζονται·
3509 2981 3554 3030 οἰ
3601 2979 3656 3031 δέ
3695 2981 3870 3031 ἐπιει-

2319 3066 2566 3134 κέστεροι
2593 3066 2794 3118 τούτων
2835 3068 3014 3138 ἐκείνη
3062 3067 3157 3136 μὲν
3198 3069 3628 3138 παραχωροῦσιν,
3683 3070 3869 3121 οὐκέτι

2318 3153 2374 3206 δὲ
2426 3155 2519 3206 καὶ
2574 3155 2698 3223 περί
2728 3153 2926 3222 ταύτης
2963 3156 3059 3224 τῆς
3101 3156 3248 3208 κάτω
3285 3158 3587 3225 νομίζουσιν
3621 3155 3868 3226 εἰρῆσθαι

2321 3240 2398 3304 16,
2433 3242 2935 3308 Ἀγενεαλόγητος.
2960 3242 3226 3311 Δείξωμεν
3246 3239 3335 3296 οὖν
3351 3246 3430 3296 ὅτι
3459 3245 3581 3313 περί
3605 3246 3870 3314 ἑκατέρας

2321 3327 2626 3392 γεννήσεως
2645 3328 2799 3378 τοῦτο
2815 3329 2840 3378 6
2861 3326 3066 3389 Παῦλος
3086 3323 3222 3399 εἷπε,
3245 3331 3337 3382 καί
3357 3331 3482 3399 περὶ
3497 3331 3594 3396 τῆς
3618 3330 3747 3390 ἄνω,
3773 3331 3868 3381 καὶ

2321 3411 2445 3478 περὶ
2473 3411 2568 3477 τῆς
2597 3411 2762 3463 κάτω·
2791 3413 2882 3462 καὶ
2907 3412 3011 3479 γάρ
3040 3413 3132 3463 καὶ
3162 3413 3338 3480 ἐκείνη
3370 3415 3585 3482 φρικτὴ,
3611 3416 3702 3467 καὶ
3727 3415 3866 3484 αὕτη

2323 3496 2718 3563 μυστικωτάτη.
2768 3495 2864 3546 Διά
2910 3494 3061 3547 τοῦτο
3111 3498 3203 3548 καὶ
3257 3497 3478 3559 Ἡσαΐας
3531 3501 3692 3567 φησί,
3749 3500 3870 3566 Τὴν

2321 3582 2527 3648 γενεὰν
2552 3581 2734 3634 αὐτοῦ
2757 3582 2844 3644 τίς
2873 3581 3209 3648 διηγήσεται
3232 3599 3249 3644 ;
3292 3582 3446 3635 Ἀλλά
3475 3585 3597 3652 περί⁸
3625 3586 3866 3654 ἐκείνης,

2322 3669 2502 3733 φησὶν,
2547 3662 2663 3718 εἷπε
2693 3667 2786 3736 τῆς
2815 3668 2942 3721 ἄνω.
2975 3668 3037 3719 Τί
3057 3665 3147 3720 οὖν
3176 3668 3402 3737 ἐροῦμεν
3433 3670 3643 3739 Παύλῳ,
3685 3673 3862 3741 ἀμφο-

2320 3752 2479 3821 τέρας
2511 3753 2714 3805 εἰπόντι
2734 3752 2831 3815 τάς
2859 3755 3150 3823 γεννήσεις,
3180 3757 3270 3807 καί
3292 3755 3408 3807 τότε
3438 3759 3760 3824 ἐπαγαγόντι
3782 3759 3866 3821 16,

2333 3841 2846 3908 Ἀγενεαλόγητος;
2884 3843 3146 3912 Πρότερον
3194 3845 3298 3913 γάρ
3341 3845 3540 3909 εἰπὼν,
3584 3847 3862 3912 Ἆπάτωρ,

2321 3926 2572 3993 ἀμήτωρ,
2605 3929 2722 3980 τότε
2751 3929 2992 3996 ἐπήγαγε
3025 3930 3102 3992 16,
3140 3931 3644 3997 Ἀγενεαλόγ-ητος,
3672 3932 3756 3983 ἵνα
3790 3931 3864 3999 μὴ

2325 4012 2481 4082 μόνον
2513 4013 2629 4065 κατ’
2674 4013 2884 4081 ἐκείνην
2924 4013 3019 4083 τὴν
3055 4015 3334 4084 γέννησιν,
3371 4017 3490 4068 καθ’
3530 4017 3596 4085 ἡν
3636 4018 3866 4086 ἀμήτωρ

2321 4099 2484 4158 ἐστὶν,
2531 4098 2666 4150 ἀλλά
2707 4099 2797 4152 καὶ
2835 4100 2972 4152 κατά
3015 4100 3236 4170 ταύτην,
3267 4101 3386 4153 καθ’
3419 4101 3483 4169 ἡν
3516 4101 3736 4171 ἀπάτωρ
3773 4098 3863 4172 ἦν,

2322 4185 2419 4254 τὴν
2446 4185 2590 4237 κάτω
2619 4184 2779 4252 λέγω,
2813 4187 3233 4256 ἀγενεαλόγητον
3258 4183 3394 4239 εἶναι
3425 4189 3731 4261 πιστεύσῃς.
3762 4191 3864 4241 Διά

2320 4271 2477 4323 τοῦτο
2498 4273 2805 4343 ἀμφοτέρας
2825 4275 2954 4337 θεὶς,
2972 4276 3089 4326 τότε
3110 4271 3232 4327 εἷπε
3248 4275 3324 4334 16.
3356 4275 3862 4344 ’Awsaldmtocr

2324 4358 2416 4408 καί
2445 4357 2549 4426 γάρ
2578 4360 2669 4410 καὶ
2699 4359 2832 4428 αῦτη
2865 4360 2896 4426 ἡ
2945 4361 3090 4412 κάτω
3133 4361 3540 4432 ἀκατάληπτος,
3594 4363 3676 4415 ἵνα
3729 4364 3866 4432 πρὸς

2323 4441 2530 4509 ἐκείνην
2583 4442 2712 4509 μηδὲ
2771 4444 3083 4512 παρακύψαι
3140 4446 3509 4516 τολμήσωμεν.
3563 4448 3623 4498 Εἰ
3659 4447 3762 4512 γὰρ
3795 4447 3865 4498 τὰ

2322 4526 2624 4596 προπύλαια
2649 4528 2741 4580 τοῦ
2775 4529 2897 4580 ναοῦ
2923 4529 3061 4582 οὕτω
3094 4531 3294 4601 φοϐερὰ
3322 4533 3410 4584 καὶ
3436 4533 3719 4600 ἀπρόσιτα,
3747 4532 3865 4594 πῶς

2321 4611 2399 4672 εἰς
2424 4613 2490 4663 τά
2527 4613 2693 4665 ἀδυτά
2721 4630 2803 4676 τις
2833 4615 3085 4668 εἰσελθεῖν
3107 4618 3467 4687 ἐπιχειρήσεις
3502 4619 3620 4671 Ὅτι
3644 4620 3737 4688 μὲν
3757 4618 3866 4687 γὰρ

2319 4698 2574 4768 ἐγεννήθη
2612 4701 2674 4751 ἐκ
2702 4701 2794 4753 τοῦ
2828 4703 3056 4770 Πατρὸς,
3090 4698 3220 4756 οἴδα·
3246 4704 3304 4756 16
3333 4705 3388 4756 δέ
3427 4705 3560 4771 πῶς,
3587 4707 3684 4758 οὐκ
3726 4701 3860 4760 οἶδα.

2323 4783 2441 4835 Ὀτι
2487 4785 2672 4853 ἐτέχθη
2720 4789 2780 4838 ἐκ
2826 4788 2920 4855 τῆς
2968 4789 3266 4856 παρθένου,
3319 4791 3648 4860 ἐπίσταμαι·
3684 4792 3773 4843 τὸν
3807 4791 3864 4843 δὲ

2318 4869 2511 4938 τρόπον
2559 4870 2674 4921 οὐδὲ
2723 4872 2949 4924 ἐνταῦθα
2982 4874 3392 4940 καταλαμϐάνω.
3442 4876 3732 4945 Ἐκατέρας
3757 4876 3865 4945 γάρ

2321 4954 2471 5024 [171]
2503 4954 2768 5026 φύσεωςὴ
2797 4958 3042 5024 γέννησις
3070 4960 3422 5026 ὁμολογεῖται,
3468 4965 3559 5015 καὶ
3604 4965 3862 5033 ἑκατέρας

2317 5041 2344 5090 6
2364 5041 2558 5109 τρόπος
2583 5041 2877 5109 σεσίγηται.
2906 5044 3012 5095 Καὶ
3035 5044 3218 5115 ὥσπερ
3240 5046 3468 5100 ἐνταῦθα
3492 5049 3580 5100 ἐπὶ
3606 5050 3700 5117 τῆς
3722 5067 3862 5118 παρ-

2317 5126 2465 5177 θένου
2486 5165 2499 5187 ,
2531 5127 2629 5178 οὐκ
2674 5126 2826 5189 εἰδὼς
2865 5127 2972 5194 ἐγὼ
3019 5132 3134 5194 πῶς
3167 5135 3229 5184 ἐκ
3275 5135 3534 5204 παρθένου
3569 5137 3823 5206 ἐγεννήθη
3845 5179 3859 5200 ,

2314 5211 2556 5279 ὁμολογῶ
2587 5213 2665 5264 ὅτι
2701 5215 2957 5284 ἐγεννήθη
2982 5255 2996 5278 ,
3030 5219 3122 5269 καί
3168 5220 3265 5272 οὐκ
3305 5220 3507 5289 ἀναιρῶ
3543 5221 3600 5272 16
3637 5225 3865 5292 πρᾶγμα

2314 5296 2399 5347 διὰ
2427 5297 2522 5364 τὴν
2552 5297 2767 5362 ἄγνοιαν
2797 5298 2889 5350 τοῦ
2916 5301 3133 5369 τρόπου·
3165 5304 3303 5356 οὓτω
3327 5307 3417 5357 καὶ
3448 5306 3507 5356 σὺ
3532 5307 3752 5375 ποίησον
3775 5310 3866 5361 ἐπὶ

2310 5381 2403 5432 τοῦ
2426 5383 2651 5450 Πατρός·
2670 5385 2715 5433 εἰ
2737 5383 2826 5435 καὶ
2845 5385 2940 5437 οὐκ
2961 5383 3105 5450 οἶδας
3133 5390 3244 5451 πῶς
3265 5391 3544 5458 ἐγεννήθη,
3573 5392 3652 5453 τὸ,
3672 5393 3866 5459 Ἐγεν-

2312 5470 2485 5536 νήθη,
2519 5469 2840 5539 ὁμολόγησον
2872 5473 2921 5528 δ.
2954 5473 3068 5527 Κᾶν
3098 5476 3228 5547 λέγῃ
3257 5494 3334 5528 σοι
3365 5479 3390 5528 ὁ
3416 5478 3678 5546 αἰρετικδς
3699 5517 3713 5540 ,
3746 5479 3868 5543 Πῶς

2370 5636 2566 5705 _bS_av_'il.
2602 5642 2654 5684 et
2696 5638 2893 5705 Ηείεξιὶο
2935 5640 3193 5701 legendum
3223 5645 3410 5693 videlur
3453 5649 3491 5694 εἰ
3533 5648 3581 5695 δὲ
3621 5647 3708 5695 οὐκ
3740 5651 3876 5705 οἶδας

2312 5702 2408 5753 πῶς
2435 5699 2661 5756 ἐγέννησε,
2687 5699 2739 5745 τὸ
2759 5701 2970 5760 ἐγέννησε
2988 5699 3293 5762 ὁμολόγησον.
