4064 6214
260 420 374 477 165

248 525 319 578 Iis
358 523 517 577 etiam
559 522 673 591 ipso
699 534 762 573 ex
793 528 1006 587 aspectu
1034 510 1289 583 vertigine
1318 510 1705 577 corripiuntur:
1737 504 1809 557 il‘li

251 624 379 663 vero
408 624 505 664 nec
533 610 583 662 in
622 608 810 662 mediis
849 605 1090 659 fluctibus
1117 600 1509 670 perturbantur.
1544 597 1651 649 [loc
1680 602 1730 647 et
1760 600 1812 645 in

248 706 431 752 mente
460 706 637 752 nostra
661 697 839 751 evenit
866 712 879 747 :
911 691 1168 762 siquidem
1197 701 1248 744 et
1277 691 1441 756 ipsam
1466 700 1605 752 saepe
1626 685 1813 737 fluctus

248 784 705 853 perturbationum
757 782 1014 837 invadunt
1060 780 1226 833 multo
1277 775 1494 829 marinis
1536 772 1809 834 smviores,

249 874 414 929 veluti
446 876 671 944 procella
706 872 1024 937 iracundize,
1053 886 1171 940 qua:
1196 870 1442 923 deorsum
1482 881 1574 920 cor
1614 865 1809 933 dcjicit,

250 972 305 1019 et
335 980 510 1033 prava:
539 963 839 1033 cupiditatis
880 963 1057 1026 venti,
1104 961 1193 1031 qui
1236 960 1452 1013 multam
1492 960 1720 1013 excitant
1761 959 1811 1009 in

251 1066 434 1111 mente
463 1056 938 1110 conturbationem.
960 1055 1133 1121 Atque
1158 1053 1200 1104 is
1228 1051 1435 1119 quidem
1462 1051 1547 1117 qui
1575 1050 1810 1115 inexper-

249 1157 337 1201 tus
385 1156 469 1202 est
512 1157 566 1202 et
603 1147 1005 1207 inexercitatus,
1048 1142 1329 1210 incipiente
1372 1141 1463 1193 ira:
1483 1146 1813 1207 tempestate,

248 1239 508 1290 continuo
550 1238 785 1290 turbatur
805 1276 819 1297 ,
851 1240 1215 1287 commovetur
1238 1273 1251 1295 ,
1283 1230 1540 1299 agitatur,
1586 1228 1811 1279 animam

248 1328 374 1379 sinit
399 1328 465 1380 ab
490 1326 762 1379 affectibus
786 1322 1072 1390 submergi,
1098 1335 1161 1373 ac
1190 1318 1514 1386 naufragium
1543 1316 1645 1384 pati
1678 1332 1689 1367 :
1721 1314 1810 1382 qui

249 1432 377 1469 vero
398 1426 643 1483 expertus
669 1423 720 1467 et
740 1414 1061 1466 exercitatus
1083 1422 1161 1462 est
1185 1410 1247 1463 ad
1271 1409 1382 1462 hinc
1407 1408 1579 1460 omnia
1612 1406 1810 1473 patien-

250 1516 333 1558 ter
377 1505 591 1558 ferenda
613 1544 627 1569 ,
673 1512 937 1569 tamquam
963 1500 1363 1569 gubernatorem
1392 1495 1458 1547 ad
1495 1494 1696 1547 clavum
1724 1507 1808 1546 se-

249 1596 488 1659 dentem,
524 1597 593 1649 ita
624 1597 879 1649 rationem
911 1609 1066 1662 supra
1100 1591 1515 1661 perturbationes
1545 1591 1669 1642 istas
1696 1590 1810 1642 eol-

249 1686 428 1749 locat,
462 1701 631 1753 neque
672 1686 817 1754 prius
845 1684 1055 1738 absistit
1094 1682 1337 1736 omnibus
1382 1680 1588 1732 tentalis
1611 1720 1624 1741 ,
1655 1695 1809 1746 quam

249 1778 515 1845 navigium
543 1777 607 1830 ad
633 1777 962 1844 tranquillum
989 1772 1328 1841 philosophiae
1354 1782 1557 1840 portum
1582 1773 1810 1828 duxerit.

249 1866 401 1931 Quod
429 1866 584 1933 igitur
612 1865 667 1917 fit
694 1866 744 1917 in
773 1864 927 1927 mari,
955 1872 1010 1915 et
1030 1861 1171 1931 quod
1198 1861 1251 1914 in
1277 1870 1451 1915 mente
1476 1862 1687 1923 accidit,
1712 1860 1812 1913 hoc

248 1967 303 2009 et
349 1959 399 2009 in
445 1958 771 2025 expositione
816 1954 1202 2022 Seripturarum
1243 1954 1422 2006 evenit
1451 1970 1463 2006 :
1492 1953 1808 2005 commoveri

247 2062 473 2100 necesse
499 2056 579 2101 est
621 2062 681 2101 ac
712 2046 945 2112 turbari,
988 2055 1261 2115 postquam
1289 2045 1338 2097 in
1378 2044 1589 2113 pelagus
1616 2045 1810 2112 egressi

250 2136 527 2201 fuerimus,
555 2151 657 2189 non
678 2136 816 2205 quod
847 2134 1175 2188 formidabile
1203 2135 1270 2186 sit
1297 2134 1527 2201 pelagus,
1555 2130 1648 2185 sed
1672 2130 1811 2199 quod

248 2223 514 2291 inexperti
543 2225 706 2277 simus
744 2238 841 2277 nos
868 2226 958 2291 qui
990 2224 1313 2291 navigamus.
1342 2222 1470 2274 Nam
1499 2220 1811 2282 oratiOuem,

251 2328 373 2380 qua:
402 2327 496 2365 sua
525 2322 708 2366 natura
736 2313 804 2366 sit
841 2311 1039 2375 facilis,
1085 2311 1153 2364 ob
1182 2310 1491 2378 imperitiam
1518 2307 1811 2361 auditorum

250 2400 521 2455 difficilem
548 2401 660 2455 fieri
682 2443 697 2468 ,
732 2402 954 2455 Paulum
982 2400 1129 2453 vobis
1153 2405 1340 2451 testem
1372 2398 1650 2467 proferam.
1683 2398 1811 2450 Cum

249 2495 391 2547 enim
419 2494 683 2547 Christum
714 2493 934 2547 dixisset
978 2490 1285 2546 Pontificcm
1331 2490 1491 2543 fuisse
1528 2488 1812 2543 secundum

250 2584 493 2638 ordinem
522 2584 888 2646 Melchisedec.
928 2582 1359 2651 quaesivissetque
1397 2581 1512 2649 quis
1540 2578 1813 2633 Melchise-

249 2675 353 2728 dec
379 2686 539 2740 esset,
561 2676 783 2743 adjecit:
810 2674 887 2727 De
914 2690 1011 2741 quo
1041 2673 1245 2743 grandis
1275 2672 1411 2725 nobis
1437 2688 1598 2725 sermo
1618 2713 1632 2735 ,
1661 2680 1705 2723 et
1731 2671 1813 2722 in-

252 2772 526 2830 terpretata
552 2764 763 2831 difﬁcilis
790 2762 973 2829 (Hebr.
999 2764 1052 2817 5.
1085 2764 1195 2831 Η).
1229 2762 1362 2828 Quid
1390 2762 1484 2823 ais,
1515 2760 1663 2813 beate
1683 2760 1815 2812 Pau-

250 2852 345 2905 le?
389 2852 576 2906 Tibine
617 2852 844 2905 difﬂcilis
891 2862 972 2906 est
1018 2854 1400 2919 interpretatu,
1444 2852 1529 2918 qui
1560 2849 1814 2917 spirituali

250 2940 422 3007 polles
450 2941 702 3007 sapientia
724 2980 739 3005 ,
770 2942 856 3008 qui
886 2955 1076 2993 arcana
1120 2940 1278 2993 verba
1322 2938 1601 3003 audivisti,
1634 2939 1722 3006 qui
1752 2937 1814 2991 ad

252 3034 465 3083 tertimn
508 3040 685 3099 raptus
725 3046 782 3084 es
807 3030 1037 3083 Caium?
1078 3029 1135 3083 Si
1168 3029 1257 3082 tibi
1285 3028 1512 3081 difficilis
1544 3038 1625 3081 est
1654 3028 1816 3081 intcr~

250 3130 497 3189 pretatu,
541 3138 567 3173 a
611 3136 714 3191 quo
760 3122 949 3189 poterit
998 3119 1412 3189 comprehendi?
1442 3119 1563 3172 Mihi
1591 3118 1817 3171 difficilis

249 3221 333 3265 est
363 3210 704 3278 interpretata
726 3253 739 3275 ,
780 3212 981 3279 inquit,
1013 3226 1115 3263 non
1147 3210 1215 3264 ob
1256 3224 1401 3262 suam
1433 3208 1815 3269 difficultatem,

257 3298 354 3353 sed
380 3299 450 3352 ob
469 3300 763 3353 auditorum
787 3300 1163 3354 infirmitatem.
1195 3299 1476 3367 Postquam
1502 3300 1640 3352 enim
1668 3298 1816 3360 dixit,

252 3389 597 3456 Interpretatu
640 3392 884 3458 difﬁcilis,
932 3391 1167 3451 adiunxit
1209 3407 1221 3439 :
1261 3388 1511 3451 Quoniam
1552 3386 1820 3439 imbecilles

255 3480 379 3548 farti
401 3480 515 3531 estis
535 3480 601 3530 ad
622 3480 943 3532 audiendum.
973 3479 1131 3532 Vides
1153 3493 1255 3531 non
1280 3488 1515 3530 naturam
1541 3477 1817 3537 sermonis,

254 3568 352 3622 sed
396 3568 690 3622 auditorum
722 3570 1034 3637 imperitiam
1066 3567 1329 3622 difficilem
1361 3583 1478 3622 eum
1509 3567 1816 3627 reddidisse,

256 3658 347 3725 qui
378 3658 605 3711 difficilis
634 3660 849 3712 minime
880 3659 1022 3711 fuit?
1059 3659 1236 3727 Neque
1266 3672 1388 3710 vero
1421 3656 1681 3710 difficilem
1711 3668 1821 3708 tan-

258 3755 393 3810 tum,
420 3748 509 3800 sed
532 3756 587 3801 et
608 3748 858 3815 grandem
884 3748 1045 3801 efficit
1069 3763 1208 3808 eum,
1235 3750 1319 3815 qui
1349 3747 1520 3799 brevis
1546 3746 1613 3798 sit
1638 3746 1820 3799 eadem

258 3849 417 3888 causa
450 3854 463 3887 :
490 3846 811 3904 quapropter
840 3852 944 3889 non
992 3837 1148 3888 modo
1186 3834 1449 3887 difficilem
1482 3835 1821 3900 interpretato

258 3938 382 3977 eum
411 3938 530 3978 esse
556 3926 704 3988 dixit,
733 3940 914 3977 verum
945 3924 1102 3976 etiam
1130 3923 1385 3988 grandem
1410 3964 1421 3984 ,
1451 3932 1502 3973 et
1544 3921 1822 3989 longitudi-

260 4014 347 4065 nis
367 4054 381 4075 ,
411 4022 466 4066 et
490 4012 811 4066 difficultatis
840 4027 1051 4065 causam
1092 4012 1397 4065 adscribens
1423 4011 1627 4063 aurium
1661 4010 1826 4061 imbe-

260 4102 488 4154 cillitati.
518 4101 647 4154 Nam
678 4103 811 4155 sicut
844 4100 967 4153 dum
997 4116 1167 4169 {egros
1194 4114 1439 4153 curamus
1479 4114 1581 4151 non
1621 4106 1828 4165 oportet

262 4194 596 4247 subitaneam
624 4202 676 4246 et
703 4200 882 4261 paratu
914 4192 1119 4246 facilem
1149 4206 1382 4244 mensam
1415 4190 1517 4241 illis
1540 4202 1824 4256 apponere,

264 4283 360 4337 sed
389 4283 531 4335 varia
560 4290 681 4335 sunt
710 4282 813 4334 illis
838 4280 1014 4335 edulia
1041 4280 1291 4349 paranda,
1321 4288 1377 4331 ut
1405 4279 1447 4330 si
1476 4285 1701 4345 tegrotns
1730 4276 1830 4327 hoc

262 4381 479 4441 gustare
506 4370 731 4426 noluerit
751 4410 765 4433 ,
798 4370 1022 4424 alterum
1048 4376 1221 4420 sumat
1254 4380 1266 4417 :
1296 4364 1433 4433 quod
1474 4365 1516 4416 si
1557 4363 1681 4416 illud
1726 4376 1829 4414 non

264 4460 543 4521 admittat,
574 4458 714 4511 aliud
743 4464 981 4526 acceptet
1008 4473 1023 4509 :
1056 4465 1147 4509 aut
1175 4455 1218 4507 si
1249 4453 1348 4506 hoc
1378 4451 1648 4521 repudiet,
1680 4449 1829 4502 alteri

264 4562 482 4603 manum
514 4547 745 4614 injiciat,
776 4554 830 4599 et
866 4545 1101 4599 ciborum
1133 4543 1381 4596 varietate
1423 4540 1683 4593 fastidium
1712 4540 1829 4590 vin-

267 4651 472 4697 camus,
503 4650 566 4688 ac
593 4634 897 4688 diversitate
924 4646 1123 4687 mensa:
1148 4631 1308 4684 animi
1337 4631 1449 4697 ejus
1475 4626 1829 4681 morositatem

267 4727 571 4795 mitigemus
597 4742 611 4778 :
636 4725 707 4777 ita
729 4737 1094 4791 sarpenumero
1124 4722 1173 4773 in
1202 4720 1557 4788 spiritualibus
1576 4716 1832 4771 conviviis

265 4827 349 4871 est
376 4814 657 4883 agendum.
686 4814 815 4867 Cum
845 4811 1038 4864 infirmi
1069 4811 1251 4872 simus,
1297 4809 1458 4860 multa
1498 4814 1552 4861 et
1577 4806 1721 4859 varia
1750 4805 1828 4856 in-

266 4904 534 4960 stituenda
549 4913 629 4957 est
648 4903 837 4967 oratio,
858 4916 975 4970 qua:
994 4900 1413 4967 comparationes
1434 4896 1641 4959 habeat,
1664 4907 1835 4947 exem-

268 4995 354 5063 pla
380 5035 394 5058 ,
435 4992 910 5045 demonstrationes
932 5029 947 5054 ,
976 4989 1257 5041 verborum
1298 4985 1548 5039 circuitus
1573 5022 1588 5047 ,
1631 4983 1835 5049 aliaque

268 5084 436 5137 multa
475 5082 765 5149 ejusmodi,
799 5089 855 5132 ut
883 5095 946 5133 ex
987 5076 1235 5132 omnibus
1264 5074 1431 5127 facilis
1468 5072 1535 5123 sit
1562 5070 1710 5123 nobis
1738 5084 1835 5123 eo-

269 5187 392 5227 rum
414 5212 430 5236 ,
463 5184 579 5238 qum
608 5170 713 5223 sint
754 5168 1023 5237 profutura
1046 5206 1062 5231 ,
1108 5164 1361 5218 delectus.
1410 5161 1690 5216 Enimvero
1719 5156 1839 5209 licet

268 5259 490 5329 grandis
518 5268 658 5312 esset
682 5267 837 5327 atque
877 5257 1220 5323 interpretato
1249 5249 1476 5319 difﬁcilis
1521 5248 1608 5300 ille
1641 5258 1837 5309 sermo,

272 5362 601 5417 nequaquam
629 5347 744 5399 illos
769 5344 1007 5398 doctrina
1034 5342 1101 5397 de
1122 5338 1469 5395 Melchisedec
1498 5334 1719 5403 privavit
1740 5331 1835 5402 (a),

270 5453 395 5492 cum
430 5444 484 5490 et
520 5434 743 5489 dicendo
769 5432 1021 5503 grandem
1062 5431 1205 5484 illum
1237 5442 1355 5483 esse
1382 5436 1536 5494 atque
1577 5424 1839 5489 interpre-

273 5536 389 5582 tatu
414 5524 686 5579 difﬁcilem
711 5526 917 5578 illorum
943 5522 1173 5577 studium
1196 5518 1454 5582 excitarit,
1481 5526 1536 5569 ut
1560 5512 1841 5569 alacriores

337 5676 418 5739 (ο)
449 5682 531 5729 Hic
554 5689 602 5729 et
625 5678 746 5729 infra
770 5678 1075 5730 Colbertinus
1104 5678 1153 5725 in
1177 5675 1335 5725 multis
1357 5672 1535 5723 deﬁcit.

1224 401 1313 455 DE
1354 391 1876 454 PROPHETIARUM
1916 389 2406 450 OBSCURITATE.
2442 394 2481 449 1.

3363 412 3475 467 166

1923 502 2107 557 ﬁerent
2128 505 2191 557 ad
2213 505 2525 557 audiendum
2552 522 2565 559 :
2588 513 2639 559 et
2667 504 2787 558 dum
2818 502 2919 559 illis
2941 518 3172 558 mensam
3199 506 3465 567 instruxit.

1919 607 2100 646 eorum
2128 595 2394 660 cupiditati
2428 595 2578 647 fuerit
2606 596 2944 662 ubsequutus.

1987 705 2041 756 2.
2075 706 2336 771 Scriptura
2362 722 2505 758 sacra
2530 707 2772 773 quomodo
2801 708 3081 758 tractanda.
3108 706 3368 759 Anommos
3387 723 3469 760 re-

1919 795 2137 862 darguit.
2167 796 2414 847 Adversus
2444 797 2696 848 hereticos
2724 798 2784 848 de
2828 808 3013 849 a'terna
3041 795 3222 850 Christi
3260 816 3468 868 genera-

1918 885 2069 936 tione.
2095 884 2354 937 Ceneratio
2374 887 2520 937 etiam
2542 896 2731 939 terrena
2754 886 2936 939 Christi
2960 905 3057 941 non
3079 891 3465 959 intelligitur.—

1918 978 2028 1031 Hoc
2056 992 2150 1030 nos
2178 993 2385 1046 quoque
2410 978 2658 1033 faciamus
2684 996 2695 1030 :
2731 982 2932 1033 tametsi
2963 982 3330 1049 prophetarum
3374 984 3470 1036 im-

1918 1080 2156 1118 mensum
2193 1076 2274 1119 est
2299 1068 2529 1136 pelagus,
2552 1068 2832 1136 multa'qne
2854 1070 3025 1121 insunt
3050 1071 3154 1124 illic
3173 1072 3468 1139 voragines,

1916 1155 2164 1208 audacter
2209 1172 2301 1223 pro
2341 1166 2518 1210 nostra
2546 1158 2677 1210 virili
2706 1167 2852 1224 parte
2893 1174 3034 1211 mare
3078 1160 3466 1228 ingrediamur;

1917 1245 2023 1297 imo
2045 1261 2189 1306 vero,
2215 1263 2316 1299 non
2347 1263 2442 1315 pro
2469 1259 2641 1301 nostra
2666 1249 2799 1301 virili
2834 1261 2998 1315 parte,
3030 1250 3119 1303 sed
3146 1260 3295 1314 prout
3320 1253 3471 1306 nobis

1916 1348 2141 1401 superna
2180 1339 2341 1403 gratia
2381 1352 2686 1391 concessum
2731 1338 2918 1401 fuerit,
2967 1356 3067 1393 non
3121 1341 3305 1395 fiducia
3353 1345 3465 1397 freti

1916 1432 2093 1474 nostra
2115 1464 2127 1484 ,
2160 1424 2249 1476 sed
2297 1425 2638 1492 procuranda:
2665 1426 2901 1479 utilitatis
2926 1438 3112 1481 vestrae
3141 1444 3293 1482 causa
3326 1448 3468 1486 mare

1917 1509 2164 1565 audacter
2191 1513 2561 1580 ingrediamur,
2594 1524 2646 1568 el
2677 1516 2726 1566 in
2756 1514 2853 1567 hoc
2878 1530 3082 1583 quoque
3110 1517 3324 1569 Paulum
3353 1520 3469 1571 imi-

1919 1609 2105 1653 temur.
2137 1602 2283 1667 Quod
2316 1604 2453 1655 enim
2485 1604 2721 1656 oratione
2748 1604 2813 1657 de
2845 1602 3191 1657 Melchisedec
3229 1605 3342 1658 illos
3368 1611 3466 1659 mi-

1915 1691 2055 1745 nime
2082 1694 2319 1760 privarit,
2348 1708 2408 1745 ex
2440 1694 2521 1755 iis,
2555 1709 2669 1759 qua:
2698 1703 3000 1761 sequuntur,
3030 1695 3305 1762 intelliges.
3332 1696 3468 1751 Sanc

1916 1795 2033 1833 cum
2062 1781 2311 1842 dixisset,
2364 1782 2433 1832 De
2469 1797 2564 1845 quo
2603 1783 2807 1850 grandis
2849 1798 3041 1841 sermo,
3074 1794 3118 1834 et
3146 1785 3468 1852 interpretum

1915 1869 2160 1936 difﬁcilis,
2204 1869 2393 1937 adjecit
2422 1888 2431 1921 :
2460 1868 2556 1921 Hic
2584 1872 2711 1921 enim
2741 1869 3068 1922 Melchisech
3086 1912 3103 1932 ι
3131 1888 3219 1924 rea:
3235 1874 3464 1940 justitiw,

1915 1959 2093 2011 deinde
2119 1968 2282 2011 antem
2324 1969 2367 2010 et
2410 1975 2497 2011 rex
2523 1958 2691 2011 Salem
2714 2000 2728 2025 ,
2769 1960 2902 2028 quod
2939 1970 3007 2011 est
3044 1976 3131 2012 rex
3166 1962 3301 2029 pacis
3323 2001 3339 2023 ,
3365 1964 3469 2015 sine

1915 2058 2087 2117 patre,
2134 2050 2239 2100 sine
2264 2059 2447 2111 matre,
2478 2050 2583 2099 sine
2610 2050 2894 2116 genealogia
2913 2088 2927 2111 ,
2967 2065 3120 2115 neque
3144 2049 3335 2101 initium
3358 2051 3467 2102 die-

1915 2155 2048 2202 rum,
2078 2155 2231 2205 neque
2256 2141 2367 2191 vita:
2393 2140 2542 2203 ﬁnem
2572 2139 2753 2189 habens
2776 2153 2795 2189 :
2818 2140 3116 2190 assimilatas
3151 2149 3313 2192 autem
3336 2139 3470 2193 Filio

1916 2220 2012 2273 Dei
2037 2232 2199 2273 manet
2228 2222 2458 2274 sacerdos
2486 2224 2535 2273 in
2566 2233 2851 2289 perpetuum
2879 2226 2894 2290 (
2919 2222 3071 2275 Hebr.
3103 2224 3151 2275 7.
3185 2224 3337 2290 1-5).
3366 2227 3470 2279 An-

1919 2327 2020 2365 non
2042 2320 2241 2365 vestras
2262 2326 2417 2366 aures
2439 2313 2759 2380 perturbavit
2780 2313 2845 2365 de
2868 2314 3077 2367 homine
3094 2314 3249 2367 verba
3275 2315 3469 2367 faciens

1918 2402 2130 2464 Paulus,
2160 2417 2220 2456 ac
2246 2402 2447 2465 dicens,
2480 2403 2603 2456 Sine
2629 2414 2784 2469 patre,
2814 2404 2918 2456 sine
2942 2404 3140 2456 matre?
3169 2404 3299 2469 Quid
3326 2405 3464 2466 dico,

1918 2491 1985 2545 de
2016 2492 2271 2545 homine?
2309 2492 2437 2545 Nam
2464 2492 2508 2544 si
2553 2492 2651 2545 hoc
2677 2491 2742 2544 de
2769 2492 2973 2544 Christo
3002 2493 3155 2546 etiam
3186 2493 3466 2551 diceretur.

1920 2597 2093 2637 nonne
2121 2583 2197 2636 sic
2225 2583 2381 2636 etiam
2421 2582 2636 2635 multam
2667 2583 2932 2650 quam-nili
2974 2584 3300 2636 occasionem
3333 2599 3468 2651 pra:-

1919 2673 2107 2728 beret?
2149 2673 2202 2728 Si
2232 2675 2371 2727 enim
2401 2682 2482 2728 est
2525 2676 2636 2726 sine
2681 2685 2847 2741 patre,
2893 2675 3153 2739 quomodo
3184 2675 3380 2727 Filius?
3424 2676 3468 2728 si

1920 2765 2035 2817 sine
2062 2764 2236 2828 Patre,
2264 2763 2525 2831 quomodo
2548 2764 2890 2832 Unigenitus?
2921 2764 3078 2816 Filius
3106 2766 3241 2817 enim
3270 2774 3470 2834 patrem

1922 2852 2116 2907 habere
2140 2853 2318 2916 debet,
2347 2854 2535 2921 alioqui
2567 2854 2702 2906 filius
2734 2868 2835 2906 non
2865 2854 2981 2907 crit.
3014 2856 3252 2907 Attamen
3280 2866 3333 2910 et
3359 2858 3472 2911 sine

1921 2953 2069 3011 patre
2097 2943 2263 2998 Filius
2290 2944 2377 2998 Dei
2408 2953 2507 3008 est,
2539 2954 2592 2998 et
2619 2945 2732 2997 sine
2762 2955 2953 3000 matre.
2982 2945 3096 3011 Quo
3126 2946 3331 2999 tandem
3361 2964 3473 3000 nio-

1922 3033 2032 3087 do?
2077 3032 2203 3087 Sine
2246 3042 2392 3101 patre
2434 3033 2717 3086 secundum
2764 3042 3022 3087 terrenam
3060 3036 3468 3102 generationem,

1921 3122 2035 3174 sine
2064 3132 2230 3175 matre
2254 3121 2539 3175 secundum
2565 3122 2827 3175 cmlesteni
2861 3140 2874 3174 :
2902 3138 3020 3175 nam
3048 3139 3214 3191 neque
3242 3126 3290 3176 in
3323 3126 3475 3178 teri-is

1924 3213 2101 3267 habuit
2142 3224 2341 3282 patrem
2364 3254 2377 3276 ,
2412 3228 2579 3280 neque
2609 3222 2829 3267 matrem
2869 3215 2919 3266 in
2951 3214 3111 3266 caelis.
3144 3214 3265 3266 Sine
3293 3231 3473 3282 genea-

1923 3303 2076 3371 Iogia.
2109 3302 2366 3363 Audiam,
2399 3306 2485 3369 qui
2531 3302 2645 3367 ejus
2686 3303 2964 3354 essentiam
2993 3303 3198 3355 coriose
3236 3313 3475 3356 scrutan-

1926 3401 2048 3443 tur:
2080 3391 2286 3443 tametsi
2332 3390 2653 3442 arbitrantur
2698 3389 2945 3458 quidam,
2991 3389 3128 3457 quod
3170 3390 3250 3442 hic
3291 3391 3479 3444 dicitur

1928 3480 2050 3535 Sine
2071 3480 2384 3550 genealogia,
2410 3481 2475 3533 ad
2503 3480 2763 3533 caelestem
2782 3481 3167 3548 generationem
3195 3480 3475 3548 pertinere.

1925 3571 2052 3624 Nam
2095 3571 2327 3624 haeretici
2369 3586 2434 3623 ne
2482 3571 2581 3622 hoc
2623 3571 2833 3639 quidem
2864 3572 3045 3622 volunt
3074 3588 3085 3620 :
3118 3573 3306 3623 etenim
3334 3571 3478 3621 illam

1927 3677 2133 3730 quoque
2154 3662 2362 3714 curiose
2383 3669 2681 3713 scrutantur
2704 3669 2755 3712 ct
2777 3661 3041 3726 inquirunt
3064 3677 3076 3710 :
3101 3662 3184 3727 qui
3210 3675 3331 3711 vero
3358 3668 3480 3713 sunt

1928 3752 2062 3803 inter
2104 3750 2220 3802 illos
2265 3748 2632 3812 modestiores,
2676 3748 2747 3801 illi
2786 3749 3105 3817 generationi
3156 3750 3252 3801 hoc
3289 3764 3477 3801 conce-

1927 3842 2060 3893 dunt
2087 3858 2100 3892 :
2131 3839 2197 3893 de
2228 3847 2438 3893 terrena
2470 3854 2571 3892 non
2601 3839 2725 3893 item
2766 3839 2960 3892 dictum
3002 3840 3298 3893 existimant
3334 3842 3479 3907 illud,

1931 3931 2055 3985 Sine
2081 3930 2389 3999 geneaIOgia.
2440 3928 2791 3983 Ostendamus
2836 3930 2993 3997 igitur
3036 3930 3133 3982 hoc
3174 3929 3238 3982 de
3269 3940 3483 3998 utraque

1933 4019 2148 4073 Paulum
2188 4019 2532 4088 generatione
2569 4019 2760 4071 dixisse
2781 4058 2796 4083 ,
2828 4019 2894 4073 de
2932 4020 3124 4073 ca-lesti
3156 4020 3308 4072 simul
3338 4032 3389 4073 et
3416 4021 3483 4075 de

1933 4121 2137 4164 terrena
2170 4127 2183 4163 :
2218 4126 2335 4163 nam
2368 4120 2419 4162 et
2446 4110 2527 4161 illa
2557 4108 2829 4162 tremenda
2859 4118 2968 4173 est,
3012 4119 3065 4162 et
3108 4108 3220 4161 bare
3264 4110 3481 4179 mystica

1932 4204 2177 4255 maxime.
2203 4201 2484 4268 Propterea
2506 4198 2712 4252 dicebat
2732 4198 2888 4251 etiam
2913 4199 3087 4262 Isaias,
3112 4196 3483 4252 Generationem

1932 4293 2041 4359 ejus
2062 4292 2170 4359 quis
2196 4288 2442 4342 enarrabit
2471 4286 2617 4358 tlsai.
2642 4287 2727 4342 55.
2751 4287 2815 4357 8)
2836 4288 2859 4339 ‘i
2883 4287 3037 4355 Atqui
3061 4286 3126 4341 de
3152 4288 3240 4340 illa
3264 4290 3480 4349 caeli-sti.

1936 4382 2137 4450 inquit,
2186 4379 2286 4433 hoc
2325 4378 2474 4433 dixit.
2522 4378 2656 4443 Quid
2706 4391 2831 4443 eigo
2877 4376 3037 4428 Paulo
3084 4375 3351 4437 dicemus,
3395 4378 3481 4445 qui

1937 4481 2210 4536 utramque
2252 4468 2639 4537 generationem
2687 4466 3149 4527 commemoravit,
3192 4480 3253 4519 ac
3298 4465 3489 4519 deinde

1937 4561 2083 4623 illud,
2111 4560 2231 4612 Sine
2256 4558 2563 4627 genealogia,
2592 4553 2898 4621 subjunxit?
2928 4553 3058 4607 Cum
3089 4555 3227 4607 enim
3258 4566 3377 4608 ante
3402 4556 3486 4608 di-

1937 4651 2130 4714 xisset,
2161 4649 2283 4702 Sine
2322 4656 2494 4715 patre,
2541 4645 2647 4697 sine
2685 4652 2875 4708 matre,
2917 4652 3033 4710 post
3068 4642 3302 4711 adjunin
3326 4687 3339 4706 ,
3371 4644 3493 4698 Sim

1938 4739 2226 4809 genealogia
2245 4776 2260 4802 ,
2291 4745 2349 4790 ut
2378 4750 2482 4788 non
2513 4732 2670 4786 modo
2696 4730 2982 4785 secundum
3018 4731 3156 4783 illam
3195 4736 3491 4799 generatio-

1938 4845 2081 4893 nem,
2123 4826 2408 4881 secundum
2437 4837 2593 4892 quam
2622 4831 2701 4875 est
2728 4822 2840 4873 sine
2870 4829 3039 4873 matre
3062 4862 3075 4883 ,
3105 4822 3194 4872 sed
3222 4822 3375 4872 etiam
3405 4838 3492 4875 sc-

1940 4917 2167 4972 cundum
2192 4917 2345 4975 hanc,
2369 4911 2658 4966 secundum
2682 4923 2836 4976 quam
2867 4918 2979 4961 erat
3007 4908 3118 4961 sine
3144 4916 3309 4975 patre,
3335 4919 3493 4964 terre-

1940 5022 2060 5061 nam
2086 5007 2224 5071 dico,
2255 5006 2368 5058 sine
2396 5001 2698 5072 genealogia
2729 5000 2894 5066 ipsum
2923 5013 3037 5052 esse
3064 4999 3264 5051 credas.
3300 4999 3495 5052 Idcirco

1941 5107 2157 5166 utraque
2182 5096 2352 5165 posita
2398 5094 2559 5156 dixit,
2594 5092 2713 5145 Sine
2740 5088 3027 5158 genealogia
3052 5128 3066 5154 ,
3096 5103 3214 5141 nam
3246 5088 3359 5143 hanc
3387 5096 3495 5142 ter-

1944 5204 2072 5244 rena
2101 5185 2475 5255 comprehendi
2506 5199 2606 5236 non
2639 5190 2848 5251 potest,
2884 5189 2938 5232 ut
2968 5180 3019 5231 in
3064 5179 3208 5232 illam
3236 5194 3301 5233 ne
3327 5180 3495 5246 regni-

1945 5296 2067 5335 cere
2091 5279 2303 5347 quidem
2330 5277 2634 5329 audeamus.
2666 5273 2793 5325 Nam
2825 5272 2868 5324 si
2898 5268 3073 5336 templi
3097 5269 3347 5323 vestibula
3376 5281 3499 5323 sunt

1946 5370 2078 5423 adeo
2108 5365 2359 5422 terribilia
2390 5374 2443 5419 et
2482 5366 2781 5423 inaccessa,
2812 5375 2916 5428 quo
2943 5365 3092 5428 pacto
3126 5359 3175 5410 in
3206 5358 3315 5425 ipsa
3345 5359 3498 5429 adyta

1947 5466 2221 5529 penetrare
2272 5456 2389 5525 quis
2447 5451 2708 5507 audebit?
2754 5450 2999 5506 Genitum
3048 5448 3185 5503 enim
3232 5463 3293 5501 ex
3346 5447 3501 5502 Patre

1948 5550 2110 5604 fuisse
2155 5550 2261 5603 scio
2304 5565 2319 5600 :
2360 5558 2463 5616 quo
2509 5550 2695 5613 pacto,
2745 5541 2946 5595 nescio.
2996 5539 3075 5593 Ex
3112 5537 3309 5608 virgine
3355 5537 3500 5591 illum

1952 5645 2114 5703 fuisse
2152 5651 2327 5698 natum
2359 5638 2511 5701 novi;
2558 5632 2772 5687 modum
2814 5640 2985 5685 autem
3055 5643 3123 5684 ne
3165 5626 3251 5683 hic
3290 5626 3501 5694 quidem
