4064 6214
632 402 741 458 167

610 513 879 566 assequar.
914 497 1040 552 Nam
1073 498 1342 568 utriusque
1369 507 1568 552 natura:
1612 497 2008 566 generationem
2039 507 2165 547 eon-

613 588 820 641 ﬁtemur
839 628 852 650 ,
881 598 934 641 et
960 588 1229 658 utriusque
1256 587 1468 640 modum
1503 598 1754 641 tacemus.
1798 586 1861 638 Et
1887 585 2023 637 sicut
2051 598 2168 636 cum

609 678 674 732 de
707 679 904 748 virgine
933 680 1122 748 agitur,
1152 679 1248 732 etsi
1275 678 1452 733 nescio
1481 693 1586 747 quo
1613 687 1763 746 pacto
1787 677 1854 729 sit
1880 691 1943 728 ex
1971 675 2170 742 virgine

607 779 916 837 generatus,
963 777 1137 822 tamen
1179 783 1297 821 eum
1339 776 1644 836 generatum
1691 766 1849 818 fuisse
1893 762 2166 826 conﬁteor,

609 873 705 912 nec
748 873 855 911 rem
900 857 1025 911 tollo
1056 866 1269 926 prepter
1308 857 1654 926 ignorantiam
1689 853 1826 907 modi
1857 869 1869 904 :
1904 854 1969 906 ita
2003 850 2083 902 fac
2116 860 2168 903 tu

607 962 836 1016 quoque,
865 961 983 1000 cum
1010 948 1075 1000 de
1105 947 1258 1001 Patre
1283 949 1452 1016 agitur
1482 965 1494 999 :
1528 947 1648 1000 licet
1675 944 1877 996 nescias
1905 941 2167 1010 quomodo

610 1037 772 1091 Filius
818 1037 884 1089 sit
920 1037 1161 1106 genitus,
1209 1053 1328 1090 eum
1371 1036 1531 1089 fuisse
1569 1034 1800 1104 genitum
1847 1031 2097 1086 conﬁtere
2126 1031 2162 1082 ⁸.

606 1127 754 1191 Quod
782 1128 823 1179 si
851 1128 1045 1180 dixerit
1072 1127 1162 1180 tibi
1195 1126 1472 1179 hmreticus
1494 1167 1506 1189 ,
1536 1122 1811 1188 Quomodo
1848 1122 2055 1190 genitus
2088 1128 2169 1172 est

605 1231 666 1269 cx
697 1217 847 1269 l‘atrc
888 1217 1092 1269 Filius?
1138 1225 1366 1267 mentem
1412 1213 1528 1280 ejus
1573 1214 1624 1266 in
1673 1222 1863 1266 terrain
1910 1210 2162 1277 deprime,

603 1315 760 1374 atque
788 1307 858 1358 illi
883 1307 1042 1360 dicito
1071 1325 1084 1360 :
1116 1303 1384 1358 Descende
1414 1303 1480 1357 de
1505 1304 1670 1366 caelis,
1702 1318 1763 1356 ac
1793 1303 1917 1355 mihi
1947 1301 2166 1354 demon-

600 1406 709 1447 stra
730 1437 744 1460 ,
772 1394 1035 1464 quomodo
1065 1409 1130 1448 ex
1155 1394 1358 1463 virgine
1397 1394 1465 1447 sit
1503 1402 1681 1458 natus,
1715 1400 1927 1457 tumque
1965 1389 2051 1442 illa
2080 1403 2164 1441 me

601 1499 744 1553 roga.
771 1483 960 1538 Retine
989 1484 1156 1546 illum,
1188 1491 1244 1538 et
1269 1483 1542 1538 obsessum
1573 1497 1722 1550 urge,
1752 1493 1924 1548 neque
1960 1478 2164 1532 resilire

600 1574 759 1628 sinito
788 1583 877 1626 aut
918 1574 968 1627 in
1001 1572 1356 1644 labyrinthum
1388 1571 1844 1624 ratiocinationum
1888 1583 1946 1621 se
1991 1566 2162 1634 prori-

603 1677 729 1729 pere
756 1679 768 1714 :
795 1677 976 1716 verum
1003 1663 1192 1725 retine,
1209 1674 1262 1718 et
1281 1663 1568 1731 strangula,
1592 1673 1695 1713 non
1720 1672 1898 1722 manu,
1926 1657 2016 1710 sed
2043 1669 2163 1709 ora-

601 1753 774 1818 tione;
807 1769 874 1806 ne
901 1751 1265 1804 distinctiones
1309 1751 1380 1804 illi
1411 1761 1461 1803 et
1500 1749 1687 1817 elTugia
1725 1747 2017 1809 concedas,
2045 1760 2162 1813 qua:

598 1841 763 1910 cupit.
793 1841 925 1895 llinc
953 1842 1010 1894 ﬁt
1034 1849 1088 1893 ut
1113 1856 1205 1894 eos
1229 1840 1534 1909 perturbent
1564 1850 1617 1894 et
1635 1844 2019 1900 commoveant,
2048 1834 2162 1902 qui-

600 1934 818 1986 buscum
848 1931 1136 2001 disputant,
1168 1930 1304 1998 quod
1337 1944 1431 1983 nos
1457 1930 1561 1983 illis
1589 1930 1959 1997 obscquamur,
1991 1938 2161 1993 neque

597 2038 691 2077 eos
712 2023 777 2076 ad
806 2037 1074 2077 sacrarum
1097 2021 1488 2090 Scripturarum
1514 2020 1657 2087 leges
1682 2017 1971 2085 adigamus.
1998 2014 2163 2069 Undi-

594 2128 698 2182 que
743 2113 899 2182 igitur
946 2112 1020 2165 illi
1065 2125 1275 2164 murum
1317 2125 1381 2163 ex
1423 2108 1736 2162 testimoniis
1769 2106 2158 2174 Scripturarum

595 2216 836 2270 oppone,
867 2215 928 2254 ac
965 2215 1030 2254 ne
1063 2200 1262 2254 hiscere
1291 2197 1504 2268 quidem
1539 2197 1747 2265 poterit.
1782 2196 1872 2248 Dic
1903 2194 2012 2259 illi,
2044 2192 2158 2258 Quo

596 2304 750 2360 pacto
792 2308 856 2345 ex
903 2293 1102 2361 virgine
1146 2302 1298 2344 natus
1336 2291 1458 2342 est?
1507 2305 1612 2342 non
1657 2289 1942 2352 absistam,
1988 2298 2158 2353 neque

596 2381 860 2435 recedam.
907 2382 1061 2449 Atqui
1109 2381 1321 2434 modum
1364 2378 1509 2432 effari
1550 2394 1652 2432 non
1697 2378 1910 2448 poterit,
1953 2373 2157 2427 tametsi

596 2471 740 2524 omni
778 2486 876 2539 ope
902 2481 1198 2539 cnnatuque
1225 2470 1525 2524 contendat.
1554 2469 1684 2521 Cum
1713 2467 1851 2520 enim
1884 2466 2020 2518 Deus
2062 2479 2157 2517 oc-

593 2559 831 2623 cluserit,
858 2559 1099 2627 quisjam
1127 2558 1423 2612 reserabit?
1450 2557 1574 2610 Sola
1599 2555 1701 2608 title
1725 2553 1916 2622 percipi
1940 2560 2160 2621 possunt

595 2650 740 2702 talia.
770 2647 920 2714 Quod
945 2648 988 2701 si
1019 2662 1124 2700 non
1152 2647 1478 2714 acquiescas,
1502 2644 1593 2698 sed
1622 2645 1851 2696 rationes
1876 2641 2156 2711 disquiras,

594 2739 779 2791 iisdem
822 2745 872 2791 te
900 2737 1100 2800 verbis,
1143 2737 1332 2804 quibus
1366 2733 1705 2789 Nicodemum
1733 2731 1992 2796 Christus,
2025 2729 2156 2781 affa-

594 2829 691 2881 bor
715 2846 726 2879 :
762 2827 821 2882 Si
849 2839 1042 2880 terrena
1069 2827 1174 2881 dixi
1205 2827 1337 2880 vobis
1355 2866 1371 2892 ,
1399 2836 1445 2879 et
1475 2843 1573 2878 non
1599 2825 1816 2887 creditis,
1843 2824 2088 2892 quomodo
2113 2821 2159 2875 si

595 2917 768 2969 dixero
796 2917 929 2969 vobis
959 2917 1200 2979 caelestia,
1227 2917 1435 2970 credetis
1464 2916 1636 2983 (Joan.
1669 2917 1718 2969 5.
1752 2913 1889 2982 19.)?
1919 2914 1990 2966 De
2015 2913 2152 2965 nati-

593 3006 754 3058 vitate
781 3005 887 3057 dixi
916 3019 981 3057 ex
1006 3005 1228 3072 virgine,
1255 3019 1423 3073 neque
1454 3004 1613 3068 nosti,
1636 3019 1801 3070 neque
1828 3004 2031 3056 hiscere
2058 3017 2154 3053 au-

591 3096 722 3159 des,
767 3103 819 3148 et
858 3095 1044 3148 cmlum
1073 3095 1280 3148 curiose
1325 3093 1619 3146 scrutaris?
1660 3094 1833 3160 Atque
1879 3092 2074 3143 utinam
2103 3091 2153 3142 in

591 3184 779 3236 cmlum
803 3224 818 3247 ,
845 3193 898 3237 et
925 3199 1029 3236 non
1060 3187 1110 3236 in
1151 3185 1424 3237 Dominum
1452 3183 1566 3237 cmli
1607 3185 1812 3237 curiose
1844 3181 2152 3250 iuquireres.

595 3275 655 3328 Si
683 3284 875 3326 terrena
903 3274 1009 3326 dixi
1051 3273 1217 3338 vobis,
1255 3283 1300 3326 et
1337 3290 1437 3326 non
1467 3272 1687 3326 creditis.
1735 3271 1849 3325 Non
1881 3270 2049 3335 dixit,
2095 3270 2158 3323 Et

594 3377 696 3414 non
729 3360 1117 3430 persuademini
1141 3403 1155 3426 ,
1192 3361 1285 3416 sed
1305 3401 1320 3425 ,
1355 3361 1472 3414 Non
1498 3362 1696 3414 creditis
1716 3401 1730 3423 ,
1758 3377 1861 3429 quo
1890 3361 2052 3414 verbo
2081 3359 2155 3412 si-

591 3450 803 3517 gniﬁcat
833 3460 1039 3503 terrena
1069 3451 1226 3504 etiam
1264 3452 1366 3504 fide
1403 3451 1652 3521 indigere.
1697 3450 1844 3515 Quod
1876 3450 1917 3502 si
1948 3461 2155 3502 terrena

595 3539 960 3608 ﬁde‘indigent
982 3579 996 3603 ,
1029 3541 1195 3592 multo
1222 3541 1386 3608 magis
1411 3539 1658 3593 caelestia.
1687 3539 2011 3605 Quamquam
2045 3545 2154 3589 tutu

592 3629 880 3684 Nicodemo
906 3629 972 3682 de
1001 3639 1151 3697 partu
1180 3630 1345 3683 multo
1387 3629 1578 3684 minori
1609 3627 1916 3696 loquebatur
1949 3644 1961 3678 :
1990 3627 2154 3694 siqui-

595 3721 715 3775 dem
743 3721 809 3776 de
837 3721 1098 3789 baptismo
1123 3735 1299 3776 sermo
1327 3729 1460 3786 erat,
1487 3730 1540 3775 et
1564 3720 1632 3774 de
1658 3719 1914 3788 spirituali
1941 3733 2159 3786 regene-

595 3814 801 3866 ratione
831 3829 842 3863 :
872 3813 965 3867 sed
994 3813 1104 3866 haec
1131 3828 1338 3882 quoque
1369 3813 1468 3866 lide
1495 3810 1991 3881 comprehendenda
2017 3809 2158 3862 dice-

594 3903 701 3956 bat.
742 3903 1005 3957 Caeterum
1038 3913 1242 3957 terrena
1275 3905 1362 3957 illa
1390 3904 1610 3967 vocavit,
1642 3917 1744 3956 non
1775 3901 1914 3970 quod
1950 3910 2154 3953 terrena

596 3993 721 4055 sint,
754 3991 845 4045 sed
884 3993 1020 4061 quod
1052 3993 1387 4060 perficiantur
1425 3994 1476 4046 in
1506 4003 1660 4055 terra,
1691 4001 1742 4045 ct
1766 3992 1904 4059 quod
1935 3992 1977 4044 si
2009 4006 2154 4042 00111-

599 4091 850 4150 parentur
873 4098 991 4135 cum
1018 4098 1241 4150 superna
1266 4083 1351 4136 illa
1378 4093 1429 4136 et
1456 4082 1700 4136 ineffabili
1725 4083 2011 4139 nativitate,
2041 4095 2157 4148 quae

597 4183 824 4227 tuentem
852 4187 1060 4226 omnem
1092 4183 1390 4242 eXSUperat,
1422 4173 1534 4226 haec
1567 4185 1772 4227 terrena
1798 4173 1920 4224 sint.
1947 4171 1998 4225 Si
2031 4185 2157 4238 ergo

601 4264 712 4316 ﬁeri
751 4277 853 4315 non
898 4271 1109 4330 potest,
1160 4273 1215 4317 ut
1258 4264 1418 4318 sciam
1463 4279 1566 4332 quo
1613 4272 1764 4331 pacto
1805 4277 2049 4316 renascor
2091 4277 2156 4315 ex

594 4353 767 4420 aquis,
798 4349 891 4404 sed
919 4351 1019 4403 ﬁde
1045 4351 1154 4405 sola
1193 4367 1279 4406 res
1319 4353 1404 4405 illa
1433 4352 1681 4421 capienda
1710 4361 1807 4413 est,
1842 4367 2010 4419 neque
2040 4365 2155 4402 mo-

595 4441 694 4493 dus
729 4440 937 4493 curiose
976 4445 1284 4494 scrutandus
1315 4460 1326 4493 :
1355 4452 1562 4510 quantm
1605 4442 1761 4494 fuerit
1800 4441 1898 4494 hoc
1939 4441 2155 4493 insanin:

599 4532 663 4582 ad
694 4531 1106 4599 investigandam
1135 4531 1396 4586 caelestem
1440 4533 1687 4599 unigeniti
1720 4532 1832 4584 Filii
1863 4532 2158 4598 generatio-

599 4637 717 4673 nem
745 4621 1088 4688 cogitationes
1113 4619 1368 4674 humanas
1404 4621 1682 4674 admittere
1701 4661 1714 4684 ,
1761 4635 1820 4672 ac
1849 4619 1988 4672 modi
2009 4661 2024 4683 ,
2054 4636 2156 4688 quo

596 4709 729 4763 facta
759 4711 854 4772 sit,
884 4712 1138 4762 rationem
1169 4712 1418 4780 exigere?

665 4799 717 4850 5.
770 4798 916 4850 Vetus
946 4797 1312 4851 Testamentum
1331 4799 1611 4852 obscurum.
1641 4798 1741 4851 Cur
1769 4797 1990 4851 obscura
2014 4808 2158 4852 erant

597 4886 1112 4954 proﬁtente—Satis
1142 4889 1295 4956 igitur
1321 4889 1736 4942 demonstratum
1763 4898 1844 4940 est
1868 4904 1972 4956 quo
2003 4895 2157 4955 pacto

593 4977 706 5026 sine
731 4984 878 5043 putre
899 4991 960 5028 ac
986 4977 1100 5028 sine
1127 4987 1291 5030 matre
1330 4978 1397 5031 sit
1441 4979 1739 5045 unigenitus
1769 4977 1858 5030 Dei
1889 4975 2074 5036 Filius,
2105 4985 2157 5030 et

592 5079 696 5129 quo
739 5078 888 5131 paeto
935 5065 1049 5117 sine
1093 5066 1395 5133 genealogia
1441 5065 1730 5119 secundum
1769 5075 2042 5131 utramque
2066 5079 2157 5132 ge-

593 5155 918 5208 nerationem
951 5171 964 5206 :
998 5155 1261 5224 reliquum
1301 5164 1380 5209 est
1410 5166 1464 5207 ut
1511 5155 1575 5207 ad
1618 5154 1667 5206 id
1706 5157 1844 5222 quod
1888 5154 2050 5205 instat.
2074 5167 2157 5205 re-

589 5240 829 5311 deamus,
879 5254 1154 5314 postquam
1204 5259 1502 5299 sermonem
1546 5243 1612 5297 de
1665 5241 2018 5296 Melchisedcc
2101 5243 2154 5295 in

653 5395 670 5424 ί
710 5395 958 5462 λιθιὶειενηὶ
984 5395 1136 5462 fallor,
1163 5397 1431 5462 legeretur,
1455 5395 1833 5462 assentientibus
1857 5396 1999 5461 etiam
2030 5396 2155 5441 Savi-

593 5451 657 5501 lio
681 5463 731 5503 et
755 5458 958 5515 tlalesio,
994 5451 1317 5506 licetfneshus
1383 5456 1580 5504 nonme
1616 5455 1771 5516 ﬁlium
1791 5454 2020 5517 genuerit,
2045 5467 2153 5503 eum

593 5516 802 5563 centusse
820 5517 1057 5563 con/itere.
1084 5526 1192 5563 Nam
1230 5519 1305 5563 hic
1346 5469 1407 5563 3e
1434 5524 1568 5563 Patre
1604 5517 1778 5563 agitur.
1803 5524 1855 5562 ut
1876 5513 2016 5563 paulo
2040 5523 2152 5563 ante

587 5516 804 5583 genti-isse
820 5513 1057 5578 con/itere.
1084 5519 1305 5583 Namhic
1346 5513 1407 5564 de
1434 5524 1568 5583 Patre
1604 5513 1855 5583 agitur-fut.
1876 5513 2018 5583 paulo
2040 5523 2152 5563 ante

591 5576 649 5620 tle
675 5575 873 5636 Virgine
898 5575 1065 5625 matre.
1093 5581 1248 5626 Lectio
1271 5587 1430 5624 tamen
1469 5575 1618 5624 altera
1647 5577 1758 5621 Ierri
1786 5588 1924 5634 posse
1943 5575 2150 5636 videtur,

589 5641 639 5680 et
663 5633 869 5696 alioquin
888 5642 1097 5685 omnium
1123 5638 1471 5707 exemplarium
1509 5633 1795 5707 auctoritate
1819 5636 2065 5707 asseritur,
2093 5635 2149 5681 il-

587 5705 774 5754 ιλῐιιῐιυο
801 5701 968 5758 probat
990 5706 1193 5747 Joannes
1213 5695 1388 5745 ttoisius
1415 5699 1458 5748 in
1482 5699 1606 5744 nOtis
1635 5695 1875 5743 sat'ilianis
1895 5709 1939 5753 ιθ.
1966 5695 2071 5740 857,

1295 381 1350 438 S.
1389 380 1662 438 JOANNIS
1698 377 2166 435 CIIRYSOSTOMI
2206 377 2514 434 ARClIIEP.
2556 380 3080 440 CONS'I‘ANTINOP.

2283 416 2476 434 ιυ-ιιυι
2502 420 2514 432 .
2557 416 3080 440 υυηυιηυιιυυῐο

2283 493 2506 548 alterum
2535 494 2674 549 diem
2705 496 3004 565 rejecimus,
3032 513 3094 552 ac
3123 499 3424 570 prophetica
3461 503 3734 574 mnigmata
3757 521 3850 558 au-

2280 581 2438 634 dituri
2483 592 2716 636 nostram
2749 587 3089 640 attentionem
3121 589 3428 644 excitemus.
3469 589 3680 647 Similes
3703 596 3844 648 enim

2279 679 2404 724 sunt
2449 673 2812 742 zenigmatibus
2869 691 3143 731 sermones
3197 679 3513 747 prophetici,
3563 682 3846 751 multisque

2276 758 2672 816 difﬁcultatibus
2695 763 2971 830 obseptum
3001 776 3082 819 est
3109 765 3269 820 Vetus
3292 766 3685 823 Testamentum
3706 809 3721 830 .
3752 786 3844 826 ne-

2275 865 2377 919 que
2413 850 2589 906 faciles
2642 853 2914 909 intellectu
2944 866 3062 909 sunt
3094 857 3212 910 libri
3239 875 3254 910 :
3283 857 3480 912 Novum
3509 871 3682 914 autem
3707 861 3842 917 dilu-

2275 941 2445 994 cidius
2489 953 2571 996 est
2614 952 2666 996 et
2707 943 2928 998 facilius.
2987 945 3216 1013 Ecquam
3248 948 3458 1003 tandem
3501 949 3569 1004 ob
3599 964 3838 1015 causam,

2273 1030 2413 1084 dicet
2437 1031 2643 1100 aliquis,
2682 1035 2792 1088 ha-c
2821 1035 2889 1088 ita
2920 1046 3041 1090 sunt
3084 1040 3388 1106 constituta,
3429 1040 3552 1094 licet
3591 1040 3658 1095 de
3682 1042 3843 1097 rebus

2273 1122 2488 1188 majoris
2516 1126 2766 1176 metuenti
2795 1134 2978 1192 agatur
3007 1127 3056 1179 in
3085 1127 3251 1190 Novo,
3284 1129 3349 1181 de
3374 1145 3534 1199 regno
3562 1133 3836 1198 caelorum,

2271 1211 2338 1265 de
2361 1214 2745 1267 resurrectione
2771 1231 3072 1284 corporum,
3091 1229 3143 1271 et
3168 1220 3515 1275 ineli'abilibus
3538 1223 3638 1276 illis
3660 1225 3834 1286 bonis,

2271 1317 2386 1368 qum
2417 1291 2468 1354 et
2486 1301 2765 1356 humanam
2809 1315 3036 1360 mentem
3061 1308 3323 1361 excedunt
3352 1309 3373 1361 ?
3399 1309 3535 1375 Quid
3578 1311 3736 1378 igitur
3782 1313 3835 1366 in

2270 1404 2447 1454 causa,
2476 1403 2528 1443 ut
2552 1393 2788 1445 obscura:
2817 1395 2921 1446 sint
2949 1397 3234 1463 prOphetiu:
3257 1397 3277 1450 ?
3305 1397 3462 1451 Multa
3488 1398 3685 1452 Judaeis
3714 1401 3834 1454 ista:

2271 1480 2404 1531 mala
2434 1481 2739 1548 prmdicunt,
2767 1497 2828 1536 ac
2856 1481 2969 1537 fore
2996 1495 3053 1536 ut
3077 1487 3354 1553 ejiciantur
3379 1489 3468 1551 illi,
3495 1505 3590 1542 nos
3608 1490 3832 1556 recipia-

2270 1580 2408 1630 mur,
2448 1577 2504 1621 ut
2523 1567 2775 1636 templum
2793 1576 3080 1632 evertatur,
3100 1582 3197 1621 nec
3212 1569 3439 1636 amplius
3453 1571 3733 1633 excitetur.
3778 1583 3833 1629 ut

2268 1654 2550 1708 concidant
2590 1655 2952 1726 Jerosolyma,
2979 1667 3033 1711 et
3053 1658 3299 1713 omnibus
3334 1661 3440 1712 sint
3467 1661 3646 1728 pervia
3679 1680 3692 1714 :
3721 1672 3830 1716 tum

2269 1759 2395 1798 vero
2419 1745 2588 1798 Judmi
2618 1747 2899 1801 errabundi
2925 1787 2938 1810 ,
2987 1763 3082 1816 per
3110 1750 3407 1803 universum
3451 1751 3632 1805 orbem
3664 1761 3831 1804 terra-

2270 1851 2385 1888 rum
2415 1835 2804 1905 dispergantur,
2854 1854 2918 1894 ac
2963 1841 3179 1894 civitate
3227 1841 3485 1905 destituti,
3531 1858 3600 1896 ne
3624 1853 3832 1897 veteres

2267 1928 2478 1994 quidem
2505 1928 2639 1982 ritus
2665 1929 2946 1996 retineant,
2990 1932 3086 1986 sed
3117 1947 3302 1986 omnes
3347 1933 3449 1986 illis
3479 1948 3563 1988 res
3594 1932 3830 2003 ipsorum

2269 2017 2475 2085 priores
2516 2018 2841 2082 auferantur,
2897 2022 3210 2090 prophetiae,
3251 2025 3527 2089 sacriﬁcia,
3585 2026 3832 2077 sacerdo-

2266 2106 2416 2171 tium,
2445 2115 2498 2160 et
2525 2123 2765 2176 regnum.
2797 2107 2975 2177 Neque
3004 2125 3129 2164 vero
3148 2120 3346 2164 tantum
3378 2113 3494 2178 ista,
3527 2113 3618 2166 sed
3649 2123 3701 2166 et
3729 2116 3829 2167 alia

2264 2193 2428 2246 multa
2456 2195 2714 2263 ejusmodi
2744 2196 3095 2264 prtedicebant
3115 2199 3406 2267 pr0phetze,
3435 2199 3558 2256 dum
3582 2201 3828 2254 innume-

2263 2297 2348 2336 ras
2378 2285 2488 2338 suis
2532 2286 2678 2338 libris
2725 2286 3005 2355 tragoedias
3053 2289 3429 2344 immiscerent.
3483 2290 3557 2343 Ne
3586 2292 3744 2359 igitur
3763 2293 3830 2346 ab

2263 2373 2410 2427 initio
2440 2373 2608 2428 Judaei
2633 2375 2914 2429 manifeste
2943 2376 3059 2431 hate
3081 2378 3376 2442 audientes,
3423 2393 3515 2432 eos
3566 2380 3831 2433 interfice-

2263 2470 2381 2514 rent
2404 2465 2492 2530 qui
2538 2463 2651 2516 hmo
2695 2464 2962 2528 dicebant,
3015 2466 3464 2534 interpretationis
3516 2466 3828 2522 difﬁcultate

2266 2552 2635 2617 praedictiones
2665 2555 3016 2616 occultarunt.
3043 2570 3106 2608 ac
3131 2557 3292 2609 multa
3320 2557 3644 2611 obscuritate
3667 2559 3829 2616 rebus.

2262 2637 2450 2703 offusa,
2482 2653 2575 2706 per
2596 2653 2778 2693 eorum
2807 2657 2920 2709 qua:
2953 2642 3268 2697 dicebantur
3289 2645 3668 2699 obscuritatem
3699 2663 3814 2715 pro.

2264 2727 2540 2796 phetarum
2591 2731 2940 2786 incolumitati
2993 2735 3389 2788 consuluerunt.
3422 2736 3573 2791 Unde
3604 2754 3730 2791 vero
3775 2739 3825 2792 id

2261 2819 2511 2870 constat?
2538 2819 2791 2874 Rationes
2820 2823 2959 2875 enim
2985 2837 3016 2875 a
3042 2823 3195 2876 nobis
3221 2824 3500 2878 reddenda:
3523 2837 3664 2891 sunt,
3694 2838 3826 2882 tam-

2260 2907 2359 2959 etsi
2391 2909 2524 2960 inter
2550 2911 2750 2963 amicos
2775 2911 2935 2964 verba
2967 2911 3187 2966 facimus
3220 2915 3513 2982 :siquidem
3544 2918 3691 2970 multi
3715 2919 3823 2970 for-

2263 2997 2415 3050 tassis
2451 2998 2640 3051 adsunt
2712 3016 2814 3052 non
2856 3001 3029 3054 amici.
3087 3003 3298 3056 Discant
3338 3005 3498 3072 igitur
3527 3006 3640 3059 htec
3665 3009 3825 3061 etiam

2262 3083 2356 3146 illi,
2387 3094 2439 3136 ut
2468 3095 2519 3137 et
2547 3087 2702 3139 amici
2745 3087 2842 3155 ipsi
2893 3089 3040 3142 fiant.
3068 3090 3204 3153 Dixi,
3225 3093 3268 3144 si
3303 3091 3469 3146 Judmi
3497 3095 3828 3149 audivissent

2262 3171 2418 3236 mala,
2471 3189 2588 3241 qua:
2643 3177 3090 3243 eomprehensura
3134 3179 3253 3233 illos
3283 3189 3462 3243 erant,
3495 3196 3556 3235 ac
3601 3182 3732 3246 fore,
3771 3195 3828 3238 ut

2263 3270 2476 3328 propter
2495 3260 2762 3317 Christum
2789 3266 3167 3321 exscindantur
3189 3268 3520 3341 Jcrosolyma
3552 3273 3603 3325 in
3636 3288 3825 3341 perpe-

2263 3358 2430 3416 tuum,
2483 3368 2580 3406 nec
2622 3369 2868 3423 umquam
2920 3357 3148 3425 amplius
3193 3359 3568 3428 instaurentur,
3625 3363 3740 3418 haec
3781 3365 3824 3420 si

2261 3440 2538 3508 perspicue
2567 3457 2594 3493 a
2618 3444 2890 3510 prophetis
2919 3447 3262 3511 audivissent,
3281 3450 3559 3504 confestim
3588 3466 3703 3517 eos,
3735 3455 3825 3522 qui

2263 3529 2374 3582 haec
2395 3530 2762 3598 loquebantur,
2795 3535 3134 3590 occidissent.
3166 3537 3314 3592 Unde
3344 3539 3501 3608 igitur
3531 3540 3583 3593 id
3613 3541 3825 3610 liquet?

2262 3619 2493 3672 Primum
2523 3622 2732 3689 quidem
2777 3639 2840 3676 ex
2890 3626 3122 3693 ipsorum
3159 3629 3392 3682 moribus
3422 3647 3434 3682 :
3464 3629 3649 3684 furiosi
3683 3633 3826 3686 enim

2262 3719 2414 3763 erant
2437 3726 2497 3764 ac
2519 3713 2756 3765 belluini.
2792 3713 3022 3782 Populus
3056 3725 3138 3770 est
3164 3731 3372 3786 semper
3396 3720 3581 3775 sitiens
3611 3721 3827 3790 sangui-

2263 3812 2382 3850 nem
2409 3803 2803 3868 prephetarum,
2833 3817 3020 3858 manus
3056 3819 3240 3860 eorum
3272 3809 3324 3860 in
3354 3809 3587 3863 cmdibus
3616 3825 3674 3864 se
3696 3828 3826 3865 san-

2261 3897 2464 3941 ctorum
2495 3903 2859 3946 exercuerant.
2889 3893 3012 3948 llaec
3032 3895 3284 3950 adversus
3306 3898 3424 3953 illos
3445 3915 3664 3970 magnus
3682 3902 3828 3958 Elias

2263 3979 2576 4033 vociferatur
2614 3980 2797 4036 dicens
2838 4001 2850 4034 :
2893 3982 3123 4047 Domine,
3170 3986 3438 4054 prophetas
3468 3998 3577 4042 tuos
3631 3993 3828 4045 occide-

2261 4079 2397 4133 runt,
2425 4069 2604 4120 altaria
2626 4080 2710 4122 tua
2735 4071 2992 4125 diruerant
3023 4075 3040 4142 (
3067 4075 3120 4126 5.
3147 4075 3268 4142 Reg.
3308 4075 3391 4130 19.
3418 4077 3484 4130 10
3513 4080 3555 4148 ).
3585 4078 3829 4136 Christus

2265 4158 2473 4222 iterum,
2504 4157 2804 4226 Jerusalem,
2826 4160 3134 4228 Jerusalem,
3170 4150 3278 4233 qua
3307 4167 3485 4220 occidit
3532 4173 3826 4238 prop/tetas,

2262 4258 2307 4300 et
2336 4249 2526 4318 lapidat
2545 4266 2646 4314 eos,
2669 4251 2754 4321 qui
2775 4252 2842 4303 ad
2863 4253 3021 4322 ipsam
3059 4256 3195 4307 missi
3222 4266 3334 4309 sunt
3362 4257 3571 4326 (Matth.
3593 4260 3683 4315 ‘35.
3713 4263 3827 4332 37).

2263 4339 2331 4392 Et
2354 4339 2513 4393 Isaias
2533 4340 2749 4394 eosdem
2789 4357 3046 4396 accusans
3071 4345 3152 4398 his
3181 4362 3466 4403 consonam
3496 4367 3680 4406 vocem
3707 4358 3828 4409 mit-

2265 4439 2378 4482 tcns
2415 4431 2519 4484 ait:
2545 4429 2730 4483 Manus
2753 4442 2923 4486 vestrm
2959 4435 3120 4502 plena:
3138 4447 3253 4489 sunt
3281 4440 3521 4506 sanguine
3559 4441 3731 4508 (lsai.
3772 4447 3826 4498 1.

2263 4521 2373 4588 15).
2405 4520 2471 4574 Et.
2494 4536 2675 4574 rursus
2699 4522 2937 4576 Christus
2971 4540 2984 4575 :
3017 4523 3198 4577 Patres
3226 4528 3371 4578 vestri
3395 4529 3683 4583 occiderunt
3702 4549 3828 4599 pro-

2262 4610 2454 4678 phetas,
2480 4626 2563 4661 vos
2593 4619 2755 4662 autem
2792 4611 3013 4677 ipsorum
3051 4613 3312 4680 a‘diﬁcatis
3343 4629 3664 4670 monumenta
3694 4636 3713 4673 .'
3740 4622 3828 4672 int-

2263 4700 2391 4765 plete
2410 4714 2692 4757 mensuram
2719 4709 2916 4765 patrum
2936 4710 3206 4752 vestrorum
3225 4700 3436 4769 (Matth.
3466 4703 3556 4758 25.
3588 4707 3678 4760 3|.
3713 4708 3826 4777 32).

2262 4787 2421 4841 Vides
2469 4797 2527 4840 ut
2571 4798 2623 4840 et
2665 4787 2918 4842 Dominus
2946 4799 2999 4842 et
3028 4791 3163 4842 servi
3213 4790 3502 4846 homicidas
3544 4794 3663 4849 illos
3707 4810 3829 4851 esse

2264 4878 2556 4931 testentur?
2582 4877 2716 4940 Quid
2741 4887 2822 4932 est
2840 4887 3036 4944 autem,
3067 4878 3280 4948 lmplete
3310 4897 3591 4935 mensuram
3624 4895 3830 4952 patrum

2261 4967 2569 5020 vestrorum?
2595 4966 2673 5018 Me
2701 4981 2932 5034 quoque,
2962 4968 3148 5036 inquit,
3182 4969 3406 5024 occidite
3435 4988 3450 5023 :
3476 4971 3687 5040 adjicite
3712 4989 3830 5028 ser-

2260 5071 2444 5110 vorum
2473 5055 2703 5109 caedibus
2731 5070 2911 5110 necem
2944 5057 3172 5110 Domini.
3199 5057 3344 5112 Licet
3365 5061 3504 5113 enim
3525 5063 3672 5117 mille
3691 5066 3830 5119 occi-

2259 5144 2436 5197 derint
2482 5144 2744 5208 homines,
2796 5153 2850 5196 at
2890 5157 3178 5198 conservos
3220 5159 3406 5199 omnes
3455 5164 3468 5198 :
3521 5163 3644 5202 cum
3695 5167 3826 5209 vero

2259 5244 2442 5287 contra
2472 5232 2748 5286 Dominum
2790 5246 2979 5288 manus
3028 5232 3412 5300 extenderunt,
3441 5245 3564 5291 tunc
3607 5238 3826 5307 impleta

2259 5338 2502 5378 mensura
2529 5333 2608 5378 est
2636 5341 2649 5378 :
2681 5333 2734 5376 et
2772 5324 2980 5376 merito.
3033 5323 3292 5389 Quamdiu
3348 5328 3488 5380 enim
3540 5328 3830 5385 Dominum

2259 5431 2363 5469 non
2387 5415 2713 5479 occiderunt,
2743 5429 2892 5484 spem
2929 5413 3113 5468 salutis
3140 5413 3450 5479 habuerunt,
3496 5426 3549 5470 et
3580 5427 3638 5470 ut
3664 5420 3830 5472 adve-

2259 5508 2409 5561 niens
2433 5520 2596 5574 agnus
2627 5505 2718 5558 Dei
2745 5513 2959 5573 peccata
2989 5503 3168 5557 mundi
3197 5505 3417 5569 tolleret,
3449 5518 3832 5574 cxspectarunt

2258 5595 2436 5664 (Joan.
2469 5597 2518 5648 1.
2541 5593 2634 5665 29)
2667 5612 2680 5648 :
2709 5602 2986 5662 postquam
3015 5605 3189 5646 autem
3234 5594 3495 5647 medicum
3537 5596 3830 5650 interfece-

2260 5694 2399 5749 runt,
2426 5692 2476 5739 ct
2502 5685 2550 5736 in
2567 5682 2981 5752 propitiatorium
3010 5683 3177 5751 ipsum
3192 5682 3556 5736 contumeliosi
3584 5683 3826 5753 fuerunt,
