4064 6214
231 433 343 490 167

208 522 472 594 ἐγεννήθη
500 522 563 576 ἐκ
598 522 690 576 τοῦ
723 521 930 592 Πατρδς
961 522 990 575 6
1027 520 1188 584 Υίός;
1220 520 1564 573 κατάσπασον
1595 508 1757 569 αὐτοῦ

206 616 267 669 τδ
294 614 547 685 φρόνημα
582 615 662 676 είς
685 614 782 683 τὴν
806 612 931 682 γῆν,
956 612 1046 664 καὶ
1073 610 1191 664 είπὲ
1217 610 1350 680 πρὸς
1379 607 1557 662 αὐτόν·
1576 605 1757 662 Κατά-

208 707 335 777 ϐηθι
368 707 433 759 ἐκ
467 706 575 759 τῶν
598 704 859 775 οὐρανῶν,
896 704 988 756 καὶ
1034 703 1200 769 δεῖξον
1243 702 1359 765 πῶς
1402 698 1660 769 ἐγεννήθη
1695 700 1759 752 ἐκ

208 803 305 871 τῆς
330 800 618 871 παρθένου,
652 799 745 851 καῖ⁷
776 797 893 850 τότε
923 796 1103 849 ἐκεῖνα
1137 794 1331 867 ἐρώτα.
1382 793 1634 861 Κάτασχε
1664 792 1760 843 αὐ-

208 890 319 953 τὸν,
350 890 445 943 καὶ
476 886 775 959 περίστηθι,
807 886 900 941 καὶ
943 886 1015 955 μὴ
1060 886 1201 955 ἀφῇς
1228 882 1591 951 ἀποπηδῆσαι,
1629 881 1759 951 μηδέ

210 979 559 1050 ἀναχωρῆσαι
586 977 664 1041 είς
693 976 781 1029 τὸν
807 974 1122 1047 λαϐύρινθον
1149 974 1255 1027 τῶν
1285 971 1573 1042 λογισμῶν·
1625 972 1759 1026 ἀλλά

212 1065 469 1134 κάτασχε,
487 1065 579 1117 καὶ
597 1063 903 1128 ἀπόπνιξον.
926 1064 997 1133 μὴ
1018 1066 1081 1133 τῇ
1106 1062 1266 1134 χειρὶ,
1288 1062 1421 1115 ἀλλά
1438 1061 1514 1131 τῷ
1538 1064 1601 1133 ρή
1611 1076 1756 1131 ματι·

213 1156 289 1226 μή
318 1156 422 1225 δῷς
466 1154 611 1225 αὐτῷ
642 1152 916 1217 διαστολὰς
948 1152 1040 1205 καὶ
1076 1151 1359 1219 διαφυγάς,
1404 1152 1471 1213 ἀς
1497 1151 1756 1220 βούλεται.

225 1247 464 1300 Ἐκεῖθεν
518 1244 739 1316 θόρυϐον
800 1243 1080 1315 ἐμποιοῦσι
1153 1246 1263 1307 τοῖς
1331 1242 1757 1313 διαλεγομένοις,

210 1338 397 1406 ἐπειδὴ
425 1340 584 1407 ἡμεῖς
625 1337 802 1398 αὐτοῖς
833 1334 1241 1404 ἀκολουθοῦμεν,
1292 1334 1385 1387 καὶ
1417 1334 1514 1387 οὐκ
1557 1333 1761 1400 ἄγομεν

210 1426 317 1481 ὐπὸ
342 1428 463 1489 τοὺς
497 1426 690 1494 νόμους
729 1424 836 1477 τῶν
869 1424 1024 1477 θείων
1054 1424 1301 1495 Γραφῶν.
1336 1422 1562 1493 Περίθες
1585 1423 1761 1475 τοίνυν

209 1515 359 1585 αὐτῷ
386 1515 582 1584 τειχίον
611 1513 887 1578 πάντοθεν,
918 1513 1014 1577 τὰς
1042 1514 1147 1568 ἀπὸ
1176 1515 1281 1568 τῶν
1305 1514 1533 1585 Γραφῶν
1562 1530 1763 1584 μαρτυ-

212 1607 356 1676 ρίας,
382 1607 475 1659 καὶ
515 1606 632 1659 οὐδέ
684 1608 841 1676 χᾶναι
874 1606 1175 1675 δυνήσεται.
1219 1606 1353 1658 Εἰπὲ
1397 1606 1530 1677 πρὸς
1580 1605 1757 1669 αὐτὸν,

203 1690 331 1755 Πῶς
360 1693 613 1762 ἐγεννήθη
640 1694 703 1746 ἐκ
730 1695 827 1764 τῆς
851 1693 1148 1763 παρθένου;
1186 1692 1286 1745 οὐκ
1313 1693 1615 1761 ἀφίσταμαι
1641 1692 1759 1745 οὐδὲ

209 1780 491 1849 ἀναχωρῶ.
536 1779 671 1832 Ἀλλ’
702 1781 798 1832 οὐκ
837 1779 902 1833 ἂν
939 1779 1049 1848 έχοι
1079 1777 1170 1830 τὸν
1194 1778 1391 1848 τρόπον
1429 1780 1617 1843 εἰπεῖν,
1657 1778 1759 1831 κᾶν

214 1871 384 1939 μυρία
426 1870 715 1940 φιλονεικῇ.
745 1871 910 1923 Ὅταν
937 1870 1042 1940 γάρ
1088 1871 1117 1922 6
1155 1868 1283 1933 Θεὸς
1312 1869 1603 1940 ἀποκλείσῃ
1626 1908 1640 1931 ,
1676 1869 1760 1933 τίς

211 1958 409 2023 ἀνοίξει
436 1959 650 2024 λοιπόν;
682 1958 863 2011 Πίστει
908 1957 1219 2027 παραδεκτά
1254 1959 1322 2012 τὰ
1349 1958 1567 2013 τοιαῦτα
1601 1959 1756 2031 μόνῃ.

211 2047 273 2099 Et
300 2047 356 2100 δέ
382 2048 480 2101 οὐκ
507 2048 690 2121 ἀνέχῃ.
716 2049 845 2101 ἀλλά
867 2050 1152 2119 λογισμοὺς
1175 2048 1466 2119 ἐπιζητεῖς,
1491 2048 1600 2117 έρῶ
1623 2050 1759 2119 πρὸς

213 2132 292 2197 σὲ,
326 2133 355 2186 6
377 2133 511 2203 πρὸς
537 2134 626 2186 τὸν
658 2134 957 2204 Νικόδημον
990 2136 1018 2187 6
1046 2136 1292 2203 Χριστός·
1330 2137 1398 2187 El
1436 2134 1507 2186 τὰ
1532 2134 1760 2202 ἐπίγεια

209 2219 383 2276 εἶπον
402 2223 560 2291 ὑμῖν,
590 2224 684 2277 καὶ
711 2226 781 2277 οὐ
816 2225 1142 2290 πιστεύετε,
1183 2223 1329 2289 πῶς,
1359 2225 1465 2278 ἐὰν
1496 2225 1567 2277 τὰ
1586 2225 1759 2278 ἐπου-

209 2310 385 2377 ράνια
428 2312 593 2375 ειπω,
638 2314 1019 2377 πιστεύσετε;
1058 2314 1189 2383 Περὶ
1235 2314 1335 2381 τῆς
1384 2316 1447 2365 ὲκ
1492 2314 1757 2382 παρθένου

209 2403 511 2471 γεννήσεως
541 2398 686 2455 εῐπον
705 2440 721 2466 ,
771 2404 863 2455 καὶ
895 2402 991 2455 οὐκ
1011 2402 1174 2465 οἶδας,
1212 2403 1330 2455 οὐδὲ
1351 2404 1509 2471 χᾶναι
1537 2403 1755 2477 τολμᾷς,

208 2492 301 2543 καὶ
329 2491 420 2544 τὸν
441 2492 662 2560 οὐρανὸν
681 2492 1044 2563 περιεργάζῃς
1076 2492 1199 2544 Είθε
1233 2493 1329 2564 μὲν
1367 2488 1457 2545 οὖν
1484 2492 1570 2544 τὸν
1600 2493 1759 2561 οὐρα-

208 2581 319 2642 νὸν,
344 2581 438 2633 καὶ
470 2582 542 2650 μὴ
567 2581 656 2633 τὸν
675 2583 945 2650 Δεσπότην
959 2582 1063 2635 τῶν
1084 2581 1324 2653 οὐρανῶν
1345 2583 1758 2653 ἐπολυπραγμό-

208 2689 339 2734 νεις.
372 2675 438 2725 El
476 2673 545 2726 τὰ
571 2673 796 2742 ἐπίγεια
815 2670 983 2727 εἷπον
1006 2674 1166 2742 ὑμῖν,
1204 2674 1300 2727 καί
1330 2677 1399 2729 οὐ
1428 2675 1755 2729 πιστεύετε.

207 2761 322 2813 οὐκ
352 2759 520 2824 εἷπεν,
558 2763 617 2814 οὐ
650 2763 915 2829 πείθεσθε,
945 2763 1079 2827 ἀλλ’,
1103 2766 1183 2817 Οὐ
1205 2765 1533 2826 πιστεύετε,
1550 2764 1759 2825 δεικνὺς

207 2850 361 2918 ἡμῖν,
405 2850 484 2902 ὅτι
526 2851 619 2903 καὶ
645 2852 713 2903 τά
743 2853 955 2920 ἐπίγεια
998 2854 1230 2915 πίστεως
1276 2853 1463 2906 δεῖται.
1507 2838 1659 2905 ΕΓδέ
1691 2852 1759 2906 τά

207 2938 423 3006 ἐπίγεια
457 2939 685 3000 πίστεως
724 2939 911 3001 δεῖται.
944 2940 1120 3011 πολλῷ
1168 2940 1363 3010 μᾶλλον
1409 2942 1475 2993 τά
1512 2939 1755 3010 οὐράνια.

207 3028 399 3081 Καίτοι
426 3030 544 3083 τότε
567 3029 644 3100 τῷ
677 3030 966 3101 Νικοδήμῳ
991 3032 1119 3102 περ)⁸
1142 3030 1299 3084 τόκου
1327 3029 1589 3098 διελέγετο
1624 3029 1757 3083 πολύ

206 3119 504 3181 ἐλάττονοςο
548 3119 676 3190 περὶ
718 3119 808 3173 τοῦ
843 3119 1213 3192 βαπτίσματος
1256 3120 1362 3191 γὰρ
1405 3122 1434 3175 6
1479 3121 1633 3188 λόγος
1667 3116 1756 3191 ῆν,

207 3209 304 3260 καὶ
330 3208 428 3277 τῆς
458 3209 859 3279 ἀναγεννήσεως
883 3210 981 3280 τῆς
1010 3212 1400 3281 πνευματικῆς·
1418 3212 1532 3265 ἀλλ’
1552 3212 1759 3279 ἔλεγεν,

205 3298 289 3352 δτι
323 3298 417 3350 καὶ
456 3299 625 3351 ταῦτα
664 3298 840 3353 πίστει
883 3301 997 3353 ἐστὶ
1039 3302 1376 3372 καταληπτά.
1421 3303 1665 3371 Ἐπίγεια
1699 3302 1758 3356 δέ

205 3386 347 3438 αὐτά
374 3386 646 3449 ἐκάλεσεν,
668 3388 764 3441 οὐκ
790 3389 975 3457 ἐπειδὴ
996 3389 1209 3457 ἐπίγειά
1239 3390 1403 3454 ἐστιν,
1437 3390 1549 3443 ἀλλ’
1573 3390 1757 3463 ἐπειδὴ

204 3477 264 3528 ἐν
299 3478 367 3547 τῇ
405 3479 473 3547 γῇ
522 3478 769 3541 τελεῖται,
810 3479 905 3532 καὶ
948 3482 1013 3550 τῇ
1051 3480 1331 3550 συγκρίσει
1353 3481 1452 3550 τῆς
1484 3480 1593 3534 ἀνω
1634 3498 1756 3549 γεν-

203 3568 412 3636 νήσεως
460 3569 554 3638 τῆς
601 3570 907 3641 ἀπορρήτου
962 3570 1054 3623 καὶ
1106 3571 1281 3624 πάντα
1328 3570 1755 3641 ὐπερϐαινούσης

202 3658 349 3721 νοῦν,
379 3659 589 3727 ἐπίγεια
616 3660 781 3713 ταῦτά
812 3662 974 3713 ἐστιν.
1024 3662 1085 3714 El
1130 3662 1340 3723 τοίνυν,
1388 3662 1504 3725 πῶς
1532 3664 1756 3729 ἀναγεν-

200 3748 380 3818 νῶμαι
410 3751 473 3802 ὲκ
496 3750 603 3802 τῶν
631 3750 852 3811 ὐδὰτων.
880 3752 940 3804 οὐ
978 3750 1195 3804 δυνατὸν
1224 3752 1419 3805 είδέναι
1437 3791 1451 3816 ,
1494 3752 1629 3805 ἀλλά
1666 3752 1753 3805 πί-

202 3856 318 3891 στει
515 3841 907 3911 παραδέχεσθαι
959 3842 1040 3893 δεῖ
1085 3842 1145 3893 τὸ
1183 3841 1478 3910 γινόμενον,
1526 3842 1616 3894 καὶ
1664 3842 1755 3894 τὸν

199 3928 399 3997 τρόπον
427 3928 501 3997 μὴ
534 3930 1003 3998 περιεργάζεσθαυ
1032 3929 1202 3999 πόσης
1225 3930 1289 3982 ἂν
1314 3932 1395 3998 είη
1424 3931 1636 3998 μανίας,
1660 3932 1753 3985 ἐπὶ

198 4018 297 4085 τῆς
333 4019 443 4071 ἀνω
482 4021 780 4088 γεννήσεως
817 4018 908 4073 τοῦ
965 4020 1280 4089 μονογενοῦς
1308 4021 1438 4073 Υίοῦ
1465 4020 1751 4090 λογισμοὺς

197 4107 568 4175 ἀνθρωπίνους
600 4112 783 4175 κινεῖν,
835 4110 927 4165 καὶ
957 4111 1155 4183 τρόπου
1188 4112 1487 4181 γεννήσεως
1524 4111 1749 4174 εὐθύνας

198 4197 451 4249 ἀπαιτεῖν
472 4216 486 4262 ;

264 4294 334 4353 γ’.
370 4287 491 4351 Πῶς
518 4288 613 4357 μὲν
643 4284 733 4342 οῦν
754 4290 979 4360 ἀπάτωρ
1005 4292 1097 4344 καὶ¹
1125 4292 1355 4359 ἀμήτωρ
1383 4292 1411 4341 6
1444 4290 1746 4359 Μονογενὴς

196 4377 322 4440 Υἱὸς
353 4377 445 4430 τοῦ
477 4378 631 4442 Θεοῦ,
664 4380 860 4443 ἱκανῶς
904 4379 1290 4441 ἀποδέδεικται,
1333 4382 1427 4432 καὶ
1462 4379 1575 4439 πῶς
1623 4381 1751 4447 ἀγε-

192 4467 513 4535 νεαλόγητος
550 4470 810 4539 ἑκατέραν
850 4471 948 4539 τὴν
980 4470 1229 4539 γέννησιν
1250 4486 1262 4499 ·
1295 4468 1476 4522 λοιπὸν
1512 4469 1569 4521 δὲ
1614 4469 1747 4540 πρὸς

190 4556 253 4610 τὸ
286 4555 435 4627 [172]
463 4560 676 4626 ἐπεῖγον
710 4561 1077 4630 ἀπαγάγωμεν
1097 4572 1146 4625 ι,
1179 4562 1269 4614 τὸν
1306 4560 1459 4628 λόγον
1490 4561 1579 4613 τὸν
1623 4560 1749 4630 περὶ

188 4644 283 4699 τοῦ
314 4647 637 4717 Μελχισεδὲκ
668 4650 746 4712 είς
796 4650 983 4719 ἑτέραν
1030 4651 1238 4721 ἡμέραν
1290 4650 1744 4718 ἀναϐαλλόμενοι,

188 4736 286 4789 καὶ
341 4736 777 4808 διαναστήσωμεν
824 4741 923 4809 τὴν
972 4740 1158 4809 ἀκοὴν,
1216 4740 1565 4809 προφητικῶν
1617 4741 1743 4809 μέλ-

188 4827 373 4890 λοντες
415 4830 625 4882 ἀκούειν
652 4832 1000 4899 αἰνιγμάτων.
1042 4832 1329 4900 Αίνίγμασι
1362 4832 1468 4901 γὰρ
1493 4833 1633 4883 ἔοικε
1678 4832 1742 4883 τὰ

189 4918 519 4987 πφφητικά,
550 4920 639 4970 καὶ
685 4920 848 4988 πολλὴ
898 4920 1147 4971 δυσκολία
1189 4921 1245 4970 ὲν
1283 4924 1346 4989 τῇ
1381 4921 1581 4990 παλαιᾷ
1616 4923 1742 4973 Δια-

189 5004 353 5077 θήκῃ.
396 5007 487 5058 καὶ
527 5007 889 5077 δυσεπίληπτα
930 5010 995 5060 τὰ
1031 5009 1232 5076 βιϐλία·
1278 5013 1309 5079 ή
1352 5010 1405 5061 δὲ
1444 5010 1615 5080 Καινὴ
1651 5027 1744 5062 σα-

189 5096 425 5164 φεστέρα
474 5096 566 5148 καὶ
616 5097 968 5167 εὐκολωτέρα.
1018 5098 1123 5150 Kal
1157 5100 1297 5160 τίνος
1344 5099 1544 5157 ἕνεκεν,
1587 5100 1740 5167 φησὶ,

184 5184 359 5238 ταῦτα
386 5185 525 5238 οῦτω
551 5186 957 5250 διατετύπωται,
1000 5188 1171 5239 καίτοι
1201 5190 1232 5257 ή
1269 5190 1442 5257 Καινὴ
1473 5188 1596 5257 περὶ
1628 5204 1742 5257 μει-

185 5274 355 5339 ζόνων
397 5274 695 5343 διαλέγεται
726 5279 1077 5347 πραγμάτων,
1110 5279 1235 5347 περὶ
1266 5278 1537 5347 βασιλείας
1578 5279 1739 5348 οὐρα-

184 5363 311 5427 νῶν,
346 5365 438 5416 καὶ
474 5364 736 5433 σωμάτων
764 5367 1124 5429 ἀναστάσεως,
1153 5367 1245 5419 καὶ
1278 5366 1385 5419 τῶν
1418 5369 1739 5438 ἀπορρήτων

182 5455 460 5522 ἀγαθῶν,ἀ
487 5457 579 5509 καὶ
620 5455 950 5528 ἀνθρώπινον
985 5459 1294 5527 ὑπερϐαίνει
1338 5460 1487 5525 νοῦν;
1521 5462 1614 5522 Τίς
1648 5457 1739 5512 οὖν

183 5544 216 5611 ή
255 5546 402 5598 αἰτία
441 5545 530 5597 τοῦ
568 5546 665 5609 τὰς
713 5549 1038 5617 προφητείας
1084 5551 1310 5615 ἀσαφεῖς
1348 5545 1524 5614 εἷναι;
1564 5551 1737 5603 Πολλὰ

182 5634 533 5703 προλέγουσιν
567 5636 832 5697 Ἰουδαίοις
854 5633 1005 5689 αῦται
1045 5640 1211 5691 κακά·
1235 5642 1326 5691 καὶ
1356 5641 1434 5692 ὅτι
1471 5640 1733 5709 ἐκϐληθὴ-

242 5738 267 5765 ⁸
294 5739 780 5807 Snvilinsjegeqdqm
821 5743 1045 5801 opinatur
1086 5744 1463 5806 ἐπαναγάγωμεν,
1492 5748 1577 5795 sed
1620 5756 1735 5807 pulo

175 5796 489 5859 ἀπαγάγοιμεν
512 5796 637 5847 bche
658 5799 853 5847 habere.

482 5883 751 5943 PATROL.
792 5886 905 5945 GR.
954 5889 1105 5949 LVI.

1186 404 1270 459 DE
1305 395 1847 461 PROPHETIARUM
1886 396 2384 456 OBSCURITATE.
2427 402 2442 454 I

3316 414 3425 470 168

1866 526 2045 565 σονται
2084 513 2183 582 μὲν
2229 514 2443 580 ἐκεῖνοι,
2491 515 2651 585 ἡμεῖς
2694 516 2751 569 δέ
2797 517 3286 587 εἰσδεχθησόμεθα·
3326 518 3420 572 καὶ

1860 600 1942 653 ὄτι
1987 602 2414 673 καταλυθήσεται
2465 603 2563 673 μὲν
2611 604 2640 656 6
2675 605 2829 669 ναὸς,
2878 609 2972 659 καὶ
3016 608 3193 660 οὐκέτι
3237 607 3421 660 λοιπὸν

1860 692 2238 763 ἀναστήσεται,
2272 696 2514 747 πεσεῖται
2541 696 2597 747 δὲ
2624 695 2695 748 τά
2731 697 3095 766 Ἰεροσόλυμα,
3128 700 3221 751 καὶ
3253 700 3418 753 πᾶσιν

1860 779 2010 835 έσται
2051 782 2216 852 βατά·
2259 783 2497 837 Ἰουδαῖοί
2545 801 2603 837 τε
2636 784 2898 856 πλανῆται
2945 788 3245 857 γενόμενοι,
3281 805 3418 841 παν-

1859 871 2023 940 ταχοῦ
2056 873 2155 943 τῆς
2186 874 2507 945 οίκουμένης
2553 876 3030 947 διασπαρήσονται,
3069 881 3159 933 καὶ
3190 879 3286 948 τῆς
3320 880 3413 931 πό-

1860 960 1992 1023 λεως
2021 962 2370 1028 ἐκπεσόντες,
2416 964 2536 1017 οὐδέ
2584 965 2682 1036 τὴν
2719 967 2988 1020 πολιτείαν
3025 968 3203 1032 ἕξουσι
3240 968 3417 1021 λοιπὸν

1859 1049 1955 1119 τὴν
1994 1052 2245 1121 ἀρχαίαν,
2289 1052 2423 1106 ἀλλά
2454 1055 2628 1107 πάντα
2675 1056 2853 1109 αὐτῶν
2900 1057 3319 1128 ἀφαιρεθήσεται
3352 1058 3418 1109 τὰ

1861 1142 2121 1212 πρότερα,
2162 1144 2256 1197 καὶ
2288 1149 2628 1215 προφητεῖαι,
2656 1147 2748 1201 καὶ
2780 1146 2976 1211 θυσίαι,
3007 1149 3100 1201 καὶ
3132 1149 3414 1221 ἱερωσύνη.

1862 1232 1955 1284 καὶ
1994 1232 2253 1300 βασιλεία.
2297 1237 2371 1289 Οὐ
2406 1237 2564 1306 μόνον
2607 1237 2663 1291 δέ
2710 1239 2910 1303 ταῦτα,
2962 1238 3097 1293 ἀλλά
3145 1242 3237 1293 καὶ
3284 1240 3414 1296 ἄλλα

1862 1322 2030 1376 πολλά
2070 1324 2294 1379 τοιαῦτα
2338 1327 2626 1397 προέλεγον
2655 1330 2704 1381 οί
2739 1331 3032 1400 προφῆται,
3066 1334 3261 1403 μυρίας
3291 1350 3413 1403 τραο

1862 1413 2059 1483 γῳδίας
2096 1418 2205 1479 τοῖς
2256 1418 2472 1481 οἰκείοις
2513 1420 3011 1489 ἐγκαταμιγνύντες
3043 1422 3281 1491 βιϐλίοις.
3323 1424 3413 1479 Ἰν*

1862 1499 1954 1556 οὖν
1980 1505 2029 1556 οἱ
2062 1505 2298 1559 Ἰουδαῖοι
2335 1510 2408 1578 μὴ
2439 1510 2623 1578 σαφῶς
2663 1511 2990 1577 ἀκούσαντες
3017 1513 3163 1583 παρά
3194 1514 3291 1584 τὴν
3322 1516 3415 1585 ἀρ-

1862 1595 1985 1664 χὴν,
2012 1595 2442 1666 διαχειρίσωνται
2468 1601 2593 1663 τοὺς
2620 1601 2878 1669 λέγοντας
2906 1602 3097 1667 ταῦτα,
3127 1608 3192 1675 τῇ
3226 1606 3416 1660 δυσκο-

1860 1685 1950 1756 λία
1975 1687 2072 1755 τῆς
2112 1687 2406 1756 ἑρμηνείας
2449 1690 2767 1760 ἀπέκρυψαν
2807 1694 2906 1754 τὰς
2934 1696 3287 1766 προρρήσεις,
3325 1702 3417 1753 καὶ

1862 1776 2059 1846 πολλὴν
2106 1776 2372 1847 ἀσάφειαν
2423 1781 2685 1849 κατέχεαν
2723 1784 2751 1823 δ
2793 1784 2900 1838 τῶν
2951 1787 3303 1856 πραγμάτων,
3350 1793 3415 1859 τῇ

1861 1866 2093 1936 ἀσαφείᾳ
2116 1866 2223 1920 τῶν
2257 1867 2559 1936 λεγομένων
2590 1872 2700 1932 τοῖς
2730 1870 2940 1939 λέγουσι
2979 1877 3419 1945 παρασκευάζον-

1860 1970 1949 2016 τες
1980 1955 2295 2023 ἀσφάλειαν.
2339 1958 2447 2008 Kal
2478 1957 2639 2009 πόθεν
2666 1959 2822 2025 δῆλον
2854 1961 3039 2022 τοῦτο;
3068 1966 3157 2015 Δεῖ
3184 1966 3289 2034 γὰρ
3323 1965 3416 2017 καὶ

1860 2041 2082 2104 εὐθύνας
2106 2044 2251 2112 ἡμᾶς
2278 2044 2639 2107 ἀπαιτεῖσθαι,
2669 2047 2717 2097 εἰ
2750 2048 2841 2100 καὶ
2871 2050 2927 2100 ὲν
2961 2050 3130 2117 φίλοις
3159 2052 3414 2125 λέγομεν⁶

1861 2133 1954 2185 καὶ
1998 2132 2104 2203 γάρ
2148 2133 2329 2186 πολλοὶ
2382 2134 2510 2197 ἴσως
2568 2137 2661 2188 καὶ
2706 2137 2813 2189 τῶν
2852 2139 2912 2192 οὐ
2964 2141 3129 2209 φίλων
3177 2146 3414 2216 πάρεισι.

1860 2221 2289 2275 Μανθανέτωσαν
2312 2222 2490 2275 τοίνυν
2514 2223 2685 2277 ταῦτα
2728 2226 2984 2290 κάκεῖνοι,
3018 2228 3103 2281 ἵνα
3145 2230 3238 2283 καὶ
3266 2233 3415 2285 αὐτοὶ

1861 2312 2001 2380 φίλοι
2028 2313 2305 2380 γένωνται.
2331 2311 2512 2379 Εἶπον,
2539 2315 2621 2367 ὅτι
2658 2317 2704 2367 εί
2734 2317 2968 2385 ήκουσαν
2991 2320 3037 2371 οί
3081 2321 3319 2375 Ἰουδαῖοι
3347 2325 3417 2378 τά

1863 2402 2119 2469 μέλλοντα
2170 2402 2363 2465 αὐτοὺς
2404 2404 2813 2473 ’καταλήψεσθαι
2862 2409 3037 2473 κακὰ,
3088 2411 3181 2462 καὶ
3225 2413 3305 2465 ὅτι
3347 2414 3417 2467 τά

1871 2491 2211 2560 Ἰεροσόλυμα
2256 2490 2516 2544 ἁλώσεται
2563 2493 2648 2546 διὰ
2678 2494 2768 2545 τὸν
2815 2496 3045 2566 Χριστὸν
3085 2500 3182 2569 τὴν
3219 2501 3414 2555 ἅλωσιν

1859 2579 2056 2650 ταύτην
2082 2578 2179 2647 τὴν
2209 2579 2490 2643 ἀθάνατον,
2506 2582 2610 2651 ⁸καὶ
2640 2581 2738 2633 οὐκ
2771 2581 2996 2650 ἔχουσαν
3027 2586 3341 2656 μεταϐολὴν,
3368 2592 3415 2641 εί

1859 2668 2095 2736 ήκουσαν
2139 2667 2385 2736 φανερῶς
2426 2666 2576 2736 παρὰ
2612 2668 2721 2719 τῶν
2757 2671 3045 2740 προφητῶν
3084 2672 3289 2739 ταῦτα,
3328 2678 3417 2729 £6»-

1861 2755 1995 2816 θέως
2019 2755 2082 2807 ἂν
2113 2755 2239 2817 τοὺς
2278 2756 2450 2809 ταῦτα
2474 2750 2729 2824 λέγοντας
2755 2759 3096 2815 ἀπέκτειναν.
3130 2764 3296 2817 Πόθεν
3324 2762 3414 2819 οῦν

1859 2845 2014 2898 τοῦτο
2039 2845 2223 2916 δῆλον;
2258 2847 2476 2916 Πρῶτον
2525 2849 2623 2917 μὶν
2659 2848 2769 2901 ἀπὸ
2804 2849 2913 2903 τῶν
2956 2852 3173 2921 τρόπων
3202 2856 3411 2907 αὐτῶν·

1863 2937 2075 3005 μανικοὶ
2098 2936 2205 3007 γὰρ
2232 2938 2327 2990 καὶ
2365 2936 2645 3009 θηριώδεις
2685 2934 2843 3009 ἦσαν.
2869 2940 3047 3010 Δῆμός
3077 2943 3221 2995 ἐστιν
3251 2945 3417 3014 αίμά-

1860 3040 1966 3077 των
1993 3025 2079 3077 ἀεὶ
2117 3025 2286 3094 διψῶν
2315 3026 2685 3097 προφητικῶν,
2718 3029 2773 3079 αἱ
2814 3030 2989 3098 χεῖρες
3017 3029 3194 3082 αὐτῶν
3224 3032 3416 3102 ἐμελέ-

1858 3132 2028 3185 τησαν
2066 3118 2124 3169 ἐν
2158 3121 2276 3181 ταῖς
2314 3122 2547 3188 σφαγαῖς
2582 3118 2688 3173 τῶν
2731 3119 2915 3187 ἁγίων.
2956 3120 3138 3175 Ταῦτα
3172 3125 3200 3175 6
3244 3126 3414 3194 μέγας

1871 3206 2055 3271 Ἠλίας
2086 3209 2261 3262 αὐτῶν
2305 3210 2545 3281 καταϐοᾷ
2576 3211 2777 3277 λέγων·
2800 3214 2993 3279 Κύριε,
3021 3215 3162 3279 τοὺς
3189 3218 3414 3285 προφή-

1858 3312 1964 3362 τας
2002 3311 2118 3352 σου
2163 3298 2539 3363 ἀπέκτειναν,
2578 3298 2651 3351 τὰ
2692 3301 3081 3370 θυσιαστήριά
3127 3318 3243 3360 σου
3278 3322 3414 3360 κατ-

1857 3386 2154 3456 έσκαψαν.
2196 3388 2251 3441 Ὀ
2293 3390 2521 3461 Χριστὸς
2554 3392 2734 3456 πάλιν,
2768 3394 3169 3464 Ἰερουσαλὴμ
3208 3396 3413 3464 Ἰερου-

1858 3478 2082 3546 σαλὴμ,
2112 3480 2150 3546 ἠ
2182 3480 2586 3535 ἀποκτείνασα
2610 3484 2747 3549 τοὺς
2776 3486 3099 3554 προφήτας,
3133 3487 3228 3540 καὶ
3255 3492 3412 3542 λιθοο

1858 3567 2122 3620 ϐολοῦσα
2145 3568 2283 3631 τοὺς
2317 3569 2807 3638 ἀπεσταλμένους
2832 3574 2979 3640 πρὸς
3009 3574 3216 3640 αὑτήν.
3249 3577 3357 3628 Kal
3387 3577 3412 3627 ὁ

1866 3656 2091 3720 Ἡσαΐας
2126 3658 2331 3727 συνῳδὰ
2359 3660 2566 3723 τούτοις
2595 3661 2773 3712 αὐτῶν
2802 3664 3137 3733 κατηγορῶν,
3166 3665 3321 3718 ἐϐόα·
3344 3670 3411 3720 Αἰ

1857 3747 2048 3816 χεῖρες
2083 3747 2250 3815 ὑμῶν
2284 3749 2530 3816 αἵματος
2561 3749 2825 3816 πλήρεις.
2869 3754 2977 3805 Kal
3010 3753 3169 3807 πάλιν
3198 3756 3229 3807 6
3276 3758 3411 3825 Χριο

1858 3838 1980 3900 στός
2000 3852 2015 3869 ⁸
2054 3842 2115 3891 Ol
2154 3838 2400 3905 πατέρες
2436 3839 2601 3909 ὑμῶν
2632 3842 2984 3897 ἀπέκτειναν
3018 3844 3153 3910 τοὺς
3186 3846 3409 3913 προφή-

1855 3942 1983 3992 τας,
2021 3926 2186 3995 ὑμεῖς
2230 3926 2298 3978 ὃέ
2343 3929 2699 3997 οἰκοδομεῖτε
2741 3932 2812 3984 τὰ
2855 3933 3132 4001 μνήματα
3177 3934 3373 3987 αὐτῶν
3397 3952 3408 3965 ο

1856 4017 2205 4084 πληρώσατε
2229 4018 2296 4071 τὸ
2324 4018 2542 4087 μέτρον
2578 4021 2694 4073 τῶν
2729 4023 2994 4089 πατέρων
3023 4023 3206 4091 ὑμῶν.
3249 4025 3406 4093 Ὁρᾷς

1855 4107 1968 4170 πῶς
2006 4109 2095 4159 καὶ
2122 4109 2149 4160 6
2175 4109 2446 4175 Δεσπότης
2477 4110 2568 4161 καὶ
2598 4112 2645 4161 οἱ
2674 4109 2846 4163 δοῦλοι
2888 4112 3192 4180 μιαιφονίαν
3231 4114 3408 4165 αὐτῶν

1858 4196 2217 4265 μαρτυροῦσι;
2265 4198 2329 4249 Τί
2382 4197 2438 4249 δέ
2480 4200 2626 4250 ἐστι’
2674 4199 3031 4265 Πληρὼσατε
3080 4204 3146 4255 τὸ
3190 4202 3407 4270 μέτρον

1852 4282 1969 4335 τῶν
2020 4284 2287 4351 πατέρων
2338 4286 2530 4355 ὑμῶνς
2587 4286 2733 4359 [I73]
2780 4291 3179 4355 Ἀποκτείνατε,
3238 4296 3403 4363 φησὶ,

1854 4376 2023 4444 κάμέ·
2068 4377 2323 4445 πρόσθετε
2366 4382 2476 4442 τοῖς
2503 4380 2762 4444 δουλικοῖς
2792 4383 2979 4451 αἵμασι
3021 4384 3118 4454 τὴν
3160 4387 3404 4438 δεσποτι-

1853 4467 1952 4535 κὴν
1996 4470 2227 4537 σφαγήν.
2266 4471 2326 4521 Εἰ
2369 4470 2474 4540 γὰρ
2506 4472 2730 4541 μυρίους
2776 4472 3011 4539 ἔσφαξαν
3052 4474 3397 4544 ἀνθρώπους,

1850 4556 1983 4607 ἀλλά
2013 4558 2320 4621 συνδούλους
2356 4562 2593 4623 ’πάντας⁹
2622 4564 2707 4614 ὅτε
2739 4561 2795 4612 δὲ
2834 4562 2971 4614 κατὰ
3007 4562 3101 4614 τοῦ
3139 4566 3407 4617 Δεσπότου

1849 4647 1947 4706 τὰς
1975 4650 2157 4716 χεῖρας
2184 4650 2469 4713 ἐξέτειναν,
2496 4652 2615 4703 τότε
2652 4652 2939 4721 ἐπληρώθη
2974 4654 3029 4705 τὸ
3056 4654 3249 4725 μέτρον
3270 4672 3283 4685 ⁸
3313 4658 3404 4709 καὶ

1850 4738 2087 4799 εἰκότως.
2116 4740 2256 4801 Ἕως
2301 4741 2397 4809 μὲν
2436 4741 2539 4810 γὰρ
2581 4742 2679 4792 οὐκ
2712 4741 3033 4794 ἀπέκτειναν
3080 4744 3169 4795 τὸν
3204 4748 3405 4798 Δεσπόσ

1847 4844 1964 4895 την,
2015 4825 2157 4897 εἶχον
2188 4832 2375 4883 ἐλπίδα
2421 4832 2724 4901 σωτηρίας,
2774 4835 2864 4885 καὶ
2899 4835 3233 4904 προσεδόκων
3265 4838 3342 4889 ὅτι
3374 4840 3402 4889 6

1848 4918 2012 4984 ἀμνὸς
2051 4918 2144 4970 τοῦ
2193 4919 2323 4971 Θεοῦ
2359 4920 2525 4971 ἐλθὼν
2568 4923 2685 4990 ἀρεῖ
2730 4922 2827 4990 τὴν
2874 4923 3143 4993 ἁμαρτίαν
3187 4925 3279 4976 τοῦ
3311 4927 3401 4977 κό-

1850 5023 2017 5072 σμου·
2072 5010 2257 5077 ἐπειδὴ
2295 5010 2351 5061 δὲ
2387 5010 2475 5060 τὸν
2528 5012 2708 5081 ἰατρὸν
2754 5012 3155 5083 διεχειρίσαντο,
3194 5016 3285 5068 καὶ
3322 5018 3401 5077 εἰς

1847 5098 1974 5149 αὐτὸ
2002 5100 2059 5150 τὸ
2089 5100 2393 5169 ἱλαστήριον
2425 5099 2671 5169 ὕϐρισαν,
2704 5104 2795 5154 καὶ
2821 5103 2909 5156 τὸν
2939 5104 3155 5157 ἐλθόντα
3186 5105 3400 5173 ἀφεῖναι

1844 5190 1910 5241 τὰ
1942 5190 2305 5258 ἁμαρτήματα
2338 5192 2780 5262 ἀπεστράφησαν,
2815 5194 2990 5264 πάρης
3029 5196 3209 5247 λοιπὸν
3253 5195 3401 5248 ἐλπί-

1844 5279 1928 5341 δος
1961 5279 2234 5342 ἐξέπεσον.
2262 5279 2359 5331 Διὰ
2400 5281 2556 5332 τοῦτο
2589 5282 2769 5349 λέγει’
2798 5284 3157 5351 Πληρώσατε
3188 5285 3253 5338 τὸ
3292 5291 3400 5353 μέ-

1844 5386 1983 5434 τρον
2028 5367 2143 5419 τῶν
2188 5369 2455 5435 πατέρων
2503 5368 2687 5436 ὑμῶν.
2730 5369 2871 5430 Ναὶ,
2938 5371 3129 5439 φησίν·
3165 5371 3274 5423 ἀλλ’
3314 5372 3394 5421 ὅτι

1847 5460 1941 5527 μὲν
1976 5460 2243 5528 μιαιφόνοι
2288 5462 2379 5511 καὶ
2420 5462 2659 5525 ἐναγεῖς,
2696 5461 3062 5514 ἀποδέδεικται
3098 5462 3159 5513 ὲκ
3190 5460 3397 5512 πολλῶν

1846 5549 2185 5618 μαρτυριῶν·
2220 5548 2377 5601 πόθεν
2419 5549 2475 5601 δὲ
2512 5549 2684 5618 δῆλον,
2723 5552 2802 5602 ὅτι
2834 5552 2939 5603 τῶν
2973 5550 3258 5620 προφητῶν
3296 5550 3397 5602 οὐκ

1844 5642 1905 5691 ἂν
1942 5642 2243 5707 ἐφείσαντο,
2276 5642 2321 5691 εί
2358 5642 2594 5709 ἥκουσαν
2640 5642 2719 5693 ὅτι
2756 5641 2824 5693 τὰ
2856 5642 3194 5711 Ἰεροσόλυμα
3229 5658 3396 5693 κατα-

1900 5803 1927 5841 b
1956 5804 2064 5851 MSS.
2099 5808 2265 5867 κατέχε
2275 5823 2331 5853 ον.

3000 5892 3063 5948 11
