4064 6214
221 407 336 463 169

217 518 450 575 eumque
491 502 583 575 qui
618 510 855 567 venerat,
881 511 937 557 ut
977 510 1193 571 peccata
1221 500 1527 562 dimitteret,
1554 498 1784 554 aversati

217 605 364 664 sunt,
389 597 537 653 omni
565 610 657 665 spe
685 592 935 663 deinceps
955 592 1282 649 exciderunt.
1308 591 1591 661 Propterea
1617 588 1779 643 dicit:

216 689 439 759 [inplete
461 703 746 743 mensuram
771 696 972 757 patrum
1002 694 1295 741 uestrorum.
1341 684 1519 750 Certe,
1572 682 1740 752 inquit
1766 698 1780 733 :

217 789 271 834 et
292 780 474 834 multis
501 778 712 849 quidem
734 786 1002 832 ostensum
1023 785 1105 831 est
1130 776 1468 839 testimoniis,
1494 772 1786 828 homicidas

217 868 340 923 illos
359 884 424 923 ac
449 868 682 924 nefarios
709 866 875 923 fuisse
904 884 917 919 :
950 866 1088 921 unde
1117 880 1244 920 vero
1273 873 1483 919 constat
1509 865 1628 918 illos
1654 877 1782 932 pro-

217 959 394 1029 phetis
422 961 643 1015 minime
668 959 979 1031 parcituros,
1007 958 1052 1013 si
1093 958 1419 1027 Jerosolyma
1448 970 1693 1011 eversum
1721 953 1785 1007 iri

216 1051 583 1115 audivissent,
616 1060 670 1106 et
697 1058 1021 1106 cessaturam
1051 1048 1244 1117 legem,
1292 1063 1355 1102 ac
1400 1046 1514 1101 fore
1538 1054 1595 1099 ut
1621 1044 1786 1099 Vetus

215 1136 615 1194 Testamentum
638 1139 979 1195 immutetur?
1004 1139 1061 1193 ld
1087 1137 1300 1207 quidem
1324 1151 1387 1191 ex
1410 1138 1495 1200 iis,
1513 1150 1630 1205 quae
1644 1132 1785 1187 dicta

213 1239 361 1297 sunt,
389 1229 627 1286 maxime
660 1238 878 1302 apparet
908 1248 922 1284 :
953 1237 1315 1283 verumtamen
1372 1242 1437 1281 ex
1474 1226 1602 1294 ipsis
1642 1223 1786 1278 Scri-

215 1321 392 1390 pturis
441 1321 858 1376 manilestiorem
914 1318 1189 1388 subjiciam
1252 1316 1781 1371 demonstrationem.

212 1407 351 1465 Nam
375 1412 651 1480 siquando
676 1410 986 1481 prophetam
1030 1409 1291 1464 dicentem
1330 1406 1629 1472 audierunt,
1669 1404 1784 1460 fore

213 1508 274 1552 ut
287 1498 583 1554 Jerusalem
615 1500 937 1569 temporaria
974 1498 1182 1553 excidio
1213 1496 1632 1561 exscinderetur,
1662 1509 1781 1549 cum

213 1588 338 1644 illos
354 1597 564 1644 mutare
578 1598 806 1644 mentem
822 1589 1140 1657 oportuisset
1167 1595 1221 1643 et
1240 1589 1368 1641 iram
1390 1588 1479 1641 Dei
1495 1585 1783 1657 depellere,

212 1679 269 1732 in
296 1678 611 1749 prophetam
637 1679 872 1735 furorem
900 1678 1217 1733 elluderunt.
1252 1680 1426 1747 Atque
1466 1678 1569 1733 hoc
1601 1692 1781 1732 verum

212 1781 358 1833 esse,
398 1783 471 1823 ex
514 1768 749 1824 historiis
788 1768 917 1838 ipsis
968 1767 1291 1838 intelligetis.
1318 1767 1645 1824 Obsidebant
1686 1767 1783 1820 ali-

211 1859 428 1927 quando
452 1858 719 1915 civitatem
745 1860 978 1931 ipsorum
1009 1859 1209 1925 Persae,
1233 1869 1393 1930 atque
1439 1859 1605 1929 ipsam
1653 1858 1782 1913 foris

211 1949 526 2006 barbaricus
552 1952 815 2007 exercitus
854 1950 1284 2006 circumvallabat
1315 1968 1331 2004 :
1363 1966 1461 2005 nec
1499 1951 1780 2005 obscurum

212 2050 332 2096 erat
356 2043 648 2112 periculum
677 2043 816 2113 quod
842 2041 1171 2107 imminebat,
1217 2040 1310 2096 sed
1355 2041 1409 2095 in
1455 2040 1644 2095 mediis
1669 2048 1779 2093 tum

213 2132 420 2203 laqueis
437 2133 560 2187 urbs
580 2133 898 2200 Jerusalem,
920 2133 1138 2189 armatis
1155 2134 1401 2189 omnibus
1419 2142 1474 2188 et
1491 2134 1633 2187 illam
1653 2131 1783 2187 loris

212 2223 735 2289 circumsidentibus,
787 2224 1098 2279 versabatur
1147 2240 1165 2278 :
1216 2232 1448 2279 attamen
1505 2239 1626 2280 cum
1673 2233 1780 2278 tam

210 2322 359 2370 arta
387 2315 527 2369 mala
576 2330 670 2370 eos
716 2324 1039 2385 premerent,
1094 2316 1344 2385 quoniam
1390 2330 1701 2386 progressus
1727 2315 1779 2369 iu

210 2405 448 2459 medium
494 2404 631 2458 dixit
658 2404 763 2459 illis
790 2404 1068 2468 Jeremias,
1094 2403 1210 2461 fore
1248 2412 1307 2458 ut
1333 2405 1387 2459 in
1413 2420 1600 2459 manus
1619 2404 1779 2459 Chal-

209 2494 451 2549 deorum
472 2495 657 2549 civitas
688 2496 1015 2560 traderetur;
1043 2496 1249 2551 tametsi
1286 2511 1459 2566 neque
1506 2496 1779 2565 prophetia

211 2583 312 2639 fuit
342 2584 464 2652 hoc,
493 2600 612 2639 cum
634 2585 867 2654 ipsorum
889 2586 1028 2640 oculi
1061 2600 1179 2654 quas
1199 2594 1454 2641 eventura
1485 2594 1665 2640 essent
1692 2586 1778 2639 in-

210 2684 523 2740 tuerentur;
565 2676 687 2745 quia
715 2684 891 2729 tamen
931 2690 998 2729 ea
1035 2690 1156 2744 qua:
1206 2676 1480 2730 manifesta
1522 2685 1691 2739 erant,
1723 2683 1779 2729 et

208 2779 399 2819 eorum
427 2764 596 2820 oculis
642 2764 1055 2819 observabantur
1095 2762 1326 2828 dicebat,
1374 2764 1587 2819 scelesti
1612 2764 1688 2817 illi
1715 2778 1779 2818 ac

209 2856 434 2926 stupidi,
465 2863 521 2911 et
538 2871 664 2926 erga
693 2854 1061 2910 benefactore's
1086 2855 1277 2924 ingrati
1300 2856 1380 2910 sic
1410 2856 1776 2922 insanierunt,

210 2954 270 3000 ut
298 2945 625 3015 proditorem
654 2945 797 2999 illum
837 2953 892 2999 et
932 2958 1232 3000 eversorem
1260 2947 1675 3012 arbitrarentur,
1715 2962 1779 3002 ac

209 3035 454 3091 dicerent
482 3052 497 3090 :
533 3035 633 3088 Hic
661 3035 887 3091 dissolvit
930 3051 1107 3089 manus
1140 3037 1314 3104 populi
1334 3037 1483 3106 hujus
1512 3036 1660 3108 (Jer.
1686 3036 1777 3093 58.

209 3127 293 3196 4).
322 3129 570 3181 Attamen
599 3126 945 3182 confirmabat
965 3166 981 3193 ,
1021 3136 1252 3181 attamen
1275 3128 1507 3197 ipsorum
1538 3129 1780 3182 alacrita-

212 3227 322 3272 tem
352 3217 636 3283 excitabat,
664 3226 718 3272 et
744 3217 809 3271 ad
837 3216 999 3270 Deum
1024 3215 1267 3282 ducebat,
1285 3232 1481 3285 eosque
1510 3218 1703 3271 invicto
1723 3225 1779 3272 et

210 3306 608 3376 inexpugnabili
634 3321 787 3362 muro
810 3306 1239 3361 circumvallabat
1266 3324 1281 3360 :
1319 3307 1409 3361 sed
1438 3306 1511 3360 illi
1534 3307 1664 3361 nihil
1680 3307 1777 3360 ho-

208 3411 332 3451 rum
358 3396 730 3467 intelligentes,
753 3396 977 3451 interllci
994 3410 1114 3451 eum
1126 3395 1397 3465 jubebant.
1427 3395 1570 3450 Talia
1588 3397 1779 3467 quippe

210 3487 354 3542 bene
392 3486 463 3542 de
498 3502 559 3542 se
603 3486 806 3541 meritis
834 3486 1050 3556 pramia
1080 3500 1290 3554 semper
1316 3485 1695 3555 rependebant,
1726 3495 1779 3540 et

210 3593 337 3634 cum
375 3593 472 3633 rex
519 3578 823 3648 ignovisset.
864 3592 933 3632 ne
978 3576 1057 3631 sic
1098 3570 1309 3647 quidem
1348 3586 1640 3642 cesserunt,
1686 3576 1778 3630 sed

208 3669 464 3741 quoniam
492 3684 683 3725 necare
710 3683 817 3723 non
842 3675 1102 3739 poterant,
1131 3667 1184 3722 in
1219 3666 1315 3721 luti
1344 3667 1515 3722 lacum
1535 3667 1777 3737 projece-

209 3767 359 3814 runt.

281 3851 339 3905 4.
366 3847 515 3916 Quod
543 3848 586 3903 si
611 3850 939 3919 temporarias
956 3849 1276 3921 captivitatis
1311 3851 1634 3906 mentionem
1662 3852 1777 3906 ﬁeri

210 3957 321 3997 non
350 3940 603 4008 tulerunt,
629 3955 736 4012 quo
763 3940 972 3995 tandem
1018 3951 1172 4010 pacto
1200 3950 1469 4012 perpetua:
1502 3942 1777 3997 servitutis

211 4030 613 4103 praedictionem
641 4030 870 4086 audituri
895 4031 1150 4087 fuissent?
1173 4030 1228 4087 Si
1249 4046 1367 4088 cum
1392 4032 1612 4088 dixisset
1627 4032 1780 4089 Jere-

211 4124 371 4185 mias,
404 4113 460 4175 In
482 4120 800 4194 Babylonem
820 4120 1051 4188 abibitis,
1079 4136 1249 4191 neque
1274 4124 1773 4191 potueruntaudire,

210 4214 308 4269 sed
331 4228 455 4269 eum
481 4214 570 4282 qui
599 4212 800 4267 dixerat
836 4212 1116 4281 punierunt
1143 4228 1159 4266 :
1198 4212 1242 4267 si
1273 4212 1555 4282 prophetas
1575 4212 1776 4267 audiis-

211 4314 336 4361 sent
364 4305 601 4359 dicentes
622 4344 638 4368 ,
680 4300 796 4357 fore
822 4310 880 4357 ut
916 4317 1022 4357 non
1068 4302 1120 4356 in
1155 4301 1498 4373 Babylonem,
1525 4303 1619 4357 sed
1640 4318 1774 4373 quo-

213 4407 536 4467 quoversum
565 4408 660 4462 per
701 4393 883 4447 orbem
929 4402 1189 4447 terrarum
1238 4391 1644 4462 dispergamini,
1679 4408 1777 4447 nec

211 4485 444 4555 amplius
479 4480 815 4538 revertamiui
838 4521 853 4545 ,
897 4496 1073 4537 nonne
1100 4481 1222 4536 talia
1250 4481 1536 4536 dicentium
1564 4481 1777 4553 sangui-

212 4592 341 4632 nem
364 4576 655 4631 ebihissent
669 4572 854 4640 τρυοά
883 4574 927 4629 si
953 4573 1104 4627 vobis
1118 4572 1258 4629 istud
1278 4572 1451 4628 adhuc
1471 4573 1775 4643 conjectura

219 4669 427 4722 videtur
452 4680 591 4727 esse,
612 4663 1064 4719 demonstratione
1086 4664 1232 4717 clara
1271 4663 1526 4732 probabo,
1556 4678 1661 4719 non
1690 4674 1778 4717 tu-

216 4766 329 4812 tum
349 4754 515 4809 luisse
544 4753 714 4807 futura
746 4752 848 4807 illis
869 4752 1202 4816 denuntiare,
1231 4759 1491 4816 nostrum,
1524 4753 1736 4822 inquam
1758 4793 1776 4819 ,

216 4850 478 4903 honorem
507 4851 561 4897 et
579 4842 1000 4911 reprobatiouem
1028 4843 1253 4896 illorum.
1272 4841 1378 4895 Cur
1391 4844 1555 4906 enim,
1578 4855 1778 4910 quaiso,

214 4936 549 5007 Stephanum
589 4932 846 5001 primitias
880 4944 1172 5008 martyrum
1192 4928 1548 5001 lapidarunt?
1603 4942 1782 4983 nonne

213 5026 358 5097 quod
388 5025 492 5079 hoc
519 5023 595 5078 illi
626 5022 838 5079 crimini
858 5025 1134 5076 verterent
1162 5013 1525 5084 dit-erexitque,
1571 5017 1656 5069 Vir
1684 5019 1780 5097 ists

222 5096 452 5175 loquitur
475 5105 623 5158 verba
650 5101 1004 5171 blasphemia?
1040 5101 1202 5163 Dixit,
1232 5100 1399 5161 aiunt,
1424 5098 1660 5165 quoniam
1696 5096 1788 5151 Je-

221 5216 307 5253 sus
338 5199 561 5250 destruet
590 5193 827 5256 templum
856 5191 1018 5254 istud,
1045 5199 1093 5243 et
1122 5189 1330 5242 mutabit
1351 5189 1498 5254 ritus,
1531 5204 1655 5254 quos
1681 5197 1785 5239 tra-

222 5290 349 5338 didit
385 5286 587 5355 Moyses
614 5284 748 5351 (Act.
778 5282 829 5335 6.
865 5280 950 5331 ll.
981 5278 1093 5345 14),
1121 5287 1276 5345 atque
1304 5277 1500 5329 idcirco
1530 5275 1676 5329 illum
1709 5277 1784 5328 la-

222 5377 433 5447 pidibus
461 5378 768 5429 obruerunt.
790 5370 845 5424 Si
871 5377 978 5421 tum
1004 5368 1116 5420 haec
1139 5368 1323 5421 audire
1350 5383 1451 5419 non
1477 5374 1777 5432 potuerunt,

222 5468 381 5536 idque
418 5480 538 5519 cum
576 5478 663 5518 res
706 5464 835 5529 ipsa:
874 5458 1027 5512 ﬁdem
1070 5456 1200 5523 ipsis
1242 5457 1493 5522 deinceps
1524 5456 1775 5516 lacerent,

218 5557 487 5629 quomodo
510 5555 793 5624 pr0plietas
815 5551 927 5603 hzee
948 5548 1359 5616 praenuntiantes
1382 5545 1655 5599 tulissent?
1682 5546 1782 5596 Au-

219 5647 412 5710 divisti,
462 5645 825 5706 dilectissime,
870 5647 1081 5709 propter
1127 5637 1377 5703 templum
1409 5676 1423 5699 ,
1466 5645 1517 5687 et
1563 5644 1779 5703 promer

218 5741 489 5810 religionis
518 5738 863 5795 mutationem
888 5733 955 5790 ab
985 5732 1089 5789 illis
1116 5745 1233 5788 eum
1268 5728 1428 5784 luisse
1458 5728 1774 5798 lapidatum:

1172 388 1260 445 DE
1297 385 1828 445 PROPHETIARUM
1864 385 2357 446 OBSCURITATE.
2395 390 2435 446 l.

3343 404 3455 462 170

1889 497 2171 569 audi,quo
2216 510 2372 571 pacto
2396 501 2608 559 Christo
2651 503 2811 560 etiam
2861 504 3002 561 istud
3051 504 3218 577 ipsum
3248 507 3450 562 crimen

1887 587 2157 658 objiciant.
2178 589 2323 645 Dixit
2367 592 2527 659 enim,
2557 594 2819 664 inquiunt,
2845 596 2937 649 iste
2957 612 2976 650 :
3002 594 3193 651 Solvite
3212 596 3450 665 templum

1887 679 2001 745 hoc,
2029 689 2075 733 et
2103 680 2155 733 in
2184 680 2339 735 tribus
2362 681 2535 737 diebus
2557 684 2781 738 ascitabo
2811 684 2939 739 illud
2962 685 2981 755 (
3012 684 3192 738 Matth.
3222 684 3311 740 26.
3339 686 3401 741 6i
3429 701 3446 751 ;

1886 768 2038 824 Joan.
2060 768 2115 823 2.
2144 770 2210 826 i9
2234 772 2276 842 ).
2306 771 2465 828 Vides
2491 773 2685 843 ubique
2716 776 2896 846 templi
2916 776 3353 842 destructionem,
3384 791 3447 832 ac

1887 860 2158 930 religionis
2184 862 2529 917 mutationem
2554 864 2715 919 bilem
2740 865 2845 919 illis
2872 867 3141 922 movisse?
3166 865 3289 922 Ideo
3307 867 3449 922 dice-

1889 948 2019 1004 bant
2048 951 2148 1005 hoc
2172 952 2385 1021 quidem
2414 954 2707 1023 prophetae,
2735 956 2828 1010 sed
2866 957 3139 1011 evidenter
3167 972 3272 1011 non
3300 956 3447 1012 dice-

1886 1038 2031 1093 bant.
2061 1040 2185 1095 ideo
2211 1042 2430 1096 Paulum
2467 1044 2629 1098 etiam
2669 1044 2965 1099 interficere
2986 1046 3280 1114 voluerunt,
3304 1046 3444 1116 quod

1888 1128 1990 1184 illis
2022 1133 2363 1199 persuaderet
2402 1142 2458 1188 ut
2502 1135 2807 1205 religionem
2855 1146 3137 1192 mutarent.
3168 1138 3317 1194 Unde
3342 1139 3446 1195 hoc

1889 1217 2099 1289 liquet?
2133 1220 2284 1278 Vides
2302 1264 2316 1289 ,
2342 1226 2521 1294 frater,
2566 1223 2754 1295 inquit,
2787 1235 2904 1295 quot
2931 1227 3089 1281 millia
3116 1238 3231 1281 sunt
3267 1229 3319 1282 in
3346 1228 3445 1282 Ju-

1886 1309 2026 1375 daris,
2049 1315 2135 1382 qui
2162 1315 2498 1382 crediderunt,
2544 1327 2593 1370 et
2633 1334 2800 1372 omnes
2838 1320 2923 1373 isti
2950 1320 3213 1374 audierunt
3257 1324 3318 1374 de
3354 1331 3401 1376 te
3422 1363 3440 1389 ,

1886 1402 2020 1469 quod
2041 1401 2386 1459 discessionem
2411 1406 2589 1461 doceas
2614 1423 2647 1460 a
2672 1407 2777 1478 lege
2796 1410 2927 1478 (Act.
2956 1408 3047 1463 2|.
3069 1409 3137 1465 20
3161 1409 3203 1481 ).
3236 1409 3446 1467 Fideles

1885 1489 2066 1547 doceri
2102 1509 2161 1549 se
2200 1494 2579 1551 discessionem
2626 1513 2657 1552 a
2700 1500 2817 1570 lege
2864 1517 2966 1555 non
2995 1503 3359 1571 patiebantur;
3390 1512 3445 1559 et

1886 1581 1975 1649 qui
2004 1582 2234 1637 nondum
2264 1586 2597 1642 crediderant
2622 1630 2638 1654 ,
2659 1590 2925 1660 quomodo
2949 1592 3132 1647 audire
3153 1594 3446 1663 potuissent

1885 1669 2019 1734 lore,
2047 1680 2106 1726 ut
2128 1673 2215 1728 lex
2256 1675 2539 1745 aliquando
2567 1680 2840 1734 cessaret?
2881 1681 2957 1734 Ac
2996 1680 3206 1736 Iudaeos
3230 1682 3441 1752 quidem

1886 1757 2256 1817 interfecturos
2283 1764 2446 1820 fuisse
2475 1768 2778 1837 prophetas,
2803 1770 2848 1824 si
2877 1770 2999 1840 quid
3031 1771 3135 1827 tale
3162 1772 3440 1829 manifeste

1885 1852 2273 1920 prauiixissent,
2299 1857 2611 1913 testimoniis
2644 1859 2816 1916 allatis
2842 1862 3187 1928 ostendimus,
3218 1879 3283 1919 ex
3326 1865 3443 1935 ipso

1883 1940 2040 1997 beato
2083 1942 2331 2011 Ieremia,
2376 1962 2440 2001 ac
2480 1956 2863 2021 protomartyre
2903 1950 3192 2021 Stephano,
3217 1968 3284 2008 ex
3328 1954 3441 2024 ipso

1882 2026 2115 2098 Christo,
2137 2042 2194 2088 et
2211 2037 2451 2104 apostolo
2476 2036 2660 2093 Paulo.
2681 2038 2937 2096 Omnibus
2962 2041 3104 2096 enim
3129 2041 3313 2097 eadem
3339 2044 3442 2097 cri-

1886 2121 2013 2176 mini
2041 2124 2249 2193 dantes,
2284 2142 2378 2181 eos
2405 2128 2471 2183 de
2499 2128 2675 2184 medio
2719 2130 3062 2186 sustulerunt.
3090 2130 3237 2201 ipsos
3261 2142 3438 2188 autem

1886 2213 2220 2282 propheticus
2240 2219 2399 2274 etiam
2430 2219 2592 2275 libros
2616 2221 2990 2278 combusturos
3026 2237 3120 2279 eos
3160 2223 3321 2280 fuisse
3343 2265 3358 2290 ,
3393 2226 3436 2279 si

1882 2316 2001 2370 quae
2024 2303 2161 2359 dicta
2180 2305 2391 2362 fuerant
2415 2311 2822 2379 cognovissent,
2855 2312 2957 2367 hoc
2982 2327 3196 2383 quoque
3237 2329 3331 2384 per
3359 2314 3441 2369 hi-

1884 2396 2101 2451 storiam
2131 2399 2415 2468 quamdam
2446 2401 2671 2470 probare
2714 2412 2945 2475 satagam
2970 2405 3121 2460 vobis
3148 2406 3437 2470 occultam,

1881 2485 1976 2540 sed
2004 2502 2120 2555 quae
2162 2493 2439 2546 manifesta
2466 2496 2717 2549 continuo
2755 2495 2881 2549 tiet:
2914 2496 2984 2550 ita
3031 2496 3263 2551 conabor
3298 2498 3440 2553 illam

1818 2582 1821 2583 '
1862 2588 2170 2644 exponere.
2204 2580 2455 2645 Quaenam
2484 2583 2639 2651 igitur
2667 2585 2753 2638 illa
2778 2584 2995 2639 historia
3030 2586 3118 2652 sit,
3142 2586 3338 2643 audite.

1952 2665 2180 2722 Historia
2207 2669 2270 2723 de
2291 2669 2531 2726 Ieremia.
2548 2703 2620 2714 —-
2636 2673 2701 2727 Et
2724 2679 2912 2746 factum
2941 2687 3013 2731 est
3036 2678 3087 2731 in
3108 2694 3241 2731 armo
3263 2689 3441 2748 quarto

1878 2753 2081 2810 Joacim
2101 2758 2197 2826 ﬁlii
2218 2758 2378 2815 lositz
2403 2764 2538 2832 regis
2578 2764 2609 2817 .l
2617 2764 2736 2830 uda,
2769 2766 2895 2819 dixit
2936 2766 3183 2821 Dominus
3206 2769 3275 2821 ad
3296 2768 3442 2824 lere-

1879 2846 2067 2901 mium:
2091 2849 2265 2904 Scribe
2282 2853 2449 2905 omnia
2473 2854 2637 2919 verba,
2666 2871 2777 2925 quae
2804 2856 3035 2925 loquutus
3068 2874 3177 2911 sunt
3200 2860 3267 2911 ad
3293 2869 3368 2922 te,
3410 2877 3443 2912 a

1880 2936 2055 2991 diebus
2079 2936 2238 2993 Josite
2258 2957 2417 3010 usque
2451 2943 2519 2994 ad
2552 2943 2683 2996 diem
2710 2946 2840 2998 hanc
2884 2946 2903 3016 (
2937 2946 3045 3000 Jer.
3077 2947 3162 3001 56.
3212 2949 3262 3002 1.
3306 2947 3341 3001 2
3368 2948 3387 3018 )
3419 2963 3435 2998 ε

1881 3025 1984 3081 hoc
2008 3035 2109 3093 est,
2140 3031 2316 3083 omnia
2369 3031 2506 3085 mala
2552 3048 2668 3101 quze
2716 3035 2889 3104 cogito
2935 3035 3107 3091 facere
3148 3036 3245 3091 eis.
3275 3037 3428 3103 Vide,

1880 3116 2005 3186 quid
2034 3118 2290 3187 benignus
2317 3134 2379 3173 ac
2403 3121 2649 3189 providus
2676 3122 2816 3177 dicat
2842 3125 2997 3178 Deus.
3024 3124 3157 3180 Nam
3192 3128 3440 3196 quoniam

1880 3208 2083 3276 singula
2106 3209 2355 3264 nolebant
2384 3210 2587 3277 audire,
2620 3211 2842 3283 Collige,
2879 3214 3070 3285 inquit,
3104 3217 3189 3269 illa
3218 3218 3391 3271 omnia
3416 3258 3435 3283 ,

1880 3310 1942 3351 ac
1969 3307 2170 3351 metum
2194 3313 2349 3368 auge,
2381 3309 2445 3355 ut
2474 3301 2557 3355 vel
2583 3299 2683 3357 hac
2723 3304 2928 3358 ratione
2970 3306 3297 3374 resipiscam.
3335 3306 3441 3362 Rc-

1879 3386 2168 3441 eordamini
2190 3389 2432 3457 promissi
2456 3394 2622 3446 nostri
2646 3411 2661 3446 :
2691 3392 2743 3446 in
2765 3397 3057 3463 quarstione
3079 3397 3302 3464 positum
3328 3408 3432 3462 est,

1882 3486 1939 3531 ut
1962 3478 2303 3534 ostendamus
2330 3496 2423 3536 eos
2451 3482 2614 3537 libros
2638 3486 2779 3551 ipsos
2807 3484 3129 3539 laceraturos
3155 3486 3315 3542 luisse
3348 3528 3362 3550 ,
3396 3488 3441 3541 si

1881 3579 2070 3623 cuncta
2107 3585 2224 3639 qum
2248 3570 2406 3626 hodie
2430 3573 2781 3642 contigerunt,
2812 3575 2914 3628 illis
2945 3576 2997 3630 in
3022 3585 3248 3629 mentem
3269 3578 3445 3631 venis-

1879 3669 2017 3715 sent.
2048 3659 2203 3715 Forte
2226 3663 2429 3716 audient
2453 3664 2997 3732 mala(adlia:rendum
3016 3667 3152 3719 enim
3176 3675 3257 3721 est
3276 3664 3443 3720 histo-

1880 3751 1975 3805 ria:
2001 3751 2038 3821 ),
2069 3768 2180 3821 qua:
2216 3754 2376 3823 cogito
2405 3759 2569 3825 facere
2601 3756 2671 3807 eis
2696 3796 2711 3820 ,
2752 3764 2799 3808 et
2848 3764 3128 3808 avertentur
3168 3772 3200 3808 a
3244 3758 3323 3810 uia
3349 3773 3443 3811 sua

1881 3843 2077 3916 prava(
2106 3844 2240 3898 Ibid.
2269 3861 2317 3899 ν.
2348 3845 2382 3899 3
2406 3847 2446 3914 ).
2488 3843 2670 3912 Forte,
2704 3844 2830 3899 dicit
2868 3844 3048 3899 Deus?
3098 3860 3222 3900 num
3261 3847 3438 3916 igitur,

1884 3951 2084 4005 quaeso,
2118 3936 2290 3990 futura
2322 3937 2572 4006 ignorat?
2594 3950 2697 3988 non
2724 3934 2867 3987 novit
2893 3950 2959 3987 an
2990 3935 3215 3988 audituri
3243 3937 3367 4000 sint,
3392 3937 3438 3990 is

1881 4028 1971 4097 qui
2003 4028 2149 4081 novit
2177 4027 2353 4080 omnia
2376 4036 2655 4095 antequam
2689 4025 2838 4091 ﬁunt,
2867 4027 2955 4095 qui
2984 4026 3144 4079 corda
3168 4037 3436 4082 scrutatur

1880 4126 1935 4170 et
1957 4131 2130 4182 renes,
2153 4117 2241 4185 qui
2267 4116 2530 4169 discretor
2553 4124 2635 4169 est
2662 4116 3038 4185 cogitationum
3061 4125 3115 4171 et
3140 4117 3392 4171 mentium
3416 4159 3433 4179 .

1880 4208 2033 4278 cujus
2054 4207 2220 4262 oculis
2258 4207 2397 4262 nuda
2427 4216 2480 4261 et
2503 4216 2683 4274 aperta
2732 4216 2855 4260 sunt
2882 4207 3102 4260 omnia?
3126 4207 3235 4261 Cur
3260 4219 3437 4262 autem

1880 4298 2058 4363 dixit,
2090 4296 2245 4352 Forte
2287 4296 2536 4349 audient?
2561 4295 2690 4350 Nam
2716 4306 2771 4351 et
2820 4296 2934 4350 haec
2986 4308 3160 4364 operae
3210 4300 3437 4365 pretium

1882 4390 2039 4445 fuerit
2066 4404 2160 4443 vos
2179 4389 2443 4453 didicisse,
2474 4397 2689 4458 propter
2713 4404 2805 4443 eos
2824 4389 2913 4457 qui
2943 4389 3208 4456 uuigenito
3232 4390 3321 4443 Dei
3350 4389 3437 4443 Fi-

1881 4481 1954 4535 lio
1980 4480 2326 4550 ignorantiam
2354 4479 2623 4549 objiciunt.
2656 4478 2795 4533 Ecce
2844 4478 2984 4531 enim
3024 4478 3179 4532 Pater
3224 4493 3435 4549 quoque

1882 4571 2171 4641 ignorantis
2217 4571 2390 4625 verbis
2438 4570 2643 4623 utitur:
2692 4568 2973 4638 siquidem,
3020 4566 3193 4634 Forte,
3225 4584 3322 4623 vox
3353 4580 3437 4623 est

1882 4664 2169 4733 ignorantis
2197 4683 2209 4715 ε
2237 4668 2596 4715 verumtamen
2618 4675 2944 4731 nequaquam
2968 4661 3187 4731 ignorat.
3213 4662 3433 4728 Quando

1886 4754 2045 4823 igitur
2074 4763 2126 4807 et
2157 4753 2344 4806 Filium
2390 4753 2490 4806 tale
2531 4751 2655 4820 quid
2696 4752 2956 4806 dicentem
2987 4752 3268 4817 audiveris,
3292 4768 3436 4808 eam-

1880 4846 2002 4898 dem
2041 4845 2353 4899 sententiam
2384 4844 2611 4913 suscipe.
2647 4843 2776 4898 Nam
2821 4859 2939 4898 cum
2987 4844 3148 4898 Filius
3190 4846 3291 4910 sit,
3324 4845 3429 4900 ubi-

1882 4948 1985 5001 que
2006 4933 2216 4986 Patrem
2248 4933 2499 4986 imitatur.

1955 5019 2279 5074 Prtescientia
2302 5037 2401 5075 non
2424 5026 2494 5073 est
2517 5037 2667 5074 causa
2692 5021 2897 5092 peccati.
2914 5049 2983 5061 -—-
3003 5018 3106 5075 Sed
3130 5019 3439 5081 dillcramus

1887 5098 2141 5162 tantisper
2185 5096 2279 5147 has
2327 5096 2773 5149 concertationum
2806 5100 3131 5168 occasiones,
3160 5119 3229 5160 ne
3251 5118 3281 5161 ι
3314 5119 3431 5171 pro.

1888 5188 2056 5252 positu
2085 5197 2393 5255 argumento
2440 5189 2771 5242 discedamus
2796 5207 2809 5243 :
2832 5206 3126 5259 quzeramus
3155 5209 3251 5249 cur
3275 5196 3435 5263 dicat,

1883 5276 2039 5329 Forte
2083 5281 2305 5332 audient.
2356 5279 2412 5334 Si
2462 5279 2698 5345 dixisset,
2734 5282 2977 5343 Audient,
3014 5285 3210 5353 absque
3256 5284 3435 5350 Forte.

1883 5365 2070 5420 lalSum
2101 5369 2446 5421 luicsetmon
2494 5367 2633 5420 enim
2679 5380 2829 5421 erant
2873 5372 3119 5426 audituri.
3165 5376 3217 5431 Si
3250 5393 3431 5429 verum

1880 5459 2118 5521 dixisset,
2140 5457 2254 5511 Non
2284 5459 2518 5521 audient,
2552 5459 2739 5513 frustra
2786 5476 2887 5515 non
2920 5464 3175 5517 andituris
3208 5466 3436 5532 pr0pbe-

1880 5557 1986 5601 tam
2019 5551 2264 5603 misisset.
2299 5550 2477 5619 Neque
2519 5552 2713 5606 idcirco
2760 5563 2957 5607 tantum
2978 5597 2991 5617 ,
3024 5556 3113 5607 sed
3146 5571 3211 5609 ne
3238 5555 3342 5609 vim
3373 5572 3436 5611 ac

1881 5642 2243 5693 necessitatem
2267 5640 2495 5709 aliquam
2526 5643 2588 5695 ad
2612 5658 2713 5696 non
2738 5644 3027 5702 parendum
3056 5646 3246 5700 alTerre
3268 5646 3433 5714 ipsius

1882 5732 2211 5799 prmscicntia
2260 5741 2566 5800 putaretur,
2615 5743 2892 5800 propterea
2945 5749 3066 5790 cum
3110 5737 3435 5796 dubitatione
