4064 6214
573 371 679 427 171

574 471 798 542 quadam
829 470 938 524 hmo
973 468 1132 524 verba
1165 467 1396 537 protulit,
1429 483 1496 522 ne
1524 466 1659 524 forte
1685 464 1924 522 dicerent
1947 464 2128 534 aliqui,

575 560 822 616 Prtedixit
865 559 1023 623 Deus,
1062 567 1117 613 et
1144 559 1358 612 omnino
1386 558 1600 612 evenire
1628 556 1906 625 oportebat
1939 573 1952 610 :
1990 554 2130 624 quod

572 654 640 709 de
665 653 796 707 Juda
826 651 1000 706 solent
1027 651 1223 705 dicere.
1257 650 1525 712 Pra-dixit,
1555 649 1818 718 inquiunt,
1853 664 1973 701 eum
2006 661 2132 716 pro-

572 743 797 796 ditorem
844 741 1096 804 futurum,
1125 748 1180 794 et
1223 740 1418 794 idcirco
1461 739 1696 808 proditor
1743 737 1912 792 factus
1957 746 2058 792 est.
2087 735 2134 791 0

570 831 924 887 dementiam!
955 847 987 885 ο
1010 830 1418 898 impudentiam!
1451 829 1631 898 Neque
1669 828 1811 882 enim
1845 826 2129 895 przescien-

571 923 641 977 tia
670 921 882 976 malitia
905 935 1062 974 causa
1084 919 1200 985 fuit,
1231 920 1302 974 mi
1328 920 1488 974 homo
1515 935 1530 972 :
1557 918 1711 973 absit.
1739 917 1854 971 Non
1883 917 2022 971 enim
2045 932 2128 970 re-

571 1017 672 1071 bus
703 1015 889 1070 futuris
914 1013 1068 1069 aliert
1089 1012 1476 1077 necessitatem,
1503 1010 1597 1066 sed
1627 1009 1877 1079 przevidet
1907 1017 2128 1062 tantum.

569 1107 687 1162 Non
713 1108 831 1177 quia
861 1105 1100 1176 praedixit
1139 1103 1394 1168 Christus,
1424 1102 1590 1156 laetus
1628 1109 1710 1154 est
1739 1097 1972 1168 proditor
2005 1097 2128 1162 ille;

570 1197 664 1253 sed
690 1199 809 1267 quia
831 1195 1065 1266 proditor
1092 1195 1294 1248 futurus
1313 1201 1445 1258 erat,
1466 1191 1705 1247 Christus
1729 1189 1922 1245 ideirco
1944 1187 2132 1257 przedi-

569 1290 666 1343 xit.
690 1288 764 1342 Ne
785 1288 939 1358 igitur
958 1285 1044 1340 hic
1061 1284 1218 1340 etiam
1244 1285 1420 1338 dicant
1445 1297 1563 1336 eum
1584 1297 1688 1336 non
1715 1279 1986 1334 audituros
2010 1277 2132 1332 illos

571 1380 788 1444 dixisse,
817 1394 880 1433 ac
908 1377 1226 1447 paenitentia:
1271 1376 1406 1428 viam
1451 1373 1554 1428 illis
1597 1370 1946 1441 prmclusisse,
1988 1383 2129 1438 prae-

570 1473 731 1537 venit,
761 1481 915 1539 atque
956 1483 1168 1524 omnem
1197 1468 1524 1523 occasionem
1559 1465 1660 1520 illis
1689 1461 1976 1532 prteripuit,
2003 1460 2126 1515 dum

569 1560 838 1632 propheta:
859 1558 1008 1614 dixit.
1040 1556 1193 1610 Forte
1219 1556 1442 1610 audient.

641 1651 694 1705 5.
722 1647 1090 1704 Recordamini
1118 1646 1360 1716 promissi
1391 1663 1404 1700 :
1436 1661 1556 1700 nam
1583 1645 1780 1700 idcirco
1804 1644 2012 1699 assidue
2036 1658 2130 1696 vo-

568 1739 652 1793 bis
693 1740 746 1793 in
787 1737 1094 1793 memoriam
1125 1735 1252 1790 illud
1296 1750 1505 1797 revoco,
1540 1749 1606 1789 ne
1646 1749 1765 1788 cum
1813 1735 2127 1789 solutionem

569 1831 826 1897 attulero,
874 1830 1181 1900 quatstionis
1233 1829 1382 1882 initio
1435 1827 1802 1897 disputationis
1846 1827 2130 1896 proposita:

567 1922 686 1978 sitis
713 1922 1068 1976 immemores.
1115 1918 1390 1986 Quodnam
1421 1917 1578 1987 igitur
1607 1917 1733 1970 illud
1763 1916 1895 1970 fuit?
1922 1915 1977 1971 Si
2020 1915 2128 1970 sci—

567 2013 772 2067 vissent
797 2010 965 2065 Judtni
1005 2018 1258 2064 eventura
1299 2008 1402 2062 illis
1432 2007 1594 2062 fuisse
1637 2007 1795 2072 mala,
1836 2023 1953 2076 qua:
1977 2019 2127 2060 com-

567 2101 964 2173 prehenderunt
990 2101 1106 2155 illos
1135 2099 1292 2171 (hac,
1317 2100 1550 2168 inquam,
1573 2099 1708 2152 mala
1733 2113 1849 2165 qua:
1869 2112 2010 2152 nunc
2035 2111 2128 2150 eos

567 2195 850 2264 detinent),
877 2194 1019 2262 ipsos
1047 2192 1211 2247 libros
1239 2191 1638 2249 dilacerassent,
1671 2204 1839 2258 neque
1869 2188 2034 2242 sacris
2061 2187 2126 2240 li-

569 2287 697 2341 teris
733 2286 1113 2356 pepercissent.
1150 2281 1254 2338 Sed
1283 2281 1348 2335 ad
1389 2281 1660 2335 historiam
1702 2279 1999 2334 redeamus.
2031 2277 2128 2331 His

568 2376 755 2430 auditis
789 2382 928 2428 vocat
966 2372 1211 2427 Jeremias
1239 2369 1538 2439 discipulum
1566 2385 1710 2422 suum
1737 2366 1939 2421 Baruclt
1967 2366 2128 2436 ﬁlium

570 2464 764 2531 Neria,
794 2475 842 2518 et
867 2464 938 2517 ait
965 2463 1042 2516 illi
1064 2478 1082 2517 :
1106 2461 1279 2517 Scribe
1302 2462 1351 2513 in
1375 2461 1500 2513 libro
1520 2460 1652 2512 mala
1677 2459 1864 2522 omnia,
1891 2473 2002 2526 qua:
2027 2455 2131 2510 illis

569 2565 804 2610 euentura
823 2563 938 2608 sunt
963 2551 1097 2621 (Jer.
1123 2551 1212 2606 36.
1236 2552 1313 2618 4).
1338 2549 1472 2616 Quid
1499 2551 1597 2603 hoc
1619 2548 1693 2603 rei
1719 2547 1832 2602 est?
1859 2547 1998 2600 tibia
2024 2545 2130 2599 Deo

569 2645 871 2701 mandatum
893 2652 994 2709 est,
1023 2651 1076 2696 et
1094 2641 1406 2709 discipulum
1433 2639 1635 2694 mittis?
1661 2653 1786 2691 num
1805 2636 2002 2705 refugis
2022 2649 2130 2703 pra:

567 2735 798 2791 timore?
823 2750 948 2788 num
979 2732 1214 2788 vereris?
1244 2747 1368 2784 num
1412 2728 1764 2784 reformidas?
1804 2728 1849 2782 si
1879 2735 1935 2780 tu
1965 2725 2132 2780 refor-

568 2828 758 2890 midas,
786 2840 890 2895 quo
916 2833 1067 2894 pacto
1091 2821 1380 2890 discipulus
1414 2819 1664 2874 audebit?
1689 2821 1755 2872 At
1783 2818 1913 2871 nihil
1943 2818 2129 2869 horum

568 2925 690 2982 est;
718 2914 928 2970 additur
967 2913 1108 2967 enim
1135 2925 1331 2966 causa:
1373 2924 1493 2962 nam
1530 2921 1650 2962 cum
1688 2906 1927 2969 dixisset,
1958 2904 2130 2958 Scribe

568 3025 628 3061 ac
648 3008 772 3078 lege,
803 3004 1075 3074 subiunxit
1103 3020 1116 3056 :
1145 3001 1254 3072 Ego
1281 3001 1411 3054 enim
1437 2999 1658 3053 detineor
1676 2998 1729 3050 in
1751 3012 1944 3048 carcere
1968 2993 2126 3063 (Ibid.

569 3117 617 3154 st.
650 3100 730 3169 5).
759 3098 803 3154 Ο
831 3094 1347 3166 magnanimitatem!
1381 3091 1437 3146 In
1467 3090 1688 3144 vinculis
1712 3096 1844 3150 erat,
1871 3096 1926 3142 et
1953 3101 1984 3139 a
2012 3100 2130 3155 pro-

569 3189 744 3260 phetia
767 3202 870 3242 non
895 3185 1209 3240 abstinebat.
1231 3181 1574 3238 Attendamus
1597 3179 1722 3249 justi
1745 3177 2128 3242 fortitudinem,

571 3282 792 3350 ejusque
834 3278 994 3334 animi
1051 3273 1455 3345 philosophiam.
1501 3270 1616 3324 Non
1663 3268 1796 3323 dixit
1843 3267 1981 3337 apud
2029 3280 2128 3321 se:

569 3372 701 3426 Tam
741 3371 902 3426 multa
933 3368 1059 3422 milti
1103 3374 1320 3437 prepter
1364 3362 1500 3416 hanc
1545 3359 1794 3430 loquendi
1835 3359 2130 3413 libertatem

575 3462 710 3515 mala
761 3460 1096 3528 contigerunt
1135 3474 1149 3510 :
1205 3455 1479 3509 innumera
1530 3449 1735 3522 profudi
1791 3448 1984 3512 verba,
2033 3459 2131 3501 nec

571 3551 854 3620 quidquam
882 3546 1100 3618 profeci,
1132 3561 1302 3616 neque
1331 3545 1463 3600 lucri
1493 3544 1617 3598 mihi
1659 3543 1755 3596 fuit
1781 3540 1943 3605 aliud,
1972 3554 2128 3608 quam

576 3651 632 3694 nt
659 3640 710 3693 in
738 3639 942 3692 vincula
967 3637 1261 3705 conjicerer
1286 3652 1301 3688 :
1328 3634 1549 3689 necdum
1586 3647 1669 3686 me
1698 3632 1836 3686 Dens
1860 3645 1888 3683 a
1912 3629 2132 3684 vinculis

573 3729 830 3790 liberavit,
857 3735 912 3780 et
937 3741 1020 3779 me
1063 3738 1244 3778 rursus
1268 3724 1335 3777 ad
1377 3723 1493 3777 illas
1539 3723 1739 3777 belluas
1767 3721 1964 3774 mittit?
1992 3719 2132 3774 Nihil

576 3820 764 3873 horum
792 3826 880 3870 aut
907 3816 1057 3882 dixit,
1086 3823 1176 3868 aut
1202 3815 1483 3884 cogitavit;
1515 3813 1608 3866 sed
1639 3812 1690 3866 id
1735 3827 1896 3866 unum
1921 3819 2130 3880 specta-

576 3911 685 3974 bat,
731 3917 788 3960 ut
833 3905 1038 3960 Domini
1081 3913 1399 3974 praeceptum
1427 3903 1704 3972 perliceret
1742 3917 1756 3952 :
1803 3911 1858 3955 et
1885 3901 2131 3970 quoniam

576 4015 670 4068 per
697 3997 930 4066 seipsum
957 4009 1061 4049 non
1089 4002 1314 4064 poterat.
1346 4008 1440 4063 per
1458 3993 1770 4062 discipulum
1798 3991 1924 4046 illud
1951 3993 2135 4059 imple-

576 4089 673 4144 vit.
701 4086 829 4155 Lege
854 4099 1079 4154 namque
1105 4085 1227 4148 illis,
1259 4083 1446 4152 inquit,
1474 4093 1519 4139 et
1542 4085 1623 4135 die
1651 4085 1820 4136 omnia
1846 4084 1996 4136 mala.
2028 4083 2135 4153 Ego

578 4179 709 4232 enim
737 4177 956 4230 detineor
980 4176 1030 4227 in
1065 4190 1259 4228 carcere
1285 4172 1443 4242 (Ibid.
1472 4189 1519 4226 ll.
1548 4172 1623 4244 6).
1652 4173 1718 4226 Et
1742 4173 1946 4227 dicebat
1983 4172 2134 4228 Jere-

579 4271 734 4335 ntias,
779 4276 832 4322 et
874 4266 1077 4320 Baruch
1122 4265 1383 4320 scribebat
1412 4266 1462 4318 in
1507 4265 1660 4318 libro.
1688 4265 1881 4334 Jejunii
1932 4275 2137 4334 tempus

581 4358 698 4423 fuit,
724 4372 842 4412 cum
874 4356 986 4411 hme
1011 4355 1195 4410 tierent
1223 4373 1236 4408 :
1269 4355 1456 4410 festum
1489 4355 1733 4419 instabat,
1760 4355 1897 4423 quod
1926 4355 1992 4408 ad
2022 4371 2137 4409 me-

582 4447 830 4518 tropolitn
871 4461 1052 4501 omnes
1079 4445 1294 4500 vocabat
1323 4462 1337 4498 :
1364 4461 1669 4500 communes
1692 4446 1882 4514 quippe
1905 4459 2134 4498 conveno

583 4548 666 4592 tus
693 4538 775 4607 agi
814 4538 1065 4608 oportuit,
1093 4535 1515 4606 quandoquidem
1542 4535 1609 4590 de
1648 4534 1958 4589 necessariis
1984 4534 2140 4588 rebus

583 4626 975 4682 deliberandum
1004 4627 1055 4680 in
1083 4626 1311 4680 comitiis
1339 4624 1458 4678 fuit.
1505 4623 1769 4694 Ingratus
1793 4632 1863 4677 est
1900 4625 1966 4676 ad
1996 4625 2139 4693 prin-

585 4721 718 4787 cipes
749 4715 971 4782 Baruclt,
999 4725 1043 4768 et
1067 4717 1182 4784 legit
1203 4718 1256 4768 in
1280 4717 1482 4768 auribus
1508 4717 1788 4784 principum
1809 4714 1976 4765 omnia
1996 4712 2143 4767 verba

587 4814 692 4864 lucc
717 4807 875 4878 (Ibid.
906 4823 954 4860 υ.
997 4807 1060 4860 14
1081 4805 1192 4874 ,15)
1226 4822 1238 4858 :
1269 4812 1324 4858 et
1351 4820 1562 4859 causam
1605 4806 1763 4858 etiam
1795 4803 1928 4856 dixit
1960 4821 1972 4856 :
2005 4801 2140 4856 For-

587 4913 717 4957 tasse
758 4913 1002 4969 namque,
1048 4897 1232 4966 inquit,
1271 4897 1412 4949 cadet
1453 4897 1795 4949 misericordia
1833 4904 1992 4948 vestra
2031 4903 2146 4948 ante

587 4996 764 5064 faciem
788 4991 991 5046 Domini
1015 4987 1170 5060 (Ibid.
1199 5005 1246 5040 υ.
1276 4986 1330 5058 7)
1355 5003 1372 5038 :
1404 5002 1470 5040 ne
1487 4988 1849 5040 existimarent
1871 5000 1992 5039 eum
2015 4993 2146 5038 tam-

587 5096 745 5153 quam
774 5088 1130 5135 accusatorem
1170 5076 1283 5131 luec
1325 5076 1523 5142 dicere,
1569 5076 1662 5130 sed
1700 5083 1758 5128 ut
1789 5089 1908 5128 cum
1947 5075 2013 5128 ad
2055 5087 2149 5129 eos

588 5169 850 5226 sanandos
875 5169 1082 5223 venisse
1124 5168 1293 5236 ipsum
1335 5166 1748 5229 intellexissent,
1793 5165 2055 5233 aequiores
2085 5178 2148 5219 ac

590 5260 921 5330 benigniores
949 5257 1318 5313 redderentur.
1346 5256 1480 5324 Quid
1510 5271 1637 5324 ergo
1665 5256 1774 5309 illi?
1799 5255 1930 5309 Cum
1954 5256 2150 5323 gratias

593 5365 749 5422 agere
793 5348 1131 5419 oportuisset,
1179 5362 1298 5401 cum
1343 5362 1463 5401 eum
1507 5345 1741 5410 laudare,
1784 5359 1902 5399 cum
1943 5345 2150 5408 elierre,

594 5442 723 5497 nihil
746 5443 936 5497 horum
959 5447 1136 5508 agunt,
1167 5439 1260 5490 δρα
1288 5438 1540 5492 abeuntes
1569 5437 2008 5491 annuntiaverunt
2040 5434 2151 5504 regi

593 5549 711 5604 qna:
738 5533 931 5600 scripta
960 5537 1110 5584 erant
1137 5530 1185 5580 itt
1216 5527 1369 5592 libro,
1397 5539 1449 5582 et
1479 5527 1836 5597 deposuerunt
1880 5525 2067 5578 librum
2100 5526 2151 5579 itt

595 5623 752 5677 dotno
777 5621 1002 5675 Elisanta
1035 5617 1194 5688 (Ibid.
1224 5633 1271 5670 v.
1300 5620 1416 5686 20).
1448 5616 1514 5669 Et
1548 5633 1661 5670 cum
1691 5617 1920 5681 misisset,
1953 5615 2153 5683 inquit,

595 5727 684 5765 rex
713 5711 901 5778 Juden,
935 5724 1094 5764 unum
1122 5723 1184 5763 ex
1224 5706 1606 5777 apparitoribus
1643 5708 1773 5775 suis,
1807 5707 1986 5761 librum
2005 5708 2158 5777 jussit

557 973 570 1003 \

1294 354 1349 410 S.
1389 353 1663 412 JOANNIS
1696 351 2162 411 CilRYSOSTOMl
2201 346 2510 407 ARCIIIEP.
2547 349 3071 410 CONSTANTINOP.

3675 364 3784 419 172

2236 461 2430 528 aﬂ'erri.
2455 462 2521 516 Et
2543 463 2738 518 sedebat
2776 481 2865 519 rea:
2908 466 2962 519 in
3007 466 3155 519 domo
3201 464 3404 518 hiemali
3431 464 3564 535 (Jer.
3593 466 3788 522 36.2l.

2237 551 2333 621 22)
2357 569 2371 606 :
2394 554 2588 608 mensis
2606 554 2800 624 quippe
2821 570 2988 609 nonus
3007 565 3141 621 erat,
3163 553 3264 609 hoc
3281 563 3365 610 est
3377 555 3673 613 November
3689 558 3788 625 (a),

2236 652 2290 696 et
2314 657 2507 696 nonum
2535 644 2764 711 appellat
2790 659 2818 697 a
2847 644 3033 699 Martio
3057 645 3383 700 numerando
3413 663 3426 700 :
3458 661 3580 702 nam
3609 657 3663 702 et
3692 647 3793 703 hoc

2235 728 2509 799 diligenter
2534 731 2917 788 observandum
2943 743 3042 789 est.
3065 732 3121 788 Si
3149 735 3290 789 enim
3313 750 3344 789 a
3371 735 3668 804 Septembri
3695 753 3794 792 nu-

2235 830 2506 885 merasset,
2537 821 2706 876 hiems
2745 832 2853 878 tum
2899 825 3152 893 temporis
3190 839 3310 881 esse
3352 839 3455 880 non
3501 824 3789 884 debuisset.

2234 907 2341 966 Cur
2367 912 2521 981 igitur
2544 913 2644 968 hoc
2663 913 2818 968 etiam
2833 914 3169 984 adjungitur?
3193 930 3256 970 ex
3273 916 3337 971 iis
3359 931 3476 985 quae
3501 927 3795 986 sequuntur

2233 1009 2415 1068 aperte
2437 1015 2743 1069 cognosces.
2766 1002 2832 1056 Et
2852 1007 2991 1073 focus
3009 1005 3140 1074 ignis
3162 1015 3276 1058 ante
3301 1005 3443 1058 illum
3468 1021 3488 1058 :
3509 1007 3789 1068 carbones.

2234 1091 2419 1160 inquit,
2459 1093 2704 1161 quoniam
2752 1093 2914 1162 frigus
2955 1104 3089 1148 erat.
3117 1093 3320 1149 Videtis
3348 1103 3404 1149 ut
3440 1095 3567 1150 nihil
3593 1110 3622 1150 a
3649 1095 3795 1152 Scri-

2233 1191 2384 1248 ptura
2409 1195 2556 1235 sacra
2580 1183 2885 1237 omittatur?
2913 1183 2976 1237 Et
2992 1183 3249 1239 carbones
3270 1184 3405 1253 ignis
3430 1193 3554 1240 ante
3578 1186 3790 1254 ipsnm:

2230 1278 2283 1322 et
2304 1270 2754 1324 circumsistebant
2777 1285 2898 1326 eum
2925 1282 3150 1341 satrapze
3174 1289 3188 1325 :
3219 1273 3410 1328 allatus
3435 1281 3519 1328 est
3542 1273 3681 1328 liber
3703 1274 3788 1328 in-

2232 1360 2462 1414 numeris
2486 1358 2787 1414 redundans
2807 1359 2962 1414 bonis
2986 1362 3266 1430 (malorum
3293 1364 3487 1434 quippe
3515 1364 3789 1434 prophetia

2231 1447 2485 1502 malorum
2534 1458 2650 1502 erat
2690 1447 3056 1520 propulsatio),
3101 1459 3156 1506 et
3199 1451 3488 1522 legebatur.
3531 1453 3792 1508 Nemores

2229 1539 2376 1602 mihi,
2405 1554 2602 1608 quasso,
2629 1547 2795 1594 estote
2824 1541 3090 1610 promissi.
3118 1538 3184 1595 Et
3208 1557 3321 1595 cum
3348 1544 3540 1613 legisset
3565 1545 3652 1598 ille
3684 1553 3786 1599 tres

2231 1628 2472 1699 pagellas,
2495 1638 2693 1698 sumpto
2719 1630 2936 1699 scapello
2963 1630 3130 1697 scidit,
3167 1641 3214 1685 et
3239 1632 3292 1684 in
3319 1634 3487 1701 focum
3512 1632 3642 1702 ignis
3671 1649 3791 1702 pro-

2223 1718 2369 1788 jecit,
2391 1718 2544 1772 donec
2569 1728 2724 1773 totum
2747 1719 2974 1773 volumen
3002 1721 3180 1789 defecit
3209 1720 3366 1792 (Ibid.
3392 1736 3441 1774 υ.
3465 1719 3578 1790 25).
3602 1722 3787 1786 Vides,

2230 1817 2378 1862 utne
2424 1808 2570 1862 libris
2607 1808 2817 1876 quidem
2850 1810 3104 1878 parcant?
3131 1819 3188 1864 ut
3215 1826 3282 1866 ne
3323 1825 3353 1864 a
3384 1811 3552 1866 literis
3574 1811 3788 1881 quidem

2229 1899 2394 1953 sacris
2431 1897 2764 1952 abstineant?
2791 1899 3047 1963 Quoniam
3094 1900 3450 1970 captivitatem
3493 1900 3788 1957 Jerusalem

2227 1989 2549 2054 continebat,
2568 2003 2687 2044 eum
2705 1988 2960 2044 conscidit
2984 2005 3002 2042 :
3022 1999 3077 2045 et
3103 2005 3220 2044 cum
3247 1990 3553 2060 prophetam
3581 2007 3685 2045 non
3709 1991 3792 2045 in-

2228 2081 2480 2144 venisset,
2518 2081 2571 2133 in
2602 2080 2778 2134 literas
2809 2079 2938 2134 iram
2982 2079 3186 2135 eﬂ'udit.
3215 2081 3312 2148 Qui
3340 2095 3468 2150 ergo
3498 2095 3584 2135 res
3612 2081 3788 2136 inani-

2228 2180 2396 2224 matas
2426 2172 2497 2224 ita
2525 2169 2870 2239 persequitur,
2902 2169 2947 2224 si
2971 2170 3144 2224 anima
3176 2169 3449 2239 praeditum
3479 2170 3787 2232 invenisset,

2227 2259 2350 2328 quid
2381 2273 2484 2313 non
2515 2257 2756 2313 fecisset?
2781 2258 2908 2312 Nam
2932 2257 3375 2326 quemadmodum
3394 2274 3552 2314 steva:
3577 2259 3788 2323 belline,

2227 2363 2346 2403 cum
2373 2364 2465 2403 eos
2507 2349 2842 2417 arripuerint,
2882 2349 2967 2418 qni
2997 2362 3115 2404 curn
3142 2349 3269 2417 ipsis
3294 2349 3584 2414 decertant,
3631 2359 3685 2402 et
3714 2349 3790 2404 illi

2227 2439 2420 2496 deinde
2447 2440 2641 2495 relictis
2666 2439 2717 2494 in
2743 2454 2834 2494 ore
2857 2440 3144 2494 belluarum
3174 2439 3416 2509 pellibus,
3445 2439 3636 2509 quibus
3657 2441 3792 2492 arni-

2227 2533 2456 2599 ciuntur,
2485 2531 2800 2601 aufugerim,
2836 2531 2950 2585 illas
2973 2531 3164 2586 deinde
3190 2529 3494 2599 discerpunt
3518 2530 3789 2598 dentibus,

2229 2631 2287 2675 ut
2312 2623 2382 2676 ita
2412 2623 2638 2676 furorem
2679 2635 2829 2675 suum
2873 2621 3156 2690 expleant:
3205 2621 3274 2674 ita
3305 2619 3550 2673 nimirum
3595 2628 3648 2672 et
3694 2633 3790 2673 rex

2229 2711 2370 2766 fecit.
2391 2711 2503 2766 Non
2530 2710 2748 2766 oﬂendit
2770 2726 2912 2776 eum,
2937 2711 3026 2779 qui
3047 2709 3236 2764 librum
3259 2709 3490 2773 tenebat,
3515 2717 3570 2763 et
3593 2708 3790 2762 librum

2229 2802 2485 2857 conscidit
2513 2819 2526 2856 :
2555 2816 2726 2871 neque
2771 2793 3024 2856 conscidit
3067 2800 3260 2866 solum,
3290 2799 3383 2854 sed
3432 2807 3486 2853 et
3517 2798 3568 2851 in
3613 2797 3790 2852 focum

2230 2892 2362 2962 ignis
2393 2892 2590 2962 injecit,
2616 2900 2672 2946 ut
2699 2906 2765 2945 ne
2793 2891 3028 2959 reliquiae
3047 2891 3259 2960 quidem
3286 2904 3350 2945 ex
3379 2888 3544 2943 literis
3571 2887 3673 2941 illis
3699 2901 3790 2940 re-

2229 2991 2450 3038 starent.
2473 2981 2577 3036 Sed
2614 2980 2843 3036 nondum
2869 2995 3081 3034 omnem
3110 2980 3224 3049 ejus
3259 2979 3542 3034 amentiam
3574 2990 3791 3046 perspe-

2230 3082 2369 3128 ctam
2395 3071 2631 3127 habetis:
2652 3071 2812 3141 probe
2835 3084 2960 3126 vero
2984 3069 3181 3133 scietis,
3199 3069 3243 3124 si
3268 3066 3552 3123 narrationi
3567 3067 3793 3134 diligen-

2231 3172 2312 3218 ter
2335 3161 2678 3218 attenderilis.
2709 3159 2822 3216 Non
2851 3160 2990 3216 enim
3019 3158 3150 3214 dixit
3177 3173 3296 3212 eum
3339 3167 3450 3212 toto
3489 3156 3626 3210 lecto
3654 3155 3792 3209 libro

2232 3252 2418 3308 deinde
2444 3253 2612 3324 ipsum
2639 3253 2904 3308 exussisse
2929 3267 2942 3304 :
2973 3249 3229 3320 quinimo,
3256 3247 3381 3304 Cum
3402 3257 3500 3301 tres
3519 3256 3792 3316 quatuorve

2234 3342 2454 3411 pagellas
2498 3342 2714 3411 legisset,
2761 3342 2927 3409 ipsum
2972 3340 3233 3394 conscidit.
3263 3337 3341 3393 Ne
3378 3340 3546 3408 ipsum
3575 3335 3791 3405 quidem

2232 3429 2470 3485 lectionis
2493 3429 2654 3484 ﬁnem
2675 3430 3018 3499 exspectavit,
3042 3429 3136 3484 sed
3162 3427 3230 3483 ab
3253 3429 3368 3497 ipso
3391 3427 3647 3496 prommio
3669 3439 3793 3479 con-

2231 3521 2403 3577 festim
2428 3530 2762 3590 exasperatus
2782 3530 2880 3575 est.
2906 3520 3189 3588 Pmpterea
3216 3527 3381 3573 tutum
3405 3532 3507 3571 non
3529 3523 3646 3570 erat
3670 3530 3793 3584 pro-

2233 3612 2404 3682 phetis
2432 3611 2600 3666 futura
2642 3609 2816 3664 omnia
2847 3609 2982 3664 mala
3007 3608 3204 3664 Iudaeis
3224 3617 3405 3677 aperte
3433 3606 3628 3661 dicere.
3655 3605 3791 3660 Nam

2233 3705 2276 3756 si
2305 3703 2656 3772 captivitatem
2683 3701 2748 3754 ad
2773 3709 2979 3769 tempus
3005 3699 3227 3752 futuram
3253 3697 3436 3751 audire
3459 3695 3672 3750 minime
3698 3708 3793 3766 po-

2233 3791 2352 3855 tuit,
2375 3790 2639 3859 quomodo
2663 3801 2962 3858 perpetuam
2987 3787 3192 3843 discere
3215 3785 3589 3842 sustinuisset?
3611 3785 3793 3854 Neque

2233 3889 2509 3936 contentus
2534 3881 2632 3932 hoc
2656 3878 2752 3932 fuit
2773 3894 2861 3933 rex
2887 3895 2900 3930 :
2933 3878 3028 3932 sed
3054 3879 3215 3943 misit,
3244 3876 3430 3946 inquit,
3457 3875 3523 3930 ad
3551 3891 3796 3945 quaren-

2233 3971 2358 4027 dum
2385 3971 2574 4041 ubique
2602 3969 2930 4039 prophetam,
2958 3968 3051 4024 sed
3075 3983 3180 4023 non
3205 3969 3402 4021 invenit
3426 3981 3546 4020 eum
3576 3983 3591 4020 :
3619 3967 3796 4020 occul-

2237 4062 2362 4116 tavit
2403 4061 2542 4115 enim
2587 4059 2731 4113 illum
2765 4059 2902 4114 Deus
2945 4057 3101 4126 (Ibid.
3147 4071 3194 4109 υ.
3237 4055 3353 4126 26).
3383 4055 3533 4109 illum
3577 4053 3794 4124 quidem

2237 4161 2347 4206 tum
2390 4149 2526 4215 loco,
2555 4159 2776 4204 czeteros
2809 4157 2983 4201 autem
3015 4146 3297 4216 prophetas
3333 4159 3516 4200 eorum
3549 4143 3796 4198 obscuri-

2238 4248 2343 4294 tate
2367 4255 2483 4308 qua:
2507 4237 2815 4293 dicebantur
2839 4235 3138 4290 occultavit.

2305 4328 2360 4382 6.
2390 4326 2567 4395 Neque
2585 4341 2711 4381 vero
2740 4333 2938 4379 tantum
2967 4339 3032 4379 ex
3057 4323 3139 4378 his
3168 4322 3318 4377 nobis
3346 4321 3606 4392 liquebit,
3653 4321 3798 4389 apud

2236 4415 2444 4471 Judznos
2472 4413 2637 4468 audax
2662 4414 2784 4468 illud
2816 4412 3016 4468 facinus
3037 4413 3300 4468 exstitisse
3319 4453 3334 4475 ,
3363 4411 3630 4480 animique
3651 4411 3800 4478 peri-

2239 4504 2368 4560 culis
2395 4515 2595 4558 temere
2623 4517 2740 4558 sese
2764 4502 3079 4570 ohjicientis,
3104 4509 3417 4556 eventurum
3437 4500 3676 4571 gentibus
3704 4501 3803 4554 ho-

2301 4633 2374 4712 Ψ)
2405 4629 3502 4712 ἓέἳὲἓὲἓνιΈλῖἴ.ΫΪζἨ⁵⁸ζιέθδὲ¹ἓξ.-ίη
3529 4630 3801 4712 ἓθῇιιὲωσ

2241 4688 2377 4754 neg.',
2401 4688 3295 4762 ΧαζτιιιὶιηιδΜαι-ωηατμνὲπιεω.,ΠΜτ
3336 4690 3492 4750 Colb.,
3524 4691 3722 4763 sioenim
3761 4707 3796 4742 a

2241 4753 2495 4824 Novembri
2518 4757 2833 4824 {tumerasseg
2859 4759 2914 4800 Ut
2948 4756 3111 4824 autem
3145 4750 3440 4824 tntelhgatur
3477 4750 3654 4824 clarius
3670 4754 3805 4824 quid

2241 4814 2320 4864 hic
2340 4813 2430 4862 sibi
2453 4810 2572 4860 velit
2594 4811 2988 4875 Chrysostomus:
3016 4819 3122 4860 Haec
3143 4817 3282 4875 gesta
3307 4810 3446 4875 sunt,
3463 4872 3472 4875 _
3489 4813 3652 4875 inquit
3663 4810 3805 4875 tere;

2245 4877 2389 4942 mlas,
2403 4885 2574 4942 mense
2597 4872 2745 4942 nono,
2779 4880 2990 4942 tuncqne
3029 4884 3123 4942 rex
3149 4872 3425 4942 sedebat-in
3444 4872 3809 4942 domo_hiemaii

2246 4942 2298 4984 et
2319 4931 2430 4982 ante
2456 4935 2624 4990 focum,
2649 4931 3045 5004 frigorisscilicet
3085 4931 3362 5004 depellendi
3399 4945 3557 5004 causa.
3583 4934 3699 5004 Cum
3722 4946 3809 4981 au-

2245 5004 2347 5044 tem
2369 5007 2523 5042 nonus
2543 4995 2722 5041 mensis
2743 5006 2770 5061 a
2810 4995 2910 5050 Dio,
2933 4996 3014 5100 (in
3039 4995 3219 5063 primus
3238 5001 3344 5041 erat
3363 4995 3628 5042 secundum
3653 5001 3810 5042 uace-

2246 5055 2464 5124 donicutn
2481 5053 2758 5124 numerandt
2773 5053 2928 5124 ritum
2987 5052 3208 5124 attacth
3229 5063 3496 5124 receptum,
3522 5066 3812 5124 numerare-

2248 5123 2344 5172 tur,
2369 5127 2397 5163 a
2419 5117 2517 5172 Dio,
2539 5114 2674 5181 cuius
2825 5113 3110 5181 Septembri,
3147 5125 3259 5181 pars
3293 5113 3500 5181 oetobri_
3522 5115 3807 5181 respondet,

2248 5171 2402 5224 nomn
2422 5171 2780 5234 mensis—incidit
2797 5176 2843 5220 in
2869 5171 3033 5234 ﬂaium
3066 5179 3116 5221 et
3137 5171 3324 5221 Iunium
3338 5187 3363 5234 ;_
3374 5173 3504 5234 atqui
3537 5174 3583 5220 hi
3608 5171 3810 5223 menses

2251 5249 2347 5284 non
2359 5237 2404 5282 in
2415 5242 2605 5294 tempus
2618 5232 2872 5294 hibernum
2895 5233 3134 5292 incidunt;
3153 5245 3305 5294 quare
3326 5232 3454 5281 aliud
3469 5235 3707 5282 mensium
3721 5235 3813 5283 ini-

2250 5297 2371 5344 tium
2393 5291 2610 5356 prOponit
2630 5291 3016 5354 Cbrysostomus;
3041 5291 3218 5353 nempe
3246 5291 3546 5350 Xanthicum,
3571 5296 3655 5355 qui
3676 5307 3813 5343 men-

2251 5357 2318 5404 sis
2337 5353 2596 5416 respondet
2613 5355 2780 5414 partim
2799 5354 3070 5416 Februario,
3086 5354 3254 5416 partim
3269 5355 3440 5411 startio,
3457 5356 3522 5402 ita
3539 5362 3592 5402 ut
3608 5356 3817 5416 maxima

2415 5390 2780 5426 ἱνν“τ““¹ἷ.¹’““ῗ.““⁵¹
2801 5390 2857 5424 '."
2866 5390 2998 5426 “'32”:
3009 5390 3070 5413 ’ν’
3087 5390 3158 5426 r'"
3170 5390 3254 5426 "i"
3269 5390 3347 5400 ’““““¹
3361 5390 3440 5411 ""’
3458 5390 3522 5402 ""
3542 5390 3584 5424 *ἶ

2253 5427 2364 5476 pars
2383 5412 2486 5476 ej’ns
2508 5417 2555 5462 in
2579 5412 2788 5462 Martium
2826 5414 3019 5472 incidat,
3059 5412 3227 5521 sia‘tlte
3259 5426 3413 5462 nonus
3433 5416 3616 5462 mensis
3636 5427 3663 5462 a
3686 5412 3818 5463 Xan-

2255 5476 2382 5548 ιιιί,οο
2404 5477 2452 5548 ita
2473 5473 3021 5548 ,εονεφρτεωηίιιςίάειν
3188 5476 3230 5548 ες
3244 5547 3247 5548 ,
3263 5473 3456 5548 diem
3489 5473 3821 5548 ιειςυείμριει

2256 5544 2416 5584 autem
2439 5536 2514 5583 hic
2536 5547 2615 5583 Δίου
2630 5536 2832 5583 Januarii
2856 5543 3069 5584 verterat
3092 5541 3260 5584 Fronto
3283 5542 3496 5583 nucetis.
3517 5537 3633 5583 Hinc
3652 5543 3821 5584 autem

2255 5596 2554 5644 conﬁrmatur
2586 5595 2632 5642 id
2668 5595 2798 5656 quod
2837 5593 3250 5656 vulgostatuitur,
3285 5596 3822 5656 Autiochenosnenne

2257 5656 2565 5705 Macedonicis
2586 5653 2830 5703 mensibus
2851 5653 2962 5706 usds
2985 5653 3150 5705 fuisse.
3188 5654 3310 5704 Vide
3335 5659 3573 5705 Usserium
3593 5654 3658 5704 de
3682 5653 3825 5706 Auito

2259 5717 2552 5768 ttacedonico
2576 5727 2626 5766 et
2647 5715 2809 5766 solari.
