4064 6214
265 391 376 447 171

260 501 497 571 φιϐόλως
527 500 733 555 τέθεικε
770 501 839 555 τά
888 500 1137 568 ῥήματα,
1177 500 1262 553 ἴνα
1295 499 1367 569 μὴ
1414 496 1611 573 λέγωσί
1646 511 1809 556 τινες,

259 594 347 648 ὅτι
384 593 642 662 προεῖπεν
685 593 714 642 ὁ
749 588 899 652 Θεὸς,
933 589 1027 642 καὶ
1073 588 1286 652 πάντως
1322 588 1424 641 ἔδει
1462 586 1741 655 γενέσθαι·
1780 585 1810 637 δ

264 685 361 736 καὶ
400 684 529 748 περὶ
557 680 650 734 τοῦ
700 680 866 736 Ἰούδα
912 680 1147 747 λέγουσι.
1190 680 1451 747 Προεῖπε,
1501 678 1691 746 φησὶν,
1732 675 1814 727 ὅτι

265 773 534 844 προδότης
564 771 734 835 ἐσται,
767 771 861 824 καὶ⁵
888 768 976 822 διὰ
1009 768 1163 821 τοῦτο
1192 767 1453 837 προδότης
1479 765 1709 833 ἐγένετο.
1750 764 1816 817 Ὦ

265 864 365 933 τῆς
389 862 593 924 ἀνοίας,
617 860 664 913 ὥ
684 863 779 930 τῆς
797 856 1196 928 ἀναισχυντίας.
1218 855 1354 910 Οὑδέ
1377 854 1483 924 γὰρ
1508 856 1542 924 ή
1572 853 1817 920 πρόγνω-

268 970 375 1017 σις,
403 953 673 1021 ἄνθρωπε,
706 952 803 1021 τῆς
834 946 1097 1019 πονηρίας
1145 946 1323 999 αἰτία·
1365 944 1440 1015 μὴ
1470 944 1694 1013 γένοιτο.
1741 942 1816 996 Οὐ

266 1043 376 1113 γάρ
404 1044 553 1095 ἐστιν
572 1040 941 1108 ἀναγκαστικὴ
968 1038 1074 1090 τῶν
1107 1036 1399 1106 μελλόντων
1428 1034 1660 1098 ἔσεσθαι,
1685 1034 1818 1089 ἀλλά

267 1133 649 1206 προγνωστικὴ
683 1131 855 1200 μόνον.
891 1129 1005 1183 Ούκ
1033 1127 1216 1198 ἐπειδὴ
1245 1126 1495 1197 προεῖπεν
1515 1128 1541 1178 ό
1570 1125 1816 1195 Χριστὸς,

267 1225 355 1277 διά
385 1222 541 1277 τοῦτο
559 1222 771 1289 ἐγένετο
794 1221 998 1281 ἐκεῖνος
1022 1217 1283 1288 προδότης
1302 1231 1318 1247 ·
1342 1217 1454 1271 ἀλλ’
1482 1215 1666 1285 ἐπειδὴ
1695 1233 1821 1286 προ-

263 1312 425 1380 δότης
452 1309 638 1380 ἔμελλε
668 1308 940 1376 γενέσθαι,
964 1307 1051 1360 διὰ
1071 1306 1225 1360 τοῦτο
1238 1309 1493 1378 προεῖπεν
1512 1308 1540 1360 ό
1568 1307 1818 1376 Χριστός.

267 1404 387 1456 Ἵνα
414 1397 506 1454 οὖν
538 1401 611 1471 μὴ
643 1401 738 1453 καὶ
778 1398 1010 1453 ἐνταῦθα
1041 1398 1287 1467 λέγωσιν,
1312 1399 1392 1452 ὅτι
1424 1394 1573 1451 εἷπεν
1614 1399 1695 1451 ὃτι
1723 1398 1822 1450 οὑκ

264 1492 610 1556 ἀκούσονται,
633 1492 725 1545 καὶ
751 1490 1072 1544 ἀπέκλεισεν
1101 1490 1281 1553 αὑτοῖς
1303 1490 1403 1558 τῆς
1425 1489 1704 1559 μετανοίας
1724 1488 1821 1556 τήν

264 1587 405 1648 ὁδὸν,
442 1583 727 1654 προλαϐὼν
760 1582 1063 1636 ἀνέσπασεν
1096 1580 1272 1634 αὑτῶν
1295 1580 1391 1648 τὴν
1430 1579 1719 1650 πρόφασιν,
1747 1579 1825 1631 εί-

265 1676 384 1730 πὼν
412 1676 489 1745 τῷ
518 1675 788 1746 προφήτῃ,
814 1676 992 1738 Ἴσως
1013 1673 1390 1726 ἀκούσονται.

332 1774 396 1820 ε’.
433 1764 812 1835 Μνημονεύετε
850 1764 950 1835 τῆς
991 1763 1360 1833 ὑποσχέσεως·
1411 1762 1498 1816 διὰ
1536 1761 1643 1832 γὰρ
1671 1762 1825 1816 τοῦτο

274 1855 505 1924 συνεχῶς
554 1855 697 1924 ὑμᾶς
746 1856 1175 1924 ὑπομιμνῄσκω,
1227 1853 1292 1906 ἵν’
1320 1855 1445 1906 ὅταν
1478 1853 1735 1921 ἐπαγάγω
1762 1852 1823 1905 τὺ

264 1945 660 2015 συμπέρασμα,
706 1943 781 2016 μὴ
808 1942 1131 2013 ἐπιλάθησθε
1153 1942 1246 1996 τοῦ
1273 1941 1591 2013 ζητηθέντος
1612 1944 1739 2012 ήμῖν
1764 1944 1823 1995 ἐν

262 2036 408 2105 ἀρχῇ
439 2033 732 2101 κεφαλαίου
757 2046 804 2086 ι.
842 2032 907 2085 Τί
940 2032 995 2083 δὲ
1023 2028 1091 2103 ἦν
1125 2031 1316 2097 τοῦτος
1357 2029 1475 2085 Ὀτι
1517 2033 1563 2084 εἰ
1603 2030 1824 2101 ᾔσθοντο

259 2127 312 2177 οἰ
342 2125 606 2189 Ἰουδαῖοι,
641 2125 723 2177 ὅτι
757 2123 976 2193 ἔμελλεν
1011 2124 1190 2186 αὑτοῖς
1220 2122 1592 2194 συμϐήσεσθαι
1630 2123 1697 2177 τά
1733 2141 1825 2175 κα-

260 2218 555 2287 τειληφότα
577 2216 772 2278 αὑτοὺς
798 2215 943 2268 δεινά
970 2213 1163 2283 (ταῦτα
1195 2214 1257 2285 δὴ
1301 2214 1441 2281 λέγω
1472 2214 1538 2267 τά
1562 2212 1655 2266 νῦν
1689 2230 1813 2267 κατ⁴

261 2309 458 2377 έχοντα
503 2305 897 2379 αὑτοὺς),αὑτά
925 2306 993 2358 τά
1045 2305 1222 2376 βιϐλία
1265 2305 1330 2359 ἂν
1377 2305 1699 2373 κατέκοψαν,
1732 2306 1824 2358 καὶ

259 2400 362 2450 οὑκ
394 2398 463 2451 ἀν
494 2396 774 2465 ἐφείσαντο
800 2396 920 2450 ούδέ
952 2395 1058 2449 τῶν
1104 2396 1261 2449 θείων
1287 2396 1643 2466 γραμμάτων.
1682 2397 1820 2450 Ἀλλ’

260 2487 359 2538 ἐπὶ
378 2487 477 2557 τὴν
514 2486 750 2555 ἱστορίαν
781 2485 1043 2557 ἔλθωμεν.
1080 2482 1267 2538 Ταῦτα
1291 2485 1561 2550 ἀκούσας
1591 2487 1627 2537 ό
1659 2485 1820 2552 Ἰερε-

255 2578 423 2646 plac,
459 2576 634 2628 καλεῖ
652 2575 758 2629 τὸν
788 2576 1061 2644 μαθητὴν
1080 2574 1263 2628 αὑτοῦ
1291 2574 1524 2642 Βαροὺχ
1551 2574 1685 2628 υίὸν
1706 2577 1823 2642 Νη-

252 2668 415 2735 ρίου,
436 2665 534 2719 καί
574 2666 737 2735 λέγει
768 2665 917 2734 πρὸς
942 2668 1155 2720 αὐτόν·
1196 2665 1441 2733 Γράψον
1471 2669 1559 2731 εις
1586 2666 1824 2730 ,βιϐλίον

259 2758 461 2812 πάντα
482 2758 555 2811 τὰ
582 2756 888 2826 μέλλοντα
914 2757 1118 2822 αὐτοῖς
1154 2758 1399 2813 ἔσεσθαι
1424 2757 1608 2812 δεινά.
1640 2758 1706 2811 Τί
1732 2759 1824 2828 γέ·

259 2864 423 2917 γονε;
453 2849 516 2901 σὺ
556 2848 829 2917 ἐπετάγης
857 2847 1008 2918 παρά
1037 2846 1129 2900 τοῦ
1156 2848 1312 2911 Θεοῦ,
1343 2848 1437 2901 καὶ
1461 2849 1555 2901 τὸν
1584 2849 1825 2920 μαθητὴν

260 2940 536 3009 πέμπειςς
566 2934 673 3009 ἄρα
710 2938 785 3009 μὴ
806 2938 1038 3009 δειλιᾷςς
1064 2933 1171 3009 ἆραι
1207 2937 1279 3009 μὴ
1305 2939 1571 3009 ἀγωνιᾷς
1606 2935 1715 3011 ἄρα
1750 2942 1825 3011 μὴ

258 3029 537 3093 δέδοικας;
565 3030 614 3081 εἰ
647 3030 711 3082 σὺ
749 3029 1009 3092 δέδοικας,
1051 3028 1167 3091 πῶς
1198 3030 1225 3081 ὁ
1256 3029 1498 3100 μαθητὴς
1533 3030 1823 3100 τολμήσεις

275 3120 420 3173 Ἀλλ’
442 3120 592 3173 οὐδὲν
621 3119 824 3173 τούτων
842 3136 855 3149 ·
903 3119 1218 3190 πρόσκειται
1246 3119 1352 3191 γὰρ
1377 3123 1409 3191 ἡ
1449 3121 1626 3173 αἰτία·
1657 3122 1826 3176 εἰπὼν

262 3211 393 3280 7&9,
450 3209 663 3279 Γράψον
714 3210 807 3262 καὶ
853 3210 1142 3277 ἀνάγνωθι,
1172 3211 1481 3279 ἐπήγαγεν·
1521 3213 1660 3282 Ἐγὼ
1718 3213 1824 3282 γὰρ

266 3301 585 3369 κατέχομαι
606 3301 675 3353 ἐν
698 3299 775 3367 τῇ
804 3299 1066 3369 φυλακῇ.
1095 3301 1158 3352 Ὢ
1180 3302 1590 3373 μεγαλοψυχίας.
1627 3306 1713 3358 Ἐν
1747 3303 1825 3375 τῷ

264 3389 620 3460 δεσμωτηρίῳ
648 3385 736 3461 ἦν,
770 3390 862 3443 καὶ
901 3390 1001 3460 τῆς
1042 3393 1375 3463 προφητείας
1404 3394 1502 3447 οὑκ
1541 3395 1821 3464 ἀφίστατο.

266 3479 627 3549 Προσέχωμεν
648 3483 714 3551 τῇ
749 3481 966 3552 ἀνδρείᾳ
988 3483 1079 3535 τοῦ
1112 3483 1338 3549 δικαίου,
1372 3486 1465 3538 καὶ
1499 3490 1564 3556 τῇ
1592 3487 1687 3555 τῆς
1713 3486 1824 3539 δια-

262 3571 413 3632 νοίας
436 3570 739 3640 φιλοσοφία.
755 3572 868 3623 οὑκ
884 3570 1030 3641 [176]
1056 3570 1173 3625 εἷπε
1196 3574 1328 3643 πρὸς
1348 3575 1533 3628 ἐαυτόν
1551 3592 1565 3608 ·
1580 3576 1825 3629 Τοσαῦτά

266 3676 360 3728 μοι
388 3659 533 3711 δεινά
556 3659 867 3729 συμϐέϐηκε
899 3659 987 3712 διὰ
1005 3660 1102 3730 τὴν
1130 3663 1436 3733 παρρησίαν
1469 3664 1697 3733 ταύτην·
1730 3681 1823 3734 μυ-

266 3749 417 3819 ρίους
438 3749 687 3818 ἀνήλωσα
716 3748 924 3817 λόγους,
944 3751 1037 3804 καὶ
1060 3751 1209 3805 οὐδὲν
1236 3751 1435 3822 ὥνησα,
1465 3753 1583 3806 οὐδὲ
1614 3754 1823 3821 ἐγένετό

266 3838 362 3908 μοί
388 3854 440 3891 τι
464 3838 644 3904 πλέον,
679 3839 794 3892 ἀλλ’
821 3840 855 3910 ἢ
886 3840 945 3893 τὸ
969 3841 1207 3895 δεδέσθαι
1237 3842 1421 3912 μόνον·
1460 3845 1551 3897 καί⁷
1575 3845 1725 3897 οὑπω
1757 3862 1823 3915 με

263 3929 378 3981 τῶν
405 3930 619 3999 δεσμῶν
646 3930 915 3984 ἀπέλυσεν
949 3934 977 3985 ὁ
1005 3932 1154 3996 Θεὸς,
1203 3934 1295 3987 καὶ
1340 3935 1497 3989 πάλιν
1522 3936 1718 4005 πέμπει
1756 3953 1821 4006 με

266 4019 409 4089 πρὸς
427 4020 551 4083 τοὺς
573 4020 743 4090 θῆρας
770 4022 1044 4088 ἐκείνουςς
1086 4024 1249 4079 Οὑδέν
1281 4026 1481 4080 τούτων
1514 4028 1613 4079 οὑκ
1651 4021 1819 4093 εἶπεν,

264 4111 386 4163 ούδέ
415 4112 720 4183 ἐνενόησεν·
761 4114 876 4167 ἀλλ’
906 4115 964 4168 ἐν
1004 4115 1164 4186 μόνον
1192 4118 1427 4181 ἐσκόπει,
1459 4119 1602 4183 ὅπως
1623 4120 1820 4192 ἀνυσθῇ

262 4198 327 4251 τὸ
356 4199 639 4270 ἐπίταγμα
670 4201 765 4254 τοῦ
799 4203 1066 4258 Δεσπότου
1088 4220 1101 4233 ·
1136 4205 1229 4258 καὶ
1260 4205 1379 4258 ἐπεὶ
1408 4206 1472 4259 δι’
1502 4208 1691 4262 ἐαυτοῦ
1724 4210 1824 4261 οὑκ

268 4290 479 4360 ῖσχυσε,
504 4293 591 4347 διά
626 4292 721 4346 τοῦ
765 4294 1005 4365 μαθητοῦ
1050 4296 1445 4351 κατεσκεύασεν
1475 4299 1622 4354 αὑτό.
1668 4300 1823 4354 Ἀνά-

265 4386 451 4449 γνωθι
474 4381 604 4451 γὰρ,
624 4384 806 4453 φησὶν,
828 4384 1050 4451 αὐτοῖς.
1075 4390 1169 4439 καὶ
1197 4388 1325 4439 εἰπὲ
1346 4388 1539 4442 πάντα
1558 4389 1627 4443 τὰ
1651 4391 1819 4444 κακά.

278 4468 432 4537 Ἐγὼ
460 4469 570 4537 τὰρ
625 4470 944 4540 κατέχομαι
993 4473 1061 4526 ἐν
1094 4473 1169 4541 τῇ
1208 4476 1466 4545 φυλακῇ.
1498 4479 1607 4531 Καὶ
1645 4478 1823 4547 ἔλεγεν

277 4556 569 4627 Ἱερεμίας,
590 4560 684 4614 καὶ
706 4560 944 4630 ἐγραφεν
969 4564 997 4615 ό
1025 4562 1235 4635 Βαροὺχ
1259 4566 1316 4616 ἐν
1342 4565 1823 4637 βιϐλίῳ.Νηστείας

269 4647 466 4716 καιρὸς
511 4642 616 4715 ἦν,
650 4649 741 4700 ὅτε
788 4650 957 4704 ταῦτα
994 4651 1237 4717 ἐγίνετο·
1281 4656 1442 4725 ἐορτὴ
1484 4659 1819 4728 ἐφειστήκει,

274 4736 489 4799 πάντας
517 4735 751 4789 καλοῦσα
779 4739 913 4806 πρὸς
938 4738 1034 4808 τὴν
1067 4743 1421 4812 μητρόπολιν·
1450 4746 1554 4800 ἔδει
1582 4747 1688 4817 7&9
1720 4765 1825 4803 κοι-

268 4822 359 4875 νδν
396 4820 651 4888 γενέσθαι
693 4823 785 4875 τὸν
826 4823 1096 4893 σύλλογον,
1142 4830 1323 4898 ἐπειδὴ
1354 4833 1478 4900 περὶ
1519 4832 1824 4900 ἀναγκαίων

270 4911 611 4982 πραγμάτων
662 4912 883 4981 ἔμελλεν
921 4918 954 4985 η
1000 4917 1257 4987 ἐκκλησία
1289 4919 1519 4975 ἔσεσθαι.
1566 4925 1825 4993 Είσῆλθε

270 5002 423 5069 πρὸς
489 5001 630 5067 τοὺς
686 5002 982 5070 ἄρχοντας
1034 5009 1066 5059 ό
1127 5008 1359 5076 Βαροὺχ
1385 5049 1399 5073 ,
1439 5011 1536 5064 καί
1599 5014 1825 5083 ἀνέγνω

268 5094 358 5157 εις
393 5090 466 5143 τὰ
496 5086 617 5145 ὦτα
656 5091 773 5144 τῶν
812 5092 1115 5159 ἀρχόντων
1160 5096 1387 5163 πάντας
1424 5100 1562 5167 τοὺς
1604 5103 1825 5169 λόγους

271 5182 524 5248 τούτους
545 5198 561 5215 ·
583 5183 675 5234 καὶ
702 5176 822 5236 εἷπε
847 5181 938 5236 καὶ
954 5182 1048 5252 τὴν
1079 5185 1254 5238 αἰτίαν
1272 5203 1286 5217 ·
1316 5190 1487 5256 Ἴσως
1514 5192 1639 5262 7&9,
1671 5196 1821 5263 φησὶ,

270 5272 542 5326 πεσεῖται
569 5273 635 5325 τὸ
669 5272 840 5338 ἕλεος
874 5272 1038 5341 ὑμῶν
1067 5275 1320 5330 ἐνώπιον
1353 5282 1567 5347 Κυρίου
1588 5298 1603 5314 ·
1629 5284 1713 5337 ἵνα
1748 5284 1821 5355 μή

271 5361 567 5431 νομίσωσιν
604 5364 685 5415 ὅτι
715 5364 789 5426 ὡς
823 5365 1121 5434 κατήγορος
1159 5367 1360 5435 ἔλεγεν,
1402 5372 1533 5424 ἀλλά
1568 5374 1821 5443 μαθόντες

271 5452 357 5505 ὅτι
379 5450 711 5519 θεραπεῦσαι
741 5453 935 5516 αὑτοὺς
960 5456 1201 5523 ἀφῖκται,
1222 5458 1605 5533 ἐπιεικέστεροι
1628 5466 1821 5533 γένωνι

270 5557 382 5593 ται.
412 5541 476 5591 Τί
510 5536 601 5593 οὖν
633 5543 860 5609 ἐκεῖνοι;
896 5544 1023 5597 Δέον
1056 5546 1281 5615 χάριτας
1321 5551 1663 5625 ὁμολογῆσαι,
1707 5557 1820 5610 δέον

268 5629 576 5695 ἐπαινέσαι,
622 5632 740 5684 δέον
780 5633 1085 5704 θαυμάσαι,
1134 5638 1281 5693 οὑδὲν
1330 5641 1532 5698 τούτων
1563 5647 1817 5716 ποιοῦσιν,

337 5752 365 5780 ⁸
389 5748 449 5799 ιιι
465 5749 879 5815 (ἰουλκεφαλαίου
899 5757 1056 5808 deest.

1202 383 1288 438 DE
1326 373 1864 438 PROPI‘IETIARUM
1910 376 2403 438 OBSCURITATE.
2444 382 2484 437 1.

3348 395 3461 452 172

1911 491 2025 545 ἀλλ’
2053 495 2374 559 ἀπελθόντες
2411 496 2732 567 ἀνήγγειλαν
2758 499 2835 571 τῷ
2866 499 3070 569 βασιλεῖ
3105 497 3169 552 τά
3218 514 3456 568 7:79:19.-

1915 578 2051 647 μένα
2091 582 2149 634 έν
2174 581 2255 647 τῷ
2290 583 2504 654 βιϐλίῳ,
2531 586 2622 640 καὶ
2652 587 2711 638 τὸ
2756 585 2954 655 βιϐλίον
2984 586 3243 640 ἀπέθεντο
3285 587 3343 638 ἐν
3376 585 3458 653 τῷ

1909 666 2040 734 οἴκῳ
2075 666 2355 737 Ἐλισαμᾶ.
2401 670 2511 725 Καὶ
2554 671 2829 740 πέμψας,
2872 674 3054 742 φησὶν,
3087 676 3120 727 δ
3158 669 3456 737 ,βασιλεὺς

1912 752 2019 807 τὸν
2049 754 2286 823 ἰουδὴν
2306 757 2336 797 δ
2356 795 2373 822 ,
2404 758 2499 811 ἱνα
2532 758 2651 811 τι.νά
2687 759 2794 812 τῶν
2831 761 3243 830 παρεστηκότων
3287 757 3451 827 αὑτῷ.

1914 838 2199 895 ἐκέλευσε
2229 844 2584 913 κομισθῆναι
2617 844 2682 897 τὸ
2716 847 2977 910 βιϐλίον.
3010 848 3115 899 Καὶ
3146 846 3398 913 ἐκάθητο
3422 842 3456 899 ὀ

1910 924 2208 992 ,ϐασιλεὺς
2227 926 2295 981 ἐν
2317 928 2457 999 οῑκῳ
2474 930 2776 999 χειμερινῷ
2792 949 2806 963 ·
2832 932 2938 1002 μὴν
2954 932 3057 1001 γὰρ
3089 931 3301 994 ἔννατος
3321 927 3389 1002 ἦν
3404 941 3454 992 ⁸ο

1915 1014 2151 1066 τουτέστι
2176 1014 2475 1086 Νοέμϐριος
2493 1033 2507 1047 ·
2541 1016 2757 1072 ἐννατον
2795 1017 2903 1071 ἀπὸ
2930 1016 3021 1069 τοῦ
3052 1016 3308 1070 Ξανθικὸῦ
3337 1017 3459 1086 ἀρι-

1918 1098 2068 1168 θμῶν
2100 1100 2273 1168 λέγει·
2305 1102 2385 1155 δεῖ
2418 1102 2540 1174 7&9
2562 1104 2656 1155 καὶ
2682 1104 2850 1156 ταῦτα
2881 1103 3117 1174 ἀκριϐῶς
3145 1104 3356 1157 εἰδέναι.
3393 1104 3457 1156 Εἰ

1917 1183 2023 1254 γὰρ
2058 1185 2166 1238 ἀπὸ
2195 1186 2288 1239 τοῦ
2312 1187 2432 1239 Δίου
2463 1188 2702 1258 ἠρίθμει,
2731 1191 2827 1242 οὑκ
2851 1189 3069 1259 ἔμελλεν
3104 1188 3317 1242 ἔσεσθαι
3340 1189 3460 1243 τότε

1917 1270 2139 1340 χειμών.
2166 1272 2319 1333 Τίνος
2344 1268 2435 1326 οὖν
2467 1274 2649 1328 ἐνεκεν
2678 1277 2769 1328 καὶ
2800 1277 2953 1329 τοῦτο
2976 1276 3324 1346 πρόσκειται;
3366 1274 3461 1327 Ἐκ

1917 1358 2021 1409 τῶν
2057 1358 2193 1428 μετά
2235 1359 2407 1413 ταῦτα
2450 1361 2568 1432 εἴσῃ
2613 1362 2815 1428 σαφῶς.
2864 1361 2970 1415 Καὶ
3008 1361 3236 1429 ἐσχάρα
3273 1360 3461 1428 πυρὸς·

1917 1443 2253 1512 ἔμπροσθεν
2280 1447 2464 1501 αὑτοῦ
2483 1464 2497 1477 ·
2524 1448 2809 1519 ἀνθρακιά,
2839 1448 2989 1517 φησὶ,
3019 1448 3148 1502 διότι
3181 1446 3346 1517 ψῦχος
3370 1443 3459 1516 ἦν.

1930 1530 2122 1599 Ὁρᾶτε
2159 1532 2277 1595 πῶς
2311 1533 2460 1586 οὑδέν
2492 1534 2962 1604 παραλιμπάνεται
2991 1537 3054 1604 τῇ
3084 1534 3202 1603 θεία
3240 1533 3460 1606 Γραφῇ;

1921 1617 2029 1668 Καὶ
2071 1616 2334 1688 ἀνθρακιά
2380 1620 2546 1689 πυρὸς
2582 1620 2882 1689 ἔμπροσθεν
2927 1619 3118 1671 αὑτοῦ·
3169 1620 3260 1671 καὶ
3313 1636 3463 1690 περι-

1924 1703 2239 1772 εστήκεισαν
2262 1706 2311 1756 οἰ
2340 1707 2611 1775 σατράπαι
2633 1723 2645 1735 ο
2672 1705 2929 1776 ἐκομίσθη
2951 1705 3011 1757 τὸ
3035 1704 3231 1774 βιϐλίον
3258 1705 3464 1776 μυρίων

1922 1788 2088 1858 γέμον
2116 1789 2297 1844 καλῶν
2343 1793 2405 1860 (ἡ
2438 1790 2542 1860 7&9
2579 1792 2683 1842 τῶν
2713 1790 2893 1845 κακῶν
2937 1792 3234 1861 προφητεία
3281 1791 3462 1843 κακῶν

1922 1876 2195 1949 ἀναίρεσις
2219 1873 2339 1947 ἦν),
2371 1878 2462 1931 καὶ
2501 1876 2907 1945 ἀνεγινώσκετο.
2946 1878 3313 1948 Μνημονεύετέ
3352 1895 3461 1948 μοι,

1922 1963 2253 2033 παρακαλῶ,
2290 1964 2389 2033 τῆς
2422 1964 2778 2032 ὑποσχέσεως.
2824 1963 2934 2017 Καὶ
2978 1964 3047 2017 ἐν
3083 1963 3161 2028 τῷ
3187 1963 3466 2032 ἀναγινώ-

1921 2067 2094 2103 σκειν
2135 2051 2320 2104 αὐτὸν
2348 2050 2500 2117 τρεῖς
2546 2050 2824 2115 σελίδας,
2866 2050 3063 2105 λαϐὼν
3089 2051 3202 2120 τὴν
3241 2052 3467 2121 σμίλην

1922 2136 2160 2205 ἔκοψεν,
2194 2138 2291 2190 καί
2322 2138 2537 2193 ἔϐαλεν
2555 2142 2641 2204 είς
2679 2139 2793 2204 τὴν
2829 2138 3094 2207 ἐσχάραν
3120 2139 3222 2194 τοῦ
3257 2138 3467 2207 πυρὸς,

1921 2223 2030 2286 ἕως
2054 2224 2289 2287 ἐξέλιπε
2314 2225 2378 2276 τὸ
2405 2225 2644 2288 βιϐλίον
2678 2226 2855 2279 ἅπαν.
2905 2222 3053 2289 Εἶδες
3094 2225 3207 2288 πῶς
3242 2226 3302 2279 οὑ
3346 2227 3463 2295 φείσ-

1921 2309 2092 2362 δονται
2120 2311 2239 2362 οὑδὲ
2269 2310 2375 2363 τῶν
2412 2310 2661 2379 βιϐλίωνς
2691 2312 2805 2374 πῶς
2842 2312 2959 2364 οὐδὲ
2994 2312 3101 2363 τῶν
3128 2310 3466 2382 γραμμάτων

1921 2397 2025 2449 τῶν
2046 2398 2200 2451 θείων
2228 2398 2543 2467 ἀπέχονταις
2581 2399 2793 2468 Ἐπειδὴ
2827 2399 3194 2469 αἰχμαλωσίαν
3236 2395 3345 2469 εἶχε
3367 2399 3466 2469 τῆς

1933 2483 2303 2553 Ἰερουσαλὴμ,
2330 2483 2594 2552 κατέκοψε
2615 2499 2628 2511 ·
2665 2486 2758 2536 καὶ
2797 2484 2894 2554 οὐχ
2924 2485 3098 2556 εὑρὼν
3133 2485 3222 2541 τὸν
3255 2491 3464 2557 προφή-

1922 2586 2039 2639 την,
2067 2571 2147 2632 εἰς
2169 2573 2236 2623 τά
2273 2571 2570 2641 γράμματα
2604 2571 2699 2643 τὴν
2738 2574 2902 2644 ὀργὴν
2931 2575 3159 2643 ἀφῆκεν.
3200 2574 3256 2629 '0
3291 2575 3465 2628 τοίνυν

1919 2660 2031 2719 τοῖς
2065 2657 2289 2728 ἀψύχοις
2339 2658 2479 2711 οὑτω
2509 2660 2791 2730 πολεμῶν,
2837 2662 2885 2713 εἰ
2927 2662 3015 2715 τὸν
3062 2663 3237 2733 ψυχὴν
3278 2662 3467 2732 ἔχοντα

1921 2740 2064 2816 εὗρε,
2087 2745 2138 2797 τί
2168 2746 2267 2806 οὑκ
2296 2746 2360 2799 ἂν
2392 2747 2715 2816 είργάσατο;
2748 2748 3008 2819 Καθάπερ
3036 2750 3141 2820 γὰρ
3162 2750 3229 2803 τὰ
3258 2750 3469 2821 χαλεπά

1920 2833 2027 2885 τῶν
2054 2833 2275 2905 θηρίων,
2303 2836 2518 2889 ἐπειδάν
2558 2836 2916 2891 ἐπιλάϐωνται
2951 2838 3059 2892 τῶν
3099 2840 3468 2893 πυκτευόντων

1920 2920 2121 2987 αὑτοῖς,
2152 2916 2268 2973 εἶτα
2286 2923 2479 2975 ἐκεῖνοι
2510 2923 2805 2992 διαφύγωσι
2826 2926 3210 2989 καταλιπόντες
3233 2924 3381 2997 [177]
3409 2927 3467 2978 ἐν

1919 3010 1997 3079 τῷ
2024 3011 2248 3080 στόματι
2277 3011 2384 3064 τῶν
2410 3011 2611 3082 θηρίων
2640 3014 2676 3067 ἀ
2710 3015 3045 3084 περίκεινται
3071 3016 3327 3086 δέρματα,
3355 3016 3466 3069 λοι-

1922 3099 2021 3149 πὸν
2051 3099 2187 3150 αὑτά
2225 3098 2619 3168 περιτρώγουσι
2646 3101 3107 3171 παραμυθούμενα
3143 3102 3233 3156 τὸν
3264 3102 3464 3173 θυμόν·

1920 3184 2058 3238 οὕτω
2077 3186 2139 3254 δὴ
2166 3186 2257 3238 καὶ
2277 3189 2305 3239 ὁ
2324 3186 2569 3256 βασιλεὺς
2591 3189 2858 3259 ἐποίησεν.
2880 3191 2991 3260 Οὑχ
3018 3184 3141 3263 εὗρε
3171 3192 3260 3245 τδν
3279 3193 3468 3263 ἔχοντα

1922 3274 1982 3326 τὸ
2026 3274 2244 3343 βιϐλίον,
2287 3276 2382 3328 καὶ
2425 3277 2556 3330 αὑτδ
2594 3278 2654 3330 τὸ
2688 3277 2885 3346 βιϐλίον
2927 3280 3227 3349 κατέκοψε·
3266 3281 3360 3333 καί⁸
3405 3283 3467 3334 ού

1923 3362 2186 3428 κατέκοψε
2212 3362 2392 3432 μόνον,
2427 3364 2560 3417 ἀλλά
2593 3365 2686 3419 καὶ
2718 3365 2966 3419 ἐνέϐαλεν
3002 3368 3080 3427 είς
3105 3367 3203 3437 τὴν
3235 3367 3468 3437 ἐσχάραν

1922 3448 2013 3501 τοῦ
2035 3450 2222 3521 πυρὸς,
2259 3450 2343 3502 ἴνα
2380 3451 2511 3519 μηδὲ
2539 3449 2783 3519 λείψανον
2809 3452 2964 3525 μείνῃ
2995 3452 3101 3505 τῶν
3131 3453 3467 3524 γραμμάτων

1922 3530 2161 3581 ἐκείνων.
2193 3530 2326 3583 Ἀλλ’
2359 3530 2566 3583 οὐδέπω
2602 3533 2779 3584 πᾶσαν
2812 3536 3009 3601 ἐγνωτε
3043 3534 3202 3587 αὑτοῦ
3226 3537 3324 3606 τὴν
3362 3553 3467 3605 μα-

1920 3610 2036 3663 νίαν
2056 3625 2068 3637 ·
2099 3610 2303 3663 είσεσθε
2336 3611 2392 3663 δὲ
2430 3612 2633 3681 σαφῶς,
2657 3615 2751 3667 ἐάν
2784 3616 2921 3685 μετά
2951 3616 3228 3686 ἀκριϐείας
3252 3616 3327 3687 τῷ
3354 3618 3469 3687 διη-

1920 3696 2122 3762 γήματι
2165 3693 2482 3762 προσέχητε.
2526 3696 2599 3747 Ού
2640 3697 2747 3765 γὰρ
2794 3694 2965 3760 εἶπεν,
2999 3700 3078 3752 ὅτι
3121 3700 3379 3769 ἀναγνοὺς
3409 3700 3471 3754 τὸ

1922 3775 2121 3845 βιϐλίον
2153 3775 2316 3838 ἀπαν,
2348 3774 2521 3840 οὕτως
2565 3777 2791 3832 ἔκαυσεν
2812 3797 2826 3812 ·
2864 3781 2976 3834 ἀλλ’
3020 3782 3115 3834 Ἐν
3157 3782 3234 3847 τῷ
3266 3784 3466 3850 ἀναγι-

1920 3860 2175 3912 νώσκειν
2222 3861 2408 3914 αὑτὸν
2444 3862 2599 3929 τρεῖς
2629 3864 2873 3929 σελίδας
2912 3866 2949 3931 ἢ
2997 3866 3322 3934 τέσσαρας,
3369 3866 3467 3929 ἐξ-

1919 3942 2126 4009 έτεμεν
2150 3944 2313 3997 αὐτό.
2348 3943 2460 3997 Οὑκ
2498 3946 2777 4015 ἀνέμεινεν
2804 3947 2921 3998 οὑδέ
2952 3947 3011 3998 τὸ
3041 3947 3189 4011 τέλος
3214 3949 3311 4016 τῆς
3340 3948 3469 4001 ἀνα·

1920 4022 2189 4093 γνώσεως,
2239 4024 2354 4078 ἀλλ’
2394 4026 2653 4088 ἐξαύτῶν
2688 4027 2794 4079 τῶν
2824 4029 3117 4098 προοιμίων
3145 4029 3340 4092 εὐθέως
3377 4028 3467 4093 ἐξα

1918 4105 2184 4177 ηγριώθη.
2215 4108 2311 4160 Διά
2342 4107 2508 4159 ταῦτα
2539 4110 2637 4161 οὑκ
2666 4104 2732 4180 ἣν
2761 4111 2995 4179 ἀσφαλὲς
3030 4113 3142 4174 τοῖς
3168 4113 3469 4182 προφήταις

1932 4189 2205 4251 Ἰουδαίοις
2235 4189 2412 4258 λέγειν
2448 4191 2585 4260 μετά
2618 4194 2909 4263 σαφηνείας
2943 4196 3117 4246 πάντα
3147 4195 3213 4246 τά
3240 4194 3468 4262 ἐσόμενα

1921 4270 2085 4327 δεινά.
2126 4272 2188 4324 Εἰ
2225 4272 2334 4342 7&9
2366 4274 2693 4343 πρόσκαιρον
2725 4275 2823 4327 οὑκ
2850 4276 3076 4343 ἦνεγκεν
3102 4273 3467 4343 αἰχμαλωσίαν

1923 4352 2172 4416 ἀκοῦσαι,
2200 4354 2299 4424 τὴν
2334 4354 2551 4425 διηνεκῆ
2590 4356 2705 4413 πῶς
2737 4356 2801 4407 ἂν
2829 4355 3081 4424 ὑπέμεινε
3113 4355 3334 4424 μαθεῖνς
3360 4356 3469 4409 Καὶ

1922 4434 2039 4487 οὑδὲ
2081 4436 2238 4506 μέχρι
2274 4437 2461 4489 τούτου
2513 4438 2641 4505 ἐστη
2674 4439 2703 4488 ό
2736 4437 3016 4505 βασιλεύς·
3065 4438 3177 4491 ἀλλ’
3224 4438 3467 4509 έπεμψε,

1921 4518 2072 4585 φησὶ,
2096 4517 2277 4585 ζητεῖν
2309 4517 2579 4588 πανταχοῦ
2608 4519 2697 4570 τὸν
2725 4521 3023 4591 προφήτην,
3048 4520 3160 4573 ἀλλ’
3187 4521 3285 4591 οὑχ
3312 4514 3468 4594 εὗρεν

1922 4599 2081 4651 αὑτόν
2098 4616 2113 4630 ·
2142 4599 2342 4671 ἔκρυψε
2367 4600 2473 4671 7&9
2511 4600 2669 4653 αὑτὸν
2696 4602 2724 4653 ὀ
2747 4602 2896 4665 Θεός.
2934 4602 3166 4657 Ἐκεῖνον
3203 4603 3299 4674 μὲν
3322 4604 3470 4675 τόπῳ

1920 4679 2039 4731 τότε
2063 4679 2261 4750 ἔκρυψε
2281 4720 2298 4745 ,
2336 4682 2459 4743 τοὺς
2505 4680 2560 4734 δέ
2591 4682 2781 4746 ἀλλους
2809 4685 3089 4756 προφήτας
3125 4687 3192 4756 τῇ
3235 4686 3470 4755 ἀσαφείᾳ.

1919 4758 2030 4811 τῶν
2064 4760 2389 4831 λεγομένων.

1992 4846 2066 4903 ς’.
2082 4842 2195 4893 Οὑκ
2218 4843 2326 4895 ἀπὸ
2342 4842 2543 4896 τούτων
2557 4844 2613 4897 δὲ
2632 4845 2788 4914 μόνον
2804 4847 2932 4916 ήμῖν
2950 4846 3097 4901 ἔσται
3117 4848 3364 4918 φανερὸν,
3387 4848 3477 4901 ὅτιι

1920 4921 2187 4991 τολμηρὸν
2204 4919 2272 4993 ἦν
2300 4924 2451 4995 παρά
2475 4926 2744 4991 Ἰουδαίοις
2763 4931 2855 4983 καὶ
2881 4930 3054 4999 ψυχῆς
3084 4930 3465 5002 ῥιψοκινδύνου,

1919 5003 2018 5072 τὴν
2046 5005 2306 5075 ἐσομένην
2336 5010 2450 5069 τοῖς
2488 5007 2661 5061 ἔθνεσι
2686 5011 2847 5081 τιμὴν
2889 5013 2983 5064 καὶ
3020 5011 3173 5076 δόξαν
3192 5051 3206 5075 ,
3237 5015 3329 5066 καὶ
3372 5012 3484 5083 τὴν

1920 5086 2296 5158 διαδεξομένην
2326 5090 2563 5154 ἐκείνους
2594 5093 2817 5163 ἀτιμίαν
2856 5094 3062 5163 λέγειν,
3099 5096 3230 5149 ἀλλά
3266 5096 3359 5148 καὶ
3403 5097 3474 5147 ἐκ

1920 5168 2027 5220 τῶν
2054 5170 2264 5224 Παύλου
2304 5174 2580 5243 ῥημάτων.
2610 5171 2774 5239 Οὑτος
2807 5177 2933 5244 γοῦν
2968 5176 3089 5230 ἰδών
3114 5194 3233 5231 τινα
3264 5178 3471 5248 προφήι-

1919 5267 2016 5319 την
2046 5254 2238 5321 μικρὸν
2262 5255 2657 5323 παρανοίξαντά
2675 5275 2726 5311 τι
2751 5258 2849 5326 τῆς
2880 5261 3227 5330 προρρήσεως
3248 5261 3466 5327 ταύτης.

1920 5332 2014 5384 καὶ
2044 5336 2372 5406 σαφέστερον
2404 5337 2509 5389 τῶν
2544 5338 2714 5392 ἄλλων
2741 5340 2979 5406 εἰπόντα,
3008 5342 3101 5395 καὶ
3125 5341 3195 5395 τά
3234 5340 3476 5412 ἡμέτερα

1980 5477 2007 5542 ξι
2036 5475 2175 5542 ροιι).
2202 5480 2281 5526 τὸν
2325 5480 2553 5542 Ἰουδιείμ..

1985 5536 2419 5608 ολίίξοητουτέστι
2457 5536 2730 5608 Νὸίμϐριος,
2760 5545 2940 5596 desunt
2975 5548 3021 5595 in
3055 5560 3142 5595 ms.
3181 5545 3301 5608 Ibid.

1919 5596 2142 5668 gaVOt'xbc
2165 5601 2191 5645 ό
2217 5596 2763 5668 Μάρτιος-καί
2806 5616 2857 5668 et
2894 5609 3167 5668 paulqposl
3205 5607 3264 5668 ad
3307 5596 3473 5668 νοεεῖῐ]

1920 5660 2406 5734 ρίουὶιιιηιαςκῖλΔίος
2428 5660 2788 5734 ’ξρκτῷϐριος
2818 5660 2931 5734 Ιίξίιῖ.
2957 5660 3090 5715 (ἷοΙίἱ.
3118 5668 3157 5713 εί
3176 5667 3263 5734 γὰρ
3288 5665 3474 5734 διπρπῇ

1910 5714 2176 5790 δίῗῗμδρὲοἶδ
2197 5714 2404 5790 ἠρίθμειν
2445 5722 2635 5776 “idem
2675 5714 2866 5789 ἑμιιὸοιι
2898 5714 3325 5790 mmmam

1920 5783 2196 5828 uanmoma
2217 5787 2335 5831 sunt
2364 5782 2493 5833 Εοιτ.
