4064 6214
236 374 353 430 173

243 501 433 542 norem
460 493 515 538 et
544 482 783 556 gloriam.
808 487 862 535 et
883 492 1003 548 qua
1024 474 1144 530 illos
1163 482 1447 542 exceptura
1474 475 1617 523 esset
1650 468 1798 538 igno-

240 576 463 631 miniam
480 588 718 637 narrare,
734 567 996 627 sedetiam
1005 581 1071 622 ex
1082 558 1575 636 ipsisPauliverbis.
1587 556 1682 613 llic
1699 556 1802 611 ita.

239 680 348 734 que
366 680 487 719 cum
506 661 820 732 prophetam
842 656 1129 726 quemdam
1146 653 1355 707 videret
1377 650 1650 721 paululum
1671 649 1799 717 quid

241 752 605 823 praedictionis
633 750 792 819 hujus
852 753 1202 808 reserantem,
1246 751 1302 797 et
1342 741 1595 811 apertius,
1637 755 1797 809 qnam

242 848 354 912 alii,
385 858 498 901 tum
528 846 670 900 bona
708 852 909 906 nostra,
946 848 1060 893 tum
1089 838 1302 892 illorum
1337 834 1474 889 mala
1502 831 1794 898 dicentem,

246 938 541 1008 obstupuit,
576 945 629 992 et
654 933 928 989 audaciam
959 930 1100 987 illius
1124 929 1349 983 miratus
1375 933 1476 992 est,
1504 925 1591 979 his
1623 922 1797 979 verbis

245 1042 439 1085 utens:
465 1030 638 1083 Isaias
673 1035 846 1079 autem
875 1023 1053 1085 audet,
1094 1029 1143 1074 et
1178 1020 1323 1082 dicit,
1351 1016 1596 1071 Inventus
1623 1030 1737 1067 sunt
1764 1030 1798 1068 α

242 1124 344 1162 non
371 1105 701 1177 qucrentibtts
725 1118 803 1156 me
822 1116 842 1155 :
866 1098 1036 1171 palam
1054 1096 1268 1167 apparui
1288 1095 1371 1161 iis,
1400 1094 1487 1163 qui
1515 1108 1591 1144 me
1609 1107 1707 1144 non
1725 1092 1806 1143 in-

244 1196 581 1266 terrogabant.
612 1191 735 1246 Dixi
753 1231 768 1256 ,
800 1188 931 1243 Ecce
954 1204 1043 1257 ego
1061 1227 1076 1254 ,
1100 1186 1233 1257 genti
1246 1225 1261 1251 ,
1287 1183 1373 1250 qui
1395 1198 1493 1235 non
1519 1189 1810 1234 vocaverunt

242 1301 423 1339 nomen
449 1299 613 1337 meum
636 1280 817 1352 (Rom.
840 1278 929 1333 10.
951 1276 1059 1342 20;
1088 1275 1216 1329 lsoi.
1243 1274 1331 1328 65.
1362 1274 1386 1327 l
1410 1270 1451 1342 ).
1481 1270 1808 1339 Quamquam

243 1377 289 1429 si
323 1376 527 1430 nullum
554 1389 620 1428 ex
644 1371 986 1442 praedictione
1012 1367 1303 1437 periculum
1333 1362 1691 1434 impendebat,
1718 1376 1812 1415 cur

242 1466 378 1520 dixit
404 1463 616 1525 Paulus,
638 1461 804 1515 Isaias
825 1469 989 1513 autem
1010 1457 1177 1519 audet,
1204 1464 1248 1508 et
1276 1454 1417 1519 dicit,
1446 1450 1683 1505 Inventus
1702 1465 1812 1504 sum

240 1575 272 1608 a
296 1573 399 1609 non
427 1553 755 1625 querentibus
778 1550 895 1604 me?
928 1549 1155 1604 Maxima
1180 1560 1361 1602 revera
1388 1543 1690 1600 Judaaorum
1719 1556 1811 1596 ac-

241 1646 470 1701 cusatio.
505 1644 606 1710 Qui
635 1657 744 1697 non
768 1639 1075 1710 quaerebant
1099 1639 1446 1699 invenerunt,
1476 1644 1530 1689 et
1552 1634 1639 1703 qui
1663 1648 1811 1703 quae-

242 1739 455 1803 rebant,
486 1750 582 1805 spe
609 1732 843 1789 frustrati
864 1738 987 1785 sunt
1016 1747 1032 1784 :
1063 1729 1152 1799 qui
1175 1742 1282 1784 non
1310 1726 1614 1789 audierunt,
1641 1722 1815 1778 credi-

244 1828 478 1894 derunt,
525 1833 579 1879 et
620 1823 709 1895 qui
757 1820 1069 1884 audierunt,
1122 1818 1175 1872 in
1215 1828 1429 1873 crucem
1466 1813 1809 1870 sustulerunt.

246 1921 532 1989 Propterea
550 1916 805 1972 audacem
829 1902 1110 1983 appellavit
1136 1907 1342 1963 Isaiam.
1368 1905 1606 1960 Maxima:
1621 1903 1814 1973 quippe

247 2025 431 2065 revera
460 2008 555 2062 fuit
581 2006 814 2061 audaciae
835 2045 852 2072 ,
893 2005 945 2058 in
974 2000 1150 2057 medio
1171 2013 1354 2055 eorum
1380 2010 1513 2064 quos
1534 1995 1817 2049 accusabat

247 2107 498 2161 stantem,
526 2095 724 2151 nemini
748 2093 1014 2165 parcendo
1034 2089 1422 2145 accusationem
1450 2086 1709 2141 intentare
1728 2125 1741 2147 ,
1764 2092 1817 2137 et

248 2192 368 2247 illos
391 2189 601 2260 quidem
624 2203 721 2258 per
748 2185 1079 2258 prophetiam
1123 2190 1305 2252 aperte
1340 2179 1545 2233 honore
1572 2178 1779 2248 privare
1797 2216 1813 2241 ,

250 2279 382 2337 alios
411 2292 538 2334 vero
567 2276 632 2331 ad
650 2276 880 2331 debitam
904 2273 1004 2327 illis
1018 2271 1235 2341 gloriam
1265 2267 1621 2323 introducere.
1655 2268 1817 2320 Accu-

252 2376 462 2426 satores
497 2367 613 2438 ejus
640 2374 791 2421 erant
829 2376 1015 2418 omnes
1056 2361 1146 2431 qui
1190 2360 1245 2413 in
1270 2356 1468 2428 judicio
1512 2355 1815 2411 audiebant.

252 2461 382 2529 Quis
401 2468 577 2514 autem
599 2457 724 2512 dum
742 2454 994 2525 judicium
1015 2460 1267 2508 exercent
1284 2449 1501 2512 inimici,
1524 2445 1820 2517 periculum

254 2551 448 2622 poterit
467 2548 706 2604 evitare?
735 2546 1040 2614 Propterea,
1066 2542 1253 2611 inquit,
1288 2540 1447 2594 Audet
1467 2547 1511 2593 et
1537 2539 1679 2592 dicit.

331 2640 415 2695 Ne
447 2649 563 2693 ante
589 2648 781 2708 tempus
807 2635 1135 2705 intelligerent
1162 2638 1337 2703 futura
1362 2630 1532 2684 Judwi
1552 2669 1569 2696 ,
1604 2629 1823 2683 obscura

257 2727 768 2803 fumtprophetice.
794 2723 1083 2779 ——Verum
1125 2723 1225 2777 hoc
1262 2722 1434 2791 ipsum
1469 2719 1589 2773 volo
1626 2718 1822 2772 clarius

256 2824 640 2880 demonstrare.
670 2818 872 2873 idcirco
895 2815 964 2871 de
983 2813 1181 2869 Judasis
1204 2826 1266 2866 ac
1288 2810 1439 2866 nobis
1459 2809 1683 2863 obscure
1704 2822 1825 2876 pro-

258 2915 555 2972 nuntiatum
581 2920 661 2966 est
683 2910 734 2965 in
760 2907 1065 2978 Scripturis,
1108 2918 1176 2959 ne
1198 2912 1320 2958 ante
1342 2911 1547 2971 tempus
1571 2900 1826 2969 intellige-

258 3017 381 3064 rent
408 3020 528 3077 quae
548 3002 867 3058 dicebantur
894 2998 1081 3055 Judaei.
1113 2997 1285 3065 Atque
1309 2994 1467 3063 hujus
1493 2992 1567 3048 rei
1592 2989 1827 3060 produco

263 3106 455 3153 testem
482 3109 669 3165 magna
697 3107 829 3148 voce
854 3092 1171 3147 clamantem
1194 3086 1436 3151 Paulum,
1460 3101 1525 3140 ex
1551 3084 1657 3137 alto
1680 3082 1825 3136 voci-

264 3188 545 3251 ferantem,
572 3183 754 3240 tubam
768 3180 1055 3243 caelestem,
1077 3191 1169 3232 vas
1192 3176 1482 3238 electionis,
1512 3172 1706 3227 Christi
1733 3186 1828 3240 pa-

264 3273 635 3345 ranympbum.
660 3270 915 3342 Despondi
939 3268 1069 3321 enim
1096 3282 1201 3332 eos,
1241 3265 1427 3334 inquit,
1458 3264 1546 3317 uni
1574 3264 1702 3327 viro,
1726 3263 1828 3316 vir-

264 3367 435 3437 ginem
471 3370 657 3417 castam
683 3360 910 3415 exhibere
940 3357 1135 3412 Christo
1171 3355 1261 3422 (2.
1294 3353 1410 3407 Cor.
1440 3354 1525 3407 Η.
1551 3352 1641 3420 2).
1682 3351 1832 3405 Hunc

262 3456 421 3511 vobis
461 3462 646 3509 testem
692 3451 925 3521 produco
974 3448 1235 3503 dicentem
1284 3452 1506 3515 aperte,
1554 3452 1831 3513 propterea

267 3545 520 3602 nonnulla
548 3545 599 3598 in
630 3542 808 3598 Veteri
832 3540 1173 3597 Testamento
1207 3535 1372 3591 fuisse
1398 3534 1660 3591 occultata
1682 3574 1696 3599 ,
1724 3549 1832 3588 non

267 3637 466 3693 ornnia.
494 3634 548 3690 Si
568 3634 710 3688 enim
738 3632 911 3686 omnia
942 3630 1160 3683 fuissent
1180 3626 1403 3682 obscura
1425 3667 1441 3691 ,
1473 3625 1667 3679 frustra
1694 3624 1833 3679 illius

272 3728 455 3783 seculi
485 3725 785 3779 hominibus
810 3722 1032 3776 fuissent
1055 3719 1192 3773 dicta
1222 3735 1235 3771 :
1265 3715 1521 3785 siquidem
1547 3713 1833 3784 prophetiae

270 3817 410 3873 bella
440 3814 751 3879 continent,
799 3825 917 3879 qua:
944 3808 1011 3862 ad
1039 3817 1245 3876 tempus
1275 3814 1385 3859 tum
1410 3813 1556 3874 gesta
1587 3812 1707 3858 sunt
1726 3846 1741 3871 ,
1782 3812 1836 3859 et

270 3910 438 3963 fames
462 3915 517 3962 et
542 3913 715 3975 pestes
742 3920 756 3956 :
784 3902 1055 3957 continent
1079 3908 1133 3953 et
1158 3913 1276 3968 qua:
1301 3896 1457 3951 hodie
1481 3896 1831 3965 contigerunt,

268 3996 601 4052 vocationem
629 3991 897 4054 Ecclesiae,
928 3987 1347 4059 repudiationem
1373 4000 1673 4057 synagogze,
1706 3984 1837 4055 legis

270 4086 686 4156 abrogationem.
727 4082 853 4137 Haec
892 4088 1065 4134 autem
1102 4079 1245 4146 ipsos
1273 4091 1429 4131 nosse
1458 4075 1696 4141 nolebat,
1742 4075 1838 4129 sed

272 4179 368 4233 illa
392 4191 509 4246 qua
535 4176 771 4245 ipsorum
798 4170 1124 4240 temporibus
1152 4166 1480 4221 accidebant.
1509 4168 1679 4234 Atque
1700 4165 1838 4219 istud

274 4268 452 4339 ipsum
477 4265 709 4321 conabor
737 4260 1043 4325 ostendere,
1076 4258 1191 4313 hac
1219 4256 1329 4311 sola
1355 4256 1469 4311 fleri
1493 4255 1715 4310 obscura
1742 4269 1839 4309 vo-

275 4358 473 4423 luisse,
505 4354 572 4410 de
600 4352 754 4411 nobis
782 4360 835 4406 et
859 4350 926 4406 de
966 4361 1260 4421 synagoga,
1288 4361 1404 4416 qum
1431 4360 1571 4400 nunc
1598 4345 1839 4414 contige-

274 4458 422 4516 runt,
448 4461 654 4503 necnon
674 4443 807 4515 legis
826 4439 1221 4512 abrogationem
1250 4455 1264 4493 :
1286 4437 1388 4492 hoc
1410 4452 1538 4493 vero
1558 4450 1663 4491 non
1683 4451 1843 4505 opor-

275 4541 379 4597 tuit
400 4555 470 4596 ex
513 4538 603 4593 illo
642 4545 879 4605 tempore
915 4531 1181 4602 cognitum
1206 4529 1310 4585 illis
1344 4528 1524 4585 fuisse.
1570 4528 1702 4584 Nam
1742 4529 1843 4584 sia

273 4630 539 4703 principio
564 4627 874 4683 didicissent
899 4624 1070 4693 legem
1090 4622 1155 4677 ad
1183 4631 1391 4690 tempus
1413 4621 1722 4675 duraturam
1738 4660 1754 4686 ,
1782 4618 1845 4673 il-

274 4723 382 4777 lam
413 4717 631 4773 omnino
654 4714 1097 4783 contempsissent
1124 4728 1137 4764 :
1164 4719 1382 4779 propter
1419 4710 1520 4764 hoc
1548 4710 1719 4780 ipsum
1748 4723 1844 4764 oc-

273 4811 476 4866 cultam
504 4807 645 4862 illam
671 4819 791 4861 esse
818 4804 1001 4857 voluit.
1032 4800 1147 4855 Non
1180 4803 1321 4855 enim
1365 4814 1577 4855 omnem
1622 4798 1847 4868 prophe-

274 4901 405 4954 tiam
451 4896 711 4952 occultam
754 4892 939 4957 fuisse,
988 4904 1168 4945 verum
1216 4888 1356 4943 hanc
1396 4896 1597 4943 tantum
1642 4896 1846 4956 partem

276 4988 446 5044 fuisse
472 4984 696 5039 velatam
719 5022 735 5047 ,
783 4982 905 5036 audt
933 4993 1039 5049 quo
1064 4986 1217 5048 pacto
1248 4977 1399 5033 nobis
1429 4988 1707 5046 utrumque
1737 4992 1847 5030 ma-

280 5076 475 5132 nifeste
496 5074 690 5130 Paulus
710 5070 990 5137 ostendat,
1029 5077 1082 5123 et
1110 5068 1420 5123 occultatam
1448 5067 1608 5122 fuisse
1638 5068 1806 5136 legem
1832 5106 1845 5129 ,

278 5178 334 5224 et
374 5168 477 5221 hac
502 5166 556 5220 in
584 5171 735 5235 parte
762 5170 983 5217 tantum.
1012 5158 1142 5214 Cum
1168 5158 1308 5214 enim
1338 5157 1595 5212 scriberet
1630 5157 1696 5210 ad
1742 5157 1848 5210 Co-

280 5257 530 5320 rinthios,
562 5254 643 5309 his
663 5253 839 5308 verbis
863 5260 944 5307 est
973 5264 1098 5304 usus
1127 5268 1140 5305 :
1176 5268 1194 5301 ι
1226 5248 1485 5303 Habentes
1512 5247 1667 5317 igitur
1695 5246 1851 5301 talem

284 5365 458 5423 spem,
489 5349 652 5404 multa
678 5345 867 5401 fiducia
893 5343 1088 5397 utimur
1120 5360 1133 5397 :
1160 5353 1214 5396 et
1242 5357 1345 5396 non
1372 5341 1507 5394 sicut
1529 5338 1735 5410 Moyses
1759 5352 1850 5407 ρος

284 5440 446 5497 nebat
471 5437 710 5492 velamen
736 5448 892 5503 super
912 5431 1097 5486 faciem
1119 5445 1289 5495 suam,
1313 5437 1370 5484 ut
1390 5444 1495 5485 non
1521 5428 1853 5483 intenderent

287 5533 382 5589 lilii
410 5529 573 5586 Israel
601 5528 654 5583 in
683 5526 841 5582 linem
872 5527 985 5594 ejus
1011 5523 1155 5593 quod
1195 5529 1478 5577 evacuatur
1500 5562 1517 5589 ,
1558 5520 1651 5575 sed
1680 5520 1853 5576 obtusi

287 5632 415 5677 sunt
439 5633 632 5675 sensus
652 5630 857 5673 eorum.
882 5614 1063 5684 Usque
1089 5614 1141 5667 in
1172 5612 1483 5668 hodiernum
1530 5609 1671 5666 enim
1714 5610 1859 5671 diem

290 5711 523 5781 utipsam
549 5708 787 5766 velamen
821 5706 873 5762 in
900 5704 1128 5762 lectione
1166 5702 1365 5760 Veteris
1383 5699 1707 5760 Testameuti
1734 5715 1851 5758 uta-

1177 356 1266 417 DE
1304 344 1831 412 PROPIIETIABUM
1869 343 2357 405 OBSCURITA'I'E.
2399 350 2441 405 I.

3355 373 3465 429 174

1909 470 1997 518 net
2034 478 2139 517 non
2178 463 2491 534 revelatum,
2522 466 2847 537 quoniamln
2873 466 3086 524 Christo
3122 480 3407 525 evacuatur
3444 486 3464 519 ι

1905 555 1995 620 (2.
2040 555 2156 611 Cor.
2195 557 2247 610 5.
2296 556 2385 611 l2.
2411 557 2540 627 14).
2582 556 2874 613 Obscurum
2909 568 2991 615 est
3032 556 3287 624 fortasse,
3326 559 3470 629 quod

1906 648 2162 717 legimus;
2210 648 2385 717 itaque
2426 647 2710 704 dilucidius
2756 649 2886 705 illud
2925 649 3208 706 reddamus
3250 664 3470 706 necesse

1907 748 2009 804 est,
2040 747 2095 794 et
2119 740 2287 806 ipsam
2315 738 2588 795 historiam
2614 741 2767 796 vobis
2806 742 2861 796 in
2906 743 3214 797 memoriam
3246 756 3469 797 revoce-

1907 843 2043 884 mus.
2071 829 2201 883 Nam
2230 844 2351 884 cum
2374 831 2605 898 acceptis
2622 831 2676 885 in
2697 840 2877 887 monte
2897 832 3088 887 tabulis
3111 831 3470 887 descensurus

1908 930 2048 976 esset
2066 921 2292 991 Moyses,
2321 921 2599 977 ineffabilia
2623 923 2641 954 ⁸
2662 922 2905 992 quaedam
2928 931 2982 979 et
3010 923 3267 979 mirabilis
3295 940 3358 979 ex
3383 924 3471 978 illa

1908 1021 2088 1067 sancta
2115 1013 2248 1068 facie
2270 1014 2438 1083 gloria
2468 1013 2589 1068 talis
2606 1014 2867 1069 emicabat
2885 1055 2901 1081 ,
2943 1022 3005 1069 ut
3038 1015 3217 1070 nullus
3243 1031 3273 1070 e
3310 1015 3471 1085 vulgo

1910 1102 1977 1157 ad
2006 1104 2149 1158 illum
2175 1104 2429 1159 accedere
2471 1114 2525 1159 et
2560 1121 2681 1160 cum
2718 1106 2808 1160 illo
2840 1105 3068 1176 colloqui
3113 1105 3349 1161 auderet.
3396 1106 3475 1162 Ne

1912 1194 2068 1263 igitur
2092 1195 2289 1263 popqu
2314 1209 2524 1262 semper
2545 1194 2845 1250 inaccessas
2865 1204 3026 1261 esset,
3054 1194 3300 1263 imposito
3322 1196 3475 1251 faciei

1910 1300 2020 1338 sua:
2049 1286 2311 1339 velamine
2332 1326 2349 1352 ,
2382 1286 2721 1355 permittebat
2746 1295 2801 1339 ut
2826 1300 2949 1340 cum
2974 1300 3039 1339 eo
3064 1287 3243 1340 venire
3278 1286 3332 1339 in
3360 1286 3475 1339 col-

1913 1376 2144 1444 loquium
2188 1375 2356 1430 Judaei
2384 1384 2601 1445 possent
2644 1375 2663 1445 (
2684 1374 2851 1430 Exod.
2879 1376 2968 1430 3L
2992 1376 3082 1430 33.
3107 1377 3227 1445 54).
3254 1378 3322 1429 At
3356 1391 3478 1430 cum

1914 1465 2109 1534 populo
2136 1465 2265 1519 dum
2289 1472 2586 1519 versaretur
2609 1504 2625 1529 ,
2655 1464 2891 1520 velamen
2921 1464 3169 1535 gerebat;
3215 1464 3284 1518 ad
3311 1466 3477 1519 Deum

1914 1566 2089 1612 autem
2116 1572 2179 1613 se
2198 1571 2530 1621 convertens,
2557 1570 2741 1611 rursus
2766 1556 2893 1611 illud
2915 1557 3233 1625 deponebat.
3265 1555 3318 1611 Id
3351 1571 3479 1611 vero

1914 1647 2103 1714 fiebat,
2133 1656 2188 1702 ut
2226 1643 2392 1699 simul
2419 1646 2585 1715 major
2612 1645 2744 1701 ﬁdes
2784 1647 3067 1717 legislatori
3109 1646 3480 1702 conciliaretur

1914 1737 2052 1807 apud
2092 1752 2186 1792 eos
2226 1736 2318 1806 qui
2363 1751 2459 1805 per
2506 1738 2679 1805 ipsum
2728 1736 2940 1791 allatam
2991 1738 3260 1805 accepturi
3307 1736 3480 1806 legem

1916 1836 2087 1895 erant,
2120 1838 2173 1883 et
2199 1828 2355 1882 simul
2377 1828 2428 1881 in
2455 1827 2571 1896 ipso
2595 1828 2740 1897 prius
2769 1827 3178 1884 adumbraretur
3203 1828 3365 1898 figura
3390 1844 3482 1881 vc-

1916 1921 2107 1984 ritatis,
2136 1928 2189 1974 et
2210 1919 2585 1975 incarnationis
2604 1918 2803 1973 Christi
2837 1934 2992 1973 causa
3025 1919 3191 1973 multo
3210 1928 3333 1972 ante
3356 1932 3483 1986 pra:-

1917 2010 2321 2081 siguiflcaretur.
2364 2010 2495 2063 Nam
2524 2009 2775 2079 quoniam
2805 2009 2994 2063 dicturi
3025 2018 3176 2063 erant
3201 2008 3436 2062 nonnulli
3462 2049 3479 2072 ,

1916 2102 2093 2171 Quare
2123 2116 2225 2156 non
2258 2100 2310 2154 in
2338 2100 2476 2153 nuda
2506 2099 2782 2154 divinitate
2817 2098 3055 2153 Christus
3092 2099 3337 2163 advenit,
3388 2098 3485 2153 sed

1917 2208 2131 2248 carnem
2163 2191 2372 2246 induit?
2400 2191 2567 2245 multo
2592 2198 2715 2245 ante
2735 2204 2831 2258 per
2851 2188 3035 2243 faciem
3066 2190 3200 2244 servi
3226 2190 3485 2257 objectio-

1920 2286 2075 2341 nibus
2102 2285 2217 2340 istis
2243 2283 2495 2338 occurrit.
2540 2280 2597 2336 Si
2625 2281 2764 2336 enim
2797 2280 2935 2335 servi
2960 2280 3183 2349 gloriam
3206 2320 3222 2345 ,
3266 2294 3382 2349 qum
3412 2280 3486 2332 illi

1921 2384 2104 2444 postea
2126 2373 2359 2438 obvenit,
2386 2385 2607 2427 cernere
2630 2385 2734 2425 non
2762 2379 2981 2439 potuere
2996 2369 3183 2434 Judaei,
3206 2384 3311 2439 quo
3335 2379 3489 2442 paeto

1922 2466 2113 2522 nudam
2141 2473 2323 2535 postea
2350 2463 2678 2519 divinitatem
2706 2461 2884 2516 videre
2912 2461 3245 2529 potuissent?

1992 2557 2045 2609 7.
2075 2553 2254 2623 Neque
2279 2567 2409 2608 vero
2435 2560 2635 2606 tantum
2662 2552 2763 2605 hoc
2791 2551 2943 2605 nobis
2969 2550 3207 2605 velamen
3240 2549 3366 2603 illud
3392 2548 3490 2604 den

1923 2647 2114 2717 signat,
2143 2644 2237 2698 sed
2257 2642 2441 2698 eadem
2471 2657 2611 2697 nunc
2637 2641 2835 2696 Iudaeis
2858 2641 2993 2696 lecta
3021 2642 3137 2711 lege
3164 2641 3489 2710 contingere,

1924 2753 2041 2807 quae
2068 2746 2175 2790 tum
2220 2736 2335 2789 visa
2379 2733 2573 2804 Moysis
2618 2732 2750 2787 facie
2792 2731 3186 2801 contingebant.
3237 2731 3305 2785 Ut
3349 2731 3493 2785 enim

1925 2828 2074 2882 faciei
2105 2825 2417 2896 legislatoris
2443 2824 2662 2894 gloriam
2710 2838 2815 2879 non
2851 2824 3177 2888 cernebant,
3217 2822 3355 2892 quod
3384 2838 3493 2877 me-

1926 2918 2069 2974 dium
2096 2918 2220 2972 illud
2249 2918 2425 2971 velum
2466 2916 2799 2984 interjectum
2833 2922 2975 2968 esset
3004 2929 3021 2969 ;
3051 2914 3126 2968 sic
3153 2928 3325 2983 neque
3354 2928 3495 2967 nunc

1928 3011 2058 3081 legis
2084 3019 2304 3080 possunt
2330 3010 2550 3079 gloriam
2580 3006 2793 3061 intueri.
2840 3005 2950 3060 Hoc
2976 3020 3101 3060 vero
3121 3005 3279 3059 etiam
3302 3003 3494 3057 adver-

1929 3118 2020 3157 sus
2046 3101 2320 3156 haereticos
2349 3100 2465 3153 usui
2495 3098 2648 3153 nobis
2667 3106 2766 3152 est.
2807 3097 2937 3151 Nam
2964 3098 3083 3166 quia
3113 3104 3296 3166 putant
3320 3094 3497 3148 crimi-

1931 3192 2196 3245 nationem
2233 3189 2363 3258 legis
2402 3202 2511 3256 pra:
2554 3202 2615 3241 se
2651 3186 2787 3241 ferre
2832 3200 2950 3254 qum
2987 3184 3125 3238 dicta
3161 3191 3315 3248 sunt,
3358 3183 3498 3235 hunc

1931 3282 2106 3336 locum
2146 3279 2384 3349 epistola:
2422 3286 2734 3345 receperunt
2773 3292 2788 3333 :
2828 3283 2884 3329 et
2924 3291 3043 3330 cum
3084 3275 3250 3344 legem
3302 3273 3500 3326 habere

1930 3372 2171 3425 velamen
2190 3368 2536 3431 audivissent,
2565 3375 2619 3422 et
2644 3365 2906 3431 evacuari,
2936 3364 3074 3435 quod
3105 3365 3245 3418 illam
3274 3362 3499 3417 arbitra-

1933 3473 2113 3517 rentur
2139 3460 2405 3525 accusari,
2450 3460 2627 3514 literas
2664 3458 3014 3513 deseruerunt
3032 3498 3045 3521 ,
3074 3465 3132 3509 ut
3155 3455 3262 3509 suis
3288 3453 3499 3507 ratioci-

1935 3552 2233 3607 nationibus
2279 3559 2612 3620 caperentur.
2660 3548 2803 3603 Istud
2850 3547 2991 3601 enim
3038 3548 3208 3617 ipsum
3254 3559 3499 3615 magnam

1935 3660 2055 3700 esse
2104 3646 2271 3714 legem
2320 3642 2568 3710 ostendit.
2616 3640 2747 3694 Nam
2794 3639 2930 3693 sicut
2967 3646 3076 3692 tum
3119 3637 3326 3691 crimini
3368 3635 3503 3689 verti

1935 3735 2101 3806 Moysi
2145 3750 2246 3788 non
2281 3741 2522 3802 poterat,
2550 3730 2692 3800 quod
2720 3744 2880 3799 super
2916 3727 3102 3782 faciem
3130 3726 3370 3781 velamen
3408 3724 3503 3777 ha-

1936 3829 2105 3891 beret,
2134 3826 2226 3882 sed
2255 3824 2382 3878 illud
2405 3831 2520 3878 erat
2562 3821 2808 3876 indicium
2835 3818 3155 3873 infirmitatis
3179 3816 3497 3877 Iudaeorum,

1939 3919 2131 3990 Moysis
2157 3930 2284 3971 vero
2313 3915 2427 3971 laus
2465 3913 2689 3967 maxima
2713 3952 2729 3976 ,
2774 3909 2913 3980 quod
2954 3916 3103 3963 tanta
3133 3906 3299 3975 gloria
3342 3903 3506 3957 facies

1941 4010 2081 4065 illius
2118 4006 2403 4075 refulgeret
2439 4012 2497 4056 ut
2523 4001 2662 4071 apud
2700 4014 2986 4054 conservos
3013 3993 3505 4063 volamineindige—

1941 4110 2058 4156 ret:
2086 4100 2156 4152 ita
2186 4112 2395 4166 quoque
2433 4094 2532 4164 legi
2571 4092 2781 4148 accidit.
2828 4089 2939 4145 Nisi
2984 4089 3125 4144 enim
3168 4087 3253 4142 lex
3286 4085 3509 4156 gloriam

1944 4190 2213 4244 habuisset
2229 4188 2570 4251 inaccessam,
2585 4182 2961 4238 velaminenon
2982 4178 3310 4246 indiguisset.
3332 4175 3479 4241 Quan
3492 4202 3508 4213 -

1943 4280 2014 4336 do
2058 4279 2214 4349 igitur
2252 4291 2467 4332 manere
2493 4274 2734 4330 velamen
2763 4272 2890 4327 dicit
2930 4272 2983 4325 in
3032 4269 3261 4324 lectione
3300 4267 3512 4322 Veteris

1943 4368 2287 4434 Testamenti,
2310 4366 2680 4422 obscuritatem
2702 4363 2815 4431 ejus
2835 4360 2961 4415 dicit
2990 4378 3004 4415 :
3026 4359 3237 4428 quando
3258 4371 3383 4412 vero
3403 4370 3511 4411 non

1946 4462 2237 4518 revelatum
2286 4458 2413 4512 dicit
2449 4455 2589 4525 quod
2619 4456 2675 4508 in
2711 4453 2921 4508 Christo
2947 4460 3257 4516 evacuatur,
3304 4456 3511 4519 partem

1947 4567 2064 4608 eam
2094 4550 2228 4619 legis
2256 4548 2406 4601 nobis
2453 4545 2679 4609 indicat,
2722 4542 2930 4598 ratione
2974 4543 3125 4611 cujus
3168 4542 3392 4596 obscura
3423 4540 3511 4595 lex

1947 4652 2048 4698 est.
2098 4641 2213 4695 Non
2251 4638 2390 4692 enim
2420 4636 2643 4691 obscura
2670 4648 2794 4704 pars
2822 4647 2885 4688 ea
2911 4633 3042 4701 legis
3071 4632 3170 4686 fuit
3204 4646 3322 4702 qua:
3361 4630 3515 4685 nobis

1951 4734 2015 4789 ad
2046 4734 2204 4787 vitam
2235 4739 2287 4785 et
2305 4726 2765 4783 conversationem
2793 4724 3164 4780 instituendam
3185 4722 3513 4786 conferebat,

1951 4826 2147 4895 alioqui
2186 4820 2450 4892 superﬂue
2476 4818 2597 4873 data
2635 4817 2822 4873 fuisset
2854 4833 2867 4870 :
2898 4816 2993 4871 sed
3030 4831 3107 4871 ea:
3136 4816 3306 4870 solum
3336 4822 3515 4884 partes

1952 4919 2245 4973 obscurata:
2288 4921 2449 4978 sunt,
2495 4926 2564 4966 ex
2600 4910 2795 4983 quibus
2828 4923 2985 4963 nosse
3027 4916 3329 4976 poteramus
3369 4903 3518 4959 illam

1954 5007 2192 5062 evacuari
2215 5020 2307 5074 per
2328 5002 2615 5057 Christum.
2633 5000 2763 5057 Nam
2791 5006 2845 5051 et
2871 4997 2972 5050 hoc
2991 5011 3121 5066 Opus
3141 5005 3222 5049 est
3245 4994 3519 5064 sapientn'e

1955 5097 2179 5163 divitia,
2211 5096 2379 5164 legem
2409 5092 2475 5147 ab
2522 5092 2636 5159 ipso
2678 5086 2968 5153 introduci,
3008 5086 3097 5154 qui
3123 5085 3189 5142 de
3217 5101 3279 5139 ea
3317 5085 3519 5139 diceret

1956 5189 2087 5255 fore,
2109 5196 2167 5241 ut
2190 5184 2449 5247 Christus,
2475 5196 2593 5234 cum
2618 5178 2841 5243 venerit,
2868 5177 3035 5246 legem
3065 5182 3305 5238 evacuet,
3326 5185 3378 5230 et
3405 5175 3520 5230 fore

1957 5290 2014 5335 ut
2040 5280 2092 5335 in
2130 5279 2244 5348 ipso
2281 5290 2399 5329 esse
2441 5272 2667 5326 desinat.
2708 5270 2833 5324 llaec
2872 5269 3030 5339 igitur
3064 5267 3176 5338 ipsa
3218 5283 3339 5338 pars
3366 5266 3519 5336 legis,

1958 5387 2079 5443 quae
2116 5370 2284 5443 legem
2333 5367 2386 5422 in
2413 5363 2628 5418 Christo
2654 5361 2782 5417 dicit
2807 5362 3083 5426 evacuari,
3135 5361 3243 5414 sola
3285 5360 3378 5411 fuit
3420 5358 3522 5410 ob,-

1960 5477 2111 5519 scura
2142 5476 2156 5514 :
2184 5469 2340 5527 atque
2363 5455 2465 5509 hoc
2487 5453 2663 5523 Ipsum
2690 5450 2927 5505 indicans
2956 5465 3174 5521 magnus
3202 5448 3393 5504 Paulus
3422 5446 3522 5501 ad—

1954 5546 2130 5626 junxit
2150 5551 2347 5614 dicens,
2370 5545 2489 5600 Non
2503 5544 2792 5609 revelatum,
2813 5542 2948 5614 quod
2961 5542 3013 5596 in
3025 5542 3220 5596 Christo
3234 5548 3522 5595 evacuatur.

2026 5710 2049 5745 ι
2080 5704 2213 5763 Coll).
2236 5699 2403 5761 ιιιὶκι.
2426 5698 2687 5761 Mam
2712 5708 2819 5760 pro,
2836 5693 3110 5758 ὶηειῖαὺιιω.
