4064 6214
608 328 719 384 175

616 432 821 490 Etenim
866 449 934 490 ne
982 433 1118 490 forte
1163 449 1282 490 cum
1331 433 1571 489 audisses
1613 433 1665 488 in
1715 431 1942 488 lectione
1971 429 2174 486 Veteris

613 521 934 579 Testamentl
959 539 1173 579 manere
1201 524 1436 579 velamen
1456 563 1474 587 ,
1520 532 1680 578 totam
1705 522 1870 591 ipsam
1895 520 2175 576 obscuram

613 621 667 667 et
692 613 955 668 obtectam
979 627 1098 668 esse
1119 612 1452 667 existimares
1469 650 1488 678 ,
1531 611 1667 666 hanc
1705 609 2060 679 suspicionem
2081 605 2177 662 ad-

615 701 812 756 ditione
851 703 1098 758 correxit.
1131 702 1261 758 Cum
1287 701 1426 757 enim
1447 701 1697 767 dixisset,
1735 701 1974 756 velamen
2010 699 2063 753 in
2095 699 2172 754 le-

616 792 794 846 ctione
837 790 1041 846 Veteris
1089 791 1415 847 Testamenti
1459 805 1711 857 manere,
1761 790 1991 860 adjecit,
2049 787 2174 843 Non

613 882 903 948 revelatum,
932 882 1067 952 quod
1097 881 1149 935 in
1169 880 1365 936 Christo
1383 889 1670 936 evacuatur.
1716 879 1827 934 lioc
1853 880 2054 950 ipsum,
2087 879 2172 934 in-

613 971 756 1040 quit,
806 970 1095 1026 revelatum
1127 985 1234 1024 non
1282 978 1398 1034 est,
1441 970 1582 1039 quod
1611 969 1664 1024 in
1689 968 1902 1025 Christo
1930 976 2012 1024 est
2047 983 2170 1024 eva-

609 1058 871 1114 cuaadum
903 1074 919 1111 :
950 1073 1109 1129 porro
1154 1059 1220 1113 iis
1268 1058 1555 1114 revelatum
1607 1073 1712 1112 non
1763 1068 1881 1126 est,
1928 1061 2019 1128 qui
2064 1072 2169 1112 non

609 1149 865 1203 accedunt
888 1148 955 1204 ad
993 1148 1150 1204 ﬁdem
1179 1165 1194 1202 :
1223 1149 1401 1220 itaque
1441 1149 1487 1204 is
1513 1151 1603 1220 qui
1631 1150 1698 1204 ad
1735 1149 1894 1206 fidem
1924 1151 2166 1216 accessit,

607 1248 662 1292 et
689 1241 856 1293 sancti
885 1238 1114 1307 Spiritus
1138 1239 1360 1307 gratiam
1385 1249 1743 1308 consequutus
1779 1248 1898 1304 est,
1929 1255 2034 1293 non
2057 1239 2168 1308 jam

607 1343 728 1385 cum
769 1329 1026 1384 velamine
1062 1329 1228 1399 legem
1265 1330 1532 1396 intuetur,
1579 1330 1672 1385 sed
1699 1330 1894 1386 nudam
1920 1330 2034 1399 ejus
2058 1329 2170 1399 glo—

607 1421 744 1477 riam
769 1430 992 1492 spectat.
1045 1422 1223 1478 Gloria
1249 1423 1378 1493 legis
1401 1431 1517 1490 est,
1559 1431 1618 1478 ut
1642 1422 1839 1478 docere
1875 1424 2042 1493 possit
2066 1423 2169 1479 sei-

607 1527 754 1583 psam
799 1513 854 1568 in
895 1510 1104 1568 Christo
1147 1515 1428 1578 evacuari,
1473 1523 1532 1570 ut
1580 1514 1682 1570 hoc
1716 1529 1926 1586 quoque
1968 1514 2061 1569 tibi
2099 1516 2168 1569 sit

605 1605 892 1673 cognitum.
942 1602 1097 1659 Vides
1127 1619 1246 1673 qua:
1287 1604 1358 1658 sit
1399 1603 1528 1674 legis
1569 1604 1769 1676 gloria?
1801 1604 1936 1660 Vera
1973 1605 2167 1675 quippe

605 1694 770 1761 gloria
811 1693 928 1763 ejus
959 1701 1074 1758 est,
1123 1692 1334 1763 quando
1374 1693 1634 1750 instruere
1661 1703 1712 1750 te
1755 1693 1985 1765 potuerit
2021 1705 2074 1751 et
2098 1695 2166 1750 ad

605 1783 873 1838 Christum
891 1783 1153 1840 deducere
1177 1802 1191 1839 :
1221 1792 1332 1839 tum
1356 1800 1482 1840 vero
1503 1787 1732 1852 instruit,
1763 1800 1887 1843 cum
1914 1787 2160 1843 evacuari

605 1889 664 1929 se
684 1874 932 1929 ostendit.
961 1874 1140 1946 Itaque
1170 1874 1292 1930 hinc
1311 1876 1470 1930 etiam
1499 1875 1764 1933 haereticis
1792 1878 1947 1934 letale
1972 1878 2165 1933 vulnus

605 1965 873 2035 inﬂigitur.
900 1966 1031 2020 Nam
1059 1967 1103 2021 si
1131 1967 1395 2022 contraria
1431 1967 1516 2023 lex
1540 1978 1595 2022 et
1625 1968 1926 2023 adversaria
1952 1968 2164 2022 Christo

604 2065 780 2119 esset,
811 2071 912 2111 nec
937 2058 1006 2112 ab
1047 2057 1141 2112 illo
1173 2057 1397 2122 tradita,
1438 2073 1544 2112 non
1580 2061 1902 2126 oportuisset
1943 2059 2162 2113 Paulum

601 2145 716 2214 ejus
735 2145 953 2216 gloriam
981 2147 1032 2203 id
1057 2147 1343 2216 appellare,
1370 2148 1509 2218 quod
1529 2149 1841 2204 accedentes
1863 2147 1930 2202 ad
1958 2163 2016 2203 se
2040 2163 2162 2218 pos-

601 2243 687 2290 set
709 2233 1000 2301 instruere,
1030 2253 1126 2309 per
1157 2237 1426 2294 Christum
1455 2239 1624 2308 ipsam
1651 2241 1917 2297 evacuari.
1945 2240 2004 2296 Si
2027 2243 2162 2296 mala

601 2335 742 2382 esset
765 2327 846 2382 lex
870 2343 1072 2395 rursus,
1097 2344 1203 2383 non
1225 2329 1547 2398 oportuisset
1562 2332 1800 2387 velamen
1817 2331 1933 2401 ejus
1947 2332 2160 2397 auferri,

599 2414 694 2468 sed
741 2416 881 2470 illam
927 2418 1085 2472 etiam
1127 2427 1246 2487 post
1287 2418 1513 2488 gratiam
1547 2419 1884 2474 obscuratam
1923 2436 2159 2476 manere.

598 2504 749 2573 Quod
777 2508 825 2563 si
861 2507 961 2563 hoc
994 2524 1186 2565 munus
1211 2519 1295 2566 est
1318 2511 1502 2581 gratia:
1521 2551 1537 2575 ,
1568 2521 1626 2565 ut
1657 2511 1973 2566 accedentes
2002 2511 2066 2566 ad
2103 2527 2162 2568 se

598 2598 1015 2668 perspicaciores
1040 2600 1108 2655 ad
1147 2601 1702 2670 comprehendendam
1745 2601 1914 2673 legem
1941 2602 2156 2671 efﬁciat,

597 2689 679 2744 sic
713 2697 770 2743 ut
805 2688 926 2744 inde
954 2689 1156 2745 initium
1195 2699 1250 2746 et
1284 2691 1493 2746 occasio
1515 2691 1738 2746 ducatur
1761 2692 1935 2746 omnis
1958 2692 2077 2748 lidei
2105 2693 2158 2748 in

595 2777 865 2832 Christum
889 2778 1200 2834 exhibenda:
1229 2796 1242 2831 :
1269 2781 1534 2848 quodnam
1559 2781 1800 2850 proferre
1827 2783 1999 2850 majus
2034 2797 2159 2850 pos-

596 2875 682 2922 set
705 2865 844 2922 ullus
875 2877 1241 2938 argumentum
1270 2869 1602 2938 cognationis
1636 2871 1768 2941 legis
1805 2886 1930 2926 cum
1969 2873 2157 2943 gratia,

595 2971 754 3026 quam
769 2971 891 3012 cum
910 2959 1095 3014 oculos
1119 2958 1360 3015 Christus
1386 2961 1556 3030 aperit
1572 2976 1775 3024 eorum.
1797 2964 1886 3034 qui
1901 2965 1966 3019 ad
1991 2965 2158 3034 ipsum

595 3048 888 3115 accedunt,
927 3057 985 3103 ut
1014 3049 1395 3106 institutionem
1423 3053 1698 3122 percipere
1736 3054 1868 3126 legis
1911 3058 2155 3125 possint:

595 3136 686 3190 illa
712 3152 840 3192 vero
861 3152 983 3193 eum
1015 3139 1354 3208 apparuerit,
1389 3149 1445 3195 et
1479 3141 1617 3198 facta
1657 3143 1815 3198 fuerit
1857 3145 2155 3213 manifesta,

594 3228 788 3296 poterit
823 3229 987 3283 multa
1014 3245 1132 3284 cum
1157 3230 1407 3286 facilitate
1433 3235 1787 3290 transmittere
1807 3235 1946 3301 illos,
1981 3239 2068 3306 qui
2095 3252 2157 3292 ea

594 3330 713 3385 qua
750 3316 943 3376 Christi
985 3325 1112 3372 sunt
1150 3319 1479 3390 intelligunt?
1525 3323 1648 3378 llaec
1689 3326 1828 3379 enim
1873 3326 2161 3381 ostendunt

593 3420 767 3476 neque
786 3405 1052 3462 Christum
1077 3421 1198 3463 cum
1227 3409 1345 3479 lege
1380 3425 1614 3481 pugnare
1631 3452 1648 3478 ,
1692 3429 1864 3483 neque
1889 3429 2006 3469 cum
2029 3415 2156 3472 Iesu

594 3493 763 3564 legem
787 3494 980 3551 bellum
1005 3511 1223 3567 gerere,
1255 3499 1348 3553 sed
1379 3501 1643 3555 contrario
1670 3503 1824 3571 plane
1853 3505 2011 3560 modo
2041 3521 2154 3561 rem

589 3597 653 3639 se
676 3584 870 3640 habere
891 3623 908 3651 ,
936 3600 1056 3640 cum
1085 3587 1172 3641 illa
1198 3589 1411 3658 quidem
1448 3589 1514 3644 ad
1540 3607 1780 3662 magnam
1817 3593 1954 3649 hanc
1982 3596 2156 3664 philo-

592 3671 834 3740 sophiam
857 3673 995 3728 viam
1033 3684 1263 3740 sternat,
1306 3677 1392 3733 hic
1419 3688 1595 3735 autem
1621 3681 1742 3735 inde
1765 3695 2062 3754 assumptus
2087 3686 2156 3743 ad

590 3775 861 3820 summm
903 3762 1111 3833 pietatis
1153 3767 1359 3820 culmen
1410 3767 1654 3824 adducat.
1705 3770 1810 3825 Pro
1851 3771 1934 3826 his
1980 3784 2155 3829 autem

589 3850 837 3907 omnibus
864 3850 1090 3923 benigno
1118 3853 1227 3909 Deo
1251 3856 1446 3924 gratias
1483 3873 1700 3926 agamus
1721 3900 1737 3926 ,
1793 3863 1879 3930 qui
1909 3878 2003 3931 pro
2030 3879 2158 3920 con-

589 3941 826 3998 venieuti
874 3951 1114 4012 tempore
1149 3945 1354 4016 singula
1379 3946 1648 4017 disponit,
1681 3951 1946 4022 variisque
1985 3956 2155 4011 modis

587 4031 814 4089 salutem
839 4044 1074 4090 nostram
1100 4046 1378 4106 procurat,
1403 4048 1460 4094 et
1481 4040 1690 4110 dignam
1721 4043 1883 4111 ipsius
1903 4044 2156 4115 dignitate

589 4138 654 4179 ac
676 4134 820 4182 tanta
847 4127 1174 4196 providentia
1209 4129 1332 4182 vitae
1374 4130 1630 4185 rationem
1659 4147 1753 4200 pro
1779 4136 1979 4190 viribus
1999 4137 2152 4193 exhi-

587 4214 810 4271 beamus
831 4256 851 4282 ,
889 4224 953 4271 ut
988 4216 1164 4275 futura
1203 4219 1361 4273 etiam
1401 4217 1538 4275 bona
1579 4236 1963 4291 consequamur
1992 4244 2006 4275 :
2035 4245 2153 4297 qua:

589 4305 743 4361 nobis
769 4307 1015 4365 omnibus
1055 4307 1252 4362 utinam
1294 4309 1628 4380 contingant,
1650 4309 1817 4380 gratia
1840 4325 1894 4369 et
1917 4315 2154 4387 benigni-

589 4403 698 4450 tate
720 4393 925 4451 Domini
949 4397 1113 4451 nostri
1136 4395 1261 4452 Jesu
1288 4397 1502 4464 Christi,
1536 4415 1629 4469 per
1655 4418 1811 4471 quem
1834 4414 2031 4460 etcum
2048 4424 2154 4478 quo

585 4483 751 4549 Patri,
780 4485 934 4541 simul
961 4501 1079 4542 cum
1101 4485 1295 4556 Spiritu
1325 4498 1527 4554 sancto,
1555 4490 1742 4559 gloria,
1768 4492 1955 4563 honor,
1986 4496 2154 4568 impe-

586 4575 746 4642 rium,
771 4574 829 4634 in
848 4576 1045 4633 alecula
1067 4577 1405 4637 aemulorum.
1436 4581 1626 4634 Amen.

582 4767 765 4822 Aditus
784 4769 840 4822 its
864 4770 1206 4826 securitatem
1245 4773 1430 4831 Veteris
1457 4776 1778 4845 Testamenti,
1802 4783 1916 4836 etin
1934 4781 2027 4842 Dei
2044 4787 2148 4841 ek-

655 4860 915 4926 mentians,
936 4870 984 4915 et
1012 4861 1147 4926 quod
1169 4862 1262 4917 alit
1287 4865 1416 4920 alios
1444 4883 1545 4920 non
1587 4869 1796 4926 debeant
1822 4889 2076 4933 accusare.

657 5018 708 5071 Ι.
748 5016 955 5074 Gaudet
981 5020 1191 5090 quidem
1236 5021 1511 5088 bubulcus,
1557 5025 1684 5080 dum
1727 5026 1863 5084 bene
1886 5031 2064 5088 valere
2088 5049 2153 5091 ae

583 5114 834 5174 vegetum
861 5122 979 5163 esse
1016 5109 1158 5162 videt
1198 5121 1493 5167 armentum
1533 5130 1688 5169 suum
1708 5134 1731 5170 .;
1758 5120 1951 5187 gaudet
1989 5123 2149 5182 etiam

584 5197 834 5265 agricola,
863 5197 990 5258 dum
1009 5208 1314 5254 vernantem
1342 5214 1574 5270 segetem
1601 5208 1801 5262 cernit:
1830 5209 1921 5263 sed
1950 5225 2049 5266 nec
2081 5214 2154 5268 ob

585 5296 816 5356 segetem
844 5289 1090 5356 agricola,
1139 5303 1240 5344 nec
1281 5291 1349 5344 ob
1391 5306 1513 5346 suas
1540 5293 1702 5349 boves
1730 5296 1986 5354 bubulcus
2014 5301 2150 5357 adeo

583 5375 831 5443 gaudent.
864 5386 920 5429 ut
958 5391 1054 5446 ego
1081 5392 1221 5432 nunc
1261 5380 1464 5446 gaudeo
1506 5389 1560 5436 et
1599 5385 1825 5449 exsulto,
1868 5387 1992 5442 dum
2037 5393 2151 5457 pul—

586 5464 769 5518 chram
796 5464 931 5525 hanc
959 5479 1138 5519 aream
1181 5468 1538 5536 spiritualibus
1582 5471 1838 5540 repletam
1870 5478 2150 5547 manipulis

586 5569 765 5608 cerno.
795 5555 926 5611 Cum
951 5557 1090 5612 enim
1121 5557 1173 5611 in
1204 5566 1281 5612 tot
1308 5573 1369 5612 ac
1400 5560 1526 5615 tales
1550 5577 1706 5617 aures
1726 5579 1967 5634 sparsum
1986 5568 2145 5625 fuerit

588 5651 810 5704 verbum
827 5650 1057 5722 pietatis,
1074 5649 1352 5708 confestim
1382 5667 1598 5712 necesse
1626 5666 1729 5727 est,
1761 5667 1818 5714 ut
1837 5661 2070 5731 copiosa:
2084 5677 2146 5718 ac

1311 318 1370 374 S.
1407 315 1684 376 JOANNIS
1717 309 2184 374 CHRYSOSTOII
2218 311 2529 372 ARCBIEP.
2566 318 3091 380 CONSTANTINOP.

3718 341 3830 397 176

2277 439 2497 488 matura
2523 432 2832 490 obedientize
2859 437 3018 506 spica:
3042 447 3341 494 nascantur.
3367 438 3496 496 Nam
3520 442 3566 500 si
3589 442 3706 512 quis
3718 445 3827 501 sul-

2275 521 2351 575 cis
2371 521 2594 578 fertilem
2615 537 2676 578 ac
2696 523 2937 594 pinguem
2966 540 3147 596 agrum
3176 528 3475 597 prociderit,
3495 533 3732 600 quamvis
3746 549 3831 588 se-

2275 610 2415 664 mina
2443 611 2586 681 larga
2611 627 2766 667 manu
2792 629 2894 668 non
2921 614 3126 683 jecerit,
3155 617 3372 672 multum
3393 630 3702 687 proventum
3720 623 3832 677 col-

2273 698 2415 767 liget,
2447 699 2572 754 dum
2610 701 2707 756 loci
2746 711 2929 757 natura
2971 704 3228 759 seminum
3271 707 3512 777 exiguum
3550 724 3827 766 numerum

2273 788 2482 857 propria
2503 789 2694 847 virtute
2722 792 3083 862 multiplicabit
3104 811 3116 847 :
3137 795 3215 850 sic
3235 809 3353 850 cum
3379 797 3430 851 in
3456 799 3660 856 animas
3673 800 3830 855 obse-

2272 889 2494 950 quentes
2517 895 2579 935 ac
2607 881 2814 950 pietatis
2839 883 3022 952 plenas
3049 883 3237 955 aliquis
3260 888 3532 954 sparserit,
3557 887 3679 944 licet
3715 890 3822 944 exi-

2270 983 2372 1037 gua
2396 968 2650 1025 doctrina:
2669 971 2868 1026 semina
2891 971 3096 1040 iecerit,
3129 987 3355 1029 messem
3383 975 3595 1032 uberem
3620 988 3823 1045 cernet,

2271 1057 2396 1114 dum
2427 1075 2521 1129 per
2543 1049 2838 1116 auditorum
2866 1062 3172 1132 sapientiam
3207 1066 3589 1124 concionatoris
3617 1079 3824 1140 egestas

2270 1149 2633 1206 occultabitur.
2661 1151 2772 1207 Hoc
2795 1161 2849 1208 et
2874 1153 2925 1208 in
2953 1154 3236 1222 piscatione
3262 1159 3533 1230 contingit.
3574 1161 3824 1230 Quamvis

2268 1241 2409 1295 enim
2438 1241 2726 1312 piscatores
2765 1243 2870 1298 sint
2898 1244 3148 1314 imperiti.
3179 1247 3226 1302 si
3254 1256 3426 1304 tamen
3453 1250 3506 1305 in
3546 1251 3717 1308 sinum
3744 1254 3820 1324 pi-

2268 1331 2446 1386 scibus
2486 1333 2840 1388 abundantem
2881 1335 3011 1389 retia
3051 1335 3309 1402 miserint,
3347 1337 3501 1395 facile
3528 1341 3703 1410 pratda
3730 1357 3823 1412 po-

2269 1421 2492 1488 tiuntur,
2523 1421 2645 1477 dum
2667 1422 2873 1478 illorum
2893 1423 3165 1480 abscondit
3180 1427 3488 1495 imperitiam
3504 1444 3823 1488 concurren-

2269 1511 2396 1565 tium
2423 1513 2642 1582 piscium
2671 1513 2972 1569 multitudo.
3001 1514 3152 1581 Quod
3175 1517 3220 1572 si
3253 1518 3306 1572 in
3333 1518 3418 1573 illa
3447 1531 3658 1590 captura
3685 1525 3822 1579 mulo

2267 1599 2438 1656 titudo
2461 1601 2666 1656 illorum
2686 1603 2774 1673 qui
2795 1603 3034 1673 capiendi
3057 1615 3196 1665 sunt,
3218 1621 3582 1678 saepenumero
3599 1611 3713 1681 ejus
3726 1615 3819 1683 qui

2267 1700 2382 1746 rete
2422 1690 2601 1758 mittit,
2632 1691 2907 1761 imperitiae
2934 1693 3196 1750 defectum
3233 1698 3411 1765 sarcit,
3459 1700 3624 1756 multo
3650 1704 3819 1772 magis

2265 1780 2402 1834 istud
2421 1781 2588 1850 ipsum
2611 1783 2660 1836 in
2683 1781 2780 1838 hac
2797 1783 3049 1853 spirituali
3076 1786 3362 1855 piscatione
3387 1789 3668 1861 continget.
3685 1791 3818 1848 Nam

2265 1870 2341 1926 illi
2364 1873 2578 1942 quidem
2601 1874 2774 1942 pisces
2801 1876 2887 1931 ubi
2916 1890 3097 1932 nassas
3123 1886 3178 1933 et
3201 1877 3384 1934 hamos
3429 1882 3635 1938 immitti
3676 1884 3822 1940 vide-

2265 1961 2386 2025 rint,
2421 1961 2694 2020 confestim
2737 1973 2791 2022 et
2833 1965 3125 2038 aufugiunt,
3156 1978 3210 2024 et
3236 1971 3484 2026 exsiliunt
3517 1991 3531 2028 :
3572 1989 3666 2029 vos
3689 1990 3820 2030 vero

2264 2055 2584 2110 contrarium
2623 2056 2810 2128 agitis:
2832 2072 2952 2113 cum
2988 2069 3287 2131 surgentem
3312 2072 3364 2118 et
3391 2062 3641 2120 doctrinae
3667 2081 3820 2137 sago-

2264 2158 2385 2198 nam
2411 2145 2650 2200 videritis
2686 2147 3089 2216 expandentetn,
3117 2166 3222 2206 non
3246 2153 3414 2207 solum
3443 2169 3544 2209 non
3573 2157 3817 2227 aufugitis

2263 2243 2314 2288 et
2343 2235 2583 2300 exsilitis,
2621 2236 2714 2292 sed
2755 2247 2809 2292 ct
2847 2237 3068 2295 interius
3097 2241 3312 2311 pergitis
3339 2243 3569 2312 undique
3597 2260 3820 2301 concur-

2263 2330 2461 2388 rentes,
2490 2333 2544 2378 et
2569 2324 2863 2393 proximum
2893 2329 3250 2398 unusquisque
3277 2332 3590 2400 protrudens
3613 2348 3674 2387 ac
3701 2350 3819 2402 pre-

2263 2425 2433 2479 mens,
2464 2414 2606 2481 prior
2648 2413 2760 2482 ipse
2797 2414 2998 2472 insilire
3033 2425 3088 2471 et
3131 2418 3184 2472 in
3213 2419 3343 2474 retia
3383 2419 3553 2476 delabi
3581 2421 3816 2479 festinat.

2261 2501 2377 2565 Quo
2405 2500 2597 2556 factum
2625 2513 2728 2568 est,
2755 2513 2812 2559 ut
2835 2520 3113 2576 numquam
3141 2523 3352 2564 vacuam
3378 2525 3620 2582 sagenam
3642 2523 3821 2569 extra-

2261 2592 2511 2659 xerimus,
2544 2609 2647 2649 non
2671 2594 2780 2664 jam
2820 2595 2891 2650 ob
2936 2605 3169 2653 nostram
3209 2601 3466 2669 peritiam,
3492 2603 3588 2657 sed
3624 2605 3694 2658 oh
3728 2619 3820 2659 ve-

2259 2691 2422 2736 stram
2468 2682 2826 2753 cupiditatem.
2874 2685 3012 2742 Satis
3062 2688 3236 2759 itaque
3277 2705 3374 2746 nos
3403 2707 3571 2762 nuper
3593 2693 3818 2762 dapibus

2260 2771 2506 2839 explevit,
2531 2788 2648 2842 quze
2678 2774 2897 2842 probato
2925 2791 3162 2846 puroque
3183 2790 3358 2835 manat
3375 2795 3504 2836 auro
3537 2782 3734 2852 lingua,
3761 2791 3818 2839 et

2261 2859 2431 2914 mellis
2468 2859 2640 2916 fontes
2685 2877 2778 2918 ore
2822 2864 3106 2932 profundit,
3157 2868 3351 2939 lingua,
3398 2870 3630 2940 inquam,
3674 2871 3817 2928 beati

2261 2948 2430 3016 Pauli,
2457 2951 2538 3008 vel
2560 2951 2756 3021 potius,
2779 2969 2895 3024 qua:
2920 2953 3024 3010 favi
3052 2956 3282 3025 cujusvis
3307 2959 3550 3014 suavitati
3572 2960 3822 3030 spiritua-

2260 3039 2324 3094 lis
2350 3039 2604 3096 doctrina:
2628 3041 2903 3098 dulcedine
2921 3045 3210 3100 antecellit.

2330 3129 2668 3202 Chrysostomi
2703 3134 2960 3188 modestia.
2993 3133 3170 3189 Prima
3197 3152 3352 3192 causa
3375 3138 3686 3194 obscuritatis
3720 3138 3821 3193 Ve-

2260 3222 2376 3276 teris
2408 3221 2726 3276 Testamenti.
2745 3252 2816 3262 —
2836 3223 2968 3289 Quia
2996 3240 3122 3280 vero
3159 3241 3255 3295 pro
3296 3242 3358 3282 ea
3401 3243 3520 3298 quae
3542 3243 3638 3284 vos
3663 3229 3820 3283 decet

2261 3309 2612 3379 philosOphia,
2649 3326 2717 3366 ne
2744 3313 2846 3367 mci
2874 3312 3088 3381 quidem
3117 3317 3359 3384 pauperis
3383 3327 3439 3370 et
3479 3317 3704 3372 mendici
3730 3331 3820 3372 res

2260 3400 2616 3466 contemnitis,
2638 3403 2731 3456 sed
2747 3416 2807 3457 ea
2823 3403 3035 3471 quidem
3059 3419 3176 3474 qua:
3195 3414 3316 3460 sunt
3335 3407 3524 3461 eximia
3542 3415 3595 3460 et
3612 3421 3816 3460 summa

2261 3490 2548 3558 miramini,
2579 3501 2772 3547 nostra
2797 3507 2925 3548 vero
2955 3493 3262 3549 humilitatis
3295 3496 3452 3550 verba
3481 3511 3583 3552 non
3622 3497 3821 3567 impro—

2261 3581 2417 3647 batis,
2445 3581 2689 3636 alacriter
2713 3581 2779 3636 ad
2809 3583 3088 3638 dicendum
3114 3585 3336 3651 surrexi,
3381 3594 3438 3639 ut
3465 3585 3694 3640 debitum
3727 3602 3821 3640 vo-

2257 3671 2339 3726 bis
2368 3672 2640 3728 redderem
2665 3672 2804 3742 quod
2830 3689 2995 3741 nuper
3021 3689 3138 3729 sum
3181 3675 3463 3744 pollicitus,
3505 3691 3602 3731 nec
3641 3686 3819 3732 tamen

2261 3763 2508 3831 persolvi,
2535 3764 2660 3818 dum
2689 3764 2983 3834 prolixitate
3008 3765 3262 3821 doctrina:
3283 3767 3528 3836 prohibiti
3549 3782 3732 3823 sumus
3751 3768 3818 3822 ad

2259 3852 2418 3906 linem
2458 3867 2621 3921 usque
2650 3854 2966 3923 pertingere.
2993 3854 3266 3919 Quodnam
3308 3857 3464 3925 igitur
3491 3855 3726 3911 debitum
3752 3858 3820 3912 ilo

2261 3939 2349 3994 lud
2371 3941 2499 3994 fuit?
2525 3940 2756 3997 Necesse
2780 3951 2862 3996 est
2885 3943 3047 4008 enim,
3081 3952 3138 3997 ut
3161 3945 3364 3999 initium
3389 3945 3558 4000 mutui
3585 3945 3734 4001 vobis
3761 3946 3816 4000 in

2257 4034 2568 4088 memoriam
2597 4043 2891 4098 revocetur,
2922 4041 2979 4088 ut
3003 4044 3313 4104 argumento
3339 4035 3454 4105 ipso
3478 4037 3687 4106 cognito
3724 4053 3822 4093 vo-

2257 4124 2338 4179 bis
2362 4125 2628 4180 enarratio
2651 4124 2932 4180 dilucidior
2957 4125 3067 4178 ﬁat.
3094 4125 3439 4192 Quatsivimus
3465 4135 3572 4181 tum
3612 4136 3820 4199 tempo-

2256 4215 2349 4277 ris.
2380 4231 2482 4286 qua
2518 4216 2585 4271 de
2625 4231 2786 4272 causa
2812 4216 2976 4272 Vetus
3005 4215 3395 4272 Testamentum
3425 4219 3492 4272 sit
3518 4217 3815 4284 obscurius,

2255 4320 2412 4373 quam
2447 4305 2676 4370 Novum;
2706 4306 2928 4362 fortasse
2956 4321 3181 4376 namque
3207 4307 3547 4374 meministis;
3578 4319 3632 4364 et
3656 4324 3817 4364 unam

2258 4397 2511 4451 hactenus
2534 4409 2747 4451 causam
2776 4396 3026 4462 diximus,
3069 4396 3368 4450 auditorum
3412 4397 3815 4463 immanitatem,

2257 4493 2548 4556 testemque
2576 4486 2913 4554 produximus
2933 4485 3150 4540 Paulum
3178 4486 3456 4551 dicentem,
3479 4488 3630 4546 Istud
3649 4489 3818 4557 ipsum

2255 4576 2476 4630 velatum
2497 4577 2549 4629 in
2575 4575 2783 4631 lectione
2818 4576 3004 4631 Veteris
3031 4575 3333 4631 Testameati
3359 4588 3523 4631 manet
3547 4594 3646 4632 non
3672 4595 3819 4632 reve-

2255 4669 2430 4732 latum,
2477 4669 2711 4737 quoidam
2736 4668 2792 4721 in
2820 4666 3016 4722 Clu-isto
3043 4678 3316 4722 evacuatur
3359 4669 3434 4740 (2.
3474 4667 3589 4722 Cor.
3611 4670 3664 4724 3.
3699 4670 3817 4736 li).

2254 4758 2605 4828 Ostendimus,
2619 4754 3066 4829 quemadmodum
3086 4760 3322 4815 velamen
3345 4759 3527 4814 habuit
3551 4761 3820 4830 legislator

2253 4849 2480 4920 Moyses,
2513 4849 2584 4903 ita
2607 4863 2816 4918 quoque
2837 4849 3003 4917 legem
3031 4849 3271 4905 velamen
3288 4850 3550 4916 habuisse,
3579 4850 3819 4907 obscuri-

2255 4950 2448 4998 tatem:
2477 4940 2570 4996 sed
2599 4955 2770 5010 neque
2806 4940 3093 5009 legislatori
3123 4940 3250 4994 vitio
3289 4941 3615 5004 vertendum,
3645 4956 3819 5010 neque

2255 5031 2354 5101 legi
2382 5030 2590 5086 crimini
2615 5030 2846 5084 dandum
2872 5028 2968 5084 fuit
2997 5029 3257 5095 velamen,
3287 5031 3379 5086 sed
3408 5032 3703 5086 auditorum
3739 5031 3820 5084 in.

2255 5121 2488 5176 ﬁrmitati
2517 5119 2874 5176 tribuendum.
2905 5119 3017 5174 Non
3047 5122 3185 5175 enim
3213 5132 3424 5192 propter
3462 5123 3691 5190 seipsum
3726 5136 3820 5176 ve-

2255 5211 2428 5265 lamen
2459 5210 2641 5265 habuit
2681 5210 2908 5281 Moyses,
2953 5209 3046 5264 sed
3077 5211 3196 5281 quia
3238 5211 3459 5281 gloriam
3497 5213 3674 5265 vultus
3700 5211 3821 5282 ejus

2254 5300 2393 5356 farre
2431 5316 2533 5356 non
2578 5309 2839 5371 poterant.
2877 5300 3096 5368 Quando
3123 5302 3262 5357 enim
3288 5318 3347 5357 se
3373 5303 3713 5358 convertebat
3749 5302 3820 5358 ad

2254 5393 2558 5460 Dominum,
2578 5395 2818 5451 velamen
2843 5391 3134 5448 auferebat.
3163 5395 3251 5449 Sic
3275 5396 3435 5448 etiam
3464 5395 3548 5449 lex
3569 5395 3819 5464 quoniam

2254 5485 2485 5537 nondum
2532 5482 2765 5552 perfecta
2806 5482 3118 5538 documenta
3147 5485 3428 5555 multaque
3468 5484 3818 5556 philosophia:

2254 5573 2405 5640 plena
2437 5573 2502 5628 de
2539 5573 2749 5627 Christo
2774 5572 3023 5642 Novoque
3055 5573 3398 5630 Testamento
3427 5576 3700 5644 percipere
3725 5592 3812 5645 po-

2256 5673 2387 5720 terat
2409 5664 2689 5737 (siquidcm
2715 5664 2802 5721 illa
2823 5665 3019 5736 omnia,
3043 5674 3311 5737 tamquam
3338 5667 3390 5722 in
3413 5664 3664 5724 thesauro
3687 5681 3813 5740 quor
