4064 6214
279 375 392 433 175

278 485 468 552 μένει,
506 482 634 553 ὃλην
663 481 829 553 αὐτὴν
856 481 1039 553 ἀσαφῆ
1083 482 1179 536 καὶ
1204 482 1667 551 συνεσκιασμένην
1696 481 1832 535 εῐναι

279 566 530 637 νομίσῃς,
550 568 618 636 τῇ
645 567 900 634 ἐπαγωγῇ
924 566 1127 636 ταύτην
1148 564 1420 636 διώρθωσε
1440 566 1535 635 τὴν
1561 565 1829 618 ὑπόνοιαν.

280 647 467 703 Εἰπὼν
492 647 621 717 γὰρ,
654 647 942 715 Κὰιιυμμα
970 647 1069 699 ἐπὶ
1100 645 1175 715 τῇ
1220 645 1548 713 ἀναγνώσει
1574 646 1685 713 τῆς
1718 651 1833 700 Πα-

280 728 459 796 .ιαιᾱς
489 727 778 795 Διαθήκης
799 727 986 796 μένει,
1013 728 1279 796 ἐπήγαγε,
1307 726 1402 795 Μὴ
1428 728 1833 781 ἀνακαλυπτό-

280 828 485 877 μενον,
521 811 609 863 ὅτι
648 810 718 863 ἐν
768 808 997 877 Χριστῷ
1031 808 1417 875 καταργεῖται.
1474 809 1640 862 Τοῦτο
1673 808 1831 872 αὐτὸ,

280 896 471 963 φησὶν,
497 894 595 946 οὐκ
615 890 976 960 ἀνεκαλύφθη,
999 891 1079 944 ὃτι
1104 890 1280 961 μέλλει
1305 892 1362 943 ἐν
1390 889 1606 960 Χριστῷ
1638 908 1835 961 καταρ-

278 974 494 1045 γεῖσθαι
513 990 527 1004 ·
556 973 655 1030 οὐκ
681 971 1024 1042 ἀνεκαλύφθη
1055 973 1112 1025 δέ
1140 974 1250 1035 τοῖς
1285 973 1358 1042 μὴ
1387 972 1739 1040 προσελθοῦσι
1767 973 1831 1043 τῇ

278 1059 462 1111 πίστει
480 1072 496 1087 ο
527 1055 603 1119 ὡς
631 1057 660 1109 ὃ
685 1073 748 1124 γε
775 1054 1105 1127 προσελθὼν,
1124 1054 1216 1106 καὶ
1246 1054 1343 1123 τῆς
1370 1054 1462 1106 τοῦ
1493 1054 1644 1121 ἁγίου
1668 1054 1835 1108 Πνεύ-

283 1155 457 1209 ματος
490 1138 707 1208 χάριτος
742 1134 1075 1201 ἀπολαύσας,
1117 1134 1298 1188 οὐκέτι
1333 1136 1468 1203 μετά
1516 1135 1835 1204 παραπετά-

281 1235 486 1291 σματος
512 1219 694 1288 βλέπει
720 1218 809 1271 τὸν
833 1218 1016 1287 νόμον,
1040 1216 1175 1277 ἀλλά
1202 1216 1412 1288 γυμνήν
1436 1216 1599 1269 αὐτοῦ
1629 1216 1835 1286 καθορᾷ

277 1304 379 1374 τὴν
402 1301 581 1367 δόξαν.
603 1299 737 1364 Δόξα
766 1300 821 1353 δέ
844 1301 1030 1369 νόμου,
1052 1300 1113 1352 τὸ
1138 1299 1424 1369 δυνηθῆναι
1452 1311 1477 1339 ι
1508 1297 1732 1363 διδάξαι,
1753 1300 1834 1351 ὅτι

278 1386 341 1438 ἐν
370 1381 590 1454 Χριστῷ
618 1383 987 1451 καταργεῖται,
1017 1381 1105 1434 ἵνα
1144 1381 1238 1434 καὶ
1265 1380 1424 1433 τοῦτο
1461 1379 1655 1452 μάθῃς.
1685 1377 1835 1443 Εἶδες

277 1466 375 1521 τοῦ
407 1466 572 1535 νόμου
608 1463 704 1534 τὴν
725 1463 911 1529 δόξαν;
945 1464 1082 1529 Δόξα
1104 1462 1162 1516 δέ
1185 1462 1332 1514 ἐστιν
1368 1460 1572 1531 ἀληθὴς
1603 1462 1830 1523 ἐκείνου,

277 1551 403 1605 ὅταν
453 1566 514 1602 σε
559 1548 693 1619 πρὸς
742 1546 832 1599 τὸν
862 1545 1096 1616 Χριστὸν
1137 1543 1550 1611 παιδαγωγῆσαι
1595 1542 1831 1613 δυνηθῇ·

278 1630 618 1699 παιδαγωγεῖ
638 1629 716 1692 δέ,
739 1626 951 1680 ἐπειδὰν
970 1625 1117 1696 δείξῃ
1138 1625 1167 1665 ι’
1193 1625 1353 1678 αὐτὸν
1379 1624 1831 1695 καταργούμενον.

280 1713 446 1767 Ὥστε
490 1712 584 1765 καὶ
632 1708 871 1762 ἐντεῦθεν
897 1705 1045 1779 [180]
1081 1706 1268 1777 καιρία
1311 1708 1422 1769 τοῖς
1464 1708 1757 1778 αἱρετικοῖς
1799 1708 1832 1776 ή

279 1794 464 1864 πληγὴ
492 1792 729 1862 γέγονεν.
751 1792 813 1843 Εἰ
832 1790 939 1860 γὰρ
959 1789 1196 1852 ἐναντίος
1217 1784 1285 1859 ἦν
1316 1791 1345 1841 ό
1372 1788 1533 1860 νόμος
1562 1790 1653 1842 καὶ
1679 1787 1835 1841 πολέ-

282 1892 405 1948 μιος
435 1873 528 1927 τοῦ
556 1871 789 1943 Χριστοῦ
808 1882 853 1937 ε,
887 1872 979 1924 καὶ
1007 1869 1081 1941 μὴ
1111 1872 1241 1941 παρ’
1272 1873 1475 1924 ἐκείνου
1508 1871 1700 1934 δοθεὶς,
1735 1870 1833 1922 οὐκ

277 1956 387 2012 ιδει
411 1954 617 2009 Παῦλον
640 1953 797 2018 δόξαν
824 1952 987 2006 αὐτοῦ
1021 1952 1270 2017 καλέσαι,
1300 1952 1376 2021 τῷ
1402 1951 1688 2022 δυνηθῆναι
1714 1969 1834 2005 παι-

277 2036 465 2093 δεῦσαι
490 2038 614 2099 τοὺς
641 2034 956 2107 προσιόντας
979 2034 1148 2103 αὐτῷ,
1174 2034 1255 2087 ὅτι
1278 2033 1365 2087 διὰ
1386 2033 1618 2105 Χριστοῦ
1640 2050 1833 2104 καταρ-

278 2124 479 2174 νἐῖται.
500 2118 563 2172 Εί
590 2117 824 2187 πονηρὸς
850 2112 916 2187 ῆν
938 2118 966 2169 ό
991 2115 1154 2185 νόμος
1188 2114 1368 2177 πάλιν,
1392 2117 1491 2169 οὐκ
1513 2116 1618 2168 ἔδει
1647 2116 1707 2169 τὸ
1736 2116 1833 2169 κά-

274 2203 471 2275 λυμμα
505 2200 666 2255 αὐτοῦ
705 2197 1087 2269 ἀφαιρεθῆναι,
1135 2196 1271 2251 ἀλλά
1324 2197 1504 2266 μένειν
1537 2197 1696 2251 αὑτὸν
1740 2198 1831 2251 καὶ

280 2285 423 2356 μετά
451 2282 549 2357 τὴν
574 2282 730 2351 χάριν
751 2280 1222 2349 συνεσκιασμένον.
1253 2278 1316 2331 Εἰ
1339 2278 1398 2332 δέ
1423 2278 1580 2332 τοῦτο
1605 2280 1703 2348 τῆς
1732 2281 1829 2349 χάο

278 2381 428 2439 ριτος
460 2364 650 2434 ιργον,
698 2361 760 2414 τὸ
789 2360 1263 2431 διορατικωτέρους
1291 2362 1465 2412 ποιεῖν
1506 2361 1629 2424 τοὺς
1659 2377 1830 2429 προσ-

278 2448 460 2510 εόντας
487 2444 622 2516 πρὸς
654 2443 753 2512 τήν
780 2441 873 2495 τοῦ
915 2442 1079 2511 νόμου
1105 2441 1426 2512 κατάληψιν,
1461 2440 1599 2495 ὥστε
1627 2441 1832 2495 ἐκεῖθεν

272 2528 377 2591 τὰς
407 2526 578 2597 ἀρχὰς
621 2525 714 2578 καὶ
750 2522 846 2585 τὰς
881 2522 1131 2593 ἀφορμὰς
1175 2523 1351 2585 πάσας
1394 2522 1683 2592 λαμϐάνειν
1732 2523 1830 2591 τῆς

274 2610 415 2680 πρὸς
440 2609 531 2662 τὸν
554 2604 785 2678 Χριστὸν
817 2604 1079 2666 πίστεως·
1116 2604 1168 2656 τί
1206 2606 1386 2672 μεῖζον
1421 2603 1609 2657 τούτου
1635 2608 1832 2675 τεκμήο

277 2710 394 2764 ριον
430 2690 529 2760 τῆς
560 2689 651 2743 τοῦ
684 2688 849 2757 νόμου
886 2685 1201 2754 συγγενείας
1232 2686 1328 2755 τῆς
1362 2684 1497 2757 πρὸς
1536 2687 1631 2756 τὴν
1675 2687 1830 2757 χάριν

272 2774 415 2828 εἴποι
444 2788 528 2834 τις
561 2770 647 2835 ἀν,
678 2768 791 2823 ἀλλ’
820 2768 853 2837 ἢ
883 2768 1008 2821 ὅταν
1028 2766 1055 2806 ἀ
1090 2767 1189 2836 μὲν
1223 2767 1452 2838 Χριστὸς
1489 2768 1678 2839 ἀνοίγῃ
1708 2770 1831 2831 τοὺς

270 2851 585 2923 ὀφθαλμοὺς
628 2850 734 2904 τῶν
774 2849 921 2919 αὐτῷ
963 2848 1291 2919 προσιόντων
1318 2888 1331 2911 ,
1363 2847 1501 2900 ὥστε
1544 2848 1831 2918 δυνηθῆναι

274 2934 515 2990 κατιδεῖν
557 2931 649 2986 τοῦ
693 2931 855 3002 νόμου
892 2930 989 3001 τήν
1034 2930 1275 2999 ἀγωγὴν,
1311 2929 1488 3001 ἐκείνη
1522 2929 1578 2982 δὲ
1607 2934 1832 2999 φανεῖσα

274 3017 373 3072 καὶ
408 3013 668 3084 γενομένη
717 3012 883 3083 δήλη,
921 3010 1284 3081 παραπέμψαι
1332 3012 1466 3081 μετά
1500 3012 1697 3080 πολλῆς
1733 3014 1830 3082 τῆς

272 3095 527 3158 εὐκολίας
585 3095 869 3163 δυνήσεται
921 3095 1049 3156 τοὺς
1113 3092 1389 3154 συνιέντας
1441 3093 1510 3146 τὰ
1561 3092 1827 3163 Χριστοῦς

272 3177 463 3233 ταῦτα
482 3174 590 3245 γὰρ
611 3174 732 3227 οὐτε
764 3175 855 3226 τὸν
876 3173 1105 3243 Χριστὸν
1120 3173 1197 3242 τῷ
1223 3173 1369 3242 νόμῳ
1403 3175 1700 3243 μαχόμενον
1727 3174 1831 3225 δεῖ-

272 3274 488 3323 κνυσιν,
512 3257 634 3309 οὔτε
664 3255 752 3309 τὸν
780 3256 940 3325 νόμον
971 3254 1307 3324 πολεμοῦντα
1341 3254 1420 3324 τῷ
1460 3254 1653 3323 Ἰησοῦ,
1696 3256 1830 3310 ἀλλὰ

272 3340 581 3395 τούναντίον
602 3339 766 3402 ἀπαν,
795 3336 886 3389 τὸν
918 3338 1014 3404 μὲν
1037 3334 1486 3406 προοδοποιοῦντα
1513 3340 1579 3406 τῇ
1621 3338 1829 3410 μεγάλῃ

271 3425 450 3496 ταύτῃ
469 3421 771 3493 φιλοσοφίᾳ,
798 3418 888 3472 τὸν
914 3418 969 3471 δέ
1003 3417 1213 3470 ἐκεῖθεν
1250 3418 1442 3479 αὐτοὺς
1469 3418 1828 3488 παραλαμϐά-

270 3523 434 3565 νοντα
459 3503 703 3574 καὶπρὸς
727 3501 899 3570 ἀκραν
924 3500 1123 3567 ἄγοντα
1143 3500 1405 3570 κορυφήν.
1431 3499 1600 3572 ’Υπὲρ
1626 3500 1681 3553 δέ
1712 3501 1830 3554 τού-

272 3606 387 3643 των
414 3587 667 3641 ἁπάντων
696 3582 1173 3654 εὐχαριστήσωμεν
1203 3582 1279 3651 τῷ
1305 3581 1665 3650 φιλανθρώπῳ
1688 3581 1825 3651 θεῷ,

269 3669 352 3741 τῷ
370 3668 510 3722 κατά
530 3666 617 3720 τὸν
638 3667 979 3735 προσήκοντα
1005 3664 1192 3731 καιρὸν
1215 3663 1419 3715 ἐκαστα
1441 3662 1823 3731 οἰκονομοῦντι,

272 3754 372 3809 καὶ
399 3749 748 3820 πολυτρόπως
778 3748 875 3816 τὴν
908 3746 1180 3816 ἡμετέραν
1206 3744 1707 3814 πραγματευομένη»
1734 3761 1831 3796 σω-

271 3832 485 3903 τηρίαν,
524 3831 617 3885 καὶ
642 3830 739 3899 τῆς
763 3827 923 3881 αὐτοῦ
963 3826 1367 3895 φιλανθρωπίας
1392 3825 1484 3878 καὶ
1512 3825 1612 3895 τῆς
1645 3824 1829 3877 τοσαύ⁹

269 3931 373 3985 της
397 3912 651 3984 προνοίας
672 3910 826 3974 ἀξίαν
848 3909 991 3963 κατά
1018 3908 1244 3978 δύναμιν
1268 3906 1661 3978 ἐπιδειξώμεθα
1687 3907 1829 3960 πολι-

268 3995 443 4059 τείαν,
475 3993 561 4046 ἵνα
584 3992 675 4045 καὶ
705 3991 811 4044 τῶν
852 3990 1149 4061 μελλόντων
1198 3988 1537 4058 ἐπιτύχωμεν
1574 3988 1824 4057 ἀγαθῶν’

268 4070 345 4132 ὧν
369 4075 577 4144 γένοιτο
601 4073 806 4135 πάντας
828 4074 974 4142 ήμᾶς
997 4073 1288 4139 ἐπιτυχεῖν,
1318 4073 1495 4140 χάριτι
1521 4073 1613 4124 καὶ
1644 4072 1828 4139 φιλαν-

271 4156 491 4233 θρωπίᾳ
522 4154 615 4208 τοῦ
638 4154 842 4223 Κυρίου
878 4152 1033 4222 ήμῶν
1072 4146 1245 4233 Ἰησοῦ
1278 4152 1534 4220 Χριστοῦ,
1560 4152 1624 4204 δι’
1649 4147 1709 4205 οὗ
1734 4152 1826 4204 καὶ

270 4232 390 4309 μεθ’
419 4233 481 4290 οῦ
522 4236 599 4306 τῷ
646 4235 839 4306 Πατρὶ,
879 4235 995 4305 ἀμα
1037 4232 1115 4302 τῷ
1168 4233 1305 4303 ἁγίῳ
1344 4233 1637 4302 Πνεύματι,
1678 4234 1822 4302 δόξα,

268 4319 428 4390 τιμὴ,
460 4319 677 4390 κράτος,
707 4319 786 4379 είς
810 4316 934 4377 τοὺς
958 4313 1160 4376 αἰῶνας
1189 4314 1297 4368 τῶν
1336 4312 1563 4367 αἰώνων.
1596 4315 1786 4385 Ἀμήν.

270 4468 402 4524 Ἔτι
425 4466 511 4531 εἰς
525 4463 639 4533 τὴν
650 4461 943 4533 ἀσάφειαν
966 4460 1078 4531 τῆς
1104 4460 1367 4525 Πιααιᾶς
1394 4454 1703 4533 Διαᾷήκης,
1727 4464 1825 4516 καί

337 4537 425 4600 εἰς
452 4530 568 4601 τήν
586 4530 705 4586 τοῦ
748 4530 895 4601 Θεοῦ
922 4534 1387 4601 φιλανθρωπίαν,
1429 4530 1527 4583 καί
1556 4534 1687 4599 περὶ
1721 4533 1826 4588 τοῦ

330 4604 418 4676 μὴ
456 4600 800 4671 κατηγορεῖν
824 4600 1129 4669 ἀλλήλων.

334 4726 407 4776 α’.
446 4718 638 4789 Χαίρει
660 4717 759 4787 μὲν
783 4716 1056 4786 βουκόλος,
1075 4714 1290 4768 ἐπειδὰν
1319 4715 1656 4770 εὐπαθοῦσαν
1679 4717 1826 4787 αὐτῷ

262 4802 361 4857 καὶ
384 4802 692 4872 σφριγῶδαν
730 4798 815 4870 ῐδη
835 4796 945 4849 τῶν
976 4796 1113 4866 βοῶν
1137 4796 1237 4868 τὴν
1278 4797 1474 4866 ἀγέλην
1511 4812 1525 4827 ·
1559 4799 1739 4867 χαίρει
1770 4799 1827 4852 δὲ

262 4884 359 4938 καὶ
388 4881 643 4953 γηπόνος,
689 4878 906 4949 θεωρῶν
948 4878 1202 4948 κομῶντα
1243 4878 1312 4931 τά
1354 4878 1478 4949 λήῖα
1502 4894 1516 4908 ο
1549 4880 1660 4932 ἀλλ’
1704 4881 1826 4934 οὕτε

260 4966 498 5035 γηπόνος
528 4963 619 5015 ἐπὶ
643 4965 753 5024 τοῖς
781 4962 976 5031 ληῒοις,
1006 4959 1131 5014 οὕτε
1162 4960 1411 5030 βουκόλος
1450 4962 1541 5013 ἐπὶ
1564 4965 1681 5025 ταῖς
1706 4962 1818 5032 βου-

263 5048 349 5101 σὶν
364 5045 505 5100 οὕτω
522 5045 818 5114 χαίρουσιν,
836 5043 911 5105 ὼς
938 5041 1047 5111 ἐγὼ
1066 5043 1239 5113 χαίρω
1261 5042 1352 5093 νῦν
1382 5045 1474 5095 καὶ
1503 5045 1824 5115 ἀγάλλομαι,

262 5128 369 5201 τήν
414 5125 580 5196 καλὴν
636 5123 836 5194 ταύτην
881 5123 993 5179 ἀλω
1043 5124 1152 5177 τῶν
1206 5125 1588 5191 πνευματικῶν
1617 5128 1825 5178 ’τούτων

256 5211 587 5282 δραγμάτων
612 5206 1043 5276 πεπληρωμένην
1062 5206 1222 5276 όρῶν.
1243 5207 1408 5259 Ὀταν
1431 5206 1537 5276 γὰρ
1564 5210 1638 5269 εἰς
1660 5209 1827 5268 ἀκοὰς

258 5291 526 5354 τοσαύτας
569 5291 663 5344 καὶ
700 5287 952 5351 τοιαύτας
990 5289 1279 5359 σπείρηται
1323 5289 1420 5358 τῆς
1466 5289 1744 5352 εὐσεϐείας
1799 5290 1826 5340 ό

297 5486 308 5498 ν
323 5424 352 5455 ⁸
377 5424 529 5498 εξγιι.
553 5426 622 5487 τῷ
641 5425 901 5483 δυνηθῆναι,
941 5422 1090 5483 male,
1113 5430 1168 5471 ut
1187 5422 1294 5484 ipse
1322 5435 1517 5485 quoque
1534 5425 1825 5484 suspicatur,

254 5486 672 5618 πξᾘξίῗιξὲιε
690 5545 912 5618 samum
925 5556 1091 5618 _marg._
1104 5545 1401 5618 ,οοηῇλδετψ

293 5609 348 5680 ’ξ
368 5602 826 5680 (Ζοιρητῷιχριστῷ,
847 5608 974 5680 ξοιςιβ
998 5602 1373 5680 ιιιέιίιιεδῐδσυιο
1397 5613 1506 5667 post
1525 5606 1672 5656 Savil.
1695 5609 1825 5658 male

252 5665 392 5720 δόξαν
412 5665 651 5715 αὐτόνξιιι
666 5665 819 5728 πως.
846 5667 972 5724 conj.
998 5665 1161 5713 αὐτοῦ.
1401 5665 1412 5667 “

315 5725 353 5798 ιι
382 5725 469 5798 ψει
494 5728 752 5798 μςεεηρυιιι
773 5730 921 5798 ρυ-ιειι
939 5726 1093 5775 Savil.
1136 5726 1252 5775 ἀλλο
1272 5729 1309 5785 ἢ
1336 5728 1463 5777 ὅταν.
1494 5727 1593 5778 Sed
1616 5730 1750 5779 locus
1770 5734 1821 5779 ut

249 5796 349 5851 est,
370 5788 419 5838 ni
445 5787 602 5849 οιιυτ,
628 5788 744 5836 ferri
768 5787 955 5850 potest.

1219 361 1311 416 DE
1344 358 1877 417 PROPIIET'IARUM
1912 357 2415 416 OBSCURITATE.
2456 358 2522 415 11.

3368 377 3478 433 176

1935 479 2110 547 λόγος,
2138 480 2349 551 ἀνάγκη
2374 482 2582 551 ταχέως
2606 483 2770 536 πολὺν
2802 481 2894 535 καὶ
2941 479 3147 550 ὥριμον
3185 481 3478 556 βλαστῆσαι

1933 563 2031 631 τῆς
2071 563 2310 632 ὑπακοῆς
2359 564 2449 614 τὸν
2495 564 2752 634 ἀσταχυν.
2787 564 2895 617 Καὶ
2947 561 3054 631 γὰρ
3094 563 3221 616 ὅταν
3265 581 3348 629 τις
3400 567 3480 630 εἰς

1934 642 2215 712 βαθύγειον
2244 646 2335 697 καὶ
2367 644 2601 713 λιπαρὰν
2647 646 2880 714 ἄρουραν
2930 642 3138 697 αὐλακα
3182 646 3340 718 τέμῃ,
3377 647 3478 701 κᾶν

1935 725 2008 794 μὴ
2039 724 2246 793 δαψιλεῖ
2270 727 2334 794 τῇ
2368 726 2511 794 χειρὶ
2541 726 2816 795 καταϐάλῃ
2843 725 2910 777 τὰ
2940 725 3245 795 σπέρματα,
3283 728 3478 797 πολλὴν

1931 806 2138 870 δέξεται
2162 807 2258 877 τήν
2279 808 2468 876 φορὰν,
2494 808 2591 876 τῆς
2622 808 2832 875 φύσεως
2862 806 2953 859 τοῦ
2975 808 3169 877 χωρίου
3197 809 3293 878 τὴν
3306 809 3480 877 ὀλιγό-

1932 905 2069 958 τητα
2100 888 2206 940 τῶν
2232 889 2557 957 σπερμάτων
2584 887 2669 940 διὰ
2688 890 2784 956 τῆς
2804 889 3005 950 οίκείας
3031 889 3304 958 δυνάμεως
3324 891 3479 944 πλεο-

1932 968 2191 1039 ναζούσης
2211 985 2224 999 ·
2256 970 2394 1023 οὕτω
2422 972 2514 1022 καὶ
2542 972 2667 1023 ὅταν
2689 988 2769 1033 τις
2801 974 2878 1033 εἰς
2896 972 3068 1041 ψυχὰς
3094 974 3284 1042 σπείρῃ
3316 991 3480 1028 κατα-

1934 1052 2137 1113 πειθεῖς
2167 1050 2261 1103 καὶ
2289 1052 2568 1114 εὐλαϐείας
2591 1050 2879 1119 γεμούσας,
2903 1051 3002 1104 κᾶν
3025 1052 3177 1121 ὀλίγα
3203 1055 3476 1127 καταϐάλῃ

1931 1133 1999 1184 τὰ
2030 1132 2177 1203 [181]
2204 1133 2298 1203 τῆς
2324 1133 2663 1195 διδασκαλίας
2685 1132 2993 1202 σπέρματα,
3015 1133 3260 1187 πλούσιον
3291 1135 3476 1204 ὄψεται

1932 1215 2021 1268 τὸν
2045 1217 2269 1285 ἄμητον,
2308 1216 2404 1284 τῆς
2452 1215 2558 1267 τῶν
2591 1215 2893 1269 ἀκουόντων
2932 1215 3119 1283 σοφίας
3145 1218 3241 1285 τὴν
3266 1215 3357 1270 τοῦ
3394 1218 3480 1270 λέ-

1933 1314 2118 1365 γοντος
2168 1296 2354 1350 πενίαν
2391 1296 2858 1366 ἀποκρυπτούσης.
2906 1297 3073 1350 Τοῦτο
3121 1300 3213 1351 καὶ
3252 1300 3342 1352 ἐπὶ
3380 1299 3479 1369 τῆς

1936 1380 2116 1442 ἀλείας
2142 1380 2347 1448 γίνεται
2373 1379 2479 1431 τῶν
2506 1379 2715 1448 ἰχθύων.
2742 1379 2858 1432 Κάν
2898 1378 3004 1449 γὰρ
3031 1379 3242 1450 ἄπειροι
3279 1382 3478 1449 τυγχάι

1935 1479 2094 1515 νωσιν
2119 1462 2268 1525 ὄντες
2294 1463 2344 1515 οί
2363 1462 2550 1524 ἁλιεῖς,
2587 1463 2665 1523 είς
2689 1460 2952 1513 κόλπονδέ
2981 1460 3177 1529 βάλωσι
3206 1462 3275 1513 τὰ
3296 1461 3481 1515 δίκτυα

1936 1543 2158 1606 πολλοὺς
2181 1543 2367 1612 ἔχοντα
2400 1544 2524 1606 τοὺς
2560 1541 2762 1611 ίχθύας,
2803 1541 2996 1611 ῥᾳδίως
3022 1542 3120 1609 τῆς
3151 1541 3320 1611 θήρας
3363 1544 3479 1594 ἐπι-

1933 1626 2290 1693 τυγχάνουσι,
2334 1624 2427 1677 τοῦ
2466 1625 2701 1694 πλήθους
2728 1622 2833 1675 τῶν
2867 1622 3255 1691 συντρεχόντων
3289 1622 3481 1691 ίχθυων

1936 1705 2312 1769 συσκιάζοντος
2336 1718 2359 1745 ⁸
2395 1706 2615 1758 ἐκείνων
2644 1706 2741 1775 τὴν
2768 1704 3033 1773 ἀπειρίαν.
3066 1705 3126 1757 Εἰ
3159 1704 3215 1756 δὲ
3254 1705 3344 1756 ἐπὶ
3384 1705 3481 1774 τῆς

1934 1789 2102 1857 ἄγρας
2135 1789 2345 1857 ἐκείνης
2369 1787 2474 1839 τῶν
2503 1786 2806 1840 ἀλιεύεσθαι
2853 1784 3147 1854 μελλόντων
3190 1786 3250 1838 τὸ
3283 1785 3480 1854 πλῆθος

1932 1869 2026 1923 τοῦ
2063 1868 2444 1939 σαγηνεύοντπ
2477 1868 2730 1930 πολλάκις
2768 1867 3167 1935 παραμυθεῖται
3199 1868 3294 1937 τήν
3335 1870 3479 1937 ἀμά-

1934 1950 2099 2015 θειαν,
2137 1952 2312 2020 πολλῷ
2354 1950 2547 2021 μᾶλλον
2602 1950 2692 2001 ἐπὶ
2739 1949 2837 2018 τῆς
2885 1949 3087 2011 ἀλιείας
3136 1949 3335 2019 ταύτης
3380 1950 3479 2019 τῆς

1934 2035 2301 2105 πνευματικῆς
2322 2033 2477 2086 τοῦτο
2506 2032 2859 2103 συμϐήσεται.
2890 2032 2997 2084 Καὶ
3026 2031 3131 2101 γὰρ
3157 2033 3349 2084 ἐκεῖνοι
3382 2034 3479 2103 μὲν

1931 2116 1981 2167 οί
2033 2115 2239 2185 ἰχθύες,
2285 2116 2410 2167 ὅταν
2465 2115 2643 2167 ῐδωσιν
2697 2111 3032 2183 ἐμϐληθέντα
3080 2112 3148 2165 τά
3196 2113 3480 2184 θήρατρα,

1932 2197 2133 2261 εὐθέως
2165 2196 2479 2266 ἀποπηδῶσι
2502 2197 2594 2248 καὶ
2617 2196 2954 2259 ἐξάλλονται·
2985 2194 3140 2264 ὑμεῖς
3161 2193 3215 2247 δέ
3246 2195 3305 2246 τὸ
3333 2196 3481 2247 ἐναν-

1930 2280 2044 2333 τίον
2072 2282 2269 2332 ποιεῖτε
2288 2296 2301 2309 ’
2333 2279 2458 2331 ὅταν
2485 2277 2630 2348 ίδητε
2662 2278 2964 2332 ἀναστάντα
2989 2276 3082 2330 καὶ
3120 2276 3218 2347 τὴν
3242 2279 3482 2348 σαγήνην

1931 2359 2257 2413 άπλώσαντα
2299 2360 2396 2428 τῆς
2432 2358 2793 2422 διδασκαλίας,
2826 2359 2888 2411 οὐ
2930 2360 3085 2428 μόνον
3125 2359 3223 2411 οὐκ
3270 2359 3482 2429 ἀποπη-

1931 2441 2055 2493 δᾶτε
2090 2443 2185 2493 καὶ
2237 2440 2549 2504 ἐξάλλεσθε,
2597 2439 2732 2492 ἀλλά
2779 2440 2872 2492 καί⁸
2930 2440 3186 2511 ἐνδοτέρω
3242 2440 3482 2509 βαδίζετε

1932 2522 2266 2592 πανταχόθεν
2299 2522 2706 2593 συντρέχοντες,
2756 2524 2846 2575 καὶ
2892 2522 2981 2575 τὸν
3011 2524 3233 2592 πλησίον
3260 2524 3481 2589 ἕκαστος

1931 2604 2085 2657 ὠθῶν
2112 2605 2206 2657 καὶ
2247 2604 2439 2657 θλίϐων
2462 2642 2478 2667 ,
2524 2604 2785 2674 πρότερος
2813 2604 2971 2669 αὐτὸς
3004 2607 3272 2674 ἐπείγεται
3306 2609 3482 2678 ἐμπη-

1934 2687 2092 2757 δῆσαι
2126 2688 2219 2740 καὶ
2250 2688 2508 2757 ἐμπεσεῖν
2548 2690 2627 2750 είς
2670 2688 2737 2740 τὰ
2778 2687 2981 2742 δίκτυα.
3027 2689 3123 2743 Διά
3148 2689 3301 2743 τοῦτο
3338 2691 3480 2744 οὐδέ-

1933 2786 2062 2821 ποτε
2101 2768 2258 2839 κενὴν
2292 2769 2677 2839 ἀνεσπάσαμεν
2707 2768 2804 2838 τὴν
2844 2771 3105 2840 σαγήνην,
3148 2772 3209 2823 οὐ
3251 2772 3338 2825 διά
3383 2773 3481 2843 τὴν

1929 2852 2200 2922 ήμετέραν
2237 2852 2524 2921 ἐμπειρίαν
2545 2890 2560 2915 ,
2607 2850 2741 2904 ἀλλά
2771 2849 2857 2903 διὰ
2877 2850 2971 2920 τὴν
2996 2852 3261 2922 ὑμετέραν
3294 2853 3482 2906 ἐπιθυ-

1934 2936 2079 3005 μίαν.
2115 2934 2333 2998 Ἰκανῶς
2364 2936 2461 3004 μέν
2499 2930 2591 2986 οὖν
2632 2935 2779 3003 ήμᾶς
2816 2934 2909 2986 καὶ
2946 2934 3130 3005 πρώην
3158 2936 3420 2988 εἱστίασεν
3448 2937 3482 3006 ή

1930 3017 2125 3085 χρυσὸν
2164 3016 2380 3084 δόκιμον
2421 3017 2513 3068 καὶ
2551 3015 2786 3086 καθαρὸν
2838 3014 3035 3084 ῥέουσα
3088 3015 3299 3082 γλῶττα
3325 3055 3339 3079 ,
3389 3018 3484 3069 καὶ

1932 3098 2109 3166 πηγὰς
2125 3098 2318 3167 ἔχουσα
2338 3097 2551 3167 μέλιτος
2571 3099 2627 3150 ἐν
2648 3097 2726 3166 τῷ
2748 3097 2992 3164 στόματι,
3016 3099 3047 3166 ή
3073 3097 3165 3149 τοῦ
3192 3097 3479 3167 μακαρίου,

1930 3180 2091 3246 λέγω,
2115 3179 2325 3233 Παύλου
2345 3196 2359 3211 ο
2395 3180 2588 3249 μᾶλλον
2612 3180 2667 3231 δὲ
2693 3181 2785 3232 καὶ
2813 3180 3004 3250 κηρίου
3028 3180 3221 3242 παντὸς
3246 3181 3485 3251 ἀποκρύ-

1931 3277 2133 3313 πτουσα
2158 3262 2253 3330 τὴν
2289 3260 2478 3331 ήδονὴν
2504 3264 2570 3330 τῇ
2600 3262 2698 3330 τῆς
2742 3260 3107 3330 πνευματικῆς
3147 3260 3485 3327 διδασκαλίας

1929 3342 2237 3413 γλυκύτητμ

2010 3424 2222 3493 Ἐπειδὴ
2256 3424 2311 3477 δέ
2358 3424 2498 3477 κατά
2539 3424 2635 3494 τὴν
2668 3424 2981 3493 πρέπουσαν
3008 3425 3135 3493 ὑμῖν
3170 3424 3483 3493 φιλοσοφίαν

1928 3505 2045 3557 οὐδέ
2087 3505 2155 3557 τὰ
2198 3504 2288 3557 τοῦ
2331 3506 2557 3574 πένητος
2597 3504 2729 3573 ἐμοῦ
2775 3506 2867 3557 καὶ
2900 3504 3261 3573 πτωχεύοντος
3292 3506 3486 3576 ἀτιμά-

1930 3584 2049 3647 ζετε
2073 3625 2087 3649 ,
2135 3584 2267 3637 ἀλλά
2301 3584 2604 3654 θαυμάζετε
2642 3585 2737 3655 μὲν
2766 3585 2832 3637 τά
2872 3584 3067 3655 πολλὴν
3098 3585 3284 3655 ἔχοντα
3317 3587 3485 3660 ὑπερ-

1928 3667 2074 3735 οχὴν,
2110 3666 2392 3735 προσίεσθε
2436 3666 2492 3719 δὲ
2539 3666 2632 3719 καὶ
2677 3666 2743 3718 τά
2776 3666 2871 3735 τῆς
2905 3667 3172 3737 ἡμετέρας
3215 3669 3485 3734 εὐτελείας

1931 3748 2167 3815 ῥήματα,
2192 3746 2418 3814 ἀνέστην
2450 3748 2587 3815 μετά
2613 3746 2913 3816 προθυμίας
2941 3748 3231 3800 ἀποδώσων
3276 3750 3400 3819 ὑμῖν
3424 3752 3484 3804 τὸ

1929 3827 2165 3898 ὄφλημα,
2198 3828 2225 3880 ὃ
2255 3828 2442 3898 πρώην
2474 3828 2785 3898 ὑπεσχόμην
2836 3828 2953 3897 μὲν,
2985 3831 3042 3881 οὐ
3086 3831 3379 3885 κατέϐαλον
3405 3833 3482 3893 δὲ,

1927 3909 2020 3961 τοῦ
2054 3912 2256 3980 μήκους
2290 3910 2388 3977 τῆς
2418 3908 2758 3969 διδασκαλίας
2804 3909 3190 3978 ἐκκρούσαντος
3220 3913 3363 3981 ήμᾶς
3390 3914 3482 3966 τοῦ

1927 3992 2131 4053 τέλους.
2178 3991 2241 4042 Τί
2289 3988 2379 4043 οὖν
2421 3987 2487 4059 ἦν
2526 3990 2587 4042 τὸ
2623 3990 2838 4059 ὄφλημα
2867 3991 3073 4055 ἐκεῖνο;
3112 3992 3345 4062 Ἀνάγκη
3376 3994 3483 4066 γὰρ

1928 4071 2232 4141 ἀναμνῆσαι
2272 4072 2414 4139 ὑμᾶς
2453 4071 2548 4141 τὴν
2580 4072 2750 4141 ἀρχὴν
2797 4071 2887 4124 τοῦ
2932 4072 3313 4142 δανείσματος,
3342 4074 3481 4129 ὥστε

1931 4154 2267 4223 σαφεστέραν
2306 4154 2433 4222 ὑμῖν
2472 4154 2577 4205 ἀπὸ
2604 4152 2701 4223 τῆς
2750 4154 3052 4217 ὑποθέσεως
3099 4157 3345 4222 γενέσθαι
3384 4158 3481 4229 τήν

1928 4232 2201 4303 ἐξήγησιν.
2233 4234 2600 4305 Ἐζητήσαμεν
2624 4236 2764 4298 τότε,
2782 4236 2922 4297 τίνος
2943 4236 3120 4287 ἕνεκεν
3141 4238 3483 4310 ἀσαφεστέρα

1926 4314 2025 4384 τῆς
2049 4317 2251 4387 Καινῆς
2280 4319 2311 4388 ή
2349 4316 2556 4369 Παλαιά
2584 4316 2845 4386 Διαθήκη·
2868 4320 3005 4384 τάχα
3027 4318 3133 4388 γάρ
3162 4320 3439 4389 μέμνησθε
3464 4341 3481 4355 ο

1928 4399 2021 4450 κοιλ⁹
2056 4398 2183 4467 μίαν
2214 4399 2349 4461 τέως
2377 4400 2673 4469 εἰρήκαμεν
2703 4398 2897 4461 αἰτίαν,
2937 4398 3033 4469 τὴν
3071 4398 3355 4469 θηριωδίαν
3375 4402 3484 4458 τῶν

1929 4480 2248 4545 ἀκουόντων,
2296 4480 2387 4532 καὶ
2430 4482 2675 4548 μάρτυρα
2724 4480 3111 4549 παρηγάγομεν
3149 4481 3239 4533 τὸν
3274 4481 3483 4537 Παῦλον

1928 4560 2170 4629 λέγοντα.
2183 4562 2262 4614 ὃτι
2285 4562 2352 4614 Τὸ
2370 4561 2515 4614 αὐτὸ
2532 4561 2809 4630 κάλυμμα
2829 4561 2925 4614 ἐπὶ
2952 4561 3020 4630 τῇ
3034 4562 3363 4631 ἀναγνώσει
3377 4564 3484 4633 τῆς

1928 4643 2191 4707 Παλαιᾶς
2208 4642 2494 4708 Διαθήκης
2507 4642 2672 4709 μένει
2686 4645 2770 4712 μὴ
2793 4645 3378 4713 ἁνακαλυπτόμενρν,
3395 4648 3484 4702 ὅτι

1928 4726 1997 4777 ἐν
2033 4724 2262 4790 Χριστῷ
2324 4723 2710 4792 καταργεῖται.
2756 4724 3061 4795 Ἐδείξαμεν
3105 4727 3185 4779 δτι
3236 4728 3483 4801 καθάπερ

1928 4806 2161 4874 Μωῦσῆς
2182 4801 2291 4873 εἶχε
2316 4804 2575 4875 κάλυμμα
2597 4808 2623 4858 ό
2644 4807 2955 4876 νομοθέτης,
2978 4807 3118 4861 οὕτω
3157 4810 3248 4862 καὶ
3275 4811 3303 4861 ό
3323 4810 3482 4880 νόμος

1929 4884 2038 4955 εἶχε
2067 4887 2347 4957 κάλυμμα,
2382 4889 2477 4958 τὴν
2510 4890 2774 4957 ἀσάφειαν
2796 4907 2810 4921 ·
2842 4890 2952 4943 ἀλλ’
2981 4890 3101 4942 οὐτε
3131 4890 3220 4942 τοῦ
3260 4892 3481 4960 νομοθέ-

1929 4987 2021 5022 του
2055 4969 2320 5039 έγκλημα,
2350 4970 2469 5022 οὐτε
2495 4971 2588 5023 τοῦ
2615 4975 2776 5041 νόμου
2797 4972 3093 5041 κατηγορία
3120 4972 3179 5024 τὸ
3200 4972 3479 5044 κάλυμμα,

1930 5050 2063 5104 ἀλλὰ
2104 5051 2201 5117 τῆς
2240 5051 2520 5114 ἀσθενείας
2561 5053 2666 5105 τῶν
2708 5054 3028 5105 ἀκουόντων.
3078 5054 3210 5107 Οὐδὲ
3258 5055 3365 5126 γὰρ
3404 5056 3484 5108 δι’

1931 5132 2118 5185 ἐαυτὸν
2152 5127 2265 5202 εἶχε
2310 5132 2569 5202 κάλυμμα
2614 5136 2641 5185 ό
2694 5134 2949 5203 Μωῦσῆς,
3003 5134 3116 5187 ἀλλ’
3152 5137 3335 5208 ἐπειδὴ
3382 5139 3481 5191 οὐκ

1930 5214 2184 5282 ἠδύναντο
2214 5216 2528 5281 ὑπενεγκεῖν
2557 5214 2651 5283 τὴν
2674 5214 2827 5279 δόξαν
2863 5214 2946 5267 τοῦ
2974 5217 3261 5286 προσώπου
3292 5219 3477 5273 αὐτοῦ.

1936 5298 2057 5350 Ὅτε
2102 5297 2231 5365 γοῦν
2279 5298 2573 5367 ἐπέστρεφε
2622 5298 2757 5365 πρὸς
2805 5297 3035 5368 ιίύριον,
3086 5304 3393 5371 περιῃρεῖτο
3423 5303 3484 5356 τὸ

1929 5380 2206 5449 κάλυμμα.
2252 5380 2405 5432 Οῦτω
2445 5381 2535 5431 καὶ
2574 5381 2601 5431 ὁ
2634 5379 2813 5449 νόμος,
2861 5381 2981 5432 ἐπεὶ
3018 5381 3227 5434 οὐδέπω
3258 5382 3485 5451 ἠδύνατο

1931 5462 2119 5532 μαθεῖν
2139 5462 2204 5513 τὰ
2225 5462 2401 5514 τέλεια
2427 5463 2724 5531 διδάγματα
2755 5462 2846 5514 καὶ
2876 5461 3186 5530 φιλοσοφίας
3217 5462 3480 5532 γέμοντα,

1927 5545 1995 5597 τά
2021 5561 2078 5595 τε
2101 5546 2227 5613 περὶ
2260 5542 2493 5613 Χριστοῦ
2532 5546 2622 5596 καὶ
2655 5545 2752 5613 τῆς
2771 5546 2974 5613 Καινῆς
3002 5542 3270 5612 Διαθήκης
3290 5546 3485 5612 (πάντα

1926 5626 2031 5693 γὰρ
2083 5629 2263 5677 ἐκεῖνα
2308 5626 2647 5691 ὲναπέκειτο,
2696 5626 2943 5696 καθάπερ
2986 5628 3042 5678 ἐν
3094 5625 3378 5696 θησαυρῷ,
3418 5633 3482 5697 τῇ

1982 5729 2015 5810 ἶ
2027 5726 2324 5810 ξὶοήῃοιςθι.
2350 5738 2504 5780 recte.
2531 5730 2681 5783 Savll.
2706 5736 2757 5780 et
2782 5730 2903 5795 Reg.
2947 5730 3310 5791 συσκιαζούσης.
3348 5734 3481 5786 Colb.

1924 5803 2283 5845 αυσκιαςοντων.
