4064 6214
625 359 736 414 177

623 461 824 530 παλαιᾷ
856 459 1086 530 Γραφῇ),
1117 457 1266 531 [182]
1296 458 1556 526 κάλυμμα
1602 452 1763 525 εἶχεν,
1807 455 2032 515 ἐκείνοις
2069 450 2167 519 μὲν

621 540 1080 607 συγκαταϐαίνων,
1106 541 1235 608 ἡμῖν
1254 539 1310 592 δὲ
1337 539 1515 608 τηρῶν
1539 537 1630 589 τὸν
1674 535 1896 588 πλοῦτον
1927 533 2169 592 ἅπαντα,

618 619 671 672 ῐν
697 660 712 684 ,
742 622 868 674 ὅταν
903 621 1270 692 παραγένηται
1303 621 1332 672 ὁ
1359 619 1608 688 Χριστὸς,
1639 619 1730 670 καὶ
1765 614 2174 684 ἐπιστρέψωμεν

625 703 760 771 πρὸς
797 702 975 765 αὐτὸν,
1013 701 1329 772 περιαιρεθῇ
1361 701 1421 753 τὸ
1453 699 1732 768 κάλυμμα.
1776 698 1969 767 Ὁρᾶτε
1997 694 2174 747 τοίνυν

621 787 701 846 εἰς
733 785 862 854 ὅσην
894 786 1033 854 ἡμᾶς
1054 784 1206 849 ἀξίαν
1232 784 1434 852 ἢγαγεν
1457 783 1488 849 ή
1510 779 1603 832 τοῦ
1627 778 1860 850 Χριστοῦ
1880 775 2170 848 παρουσία,

622 867 704 928 εἰς
730 867 827 934 τὴν
856 866 1008 932 τάξιν
1043 867 1314 932 ἀνάγουσα
1363 862 1658 924 Μωῦσέως.
1705 860 1844 914 Ἀλλ’
1880 860 2007 921 ἴσως
2060 857 2174 927 ἐρεῖ

621 962 737 1009 τιςο
773 947 879 1000 Kal
919 948 1060 1009 τίνος
1088 947 1268 999 ἕνεκεν
1310 943 1521 1011 ἐλέγετο
1549 941 1671 994 τότε
1695 982 1708 1006 ,
1754 942 1802 993 εἰ
1845 940 1919 1010 μὴ
1953 937 2172 1008 ἔμελλεν

621 1029 801 1090 αὐτοῖς
822 1028 963 1098 σαφῆ
994 1023 1128 1080 εἶναι
1147 1027 1217 1080 τά
1243 1025 1537 1094 λεγόμενα;
1574 1025 1688 1076 ἰνα
1709 1025 1820 1085 τοῖς
1842 1020 1978 1092 μετά
2002 1019 2172 1073 ταῦτα

620 1110 838 1179 γένηται
854 1112 1112 1181 χρήσιμα.
1136 1106 1467 1179 Προφητείας
1483 1104 1590 1176 7&9
1603 1104 1816 1173 ἀξίωμα
1837 1102 1987 1156 τοῦτό
2004 1103 2169 1164 ἔστιν,

619 1189 715 1260 οὐχ
741 1192 865 1246 ὅταν
891 1193 958 1245 τά
991 1191 1228 1259 παρόντα
1256 1185 1556 1257 ἀπαγγείλῃ
1577 1185 1889 1255 πράγματα,
1912 1182 2171 1236 ἀλλ’·ὄταν

618 1273 688 1325 τά
723 1273 975 1344 μέλλοντα
995 1270 1447 1342 προαναφωνήσῃ.
1485 1266 1793 1339 Προφητεία
1818 1266 1873 1319 δὲ
1902 1266 2027 1318 ὅταν
2050 1280 2171 1317 συν-

617 1354 988 1424 εσκιασμένως
1019 1351 1260 1422 λέγηται,
1293 1351 1431 1421 μετά
1459 1349 1558 1418 τήν
1584 1348 1691 1402 τῶν
1721 1348 2053 1418 πραγμάτων
2076 1345 2168 1398 ἐκ·

617 1435 775 1489 ϐασιν
794 1435 999 1504 γίνεται
1026 1434 1349 1504 σαφεστέρα,
1385 1431 1491 1502 πρὸ
1502 1431 1557 1484 δέ
1583 1430 1683 1500 τῆς
1710 1430 1983 1494 ἐκϐάσεως
2013 1430 2169 1483 οὐδα-

619 1519 753 1589 μῶς.
783 1519 961 1583 Ὥστε,
978 1517 1161 1590 ἐπειδὴ
1191 1517 1310 1570 τότε
1337 1515 1433 1588 μὲν
1453 1515 1665 1584 ἐλέγετο
1680 1513 2166 1584 συνεσκιασμένως,

616 1601 798 1672 ἀσαφῆ
826 1597 925 1672 ἦν·
948 1601 1036 1654 δτε
1060 1600 1116 1654 δέ
1152 1598 1417 1669 ἐκϐέϐηκε
1450 1595 1520 1650 τά
1556 1597 1870 1666 πράγματα,
1901 1595 1988 1649 διά
2012 1595 2169 1648 τοῦτο

618 1683 920 1754 σαφέστερα
947 1676 1014 1753 ῆν
1044 1682 1114 1735 1&
1161 1679 1444 1750 λεγόμενα.
1502 1678 1612 1731 Kal
1663 1679 1749 1731 ῐνα
1794 1678 2032 1748 μάθητε,
2085 1677 2168 1729 ὅτι

615 1764 914 1833 προφητεία
935 1805 951 1829 ,
1009 1762 1110 1816 κᾶν
1158 1763 1262 1834 πρὸ
1309 1759 1502 1814 πολλοῦ
1550 1759 1768 1830 λέγηται
1823 1759 1914 1813 τοῦ
1957 1758 2167 1829 χρόνου,

622 1843 1096 1914 συνεσκιασμένως
1146 1843 1203 1896 δέ
1249 1841 1470 1913 λέγηται
1496 1881 1512 1906 ,
1569 1841 1912 1912 ἀσαφεστέρα
1961 1839 2166 1909 γίνεται

614 1927 952 1996 ἀναμένουσα
964 1926 1062 1998 τήν
1077 1927 1140 1980 ἐκ
1154 1924 1259 1979 τῶν
1279 1923 1612 1995 πραγμάτων
1627 1922 1868 1984 ἐκϐασιν,
1881 1923 1973 1976 ἀπ’
1991 1921 2167 1975 αὐτῶν

613 2006 723 2059 τῶν
757 2006 1006 2078 μαθητῶν
1035 2007 1161 2077 ὑμῖν
1210 2005 1366 2060 τοῦτο
1407 2006 1615 2075 ποιήσω
1650 2005 1898 2076 φανερόν.
1933 2005 2168 2058 Λύσατε

615 2087 721 2141 τὸν
745 2089 894 2142 ναόν
927 2089 1157 2152 τοῦτον,
1204 2091 1314 2151 τοῖς
1355 2087 1624 2150 Ἰουδαίοις
1652 2087 1833 2154 ἐλεγεν
1865 2088 1893 2137 0
1918 2086 2162 2155 Χριστός.

627 2170 839 2241 Ἐπειδὴ
875 2171 980 2241 7&9
1006 2172 1190 2224 ἐδίωκε
1216 2173 1340 2233 τοὺς
1383 2170 1470 2223 διὰ
1502 2169 1601 2240 τῆς
1639 2169 1936 2239 καπηλείας
1964 2170 2040 2231 εἰς
2078 2167 2166 2219 τὸν

613 2251 738 2305 ναὸν
771 2251 1161 2323 ἐνυϐρίζοντας,
1193 2252 1434 2319 λέγουσιν
1456 2253 1652 2304 ἐκεῖνοι
1674 2265 1688 2280 ο
1712 2250 1773 2304 Τί
1793 2249 2040 2318 σημεῖον
2059 2248 2168 2302 δει-

612 2335 812 2399 κνύεις
830 2334 991 2402 ἡμῖν,
1008 2334 1094 2386 ὅτι
1109 2333 1293 2387 ταῦτα
1311 2331 1496 2398 ποιεῖς
1517 2349 1534 2396 ;
1555 2332 1663 2384 Kal
1679 2331 1812 2402 πρὸς
1838 2331 1992 2384 τοῦτό
2014 2347 2163 2402 (mar

613 2415 849 2469 Λύσατε
885 2407 990 2468 τὸν
1017 2415 1166 2470 ναὸν
1192 2414 1427 2480 τοῦτον,
1472 2413 1571 2466 καὶ
1611 2413 1680 2465 ἐν
1705 2413 1900 2478 τρισὶν
1928 2413 2168 2481 ἡμέραις

612 2495 792 2565 ἐγερῶ
817 2497 1018 2553 αὐτόν.
1061 2496 1313 2560 Ἐκεῖνος
1331 2495 1399 2548 δὲ
1421 2495 1591 2564 ἔλεγε
1605 2495 1737 2562 περὶ
1761 2495 1867 2549 τοῦ
1898 2495 2046 2549 ναοῦ
2059 2496 2167 2550 τοῦ

610 2578 881 2648 σώματος
909 2579 1110 2634 αὐτοῦ.
1141 2578 1308 2631 Τοῦτο
1353 2578 1651 2648 προφητεία
1684 2577 1768 2641 τίς
1799 2582 1972 2632 ἐστιν·
2017 2578 2168 2632 οὔπω

612 2660 721 2731 7&9
739 2657 806 2732 ἧν
825 2652 1134 2733 ἐκϐεϐηκὼς
1165 2663 1194 2713 0
1223 2660 1470 2731 σταυρὸς,
1497 2659 1612 2712 οὺδέ
1650 2662 1684 2729 ή
1719 2658 1867 2722 λύσις
1894 2659 1985 2711 τοῦ
2014 2659 2164 2723 ναοῦ,

613 2743 736 2796 οὑδὲ
762 2745 795 2814 ή
818 2745 1110 2815 τριήμερος
1136 2745 1445 2805 ἀνάστασις,
1464 2743 1530 2812 ήν
1555 2740 1714 2802 αὐτὸς
1743 2741 2029 2810 ἐποιήσατο
2064 2740 2168 2794 Καὶ

614 2825 716 2896 δρα
761 2825 874 2888 πῶς
905 2826 973 2878 1&
999 2825 1277 2895 ἀμφότερα
1330 2823 1464 2893 μετά
1495 2821 1776 2892 ἀκριϐείας
1809 2820 2040 2892 ᾐνίξατο,
2075 2822 2168 2874 καὶ

613 2905 710 2977 τὴν
730 2906 930 2976 τόλμαν
959 2906 1055 2976 τήν
1087 2906 1327 2968 ἐκείνων,
1354 2903 1447 2958 καί
1472 2903 1569 2973 τὴν
1593 2903 1795 2957 οἰκείαν
1825 2901 1987 2954 αὑτοῦ
2015 2901 2168 2955 δύνα-

616 3005 729 3056 μιν.
768 2988 903 3041 Ἀλλ’
932 2989 1078 3059 ὅμως
1104 2988 1201 3043 οὐκ
1218 2987 1437 3060 ᾔδεισαν
1455 2986 1524 3039 τά
1548 2985 1832 3054 λεγόμενα.
1856 2985 1961 3036 Καὶ
1976 2984 2037 3037 τὸ
2067 2985 2166 3054 μὲν

629 3071 906 3133 Ἰουδαίους
949 3073 1191 3138 ἀγνοεῖν,
1236 3070 1384 3123 οὐδὲν
1426 3067 1758 3139 θαυμαστόν·
1793 3066 1938 3134 λέγει
1980 3066 2056 3132 δὲ,
2085 3067 2165 3120 ὄτι

614 3152 732 3205 οὐδὲ
763 3155 812 3206 οῖ
839 3153 1071 3223 μαθηταί
1098 3151 1259 3207 αὑτοῦ
1289 3150 1543 3220 συνῆκαν,
1573 3149 1676 3211 ἕως
1703 3147 1901 3211 ἀνέστη
1944 3149 2009 3199 ἐκ
2057 3147 2166 3199 τῶν

613 3234 820 3303 νεκρῶν
841 3251 854 3266 ο
895 3235 1004 3288 Kal
1028 3234 1148 3286 τότε
1185 3234 1552 3287 ἐπίστευσαν
1577 3229 1650 3300 τῇ
1678 3228 1908 3298 Γραφῇ,
1957 3230 2052 3282 καὶ
2086 3227 2167 3293 τῷ

613 3317 792 3385 λόγῳ,
829 3310 877 3381 ᾧ
895 3314 1061 3369 εἶπεν
1086 3319 1118 3368 d
1150 3314 1405 3381 Ἰησοῦς.

686 3438 750 3505 β’.
802 3437 957 3508 Ὀρᾷς
989 3436 1070 3489 δτι
1103 3435 1397 3506 ἐδεήθησαν
1434 3434 1531 3504 τῆς
1566 3432 1653 3486 διά
1683 3432 1791 3488 τῶν
1832 3432 2166 3503 πραγμάτων

614 3519 908 3583 ἑκϐἀσεως,
942 3518 1028 3572 ῐνα
1069 3517 1370 3588 σαφεστέρα
1404 3517 1626 3587 γένηται
1658 3517 1693 3586 ή
1724 3517 2044 3585 προφητεία,
2073 3515 2166 3567 καὶ

615 3602 696 3655 ὅτι
732 3599 976 3670 ἐγκλημα
1000 3600 1097 3652 οὐκ
1129 3596 1270 3669 εῐχον
1311 3599 1359 3652 οἰ
1401 3597 1637 3652 Ἰουδαῖοι
1673 3597 1746 3667 μὴ
1775 3597 2044 3660 συνιέντες
2068 3597 2166 3658 τάς

616 3681 944 3752 προφητείας
985 3680 1191 3744 ἐκείνας
1234 3680 1329 3743 τάς
1369 3679 1495 3749 περὶ
1527 3677 1760 3749 Χριστοῦ
1793 3678 1899 3748 πρὸ
1932 3677 2030 3746 τῆς
2071 3677 2164 3730 τοῦ

615 3761 847 3833 Χριστοῦ
874 3763 1195 3833 παρουσίας;
1228 3761 1305 3830 Τῇ
1335 3759 1441 3832 7&9
1473 3759 1742 3830 παρουσίᾳ
1766 3757 1918 3825 δῆλαι
1947 3757 2166 3826 ἔμελλον

616 3843 860 3912 γίνεσθαι
891 3842 985 3895 καὶ
1035 3843 1244 3911 σαφεῖς.
1283 3842 1543 3900 ΙἌκουσον
1577 3837 1739 3890 αὐτοῦ
1782 3838 1876 3891 τοῦ
1930 3837 2163 3907 Χριστοῦ

613 3922 857 3992 λέγοντος
871 3941 884 3955 ·
913 3925 981 3977 El
1006 3922 1091 3992 μή
1113 3920 1320 3992 ἦλθον,
1343 3919 1441 3974 καὶ
1459 3918 1732 3986 ἐλάλησα
1751 3917 1971 3983 αὐτοῖς,
1988 3919 2167 3985 ἀμαρ-

613 4003 749 4060 τίαν
773 4009 882 4060 οὐκ
921 4001 1104 4074 εἶχον.
1147 4006 1245 4059 Διά
1279 4005 1333 4056 τί
1378 4004 1476 4057 οὐκ
1506 4000 1646 4072 εἰχον
1687 4001 1986 4073 ἁμαρτίαν,
2035 4003 2082 4052 εί
2109 4002 2165 4052 αἰ

617 4091 937 4159 προφητεῖαι
968 4088 1253 4157 προέλεγω
1272 4104 1286 4153 ;
1308 4088 1428 4140 Ὅτι
1454 4087 1742 4157 προέλεγον
1767 4085 1884 4155 μὲν,
1913 4085 2011 4138 οὑκ
2028 4080 2166 4154 ἦσαν

614 4169 672 4223 δέ
705 4173 910 4240 σαφεῖς,
943 4169 1062 4222 οὐδὲ
1104 4170 1257 4240 δῆλαι
1302 4167 1406 4239 πρὸ
1435 4168 1532 4237 τῆς
1564 4168 1862 4236 παρουσίας
1898 4166 1989 4218 τοῦ
2042 4184 2168 4236 προ-

615 4252 921 4322 λεγομένου.
958 4253 1017 4306 Εἰ
1051 4252 1157 4321 γάρ
1201 4251 1294 4304 καὶ
1317 4251 1435 4303 τότε
1470 4251 1656 4316 σαφεῖς
1693 4245 1830 4318 ἦσαν
1863 4250 2041 4309 αὐτοῖς
2074 4248 2168 4302 καὶ

613 4335 788 4405 δῆλαι,
822 4335 977 4404 δῆλον
1005 4335 1084 4387 δτι
1122 4334 1214 4388 καὶ
1235 4334 1339 4402 πρὸ
1356 4331 1452 4401 τῆς
1483 4329 1780 4402 παρουσίας
1804 4329 1964 4382 αὑτοῦ
1991 4331 2167 4399 ἀμαρ-

613 4416 734 4470 τίαν
754 4412 924 4486 εἶχον
967 4417 1014 4468 εἰ
1042 4415 1098 4468 δὲ
1122 4414 1390 4485 ἁμαρτίαν
1417 4414 1516 4466 οὐκ
1543 4408 1706 4481 εἶχον,
1733 4409 1951 4478 εὔδηλον
1972 4411 2052 4462 ὅτι
2078 4408 2166 4462 διά

612 4496 709 4568 τὴν
723 4499 984 4566 ἀσάφειαν
1005 4497 1177 4550 αὐτῶν
1194 4498 1284 4550 καὶ
1305 4497 1364 4549 τὸ
1391 4493 1762 4548 ωνεσκιάσθαι
1787 4492 1855 4545 τά
1879 4492 2162 4560 λεγόμενα.

614 4580 749 4634 οὑδέ
776 4580 883 4650 7&9
910 4579 1210 4652 ἀπῃτοῦντο
1236 4578 1332 4650 τὴν
1356 4579 1433 4641 εἰς
1458 4578 1546 4630 τὸν
1573 4575 1803 4646 Χριστὸν
1835 4575 2012 4626 πίστιν
2061 4572 2166 4643 πρὸ

613 4661 713 4732 τῆς
749 4661 840 4714 τοῦ
870 4662 1101 4730 Χριστοῦ
1149 4662 1462 4732 παρουσίας.
1499 4660 1652 4722 Τίνος
1683 4653 1773 4710 οὖν
1813 4657 1996 4709 ἕνεκεν
2036 4672 2167 4726 προ-

615 4744 830 4811 ελέγετο
856 4745 1008 4808 τότε;
1036 4747 1150 4805 ’Ὶν’,
1180 4746 1306 4798 ὅταν
1341 4742 1734 4813 παραγένηται,
1773 4739 1978 4791 οἴκοθεν
2004 4737 2165 4805 ἔχωσι

615 4828 737 4889 τοὺς
762 4826 1107 4889 διδασκάλους
1125 4827 1410 4893 ἐνάγοντας
1427 4823 1574 4895 [183]
1594 4821 1808 4886 αὐτοὺς,
1837 4822 1932 4872 καὶ
1957 4819 2167 4877 εἰδῶσιν

615 4909 696 4961 δτι
739 4911 799 4961 οὗ
846 4910 1160 4978 καινοτομία
1208 4907 1273 4960 τά
1322 4907 1595 4976 γινόμενα,
1637 4905 1756 4957 οὑδέ
1799 4902 2103 4972 πρόσφατος
2131 4902 2166 4970 ὴ

615 4989 887 5060 οἰκονομία
906 5030 920 5054 ,
952 4991 1061 5043 ἀλλ’
1092 4989 1296 5044 ἀνωθεν
1325 4987 1493 5041 ταῦτα
1523 4987 1615 5039 καὶ
1641 4985 1746 5055 πρὸ
1777 4984 1981 5036 πολλῶν
2033 4999 2166 5052 προ-

615 5071 1003 5144 ανεκηρύττετο
1033 5072 1262 5142 χρόνων·
1293 5071 1350 5123 οὺ
1391 5068 1583 5140 μικρὸν
1610 5068 1665 5120 δὲ
1694 5065 1848 5118 τοῦτο
1862 5067 1938 5127 είς
1955 5065 2018 5144 τὸ
2045 5066 2166 5117 ἐπι-

617 5142 916 5206 σπάσασθαι
943 5153 1077 5225 πρὸς
1098 5153 1194 5220 τὴν
1221 5152 1398 5205 πίστιν
1421 5149 1632 5213 αὐτούς.
1655 5149 1768 5203 Μία
1793 5146 1890 5216 μὲν
1921 5142 2010 5199 οῦν
2029 5145 2163 5214 αὕτη

615 5235 708 5305 τῆς
725 5235 983 5302 ἀσαφείας
1003 5236 1169 5298 αίτία,
1193 5235 1262 5306 ἢν
1283 5234 1373 5287 καί
1411 5233 1500 5285 διά
1521 5231 1776 5285 πλειόνων
1807 5226 2165 5296 ἀπεδείξαμεν

619 5317 923 5387 μαρτυριῶν
961 5319 1017 5370 ἐν
1040 5320 1104 5388 τῇ
1134 5316 1371 5388 προτέρᾳ
1400 5313 1647 5378 διαλέξει.
1664 5313 1753 5364 ’ἶν’
1779 5306 1870 5363 οῦν
1903 5308 1975 5379 μὴ
2005 5309 2164 5362 πάλιν

616 5400 756 5469 ὑμᾶς
805 5400 1102 5470 ἐνοχλῶμεν
1144 5401 1212 5454 τά
1255 5397 1391 5451 αὺτά
1431 5397 1696 5465 λέγοντες,
1729 5395 2018 5458 ἀναγκαῖον
2066 5390 2163 5460 μὲν

614 5482 814 5551 ταύτης
853 5483 1151 5552 ἀποστῆναι
1171 5523 1185 5546 ,
1228 5482 1414 5548 ἑτέραν
1435 5480 1492 5532 δέ
1521 5481 1693 5531 εἰπεῖν
1728 5475 1824 5544 τὴν
1857 5475 1954 5526 οὐκ
1979 5473 2160 5543 ἀσαφῆ

615 5561 708 5614 καὶ
732 5561 1020 5628 ἀγνωστον,
1057 5561 1193 5616 άλλά
1215 5559 1612 5629 δυσκολωτέραν
1636 5559 1766 5627 ἡμῖν
1793 5553 2047 5608 ποιοῦσαν
2065 5552 2161 5623 τὴν

614 5642 849 5700 Παλαιὰν
903 5646 1189 5716 Διαθήκην.
1250 5643 1409 5697 ’Δλλο
1459 5644 1564 5712 γάρ
1627 5643 1739 5694 ἐστι
1803 5637 1964 5709 μηδὲν
2025 5636 2161 5716 ὂλῳς

616 5725 807 5781 εἰδέναι
836 5725 941 5784 τῶν
971 5715 1298 5801 ἐγκειμένων
1316 5767 1331 5796 ,
1371 5725 1463 5779 καὶ
1492 5726 1622 5795 όρᾷν
1664 5722 1924 5794 κάλυμμα
1950 5715 2156 5772 ἐπικεί-

1322 345 1381 400 5.
1419 341 1698 399 JOANNIS
1734 330 2224 395 CHRYSOSTOMI
2259 330 2577 394 ARCHIEP.
2617 337 3160 397 CONSTANTINOP.

3720 362 3829 415 178

2279 464 2456 517 μενον,
2487 452 2614 507 ἀλλο
2643 453 2701 507 δὲ
2727 455 2908 525 εὑρεῖν
2934 453 3033 525 μὲν
3057 452 3126 506 τά
3149 451 3431 524 λεγόμενα,
3473 449 3612 522 μετά
3658 451 3818 507 πόνου

2272 535 2328 589 δὲ
2359 538 2556 606 εὑρεῖν.

2342 623 2438 686 Τίς
2465 620 2558 678 οὖν
2576 627 2722 678 ἐστιν
2750 627 2784 696 ή
2805 625 3032 689 δευτέρα
3057 624 3225 692 αἰτία,
3257 625 3324 680 δι’
3349 626 3416 697 ἦν
3448 624 3822 696 δυσκολωτερα

2271 709 2305 778 ή
2331 708 2542 763 Παλαιά
2564 711 2804 781 mem
2828 710 2925 780 τῆς
2945 709 3087 774 Νέας
3111 711 3255 764 ἐστίν
3278 726 3293 777 ;
3317 709 3450 782 Οὐχὶ
3478 713 3543 782 τη
3576 711 3821 782 ἐγχωρίῳ

2270 798 2418 866 φωνῇ
2449 796 2640 867 ἔχομεν
2687 797 2784 867 τὴν
2821 797 3061 853 Παλαιὰν
3103 797 3372 868 Διαθήκην
3400 798 3526 868 παρ’
3551 798 3680 868 ἡμῖν
3727 815 3821 864 γεο

2269 883 2591 954 γραμμένην
2609 901 2623 916 ο
2654 883 2766 937 ἀλλ’
2794 884 2960 955 ἑτέρᾳ
2988 883 3085 954 μὲν
3116 883 3368 956 συνετέθη
3395 883 3626 956 γλώττῃ,
3657 884 3822 956 ἑτέρᾳ

2267 967 2325 1024 δέ
2374 970 2568 1041 ἐχομεν
2614 970 2779 1042 αὐτὴν
2826 970 3335 1043 ἀναγινωσκομένην
3375 973 3550 1042 ήμεῖς.
3600 971 3679 1042 Τῇ
3711 971 3820 1041 γάρ

2280 1057 2543 1128 Ἐϐραίων
2575 1061 2723 1128 φωνῇ
2753 1058 2902 1130 παρά
2929 1056 3028 1128 τὴν
3080 1056 3252 1128 ἀρχὴν
3298 1057 3626 1128 συνετράφη.
3661 1058 3821 1126 ἡμεῖς

2265 1145 2324 1198 δὲ
2350 1146 2516 1216 αὐτὴν
2549 1149 2614 1216 τῇ
2651 1145 2914 1215 Ἑλλήνων
2944 1143 3316 1216 παρελάϐομεν
3343 1143 3580 1214 γλώττῃ·
3615 1144 3740 1196 ὅταν
3763 1141 3822 1195 δι

2267 1230 2477 1299 γλῶττα
2511 1232 2816 1303 ἐρμηνευθῇ
2845 1233 2924 1294 είς
2948 1230 3138 1302 ἑτέραν
3165 1227 3426 1297 γλῶτταν,
3460 1226 3655 1299 πολλὴν
3706 1226 3820 1297 εχει

2265 1318 2364 1390 τὴν
2393 1317 2702 1372 δυσκολίαν.
2731 1318 2841 1371 Kal
2895 1316 3074 1371 ἴσασιν
3129 1314 3402 1386 ἀκριϐῶς,
3454 1315 3567 1369 ὅσοι
3609 1312 3819 1367 πολλῶν

2265 1406 2520 1476 γλωσσῶν
2545 1407 2678 1458 εἰσιν
2714 1403 2985 1475 ἑμπειροι,
3018 1401 3135 1466 πῶς
3162 1402 3222 1456 οὐ
3247 1399 3464 1456 δυνατδν
3505 1401 3682 1455 πᾶσαν
3721 1398 3820 1471 τὴν

2265 1494 2560 1564 σαφήνειαν
2595 1495 2693 1563 τῆς
2726 1492 2907 1562 φωνῆς
2943 1492 3042 1562 τῆς
3073 1492 3132 1544 ἑν
3159 1491 3223 1561 τῇ
3253 1487 3427 1559 οἰκείᾳ
3453 1487 3606 1556 φύσει
3631 1487 3820 1561 κειμέ-

2263 1598 2359 1652 νης
2384 1581 2723 1652 μετενεγκεῖν
2742 1581 2820 1644 είς
2843 1578 2940 1649 τήν
2966 1577 3156 1650 ἐτέραν
3194 1573 3614 1646 μεταϐάλλοντας
3651 1572 3819 1642 γλῶσο

2263 1686 2383 1723 σαν.
2407 1667 2577 1721 Τοῦτο
2595 1663 2686 1721 οῦν
2703 1667 2872 1722 αίτιον
2888 1666 2988 1736 τῆς
3011 1661 3291 1726 δυσκολίας
3316 1661 3410 1732 τῆς
3428 1663 3483 1714 ἐν
3516 1664 3578 1732 τῇ
3609 1660 3818 1730 Παλαιᾷ

2262 1756 2501 1828 Διαθήκῃ
2518 1754 2843 1827 γέγονε.Πῴ
2861 1752 2968 1824 7&9
2980 1750 3300 1822 τριακοσίων
3314 1746 3448 1801 ἑτῶν
3465 1746 3561 1816 τῆς
3579 1746 3670 1799 τοῦ
3685 1748 3821 1817 Χρι-

2263 1843 2387 1896 στοῦ
2417 1842 2734 1913 παρουσίας,
2771 1841 2862 1894 ἐπὶ
2902 1837 3232 1907 Πτολεμαίου
3284 1834 3376 1888 τοῦ
3418 1832 3673 1903 βασιλέως
3709 1832 3820 1888 τῶν

2260 1929 2594 1996 Αἰγυπτίων,
2626 1927 2759 1999 πρὸς
2785 1927 2883 1997 τὴν
2921 1924 3142 1978 Ἐλλάδα
3176 1921 3470 1995 μετηνέχθη
3502 1921 3750 1990 γλῶσσαν
3779 1921 3819 1992 ﬁ

2261 2016 2473 2071 Παλαιά
2517 2014 2778 2086 Διαθήκη,
2819 2012 3100 2086 χρησίμως
3139 2010 3340 2082 σφόδρα
3364 2009 3456 2063 καὶ
3488 2007 3811 2077 ἀναγκαίως.

2263 2105 2410 2169 Ἕως
2457 2105 2557 2174 μὲν
2595 2103 2702 2174 γάρ
2753 2103 2834 2155 ἑνὶ
2881 2101 3021 2156 ἐθνει
3068 2099 3175 2154 τῶν
3222 2096 3487 2152 Ἰουδαίων
3526 2095 3810 2164 διελέγετο,

2261 2191 2450 2262 ἔμενεν
2477 2191 2536 2243 έν
2562 2192 2628 2260 τῇ
2659 2186 2895 2257 Ἐϐραΐδι
2926 2188 3097 2258 φωνῇ.
3118 2183 3302 2251 Οὐδεὶς
3322 2181 3427 2255 γάρ
3455 2182 3574 2236 τότε
3593 2180 3815 2252 έμελλεν

2261 2281 2398 2351 αὐτῇ
2450 2278 2736 2350 προσέχειν
2757 2316 2772 2340 ,
2815 2275 2909 2329 τοῦ
2950 2272 3139 2327 λοιποῦ
3166 2271 3273 2326 τῶν
3302 2269 3600 2342 ἀνθρώπων
3626 2268 3819 2338 γένους

2263 2369 2340 2428 εἰς
2360 2365 2646 2437 θηριωδίαν
2668 2363 2901 2433 ἐσχάτην
2926 2359 3262 2430 ἐληλακότος.
3296 2355 3508 2427 Ἐπειδὴ
3524 2355 3579 2408 δέ
3592 2353 3818 2424 ἔμελλεν

2261 2457 2291 2509 ὁ
2315 2455 2547 2525 Χριστὸς
2576 2449 2991 2524 παραγίνεσθαι,
3037 2449 3130 2502 καὶ
3157 2449 3254 2518 τὴν
3288 2447 3604 2517 οἰκουμένην
3632 2445 3813 2497 πᾶσαν

2264 2545 2399 2615 πρὸς
2432 2542 2621 2596 ἑαυτὸν
2653 2541 2856 2603 καλεῖν,
2888 2537 3008 2608 οὐχὶ
3031 2537 3118 2591 διά
3153 2537 3261 2590 τῶν
3284 2535 3589 2589 ἀποστόλων
3631 2532 3810 2603 μόνον,

2263 2628 2398 2682 ἀλλά
2433 2629 2526 2682 καὶ
2556 2626 2642 2680 διά
2670 2625 2778 2678 τῶν
2800 2623 3090 2695 προφητῶν
3126 2621 3238 2693 (καὶ
3263 2621 3371 2692 7&9
3402 2622 3639 2674 κάκεῖνοι
3677 2618 3813 2689 πρὸς

2261 2715 2357 2786 τὴν
2395 2714 2573 2767 πίστιν
2594 2713 2737 2784 ἡμᾶς
2763 2707 3154 2782 χειραγωγοῦσι
3182 2707 3279 2778 τῆς
3302 2704 3396 2760 τοῦ
3419 2703 3650 2777 Χριστοῦ
3672 2702 3815 2771 γνὼ-

2266 2804 2444 2874 σεως),
2472 2800 2766 2872 τηνικαῦτα
2789 2799 2971 2852 λοιπὸν
2990 2796 3226 2868 ὡσπερεί
3247 2812 3394 2861 τινας
3410 2805 3436 2835 ι
3467 2793 3698 2854 εἰσόδους
3719 2791 3816 2845 καὶ

2261 2889 2412 2952 ὁδοὺς
2435 2888 2532 2949 τάς
2557 2886 2908 2957 προφητείας,
2937 2884 3194 2956 πρότερον
3224 2880 3718 2949 ἀποκεκλεισμένας
3744 2878 3812 2947 τῇ

2262 2980 2362 3048 τῆς
2414 2976 2659 3047 γλώττης
2710 2974 2977 3043 ἀσαφείᾳ,
3023 2971 3284 3026 πάντοθεν
3339 2969 3618 3040 ἀνοιγῆναι
3675 2983 3816 3038 «a9-

2248 3067 2523 3136 εσκεύασε
2568 3065 2654 3117 διά
2686 3063 2785 3132 τῆς
2817 3060 3128 3134 ἑρμηνείας,
3157 3060 3242 3114 ῐνα
3291 3059 3486 3120 πάντες
3524 3058 3572 3110 οἰ
3599 3057 3663 3109 ἑκ
3706 3053 3816 3109 τῶν

2262 3156 2430 3207 ἐθνῶν
2461 3152 2789 3221 πανταχόθεν
2817 3149 3150 3222 συρρέοντες,
3198 3146 3292 3201 καὶ
3322 3144 3458 3216 μετά
3486 3143 3682 3214 πολλῆς
3711 3142 3813 3212 τῆς

2262 3241 2507 3305 εὐκολίας
2533 3241 2734 3303 ταύτας
2759 3238 3031 3301 ὁδεύοντες
3068 3235 3166 3300 τὰς
3196 3235 3346 3298 ὀδοὺς
3372 3272 3387 3298 ,
3425 3233 3492 3288 δι’
3517 3231 3694 3286 αὐτῶν
3721 3230 3818 3284 δυ-

2261 3333 2464 3404 νηθῶσι
2490 3331 2623 3400 πρὸς
2653 3330 2743 3381 τὸν
2775 3326 2993 3398 βασιλέα
3017 3325 3126 3381 τῶν
3155 3322 3446 3395 προφητῶν
3479 3320 3674 3385 ἐλθεῖν,
3717 3317 3816 3404 καὶ

2263 3403 2634 3489 προσκυνῆσαι
2664 3413 2741 3483 τῷ
2770 3413 3045 3483 μονογενεῖ
3072 3409 3166 3463 τοῦ
3190 3409 3324 3464 Θεοῦ
3355 3406 3486 3478 Υἰῷ.
3523 3405 3621 3460 Διά
3654 3403 3820 3459 τοῦτο

2261 3505 2368 3574 πρό
2382 3521 2447 3572 γε
2473 3502 2566 3556 τοῦ
2591 3500 2781 3573 χρόνου
2807 3496 2908 3568 τῆς
2939 3496 3241 3568 παρουσίας
3264 3494 3357 3549 τοῦ
3379 3493 3612 3565 Χριστοῦ
3632 3494 3816 3564 ἡρμη-

2261 3590 2526 3660 νεύθησαν
2573 3587 2815 3640 ἀπασαιο
2847 3583 2969 3637 ἐπεὶ
3022 3583 3071 3636 εί
3117 3581 3306 3653 έμενον
3354 3581 3412 3633 ἐν
3452 3582 3519 3651 τῇ
3572 3577 3815 3650 Ἐϐραΐδι

2261 3678 2522 3746 διαλέκτῳ
2564 3674 2720 3744 μόνον
2748 3711 2764 3738 ,
2795 3671 2945 3740 Ελεγε
3002 3669 3058 3722 δέ
3085 3669 3114 3722 0
3158 3666 3318 3723 Δαυῖδ
3346 3705 3362 3733 ,
3386 3667 3634 3735 Αιτησαι
3675 3667 3814 3735 παρ’

2259 3758 2428 3830 ἐμοῦ,
2469 3760 2565 3814 καί
2597 3759 2765 3814 δώσω
2798 3771 2898 3811 σοι
2930 3756 3073 3824 tam
3106 3755 3220 3824 τὴν
3243 3751 3641 3823 κληρονομίαν
3671 3766 3811 3814 σου,

2262 3850 2361 3903 καί
2376 3848 2491 3916 τὴν
2507 3845 2873 3914 κατάσχεσίν
2887 3859 3003 3898 σου
3029 3841 3100 3896 τὰ
3115 3841 3338 3910 πέρατα
3357 3839 3465 3908 τῆς
3489 3837 3622 3909 τῆς,
3646 3835 3820 3892 πόθεν

2263 3936 2480 4008 ἔμελλεν
2508 3934 2699 3987 εἰδέναι
2734 3931 2794 3985 10
2826 3930 3111 4000 λεγόμενον
3141 3932 3169 3983 0
3197 3929 3384 3998 Σύρος,
3418 3927 3452 3997 ἢ
3480 3927 3508 3978 ὁ
3533 3927 3812 3999 Γαλάτης,

2262 4023 2296 4093 ή
2323 4026 2352 4076 0
2377 4017 2657 4081 Μακεδὼν,
2677 4017 2711 4086 ή
2735 4017 2764 4068 0
2798 4015 3094 4084 ’Δθηναῖος,
3112 4015 3169 4067 ἐν
3185 4013 3417 4084 ἀσαφείᾳ
3441 4012 3702 4084 μενούσης
3717 4015 3818 4084 τῆς

2261 4109 2513 4181 Γραφῆς;
2556 4107 2726 4161 Πάλιν
2752 4106 2780 4159 0
2814 4101 3040 4164 Ἡσαΐας
3079 4100 3226 4154 ἐϐόα’
3270 4100 3364 4166 Ὠς
3400 4100 3690 4167 πρόϐατον
3714 4099 3816 4154 ἐπὶ

2263 4195 2507 4266 σφαγὴν
2533 4193 2711 4263 ἤχθη,
2767 4188 2915 4263 [184]
2954 4186 3054 4243 καί
3077 4187 3157 4254 ὡς
3185 4185 3370 4256 ἀμνὸς
3405 4187 3680 4241 ἐναντίον
3707 4184 3817 4240 τοῦ

2262 4285 2563 4349 κείροντος
2601 4279 2784 4334 αὐτὸν
2825 4275 3079 4346 ἄφωνος.
3133 4275 3243 4328 Kal
3294 4272 3484 4328 πάλινο
3529 4273 3739 4327 ΙἘ’σται
3772 4273 3815 4342 ἠ

2255 4368 2389 4437 ῥίζα
2413 4368 2518 4421 τοῦ
2548 4364 2783 4430 Ἰεσσαὶ,
2803 4363 2952 4416 καἰό
2965 4361 3362 4431 ἀνιστάμενος
3382 4358 3584 4427 ἄρχειν
3601 4356 3812 4414 ἐθνῶν·

2262 4455 2355 4510 ἐπ’
2380 4450 2538 4517 αὐτῷ
2563 4451 2706 4516 ἔθνη
2726 4449 3022 4502 ἐλπιοῦσι.
3047 4445 3149 4500 Kal
3177 4445 3336 4500 πάλιν
3357 4461 3372 4478 ·
3399 4443 3820 4513 Πλησθήσεταε

2261 4543 2302 4609 ἡ
2323 4539 2394 4610 τῆ
2421 4538 2528 4593 τοῦ
2555 4535 2773 4607 γνῶναι
2800 4533 2906 4588 τὸν
2930 4535 3165 4602 Κύριον,
3181 4533 3262 4600 ὡς
3287 4531 3440 4600 ὕδωρ
3457 4531 3612 4585 πολὺ
3639 4545 3820 4585 κατα.

2263 4629 2530 4695 καλύψαι
2568 4622 2901 4688 θαλάσσας.
2946 4620 3056 4673 Kal
3098 4621 3126 4672 0
3172 4617 3330 4672 Δαυῒδ
3373 4617 3534 4672 πάλιν
3580 4616 3763 4686 ελεγεν
3796 4631 3815 4649 ο

2277 4714 2472 4781 Ἀνέϐη
2529 4715 2562 4767 δ
2614 4710 2755 4776 Θεὸς
2798 4710 2866 4762 ἐν
2901 4703 3244 4778 ἀλαλαγμῷ,
3285 4707 3493 4774 Κύριος
3527 4705 3598 4758 ἐν
3644 4701 3819 4774 φωνῇ

2263 4802 2592 4868 σάλπιγγος
2609 4817 2623 4830 ο
2659 4797 2752 4850 καί
2775 4796 2935 4849 πάλιν
2956 4810 2970 4826 ·
3001 4789 3186 4849 Εἶπεν
3217 4794 3250 4846 d
3290 4793 3498 4859 Κύριος
3521 4790 3599 4857 τῷ
3623 4791 3821 4859 Κυρίῳ

2259 4906 2375 4959 μου
2395 4907 2407 4919 ·
2425 4887 2620 4943 Κάθου
2648 4886 2714 4938 ἐκ
2741 4881 2951 4947 δεξιῶν
2963 4899 3100 4950 μου,
3117 4880 3226 4946 ἕως
3240 4882 3394 4937 arma
3411 4878 3550 4944 τοὺς
3567 4878 3822 4948 ἐχθρούς

2263 4993 2379 5031 σου
2416 4973 2743 5030 ὑποπόδιον
2766 4969 2884 5023 τῶν
2904 4967 3102 5022 ποδῶν
3132 4983 3268 5024 σου.

2331 5109 2402 5178 Υ.
2454 5104 2606 5160 Ἐπεὶ
2635 5097 2727 5156 οὖν
2759 5097 3004 5170 καὶπερὶ
3029 5096 3123 5150 τοῦ
3153 5095 3375 5160 πάθους.
3410 5094 3504 5148 καὶ
3548 5092 3679 5159 περὶ
3717 5091 3822 5160 τῆς

2263 5196 2626 5257 ἀναστάσεως,
2666 5191 2758 5244 καὶ
2793 5187 2922 5260 περὶ
2960 5186 3057 5257 τῆς
3081 5183 3413 5255 ἀναλήψεως,
3442 5181 3535 5235 καὶ
3567 5179 3697 5250 περί
3721 5180 3825 5250 τῆς

2262 5288 2328 5339 ἐκ
2371 5281 2556 5348 δεξιῶν
2597 5278 2883 5349 καθέδρας,
2920 5273 3015 5328 καὶ
3054 5273 3182 5342 περὶ
3228 5271 3325 5341 τῆς
3367 5267 3618 5338 δευτέρας
3654 5263 3825 5320 αὐτοῦ

2262 5371 2576 5444 παρουσίας,
2599 5367 2690 5420 καὶ
2718 5363 2844 5433 περί
2874 5360 3087 5414 πάντων
3106 5357 3304 5412 τούτων
3332 5353 3513 5417 άπλῶς
3529 5351 3638 5406 τῶν
3664 5353 3722 5405 ἑν
3752 5353 3826 5422 τῇ

2323 5534 2350 5562 ⁸
2379 5532 2474 5582 Alii
2499 5531 2656 5589 ὥσπερ
2689 5523 2766 5589 εἷς
2804 5538 2942 5589 τινας.
2969 5519 3120 5589 sui}.
3167 5513 3367 5589 ὡσπερεί
3395 5514 3834 5589 τιναςλεεεηςιυω

2259 5573 2665 5657 ρουὶῖὲεὶῖῥὼίὶι
2689 5573 2844 5657 ιοέυφ
2880 5573 3834 5657 “cf'9‘!F;9S®.9?£“‘.lﬁ-"fffﬁ‘if.‘:

2257 5634 2494 5709 5555305.;
2517 5634 3031 5709 ’ἐμπεφραγμέναςμυι
3065 5639 3182 5704 quid
3217 5635 3394 5692 simile.
3419 5634 3523 5698 Ego
3567 5634 3685 5685 vero
3709 5639 3845 5693 pulo.

2256 5708 2416 5766 locum
2447 5711 2576 5761 bene
2594 5708 2797 5758 habere.
3719 5747 3722 5750 .
