  <div class='ocr_page' id='page_1' title='image "/cluster/home/n/w/nwhite01/storage/ocr_20150623/56/nnc1.0114695758/182.png"; bbox 0 0 4064 6214; ppageno 0'>
   <div class='ocr_carea' id='block_1_1' title="bbox 320 322 437 381">
    <p class='ocr_par' dir='ltr' id='par_1_1' title="bbox 320 322 437 381">
     <span class='ocr_line' id='line_1_1' title="bbox 320 322 437 381; baseline 0.043 -5"><span class='ocrx_word' id='word_1_1' title='bbox 320 322 437 381; x_wconf 89' lang='grc'><strong>177</strong></span> 
     </span>
    </p>
   </div>
   <div class='ocr_carea' id='block_1_2' title="bbox 324 422 1884 497">
    <p class='ocr_par' dir='ltr' id='par_1_2' title="bbox 324 422 1884 497">
     <span class='ocr_line' id='line_1_2' title="bbox 324 422 1884 497; baseline 0.004 -22"><span class='ocrx_word' id='word_1_2' title='bbox 324 422 473 487; x_wconf 86' lang='lat' dir='ltr'><strong>dam,</strong></span> <span class='ocrx_word' id='word_1_3' title='bbox 506 423 558 479; x_wconf 90' lang='lat' dir='ltr'><strong>in</strong></span> <span class='ocrx_word' id='word_1_4' title='bbox 588 424 766 481; x_wconf 75' lang='lat' dir='ltr'><strong>Veteri</strong></span> <span class='ocrx_word' id='word_1_5' title='bbox 791 425 1129 482; x_wconf 88' lang='lat' dir='ltr'><strong>Testamento</strong></span> <span class='ocrx_word' id='word_1_6' title='bbox 1157 427 1385 495; x_wconf 85' lang='lat' dir='ltr'><strong>reposita</strong></span> <span class='ocrx_word' id='word_1_7' title='bbox 1420 430 1612 497; x_wconf 90' lang='lat' dir='ltr'><strong>erant).</strong></span> <span class='ocrx_word' id='word_1_8' title='bbox 1649 429 1884 484; x_wconf 80' lang='lat' dir='ltr'><strong>velamen</strong></span> 
     </span>
    </p>
   </div>
   <div class='ocr_carea' id='block_1_3' title="bbox 1277 315 2558 378">
    <p class='ocr_par' dir='ltr' id='par_1_3' title="bbox 1277 315 2558 378">
     <span class='ocr_line' id='line_1_3' title="bbox 1277 315 2558 378; baseline 0.006 -7"><span class='ocrx_word' id='word_1_9' title='bbox 1277 315 1366 372; x_wconf 82' lang='lat' dir='ltr'><strong>DE</strong></span> <span class='ocrx_word' id='word_1_10' title='bbox 1404 315 1927 373; x_wconf 77' lang='lat' dir='ltr'><strong>PROPHETIARUM</strong></span> <span class='ocrx_word' id='word_1_11' title='bbox 1968 317 2450 378; x_wconf 77' lang='lat' dir='ltr'><strong>OBSCURITATE.</strong></span> <span class='ocrx_word' id='word_1_12' title='bbox 2494 323 2558 378; x_wconf 83' lang='lat' dir='ltr'><strong>ll.</strong></span> 
     </span>
    </p>
   </div>
   <div class='ocr_carea' id='block_1_4' title="bbox 3459 354 3570 407">
    <p class='ocr_par' dir='ltr' id='par_1_4' title="bbox 3459 354 3570 407">
     <span class='ocr_line' id='line_1_4' title="bbox 3459 354 3570 407; baseline 0.027 -3"><span class='ocrx_word' id='word_1_13' title='bbox 3459 354 3570 407; x_wconf 87' lang='grc'><strong>178</strong></span> 
     </span>
    </p>
   </div>
   <div class='ocr_carea' id='block_1_5' title="bbox 1995 431 3552 504">
    <p class='ocr_par' dir='ltr' id='par_1_5' title="bbox 1995 431 3552 504">
     <span class='ocr_line' id='line_1_5' title="bbox 1995 431 3552 504; baseline 0.014 -22"><span class='ocrx_word' id='word_1_14' title='bbox 1995 444 2151 487; x_wconf 91' lang='lat' dir='ltr'><strong>mone</strong></span> <span class='ocrx_word' id='word_1_15' title='bbox 2176 431 2670 491; x_wconf 70' lang='lat' dir='ltr'><strong>demonstravimus.</strong></span> <span class='ocrx_word' id='word_1_16' title='bbox 2714 437 2789 492; x_wconf 84' lang='lat' dir='ltr'><strong>Ne</strong></span> <span class='ocrx_word' id='word_1_17' title='bbox 2816 454 2943 494; x_wconf 85' lang='lat' dir='ltr'><strong>vero</strong></span> <span class='ocrx_word' id='word_1_18' title='bbox 2971 440 3232 498; x_wconf 82' lang='lat' dir='ltr'><strong>fastidium</strong></span> <span class='ocrx_word' id='word_1_19' title='bbox 3257 445 3407 500; x_wconf 86' lang='lat' dir='ltr'><strong>vobis</strong></span> <span class='ocrx_word' id='word_1_20' title='bbox 3433 463 3552 504; x_wconf 77' lang='lat' dir='ltr'><strong>rur-</strong></span> 
     </span>
    </p>
   </div>
   <div class='ocr_carea' id='block_1_6' title="bbox 326 512 3547 602">
    <p class='ocr_par' dir='ltr' id='par_1_6' title="bbox 326 512 3547 602">
     <span class='ocr_line' id='line_1_6' title="bbox 326 512 3547 602; baseline 0.008 -37"><span class='ocrx_word' id='word_1_21' title='bbox 326 512 576 577; x_wconf 80' lang='lat' dir='ltr'><strong>habebat,</strong></span> <span class='ocrx_word' id='word_1_22' title='bbox 602 517 726 571; x_wconf 91' lang='lat' dir='ltr'><strong>dum</strong></span> <span class='ocrx_word' id='word_1_23' title='bbox 758 518 860 572; x_wconf 89' lang='lat' dir='ltr'><strong>illis</strong></span> <span class='ocrx_word' id='word_1_24' title='bbox 884 519 1094 589; x_wconf 86' lang='lat' dir='ltr'><strong>quidem</strong></span> <span class='ocrx_word' id='word_1_25' title='bbox 1119 535 1176 574; x_wconf 89' lang='lat' dir='ltr'><strong>se</strong></span> <span class='ocrx_word' id='word_1_26' title='bbox 1202 520 1604 589; x_wconf 88' lang='lat' dir='ltr'><strong>attemperabat,</strong></span> <span class='ocrx_word' id='word_1_27' title='bbox 1630 521 1779 575; x_wconf 87' lang='lat' dir='ltr'><strong>nobis</strong></span> <span class='ocrx_word' id='word_1_28' title='bbox 1798 536 1891 574; x_wconf 88' lang='lat' dir='ltr'><strong>au-</strong></span> <span class='ocrx_word' id='word_1_29' title='bbox 1992 534 2081 574; x_wconf 86' lang='lat' dir='ltr'><strong>sus</strong></span> <span class='ocrx_word' id='word_1_30' title='bbox 2111 523 2391 588; x_wconf 85' lang='lat' dir='ltr'><strong>pariamus,</strong></span> <span class='ocrx_word' id='word_1_31' title='bbox 2413 526 2460 577; x_wconf 90' lang='lat' dir='ltr'><strong>si</strong></span> <span class='ocrx_word' id='word_1_32' title='bbox 2489 525 2672 579; x_wconf 83' lang='lat' dir='ltr'><strong>eadem</strong></span> <span class='ocrx_word' id='word_1_33' title='bbox 2702 527 2959 593; x_wconf 82' lang='lat' dir='ltr'><strong>dicamus,</strong></span> <span class='ocrx_word' id='word_1_34' title='bbox 2989 545 3164 600; x_wconf 76' lang='lat' dir='ltr'><strong>opera:</strong></span> <span class='ocrx_word' id='word_1_35' title='bbox 3194 545 3416 602; x_wconf 80' lang='lat' dir='ltr'><strong>pretium</strong></span> <span class='ocrx_word' id='word_1_36' title='bbox 3441 536 3547 593; x_wconf 70' lang='lat' dir='ltr'><strong>fuco</strong></span> 
     </span>
    </p>
   </div>
   <div class='ocr_carea' id='block_1_7' title="bbox 324 605 1863 677">
    <p class='ocr_par' dir='ltr' id='par_1_7' title="bbox 324 605 1863 677">
     <span class='ocr_line' id='line_1_7' title="bbox 324 605 1863 677; baseline 0.007 -21"><span class='ocrx_word' id='word_1_37' title='bbox 324 612 435 658; x_wconf 88' lang='lat' dir='ltr'><strong>tem</strong></span> <span class='ocrx_word' id='word_1_38' title='bbox 461 605 667 662; x_wconf 72' lang='lat' dir='ltr'><strong>divitias</strong></span> <span class='ocrx_word' id='word_1_39' title='bbox 694 623 878 665; x_wconf 90' lang='lat' dir='ltr'><strong>omnes</strong></span> <span class='ocrx_word' id='word_1_40' title='bbox 906 612 1226 677; x_wconf 87' lang='lat' dir='ltr'><strong>reservabat,</strong></span> <span class='ocrx_word' id='word_1_41' title='bbox 1251 621 1303 666; x_wconf 89' lang='lat' dir='ltr'><strong>ut</strong></span> <span class='ocrx_word' id='word_1_42' title='bbox 1330 627 1448 666; x_wconf 91' lang='lat' dir='ltr'><strong>cum</strong></span> <span class='ocrx_word' id='word_1_43' title='bbox 1475 610 1714 667; x_wconf 86' lang='lat' dir='ltr'><strong>Christus</strong></span> <span class='ocrx_word' id='word_1_44' title='bbox 1733 613 1863 667; x_wconf 88' lang='lat' dir='ltr'><strong>adve</strong></span> 
     </span>
    </p>
   </div>
   <div class='ocr_carea' id='block_1_8' title="bbox 321 696 1888 766">
    <p class='ocr_par' dir='ltr' id='par_1_8' title="bbox 321 696 1888 766">
     <span class='ocr_line' id='line_1_8' title="bbox 321 696 1888 766; baseline 0.006 -21"><span class='ocrx_word' id='word_1_45' title='bbox 321 696 482 758; x_wconf 86' lang='lat' dir='ltr'><strong>nerit,</strong></span> <span class='ocrx_word' id='word_1_46' title='bbox 512 706 565 749; x_wconf 89' lang='lat' dir='ltr'><strong>et</strong></span> <span class='ocrx_word' id='word_1_47' title='bbox 585 696 648 749; x_wconf 88' lang='lat' dir='ltr'><strong>ad</strong></span> <span class='ocrx_word' id='word_1_48' title='bbox 674 699 844 766; x_wconf 88' lang='lat' dir='ltr'><strong>ipsum</strong></span> <span class='ocrx_word' id='word_1_49' title='bbox 866 714 963 753; x_wconf 93' lang='lat' dir='ltr'><strong>nos</strong></span> <span class='ocrx_word' id='word_1_50' title='bbox 991 701 1426 765; x_wconf 88' lang='lat' dir='ltr'><strong>converterimus,</strong></span> <span class='ocrx_word' id='word_1_51' title='bbox 1457 702 1695 757; x_wconf 85' lang='lat' dir='ltr'><strong>velamen</strong></span> <span class='ocrx_word' id='word_1_52' title='bbox 1740 702 1888 756; x_wconf 79' lang='lat' dir='ltr'><strong>tolla-</strong></span> 
     </span>
    </p>
   </div>
   <div class='ocr_carea' id='block_1_9' title="bbox 324 785 1883 860">
    <p class='ocr_par' dir='ltr' id='par_1_9' title="bbox 324 785 1883 860">
     <span class='ocr_line' id='line_1_9' title="bbox 324 785 1883 860; baseline 0.008 -24"><span class='ocrx_word' id='word_1_53' title='bbox 324 796 430 837; x_wconf 89' lang='lat' dir='ltr'><strong>tur.</strong></span> <span class='ocrx_word' id='word_1_54' title='bbox 463 785 665 842; x_wconf 83' lang='lat' dir='ltr'><strong>Videtis</strong></span> <span class='ocrx_word' id='word_1_55' title='bbox 711 804 838 859; x_wconf 91' lang='lat' dir='ltr'><strong>ergo</strong></span> <span class='ocrx_word' id='word_1_56' title='bbox 885 790 936 844; x_wconf 93' lang='lat' dir='ltr'><strong>in</strong></span> <span class='ocrx_word' id='word_1_57' title='bbox 979 803 1227 860; x_wconf 88' lang='lat' dir='ltr'><strong>quantam</strong></span> <span class='ocrx_word' id='word_1_58' title='bbox 1270 807 1368 847; x_wconf 90' lang='lat' dir='ltr'><strong>nos</strong></span> <span class='ocrx_word' id='word_1_59' title='bbox 1408 793 1662 847; x_wconf 85' lang='lat' dir='ltr'><strong>adventus</strong></span> <span class='ocrx_word' id='word_1_60' title='bbox 1691 791 1883 848; x_wconf 80' lang='lat' dir='ltr'><strong>Christi</strong></span> 
     </span>
    </p>
   </div>
   <div class='ocr_carea' id='block_1_10' title="bbox 320 879 1882 955">
    <p class='ocr_par' dir='ltr' id='par_1_10' title="bbox 320 879 1882 955">
     <span class='ocr_line' id='line_1_10' title="bbox 320 879 1882 955; baseline 0.007 -27"><span class='ocrx_word' id='word_1_61' title='bbox 320 879 623 944; x_wconf 78' lang='lat' dir='ltr'><strong>provexerit</strong></span> <span class='ocrx_word' id='word_1_62' title='bbox 668 880 992 949; x_wconf 86' lang='lat' dir='ltr'><strong>dignitatem,</strong></span> <span class='ocrx_word' id='word_1_63' title='bbox 1044 884 1131 952; x_wconf 89' lang='lat' dir='ltr'><strong>qui</strong></span> <span class='ocrx_word' id='word_1_64' title='bbox 1175 883 1367 955; x_wconf 80' lang='lat' dir='ltr'><strong>Moysis</strong></span> <span class='ocrx_word' id='word_1_65' title='bbox 1409 885 1461 939; x_wconf 90' lang='lat' dir='ltr'><strong>in</strong></span> <span class='ocrx_word' id='word_1_66' title='bbox 1508 885 1745 939; x_wconf 88' lang='lat' dir='ltr'><strong>ordinem</strong></span> <span class='ocrx_word' id='word_1_67' title='bbox 1789 901 1882 939; x_wconf 92' lang='lat' dir='ltr'><strong>nos</strong></span> 
     </span>
    </p>
   </div>
   <div class='ocr_carea' id='block_1_11' title="bbox 320 968 1878 1043">
    <p class='ocr_par' dir='ltr' id='par_1_11' title="bbox 320 968 1878 1043">
     <span class='ocr_line' id='line_1_11' title="bbox 320 968 1878 1043; baseline 0.006 -24"><span class='ocrx_word' id='word_1_68' title='bbox 320 968 581 1021; x_wconf 81' lang='lat' dir='ltr'><strong>cvexerit.</strong></span> <span class='ocrx_word' id='word_1_69' title='bbox 628 969 694 1022; x_wconf 82' lang='lat' dir='ltr'><strong>At</strong></span> <span class='ocrx_word' id='word_1_70' title='bbox 738 969 960 1025; x_wconf 81' lang='lat' dir='ltr'><strong>fortasse</strong></span> <span class='ocrx_word' id='word_1_71' title='bbox 1003 971 1143 1028; x_wconf 82' lang='lat' dir='ltr'><strong>dicet</strong></span> <span class='ocrx_word' id='word_1_72' title='bbox 1187 974 1374 1042; x_wconf 86' lang='lat' dir='ltr'><strong>aliquis</strong></span> <span class='ocrx_word' id='word_1_73' title='bbox 1408 992 1421 1028; x_wconf 92' lang='lat'><strong>:</strong></span> <span class='ocrx_word' id='word_1_74' title='bbox 1456 972 1561 1028; x_wconf 84' lang='lat' dir='ltr'><strong>Cur</strong></span> <span class='ocrx_word' id='word_1_75' title='bbox 1588 973 1745 1043; x_wconf 78' lang='lat' dir='ltr'><strong>igitur</strong></span> <span class='ocrx_word' id='word_1_76' title='bbox 1773 986 1878 1028; x_wconf 93' lang='lat' dir='ltr'><strong>tum</strong></span> 
     </span>
    </p>
   </div>
   <div class='ocr_carea' id='block_1_12' title="bbox 320 1056 1883 1126">
    <p class='ocr_par' dir='ltr' id='par_1_12' title="bbox 320 1056 1883 1126">
     <span class='ocr_line' id='line_1_12' title="bbox 320 1056 1883 1126; baseline 0.006 -20"><span class='ocrx_word' id='word_1_77' title='bbox 320 1056 575 1124; x_wconf 84' lang='lat' dir='ltr'><strong>temporis</strong></span> <span class='ocrx_word' id='word_1_78' title='bbox 599 1056 907 1112; x_wconf 88' lang='lat' dir='ltr'><strong>dicebantur</strong></span> <span class='ocrx_word' id='word_1_79' title='bbox 933 1059 1042 1126; x_wconf 91' lang='lat' dir='ltr'><strong>illa,</strong></span> <span class='ocrx_word' id='word_1_80' title='bbox 1086 1060 1129 1114; x_wconf 89' lang='lat' dir='ltr'><strong>si</strong></span> <span class='ocrx_word' id='word_1_81' title='bbox 1175 1061 1449 1115; x_wconf 86' lang='lat' dir='ltr'><strong>manifesta</strong></span> <span class='ocrx_word' id='word_1_82' title='bbox 1494 1077 1595 1116; x_wconf 91' lang='lat' dir='ltr'><strong>non</strong></span> <span class='ocrx_word' id='word_1_83' title='bbox 1626 1073 1773 1116; x_wconf 77' lang='lat' dir='ltr'><strong>erant</strong></span> <span class='ocrx_word' id='word_1_84' title='bbox 1804 1062 1883 1116; x_wconf 89' lang='lat' dir='ltr'><strong>fu-</strong></span> 
     </span>
    </p>
   </div>
   <div class='ocr_carea' id='block_1_13' title="bbox 319 1146 1880 1220">
    <p class='ocr_par' dir='ltr' id='par_1_13' title="bbox 319 1146 1880 1220">
     <span class='ocr_line' id='line_1_13' title="bbox 319 1146 1880 1220; baseline 0.01 -25"><span class='ocrx_word' id='word_1_85' title='bbox 319 1156 432 1197; x_wconf 88' lang='lat' dir='ltr'><strong>tura</strong></span> <span class='ocrx_word' id='word_1_86' title='bbox 460 1161 579 1214; x_wconf 72' lang='lat' dir='ltr'><strong>qua:</strong></span> <span class='ocrx_word' id='word_1_87' title='bbox 616 1146 959 1203; x_wconf 81' lang='lat' dir='ltr'><strong>dicebantur?</strong></span> <span class='ocrx_word' id='word_1_88' title='bbox 986 1149 1051 1206; x_wconf 90' lang='lat' dir='ltr'><strong>Ut</strong></span> <span class='ocrx_word' id='word_1_89' title='bbox 1076 1152 1301 1220; x_wconf 86' lang='lat' dir='ltr'><strong>posteris</strong></span> <span class='ocrx_word' id='word_1_90' title='bbox 1337 1153 1580 1207; x_wconf 89' lang='lat' dir='ltr'><strong>nimirum</strong></span> <span class='ocrx_word' id='word_1_91' title='bbox 1613 1155 1755 1208; x_wconf 86' lang='lat' dir='ltr'><strong>utilia</strong></span> <span class='ocrx_word' id='word_1_92' title='bbox 1789 1157 1880 1210; x_wconf 84' lang='lat' dir='ltr'><strong>fie-</strong></span> 
     </span>
    </p>
   </div>
   <div class='ocr_carea' id='block_1_14' title="bbox 317 1236 1877 1311">
    <p class='ocr_par' dir='ltr' id='par_1_14' title="bbox 317 1236 1877 1311">
     <span class='ocr_line' id='line_1_14' title="bbox 317 1236 1877 1311; baseline 0.008 -25"><span class='ocrx_word' id='word_1_93' title='bbox 317 1246 453 1288; x_wconf 82' lang='lat' dir='ltr'><strong>rent.</strong></span> <span class='ocrx_word' id='word_1_94' title='bbox 488 1236 609 1291; x_wconf 63' lang='lat' dir='ltr'><strong>&quot;(Et</strong></span> <span class='ocrx_word' id='word_1_95' title='bbox 647 1239 788 1292; x_wconf 91' lang='lat' dir='ltr'><strong>enim</strong></span> <span class='ocrx_word' id='word_1_96' title='bbox 818 1249 902 1296; x_wconf 89' lang='lat' dir='ltr'><strong>est</strong></span> <span class='ocrx_word' id='word_1_97' title='bbox 944 1240 1167 1309; x_wconf 80' lang='lat' dir='ltr'><strong>dignitas</strong></span> <span class='ocrx_word' id='word_1_98' title='bbox 1193 1243 1503 1311; x_wconf 69' lang='lat' dir='ltr'><strong>prophetiae,</strong></span> <span class='ocrx_word' id='word_1_99' title='bbox 1546 1259 1649 1297; x_wconf 90' lang='lat' dir='ltr'><strong>non</strong></span> <span class='ocrx_word' id='word_1_100' title='bbox 1692 1254 1748 1298; x_wconf 95' lang='lat' dir='ltr'><strong>ut</strong></span> <span class='ocrx_word' id='word_1_101' title='bbox 1793 1260 1877 1299; x_wconf 80' lang='lat' dir='ltr'><strong>res</strong></span> 
     </span>
    </p>
   </div>
   <div class='ocr_carea' id='block_1_15' title="bbox 314 1327 1879 1401">
    <p class='ocr_par' dir='ltr' id='par_1_15' title="bbox 314 1327 1879 1401">
     <span class='ocr_line' id='line_1_15' title="bbox 314 1327 1879 1401; baseline 0.007 -23"><span class='ocrx_word' id='word_1_102' title='bbox 314 1336 605 1391; x_wconf 65' lang='lat' dir='ltr'><strong>praesentes</strong></span> <span class='ocrx_word' id='word_1_103' title='bbox 628 1327 923 1393; x_wconf 86' lang='lat' dir='ltr'><strong>denuntiet,</strong></span> <span class='ocrx_word' id='word_1_104' title='bbox 954 1329 1048 1385; x_wconf 86' lang='lat' dir='ltr'><strong>sed</strong></span> <span class='ocrx_word' id='word_1_105' title='bbox 1076 1340 1132 1385; x_wconf 90' lang='lat' dir='ltr'><strong>ut</strong></span> <span class='ocrx_word' id='word_1_106' title='bbox 1158 1330 1356 1385; x_wconf 88' lang='lat' dir='ltr'><strong>futuras</strong></span> <span class='ocrx_word' id='word_1_107' title='bbox 1386 1334 1719 1401; x_wconf 74' lang='lat' dir='ltr'><strong>prmnuntiet.</strong></span> <span class='ocrx_word' id='word_1_108' title='bbox 1754 1334 1879 1389; x_wconf 91' lang='lat' dir='ltr'><strong>Pro-</strong></span> 
     </span>
    </p>
   </div>
   <div class='ocr_carea' id='block_1_16' title="bbox 312 1416 1874 1492">
    <p class='ocr_par' dir='ltr' id='par_1_16' title="bbox 312 1416 1874 1492">
     <span class='ocr_line' id='line_1_16' title="bbox 312 1416 1874 1492; baseline 0.006 -24"><span class='ocrx_word' id='word_1_109' title='bbox 312 1416 495 1483; x_wconf 90' lang='lat' dir='ltr'><strong>phetia</strong></span> <span class='ocrx_word' id='word_1_110' title='bbox 524 1432 681 1486; x_wconf 91' lang='lat' dir='ltr'><strong>porro</strong></span> <span class='ocrx_word' id='word_1_111' title='bbox 708 1434 828 1473; x_wconf 91' lang='lat' dir='ltr'><strong>cum</strong></span> <span class='ocrx_word' id='word_1_112' title='bbox 856 1420 1062 1476; x_wconf 87' lang='lat' dir='ltr'><strong>occulte</strong></span> <span class='ocrx_word' id='word_1_113' title='bbox 1086 1421 1285 1490; x_wconf 89' lang='lat' dir='ltr'><strong>prolata</strong></span> <span class='ocrx_word' id='word_1_114' title='bbox 1336 1421 1512 1488; x_wconf 88' lang='lat' dir='ltr'><strong>fuerit,</strong></span> <span class='ocrx_word' id='word_1_115' title='bbox 1544 1432 1662 1492; x_wconf 90' lang='lat' dir='ltr'><strong>post</strong></span> <span class='ocrx_word' id='word_1_116' title='bbox 1699 1438 1874 1478; x_wconf 91' lang='lat' dir='ltr'><strong>rerum</strong></span> 
     </span>
    </p>
   </div>
   <div class='ocr_carea' id='block_1_17' title="bbox 311 1508 1869 1575">
    <p class='ocr_par' dir='ltr' id='par_1_17' title="bbox 311 1508 1869 1575">
     <span class='ocr_line' id='line_1_17' title="bbox 311 1508 1869 1575; baseline 0.004 -14"><span class='ocrx_word' id='word_1_117' title='bbox 311 1517 561 1563; x_wconf 86' lang='lat' dir='ltr'><strong>eventum</strong></span> <span class='ocrx_word' id='word_1_118' title='bbox 592 1508 649 1564; x_wconf 87' lang='lat' dir='ltr'><strong>lit</strong></span> <span class='ocrx_word' id='word_1_119' title='bbox 675 1509 1022 1575; x_wconf 81' lang='lat' dir='ltr'><strong>manifestior,</strong></span> <span class='ocrx_word' id='word_1_120' title='bbox 1060 1520 1183 1566; x_wconf 84' lang='lat' dir='ltr'><strong>ante</strong></span> <span class='ocrx_word' id='word_1_121' title='bbox 1211 1522 1459 1567; x_wconf 87' lang='lat' dir='ltr'><strong>eventum</strong></span> <span class='ocrx_word' id='word_1_122' title='bbox 1485 1529 1610 1568; x_wconf 90' lang='lat' dir='ltr'><strong>vero</strong></span> <span class='ocrx_word' id='word_1_123' title='bbox 1635 1514 1869 1569; x_wconf 91' lang='lat' dir='ltr'><strong>minime.</strong></span> 
     </span>
    </p>
   </div>
   <div class='ocr_carea' id='block_1_18' title="bbox 311 1595 1871 1674">
    <p class='ocr_par' dir='ltr' id='par_1_18' title="bbox 311 1595 1871 1674">
     <span class='ocr_line' id='line_1_18' title="bbox 311 1595 1871 1674; baseline 0.006 -24"><span class='ocrx_word' id='word_1_124' title='bbox 311 1595 498 1667; x_wconf 80' lang='lat' dir='ltr'><strong>itaque</strong></span> <span class='ocrx_word' id='word_1_125' title='bbox 536 1602 657 1668; x_wconf 86' lang='lat' dir='ltr'><strong>quia</strong></span> <span class='ocrx_word' id='word_1_126' title='bbox 702 1610 814 1655; x_wconf 91' lang='lat' dir='ltr'><strong>tum</strong></span> <span class='ocrx_word' id='word_1_127' title='bbox 851 1601 1078 1658; x_wconf 89' lang='lat' dir='ltr'><strong>obscure</strong></span> <span class='ocrx_word' id='word_1_128' title='bbox 1116 1603 1442 1669; x_wconf 86' lang='lat' dir='ltr'><strong>dicebantur,</strong></span> <span class='ocrx_word' id='word_1_129' title='bbox 1472 1606 1659 1674; x_wconf 77' lang='lat' dir='ltr'><strong>ignota:</strong></span> <span class='ocrx_word' id='word_1_130' title='bbox 1684 1616 1871 1659; x_wconf 92' lang='lat' dir='ltr'><strong>erant:</strong></span> 
     </span>
    </p>
   </div>
   <div class='ocr_carea' id='block_1_19' title="bbox 307 1694 1870 1763">
    <p class='ocr_par' dir='ltr' id='par_1_19' title="bbox 307 1694 1870 1763">
     <span class='ocr_line' id='line_1_19' title="bbox 307 1694 1870 1763; baseline 0.004 -21"><span class='ocrx_word' id='word_1_131' title='bbox 307 1703 433 1743; x_wconf 90' lang='lat' dir='ltr'><strong>cum</strong></span> <span class='ocrx_word' id='word_1_132' title='bbox 449 1701 623 1746; x_wconf 90' lang='lat' dir='ltr'><strong>autem</strong></span> <span class='ocrx_word' id='word_1_133' title='bbox 640 1706 725 1748; x_wconf 90' lang='lat' dir='ltr'><strong>res</strong></span> <span class='ocrx_word' id='word_1_134' title='bbox 739 1694 1087 1763; x_wconf 72' lang='lat' dir='ltr'><strong>contigerant,</strong></span> <span class='ocrx_word' id='word_1_135' title='bbox 1106 1703 1379 1763; x_wconf 87' lang='lat' dir='ltr'><strong>propterea</strong></span> <span class='ocrx_word' id='word_1_136' title='bbox 1397 1695 1669 1750; x_wconf 89' lang='lat' dir='ltr'><strong>manifesta</strong></span> <span class='ocrx_word' id='word_1_137' title='bbox 1698 1706 1870 1761; x_wconf 89' lang='lat' dir='ltr'><strong>erant,</strong></span> 
     </span>
    </p>
   </div>
   <div class='ocr_carea' id='block_1_20' title="bbox 308 1780 1868 1855">
    <p class='ocr_par' dir='ltr' id='par_1_20' title="bbox 308 1780 1868 1855">
     <span class='ocr_line' id='line_1_20' title="bbox 308 1780 1868 1855; baseline 0.005 -24"><span class='ocrx_word' id='word_1_138' title='bbox 308 1795 431 1848; x_wconf 77' lang='lat' dir='ltr'><strong>quae</strong></span> <span class='ocrx_word' id='word_1_139' title='bbox 470 1780 608 1835; x_wconf 89' lang='lat' dir='ltr'><strong>dicta</strong></span> <span class='ocrx_word' id='word_1_140' title='bbox 633 1780 864 1837; x_wconf 79' lang='lat' dir='ltr'><strong>fuerant.</strong></span> <span class='ocrx_word' id='word_1_141' title='bbox 905 1785 1076 1853; x_wconf 80' lang='lat' dir='ltr'><strong>Atque</strong></span> <span class='ocrx_word' id='word_1_142' title='bbox 1105 1792 1163 1837; x_wconf 90' lang='lat' dir='ltr'><strong>ut</strong></span> <span class='ocrx_word' id='word_1_143' title='bbox 1187 1784 1519 1854; x_wconf 84' lang='lat' dir='ltr'><strong>prophetiam</strong></span> <span class='ocrx_word' id='word_1_144' title='bbox 1546 1785 1868 1855; x_wconf 89' lang='lat' dir='ltr'><strong>intelligatis,</strong></span> 
     </span>
    </p>
   </div>
   <div class='ocr_carea' id='block_1_21' title="bbox 306 1870 1871 1944">
    <p class='ocr_par' dir='ltr' id='par_1_21' title="bbox 306 1870 1871 1944">
     <span class='ocr_line' id='line_1_21' title="bbox 306 1870 1871 1944; baseline 0.006 -21"><span class='ocrx_word' id='word_1_145' title='bbox 306 1870 434 1925; x_wconf 88' lang='lat' dir='ltr'><strong>licet</strong></span> <span class='ocrx_word' id='word_1_146' title='bbox 463 1873 627 1927; x_wconf 87' lang='lat' dir='ltr'><strong>multo</strong></span> <span class='ocrx_word' id='word_1_147' title='bbox 654 1883 776 1930; x_wconf 87' lang='lat' dir='ltr'><strong>ante</strong></span> <span class='ocrx_word' id='word_1_148' title='bbox 804 1884 1038 1944; x_wconf 87' lang='lat' dir='ltr'><strong>tempore</strong></span> <span class='ocrx_word' id='word_1_149' title='bbox 1062 1875 1201 1931; x_wconf 88' lang='lat' dir='ltr'><strong>dicta</strong></span> <span class='ocrx_word' id='word_1_150' title='bbox 1228 1876 1315 1943; x_wconf 91' lang='lat' dir='ltr'><strong>sit,</strong></span> <span class='ocrx_word' id='word_1_151' title='bbox 1343 1876 1436 1932; x_wconf 89' lang='lat' dir='ltr'><strong>sed</strong></span> <span class='ocrx_word' id='word_1_152' title='bbox 1466 1886 1637 1932; x_wconf 89' lang='lat' dir='ltr'><strong>tamen</strong></span> <span class='ocrx_word' id='word_1_153' title='bbox 1667 1878 1871 1933; x_wconf 86' lang='lat' dir='ltr'><strong>occulte</strong></span> 
     </span>
    </p>
   </div>
   <div class='ocr_carea' id='block_1_22' title="bbox 305 1960 1865 2036">
    <p class='ocr_par' dir='ltr' id='par_1_22' title="bbox 305 1960 1865 2036">
     <span class='ocr_line' id='line_1_22' title="bbox 305 1960 1865 2036; baseline 0.005 -23"><span class='ocrx_word' id='word_1_154' title='bbox 305 1960 470 2026; x_wconf 87' lang='lat' dir='ltr'><strong>dicta,</strong></span> <span class='ocrx_word' id='word_1_155' title='bbox 499 1963 777 2018; x_wconf 83' lang='lat' dir='ltr'><strong>obscuram</strong></span> <span class='ocrx_word' id='word_1_156' title='bbox 810 1978 948 2029; x_wconf 83' lang='lat' dir='ltr'><strong>esse,</strong></span> <span class='ocrx_word' id='word_1_157' title='bbox 971 1980 1034 2020; x_wconf 93' lang='lat' dir='ltr'><strong>ac</strong></span> <span class='ocrx_word' id='word_1_158' title='bbox 1060 1980 1234 2020; x_wconf 93' lang='lat' dir='ltr'><strong>rerum</strong></span> <span class='ocrx_word' id='word_1_159' title='bbox 1263 1975 1509 2021; x_wconf 90' lang='lat' dir='ltr'><strong>eventum</strong></span> <span class='ocrx_word' id='word_1_160' title='bbox 1539 1976 1865 2036; x_wconf 80' lang='lat' dir='ltr'><strong>exspectare,</strong></span> 
     </span>
    </p>
   </div>
   <div class='ocr_carea' id='block_1_23' title="bbox 302 2051 1871 2126">
    <p class='ocr_par' dir='ltr' id='par_1_23' title="bbox 302 2051 1871 2126">
     <span class='ocr_line' id='line_1_23' title="bbox 302 2051 1871 2126; baseline 0.004 -23"><span class='ocrx_word' id='word_1_161' title='bbox 302 2051 684 2119; x_wconf 90' lang='lat' dir='ltr'><strong>discipulorum</strong></span> <span class='ocrx_word' id='word_1_162' title='bbox 720 2053 955 2124; x_wconf 87' lang='lat' dir='ltr'><strong>ipsorum</strong></span> <span class='ocrx_word' id='word_1_163' title='bbox 992 2055 1043 2109; x_wconf 89' lang='lat' dir='ltr'><strong>id</strong></span> <span class='ocrx_word' id='word_1_164' title='bbox 1074 2056 1317 2126; x_wconf 86' lang='lat' dir='ltr'><strong>exemplo</strong></span> <span class='ocrx_word' id='word_1_165' title='bbox 1341 2057 1717 2126; x_wconf 91' lang='lat' dir='ltr'><strong>comprobabo.</strong></span> <span class='ocrx_word' id='word_1_166' title='bbox 1752 2058 1871 2112; x_wconf 89' lang='lat' dir='ltr'><strong>Sol-</strong></span> 
     </span>
    </p>
   </div>
   <div class='ocr_carea' id='block_1_24' title="bbox 302 2144 1864 2219">
    <p class='ocr_par' dir='ltr' id='par_1_24' title="bbox 302 2144 1864 2219">
     <span class='ocr_line' id='line_1_24' title="bbox 302 2144 1864 2219; baseline 0.005 -24"><span class='ocrx_word' id='word_1_167' title='bbox 302 2144 402 2195; x_wconf 73' lang='lat' dir='ltr'><strong>vite</strong></span> <span class='ocrx_word' id='word_1_168' title='bbox 420 2145 659 2213; x_wconf 78' lang='lat' dir='ltr'><strong>templum</strong></span> <span class='ocrx_word' id='word_1_169' title='bbox 683 2146 776 2199; x_wconf 87' lang='lat' dir='ltr'><strong>hoc</strong></span> <span class='ocrx_word' id='word_1_170' title='bbox 798 2144 973 2210; x_wconf 77' lang='lat' dir='ltr'><strong>(Joan.</strong></span> <span class='ocrx_word' id='word_1_171' title='bbox 994 2147 1180 2219; x_wconf 65' lang='lat'><strong>2.19),</strong></span> <span class='ocrx_word' id='word_1_172' title='bbox 1202 2150 1376 2203; x_wconf 88' lang='lat' dir='ltr'><strong>aiebat</strong></span> <span class='ocrx_word' id='word_1_173' title='bbox 1395 2147 1635 2203; x_wconf 89' lang='lat' dir='ltr'><strong>Christus</strong></span> <span class='ocrx_word' id='word_1_174' title='bbox 1650 2148 1864 2203; x_wconf 71' lang='lat' dir='ltr'><strong>Iudaeis.</strong></span> 
     </span>
    </p>
   </div>
   <div class='ocr_carea' id='block_1_25' title="bbox 302 2230 1867 2309">
    <p class='ocr_par' dir='ltr' id='par_1_25' title="bbox 302 2230 1867 2309">
     <span class='ocr_line' id='line_1_25' title="bbox 302 2230 1867 2309; baseline 0.005 -24"><span class='ocrx_word' id='word_1_175' title='bbox 302 2230 436 2286; x_wconf 82' lang='lat' dir='ltr'><strong>Nam</strong></span> <span class='ocrx_word' id='word_1_176' title='bbox 469 2249 588 2288; x_wconf 88' lang='lat' dir='ltr'><strong>cum</strong></span> <span class='ocrx_word' id='word_1_177' title='bbox 613 2250 707 2291; x_wconf 88' lang='lat' dir='ltr'><strong>eos</strong></span> <span class='ocrx_word' id='word_1_178' title='bbox 736 2236 1001 2306; x_wconf 74' lang='lat' dir='ltr'><strong>eiecisset,</strong></span> <span class='ocrx_word' id='word_1_179' title='bbox 1032 2238 1121 2307; x_wconf 90' lang='lat' dir='ltr'><strong>qui</strong></span> <span class='ocrx_word' id='word_1_180' title='bbox 1159 2240 1515 2308; x_wconf 83' lang='lat' dir='ltr'><strong>negotiatione</strong></span> <span class='ocrx_word' id='word_1_181' title='bbox 1554 2255 1645 2293; x_wconf 84' lang='lat' dir='ltr'><strong>sua</strong></span> <span class='ocrx_word' id='word_1_182' title='bbox 1689 2240 1867 2309; x_wconf 83' lang='lat' dir='ltr'><strong>templi</strong></span> 
     </span>
    </p>
   </div>
   <div class='ocr_carea' id='block_1_26' title="bbox 299 2325 1867 2399">
    <p class='ocr_par' dir='ltr' id='par_1_26' title="bbox 299 2325 1867 2399">
     <span class='ocr_line' id='line_1_26' title="bbox 299 2325 1867 2399; baseline 0.004 -23"><span class='ocrx_word' id='word_1_183' title='bbox 299 2325 637 2379; x_wconf 78' lang='lat' dir='ltr'><strong>sanctitatem</strong></span> <span class='ocrx_word' id='word_1_184' title='bbox 684 2327 964 2393; x_wconf 88' lang='lat' dir='ltr'><strong>violarant,</strong></span> <span class='ocrx_word' id='word_1_185' title='bbox 1013 2328 1263 2383; x_wconf 80' lang='lat' dir='ltr'><strong>dixerunt</strong></span> <span class='ocrx_word' id='word_1_186' title='bbox 1311 2330 1384 2383; x_wconf 94' lang='lat' dir='ltr'><strong>illi</strong></span> <span class='ocrx_word' id='word_1_187' title='bbox 1423 2348 1437 2384; x_wconf 94' lang='lat'><strong>:</strong></span> <span class='ocrx_word' id='word_1_188' title='bbox 1484 2329 1629 2395; x_wconf 82' lang='lat' dir='ltr'><strong>Quod</strong></span> <span class='ocrx_word' id='word_1_189' title='bbox 1670 2330 1867 2399; x_wconf 84' lang='lat' dir='ltr'><strong>signum</strong></span> 
     </span>
    </p>
   </div>
   <div class='ocr_carea' id='block_1_27' title="bbox 298 2415 1864 2487">
    <p class='ocr_par' dir='ltr' id='par_1_27' title="bbox 298 2415 1864 2487">
     <span class='ocr_line' id='line_1_27' title="bbox 298 2415 1864 2487; baseline 0.005 -22"><span class='ocrx_word' id='word_1_190' title='bbox 298 2415 524 2469; x_wconf 83' lang='lat' dir='ltr'><strong>ostendis</strong></span> <span class='ocrx_word' id='word_1_191' title='bbox 562 2416 721 2479; x_wconf 76' lang='lat' dir='ltr'><strong>nobis,</strong></span> <span class='ocrx_word' id='word_1_192' title='bbox 768 2418 886 2485; x_wconf 81' lang='lat' dir='ltr'><strong>quia</strong></span> <span class='ocrx_word' id='word_1_193' title='bbox 927 2419 1033 2472; x_wconf 69' lang='lat' dir='ltr'><strong>hac</strong></span> <span class='ocrx_word' id='word_1_194' title='bbox 1069 2420 1193 2487; x_wconf 84' lang='lat' dir='ltr'><strong>facis</strong></span> <span class='ocrx_word' id='word_1_195' title='bbox 1216 2417 1373 2486; x_wconf 91' lang='lat' dir='ltr'><strong>(Ibid.</strong></span> <span class='ocrx_word' id='word_1_196' title='bbox 1405 2435 1454 2471; x_wconf 80' lang='grc' dir='ltr'><strong>υ.</strong></span> <span class='ocrx_word' id='word_1_197' title='bbox 1487 2419 1614 2486; x_wconf 72' lang='grc' dir='ltr'><strong>18)ἳ</strong></span> <span class='ocrx_word' id='word_1_198' title='bbox 1639 2420 1771 2473; x_wconf 85' lang='lat' dir='ltr'><strong>Tum</strong></span> <span class='ocrx_word' id='word_1_199' title='bbox 1798 2419 1864 2473; x_wconf 85' lang='lat' dir='ltr'><strong>ad</strong></span> 
     </span>
    </p>
   </div>
   <div class='ocr_carea' id='block_1_28' title="bbox 296 2503 1865 2575">
    <p class='ocr_par' dir='ltr' id='par_1_28' title="bbox 296 2503 1865 2575">
     <span class='ocr_line' id='line_1_28' title="bbox 296 2503 1865 2575; baseline 0.004 -18"><span class='ocrx_word' id='word_1_200' title='bbox 296 2503 403 2557; x_wconf 88' lang='lat' dir='ltr'><strong>hoc</strong></span> <span class='ocrx_word' id='word_1_201' title='bbox 432 2503 750 2573; x_wconf 84' lang='lat' dir='ltr'><strong>respondet:</strong></span> <span class='ocrx_word' id='word_1_202' title='bbox 778 2505 970 2561; x_wconf 81' lang='lat' dir='ltr'><strong>Soluite</strong></span> <span class='ocrx_word' id='word_1_203' title='bbox 988 2508 1224 2575; x_wconf 84' lang='lat' dir='ltr'><strong>templum</strong></span> <span class='ocrx_word' id='word_1_204' title='bbox 1249 2508 1361 2573; x_wconf 80' lang='lat' dir='ltr'><strong>hoc,</strong></span> <span class='ocrx_word' id='word_1_205' title='bbox 1384 2518 1429 2562; x_wconf 88' lang='lat' dir='ltr'><strong>et</strong></span> <span class='ocrx_word' id='word_1_206' title='bbox 1452 2509 1505 2561; x_wconf 90' lang='lat' dir='ltr'><strong>in</strong></span> <span class='ocrx_word' id='word_1_207' title='bbox 1522 2509 1675 2562; x_wconf 88' lang='lat' dir='ltr'><strong>tribus</strong></span> <span class='ocrx_word' id='word_1_208' title='bbox 1694 2510 1865 2563; x_wconf 76' lang='lat' dir='ltr'><strong>diebus</strong></span> 
     </span>
    </p>
   </div>
   <div class='ocr_carea' id='block_1_29' title="bbox 295 2595 1862 2669">
    <p class='ocr_par' dir='ltr' id='par_1_29' title="bbox 295 2595 1862 2669">
     <span class='ocr_line' id='line_1_29' title="bbox 295 2595 1862 2669; baseline 0.003 -21"><span class='ocrx_word' id='word_1_209' title='bbox 295 2597 526 2650; x_wconf 67' lang='lat' dir='ltr'><strong>excitabo</strong></span> <span class='ocrx_word' id='word_1_210' title='bbox 552 2595 703 2650; x_wconf 82' lang='lat' dir='ltr'><strong>illud.</strong></span> <span class='ocrx_word' id='word_1_211' title='bbox 731 2597 831 2651; x_wconf 76' lang='lat' dir='ltr'><strong>Ille</strong></span> <span class='ocrx_word' id='word_1_212' title='bbox 854 2607 1019 2651; x_wconf 82' lang='lat' dir='ltr'><strong>autem</strong></span> <span class='ocrx_word' id='word_1_213' title='bbox 1039 2599 1228 2652; x_wconf 78' lang='lat' dir='ltr'><strong>dicebat</strong></span> <span class='ocrx_word' id='word_1_214' title='bbox 1249 2598 1310 2651; x_wconf 85' lang='lat' dir='ltr'><strong>dc</strong></span> <span class='ocrx_word' id='word_1_215' title='bbox 1339 2600 1523 2667; x_wconf 84' lang='lat' dir='ltr'><strong>templo</strong></span> <span class='ocrx_word' id='word_1_216' title='bbox 1543 2601 1767 2669; x_wconf 86' lang='lat' dir='ltr'><strong>corporis</strong></span> <span class='ocrx_word' id='word_1_217' title='bbox 1785 2601 1862 2654; x_wconf 87' lang='lat' dir='ltr'><strong>sui</strong></span> 
     </span>
    </p>
   </div>
   <div class='ocr_carea' id='block_1_30' title="bbox 296 2685 1864 2759">
    <p class='ocr_par' dir='ltr' id='par_1_30' title="bbox 296 2685 1864 2759">
     <span class='ocr_line' id='line_1_30' title="bbox 296 2685 1864 2759; baseline 0.004 -22"><span class='ocrx_word' id='word_1_218' title='bbox 296 2685 460 2757; x_wconf 82' lang='lat' dir='ltr'><strong>(Ibid.</strong></span> <span class='ocrx_word' id='word_1_219' title='bbox 490 2701 538 2739; x_wconf 79' lang='grc' dir='ltr'><strong>υ.</strong></span> <span class='ocrx_word' id='word_1_220' title='bbox 562 2686 679 2757; x_wconf 65' lang='lat' dir='ltr'><strong>Si).</strong></span> <span class='ocrx_word' id='word_1_221' title='bbox 710 2687 822 2742; x_wconf 89' lang='lat' dir='ltr'><strong>Hoc</strong></span> <span class='ocrx_word' id='word_1_222' title='bbox 839 2695 1013 2743; x_wconf 90' lang='lat' dir='ltr'><strong>autem</strong></span> <span class='ocrx_word' id='word_1_223' title='bbox 1034 2688 1305 2757; x_wconf 84' lang='lat' dir='ltr'><strong>prophetia</strong></span> <span class='ocrx_word' id='word_1_224' title='bbox 1331 2689 1571 2759; x_wconf 67' lang='lat' dir='ltr'><strong>quaedam</strong></span> <span class='ocrx_word' id='word_1_225' title='bbox 1599 2698 1711 2743; x_wconf 85' lang='lat' dir='ltr'><strong>est:</strong></span> <span class='ocrx_word' id='word_1_226' title='bbox 1734 2705 1864 2744; x_wconf 94' lang='lat' dir='ltr'><strong>non-</strong></span> 
     </span>
    </p>
   </div>
   <div class='ocr_carea' id='block_1_31' title="bbox 292 2775 1863 2849">
    <p class='ocr_par' dir='ltr' id='par_1_31' title="bbox 292 2775 1863 2849">
     <span class='ocr_line' id='line_1_31' title="bbox 292 2775 1863 2849; baseline 0.004 -21"><span class='ocrx_word' id='word_1_227' title='bbox 292 2775 426 2829; x_wconf 89' lang='lat' dir='ltr'><strong>dum</strong></span> <span class='ocrx_word' id='word_1_228' title='bbox 452 2776 646 2845; x_wconf 87' lang='lat' dir='ltr'><strong>quippe</strong></span> <span class='ocrx_word' id='word_1_229' title='bbox 670 2790 798 2831; x_wconf 86' lang='lat' dir='ltr'><strong>crux</strong></span> <span class='ocrx_word' id='word_1_230' title='bbox 828 2786 1095 2843; x_wconf 83' lang='lat' dir='ltr'><strong>evenerat,</strong></span> <span class='ocrx_word' id='word_1_231' title='bbox 1126 2794 1295 2848; x_wconf 90' lang='lat' dir='ltr'><strong>neque</strong></span> <span class='ocrx_word' id='word_1_232' title='bbox 1325 2779 1506 2849; x_wconf 88' lang='lat' dir='ltr'><strong>templi</strong></span> <span class='ocrx_word' id='word_1_233' title='bbox 1533 2779 1747 2846; x_wconf 89' lang='lat' dir='ltr'><strong>solutio,</strong></span> <span class='ocrx_word' id='word_1_234' title='bbox 1769 2796 1863 2835; x_wconf 89' lang='lat' dir='ltr'><strong>ne—</strong></span> 
     </span>
    </p>
   </div>
   <div class='ocr_carea' id='block_1_32' title="bbox 292 2868 1863 2941">
    <p class='ocr_par' dir='ltr' id='par_1_32' title="bbox 292 2868 1863 2941">
     <span class='ocr_line' id='line_1_32' title="bbox 292 2868 1863 2941; baseline 0.004 -22"><span class='ocrx_word' id='word_1_235' title='bbox 292 2881 399 2935; x_wconf 89' lang='lat' dir='ltr'><strong>que</strong></span> <span class='ocrx_word' id='word_1_236' title='bbox 424 2877 545 2936; x_wconf 87' lang='lat' dir='ltr'><strong>post</strong></span> <span class='ocrx_word' id='word_1_237' title='bbox 569 2876 677 2923; x_wconf 90' lang='lat' dir='ltr'><strong>tres</strong></span> <span class='ocrx_word' id='word_1_238' title='bbox 700 2868 816 2923; x_wconf 90' lang='lat' dir='ltr'><strong>dies</strong></span> <span class='ocrx_word' id='word_1_239' title='bbox 841 2871 1176 2936; x_wconf 86' lang='lat' dir='ltr'><strong>resurrectio,</strong></span> <span class='ocrx_word' id='word_1_240' title='bbox 1205 2886 1363 2941; x_wconf 91' lang='lat' dir='ltr'><strong>quam</strong></span> <span class='ocrx_word' id='word_1_241' title='bbox 1392 2872 1504 2940; x_wconf 89' lang='lat' dir='ltr'><strong>ipse</strong></span> <span class='ocrx_word' id='word_1_242' title='bbox 1532 2870 1672 2926; x_wconf 92' lang='lat' dir='ltr'><strong>fecit.</strong></span> <span class='ocrx_word' id='word_1_243' title='bbox 1695 2873 1771 2926; x_wconf 79' lang='lat' dir='ltr'><strong>Ac</strong></span> <span class='ocrx_word' id='word_1_244' title='bbox 1787 2873 1863 2926; x_wconf 88' lang='lat' dir='ltr'><strong>vi-</strong></span> 
     </span>
    </p>
   </div>
   <div class='ocr_carea' id='block_1_33' title="bbox 293 2955 1858 3030">
    <p class='ocr_par' dir='ltr' id='par_1_33' title="bbox 293 2955 1858 3030">
     <span class='ocr_line' id='line_1_33' title="bbox 293 2955 1858 3030; baseline 0.004 -21"><span class='ocrx_word' id='word_1_245' title='bbox 293 2955 367 3010; x_wconf 90' lang='lat' dir='ltr'><strong>de</strong></span> <span class='ocrx_word' id='word_1_246' title='bbox 395 2972 550 3025; x_wconf 91' lang='lat' dir='ltr'><strong>quam</strong></span> <span class='ocrx_word' id='word_1_247' title='bbox 577 2966 764 3013; x_wconf 81' lang='lat' dir='ltr'><strong>exacte</strong></span> <span class='ocrx_word' id='word_1_248' title='bbox 785 2969 1004 3029; x_wconf 90' lang='lat' dir='ltr'><strong>utraque</strong></span> <span class='ocrx_word' id='word_1_249' title='bbox 1030 2960 1334 3030; x_wconf 87' lang='lat' dir='ltr'><strong>designarit,</strong></span> <span class='ocrx_word' id='word_1_250' title='bbox 1363 2969 1417 3015; x_wconf 91' lang='lat' dir='ltr'><strong>et</strong></span> <span class='ocrx_word' id='word_1_251' title='bbox 1445 2961 1654 3015; x_wconf 89' lang='lat' dir='ltr'><strong>illorum</strong></span> <span class='ocrx_word' id='word_1_252' title='bbox 1690 2962 1858 3016; x_wconf 81' lang='lat' dir='ltr'><strong>audax</strong></span> 
     </span>
    </p>
   </div>
   <div class='ocr_carea' id='block_1_34' title="bbox 294 3046 1859 3123">
    <p class='ocr_par' dir='ltr' id='par_1_34' title="bbox 294 3046 1859 3123">
     <span class='ocr_line' id='line_1_34' title="bbox 294 3046 1859 3123; baseline 0.006 -24"><span class='ocrx_word' id='word_1_253' title='bbox 294 3046 524 3113; x_wconf 79' lang='lat' dir='ltr'><strong>facinus,</strong></span> <span class='ocrx_word' id='word_1_254' title='bbox 551 3057 604 3102; x_wconf 94' lang='lat' dir='ltr'><strong>et</strong></span> <span class='ocrx_word' id='word_1_255' title='bbox 629 3064 778 3104; x_wconf 91' lang='lat' dir='ltr'><strong>suam</strong></span> <span class='ocrx_word' id='word_1_256' title='bbox 823 3051 985 3120; x_wconf 89' lang='lat' dir='ltr'><strong>ipsius</strong></span> <span class='ocrx_word' id='word_1_257' title='bbox 1011 3051 1275 3105; x_wconf 87' lang='lat' dir='ltr'><strong>virtutem.</strong></span> <span class='ocrx_word' id='word_1_258' title='bbox 1308 3052 1422 3106; x_wconf 89' lang='lat' dir='ltr'><strong>Non</strong></span> <span class='ocrx_word' id='word_1_259' title='bbox 1452 3061 1625 3106; x_wconf 88' lang='lat' dir='ltr'><strong>tamen</strong></span> <span class='ocrx_word' id='word_1_260' title='bbox 1651 3067 1713 3108; x_wconf 92' lang='lat' dir='ltr'><strong>ea</strong></span> <span class='ocrx_word' id='word_1_261' title='bbox 1739 3068 1859 3123; x_wconf 64' lang='lat' dir='ltr'><strong>qua:</strong></span> 
     </span>
    </p>
   </div>
   <div class='ocr_carea' id='block_1_35' title="bbox 290 3135 1854 3211">
    <p class='ocr_par' dir='ltr' id='par_1_35' title="bbox 290 3135 1854 3211">
     <span class='ocr_line' id='line_1_35' title="bbox 290 3135 1854 3211; baseline 0.006 -22"><span class='ocrx_word' id='word_1_262' title='bbox 290 3135 606 3191; x_wconf 88' lang='lat' dir='ltr'><strong>dicebantur</strong></span> <span class='ocrx_word' id='word_1_263' title='bbox 631 3148 973 3208; x_wconf 87' lang='lat' dir='ltr'><strong>agnoverunt.</strong></span> <span class='ocrx_word' id='word_1_264' title='bbox 997 3141 1074 3195; x_wconf 83' lang='lat' dir='ltr'><strong>Ac</strong></span> <span class='ocrx_word' id='word_1_265' title='bbox 1096 3141 1309 3197; x_wconf 68' lang='lat' dir='ltr'><strong>Iudaeos</strong></span> <span class='ocrx_word' id='word_1_266' title='bbox 1327 3141 1542 3211; x_wconf 89' lang='lat' dir='ltr'><strong>quidem</strong></span> <span class='ocrx_word' id='word_1_267' title='bbox 1566 3143 1854 3211; x_wconf 88' lang='lat' dir='ltr'><strong>ignorasse,</strong></span> 
     </span>
    </p>
   </div>
   <div class='ocr_carea' id='block_1_36' title="bbox 291 3226 1859 3301">
    <p class='ocr_par' dir='ltr' id='par_1_36' title="bbox 291 3226 1859 3301">
     <span class='ocr_line' id='line_1_36' title="bbox 291 3226 1859 3301; baseline 0.006 -23"><span class='ocrx_word' id='word_1_268' title='bbox 291 3226 514 3281; x_wconf 89' lang='lat' dir='ltr'><strong>minime</strong></span> <span class='ocrx_word' id='word_1_269' title='bbox 543 3229 841 3283; x_wconf 78' lang='lat' dir='ltr'><strong>mirumzat</strong></span> <span class='ocrx_word' id='word_1_270' title='bbox 887 3245 955 3285; x_wconf 89' lang='lat' dir='ltr'><strong>ne</strong></span> <span class='ocrx_word' id='word_1_271' title='bbox 995 3230 1282 3301; x_wconf 87' lang='lat' dir='ltr'><strong>discipulos</strong></span> <span class='ocrx_word' id='word_1_272' title='bbox 1310 3232 1519 3301; x_wconf 88' lang='lat' dir='ltr'><strong>quidem</strong></span> <span class='ocrx_word' id='word_1_273' title='bbox 1559 3232 1675 3300; x_wconf 85' lang='lat' dir='ltr'><strong>ejus</strong></span> <span class='ocrx_word' id='word_1_274' title='bbox 1705 3232 1859 3287; x_wconf 91' lang='lat' dir='ltr'><strong>intel-</strong></span> 
     </span>
    </p>
   </div>
   <div class='ocr_carea' id='block_1_37' title="bbox 292 3316 1857 3392">
    <p class='ocr_par' dir='ltr' id='par_1_37' title="bbox 292 3316 1857 3392">
     <span class='ocr_line' id='line_1_37' title="bbox 292 3316 1857 3392; baseline 0.006 -24"><span class='ocrx_word' id='word_1_275' title='bbox 292 3316 492 3371; x_wconf 88' lang='lat' dir='ltr'><strong>lexisse</strong></span> <span class='ocrx_word' id='word_1_276' title='bbox 521 3317 666 3382; x_wconf 89' lang='lat' dir='ltr'><strong>dicit,</strong></span> <span class='ocrx_word' id='word_1_277' title='bbox 696 3333 972 3390; x_wconf 83' lang='lat' dir='ltr'><strong>quousque</strong></span> <span class='ocrx_word' id='word_1_278' title='bbox 996 3336 1026 3374; x_wconf 89' lang='lat' dir='ltr'><strong>a</strong></span> <span class='ocrx_word' id='word_1_279' title='bbox 1056 3323 1278 3377; x_wconf 90' lang='lat' dir='ltr'><strong>mortuis</strong></span> <span class='ocrx_word' id='word_1_280' title='bbox 1302 3323 1607 3388; x_wconf 85' lang='lat' dir='ltr'><strong>resurrexit,</strong></span> <span class='ocrx_word' id='word_1_281' title='bbox 1642 3332 1857 3392; x_wconf 91' lang='lat' dir='ltr'><strong>tumque</strong></span> 
     </span>
    </p>
   </div>
   <div class='ocr_carea' id='block_1_38' title="bbox 291 3406 1857 3485">
    <p class='ocr_par' dir='ltr' id='par_1_38' title="bbox 291 3406 1857 3485">
     <span class='ocr_line' id='line_1_38' title="bbox 291 3406 1857 3485; baseline 0.006 -25"><span class='ocrx_word' id='word_1_282' title='bbox 291 3406 621 3461; x_wconf 78' lang='lat' dir='ltr'><strong>Crediderunt</strong></span> <span class='ocrx_word' id='word_1_283' title='bbox 664 3409 943 3481; x_wconf 75' lang='lat' dir='ltr'><strong>Scriptura</strong></span> <span class='ocrx_word' id='word_1_284' title='bbox 980 3428 1039 3466; x_wconf 88' lang='lat' dir='ltr'><strong>ac</strong></span> <span class='ocrx_word' id='word_1_285' title='bbox 1078 3415 1313 3482; x_wconf 77' lang='lat' dir='ltr'><strong>sermoni,</strong></span> <span class='ocrx_word' id='word_1_286' title='bbox 1358 3431 1500 3485; x_wconf 87' lang='lat' dir='ltr'><strong>quem</strong></span> <span class='ocrx_word' id='word_1_287' title='bbox 1543 3415 1669 3468; x_wconf 69' lang='lat' dir='ltr'><strong>dixit</strong></span> <span class='ocrx_word' id='word_1_288' title='bbox 1706 3413 1857 3469; x_wconf 74' lang='lat' dir='ltr'><strong>Iesus</strong></span> 
     </span>
    </p>
   </div>
   <div class='ocr_carea' id='block_1_39' title="bbox 290 3495 665 3568">
    <p class='ocr_par' dir='ltr' id='par_1_39' title="bbox 290 3495 665 3568">
     <span class='ocr_line' id='line_1_39' title="bbox 290 3495 665 3568; baseline 0.013 -20"><span class='ocrx_word' id='word_1_289' title='bbox 290 3495 453 3563; x_wconf 66' lang='lat' dir='ltr'><strong>(Ibid.</strong></span> <span class='ocrx_word' id='word_1_290' title='bbox 479 3515 524 3551; x_wconf 79' lang='grc' dir='ltr'><strong>υ.</strong></span> 
     </span>
    </p>
   </div>
   <div class='ocr_carea' id='block_1_40' title="bbox 362 3587 1848 3663">
    <p class='ocr_par' dir='ltr' id='par_1_40' title="bbox 362 3587 1848 3663">
     <span class='ocr_line' id='line_1_40' title="bbox 362 3587 1848 3663; baseline 0.005 -24"><span class='ocrx_word' id='word_1_291' title='bbox 362 3587 417 3639; x_wconf 77' lang='lat'><strong>2.</strong></span> <span class='ocrx_word' id='word_1_292' title='bbox 460 3588 616 3643; x_wconf 78' lang='lat' dir='ltr'><strong>Vides</strong></span> <span class='ocrx_word' id='word_1_293' title='bbox 653 3600 843 3645; x_wconf 89' lang='lat' dir='ltr'><strong>eventu</strong></span> <span class='ocrx_word' id='word_1_294' title='bbox 883 3593 1001 3647; x_wconf 88' lang='lat' dir='ltr'><strong>illos</strong></span> <span class='ocrx_word' id='word_1_295' title='bbox 1039 3592 1324 3663; x_wconf 84' lang='lat' dir='ltr'><strong>indiguisse</strong></span> <span class='ocrx_word' id='word_1_296' title='bbox 1354 3610 1551 3656; x_wconf 87' lang='lat' dir='ltr'><strong>rerum,</strong></span> <span class='ocrx_word' id='word_1_297' title='bbox 1580 3603 1636 3648; x_wconf 92' lang='lat' dir='ltr'><strong>ut</strong></span> <span class='ocrx_word' id='word_1_298' title='bbox 1665 3594 1848 3647; x_wconf 90' lang='lat' dir='ltr'><strong>diluci-</strong></span> 
     </span>
    </p>
   </div>
   <div class='ocr_carea' id='block_1_41' title="bbox 287 3675 1853 3750">
    <p class='ocr_par' dir='ltr' id='par_1_41' title="bbox 287 3675 1853 3750">
     <span class='ocr_line' id='line_1_41' title="bbox 287 3675 1853 3750; baseline 0.005 -21"><span class='ocrx_word' id='word_1_299' title='bbox 287 3675 407 3731; x_wconf 90' lang='lat' dir='ltr'><strong>dior</strong></span> <span class='ocrx_word' id='word_1_300' title='bbox 428 3677 577 3733; x_wconf 81' lang='lat' dir='ltr'><strong>fleret</strong></span> <span class='ocrx_word' id='word_1_301' title='bbox 612 3680 905 3750; x_wconf 87' lang='lat' dir='ltr'><strong>prophetia,</strong></span> <span class='ocrx_word' id='word_1_302' title='bbox 929 3696 1098 3750; x_wconf 77' lang='lat' dir='ltr'><strong>neque</strong></span> <span class='ocrx_word' id='word_1_303' title='bbox 1121 3683 1326 3736; x_wconf 91' lang='lat' dir='ltr'><strong>crimini</strong></span> <span class='ocrx_word' id='word_1_304' title='bbox 1355 3683 1661 3737; x_wconf 91' lang='lat' dir='ltr'><strong>vertendum</strong></span> <span class='ocrx_word' id='word_1_305' title='bbox 1692 3683 1853 3737; x_wconf 82' lang='lat' dir='ltr'><strong>fuisse</strong></span> 
     </span>
    </p>
   </div>
   <div class='ocr_carea' id='block_1_42' title="bbox 285 3768 1850 3840">
    <p class='ocr_par' dir='ltr' id='par_1_42' title="bbox 285 3768 1850 3840">
     <span class='ocr_line' id='line_1_42' title="bbox 285 3768 1850 3840; baseline 0.005 -19"><span class='ocrx_word' id='word_1_306' title='bbox 285 3768 510 3832; x_wconf 75' lang='lat' dir='ltr'><strong>Judzeis,</strong></span> <span class='ocrx_word' id='word_1_307' title='bbox 548 3770 687 3840; x_wconf 91' lang='lat' dir='ltr'><strong>quod</strong></span> <span class='ocrx_word' id='word_1_308' title='bbox 724 3772 1026 3840; x_wconf 87' lang='lat' dir='ltr'><strong>prophetias</strong></span> <span class='ocrx_word' id='word_1_309' title='bbox 1053 3773 1167 3827; x_wconf 90' lang='lat' dir='ltr'><strong>illas</strong></span> <span class='ocrx_word' id='word_1_310' title='bbox 1188 3774 1254 3828; x_wconf 93' lang='lat' dir='ltr'><strong>de</strong></span> <span class='ocrx_word' id='word_1_311' title='bbox 1278 3773 1487 3828; x_wconf 88' lang='lat' dir='ltr'><strong>Christo</strong></span> <span class='ocrx_word' id='word_1_312' title='bbox 1514 3784 1633 3828; x_wconf 82' lang='lat' dir='ltr'><strong>ante</strong></span> <span class='ocrx_word' id='word_1_313' title='bbox 1658 3774 1850 3829; x_wconf 88' lang='lat' dir='ltr'><strong>Christi</strong></span> 
     </span>
    </p>
   </div>
   <div class='ocr_carea' id='block_1_43' title="bbox 286 3857 1853 3932">
    <p class='ocr_par' dir='ltr' id='par_1_43' title="bbox 286 3857 1853 3932">
     <span class='ocr_line' id='line_1_43' title="bbox 286 3857 1853 3932; baseline 0.005 -23"><span class='ocrx_word' id='word_1_314' title='bbox 286 3857 573 3913; x_wconf 84' lang='lat' dir='ltr'><strong>adventum</strong></span> <span class='ocrx_word' id='word_1_315' title='bbox 599 3875 699 3914; x_wconf 91' lang='lat' dir='ltr'><strong>non</strong></span> <span class='ocrx_word' id='word_1_316' title='bbox 727 3862 1077 3931; x_wconf 88' lang='lat' dir='ltr'><strong>intelligerent</strong></span> <span class='ocrx_word' id='word_1_317' title='bbox 1092 3863 1114 3915; x_wconf 70' lang='grc' dir='ltr'><strong><em>τ</em></strong></span> <span class='ocrx_word' id='word_1_318' title='bbox 1129 3862 1394 3931; x_wconf 89' lang='lat' dir='ltr'><strong>Siquidem</strong></span> <span class='ocrx_word' id='word_1_319' title='bbox 1418 3879 1509 3932; x_wconf 92' lang='lat' dir='ltr'><strong>per</strong></span> <span class='ocrx_word' id='word_1_320' title='bbox 1529 3864 1642 3931; x_wconf 88' lang='lat' dir='ltr'><strong>ejus</strong></span> <span class='ocrx_word' id='word_1_321' title='bbox 1657 3863 1853 3919; x_wconf 90' lang='lat' dir='ltr'><strong>adven-</strong></span> 
     </span>
    </p>
   </div>
   <div class='ocr_carea' id='block_1_44' title="bbox 286 3949 1853 4023">
    <p class='ocr_par' dir='ltr' id='par_1_44' title="bbox 286 3949 1853 4023">
     <span class='ocr_line' id='line_1_44' title="bbox 286 3949 1853 4023; baseline 0.007 -25"><span class='ocrx_word' id='word_1_322' title='bbox 286 3957 403 4000; x_wconf 88' lang='lat' dir='ltr'><strong>tum</strong></span> <span class='ocrx_word' id='word_1_323' title='bbox 451 3949 603 4003; x_wconf 71' lang='lat' dir='ltr'><strong>clarze</strong></span> <span class='ocrx_word' id='word_1_324' title='bbox 646 3950 929 4006; x_wconf 64' lang='lat' dir='ltr'><strong>reddendae</strong></span> <span class='ocrx_word' id='word_1_325' title='bbox 966 3951 1173 4007; x_wconf 91' lang='lat' dir='ltr'><strong>fuerant</strong></span> <span class='ocrx_word' id='word_1_326' title='bbox 1196 3963 1249 4007; x_wconf 94' lang='lat' dir='ltr'><strong>et</strong></span> <span class='ocrx_word' id='word_1_327' title='bbox 1284 3962 1499 4023; x_wconf 68' lang='lat' dir='ltr'><strong>apertae.</strong></span> <span class='ocrx_word' id='word_1_328' title='bbox 1531 3956 1664 4008; x_wconf 84' lang='lat' dir='ltr'><strong>Audi</strong></span> <span class='ocrx_word' id='word_1_329' title='bbox 1700 3954 1853 4009; x_wconf 89' lang='lat' dir='ltr'><strong>Chri-</strong></span> 
     </span>
    </p>
   </div>
   <div class='ocr_carea' id='block_1_45' title="bbox 286 4038 1851 4107">
    <p class='ocr_par' dir='ltr' id='par_1_45' title="bbox 286 4038 1851 4107">
     <span class='ocr_line' id='line_1_45' title="bbox 286 4038 1851 4107; baseline 0.005 -18"><span class='ocrx_word' id='word_1_330' title='bbox 286 4044 431 4089; x_wconf 88' lang='lat' dir='ltr'><strong>stum</strong></span> <span class='ocrx_word' id='word_1_331' title='bbox 480 4038 580 4092; x_wconf 90' lang='lat' dir='ltr'><strong>hoc</strong></span> <span class='ocrx_word' id='word_1_332' title='bbox 630 4039 934 4093; x_wconf 86' lang='lat' dir='ltr'><strong>dicentem:</strong></span> <span class='ocrx_word' id='word_1_333' title='bbox 976 4041 1039 4095; x_wconf 88' lang='lat' dir='ltr'><strong>Si</strong></span> <span class='ocrx_word' id='word_1_334' title='bbox 1083 4058 1181 4094; x_wconf 90' lang='lat' dir='ltr'><strong>non</strong></span> <span class='ocrx_word' id='word_1_335' title='bbox 1221 4043 1491 4107; x_wconf 79' lang='lat' dir='ltr'><strong>venissem,</strong></span> <span class='ocrx_word' id='word_1_336' title='bbox 1533 4052 1578 4095; x_wconf 88' lang='lat' dir='ltr'><strong>et</strong></span> <span class='ocrx_word' id='word_1_337' title='bbox 1618 4042 1851 4107; x_wconf 75' lang='lat' dir='ltr'><strong>loquutus</strong></span> 
     </span>
    </p>
   </div>
   <div class='ocr_carea' id='block_1_46' title="bbox 284 4124 1851 4202">
    <p class='ocr_par' dir='ltr' id='par_1_46' title="bbox 284 4124 1851 4202">
     <span class='ocr_line' id='line_1_46' title="bbox 284 4124 1851 4202; baseline 0.007 -25"><span class='ocrx_word' id='word_1_338' title='bbox 284 4124 494 4193; x_wconf 76' lang='lat' dir='ltr'><strong>fuissem</strong></span> <span class='ocrx_word' id='word_1_339' title='bbox 544 4125 633 4190; x_wconf 87' lang='lat' dir='ltr'><strong>eis,</strong></span> <span class='ocrx_word' id='word_1_340' title='bbox 679 4136 935 4193; x_wconf 84' lang='lat' dir='ltr'><strong>peccatum</strong></span> <span class='ocrx_word' id='word_1_341' title='bbox 983 4145 1085 4183; x_wconf 89' lang='lat' dir='ltr'><strong>non</strong></span> <span class='ocrx_word' id='word_1_342' title='bbox 1132 4130 1366 4184; x_wconf 81' lang='lat' dir='ltr'><strong>haberent</strong></span> <span class='ocrx_word' id='word_1_343' title='bbox 1394 4130 1571 4199; x_wconf 80' lang='lat' dir='ltr'><strong>(Joan.</strong></span> <span class='ocrx_word' id='word_1_344' title='bbox 1613 4132 1703 4187; x_wconf 66' lang='lat'><strong>15.</strong></span> <span class='ocrx_word' id='word_1_345' title='bbox 1733 4131 1851 4202; x_wconf 73' lang='lat' dir='ltr'><strong>2i).</strong></span> 
     </span>
    </p>
   </div>
   <div class='ocr_carea' id='block_1_47' title="bbox 283 4213 1849 4290">
    <p class='ocr_par' dir='ltr' id='par_1_47' title="bbox 283 4213 1849 4290">
     <span class='ocr_line' id='line_1_47' title="bbox 283 4213 1849 4290; baseline 0.008 -26"><span class='ocrx_word' id='word_1_346' title='bbox 283 4213 463 4279; x_wconf 86' lang='lat' dir='ltr'><strong>Quare</strong></span> <span class='ocrx_word' id='word_1_347' title='bbox 504 4225 774 4282; x_wconf 88' lang='lat' dir='ltr'><strong>peccatum</strong></span> <span class='ocrx_word' id='word_1_348' title='bbox 814 4230 921 4270; x_wconf 88' lang='lat' dir='ltr'><strong>non</strong></span> <span class='ocrx_word' id='word_1_349' title='bbox 951 4217 1231 4285; x_wconf 84' lang='lat' dir='ltr'><strong>habebant,</strong></span> <span class='ocrx_word' id='word_1_350' title='bbox 1263 4219 1307 4273; x_wconf 90' lang='lat' dir='ltr'><strong>si</strong></span> <span class='ocrx_word' id='word_1_351' title='bbox 1335 4219 1624 4289; x_wconf 83' lang='lat' dir='ltr'><strong>pr0pheti:c</strong></span> <span class='ocrx_word' id='word_1_352' title='bbox 1657 4223 1849 4290; x_wconf 77' lang='lat' dir='ltr'><strong>przedi-</strong></span> 
     </span>
    </p>
   </div>
   <div class='ocr_carea' id='block_1_48' title="bbox 283 4305 1847 4379">
    <p class='ocr_par' dir='ltr' id='par_1_48' title="bbox 283 4305 1847 4379">
     <span class='ocr_line' id='line_1_48' title="bbox 283 4305 1847 4379; baseline 0.007 -23"><span class='ocrx_word' id='word_1_353' title='bbox 283 4314 475 4358; x_wconf 85' lang='lat' dir='ltr'><strong>xerant</strong></span> <span class='ocrx_word' id='word_1_354' title='bbox 493 4306 516 4357; x_wconf 81' lang='lat'><strong>?</strong></span> <span class='ocrx_word' id='word_1_355' title='bbox 536 4305 666 4373; x_wconf 87' lang='lat' dir='ltr'><strong>Quia</strong></span> <span class='ocrx_word' id='word_1_356' title='bbox 690 4307 1039 4376; x_wconf 66' lang='lat' dir='ltr'><strong>praedixerant</strong></span> <span class='ocrx_word' id='word_1_357' title='bbox 1058 4308 1285 4379; x_wconf 91' lang='lat' dir='ltr'><strong>quidem,</strong></span> <span class='ocrx_word' id='word_1_358' title='bbox 1312 4310 1404 4364; x_wconf 88' lang='lat' dir='ltr'><strong>sed</strong></span> <span class='ocrx_word' id='word_1_359' title='bbox 1436 4310 1723 4366; x_wconf 72' lang='lat' dir='ltr'><strong>manifesta:</strong></span> <span class='ocrx_word' id='word_1_360' title='bbox 1744 4327 1847 4367; x_wconf 91' lang='lat' dir='ltr'><strong>non</strong></span> 
     </span>
    </p>
   </div>
   <div class='ocr_carea' id='block_1_49' title="bbox 282 4401 1850 4473">
    <p class='ocr_par' dir='ltr' id='par_1_49' title="bbox 282 4401 1850 4473">
     <span class='ocr_line' id='line_1_49' title="bbox 282 4401 1850 4473; baseline 0.004 -23"><span class='ocrx_word' id='word_1_361' title='bbox 282 4408 440 4452; x_wconf 88' lang='lat' dir='ltr'><strong>erant</strong></span> <span class='ocrx_word' id='word_1_362' title='bbox 466 4414 636 4469; x_wconf 91' lang='lat' dir='ltr'><strong>neque</strong></span> <span class='ocrx_word' id='word_1_363' title='bbox 661 4401 817 4455; x_wconf 69' lang='lat' dir='ltr'><strong>clarae</strong></span> <span class='ocrx_word' id='word_1_364' title='bbox 840 4411 963 4456; x_wconf 88' lang='lat' dir='ltr'><strong>ante</strong></span> <span class='ocrx_word' id='word_1_365' title='bbox 990 4402 1125 4456; x_wconf 90' lang='lat' dir='ltr'><strong>illius</strong></span> <span class='ocrx_word' id='word_1_366' title='bbox 1149 4402 1432 4458; x_wconf 88' lang='lat' dir='ltr'><strong>adventum</strong></span> <span class='ocrx_word' id='word_1_367' title='bbox 1456 4404 1543 4473; x_wconf 89' lang='lat' dir='ltr'><strong>qui</strong></span> <span class='ocrx_word' id='word_1_368' title='bbox 1573 4402 1850 4470; x_wconf 66' lang='lat' dir='ltr'><strong>praedictus</strong></span> 
     </span>
    </p>
   </div>
   <div class='ocr_carea' id='block_1_50' title="bbox 284 4486 1847 4562">
    <p class='ocr_par' dir='ltr' id='par_1_50' title="bbox 284 4486 1847 4562">
     <span class='ocr_line' id='line_1_50' title="bbox 284 4486 1847 4562; baseline 0.005 -23"><span class='ocrx_word' id='word_1_369' title='bbox 284 4486 478 4541; x_wconf 87' lang='lat' dir='ltr'><strong>fuerat.</strong></span> <span class='ocrx_word' id='word_1_370' title='bbox 513 4489 644 4544; x_wconf 84' lang='lat' dir='ltr'><strong>Nam</strong></span> <span class='ocrx_word' id='word_1_371' title='bbox 683 4492 726 4545; x_wconf 90' lang='lat' dir='ltr'><strong>si</strong></span> <span class='ocrx_word' id='word_1_372' title='bbox 758 4502 869 4546; x_wconf 91' lang='lat' dir='ltr'><strong>tum</strong></span> <span class='ocrx_word' id='word_1_373' title='bbox 910 4507 1118 4562; x_wconf 87' lang='lat' dir='ltr'><strong>quoque</strong></span> <span class='ocrx_word' id='word_1_374' title='bbox 1156 4492 1447 4547; x_wconf 76' lang='lat' dir='ltr'><strong>manifesta:</strong></span> <span class='ocrx_word' id='word_1_375' title='bbox 1486 4493 1587 4546; x_wconf 88' lang='lat' dir='ltr'><strong>illis</strong></span> <span class='ocrx_word' id='word_1_376' title='bbox 1616 4502 1670 4546; x_wconf 88' lang='lat' dir='ltr'><strong>et</strong></span> <span class='ocrx_word' id='word_1_377' title='bbox 1696 4493 1847 4547; x_wconf 72' lang='lat' dir='ltr'><strong>clara:</strong></span> 
     </span>
    </p>
   </div>
   <div class='ocr_carea' id='block_1_51' title="bbox 282 4574 1849 4651">
    <p class='ocr_par' dir='ltr' id='par_1_51' title="bbox 282 4574 1849 4651">
     <span class='ocr_line' id='line_1_51' title="bbox 282 4574 1849 4651; baseline 0.005 -22"><span class='ocrx_word' id='word_1_378' title='bbox 282 4574 529 4641; x_wconf 83' lang='lat' dir='ltr'><strong>fuissent,</strong></span> <span class='ocrx_word' id='word_1_379' title='bbox 558 4577 695 4631; x_wconf 90' lang='lat' dir='ltr'><strong>haud</strong></span> <span class='ocrx_word' id='word_1_380' title='bbox 723 4578 939 4634; x_wconf 88' lang='lat' dir='ltr'><strong>dubium</strong></span> <span class='ocrx_word' id='word_1_381' title='bbox 966 4583 1091 4650; x_wconf 92' lang='lat' dir='ltr'><strong>quin</strong></span> <span class='ocrx_word' id='word_1_382' title='bbox 1125 4584 1283 4636; x_wconf 87' lang='lat' dir='ltr'><strong>etiam</strong></span> <span class='ocrx_word' id='word_1_383' title='bbox 1308 4591 1433 4635; x_wconf 88' lang='lat' dir='ltr'><strong>ante</strong></span> <span class='ocrx_word' id='word_1_384' title='bbox 1460 4582 1623 4651; x_wconf 89' lang='lat' dir='ltr'><strong>ipsius</strong></span> <span class='ocrx_word' id='word_1_385' title='bbox 1648 4582 1849 4637; x_wconf 87' lang='lat' dir='ltr'><strong>adven-</strong></span> 
     </span>
    </p>
   </div>
   <div class='ocr_carea' id='block_1_52' title="bbox 284 4668 1846 4742">
    <p class='ocr_par' dir='ltr' id='par_1_52' title="bbox 284 4668 1846 4742">
     <span class='ocr_line' id='line_1_52' title="bbox 284 4668 1846 4742; baseline 0.006 -23"><span class='ocrx_word' id='word_1_386' title='bbox 284 4676 397 4720; x_wconf 88' lang='lat' dir='ltr'><strong>tum</strong></span> <span class='ocrx_word' id='word_1_387' title='bbox 444 4678 714 4735; x_wconf 87' lang='lat' dir='ltr'><strong>peccatum</strong></span> <span class='ocrx_word' id='word_1_388' title='bbox 770 4668 1119 4726; x_wconf 88' lang='lat' dir='ltr'><strong>habuissent:</strong></span> <span class='ocrx_word' id='word_1_389' title='bbox 1171 4671 1309 4742; x_wconf 90' lang='lat' dir='ltr'><strong>quod</strong></span> <span class='ocrx_word' id='word_1_390' title='bbox 1348 4673 1391 4725; x_wconf 93' lang='lat' dir='ltr'><strong>si</strong></span> <span class='ocrx_word' id='word_1_391' title='bbox 1430 4682 1700 4741; x_wconf 88' lang='lat' dir='ltr'><strong>peccatum</strong></span> <span class='ocrx_word' id='word_1_392' title='bbox 1743 4689 1846 4730; x_wconf 92' lang='lat' dir='ltr'><strong>non</strong></span> 
     </span>
    </p>
   </div>
   <div class='ocr_carea' id='block_1_53' title="bbox 284 4758 1848 4832">
    <p class='ocr_par' dir='ltr' id='par_1_53' title="bbox 284 4758 1848 4832">
     <span class='ocr_line' id='line_1_53' title="bbox 284 4758 1848 4832; baseline 0.006 -21"><span class='ocrx_word' id='word_1_393' title='bbox 284 4758 619 4825; x_wconf 84' lang='lat' dir='ltr'><strong>habuerunt,</strong></span> <span class='ocrx_word' id='word_1_394' title='bbox 646 4760 860 4816; x_wconf 92' lang='lat' dir='ltr'><strong>dubium</strong></span> <span class='ocrx_word' id='word_1_395' title='bbox 888 4776 993 4817; x_wconf 90' lang='lat' dir='ltr'><strong>non</strong></span> <span class='ocrx_word' id='word_1_396' title='bbox 1018 4770 1128 4827; x_wconf 87' lang='lat' dir='ltr'><strong>est,</strong></span> <span class='ocrx_word' id='word_1_397' title='bbox 1158 4765 1281 4831; x_wconf 91' lang='lat' dir='ltr'><strong>quin</strong></span> <span class='ocrx_word' id='word_1_398' title='bbox 1309 4771 1523 4832; x_wconf 89' lang='lat' dir='ltr'><strong>propter</strong></span> <span class='ocrx_word' id='word_1_399' title='bbox 1547 4779 1725 4818; x_wconf 91' lang='lat' dir='ltr'><strong>earum</strong></span> <span class='ocrx_word' id='word_1_400' title='bbox 1754 4765 1848 4819; x_wconf 86' lang='lat' dir='ltr'><strong>ob-</strong></span> 
     </span>
    </p>
   </div>
   <div class='ocr_carea' id='block_1_54' title="bbox 282 4848 1839 4919">
    <p class='ocr_par' dir='ltr' id='par_1_54' title="bbox 282 4848 1839 4919">
     <span class='ocr_line' id='line_1_54' title="bbox 282 4848 1839 4919; baseline 0.003 -18"><span class='ocrx_word' id='word_1_401' title='bbox 282 4848 613 4911; x_wconf 82' lang='lat' dir='ltr'><strong>scuritatem,</strong></span> <span class='ocrx_word' id='word_1_402' title='bbox 641 4858 694 4903; x_wconf 93' lang='lat' dir='ltr'><strong>et</strong></span> <span class='ocrx_word' id='word_1_403' title='bbox 724 4850 971 4919; x_wconf 84' lang='lat' dir='ltr'><strong>quoniam</strong></span> <span class='ocrx_word' id='word_1_404' title='bbox 992 4849 1197 4905; x_wconf 89' lang='lat' dir='ltr'><strong>obtecta</strong></span> <span class='ocrx_word' id='word_1_405' title='bbox 1226 4849 1431 4905; x_wconf 88' lang='lat' dir='ltr'><strong>fuerant</strong></span> <span class='ocrx_word' id='word_1_406' title='bbox 1456 4865 1572 4919; x_wconf 67' lang='lat' dir='ltr'><strong>quae</strong></span> <span class='ocrx_word' id='word_1_407' title='bbox 1598 4850 1839 4907; x_wconf 67' lang='lat' dir='ltr'><strong>dicebano</strong></span> 
     </span>
    </p>
   </div>
   <div class='ocr_carea' id='block_1_55' title="bbox 283 4936 1846 5005">
    <p class='ocr_par' dir='ltr' id='par_1_55' title="bbox 283 4936 1846 5005">
     <span class='ocr_line' id='line_1_55' title="bbox 283 4936 1846 5005; baseline 0.003 -15"><span class='ocrx_word' id='word_1_408' title='bbox 283 4948 390 4991; x_wconf 89' lang='lat' dir='ltr'><strong>tur.</strong></span> <span class='ocrx_word' id='word_1_409' title='bbox 414 4936 595 5005; x_wconf 78' lang='lat' dir='ltr'><strong>Neque</strong></span> <span class='ocrx_word' id='word_1_410' title='bbox 616 4937 754 4992; x_wconf 92' lang='lat' dir='ltr'><strong>enim</strong></span> <span class='ocrx_word' id='word_1_411' title='bbox 779 4948 903 4994; x_wconf 90' lang='lat' dir='ltr'><strong>ante</strong></span> <span class='ocrx_word' id='word_1_412' title='bbox 920 4940 1115 4995; x_wconf 90' lang='lat' dir='ltr'><strong>Christi</strong></span> <span class='ocrx_word' id='word_1_413' title='bbox 1144 4941 1425 4995; x_wconf 90' lang='lat' dir='ltr'><strong>adventum</strong></span> <span class='ocrx_word' id='word_1_414' title='bbox 1452 4941 1585 4995; x_wconf 79' lang='lat' dir='ltr'><strong>fides</strong></span> <span class='ocrx_word' id='word_1_415' title='bbox 1611 4942 1663 4995; x_wconf 91' lang='lat' dir='ltr'><strong>in</strong></span> <span class='ocrx_word' id='word_1_416' title='bbox 1694 4942 1846 4995; x_wconf 87' lang='lat' dir='ltr'><strong>Chri-</strong></span> 
     </span>
    </p>
   </div>
   <div class='ocr_carea' id='block_1_56' title="bbox 280 5028 1842 5101">
    <p class='ocr_par' dir='ltr' id='par_1_56' title="bbox 280 5028 1842 5101">
     <span class='ocr_line' id='line_1_56' title="bbox 280 5028 1842 5101; baseline 0.003 -19"><span class='ocrx_word' id='word_1_417' title='bbox 280 5040 426 5083; x_wconf 87' lang='lat' dir='ltr'><strong>stum</strong></span> <span class='ocrx_word' id='word_1_418' title='bbox 455 5028 522 5081; x_wconf 90' lang='lat' dir='ltr'><strong>ab</strong></span> <span class='ocrx_word' id='word_1_419' title='bbox 548 5028 651 5083; x_wconf 91' lang='lat' dir='ltr'><strong>illis</strong></span> <span class='ocrx_word' id='word_1_420' title='bbox 672 5029 997 5099; x_wconf 85' lang='lat' dir='ltr'><strong>exigebatur.</strong></span> <span class='ocrx_word' id='word_1_421' title='bbox 1027 5029 1133 5085; x_wconf 91' lang='lat' dir='ltr'><strong>Cur</strong></span> <span class='ocrx_word' id='word_1_422' title='bbox 1170 5031 1348 5101; x_wconf 88' lang='lat' dir='ltr'><strong>itaque</strong></span> <span class='ocrx_word' id='word_1_423' title='bbox 1380 5039 1490 5086; x_wconf 93' lang='lat' dir='ltr'><strong>tum</strong></span> <span class='ocrx_word' id='word_1_424' title='bbox 1524 5033 1842 5099; x_wconf 83' lang='lat' dir='ltr'><strong>praediceba-</strong></span> 
     </span>
    </p>
   </div>
   <div class='ocr_carea' id='block_1_57' title="bbox 282 5118 1843 5187">
    <p class='ocr_par' dir='ltr' id='par_1_57' title="bbox 282 5118 1843 5187">
     <span class='ocr_line' id='line_1_57' title="bbox 282 5118 1843 5187; baseline 0.004 -16"><span class='ocrx_word' id='word_1_425' title='bbox 282 5128 371 5173; x_wconf 88' lang='lat' dir='ltr'><strong>tur</strong></span> <span class='ocrx_word' id='word_1_426' title='bbox 397 5120 421 5173; x_wconf 71' lang='grc' dir='ltr'><strong><em>τ</em></strong></span> <span class='ocrx_word' id='word_1_427' title='bbox 446 5118 515 5175; x_wconf 88' lang='lat' dir='ltr'><strong>Ut</strong></span> <span class='ocrx_word' id='word_1_428' title='bbox 541 5135 659 5175; x_wconf 92' lang='lat' dir='ltr'><strong>cum</strong></span> <span class='ocrx_word' id='word_1_429' title='bbox 687 5121 1021 5187; x_wconf 88' lang='lat' dir='ltr'><strong>advenisset,</strong></span> <span class='ocrx_word' id='word_1_430' title='bbox 1050 5122 1369 5177; x_wconf 84' lang='lat' dir='ltr'><strong>domesticos</strong></span> <span class='ocrx_word' id='word_1_431' title='bbox 1409 5121 1652 5177; x_wconf 89' lang='lat' dir='ltr'><strong>doctores</strong></span> <span class='ocrx_word' id='word_1_432' title='bbox 1682 5123 1843 5177; x_wconf 83' lang='lat' dir='ltr'><strong>habe-</strong></span> 
     </span>
    </p>
   </div>
   <div class='ocr_carea' id='block_1_58' title="bbox 281 5212 1841 5281">
    <p class='ocr_par' dir='ltr' id='par_1_58' title="bbox 281 5212 1841 5281">
     <span class='ocr_line' id='line_1_58' title="bbox 281 5212 1841 5281; baseline 0 -16"><span class='ocrx_word' id='word_1_433' title='bbox 281 5220 405 5265; x_wconf 85' lang='lat' dir='ltr'><strong>rent</strong></span> <span class='ocrx_word' id='word_1_434' title='bbox 426 5225 456 5265; x_wconf 88' lang='lat' dir='ltr'><strong>a</strong></span> <span class='ocrx_word' id='word_1_435' title='bbox 480 5212 670 5281; x_wconf 86' lang='lat' dir='ltr'><strong>quibus</strong></span> <span class='ocrx_word' id='word_1_436' title='bbox 691 5212 1053 5278; x_wconf 89' lang='lat' dir='ltr'><strong>incitarentur,</strong></span> <span class='ocrx_word' id='word_1_437' title='bbox 1071 5221 1125 5267; x_wconf 90' lang='lat' dir='ltr'><strong>et</strong></span> <span class='ocrx_word' id='word_1_438' title='bbox 1146 5212 1497 5281; x_wconf 87' lang='lat' dir='ltr'><strong>intelligerent</strong></span> <span class='ocrx_word' id='word_1_439' title='bbox 1519 5228 1628 5267; x_wconf 91' lang='lat' dir='ltr'><strong>rem</strong></span> <span class='ocrx_word' id='word_1_440' title='bbox 1657 5227 1841 5266; x_wconf 88' lang='lat' dir='ltr'><strong>novam</strong></span> 
     </span>
    </p>
   </div>
   <div class='ocr_carea' id='block_1_59' title="bbox 280 5302 1844 5373">
    <p class='ocr_par' dir='ltr' id='par_1_59' title="bbox 280 5302 1844 5373">
     <span class='ocr_line' id='line_1_59' title="bbox 280 5302 1844 5373; baseline 0 -18"><span class='ocrx_word' id='word_1_441' title='bbox 280 5316 388 5356; x_wconf 89' lang='lat' dir='ltr'><strong>non</strong></span> <span class='ocrx_word' id='word_1_442' title='bbox 423 5316 544 5357; x_wconf 82' lang='lat' dir='ltr'><strong>esse</strong></span> <span class='ocrx_word' id='word_1_443' title='bbox 571 5318 689 5372; x_wconf 64' lang='lat' dir='ltr'><strong>quae</strong></span> <span class='ocrx_word' id='word_1_444' title='bbox 722 5302 1057 5373; x_wconf 86' lang='lat' dir='ltr'><strong>gerebantur,</strong></span> <span class='ocrx_word' id='word_1_445' title='bbox 1086 5317 1257 5373; x_wconf 90' lang='lat' dir='ltr'><strong>neque</strong></span> <span class='ocrx_word' id='word_1_446' title='bbox 1285 5313 1550 5358; x_wconf 89' lang='lat' dir='ltr'><strong>recentem</strong></span> <span class='ocrx_word' id='word_1_447' title='bbox 1574 5302 1844 5372; x_wconf 89' lang='lat' dir='ltr'><strong>dispensa-</strong></span> 
     </span>
    </p>
   </div>
   <div class='ocr_carea' id='block_1_60' title="bbox 279 5386 1842 5448">
    <p class='ocr_par' dir='ltr' id='par_1_60' title="bbox 279 5386 1842 5448">
     <span class='ocr_line' id='line_1_60' title="bbox 279 5386 1842 5448; baseline 0.002 -4"><span class='ocrx_word' id='word_1_448' title='bbox 279 5390 503 5447; x_wconf 86' lang='lat' dir='ltr'><strong>tionem.</strong></span> <span class='ocrx_word' id='word_1_449' title='bbox 534 5392 626 5445; x_wconf 90' lang='lat' dir='ltr'><strong>sed</strong></span> <span class='ocrx_word' id='word_1_450' title='bbox 674 5392 787 5447; x_wconf 71' lang='lat' dir='ltr'><strong>haec</strong></span> <span class='ocrx_word' id='word_1_451' title='bbox 823 5391 948 5447; x_wconf 90' lang='lat' dir='ltr'><strong>olim</strong></span> <span class='ocrx_word' id='word_1_452' title='bbox 984 5400 1039 5446; x_wconf 92' lang='lat' dir='ltr'><strong>et</strong></span> <span class='ocrx_word' id='word_1_453' title='bbox 1080 5402 1203 5448; x_wconf 88' lang='lat' dir='ltr'><strong>ante</strong></span> <span class='ocrx_word' id='word_1_454' title='bbox 1243 5393 1433 5446; x_wconf 89' lang='lat' dir='ltr'><strong>multos</strong></span> <span class='ocrx_word' id='word_1_455' title='bbox 1477 5407 1645 5447; x_wconf 88' lang='lat' dir='ltr'><strong>annos</strong></span> <span class='ocrx_word' id='word_1_456' title='bbox 1683 5386 1842 5447; x_wconf 85' lang='lat' dir='ltr'><strong>fuisse</strong></span> 
     </span>
    </p>
   </div>
   <div class='ocr_carea' id='block_1_61' title="bbox 279 5480 1842 5551">
    <p class='ocr_par' dir='ltr' id='par_1_61' title="bbox 279 5480 1842 5551">
     <span class='ocr_line' id='line_1_61' title="bbox 279 5480 1842 5551; baseline 0.003 -19"><span class='ocrx_word' id='word_1_457' title='bbox 279 5489 627 5549; x_wconf 62' lang='lat' dir='ltr'><strong>pranunttata</strong></span> <span class='ocrx_word' id='word_1_458' title='bbox 657 5498 672 5534; x_wconf 90' lang='lat'><strong>:</strong></span> <span class='ocrx_word' id='word_1_459' title='bbox 702 5481 753 5535; x_wconf 90' lang='lat' dir='ltr'><strong>id</strong></span> <span class='ocrx_word' id='word_1_460' title='bbox 780 5481 916 5551; x_wconf 91' lang='lat' dir='ltr'><strong>quod</strong></span> <span class='ocrx_word' id='word_1_461' title='bbox 944 5496 1048 5536; x_wconf 89' lang='lat' dir='ltr'><strong>non</strong></span> <span class='ocrx_word' id='word_1_462' title='bbox 1090 5482 1423 5538; x_wconf 82' lang='lat' dir='ltr'><strong>mediocriter</strong></span> <span class='ocrx_word' id='word_1_463' title='bbox 1447 5482 1610 5536; x_wconf 92' lang='lat' dir='ltr'><strong>valuit</strong></span> <span class='ocrx_word' id='word_1_464' title='bbox 1633 5480 1695 5535; x_wconf 89' lang='lat' dir='ltr'><strong>ad</strong></span> <span class='ocrx_word' id='word_1_465' title='bbox 1724 5480 1842 5536; x_wconf 90' lang='lat' dir='ltr'><strong>illos</strong></span> 
     </span>
    </p>
   </div>
   <div class='ocr_carea' id='block_1_62' title="bbox 274 5570 1839 5641">
    <p class='ocr_par' dir='ltr' id='par_1_62' title="bbox 274 5570 1839 5641">
     <span class='ocr_line' id='line_1_62' title="bbox 274 5570 1839 5641; baseline -0.001 -14"><span class='ocrx_word' id='word_1_466' title='bbox 274 5571 343 5627; x_wconf 85' lang='lat' dir='ltr'><strong>ad</strong></span> <span class='ocrx_word' id='word_1_467' title='bbox 361 5571 520 5626; x_wconf 78' lang='lat' dir='ltr'><strong>fidem</strong></span> <span class='ocrx_word' id='word_1_468' title='bbox 550 5571 876 5627; x_wconf 85' lang='lat' dir='ltr'><strong>alliciendos.</strong></span> <span class='ocrx_word' id='word_1_469' title='bbox 900 5573 1023 5628; x_wconf 70' lang='lat' dir='ltr'><strong>Haec</strong></span> <span class='ocrx_word' id='word_1_470' title='bbox 1039 5573 1196 5641; x_wconf 88' lang='lat' dir='ltr'><strong>igitur</strong></span> <span class='ocrx_word' id='word_1_471' title='bbox 1225 5587 1326 5626; x_wconf 93' lang='lat' dir='ltr'><strong>una</strong></span> <span class='ocrx_word' id='word_1_472' title='bbox 1353 5581 1437 5627; x_wconf 91' lang='lat' dir='ltr'><strong>est</strong></span> <span class='ocrx_word' id='word_1_473' title='bbox 1461 5587 1620 5628; x_wconf 87' lang='lat' dir='ltr'><strong>causa</strong></span> <span class='ocrx_word' id='word_1_474' title='bbox 1647 5570 1839 5626; x_wconf 83' lang='lat' dir='ltr'><strong>obscu—</strong></span> 
     </span>
    </p>
   </div>
   <div class='ocr_carea' id='block_1_63' title="bbox 274 5664 1838 5736">
    <p class='ocr_par' dir='ltr' id='par_1_63' title="bbox 274 5664 1838 5736">
     <span class='ocr_line' id='line_1_63' title="bbox 274 5664 1838 5736; baseline -0.001 -15"><span class='ocrx_word' id='word_1_475' title='bbox 274 5665 448 5721; x_wconf 83' lang='lat' dir='ltr'><strong>ritatis</strong></span> <span class='ocrx_word' id='word_1_476' title='bbox 472 5706 487 5733; x_wconf 86' lang='lat'><strong>,</strong></span> <span class='ocrx_word' id='word_1_477' title='bbox 515 5681 669 5735; x_wconf 89' lang='lat' dir='ltr'><strong>quam</strong></span> <span class='ocrx_word' id='word_1_478' title='bbox 697 5664 935 5736; x_wconf 83' lang='lat' dir='ltr'><strong>pluribus</strong></span> <span class='ocrx_word' id='word_1_479' title='bbox 958 5664 1273 5720; x_wconf 69' lang='lat' dir='ltr'><strong>testimoniis</strong></span> <span class='ocrx_word' id='word_1_480' title='bbox 1308 5665 1361 5719; x_wconf 91' lang='lat' dir='ltr'><strong>in</strong></span> <span class='ocrx_word' id='word_1_481' title='bbox 1392 5664 1703 5735; x_wconf 66' lang='lat' dir='ltr'><strong>precedenti</strong></span> <span class='ocrx_word' id='word_1_482' title='bbox 1726 5678 1838 5721; x_wconf 84' lang='lat' dir='ltr'><strong>scr-</strong></span> 
     </span>
    </p>
   </div>
   <div class='ocr_carea' id='block_1_64' title="bbox 1991 609 3546 694">
    <p class='ocr_par' dir='ltr' id='par_1_64' title="bbox 1991 609 3546 694">
     <span class='ocr_line' id='line_1_64' title="bbox 1991 609 3546 694; baseline 0.014 -32"><span class='ocrx_word' id='word_1_483' title='bbox 1991 609 2059 663; x_wconf 93' lang='lat' dir='ltr'><strong>rit</strong></span> <span class='ocrx_word' id='word_1_484' title='bbox 2089 610 2157 665; x_wconf 88' lang='lat' dir='ltr'><strong>ab</strong></span> <span class='ocrx_word' id='word_1_485' title='bbox 2185 628 2244 666; x_wconf 90' lang='lat' dir='ltr'><strong>ea</strong></span> <span class='ocrx_word' id='word_1_486' title='bbox 2270 613 2557 679; x_wconf 88' lang='lat' dir='ltr'><strong>discedere,</strong></span> <span class='ocrx_word' id='word_1_487' title='bbox 2589 626 2744 685; x_wconf 87' lang='lat' dir='ltr'><strong>atque</strong></span> <span class='ocrx_word' id='word_1_488' title='bbox 2768 619 2983 673; x_wconf 88' lang='lat' dir='ltr'><strong>alteram</strong></span> <span class='ocrx_word' id='word_1_489' title='bbox 3010 622 3266 690; x_wconf 87' lang='lat' dir='ltr'><strong>proferre,</strong></span> <span class='ocrx_word' id='word_1_490' title='bbox 3295 643 3410 694; x_wconf 73' lang='lat' dir='ltr'><strong>qum</strong></span> <span class='ocrx_word' id='word_1_491' title='bbox 3439 644 3546 686; x_wconf 90' lang='lat' dir='ltr'><strong>non</strong></span> 
     </span>
    </p>
   </div>
   <div class='ocr_carea' id='block_1_65' title="bbox 1986 696 3543 772">
    <p class='ocr_par' dir='ltr' id='par_1_65' title="bbox 1986 696 3543 772">
     <span class='ocr_line' id='line_1_65' title="bbox 1986 696 3543 772; baseline 0.014 -23"><span class='ocrx_word' id='word_1_492' title='bbox 1986 696 2092 764; x_wconf 89' lang='lat' dir='ltr'><strong>jam</strong></span> <span class='ocrx_word' id='word_1_493' title='bbox 2120 701 2397 755; x_wconf 90' lang='lat' dir='ltr'><strong>obscurum</strong></span> <span class='ocrx_word' id='word_1_494' title='bbox 2424 714 2477 757; x_wconf 93' lang='lat' dir='ltr'><strong>et</strong></span> <span class='ocrx_word' id='word_1_495' title='bbox 2506 706 2735 772; x_wconf 89' lang='lat' dir='ltr'><strong>ignotum</strong></span> <span class='ocrx_word' id='word_1_496' title='bbox 2762 747 2777 771; x_wconf 88' lang='lat'><strong>,</strong></span> <span class='ocrx_word' id='word_1_497' title='bbox 2802 708 2899 762; x_wconf 90' lang='lat' dir='ltr'><strong>sed</strong></span> <span class='ocrx_word' id='word_1_498' title='bbox 2937 710 3202 765; x_wconf 87' lang='lat' dir='ltr'><strong>diflicilius</strong></span> <span class='ocrx_word' id='word_1_499' title='bbox 3229 714 3543 770; x_wconf 87' lang='lat' dir='ltr'><strong>Testamen-</strong></span> 
     </span>
    </p>
   </div>
   <div class='ocr_carea' id='block_1_66' title="bbox 1991 789 3539 859">
    <p class='ocr_par' dir='ltr' id='par_1_66' title="bbox 1991 789 3539 859">
     <span class='ocr_line' id='line_1_66' title="bbox 1991 789 3539 859; baseline 0.011 -17"><span class='ocrx_word' id='word_1_500' title='bbox 1991 798 2097 843; x_wconf 89' lang='lat' dir='ltr'><strong>tum</strong></span> <span class='ocrx_word' id='word_1_501' title='bbox 2124 789 2285 845; x_wconf 80' lang='lat' dir='ltr'><strong>Vetus</strong></span> <span class='ocrx_word' id='word_1_502' title='bbox 2313 793 2491 846; x_wconf 80' lang='lat' dir='ltr'><strong>efficit.</strong></span> <span class='ocrx_word' id='word_1_503' title='bbox 2519 795 2672 848; x_wconf 80' lang='lat' dir='ltr'><strong>Aliud</strong></span> <span class='ocrx_word' id='word_1_504' title='bbox 2694 797 2833 849; x_wconf 76' lang='lat' dir='ltr'><strong>enim</strong></span> <span class='ocrx_word' id='word_1_505' title='bbox 2854 809 2934 851; x_wconf 87' lang='lat' dir='ltr'><strong>est</strong></span> <span class='ocrx_word' id='word_1_506' title='bbox 2958 800 3086 853; x_wconf 89' lang='lat' dir='ltr'><strong>nihil</strong></span> <span class='ocrx_word' id='word_1_507' title='bbox 3112 803 3328 856; x_wconf 88' lang='lat' dir='ltr'><strong>omnino</strong></span> <span class='ocrx_word' id='word_1_508' title='bbox 3355 820 3539 859; x_wconf 87' lang='lat' dir='ltr'><strong>eorum</strong></span> 
     </span>
    </p>
   </div>
   <div class='ocr_carea' id='block_1_67' title="bbox 1987 884 3537 958">
    <p class='ocr_par' dir='ltr' id='par_1_67' title="bbox 1987 884 3537 958">
     <span class='ocr_line' id='line_1_67' title="bbox 1987 884 3537 958; baseline 0.012 -26"><span class='ocrx_word' id='word_1_509' title='bbox 1987 893 2142 934; x_wconf 91' lang='lat' dir='ltr'><strong>nosse</strong></span> <span class='ocrx_word' id='word_1_510' title='bbox 2162 921 2177 946; x_wconf 90' lang='lat'><strong>,</strong></span> <span class='ocrx_word' id='word_1_511' title='bbox 2217 898 2331 950; x_wconf 66' lang='lat' dir='ltr'><strong>qua:</strong></span> <span class='ocrx_word' id='word_1_512' title='bbox 2358 884 2564 948; x_wconf 91' lang='lat' dir='ltr'><strong>insunt,</strong></span> <span class='ocrx_word' id='word_1_513' title='bbox 2592 894 2646 939; x_wconf 91' lang='lat' dir='ltr'><strong>et</strong></span> <span class='ocrx_word' id='word_1_514' title='bbox 2669 887 2903 941; x_wconf 90' lang='lat' dir='ltr'><strong>velamen</strong></span> <span class='ocrx_word' id='word_1_515' title='bbox 2946 889 3245 958; x_wconf 89' lang='lat' dir='ltr'><strong>impositum</strong></span> <span class='ocrx_word' id='word_1_516' title='bbox 3274 908 3494 949; x_wconf 91' lang='lat' dir='ltr'><strong>cernere</strong></span> <span class='ocrx_word' id='word_1_517' title='bbox 3522 914 3537 949; x_wconf 92' lang='lat'><strong>:</strong></span> 
     </span>
    </p>
   </div>
   <div class='ocr_carea' id='block_1_68' title="bbox 1985 969 3541 1046">
    <p class='ocr_par' dir='ltr' id='par_1_68' title="bbox 1985 969 3541 1046">
     <span class='ocr_line' id='line_1_68' title="bbox 1985 969 3541 1046; baseline 0.013 -26"><span class='ocrx_word' id='word_1_518' title='bbox 1985 969 2124 1022; x_wconf 90' lang='lat' dir='ltr'><strong>aliud</strong></span> <span class='ocrx_word' id='word_1_519' title='bbox 2153 981 2328 1025; x_wconf 90' lang='lat' dir='ltr'><strong>autem</strong></span> <span class='ocrx_word' id='word_1_520' title='bbox 2355 973 2591 1028; x_wconf 91' lang='lat' dir='ltr'><strong>invenire</strong></span> <span class='ocrx_word' id='word_1_521' title='bbox 2627 991 2744 1044; x_wconf 74' lang='lat' dir='ltr'><strong>qua:</strong></span> <span class='ocrx_word' id='word_1_522' title='bbox 2773 976 3016 1033; x_wconf 91' lang='lat' dir='ltr'><strong>dicuntur</strong></span> <span class='ocrx_word' id='word_1_523' title='bbox 3036 1016 3055 1046; x_wconf 81' lang='lat'><strong>,</strong></span> <span class='ocrx_word' id='word_1_524' title='bbox 3090 981 3182 1035; x_wconf 88' lang='lat' dir='ltr'><strong>sed</strong></span> <span class='ocrx_word' id='word_1_525' title='bbox 3209 998 3331 1037; x_wconf 90' lang='lat' dir='ltr'><strong>cum</strong></span> <span class='ocrx_word' id='word_1_526' title='bbox 3358 984 3541 1041; x_wconf 86' lang='lat' dir='ltr'><strong>labore</strong></span> 
     </span>
    </p>
   </div>
   <div class='ocr_carea' id='block_1_69' title="bbox 1984 1073 2237 1115">
    <p class='ocr_par' dir='ltr' id='par_1_69' title="bbox 1984 1073 2237 1115">
     <span class='ocr_line' id='line_1_69' title="bbox 1984 1073 2237 1115; baseline 0.008 -4"><span class='ocrx_word' id='word_1_527' title='bbox 1984 1073 2237 1115; x_wconf 81' lang='lat' dir='ltr'><strong>Invenire.</strong></span> 
     </span>
    </p>
   </div>
   <div class='ocr_carea' id='block_1_70' title="bbox 2052 1148 3539 1214">
    <p class='ocr_par' dir='ltr' id='par_1_70' title="bbox 2052 1148 3539 1214">
     <span class='ocr_line' id='line_1_70' title="bbox 2052 1148 3539 1214; baseline 0.008 -11"><span class='ocrx_word' id='word_1_528' title='bbox 2052 1148 2283 1203; x_wconf 76' lang='lat' dir='ltr'><strong>Secunda</strong></span> <span class='ocrx_word' id='word_1_529' title='bbox 2324 1168 2473 1204; x_wconf 86' lang='lat' dir='ltr'><strong>causa</strong></span> <span class='ocrx_word' id='word_1_530' title='bbox 2519 1153 2828 1209; x_wconf 83' lang='lat' dir='ltr'><strong>obscuritatis</strong></span> <span class='ocrx_word' id='word_1_531' title='bbox 2880 1154 3067 1211; x_wconf 80' lang='lat' dir='ltr'><strong>Veteris</strong></span> <span class='ocrx_word' id='word_1_532' title='bbox 3102 1157 3425 1214; x_wconf 84' lang='lat' dir='ltr'><strong>Testamenti.</strong></span> <span class='ocrx_word' id='word_1_533' title='bbox 3466 1190 3539 1202; x_wconf 91' lang='lat'><strong>—-</strong></span> 
     </span>
    </p>
   </div>
   <div class='ocr_carea' id='block_1_71' title="bbox 1980 1241 3535 1319">
    <p class='ocr_par' dir='ltr' id='par_1_71' title="bbox 1980 1241 3535 1319">
     <span class='ocr_line' id='line_1_71' title="bbox 1980 1241 3535 1319; baseline 0.007 -25"><span class='ocrx_word' id='word_1_534' title='bbox 1980 1241 2227 1307; x_wconf 65' lang='lat' dir='ltr'><strong>Quaenam</strong></span> <span class='ocrx_word' id='word_1_535' title='bbox 2256 1244 2413 1312; x_wconf 87' lang='lat' dir='ltr'><strong>igitur</strong></span> <span class='ocrx_word' id='word_1_536' title='bbox 2438 1254 2518 1299; x_wconf 91' lang='lat' dir='ltr'><strong>est</strong></span> <span class='ocrx_word' id='word_1_537' title='bbox 2543 1247 2770 1300; x_wconf 85' lang='lat' dir='ltr'><strong>secunda</strong></span> <span class='ocrx_word' id='word_1_538' title='bbox 2800 1262 2979 1311; x_wconf 85' lang='lat' dir='ltr'><strong>causa,</strong></span> <span class='ocrx_word' id='word_1_539' title='bbox 3013 1262 3223 1319; x_wconf 85' lang='lat' dir='ltr'><strong>propter</strong></span> <span class='ocrx_word' id='word_1_540' title='bbox 3248 1266 3402 1319; x_wconf 90' lang='lat' dir='ltr'><strong>quam</strong></span> <span class='ocrx_word' id='word_1_541' title='bbox 3432 1251 3535 1305; x_wconf 83' lang='lat' dir='ltr'><strong>dif-</strong></span> 
     </span>
    </p>
   </div>
   <div class='ocr_carea' id='block_1_72' title="bbox 1979 1333 3530 1408">
    <p class='ocr_par' dir='ltr' id='par_1_72' title="bbox 1979 1333 3530 1408">
     <span class='ocr_line' id='line_1_72' title="bbox 1979 1333 3530 1408; baseline 0.007 -23"><span class='ocrx_word' id='word_1_542' title='bbox 1979 1333 2165 1388; x_wconf 82' lang='lat' dir='ltr'><strong>ﬁcilius</strong></span> <span class='ocrx_word' id='word_1_543' title='bbox 2211 1334 2369 1390; x_wconf 81' lang='lat' dir='ltr'><strong>Vetus</strong></span> <span class='ocrx_word' id='word_1_544' title='bbox 2400 1346 2480 1389; x_wconf 90' lang='lat' dir='ltr'><strong>est</strong></span> <span class='ocrx_word' id='word_1_545' title='bbox 2517 1336 2914 1391; x_wconf 83' lang='lat' dir='ltr'><strong>Testamentum</strong></span> <span class='ocrx_word' id='word_1_546' title='bbox 2956 1354 3109 1408; x_wconf 92' lang='lat' dir='ltr'><strong>quam</strong></span> <span class='ocrx_word' id='word_1_547' title='bbox 3151 1341 3387 1396; x_wconf 86' lang='lat' dir='ltr'><strong>Novum?</strong></span> <span class='ocrx_word' id='word_1_548' title='bbox 3415 1343 3530 1398; x_wconf 87' lang='lat' dir='ltr'><strong>Non</strong></span> 
     </span>
    </p>
   </div>
   <div class='ocr_carea' id='block_1_73' title="bbox 1978 1421 3533 1501">
    <p class='ocr_par' dir='ltr' id='par_1_73' title="bbox 1978 1421 3533 1501">
     <span class='ocr_line' id='line_1_73' title="bbox 1978 1421 3533 1501; baseline 0.008 -26"><span class='ocrx_word' id='word_1_549' title='bbox 1978 1421 2232 1477; x_wconf 84' lang='lat' dir='ltr'><strong>habemus</strong></span> <span class='ocrx_word' id='word_1_550' title='bbox 2265 1427 2441 1478; x_wconf 90' lang='lat' dir='ltr'><strong>nativo</strong></span> <span class='ocrx_word' id='word_1_551' title='bbox 2484 1436 2664 1479; x_wconf 84' lang='lat' dir='ltr'><strong>nostro</strong></span> <span class='ocrx_word' id='word_1_552' title='bbox 2703 1427 2949 1482; x_wconf 89' lang='lat' dir='ltr'><strong>idiomate</strong></span> <span class='ocrx_word' id='word_1_553' title='bbox 2986 1431 3234 1498; x_wconf 89' lang='lat' dir='ltr'><strong>scriptum</strong></span> <span class='ocrx_word' id='word_1_554' title='bbox 3266 1432 3404 1501; x_wconf 88' lang='lat' dir='ltr'><strong>apud</strong></span> <span class='ocrx_word' id='word_1_555' title='bbox 3435 1448 3533 1488; x_wconf 87' lang='lat' dir='ltr'><strong>nos</strong></span> 
     </span>
    </p>
   </div>
   <div class='ocr_carea' id='block_1_74' title="bbox 1978 1512 3530 1592">
    <p class='ocr_par' dir='ltr' id='par_1_74' title="bbox 1978 1512 3530 1592">
     <span class='ocr_line' id='line_1_74' title="bbox 1978 1512 3530 1592; baseline 0.006 -26"><span class='ocrx_word' id='word_1_556' title='bbox 1978 1512 2138 1567; x_wconf 79' lang='lat' dir='ltr'><strong>Vetus</strong></span> <span class='ocrx_word' id='word_1_557' title='bbox 2168 1515 2589 1571; x_wconf 86' lang='lat' dir='ltr'><strong>Testamentum:</strong></span> <span class='ocrx_word' id='word_1_558' title='bbox 2619 1516 2712 1571; x_wconf 90' lang='lat' dir='ltr'><strong>sed</strong></span> <span class='ocrx_word' id='word_1_559' title='bbox 2742 1517 2839 1571; x_wconf 89' lang='lat' dir='ltr'><strong>alia</strong></span> <span class='ocrx_word' id='word_1_560' title='bbox 2866 1520 3076 1587; x_wconf 90' lang='lat' dir='ltr'><strong>quidem</strong></span> <span class='ocrx_word' id='word_1_561' title='bbox 3104 1520 3280 1590; x_wconf 84' lang='lat' dir='ltr'><strong>lingua</strong></span> <span class='ocrx_word' id='word_1_562' title='bbox 3316 1538 3530 1592; x_wconf 90' lang='lat' dir='ltr'><strong>compo-</strong></span> 
     </span>
    </p>
   </div>
   <div class='ocr_carea' id='block_1_75' title="bbox 1975 1604 3527 1679">
    <p class='ocr_par' dir='ltr' id='par_1_75' title="bbox 1975 1604 3527 1679">
     <span class='ocr_line' id='line_1_75' title="bbox 1975 1604 3527 1679; baseline 0.006 -22"><span class='ocrx_word' id='word_1_563' title='bbox 1975 1604 2131 1658; x_wconf 88' lang='lat' dir='ltr'><strong>situm</strong></span> <span class='ocrx_word' id='word_1_564' title='bbox 2178 1614 2278 1671; x_wconf 92' lang='lat' dir='ltr'><strong>est,</strong></span> <span class='ocrx_word' id='word_1_565' title='bbox 2322 1606 2425 1659; x_wconf 88' lang='lat' dir='ltr'><strong>alia</strong></span> <span class='ocrx_word' id='word_1_566' title='bbox 2462 1623 2588 1661; x_wconf 89' lang='lat' dir='ltr'><strong>vero</strong></span> <span class='ocrx_word' id='word_1_567' title='bbox 2619 1623 2714 1661; x_wconf 90' lang='lat' dir='ltr'><strong>nos</strong></span> <span class='ocrx_word' id='word_1_568' title='bbox 2753 1608 2877 1662; x_wconf 91' lang='lat' dir='ltr'><strong>illud</strong></span> <span class='ocrx_word' id='word_1_569' title='bbox 2921 1609 3193 1679; x_wconf 81' lang='lat' dir='ltr'><strong>legendum</strong></span> <span class='ocrx_word' id='word_1_570' title='bbox 3236 1612 3527 1666; x_wconf 84' lang='lat' dir='ltr'><strong>habemus:</strong></span> 
     </span>
    </p>
   </div>
   <div class='ocr_carea' id='block_1_76' title="bbox 1975 1697 3527 1770">
    <p class='ocr_par' dir='ltr' id='par_1_76' title="bbox 1975 1697 3527 1770">
     <span class='ocr_line' id='line_1_76' title="bbox 1975 1697 3527 1770; baseline 0.006 -23"><span class='ocrx_word' id='word_1_571' title='bbox 1975 1709 2093 1748; x_wconf 90' lang='lat' dir='ltr'><strong>nam</strong></span> <span class='ocrx_word' id='word_1_572' title='bbox 2131 1710 2161 1748; x_wconf 92' lang='lat' dir='ltr'><strong>a</strong></span> <span class='ocrx_word' id='word_1_573' title='bbox 2193 1697 2446 1766; x_wconf 84' lang='lat' dir='ltr'><strong>principio</strong></span> <span class='ocrx_word' id='word_1_574' title='bbox 2483 1698 2738 1754; x_wconf 83' lang='lat' dir='ltr'><strong>Hebraico</strong></span> <span class='ocrx_word' id='word_1_575' title='bbox 2763 1702 3117 1769; x_wconf 87' lang='lat' dir='ltr'><strong>conscriptum</strong></span> <span class='ocrx_word' id='word_1_576' title='bbox 3141 1711 3221 1755; x_wconf 89' lang='lat' dir='ltr'><strong>est</strong></span> <span class='ocrx_word' id='word_1_577' title='bbox 3256 1702 3527 1770; x_wconf 85' lang='lat' dir='ltr'><strong>idiomate,</strong></span> 
     </span>
    </p>
   </div>
   <div class='ocr_carea' id='block_1_77' title="bbox 1973 1788 3523 1859">
    <p class='ocr_par' dir='ltr' id='par_1_77' title="bbox 1973 1788 3523 1859">
     <span class='ocr_line' id='line_1_77' title="bbox 1973 1788 3523 1859; baseline 0.005 -20"><span class='ocrx_word' id='word_1_578' title='bbox 1973 1800 2072 1839; x_wconf 90' lang='lat' dir='ltr'><strong>nos</strong></span> <span class='ocrx_word' id='word_1_579' title='bbox 2095 1796 2267 1841; x_wconf 88' lang='lat' dir='ltr'><strong>autem</strong></span> <span class='ocrx_word' id='word_1_580' title='bbox 2297 1788 2473 1843; x_wconf 61' lang='lat' dir='ltr'><strong>Graeca</strong></span> <span class='ocrx_word' id='word_1_581' title='bbox 2506 1790 2680 1858; x_wconf 88' lang='lat' dir='ltr'><strong>lingua</strong></span> <span class='ocrx_word' id='word_1_582' title='bbox 2707 1804 3012 1858; x_wconf 88' lang='lat' dir='ltr'><strong>expressum</strong></span> <span class='ocrx_word' id='word_1_583' title='bbox 3034 1795 3331 1859; x_wconf 89' lang='lat' dir='ltr'><strong>accepimus</strong></span> <span class='ocrx_word' id='word_1_584' title='bbox 3362 1811 3375 1845; x_wconf 93' lang='lat'><strong>:</strong></span> <span class='ocrx_word' id='word_1_585' title='bbox 3402 1808 3523 1847; x_wconf 90' lang='lat' dir='ltr'><strong>cum</strong></span> 
     </span>
    </p>
   </div>
   <div class='ocr_carea' id='block_1_78' title="bbox 1971 1876 3521 1948">
    <p class='ocr_par' dir='ltr' id='par_1_78' title="bbox 1971 1876 3521 1948">
     <span class='ocr_line' id='line_1_78' title="bbox 1971 1876 3521 1948; baseline 0.005 -20"><span class='ocrx_word' id='word_1_586' title='bbox 1971 1889 2099 1929; x_wconf 86' lang='lat' dir='ltr'><strong>vero</strong></span> <span class='ocrx_word' id='word_1_587' title='bbox 2129 1876 2181 1929; x_wconf 92' lang='lat' dir='ltr'><strong>in</strong></span> <span class='ocrx_word' id='word_1_588' title='bbox 2218 1877 2433 1931; x_wconf 89' lang='lat' dir='ltr'><strong>alteram</strong></span> <span class='ocrx_word' id='word_1_589' title='bbox 2481 1879 2707 1948; x_wconf 89' lang='lat' dir='ltr'><strong>linguam</strong></span> <span class='ocrx_word' id='word_1_590' title='bbox 2745 1880 3173 1947; x_wconf 85' lang='lat' dir='ltr'><strong>interpretatione</strong></span> <span class='ocrx_word' id='word_1_591' title='bbox 3211 1884 3521 1936; x_wconf 89' lang='lat' dir='ltr'><strong>translatum</strong></span> 
     </span>
    </p>
   </div>
   <div class='ocr_carea' id='block_1_79' title="bbox 1972 1963 3523 2041">
    <p class='ocr_par' dir='ltr' id='par_1_79' title="bbox 1972 1963 3523 2041">
     <span class='ocr_line' id='line_1_79' title="bbox 1972 1963 3523 2041; baseline 0.006 -24"><span class='ocrx_word' id='word_1_592' title='bbox 1972 1963 2147 2030; x_wconf 87' lang='lat' dir='ltr'><strong>fuerit,</strong></span> <span class='ocrx_word' id='word_1_593' title='bbox 2180 1967 2457 2020; x_wconf 85' lang='lat' dir='ltr'><strong>maximam</strong></span> <span class='ocrx_word' id='word_1_594' title='bbox 2483 1968 2641 2023; x_wconf 89' lang='lat' dir='ltr'><strong>habet</strong></span> <span class='ocrx_word' id='word_1_595' title='bbox 2670 1968 3051 2022; x_wconf 81' lang='lat' dir='ltr'><strong>difﬁcultatem.</strong></span> <span class='ocrx_word' id='word_1_596' title='bbox 3078 1972 3250 2039; x_wconf 86' lang='lat' dir='ltr'><strong>Atque</strong></span> <span class='ocrx_word' id='word_1_597' title='bbox 3280 1972 3381 2028; x_wconf 86' lang='lat' dir='ltr'><strong>hoc</strong></span> <span class='ocrx_word' id='word_1_598' title='bbox 3402 1987 3523 2041; x_wconf 88' lang='lat' dir='ltr'><strong>pro-</strong></span> 
     </span>
    </p>
   </div>
   <div class='ocr_carea' id='block_1_80' title="bbox 1970 2055 3523 2130">
    <p class='ocr_par' dir='ltr' id='par_1_80' title="bbox 1970 2055 3523 2130">
     <span class='ocr_line' id='line_1_80' title="bbox 1970 2055 3523 2130; baseline 0.006 -20"><span class='ocrx_word' id='word_1_599' title='bbox 1970 2055 2036 2110; x_wconf 87' lang='lat' dir='ltr'><strong>be</strong></span> <span class='ocrx_word' id='word_1_600' title='bbox 2060 2057 2247 2121; x_wconf 88' lang='lat' dir='ltr'><strong>sciunt,</strong></span> <span class='ocrx_word' id='word_1_601' title='bbox 2270 2060 2580 2129; x_wconf 91' lang='lat' dir='ltr'><strong>quicumque</strong></span> <span class='ocrx_word' id='word_1_602' title='bbox 2595 2060 2785 2113; x_wconf 88' lang='lat' dir='ltr'><strong>multas</strong></span> <span class='ocrx_word' id='word_1_603' title='bbox 2814 2062 3020 2130; x_wconf 88' lang='lat' dir='ltr'><strong>linguas</strong></span> <span class='ocrx_word' id='word_1_604' title='bbox 3044 2064 3254 2128; x_wconf 84' lang='lat' dir='ltr'><strong>callent,</strong></span> <span class='ocrx_word' id='word_1_605' title='bbox 3280 2063 3392 2119; x_wconf 78' lang='lat' dir='ltr'><strong>ﬁeri</strong></span> <span class='ocrx_word' id='word_1_606' title='bbox 3417 2080 3523 2120; x_wconf 89' lang='lat' dir='ltr'><strong>non</strong></span> 
     </span>
    </p>
   </div>
   <div class='ocr_carea' id='block_1_81' title="bbox 1970 2150 3523 2220">
    <p class='ocr_par' dir='ltr' id='par_1_81' title="bbox 1970 2150 3523 2220">
     <span class='ocr_line' id='line_1_81' title="bbox 1970 2150 3523 2220; baseline 0.005 -18"><span class='ocrx_word' id='word_1_607' title='bbox 1970 2162 2125 2216; x_wconf 88' lang='lat' dir='ltr'><strong>posse</strong></span> <span class='ocrx_word' id='word_1_608' title='bbox 2148 2158 2199 2203; x_wconf 94' lang='lat' dir='ltr'><strong>ut</strong></span> <span class='ocrx_word' id='word_1_609' title='bbox 2231 2150 2340 2219; x_wconf 90' lang='lat' dir='ltr'><strong>pari</strong></span> <span class='ocrx_word' id='word_1_610' title='bbox 2380 2151 2747 2220; x_wconf 86' lang='lat' dir='ltr'><strong>perspicuitate</strong></span> <span class='ocrx_word' id='word_1_611' title='bbox 2780 2154 3068 2207; x_wconf 90' lang='lat' dir='ltr'><strong>sententias</strong></span> <span class='ocrx_word' id='word_1_612' title='bbox 3099 2169 3283 2208; x_wconf 91' lang='lat' dir='ltr'><strong>omnes</strong></span> <span class='ocrx_word' id='word_1_613' title='bbox 3322 2172 3386 2211; x_wconf 90' lang='lat' dir='ltr'><strong>ex</strong></span> <span class='ocrx_word' id='word_1_614' title='bbox 3428 2172 3523 2210; x_wconf 86' lang='lat' dir='ltr'><strong>na-</strong></span> 
     </span>
    </p>
   </div>
   <div class='ocr_carea' id='block_1_82' title="bbox 1971 2239 3523 2310">
    <p class='ocr_par' dir='ltr' id='par_1_82' title="bbox 1971 2239 3523 2310">
     <span class='ocr_line' id='line_1_82' title="bbox 1971 2239 3523 2310; baseline 0.005 -19"><span class='ocrx_word' id='word_1_615' title='bbox 1971 2239 2074 2291; x_wconf 89' lang='lat' dir='ltr'><strong>tiva</strong></span> <span class='ocrx_word' id='word_1_616' title='bbox 2115 2252 2205 2291; x_wconf 90' lang='lat' dir='ltr'><strong>sua</strong></span> <span class='ocrx_word' id='word_1_617' title='bbox 2254 2240 2425 2309; x_wconf 88' lang='lat' dir='ltr'><strong>lingua</strong></span> <span class='ocrx_word' id='word_1_618' title='bbox 2465 2240 2517 2293; x_wconf 90' lang='lat' dir='ltr'><strong>in</strong></span> <span class='ocrx_word' id='word_1_619' title='bbox 2565 2241 2781 2294; x_wconf 88' lang='lat' dir='ltr'><strong>alteram</strong></span> <span class='ocrx_word' id='word_1_620' title='bbox 2817 2242 3209 2310; x_wconf 87' lang='lat' dir='ltr'><strong>interpretando</strong></span> <span class='ocrx_word' id='word_1_621' title='bbox 3238 2245 3523 2300; x_wconf 89' lang='lat' dir='ltr'><strong>transfera-</strong></span> 
     </span>
    </p>
   </div>
   <div class='ocr_carea' id='block_1_83' title="bbox 1968 2329 3520 2399">
    <p class='ocr_par' dir='ltr' id='par_1_83' title="bbox 1968 2329 3520 2399">
     <span class='ocr_line' id='line_1_83' title="bbox 1968 2329 3520 2399; baseline 0.005 -17"><span class='ocrx_word' id='word_1_622' title='bbox 1968 2343 2104 2382; x_wconf 89' lang='lat' dir='ltr'><strong>mus.</strong></span> <span class='ocrx_word' id='word_1_623' title='bbox 2137 2329 2258 2383; x_wconf 72' lang='lat' dir='ltr'><strong>llmc</strong></span> <span class='ocrx_word' id='word_1_624' title='bbox 2288 2329 2446 2399; x_wconf 90' lang='lat' dir='ltr'><strong>igitur</strong></span> <span class='ocrx_word' id='word_1_625' title='bbox 2481 2345 2642 2385; x_wconf 85' lang='lat' dir='ltr'><strong>causa</strong></span> <span class='ocrx_word' id='word_1_626' title='bbox 2678 2330 2998 2387; x_wconf 83' lang='lat' dir='ltr'><strong>difficultatis</strong></span> <span class='ocrx_word' id='word_1_627' title='bbox 3033 2334 3233 2386; x_wconf 85' lang='lat' dir='ltr'><strong>exstitit</strong></span> <span class='ocrx_word' id='word_1_628' title='bbox 3264 2336 3313 2386; x_wconf 92' lang='lat' dir='ltr'><strong>in</strong></span> <span class='ocrx_word' id='word_1_629' title='bbox 3348 2336 3520 2390; x_wconf 87' lang='lat' dir='ltr'><strong>Veteri</strong></span> 
     </span>
    </p>
   </div>
   <div class='ocr_carea' id='block_1_84' title="bbox 1966 2419 3520 2481">
    <p class='ocr_par' dir='ltr' id='par_1_84' title="bbox 1966 2419 3520 2481">
     <span class='ocr_line' id='line_1_84' title="bbox 1966 2419 3520 2481; baseline 0.005 -8"><span class='ocrx_word' id='word_1_630' title='bbox 1966 2419 2322 2475; x_wconf 86' lang='lat' dir='ltr'><strong>Testamento.</strong></span> <span class='ocrx_word' id='word_1_631' title='bbox 2369 2422 2498 2475; x_wconf 87' lang='lat' dir='ltr'><strong>Nam</strong></span> <span class='ocrx_word' id='word_1_632' title='bbox 2542 2433 2661 2475; x_wconf 91' lang='lat' dir='ltr'><strong>ante</strong></span> <span class='ocrx_word' id='word_1_633' title='bbox 2709 2422 2899 2474; x_wconf 90' lang='lat' dir='ltr'><strong>Christi</strong></span> <span class='ocrx_word' id='word_1_634' title='bbox 2948 2422 3224 2475; x_wconf 89' lang='lat' dir='ltr'><strong>adventum</strong></span> <span class='ocrx_word' id='word_1_635' title='bbox 3270 2427 3520 2481; x_wconf 83' lang='lat' dir='ltr'><strong>trecentis</strong></span> 
     </span>
    </p>
   </div>
   <div class='ocr_carea' id='block_1_85' title="bbox 1963 2509 3518 2578">
    <p class='ocr_par' dir='ltr' id='par_1_85' title="bbox 1963 2509 3518 2578">
     <span class='ocr_line' id='line_1_85' title="bbox 1963 2509 3518 2578; baseline 0.002 -16"><span class='ocrx_word' id='word_1_636' title='bbox 1963 2511 2147 2574; x_wconf 86' lang='lat' dir='ltr'><strong>annis,</strong></span> <span class='ocrx_word' id='word_1_637' title='bbox 2172 2509 2533 2578; x_wconf 62' lang='lat' dir='ltr'><strong>Egyptiorum</strong></span> <span class='ocrx_word' id='word_1_638' title='bbox 2564 2523 2687 2577; x_wconf 88' lang='lat' dir='ltr'><strong>rege</strong></span> <span class='ocrx_word' id='word_1_639' title='bbox 2730 2509 3033 2574; x_wconf 72' lang='lat' dir='ltr'><strong>Ptolemmo,</strong></span> <span class='ocrx_word' id='word_1_640' title='bbox 3070 2510 3119 2563; x_wconf 90' lang='lat' dir='ltr'><strong>in</strong></span> <span class='ocrx_word' id='word_1_641' title='bbox 3150 2510 3384 2565; x_wconf 73' lang='lat' dir='ltr'><strong>Grmcam</strong></span> <span class='ocrx_word' id='word_1_642' title='bbox 3418 2513 3518 2565; x_wconf 90' lang='lat' dir='ltr'><strong>lin-</strong></span> 
     </span>
    </p>
   </div>
   <div class='ocr_carea' id='block_1_86' title="bbox 1961 2598 3520 2667">
    <p class='ocr_par' dir='ltr' id='par_1_86' title="bbox 1961 2598 3520 2667">
     <span class='ocr_line' id='line_1_86' title="bbox 1961 2598 3520 2667; baseline 0.002 -16"><span class='ocrx_word' id='word_1_643' title='bbox 1961 2614 2114 2667; x_wconf 90' lang='lat' dir='ltr'><strong>guam</strong></span> <span class='ocrx_word' id='word_1_644' title='bbox 2140 2598 2446 2653; x_wconf 87' lang='lat' dir='ltr'><strong>translatum</strong></span> <span class='ocrx_word' id='word_1_645' title='bbox 2473 2609 2552 2652; x_wconf 85' lang='lat' dir='ltr'><strong>est</strong></span> <span class='ocrx_word' id='word_1_646' title='bbox 2586 2598 2977 2651; x_wconf 89' lang='lat' dir='ltr'><strong>Testamentum</strong></span> <span class='ocrx_word' id='word_1_647' title='bbox 3015 2598 3175 2652; x_wconf 84' lang='lat' dir='ltr'><strong>Vetus</strong></span> <span class='ocrx_word' id='word_1_648' title='bbox 3202 2600 3351 2653; x_wconf 87' lang='lat' dir='ltr'><strong>valde</strong></span> <span class='ocrx_word' id='word_1_649' title='bbox 3382 2602 3520 2654; x_wconf 90' lang='lat' dir='ltr'><strong>utili-</strong></span> 
     </span>
    </p>
   </div>
   <div class='ocr_carea' id='block_1_87' title="bbox 1964 2687 3519 2758">
    <p class='ocr_par' dir='ltr' id='par_1_87' title="bbox 1964 2687 3519 2758">
     <span class='ocr_line' id='line_1_87' title="bbox 1964 2687 3519 2758; baseline 0.002 -16"><span class='ocrx_word' id='word_1_650' title='bbox 1964 2697 2045 2742; x_wconf 90' lang='lat' dir='ltr'><strong>ter</strong></span> <span class='ocrx_word' id='word_1_651' title='bbox 2072 2696 2126 2741; x_wconf 92' lang='lat' dir='ltr'><strong>et</strong></span> <span class='ocrx_word' id='word_1_652' title='bbox 2148 2687 2692 2753; x_wconf 87' lang='lat' dir='ltr'><strong>fructuose.Quamdiu</strong></span> <span class='ocrx_word' id='word_1_653' title='bbox 2724 2687 2862 2741; x_wconf 89' lang='lat' dir='ltr'><strong>enim</strong></span> <span class='ocrx_word' id='word_1_654' title='bbox 2884 2702 3002 2741; x_wconf 93' lang='lat' dir='ltr'><strong>cum</strong></span> <span class='ocrx_word' id='word_1_655' title='bbox 3032 2703 3130 2739; x_wconf 90' lang='lat' dir='ltr'><strong>una</strong></span> <span class='ocrx_word' id='word_1_656' title='bbox 3157 2698 3312 2757; x_wconf 86' lang='lat' dir='ltr'><strong>gente</strong></span> <span class='ocrx_word' id='word_1_657' title='bbox 3338 2689 3519 2758; x_wconf 84' lang='lat' dir='ltr'><strong>loque-</strong></span> 
     </span>
    </p>
   </div>
   <div class='ocr_carea' id='block_1_88' title="bbox 1962 2775 3518 2850">
    <p class='ocr_par' dir='ltr' id='par_1_88' title="bbox 1962 2775 3518 2850">
     <span class='ocr_line' id='line_1_88' title="bbox 1962 2775 3518 2850; baseline 0 -19"><span class='ocrx_word' id='word_1_658' title='bbox 1962 2776 2132 2841; x_wconf 83' lang='lat' dir='ltr'><strong>batur,</strong></span> <span class='ocrx_word' id='word_1_659' title='bbox 2183 2778 2234 2831; x_wconf 89' lang='lat' dir='ltr'><strong>in</strong></span> <span class='ocrx_word' id='word_1_660' title='bbox 2275 2775 2525 2850; x_wconf 76' lang='lat' dir='ltr'><strong>llebraica</strong></span> <span class='ocrx_word' id='word_1_661' title='bbox 2568 2776 2741 2846; x_wconf 77' lang='lat' dir='ltr'><strong>lingua</strong></span> <span class='ocrx_word' id='word_1_662' title='bbox 2783 2776 3044 2830; x_wconf 88' lang='lat' dir='ltr'><strong>manebat.</strong></span> <span class='ocrx_word' id='word_1_663' title='bbox 3094 2776 3282 2831; x_wconf 84' lang='lat' dir='ltr'><strong>Nullus</strong></span> <span class='ocrx_word' id='word_1_664' title='bbox 3324 2782 3518 2848; x_wconf 84' lang='lat' dir='ltr'><strong>quippe</strong></span> 
     </span>
    </p>
   </div>
   <div class='ocr_carea' id='block_1_89' title="bbox 1962 2852 3517 2939">
    <p class='ocr_par' dir='ltr' id='par_1_89' title="bbox 1962 2852 3517 2939">
     <span class='ocr_line' id='line_1_89' title="bbox 1962 2852 3517 2939; baseline 0.002 -17"><span class='ocrx_word' id='word_1_665' title='bbox 1962 2876 2088 2922; x_wconf 92' lang='lat' dir='ltr'><strong>tunc</strong></span> <span class='ocrx_word' id='word_1_666' title='bbox 2114 2869 2343 2921; x_wconf 90' lang='lat' dir='ltr'><strong>animum</strong></span> <span class='ocrx_word' id='word_1_667' title='bbox 2366 2868 2441 2921; x_wconf 93' lang='lat' dir='ltr'><strong>illi</strong></span> <span class='ocrx_word' id='word_1_668' title='bbox 2468 2852 2795 2921; x_wconf 82' lang='lat' dir='ltr'><strong>adhibiturus</strong></span> <span class='ocrx_word' id='word_1_669' title='bbox 2824 2878 2937 2921; x_wconf 88' lang='lat' dir='ltr'><strong>erat</strong></span> <span class='ocrx_word' id='word_1_670' title='bbox 2957 2906 2972 2930; x_wconf 86' lang='lat'><strong>,</strong></span> <span class='ocrx_word' id='word_1_671' title='bbox 3000 2883 3118 2920; x_wconf 89' lang='lat' dir='ltr'><strong>cum</strong></span> <span class='ocrx_word' id='word_1_672' title='bbox 3139 2869 3396 2936; x_wconf 90' lang='lat' dir='ltr'><strong>reliquum</strong></span> <span class='ocrx_word' id='word_1_673' title='bbox 3426 2886 3517 2939; x_wconf 85' lang='lat' dir='ltr'><strong>ge-</strong></span> 
     </span>
    </p>
   </div>
   <div class='ocr_carea' id='block_1_90' title="bbox 1961 2958 3511 3026">
    <p class='ocr_par' dir='ltr' id='par_1_90' title="bbox 1961 2958 3511 3026">
     <span class='ocr_line' id='line_1_90' title="bbox 1961 2958 3511 3026; baseline -0.001 -13"><span class='ocrx_word' id='word_1_674' title='bbox 1961 2974 2062 3013; x_wconf 90' lang='lat' dir='ltr'><strong>nus</strong></span> <span class='ocrx_word' id='word_1_675' title='bbox 2091 2960 2371 3014; x_wconf 90' lang='lat' dir='ltr'><strong>humanum</strong></span> <span class='ocrx_word' id='word_1_676' title='bbox 2393 2958 2457 3013; x_wconf 89' lang='lat' dir='ltr'><strong>ad</strong></span> <span class='ocrx_word' id='word_1_677' title='bbox 2487 2972 2743 3012; x_wconf 90' lang='lat' dir='ltr'><strong>summam</strong></span> <span class='ocrx_word' id='word_1_678' title='bbox 2768 2958 3143 3010; x_wconf 74' lang='lat' dir='ltr'><strong>immanitatem</strong></span> <span class='ocrx_word' id='word_1_679' title='bbox 3166 2960 3511 3026; x_wconf 88' lang='lat' dir='ltr'><strong>pervenisset.</strong></span> 
     </span>
    </p>
   </div>
   <div class='ocr_carea' id='block_1_91' title="bbox 1961 3046 3513 3110">
    <p class='ocr_par' dir='ltr' id='par_1_91' title="bbox 1961 3046 3513 3110">
     <span class='ocr_line' id='line_1_91' title="bbox 1961 3046 3513 3110; baseline -0.001 -7"><span class='ocrx_word' id='word_1_680' title='bbox 1961 3048 2059 3105; x_wconf 90' lang='lat' dir='ltr'><strong>Ubi</strong></span> <span class='ocrx_word' id='word_1_681' title='bbox 2102 3064 2229 3103; x_wconf 88' lang='lat' dir='ltr'><strong>vero</strong></span> <span class='ocrx_word' id='word_1_682' title='bbox 2265 3048 2501 3103; x_wconf 85' lang='lat' dir='ltr'><strong>Christus</strong></span> <span class='ocrx_word' id='word_1_683' title='bbox 2526 3057 2809 3102; x_wconf 87' lang='lat' dir='ltr'><strong>eventurus</strong></span> <span class='ocrx_word' id='word_1_684' title='bbox 2857 3046 2978 3110; x_wconf 89' lang='lat' dir='ltr'><strong>fuit,</strong></span> <span class='ocrx_word' id='word_1_685' title='bbox 3008 3057 3061 3099; x_wconf 90' lang='lat' dir='ltr'><strong>et</strong></span> <span class='ocrx_word' id='word_1_686' title='bbox 3089 3047 3388 3101; x_wconf 87' lang='lat' dir='ltr'><strong>universum</strong></span> <span class='ocrx_word' id='word_1_687' title='bbox 3420 3062 3513 3101; x_wconf 88' lang='lat' dir='ltr'><strong>or-</strong></span> 
     </span>
    </p>
   </div>
   <div class='ocr_carea' id='block_1_92' title="bbox 1959 3138 3516 3205">
    <p class='ocr_par' dir='ltr' id='par_1_92' title="bbox 1959 3138 3516 3205">
     <span class='ocr_line' id='line_1_92' title="bbox 1959 3138 3516 3205; baseline -0.001 -11"><span class='ocrx_word' id='word_1_688' title='bbox 1959 3139 2077 3195; x_wconf 91' lang='lat' dir='ltr'><strong>bem</strong></span> <span class='ocrx_word' id='word_1_689' title='bbox 2131 3148 2389 3195; x_wconf 89' lang='lat' dir='ltr'><strong>terrarum</strong></span> <span class='ocrx_word' id='word_1_690' title='bbox 2435 3139 2501 3192; x_wconf 88' lang='lat' dir='ltr'><strong>ad</strong></span> <span class='ocrx_word' id='word_1_691' title='bbox 2542 3154 2600 3192; x_wconf 88' lang='lat' dir='ltr'><strong>se</strong></span> <span class='ocrx_word' id='word_1_692' title='bbox 2643 3147 2947 3199; x_wconf 77' lang='lat' dir='ltr'><strong>vacaturus,</strong></span> <span class='ocrx_word' id='word_1_693' title='bbox 2990 3152 3092 3190; x_wconf 92' lang='lat' dir='ltr'><strong>non</strong></span> <span class='ocrx_word' id='word_1_694' title='bbox 3130 3152 3224 3205; x_wconf 89' lang='lat' dir='ltr'><strong>per</strong></span> <span class='ocrx_word' id='word_1_695' title='bbox 3248 3138 3516 3205; x_wconf 87' lang='lat' dir='ltr'><strong>apostolos</strong></span> 
     </span>
    </p>
   </div>
   <div class='ocr_carea' id='block_1_93' title="bbox 1960 3226 3515 3298">
    <p class='ocr_par' dir='ltr' id='par_1_93' title="bbox 1960 3226 3515 3298">
     <span class='ocr_line' id='line_1_93' title="bbox 1960 3226 3515 3298; baseline -0.001 -14"><span class='ocrx_word' id='word_1_696' title='bbox 1960 3240 2162 3284; x_wconf 89' lang='lat' dir='ltr'><strong>tantum</strong></span> <span class='ocrx_word' id='word_1_697' title='bbox 2183 3271 2195 3291; x_wconf 90' lang='lat'><strong>,</strong></span> <span class='ocrx_word' id='word_1_698' title='bbox 2226 3230 2319 3284; x_wconf 90' lang='lat' dir='ltr'><strong>sed</strong></span> <span class='ocrx_word' id='word_1_699' title='bbox 2354 3244 2447 3298; x_wconf 89' lang='lat' dir='ltr'><strong>per</strong></span> <span class='ocrx_word' id='word_1_700' title='bbox 2488 3228 2770 3297; x_wconf 88' lang='lat' dir='ltr'><strong>prophetas</strong></span> <span class='ocrx_word' id='word_1_701' title='bbox 2808 3242 3015 3296; x_wconf 86' lang='lat' dir='ltr'><strong>quoque</strong></span> <span class='ocrx_word' id='word_1_702' title='bbox 3045 3226 3205 3298; x_wconf 92' lang='lat' dir='ltr'><strong>(nam</strong></span> <span class='ocrx_word' id='word_1_703' title='bbox 3236 3238 3289 3282; x_wconf 91' lang='lat' dir='ltr'><strong>et</strong></span> <span class='ocrx_word' id='word_1_704' title='bbox 3318 3228 3388 3282; x_wconf 88' lang='lat' dir='ltr'><strong>illi</strong></span> <span class='ocrx_word' id='word_1_705' title='bbox 3420 3244 3515 3283; x_wconf 87' lang='lat' dir='ltr'><strong>nos</strong></span> 
     </span>
    </p>
   </div>
   <div class='ocr_carea' id='block_1_94' title="bbox 1958 3316 3515 3387">
    <p class='ocr_par' dir='ltr' id='par_1_94' title="bbox 1958 3316 3515 3387">
     <span class='ocr_line' id='line_1_94' title="bbox 1958 3316 3515 3387; baseline -0.002 -13"><span class='ocrx_word' id='word_1_706' title='bbox 1958 3320 2022 3373; x_wconf 85' lang='lat' dir='ltr'><strong>ad</strong></span> <span class='ocrx_word' id='word_1_707' title='bbox 2052 3321 2204 3374; x_wconf 85' lang='lat' dir='ltr'><strong>iidem</strong></span> <span class='ocrx_word' id='word_1_708' title='bbox 2235 3318 2543 3387; x_wconf 84' lang='lat' dir='ltr'><strong>cognitionis</strong></span> <span class='ocrx_word' id='word_1_709' title='bbox 2566 3316 2760 3372; x_wconf 85' lang='lat' dir='ltr'><strong>Christi</strong></span> <span class='ocrx_word' id='word_1_710' title='bbox 2787 3316 3093 3387; x_wconf 89' lang='lat' dir='ltr'><strong>deducunt),</strong></span> <span class='ocrx_word' id='word_1_711' title='bbox 3129 3326 3234 3370; x_wconf 78' lang='lat' dir='ltr'><strong>tum</strong></span> <span class='ocrx_word' id='word_1_712' title='bbox 3260 3320 3515 3386; x_wconf 88' lang='lat' dir='ltr'><strong>temporis</strong></span> 
     </span>
    </p>
   </div>
   <div class='ocr_carea' id='block_1_95' title="bbox 1959 3405 3513 3478">
    <p class='ocr_par' dir='ltr' id='par_1_95' title="bbox 1959 3405 3513 3478">
     <span class='ocr_line' id='line_1_95' title="bbox 1959 3405 3513 3478; baseline -0.002 -15"><span class='ocrx_word' id='word_1_713' title='bbox 1959 3418 2222 3478; x_wconf 85' lang='lat' dir='ltr'><strong>tamquam</strong></span> <span class='ocrx_word' id='word_1_714' title='bbox 2262 3408 2434 3462; x_wconf 88' lang='lat' dir='ltr'><strong>aditus</strong></span> <span class='ocrx_word' id='word_1_715' title='bbox 2464 3416 2518 3461; x_wconf 89' lang='lat' dir='ltr'><strong>et</strong></span> <span class='ocrx_word' id='word_1_716' title='bbox 2562 3407 2673 3460; x_wconf 87' lang='lat' dir='ltr'><strong>vias</strong></span> <span class='ocrx_word' id='word_1_717' title='bbox 2705 3405 2957 3473; x_wconf 88' lang='lat' dir='ltr'><strong>quasdam</strong></span> <span class='ocrx_word' id='word_1_718' title='bbox 3001 3405 3321 3473; x_wconf 82' lang='lat' dir='ltr'><strong>prophetiae,</strong></span> <span class='ocrx_word' id='word_1_719' title='bbox 3358 3414 3513 3460; x_wconf 87' lang='lat' dir='ltr'><strong>antea</strong></span> 
     </span>
    </p>
   </div>
   <div class='ocr_carea' id='block_1_96' title="bbox 1957 3494 3506 3570">
    <p class='ocr_par' dir='ltr' id='par_1_96' title="bbox 1957 3494 3506 3570">
     <span class='ocr_line' id='line_1_96' title="bbox 1957 3494 3506 3570; baseline -0.004 -15"><span class='ocrx_word' id='word_1_720' title='bbox 1957 3500 2146 3570; x_wconf 68' lang='lat' dir='ltr'><strong>linguae</strong></span> <span class='ocrx_word' id='word_1_721' title='bbox 2188 3498 2506 3553; x_wconf 85' lang='lat' dir='ltr'><strong>obscuritate</strong></span> <span class='ocrx_word' id='word_1_722' title='bbox 2543 3498 2748 3550; x_wconf 88' lang='lat' dir='ltr'><strong>clausas</strong></span> <span class='ocrx_word' id='word_1_723' title='bbox 2797 3504 2851 3547; x_wconf 90' lang='lat' dir='ltr'><strong>et</strong></span> <span class='ocrx_word' id='word_1_724' title='bbox 2894 3494 3217 3559; x_wconf 82' lang='lat' dir='ltr'><strong>obstructas,</strong></span> <span class='ocrx_word' id='word_1_725' title='bbox 3257 3495 3402 3548; x_wconf 90' lang='lat' dir='ltr'><strong>omni</strong></span> <span class='ocrx_word' id='word_1_726' title='bbox 3441 3510 3506 3549; x_wconf 86' lang='lat' dir='ltr'><strong>ex</strong></span> 
     </span>
    </p>
   </div>
   <div class='ocr_carea' id='block_1_97' title="bbox 1957 3584 3513 3659">
    <p class='ocr_par' dir='ltr' id='par_1_97' title="bbox 1957 3584 3513 3659">
     <span class='ocr_line' id='line_1_97' title="bbox 1957 3584 3513 3659; baseline -0.001 -17"><span class='ocrx_word' id='word_1_727' title='bbox 1957 3600 2104 3659; x_wconf 87' lang='lat' dir='ltr'><strong>parte</strong></span> <span class='ocrx_word' id='word_1_728' title='bbox 2146 3588 2345 3645; x_wconf 89' lang='lat' dir='ltr'><strong>curavit</strong></span> <span class='ocrx_word' id='word_1_729' title='bbox 2380 3588 2807 3655; x_wconf 87' lang='lat' dir='ltr'><strong>interpretatione</strong></span> <span class='ocrx_word' id='word_1_730' title='bbox 2847 3584 3101 3649; x_wconf 88' lang='lat' dir='ltr'><strong>reserari,</strong></span> <span class='ocrx_word' id='word_1_731' title='bbox 3143 3594 3199 3638; x_wconf 88' lang='lat' dir='ltr'><strong>ut</strong></span> <span class='ocrx_word' id='word_1_732' title='bbox 3236 3600 3424 3640; x_wconf 89' lang='lat' dir='ltr'><strong>omnes</strong></span> <span class='ocrx_word' id='word_1_733' title='bbox 3445 3600 3513 3641; x_wconf 88' lang='lat' dir='ltr'><strong>ex</strong></span> 
     </span>
    </p>
   </div>
   <div class='ocr_carea' id='block_1_98' title="bbox 1953 3675 3516 3750">
    <p class='ocr_par' dir='ltr' id='par_1_98' title="bbox 1953 3675 3516 3750">
     <span class='ocr_line' id='line_1_98' title="bbox 1953 3675 3516 3750; baseline -0.001 -16"><span class='ocrx_word' id='word_1_734' title='bbox 1953 3680 2195 3750; x_wconf 86' lang='lat' dir='ltr'><strong>gentibus</strong></span> <span class='ocrx_word' id='word_1_735' title='bbox 2216 3677 2443 3746; x_wconf 86' lang='lat' dir='ltr'><strong>undique</strong></span> <span class='ocrx_word' id='word_1_736' title='bbox 2466 3675 2812 3739; x_wconf 83' lang='lat' dir='ltr'><strong>conﬂuentes,</strong></span> <span class='ocrx_word' id='word_1_737' title='bbox 2842 3682 2897 3729; x_wconf 93' lang='lat' dir='ltr'><strong>et</strong></span> <span class='ocrx_word' id='word_1_738' title='bbox 2925 3676 3085 3728; x_wconf 87' lang='lat' dir='ltr'><strong>multa</strong></span> <span class='ocrx_word' id='word_1_739' title='bbox 3114 3690 3233 3729; x_wconf 90' lang='lat' dir='ltr'><strong>cum</strong></span> <span class='ocrx_word' id='word_1_740' title='bbox 3262 3675 3516 3732; x_wconf 80' lang='lat' dir='ltr'><strong>facilitate</strong></span> 
     </span>
    </p>
   </div>
   <div class='ocr_carea' id='block_1_99' title="bbox 1956 3764 3509 3839">
    <p class='ocr_par' dir='ltr' id='par_1_99' title="bbox 1956 3764 3509 3839">
     <span class='ocr_line' id='line_1_99' title="bbox 1956 3764 3509 3839; baseline -0.002 -17"><span class='ocrx_word' id='word_1_741' title='bbox 1956 3784 2050 3839; x_wconf 92' lang='lat' dir='ltr'><strong>per</strong></span> <span class='ocrx_word' id='word_1_742' title='bbox 2097 3768 2191 3821; x_wconf 89' lang='lat' dir='ltr'><strong>has</strong></span> <span class='ocrx_word' id='word_1_743' title='bbox 2232 3767 2343 3821; x_wconf 88' lang='lat' dir='ltr'><strong>vias</strong></span> <span class='ocrx_word' id='word_1_744' title='bbox 2384 3764 2705 3828; x_wconf 86' lang='lat' dir='ltr'><strong>incedentes,</strong></span> <span class='ocrx_word' id='word_1_745' title='bbox 2752 3773 2965 3833; x_wconf 84' lang='lat' dir='ltr'><strong>possent</strong></span> <span class='ocrx_word' id='word_1_746' title='bbox 2996 3764 3061 3817; x_wconf 90' lang='lat' dir='ltr'><strong>ad</strong></span> <span class='ocrx_word' id='word_1_747' title='bbox 3102 3765 3299 3832; x_wconf 76' lang='lat' dir='ltr'><strong>Regem</strong></span> <span class='ocrx_word' id='word_1_748' title='bbox 3337 3768 3509 3833; x_wconf 87' lang='lat' dir='ltr'><strong>ipsum</strong></span> 
     </span>
    </p>
   </div>
   <div class='ocr_carea' id='block_1_100' title="bbox 1956 3854 3508 3931">
    <p class='ocr_par' dir='ltr' id='par_1_100' title="bbox 1956 3854 3508 3931">
     <span class='ocr_line' id='line_1_100' title="bbox 1956 3854 3508 3931; baseline -0.003 -15"><span class='ocrx_word' id='word_1_749' title='bbox 1956 3860 2328 3931; x_wconf 83' lang='lat' dir='ltr'><strong>prophetarum</strong></span> <span class='ocrx_word' id='word_1_750' title='bbox 2372 3859 2572 3919; x_wconf 87' lang='lat' dir='ltr'><strong>venire,</strong></span> <span class='ocrx_word' id='word_1_751' title='bbox 2620 3866 2775 3923; x_wconf 87' lang='lat' dir='ltr'><strong>atque</strong></span> <span class='ocrx_word' id='word_1_752' title='bbox 2815 3854 3137 3923; x_wconf 90' lang='lat' dir='ltr'><strong>unigenitum</strong></span> <span class='ocrx_word' id='word_1_753' title='bbox 3180 3855 3268 3908; x_wconf 88' lang='lat' dir='ltr'><strong>Dei</strong></span> <span class='ocrx_word' id='word_1_754' title='bbox 3317 3856 3508 3911; x_wconf 86' lang='lat' dir='ltr'><strong>Filium</strong></span> 
     </span>
    </p>
   </div>
   <div class='ocr_carea' id='block_1_101' title="bbox 1953 3944 3513 4013">
    <p class='ocr_par' dir='ltr' id='par_1_101' title="bbox 1953 3944 3513 4013">
     <span class='ocr_line' id='line_1_101' title="bbox 1953 3944 3513 4013; baseline -0.001 -9"><span class='ocrx_word' id='word_1_755' title='bbox 1953 3951 2193 4004; x_wconf 89' lang='lat' dir='ltr'><strong>adorare.</strong></span> <span class='ocrx_word' id='word_1_756' title='bbox 2221 3947 2301 4002; x_wconf 83' lang='lat' dir='ltr'><strong>Ob</strong></span> <span class='ocrx_word' id='word_1_757' title='bbox 2328 3949 2461 4001; x_wconf 88' lang='lat' dir='ltr'><strong>hanc</strong></span> <span class='ocrx_word' id='word_1_758' title='bbox 2488 3961 2701 4002; x_wconf 87' lang='lat' dir='ltr'><strong>causam</strong></span> <span class='ocrx_word' id='word_1_759' title='bbox 2729 3946 2909 4013; x_wconf 89' lang='lat' dir='ltr'><strong>utique</strong></span> <span class='ocrx_word' id='word_1_760' title='bbox 2932 3954 3055 3999; x_wconf 86' lang='lat' dir='ltr'><strong>ante</strong></span> <span class='ocrx_word' id='word_1_761' title='bbox 3081 3944 3277 3999; x_wconf 85' lang='lat' dir='ltr'><strong>Christi</strong></span> <span class='ocrx_word' id='word_1_762' title='bbox 3318 3948 3513 4002; x_wconf 86' lang='lat' dir='ltr'><strong>adven-</strong></span> 
     </span>
    </p>
   </div>
   <div class='ocr_carea' id='block_1_102' title="bbox 1954 4035 3506 4106">
    <p class='ocr_par' dir='ltr' id='par_1_102' title="bbox 1954 4035 3506 4106">
     <span class='ocr_line' id='line_1_102' title="bbox 1954 4035 3506 4106; baseline -0.001 -13"><span class='ocrx_word' id='word_1_763' title='bbox 1954 4048 2063 4093; x_wconf 91' lang='lat' dir='ltr'><strong>tum</strong></span> <span class='ocrx_word' id='word_1_764' title='bbox 2092 4052 2274 4092; x_wconf 90' lang='lat' dir='ltr'><strong>omnes</strong></span> <span class='ocrx_word' id='word_1_765' title='bbox 2306 4035 2732 4104; x_wconf 87' lang='lat' dir='ltr'><strong>interpretatione</strong></span> <span class='ocrx_word' id='word_1_766' title='bbox 2777 4044 2900 4089; x_wconf 91' lang='lat' dir='ltr'><strong>sunt</strong></span> <span class='ocrx_word' id='word_1_767' title='bbox 2925 4050 3189 4104; x_wconf 71' lang='lat' dir='ltr'><strong>expressae</strong></span> <span class='ocrx_word' id='word_1_768' title='bbox 3217 4053 3231 4089; x_wconf 91' lang='lat'><strong>:</strong></span> <span class='ocrx_word' id='word_1_769' title='bbox 3260 4038 3506 4106; x_wconf 88' lang='lat' dir='ltr'><strong>quoniam</strong></span> 
     </span>
    </p>
   </div>
   <div class='ocr_carea' id='block_1_103' title="bbox 1952 4125 3507 4191">
    <p class='ocr_par' dir='ltr' id='par_1_103' title="bbox 1952 4125 3507 4191">
     <span class='ocr_line' id='line_1_103' title="bbox 1952 4125 3507 4191; baseline -0.001 -9"><span class='ocrx_word' id='word_1_770' title='bbox 1952 4131 1997 4183; x_wconf 90' lang='lat' dir='ltr'><strong>si</strong></span> <span class='ocrx_word' id='word_1_771' title='bbox 2017 4128 2066 4182; x_wconf 93' lang='lat' dir='ltr'><strong>in</strong></span> <span class='ocrx_word' id='word_1_772' title='bbox 2094 4127 2353 4182; x_wconf 81' lang='lat' dir='ltr'><strong>Hebraico</strong></span> <span class='ocrx_word' id='word_1_773' title='bbox 2382 4127 2628 4180; x_wconf 88' lang='lat' dir='ltr'><strong>idiomate</strong></span> <span class='ocrx_word' id='word_1_774' title='bbox 2668 4125 2838 4179; x_wconf 89' lang='lat' dir='ltr'><strong>solum</strong></span> <span class='ocrx_word' id='word_1_775' title='bbox 2876 4126 3071 4180; x_wconf 68' lang='lat' dir='ltr'><strong>relictae</strong></span> <span class='ocrx_word' id='word_1_776' title='bbox 3098 4137 3313 4191; x_wconf 90' lang='lat' dir='ltr'><strong>essent,</strong></span> <span class='ocrx_word' id='word_1_777' title='bbox 3344 4127 3507 4181; x_wconf 87' lang='lat' dir='ltr'><strong>David</strong></span> 
     </span>
    </p>
   </div>
   <div class='ocr_carea' id='block_1_104' title="bbox 1952 4214 3511 4283">
    <p class='ocr_par' dir='ltr' id='par_1_104' title="bbox 1952 4214 3511 4283">
     <span class='ocr_line' id='line_1_104' title="bbox 1952 4214 3511 4283; baseline -0.002 -11"><span class='ocrx_word' id='word_1_778' title='bbox 1952 4226 2125 4272; x_wconf 86' lang='lat' dir='ltr'><strong>autem</strong></span> <span class='ocrx_word' id='word_1_779' title='bbox 2153 4216 2389 4283; x_wconf 84' lang='lat' dir='ltr'><strong>dixisset,</strong></span> <span class='ocrx_word' id='word_1_780' title='bbox 2412 4215 2619 4269; x_wconf 76' lang='lat' dir='ltr'><strong>Postulo</strong></span> <span class='ocrx_word' id='word_1_781' title='bbox 2643 4232 2674 4266; x_wconf 91' lang='lat' dir='ltr'><strong>a</strong></span> <span class='ocrx_word' id='word_1_782' title='bbox 2700 4230 2796 4277; x_wconf 84' lang='lat' dir='ltr'><strong>me,</strong></span> <span class='ocrx_word' id='word_1_783' title='bbox 2828 4224 2875 4267; x_wconf 88' lang='lat' dir='ltr'><strong>et</strong></span> <span class='ocrx_word' id='word_1_784' title='bbox 2904 4214 3031 4267; x_wconf 82' lang='lat' dir='ltr'><strong>dabo</strong></span> <span class='ocrx_word' id='word_1_785' title='bbox 3058 4214 3143 4267; x_wconf 89' lang='lat' dir='ltr'><strong>tibi</strong></span> <span class='ocrx_word' id='word_1_786' title='bbox 3170 4223 3341 4283; x_wconf 79' lang='lat' dir='ltr'><strong>gentes</strong></span> <span class='ocrx_word' id='word_1_787' title='bbox 3370 4216 3511 4269; x_wconf 81' lang='lat' dir='ltr'><strong>herc-</strong></span> 
     </span>
    </p>
   </div>
   <div class='ocr_carea' id='block_1_105' title="bbox 1952 4303 3513 4376">
    <p class='ocr_par' dir='ltr' id='par_1_105' title="bbox 1952 4303 3513 4376">
     <span class='ocr_line' id='line_1_105' title="bbox 1952 4303 3513 4376; baseline -0.002 -16"><span class='ocrx_word' id='word_1_788' title='bbox 1952 4308 2155 4361; x_wconf 85' lang='lat' dir='ltr'><strong>ditatem</strong></span> <span class='ocrx_word' id='word_1_789' title='bbox 2197 4316 2352 4372; x_wconf 86' lang='lat' dir='ltr'><strong>tuam,</strong></span> <span class='ocrx_word' id='word_1_790' title='bbox 2405 4314 2450 4359; x_wconf 83' lang='lat' dir='ltr'><strong>et</strong></span> <span class='ocrx_word' id='word_1_791' title='bbox 2497 4304 2851 4376; x_wconf 81' lang='lat' dir='ltr'><strong>possessionem</strong></span> <span class='ocrx_word' id='word_1_792' title='bbox 2901 4312 3036 4355; x_wconf 88' lang='lat' dir='ltr'><strong>tuam</strong></span> <span class='ocrx_word' id='word_1_793' title='bbox 3083 4303 3317 4355; x_wconf 82' lang='lat' dir='ltr'><strong>terminos</strong></span> <span class='ocrx_word' id='word_1_794' title='bbox 3367 4313 3513 4359; x_wconf 70' lang='lat' dir='ltr'><strong>terra</strong></span> 
     </span>
    </p>
   </div>
   <div class='ocr_carea' id='block_1_106' title="bbox 1953 4393 3510 4469">
    <p class='ocr_par' dir='ltr' id='par_1_106' title="bbox 1953 4393 3510 4469">
     <span class='ocr_line' id='line_1_106' title="bbox 1953 4393 3510 4469; baseline -0.001 -16"><span class='ocrx_word' id='word_1_795' title='bbox 1953 4399 2121 4469; x_wconf 85' lang='lat' dir='ltr'><strong>(Psal.</strong></span> <span class='ocrx_word' id='word_1_796' title='bbox 2142 4399 2197 4452; x_wconf 78' lang='lat'><strong>2.</strong></span> <span class='ocrx_word' id='word_1_797' title='bbox 2221 4399 2299 4468; x_wconf 91' lang='lat'><strong>8),</strong></span> <span class='ocrx_word' id='word_1_798' title='bbox 2324 4398 2462 4453; x_wconf 90' lang='lat' dir='ltr'><strong>unde</strong></span> <span class='ocrx_word' id='word_1_799' title='bbox 2486 4398 2744 4465; x_wconf 88' lang='lat' dir='ltr'><strong>potuisset</strong></span> <span class='ocrx_word' id='word_1_800' title='bbox 2768 4408 2923 4447; x_wconf 82' lang='lat' dir='ltr'><strong>nosse</strong></span> <span class='ocrx_word' id='word_1_801' title='bbox 2949 4394 3087 4462; x_wconf 90' lang='lat' dir='ltr'><strong>quod</strong></span> <span class='ocrx_word' id='word_1_802' title='bbox 3114 4393 3311 4448; x_wconf 92' lang='lat' dir='ltr'><strong>dictum</strong></span> <span class='ocrx_word' id='word_1_803' title='bbox 3338 4395 3510 4451; x_wconf 86' lang='lat' dir='ltr'><strong>fuerat</strong></span> 
     </span>
    </p>
   </div>
   <div class='ocr_carea' id='block_1_107' title="bbox 1952 4485 3507 4562">
    <p class='ocr_par' dir='ltr' id='par_1_107' title="bbox 1952 4485 3507 4562">
     <span class='ocr_line' id='line_1_107' title="bbox 1952 4485 3507 4562; baseline -0.002 -17"><span class='ocrx_word' id='word_1_804' title='bbox 1952 4490 2139 4562; x_wconf 83' lang='lat' dir='ltr'><strong>Syrus,</strong></span> <span class='ocrx_word' id='word_1_805' title='bbox 2169 4490 2254 4544; x_wconf 89' lang='lat' dir='ltr'><strong>vel</strong></span> <span class='ocrx_word' id='word_1_806' title='bbox 2279 4490 2478 4552; x_wconf 85' lang='lat' dir='ltr'><strong>Galata,</strong></span> <span class='ocrx_word' id='word_1_807' title='bbox 2507 4487 2588 4539; x_wconf 89' lang='lat' dir='ltr'><strong>vel</strong></span> <span class='ocrx_word' id='word_1_808' title='bbox 2614 4486 2850 4553; x_wconf 82' lang='lat' dir='ltr'><strong>Macedo,</strong></span> <span class='ocrx_word' id='word_1_809' title='bbox 2881 4485 2964 4539; x_wconf 89' lang='lat' dir='ltr'><strong>vel</strong></span> <span class='ocrx_word' id='word_1_810' title='bbox 2996 4486 3355 4551; x_wconf 80' lang='lat' dir='ltr'><strong>Atheniensis,</strong></span> <span class='ocrx_word' id='word_1_811' title='bbox 3386 4503 3507 4542; x_wconf 91' lang='lat' dir='ltr'><strong>cum</strong></span> 
     </span>
    </p>
   </div>
   <div class='ocr_carea' id='block_1_108' title="bbox 1950 4574 3511 4641">
    <p class='ocr_par' dir='ltr' id='par_1_108' title="bbox 1950 4574 3511 4641">
     <span class='ocr_line' id='line_1_108' title="bbox 1950 4574 3511 4641; baseline -0.001 -8"><span class='ocrx_word' id='word_1_812' title='bbox 1950 4578 2274 4634; x_wconf 85' lang='lat' dir='ltr'><strong>obscuritate</strong></span> <span class='ocrx_word' id='word_1_813' title='bbox 2329 4575 2557 4628; x_wconf 91' lang='lat' dir='ltr'><strong>involuta</strong></span> <span class='ocrx_word' id='word_1_814' title='bbox 2607 4575 2875 4641; x_wconf 85' lang='lat' dir='ltr'><strong>Scriptura</strong></span> <span class='ocrx_word' id='word_1_815' title='bbox 2924 4574 3252 4628; x_wconf 79' lang='lat' dir='ltr'><strong>mansisset?</strong></span> <span class='ocrx_word' id='word_1_816' title='bbox 3302 4574 3511 4631; x_wconf 78' lang='lat' dir='ltr'><strong>Rursus</strong></span> 
     </span>
    </p>
   </div>
   <div class='ocr_carea' id='block_1_109' title="bbox 1950 4661 3508 4729">
    <p class='ocr_par' dir='ltr' id='par_1_109' title="bbox 1950 4661 3508 4729">
     <span class='ocr_line' id='line_1_109' title="bbox 1950 4661 3508 4729; baseline -0.004 -7"><span class='ocrx_word' id='word_1_817' title='bbox 1950 4667 2207 4723; x_wconf 79' lang='lat' dir='ltr'><strong>clamabat</strong></span> <span class='ocrx_word' id='word_1_818' title='bbox 2232 4664 2392 4718; x_wconf 87' lang='lat' dir='ltr'><strong>Isaias</strong></span> <span class='ocrx_word' id='word_1_819' title='bbox 2422 4680 2435 4715; x_wconf 90' lang='lat'><strong>:</strong></span> <span class='ocrx_word' id='word_1_820' title='bbox 2469 4663 2615 4717; x_wconf 82' lang='lat' dir='ltr'><strong>Sicut</strong></span> <span class='ocrx_word' id='word_1_821' title='bbox 2644 4664 2746 4715; x_wconf 75' lang='lat' dir='ltr'><strong>ouis</strong></span> <span class='ocrx_word' id='word_1_822' title='bbox 2772 4661 2839 4714; x_wconf 90' lang='lat' dir='ltr'><strong>ad</strong></span> <span class='ocrx_word' id='word_1_823' title='bbox 2862 4664 3155 4717; x_wconf 84' lang='lat' dir='ltr'><strong>occisionem</strong></span> <span class='ocrx_word' id='word_1_824' title='bbox 3196 4664 3374 4716; x_wconf 85' lang='lat' dir='ltr'><strong>ductus</strong></span> <span class='ocrx_word' id='word_1_825' title='bbox 3417 4675 3508 4729; x_wconf 87' lang='lat' dir='ltr'><strong>est,</strong></span> 
     </span>
    </p>
   </div>
   <div class='ocr_carea' id='block_1_110' title="bbox 1949 4753 3507 4825">
    <p class='ocr_par' dir='ltr' id='par_1_110' title="bbox 1949 4753 3507 4825">
     <span class='ocr_line' id='line_1_110' title="bbox 1949 4753 3507 4825; baseline -0.001 -15"><span class='ocrx_word' id='word_1_826' title='bbox 1949 4768 1997 4811; x_wconf 87' lang='lat' dir='ltr'><strong>et</strong></span> <span class='ocrx_word' id='word_1_827' title='bbox 2017 4759 2143 4810; x_wconf 86' lang='lat' dir='ltr'><strong>sicut</strong></span> <span class='ocrx_word' id='word_1_828' title='bbox 2168 4772 2327 4825; x_wconf 87' lang='lat' dir='ltr'><strong>agnus</strong></span> <span class='ocrx_word' id='word_1_829' title='bbox 2347 4770 2514 4808; x_wconf 87' lang='lat' dir='ltr'><strong>coram</strong></span> <span class='ocrx_word' id='word_1_830' title='bbox 2539 4755 2769 4807; x_wconf 82' lang='lat' dir='ltr'><strong>tondente</strong></span> <span class='ocrx_word' id='word_1_831' title='bbox 2803 4770 2857 4807; x_wconf 86' lang='lat' dir='ltr'><strong>se</strong></span> <span class='ocrx_word' id='word_1_832' title='bbox 2883 4763 3048 4807; x_wconf 80' lang='lat' dir='ltr'><strong>mutus</strong></span> <span class='ocrx_word' id='word_1_833' title='bbox 3074 4753 3242 4823; x_wconf 86' lang='lat' dir='ltr'><strong>(Isai.</strong></span> <span class='ocrx_word' id='word_1_834' title='bbox 3270 4756 3357 4809; x_wconf 75' lang='lat'><strong>53.</strong></span> <span class='ocrx_word' id='word_1_835' title='bbox 3392 4755 3424 4809; x_wconf 93' lang='lat'><strong>7</strong></span> <span class='ocrx_word' id='word_1_836' title='bbox 3447 4756 3462 4821; x_wconf 94' lang='lat'><strong>)</strong></span> <span class='ocrx_word' id='word_1_837' title='bbox 3491 4771 3507 4818; x_wconf 86' lang='lat'><strong>;</strong></span> 
     </span>
    </p>
   </div>
   <div class='ocr_carea' id='block_1_111' title="bbox 1948 4843 3510 4917">
    <p class='ocr_par' dir='ltr' id='par_1_111' title="bbox 1948 4843 3510 4917">
     <span class='ocr_line' id='line_1_111' title="bbox 1948 4843 3510 4917; baseline -0.003 -14"><span class='ocrx_word' id='word_1_838' title='bbox 1948 4858 2002 4904; x_wconf 89' lang='lat' dir='ltr'><strong>et</strong></span> <span class='ocrx_word' id='word_1_839' title='bbox 2028 4862 2210 4902; x_wconf 88' lang='lat' dir='ltr'><strong>rursus</strong></span> <span class='ocrx_word' id='word_1_840' title='bbox 2238 4868 2251 4902; x_wconf 89' lang='lat'><strong>:</strong></span> <span class='ocrx_word' id='word_1_841' title='bbox 2296 4846 2407 4901; x_wconf 83' lang='lat' dir='ltr'><strong>Erit</strong></span> <span class='ocrx_word' id='word_1_842' title='bbox 2434 4846 2582 4900; x_wconf 77' lang='lat' dir='ltr'><strong>rudia:</strong></span> <span class='ocrx_word' id='word_1_843' title='bbox 2606 4843 2791 4909; x_wconf 71' lang='lat' dir='ltr'><strong>Iesse,</strong></span> <span class='ocrx_word' id='word_1_844' title='bbox 2820 4853 2868 4898; x_wconf 90' lang='lat' dir='ltr'><strong>et</strong></span> <span class='ocrx_word' id='word_1_845' title='bbox 2889 4848 2975 4916; x_wconf 81' lang='lat' dir='ltr'><strong>qui</strong></span> <span class='ocrx_word' id='word_1_846' title='bbox 2996 4849 3264 4917; x_wconf 82' lang='lat' dir='ltr'><strong>consurgit</strong></span> <span class='ocrx_word' id='word_1_847' title='bbox 3290 4856 3344 4898; x_wconf 83' lang='lat' dir='ltr'><strong>ut</strong></span> <span class='ocrx_word' id='word_1_848' title='bbox 3370 4846 3510 4915; x_wconf 83' lang='lat' dir='ltr'><strong>prin-</strong></span> 
     </span>
    </p>
   </div>
   <div class='ocr_carea' id='block_1_112' title="bbox 1946 4934 3508 5012">
    <p class='ocr_par' dir='ltr' id='par_1_112' title="bbox 1946 4934 3508 5012">
     <span class='ocr_line' id='line_1_112' title="bbox 1946 4934 3508 5012; baseline -0.003 -17"><span class='ocrx_word' id='word_1_849' title='bbox 1946 4958 2061 5011; x_wconf 86' lang='lat' dir='ltr'><strong>ceps</strong></span> <span class='ocrx_word' id='word_1_850' title='bbox 2097 4942 2160 4995; x_wconf 80' lang='lat' dir='ltr'><strong>sit</strong></span> <span class='ocrx_word' id='word_1_851' title='bbox 2199 4943 2416 5012; x_wconf 80' lang='lat' dir='ltr'><strong>gentium</strong></span> <span class='ocrx_word' id='word_1_852' title='bbox 2446 4955 2466 5004; x_wconf 85' lang='lat'><strong>,&#39;</strong></span> <span class='ocrx_word' id='word_1_853' title='bbox 2503 4941 2555 4993; x_wconf 86' lang='lat' dir='ltr'><strong>in</strong></span> <span class='ocrx_word' id='word_1_854' title='bbox 2589 4939 2699 5006; x_wconf 84' lang='lat' dir='ltr'><strong>ipso</strong></span> <span class='ocrx_word' id='word_1_855' title='bbox 2726 4947 2891 5005; x_wconf 81' lang='lat' dir='ltr'><strong>gentes</strong></span> <span class='ocrx_word' id='word_1_856' title='bbox 2914 4938 3183 5004; x_wconf 85' lang='lat' dir='ltr'><strong>sperabunt</strong></span> <span class='ocrx_word' id='word_1_857' title='bbox 3212 4937 3229 5000; x_wconf 89' lang='lat'><strong>(</strong></span> <span class='ocrx_word' id='word_1_858' title='bbox 3262 4934 3389 4989; x_wconf 86' lang='lat' dir='ltr'><strong>Isai.</strong></span> <span class='ocrx_word' id='word_1_859' title='bbox 3418 4938 3508 4991; x_wconf 81' lang='grc' dir='ltr'><strong>Η.</strong></span> 
     </span>
    </p>
   </div>
   <div class='ocr_carea' id='block_1_113' title="bbox 1948 5023 3512 5104">
    <p class='ocr_par' dir='ltr' id='par_1_113' title="bbox 1948 5023 3512 5104">
     <span class='ocr_line' id='line_1_113' title="bbox 1948 5023 3512 5104; baseline -0.007 -14"><span class='ocrx_word' id='word_1_860' title='bbox 1948 5034 2057 5104; x_wconf 76' lang='lat' dir='ltr'><strong>l0);</strong></span> <span class='ocrx_word' id='word_1_861' title='bbox 2080 5043 2133 5089; x_wconf 89' lang='lat' dir='ltr'><strong>et</strong></span> <span class='ocrx_word' id='word_1_862' title='bbox 2152 5049 2333 5088; x_wconf 85' lang='lat' dir='ltr'><strong>rursus</strong></span> <span class='ocrx_word' id='word_1_863' title='bbox 2363 5052 2375 5087; x_wconf 92' lang='lat'><strong>:</strong></span> <span class='ocrx_word' id='word_1_864' title='bbox 2408 5032 2695 5094; x_wconf 82' lang='lat' dir='ltr'><strong>Replebitur</strong></span> <span class='ocrx_word' id='word_1_865' title='bbox 2733 5037 2862 5079; x_wconf 86' lang='lat' dir='ltr'><strong>terra</strong></span> <span class='ocrx_word' id='word_1_866' title='bbox 2899 5026 3177 5095; x_wconf 80' lang='lat' dir='ltr'><strong>cognitione</strong></span> <span class='ocrx_word' id='word_1_867' title='bbox 3198 5023 3426 5088; x_wconf 86' lang='lat' dir='ltr'><strong>Domini,</strong></span> <span class='ocrx_word' id='word_1_868' title='bbox 3457 5036 3512 5079; x_wconf 85' lang='lat' dir='ltr'><strong>ut</strong></span> 
     </span>
    </p>
   </div>
   <div class='ocr_carea' id='block_1_114' title="bbox 1945 5114 3504 5193">
    <p class='ocr_par' dir='ltr' id='par_1_114' title="bbox 1945 5114 3504 5193">
     <span class='ocr_line' id='line_1_114' title="bbox 1945 5114 3504 5193; baseline -0.006 -16"><span class='ocrx_word' id='word_1_869' title='bbox 1945 5127 2090 5193; x_wconf 83' lang='lat' dir='ltr'><strong>quasi</strong></span> <span class='ocrx_word' id='word_1_870' title='bbox 2107 5141 2235 5193; x_wconf 86' lang='lat' dir='ltr'><strong>aqua</strong></span> <span class='ocrx_word' id='word_1_871' title='bbox 2262 5123 2419 5176; x_wconf 84' lang='lat' dir='ltr'><strong>multa</strong></span> <span class='ocrx_word' id='word_1_872' title='bbox 2443 5119 2693 5189; x_wconf 82' lang='lat' dir='ltr'><strong>coeperiat</strong></span> <span class='ocrx_word' id='word_1_873' title='bbox 2720 5118 2879 5170; x_wconf 85' lang='lat' dir='ltr'><strong>maria</strong></span> <span class='ocrx_word' id='word_1_874' title='bbox 2906 5116 2923 5179; x_wconf 94' lang='lat'><strong>(</strong></span> <span class='ocrx_word' id='word_1_875' title='bbox 2948 5114 3084 5168; x_wconf 88' lang='lat' dir='ltr'><strong>Ibid.</strong></span> <span class='ocrx_word' id='word_1_876' title='bbox 3112 5131 3159 5167; x_wconf 82' lang='grc' dir='ltr'><strong>υ.</strong></span> <span class='ocrx_word' id='word_1_877' title='bbox 3183 5115 3276 5184; x_wconf 89' lang='lat'><strong>9).</strong></span> <span class='ocrx_word' id='word_1_878' title='bbox 3302 5116 3370 5169; x_wconf 86' lang='lat' dir='ltr'><strong>Et</strong></span> <span class='ocrx_word' id='word_1_879' title='bbox 3402 5116 3504 5168; x_wconf 83' lang='lat' dir='ltr'><strong>Da-</strong></span> 
     </span>
    </p>
   </div>
   <div class='ocr_carea' id='block_1_115' title="bbox 1945 5203 3509 5275">
    <p class='ocr_par' dir='ltr' id='par_1_115' title="bbox 1945 5203 3509 5275">
     <span class='ocr_line' id='line_1_115' title="bbox 1945 5203 3509 5275; baseline -0.006 -8"><span class='ocrx_word' id='word_1_880' title='bbox 1945 5215 2033 5269; x_wconf 89' lang='lat' dir='ltr'><strong>vid</strong></span> <span class='ocrx_word' id='word_1_881' title='bbox 2058 5229 2243 5269; x_wconf 90' lang='lat' dir='ltr'><strong>rursus</strong></span> <span class='ocrx_word' id='word_1_882' title='bbox 2266 5214 2474 5268; x_wconf 88' lang='lat' dir='ltr'><strong>dicebat</strong></span> <span class='ocrx_word' id='word_1_883' title='bbox 2499 5224 2514 5263; x_wconf 90' lang='lat'><strong>:</strong></span> <span class='ocrx_word' id='word_1_884' title='bbox 2543 5210 2778 5263; x_wconf 82' lang='lat' dir='ltr'><strong>Ascendit</strong></span> <span class='ocrx_word' id='word_1_885' title='bbox 2804 5206 2941 5260; x_wconf 86' lang='lat' dir='ltr'><strong>Deus</strong></span> <span class='ocrx_word' id='word_1_886' title='bbox 2968 5208 3017 5259; x_wconf 88' lang='lat' dir='ltr'><strong>in</strong></span> <span class='ocrx_word' id='word_1_887' title='bbox 3037 5206 3361 5275; x_wconf 81' lang='lat' dir='ltr'><strong>jubitatione,</strong></span> <span class='ocrx_word' id='word_1_888' title='bbox 3401 5203 3509 5257; x_wconf 86' lang='lat' dir='ltr'><strong>Do-</strong></span> 
     </span>
    </p>
   </div>
   <div class='ocr_carea' id='block_1_116' title="bbox 1945 5294 3512 5368">
    <p class='ocr_par' dir='ltr' id='par_1_116' title="bbox 1945 5294 3512 5368">
     <span class='ocr_line' id='line_1_116' title="bbox 1945 5294 3512 5368; baseline -0.006 -12"><span class='ocrx_word' id='word_1_889' title='bbox 1945 5305 2109 5358; x_wconf 88' lang='lat' dir='ltr'><strong>minus</strong></span> <span class='ocrx_word' id='word_1_890' title='bbox 2138 5305 2190 5356; x_wconf 91' lang='lat' dir='ltr'><strong>in</strong></span> <span class='ocrx_word' id='word_1_891' title='bbox 2220 5318 2335 5355; x_wconf 82' lang='lat' dir='ltr'><strong>voce</strong></span> <span class='ocrx_word' id='word_1_892' title='bbox 2360 5300 2523 5368; x_wconf 74' lang='grc' dir='ltr'>ηιὸω(</span> <span class='ocrx_word' id='word_1_893' title='bbox 2556 5299 2700 5352; x_wconf 86' lang='lat' dir='ltr'><strong>Psal.</strong></span> <span class='ocrx_word' id='word_1_894' title='bbox 2730 5298 2817 5352; x_wconf 72' lang='grc'><strong>46.</strong></span> <span class='ocrx_word' id='word_1_895' title='bbox 2851 5298 2882 5351; x_wconf 87' lang='grc'><strong>6</strong></span> <span class='ocrx_word' id='word_1_896' title='bbox 2905 5298 2957 5366; x_wconf 87' lang='grc'><strong>);</strong></span> <span class='ocrx_word' id='word_1_897' title='bbox 2990 5304 3045 5349; x_wconf 88' lang='lat' dir='ltr'><strong>et</strong></span> <span class='ocrx_word' id='word_1_898' title='bbox 3087 5310 3271 5348; x_wconf 86' lang='lat' dir='ltr'><strong>rursus</strong></span> <span class='ocrx_word' id='word_1_899' title='bbox 3307 5312 3319 5345; x_wconf 96' lang='lat'><strong>:</strong></span> <span class='ocrx_word' id='word_1_900' title='bbox 3370 5294 3512 5348; x_wconf 66' lang='lat' dir='ltr'><strong>Dixit</strong></span> 
     </span>
    </p>
   </div>
   <div class='ocr_carea' id='block_1_117' title="bbox 1945 5385 3512 5453">
    <p class='ocr_par' dir='ltr' id='par_1_117' title="bbox 1945 5385 3512 5453">
     <span class='ocr_line' id='line_1_117' title="bbox 1945 5385 3512 5453; baseline -0.005 -6"><span class='ocrx_word' id='word_1_901' title='bbox 1945 5392 2194 5447; x_wconf 85' lang='lat' dir='ltr'><strong>Dominus</strong></span> <span class='ocrx_word' id='word_1_902' title='bbox 2234 5392 2449 5444; x_wconf 87' lang='lat' dir='ltr'><strong>Domino</strong></span> <span class='ocrx_word' id='word_1_903' title='bbox 2496 5406 2623 5453; x_wconf 87' lang='lat' dir='ltr'><strong>meo,</strong></span> <span class='ocrx_word' id='word_1_904' title='bbox 2672 5388 2808 5443; x_wconf 88' lang='lat' dir='ltr'><strong>Sede</strong></span> <span class='ocrx_word' id='word_1_905' title='bbox 2846 5402 2876 5439; x_wconf 91' lang='lat' dir='ltr'><strong>a</strong></span> <span class='ocrx_word' id='word_1_906' title='bbox 2923 5386 3112 5439; x_wconf 68' lang='lat' dir='ltr'><strong>dextris</strong></span> <span class='ocrx_word' id='word_1_907' title='bbox 3160 5385 3300 5449; x_wconf 86' lang='lat' dir='ltr'><strong>meis,</strong></span> <span class='ocrx_word' id='word_1_908' title='bbox 3352 5400 3512 5439; x_wconf 82' lang='lat' dir='ltr'><strong>aones</strong></span> 
     </span>
    </p>
   </div>
   <div class='ocr_carea' id='block_1_118' title="bbox 1947 5472 3510 5553">
    <p class='ocr_par' dir='ltr' id='par_1_118' title="bbox 1947 5472 3510 5553">
     <span class='ocr_line' id='line_1_118' title="bbox 1947 5472 3510 5553; baseline -0.009 -16"><span class='ocrx_word' id='word_1_909' title='bbox 1947 5499 2129 5553; x_wconf 86' lang='lat' dir='ltr'><strong>ponam</strong></span> <span class='ocrx_word' id='word_1_910' title='bbox 2173 5481 2400 5535; x_wconf 86' lang='lat' dir='ltr'><strong>inimicos</strong></span> <span class='ocrx_word' id='word_1_911' title='bbox 2443 5489 2551 5534; x_wconf 87' lang='lat' dir='ltr'><strong>tuos</strong></span> <span class='ocrx_word' id='word_1_912' title='bbox 2582 5477 2855 5533; x_wconf 83' lang='lat' dir='ltr'><strong>scabellum</strong></span> <span class='ocrx_word' id='word_1_913' title='bbox 2890 5475 3075 5546; x_wconf 78' lang='lat' dir='ltr'><strong>pedum</strong></span> <span class='ocrx_word' id='word_1_914' title='bbox 3110 5482 3309 5525; x_wconf 79' lang='lat' dir='ltr'><strong>tuorum</strong></span> <span class='ocrx_word' id='word_1_915' title='bbox 3336 5472 3510 5541; x_wconf 64' lang='lat' dir='ltr'><strong>tl’sal.</strong></span> 
     </span>
    </p>
   </div>
   <div class='ocr_carea' id='block_1_119' title="bbox 1948 5572 3515 5734">
    <p class='ocr_par' dir='ltr' id='par_1_119' title="bbox 1948 5572 3515 5734">
     <span class='ocr_line' id='line_1_119' title="bbox 1948 5572 3515 5734; baseline -0.004 -14"><span class='ocrx_word' id='word_1_916' title='bbox 1948 5572 2246 5720; x_wconf 43' lang='lat' dir='ltr'><strong>iam</strong></span> <span class='ocrx_word' id='word_1_917' title='bbox 2285 5662 2438 5734; x_wconf 86' lang='lat' dir='ltr'><strong>igitur</strong></span> <span class='ocrx_word' id='word_1_918' title='bbox 2473 5660 2539 5716; x_wconf 86' lang='lat' dir='ltr'><strong>de</strong></span> <span class='ocrx_word' id='word_1_919' title='bbox 2578 5658 2855 5730; x_wconf 83' lang='lat' dir='ltr'><strong>passione,</strong></span> <span class='ocrx_word' id='word_1_920' title='bbox 2895 5656 2964 5713; x_wconf 88' lang='lat' dir='ltr'><strong>de</strong></span> <span class='ocrx_word' id='word_1_921' title='bbox 3004 5656 3417 5725; x_wconf 79' lang='lat' dir='ltr'><strong>resurrectione,</strong></span> <span class='ocrx_word' id='word_1_922' title='bbox 3446 5654 3515 5714; x_wconf 89' lang='lat' dir='ltr'><strong>de</strong></span> 
     </span>
    </p>
   </div>
  </div>
