4064 6214
583 385 696 439 179

589 475 922 540 ascensione,
944 474 1012 529 de
1036 474 1274 528 sessione
1292 474 1356 527 ad
1380 475 1674 541 dexteram,
1697 473 1765 529 de
1787 474 2018 529 secundo
2041 475 2154 544 ejus

588 565 837 631 adventu,
857 581 920 620 ac
958 565 1025 620 de
1061 567 1305 620 omnibus
1342 567 1457 620 istis
1502 567 1554 619 in
1602 564 1926 632 universum,
1955 582 2073 636 qua:
2099 567 2152 622 in

588 652 736 708 Novo
775 665 916 720 sunt,
957 653 1352 709 Testamentum
1395 656 1556 710 Vetus
1599 656 1918 723 praedixerit,
1947 672 2013 710 ne
2054 657 2152 711 ista

585 743 829 811 gentibus
855 759 978 797 mox
1003 743 1190 798 futuris
1217 745 1390 814 ignota
1411 756 1777 810 remanerent,
1806 760 1870 801 ac
1893 747 2000 800 vim
2025 762 2149 816 pro-

587 831 784 902 phetlte
811 834 1145 902 ignorarent.
1173 845 1295 889 ante
1319 834 1512 888 Christi
1542 836 1822 890 adventum
1849 846 1905 890 ut
1927 852 2150 892 conver-

585 931 824 976 terentur
843 923 1150 992 Scripturat,
1169 925 1337 994 gratia
1361 925 1536 978 divina
1561 924 1805 992 providit,
1831 940 2024 994 easque
2044 941 2148 981 non

585 1015 746 1068 modo
771 1015 1041 1069 conversis
1071 1031 1136 1069 ex
1162 1015 1434 1084 gentibus,
1466 1015 1558 1069 sed
1588 1015 1746 1069 etiam
1776 1015 1974 1070 ludatis
1997 1017 2150 1071 utiles

582 1103 845 1170 reddidit,
883 1102 971 1172 qui
1011 1104 1204 1172 ubique
1240 1112 1500 1158 terrarum
1538 1103 1760 1172 dispersi
1798 1101 2022 1168 fuerant,
2051 1119 2150 1158 nec

582 1193 811 1263 amplius
855 1193 1162 1249 Hebraicam
1210 1194 1440 1263 linguam
1489 1195 1756 1248 tenebant.
1806 1194 1942 1248 Ecce
1982 1194 2146 1259 enim,

581 1284 805 1339 credidit
823 1285 910 1355 qui
932 1298 1220 1339 conversus
1240 1294 1400 1339 estex
1421 1284 1685 1354 gentibus,
1702 1283 1825 1337 dum
1848 1283 2146 1338 Judzeorum

581 1375 730 1445 signa
760 1377 924 1431 videt.
957 1375 1234 1443 Quomodo
1271 1375 1565 1444 potuissent
1600 1388 1783 1428 rursus
1810 1375 2030 1443 apostoli
2055 1374 2148 1428 Ju-

579 1465 751 1520 daeum
777 1467 1038 1522 adducere
1063 1509 1079 1532 ,
1118 1467 1217 1520 nisi
1253 1457 1598 1521 domesticum
1627 1467 1700 1521 illi
1729 1465 1998 1520 doctorem
2024 1481 2146 1534 pro-

580 1553 792 1624 phetam
821 1555 1128 1610 dedissent?
1161 1555 1288 1610 Nam
1319 1555 1362 1609 si
1388 1555 1621 1610 Athenas
1657 1556 1922 1623 ingressus
1955 1557 2145 1611 Paulus

579 1643 922 1713 inscriptione
952 1645 1172 1714 indiguit
1197 1647 1348 1700 aitari
1377 1647 1631 1716 insculpta
1656 1646 1805 1716 (Act.
1836 1644 1971 1718 t7),
1999 1656 2052 1702 et
2077 1647 2143 1701 ad

576 1749 760 1790 eorum
788 1737 1187 1792 instructionem
1217 1738 1359 1790 illam
1401 1737 1654 1803 traduxit,
1687 1738 1825 1807 quod
1853 1753 1912 1792 se
1941 1737 2142 1792 facilius

577 1827 804 1895 propriis
829 1828 1062 1896 ipsorum
1101 1827 1264 1881 armis
1301 1842 1394 1881 eos
1431 1837 1844 1898 expugnaturum
1882 1838 2137 1898 speraret,

575 1915 714 1984 quod
753 1916 912 1970 etiam
953 1915 1179 1981 accidit;
1227 1916 1393 1970 multo
1422 1917 1588 1987 magis
1609 1932 1731 1972 cum
1756 1917 1951 1972 ludatis
1979 1934 2139 1988 agens

573 2007 770 2063 auxilio
803 2008 1182 2078 prophetarum
1209 2008 1478 2078 indigebat
1503 2050 1516 2072 ,
1549 2023 1616 2063 ne
1644 2010 1710 2063 ab
1736 2008 1840 2063 illis
1868 2010 2023 2063 etiam
2051 2024 2138 2064 ac-

571 2106 878 2162 cusaretur,
909 2097 1050 2164 quod
1077 2111 1209 2151 nova
1234 2098 1474 2166 quaedam
1521 2113 1582 2152 ac
1619 2099 1892 2168 peregrina
1921 2098 2133 2153 illorum

569 2186 786 2239 auribus
813 2186 1051 2241 inferret.
1082 2187 1148 2240 Et
1174 2202 1287 2252 cur,
1321 2188 1507 2256 inquit,
1533 2203 1632 2242 una
1663 2188 1835 2257 lingua
1869 2202 1972 2242 non
2003 2197 2133 2253 erat,

573 2284 631 2328 ut
656 2276 802 2329 omni
831 2275 1142 2330 difficultate
1167 2276 1548 2331 liberaremur?
1575 2276 1688 2332 Una
1718 2277 1890 2346 lingua
1919 2285 2033 2331 erat
2051 2292 2137 2332 anâ€”

570 2364 813 2435 tiquitus,
841 2366 911 2420 mi
940 2365 1120 2431 homo,
1148 2374 1202 2421 et
1228 2367 1362 2420 sicut
1389 2382 1491 2419 una
1521 2366 1792 2420 hominum
1822 2375 1904 2420 est
1927 2376 2131 2430 natura,

567 2457 645 2510 sic
665 2465 719 2511 et
744 2471 847 2510 una
874 2464 1188 2511 cunctorum
1227 2457 1399 2526 lingua
1435 2465 1569 2511 erat.
1610 2456 1724 2510 Non
1752 2465 1867 2511 erat
1893 2456 1958 2509 ab
1986 2457 2134 2511 initio

567 2547 648 2600 vir
668 2547 806 2602 ullus
825 2548 1012 2602 aliena:
1032 2548 1243 2617 lingum,
1266 2564 1369 2601 non
1392 2557 1506 2603 erat
1527 2547 1742 2602 alterius
1762 2547 2004 2616 loquelae,
2028 2562 2132 2601 non

565 2650 683 2694 erat
705 2640 862 2695 ludus
881 2681 899 2706 ,
926 2655 1098 2710 neque
1127 2640 1299 2694 Thrax
1318 2681 1333 2705 ,
1363 2655 1533 2710 neque
1560 2639 1755 2710 Scytha
1779 2678 1795 2704 ,
1825 2639 1918 2693 sed
1947 2653 2132 2693 omnes

567 2746 671 2785 una
711 2731 884 2801 lingua
923 2731 1293 2800 loquebantur.
1339 2729 1474 2797 Quid
1513 2727 1670 2798 igitur
1711 2729 1763 2782 in
1807 2741 1964 2782 causa
2001 2727 2133 2782 fuit?

567 2820 772 2889 lndigni
804 2820 904 2873 hac
934 2835 1034 2873 una
1067 2821 1242 2887 lingua
1269 2821 1364 2873 visi
1393 2833 1576 2872 sumus
1609 2833 1706 2872 nos
1729 2857 1744 2882 ,
1777 2833 1987 2886 semper
2008 2834 2131 2887 erga

566 2910 953 2966 benefactorem
997 2910 1206 2979 ingrati.
1249 2907 1382 2976 Quid
1427 2908 1546 2962 ais?
1581 2908 1755 2976 lingua
1797 2922 1893 2961 nos
1934 2907 2131 2976 indigni

564 3001 663 3055 visi
691 3001 907 3056 sumus?
934 3015 998 3055 ac
1023 3001 1190 3054 bruta:
1211 3000 1421 3070 quidem
1439 3002 1732 3054 animantes
1752 3000 2014 3068 pt-Opriam
2042 3013 2133 3053 vo-

562 3105 680 3147 cem
711 3090 908 3145 habent
929 3105 1147 3155 omnes;
1173 3090 1352 3144 balant
1376 3103 1504 3143 oves
1527 3099 1583 3143 et
1606 3103 1799 3158 caprae,
1823 3089 1988 3158 mugit
2017 3097 2132 3141 tau-

561 3193 675 3246 rus,
691 3178 862 3234 hinnit
882 3195 1067 3250 equus,
1087 3180 1225 3248 rugit
1245 3180 1348 3246 leo,
1365 3180 1517 3248 lupus
1541 3179 1723 3242 ululat,
1746 3180 1920 3234 sibilat
1938 3178 2128 3232 draco:

560 3284 890 3338 unaquaeque
918 3271 1087 3324 bestia
1113 3270 1384 3338 proprium
1420 3284 1610 3323 sonum
1637 3270 2005 3336 conservavit,
2032 3285 2132 3339 ego

559 3374 690 3414 vere
715 3359 860 3412 solus
888 3358 1100 3428 propria
1126 3373 1241 3412 sum
1272 3371 1400 3411 voce
1430 3358 1701 3426 privatus?
1742 3359 1812 3412 Et
1852 3360 2130 3428 sylvestria

559 3460 616 3505 et
658 3460 953 3513 mansueta,
984 3455 1038 3503 et
1077 3447 1307 3500 cicurata
1353 3455 1409 3500 et
1449 3460 1554 3500 non
1589 3447 1819 3500 cicurata
1855 3447 2127 3512 animalia,

559 3539 768 3609 singula
791 3540 1040 3593 tributam
1069 3537 1170 3590 sibi
1194 3552 1223 3589 a
1253 3536 1514 3605 principio
1539 3551 1720 3590 vocem
1751 3536 2081 3590 retinuerunt
2111 3553 2126 3589 :

559 3645 660 3700 ego
682 3645 807 3686 vero
827 3630 1070 3698 prinaps
1091 3628 1300 3681 illorum
1325 3627 1605 3695 ignominia
1628 3641 1742 3680 sum
1765 3627 2004 3679 notatus?
2029 3625 2131 3680 illis

559 3720 792 3774 honores
821 3718 989 3786 erepti
1009 3726 1101 3769 aut
1126 3717 1305 3770 mutati
1338 3731 1441 3770 nou
1465 3727 1607 3780 sunt,
1636 3731 1734 3784 ego
1759 3731 1886 3769 vero
1908 3731 2024 3770 sum
2051 3716 2133 3769 di-

556 3809 698 3863 vinis
724 3809 1032 3862 muneribus
1056 3805 1345 3874 spoliatus?
1374 3805 1522 3870 Quod
1565 3813 1767 3857 tantum
1811 3803 1906 3856 fuit
1948 3805 2000 3856 in
2044 3817 2131 3858 me

556 3897 769 3953 scelus?
808 3911 914 3951 non
949 3895 1281 3950 sufficiebant
1305 3895 1508 3963 priores
1536 3894 1638 3947 illa:
1665 3892 1873 3962 ÏÏ‰Î·Ï‰á¿–
1911 3892 2130 3947 Paradi-

556 4002 675 4042 sum
696 3986 824 4041 mihi
845 3993 1200 4047 concesserat,
1223 3994 1276 4040 et
1294 4001 1362 4040 ex
1385 3985 1627 4054 paradiso
1648 4000 1733 4038 me
1756 3984 1940 4053 ejecit;
1970 3984 2129 4037 vitam

555 4076 759 4132 doloris
785 4086 1058 4144 expertem
1080 4075 1426 4144 laborumque
1450 4075 1809 4139 traducebam,
1833 4074 2026 4128 sudore
2046 4088 2131 4127 tne

554 4181 621 4220 ac
647 4167 828 4221 labore
854 4166 1155 4230 damnavit;
1183 4166 1313 4219 citra
1338 4175 1631 4220 sementem
1663 4175 1717 4219 et
1745 4165 1946 4219 inarata
1975 4164 2131 4218 tellus

555 4256 734 4313 omnia
757 4257 1044 4328 praebebat,
1072 4257 1352 4328 imperavit
1388 4257 1462 4311 illi
1510 4265 1568 4311 ut
1604 4257 1784 4325 spinas
1820 4265 1874 4310 et
1913 4256 2132 4309 tribulos

555 4347 751 4413 ferret,
790 4355 846 4404 et
884 4347 937 4402 in
981 4349 1148 4416 ipsam
1181 4360 1364 4401 rursus
1395 4361 1482 4401 me
1518 4346 1818 4400 convertit:
1848 4353 2018 4398 morte
2046 4358 2131 4398 me

554 4437 861 4502 mulctavit;
892 4437 1174 4492 mulierum
1199 4452 1384 4490 sexum
1415 4435 1691 4490 mulctavit
1719 4441 1898 4502 partus
1925 4432 2126 4486 dolori-

551 4525 656 4579 btts
683 4525 1055 4595 laboribusque
1081 4525 1400 4592 subjectum.
1422 4523 1538 4578 Non
1563 4523 1891 4578 sufficiebant
1920 4521 2035 4574 hzcc
2061 4519 2129 4572 ad

553 4628 791 4684 penam,
817 4615 910 4670 sed
938 4630 1120 4670 vocem
1149 4629 1363 4683 quoque
1398 4613 1530 4667 mihi
1574 4612 1800 4680 eripuit,
1831 4619 1887 4665 et
1918 4611 2018 4663 hoc
2047 4622 2132 4661 me

555 4703 758 4758 honore
778 4703 1019 4771 privavit,
1040 4713 1098 4758 ut
1121 4705 1339 4758 tribules
1359 4718 1422 4758 ac
1440 4703 1665 4772 gentiles
1689 4715 1837 4755 meos
1863 4708 2128 4766 tamquam

552 4794 754 4850 ferinos
776 4807 1009 4858 averser,
1036 4803 1158 4847 cum
1183 4809 1272 4848 me
1296 4795 1488 4863 linguae
1517 4792 1798 4847 diversitas
1821 4799 2035 4859 separet
2062 4788 2130 4842 ab

552 4887 765 4941 illorum
777 4899 1081 4954 congressu.
1106 4883 1395 4951 Propterea
1416 4884 1771 4951 objectionem
1792 4878 2128 4948 amplificavi,

551 4988 612 5033 ut
652 4993 773 5033 cum
813 4978 1131 5034 solutionem
1172 4975 1419 5045 adjecero
1443 5016 1458 5040 ,
1491 4974 1748 5027 illustrior
1771 4973 1863 5026 fiat
1890 4970 2128 5024 victoria.

550 5069 610 5125 Si
641 5069 723 5123 bis
746 5070 1011 5136 omnibus,
1042 5068 1231 5139 inquit,
1262 5066 1522 5135 privatum
1552 5077 1639 5116 me
1668 5062 1898 5122 volebat,
1930 5076 2032 5128 qua
2063 5058 2131 5114 de

553 5173 714 5214 causa
746 5159 831 5215 illa
857 5159 985 5214 mihi
1010 5161 1119 5228 jam
1145 5173 1177 5213 a
1203 5157 1462 5228 principio
1485 5152 1845 5209 concedebat?
1874 5151 2041 5204 Vultis
2066 5165 2132 5202 ex

549 5249 656 5304 hoc
676 5265 784 5304 uno
805 5250 1121 5305 solutionem
1146 5249 1413 5318 adjiciam,
1433 5245 1500 5300 ab
1527 5244 1627 5297 hac
1657 5242 1766 5311 ipsa
1789 5238 2016 5306 simplici
2038 5237 2134 5289 ob-

543 5339 823 5409 jectione?
866 5339 1034 5394 Tanta
1082 5339 1280 5408 quippe
1321 5345 1446 5391 sunt
1488 5348 1664 5389 causa:
1704 5330 1898 5384 divina:
1947 5326 2130 5379 ï¬rma-

551 5439 750 5493 menta,
779 5439 834 5483 ut
852 5430 936 5484 vel
965 5431 1074 5498 ipsa
1096 5425 1515 5482 contradicentis
1537 5422 1763 5490 objectio
1784 5419 1926 5472 nullo
1949 5424 2132 5468 nostro

545 5523 886 5576 corroborata
912 5521 1148 5577 subsidio
1164 5521 1228 5573 ad
1242 5519 1466 5572 crimina
1496 5514 1724 5570 sufficiat
1744 5507 2049 5566 refellenda.
2075 5505 2131 5558 Si

545 5627 633 5666 me
663 5612 743 5666 his
768 5613 1014 5668 omnibus
1042 5614 1249 5682 privare
1278 5608 1509 5671 volebat,
1529 5621 1626 5660 cur
1649 5619 1712 5659 ea
1739 5602 1864 5655 mihi
1882 5602 1988 5668 jam
2011 5596 2133 5650 inde

543 5719 573 5757 Â³
593 5703 854 5773 Principio
864 5704 1189 5763 concedebat
1203 5700 1368 5758 ?Nam
1390 5707 1444 5755 et
1463 5711 1565 5767 rgo
1581 5693 1716 5751 istud
1737 5694 1909 5763 ipsum
1923 5689 2121 5743 dicam:

1362 363 1420 419 S.
1457 361 1732 419 JOANNIS
1764 359 2234 422 CHRYSOSTOMI
2271 365 2585 423 ARCIIIEP.
2624 366 3153 425 CONSTANTINOP.

3712 382 3828 437 180

2259 474 2315 529 Si
2355 484 2405 530 te
2449 476 2529 530 his
2551 478 2794 532 omnibus
2825 480 3030 549 privare
3050 480 3292 545 volebat,
3323 493 3478 548 quam
3510 479 3580 532 ob
3606 491 3828 531 causam

2256 567 2611 623 concedebat?
2639 570 2816 640 Itaque
2843 574 3088 640 quoniam
3115 582 3166 626 te
3193 573 3401 642 privare
3427 571 3661 635 nolebat,
3689 583 3820 636 pru-

2256 665 2434 725 pterea
2473 657 2564 713 tibi
2598 659 2707 726 jam
2742 661 2864 717 inde
2887 677 2914 715 a
2946 663 3203 732 principio
3227 663 3326 718 ista
3356 661 3641 716 concessit.
3683 657 3828 724 Quid

2254 759 2379 814 ergo
2400 746 2620 802 accidit?
2647 748 2759 803 Non
2784 758 2836 805 te
2860 750 2996 805 Deus
3017 751 3100 806 his
3123 751 3276 806 bonis
3300 751 3473 819 ejecit,
3504 749 3598 804 sed
3621 757 3676 801 tu
3701 762 3828 816 qum

2253 837 2373 892 data
2403 839 2608 896 fuerant
2639 844 2881 899 amisisti.
2914 845 2991 900 Tu
3017 846 3166 900 illum
3197 857 3411 916 propter
3437 846 3825 916 benignitatem

2254 927 2579 1000 lauda,quod
2603 931 2815 1001 largitus
2833 935 2903 988 sit
2931 952 2944 986 :
2971 937 3192 1005 teipsum
3213 946 3428 1005 prapter
3448 937 3708 1007 ignaviam
3733 946 3828 985 ac-

2251 1031 2396 1083 cusa,
2425 1021 2516 1089 qui
2537 1020 2729 1075 donum
2756 1024 2971 1079 minime
2989 1026 3406 1081 eonservaveris.
3437 1027 3629 1095 Liquet
3658 1025 3829 1092 igitur

2252 1124 2355 1162 non
2377 1125 2498 1164 eum
2525 1112 2614 1181 qui
2636 1112 2876 1182 deposuit
2899 1130 3046 1170 reum
3073 1131 3212 1184 esse,
3238 1133 3423 1173 verum
3450 1132 3572 1172 eum
3603 1116 3694 1185 qui
3718 1113 3824 1168 de-

2252 1200 2477 1267 positum
2506 1202 2728 1270 perdidit
2752 1204 2959 1259 crimini
2985 1206 3268 1261 obnoxium
3297 1221 3436 1263 esse.
3476 1206 3611 1260 Nam
3640 1219 3703 1258 se
3730 1201 3826 1256 di-

2251 1286 2410 1357 ligere
2428 1304 2490 1342 ac
2513 1290 2792 1361 benignum
2812 1308 2952 1359 esse,
2969 1304 3025 1350 et
3044 1296 3222 1364 largiri
3247 1295 3478 1351 voluisse
3498 1293 3825 1355 declaravit,

2248 1393 2368 1432 cum
2398 1395 2556 1435 nemo
2582 1395 2794 1452 cogeret
2818 1393 2910 1440 aut
2935 1387 3038 1440 vim
3064 1386 3314 1452 afferret,
3353 1402 3473 1442 cum
3511 1386 3654 1440 nulla
3683 1385 3740 1437 in
3771 1390 3828 1437 te

2249 1479 2392 1523 recte
2418 1469 2551 1525 facta
2580 1474 2798 1529 miratus
2821 1485 2998 1540 esset,
3029 1492 3199 1547 neque
3237 1477 3476 1532 laborum
3515 1476 3828 1531 retribuere

2249 1557 2544 1612 mercedem
2569 1561 2816 1627 deberet;
2846 1565 2938 1620 sed
2961 1566 3236 1621 confestim
3265 1566 3351 1619 ubi
3383 1565 3656 1629 formavit,
3685 1579 3828 1617 con-

2247 1643 2417 1698 festim
2437 1647 2501 1700 ad
2523 1647 2662 1703 hunc
2688 1652 3031 1722 principatum
3056 1654 3244 1718 evexit,
3267 1664 3324 1709 ut
3348 1655 3449 1709 hoc
3471 1655 3676 1708 donum
3710 1666 3829 1704 non

2246 1735 2644 1793 retributionem
2685 1744 2962 1811 mercedis,
3004 1745 3096 1800 sed
3138 1760 3341 1801 meram
3385 1746 3610 1815 gratiam
3652 1743 3828 1797 fuisse

2244 1826 2566 1882 ostenderet.
2588 1829 2736 1896 Quod
2755 1833 2800 1886 si
2821 1849 2937 1902 quae
2956 1834 3077 1889 data
3098 1835 3302 1890 fuerant
3322 1849 3429 1889 non
3449 1833 3825 1898 conservasti,

2245 1917 2471 1984 teipsum
2492 1933 2698 1986 accusa,
2727 1938 2828 1978 non
2853 1940 2974 1979 eum
3001 1927 3089 1995 qui
3119 1926 3316 1981 donum
3341 1927 3585 1981 contulit.

2314 1997 2498 2054 Christi
2535 2009 2772 2060 adventus
2808 2008 2990 2061 amissa
3033 2009 3172 2062 nobis
3210 2010 3433 2062 auctiora
3476 2006 3719 2061 restituit.
3748 2033 3825 2044 â€”

2242 2087 2379 2144 Num
2405 2090 2563 2161 igitur
2584 2093 2684 2148 hoc
2707 2111 2865 2150 unum
2903 2112 2997 2166 pro
3031 2098 3252 2153 Domino
3279 2098 3460 2153 dicere
3486 2109 3782 2166 possumus
3799 2093 3825 2146 ?

2239 2178 2450 2234 Sufficit
2472 2182 2685 2250 quidem
2725 2184 2838 2239 [nec
2873 2185 3111 2240 defensio
3143 2203 3157 2240 :
3185 2186 3278 2242 sed
3309 2188 3571 2240 immensa
3602 2184 3825 2236 bonitas

2239 2268 2358 2335 ejus
2407 2278 2462 2323 et
2501 2271 2792 2342 benignitas
2821 2274 3098 2330 ineï¬‚â€˜abilis
3125 2275 3226 2329 alia
3256 2275 3410 2330 nobis
3439 2274 3505 2328 ad
3536 2274 3657 2342 ejus
3682 2287 3824 2326 cau-

2239 2371 2353 2410 sam
2382 2359 2629 2413 tuendam
2658 2360 2980 2416 firmamenta
3009 2364 3221 2432 copiose
3257 2363 3584 2433 suppeditat.
3627 2361 3831 2429 Neque

2236 2448 2384 2502 enim
2414 2449 2516 2504 hoc
2543 2452 2711 2504 solum
2739 2452 2914 2508 dicere
2942 2454 3083 2520 licet,
3111 2455 3280 2520 ipsum
3307 2453 3524 2523 quidem
3553 2451 3781 2506 dedisse
3805 2489 3828 2514 ,

2241 2547 2293 2590 te
2317 2553 2443 2593 vero
2469 2539 2791 2608 perdidisse;
2835 2558 2954 2596 nam
2981 2551 3035 2597 et
3062 2542 3163 2598 hoc
3190 2552 3343 2612 pacto
3369 2543 3460 2612 qui
3490 2542 3678 2604 dedit,
3707 2539 3828 2594 cri-

2237 2627 2384 2682 mine
2411 2628 2678 2692 liheratur,
2709 2631 2791 2686 vel
2823 2632 2995 2700 potius
3023 2632 3248 2687 maxima
3277 2632 3436 2686 laude
3463 2632 3661 2700 dignus
3692 2644 3831 2682 cert-

2237 2727 2418 2786 setur,
2459 2720 2599 2789 quod
2635 2722 2792 2776 etiam
2832 2723 3124 2790 praevidens
3153 2733 3204 2778 te
3232 2722 3565 2790 perditurum
3593 2721 3833 2776 minime

2238 2816 2291 2862 te
2309 2809 2450 2862 dono
2469 2809 2686 2879 privarit
2706 2828 2723 2865 :
2745 2811 2837 2865 sed
2857 2811 2998 2866 aliud
3018 2812 3265 2881 quiddam
3284 2813 3459 2879 majus
3487 2809 3607 2864 istis
3632 2809 3831 2862 dicere

2237 2914 2536 2967 possumus.
2565 2901 2834 2967 Quodnam
2857 2913 3028 2957 autem
3051 2903 3175 2956 illud
3194 2902 3314 2957 est?
3341 2901 3495 2968 Quod
3527 2909 3834 2970 postquam

2234 3003 2302 3041 ex
2331 2989 2541 3057 propria
2569 2990 2878 3059 negligentia
2906 2991 3192 3059 perdidisti,
3220 3004 3409 3045 rursus
3447 3006 3513 3045 ea
3554 2991 3655 3044 tibi
3698 3003 3834 3058 quae

2235 3077 2541 3146 perdideras
2580 3080 2868 3134 restituerit
2893 3099 2905 3135 :
2935 3081 3041 3135 imo
3068 3097 3172 3136 non
3201 3097 3265 3135 ea
3293 3091 3501 3136 tantum
3531 3095 3660 3150 quae
3693 3094 3834 3148 per-

2235 3167 2464 3231 dideras,
2489 3167 2580 3222 sed
2609 3169 2688 3223 his
2709 3170 2871 3223 multo
2889 3170 3108 3238 majora.
3139 3170 3268 3225 Nam
3293 3170 3608 3239 paradisqu
3641 3168 3837 3236 perdi-

2234 3258 2410 3324 deras,
2432 3267 2485 3312 at
2500 3259 2586 3313 ille
2604 3259 2787 3313 caslum
2807 3260 2896 3313 tibi
2921 3260 3084 3314 dedit.
3111 3260 3272 3315 Vides
3291 3275 3399 3329 quo
3421 3267 3581 3327 pacto
3607 3259 3835 3312 lucrum

2235 3348 2408 3414 majus
2425 3357 2507 3402 est
2528 3362 2684 3417 quam
2708 3348 2947 3416 jactura?
2971 3364 3074 3418 quo
3094 3357 3245 3417 pacto
3272 3351 3452 3417 plures
3480 3357 3610 3401 sunt
3640 3361 3788 3413 Opes
3806 3345 3833 3397 ?

2234 3435 2431 3488 Caelum
2465 3437 2555 3490 tibi
2579 3437 2791 3504 largitus
2814 3445 2916 3502 est,
2945 3447 3000 3491 ut
3024 3437 3400 3506 benignitatem
3429 3450 3585 3489 suam
3621 3450 3746 3503 prae
3770 3448 3836 3488 se

2234 3523 2416 3588 ferret,
2434 3523 2641 3577 diabolo
2659 3525 2890 3579 dolorem
2912 3527 3158 3590 inureret,
3172 3536 3223 3578 et
3239 3524 3573 3586 ostenderet,
3590 3524 3728 3578 licet
3747 3524 3838 3578 in.-

2235 3627 2478 3668 numeras
2492 3614 2669 3682 generi
2688 3626 2866 3668 nostro
2882 3616 3060 3670 tendat
3076 3615 3314 3681 insidias,
3328 3615 3458 3669 nihil
3483 3616 3587 3670 hoc
3601 3615 3681 3669 illi
3702 3631 3839 3684 pro~

2235 3703 2490 3767 futurum,
2515 3717 2632 3755 cum
2653 3702 2718 3756 ad
2739 3703 2988 3769 majorem
3014 3704 3151 3758 Deus
3182 3705 3441 3759 honorem
3466 3719 3568 3758 nos
3595 3703 3832 3760 evehat.

2232 3793 2469 3846 Amisisti
2497 3808 2622 3862 ergo
2647 3794 2960 3861 paradisum,
2990 3804 3044 3849 et
3069 3796 3158 3849 tibi
3187 3796 3328 3850 Deus
3348 3798 3560 3865 aperuit
3581 3797 3835 3862 caelum;

2231 3883 2299 3934 ad
2331 3882 2698 3949 temporarium
2725 3882 3000 3937 damnatus
3023 3897 3080 3937 es
3105 3883 3364 3948 laborem,
3387 3893 3444 3939 et
3469 3886 3579 3938 vita
3611 3894 3836 3940 :etertta

2231 3971 2424 4024 ditatus
2449 3985 2539 4033 es;
2578 3970 2850 4038 imperavit
2878 3981 3047 4033 teme,
3080 3980 3139 4023 ut
3162 3972 3345 4039 spinas
3373 3987 3438 4024 ac
3465 3973 3706 4026 tribulos
3732 3973 3841 4026 tibi

2235 4059 2562 4128 produceret,
2585 4068 2638 4112 et
2658 4058 2881 4111 fructum
2899 4058 2988 4112 tibi
3014 4057 3239 4127 Spiritus
3258 4060 3436 4115 anima
3464 4061 3840 4128 germinavit.

2303 4150 2357 4202 4.
2386 4150 2464 4202 Ac
2491 4147 2609 4200 vide
2636 4155 2826 4215 quanta
2857 4148 2925 4200 sit
2953 4147 3044 4201 Dei
3074 4148 3406 4217 benignitas,
3438 4163 3744 4218 quousque
3773 4164 3845 4206 so

2234 4235 2523 4291 demiserit.
2552 4233 2608 4289 Si
2634 4234 2845 4303 quando
2874 4235 3106 4288 nonnulli
3139 4235 3346 4304 aliquas
3373 4237 3667 4290 facultates
3691 4238 3844 4291 ami-

2233 4328 2400 4381 serint
2418 4366 2433 4389 ,
2478 4326 2601 4379 licet
2642 4325 2866 4393 majores
2889 4339 2952 4378 ac
2975 4325 3318 4392 pretiosiores
3343 4327 3667 4391 acceperint
3687 4364 3707 4390 ,
3744 4325 3844 4378 illa

2233 4415 2348 4484 ipsa
2387 4428 2502 4481 qua:
2548 4412 2834 4464 amiserant
2868 4426 3104 4480 qumrere
3147 4412 3407 4480 cupiunt,
3451 4427 3638 4481 neque
3677 4413 3846 4482 prius

2233 4503 2595 4571 acquiescere,
2625 4515 2779 4568 quam
2806 4499 2915 4567 ipsa
2940 4501 3389 4568 recuperaverint.
3418 4500 3702 4566 Quoniam
3734 4503 3844 4573 igi-

2233 4602 2321 4647 tur
2363 4592 2655 4662 paradisum
2695 4591 3036 4660 perdideras,
3085 4606 3190 4645 non
3229 4592 3424 4647 cadum
3468 4592 3567 4644 tibi
3615 4603 3850 4648 tantum

2235 4683 2453 4751 largitus
2489 4690 2602 4744 cst,
2638 4679 2730 4734 sed
2763 4690 2815 4733 et
2853 4679 3150 4748 paradisum
3180 4688 3235 4734 et
3258 4679 3486 4735 catlum.
3513 4680 3703 4735 Hodie
3732 4700 3851 4737 me-

2235 4792 2348 4828 cum
2393 4775 2488 4827 eris
2533 4774 2585 4825 in
2627 4771 2858 4840 paradiso
2898 4770 3044 4838 (Luc.
3074 4770 3163 4824 23.
3197 4770 3291 4838 45)
3312 4809 3329 4835 ,
3363 4771 3544 4839 inquit
3573 4791 3589 4826 :
3626 4782 3694 4827 ut
3728 4791 3848 4829 non

2235 4865 2394 4919 modo
2430 4863 2694 4916 additione
2731 4862 3020 4928 majorum,
3058 4859 3152 4916 sed
3188 4861 3350 4915 etiam
3378 4877 3567 4918 rerum
3600 4865 3854 4919 amissa-

2236 4970 2352 5008 rum
2381 4953 2775 5020 recuperatione
2802 4951 3066 5004 dolentem
3090 4951 3322 5004 animam
3348 4953 3698 5008 consoletur.
3732 4955 3856 5010 Sed

2236 5045 2300 5098 ad
2344 5045 2443 5097 hoc
2483 5043 2650 5111 ipsum
2694 5041 3046 5109 propositum,
3078 5041 3122 5094 si
3165 5041 3379 5108 placet,
3406 5044 3708 5099 veniamus
3735 5085 3753 5109 ,
3786 5060 3854 5098 ac

2236 5136 2522 5197 videamus,
2552 5148 2654 5201 quo
2674 5140 2824 5200 pacto
2845 5130 3070 5197 linguam
3093 5131 3511 5199 perdiderimus.
3538 5133 3664 5188 Non
3691 5135 3856 5190 enim

2237 5224 2572 5277 mediocriter
2591 5222 2822 5274 conferet
2842 5220 2906 5273 ad
2933 5221 3271 5276 securitatem
3300 5221 3554 5276 historia.
3580 5223 3730 5278 Nam
3758 5224 3860 5294 qui.

2239 5316 2472 5384 pristina:
2501 5310 2792 5366 securitatis
2821 5309 3032 5363 modum
3057 5312 3336 5379 cognovit,
3368 5313 3424 5364 in
3448 5312 3689 5380 reliquis
3720 5329 3857 5367 cau-

2240 5396 2342 5457 tior
2367 5406 2468 5456 erit
2491 5411 2542 5454 et
2565 5399 2814 5454 securior.
2847 5398 3033 5466 Opera:
3059 5401 3284 5468 pretium
3318 5410 3402 5454 est
3423 5408 3610 5453 autem
3637 5412 3705 5454 ut
3728 5418 3860 5456 nm-

2240 5498 2325 5550 uia
2354 5494 2502 5548 vobis
2527 5492 2763 5546 dicantur
2792 5507 2805 5542 :
2837 5489 2994 5558 quale
3023 5500 3137 5555 est,
3167 5506 3325 5544 unam
3356 5490 3526 5544 fuisse
3555 5493 3859 5559 quondam

2239 5586 2474 5641 omnium
2501 5584 2767 5636 hominum
2794 5580 3022 5648 linguam
3049 5589 3208 5648 atque
3235 5582 3288 5634 in
3315 5580 3518 5633 multas
3541 5591 3752 5648 postea
3782 5582 3859 5636 di-

2241 5680 2407 5734 visam
2446 5689 2564 5731 cssc
2613 5690 2628 5727 :
2677 5671 2741 5726 ad
2784 5670 2923 5742 quod
2965 5683 3178 5742 tempus
3205 5686 3376 5744 usque
3410 5687 3518 5727 uua
3550 5671 3734 5729 fuerit
3764 5683 3861 5743 ,Î¹Î¹Î¹
