4064 6214
248 418 360 471 179

240 526 411 594 Καινῇ
431 521 691 592 κειμένων
721 520 1031 590 προεῖπενή
1062 515 1271 571 Παλαιὰ
1298 518 1559 586 Διαθήκη,
1599 518 1685 569 ἵνα
1718 514 1791 585 μή

236 610 485 675 ἄγνωστα
536 605 671 675 μένῃ
705 604 877 656 ταῦτα
922 604 1033 663 τοῖς
1068 601 1241 654 ἔθνεσι
1281 603 1390 661 τοῖς
1440 598 1576 667 μετὰ
1619 597 1788 649 ταῦτα

238 689 519 758 μέλλουσιν
548 684 781 747 ἔσεσθαι,
811 684 905 734 καὶ
930 682 1165 748 ἀγνοῶσι
1203 683 1299 749 τῆς
1326 679 1658 749 προφητείας
1692 679 1787 747 τὴν

240 771 411 839 ἰσχὺν,
433 766 777 836 ᾠκονόμησεν
809 766 841 833 ή
866 764 958 816 τοῦ
988 762 1118 815 Θεοῦ
1148 763 1303 832 χάρις
1328 761 1430 829 πρὸ
1460 760 1558 827 τῆς
1582 776 1789 828 παρου-

237 853 353 913 σίας
384 849 479 901 τοῦ
506 845 737 917 Χριστοῦ
760 845 1151 915 ἐρμηνευθῆναι
1184 843 1281 904 τὰς
1311 840 1529 910 Γραφάς
1552 878 1567 904 ,
1597 840 1657 891 ού
1679 841 1789 900 τοῖς

234 935 292 1000 ἐξ
326 933 494 986 ἐθνῶν
528 931 703 999 μόνον,
745 927 882 981 ἀλλά
927 926 1019 979 καὶ
1063 924 1324 977 Ἰουδαίων
1368 924 1477 984 τοῖς
1520 920 1788 988 πανταχοῦ

232 1017 330 1084 τῆς
366 1012 687 1081 οἰκουμένης
738 1009 1078 1078 διασπαρεῖσι
1110 1007 1202 1058 κα.)⁸
1242 1005 1337 1075 τὴν
1382 1004 1635 1072 Ἐϐραῖδα
1682 1003 1790 1054 λοι-

234 1098 333 1149 πον
364 1092 694 1149 ἀποϐαλοῦσι
724 1091 971 1158 γλῶσσαν
999 1089 1295 1158 χρησίμους
1339 1085 1505 1148 αὑτὰς
1553 1085 1718 1137 ποιῶν
1745 1093 1784 1136 ⁸.

246 1179 373 1231 Ἰδοὺ
405 1176 530 1245 γὰρ,
562 1174 875 1228 ἐπίστευσεν
898 1174 925 1224 6
954 1171 1011 1235 ἐξ
1041 1170 1228 1235 ἐθνῶν,
1260 1170 1466 1238 βλέπων
1492 1169 1558 1221 τά
1590 1169 1788 1239 σημεῖα

232 1262 339 1313 τῶν
392 1258 677 1312 Ἰουδαίων.
720 1255 843 1317 Πῶς
885 1248 1028 1322 εἶχον
1078 1252 1238 1305 πάλιν
1297 1252 1666 1319 ἐπαγαγέσθαι
1700 1250 1787 1303 τὸν

245 1341 489 1394 Ἰουδαῖον
513 1339 562 1391 οῖ
586 1337 890 1398 ἀπόστολοι,
926 1335 1077 1405 είομή
1112 1333 1328 1401 ἔμελλον
1358 1333 1509 1401 αὐτῷ
1539 1333 1789 1385 διδάσκαο

232 1424 319 1476 λον
336 1421 542 1475 οἴκοθεν
571 1418 830 1489 παρέχειν
857 1417 946 1469 τὸν
964 1416 1246 1485 προφήτην
1267 1430 1280 1477 ;
1301 1415 1361 1465 Εἰ
1389 1415 1493 1483 γὰρ
1523 1416 1602 1474 είς
1632 1412 1789 1481 Ἀθή-

230 1521 326 1566 νας
346 1501 596 1555 εἰσελθὼν
624 1502 651 1552 6
679 1498 887 1559 Παῦλος
908 1496 1321 1565 ἐπιγράμματος
1356 1494 1545 1563 ἐδεήθη
1576 1496 1789 1562 ἐγκεκο-

230 1586 503 1657 λαμμένου
532 1581 821 1652 βωμῷ,κα“ι
839 1580 936 1648 τὴν
959 1578 1299 1631 διδασκαλίαν
1328 1577 1386 1640 ἐξ
1419 1577 1623 1628 ἐκείνου
1654 1576 1788 1643 πρὸς

233 1670 429 1730 αὐτοὺς
463 1668 774 1735 ἐποιήσατο,
811 1664 921 1724 τοῖς
962 1661 1179 1723 οἰκείοις
1209 1662 1384 1713 αὐτῶν
1426 1660 1606 1723 ὅπλοις
1634 1660 1787 1711 εὐκο-

231 1752 362 1804 λώτε
372 1767 459 1820 ρον
478 1749 719 1817 αἱρήσειν
740 1743 1069 1815 προσδοκῶν,
1086 1743 1220 1811 ὅπερ
1238 1743 1328 1793 καὶ
1344 1744 1556 1809 ἐγένετο
1574 1758 1585 1771 ·
1612 1739 1787 1809 πολλῷ

234 1835 433 1905 μᾶλλον
467 1829 738 1889 Ἰουδαίοις
764 1826 1139 1894 διαλεγόμενος
1161 1824 1326 1877 ἐδεῖτο
1352 1824 1661 1905 συμμαχίας
1687 1822 1786 1889 τῆς

230 1904 340 1968 ἀπὸ
366 1912 473 1965 τῶν
504 1907 823 1980 προφητῶν,
856 1907 996 1959 ὥστε
1024 1906 1097 1976 μὴ
1125 1906 1217 1957 καὶ
1258 1905 1492 1967 ἐκείνους
1518 1904 1781 1970 ἐγκαλεῖν,

229 1999 311 2049 ὃτι
340 1994 500 2049 καινά
522 2009 642 2045 τινα
675 1992 768 2044 καὶ
798 1989 1069 2055 ξενίζοντα
1103 1989 1341 2058 εἰσφέρει
1375 1990 1453 2049 είς
1495 1986 1591 2049 τὰς
1619 1985 1785 2046 ἀκοὰς

228 2079 428 2134 αὐτῶν.
466 2075 574 2128 Καὶ
603 2073 689 2125 διὰ
707 2072 780 2134 τί,
805 2071 987 2139 φησιν,
1020 2070 1120 2121 ούκ
1146 2066 1214 2139 ἦν
1249 2070 1346 2138 μία
1369 2067 1537 2137 φωνὴ,
1573 2069 1663 2121 καὶ
1685 2067 1785 2119 πά-

231 2178 331 2229 σης
358 2156 500 2228 μεν
521 2153 927 2224 ἀπηλλαγμένοι
954 2152 1052 2220 τῆς
1083 2150 1394 2213 δυσκο).ία;;
1416 2150 1528 2202 Μία
1558 2148 1705 2216 φωνὴ
1728 2149 1788 2200 τὸ

228 2241 454 2294 παλαιὸν
478 2234 566 2307 ἦν,
589 2230 632 2289 ὧ
656 2235 925 2304 ἄνθρωπε,
950 2235 1045 2286 καὶ
1074 2231 1256 2301 ὥσπερ
1277 2231 1370 2301 μία
1398 2230 1555 2299 φύσις
1580 2229 1675 2282 άνο
1687 2229 1787 2298 ρώ-

229 2341 368 2385 πων,
395 2322 490 2373 κα¹ι
517 2319 612 2389 μία
630 2316 782 2386 φωνὴ
804 2315 1018 2368 πάντων
1045 2309 1133 2383 ἦν.
1159 2314 1271 2366 Οὐκ
1302 2308 1370 2381 ἦν
1397 2312 1788 2381 ἐτερόγλωσσος

228 2406 323 2458 ἀπ’
356 2402 553 2473 ἀρχῆς,
588 2401 685 2453 οὐκ
709 2394 776 2468 ἦν
810 2396 1171 2467 ἐτερόφωνος,
1208 2395 1306 2447 οὐκ
1336 2390 1404 2464 ἦν
1444 2394 1618 2455 Ἰνδὸς,
1665 2391 1784 2445 οὔτε

227 2486 376 2555 Θρᾲξ
402 2523 417 2545 ,
462 2482 583 2535 οὗτε
635 2480 881 2549 Σκύθης,
930 2478 1063 2530 ἀλλά
1111 2477 1309 2539 πάντες
1352 2478 1449 2545 μιᾷ
1492 2474 1788 2541 διελέγοντο

227 2568 466 2637 γλώσσῃ.
497 2564 561 2616 Τί
588 2560 675 2617 οῦν
698 2562 883 2630 γέγονε
912 2561 970 2612 τὸ
986 2560 1185 2621 αίτιονς
1218 2559 1407 2627 φησίν.
1444 2556 1672 2620 Ἀνάξιοι
1690 2556 1787 2624 τῆς

229 2652 360 2721 μιᾶς
376 2648 577 2716 ταύτης
603 2646 782 2714 φωνῆς
804 2643 1078 2711 ἐφάνημεν
1099 2644 1277 2710 ήμεῖς,
1301 2643 1348 2692 οἱ
1377 2639 1683 2707 ἀγνώμονες
1702 2642 1786 2691 ἀεὶ

227 2734 359 2801 περὶ
406 2731 496 2782 τὸν
530 2726 839 2796 εὐεργέτην.
872 2725 938 2775 Τί
970 2723 1175 2789 λέγεις;
1213 2724 1390 2791 φωνῆς
1422 2724 1623 2787 ἀνάξιοι
1658 2722 1788 2787 ἐφά-

225 2827 429 2883 νημεν;
486 2809 579 2862 καὶ
616 2807 683 2859 τὰ
722 2806 818 2871 μὲν
861 2805 1027 2871 ἄλογα
1070 2804 1165 2873 τὴν
1205 2805 1423 2883 οἰκείαν
1456 2805 1633 2873 φωνὴν
1677 2804 1787 2871 ἔχει

227 2882 407 2948 πάντα
430 2909 443 2922 ·
474 2891 735 2960 βληχᾶται
768 2886 1033 2955 πρόϐατα,
1076 2884 1351 2954 μηκῶνται
1378 2882 1550 2951 αἷγες,
1605 2887 1785 2952 μυκᾶ-

228 2992 317 3029 ται
345 2974 564 3044 ταῦρος,
592 2969 896 3041 χρεμετίζει
918 2970 1101 3030 ἵππος,
1146 2968 1398 3036 βρύχεται
1426 2968 1581 3027 λέων,
1618 2967 1788 3035 ὠρύε-

226 3076 321 3112 ται
355 3056 537 3118 λύκος,
562 3052 768 3121 συρίζει
798 3050 1038 3119 δράκων’
1073 3049 1296 3100 ἕκαστον
1321 3048 1428 3100 τῶν
1461 3049 1668 3115 ἀλόγων
1698 3050 1787 3102 τὸν

230 3142 428 3193 οἰκεῖον
450 3137 679 3207 φθόγγον
702 3134 1035 3201 διετήρησεν,
1062 3131 1169 3197 ἐγὼ
1195 3130 1251 3181 δὲ
1284 3130 1439 3199 μόνος
1466 3131 1562 3199 τῆς
1587 3130 1789 3192 οἰκείας

228 3222 608 3288 ἀπεστέρημαι
636 3216 848 3285 φωνῆς;
901 3216 1006 3266 Καὶ
1033 3213 1099 3265 τά
1132 3213 1296 3281 ἄγρια
1333 3215 1425 3266 καὶ
1469 3213 1536 3264 τά
1571 3212 1785 3282 ἥμερα,

228 3306 327 3359 καὶ
371 3304 440 3356 τὰ
482 3298 733 3371 χειροήθη
788 3296 879 3349 καὶ
910 3296 977 3347 τά
1030 3294 1386 3347 ἀτιθάσσευτα
1428 3292 1540 3356 ζῶα
1581 3293 1788 3363 ἔμεινεν

230 3389 465 3439 ἕκαστον
494 3381 682 3449 έχοντα
704 3378 799 3447 τὴν
833 3376 892 3440 ἐξ
916 3376 1086 3446 ἀρχῆς
1116 3375 1583 3444 συγκληρωθεῖσαν
1610 3376 1788 3435 αὐτοῖς

230 3468 419 3535 φωνήν
439 3478 453 3492 ⁸
488 3462 596 3530 ἐγὼ
619 3461 673 3513 δὲ
698 3462 725 3512 6
744 3461 924 3529 ἀρχων
962 3457 1137 3509 αὐτῶν
1170 3456 1447 3526 ήτίμωμαι
1471 3473 1485 3520 ;
1522 3454 1790 3517 κάκείνοις

234 3550 337 3619 μὲν
364 3549 391 3588 δ
414 3547 657 3615 ἀκίνητοι
674 3544 730 3595 αί
754 3541 929 3610 τιμαὶ,
957 3538 1065 3606 ἐγὼ
1091 3538 1145 3590 δέ
1166 3539 1418 3601 ἐξέπεσον
1443 3538 1549 3590 τῶν
1576 3538 1791 3619 δωρεῶν

228 3618 325 3683 τοῦ
359 3626 525 3692 Θεοῦ;
573 3624 683 3677 Καὶ
720 3622 774 3675 τί
800 3620 1049 3675 τοσοῦτον
1077 3619 1381 3690 ἡμάρτηταί
1415 3635 1530 3689 μοις
1565 3619 1663 3670 οὐκ
1689 3618 1790 3686 ἦρ-

230 3726 365 3762 κουν
402 3710 457 3760 αῖ
490 3706 747 3775 πρότεραι
786 3703 1075 3772 τιμωρίαι;
1118 3700 1321 3753 Ἐδωκέ
1358 3717 1443 3767 μοι
1474 3700 1563 3751 τὸν
1614 3700 1789 3767 παράο

230 3789 535 3854 δεισον,καὶ
551 3785 767 3851 ἐξέϐαλέ
787 3801 852 3853 με
868 3784 965 3836 τοῦ
992 3782 1332 3851 παραδείσου·
1360 3780 1493 3843 ἔζων
1514 3780 1623 3847 βίον
1640 3779 1791 3851 [185]

229 3871 611 3939 ἀταλαίπωρον
632 3867 723 3921 καὶ
745 3867 919 3918 πόνων
937 3863 1369 3933 ἀπηλλαγμένον,
1386 3863 1701 3915 κατεδίκασέ
1725 3880 1792 3932 με

234 3958 420 4028 ἱδρῶτι
449 3954 541 4007 καὶ
574 3950 755 4021 μόχθῳ
777 3966 791 3980 ·
820 3949 1075 4016 ἄσπαρτα
1104 3946 1198 3998 καὶ
1234 3945 1469 4028 ἀνήροτα
1507 3947 1680 3998 πάντα
1705 3963 1793 4014 μοι

232 4026 496 4108 παρεῖχεν
538 4037 571 4104 ή
612 4033 717 4100 γῆ,
760 4029 1040 4083 ἐκέλευσεν
1078 4028 1213 4097 αὐτῇ
1259 4026 1494 4088 ἀκάνθας
1544 4028 1636 4079 καὶ
1678 4044 1794 4096 τρι-

233 4120 427 4179 ϐόλους
453 4112 885 4179 ἀνενεγκεῖν,κα“ι
912 4111 988 4170 είς
1014 4109 1181 4178 αὑτήν
1211 4125 1275 4177 με
1294 4108 1450 4162 πάλιν
1467 4108 1789 4176 ἀπέστρεψε·

236 4201 454 4267 θανάτῳ
492 4214 558 4266 με
586 4196 806 4247 ἐκόλασε
826 4211 837 4222 ·
864 4192 923 4244 τὸ
943 4192 1050 4243 τῶν
1081 4190 1351 4257 γυναικῶν
1372 4190 1523 4256 γένος
1544 4190 1793 4241 ἐκόλασεν

234 4280 529 4337 ὑποϐαλὼν
576 4278 726 4330 ὠδῖσι
768 4275 859 4328 καὶ
912 4274 1113 4335 πόνοις,
1157 4273 1267 4325 Οὐκ
1311 4272 1469 4341 ήρκει
1501 4270 1671 4323 ταῦτα
1717 4272 1794 4333 εἰς

232 4363 532 4435 τιμωρίαν,
557 4358 692 4414 ἀλλά
717 4359 809 4409 καὶ
828 4358 922 4423 τῆς
941 4356 1119 4424 φωνῆς
1144 4370 1208 4422 με
1229 4353 1468 4435 ἐξέϐαλε,
1489 4354 1580 4405 καὶ
1595 4352 1793 4420 ταύτης

236 4446 582 4516 ἀπεστέρησε
614 4440 711 4508 τῆς
756 4440 939 4506 τιμῆς,
976 4437 1061 4488 ἵνα
1081 4437 1203 4497 τοὺς
1227 4434 1525 4502 ὁμοφύλους
1556 4435 1647 4486 καὶ
1669 4436 1796 4501 ὁμο-

233 4531 413 4597 γενεῖς
438 4525 682 4592 καθάπερ
712 4520 988 4591 θηριώδεις
1014 4518 1454 4586 ἀποστρέφωμαι,
1486 4517 1583 4584 τῆς
1615 4516 1796 4597 φωνῆς

232 4596 667 4676 διατειχιζούσης
699 4619 787 4671 μοι
807 4601 902 4670 τὴν
938 4599 1237 4651 συνουσίαν.
1268 4599 1363 4650 Διά
1408 4597 1561 4649 τοῦτο
1588 4596 1797 4665 ηῠξησα

234 4694 335 4760 τὴν
362 4689 633 4743 ἀντίθεσιν
652 4725 667 4749 ,
710 4686 776 4737 ἵν’
803 4684 927 4736 ὅταν
952 4681 1212 4747 ἐπαγάγω
1238 4679 1334 4747 τὴν
1356 4678 1523 4760 λύσιν,
1555 4678 1797 4760 λαμπρο-

234 4759 372 4842 τέρα
395 4770 618 4837 γένηται
646 4769 681 4836 ὴ
710 4766 851 4834 νίκη.
875 4765 935 4817 El
965 4762 1206 4814 ἐϐούλετό
1237 4776 1324 4831 με,
1348 4759 1526 4842 φησίν,
1550 4759 1797 4842 ἐκϐαλεῖν

236 4841 442 4907 τούτων
482 4850 763 4910 ἁπάντων,
801 4845 943 4907 τίνος
983 4842 1164 4895 ἐνεκέν
1209 4859 1295 4911 μοι
1339 4841 1476 4894 αὐτὰ
1520 4841 1669 4910 παρά
1699 4841 1797 4909 τήν

237 4937 417 5005 ἀρχὴν
451 4932 653 4993 ἐδίδου;
694 4928 952 4980 Βούλεσθε
989 4927 1081 4978 ἀπ’
1112 4924 1273 4978 αὐτοῦ
1317 4923 1503 4976 τούτου
1537 4923 1798 5005 ἐπαγάγω

176 5076 179 5079 _
235 5004 338 5086 τὴν
366 5013 541 5075 λύσιν,
575 5012 667 5063 ἀπ’
696 5009 864 5076 αὐτῆς
914 5007 1011 5076 τῆς
1058 5007 1421 5076 ἀντιρρήσεως
1458 5007 1554 5073 τῆς
1598 5004 1795 5072 ψιλῆςς

236 5096 495 5164 Τοσαύτη
529 5093 636 5162 γάρ
686 5091 793 5143 τῶν
844 5090 982 5158 ύπέρ
1022 5088 1115 5140 τοῦ
1169 5088 1300 5139 Θεοῦ
1353 5086 1726 5153 δικαιωμάτων
1763 5088 1797 5153 ή

238 5177 551 5250 περιουσία,
582 5174 654 5234 ὼς
691 5169 856 5239 αὐτὴν
888 5170 983 5221 τοῦ
1029 5168 1389 5250 ἀντιλέγοντος
1415 5168 1511 5236 τὴν
1550 5167 1799 5250 ἀντίρρη-

240 5248 349 5322 σιν,
388 5258 553 5329 μηδὲν
600 5253 729 5322 παρ’
770 5252 926 5319 ήμῶν
976 5249 1521 5318 προσλαμϐάνουσαν,
1571 5248 1798 5318 ἀρκέσαι

242 5342 381 5412 πρὸς
433 5342 530 5407 τήν
575 5336 680 5389 τῶν
725 5330 1078 5412 ἐγκλημάτων
1123 5330 1295 5382 λύσιν.
1352 5331 1411 5381 Ei
1454 5330 1697 5382 ἐϐούλετό
1734 5346 1798 5398 με

239 5410 493 5478 ἐκϐαλεῖν
527 5420 740 5471 πάντων
759 5414 977 5475 τούτων,
1007 5411 1148 5473 τίνος
1174 5413 1350 5465 ἕνεκεν
1379 5413 1515 5464 αὑτά
1546 5429 1629 5481 μοι
1654 5410 1801 5481 παρά

306 5580 332 5607 ⁸
358 5574 628 5626 Dicendum
674 5569 926 5618 videbatur
966 5565 1184 5614 ποιοῦσα·
1209 5580 1315 5613 nam
1356 5568 1700 5616 subslanlivum
1726 5574 1803 5616 est

236 5651 386 5699 supra
411 5639 440 5690 ἠ
462 5634 546 5681 τοῦ
567 5631 689 5679 Θεοῦ
714 5633 859 5692 χάρις.
885 5629 980 5677 Sed
1004 5629 1078 5676 hic
1102 5640 1313 5684 sensum,
1339 5641 1429 5674 non
1462 5629 1619 5686 verba,
1648 5635 1801 5689 respi-

238 5699 719 5753 cilChrysoslomus.
774 5750 815 5755 __
908 5751 920 5755 _
973 5750 995 5755 _
1050 5745 1099 5755 ε,

305 5759 337 5797 b
360 5747 458 5805 Μὶν
480 5756 652 5803 deerat.
684 5756 731 5799 in
754 5750 942 5799 'Morel.
968 5748 1063 5797 Sed
1090 5747 1136 5794 in
1172 5748 1276 5795 aliis
1314 5747 1534 5806 habetur,
1560 5753 1607 5795 cl
1631 5749 1705 5797 hic
1728 5762 1802 5795 re-

243 5817 475 5888 ψιίνίίυῐ·ς

1182 395 1271 451 DE
1308 394 1839 451 PROPHETIARUM
1877 391 2374 450 OBSCURITATE.
2413 389 2476 443 ll.

3352 390 3463 444 180

1897 513 1989 582 τὴν
2018 513 2188 583 ἀρχὴν
2223 512 2427 575 ἐδίδου;
2477 510 2586 561 Καὶ
2617 508 2724 579 γάρ
2758 509 2911 576 κάγὼ
2940 509 3001 561 τδ
3030 508 3158 562 αὐτὸ
3204 507 3378 576 λέγω·
3404 511 3456 563 εί

1903 603 2148 656 ἐϐούλετό
2182 620 2239 654 σε
2274 601 2518 654 ἐκϐαλεῖν
2559 602 2771 654 πάντων
2816 605 3036 663 τούτων,
3084 600 3227 661 τίνος
3268 599 3458 651 ἕνεκεν

1894 685 2094 749 ἐδίδου;
2144 685 2302 735 Ὥστε
2341 682 2524 751 ἐπειδὴ
2566 682 2665 733 οὐκ
2697 680 2943 732 ἐϐούλετό
2978 698 3035 732 σε
3071 680 3337 744 ἐκϐαλεῖν,
3367 682 3455 736 διά

1891 765 2046 817 τοῦτο
2072 765 2235 817 ἔδωκέ
2267 781 2347 815 σοι
2371 761 2542 815 ταῦτα
2571 763 2721 833 παρά
2742 762 2842 833 τὴν
2879 762 3072 831 ἀρχήν.
3118 760 3183 814 Τί
3214 757 3307 815 οὖν
3334 762 3455 830 ἐγέυ

1891 871 2043 917 νετο;
2079 854 2188 921 Οὐχ
2211 854 2239 905 6
2266 851 2396 914 Θεός
2427 867 2483 903 σε
2506 851 2775 914 ἐξέϐαλεν,
2802 850 2935 902 ἀλλά
2976 851 3039 902 σὺ
3065 849 3350 913 ἀπώλεσας
3385 851 3453 903 τὰ

1891 934 2129 989 δοθέντα.
2183 933 2414 986 Ἐκεῖνον
2465 930 2709 1001 θαύμαζε
2746 932 2843 1000 τῆς
2891 930 3319 999 φιλανθρωπίας,
3370 930 3455 983 δτι

1895 1018 2182 1088 ἐχαρίσατο
2201 1032 2213 1044 ·
2245 1014 2421 1083 σαυτῷ
2453 1015 2665 1082 μέμφου
2698 1012 2795 1080 τῆς
2825 1012 3115 1082 ῥᾳθυμίας,
3143 1012 3223 1063 ὅτι
3253 1012 3314 1064 τὸ
3352 1011 3453 1064 6(6—

1895 1116 1986 1169 ρον
2007 1100 2105 1151 οὐκ
2128 1094 2416 1167 ἐφύλαξας.
2444 1097 2603 1148 Ὥστε
2630 1096 2806 1165 δῆλον,
2832 1096 2913 1147 ὅτι
2955 1097 3052 1164 οὐχ
3082 1097 3110 1147 6
3133 1112 3450 1165 παρακατα-

1894 1181 2116 1249 θέμενος
2163 1180 2351 1242 αῖτιος,
2384 1179 2496 1231 ἀλλ’
2527 1180 2554 1229 6
2584 1177 2680 1246 τὴν
2727 1177 3196 1247 παρακαταθήκην
3228 1177 3453 1247 προδοὺς

1893 1262 2244 1331 ἐγκλημάτων
2266 1260 2579 1322 ὑπεύθυνος.
2613 1260 2735 1312 Ὀτι
2764 1260 2871 1327 γάρ
2899 1258 3093 1326 ἐφίλει,
3138 1258 3232 1311 καὶ
3262 1258 3451 1325 φιλάν-

1893 1342 2104 1413 θρωπος
2124 1339 2210 1412 ἦν,
2244 1344 2336 1395 καὶ
2365 1341 2609 1395 ἐϐούλετο
2632 1339 2972 1409 χαρίσασθαι,
3001 1338 3217 1403 ἔδειξεν,
3244 1340 3455 1403 οὐδενὸς

1891 1424 1946 1475 δέ
1972 1424 2382 1491 ἀναγκάζοντος,
2412 1423 2530 1475 ούδέ
2561 1422 2680 1491 βίαν
2707 1421 3059 1485 ἐπιτιθέντος,
3082 1422 3141 1473 οὐ
3165 1421 3230 1473 τὰ
3260 1439 3455 1489 κατορ-

1894 1503 2117 1574 θώματά
2153 1523 2241 1557 σου
2271 1504 2572 1573 θαυμάσας,
2608 1504 2707 1555 οὐκ
2744 1502 2881 1571 ἔχων
2913 1519 2994 1554 σοι
3016 1503 3189 1555 πόνων
3220 1502 3454 1572 ἀμοιϐὴν

1892 1586 2208 1639 ἀποδοῦναι·
2266 1585 2379 1639 ἀλλ’
2431 1584 2629 1645 εὐθέως
2680 1582 2922 1646 πλάσας,
2976 1582 3172 1646 εὐθέως
3220 1585 3299 1645 είς
3354 1586 3454 1653 τὴν

1898 1667 2073 1736 ἀρχὴν
2102 1668 2373 1737 μετήγαγε
2399 1666 2619 1735 ταύτην,
2654 1666 2741 1717 ἴνα
2767 1665 2937 1735 δείξῃ,
2966 1665 3047 1716 ὅτι
3069 1664 3165 1715 οὐκ
3192 1663 3453 1726 ἀντίδοσις

1891 1749 2124 1816 ἀμοιϐῆς
2156 1751 2187 1818 ή
2222 1748 2417 1819 δωρεὰ,
2445 1746 2578 1799 ἀλλά
2607 1747 2786 1815 γυμνὴ
2810 1747 2843 1815 ή
2878 1746 3037 1816 χάρις
3064 1740 3151 1815 ἦν.
3184 1743 3245 1796 Et
3270 1745 3324 1797 δὲ
3353 1745 3452 1796 οὐκ

1891 1829 2155 1898 ἐφύλαξας
2188 1830 2255 1884 τά
2286 1830 2522 1891 δοθέντα,
2552 1828 2743 1880 σαυτὸν
2772 1827 2950 1893 αίτιῶ,
2978 1828 3052 1898 μὴ
3074 1827 3164 1879 τὸν
3188 1826 3453 1879 δεδωκότα

1894 1914 1992 1982 τὴν
2023 1912 2227 1982 δωρεάν
2258 1921 2305 1965 ε.

1960 1991 2083 2065 Ἀρ*
2131 1992 2222 2047 οὖν
2273 1994 2428 2046 τοῦτο
2480 1993 2636 2063 μόνον
2684 1993 2876 2064 ἔχομεν
2947 1993 3119 2044 εἰπεῖν
3170 1990 3308 2059 ὑπὲρ
3356 1987 3449 2042 τοῦ

1891 2077 2185 2141 Δεσπότου;
2244 2075 2419 2145 Ἱκανὴ
2476 2076 2571 2144 μὲν
2621 2070 2710 2127 οὖν
2752 2077 2844 2127 καὶ
2874 2074 3008 2143 αὕτη
3055 2075 3088 2141 ὴ
3140 2072 3402 2139 ἀπολογία
3434 2087 3449 2103 ο

1892 2159 2009 2212 ἀλλ’
2034 2160 2067 2229 ή
2096 2160 2317 2228 ἄπειρος
2342 2158 2503 2211 αὑτοῦ
2536 2158 2801 2225 ἀγαθότης
2828 2158 2918 2210 καὶ
2947 2157 2979 2226 ή
3007 2155 3241 2226 ἀρῤητος
3275 2153 3456 2221 quiav-

1892 2240 2102 2310 θρωπία
2136 2242 2228 2293 καὶ
2276 2240 2466 2310 ἐτέραν
2512 2240 2642 2308 ήμῖν
2697 2237 3012 2307 περιουσίαν
3067 2235 3447 2305 δικαιωμάτων

1892 2323 2137 2393 παρέχει,
2182 2323 2313 2374 υύδέ
2350 2322 2456 2391 γὰρ
2485 2321 2638 2373 τοῦτο
2662 2320 2817 2390 μόνον
2850 2320 2997 2371 ἐστιν
3032 2320 3224 2379 εἰπεῖν,
3256 2318 3335 2371 ὅτι
3358 2318 3456 2372 αὐ-

1890 2406 1982 2467 τὸς
2010 2407 2105 2473 μέν
2136 2405 2320 2469 ἔδωκε,
2344 2408 2406 2457 σὺ
2434 2404 2489 2456 δὲ
2507 2403 2789 2464 ἀπώλεσας
2808 2418 2823 2433 ’
2849 2400 3189 2470 ἀπήλλακται
3226 2400 3325 2470 μέν
3348 2401 3455 2469 γάρ

1893 2489 1989 2541 καὶ
2019 2488 2156 2540 οὕτω
2186 2489 2290 2540 τῶν
2320 2486 2675 2555 ἐγκλημάτων
2700 2487 2726 2537 6
2752 2484 2891 2545 δοὺς,
2922 2484 3118 2553 μᾶλλον
3146 2482 3202 2534 δέ
3239 2484 3331 2534 καὶ
3363 2498 3458 2552 με·

1891 2572 2074 2638 γίστου
2108 2569 2376 2638 θαύματός
2414 2570 2558 2619 ἐστιν
2598 2566 2780 2629 ἄξιος,
2817 2566 2898 2617 ὃτι
2938 2565 3031 2618 καὶ
3076 2564 3338 2628 προειδὼς
3374 2566 3456 2616 ὅτι

1891 2653 2127 2718 ἀπολεῖς,
2151 2653 2249 2704 οὐκ
2281 2648 2616 2719 ἀπεστέρησέ
2651 2665 2710 2700 σε
2738 2648 2839 2716 τῆς
2864 2647 3072 2716 δωρεᾶς
3113 2662 3127 2678 ο
3161 2644 3300 2715 πλὴν
3324 2644 3458 2697 ἀλλά

1892 2735 1984 2786 καὶ
2024 2734 2208 2804 ἕτερον
2244 2731 2421 2800 πολλῷ
2468 2730 2648 2799 μεῖξον
2695 2729 2801 2798 ἐχω
2840 2728 3039 2781 τούτων
3075 2728 3267 2783 εἰπεῖν.
3300 2726 3365 2779 Τί
3400 2727 3456 2779 δέ

1891 2814 2047 2867 τοῦτό
2085 2817 2263 2877 ἐστιν;
2304 2814 2424 2866 Ὅτι
2455 2813 2546 2863 καὶ
2587 2810 2722 2879 μετά
2764 2809 2824 2861 τὸ
2867 2808 3127 2861 ἀπολέσαι
3166 2805 3223 2872 ἐξ
3255 2807 3459 2869 οίκείας

1895 2895 2181 2965 ῥᾳθυμίας,
2213 2894 2373 2948 πάλιν
2406 2892 2709 2945 ἀποδέδωκέ
2733 2890 2903 2942 σοιτά
2932 2889 3243 2941 ἀπολωλότα
3268 2904 3284 2920 ο
3322 2889 3459 2958 μάλ-

1892 2977 1980 3029 λον
2016 2976 2072 3029 δὲ
2108 2978 2167 3028 οὑ
2198 2976 2263 3028 τά
2292 2974 2603 3027 ἀπολωλότα
2638 2972 2811 3041 μόνον,
2844 2970 2978 3023 ἀλλά
3010 2969 3106 3023 καὶ
3136 2967 3311 3037 πολλῷ
3340 2968 3459 3037 μεί-

1897 3059 2024 3122 ζονα
2053 3058 2275 3110 τούτων.
2314 3056 2619 3117 Ἀπώλεσας
2660 3054 2756 3124 μέν
2788 3052 2893 3122 γὰρ
2928 3052 3266 3122 παράδεισον,
3292 3049 3458 3102 ἔδωκε

1892 3141 1947 3192 δέ
1982 3158 2060 3193 σοι
2086 3141 2172 3193 τὸν
2198 3140 2435 3207 οὐρανόν.
2474 3138 2633 3205 Ὁρᾷς
2658 3136 2772 3197 πῶς
2805 3135 3001 3203 μείζων
3025 3136 3055 3203 ή
3094 3132 3330 3202 ἐμπορία
3357 3131 3459 3199 τῆς

1894 3220 2093 3289 ζημίας
2116 3261 2129 3283 ,
2162 3218 2307 3290 [186]
2343 3221 2457 3281 πῶς
2484 3219 2678 3270 πλείων
2702 3220 2728 3269 6
2750 3216 3003 3279 πλοῦτος;
3036 3214 3240 3268 Ἔδωκέ
3272 3229 3349 3264 σοι
3369 3212 3460 3264 τὸν

1893 3303 2133 3371 οὐρανὸν,
2151 3302 2235 3352 ἴνα
2261 3301 2352 3353 καὶ
2368 3302 2464 3368 τὴν
2478 3300 2679 3351 οίκείαν
2697 3296 3094 3365 φιλανθρωπίαν
3110 3293 3457 3363 ἐπιδείξηται,

1895 3383 1987 3434 καῖ
2011 3382 2099 3433 τὸν
2130 3381 2371 3435 διάϐολον
2398 3381 2553 3449 δάκῃ.
2585 3380 2792 3440 δεικνὺς
2820 3378 2900 3429 ὅτι
2930 3376 3034 3429 κᾶν
3066 3376 3231 3445 μυρία
3254 3374 3331 3444 τῷ
3351 3374 3461 3425 τῶν

1895 3462 2192 3533 ἀνθρώπων
2215 3461 2569 3531 ἐπιϐουλεύσῃ
2592 3461 2759 3528 γένει,
2781 3459 2929 3510 ούδέν
2949 3457 3096 3509 ἐσται
3114 3456 3269 3507 πλέον
3291 3454 3459 3523 αὐτῷ,

1894 3545 1987 3596 τοῦ
2031 3542 2161 3596 Θεοῦ
2197 3544 2331 3612 πρὸς
2377 3543 2595 3612 μείζονα
2636 3541 2721 3594 ἀεὶ
2762 3539 2925 3610 τιμὴν
2966 3540 3110 3609 ἡμᾶς
3151 3537 3458 3603 ἀνάγοντος.

1898 3616 2207 3688 Ἀπώλεσας
2235 3626 2413 3678 τοίνυν
2443 3624 2785 3693 παράδεισον,
2814 3624 2904 3675 καὶ
2927 3619 3125 3689 ἀνέῳξέ
3160 3636 3240 3671 σοι
3276 3621 3304 3671 6
3331 3618 3460 3681 Θεὸς

1895 3708 1984 3758 τὸν
2009 3707 2230 3777 οὐρανόν
2248 3724 2261 3738 ·
2289 3705 2677 3774 κατεδικάσθης
2701 3705 2845 3771 πόνῳ
2871 3701 3207 3772 προσκαίρῳ,
3237 3700 3330 3753 καὶ
3354 3701 3462 3751 ἐτι-

1900 3790 2075 3858 μήθης
2102 3788 2210 3859 ζωῇ
2240 3790 2464 3859 αίωνίῳ·
2498 3787 2745 3840 ἐκέλευσε
2780 3789 2845 3856 τῇ
2872 3788 2941 3855 γῇ
2966 3783 3202 3845 ἀκάνθας
3231 3782 3322 3835 καὶ
3347 3800 3462 3853 τρι-

1898 3872 2079 3933 ϐόλους
2102 3872 2356 3937 ἐνεγκεῖν,
2375 3870 2465 3923 κα)⁵
2497 3868 2790 3937 ἐϐλάστησέ
2808 3885 2888 3920 σοι
2921 3866 3126 3936 καρπὸν
3152 3864 3463 3933 Πνεύματος

1898 3953 1929 4021 ὴ
1959 3953 2103 4020 ψυχή
2132 3950 2181 4004 δ-

1966 4047 2026 4097 6'.
2051 4046 2158 4097 Καὶ
2176 4045 2362 4096 σκόπει
2386 4060 2471 4113 μοι
2496 4044 2591 4112 τὴν
2608 4044 2793 4112 φιλανθ
2803 4045 3008 4113 ρωπίαν
3020 4044 3109 4097 τοῦ
3127 4043 3279 4102 Θεοῦ.
3301 4046 3459 4117 μέχρι

1899 4126 2061 4177 πόσου
2094 4125 2316 4193 κατέϐη.
2361 4126 2446 4177 Ἐν
2471 4129 2580 4186 τοῖς
2614 4125 2937 4177 ἀπολλύουσι
2970 4142 3088 4177 τινα
3117 4126 3224 4178 τῶν
3250 4128 3461 4183 οίκείων

1899 4208 2208 4276 κτημάτων,
2246 4208 2349 4258 κᾶν
2390 4205 2608 4274 μείζονα
2641 4206 2840 4259 λάϐωσι
2880 4207 2972 4259 καὶ
3013 4207 3458 4277 πολυτελέστερα,

1899 4295 2079 4345 ἐκεῖνα
2104 4292 2170 4344 τά
2191 4290 2499 4345 ἀπολωλότα
2519 4293 2696 4361 ζητεῖν
2715 4292 2973 4361 ἐφίενται,
2992 4293 3083 4344 καὶ
3110 4292 3182 4361 μὴ
3200 4292 3462 4362 πρότερον

1901 4374 2341 4443 πληροφορεῖθαι,
2375 4373 2477 4435 ἕως
2516 4374 2581 4426 ἂν
2619 4374 2756 4426 αὑτά
2789 4374 3146 4427 ἀπολάϐωσιν.
3196 4375 3341 4428 Ἐπεὶ
3370 4371 3464 4427 οὖν

1899 4455 2183 4517 ἀπώλεσας
2230 4455 2569 4525 παράδεισον,
2606 4455 2724 4523 οὐχὶ⁵
2759 4454 2848 4506 τὸν
2886 4455 3108 4524 οὐρανόν
3147 4472 3226 4507 σοι
3268 4456 3463 4508 δέδωκε

1904 4536 2081 4604 μόνον,
2127 4536 2259 4588 ἀλλὰ
2304 4537 2395 4587 καὶ
2439 4535 2757 4604 παράδεισον
2798 4537 2889 4588 καὶ
2919 4536 3162 4606 οὐρανόν.
3200 4536 3467 4604 Σήμερον

1896 4619 2019 4687 μετ’
2034 4618 2175 4684 ἐμοῦ
2192 4618 2304 4684 ἔσῃ
2326 4616 2485 4681 ἐνεῷ
2502 4617 2856 4683 παραδείσῳ,
2873 4619 3034 4687 φησίν
3052 4634 3066 4648 ³
3093 4617 3181 4671 ἵνα
3206 4618 3279 4689 μὴ
3308 4620 3466 4688 μόνον

1900 4702 1963 4767 τῇ
1991 4698 2096 4751 τῶν
2126 4697 2383 4766 μειζόνων
2416 4698 2717 4767 προσθήκῃ,
2751 4698 2881 4751 ἀλλά
2911 4698 3003 4750 καὶ
3026 4702 3090 4769 τῇ
3121 4699 3228 4751 τῶν
3257 4701 3467 4753 ἀπολω-

1901 4781 2063 4831 λότων
2123 4780 2413 4849 άνακτήσει
2470 4780 2926 4849 παραμυθήσηται
2975 4780 3071 4850 τὴν
3127 4782 3466 4851 όδυνωμένην

1901 4862 2095 4929 ψυχήν.
2147 4860 2304 4926 Ἀλλ’,
2344 4862 2392 4913 εί
2424 4861 2593 4924 δοκεῖ,
2626 4861 2719 4913 καὶ
2765 4862 2849 4913 ἐπ’
2881 4862 3010 4915 αὐτὸ
3041 4862 3196 4915 τοῦτο
3227 4862 3467 4932 ἔλθωμεν

1900 4944 1960 4994 τὸ
2007 4941 2390 5011 προκείμενον,
2440 4942 2533 4994 καὶ
2579 4942 2775 5009 ἴδωμεν
2827 4943 2942 5005 πῶς
2976 4944 3329 5014 ἀπωλέσαμεν
3366 4946 3467 5014 τὴν

1904 5024 2100 5091 φωνήν.
2136 5024 2268 5075 υύδέ
2297 5022 2403 5093 γάρ
2433 5023 2626 5093 μικρὸν
2660 5025 2735 5086 είς
2765 5024 3056 5091 ἀσφαλείας
3082 5024 3235 5091 λόγον
3260 5027 3293 5094 ή
3325 5026 3465 5076 ἐστο-

1906 5105 2012 5171 ρία.
2057 5105 2113 5155 Ὀ
2150 5104 2255 5172 γάρ
2296 5103 2476 5173 μαθὼν
2508 5105 2596 5156 τὸν
2633 5104 2826 5173 τρόπον
2862 5105 2958 5173 τῆς
2998 5105 3263 5175 προτέρας
3293 5106 3468 5173 ἀσφα-

1903 5185 2071 5247 λείας,
2099 5187 2232 5255 πρὸς
2260 5186 2325 5238 τά
2352 5186 2511 5238 λοιπά
2536 5185 2930 5253 ἀσφαλέστερος
2959 5184 3129 5238 ἔσται.
3155 5187 3467 5252 Ἀναγκαῖον

1904 5265 1957 5318 δέ
1998 5268 2170 5318 πάντα
2210 5268 2341 5335 πρὸς
2380 5267 2521 5335 ὑμᾶς
2556 5268 2726 5319 εἰπεῖν
2764 5282 2778 5297 ⁶
2818 5261 2945 5330 οἷον,
2981 5268 3059 5319 ὅτι
3097 5268 3192 5336 μία
3226 5268 3373 5336 φωνὴ
3407 5266 3468 5319 τὸ

1906 5349 2129 5401 παλαιόν
2160 5349 2370 5401 πάντων
2401 5347 2697 5417 ἀνθρώπων
2737 5344 2822 5418 ἦν,
2854 5350 2935 5401 ὅτι
2974 5351 3050 5413 είς
3086 5348 3279 5409 πολλάς
3312 5350 3465 5401 ὓστε-

1908 5449 1998 5500 ρον
2024 5432 2279 5500 μετέπεσε
2305 5448 2317 5461 ·
2345 5432 2503 5501 μέχρι
2528 5432 2655 5483 πότε
2683 5430 2777 5499 μία
2799 5427 2887 5499 ἦν,
2909 5431 2997 5482 καὶ
3020 5432 3142 5482 πότε
3175 5432 3467 5500 μετέπεσεν

1907 5515 1984 5574 εἰς
2018 5515 2210 5575 πολλάς
2241 5528 2255 5543 ·
2292 5516 2383 5565 καὶ
2414 5514 2636 5579 πότερον
2670 5513 2802 5581 αὑτὴ
2836 5513 3011 5581 ἐκείνη
3050 5511 3338 5580 ἠφανίσθη,
3374 5513 3466 5567 καὶ

1908 5593 2086 5663 ἕτεραι
2116 5595 2521 5665 είσηνέχθησαν,
2553 5596 2584 5665 ἢ
2614 5594 2875 5664 μενούσης
2903 5595 3112 5662 ἐκείνης
3141 5594 3466 5664 ἐπεισήχθη-

1972 5744 1992 5808 (ἶ
2016 5743 2144 5790 Colb.
2167 5747 2248 5801 τήν
2270 5747 2417 5808 χάριν.

1971 5802 1994 5838 ⁸³
2024 5808 2153 5856 (ριιιυ.
2184 5802 2358 5862 καρπὸν
2382 5811 2517 5860 ζωῆς
2542 5804 2618 5849 καὶ
2640 5803 2824 5848 σκόπει.
