4064 6214
592 380 701 434 181

595 504 694 540 σαν
717 487 774 539 αι
804 485 983 538 λοιπαί
1006 499 1020 515 ·
1045 483 1132 536 διά
1157 482 1208 535 τί
1236 480 1518 549 συνεχύθη,
1546 477 1640 531 καὶ
1665 478 1728 528 ἐκ
1751 473 1906 533 ποίας
1931 467 2102 529 αἰτίας
2119 478 2134 493 ⁸

593 567 713 624 εἰτα
750 571 878 640 ποίᾳ
903 569 1102 621 τούτων
1131 567 1237 620 τῶν
1265 565 1472 618 πολλῶν
1503 562 1691 632 φωνῶν
1724 562 1756 629 ὴ
1790 555 1997 612 Παλαιὰ
2024 571 2142 607 συν-

591 656 768 710 έκειτο
791 655 1028 724 Διαθήκη
1051 672 1064 683 ο
1089 653 1174 705 διὰ
1195 651 1300 722 γάρ
1326 653 1536 717 ἐκείνην
1569 648 1740 702 πάντα
1768 643 1938 696 ταῦτα
1965 641 2142 709 ἐκινή-

595 759 764 811 σαμεν
795 758 810 771 ⁸
845 742 1068 808 πότερον
1105 743 1170 809 τῇ
1211 739 1412 810 ἀρχαίᾳ
1451 737 1541 790 καὶ
1579 733 1935 804 πρεσϐυτέρᾳ,
1965 729 1997 798 ἢ
2026 730 2145 790 ταῖς

592 826 812 896 ὕστερον
839 824 1336 894 έπεισενεχθείσαις.
1367 821 1522 874 Ἀλλά
1547 821 1618 890 μὴ
1633 818 1841 886 δείσητε
1870 832 1883 845 ·
1911 814 2013 867 κᾶν
2035 812 2142 883 γὰρ

591 917 668 988 μή
693 918 927 987 τήμερον
961 916 1172 968 ἅπαντα
1203 913 1515 981 δυνηθῶμεν
1533 907 1836 969 ἀποδοῦναι,
1858 904 1990 958 ἀλλά
2011 904 2145 956 πάν-

588 1019 697 1065 τως
730 1002 856 1071 ὐμῖν
886 1001 1230 1071 ἀποδώσομεν
1265 1000 1503 1068 ὕστερον.
1547 995 1700 1057 Τίνος
1730 989 1822 1045 οῦν
1854 992 2032 1044 ἕνεκεν
2069 988 2142 1058 μὴ

592 1086 874 1156 μέλλοντες
898 1088 1110 1140 ἃπαντα
1140 1087 1374 1154 τήμερον
1400 1081 1732 1143 ἀποδιδόναι,
1765 1078 2011 1130 ἀπάντων
2038 1075 2146 1126 τῶν

589 1171 914 1242 ὀφλημάτων
927 1171 1024 1242 τήν
1040 1172 1291 1225 ὑπόθεσιν
1314 1171 1441 1239 ὑμῖν
1471 1167 1810 1236 ἀνέγνωμεν;
1839 1166 1954 1217 Ἵνα
1981 1179 2146 1232 προσ-

589 1259 851 1322 δοκῶντες
889 1259 986 1330 τὴν
1033 1260 1309 1321 ἀπόδοσιν,
1344 1256 1631 1317 διαπαντὸς
1670 1253 1805 1306 κατὰ
1844 1251 1964 1305 νοῦν
2001 1251 2146 1318 ἡμᾶς

591 1345 770 1414 ἔχητε.
800 1345 908 1399 Καὶ
935 1345 1040 1415 γὰρ
1069 1347 1098 1396 ό
1125 1345 1344 1415 χρυσίον
1371 1343 1476 1396 τινὶ
1503 1340 1766 1402 δανείσας,
1795 1340 1885 1390 καὶ
1911 1335 2144 1390 ὑπεύθυ-

590 1451 678 1486 νον
697 1434 831 1502 ἔχων
852 1433 942 1485 τοῦ
967 1433 1291 1502 ὀφλήματος,
1314 1433 1406 1485 καὶ
1426 1432 1482 1483 tv
1503 1428 1764 1501 τραπέζῃ,
1784 1445 1874 1480 και
1895 1428 1952 1478 tv
1977 1426 2141 1495 οἰκίᾳ,

592 1522 686 1573 καὶ
712 1522 769 1572 tv
799 1523 991 1591 ἀγορᾷ,
1024 1522 1116 1573 καὶ
1145 1521 1201 1572 tv
1229 1519 1410 1589 κλίνῃ,
1451 1517 1545 1571 καὶ
1578 1513 1846 1584 πανταχοῦ
1877 1515 1966 1567 τὸν
2004 1513 2147 1580 ὀφεί-

590 1604 748 1658 λοντα
783 1606 930 1675 αὐτῷ
968 1603 1289 1674 φαντάζεται
1329 1605 1421 1657 καὶ
1455 1601 1781 1671 ὀνειροπολεῖ
1808 1617 1820 1629 ·
1849 1600 1942 1653 καὶ
1977 1601 2004 1651 ό
2038 1598 2146 1650 τῶν

589 1694 882 1762 Χρημάτων
904 1691 1040 1762 ἔρως
1065 1692 1200 1762 μετά
1224 1691 1329 1744 τῶν
1349 1708 1452 1760 χρη
1462 1689 1640 1758 μάτων
1665 1687 1912 1740 κάκεῖνον
1935 1686 2024 1737 ἐπὶ
2050 1684 2146 1754 τῆς

589 1777 684 1830 τοῦ
711 1777 1066 1840 δεδανεικότος
1091 1779 1232 1829 ποιεῖ
1249 1774 1531 1837 διαπαντὸς
1551 1771 1930 1842 περιφέρεσθαι
1951 1770 2144 1838 ψυχῆς.

593 1864 712 1916 ἰνα
741 1859 832 1916 οὖν
862 1863 956 1916 καὶ
981 1865 1139 1933 ήμεῖς
1159 1865 1224 1933 τῇ
1246 1861 1419 1914 έλπίδι
1447 1860 1546 1928 τῆς
1573 1858 1872 1919 ἀποδόσεως
1900 1855 2148 1924 έσώμεθα

591 1949 876 2012 διαπαντὸς
907 1951 964 2001 έν
995 1950 1114 2011 ταῖς
1147 1949 1434 2017 ὑμετέραις
1471 1945 1744 2007 διανοίαις,
1777 1944 1868 1995 καὶ
1899 1945 1955 1994 tv
1982 1942 2146 2012 οἰκίᾳ,

593 2034 688 2087 καὶ
715 2036 771 2085 tv
803 2035 1006 2104 ἀγορᾷ,
1040 2033 1134 2087 καὶ
1159 2034 1290 2087 δπου
1316 2033 1360 2086 δ’
1396 2031 1462 2086 ἂν
1491 2027 1610 2101 ήτε,
1641 2029 1726 2083 διά
1759 2028 1913 2082 τοῦτο
1945 2026 2014 2080 τὰ
2052 2029 2148 2096 μὲν

592 2121 880 2191 ὀφλήματα
899 2122 1345 2192 ὡμολογήσαμεν,
1367 2121 1464 2187 τὴν
1491 2119 1548 2172 δὲ
1575 2118 1824 2170 ἀπόδοσιν
1851 2116 2063 2169 ἃπασαν
2086 2115 2147 2167 οὐ

595 2206 892 2276 ποιούμεθα
913 2207 1168 2277 σήμερον,
1192 2207 1277 2259 ῐνα
1298 2207 1362 2275 τῇ
1389 2203 1678 2275 προσδοκίᾳ
1698 2202 1801 2255 τῶν
1823 2202 2150 2270 λειπομένων

593 2292 844 2345 ὑπόθεσιν
857 2292 956 2360 τῆς
979 2293 1104 2362 περὶ
1119 2291 1274 2361 ήμῶν
1294 2291 1508 2360 μνήμης
1529 2289 1656 2360 παρ’
1674 2290 1801 2357 ὐμῖν
1817 2287 2149 2356 καταλείψω-

596 2395 714 2448 μεν.
727 2377 949 2446 Μεγάλη
965 2377 1072 2447 γάρ
1087 2377 1240 2447 ήμῶν
1255 2377 1538 2444 ἀσφάλεια,
1549 2376 1644 2444 τῆς
1658 2374 1921 2444 ὑμετέρας
1936 2374 2151 2444 ἀγάπης

594 2464 880 2517 ἀπολαύειν
891 2462 1224 2534 διηνεκῶς,[1
1233 2462 1322 2533 87]
1337 2463 1398 2532 δή
1407 2479 1506 2532 μου
1523 2461 1756 2514 τοιούτου
1770 2463 1860 2514 καὶ
1878 2460 2147 2515 τοσούτου.

606 2549 666 2602 Ὅ
688 2550 793 2620 γὰρ
806 2550 1022 2620 ἀγάπης
1036 2549 1336 2612 ἀπολαύων,
1354 2549 1444 2601 καὶ
1459 2549 1620 2616 εὐχῆς
1636 2548 1996 2601 ἀπολαύσεται
2021 2547 2153 2600 πάνε

593 2633 892 2698 τως.Τοῦτο
900 2635 954 2688 δι
967 2636 1146 2705 ἡλίκον
1157 2636 1300 2688 ἐστὶν
1311 2634 1529 2701 ἀγαθὸν,
1541 2633 1696 2703 δῆλον
1711 2633 1912 2686 ὲκεῖθεν
1921 2649 1932 2662 ·
1946 2633 2150 2696 Παῦλος

595 2724 819 2786 ἐκεῖνος,
834 2724 864 2775 6
877 2725 956 2788 εἰς
973 2725 1152 2793 τρίτον
1167 2724 1433 2794 άρπαγεὶς
1453 2723 1695 2792 οὐρανὸν,
1709 2724 1736 2774 6
1755 2725 1968 2792 ῥήματα
1987 2723 2118 2774 ἀκού
2131 2751 2150 2762 -

597 2826 696 2872 σας
725 2810 955 2880 ἀρῤητα,
982 2813 1011 2862 ό
1037 2810 1211 2871 πάσας
1245 2811 1635 2878 καπαπατήσας
1666 2809 1762 2869 τὰς
1792 2809 2030 2876 ἀνάγκας
2056 2809 2152 2878 τῆς

597 2897 859 2963 φύσεως,ό
873 2899 928 2948 έν
943 2895 1204 2964 ἀσφαλείᾳ
1214 2895 1394 2965 τελείᾳ
1409 2895 1590 2947 λοιπὸν
1609 2893 1869 2958 ὣν,έδεῖτο
1887 2895 1979 2948 καὶ
1990 2895 2151 2965 εὐχῆς

595 2983 703 3035 τῶν
731 2983 1004 3053 μαθητῶν,
1021 2984 1113 3036 καὶ
1155 2983 1304 3050 ἔλεγε
1337 2999 1351 3013 ο
1370 2983 1778 3049 Προσεύχεσθε
1809 2982 1958 3049 ὑπὲρ
1983 2982 2147 3049 ἐμοῦ,

597 3067 698 3121 ινα
708 3068 912 3136 ⁴ῥυσθῶ
927 3069 1041 3123 ἀπὸ
1057 3067 1173 3121 τῶν
1199 3068 1596 3122 ἀπειθούντων
1617 3085 1630 3098 ·
1659 3067 1750 3120 καὶ
1768 3068 1944 3130 πάλιν,
1963 3071 2152 3133 Προσο

597 3157 868 3224 εύχεσθε,
890 3157 987 3210 ινα
1010 3174 1109 3226 μοι
1135 3155 1278 3224 δοθῇ
1299 3157 1473 3225 λόγος
1491 3155 1558 3208 ἐν
1572 3153 1793 3218 ἀνοίξει
1813 3154 1917 3208 τοῦ
1936 3156 2153 3222 στόμα-

597 3242 701 3307 τός
734 3259 873 3310 μου.
908 3242 1016 3295 Καὶ
1058 3240 1330 3312 πανταχοῦ
1375 3243 1533 3310 δρᾶτε
1575 3241 1731 3293 αὐτὸν
1775 3240 1866 3292 καὶ
1906 3240 2152 3293 αἰτοῦντα

597 3330 698 3390 τὰς
738 3327 901 3396 εὐχὰς
939 3327 1046 3381 τῶν
1079 3328 1350 3398 μαθητῶν.
1391 3329 1486 3380 καὶ
1522 3325 1936 3396 εὐχαριστοῦντα
1972 3327 2152 3388 αὐτοῖς

601 3413 743 3482 μετὰ
771 3414 831 3466 τὸ
859 3413 1060 3469 λαθεῖν.
1091 3414 1206 3467 Ἵνα
1228 3413 1335 3482 γὰρ
1367 3413 1438 3483 μὴ
1462 3413 1592 3482 λέγῃ
1626 3429 1724 3475 τις,
1752 3413 1830 3463 ὅτι
1857 3411 1942 3464 διὰ
1967 3427 2153 3465 ταπει-

599 3501 928 3573 νοφροσύνην
960 3501 1287 3570 καταφεύγει
1315 3502 1404 3553 ἐπὶ
1428 3499 1523 3564 τὰς
1551 3498 1709 3568 εὐχάς
1741 3500 1846 3550 τῶν
1877 3497 2150 3567 μαθητῶν,

599 3586 868 3640 δείκνυσιν
905 3588 1079 3640 αὐτῶν
1109 3589 1201 3642 καὶ
1236 3587 1332 3657 τὴν
1360 3586 1605 3656 δύναμιν,
1638 3585 1776 3638 οὕτω
1803 3585 1972 3652 λέγων
1992 3600 2008 3616 ⁸
2050 3587 2153 3650 ’ος

600 3674 670 3727 ἐκ
698 3674 1058 3740 τηλικούτων
1086 3673 1350 3727 θανάτων
1378 3673 1665 3740 ἐρρύσατο
1691 3668 1845 3739 ἡμᾶς
1868 3687 1882 3701 ο
1905 3671 2156 3737 ἠλπίκα-

596 3775 710 3829 μεν
751 3759 818 3812 δὲ
861 3759 948 3812 ὅτι
993 3757 1090 3812 καί
1124 3761 1400 3826 ῥύσεται,
1444 3757 2014 3824 συνυπουργούντων
2055 3756 2153 3809 καὶ

602 3845 767 3914 ὑμῶν
786 3844 861 3914 τῇ
885 3845 1087 3912 δεήσει
1113 3845 1262 3912 ὑπὲρ
1289 3843 1473 3912 ἡμῶν,
1499 3844 1598 3896 ἵνα
1618 3843 1682 3895 τὸ
1708 3845 1792 3907 εἰς
1817 3841 1972 3909 ἡμᾶς
1994 3841 2156 3910 χάρι-

602 3945 726 4000 σμα
753 3930 849 3984 διὰ
874 3929 1116 3983 πολλῶν
1143 3927 1543 3997 εὐχαριστηθῇ
1578 3929 1728 3995 ὑπὲρ
1755 3925 1939 3995 ἡμῶν.

672 4017 734 4068 Εἰ
781 4015 836 4067 δὲ
876 4013 1084 4068 Παῦλον
1119 4013 1374 4067 κινδύνων
1410 4011 1708 4083 ἀπήλλαξεν
1744 4013 1777 4080 ή
1801 4011 1892 4064 τοῦ
1922 4011 2154 4082 πλήθους

602 4101 760 4171 εὐχὴ,
792 4099 908 4162 πῶς
943 4101 1003 4152 οὐ
1050 4099 1256 4168 μεγάλα
1293 4099 1372 4150 δεῖ
1409 4097 1706 4168 προσδοκᾷν
1741 4096 1834 4150 καὶ
1871 4099 2016 4166 ἡμᾶς
2049 4096 2155 4149 ἀπὺ

601 4187 803 4257 ταύτης
843 4183 1222 4255 καρπώσεσθαι
1262 4185 1358 4251 τῆς
1393 4183 1748 4253 προστασίαςς
1800 4183 2013 4253 Ἐπειδὴ
2047 4182 2154 4253 γὰρ

605 4274 728 4328 καθ’
753 4275 976 4336 έσυτούς
1004 4272 1279 4342 εὐχόμενοι
1308 4269 1550 4332 ἀσθενεῖς
1578 4271 1760 4338 ἐσμεν,
1789 4269 1916 4321 ὃταν
1943 4269 1998 4321 δὲ
2030 4269 2152 4321 συλ-

604 4361 867 4432 λεγῶμεν,
903 4360 1106 4429 ἰσχυροὶ
1135 4356 1390 4426 γινόμεθα
1429 4354 1646 4426 μᾶλλον,
1680 4354 2027 4423 δυσωποῦμεν
2063 4354 2153 4407 τὸν

604 4447 733 4500 Θεὸν
758 4445 834 4515 τῷ
861 4445 1052 4516 πλήθει
1081 4444 1172 4496 καὶ
1188 4446 1252 4513 τῇ
1275 4440 1575 4512 συμμαχίᾳ.
1601 4439 1752 4492 Οῦτω
1785 4439 1878 4492 καὶ
1906 4439 2154 4508 βασιλεὺς

603 4533 860 4596 πολλάκις
896 4531 1018 4584 τινὰ
1059 4528 1424 4600 παραπέμψας
1447 4527 1672 4594 θανάτῳ,
1706 4525 1785 4577 ἑνὶ
1814 4526 1908 4594 μὲν
1933 4525 2030 4577 οὐκ
2055 4526 2154 4577 ἐπ·

605 4618 784 4672 ένευσε
810 4618 1044 4688 δεομένῳ
1068 4617 1190 4687 περί
1227 4616 1317 4667 τοῦ
1361 4611 1856 4673 καταδικασθέντος,
1901 4611 2052 4663 πόλιν
2095 4609 2152 4662 δὲ

603 4705 886 4774 ὀλόκληρον
923 4702 1338 4774 παρακαλοῦσαν
1373 4698 1710 4768 έδυσωπήθη,
1741 4697 1943 4750 καὶτὸν
1967 4698 2058 4748 ἐπὶ
2093 4695 2153 4748 τὸ

607 4791 868 4862 βάραθρον
891 4790 1230 4858 ἀπαγόμενον
1255 4789 1340 4840 διὰ
1362 4789 1422 4839 τὸ
1448 4785 1646 4856 πλῆθος
1662 4784 1766 4836 τῶν
1783 4782 2152 4852 παρακαλούν-

603 4895 711 4931 των
748 4877 1020 4946 ἐξήρπασε
1052 4875 1148 4945 τῆς
1185 4874 1497 4942 καταδίκης,
1526 4873 1617 4924 καὶ
1649 4871 1783 4941 πρὸς
1809 4868 1949 4938 ζωὴν
1987 4871 2150 4921 ἐπαν-

605 4965 795 5033 ήγαγε.
814 4964 1056 5031 Τοσαύτη
1085 4964 1118 5031 ή
1146 4960 1368 5029 δύναμις
1398 4960 1493 5028 τῆς
1512 4957 1603 5010 τοῦ
1627 4957 1854 5027 πλήθους
1879 4957 2151 5026 ἱκετηρίας

605 5050 738 5104 ὲστί.
761 5049 856 5100 Διά
886 5049 1040 5101 τοῦτο
1064 5048 1155 5100 καί
1179 5045 1407 5099 ἐνταῦθα
1429 5042 1790 5110 συλλεγόμεθα
1822 5042 2038 5104 πάντες,
2066 5042 2150 5093 ἵνα

608 5135 860 5207 μειζόνως
884 5139 961 5196 εἰς
985 5132 1160 5189 οἶκτον
1189 5131 1609 5202 έπισπασώμεθα
1638 5132 1725 5182 τὸν
1754 5130 1902 5182 Θεόν.
1937 5128 2150 5197 Ἐπειδὴ

604 5222 710 5291 γὰρ
727 5221 842 5274 καθ’
859 5223 1080 5282 ἑαυτοὺς
1096 5223 1391 5290 εὐχόμενοι,
1418 5217 1592 5278 καθὼς
1609 5217 1774 5285 έφθην
1790 5214 1976 5278 εἰπὼν,
1993 5214 2150 5265 ἀσθε-

605 5312 712 5371 νεῖς
728 5310 908 5376 ἐσμεν,
923 5307 1028 5358 ἀπὸ
1043 5307 1134 5358 τοῦ
1156 5308 1443 5372 συνδέσμου
1461 5305 1555 5372 τῆς
1577 5304 1788 5370 ἀγάπης
1803 5299 2043 5354 δυσωποῦ
2053 5316 2148 5368 μεν

608 5395 694 5446 τὸν
733 5394 859 5446 Θεὸν
904 5392 1081 5445 δοῦναι
1118 5394 1245 5460 ἡμῖν
1286 5393 1354 5443 τὰ
1395 5390 1702 5458 αἰτούμενα.
1741 5386 1919 5438 Ταῦτα
1963 5386 2018 5437 δὲ
2053 5386 2148 5454 οὐχ

606 5479 788 5540 ἁπλῶς
821 5477 988 5543 λέγω,
1029 5475 1143 5527 οὐδὲ
1183 5476 1247 5526 δι’
1289 5477 1517 5543 ἐμαυτὸν
1565 5475 1747 5544 μόνον,
1789 5475 1898 5524 ἀλλ’
1937 5473 2019 5523 ἵνα
2063 5472 2149 5522 ἀεὶ

607 5562 870 5631 σπεύδητε
907 5563 985 5623 εἰς
1007 5561 1102 5622 τὰς
1135 5557 1396 5622 συνάξεις,
1438 5562 1520 5610 ἵνα
1562 5561 1633 5628 μὴ
1671 5560 1882 5627 λέγητε·
1925 5559 1986 5609 Τί
2019 5557 2144 5623 γὰρ,

606 5651 664 5701 tv
693 5651 758 5717 τῇ
787 5647 929 5716 οἰκίᾳ
951 5649 1008 5699 οὐ
1031 5647 1256 5714 δύναμαι
1299 5644 1578 5708 εὐξασθαις
1607 5646 1835 5697 Λύνασαι
1870 5645 1965 5712 μὲν
1994 5643 2148 5705 εὐξα-

607 5734 751 5800 σθαι,
779 5735 840 5787 οὐ
873 5735 1132 5804 τοσαύτην
1165 5732 1219 5785 δὲ
1247 5731 1466 5801 δύναμιν
1505 5730 1614 5799 ἔχει
1652 5732 1683 5798 ἡ
1714 5731 1874 5798 εὐχὴ,
1916 5729 1986 5792 ὠς
2015 5730 2140 5780 ὅταν

1301 370 1360 425 8.
1398 362 1676 424 JOANNIS
1711 349 2183 417 CIIRYSOSTOIH
2216 349 2530 412 ARCHIEP.
2566 351 3099 412 CONSTANTINOP.

3685 372 3795 427 182

2247 464 2385 532 μετά
2413 465 2521 520 τῶν
2559 466 2734 536 μελῶν
2759 466 2868 520 τῶν
2897 467 3109 521 οἰκείων
3143 465 3376 537 γίνηται,
3414 465 3488 529 ὡς
3521 467 3649 520 ὃταν
3676 466 3791 519 ὁλό-

2237 546 2434 618 κληρον
2474 549 2534 601 τδ
2576 548 2732 619 σῶμα
2771 550 2868 618 τῆς
2921 549 3239 621 Ἐκκλησίας
3289 547 3624 618 ὁμοθυμαδὸν
3666 550 3792 603 ἀνα-

2238 629 2428 699 πέμπῃ
2457 629 2554 700 τήν
2586 629 2766 699 δέησιν
2802 631 2900 700 μιᾷ
2929 633 3110 700 φωνῇ,
3145 629 3332 700 ίερέων
3362 629 3655 699 παρόντων,
3697 629 3790 682 καὶ

2235 709 2334 771 τάς
2358 709 2520 780 εὐχάς
2541 709 2634 763 τοῦ
2657 709 2834 764 κοινοῦ
2861 710 3096 782 πλήθους
3119 711 3511 782 ἀναφερόντων.

2310 849 2370 895 ε’.
2398 843 2584 897 Βούλει
2602 844 2789 914 μαθεῖν
2815 845 2953 917 πόση
2977 845 3120 899 έστίν
3135 846 3167 916 ή
3183 845 3409 916 δύναμις
3426 845 3526 915 τῆς
3549 845 3710 915 εὐχῆς
3733 847 3791 899 tv

2242 926 2306 994 τῇ
2341 925 2602 997 ἐκκλησίᾳ
2633 927 2957 996 γινομένης;
2997 927 3233 982 Ὲδέδετο
3263 929 3292 981 ό
3324 928 3528 998 Πέτρος
3564 927 3692 980 ποτε
3731 928 3791 980 tv

2240 1007 2318 1080 τῷ
2365 1007 2764 1080 δεσμωτηρίῳ,-
2791 1010 2884 1080 καλ⁵
2934 1009 3148 1080 ἀλύσεις
3208 1010 3510 1080 περιέκειτο
3572 1009 3790 1071 πολλάς·

2242 1074 2553 1143 Προσευχὴ
2600 1074 2698 1129 ’δέ’
2724 1074 2802 1148 ἦν
2849 1077 3096 1145 έκτενής
3150 1074 3792 1145 ὐπάτῆςἘκκλησίας

2242 1157 2371 1223 περὶ
2416 1157 2600 1212 αὐτοῦ
2647 1157 2942 1227 γινομένη,
2978 1159 3077 1213 καί
3113 1160 3328 1225 εὐθέως
3369 1162 3552 1214 αὐτόν
3600 1160 3794 1226 ἀπήλ-

2241 1237 2390 1301 λαξε
2413 1237 2518 1291 τοῦ
2546 1238 2962 1308 δεσμωτηρίου.
2992 1240 3058 1292 Τί
3077 1240 3252 1295 τοίνυν
3279 1240 3636 1311 δυνατώτερον
3661 1239 3794 1294 ταύ-

2242 1336 2345 1388 της
2406 1321 2597 1388 γένοιτ’
2652 1321 2718 1374 ἀν
2766 1322 2864 1391 τῆς
2920 1323 3102 1392 εὐχῆς,
3153 1324 3188 1394 ή
3247 1325 3372 1386 τοὺς
3426 1323 3647 1386 στύλους
3699 1323 3794 1376 καὶ

2244 1401 2484 1469 πύργους
2517 1402 2615 1470 τῆς
2651 1403 2968 1473 Ἐκκλησίας
2996 1404 3275 1474 ὠφέλησις
3313 1404 3524 1467 Παῦλος
3563 1405 3668 1473 γὰρ
3701 1405 3796 1457 καὶ

2244 1484 2444 1550 Πέτρος
2487 1482 2683 1554 πύργοι
2721 1485 2814 1538 καὶ
2851 1484 3029 1538 στῦλοι
3057 1485 3156 1554 τῆς
3197 1485 3532 1554 Ἔκκλησίας·
3577 1487 3671 1538 ut
3699 1485 3794 1538 τοῦ

2247 1563 2344 1632 μὲν
2375 1563 2442 1616 τά
2471 1564 2643 1634 δεσμά
2672 1565 2844 1629 ἔλυσε,
2867 1565 2962 1619 τοῦ
2989 1567 3046 1620 δέ
3065 1567 3125 1620 τδ
3148 1568 3318 1637 στόμα
3345 1567 3577 1637 ἀνέῳξεν
3599 1579 3648 1622 ι.
3677 1568 3796 1619 Ίνα

2242 1645 2300 1698 δὲ
2331 1646 2405 1716 μὴ
2437 1646 2594 1716 μόνον
2628 1647 2735 1704 ἀπὸ
2759 1647 2866 1702 τῶν
2885 1648 3006 1702 τότε
3036 1650 3370 1720 συμϐάντων.
3410 1650 3543 1704 ἀλλά
3561 1650 3660 1702 καὶ
3687 1649 3796 1702 άπδ

2243 1727 2349 1780 τῶν
2409 1728 2526 1781 καθ’
2571 1729 2802 1798 ἑκάστην
2848 1730 3178 1800 τελουμένων
3210 1731 3306 1802 τὴν
3347 1732 3574 1804 ἡμέραν.
3603 1731 3796 1798 διπλῆν

2244 1809 2342 1878 τὴν
2371 1810 2596 1880 δύναμιν
2637 1810 2988 1882 έπιδείξωμεν
3029 1811 3201 1885 [1881.
3242 1815 3406 1886 αὐτῆς
3437 1815 3534 1885 τῆς
3563 1814 3665 1868 ὑπὸ
3700 1813 3796 1868 τοῦ

2245 1891 2413 1962 δήμου
2451 1893 2736 1964 γινομένης
2764 1895 2926 1964 εὐχῆς
2975 1895 3117 1966 ὑμᾶς
3159 1898 3574 1970 ἀναμνήσωμεν.
3605 1896 3796 1950 Καίτοι

2245 1990 2308 2041 γε
2352 1975 2406 2027 εί
2450 1991 2534 2038 τις
2573 1975 2678 2028 τῶν
2722 1975 2927 2030 πολλῶν
2967 1977 3118 2047 ὑμῶν
3153 1977 3182 2019 δ
3219 1979 3515 2043 έπιτάξειεν
3550 1978 3798 2048 εὔχεσθαι

2247 2054 2368 2108 καθ’
2399 2055 2586 2109 ἑαυτὸν
2613 2057 2753 2128 ὑπερ
2783 2058 2881 2128 τῆς
2903 2057 2996 2112 τοῦ
3023 2059 3317 2114 έπισκόπου
3351 2061 3641 2131 σωτηρίας,
3666 2060 3802 2112 ικα-

2250 2156 2373 2203 στος
2407 2140 2474 2193 ἂν
2498 2143 2910 2212 παραιτήσαιτο,
2936 2143 3012 2205 ὡς
3037 2144 3217 2212 μεῖζον
3242 2144 3302 2197 τὸ
3338 2144 3552 2214 φορτίον
3574 2143 3671 2213 τῆς
3699 2143 3799 2195 αὐ-

2245 2221 2339 2274 τοῦ
2371 2222 2648 2291 δυνάμεως
2673 2223 2750 2276 δνο
2775 2227 2925 2294 κοινῇ
2957 2224 3013 2278 6t
3042 2226 3238 2288 πάντες
3256 2225 3538 2288 ἀκούοντες
3566 2224 3659 2277 τοῦ
3685 2225 3802 2277 δια-

2247 2303 2402 2356 κόνου
2459 2303 2614 2356 τοῦτο
2675 2303 2980 2369 κελεύοντος
3041 2306 3136 2359 καὶ
3184 2307 3456 2374 λέγοντος.
3500 2303 3800 2373 Δεηθῶμεν

2247 2386 2398 2452 ὑπὲρ
2443 2384 2550 2439 τοῦ
2599 2385 2952 2452 ἐπισκόπου,
2998 2388 3093 2441 καὶ
3137 2388 3242 2442 τοῦ
3292 2387 3502 2458 γήρως,
3549 2387 3646 2440 καί
3689 2386 3800 2452 τῆς

2249 2467 2619 2534 ἀντιλήψεως
2646 2478 2692 2530 ο,
2745 2467 2842 2521 καί
2878 2469 2978 2522 ἵνα
3017 2468 3303 2538 ὀρθοτομῇ
3338 2469 3444 2522 τόν
3472 2471 3656 2536 λόγον
3693 2467 3801 2532 τῆς

2249 2549 2547 2614 ἀληθείας,
2595 2549 2693 2602 καί
2733 2549 2884 2617 ὑπὲρ
2923 2549 3040 2603 τῶν
3074 2551 3348 2613 ἐνταῦθα.
3376 2550 3469 2603 καί
3505 2550 3654 2618 ὑπὲρ
3683 2548 3802 2602 τῶν

2249 2630 2613 2698 ἁπανταχοῦ,
2657 2631 2718 2684 οὐ
2778 2631 3124 2698 παραιτεῖσθε
3182 2635 3350 2685 ποιεῖν
3387 2632 3448 2684 τὸ
3499 2632 3798 2701 έπίταγμα,

2250 2712 2384 2765 ἀλλά
2419 2715 2533 2783 μετ’
2559 2715 2826 2777 ἑκτενείας
2848 2715 3144 2784 ἀναφέρετε
3167 2714 3265 2782 τὴν
3288 2714 3468 2783 εὐχήν,
3492 2713 3686 2775 εἰδότες
3702 2716 3800 2782 τῆς

2251 2795 2516 2867 ὑμετέρας
2544 2797 2758 2850 συνόδου
2792 2795 2892 2867 τήν
2926 2797 3167 2867 δύναμιν.
3196 2798 3399 2850 ἰσασιν
3428 2797 3476 2849 οί
3516 2796 3799 2866 μεμυημέ-

2249 2893 2327 2930 νοι
2368 2878 2436 2930 τὰ
2485 2878 2766 2947 λεγόμεναο
2806 2881 2872 2948 τῇ
2919 2877 3026 2947 γὰρ
3067 2879 3197 2948 εὐχῇ
3241 2879 3349 2930 τῶν
3386 2877 3802 2947 κατηχουμένων

2248 2958 2455 3010 οὐδέπω
2481 2957 2636 3011 τοῦτο
2661 2958 3068 3028 έπιτέτραπται,
3090 2959 3276 3029 ἐπειδή
3301 2959 3509 3012 οὐδέπω
3539 2959 3674 3028 πρὸς
3701 2957 3800 3027 τὴν

2249 3040 2555 3110 παρρησίαν
2609 3040 2843 3108 ἔφθασαν
2889 3039 3108 3107 ταύτηνο
3149 3040 3276 3110 ὑμῖν
3315 3039 3370 3092 δέ
3413 3041 3506 3093 καὶ
3537 3040 3674 3111 ὑπὲρ
3701 3040 3802 3109 τῆς

2249 3124 2586 3191 οἰκουμένης,
2621 3122 2712 3176 καὶ
2739 3120 2877 3192 ὑπέρ
2902 3123 3001 3192 τῆς
3033 3122 3350 3193 Ἐκκλησίας
3377 3124 3474 3193 τῆς
3508 3123 3667 3193 μέχρι
3699 3138 3800 3174 πε-

2253 3203 2425 3273 ράτων
2447 3203 2546 3271 τῆς
2577 3203 2679 3272 γῆς
2712 3204 3091 3274 έκτεταμένης,
3115 3204 3208 3258 καὶ
3237 3205 3375 3274 ὑπὲρ
3399 3206 3506 3258 τῶν
3542 3206 3802 3259 διοικούνα

2249 3302 2356 3338 των
2383 3284 2549 3354 αὐτὴν
2573 3285 2882 3339 ἐπισκόπων
2912 3286 3162 3340 ἀπάντων
3188 3287 3606 3357 παρακελεύεται
3632 3290 3801 3340 ποιεῖ-

2253 3367 2375 3420 σθαι
2407 3367 2515 3430 τὰς’
2533 3368 2740 3438 δεήσεις
2768 3371 2796 3422 6
2824 3369 3047 3432 ταύταις
3071 3368 3347 3434 διακονῶν,
3379 3371 3471 3424 καὶ
3503 3370 3802 3424 ὑπακούετε

2254 3450 2388 3518 μετά
2409 3451 2730 3521 προθυμίας,
2755 3451 2897 3522 έργῳ
2929 3455 3343 3526 μαρτυροῦντες,
3371 3453 3452 3506 ὅτι
3478 3453 3683 3524 μεγάλη
3702 3454 3805 3524 τῆς

2251 3530 2412 3600 εὐχῆς
2462 3532 2496 3599 ή
2539 3530 2764 3601 δύναμις
2801 3536 2900 3603 τῆς
2946 3534 3003 3585 tv
3051 3534 3454 3604 έκκλησίᾳάπὸ
3490 3535 3583 3588 τοῦ
3628 3535 3804 3605 δήμου

2252 3610 2548 3682 συμφώνως
2599 3613 3003 3684 ἀναφερομένης
3053 3614 3216 3669 ἐστίν.
3253 3615 3411 3668 Ἀλλά
3455 3614 3562 3686 γὰρ
3608 3615 3700 3668 tu!
3741 3616 3808 3668 τὸ

2252 3693 2602 3762 προκείμενον
2631 3695 2953 3764 έπανίωμεν,
2983 3697 3062 3749 ὅτι
3093 3696 3187 3766 μία
3212 3697 3360 3766 φωνή
3389 3693 3454 3766 ἧν
3474 3698 3533 3750 τὸ
3554 3698 3802 3752 παλαιόν.

2253 3773 2421 3827 Πόθεν
2447 3772 2538 3827 οὖν
2566 3775 2740 3844 δῆλον,
2766 3777 2848 3829 ὅτι
2888 3776 2984 3845 μία
3016 3778 3165 3847 φωνὴ
3190 3774 3286 3848 ῆν;
3321 3779 3430 3832 Καὶ
3459 3773 3540 3848 ἦν
3563 3778 3730 3833 πᾶσα
3760 3783 3802 3849 ἠ

2251 3856 2348 3924 τῆ,
2377 3859 2526 3925 φησὶ,
2569 3857 2766 3924 χεῖλος
2795 3857 2880 3911 ἓν.
2927 3858 3154 3927 ’Δσαφὲς
3186 3859 3246 3912 τὸ
3274 3861 3574 3930 εἰρημένον.
3621 3862 3683 3914 Ἡ
3729 3861 3803 3932 γῆ

2251 3938 2422 4009 χεῖλος
2453 3938 2596 4009 έχεις
2639 3938 2916 4008 Οὐδαμῶς.
2948 3940 3012 3992 Τί
3046 3937 3138 3994 οὖν
3169 3957 3317 4010 φησι,
3350 3942 3444 3996 καὶ
3472 3944 3597 4012 περὶ
3624 3942 3803 4009 τίνοςς

2252 4020 2325 4072 Οὐ
2369 4020 2496 4090 περὶ
2535 4019 2733 4090 ταύτης
2761 4021 2905 4088 λέγει
2945 4021 3044 4091 τῆς
3079 4022 3182 4091 γῆς
3206 4022 3303 4092 τῆς
3331 4023 3671 4093 ἀναισθήτου.
3703 4026 3808 4094 τῆς

2252 4100 2524 4170 ἀκινήτουο
2553 4101 2686 4154 ἀλλά
2708 4101 2769 4154 τὸ
2794 4101 2967 4154 κοινὸν
2989 4101 3096 4155 τῶν
3124 4102 3421 4174 ἀνθρώπιον
3447 4103 3600 4171 γένος
3629 4104 3806 4168 οὕτως

2253 4180 2492 4245 ἐκάλεσε,
2528 4183 2624 4253 τῆς
2654 4183 2855 4244 οἰκείας
2891 4183 3083 4245 αὐτοὺς
3116 4184 3536 4253 ἀναμιμνήσκων
3566 4185 3803 4252 φύσεως,

2252 4262 2348 4331 τῆς
2393 4262 2594 4332 μητρὸς
2640 4266 2718 4326 εἰς
2748 4265 3046 4332 ὑπόμνησιν
3086 4267 3249 4332 ἄγων,
3273 4265 3391 4318 ὅθεν
3423 4266 3682 4333 ἐγένοντο.
3712 4268 3806 4320 Δι-

2252 4342 2416 4395 πλοῦν
2444 4345 2549 4414 γάρ
2574 4344 2730 4396 τοῦτο
2754 4345 2813 4397 τὸ
2847 4344 3002 4409 ζῶον,
3031 4347 3058 4397 ό
3086 4345 3381 4414 ἄνθρωπος,
3423 4346 3581 4412 λέγω,
3617 4348 3679 4399 ὲκ
3709 4346 3806 4399 δύο

2253 4427 2602 4494 συγκείμενος
2645 4427 2858 4490 οὐσιῶν,
2897 4425 2993 4494 τῆς
3023 4427 3117 4494 μὶν
3154 4427 3430 4496 αἰσθητῆς,
3466 4432 3563 4497 τῆς
3593 4429 3648 4481 δὲ
3673 4446 3802 4498 νοη-

2249 4505 2366 4574 τῆς,
2413 4506 2605 4574 ψυχῆς,
2649 4505 2807 4573 λέγω,
2843 4506 2936 4560 καὶ
2975 4506 3238 4574 σώματος,
3266 4510 3357 4560 καὶ
3387 4511 3443 4560 έν
3467 4509 3678 4579 οὐρανῷ
3707 4511 3806 4562 καὶ

2251 4589 2306 4639 tv
2343 4591 2410 4656 γῇ
2447 4588 2758 4654 συγγένειαν
2785 4588 2936 4656 ἔχων.
2974 4588 3068 4639 Διά
3097 4590 3192 4657 μὲν
3216 4591 3324 4659 γὰρ
3355 4593 3452 4661 τῆς
3482 4591 3674 4660 νοητῆς
3707 4592 3803 4644 οὐ·

2251 4669 2368 4729 σίας
2397 4671 2636 4721 κοινωνεῖ
2658 4671 2773 4730 ταῖς
2800 4671 2908 4722 ἀνω
2928 4669 3206 4738 δυνάμεσι,
3227 4671 3313 4723 διὰ
3340 4671 3394 4724 δὲ
3419 4673 3518 4740 τῆς
3537 4672 3801 4743 αἰσθητῆς

2249 4751 2360 4812 τοῖς
2397 4750 2496 4818 τῆς
2535 4752 2634 4819 γῆς
2673 4750 2934 4819 συνῆπται
2963 4750 3265 4820 πράγμασι,
3294 4752 3581 4823 σύνδεσμός
3611 4771 3695 4816 τις
3725 4753 3802 4806 ὥν

2249 4831 2474 4900 ἀκριϐής
2500 4832 2756 4901 ἑκατέρας
2780 4831 2878 4900 τῆς
2900 4831 3315 4894 κτίσεως.”οταν
3352 4835 3448 4902 μὲν
3474 4831 3564 4887 οῦν
3586 4836 3804 4906 πράττῃ

2248 4929 2301 4965 τι
2333 4913 2437 4965 τῶν
2471 4915 2548 4983 τῷ
2577 4913 2693 4983 Θεῷ
2721 4913 3034 4970 δοκούντων.
3063 4916 3422 4984 πνευματικὸς
3448 4916 3678 4984 λέγεται,
3707 4917 3804 4969 καὶ

2249 4994 2366 5046 οὐδὲ
2397 4995 2502 5047 ἀπό
2528 4997 2624 5065 τῆς
2647 4995 2819 5064 ψυχῆς
2837 4994 3174 5061 ὀνομάζεται,
3200 4995 3313 5048 ἀλλ’
3343 4996 3433 5063 ἀφ’
3461 4997 3652 5064 ἑτέρας
3683 4997 3804 5064 μείο

2249 5076 2398 5138 ζονος
2424 5076 2606 5144 τιμῆς,
2637 5077 2740 5128 ἀπὸ
2766 5077 2863 5144 τῆς
2889 5076 2980 5129 τοῦ
3005 5078 3315 5145 Πνεύματος
3343 5080 3425 5129 ὲνε
3437 5079 3636 5146 ργείας.
3665 5080 3805 5133 υύδὶ

2249 5157 2356 5225 γὰρ
2397 5157 2553 5226 ἀρκεῖ
2595 5159 2627 5224 ή
2666 5157 2806 5223 ψυχὴ
2850 5157 2977 5224 ήμῖν
3023 5161 3102 5219 εἰς
3139 5157 3546 5226 κατορθώματα,
3583 5159 3677 5210 ὲάν
3726 5163 3798 5228 μή

2249 5237 2636 5305 ἀπολαύσωμεν
2663 5238 2758 5304 τῆς
2782 5231 3029 5307 βοηθείας
3056 5239 3284 5306 ἐκείνης.
3316 5242 3422 5292 Καὶ
3451 5241 3535 5291 ἴνα
3567 5240 3797 5309 μάθητε,

2249 5319 2348 5382 ὃτι,
2381 5319 2494 5370 οὐδὲ
2528 5325 2558 5387 ἡ
2601 5317 2742 5386 ψυχὴ
2777 5319 2934 5387 ἀρκεῖ
2971 5320 3098 5387 ἡμῖν
3139 5323 3214 5382 εἰς
3255 5319 3664 5389 κατορθώματα
3709 5323 3802 5373 καὶ

2304 5495 2328 5523 ι
2356 5493 2484 5540 Colb.
2505 5494 2712 5554 ὴνέῳξεν.

2305 5551 2638 5630 y‘gddfzgdum
2679 5569 2765 5598 τινι
2805 5556 2942 5612 putat
2985 5551 3131 5600 Savil.
3174 5552 3276 5613 Ego
3315 5553 3484 5612 tegere
3520 5553 3684 5599 maiim
3709 5555 3806 5599 τᾶν

2244 5619 2566 5722 ποέλίᾶἔιέξῦιέ.
2588 5671 2848 5727 legendum
2885 5671 3169 5733 conjicilxal
3194 5672 3275 5720 τοῦ
3308 5674 3479 5734 κλήρου
3502 5672 3581 5718 καὶ
3601 5675 3685 5728 τῆς
3719 5672 3807 5721 τοῦ

2251 5736 2514 5796 Πνεύμκτος
2533 5734 2832 5792 ἀντιλήψεως.
