  <div class='ocr_page' id='page_1' title='image "/cluster/home/n/w/nwhite01/storage/ocr_20150623/56/nnc1.0114695758/186.png"; bbox 0 0 4064 6214; ppageno 0'>
   <div class='ocr_carea' id='block_1_1' title="bbox 317 353 434 410">
    <p class='ocr_par' dir='ltr' id='par_1_1' title="bbox 317 353 434 410">
     <span class='ocr_line' id='line_1_1' title="bbox 317 353 434 410; baseline 0 -1"><span class='ocrx_word' id='word_1_1' title='bbox 317 353 434 410; x_wconf 88' lang='grc'><strong>181</strong></span> 
     </span>
    </p>
   </div>
   <div class='ocr_carea' id='block_1_2' title="bbox 302 450 1887 526">
    <p class='ocr_par' dir='ltr' id='par_1_2' title="bbox 302 450 1887 526">
     <span class='ocr_line' id='line_1_2' title="bbox 302 450 1887 526; baseline -0.004 -15"><span class='ocrx_word' id='word_1_2' title='bbox 302 454 523 526; x_wconf 84' lang='lat' dir='ltr'><strong>quando</strong></span> <span class='ocrx_word' id='word_1_3' title='bbox 565 455 618 509; x_wconf 89' lang='lat' dir='ltr'><strong>in</strong></span> <span class='ocrx_word' id='word_1_4' title='bbox 661 452 854 509; x_wconf 86' lang='lat' dir='ltr'><strong>multas</strong></span> <span class='ocrx_word' id='word_1_5' title='bbox 894 452 1062 509; x_wconf 84' lang='lat' dir='ltr'><strong>divisa</strong></span> <span class='ocrx_word' id='word_1_6' title='bbox 1104 451 1265 508; x_wconf 79' lang='lat' dir='ltr'><strong>fuerit</strong></span> <span class='ocrx_word' id='word_1_7' title='bbox 1309 469 1325 507; x_wconf 88' lang='lat'><strong>:</strong></span> <span class='ocrx_word' id='word_1_8' title='bbox 1362 461 1417 507; x_wconf 89' lang='lat' dir='ltr'><strong>et</strong></span> <span class='ocrx_word' id='word_1_9' title='bbox 1444 468 1569 507; x_wconf 91' lang='lat' dir='ltr'><strong>num</strong></span> <span class='ocrx_word' id='word_1_10' title='bbox 1599 453 1688 506; x_wconf 91' lang='lat' dir='ltr'><strong>illa</strong></span> <span class='ocrx_word' id='word_1_11' title='bbox 1713 450 1887 506; x_wconf 88' lang='lat' dir='ltr'><strong>deleta</strong></span> 
     </span>
    </p>
   </div>
   <div class='ocr_carea' id='block_1_3' title="bbox 304 541 1889 615">
    <p class='ocr_par' dir='ltr' id='par_1_3' title="bbox 304 541 1889 615">
     <span class='ocr_line' id='line_1_3' title="bbox 304 541 1889 615; baseline -0.001 -17"><span class='ocrx_word' id='word_1_12' title='bbox 304 546 469 601; x_wconf 80' lang='lat' dir='ltr'><strong>fuerit</strong></span> <span class='ocrx_word' id='word_1_13' title='bbox 488 584 504 610; x_wconf 90' lang='lat'><strong>,</strong></span> <span class='ocrx_word' id='word_1_14' title='bbox 552 552 711 615; x_wconf 89' lang='lat' dir='ltr'><strong>atque</strong></span> <span class='ocrx_word' id='word_1_15' title='bbox 747 544 864 599; x_wconf 71' lang='lat' dir='ltr'><strong>alia:</strong></span> <span class='ocrx_word' id='word_1_16' title='bbox 896 542 1246 609; x_wconf 61' lang='lat' dir='ltr'><strong>introductae,</strong></span> <span class='ocrx_word' id='word_1_17' title='bbox 1278 556 1343 597; x_wconf 89' lang='lat' dir='ltr'><strong>an</strong></span> <span class='ocrx_word' id='word_1_18' title='bbox 1370 557 1497 598; x_wconf 92' lang='lat' dir='ltr'><strong>vero</strong></span> <span class='ocrx_word' id='word_1_19' title='bbox 1525 550 1770 596; x_wconf 90' lang='lat' dir='ltr'><strong>manente</strong></span> <span class='ocrx_word' id='word_1_20' title='bbox 1799 541 1889 597; x_wconf 85' lang='lat' dir='ltr'><strong>illa</strong></span> 
     </span>
    </p>
   </div>
   <div class='ocr_carea' id='block_1_4' title="bbox 301 634 1886 706">
    <p class='ocr_par' dir='ltr' id='par_1_4' title="bbox 301 634 1886 706">
     <span class='ocr_line' id='line_1_4' title="bbox 301 634 1886 706; baseline -0.004 -14"><span class='ocrx_word' id='word_1_21' title='bbox 301 637 527 706; x_wconf 64' lang='lat' dir='ltr'><strong>reliquas</strong></span> <span class='ocrx_word' id='word_1_22' title='bbox 554 637 660 691; x_wconf 90' lang='lat' dir='ltr'><strong>sint</strong></span> <span class='ocrx_word' id='word_1_23' title='bbox 689 636 1001 691; x_wconf 67' lang='lat' dir='ltr'><strong>introducta:</strong></span> <span class='ocrx_word' id='word_1_24' title='bbox 1025 654 1039 691; x_wconf 88' lang='lat'><strong>:</strong></span> <span class='ocrx_word' id='word_1_25' title='bbox 1063 650 1227 706; x_wconf 87' lang='lat' dir='ltr'><strong>quare</strong></span> <span class='ocrx_word' id='word_1_26' title='bbox 1245 634 1462 690; x_wconf 85' lang='lat' dir='ltr'><strong>confusa</strong></span> <span class='ocrx_word' id='word_1_27' title='bbox 1488 634 1678 698; x_wconf 88' lang='lat' dir='ltr'><strong>fuerit,</strong></span> <span class='ocrx_word' id='word_1_28' title='bbox 1707 640 1760 688; x_wconf 90' lang='lat' dir='ltr'><strong>et</strong></span> <span class='ocrx_word' id='word_1_29' title='bbox 1784 646 1886 701; x_wconf 89' lang='lat' dir='ltr'><strong>qua</strong></span> 
     </span>
    </p>
   </div>
   <div class='ocr_carea' id='block_1_5' title="bbox 302 724 1889 799">
    <p class='ocr_par' dir='ltr' id='par_1_5' title="bbox 302 724 1889 799">
     <span class='ocr_line' id='line_1_5' title="bbox 302 724 1889 799; baseline -0.003 -17"><span class='ocrx_word' id='word_1_30' title='bbox 302 729 378 783; x_wconf 90' lang='lat' dir='ltr'><strong>de</strong></span> <span class='ocrx_word' id='word_1_31' title='bbox 402 742 559 783; x_wconf 85' lang='lat' dir='ltr'><strong>causa</strong></span> <span class='ocrx_word' id='word_1_32' title='bbox 593 746 607 781; x_wconf 89' lang='lat'><strong>:</strong></span> <span class='ocrx_word' id='word_1_33' title='bbox 635 728 829 784; x_wconf 89' lang='lat' dir='ltr'><strong>deinde</strong></span> <span class='ocrx_word' id='word_1_34' title='bbox 852 742 1081 799; x_wconf 89' lang='lat' dir='ltr'><strong>quanam</strong></span> <span class='ocrx_word' id='word_1_35' title='bbox 1110 742 1175 782; x_wconf 92' lang='lat' dir='ltr'><strong>ex</strong></span> <span class='ocrx_word' id='word_1_36' title='bbox 1199 728 1378 783; x_wconf 89' lang='lat' dir='ltr'><strong>multis</strong></span> <span class='ocrx_word' id='word_1_37' title='bbox 1402 727 1547 782; x_wconf 87' lang='lat' dir='ltr'><strong>hisce</strong></span> <span class='ocrx_word' id='word_1_38' title='bbox 1572 725 1762 796; x_wconf 91' lang='lat' dir='ltr'><strong>linguis</strong></span> <span class='ocrx_word' id='word_1_39' title='bbox 1785 724 1889 778; x_wconf 82' lang='lat' dir='ltr'><strong>Ve-</strong></span> 
     </span>
    </p>
   </div>
   <div class='ocr_carea' id='block_1_6' title="bbox 304 816 1885 888">
    <p class='ocr_par' dir='ltr' id='par_1_6' title="bbox 304 816 1885 888">
     <span class='ocr_line' id='line_1_6' title="bbox 304 816 1885 888; baseline -0.003 -14"><span class='ocrx_word' id='word_1_40' title='bbox 304 825 395 874; x_wconf 85' lang='lat' dir='ltr'><strong>tus</strong></span> <span class='ocrx_word' id='word_1_41' title='bbox 442 818 840 875; x_wconf 69' lang='lat' dir='ltr'><strong>Testamentum</strong></span> <span class='ocrx_word' id='word_1_42' title='bbox 894 818 1255 888; x_wconf 85' lang='lat' dir='ltr'><strong>conscriptum</strong></span> <span class='ocrx_word' id='word_1_43' title='bbox 1315 817 1472 872; x_wconf 87' lang='lat' dir='ltr'><strong>fuerit</strong></span> <span class='ocrx_word' id='word_1_44' title='bbox 1522 835 1536 871; x_wconf 90' lang='lat'><strong>:</strong></span> <span class='ocrx_word' id='word_1_45' title='bbox 1582 819 1697 885; x_wconf 83' lang='lat' dir='ltr'><strong>ejus</strong></span> <span class='ocrx_word' id='word_1_46' title='bbox 1742 816 1885 871; x_wconf 92' lang='lat' dir='ltr'><strong>enim</strong></span> 
     </span>
    </p>
   </div>
   <div class='ocr_carea' id='block_1_7' title="bbox 300 909 1882 979">
    <p class='ocr_par' dir='ltr' id='par_1_7' title="bbox 300 909 1882 979">
     <span class='ocr_line' id='line_1_7' title="bbox 300 909 1882 979; baseline -0.001 -16"><span class='ocrx_word' id='word_1_47' title='bbox 300 910 473 979; x_wconf 87' lang='lat' dir='ltr'><strong>gratia</strong></span> <span class='ocrx_word' id='word_1_48' title='bbox 511 910 581 965; x_wconf 89' lang='lat' dir='ltr'><strong>de</strong></span> <span class='ocrx_word' id='word_1_49' title='bbox 608 910 690 964; x_wconf 86' lang='lat' dir='ltr'><strong>his</strong></span> <span class='ocrx_word' id='word_1_50' title='bbox 717 910 961 966; x_wconf 87' lang='lat' dir='ltr'><strong>omnibus</strong></span> <span class='ocrx_word' id='word_1_51' title='bbox 986 924 1288 966; x_wconf 77' lang='lat' dir='ltr'><strong>sermonem</strong></span> <span class='ocrx_word' id='word_1_52' title='bbox 1319 909 1677 972; x_wconf 74' lang='lat' dir='ltr'><strong>instituimus;</strong></span> <span class='ocrx_word' id='word_1_53' title='bbox 1705 918 1882 962; x_wconf 88' lang='lat' dir='ltr'><strong>utrum</strong></span> 
     </span>
    </p>
   </div>
   <div class='ocr_carea' id='block_1_8' title="bbox 300 1002 1883 1074">
    <p class='ocr_par' dir='ltr' id='par_1_8' title="bbox 300 1002 1883 1074">
     <span class='ocr_line' id='line_1_8' title="bbox 300 1002 1883 1074; baseline -0.001 -18"><span class='ocrx_word' id='word_1_54' title='bbox 300 1003 395 1057; x_wconf 83' lang='lat' dir='ltr'><strong>illa</strong></span> <span class='ocrx_word' id='word_1_55' title='bbox 426 1003 707 1073; x_wconf 84' lang='lat' dir='ltr'><strong>sntiquiori</strong></span> <span class='ocrx_word' id='word_1_56' title='bbox 733 1018 795 1058; x_wconf 87' lang='lat' dir='ltr'><strong>ac</strong></span> <span class='ocrx_word' id='word_1_57' title='bbox 818 1003 1015 1074; x_wconf 89' lang='lat' dir='ltr'><strong>priori,</strong></span> <span class='ocrx_word' id='word_1_58' title='bbox 1047 1019 1114 1058; x_wconf 89' lang='lat' dir='ltr'><strong>an</strong></span> <span class='ocrx_word' id='word_1_59' title='bbox 1139 1017 1271 1058; x_wconf 86' lang='lat' dir='ltr'><strong>vero</strong></span> <span class='ocrx_word' id='word_1_60' title='bbox 1291 1002 1393 1057; x_wconf 85' lang='lat' dir='ltr'><strong>illis</strong></span> <span class='ocrx_word' id='word_1_61' title='bbox 1417 1017 1536 1071; x_wconf 74' lang='lat' dir='ltr'><strong>qua:</strong></span> <span class='ocrx_word' id='word_1_62' title='bbox 1557 1013 1735 1070; x_wconf 87' lang='lat' dir='ltr'><strong>postea</strong></span> <span class='ocrx_word' id='word_1_63' title='bbox 1759 1009 1883 1055; x_wconf 89' lang='lat' dir='ltr'><strong>sunt</strong></span> 
     </span>
    </p>
   </div>
   <div class='ocr_carea' id='block_1_9' title="bbox 298 1094 1884 1163">
    <p class='ocr_par' dir='ltr' id='par_1_9' title="bbox 298 1094 1884 1163">
     <span class='ocr_line' id='line_1_9' title="bbox 298 1094 1884 1163; baseline -0.001 -16"><span class='ocrx_word' id='word_1_64' title='bbox 298 1096 548 1149; x_wconf 65' lang='lat' dir='ltr'><strong>invecta).</strong></span> <span class='ocrx_word' id='word_1_65' title='bbox 576 1094 679 1151; x_wconf 89' lang='lat' dir='ltr'><strong>Sed</strong></span> <span class='ocrx_word' id='word_1_66' title='bbox 700 1096 860 1150; x_wconf 78' lang='lat' dir='ltr'><strong>nolite</strong></span> <span class='ocrx_word' id='word_1_67' title='bbox 886 1096 1074 1151; x_wconf 89' lang='lat' dir='ltr'><strong>timere</strong></span> <span class='ocrx_word' id='word_1_68' title='bbox 1103 1112 1117 1149; x_wconf 90' lang='lat'><strong>:</strong></span> <span class='ocrx_word' id='word_1_69' title='bbox 1149 1094 1389 1163; x_wconf 81' lang='lat' dir='ltr'><strong>quamvis</strong></span> <span class='ocrx_word' id='word_1_70' title='bbox 1411 1094 1551 1149; x_wconf 89' lang='lat' dir='ltr'><strong>enim</strong></span> <span class='ocrx_word' id='word_1_71' title='bbox 1575 1094 1732 1149; x_wconf 88' lang='lat' dir='ltr'><strong>hodie</strong></span> <span class='ocrx_word' id='word_1_72' title='bbox 1753 1109 1884 1148; x_wconf 83' lang='lat' dir='ltr'><strong>cun-</strong></span> 
     </span>
    </p>
   </div>
   <div class='ocr_carea' id='block_1_10' title="bbox 294 1184 1881 1255">
    <p class='ocr_par' dir='ltr' id='par_1_10' title="bbox 294 1184 1881 1255">
     <span class='ocr_line' id='line_1_10' title="bbox 294 1184 1881 1255; baseline 0 -18"><span class='ocrx_word' id='word_1_73' title='bbox 294 1194 384 1239; x_wconf 82' lang='lat' dir='ltr'><strong>eta</strong></span> <span class='ocrx_word' id='word_1_74' title='bbox 409 1184 634 1241; x_wconf 83' lang='lat' dir='ltr'><strong>reddere</strong></span> <span class='ocrx_word' id='word_1_75' title='bbox 660 1200 764 1241; x_wconf 88' lang='lat' dir='ltr'><strong>non</strong></span> <span class='ocrx_word' id='word_1_76' title='bbox 791 1186 1075 1255; x_wconf 79' lang='lat' dir='ltr'><strong>possimus,</strong></span> <span class='ocrx_word' id='word_1_77' title='bbox 1104 1186 1323 1242; x_wconf 89' lang='lat' dir='ltr'><strong>omnino</strong></span> <span class='ocrx_word' id='word_1_78' title='bbox 1352 1193 1527 1239; x_wconf 89' lang='lat' dir='ltr'><strong>tamen</strong></span> <span class='ocrx_word' id='word_1_79' title='bbox 1553 1185 1702 1239; x_wconf 90' lang='lat' dir='ltr'><strong>vobis</strong></span> <span class='ocrx_word' id='word_1_80' title='bbox 1731 1193 1881 1253; x_wconf 86' lang='lat' dir='ltr'><strong>post-</strong></span> 
     </span>
    </p>
   </div>
   <div class='ocr_carea' id='block_1_11' title="bbox 294 1274 1879 1347">
    <p class='ocr_par' dir='ltr' id='par_1_11' title="bbox 294 1274 1879 1347">
     <span class='ocr_line' id='line_1_11' title="bbox 294 1274 1879 1347; baseline -0.003 -17"><span class='ocrx_word' id='word_1_81' title='bbox 294 1290 361 1330; x_wconf 80' lang='lat' dir='ltr'><strong>ea</strong></span> <span class='ocrx_word' id='word_1_82' title='bbox 390 1275 691 1331; x_wconf 81' lang='lat' dir='ltr'><strong>reddemus.</strong></span> <span class='ocrx_word' id='word_1_83' title='bbox 719 1276 825 1332; x_wconf 88' lang='lat' dir='ltr'><strong>Cur</strong></span> <span class='ocrx_word' id='word_1_84' title='bbox 852 1276 1011 1347; x_wconf 90' lang='lat' dir='ltr'><strong>igitur</strong></span> <span class='ocrx_word' id='word_1_85' title='bbox 1048 1291 1171 1331; x_wconf 90' lang='lat' dir='ltr'><strong>cum</strong></span> <span class='ocrx_word' id='word_1_86' title='bbox 1215 1275 1374 1330; x_wconf 82' lang='lat' dir='ltr'><strong>hodie</strong></span> <span class='ocrx_word' id='word_1_87' title='bbox 1411 1286 1598 1330; x_wconf 90' lang='lat' dir='ltr'><strong>cuncta</strong></span> <span class='ocrx_word' id='word_1_88' title='bbox 1624 1274 1879 1330; x_wconf 75' lang='lat' dir='ltr'><strong>reddituri</strong></span> 
     </span>
    </p>
   </div>
   <div class='ocr_carea' id='block_1_12' title="bbox 298 1367 1879 1437">
    <p class='ocr_par' dir='ltr' id='par_1_12' title="bbox 298 1367 1879 1437">
     <span class='ocr_line' id='line_1_12' title="bbox 298 1367 1879 1437; baseline -0.001 -16"><span class='ocrx_word' id='word_1_89' title='bbox 298 1380 406 1422; x_wconf 90' lang='lat' dir='ltr'><strong>non</strong></span> <span class='ocrx_word' id='word_1_90' title='bbox 446 1382 687 1424; x_wconf 80' lang='lat' dir='ltr'><strong>essemus</strong></span> <span class='ocrx_word' id='word_1_91' title='bbox 705 1407 722 1433; x_wconf 90' lang='lat'><strong>,</strong></span> <span class='ocrx_word' id='word_1_92' title='bbox 750 1369 985 1423; x_wconf 89' lang='lat' dir='ltr'><strong>omnium</strong></span> <span class='ocrx_word' id='word_1_93' title='bbox 1010 1367 1164 1423; x_wconf 80' lang='lat' dir='ltr'><strong>vobis</strong></span> <span class='ocrx_word' id='word_1_94' title='bbox 1185 1367 1482 1424; x_wconf 87' lang='lat' dir='ltr'><strong>debitorum</strong></span> <span class='ocrx_word' id='word_1_95' title='bbox 1512 1376 1879 1437; x_wconf 79' lang='lat' dir='ltr'><strong>argumentum</strong></span> 
     </span>
    </p>
   </div>
   <div class='ocr_carea' id='block_1_13' title="bbox 296 1457 1879 1526">
    <p class='ocr_par' dir='ltr' id='par_1_13' title="bbox 296 1457 1879 1526">
     <span class='ocr_line' id='line_1_13' title="bbox 296 1457 1879 1526; baseline -0.003 -14"><span class='ocrx_word' id='word_1_96' title='bbox 296 1458 678 1512; x_wconf 72' lang='lat' dir='ltr'><strong>recitavimus?</strong></span> <span class='ocrx_word' id='word_1_97' title='bbox 706 1457 774 1513; x_wconf 88' lang='lat' dir='ltr'><strong>Ut</strong></span> <span class='ocrx_word' id='word_1_98' title='bbox 801 1458 1205 1513; x_wconf 84' lang='lat' dir='ltr'><strong>retributionem</strong></span> <span class='ocrx_word' id='word_1_99' title='bbox 1235 1466 1600 1526; x_wconf 79' lang='lat' dir='ltr'><strong>exspectantes</strong></span> <span class='ocrx_word' id='word_1_100' title='bbox 1620 1470 1716 1509; x_wconf 87' lang='lat' dir='ltr'><strong>nos</strong></span> <span class='ocrx_word' id='word_1_101' title='bbox 1738 1470 1879 1508; x_wconf 88' lang='lat' dir='ltr'><strong>sem-</strong></span> 
     </span>
    </p>
   </div>
   <div class='ocr_carea' id='block_1_14' title="bbox 291 1545 1875 1619">
    <p class='ocr_par' dir='ltr' id='par_1_14' title="bbox 291 1545 1875 1619">
     <span class='ocr_line' id='line_1_14' title="bbox 291 1545 1875 1619; baseline -0.003 -17"><span class='ocrx_word' id='word_1_102' title='bbox 291 1559 396 1617; x_wconf 85' lang='lat' dir='ltr'><strong>per</strong></span> <span class='ocrx_word' id='word_1_103' title='bbox 419 1556 595 1605; x_wconf 86' lang='lat' dir='ltr'><strong>mente</strong></span> <span class='ocrx_word' id='word_1_104' title='bbox 624 1549 864 1603; x_wconf 81' lang='lat' dir='ltr'><strong>versetis.</strong></span> <span class='ocrx_word' id='word_1_105' title='bbox 896 1547 1026 1603; x_wconf 83' lang='lat' dir='ltr'><strong>Nam</strong></span> <span class='ocrx_word' id='word_1_106' title='bbox 1065 1548 1155 1619; x_wconf 88' lang='lat' dir='ltr'><strong>qui</strong></span> <span class='ocrx_word' id='word_1_107' title='bbox 1199 1547 1448 1618; x_wconf 81' lang='lat' dir='ltr'><strong>pecunias</strong></span> <span class='ocrx_word' id='word_1_108' title='bbox 1484 1545 1638 1599; x_wconf 82' lang='lat' dir='ltr'><strong>alicui</strong></span> <span class='ocrx_word' id='word_1_109' title='bbox 1666 1555 1875 1597; x_wconf 88' lang='lat' dir='ltr'><strong>mutua-</strong></span> 
     </span>
    </p>
   </div>
   <div class='ocr_carea' id='block_1_15' title="bbox 290 1634 1873 1704">
    <p class='ocr_par' dir='ltr' id='par_1_15' title="bbox 290 1634 1873 1704">
     <span class='ocr_line' id='line_1_15' title="bbox 290 1634 1873 1704; baseline -0.003 -12"><span class='ocrx_word' id='word_1_110' title='bbox 290 1648 384 1693; x_wconf 86' lang='lat' dir='ltr'><strong>tus</strong></span> <span class='ocrx_word' id='word_1_111' title='bbox 419 1649 539 1704; x_wconf 87' lang='lat' dir='ltr'><strong>est,</strong></span> <span class='ocrx_word' id='word_1_112' title='bbox 584 1648 639 1695; x_wconf 91' lang='lat' dir='ltr'><strong>et</strong></span> <span class='ocrx_word' id='word_1_113' title='bbox 675 1639 963 1694; x_wconf 89' lang='lat' dir='ltr'><strong>obnoxium</strong></span> <span class='ocrx_word' id='word_1_114' title='bbox 1009 1638 1171 1693; x_wconf 84' lang='lat' dir='ltr'><strong>habet</strong></span> <span class='ocrx_word' id='word_1_115' title='bbox 1218 1636 1551 1701; x_wconf 88' lang='lat' dir='ltr'><strong>debitorem,</strong></span> <span class='ocrx_word' id='word_1_116' title='bbox 1580 1634 1631 1688; x_wconf 92' lang='lat' dir='ltr'><strong>in</strong></span> <span class='ocrx_word' id='word_1_117' title='bbox 1660 1649 1837 1688; x_wconf 87' lang='lat' dir='ltr'><strong>mensa</strong></span> <span class='ocrx_word' id='word_1_118' title='bbox 1858 1674 1873 1700; x_wconf 95' lang='lat'><strong>,</strong></span> 
     </span>
    </p>
   </div>
   <div class='ocr_carea' id='block_1_16' title="bbox 294 1725 1877 1796">
    <p class='ocr_par' dir='ltr' id='par_1_16' title="bbox 294 1725 1877 1796">
     <span class='ocr_line' id='line_1_16' title="bbox 294 1725 1877 1796; baseline -0.003 -12"><span class='ocrx_word' id='word_1_119' title='bbox 294 1730 353 1784; x_wconf 91' lang='lat' dir='ltr'><strong>in</strong></span> <span class='ocrx_word' id='word_1_120' title='bbox 396 1729 631 1795; x_wconf 64' lang='lat' dir='ltr'><strong>adibus,</strong></span> <span class='ocrx_word' id='word_1_121' title='bbox 678 1730 732 1785; x_wconf 90' lang='lat' dir='ltr'><strong>in</strong></span> <span class='ocrx_word' id='word_1_122' title='bbox 779 1730 996 1795; x_wconf 87' lang='lat' dir='ltr'><strong>foro,in</strong></span> <span class='ocrx_word' id='word_1_123' title='bbox 1050 1728 1223 1791; x_wconf 81' lang='lat' dir='ltr'><strong>lceto,</strong></span> <span class='ocrx_word' id='word_1_124' title='bbox 1250 1735 1304 1781; x_wconf 94' lang='lat' dir='ltr'><strong>et</strong></span> <span class='ocrx_word' id='word_1_125' title='bbox 1332 1726 1523 1796; x_wconf 89' lang='lat' dir='ltr'><strong>ubique</strong></span> <span class='ocrx_word' id='word_1_126' title='bbox 1552 1727 1785 1779; x_wconf 91' lang='lat' dir='ltr'><strong>locorum</strong></span> <span class='ocrx_word' id='word_1_127' title='bbox 1810 1725 1877 1779; x_wconf 89' lang='lat' dir='ltr'><strong>de</strong></span> 
     </span>
    </p>
   </div>
   <div class='ocr_carea' id='block_1_17' title="bbox 291 1815 1877 1888">
    <p class='ocr_par' dir='ltr' id='par_1_17' title="bbox 291 1815 1877 1888">
     <span class='ocr_line' id='line_1_17' title="bbox 291 1815 1877 1888; baseline -0.003 -16"><span class='ocrx_word' id='word_1_128' title='bbox 291 1834 394 1872; x_wconf 87' lang='lat' dir='ltr'><strong>suo</strong></span> <span class='ocrx_word' id='word_1_129' title='bbox 438 1818 678 1874; x_wconf 86' lang='lat' dir='ltr'><strong>debitore</strong></span> <span class='ocrx_word' id='word_1_130' title='bbox 721 1818 942 1888; x_wconf 74' lang='lat' dir='ltr'><strong>vigilans</strong></span> <span class='ocrx_word' id='word_1_131' title='bbox 980 1818 1178 1887; x_wconf 78' lang='lat' dir='ltr'><strong>cogitat</strong></span> <span class='ocrx_word' id='word_1_132' title='bbox 1204 1827 1258 1872; x_wconf 92' lang='lat' dir='ltr'><strong>et</strong></span> <span class='ocrx_word' id='word_1_133' title='bbox 1284 1817 1335 1870; x_wconf 91' lang='lat' dir='ltr'><strong>in</strong></span> <span class='ocrx_word' id='word_1_134' title='bbox 1361 1815 1562 1870; x_wconf 87' lang='lat' dir='ltr'><strong>somnis</strong></span> <span class='ocrx_word' id='word_1_135' title='bbox 1592 1833 1607 1869; x_wconf 91' lang='lat'><strong>:</strong></span> <span class='ocrx_word' id='word_1_136' title='bbox 1638 1823 1689 1869; x_wconf 90' lang='lat' dir='ltr'><strong>et</strong></span> <span class='ocrx_word' id='word_1_137' title='bbox 1718 1830 1877 1885; x_wconf 87' lang='lat' dir='ltr'><strong>pecu-</strong></span> 
     </span>
    </p>
   </div>
   <div class='ocr_carea' id='block_1_18' title="bbox 290 1905 1874 1975">
    <p class='ocr_par' dir='ltr' id='par_1_18' title="bbox 290 1905 1874 1975">
     <span class='ocr_line' id='line_1_18' title="bbox 290 1905 1874 1975; baseline -0.002 -13"><span class='ocrx_word' id='word_1_138' title='bbox 290 1909 503 1962; x_wconf 83' lang='lat' dir='ltr'><strong>niarum</strong></span> <span class='ocrx_word' id='word_1_139' title='bbox 545 1922 694 1961; x_wconf 87' lang='lat' dir='ltr'><strong>amor</strong></span> <span class='ocrx_word' id='word_1_140' title='bbox 734 1907 929 1972; x_wconf 81' lang='lat' dir='ltr'><strong>efficit,</strong></span> <span class='ocrx_word' id='word_1_141' title='bbox 973 1915 1031 1960; x_wconf 92' lang='lat' dir='ltr'><strong>ut</strong></span> <span class='ocrx_word' id='word_1_142' title='bbox 1073 1907 1162 1961; x_wconf 89' lang='lat' dir='ltr'><strong>ille</strong></span> <span class='ocrx_word' id='word_1_143' title='bbox 1187 1920 1306 1961; x_wconf 87' lang='lat' dir='ltr'><strong>cum</strong></span> <span class='ocrx_word' id='word_1_144' title='bbox 1337 1905 1568 1975; x_wconf 88' lang='lat' dir='ltr'><strong>pecuniis</strong></span> <span class='ocrx_word' id='word_1_145' title='bbox 1596 1905 1874 1960; x_wconf 79' lang='lat' dir='ltr'><strong>creditoris</strong></span> 
     </span>
    </p>
   </div>
   <div class='ocr_carea' id='block_1_19' title="bbox 291 1996 1873 2067">
    <p class='ocr_par' dir='ltr' id='par_1_19' title="bbox 291 1996 1873 2067">
     <span class='ocr_line' id='line_1_19' title="bbox 291 1996 1873 2067; baseline -0.002 -16"><span class='ocrx_word' id='word_1_146' title='bbox 291 1996 348 2051; x_wconf 91' lang='lat' dir='ltr'><strong>In</strong></span> <span class='ocrx_word' id='word_1_147' title='bbox 387 1998 561 2051; x_wconf 86' lang='lat' dir='ltr'><strong>anima</strong></span> <span class='ocrx_word' id='word_1_148' title='bbox 598 1996 1019 2052; x_wconf 79' lang='lat' dir='ltr'><strong>circumferatur.</strong></span> <span class='ocrx_word' id='word_1_149' title='bbox 1051 1997 1119 2052; x_wconf 87' lang='lat' dir='ltr'><strong>Ut</strong></span> <span class='ocrx_word' id='word_1_150' title='bbox 1146 1997 1301 2067; x_wconf 88' lang='lat' dir='ltr'><strong>igitur</strong></span> <span class='ocrx_word' id='word_1_151' title='bbox 1330 2011 1428 2051; x_wconf 92' lang='lat' dir='ltr'><strong>nos</strong></span> <span class='ocrx_word' id='word_1_152' title='bbox 1456 2011 1664 2067; x_wconf 90' lang='lat' dir='ltr'><strong>quoque</strong></span> <span class='ocrx_word' id='word_1_153' title='bbox 1693 1996 1873 2049; x_wconf 81' lang='lat' dir='ltr'><strong>reddi-</strong></span> 
     </span>
    </p>
   </div>
   <div class='ocr_carea' id='block_1_20' title="bbox 290 2088 1869 2159">
    <p class='ocr_par' dir='ltr' id='par_1_20' title="bbox 290 2088 1869 2159">
     <span class='ocr_line' id='line_1_20' title="bbox 290 2088 1869 2159; baseline 0 -17"><span class='ocrx_word' id='word_1_154' title='bbox 290 2088 454 2143; x_wconf 88' lang='lat' dir='ltr'><strong>tionis</strong></span> <span class='ocrx_word' id='word_1_155' title='bbox 492 2103 586 2159; x_wconf 85' lang='lat' dir='ltr'><strong>spe</strong></span> <span class='ocrx_word' id='word_1_156' title='bbox 623 2103 834 2159; x_wconf 85' lang='lat' dir='ltr'><strong>semper</strong></span> <span class='ocrx_word' id='word_1_157' title='bbox 874 2090 929 2145; x_wconf 80' lang='lat' dir='ltr'><strong>in</strong></span> <span class='ocrx_word' id='word_1_158' title='bbox 967 2090 1159 2144; x_wconf 79' lang='lat' dir='ltr'><strong>vestris</strong></span> <span class='ocrx_word' id='word_1_159' title='bbox 1188 2088 1455 2144; x_wconf 88' lang='lat' dir='ltr'><strong>mentibus</strong></span> <span class='ocrx_word' id='word_1_160' title='bbox 1481 2103 1785 2153; x_wconf 88' lang='lat' dir='ltr'><strong>versenmr,</strong></span> <span class='ocrx_word' id='word_1_161' title='bbox 1818 2088 1869 2142; x_wconf 90' lang='lat' dir='ltr'><strong>in</strong></span> 
     </span>
    </p>
   </div>
   <div class='ocr_carea' id='block_1_21' title="bbox 287 2178 1871 2251">
    <p class='ocr_par' dir='ltr' id='par_1_21' title="bbox 287 2178 1871 2251">
     <span class='ocr_line' id='line_1_21' title="bbox 287 2178 1871 2251; baseline 0.001 -18"><span class='ocrx_word' id='word_1_162' title='bbox 287 2178 529 2244; x_wconf 65' lang='lat' dir='ltr'><strong>adibus,</strong></span> <span class='ocrx_word' id='word_1_163' title='bbox 578 2179 629 2234; x_wconf 92' lang='lat' dir='ltr'><strong>in</strong></span> <span class='ocrx_word' id='word_1_164' title='bbox 669 2180 818 2245; x_wconf 85' lang='lat' dir='ltr'><strong>foro,</strong></span> <span class='ocrx_word' id='word_1_165' title='bbox 851 2189 905 2235; x_wconf 90' lang='lat' dir='ltr'><strong>et</strong></span> <span class='ocrx_word' id='word_1_166' title='bbox 942 2180 1259 2251; x_wconf 87' lang='lat' dir='ltr'><strong>ubicumque</strong></span> <span class='ocrx_word' id='word_1_167' title='bbox 1284 2180 1523 2247; x_wconf 86' lang='lat' dir='ltr'><strong>fueritis,</strong></span> <span class='ocrx_word' id='word_1_168' title='bbox 1552 2180 1750 2234; x_wconf 81' lang='lat' dir='ltr'><strong>idcirco</strong></span> <span class='ocrx_word' id='word_1_169' title='bbox 1775 2180 1871 2234; x_wconf 84' lang='lat' dir='ltr'><strong>de-</strong></span> 
     </span>
    </p>
   </div>
   <div class='ocr_carea' id='block_1_22' title="bbox 284 2267 1872 2341">
    <p class='ocr_par' dir='ltr' id='par_1_22' title="bbox 284 2267 1872 2341">
     <span class='ocr_line' id='line_1_22' title="bbox 284 2267 1872 2341; baseline 0.001 -17"><span class='ocrx_word' id='word_1_170' title='bbox 284 2267 402 2324; x_wconf 74' lang='lat' dir='ltr'><strong>bita</strong></span> <span class='ocrx_word' id='word_1_171' title='bbox 426 2269 637 2339; x_wconf 89' lang='lat' dir='ltr'><strong>quidem</strong></span> <span class='ocrx_word' id='word_1_172' title='bbox 665 2270 815 2324; x_wconf 89' lang='lat' dir='ltr'><strong>vobis</strong></span> <span class='ocrx_word' id='word_1_173' title='bbox 842 2271 1225 2341; x_wconf 87' lang='lat' dir='ltr'><strong>spopondimus</strong></span> <span class='ocrx_word' id='word_1_174' title='bbox 1242 2309 1261 2339; x_wconf 87' lang='lat'><strong>,</strong></span> <span class='ocrx_word' id='word_1_175' title='bbox 1292 2270 1448 2325; x_wconf 88' lang='lat' dir='ltr'><strong>hodie</strong></span> <span class='ocrx_word' id='word_1_176' title='bbox 1474 2286 1601 2325; x_wconf 90' lang='lat' dir='ltr'><strong>vero</strong></span> <span class='ocrx_word' id='word_1_177' title='bbox 1626 2287 1731 2325; x_wconf 92' lang='lat' dir='ltr'><strong>non</strong></span> <span class='ocrx_word' id='word_1_178' title='bbox 1755 2286 1872 2326; x_wconf 89' lang='lat' dir='ltr'><strong>om-</strong></span> 
     </span>
    </p>
   </div>
   <div class='ocr_carea' id='block_1_23' title="bbox 285 2358 1865 2433">
    <p class='ocr_par' dir='ltr' id='par_1_23' title="bbox 285 2358 1865 2433">
     <span class='ocr_line' id='line_1_23' title="bbox 285 2358 1865 2433; baseline 0.002 -19"><span class='ocrx_word' id='word_1_179' title='bbox 285 2358 379 2414; x_wconf 71' lang='lat' dir='ltr'><strong>nia</strong></span> <span class='ocrx_word' id='word_1_180' title='bbox 420 2360 818 2429; x_wconf 87' lang='lat' dir='ltr'><strong>persolvemus,</strong></span> <span class='ocrx_word' id='word_1_181' title='bbox 872 2370 928 2416; x_wconf 92' lang='lat' dir='ltr'><strong>ut</strong></span> <span class='ocrx_word' id='word_1_182' title='bbox 972 2376 1156 2418; x_wconf 89' lang='lat' dir='ltr'><strong>eorum</strong></span> <span class='ocrx_word' id='word_1_183' title='bbox 1181 2403 1197 2428; x_wconf 88' lang='lat'><strong>,</strong></span> <span class='ocrx_word' id='word_1_184' title='bbox 1243 2379 1363 2433; x_wconf 73' lang='lat' dir='ltr'><strong>qua:</strong></span> <span class='ocrx_word' id='word_1_185' title='bbox 1390 2362 1599 2417; x_wconf 87' lang='lat' dir='ltr'><strong>residua</strong></span> <span class='ocrx_word' id='word_1_186' title='bbox 1633 2362 1826 2417; x_wconf 83' lang='lat' dir='ltr'><strong>fuerint</strong></span> <span class='ocrx_word' id='word_1_187' title='bbox 1848 2405 1865 2430; x_wconf 96' lang='lat'><strong>,</strong></span> 
     </span>
    </p>
   </div>
   <div class='ocr_carea' id='block_1_24' title="bbox 282 2450 1867 2522">
    <p class='ocr_par' dir='ltr' id='par_1_24' title="bbox 282 2450 1867 2522">
     <span class='ocr_line' id='line_1_24' title="bbox 282 2450 1867 2522; baseline 0.003 -18"><span class='ocrx_word' id='word_1_188' title='bbox 282 2450 732 2519; x_wconf 85' lang='lat' dir='ltr'><strong>exspectationem</strong></span> <span class='ocrx_word' id='word_1_189' title='bbox 760 2451 909 2507; x_wconf 84' lang='lat' dir='ltr'><strong>vobis</strong></span> <span class='ocrx_word' id='word_1_190' title='bbox 940 2460 1207 2522; x_wconf 85' lang='lat' dir='ltr'><strong>tamquam</strong></span> <span class='ocrx_word' id='word_1_191' title='bbox 1235 2453 1504 2508; x_wconf 75' lang='lat' dir='ltr'><strong>memoria:</strong></span> <span class='ocrx_word' id='word_1_192' title='bbox 1525 2453 1689 2507; x_wconf 89' lang='lat' dir='ltr'><strong>nostri</strong></span> <span class='ocrx_word' id='word_1_193' title='bbox 1710 2468 1867 2508; x_wconf 85' lang='lat' dir='ltr'><strong>occa-</strong></span> 
     </span>
    </p>
   </div>
   <div class='ocr_carea' id='block_1_25' title="bbox 282 2540 1865 2616">
    <p class='ocr_par' dir='ltr' id='par_1_25' title="bbox 282 2540 1865 2616">
     <span class='ocr_line' id='line_1_25' title="bbox 282 2540 1865 2616; baseline 0.004 -21"><span class='ocrx_word' id='word_1_194' title='bbox 282 2540 491 2597; x_wconf 82' lang='lat' dir='ltr'><strong>sionem</strong></span> <span class='ocrx_word' id='word_1_195' title='bbox 528 2543 907 2614; x_wconf 89' lang='lat' dir='ltr'><strong>relinquamus.</strong></span> <span class='ocrx_word' id='word_1_196' title='bbox 939 2544 1062 2600; x_wconf 74' lang='lat' dir='ltr'><strong>Htec</strong></span> <span class='ocrx_word' id='word_1_197' title='bbox 1087 2546 1227 2600; x_wconf 91' lang='lat' dir='ltr'><strong>enim</strong></span> <span class='ocrx_word' id='word_1_198' title='bbox 1254 2562 1439 2616; x_wconf 86' lang='lat' dir='ltr'><strong>magna</strong></span> <span class='ocrx_word' id='word_1_199' title='bbox 1468 2556 1549 2600; x_wconf 91' lang='lat' dir='ltr'><strong>est</strong></span> <span class='ocrx_word' id='word_1_200' title='bbox 1580 2557 1756 2601; x_wconf 84' lang='lat' dir='ltr'><strong>nostra</strong></span> <span class='ocrx_word' id='word_1_201' title='bbox 1784 2560 1865 2601; x_wconf 87' lang='lat' dir='ltr'><strong>se-</strong></span> 
     </span>
    </p>
   </div>
   <div class='ocr_carea' id='block_1_26' title="bbox 282 2634 1865 2709">
    <p class='ocr_par' dir='ltr' id='par_1_26' title="bbox 282 2634 1865 2709">
     <span class='ocr_line' id='line_1_26' title="bbox 282 2634 1865 2709; baseline 0.004 -22"><span class='ocrx_word' id='word_1_202' title='bbox 282 2634 484 2687; x_wconf 85' lang='lat' dir='ltr'><strong>curitas</strong></span> <span class='ocrx_word' id='word_1_203' title='bbox 502 2675 518 2699; x_wconf 93' lang='lat'><strong>,</strong></span> <span class='ocrx_word' id='word_1_204' title='bbox 546 2645 601 2689; x_wconf 88' lang='lat' dir='ltr'><strong>ut</strong></span> <span class='ocrx_word' id='word_1_205' title='bbox 622 2638 840 2691; x_wconf 89' lang='lat' dir='ltr'><strong>caritate</strong></span> <span class='ocrx_word' id='word_1_206' title='bbox 861 2646 1035 2692; x_wconf 89' lang='lat' dir='ltr'><strong>vestra</strong></span> <span class='ocrx_word' id='word_1_207' title='bbox 1064 2647 1318 2708; x_wconf 87' lang='lat' dir='ltr'><strong>perpetuo</strong></span> <span class='ocrx_word' id='word_1_208' title='bbox 1344 2639 1580 2693; x_wconf 80' lang='lat' dir='ltr'><strong>fruamur</strong></span> <span class='ocrx_word' id='word_1_209' title='bbox 1601 2681 1617 2705; x_wconf 95' lang='lat'><strong>,</strong></span> <span class='ocrx_word' id='word_1_210' title='bbox 1650 2640 1739 2694; x_wconf 91' lang='lat' dir='ltr'><strong>tali</strong></span> <span class='ocrx_word' id='word_1_211' title='bbox 1772 2654 1865 2709; x_wconf 84' lang='lat' dir='ltr'><strong>po—</strong></span> 
     </span>
    </p>
   </div>
   <div class='ocr_carea' id='block_1_27' title="bbox 281 2724 1863 2799">
    <p class='ocr_par' dir='ltr' id='par_1_27' title="bbox 281 2724 1863 2799">
     <span class='ocr_line' id='line_1_27' title="bbox 281 2724 1863 2799; baseline 0.004 -21"><span class='ocrx_word' id='word_1_212' title='bbox 281 2724 413 2792; x_wconf 91' lang='lat' dir='ltr'><strong>pulo</strong></span> <span class='ocrx_word' id='word_1_213' title='bbox 453 2739 515 2780; x_wconf 90' lang='lat' dir='ltr'><strong>ac</strong></span> <span class='ocrx_word' id='word_1_214' title='bbox 561 2734 729 2781; x_wconf 90' lang='lat' dir='ltr'><strong>tanto.</strong></span> <span class='ocrx_word' id='word_1_215' title='bbox 778 2727 911 2782; x_wconf 84' lang='lat' dir='ltr'><strong>Nam</strong></span> <span class='ocrx_word' id='word_1_216' title='bbox 957 2728 1045 2798; x_wconf 90' lang='lat' dir='ltr'><strong>qui</strong></span> <span class='ocrx_word' id='word_1_217' title='bbox 1092 2729 1284 2783; x_wconf 79' lang='lat' dir='ltr'><strong>fruitur</strong></span> <span class='ocrx_word' id='word_1_218' title='bbox 1324 2731 1571 2795; x_wconf 90' lang='lat' dir='ltr'><strong>caritate,</strong></span> <span class='ocrx_word' id='word_1_219' title='bbox 1618 2732 1863 2799; x_wconf 85' lang='lat' dir='ltr'><strong>precibus</strong></span> 
     </span>
    </p>
   </div>
   <div class='ocr_carea' id='block_1_28' title="bbox 283 2816 1859 2888">
    <p class='ocr_par' dir='ltr' id='par_1_28' title="bbox 283 2816 1859 2888">
     <span class='ocr_line' id='line_1_28' title="bbox 283 2816 1859 2888; baseline 0.003 -19"><span class='ocrx_word' id='word_1_220' title='bbox 283 2816 451 2869; x_wconf 89' lang='lat' dir='ltr'><strong>etiam</strong></span> <span class='ocrx_word' id='word_1_221' title='bbox 476 2816 691 2869; x_wconf 89' lang='lat' dir='ltr'><strong>omnino</strong></span> <span class='ocrx_word' id='word_1_222' title='bbox 719 2816 938 2871; x_wconf 81' lang='lat' dir='ltr'><strong>fruetur.</strong></span> <span class='ocrx_word' id='word_1_223' title='bbox 966 2818 1077 2872; x_wconf 87' lang='lat' dir='ltr'><strong>Hoc</strong></span> <span class='ocrx_word' id='word_1_224' title='bbox 1102 2833 1231 2873; x_wconf 91' lang='lat' dir='ltr'><strong>vero</strong></span> <span class='ocrx_word' id='word_1_225' title='bbox 1254 2828 1504 2888; x_wconf 88' lang='lat' dir='ltr'><strong>quantum</strong></span> <span class='ocrx_word' id='word_1_226' title='bbox 1532 2820 1601 2872; x_wconf 92' lang='lat' dir='ltr'><strong>sit</strong></span> <span class='ocrx_word' id='word_1_227' title='bbox 1628 2820 1859 2884; x_wconf 91' lang='lat' dir='ltr'><strong>bonum,</strong></span> 
     </span>
    </p>
   </div>
   <div class='ocr_carea' id='block_1_29' title="bbox 277 2903 1860 2976">
    <p class='ocr_par' dir='ltr' id='par_1_29' title="bbox 277 2903 1860 2976">
     <span class='ocr_line' id='line_1_29' title="bbox 277 2903 1860 2976; baseline 0.004 -19"><span class='ocrx_word' id='word_1_228' title='bbox 277 2903 408 2958; x_wconf 88' lang='lat' dir='ltr'><strong>inde</strong></span> <span class='ocrx_word' id='word_1_229' title='bbox 427 2904 551 2959; x_wconf 90' lang='lat' dir='ltr'><strong>licet</strong></span> <span class='ocrx_word' id='word_1_230' title='bbox 573 2904 841 2975; x_wconf 85' lang='lat' dir='ltr'><strong>colligere.</strong></span> <span class='ocrx_word' id='word_1_231' title='bbox 866 2907 1060 2961; x_wconf 88' lang='lat' dir='ltr'><strong>Paulus</strong></span> <span class='ocrx_word' id='word_1_232' title='bbox 1087 2906 1202 2972; x_wconf 90' lang='lat' dir='ltr'><strong>ille,</strong></span> <span class='ocrx_word' id='word_1_233' title='bbox 1233 2909 1323 2976; x_wconf 90' lang='lat' dir='ltr'><strong>qui</strong></span> <span class='ocrx_word' id='word_1_234' title='bbox 1352 2908 1562 2964; x_wconf 89' lang='lat' dir='ltr'><strong>tertium</strong></span> <span class='ocrx_word' id='word_1_235' title='bbox 1594 2911 1645 2963; x_wconf 90' lang='lat' dir='ltr'><strong>in</strong></span> <span class='ocrx_word' id='word_1_236' title='bbox 1672 2910 1860 2965; x_wconf 56' lang='lat' dir='ltr'><strong>caelum</strong></span> 
     </span>
    </p>
   </div>
   <div class='ocr_carea' id='block_1_30' title="bbox 277 2995 1860 3070">
    <p class='ocr_par' dir='ltr' id='par_1_30' title="bbox 277 2995 1860 3070">
     <span class='ocr_line' id='line_1_30' title="bbox 277 2995 1860 3070; baseline 0.004 -22"><span class='ocrx_word' id='word_1_237' title='bbox 277 3005 467 3063; x_wconf 85' lang='lat' dir='ltr'><strong>raptus</strong></span> <span class='ocrx_word' id='word_1_238' title='bbox 493 2995 690 3061; x_wconf 84' lang='lat' dir='ltr'><strong>fuerat,</strong></span> <span class='ocrx_word' id='word_1_239' title='bbox 714 2998 801 3067; x_wconf 91' lang='lat' dir='ltr'><strong>qui</strong></span> <span class='ocrx_word' id='word_1_240' title='bbox 824 2997 1099 3053; x_wconf 81' lang='lat' dir='ltr'><strong>audiverat</strong></span> <span class='ocrx_word' id='word_1_241' title='bbox 1120 3014 1312 3054; x_wconf 87' lang='lat' dir='ltr'><strong>arcana</strong></span> <span class='ocrx_word' id='word_1_242' title='bbox 1338 3000 1497 3055; x_wconf 88' lang='lat' dir='ltr'><strong>verba</strong></span> <span class='ocrx_word' id='word_1_243' title='bbox 1515 3041 1531 3065; x_wconf 95' lang='lat'><strong>,</strong></span> <span class='ocrx_word' id='word_1_244' title='bbox 1560 3000 1645 3070; x_wconf 93' lang='lat' dir='ltr'><strong>qui</strong></span> <span class='ocrx_word' id='word_1_245' title='bbox 1673 3016 1860 3055; x_wconf 75' lang='lat' dir='ltr'><strong>omnes</strong></span> 
     </span>
    </p>
   </div>
   <div class='ocr_carea' id='block_1_31' title="bbox 278 3089 1859 3161">
    <p class='ocr_par' dir='ltr' id='par_1_31' title="bbox 278 3089 1859 3161">
     <span class='ocr_line' id='line_1_31' title="bbox 278 3089 1859 3161; baseline 0.005 -23"><span class='ocrx_word' id='word_1_246' title='bbox 278 3096 485 3139; x_wconf 72' lang='lat' dir='ltr'><strong>natura:</strong></span> <span class='ocrx_word' id='word_1_247' title='bbox 520 3089 865 3144; x_wconf 88' lang='lat' dir='ltr'><strong>necessitates</strong></span> <span class='ocrx_word' id='word_1_248' title='bbox 895 3089 1206 3157; x_wconf 77' lang='lat' dir='ltr'><strong>subegerat,</strong></span> <span class='ocrx_word' id='word_1_249' title='bbox 1237 3092 1325 3159; x_wconf 90' lang='lat' dir='ltr'><strong>qui</strong></span> <span class='ocrx_word' id='word_1_250' title='bbox 1353 3091 1582 3160; x_wconf 81' lang='lat' dir='ltr'><strong>perfecta</strong></span> <span class='ocrx_word' id='word_1_251' title='bbox 1609 3092 1859 3161; x_wconf 86' lang='lat' dir='ltr'><strong>deinceps</strong></span> 
     </span>
    </p>
   </div>
   <div class='ocr_carea' id='block_1_32' title="bbox 277 3176 1859 3251">
    <p class='ocr_par' dir='ltr' id='par_1_32' title="bbox 277 3176 1859 3251">
     <span class='ocr_line' id='line_1_32' title="bbox 277 3176 1859 3251; baseline 0.004 -22"><span class='ocrx_word' id='word_1_252' title='bbox 277 3176 334 3229; x_wconf 92' lang='lat' dir='ltr'><strong>in</strong></span> <span class='ocrx_word' id='word_1_253' title='bbox 378 3177 661 3233; x_wconf 86' lang='lat' dir='ltr'><strong>securitate</strong></span> <span class='ocrx_word' id='word_1_254' title='bbox 707 3179 1082 3247; x_wconf 87' lang='lat' dir='ltr'><strong>permanebat,</strong></span> <span class='ocrx_word' id='word_1_255' title='bbox 1112 3181 1359 3251; x_wconf 91' lang='lat' dir='ltr'><strong>precibus</strong></span> <span class='ocrx_word' id='word_1_256' title='bbox 1384 3183 1541 3236; x_wconf 91' lang='lat' dir='ltr'><strong>etiam</strong></span> <span class='ocrx_word' id='word_1_257' title='bbox 1569 3181 1859 3251; x_wconf 83' lang='lat' dir='ltr'><strong>discipulo-</strong></span> 
     </span>
    </p>
   </div>
   <div class='ocr_carea' id='block_1_33' title="bbox 275 3269 1857 3343">
    <p class='ocr_par' dir='ltr' id='par_1_33' title="bbox 275 3269 1857 3343">
     <span class='ocr_line' id='line_1_33' title="bbox 275 3269 1857 3343; baseline 0.004 -21"><span class='ocrx_word' id='word_1_258' title='bbox 275 3284 399 3322; x_wconf 89' lang='lat' dir='ltr'><strong>rum</strong></span> <span class='ocrx_word' id='word_1_259' title='bbox 443 3269 745 3337; x_wconf 77' lang='lat' dir='ltr'><strong>indigebat,</strong></span> <span class='ocrx_word' id='word_1_260' title='bbox 787 3286 849 3327; x_wconf 85' lang='lat' dir='ltr'><strong>ac</strong></span> <span class='ocrx_word' id='word_1_261' title='bbox 871 3271 1082 3327; x_wconf 85' lang='lat' dir='ltr'><strong>dicebat</strong></span> <span class='ocrx_word' id='word_1_262' title='bbox 1114 3290 1127 3326; x_wconf 91' lang='lat'><strong>:</strong></span> <span class='ocrx_word' id='word_1_263' title='bbox 1160 3272 1313 3326; x_wconf 81' lang='lat' dir='ltr'><strong>Orate</strong></span> <span class='ocrx_word' id='word_1_264' title='bbox 1337 3290 1429 3343; x_wconf 86' lang='lat' dir='ltr'><strong>pro</strong></span> <span class='ocrx_word' id='word_1_265' title='bbox 1458 3290 1536 3327; x_wconf 88' lang='lat' dir='ltr'><strong>me</strong></span> <span class='ocrx_word' id='word_1_266' title='bbox 1555 3315 1571 3341; x_wconf 92' lang='lat'><strong>,</strong></span> <span class='ocrx_word' id='word_1_267' title='bbox 1599 3284 1650 3326; x_wconf 83' lang='lat' dir='ltr'><strong>ut</strong></span> <span class='ocrx_word' id='word_1_268' title='bbox 1679 3276 1857 3328; x_wconf 84' lang='lat' dir='ltr'><strong>liberer</strong></span> 
     </span>
    </p>
   </div>
   <div class='ocr_carea' id='block_1_34' title="bbox 272 3360 1854 3435">
    <p class='ocr_par' dir='ltr' id='par_1_34' title="bbox 272 3360 1854 3435">
     <span class='ocr_line' id='line_1_34' title="bbox 272 3360 1854 3435; baseline 0.005 -23"><span class='ocrx_word' id='word_1_269' title='bbox 272 3360 341 3413; x_wconf 81' lang='lat' dir='ltr'><strong>ab</strong></span> <span class='ocrx_word' id='word_1_270' title='bbox 361 3361 644 3429; x_wconf 77' lang='lat' dir='ltr'><strong>inﬁdelibus</strong></span> <span class='ocrx_word' id='word_1_271' title='bbox 670 3362 843 3435; x_wconf 85' lang='lat' dir='ltr'><strong>(Rom.</strong></span> <span class='ocrx_word' id='word_1_272' title='bbox 875 3363 962 3418; x_wconf 81' lang='grc'><strong>15.</strong></span> <span class='ocrx_word' id='word_1_273' title='bbox 1004 3364 1093 3419; x_wconf 74' lang='lat'><strong>30.</strong></span> <span class='ocrx_word' id='word_1_274' title='bbox 1122 3364 1215 3435; x_wconf 77' lang='lat' dir='ltr'><strong>3i)</strong></span> <span class='ocrx_word' id='word_1_275' title='bbox 1240 3382 1254 3430; x_wconf 92' lang='lat'><strong>;</strong></span> <span class='ocrx_word' id='word_1_276' title='bbox 1283 3376 1335 3420; x_wconf 90' lang='lat' dir='ltr'><strong>et</strong></span> <span class='ocrx_word' id='word_1_277' title='bbox 1366 3379 1546 3419; x_wconf 86' lang='lat' dir='ltr'><strong>rursus</strong></span> <span class='ocrx_word' id='word_1_278' title='bbox 1575 3383 1588 3418; x_wconf 94' lang='lat'><strong>:</strong></span> <span class='ocrx_word' id='word_1_279' title='bbox 1624 3366 1777 3419; x_wconf 86' lang='lat' dir='ltr'><strong>Orate</strong></span> <span class='ocrx_word' id='word_1_280' title='bbox 1802 3376 1854 3420; x_wconf 84' lang='lat' dir='ltr'><strong>ut</strong></span> 
     </span>
    </p>
   </div>
   <div class='ocr_carea' id='block_1_35' title="bbox 271 3452 1850 3531">
    <p class='ocr_par' dir='ltr' id='par_1_35' title="bbox 271 3452 1850 3531">
     <span class='ocr_line' id='line_1_35' title="bbox 271 3452 1850 3531; baseline 0.006 -27"><span class='ocrx_word' id='word_1_281' title='bbox 271 3452 424 3505; x_wconf 81' lang='lat' dir='ltr'><strong>detur</strong></span> <span class='ocrx_word' id='word_1_282' title='bbox 452 3454 575 3507; x_wconf 83' lang='lat' dir='ltr'><strong>mihi</strong></span> <span class='ocrx_word' id='word_1_283' title='bbox 609 3472 768 3509; x_wconf 82' lang='lat' dir='ltr'><strong>sermo</strong></span> <span class='ocrx_word' id='word_1_284' title='bbox 802 3456 854 3509; x_wconf 85' lang='lat' dir='ltr'><strong>in</strong></span> <span class='ocrx_word' id='word_1_285' title='bbox 878 3462 1133 3526; x_wconf 80' lang='lat' dir='ltr'><strong>apertione</strong></span> <span class='ocrx_word' id='word_1_286' title='bbox 1159 3460 1260 3513; x_wconf 89' lang='lat' dir='ltr'><strong>oris</strong></span> <span class='ocrx_word' id='word_1_287' title='bbox 1287 3460 1381 3513; x_wconf 87' lang='lat' dir='ltr'><strong>mei</strong></span> <span class='ocrx_word' id='word_1_288' title='bbox 1405 3459 1620 3530; x_wconf 82' lang='lat' dir='ltr'><strong>(Ephes.</strong></span> <span class='ocrx_word' id='word_1_289' title='bbox 1652 3461 1706 3515; x_wconf 85' lang='lat'><strong>6.</strong></span> <span class='ocrx_word' id='word_1_290' title='bbox 1739 3461 1850 3531; x_wconf 81' lang='grc'><strong>19).</strong></span> 
     </span>
    </p>
   </div>
   <div class='ocr_carea' id='block_1_36' title="bbox 272 3543 1853 3620">
    <p class='ocr_par' dir='ltr' id='par_1_36' title="bbox 272 3543 1853 3620">
     <span class='ocr_line' id='line_1_36' title="bbox 272 3543 1853 3620; baseline 0.006 -24"><span class='ocrx_word' id='word_1_291' title='bbox 272 3543 345 3597; x_wconf 85' lang='grc' dir='ltr'><strong>Ει</strong></span> <span class='ocrx_word' id='word_1_292' title='bbox 371 3544 563 3615; x_wconf 88' lang='lat' dir='ltr'><strong>ubique</strong></span> <span class='ocrx_word' id='word_1_293' title='bbox 583 3544 771 3601; x_wconf 79' lang='lat' dir='ltr'><strong>videtis</strong></span> <span class='ocrx_word' id='word_1_294' title='bbox 799 3549 969 3617; x_wconf 85' lang='lat' dir='ltr'><strong>ipsum</strong></span> <span class='ocrx_word' id='word_1_295' title='bbox 996 3559 1051 3603; x_wconf 93' lang='lat' dir='ltr'><strong>et</strong></span> <span class='ocrx_word' id='word_1_296' title='bbox 1074 3548 1451 3618; x_wconf 88' lang='lat' dir='ltr'><strong>discipulorum</strong></span> <span class='ocrx_word' id='word_1_297' title='bbox 1475 3553 1738 3606; x_wconf 89' lang='lat' dir='ltr'><strong>orationes</strong></span> <span class='ocrx_word' id='word_1_298' title='bbox 1761 3567 1853 3620; x_wconf 92' lang='lat' dir='ltr'><strong>po-</strong></span> 
     </span>
    </p>
   </div>
   <div class='ocr_carea' id='block_1_37' title="bbox 270 3632 1846 3710">
    <p class='ocr_par' dir='ltr' id='par_1_37' title="bbox 270 3632 1846 3710">
     <span class='ocr_line' id='line_1_37' title="bbox 270 3632 1846 3710; baseline 0.005 -22"><span class='ocrx_word' id='word_1_299' title='bbox 270 3632 503 3699; x_wconf 87' lang='lat' dir='ltr'><strong>stulare,</strong></span> <span class='ocrx_word' id='word_1_300' title='bbox 550 3643 604 3689; x_wconf 91' lang='lat' dir='ltr'><strong>et</strong></span> <span class='ocrx_word' id='word_1_301' title='bbox 641 3650 762 3701; x_wconf 78' lang='lat' dir='ltr'><strong>cum</strong></span> <span class='ocrx_word' id='word_1_302' title='bbox 800 3638 1118 3706; x_wconf 90' lang='lat' dir='ltr'><strong>obtinuerit,</strong></span> <span class='ocrx_word' id='word_1_303' title='bbox 1159 3640 1355 3709; x_wconf 75' lang='lat' dir='ltr'><strong>gratias</strong></span> <span class='ocrx_word' id='word_1_304' title='bbox 1383 3641 1484 3695; x_wconf 92' lang='lat' dir='ltr'><strong>illis</strong></span> <span class='ocrx_word' id='word_1_305' title='bbox 1511 3656 1688 3710; x_wconf 88' lang='lat' dir='ltr'><strong>agere.</strong></span> <span class='ocrx_word' id='word_1_306' title='bbox 1719 3642 1846 3697; x_wconf 87' lang='lat' dir='ltr'><strong>Nam</strong></span> 
     </span>
    </p>
   </div>
   <div class='ocr_carea' id='block_1_38' title="bbox 270 3724 1847 3798">
    <p class='ocr_par' dir='ltr' id='par_1_38' title="bbox 270 3724 1847 3798">
     <span class='ocr_line' id='line_1_38' title="bbox 270 3724 1847 3798; baseline 0.006 -21"><span class='ocrx_word' id='word_1_307' title='bbox 270 3739 344 3778; x_wconf 91' lang='lat' dir='ltr'><strong>ne</strong></span> <span class='ocrx_word' id='word_1_308' title='bbox 379 3724 520 3780; x_wconf 84' lang='lat' dir='ltr'><strong>forte</strong></span> <span class='ocrx_word' id='word_1_309' title='bbox 560 3725 701 3781; x_wconf 87' lang='lat' dir='ltr'><strong>dicat</strong></span> <span class='ocrx_word' id='word_1_310' title='bbox 737 3728 928 3798; x_wconf 86' lang='lat' dir='ltr'><strong>aliquis</strong></span> <span class='ocrx_word' id='word_1_311' title='bbox 972 3743 1094 3784; x_wconf 91' lang='lat' dir='ltr'><strong>cum</strong></span> <span class='ocrx_word' id='word_1_312' title='bbox 1137 3745 1245 3798; x_wconf 67' lang='lat' dir='ltr'><strong>prae</strong></span> <span class='ocrx_word' id='word_1_313' title='bbox 1276 3730 1433 3784; x_wconf 89' lang='lat' dir='ltr'><strong>nimia</strong></span> <span class='ocrx_word' id='word_1_314' title='bbox 1466 3730 1760 3787; x_wconf 87' lang='lat' dir='ltr'><strong>humilitate</strong></span> <span class='ocrx_word' id='word_1_315' title='bbox 1781 3733 1847 3787; x_wconf 91' lang='lat' dir='ltr'><strong>ad</strong></span> 
     </span>
    </p>
   </div>
   <div class='ocr_carea' id='block_1_39' title="bbox 267 3813 1845 3889">
    <p class='ocr_par' dir='ltr' id='par_1_39' title="bbox 267 3813 1845 3889">
     <span class='ocr_line' id='line_1_39' title="bbox 267 3813 1845 3889; baseline 0.005 -22"><span class='ocrx_word' id='word_1_316' title='bbox 267 3813 652 3883; x_wconf 87' lang='lat' dir='ltr'><strong>discipulorum</strong></span> <span class='ocrx_word' id='word_1_317' title='bbox 713 3832 899 3885; x_wconf 86' lang='lat' dir='ltr'><strong>preces</strong></span> <span class='ocrx_word' id='word_1_318' title='bbox 954 3819 1280 3889; x_wconf 80' lang='lat' dir='ltr'><strong>confugere,</strong></span> <span class='ocrx_word' id='word_1_319' title='bbox 1333 3821 1581 3874; x_wconf 81' lang='lat' dir='ltr'><strong>virtutem</strong></span> <span class='ocrx_word' id='word_1_320' title='bbox 1640 3822 1845 3875; x_wconf 90' lang='lat' dir='ltr'><strong>illarum</strong></span> 
     </span>
    </p>
   </div>
   <div class='ocr_carea' id='block_1_40' title="bbox 268 3904 1848 3977">
    <p class='ocr_par' dir='ltr' id='par_1_40' title="bbox 268 3904 1848 3977">
     <span class='ocr_line' id='line_1_40' title="bbox 268 3904 1848 3977; baseline 0.006 -19"><span class='ocrx_word' id='word_1_321' title='bbox 268 3904 545 3973; x_wconf 89' lang='lat' dir='ltr'><strong>ostendit,</strong></span> <span class='ocrx_word' id='word_1_322' title='bbox 571 3921 691 3961; x_wconf 92' lang='lat' dir='ltr'><strong>cum</strong></span> <span class='ocrx_word' id='word_1_323' title='bbox 721 3907 790 3962; x_wconf 87' lang='lat' dir='ltr'><strong>ita</strong></span> <span class='ocrx_word' id='word_1_324' title='bbox 819 3908 1055 3977; x_wconf 90' lang='lat' dir='ltr'><strong>loquitur</strong></span> <span class='ocrx_word' id='word_1_325' title='bbox 1078 3925 1090 3961; x_wconf 90' lang='lat'><strong>:</strong></span> <span class='ocrx_word' id='word_1_326' title='bbox 1119 3910 1217 3975; x_wconf 85' lang='lat' dir='ltr'><strong>Qui</strong></span> <span class='ocrx_word' id='word_1_327' title='bbox 1241 3910 1304 3964; x_wconf 82' lang='lat' dir='ltr'><strong>de</strong></span> <span class='ocrx_word' id='word_1_328' title='bbox 1330 3912 1479 3963; x_wconf 86' lang='lat' dir='ltr'><strong>tantis</strong></span> <span class='ocrx_word' id='word_1_329' title='bbox 1499 3914 1735 3965; x_wconf 81' lang='lat' dir='ltr'><strong>mortibus</strong></span> <span class='ocrx_word' id='word_1_330' title='bbox 1757 3929 1848 3968; x_wconf 89' lang='lat' dir='ltr'><strong>nos</strong></span> 
     </span>
    </p>
   </div>
   <div class='ocr_carea' id='block_1_41' title="bbox 268 3995 1845 4070">
    <p class='ocr_par' dir='ltr' id='par_1_41' title="bbox 268 3995 1845 4070">
     <span class='ocr_line' id='line_1_41' title="bbox 268 3995 1845 4070; baseline 0.005 -24"><span class='ocrx_word' id='word_1_331' title='bbox 268 3995 492 4061; x_wconf 72' lang='lat' dir='ltr'><strong>eripuit;</strong></span> <span class='ocrx_word' id='word_1_332' title='bbox 516 4012 774 4065; x_wconf 75' lang='lat' dir='ltr'><strong>speramus</strong></span> <span class='ocrx_word' id='word_1_333' title='bbox 801 4007 999 4063; x_wconf 84' lang='lat' dir='ltr'><strong>autem,</strong></span> <span class='ocrx_word' id='word_1_334' title='bbox 1031 4001 1266 4068; x_wconf 80' lang='lat' dir='ltr'><strong>quoniam</strong></span> <span class='ocrx_word' id='word_1_335' title='bbox 1290 4009 1335 4053; x_wconf 85' lang='lat' dir='ltr'><strong>et</strong></span> <span class='ocrx_word' id='word_1_336' title='bbox 1364 4000 1529 4053; x_wconf 84' lang='lat' dir='ltr'><strong>adhuc</strong></span> <span class='ocrx_word' id='word_1_337' title='bbox 1553 4002 1725 4070; x_wconf 81' lang='lat' dir='ltr'><strong>eripiet</strong></span> <span class='ocrx_word' id='word_1_338' title='bbox 1748 4004 1845 4055; x_wconf 88' lang='lat' dir='ltr'><strong>ad-</strong></span> 
     </span>
    </p>
   </div>
   <div class='ocr_carea' id='block_1_42' title="bbox 266 4084 1845 4159">
    <p class='ocr_par' dir='ltr' id='par_1_42' title="bbox 266 4084 1845 4159">
     <span class='ocr_line' id='line_1_42' title="bbox 266 4084 1845 4159; baseline 0.006 -24"><span class='ocrx_word' id='word_1_339' title='bbox 266 4084 557 4151; x_wconf 57' lang='lat' dir='ltr'><strong>juvantibus</strong></span> <span class='ocrx_word' id='word_1_340' title='bbox 581 4095 627 4139; x_wconf 88' lang='lat' dir='ltr'><strong>et</strong></span> <span class='ocrx_word' id='word_1_341' title='bbox 665 4087 799 4141; x_wconf 76' lang='lat' dir='ltr'><strong>vobis</strong></span> <span class='ocrx_word' id='word_1_342' title='bbox 832 4087 886 4140; x_wconf 83' lang='lat' dir='ltr'><strong>in</strong></span> <span class='ocrx_word' id='word_1_343' title='bbox 911 4088 1134 4142; x_wconf 85' lang='lat' dir='ltr'><strong>oratione</strong></span> <span class='ocrx_word' id='word_1_344' title='bbox 1152 4105 1244 4159; x_wconf 88' lang='lat' dir='ltr'><strong>pro</strong></span> <span class='ocrx_word' id='word_1_345' title='bbox 1271 4090 1434 4154; x_wconf 84' lang='lat' dir='ltr'><strong>nobis,</strong></span> <span class='ocrx_word' id='word_1_346' title='bbox 1460 4100 1514 4143; x_wconf 87' lang='lat' dir='ltr'><strong>ut</strong></span> <span class='ocrx_word' id='word_1_347' title='bbox 1533 4091 1593 4143; x_wconf 83' lang='lat' dir='ltr'><strong>ob</strong></span> <span class='ocrx_word' id='word_1_348' title='bbox 1618 4092 1845 4144; x_wconf 85' lang='lat' dir='ltr'><strong>donatio-</strong></span> 
     </span>
    </p>
   </div>
   <div class='ocr_carea' id='block_1_43' title="bbox 265 4177 1843 4251">
    <p class='ocr_par' dir='ltr' id='par_1_43' title="bbox 265 4177 1843 4251">
     <span class='ocr_line' id='line_1_43' title="bbox 265 4177 1843 4251; baseline 0.004 -23"><span class='ocrx_word' id='word_1_349' title='bbox 265 4192 382 4229; x_wconf 83' lang='lat' dir='ltr'><strong>nem</strong></span> <span class='ocrx_word' id='word_1_350' title='bbox 406 4216 423 4239; x_wconf 92' lang='lat'><strong>,</strong></span> <span class='ocrx_word' id='word_1_351' title='bbox 464 4192 574 4245; x_wconf 69' lang='lat' dir='ltr'><strong>qua</strong></span> <span class='ocrx_word' id='word_1_352' title='bbox 615 4177 666 4230; x_wconf 85' lang='lat' dir='ltr'><strong>in</strong></span> <span class='ocrx_word' id='word_1_353' title='bbox 705 4178 844 4232; x_wconf 84' lang='lat' dir='ltr'><strong>nobis</strong></span> <span class='ocrx_word' id='word_1_354' title='bbox 886 4188 996 4244; x_wconf 85' lang='lat' dir='ltr'><strong>est,</strong></span> <span class='ocrx_word' id='word_1_355' title='bbox 1042 4194 1131 4247; x_wconf 72' lang='lat' dir='ltr'><strong>per</strong></span> <span class='ocrx_word' id='word_1_356' title='bbox 1170 4181 1351 4233; x_wconf 83' lang='lat' dir='ltr'><strong>multos</strong></span> <span class='ocrx_word' id='word_1_357' title='bbox 1382 4181 1559 4251; x_wconf 81' lang='lat' dir='ltr'><strong>gratia:</strong></span> <span class='ocrx_word' id='word_1_358' title='bbox 1585 4197 1677 4249; x_wconf 89' lang='lat' dir='ltr'><strong>pro</strong></span> <span class='ocrx_word' id='word_1_359' title='bbox 1704 4182 1843 4234; x_wconf 86' lang='lat' dir='ltr'><strong>nobis</strong></span> 
     </span>
    </p>
   </div>
   <div class='ocr_carea' id='block_1_44' title="bbox 266 4264 1078 4337">
    <p class='ocr_par' dir='ltr' id='par_1_44' title="bbox 266 4264 1078 4337">
     <span class='ocr_line' id='line_1_44' title="bbox 266 4264 1078 4337; baseline 0.009 -22"><span class='ocrx_word' id='word_1_360' title='bbox 266 4274 487 4335; x_wconf 80' lang='lat' dir='ltr'><strong>agantur</strong></span> <span class='ocrx_word' id='word_1_361' title='bbox 512 4264 585 4337; x_wconf 73' lang='grc'><strong>(2.</strong></span> <span class='ocrx_word' id='word_1_362' title='bbox 618 4265 734 4320; x_wconf 82' lang='lat' dir='ltr'><strong>Cor.</strong></span> <span class='ocrx_word' id='word_1_363' title='bbox 768 4267 817 4321; x_wconf 80' lang='grc'><strong>1.</strong></span> <span class='ocrx_word' id='word_1_364' title='bbox 846 4267 932 4322; x_wconf 78' lang='grc'><strong>10.</strong></span> <span class='ocrx_word' id='word_1_365' title='bbox 965 4266 1078 4337; x_wconf 81' lang='grc' dir='ltr'><strong>Η).</strong></span> 
     </span>
    </p>
   </div>
   <div class='ocr_carea' id='block_1_45' title="bbox 344 4354 1842 4428">
    <p class='ocr_par' dir='ltr' id='par_1_45' title="bbox 344 4354 1842 4428">
     <span class='ocr_line' id='line_1_45' title="bbox 344 4354 1842 4428; baseline 0.007 -21"><span class='ocrx_word' id='word_1_366' title='bbox 344 4354 522 4409; x_wconf 83' lang='lat' dir='ltr'><strong>Oratio</strong></span> <span class='ocrx_word' id='word_1_367' title='bbox 550 4357 881 4412; x_wconf 79' lang='lat' dir='ltr'><strong>multitudinis</strong></span> <span class='ocrx_word' id='word_1_368' title='bbox 899 4368 1142 4428; x_wconf 83' lang='lat' dir='ltr'><strong>quantum</strong></span> <span class='ocrx_word' id='word_1_369' title='bbox 1169 4360 1347 4414; x_wconf 78' lang='lat' dir='ltr'><strong>valeat.</strong></span> <span class='ocrx_word' id='word_1_370' title='bbox 1368 4390 1438 4401; x_wconf 90' lang='lat'><strong><em>—</em></strong></span> <span class='ocrx_word' id='word_1_371' title='bbox 1459 4360 1609 4428; x_wconf 84' lang='lat' dir='ltr'><strong>Quod</strong></span> <span class='ocrx_word' id='word_1_372' title='bbox 1635 4362 1678 4417; x_wconf 90' lang='lat' dir='ltr'><strong>si</strong></span> <span class='ocrx_word' id='word_1_373' title='bbox 1702 4362 1842 4416; x_wconf 74' lang='lat' dir='ltr'><strong>Pau-</strong></span> 
     </span>
    </p>
   </div>
   <div class='ocr_carea' id='block_1_46' title="bbox 266 4447 1839 4518">
    <p class='ocr_par' dir='ltr' id='par_1_46' title="bbox 266 4447 1839 4518">
     <span class='ocr_line' id='line_1_46' title="bbox 266 4447 1839 4518; baseline 0.006 -18"><span class='ocrx_word' id='word_1_374' title='bbox 266 4447 381 4500; x_wconf 90' lang='lat' dir='ltr'><strong>lum</strong></span> <span class='ocrx_word' id='word_1_375' title='bbox 420 4460 449 4501; x_wconf 90' lang='lat' dir='ltr'><strong>a</strong></span> <span class='ocrx_word' id='word_1_376' title='bbox 495 4448 741 4517; x_wconf 88' lang='lat' dir='ltr'><strong>periculis</strong></span> <span class='ocrx_word' id='word_1_377' title='bbox 788 4450 958 4505; x_wconf 87' lang='lat' dir='ltr'><strong>oratio</strong></span> <span class='ocrx_word' id='word_1_378' title='bbox 983 4452 1335 4506; x_wconf 87' lang='lat' dir='ltr'><strong>multitudinis</strong></span> <span class='ocrx_word' id='word_1_379' title='bbox 1360 4452 1635 4518; x_wconf 86' lang='lat' dir='ltr'><strong>liberavit,</strong></span> <span class='ocrx_word' id='word_1_380' title='bbox 1664 4470 1839 4509; x_wconf 88' lang='lat' dir='ltr'><strong>annon</strong></span> 
     </span>
    </p>
   </div>
   <div class='ocr_carea' id='block_1_47' title="bbox 264 4537 1840 4610">
    <p class='ocr_par' dir='ltr' id='par_1_47' title="bbox 264 4537 1840 4610">
     <span class='ocr_line' id='line_1_47' title="bbox 264 4537 1840 4610; baseline 0.004 -19"><span class='ocrx_word' id='word_1_381' title='bbox 264 4537 428 4591; x_wconf 84' lang='lat' dir='ltr'><strong>etiam</strong></span> <span class='ocrx_word' id='word_1_382' title='bbox 468 4552 497 4591; x_wconf 87' lang='lat' dir='ltr'><strong>a</strong></span> <span class='ocrx_word' id='word_1_383' title='bbox 538 4537 691 4593; x_wconf 90' lang='lat' dir='ltr'><strong>nobis</strong></span> <span class='ocrx_word' id='word_1_384' title='bbox 719 4540 1011 4609; x_wconf 90' lang='lat' dir='ltr'><strong>exspectari</strong></span> <span class='ocrx_word' id='word_1_385' title='bbox 1040 4556 1136 4610; x_wconf 88' lang='lat' dir='ltr'><strong>par</strong></span> <span class='ocrx_word' id='word_1_386' title='bbox 1162 4550 1274 4608; x_wconf 91' lang='lat' dir='ltr'><strong>est,</strong></span> <span class='ocrx_word' id='word_1_387' title='bbox 1306 4552 1362 4596; x_wconf 91' lang='lat' dir='ltr'><strong>ut</strong></span> <span class='ocrx_word' id='word_1_388' title='bbox 1391 4558 1454 4597; x_wconf 88' lang='lat' dir='ltr'><strong>ex</strong></span> <span class='ocrx_word' id='word_1_389' title='bbox 1482 4542 1581 4597; x_wconf 90' lang='lat' dir='ltr'><strong>hoc</strong></span> <span class='ocrx_word' id='word_1_390' title='bbox 1606 4544 1840 4598; x_wconf 90' lang='lat' dir='ltr'><strong>subsidio</strong></span> 
     </span>
    </p>
   </div>
   <div class='ocr_carea' id='block_1_48' title="bbox 262 4630 1840 4702">
    <p class='ocr_par' dir='ltr' id='par_1_48' title="bbox 262 4630 1840 4702">
     <span class='ocr_line' id='line_1_48' title="bbox 262 4630 1840 4702; baseline 0.004 -20"><span class='ocrx_word' id='word_1_391' title='bbox 262 4644 455 4699; x_wconf 81' lang='lat' dir='ltr'><strong>magna</strong></span> <span class='ocrx_word' id='word_1_392' title='bbox 479 4630 753 4686; x_wconf 89' lang='lat' dir='ltr'><strong>commoda</strong></span> <span class='ocrx_word' id='word_1_393' title='bbox 779 4635 1205 4702; x_wconf 84' lang='lat' dir='ltr'><strong>consequamur?</strong></span> <span class='ocrx_word' id='word_1_394' title='bbox 1226 4632 1355 4687; x_wconf 89' lang='lat' dir='ltr'><strong>Cum</strong></span> <span class='ocrx_word' id='word_1_395' title='bbox 1384 4637 1522 4689; x_wconf 90' lang='lat' dir='ltr'><strong>enim</strong></span> <span class='ocrx_word' id='word_1_396' title='bbox 1554 4636 1745 4689; x_wconf 85' lang='lat' dir='ltr'><strong>infirmi</strong></span> <span class='ocrx_word' id='word_1_397' title='bbox 1768 4637 1840 4689; x_wconf 89' lang='lat' dir='ltr'><strong>si-</strong></span> 
     </span>
    </p>
   </div>
   <div class='ocr_carea' id='block_1_49' title="bbox 263 4724 1838 4800">
    <p class='ocr_par' dir='ltr' id='par_1_49' title="bbox 263 4724 1838 4800">
     <span class='ocr_line' id='line_1_49' title="bbox 263 4724 1838 4800; baseline 0.006 -23"><span class='ocrx_word' id='word_1_398' title='bbox 263 4738 385 4778; x_wconf 90' lang='lat' dir='ltr'><strong>mus</strong></span> <span class='ocrx_word' id='word_1_399' title='bbox 404 4764 421 4791; x_wconf 96' lang='lat'><strong>,</strong></span> <span class='ocrx_word' id='word_1_400' title='bbox 466 4724 590 4779; x_wconf 92' lang='lat' dir='ltr'><strong>dum</strong></span> <span class='ocrx_word' id='word_1_401' title='bbox 619 4726 719 4781; x_wconf 87' lang='lat' dir='ltr'><strong>soli</strong></span> <span class='ocrx_word' id='word_1_402' title='bbox 756 4741 1053 4797; x_wconf 84' lang='lat' dir='ltr'><strong>precamur,</strong></span> <span class='ocrx_word' id='word_1_403' title='bbox 1084 4727 1171 4783; x_wconf 92' lang='lat' dir='ltr'><strong>ubi</strong></span> <span class='ocrx_word' id='word_1_404' title='bbox 1193 4744 1319 4783; x_wconf 89' lang='lat' dir='ltr'><strong>vero</strong></span> <span class='ocrx_word' id='word_1_405' title='bbox 1344 4732 1645 4800; x_wconf 87' lang='lat' dir='ltr'><strong>congregati</strong></span> <span class='ocrx_word' id='word_1_406' title='bbox 1675 4731 1838 4786; x_wconf 88' lang='lat' dir='ltr'><strong>fueri-</strong></span> 
     </span>
    </p>
   </div>
   <div class='ocr_carea' id='block_1_50' title="bbox 262 4815 1835 4884">
    <p class='ocr_par' dir='ltr' id='par_1_50' title="bbox 262 4815 1835 4884">
     <span class='ocr_line' id='line_1_50' title="bbox 262 4815 1835 4884; baseline 0.005 -17"><span class='ocrx_word' id='word_1_407' title='bbox 262 4828 385 4868; x_wconf 90' lang='lat' dir='ltr'><strong>mus</strong></span> <span class='ocrx_word' id='word_1_408' title='bbox 417 4854 433 4879; x_wconf 95' lang='lat'><strong>,</strong></span> <span class='ocrx_word' id='word_1_409' title='bbox 491 4815 816 4872; x_wconf 89' lang='lat' dir='ltr'><strong>robustiores</strong></span> <span class='ocrx_word' id='word_1_410' title='bbox 845 4858 860 4884; x_wconf 93' lang='lat'><strong>,</strong></span> <span class='ocrx_word' id='word_1_411' title='bbox 914 4818 1248 4874; x_wconf 90' lang='lat' dir='ltr'><strong>multitudine</strong></span> <span class='ocrx_word' id='word_1_412' title='bbox 1298 4834 1361 4873; x_wconf 87' lang='lat' dir='ltr'><strong>ac</strong></span> <span class='ocrx_word' id='word_1_413' title='bbox 1406 4822 1657 4875; x_wconf 87' lang='lat' dir='ltr'><strong>societate</strong></span> <span class='ocrx_word' id='word_1_414' title='bbox 1707 4822 1835 4875; x_wconf 85' lang='lat' dir='ltr'><strong>inita</strong></span> 
     </span>
    </p>
   </div>
   <div class='ocr_carea' id='block_1_51' title="bbox 261 4907 1835 4983">
    <p class='ocr_par' dir='ltr' id='par_1_51' title="bbox 261 4907 1835 4983">
     <span class='ocr_line' id='line_1_51' title="bbox 261 4907 1835 4983; baseline 0.006 -24"><span class='ocrx_word' id='word_1_415' title='bbox 261 4907 431 4960; x_wconf 91' lang='lat' dir='ltr'><strong>Deum</strong></span> <span class='ocrx_word' id='word_1_416' title='bbox 460 4922 759 4963; x_wconf 79' lang='lat' dir='ltr'><strong>exoramus.</strong></span> <span class='ocrx_word' id='word_1_417' title='bbox 786 4907 873 4964; x_wconf 90' lang='lat' dir='ltr'><strong>Sic</strong></span> <span class='ocrx_word' id='word_1_418' title='bbox 894 4910 1052 4964; x_wconf 89' lang='lat' dir='ltr'><strong>etiam</strong></span> <span class='ocrx_word' id='word_1_419' title='bbox 1082 4925 1176 4965; x_wconf 89' lang='lat' dir='ltr'><strong>rex</strong></span> <span class='ocrx_word' id='word_1_420' title='bbox 1203 4926 1345 4980; x_wconf 65' lang='lat' dir='ltr'><strong>saepe</strong></span> <span class='ocrx_word' id='word_1_421' title='bbox 1373 4926 1492 4965; x_wconf 92' lang='lat' dir='ltr'><strong>cum</strong></span> <span class='ocrx_word' id='word_1_422' title='bbox 1516 4914 1742 4983; x_wconf 88' lang='lat' dir='ltr'><strong>aliquem</strong></span> <span class='ocrx_word' id='word_1_423' title='bbox 1768 4914 1835 4969; x_wconf 87' lang='lat' dir='ltr'><strong>ad</strong></span> 
     </span>
    </p>
   </div>
   <div class='ocr_carea' id='block_1_52' title="bbox 262 4999 1835 5074">
    <p class='ocr_par' dir='ltr' id='par_1_52' title="bbox 262 4999 1835 5074">
     <span class='ocr_line' id='line_1_52' title="bbox 262 4999 1835 5074; baseline 0.005 -23"><span class='ocrx_word' id='word_1_424' title='bbox 262 5008 491 5053; x_wconf 85' lang='lat' dir='ltr'><strong>mortem</strong></span> <span class='ocrx_word' id='word_1_425' title='bbox 529 4999 827 5069; x_wconf 88' lang='lat' dir='ltr'><strong>damnarit,</strong></span> <span class='ocrx_word' id='word_1_426' title='bbox 874 5002 962 5055; x_wconf 91' lang='lat' dir='ltr'><strong>uni</strong></span> <span class='ocrx_word' id='word_1_427' title='bbox 1001 5002 1212 5073; x_wconf 90' lang='lat' dir='ltr'><strong>quidem</strong></span> <span class='ocrx_word' id='word_1_428' title='bbox 1257 5005 1425 5058; x_wconf 86' lang='lat' dir='ltr'><strong>oranti</strong></span> <span class='ocrx_word' id='word_1_429' title='bbox 1464 5020 1560 5074; x_wconf 92' lang='lat' dir='ltr'><strong>pro</strong></span> <span class='ocrx_word' id='word_1_430' title='bbox 1586 5005 1835 5060; x_wconf 89' lang='lat' dir='ltr'><strong>damnato</strong></span> 
     </span>
    </p>
   </div>
   <div class='ocr_carea' id='block_1_53' title="bbox 261 5090 1835 5163">
    <p class='ocr_par' dir='ltr' id='par_1_53' title="bbox 261 5090 1835 5163">
     <span class='ocr_line' id='line_1_53' title="bbox 261 5090 1835 5163; baseline 0.006 -22"><span class='ocrx_word' id='word_1_431' title='bbox 261 5102 369 5141; x_wconf 88' lang='lat' dir='ltr'><strong>non</strong></span> <span class='ocrx_word' id='word_1_432' title='bbox 419 5090 634 5155; x_wconf 86' lang='lat' dir='ltr'><strong>annuit,</strong></span> <span class='ocrx_word' id='word_1_433' title='bbox 682 5090 749 5145; x_wconf 89' lang='lat' dir='ltr'><strong>ab</strong></span> <span class='ocrx_word' id='word_1_434' title='bbox 795 5092 996 5162; x_wconf 88' lang='lat' dir='ltr'><strong>integra</strong></span> <span class='ocrx_word' id='word_1_435' title='bbox 1022 5107 1149 5147; x_wconf 90' lang='lat' dir='ltr'><strong>vero</strong></span> <span class='ocrx_word' id='word_1_436' title='bbox 1173 5091 1383 5148; x_wconf 87' lang='lat' dir='ltr'><strong>civitate</strong></span> <span class='ocrx_word' id='word_1_437' title='bbox 1412 5094 1730 5163; x_wconf 84' lang='lat' dir='ltr'><strong>deprecante</strong></span> <span class='ocrx_word' id='word_1_438' title='bbox 1758 5096 1835 5150; x_wconf 88' lang='lat' dir='ltr'><strong>fa-</strong></span> 
     </span>
    </p>
   </div>
   <div class='ocr_carea' id='block_1_54' title="bbox 258 5177 1835 5252">
    <p class='ocr_par' dir='ltr' id='par_1_54' title="bbox 258 5177 1835 5252">
     <span class='ocr_line' id='line_1_54' title="bbox 258 5177 1835 5252; baseline 0.007 -21"><span class='ocrx_word' id='word_1_439' title='bbox 258 5177 368 5231; x_wconf 90' lang='lat' dir='ltr'><strong>cile</strong></span> <span class='ocrx_word' id='word_1_440' title='bbox 411 5190 657 5234; x_wconf 82' lang='lat' dir='ltr'><strong>exoratur</strong></span> <span class='ocrx_word' id='word_1_441' title='bbox 682 5220 697 5246; x_wconf 94' lang='lat'><strong>,</strong></span> <span class='ocrx_word' id='word_1_442' title='bbox 735 5195 963 5251; x_wconf 91' lang='lat' dir='ltr'><strong>eumque</strong></span> <span class='ocrx_word' id='word_1_443' title='bbox 1000 5182 1090 5252; x_wconf 93' lang='lat' dir='ltr'><strong>qui</strong></span> <span class='ocrx_word' id='word_1_444' title='bbox 1116 5182 1181 5237; x_wconf 89' lang='lat' dir='ltr'><strong>ad</strong></span> <span class='ocrx_word' id='word_1_445' title='bbox 1207 5182 1510 5238; x_wconf 82' lang='lat' dir='ltr'><strong>barathrum</strong></span> <span class='ocrx_word' id='word_1_446' title='bbox 1538 5186 1835 5241; x_wconf 84' lang='lat' dir='ltr'><strong>abduceba-</strong></span> 
     </span>
    </p>
   </div>
   <div class='ocr_carea' id='block_1_55' title="bbox 261 5269 1828 5347">
    <p class='ocr_par' dir='ltr' id='par_1_55' title="bbox 261 5269 1828 5347">
     <span class='ocr_line' id='line_1_55' title="bbox 261 5269 1828 5347; baseline 0.007 -25"><span class='ocrx_word' id='word_1_447' title='bbox 261 5278 368 5332; x_wconf 92' lang='lat' dir='ltr'><strong>tur,</strong></span> <span class='ocrx_word' id='word_1_448' title='bbox 395 5269 463 5324; x_wconf 93' lang='lat' dir='ltr'><strong>ob</strong></span> <span class='ocrx_word' id='word_1_449' title='bbox 484 5269 881 5340; x_wconf 88' lang='lat' dir='ltr'><strong>deprecatorum</strong></span> <span class='ocrx_word' id='word_1_450' title='bbox 909 5274 1297 5330; x_wconf 90' lang='lat' dir='ltr'><strong>multitudinem</strong></span> <span class='ocrx_word' id='word_1_451' title='bbox 1319 5278 1579 5346; x_wconf 91' lang='lat' dir='ltr'><strong>supplicio</strong></span> <span class='ocrx_word' id='word_1_452' title='bbox 1608 5279 1828 5347; x_wconf 90' lang='lat' dir='ltr'><strong>eximit,</strong></span> 
     </span>
    </p>
   </div>
   <div class='ocr_carea' id='block_1_56' title="bbox 260 5362 1833 5431">
    <p class='ocr_par' dir='ltr' id='par_1_56' title="bbox 260 5362 1833 5431">
     <span class='ocr_line' id='line_1_56' title="bbox 260 5362 1833 5431; baseline 0.006 -17"><span class='ocrx_word' id='word_1_453' title='bbox 260 5371 421 5431; x_wconf 90' lang='lat' dir='ltr'><strong>atque</strong></span> <span class='ocrx_word' id='word_1_454' title='bbox 449 5362 515 5417; x_wconf 87' lang='lat' dir='ltr'><strong>ad</strong></span> <span class='ocrx_word' id='word_1_455' title='bbox 544 5364 702 5417; x_wconf 89' lang='lat' dir='ltr'><strong>vitam</strong></span> <span class='ocrx_word' id='word_1_456' title='bbox 732 5365 955 5420; x_wconf 90' lang='lat' dir='ltr'><strong>reducit.</strong></span> <span class='ocrx_word' id='word_1_457' title='bbox 988 5366 1154 5421; x_wconf 89' lang='lat' dir='ltr'><strong>Tanta</strong></span> <span class='ocrx_word' id='word_1_458' title='bbox 1176 5368 1256 5421; x_wconf 89' lang='lat' dir='ltr'><strong>vis</strong></span> <span class='ocrx_word' id='word_1_459' title='bbox 1276 5377 1357 5422; x_wconf 91' lang='lat' dir='ltr'><strong>est</strong></span> <span class='ocrx_word' id='word_1_460' title='bbox 1379 5368 1636 5423; x_wconf 89' lang='lat' dir='ltr'><strong>orationis</strong></span> <span class='ocrx_word' id='word_1_461' title='bbox 1656 5371 1833 5423; x_wconf 82' lang='lat' dir='ltr'><strong>multi-</strong></span> 
     </span>
    </p>
   </div>
   <div class='ocr_carea' id='block_1_57' title="bbox 263 5454 1832 5528">
    <p class='ocr_par' dir='ltr' id='par_1_57' title="bbox 263 5454 1832 5528">
     <span class='ocr_line' id='line_1_57' title="bbox 263 5454 1832 5528; baseline 0.006 -21"><span class='ocrx_word' id='word_1_462' title='bbox 263 5455 483 5509; x_wconf 85' lang='lat' dir='ltr'><strong>tudinis.</strong></span> <span class='ocrx_word' id='word_1_463' title='bbox 526 5454 727 5511; x_wconf 88' lang='lat' dir='ltr'><strong>ldcirco</strong></span> <span class='ocrx_word' id='word_1_464' title='bbox 764 5457 921 5512; x_wconf 88' lang='lat' dir='ltr'><strong>etiam</strong></span> <span class='ocrx_word' id='word_1_465' title='bbox 960 5458 1257 5528; x_wconf 88' lang='lat' dir='ltr'><strong>colligimur</strong></span> <span class='ocrx_word' id='word_1_466' title='bbox 1284 5470 1337 5513; x_wconf 91' lang='lat' dir='ltr'><strong>et</strong></span> <span class='ocrx_word' id='word_1_467' title='bbox 1362 5461 1705 5515; x_wconf 89' lang='lat' dir='ltr'><strong>convenimus</strong></span> <span class='ocrx_word' id='word_1_468' title='bbox 1731 5464 1832 5517; x_wconf 92' lang='lat' dir='ltr'><strong>huc</strong></span> 
     </span>
    </p>
   </div>
   <div class='ocr_carea' id='block_1_58' title="bbox 261 5544 1831 5607">
    <p class='ocr_par' dir='ltr' id='par_1_58' title="bbox 261 5544 1831 5607">
     <span class='ocr_line' id='line_1_58' title="bbox 261 5544 1831 5607; baseline 0.006 -11"><span class='ocrx_word' id='word_1_469' title='bbox 261 5558 449 5599; x_wconf 89' lang='lat' dir='ltr'><strong>omnes</strong></span> <span class='ocrx_word' id='word_1_470' title='bbox 470 5585 485 5607; x_wconf 92' lang='lat'><strong>,</strong></span> <span class='ocrx_word' id='word_1_471' title='bbox 539 5553 593 5599; x_wconf 93' lang='lat' dir='ltr'><strong>ut</strong></span> <span class='ocrx_word' id='word_1_472' title='bbox 619 5544 980 5601; x_wconf 87' lang='lat' dir='ltr'><strong>vehementius</strong></span> <span class='ocrx_word' id='word_1_473' title='bbox 1016 5547 1180 5602; x_wconf 91' lang='lat' dir='ltr'><strong>Deum</strong></span> <span class='ocrx_word' id='word_1_474' title='bbox 1206 5548 1272 5601; x_wconf 90' lang='lat' dir='ltr'><strong>ad</strong></span> <span class='ocrx_word' id='word_1_475' title='bbox 1301 5548 1713 5604; x_wconf 89' lang='lat' dir='ltr'><strong>misericordiam</strong></span> <span class='ocrx_word' id='word_1_476' title='bbox 1738 5551 1831 5605; x_wconf 86' lang='lat' dir='ltr'><strong>tle-</strong></span> 
     </span>
    </p>
   </div>
   <div class='ocr_carea' id='block_1_59' title="bbox 258 5630 1825 5705">
    <p class='ocr_par' dir='ltr' id='par_1_59' title="bbox 258 5630 1825 5705">
     <span class='ocr_line' id='line_1_59' title="bbox 258 5630 1825 5705; baseline 0.006 -20"><span class='ocrx_word' id='word_1_477' title='bbox 258 5641 484 5686; x_wconf 86' lang='lat' dir='ltr'><strong>ctamus.</strong></span> <span class='ocrx_word' id='word_1_478' title='bbox 517 5630 645 5688; x_wconf 80' lang='lat' dir='ltr'><strong>Nam</strong></span> <span class='ocrx_word' id='word_1_479' title='bbox 674 5650 792 5691; x_wconf 92' lang='lat' dir='ltr'><strong>cum</strong></span> <span class='ocrx_word' id='word_1_480' title='bbox 814 5646 1025 5691; x_wconf 89' lang='lat' dir='ltr'><strong>orantes</strong></span> <span class='ocrx_word' id='word_1_481' title='bbox 1045 5637 1175 5705; x_wconf 93' lang='lat' dir='ltr'><strong>soli,</strong></span> <span class='ocrx_word' id='word_1_482' title='bbox 1201 5646 1258 5692; x_wconf 92' lang='lat' dir='ltr'><strong>ut</strong></span> <span class='ocrx_word' id='word_1_483' title='bbox 1276 5648 1397 5693; x_wconf 90' lang='lat' dir='ltr'><strong>ante</strong></span> <span class='ocrx_word' id='word_1_484' title='bbox 1423 5639 1529 5693; x_wconf 87' lang='lat' dir='ltr'><strong>dixi</strong></span> <span class='ocrx_word' id='word_1_485' title='bbox 1554 5681 1567 5701; x_wconf 85' lang='lat'><strong>,</strong></span> <span class='ocrx_word' id='word_1_486' title='bbox 1590 5641 1825 5695; x_wconf 87' lang='lat' dir='ltr'><strong>imbecil-</strong></span> 
     </span>
    </p>
   </div>
   <div class='ocr_carea' id='block_1_60' title="bbox 259 5722 1823 5795">
    <p class='ocr_par' dir='ltr' id='par_1_60' title="bbox 259 5722 1823 5795">
     <span class='ocr_line' id='line_1_60' title="bbox 259 5722 1823 5795; baseline 0.008 -19"><span class='ocrx_word' id='word_1_487' title='bbox 259 5722 340 5776; x_wconf 84' lang='lat' dir='ltr'><strong>les</strong></span> <span class='ocrx_word' id='word_1_488' title='bbox 379 5723 546 5779; x_wconf 88' lang='lat' dir='ltr'><strong>simus</strong></span> <span class='ocrx_word' id='word_1_489' title='bbox 567 5764 583 5789; x_wconf 93' lang='lat'><strong>,</strong></span> <span class='ocrx_word' id='word_1_490' title='bbox 624 5740 717 5794; x_wconf 82' lang='lat' dir='ltr'><strong>per</strong></span> <span class='ocrx_word' id='word_1_491' title='bbox 739 5727 1163 5795; x_wconf 76' lang='lat' dir='ltr'><strong>coniunctionem</strong></span> <span class='ocrx_word' id='word_1_492' title='bbox 1189 5730 1421 5785; x_wconf 88' lang='lat' dir='ltr'><strong>caritatis</strong></span> <span class='ocrx_word' id='word_1_493' title='bbox 1446 5731 1608 5787; x_wconf 88' lang='lat' dir='ltr'><strong>Deum</strong></span> <span class='ocrx_word' id='word_1_494' title='bbox 1639 5748 1823 5788; x_wconf 68' lang='lat' dir='ltr'><strong>exon-a-</strong></span> 
     </span>
    </p>
   </div>
   <div class='ocr_carea' id='block_1_61' title="bbox 1284 337 2565 400">
    <p class='ocr_par' dir='ltr' id='par_1_61' title="bbox 1284 337 2565 400">
     <span class='ocr_line' id='line_1_61' title="bbox 1284 337 2565 400; baseline 0.004 -6"><span class='ocrx_word' id='word_1_495' title='bbox 1284 337 1370 395; x_wconf 83' lang='lat' dir='ltr'><strong>DE</strong></span> <span class='ocrx_word' id='word_1_496' title='bbox 1409 337 1941 396; x_wconf 73' lang='lat' dir='ltr'><strong>PROPHETIARUM</strong></span> <span class='ocrx_word' id='word_1_497' title='bbox 1969 338 2459 399; x_wconf 76' lang='lat' dir='ltr'><strong>OBSCURITATE.</strong></span> <span class='ocrx_word' id='word_1_498' title='bbox 2502 342 2565 400; x_wconf 81' lang='lat' dir='ltr'><strong>li.</strong></span> 
     </span>
    </p>
   </div>
   <div class='ocr_carea' id='block_1_62' title="bbox 3464 352 3580 407">
    <p class='ocr_par' dir='ltr' id='par_1_62' title="bbox 3464 352 3580 407">
     <span class='ocr_line' id='line_1_62' title="bbox 3464 352 3580 407; baseline 0.009 -1"><span class='ocrx_word' id='word_1_499' title='bbox 3464 352 3580 407; x_wconf 64' lang='grc'><strong>182⁷</strong></span> 
     </span>
    </p>
   </div>
   <div class='ocr_carea' id='block_1_63' title="bbox 1993 455 3569 526">
    <p class='ocr_par' dir='ltr' id='par_1_63' title="bbox 1993 455 3569 526">
     <span class='ocr_line' id='line_1_63' title="bbox 1993 455 3569 526; baseline 0.007 -20"><span class='ocrx_word' id='word_1_500' title='bbox 1993 468 2146 519; x_wconf 90' lang='lat' dir='ltr'><strong>mus,</strong></span> <span class='ocrx_word' id='word_1_501' title='bbox 2188 462 2247 509; x_wconf 92' lang='lat' dir='ltr'><strong>ut</strong></span> <span class='ocrx_word' id='word_1_502' title='bbox 2283 455 2433 510; x_wconf 91' lang='lat' dir='ltr'><strong>nobis</strong></span> <span class='ocrx_word' id='word_1_503' title='bbox 2461 456 2722 526; x_wconf 85' lang='lat' dir='ltr'><strong>postulata</strong></span> <span class='ocrx_word' id='word_1_504' title='bbox 2747 457 3025 514; x_wconf 88' lang='lat' dir='ltr'><strong>concedat.</strong></span> <span class='ocrx_word' id='word_1_505' title='bbox 3058 459 3182 516; x_wconf 65' lang='lat' dir='ltr'><strong>Haec</strong></span> <span class='ocrx_word' id='word_1_506' title='bbox 3201 475 3331 517; x_wconf 88' lang='lat' dir='ltr'><strong>vero</strong></span> <span class='ocrx_word' id='word_1_507' title='bbox 3358 475 3463 516; x_wconf 92' lang='lat' dir='ltr'><strong>non</strong></span> <span class='ocrx_word' id='word_1_508' title='bbox 3487 469 3569 517; x_wconf 90' lang='lat' dir='ltr'><strong>te-</strong></span> 
     </span>
    </p>
   </div>
   <div class='ocr_carea' id='block_1_64' title="bbox 1990 546 3569 620">
    <p class='ocr_par' dir='ltr' id='par_1_64' title="bbox 1990 546 3569 620">
     <span class='ocr_line' id='line_1_64' title="bbox 1990 546 3569 620; baseline 0.006 -24"><span class='ocrx_word' id='word_1_509' title='bbox 1990 556 2139 597; x_wconf 87' lang='lat' dir='ltr'><strong>mere</strong></span> <span class='ocrx_word' id='word_1_510' title='bbox 2164 559 2193 598; x_wconf 87' lang='lat' dir='ltr'><strong>a</strong></span> <span class='ocrx_word' id='word_1_511' title='bbox 2221 561 2306 599; x_wconf 90' lang='lat' dir='ltr'><strong>me</strong></span> <span class='ocrx_word' id='word_1_512' title='bbox 2335 546 2674 615; x_wconf 89' lang='lat' dir='ltr'><strong>proferuntur</strong></span> <span class='ocrx_word' id='word_1_513' title='bbox 2695 590 2709 614; x_wconf 93' lang='lat'><strong>,</strong></span> <span class='ocrx_word' id='word_1_514' title='bbox 2734 564 2905 620; x_wconf 90' lang='lat' dir='ltr'><strong>neque</strong></span> <span class='ocrx_word' id='word_1_515' title='bbox 2937 559 3152 619; x_wconf 86' lang='lat' dir='ltr'><strong>prepter</strong></span> <span class='ocrx_word' id='word_1_516' title='bbox 3175 553 3429 620; x_wconf 89' lang='lat' dir='ltr'><strong>meipsum</strong></span> <span class='ocrx_word' id='word_1_517' title='bbox 3452 559 3569 605; x_wconf 64' lang='lat' dir='ltr'><strong>tan.</strong></span> 
     </span>
    </p>
   </div>
   <div class='ocr_carea' id='block_1_65' title="bbox 1992 636 3565 712">
    <p class='ocr_par' dir='ltr' id='par_1_65' title="bbox 1992 636 3565 712">
     <span class='ocr_line' id='line_1_65' title="bbox 1992 636 3565 712; baseline 0.009 -27"><span class='ocrx_word' id='word_1_518' title='bbox 1992 641 2102 687; x_wconf 94' lang='lat' dir='ltr'><strong>tum</strong></span> <span class='ocrx_word' id='word_1_519' title='bbox 2128 675 2143 700; x_wconf 93' lang='lat'><strong>,</strong></span> <span class='ocrx_word' id='word_1_520' title='bbox 2185 636 2277 689; x_wconf 88' lang='lat' dir='ltr'><strong>sed</strong></span> <span class='ocrx_word' id='word_1_521' title='bbox 2324 648 2381 691; x_wconf 92' lang='lat' dir='ltr'><strong>ut</strong></span> <span class='ocrx_word' id='word_1_522' title='bbox 2406 652 2618 707; x_wconf 87' lang='lat' dir='ltr'><strong>semper</strong></span> <span class='ocrx_word' id='word_1_523' title='bbox 2638 642 2703 695; x_wconf 90' lang='lat' dir='ltr'><strong>ad</strong></span> <span class='ocrx_word' id='word_1_524' title='bbox 2732 641 2980 697; x_wconf 87' lang='lat' dir='ltr'><strong>collectas</strong></span> <span class='ocrx_word' id='word_1_525' title='bbox 3004 644 3295 712; x_wconf 87' lang='lat' dir='ltr'><strong>properetis</strong></span> <span class='ocrx_word' id='word_1_526' title='bbox 3318 684 3333 707; x_wconf 91' lang='lat'><strong>,</strong></span> <span class='ocrx_word' id='word_1_527' title='bbox 3360 659 3456 699; x_wconf 88' lang='lat' dir='ltr'><strong>nec</strong></span> <span class='ocrx_word' id='word_1_528' title='bbox 3479 644 3565 699; x_wconf 84' lang='lat' dir='ltr'><strong>di-</strong></span> 
     </span>
    </p>
   </div>
   <div class='ocr_carea' id='block_1_66' title="bbox 1989 724 3564 802">
    <p class='ocr_par' dir='ltr' id='par_1_66' title="bbox 1989 724 3564 802">
     <span class='ocr_line' id='line_1_66' title="bbox 1989 724 3564 802; baseline 0.008 -25"><span class='ocrx_word' id='word_1_529' title='bbox 1989 724 2121 777; x_wconf 88' lang='lat' dir='ltr'><strong>catis</strong></span> <span class='ocrx_word' id='word_1_530' title='bbox 2168 739 2181 780; x_wconf 88' lang='lat'>:</span> <span class='ocrx_word' id='word_1_531' title='bbox 2230 728 2417 782; x_wconf 87' lang='lat' dir='ltr'><strong>Annon</strong></span> <span class='ocrx_word' id='word_1_532' title='bbox 2463 730 2606 784; x_wconf 91' lang='lat' dir='ltr'><strong>enim</strong></span> <span class='ocrx_word' id='word_1_533' title='bbox 2653 746 2810 787; x_wconf 86' lang='lat' dir='ltr'><strong>orare</strong></span> <span class='ocrx_word' id='word_1_534' title='bbox 2848 733 2990 787; x_wconf 91' lang='lat' dir='ltr'><strong>domi</strong></span> <span class='ocrx_word' id='word_1_535' title='bbox 3030 748 3245 802; x_wconf 85' lang='lat' dir='ltr'><strong>possunt</strong></span> <span class='ocrx_word' id='word_1_536' title='bbox 3270 735 3294 788; x_wconf 68' lang='grc' dir='ltr'>τ</span> <span class='ocrx_word' id='word_1_537' title='bbox 3324 734 3479 791; x_wconf 59' lang='lat' dir='ltr'><strong>Potes</strong></span> <span class='ocrx_word' id='word_1_538' title='bbox 3510 746 3564 790; x_wconf 89' lang='lat' dir='ltr'><strong>tn</strong></span> 
     </span>
    </p>
   </div>
   <div class='ocr_carea' id='block_1_67' title="bbox 1988 816 3561 893">
    <p class='ocr_par' dir='ltr' id='par_1_67' title="bbox 1988 816 3561 893">
     <span class='ocr_line' id='line_1_67' title="bbox 1988 816 3561 893; baseline 0.006 -24"><span class='ocrx_word' id='word_1_539' title='bbox 1988 816 2200 885; x_wconf 90' lang='lat' dir='ltr'><strong>quidem</strong></span> <span class='ocrx_word' id='word_1_540' title='bbox 2223 834 2378 875; x_wconf 87' lang='lat' dir='ltr'><strong>orare</strong></span> <span class='ocrx_word' id='word_1_541' title='bbox 2398 861 2415 887; x_wconf 95' lang='lat'><strong>,</strong></span> <span class='ocrx_word' id='word_1_542' title='bbox 2443 821 2537 876; x_wconf 89' lang='lat' dir='ltr'><strong>sed</strong></span> <span class='ocrx_word' id='word_1_543' title='bbox 2568 830 2764 877; x_wconf 89' lang='lat' dir='ltr'><strong>tantam</strong></span> <span class='ocrx_word' id='word_1_544' title='bbox 2793 824 3039 878; x_wconf 85' lang='lat' dir='ltr'><strong>virtutem</strong></span> <span class='ocrx_word' id='word_1_545' title='bbox 3067 839 3170 878; x_wconf 91' lang='lat' dir='ltr'><strong>non</strong></span> <span class='ocrx_word' id='word_1_546' title='bbox 3193 825 3349 880; x_wconf 85' lang='lat' dir='ltr'><strong>habet</strong></span> <span class='ocrx_word' id='word_1_547' title='bbox 3370 827 3561 893; x_wconf 83' lang='lat' dir='ltr'><strong>oratio,</strong></span> 
     </span>
    </p>
   </div>
   <div class='ocr_carea' id='block_1_68' title="bbox 1986 908 3559 983">
    <p class='ocr_par' dir='ltr' id='par_1_68' title="bbox 1986 908 3559 983">
     <span class='ocr_line' id='line_1_68' title="bbox 1986 908 3559 983; baseline 0.007 -24"><span class='ocrx_word' id='word_1_548' title='bbox 1986 921 2143 975; x_wconf 89' lang='lat' dir='ltr'><strong>quam</strong></span> <span class='ocrx_word' id='word_1_549' title='bbox 2169 908 2255 963; x_wconf 90' lang='lat' dir='ltr'><strong>ubi</strong></span> <span class='ocrx_word' id='word_1_550' title='bbox 2279 924 2398 963; x_wconf 88' lang='lat' dir='ltr'><strong>cum</strong></span> <span class='ocrx_word' id='word_1_551' title='bbox 2430 913 2655 981; x_wconf 87' lang='lat' dir='ltr'><strong>propriis</strong></span> <span class='ocrx_word' id='word_1_552' title='bbox 2678 914 2930 969; x_wconf 89' lang='lat' dir='ltr'><strong>membris</strong></span> <span class='ocrx_word' id='word_1_553' title='bbox 2954 913 3011 967; x_wconf 81' lang='lat' dir='ltr'><strong>ﬁt</strong></span> <span class='ocrx_word' id='word_1_554' title='bbox 3028 956 3045 981; x_wconf 93' lang='lat'><strong>,</strong></span> <span class='ocrx_word' id='word_1_555' title='bbox 3067 929 3222 983; x_wconf 90' lang='lat' dir='ltr'><strong>quam</strong></span> <span class='ocrx_word' id='word_1_556' title='bbox 3248 930 3366 971; x_wconf 90' lang='lat' dir='ltr'><strong>cum</strong></span> <span class='ocrx_word' id='word_1_557' title='bbox 3392 925 3559 970; x_wconf 90' lang='lat' dir='ltr'><strong>totum</strong></span> 
     </span>
    </p>
   </div>
   <div class='ocr_carea' id='block_1_69' title="bbox 1984 998 3559 1074">
    <p class='ocr_par' dir='ltr' id='par_1_69' title="bbox 1984 998 3559 1074">
     <span class='ocr_line' id='line_1_69' title="bbox 1984 998 3559 1074; baseline 0.006 -24"><span class='ocrx_word' id='word_1_558' title='bbox 1984 1011 2178 1066; x_wconf 87' lang='lat' dir='ltr'><strong>corpus</strong></span> <span class='ocrx_word' id='word_1_559' title='bbox 2219 998 2469 1054; x_wconf 69' lang='lat' dir='ltr'><strong>Ecclesiae</strong></span> <span class='ocrx_word' id='word_1_560' title='bbox 2512 1002 2833 1056; x_wconf 89' lang='lat' dir='ltr'><strong>unanimiter</strong></span> <span class='ocrx_word' id='word_1_561' title='bbox 2868 1012 2923 1057; x_wconf 92' lang='lat' dir='ltr'><strong>et</strong></span> <span class='ocrx_word' id='word_1_562' title='bbox 2949 1020 3050 1058; x_wconf 90' lang='lat' dir='ltr'><strong>una</strong></span> <span class='ocrx_word' id='word_1_563' title='bbox 3074 1019 3202 1060; x_wconf 90' lang='lat' dir='ltr'><strong>voce</strong></span> <span class='ocrx_word' id='word_1_564' title='bbox 3227 1021 3410 1074; x_wconf 87' lang='lat' dir='ltr'><strong>preces</strong></span> <span class='ocrx_word' id='word_1_565' title='bbox 3436 1006 3559 1060; x_wconf 83' lang='lat' dir='ltr'><strong>fun-</strong></span> 
     </span>
    </p>
   </div>
   <div class='ocr_carea' id='block_1_70' title="bbox 1985 1086 3558 1161">
    <p class='ocr_par' dir='ltr' id='par_1_70' title="bbox 1985 1086 3558 1161">
     <span class='ocr_line' id='line_1_70' title="bbox 1985 1086 3558 1161; baseline 0.006 -20"><span class='ocrx_word' id='word_1_566' title='bbox 1985 1086 2063 1142; x_wconf 90' lang='lat' dir='ltr'><strong>dit</strong></span> <span class='ocrx_word' id='word_1_567' title='bbox 2087 1127 2103 1152; x_wconf 97' lang='lat'><strong>,</strong></span> <span class='ocrx_word' id='word_1_568' title='bbox 2152 1089 2511 1145; x_wconf 84' lang='lat' dir='ltr'><strong>sacerdotibus</strong></span> <span class='ocrx_word' id='word_1_569' title='bbox 2553 1092 2935 1161; x_wconf 70' lang='lat' dir='ltr'><strong>praesentibus,</strong></span> <span class='ocrx_word' id='word_1_570' title='bbox 2974 1109 3038 1149; x_wconf 88' lang='lat' dir='ltr'><strong>ac</strong></span> <span class='ocrx_word' id='word_1_571' title='bbox 3077 1095 3238 1151; x_wconf 88' lang='lat' dir='ltr'><strong>verba</strong></span> <span class='ocrx_word' id='word_1_572' title='bbox 3262 1097 3558 1150; x_wconf 87' lang='lat' dir='ltr'><strong>communis</strong></span> 
     </span>
    </p>
   </div>
   <div class='ocr_carea' id='block_1_71' title="bbox 1984 1180 2539 1236">
    <p class='ocr_par' dir='ltr' id='par_1_71' title="bbox 1984 1180 2539 1236">
     <span class='ocr_line' id='line_1_71' title="bbox 1984 1180 2539 1236; baseline 0.009 -6"><span class='ocrx_word' id='word_1_573' title='bbox 1984 1187 2152 1231; x_wconf 70' lang='lat' dir='ltr'><strong>cintus</strong></span> <span class='ocrx_word' id='word_1_574' title='bbox 2174 1180 2539 1236; x_wconf 72' lang='lat' dir='ltr'><strong>offerentibus.</strong></span> 
     </span>
    </p>
   </div>
   <div class='ocr_carea' id='block_1_72' title="bbox 2052 1268 3546 1345">
    <p class='ocr_par' dir='ltr' id='par_1_72' title="bbox 2052 1268 3546 1345">
     <span class='ocr_line' id='line_1_72' title="bbox 2052 1268 3546 1345; baseline 0.007 -23"><span class='ocrx_word' id='word_1_575' title='bbox 2052 1268 2104 1322; x_wconf 89' lang='lat'><strong>5.</strong></span> <span class='ocrx_word' id='word_1_576' title='bbox 2139 1269 2296 1325; x_wconf 79' lang='lat' dir='ltr'><strong>Visne</strong></span> <span class='ocrx_word' id='word_1_577' title='bbox 2320 1273 2525 1327; x_wconf 88' lang='lat' dir='ltr'><strong>discere</strong></span> <span class='ocrx_word' id='word_1_578' title='bbox 2550 1283 2743 1343; x_wconf 89' lang='lat' dir='ltr'><strong>quanta</strong></span> <span class='ocrx_word' id='word_1_579' title='bbox 2771 1275 2841 1329; x_wconf 89' lang='lat' dir='ltr'><strong>sit</strong></span> <span class='ocrx_word' id='word_1_580' title='bbox 2863 1275 3029 1329; x_wconf 87' lang='lat' dir='ltr'><strong>virtus</strong></span> <span class='ocrx_word' id='word_1_581' title='bbox 3056 1276 3327 1341; x_wconf 86' lang='lat' dir='ltr'><strong>orationis,</strong></span> <span class='ocrx_word' id='word_1_582' title='bbox 3349 1293 3465 1345; x_wconf 76' lang='lat' dir='ltr'><strong>qua:</strong></span> <span class='ocrx_word' id='word_1_583' title='bbox 3494 1279 3546 1332; x_wconf 89' lang='lat' dir='ltr'><strong>in</strong></span> 
     </span>
    </p>
   </div>
   <div class='ocr_carea' id='block_1_73' title="bbox 1979 1358 3550 1433">
    <p class='ocr_par' dir='ltr' id='par_1_73' title="bbox 1979 1358 3550 1433">
     <span class='ocr_line' id='line_1_73' title="bbox 1979 1358 3550 1433; baseline 0.008 -24"><span class='ocrx_word' id='word_1_584' title='bbox 1979 1358 2201 1413; x_wconf 87' lang='lat' dir='ltr'><strong>ecclesia</strong></span> <span class='ocrx_word' id='word_1_585' title='bbox 2247 1362 2339 1414; x_wconf 88' lang='lat' dir='ltr'><strong>lit?</strong></span> <span class='ocrx_word' id='word_1_586' title='bbox 2366 1361 2581 1417; x_wconf 84' lang='lat' dir='ltr'><strong>Vinetus</strong></span> <span class='ocrx_word' id='word_1_587' title='bbox 2625 1373 2740 1417; x_wconf 89' lang='lat' dir='ltr'><strong>erat</strong></span> <span class='ocrx_word' id='word_1_588' title='bbox 2790 1364 3074 1433; x_wconf 86' lang='lat' dir='ltr'><strong>aliquando</strong></span> <span class='ocrx_word' id='word_1_589' title='bbox 3099 1365 3284 1419; x_wconf 85' lang='lat' dir='ltr'><strong>Petrus</strong></span> <span class='ocrx_word' id='word_1_590' title='bbox 3330 1367 3382 1420; x_wconf 89' lang='lat' dir='ltr'><strong>in</strong></span> <span class='ocrx_word' id='word_1_591' title='bbox 3430 1383 3550 1422; x_wconf 88' lang='lat' dir='ltr'><strong>car—</strong></span> 
     </span>
    </p>
   </div>
   <div class='ocr_carea' id='block_1_74' title="bbox 1980 1452 3550 1511">
    <p class='ocr_par' dir='ltr' id='par_1_74' title="bbox 1980 1452 3550 1511">
     <span class='ocr_line' id='line_1_74' title="bbox 1980 1452 3550 1511; baseline 0.007 -13"><span class='ocrx_word' id='word_1_592' title='bbox 1980 1460 2138 1511; x_wconf 85' lang='lat' dir='ltr'><strong>cere,</strong></span> <span class='ocrx_word' id='word_1_593' title='bbox 2191 1463 2253 1502; x_wconf 92' lang='lat' dir='ltr'><strong>ac</strong></span> <span class='ocrx_word' id='word_1_594' title='bbox 2290 1452 2466 1506; x_wconf 91' lang='lat' dir='ltr'><strong>multis</strong></span> <span class='ocrx_word' id='word_1_595' title='bbox 2495 1453 2697 1507; x_wconf 89' lang='lat' dir='ltr'><strong>catenis</strong></span> <span class='ocrx_word' id='word_1_596' title='bbox 2738 1453 3131 1508; x_wconf 89' lang='lat' dir='ltr'><strong>circumdatus:</strong></span> <span class='ocrx_word' id='word_1_597' title='bbox 3158 1454 3332 1509; x_wconf 84' lang='lat' dir='ltr'><strong>Oratio</strong></span> <span class='ocrx_word' id='word_1_598' title='bbox 3385 1468 3550 1510; x_wconf 82' lang='lat' dir='ltr'><strong>autent</strong></span> 
     </span>
    </p>
   </div>
   <div class='ocr_carea' id='block_1_75' title="bbox 1983 1535 3557 1615">
    <p class='ocr_par' dir='ltr' id='par_1_75' title="bbox 1983 1535 3557 1615">
     <span class='ocr_line' id='line_1_75' title="bbox 1983 1535 3557 1615; baseline 0.01 -29"><span class='ocrx_word' id='word_1_599' title='bbox 1983 1535 2129 1602; x_wconf 78' lang='lat' dir='ltr'><strong>ﬁebat</strong></span> <span class='ocrx_word' id='word_1_600' title='bbox 2156 1538 2263 1590; x_wconf 84' lang='lat' dir='ltr'><strong>sine</strong></span> <span class='ocrx_word' id='word_1_601' title='bbox 2284 1539 2643 1595; x_wconf 82' lang='lat' dir='ltr'><strong>intermissione</strong></span> <span class='ocrx_word' id='word_1_602' title='bbox 2662 1542 2723 1595; x_wconf 83' lang='lat' dir='ltr'><strong>ab</strong></span> <span class='ocrx_word' id='word_1_603' title='bbox 2747 1541 2972 1596; x_wconf 82' lang='lat' dir='ltr'><strong>Ecclesia</strong></span> <span class='ocrx_word' id='word_1_604' title='bbox 2996 1560 3086 1612; x_wconf 84' lang='lat' dir='ltr'><strong>pro</strong></span> <span class='ocrx_word' id='word_1_605' title='bbox 3112 1561 3167 1598; x_wconf 88' lang='lat' dir='ltr'><strong>eo</strong></span> <span class='ocrx_word' id='word_1_606' title='bbox 3197 1546 3332 1614; x_wconf 82' lang='lat' dir='ltr'><strong>(Act.</strong></span> <span class='ocrx_word' id='word_1_607' title='bbox 3361 1545 3446 1599; x_wconf 72' lang='grc'><strong>19..</strong></span> <span class='ocrx_word' id='word_1_608' title='bbox 3473 1545 3557 1615; x_wconf 84' lang='grc'><strong>5),</strong></span> 
     </span>
    </p>
   </div>
   <div class='ocr_carea' id='block_1_76' title="bbox 1980 1630 3554 1706">
    <p class='ocr_par' dir='ltr' id='par_1_76' title="bbox 1980 1630 3554 1706">
     <span class='ocr_line' id='line_1_76' title="bbox 1980 1630 3554 1706; baseline 0.008 -27"><span class='ocrx_word' id='word_1_609' title='bbox 1980 1636 2035 1681; x_wconf 90' lang='lat' dir='ltr'><strong>et</strong></span> <span class='ocrx_word' id='word_1_610' title='bbox 2075 1630 2352 1683; x_wconf 85' lang='lat' dir='ltr'><strong>confestim</strong></span> <span class='ocrx_word' id='word_1_611' title='bbox 2386 1632 2530 1685; x_wconf 91' lang='lat' dir='ltr'><strong>illum</strong></span> <span class='ocrx_word' id='word_1_612' title='bbox 2558 1633 2740 1687; x_wconf 86' lang='lat' dir='ltr'><strong>eduxit</strong></span> <span class='ocrx_word' id='word_1_613' title='bbox 2767 1650 2797 1689; x_wconf 89' lang='lat' dir='ltr'><strong>e</strong></span> <span class='ocrx_word' id='word_1_614' title='bbox 2826 1650 3060 1690; x_wconf 90' lang='lat' dir='ltr'><strong>carcere.</strong></span> <span class='ocrx_word' id='word_1_615' title='bbox 3103 1636 3239 1703; x_wconf 85' lang='lat' dir='ltr'><strong>Quid</strong></span> <span class='ocrx_word' id='word_1_616' title='bbox 3271 1637 3424 1706; x_wconf 87' lang='lat' dir='ltr'><strong>igitur</strong></span> <span class='ocrx_word' id='word_1_617' title='bbox 3454 1637 3554 1692; x_wconf 87' lang='lat' dir='ltr'><strong>hac</strong></span> 
     </span>
    </p>
   </div>
   <div class='ocr_carea' id='block_1_77' title="bbox 1979 1720 3551 1794">
    <p class='ocr_par' dir='ltr' id='par_1_77' title="bbox 1979 1720 3551 1794">
     <span class='ocr_line' id='line_1_77' title="bbox 1979 1720 3551 1794; baseline 0.009 -25"><span class='ocrx_word' id='word_1_618' title='bbox 1979 1722 2244 1786; x_wconf 91' lang='lat' dir='ltr'><strong>potentius</strong></span> <span class='ocrx_word' id='word_1_619' title='bbox 2280 1720 2389 1775; x_wconf 80' lang='lat' dir='ltr'><strong>fieri</strong></span> <span class='ocrx_word' id='word_1_620' title='bbox 2430 1732 2586 1789; x_wconf 85' lang='lat' dir='ltr'><strong>queat</strong></span> <span class='ocrx_word' id='word_1_621' title='bbox 2616 1725 2891 1788; x_wconf 87' lang='lat' dir='ltr'><strong>oratione,</strong></span> <span class='ocrx_word' id='word_1_622' title='bbox 2939 1741 3057 1794; x_wconf 70' lang='lat' dir='ltr'><strong>qua:</strong></span> <span class='ocrx_word' id='word_1_623' title='bbox 3100 1727 3166 1780; x_wconf 87' lang='lat' dir='ltr'><strong>de</strong></span> <span class='ocrx_word' id='word_1_624' title='bbox 3208 1728 3462 1781; x_wconf 85' lang='lat' dir='ltr'><strong>columnis</strong></span> <span class='ocrx_word' id='word_1_625' title='bbox 3488 1743 3551 1783; x_wconf 91' lang='lat' dir='ltr'><strong>ac</strong></span> 
     </span>
    </p>
   </div>
   <div class='ocr_carea' id='block_1_78' title="bbox 1978 1810 3550 1873">
    <p class='ocr_par' dir='ltr' id='par_1_78' title="bbox 1978 1810 3550 1873">
     <span class='ocr_line' id='line_1_78' title="bbox 1978 1810 3550 1873; baseline 0.006 -11"><span class='ocrx_word' id='word_1_626' title='bbox 1978 1811 2209 1865; x_wconf 84' lang='lat' dir='ltr'><strong>turribus</strong></span> <span class='ocrx_word' id='word_1_627' title='bbox 2242 1810 2497 1867; x_wconf 63' lang='lat' dir='ltr'><strong>Ecclesiae</strong></span> <span class='ocrx_word' id='word_1_628' title='bbox 2540 1813 2675 1869; x_wconf 88' lang='lat' dir='ltr'><strong>bene</strong></span> <span class='ocrx_word' id='word_1_629' title='bbox 2711 1816 2900 1870; x_wconf 89' lang='lat' dir='ltr'><strong>merita</strong></span> <span class='ocrx_word' id='word_1_630' title='bbox 2945 1816 3063 1871; x_wconf 84' lang='lat' dir='ltr'><strong>est?</strong></span> <span class='ocrx_word' id='word_1_631' title='bbox 3090 1817 3278 1872; x_wconf 86' lang='lat' dir='ltr'><strong>Paulus</strong></span> <span class='ocrx_word' id='word_1_632' title='bbox 3316 1819 3454 1871; x_wconf 89' lang='lat' dir='ltr'><strong>enim</strong></span> <span class='ocrx_word' id='word_1_633' title='bbox 3494 1828 3550 1873; x_wconf 91' lang='lat' dir='ltr'><strong>et</strong></span> 
     </span>
    </p>
   </div>
   <div class='ocr_carea' id='block_1_79' title="bbox 1978 1902 3547 1980">
    <p class='ocr_par' dir='ltr' id='par_1_79' title="bbox 1978 1902 3547 1980">
     <span class='ocr_line' id='line_1_79' title="bbox 1978 1902 3547 1980; baseline 0.006 -24"><span class='ocrx_word' id='word_1_634' title='bbox 1978 1902 2165 1957; x_wconf 83' lang='lat' dir='ltr'><strong>Petrus</strong></span> <span class='ocrx_word' id='word_1_635' title='bbox 2191 1913 2365 1958; x_wconf 90' lang='lat' dir='ltr'><strong>turres</strong></span> <span class='ocrx_word' id='word_1_636' title='bbox 2389 1914 2538 1959; x_wconf 91' lang='lat' dir='ltr'><strong>erant</strong></span> <span class='ocrx_word' id='word_1_637' title='bbox 2564 1916 2617 1961; x_wconf 92' lang='lat' dir='ltr'><strong>et</strong></span> <span class='ocrx_word' id='word_1_638' title='bbox 2640 1908 2899 1963; x_wconf 76' lang='lat' dir='ltr'><strong>columna:</strong></span> <span class='ocrx_word' id='word_1_639' title='bbox 2916 1908 3187 1975; x_wconf 70' lang='lat' dir='ltr'><strong>Ecclesite,</strong></span> <span class='ocrx_word' id='word_1_640' title='bbox 3213 1920 3368 1979; x_wconf 87' lang='lat' dir='ltr'><strong>atque</strong></span> <span class='ocrx_word' id='word_1_641' title='bbox 3392 1911 3547 1980; x_wconf 88' lang='lat' dir='ltr'><strong>hujus</strong></span> 
     </span>
    </p>
   </div>
   <div class='ocr_carea' id='block_1_80' title="bbox 1974 1993 3545 2069">
    <p class='ocr_par' dir='ltr' id='par_1_80' title="bbox 1974 1993 3545 2069">
     <span class='ocr_line' id='line_1_80' title="bbox 1974 1993 3545 2069; baseline 0.008 -24"><span class='ocrx_word' id='word_1_642' title='bbox 1974 1993 2186 2062; x_wconf 87' lang='lat' dir='ltr'><strong>quidem</strong></span> <span class='ocrx_word' id='word_1_643' title='bbox 2215 1994 2416 2049; x_wconf 90' lang='lat' dir='ltr'><strong>vincula</strong></span> <span class='ocrx_word' id='word_1_644' title='bbox 2443 1997 2618 2061; x_wconf 86' lang='lat' dir='ltr'><strong>solvit,</strong></span> <span class='ocrx_word' id='word_1_645' title='bbox 2647 2000 2784 2054; x_wconf 77' lang='lat' dir='ltr'><strong>illius</strong></span> <span class='ocrx_word' id='word_1_646' title='bbox 2811 2010 2986 2053; x_wconf 88' lang='lat' dir='ltr'><strong>autem</strong></span> <span class='ocrx_word' id='word_1_647' title='bbox 3014 2015 3075 2054; x_wconf 90' lang='lat' dir='ltr'><strong>os</strong></span> <span class='ocrx_word' id='word_1_648' title='bbox 3102 2003 3328 2069; x_wconf 89' lang='lat' dir='ltr'><strong>aperuit.</strong></span> <span class='ocrx_word' id='word_1_649' title='bbox 3356 2003 3460 2057; x_wconf 88' lang='lat' dir='ltr'><strong>Sed</strong></span> <span class='ocrx_word' id='word_1_650' title='bbox 3488 2015 3545 2059; x_wconf 90' lang='lat' dir='ltr'><strong>ut</strong></span> 
     </span>
    </p>
   </div>
   <div class='ocr_carea' id='block_1_81' title="bbox 1976 2085 3544 2156">
    <p class='ocr_par' dir='ltr' id='par_1_81' title="bbox 1976 2085 3544 2156">
     <span class='ocr_line' id='line_1_81' title="bbox 1976 2085 3544 2156; baseline 0.009 -21"><span class='ocrx_word' id='word_1_651' title='bbox 1976 2098 2079 2137; x_wconf 92' lang='lat' dir='ltr'><strong>non</strong></span> <span class='ocrx_word' id='word_1_652' title='bbox 2110 2085 2279 2138; x_wconf 86' lang='lat' dir='ltr'><strong>solum</strong></span> <span class='ocrx_word' id='word_1_653' title='bbox 2310 2100 2373 2139; x_wconf 81' lang='lat' dir='ltr'><strong>ex</strong></span> <span class='ocrx_word' id='word_1_654' title='bbox 2406 2086 2499 2148; x_wconf 87' lang='lat' dir='ltr'><strong>iis,</strong></span> <span class='ocrx_word' id='word_1_655' title='bbox 2532 2103 2650 2156; x_wconf 79' lang='lat' dir='ltr'><strong>qua:</strong></span> <span class='ocrx_word' id='word_1_656' title='bbox 2678 2100 2788 2143; x_wconf 89' lang='lat' dir='ltr'><strong>tum</strong></span> <span class='ocrx_word' id='word_1_657' title='bbox 2817 2090 3140 2153; x_wconf 90' lang='lat' dir='ltr'><strong>acciderunt,</strong></span> <span class='ocrx_word' id='word_1_658' title='bbox 3172 2091 3264 2144; x_wconf 89' lang='lat' dir='ltr'><strong>sed</strong></span> <span class='ocrx_word' id='word_1_659' title='bbox 3293 2092 3452 2148; x_wconf 89' lang='lat' dir='ltr'><strong>etiam</strong></span> <span class='ocrx_word' id='word_1_660' title='bbox 3477 2109 3544 2149; x_wconf 83' lang='lat' dir='ltr'><strong>ex</strong></span> 
     </span>
    </p>
   </div>
   <div class='ocr_carea' id='block_1_82' title="bbox 1973 2173 3544 2253">
    <p class='ocr_par' dir='ltr' id='par_1_82' title="bbox 1973 2173 3544 2253">
     <span class='ocr_line' id='line_1_82' title="bbox 1973 2173 3544 2253; baseline 0.009 -26"><span class='ocrx_word' id='word_1_661' title='bbox 1973 2173 2057 2239; x_wconf 82' lang='lat' dir='ltr'><strong>iis,</strong></span> <span class='ocrx_word' id='word_1_662' title='bbox 2089 2191 2207 2244; x_wconf 77' lang='lat' dir='ltr'><strong>qua:</strong></span> <span class='ocrx_word' id='word_1_663' title='bbox 2245 2176 2469 2247; x_wconf 86' lang='lat' dir='ltr'><strong>singulis</strong></span> <span class='ocrx_word' id='word_1_664' title='bbox 2512 2179 2700 2235; x_wconf 87' lang='lat' dir='ltr'><strong>diebus</strong></span> <span class='ocrx_word' id='word_1_665' title='bbox 2743 2182 3116 2249; x_wconf 78' lang='lat' dir='ltr'><strong>perficiuntur,</strong></span> <span class='ocrx_word' id='word_1_666' title='bbox 3144 2182 3404 2251; x_wconf 89' lang='lat' dir='ltr'><strong>duplicem</strong></span> <span class='ocrx_word' id='word_1_667' title='bbox 3429 2185 3544 2253; x_wconf 86' lang='lat' dir='ltr'><strong>ejus</strong></span> 
     </span>
    </p>
   </div>
   <div class='ocr_carea' id='block_1_83' title="bbox 1977 2266 3544 2344">
    <p class='ocr_par' dir='ltr' id='par_1_83' title="bbox 1977 2266 3544 2344">
     <span class='ocr_line' id='line_1_83' title="bbox 1977 2266 3544 2344; baseline 0.009 -27"><span class='ocrx_word' id='word_1_668' title='bbox 1977 2266 2223 2321; x_wconf 85' lang='lat' dir='ltr'><strong>virtutem</strong></span> <span class='ocrx_word' id='word_1_669' title='bbox 2241 2267 2683 2336; x_wconf 88' lang='lat' dir='ltr'><strong>demonstremus,</strong></span> <span class='ocrx_word' id='word_1_670' title='bbox 2703 2271 2957 2325; x_wconf 89' lang='lat' dir='ltr'><strong>orationis</strong></span> <span class='ocrx_word' id='word_1_671' title='bbox 2984 2272 3147 2341; x_wconf 83' lang='lat' dir='ltr'><strong>ipsius</strong></span> <span class='ocrx_word' id='word_1_672' title='bbox 3161 2290 3278 2343; x_wconf 60' lang='lat' dir='ltr'><strong>qua</strong></span> <span class='ocrx_word' id='word_1_673' title='bbox 3297 2289 3326 2328; x_wconf 89' lang='lat' dir='ltr'><strong>a</strong></span> <span class='ocrx_word' id='word_1_674' title='bbox 3353 2278 3544 2344; x_wconf 84' lang='lat' dir='ltr'><strong>pepulo</strong></span> 
     </span>
    </p>
   </div>
   <div class='ocr_carea' id='block_1_84' title="bbox 1972 2356 3541 2436">
    <p class='ocr_par' dir='ltr' id='par_1_84' title="bbox 1972 2356 3541 2436">
     <span class='ocr_line' id='line_1_84' title="bbox 1972 2356 3541 2436; baseline 0.01 -28"><span class='ocrx_word' id='word_1_675' title='bbox 1972 2356 2027 2410; x_wconf 82' lang='lat' dir='ltr'><strong>lit</strong></span> <span class='ocrx_word' id='word_1_676' title='bbox 2061 2358 2207 2412; x_wconf 86' lang='lat' dir='ltr'><strong>vobis</strong></span> <span class='ocrx_word' id='word_1_677' title='bbox 2233 2361 2542 2414; x_wconf 84' lang='lat' dir='ltr'><strong>memoriam</strong></span> <span class='ocrx_word' id='word_1_678' title='bbox 2573 2362 2901 2417; x_wconf 89' lang='lat' dir='ltr'><strong>refricemus.</strong></span> <span class='ocrx_word' id='word_1_679' title='bbox 2934 2363 3259 2433; x_wconf 79' lang='lat' dir='ltr'><strong>Quamquam</strong></span> <span class='ocrx_word' id='word_1_680' title='bbox 3291 2366 3335 2421; x_wconf 90' lang='lat' dir='ltr'><strong>si</strong></span> <span class='ocrx_word' id='word_1_681' title='bbox 3365 2368 3481 2436; x_wconf 90' lang='lat' dir='ltr'><strong>quis</strong></span> <span class='ocrx_word' id='word_1_682' title='bbox 3510 2384 3541 2422; x_wconf 93' lang='lat' dir='ltr'><strong>e</strong></span> 
     </span>
    </p>
   </div>
   <div class='ocr_carea' id='block_1_85' title="bbox 1970 2446 3536 2527">
    <p class='ocr_par' dir='ltr' id='par_1_85' title="bbox 1970 2446 3536 2527">
     <span class='ocr_line' id='line_1_85' title="bbox 1970 2446 3536 2527; baseline 0.011 -31"><span class='ocrx_word' id='word_1_683' title='bbox 1970 2446 2123 2515; x_wconf 82' lang='lat' dir='ltr'><strong>vulgo</strong></span> <span class='ocrx_word' id='word_1_684' title='bbox 2148 2448 2300 2502; x_wconf 88' lang='lat' dir='ltr'><strong>vobis</strong></span> <span class='ocrx_word' id='word_1_685' title='bbox 2327 2450 2631 2519; x_wconf 87' lang='lat' dir='ltr'><strong>imperaret,</strong></span> <span class='ocrx_word' id='word_1_686' title='bbox 2663 2460 2722 2505; x_wconf 92' lang='lat' dir='ltr'><strong>ut</strong></span> <span class='ocrx_word' id='word_1_687' title='bbox 2748 2452 2937 2522; x_wconf 85' lang='lat' dir='ltr'><strong>singuli</strong></span> <span class='ocrx_word' id='word_1_688' title='bbox 2966 2467 3029 2507; x_wconf 90' lang='lat' dir='ltr'><strong>ac</strong></span> <span class='ocrx_word' id='word_1_689' title='bbox 3056 2455 3152 2509; x_wconf 89' lang='lat' dir='ltr'><strong>soli</strong></span> <span class='ocrx_word' id='word_1_690' title='bbox 3182 2470 3278 2524; x_wconf 90' lang='lat' dir='ltr'><strong>pro</strong></span> <span class='ocrx_word' id='word_1_691' title='bbox 3306 2457 3536 2527; x_wconf 87' lang='lat' dir='ltr'><strong>episcopi</strong></span> 
     </span>
    </p>
   </div>
   <div class='ocr_carea' id='block_1_86' title="bbox 1967 2536 3538 2619">
    <p class='ocr_par' dir='ltr' id='par_1_86' title="bbox 1967 2536 3538 2619">
     <span class='ocr_line' id='line_1_86' title="bbox 1967 2536 3538 2619; baseline 0.009 -30"><span class='ocrx_word' id='word_1_692' title='bbox 1967 2536 2138 2591; x_wconf 86' lang='lat' dir='ltr'><strong>salute</strong></span> <span class='ocrx_word' id='word_1_693' title='bbox 2180 2540 2421 2603; x_wconf 88' lang='lat' dir='ltr'><strong>oraretis,</strong></span> <span class='ocrx_word' id='word_1_694' title='bbox 2466 2542 2825 2613; x_wconf 88' lang='lat' dir='ltr'><strong>unusquisque</strong></span> <span class='ocrx_word' id='word_1_695' title='bbox 2871 2558 2991 2599; x_wconf 88' lang='lat' dir='ltr'><strong>sese</strong></span> <span class='ocrx_word' id='word_1_696' title='bbox 3034 2557 3329 2613; x_wconf 85' lang='lat' dir='ltr'><strong>excusaret,</strong></span> <span class='ocrx_word' id='word_1_697' title='bbox 3380 2560 3538 2619; x_wconf 87' lang='lat' dir='ltr'><strong>atque</strong></span> 
     </span>
    </p>
   </div>
   <div class='ocr_carea' id='block_1_87' title="bbox 1968 2626 3537 2702">
    <p class='ocr_par' dir='ltr' id='par_1_87' title="bbox 1968 2626 3537 2702">
     <span class='ocr_line' id='line_1_87' title="bbox 1968 2626 3537 2702; baseline 0.008 -22"><span class='ocrx_word' id='word_1_698' title='bbox 1968 2626 2068 2681; x_wconf 91' lang='lat' dir='ltr'><strong>hoc</strong></span> <span class='ocrx_word' id='word_1_699' title='bbox 2105 2638 2372 2699; x_wconf 88' lang='lat' dir='ltr'><strong>tamquam</strong></span> <span class='ocrx_word' id='word_1_700' title='bbox 2412 2646 2546 2687; x_wconf 91' lang='lat' dir='ltr'><strong>onus</strong></span> <span class='ocrx_word' id='word_1_701' title='bbox 2575 2634 2777 2688; x_wconf 88' lang='lat' dir='ltr'><strong>viribus</strong></span> <span class='ocrx_word' id='word_1_702' title='bbox 2806 2635 2917 2687; x_wconf 91' lang='lat' dir='ltr'><strong>suis</strong></span> <span class='ocrx_word' id='word_1_703' title='bbox 2946 2635 3118 2702; x_wconf 88' lang='lat' dir='ltr'><strong>majus</strong></span> <span class='ocrx_word' id='word_1_704' title='bbox 3147 2651 3177 2689; x_wconf 92' lang='lat' dir='ltr'><strong>a</strong></span> <span class='ocrx_word' id='word_1_705' title='bbox 3205 2651 3263 2690; x_wconf 89' lang='lat' dir='ltr'><strong>se</strong></span> <span class='ocrx_word' id='word_1_706' title='bbox 3287 2638 3537 2692; x_wconf 86' lang='lat' dir='ltr'><strong>amolire-</strong></span> 
     </span>
    </p>
   </div>
   <div class='ocr_carea' id='block_1_88' title="bbox 1970 2719 3537 2781">
    <p class='ocr_par' dir='ltr' id='par_1_88' title="bbox 1970 2719 3537 2781">
     <span class='ocr_line' id='line_1_88' title="bbox 1970 2719 3537 2781; baseline 0.007 -10"><span class='ocrx_word' id='word_1_707' title='bbox 1970 2727 2055 2772; x_wconf 90' lang='lat' dir='ltr'><strong>tur</strong></span> <span class='ocrx_word' id='word_1_708' title='bbox 2078 2736 2091 2771; x_wconf 91' lang='lat'>:</span> <span class='ocrx_word' id='word_1_709' title='bbox 2115 2719 2239 2773; x_wconf 90' lang='lat' dir='ltr'><strong>dum</strong></span> <span class='ocrx_word' id='word_1_710' title='bbox 2268 2736 2394 2775; x_wconf 87' lang='lat' dir='ltr'><strong>vero</strong></span> <span class='ocrx_word' id='word_1_711' title='bbox 2417 2724 2773 2777; x_wconf 88' lang='lat' dir='ltr'><strong>connnunitcr</strong></span> <span class='ocrx_word' id='word_1_712' title='bbox 2794 2738 2979 2778; x_wconf 89' lang='lat' dir='ltr'><strong>omnes</strong></span> <span class='ocrx_word' id='word_1_713' title='bbox 3005 2725 3211 2780; x_wconf 90' lang='lat' dir='ltr'><strong>diaconi</strong></span> <span class='ocrx_word' id='word_1_714' title='bbox 3238 2742 3420 2781; x_wconf 90' lang='lat' dir='ltr'><strong>vocem</strong></span> <span class='ocrx_word' id='word_1_715' title='bbox 3442 2744 3537 2781; x_wconf 90' lang='lat' dir='ltr'><strong>au-</strong></span> 
     </span>
    </p>
   </div>
   <div class='ocr_carea' id='block_1_89' title="bbox 1962 2807 3519 2887">
    <p class='ocr_par' dir='ltr' id='par_1_89' title="bbox 1962 2807 3519 2887">
     <span class='ocr_line' id='line_1_89' title="bbox 1962 2807 3519 2887; baseline 0.006 -26"><span class='ocrx_word' id='word_1_716' title='bbox 1962 2807 2085 2862; x_wconf 92' lang='lat' dir='ltr'><strong>ditis</strong></span> <span class='ocrx_word' id='word_1_717' title='bbox 2111 2808 2159 2862; x_wconf 89' lang='lat' dir='ltr'><strong>id</strong></span> <span class='ocrx_word' id='word_1_718' title='bbox 2187 2810 2491 2877; x_wconf 84' lang='lat' dir='ltr'><strong>imperantis</strong></span> <span class='ocrx_word' id='word_1_719' title='bbox 2528 2826 2591 2866; x_wconf 91' lang='lat' dir='ltr'><strong>ac</strong></span> <span class='ocrx_word' id='word_1_720' title='bbox 2628 2812 2883 2875; x_wconf 87' lang='lat' dir='ltr'><strong>dicentis,</strong></span> <span class='ocrx_word' id='word_1_721' title='bbox 2917 2814 3126 2869; x_wconf 84' lang='lat' dir='ltr'><strong>Oremus</strong></span> <span class='ocrx_word' id='word_1_722' title='bbox 3151 2832 3242 2885; x_wconf 86' lang='lat' dir='ltr'><strong>pro</strong></span> <span class='ocrx_word' id='word_1_723' title='bbox 3268 2818 3519 2887; x_wconf 79' lang='lat' dir='ltr'><strong>episcopo,</strong></span> 
     </span>
    </p>
   </div>
   <div class='ocr_carea' id='block_1_90' title="bbox 1962 2903 3534 2974">
    <p class='ocr_par' dir='ltr' id='par_1_90' title="bbox 1962 2903 3534 2974">
     <span class='ocr_line' id='line_1_90' title="bbox 1962 2903 3534 2974; baseline 0.007 -24"><span class='ocrx_word' id='word_1_724' title='bbox 1962 2908 2009 2950; x_wconf 84' lang='lat' dir='ltr'><strong>et</strong></span> <span class='ocrx_word' id='word_1_725' title='bbox 2054 2908 2316 2963; x_wconf 74' lang='lat' dir='ltr'><strong>senectute,</strong></span> <span class='ocrx_word' id='word_1_726' title='bbox 2364 2917 2425 2954; x_wconf 87' lang='lat' dir='ltr'><strong>ac</strong></span> <span class='ocrx_word' id='word_1_727' title='bbox 2476 2903 2755 2971; x_wconf 81' lang='lat' dir='ltr'><strong>patrocinio</strong></span> <span class='ocrx_word' id='word_1_728' title='bbox 2795 2903 2893 2973; x_wconf 90' lang='lat' dir='ltr'><strong>(a),</strong></span> <span class='ocrx_word' id='word_1_729' title='bbox 2937 2914 3085 2974; x_wconf 85' lang='lat' dir='ltr'><strong>atque</strong></span> <span class='ocrx_word' id='word_1_730' title='bbox 3112 2916 3165 2958; x_wconf 87' lang='lat' dir='ltr'><strong>ut</strong></span> <span class='ocrx_word' id='word_1_731' title='bbox 3193 2916 3320 2960; x_wconf 86' lang='lat' dir='ltr'><strong>recte</strong></span> <span class='ocrx_word' id='word_1_732' title='bbox 3358 2917 3534 2961; x_wconf 83' lang='lat' dir='ltr'><strong>tractet</strong></span> 
     </span>
    </p>
   </div>
   <div class='ocr_carea' id='block_1_91' title="bbox 1962 2991 3533 3067">
    <p class='ocr_par' dir='ltr' id='par_1_91' title="bbox 1962 2991 3533 3067">
     <span class='ocr_line' id='line_1_91' title="bbox 1962 2991 3533 3067; baseline 0.008 -26"><span class='ocrx_word' id='word_1_733' title='bbox 1962 2991 2161 3043; x_wconf 78' lang='lat' dir='ltr'><strong>verbum</strong></span> <span class='ocrx_word' id='word_1_734' title='bbox 2187 2993 2405 3046; x_wconf 72' lang='lat' dir='ltr'><strong>veritatis</strong></span> <span class='ocrx_word' id='word_1_735' title='bbox 2428 3034 2440 3057; x_wconf 95' lang='lat'><strong>,</strong></span> <span class='ocrx_word' id='word_1_736' title='bbox 2476 3004 2519 3047; x_wconf 86' lang='lat' dir='ltr'><strong>et</strong></span> <span class='ocrx_word' id='word_1_737' title='bbox 2549 3012 2639 3064; x_wconf 87' lang='lat' dir='ltr'><strong>pro</strong></span> <span class='ocrx_word' id='word_1_738' title='bbox 2668 2995 2729 3049; x_wconf 83' lang='lat' dir='ltr'><strong>iis</strong></span> <span class='ocrx_word' id='word_1_739' title='bbox 2766 2996 2851 3065; x_wconf 84' lang='lat' dir='ltr'><strong>qui</strong></span> <span class='ocrx_word' id='word_1_740' title='bbox 2877 2996 2957 3050; x_wconf 81' lang='lat' dir='ltr'><strong>hic</strong></span> <span class='ocrx_word' id='word_1_741' title='bbox 2982 3006 3115 3063; x_wconf 86' lang='lat' dir='ltr'><strong>sunt,</strong></span> <span class='ocrx_word' id='word_1_742' title='bbox 3147 3007 3192 3049; x_wconf 88' lang='lat' dir='ltr'><strong>et</strong></span> <span class='ocrx_word' id='word_1_743' title='bbox 3220 2999 3400 3067; x_wconf 75' lang='lat' dir='ltr'><strong>ubique</strong></span> <span class='ocrx_word' id='word_1_744' title='bbox 3429 3009 3533 3053; x_wconf 87' lang='lat' dir='ltr'><strong>ter-</strong></span> 
     </span>
    </p>
   </div>
   <div class='ocr_carea' id='block_1_92' title="bbox 1959 3083 3528 3157">
    <p class='ocr_par' dir='ltr' id='par_1_92' title="bbox 1959 3083 3528 3157">
     <span class='ocr_line' id='line_1_92' title="bbox 1959 3083 3528 3157; baseline 0.008 -24"><span class='ocrx_word' id='word_1_745' title='bbox 1959 3097 2159 3145; x_wconf 76' lang='lat' dir='ltr'><strong>rerum,</strong></span> <span class='ocrx_word' id='word_1_746' title='bbox 2191 3083 2327 3151; x_wconf 92' lang='lat' dir='ltr'><strong>quod</strong></span> <span class='ocrx_word' id='word_1_747' title='bbox 2359 3084 2673 3153; x_wconf 85' lang='lat' dir='ltr'><strong>imperatum</strong></span> <span class='ocrx_word' id='word_1_748' title='bbox 2702 3096 2783 3141; x_wconf 91' lang='lat' dir='ltr'><strong>est</strong></span> <span class='ocrx_word' id='word_1_749' title='bbox 2810 3102 2966 3157; x_wconf 89' lang='lat' dir='ltr'><strong>agere</strong></span> <span class='ocrx_word' id='word_1_750' title='bbox 2996 3102 3099 3142; x_wconf 92' lang='lat' dir='ltr'><strong>non</strong></span> <span class='ocrx_word' id='word_1_751' title='bbox 3130 3091 3405 3154; x_wconf 74' lang='lat' dir='ltr'><strong>recusatis,</strong></span> <span class='ocrx_word' id='word_1_752' title='bbox 3435 3093 3528 3146; x_wconf 87' lang='lat' dir='ltr'><strong>sed</strong></span> 
     </span>
    </p>
   </div>
   <div class='ocr_carea' id='block_1_93' title="bbox 1959 3171 3527 3247">
    <p class='ocr_par' dir='ltr' id='par_1_93' title="bbox 1959 3171 3527 3247">
     <span class='ocr_line' id='line_1_93' title="bbox 1959 3171 3527 3247; baseline 0.007 -26"><span class='ocrx_word' id='word_1_753' title='bbox 1959 3184 2143 3238; x_wconf 86' lang='lat' dir='ltr'><strong>magna</strong></span> <span class='ocrx_word' id='word_1_754' title='bbox 2173 3171 2332 3225; x_wconf 89' lang='lat' dir='ltr'><strong>animi</strong></span> <span class='ocrx_word' id='word_1_755' title='bbox 2356 3174 2696 3229; x_wconf 90' lang='lat' dir='ltr'><strong>contentione</strong></span> <span class='ocrx_word' id='word_1_756' title='bbox 2718 3191 2902 3244; x_wconf 86' lang='lat' dir='ltr'><strong>preces</strong></span> <span class='ocrx_word' id='word_1_757' title='bbox 2924 3176 3141 3242; x_wconf 71' lang='lat' dir='ltr'><strong>oll‘ertis,</strong></span> <span class='ocrx_word' id='word_1_758' title='bbox 3170 3178 3309 3247; x_wconf 91' lang='lat' dir='ltr'><strong>quod</strong></span> <span class='ocrx_word' id='word_1_759' title='bbox 3335 3188 3527 3247; x_wconf 88' lang='lat' dir='ltr'><strong>quanta</strong></span> 
     </span>
    </p>
   </div>
   <div class='ocr_carea' id='block_1_94' title="bbox 1955 3261 3526 3340">
    <p class='ocr_par' dir='ltr' id='par_1_94' title="bbox 1955 3261 3526 3340">
     <span class='ocr_line' id='line_1_94' title="bbox 1955 3261 3526 3340; baseline 0.008 -28"><span class='ocrx_word' id='word_1_760' title='bbox 1955 3261 2022 3313; x_wconf 91' lang='lat' dir='ltr'><strong>sit</strong></span> <span class='ocrx_word' id='word_1_761' title='bbox 2045 3262 2121 3315; x_wconf 91' lang='lat' dir='ltr'><strong>vis</strong></span> <span class='ocrx_word' id='word_1_762' title='bbox 2143 3276 2430 3318; x_wconf 91' lang='lat' dir='ltr'><strong>concursus</strong></span> <span class='ocrx_word' id='word_1_763' title='bbox 2452 3267 2611 3319; x_wconf 82' lang='lat' dir='ltr'><strong>vestri</strong></span> <span class='ocrx_word' id='word_1_764' title='bbox 2640 3267 2802 3334; x_wconf 88' lang='lat' dir='ltr'><strong>probe</strong></span> <span class='ocrx_word' id='word_1_765' title='bbox 2830 3268 3153 3336; x_wconf 88' lang='lat' dir='ltr'><strong>intelligatis.</strong></span> <span class='ocrx_word' id='word_1_766' title='bbox 3178 3268 3378 3335; x_wconf 85' lang='lat' dir='ltr'><strong>Sciunt,</strong></span> <span class='ocrx_word' id='word_1_767' title='bbox 3402 3272 3526 3340; x_wconf 88' lang='lat' dir='ltr'><strong>quid</strong></span> 
     </span>
    </p>
   </div>
   <div class='ocr_carea' id='block_1_95' title="bbox 1956 3349 3526 3424">
    <p class='ocr_par' dir='ltr' id='par_1_95' title="bbox 1956 3349 3526 3424">
     <span class='ocr_line' id='line_1_95' title="bbox 1956 3349 3526 3424; baseline 0.008 -21"><span class='ocrx_word' id='word_1_768' title='bbox 1956 3349 2149 3417; x_wconf 85' lang='lat' dir='ltr'><strong>dicam,</strong></span> <span class='ocrx_word' id='word_1_769' title='bbox 2194 3352 2228 3405; x_wconf 94' lang='lat' dir='ltr'><strong>ii</strong></span> <span class='ocrx_word' id='word_1_770' title='bbox 2268 3354 2356 3421; x_wconf 92' lang='lat' dir='ltr'><strong>qui</strong></span> <span class='ocrx_word' id='word_1_771' title='bbox 2404 3355 2670 3424; x_wconf 89' lang='lat' dir='ltr'><strong>mysteriis</strong></span> <span class='ocrx_word' id='word_1_772' title='bbox 2712 3366 2837 3409; x_wconf 87' lang='lat' dir='ltr'><strong>sunt</strong></span> <span class='ocrx_word' id='word_1_773' title='bbox 2881 3357 3254 3412; x_wconf 72' lang='lat' dir='ltr'><strong>initiatimam</strong></span> <span class='ocrx_word' id='word_1_774' title='bbox 3301 3361 3526 3416; x_wconf 79' lang='lat' dir='ltr'><strong>orationi</strong></span> 
     </span>
    </p>
   </div>
   <div class='ocr_carea' id='block_1_96' title="bbox 1954 3440 3522 3518">
    <p class='ocr_par' dir='ltr' id='par_1_96' title="bbox 1954 3440 3522 3518">
     <span class='ocr_line' id='line_1_96' title="bbox 1954 3440 3522 3518; baseline 0.008 -27"><span class='ocrx_word' id='word_1_775' title='bbox 1954 3440 2449 3496; x_wconf 89' lang='lat' dir='ltr'><strong>catcclmmcnorum</strong></span> <span class='ocrx_word' id='word_1_776' title='bbox 2469 3444 2699 3499; x_wconf 89' lang='lat' dir='ltr'><strong>nondum</strong></span> <span class='ocrx_word' id='word_1_777' title='bbox 2728 3453 2811 3500; x_wconf 88' lang='lat' dir='ltr'><strong>est</strong></span> <span class='ocrx_word' id='word_1_778' title='bbox 2834 3446 2957 3499; x_wconf 89' lang='lat' dir='ltr'><strong>illud</strong></span> <span class='ocrx_word' id='word_1_779' title='bbox 2985 3448 3321 3515; x_wconf 91' lang='lat' dir='ltr'><strong>permissum,</strong></span> <span class='ocrx_word' id='word_1_780' title='bbox 3347 3464 3522 3518; x_wconf 80' lang='lat' dir='ltr'><strong>quan-</strong></span> 
     </span>
    </p>
   </div>
   <div class='ocr_carea' id='block_1_97' title="bbox 1952 3527 3525 3606">
    <p class='ocr_par' dir='ltr' id='par_1_97' title="bbox 1952 3527 3525 3606">
     <span class='ocr_line' id='line_1_97' title="bbox 1952 3527 3525 3606; baseline 0.008 -25"><span class='ocrx_word' id='word_1_781' title='bbox 1952 3527 2236 3598; x_wconf 90' lang='lat' dir='ltr'><strong>doquidem</strong></span> <span class='ocrx_word' id='word_1_782' title='bbox 2266 3532 2498 3586; x_wconf 90' lang='lat' dir='ltr'><strong>nondum</strong></span> <span class='ocrx_word' id='word_1_783' title='bbox 2543 3534 2608 3587; x_wconf 90' lang='lat' dir='ltr'><strong>ad</strong></span> <span class='ocrx_word' id='word_1_784' title='bbox 2648 3533 2782 3589; x_wconf 91' lang='lat' dir='ltr'><strong>hanc</strong></span> <span class='ocrx_word' id='word_1_785' title='bbox 2813 3534 3059 3603; x_wconf 87' lang='lat' dir='ltr'><strong>loquendi</strong></span> <span class='ocrx_word' id='word_1_786' title='bbox 3105 3536 3370 3591; x_wconf 88' lang='lat' dir='ltr'><strong>licentiam</strong></span> <span class='ocrx_word' id='word_1_787' title='bbox 3401 3553 3525 3606; x_wconf 90' lang='lat' dir='ltr'><strong>per-</strong></span> 
     </span>
    </p>
   </div>
   <div class='ocr_carea' id='block_1_98' title="bbox 1951 3628 3523 3698">
    <p class='ocr_par' dir='ltr' id='par_1_98' title="bbox 1951 3628 3523 3698">
     <span class='ocr_line' id='line_1_98' title="bbox 1951 3628 3523 3698; baseline 0.008 -27"><span class='ocrx_word' id='word_1_788' title='bbox 1951 3630 2243 3675; x_wconf 88' lang='lat' dir='ltr'><strong>venerunt:</strong></span> <span class='ocrx_word' id='word_1_789' title='bbox 2266 3637 2358 3677; x_wconf 68' lang='lat' dir='ltr'><strong>VOS</strong></span> <span class='ocrx_word' id='word_1_790' title='bbox 2394 3632 2569 3678; x_wconf 86' lang='lat' dir='ltr'><strong>autctn</strong></span> <span class='ocrx_word' id='word_1_791' title='bbox 2601 3634 2658 3678; x_wconf 88' lang='lat' dir='ltr'><strong>ut.</strong></span> <span class='ocrx_word' id='word_1_792' title='bbox 2687 3640 2780 3693; x_wconf 88' lang='lat' dir='ltr'><strong>pro</strong></span> <span class='ocrx_word' id='word_1_793' title='bbox 2812 3634 2923 3680; x_wconf 85' lang='grc' dir='ltr'><strong>ιοῑο</strong></span> <span class='ocrx_word' id='word_1_794' title='bbox 2955 3636 3216 3681; x_wconf 88' lang='lat' dir='ltr'><strong>terrarum</strong></span> <span class='ocrx_word' id='word_1_795' title='bbox 3249 3628 3398 3693; x_wconf 84' lang='lat' dir='ltr'><strong>orbe,</strong></span> <span class='ocrx_word' id='word_1_796' title='bbox 3428 3644 3523 3698; x_wconf 86' lang='lat' dir='ltr'><strong>pro</strong></span> 
     </span>
    </p>
   </div>
   <div class='ocr_carea' id='block_1_99' title="bbox 1952 3711 3523 3789">
    <p class='ocr_par' dir='ltr' id='par_1_99' title="bbox 1952 3711 3523 3789">
     <span class='ocr_line' id='line_1_99' title="bbox 1952 3711 3523 3789; baseline 0.007 -25"><span class='ocrx_word' id='word_1_797' title='bbox 1952 3711 2183 3766; x_wconf 85' lang='lat' dir='ltr'><strong>Ecclesia</strong></span> <span class='ocrx_word' id='word_1_798' title='bbox 2210 3729 2326 3783; x_wconf 73' lang='lat' dir='ltr'><strong>qua:</strong></span> <span class='ocrx_word' id='word_1_799' title='bbox 2352 3715 2415 3768; x_wconf 92' lang='lat' dir='ltr'><strong>ad</strong></span> <span class='ocrx_word' id='word_1_800' title='bbox 2446 3723 2602 3769; x_wconf 66' lang='lat' dir='ltr'><strong>terra:</strong></span> <span class='ocrx_word' id='word_1_801' title='bbox 2632 3716 2761 3771; x_wconf 84' lang='lat' dir='ltr'><strong>fines</strong></span> <span class='ocrx_word' id='word_1_802' title='bbox 2787 3731 2951 3787; x_wconf 89' lang='lat' dir='ltr'><strong>usque</strong></span> <span class='ocrx_word' id='word_1_803' title='bbox 2978 3718 3328 3786; x_wconf 86' lang='lat' dir='ltr'><strong>protenditur,</strong></span> <span class='ocrx_word' id='word_1_804' title='bbox 3350 3728 3402 3774; x_wconf 94' lang='lat' dir='ltr'><strong>et</strong></span> <span class='ocrx_word' id='word_1_805' title='bbox 3427 3737 3523 3789; x_wconf 91' lang='lat' dir='ltr'><strong>pro</strong></span> 
     </span>
    </p>
   </div>
   <div class='ocr_carea' id='block_1_100' title="bbox 1949 3802 3519 3879">
    <p class='ocr_par' dir='ltr' id='par_1_100' title="bbox 1949 3802 3519 3879">
     <span class='ocr_line' id='line_1_100' title="bbox 1949 3802 3519 3879; baseline 0.008 -25"><span class='ocrx_word' id='word_1_806' title='bbox 1949 3802 2212 3870; x_wconf 90' lang='lat' dir='ltr'><strong>episcopis</strong></span> <span class='ocrx_word' id='word_1_807' title='bbox 2241 3804 2489 3858; x_wconf 89' lang='lat' dir='ltr'><strong>omnibus</strong></span> <span class='ocrx_word' id='word_1_808' title='bbox 2527 3806 2613 3875; x_wconf 91' lang='lat' dir='ltr'><strong>qui</strong></span> <span class='ocrx_word' id='word_1_809' title='bbox 2642 3820 2757 3860; x_wconf 90' lang='lat' dir='ltr'><strong>eam</strong></span> <span class='ocrx_word' id='word_1_810' title='bbox 2796 3817 3017 3877; x_wconf 89' lang='lat' dir='ltr'><strong>regunt,</strong></span> <span class='ocrx_word' id='word_1_811' title='bbox 3049 3823 3232 3879; x_wconf 81' lang='lat' dir='ltr'><strong>preces</strong></span> <span class='ocrx_word' id='word_1_812' title='bbox 3254 3811 3484 3867; x_wconf 69' lang='lat' dir='ltr'><strong>offeratis</strong></span> <span class='ocrx_word' id='word_1_813' title='bbox 3504 3853 3519 3878; x_wconf 91' lang='lat'><strong>,</strong></span> 
     </span>
    </p>
   </div>
   <div class='ocr_carea' id='block_1_101' title="bbox 1948 3890 3519 3971">
    <p class='ocr_par' dir='ltr' id='par_1_101' title="bbox 1948 3890 3519 3971">
     <span class='ocr_line' id='line_1_101' title="bbox 1948 3890 3519 3971; baseline 0.008 -26"><span class='ocrx_word' id='word_1_814' title='bbox 1948 3890 2258 3946; x_wconf 85' lang='lat' dir='ltr'><strong>cohortatur</strong></span> <span class='ocrx_word' id='word_1_815' title='bbox 2310 3894 2393 3961; x_wconf 92' lang='lat' dir='ltr'><strong>is,</strong></span> <span class='ocrx_word' id='word_1_816' title='bbox 2445 3896 2530 3965; x_wconf 92' lang='lat' dir='ltr'><strong>qui</strong></span> <span class='ocrx_word' id='word_1_817' title='bbox 2578 3897 2842 3952; x_wconf 88' lang='lat' dir='ltr'><strong>ministrat</strong></span> <span class='ocrx_word' id='word_1_818' title='bbox 2894 3899 3018 3962; x_wconf 88' lang='lat' dir='ltr'><strong>illis,</strong></span> <span class='ocrx_word' id='word_1_819' title='bbox 3070 3909 3123 3955; x_wconf 89' lang='lat' dir='ltr'><strong>et</strong></span> <span class='ocrx_word' id='word_1_820' title='bbox 3169 3900 3519 3971; x_wconf 88' lang='lat' dir='ltr'><strong>obsequimini</strong></span> 
     </span>
    </p>
   </div>
   <div class='ocr_carea' id='block_1_102' title="bbox 1952 3983 3519 4058">
    <p class='ocr_par' dir='ltr' id='par_1_102' title="bbox 1952 3983 3519 4058">
     <span class='ocr_line' id='line_1_102' title="bbox 1952 3983 3519 4058; baseline 0.008 -25"><span class='ocrx_word' id='word_1_821' title='bbox 1952 3994 2161 4033; x_wconf 89' lang='lat' dir='ltr'><strong>summo</strong></span> <span class='ocrx_word' id='word_1_822' title='bbox 2188 3983 2381 4047; x_wconf 91' lang='lat' dir='ltr'><strong>studio,</strong></span> <span class='ocrx_word' id='word_1_823' title='bbox 2413 3999 2477 4040; x_wconf 90' lang='lat' dir='ltr'><strong>ac</strong></span> <span class='ocrx_word' id='word_1_824' title='bbox 2506 3987 2677 4055; x_wconf 85' lang='lat' dir='ltr'><strong>reipsa</strong></span> <span class='ocrx_word' id='word_1_825' title='bbox 2705 3989 2969 4042; x_wconf 89' lang='lat' dir='ltr'><strong>testamini</strong></span> <span class='ocrx_word' id='word_1_826' title='bbox 2993 4004 3234 4058; x_wconf 87' lang='lat' dir='ltr'><strong>magnam</strong></span> <span class='ocrx_word' id='word_1_827' title='bbox 3264 3992 3519 4047; x_wconf 89' lang='lat' dir='ltr'><strong>orationis</strong></span> 
     </span>
    </p>
   </div>
   <div class='ocr_carea' id='block_1_103' title="bbox 1946 4071 3516 4145">
    <p class='ocr_par' dir='ltr' id='par_1_103' title="bbox 1946 4071 3516 4145">
     <span class='ocr_line' id='line_1_103' title="bbox 1946 4071 3516 4145; baseline 0.01 -23"><span class='ocrx_word' id='word_1_828' title='bbox 1946 4084 2064 4123; x_wconf 89' lang='lat' dir='ltr'><strong>esse</strong></span> <span class='ocrx_word' id='word_1_829' title='bbox 2092 4071 2375 4139; x_wconf 80' lang='lat' dir='ltr'><strong>virtutem,</strong></span> <span class='ocrx_word' id='word_1_830' title='bbox 2423 4089 2541 4142; x_wconf 75' lang='lat' dir='ltr'><strong>qua:</strong></span> <span class='ocrx_word' id='word_1_831' title='bbox 2581 4090 2609 4127; x_wconf 90' lang='lat' dir='ltr'><strong>a</strong></span> <span class='ocrx_word' id='word_1_832' title='bbox 2663 4078 2855 4145; x_wconf 90' lang='lat' dir='ltr'><strong>populo</strong></span> <span class='ocrx_word' id='word_1_833' title='bbox 2900 4080 2954 4130; x_wconf 90' lang='lat' dir='ltr'><strong>in</strong></span> <span class='ocrx_word' id='word_1_834' title='bbox 2999 4080 3219 4134; x_wconf 75' lang='lat' dir='ltr'><strong>ecclesia</strong></span> <span class='ocrx_word' id='word_1_835' title='bbox 3248 4084 3516 4137; x_wconf 85' lang='lat' dir='ltr'><strong>communi</strong></span> 
     </span>
    </p>
   </div>
   <div class='ocr_carea' id='block_1_104' title="bbox 1945 4163 3510 4240">
    <p class='ocr_par' dir='ltr' id='par_1_104' title="bbox 1945 4163 3510 4240">
     <span class='ocr_line' id='line_1_104' title="bbox 1945 4163 3510 4240; baseline 0.01 -28"><span class='ocrx_word' id='word_1_836' title='bbox 1945 4176 2205 4214; x_wconf 89' lang='lat' dir='ltr'><strong>consensu</strong></span> <span class='ocrx_word' id='word_1_837' title='bbox 2232 4163 2503 4217; x_wconf 84' lang='lat' dir='ltr'><strong>oll‘cratur.</strong></span> <span class='ocrx_word' id='word_1_838' title='bbox 2539 4165 2729 4219; x_wconf 80' lang='lat' dir='ltr'><strong>Verum</strong></span> <span class='ocrx_word' id='word_1_839' title='bbox 2760 4166 2824 4219; x_wconf 91' lang='lat' dir='ltr'><strong>ad</strong></span> <span class='ocrx_word' id='word_1_840' title='bbox 2859 4170 3181 4236; x_wconf 86' lang='lat' dir='ltr'><strong>propositum</strong></span> <span class='ocrx_word' id='word_1_841' title='bbox 3210 4172 3510 4240; x_wconf 90' lang='lat' dir='ltr'><strong>redeamus,</strong></span> 
     </span>
    </p>
   </div>
   <div class='ocr_carea' id='block_1_105' title="bbox 1943 4250 3511 4329">
    <p class='ocr_par' dir='ltr' id='par_1_105' title="bbox 1943 4250 3511 4329">
     <span class='ocr_line' id='line_1_105' title="bbox 1943 4250 3511 4329; baseline 0.012 -31"><span class='ocrx_word' id='word_1_842' title='bbox 1943 4250 2085 4318; x_wconf 86' lang='lat' dir='ltr'><strong>quod</strong></span> <span class='ocrx_word' id='word_1_843' title='bbox 2117 4252 2408 4320; x_wconf 90' lang='lat' dir='ltr'><strong>antiquitus</strong></span> <span class='ocrx_word' id='word_1_844' title='bbox 2449 4268 2550 4307; x_wconf 87' lang='lat' dir='ltr'><strong>una</strong></span> <span class='ocrx_word' id='word_1_845' title='bbox 2582 4254 2741 4309; x_wconf 77' lang='lat' dir='ltr'><strong>fuerit</strong></span> <span class='ocrx_word' id='word_1_846' title='bbox 2775 4257 2967 4326; x_wconf 83' lang='lat' dir='ltr'><strong>lingua.</strong></span> <span class='ocrx_word' id='word_1_847' title='bbox 3000 4258 3147 4313; x_wconf 91' lang='lat' dir='ltr'><strong>Unde</strong></span> <span class='ocrx_word' id='word_1_848' title='bbox 3174 4261 3330 4329; x_wconf 84' lang='lat' dir='ltr'><strong>igitur</strong></span> <span class='ocrx_word' id='word_1_849' title='bbox 3352 4279 3511 4318; x_wconf 87' lang='lat' dir='ltr'><strong>unam</strong></span> 
     </span>
    </p>
   </div>
   <div class='ocr_carea' id='block_1_106' title="bbox 1944 4338 3512 4409">
    <p class='ocr_par' dir='ltr' id='par_1_106' title="bbox 1944 4338 3512 4409">
     <span class='ocr_line' id='line_1_106' title="bbox 1944 4338 3512 4409; baseline 0.008 -16"><span class='ocrx_word' id='word_1_850' title='bbox 1944 4338 2175 4409; x_wconf 89' lang='lat' dir='ltr'><strong>linguam</strong></span> <span class='ocrx_word' id='word_1_851' title='bbox 2222 4340 2385 4397; x_wconf 84' lang='lat' dir='ltr'><strong>fuisse</strong></span> <span class='ocrx_word' id='word_1_852' title='bbox 2425 4346 2667 4398; x_wconf 84' lang='lat' dir='ltr'><strong>constat?</strong></span> <span class='ocrx_word' id='word_1_853' title='bbox 2713 4345 2776 4398; x_wconf 84' lang='lat' dir='ltr'><strong>Et</strong></span> <span class='ocrx_word' id='word_1_854' title='bbox 2821 4356 2924 4399; x_wconf 85' lang='lat' dir='ltr'><strong>erat</strong></span> <span class='ocrx_word' id='word_1_855' title='bbox 2965 4349 3125 4401; x_wconf 86' lang='lat' dir='ltr'><strong>omnis</strong></span> <span class='ocrx_word' id='word_1_856' title='bbox 3164 4358 3294 4402; x_wconf 83' lang='lat' dir='ltr'><strong>terra</strong></span> <span class='ocrx_word' id='word_1_857' title='bbox 3327 4352 3512 4405; x_wconf 65' lang='lat' dir='ltr'><strong>(attinnt</strong></span> 
     </span>
    </p>
   </div>
   <div class='ocr_carea' id='block_1_107' title="bbox 1942 4432 3509 4504">
    <p class='ocr_par' dir='ltr' id='par_1_107' title="bbox 1942 4432 3509 4504">
     <span class='ocr_line' id='line_1_107' title="bbox 1942 4432 3509 4504; baseline 0.01 -21"><span class='ocrx_word' id='word_1_858' title='bbox 1942 4448 2099 4484; x_wconf 84' lang='lat' dir='ltr'><strong>unum</strong></span> <span class='ocrx_word' id='word_1_859' title='bbox 2139 4432 2291 4500; x_wconf 78' lang='lat' dir='ltr'><strong>(Gen.</strong></span> <span class='ocrx_word' id='word_1_860' title='bbox 2321 4435 2404 4488; x_wconf 80' lang='lat' dir='ltr'><strong>il.</strong></span> <span class='ocrx_word' id='word_1_861' title='bbox 2442 4434 2515 4504; x_wconf 76' lang='lat' dir='ltr'><strong>i).</strong></span> <span class='ocrx_word' id='word_1_862' title='bbox 2561 4435 2855 4491; x_wconf 88' lang='lat' dir='ltr'><strong>Obscurum</strong></span> <span class='ocrx_word' id='word_1_863' title='bbox 2898 4447 2982 4492; x_wconf 88' lang='lat' dir='ltr'><strong>est</strong></span> <span class='ocrx_word' id='word_1_864' title='bbox 3028 4440 3128 4494; x_wconf 88' lang='lat' dir='ltr'><strong>hoc</strong></span> <span class='ocrx_word' id='word_1_865' title='bbox 3169 4441 3387 4496; x_wconf 90' lang='lat' dir='ltr'><strong>dictum.</strong></span> <span class='ocrx_word' id='word_1_866' title='bbox 3430 4446 3509 4498; x_wconf 79' lang='lat' dir='ltr'><strong>An</strong></span> 
     </span>
    </p>
   </div>
   <div class='ocr_carea' id='block_1_108' title="bbox 1942 4521 3508 4599">
    <p class='ocr_par' dir='ltr' id='par_1_108' title="bbox 1942 4521 3508 4599">
     <span class='ocr_line' id='line_1_108' title="bbox 1942 4521 3508 4599; baseline 0.01 -25"><span class='ocrx_word' id='word_1_867' title='bbox 1942 4521 2135 4576; x_wconf 88' lang='lat' dir='ltr'><strong>labium</strong></span> <span class='ocrx_word' id='word_1_868' title='bbox 2165 4523 2323 4577; x_wconf 88' lang='lat' dir='ltr'><strong>habet</strong></span> <span class='ocrx_word' id='word_1_869' title='bbox 2352 4526 2534 4579; x_wconf 86' lang='lat' dir='ltr'><strong>terra?</strong></span> <span class='ocrx_word' id='word_1_870' title='bbox 2568 4526 2927 4597; x_wconf 87' lang='lat' dir='ltr'><strong>Nequaquam.</strong></span> <span class='ocrx_word' id='word_1_871' title='bbox 2961 4530 3095 4597; x_wconf 89' lang='lat' dir='ltr'><strong>Quid</strong></span> <span class='ocrx_word' id='word_1_872' title='bbox 3131 4547 3258 4599; x_wconf 82' lang='lat' dir='ltr'><strong>ergo</strong></span> <span class='ocrx_word' id='word_1_873' title='bbox 3295 4536 3425 4589; x_wconf 90' lang='lat' dir='ltr'><strong>dicit</strong></span> <span class='ocrx_word' id='word_1_874' title='bbox 3451 4546 3508 4590; x_wconf 91' lang='lat' dir='ltr'><strong>et</strong></span> 
     </span>
    </p>
   </div>
   <div class='ocr_carea' id='block_1_109' title="bbox 1940 4612 3509 4688">
    <p class='ocr_par' dir='ltr' id='par_1_109' title="bbox 1940 4612 3509 4688">
     <span class='ocr_line' id='line_1_109' title="bbox 1940 4612 3509 4688; baseline 0.008 -22"><span class='ocrx_word' id='word_1_875' title='bbox 1940 4612 2007 4667; x_wconf 85' lang='lat' dir='ltr'><strong>de</strong></span> <span class='ocrx_word' id='word_1_876' title='bbox 2028 4615 2168 4683; x_wconf 87' lang='lat' dir='ltr'><strong>quo?</strong></span> <span class='ocrx_word' id='word_1_877' title='bbox 2199 4614 2312 4668; x_wconf 86' lang='lat' dir='ltr'><strong>Non</strong></span> <span class='ocrx_word' id='word_1_878' title='bbox 2343 4615 2409 4669; x_wconf 87' lang='lat' dir='ltr'><strong>de</strong></span> <span class='ocrx_word' id='word_1_879' title='bbox 2437 4616 2534 4670; x_wconf 86' lang='lat' dir='ltr'><strong>hac</strong></span> <span class='ocrx_word' id='word_1_880' title='bbox 2566 4626 2706 4671; x_wconf 89' lang='lat' dir='ltr'><strong>terra</strong></span> <span class='ocrx_word' id='word_1_881' title='bbox 2748 4620 2981 4686; x_wconf 90' lang='lat' dir='ltr'><strong>loquitur</strong></span> <span class='ocrx_word' id='word_1_882' title='bbox 3008 4637 3125 4688; x_wconf 67' lang='lat' dir='ltr'><strong>quae</strong></span> <span class='ocrx_word' id='word_1_883' title='bbox 3175 4636 3330 4677; x_wconf 88' lang='lat' dir='ltr'><strong>sensu</strong></span> <span class='ocrx_word' id='word_1_884' title='bbox 3361 4638 3509 4679; x_wconf 82' lang='lat' dir='ltr'><strong>caret</strong></span> 
     </span>
    </p>
   </div>
   <div class='ocr_carea' id='block_1_110' title="bbox 1938 4704 3505 4779">
    <p class='ocr_par' dir='ltr' id='par_1_110' title="bbox 1938 4704 3505 4779">
     <span class='ocr_line' id='line_1_110' title="bbox 1938 4704 3505 4779; baseline 0.01 -23"><span class='ocrx_word' id='word_1_885' title='bbox 1938 4711 1992 4757; x_wconf 92' lang='lat' dir='ltr'><strong>et</strong></span> <span class='ocrx_word' id='word_1_886' title='bbox 2015 4704 2296 4760; x_wconf 90' lang='lat' dir='ltr'><strong>immobilis</strong></span> <span class='ocrx_word' id='word_1_887' title='bbox 2323 4717 2433 4772; x_wconf 89' lang='lat' dir='ltr'><strong>est;</strong></span> <span class='ocrx_word' id='word_1_888' title='bbox 2465 4707 2555 4761; x_wconf 88' lang='lat' dir='ltr'><strong>sed</strong></span> <span class='ocrx_word' id='word_1_889' title='bbox 2583 4709 2889 4763; x_wconf 91' lang='lat' dir='ltr'><strong>universum</strong></span> <span class='ocrx_word' id='word_1_890' title='bbox 2920 4725 3083 4779; x_wconf 88' lang='lat' dir='ltr'><strong>genus</strong></span> <span class='ocrx_word' id='word_1_891' title='bbox 3114 4713 3397 4769; x_wconf 89' lang='lat' dir='ltr'><strong>humanum</strong></span> <span class='ocrx_word' id='word_1_892' title='bbox 3427 4719 3505 4773; x_wconf 89' lang='lat' dir='ltr'><strong>sic</strong></span> 
     </span>
    </p>
   </div>
   <div class='ocr_carea' id='block_1_111' title="bbox 1938 4797 3505 4872">
    <p class='ocr_par' dir='ltr' id='par_1_111' title="bbox 1938 4797 3505 4872">
     <span class='ocr_line' id='line_1_111' title="bbox 1938 4797 3505 4872; baseline 0.008 -24"><span class='ocrx_word' id='word_1_893' title='bbox 1938 4797 2244 4864; x_wconf 88' lang='lat' dir='ltr'><strong>appellavit,</strong></span> <span class='ocrx_word' id='word_1_894' title='bbox 2274 4812 2366 4851; x_wconf 91' lang='lat' dir='ltr'><strong>eos</strong></span> <span class='ocrx_word' id='word_1_895' title='bbox 2405 4799 2696 4852; x_wconf 89' lang='lat' dir='ltr'><strong>admonens</strong></span> <span class='ocrx_word' id='word_1_896' title='bbox 2725 4802 2951 4869; x_wconf 67' lang='lat' dir='ltr'><strong>propria:</strong></span> <span class='ocrx_word' id='word_1_897' title='bbox 2979 4813 3199 4871; x_wconf 65' lang='lat' dir='ltr'><strong>naturae,</strong></span> <span class='ocrx_word' id='word_1_898' title='bbox 3241 4815 3463 4861; x_wconf 88' lang='lat' dir='ltr'><strong>matrem</strong></span> <span class='ocrx_word' id='word_1_899' title='bbox 3490 4851 3505 4872; x_wconf 93' lang='lat'><strong>,</strong></span> 
     </span>
    </p>
   </div>
   <div class='ocr_carea' id='block_1_112' title="bbox 1937 4888 3509 4966">
    <p class='ocr_par' dir='ltr' id='par_1_112' title="bbox 1937 4888 3509 4966">
     <span class='ocr_line' id='line_1_112' title="bbox 1937 4888 3509 4966; baseline 0.01 -28"><span class='ocrx_word' id='word_1_900' title='bbox 1937 4901 2002 4939; x_wconf 90' lang='lat' dir='ltr'><strong>ex</strong></span> <span class='ocrx_word' id='word_1_901' title='bbox 2029 4902 2129 4955; x_wconf 89' lang='lat' dir='ltr'><strong>qua</strong></span> <span class='ocrx_word' id='word_1_902' title='bbox 2157 4888 2257 4940; x_wconf 89' lang='lat' dir='ltr'><strong>orti</strong></span> <span class='ocrx_word' id='word_1_903' title='bbox 2284 4896 2426 4952; x_wconf 88' lang='lat' dir='ltr'><strong>sunt,</strong></span> <span class='ocrx_word' id='word_1_904' title='bbox 2448 4888 2554 4941; x_wconf 82' lang='lat' dir='ltr'><strong>iliis</strong></span> <span class='ocrx_word' id='word_1_905' title='bbox 2584 4890 2635 4941; x_wconf 90' lang='lat' dir='ltr'><strong>in</strong></span> <span class='ocrx_word' id='word_1_906' title='bbox 2664 4893 2975 4945; x_wconf 86' lang='lat' dir='ltr'><strong>memoriam</strong></span> <span class='ocrx_word' id='word_1_907' title='bbox 3003 4908 3275 4949; x_wconf 89' lang='lat' dir='ltr'><strong>revocans.</strong></span> <span class='ocrx_word' id='word_1_908' title='bbox 3303 4896 3509 4966; x_wconf 79' lang='lat' dir='ltr'><strong>Duplex</strong></span> 
     </span>
    </p>
   </div>
   <div class='ocr_carea' id='block_1_113' title="bbox 1938 4975 3507 5050">
    <p class='ocr_par' dir='ltr' id='par_1_113' title="bbox 1938 4975 3507 5050">
     <span class='ocr_line' id='line_1_113' title="bbox 1938 4975 3507 5050; baseline 0.009 -24"><span class='ocrx_word' id='word_1_909' title='bbox 1938 4975 2075 5027; x_wconf 91' lang='lat' dir='ltr'><strong>enim</strong></span> <span class='ocrx_word' id='word_1_910' title='bbox 2097 4984 2179 5028; x_wconf 91' lang='lat' dir='ltr'><strong>est</strong></span> <span class='ocrx_word' id='word_1_911' title='bbox 2207 4975 2307 5029; x_wconf 92' lang='lat' dir='ltr'><strong>hoc</strong></span> <span class='ocrx_word' id='word_1_912' title='bbox 2331 4976 2547 5037; x_wconf 87' lang='lat' dir='ltr'><strong>animal,</strong></span> <span class='ocrx_word' id='word_1_913' title='bbox 2576 4976 2753 5041; x_wconf 92' lang='lat' dir='ltr'><strong>homo,</strong></span> <span class='ocrx_word' id='word_1_914' title='bbox 2784 4980 3012 5050; x_wconf 90' lang='lat' dir='ltr'><strong>inquam,</strong></span> <span class='ocrx_word' id='word_1_915' title='bbox 3038 4999 3101 5037; x_wconf 87' lang='lat' dir='ltr'><strong>ex</strong></span> <span class='ocrx_word' id='word_1_916' title='bbox 3142 4984 3347 5040; x_wconf 90' lang='lat' dir='ltr'><strong>duabus</strong></span> <span class='ocrx_word' id='word_1_917' title='bbox 3378 4988 3507 5041; x_wconf 89' lang='lat' dir='ltr'><strong>sub-</strong></span> 
     </span>
    </p>
   </div>
   <div class='ocr_carea' id='block_1_114' title="bbox 1936 5066 3507 5145">
    <p class='ocr_par' dir='ltr' id='par_1_114' title="bbox 1936 5066 3507 5145">
     <span class='ocr_line' id='line_1_114' title="bbox 1936 5066 3507 5145; baseline 0.012 -29"><span class='ocrx_word' id='word_1_918' title='bbox 1936 5066 2142 5118; x_wconf 88' lang='lat' dir='ltr'><strong>stantiis</strong></span> <span class='ocrx_word' id='word_1_919' title='bbox 2178 5066 2455 5130; x_wconf 86' lang='lat' dir='ltr'><strong>conﬂatus,</strong></span> <span class='ocrx_word' id='word_1_920' title='bbox 2485 5082 2583 5121; x_wconf 89' lang='lat' dir='ltr'><strong>una</strong></span> <span class='ocrx_word' id='word_1_921' title='bbox 2630 5070 2883 5135; x_wconf 90' lang='lat' dir='ltr'><strong>sensibili,</strong></span> <span class='ocrx_word' id='word_1_922' title='bbox 2915 5075 3168 5143; x_wconf 91' lang='lat' dir='ltr'><strong>spirituali</strong></span> <span class='ocrx_word' id='word_1_923' title='bbox 3194 5078 3380 5145; x_wconf 86' lang='lat' dir='ltr'><strong>altera,</strong></span> <span class='ocrx_word' id='word_1_924' title='bbox 3406 5080 3507 5135; x_wconf 90' lang='lat' dir='ltr'><strong>hoc</strong></span> 
     </span>
    </p>
   </div>
   <div class='ocr_carea' id='block_1_115' title="bbox 1936 5154 3503 5225">
    <p class='ocr_par' dir='ltr' id='par_1_115' title="bbox 1936 5154 3503 5225">
     <span class='ocr_line' id='line_1_115' title="bbox 1936 5154 3503 5225; baseline 0.01 -18"><span class='ocrx_word' id='word_1_925' title='bbox 1936 5162 2035 5216; x_wconf 87' lang='lat' dir='ltr'><strong>est,</strong></span> <span class='ocrx_word' id='word_1_926' title='bbox 2068 5170 2133 5207; x_wconf 87' lang='lat' dir='ltr'><strong>ex</strong></span> <span class='ocrx_word' id='word_1_927' title='bbox 2160 5154 2333 5208; x_wconf 88' lang='lat' dir='ltr'><strong>anima</strong></span> <span class='ocrx_word' id='word_1_928' title='bbox 2364 5165 2417 5209; x_wconf 90' lang='lat' dir='ltr'><strong>et</strong></span> <span class='ocrx_word' id='word_1_929' title='bbox 2442 5170 2685 5225; x_wconf 90' lang='lat' dir='ltr'><strong>corpore,</strong></span> <span class='ocrx_word' id='word_1_930' title='bbox 2718 5162 2802 5213; x_wconf 89' lang='lat' dir='ltr'><strong>cui</strong></span> <span class='ocrx_word' id='word_1_931' title='bbox 2832 5175 2951 5215; x_wconf 91' lang='lat' dir='ltr'><strong>cum</strong></span> <span class='ocrx_word' id='word_1_932' title='bbox 2980 5165 3277 5221; x_wconf 74' lang='lat' dir='ltr'><strong>czelestibus</strong></span> <span class='ocrx_word' id='word_1_933' title='bbox 3304 5178 3350 5222; x_wconf 90' lang='lat' dir='ltr'><strong>et</strong></span> <span class='ocrx_word' id='word_1_934' title='bbox 3384 5186 3503 5223; x_wconf 88' lang='lat' dir='ltr'><strong>cum</strong></span> 
     </span>
    </p>
   </div>
   <div class='ocr_carea' id='block_1_116' title="bbox 1936 5244 3504 5327">
    <p class='ocr_par' dir='ltr' id='par_1_116' title="bbox 1936 5244 3504 5327">
     <span class='ocr_line' id='line_1_116' title="bbox 1936 5244 3504 5327; baseline 0.01 -29"><span class='ocrx_word' id='word_1_935' title='bbox 1936 5244 2273 5299; x_wconf 88' lang='lat' dir='ltr'><strong>terrestribus</strong></span> <span class='ocrx_word' id='word_1_936' title='bbox 2319 5249 2563 5315; x_wconf 86' lang='lat' dir='ltr'><strong>cognatio</strong></span> <span class='ocrx_word' id='word_1_937' title='bbox 2605 5250 2842 5316; x_wconf 69' lang='lat' dir='ltr'><strong>quaedam</strong></span> <span class='ocrx_word' id='word_1_938' title='bbox 2893 5252 3191 5308; x_wconf 88' lang='lat' dir='ltr'><strong>intercedit.</strong></span> <span class='ocrx_word' id='word_1_939' title='bbox 3236 5256 3363 5311; x_wconf 84' lang='lat' dir='ltr'><strong>Nam</strong></span> <span class='ocrx_word' id='word_1_940' title='bbox 3410 5275 3504 5327; x_wconf 73' lang='lat' dir='ltr'><strong>per</strong></span> 
     </span>
    </p>
   </div>
   <div class='ocr_carea' id='block_1_117' title="bbox 1935 5334 3499 5401">
    <p class='ocr_par' dir='ltr' id='par_1_117' title="bbox 1935 5334 3499 5401">
     <span class='ocr_line' id='line_1_117' title="bbox 1935 5334 3499 5401; baseline 0.008 -14"><span class='ocrx_word' id='word_1_941' title='bbox 1935 5334 2264 5400; x_wconf 86' lang='lat' dir='ltr'><strong>spiritualem</strong></span> <span class='ocrx_word' id='word_1_942' title='bbox 2295 5334 2506 5401; x_wconf 88' lang='lat' dir='ltr'><strong>quidem</strong></span> <span class='ocrx_word' id='word_1_943' title='bbox 2537 5336 2882 5391; x_wconf 86' lang='lat' dir='ltr'><strong>substantiam</strong></span> <span class='ocrx_word' id='word_1_944' title='bbox 2923 5355 3042 5393; x_wconf 87' lang='lat' dir='ltr'><strong>cum</strong></span> <span class='ocrx_word' id='word_1_945' title='bbox 3093 5343 3370 5398; x_wconf 90' lang='lat' dir='ltr'><strong>virtutibus</strong></span> <span class='ocrx_word' id='word_1_946' title='bbox 3408 5364 3499 5401; x_wconf 82' lang='lat' dir='ltr'><strong>su-</strong></span> 
     </span>
    </p>
   </div>
   <div class='ocr_carea' id='block_1_118' title="bbox 1936 5424 3502 5493">
    <p class='ocr_par' dir='ltr' id='par_1_118' title="bbox 1936 5424 3502 5493">
     <span class='ocr_line' id='line_1_118' title="bbox 1936 5424 3502 5493; baseline 0.01 -18"><span class='ocrx_word' id='word_1_947' title='bbox 1936 5425 2116 5491; x_wconf 86' lang='lat' dir='ltr'><strong>pernis</strong></span> <span class='ocrx_word' id='word_1_948' title='bbox 2147 5424 2452 5492; x_wconf 86' lang='lat' dir='ltr'><strong>participat:</strong></span> <span class='ocrx_word' id='word_1_949' title='bbox 2477 5440 2569 5493; x_wconf 89' lang='lat' dir='ltr'><strong>per</strong></span> <span class='ocrx_word' id='word_1_950' title='bbox 2606 5427 2909 5481; x_wconf 87' lang='lat' dir='ltr'><strong>sensibilem</strong></span> <span class='ocrx_word' id='word_1_951' title='bbox 2945 5444 3063 5482; x_wconf 91' lang='lat' dir='ltr'><strong>cum</strong></span> <span class='ocrx_word' id='word_1_952' title='bbox 3090 5433 3246 5487; x_wconf 89' lang='lat' dir='ltr'><strong>rebus</strong></span> <span class='ocrx_word' id='word_1_953' title='bbox 3275 5444 3502 5492; x_wconf 72' lang='lat' dir='ltr'><strong>terrenis</strong></span> 
     </span>
    </p>
   </div>
   <div class='ocr_carea' id='block_1_119' title="bbox 1934 5514 3500 5583">
    <p class='ocr_par' dir='ltr' id='par_1_119' title="bbox 1934 5514 3500 5583">
     <span class='ocr_line' id='line_1_119' title="bbox 1934 5514 3500 5583; baseline 0.01 -18"><span class='ocrx_word' id='word_1_954' title='bbox 1934 5514 2243 5581; x_wconf 83' lang='lat' dir='ltr'><strong>copulatur,</strong></span> <span class='ocrx_word' id='word_1_955' title='bbox 2286 5524 2339 5567; x_wconf 91' lang='lat' dir='ltr'><strong>et</strong></span> <span class='ocrx_word' id='word_1_956' title='bbox 2380 5524 2460 5568; x_wconf 89' lang='lat' dir='ltr'><strong>est</strong></span> <span class='ocrx_word' id='word_1_957' title='bbox 2498 5515 2709 5583; x_wconf 84' lang='lat' dir='ltr'><strong>quidam</strong></span> <span class='ocrx_word' id='word_1_958' title='bbox 2759 5518 2918 5571; x_wconf 85' lang='lat' dir='ltr'><strong>veluti</strong></span> <span class='ocrx_word' id='word_1_959' title='bbox 2962 5535 3128 5574; x_wconf 82' lang='lat' dir='ltr'><strong>nexus</strong></span> <span class='ocrx_word' id='word_1_960' title='bbox 3171 5522 3500 5580; x_wconf 84' lang='lat' dir='ltr'><strong>ﬁrmissimus</strong></span> 
     </span>
    </p>
   </div>
   <div class='ocr_carea' id='block_1_120' title="bbox 1998 5625 3498 5689">
    <p class='ocr_par' dir='ltr' id='par_1_120' title="bbox 1998 5625 3498 5689">
     <span class='ocr_line' id='line_1_120' title="bbox 1998 5625 3498 5689; baseline 0.012 -18"><span class='ocrx_word' id='word_1_961' title='bbox 1998 5625 2069 5684; x_wconf 81' lang='grc' dir='ltr'><strong>(η)</strong></span> <span class='ocrx_word' id='word_1_962' title='bbox 2106 5627 2185 5672; x_wconf 82' lang='lat' dir='ltr'><strong>llic</strong></span> <span class='ocrx_word' id='word_1_963' title='bbox 2225 5625 2402 5689; x_wconf 74' lang='lat' dir='ltr'><strong>aliquid</strong></span> <span class='ocrx_word' id='word_1_964' title='bbox 2443 5627 2544 5674; x_wconf 86' lang='lat' dir='ltr'><strong>vitii</strong></span> <span class='ocrx_word' id='word_1_965' title='bbox 2592 5628 2670 5676; x_wconf 87' lang='lat' dir='ltr'><strong>vel</strong></span> <span class='ocrx_word' id='word_1_966' title='bbox 2709 5629 2929 5680; x_wconf 89' lang='lat' dir='ltr'><strong>defectus</strong></span> <span class='ocrx_word' id='word_1_967' title='bbox 2970 5645 3078 5682; x_wconf 88' lang='lat' dir='ltr'><strong>esse</strong></span> <span class='ocrx_word' id='word_1_968' title='bbox 3118 5635 3322 5684; x_wconf 87' lang='lat' dir='ltr'><strong>videtur.</strong></span> <span class='ocrx_word' id='word_1_969' title='bbox 3363 5646 3498 5689; x_wconf 80' lang='lat' dir='ltr'><strong>Putat</strong></span> 
     </span>
    </p>
   </div>
   <div class='ocr_carea' id='block_1_121' title="bbox 1938 5685 3497 5760">
    <p class='ocr_par' dir='ltr' id='par_1_121' title="bbox 1938 5685 3497 5760">
     <span class='ocr_line' id='line_1_121' title="bbox 1938 5685 3497 5760; baseline 0.013 -29"><span class='ocrx_word' id='word_1_970' title='bbox 1938 5685 2638 5760; x_wconf 35' lang='lat' dir='ltr'><strong>Ioannes“Boisinslegendum,</strong></span> <span class='ocrx_word' id='word_1_971' title='bbox 2663 5697 2706 5739; x_wconf 87' lang='lat' dir='ltr'><strong>et</strong></span> <span class='ocrx_word' id='word_1_972' title='bbox 2730 5703 2817 5753; x_wconf 83' lang='lat' dir='ltr'><strong>pro</strong></span> <span class='ocrx_word' id='word_1_973' title='bbox 2840 5693 2990 5754; x_wconf 78' lang='lat' dir='ltr'><strong>clero,</strong></span> <span class='ocrx_word' id='word_1_974' title='bbox 3016 5701 3060 5744; x_wconf 90' lang='lat' dir='ltr'><strong>et</strong></span> <span class='ocrx_word' id='word_1_975' title='bbox 3081 5695 3265 5745; x_wconf 75' lang='lat' dir='ltr'><strong>auxilio</strong></span> <span class='ocrx_word' id='word_1_976' title='bbox 3295 5685 3497 5760; x_wconf 44' lang='lat' dir='ltr'><strong>Spiritus-</strong></span> 
     </span>
    </p>
   </div>
   <div class='ocr_carea' id='block_1_122' title="bbox 1935 5747 2703 5801">
    <p class='ocr_par' dir='ltr' id='par_1_122' title="bbox 1935 5747 2703 5801">
     <span class='ocr_line' id='line_1_122' title="bbox 1935 5747 2703 5801; baseline 0.005 -6"><span class='ocrx_word' id='word_1_977' title='bbox 1935 5747 2100 5795; x_wconf 70' lang='lat' dir='ltr'><strong>sancti.</strong></span> <span class='ocrx_word' id='word_1_978' title='bbox 2127 5753 2214 5795; x_wconf 79' lang='lat' dir='ltr'><strong>Sed</strong></span> <span class='ocrx_word' id='word_1_979' title='bbox 2241 5748 2352 5795; x_wconf 85' lang='lat' dir='ltr'><strong>illud</strong></span> <span class='ocrx_word' id='word_1_980' title='bbox 2375 5747 2590 5797; x_wconf 86' lang='lat' dir='ltr'><strong>divinare</strong></span> <span class='ocrx_word' id='word_1_981' title='bbox 2613 5760 2703 5801; x_wconf 78' lang='lat' dir='ltr'><strong>est.</strong></span> 
     </span>
    </p>
   </div>
  </div>
