4064 6214
585 380 696 435 183

588 476 862 543 utriusque
903 482 1175 529 creaturae.
1206 471 1337 528 Cum
1373 471 1532 541 igitur
1577 466 1775 538 aliquid
1812 468 1921 538 agit
1961 479 2148 520 eorum

593 579 709 632 qua:
737 564 844 618 Deo
871 573 992 618 sunt
1028 564 1249 632 placita,
1285 561 1576 626 spiritualis
1612 559 1835 624 dicitur,
1861 568 1914 613 et
1946 570 2045 611 nec
2084 556 2152 612 ab

589 652 703 723 ipsa
742 652 950 724 quidem
978 653 1151 706 anima
1181 667 1374 706 nomen
1415 650 1606 718 accipit
1629 690 1646 715 ,
1676 649 1766 704 sed
1792 649 1862 703 ab
1885 648 1990 702 alio
2013 662 2151 718 quo-

591 741 712 795 dam
752 742 953 796 honore
1003 741 1213 808 majori,
1254 755 1287 795 a
1334 740 1562 808 Spiritus
1602 740 1930 808 operatione.
1968 737 2150 804 Neque

591 828 732 882 enim
762 829 828 882 ad
856 838 1001 883 recte
1028 828 1164 883 facta
1195 828 1390 882 sufficit
1415 830 1614 892 anima,
1646 827 1744 882 nisi
1771 827 1860 881 illo
1889 827 2150 896 potiamur

590 918 804 972 auxilio.
833 923 1004 986 Atque
1035 929 1090 972 ut
1126 919 1432 987 intelligatis
1468 919 1698 972 animam
1735 919 1886 972 nobis
1912 917 1978 970 ad
2007 925 2149 972 recte

592 1007 724 1060 facta
751 1023 854 1060 non
881 1009 1149 1072 sufllcere;
1187 1018 1240 1062 et
1285 1008 1409 1078 quid
1439 1006 1589 1068 dico,
1615 1007 1682 1060 ad
1709 1015 1854 1062 recte
1891 1005 2057 1059 facta?
2082 1019 2149 1060 ue

591 1095 657 1148 ad
689 1094 787 1148 hoc
811 1095 1023 1164 quidem
1054 1107 1107 1148 ut
1133 1112 1196 1150 ea
1223 1113 1342 1166 quae
1369 1097 1647 1162 dicuntur,
1676 1096 1949 1164 percipere
1978 1095 2146 1162 possi-

595 1200 715 1238 mus
742 1203 757 1239 :
784 1186 1048 1248 Animalia,
1082 1189 1268 1256 inquit,
1295 1189 1442 1240 homo
1461 1203 1558 1240 non
1581 1189 1788 1256 percipit
1812 1203 1871 1240 ea
1894 1201 2008 1254 quc:
2033 1195 2147 1240 sunt

591 1274 816 1342 Spiritus
843 1273 920 1345 (l.
953 1275 1072 1330 Cor.
1099 1274 1156 1330 2.
1190 1275 1297 1346 ib).
1341 1275 1471 1331 Nam
1513 1287 1569 1330 ut
1605 1277 1871 1330 carnalem
1920 1277 2148 1345 appellat

591 1377 736 1430 eum,
763 1365 853 1433 qui
892 1363 1040 1418 carni
1081 1366 1276 1431 servit,
1322 1366 1400 1420 sic
1427 1366 1711 1419 animalem
1740 1365 1969 1434 appellat
1993 1381 2144 1431 eum,

591 1454 680 1522 qui
707 1454 1192 1512 ratiocinationibus
1213 1454 1454 1509 humanis
1465 1463 1656 1509 cuncta
1679 1455 1951 1524 permittit,
1977 1469 2148 1525 neque

591 1543 818 1612 Spiritus
843 1543 1076 1597 amatum
1105 1545 1311 1614 recipit.
1335 1543 1461 1605 Sed,
1485 1551 1542 1598 ut
1578 1543 1853 1609 dicebam,
1892 1560 1988 1598 nos
2022 1545 2147 1599 dum

591 1641 734 1685 recte
775 1631 1012 1702 agimus,
1056 1632 1356 1702 spirituales
1390 1632 1785 1688 dicimus-mum
1812 1649 1937 1687 vero
1965 1649 2150 1702 pecu-

593 1737 730 1788 mus,
761 1725 1176 1792 supplantamur,
1204 1735 1259 1780 et
1281 1726 1548 1796 quidpiam
1581 1727 1847 1796 indignum
1879 1727 2150 1782 nobilitate

591 1823 769 1868 nostra
811 1816 1142 1884 peregimus,
1173 1816 1325 1870 nobis
1350 1832 1382 1871 a
1411 1817 1498 1872 vili
1524 1827 1576 1871 et
1602 1816 1805 1886 abjeeta
1837 1829 2018 1870 natura
2051 1831 2149 1872 no-

591 1917 714 1957 men
741 1904 982 1973 imponit,
1011 1915 1065 1960 et
1091 1920 1188 1961 nos
1213 1908 1680 1975 terramappellat.
1709 1906 1963 1972 Quoniam
1994 1907 2150 1975 igitur

594 1993 680 2048 hic
722 2009 932 2064 quoque
971 1996 1253 2050 nonnullos
1290 2006 1629 2051 accusaturus
1670 2004 1787 2062 est,
1829 1996 1916 2067 qui
1963 1996 2148 2050 turrim

591 2084 998 2150 :ediiicaverant,
1040 2085 1129 2154 qui
1158 2086 1213 2140 in
1240 2087 1538 2150 superbiam
1565 2084 1691 2140 elati
1717 2096 1888 2152 erant,
1913 2085 2002 2156 qui
2032 2102 2148 2139 ma-

583 2170 731 2238 jores
771 2173 1024 2242 dignitate
1064 2188 1159 2228 sua
1205 2173 1421 2241 spiritus
1458 2174 1560 2228 sibi
1600 2184 1972 2242 sumpserant,
2028 2174 2150 2230 illos

588 2268 763 2312 autem
808 2270 1147 2315 accusaturus
1177 2271 1260 2314 est
1295 2263 1577 2329 superbiai,
1619 2261 1815 2317 idcirco
1846 2279 1877 2317 a
1906 2264 1994 2317 vili
2022 2263 2151 2317 sub-

588 2350 782 2404 stantia
810 2350 959 2406 duxit
985 2350 1392 2420 appellationem
1427 2367 1549 2406 cum
1580 2353 1711 2406 dixit
1736 2370 1749 2405 :
1776 2354 1836 2406 Et
1865 2363 1966 2407 erat
1988 2355 2148 2408 onuiis

590 2452 721 2498 terra
747 2444 930 2498 labium
954 2461 1130 2497 unum.
1159 2445 1331 2513 Atque
1369 2452 1425 2498 ut
1453 2444 1666 2498 discatis
1691 2446 1767 2500 sic
1791 2460 1910 2499 eum
1937 2461 2034 2498 nos
2055 2459 2147 2514 ap-

590 2532 792 2601 pellare
806 2548 924 2588 cum
947 2532 1357 2602 peccaverimus,
1377 2532 1635 2586 Adamum
1659 2534 1726 2587 ita
1746 2543 1862 2603 post
1879 2543 2145 2602 peccatum

587 2623 870 2690 appellavit
895 2623 1112 2689 dicens,
1163 2621 1317 2676 Terra
1358 2639 1444 2688 es,
1493 2633 1539 2677 et
1579 2624 1632 2677 in
1669 2639 1856 2677 .erram
1891 2625 2146 2677 reverteris

585 2711 738 2779 (Gen.
769 2714 824 2768 5.
856 2712 946 2781 19)
969 2729 984 2765 :
1008 2712 1215 2766 tametsi
1247 2727 1352 2766 non
1388 2722 1528 2768 terra
1569 2721 1768 2766 tantum
1798 2722 1943 2776 erat,
1975 2713 2066 2767 sed
2092 2722 2146 2768 et

584 2803 812 2854 animam
835 2801 1056 2855 habebat
1073 2803 1444 2857 immortalem.
1460 2801 1566 2857 Cur
1580 2803 1736 2872 igitur
1758 2813 1950 2858 terram
1973 2805 2142 2872 ipsum

581 2890 903 2958 appellavit?
923 2889 1053 2957 Quia
1081 2892 1340 2959 peccavit.
1366 2890 1506 2945 Sane
1527 2907 1646 2945 cum
1671 2889 1840 2961 ipsum
1869 2891 2141 2958 formaret,

581 2992 685 3030 nou
713 2978 783 3030 ita
805 2976 950 3031 illum
983 2979 1442 3047 appellavit:quid
1469 2980 1639 3050 ergo?
1674 2980 1943 3034 Faciamus
1976 2983 2142 3035 Itami-

581 3082 693 3119 nem
715 3064 782 3117 ad
805 3064 1072 3136 imaginem
1091 3076 1138 3119 et
1155 3066 1532 3120 similitudinem
1553 3077 1769 3120 nostram
1785 3084 1803 3120 :
1816 3077 1863 3120 et
1885 3069 2142 3121 dominen-

577 3164 661 3210 tur
710 3157 924 3223 piscibus
965 3157 1118 3210 maris
1139 3197 1157 3223 ,
1203 3165 1252 3210 et
1302 3157 1468 3210 bestiis
1517 3165 1683 3211 terra.
1738 3155 1804 3210 Et
1848 3159 1938 3210 erit
1994 3159 2142 3210 timor

577 3261 748 3299 eorum
797 3255 843 3299 et
871 3253 1056 3299 tremor
1081 3262 1234 3314 super
1257 3261 1450 3298 omnem
1479 3253 1660 3299 terram
1691 3243 1844 3316 (Gen.
1877 3247 1927 3300 1.
1954 3245 2054 3310 26;
2082 3245 2137 3301 9.

576 3332 654 3402 2).
700 3333 860 3387 Vides
893 3333 1064 3402 qualis
1107 3340 1252 3388 esset
1295 3343 1494 3387 natura:
1534 3334 1913 3403 praerogativa?
1957 3335 2139 3403 quales

577 3423 848 3478 honores?
874 3424 1046 3493 qualia
1079 3425 1380 3494 praeconia?
1406 3424 1778 3480 Verumtamen
1807 3437 1929 3479 ante
1956 3440 2139 3494 pecca-

577 3523 686 3566 tum
710 3530 725 3567 :
749 3521 869 3582 post
895 3525 1167 3581 peceatum
1196 3524 1372 3569 autem
1406 3514 1695 3582 deinceps:
1716 3513 1876 3567 Terra
1908 3530 1980 3577 es,
2011 3524 2058 3567 et
2085 3515 2136 3566 in

575 3613 760 3655 terram
797 3604 1075 3656 reverteris.
1114 3603 1250 3656 Audi
1295 3617 1420 3656 vero
1461 3602 1772 3657 Halaehiam
1821 3617 2031 3672 quoque
2059 3602 2138 3655 id-

574 3691 744 3758 ipsum
775 3691 1112 3757 innuentem,
1140 3693 1218 3747 vel
1269 3693 1444 3761 potius
1475 3692 1636 3745 Deum
1669 3707 1762 3760 per
1787 3691 2133 3760 prophetam:

577 3777 702 3832 Ecce
725 3780 863 3833 enim
891 3783 1032 3833 mitto
1084 3782 1237 3843 vobis,
1268 3783 1456 3850 inquit,
1489 3780 1658 3834 Etiam
1683 3778 1948 3833 Thesbiten
1975 3779 2134 3848 (Mal.

572 3868 624 3921 4.
671 3867 748 3938 5).
784 3869 891 3922 Cur
931 3869 1090 3938 igitur
1129 3871 1326 3924 mittit?
1356 3870 1422 3925 Ut
1457 3879 1713 3924 convertat
1746 3886 1834 3924 cor
1873 3870 2032 3939 patris
2067 3871 2136 3923 ad

568 3957 731 4024 ﬁlium
756 3956 918 4026 (Ibid.
942 3975 989 4012 υ.
1014 3959 1092 4028 6).
1124 3959 1254 4015 Nam
1283 3961 1402 4030 quia
1429 3960 1661 4014 futurum
1686 3969 1788 4024 est,
1817 3969 1873 4012 ut
1901 3944 2133 4014 tremen-

569 4044 692 4098 dum
715 4046 838 4099 illud
856 4056 909 4100 et
930 4047 1250 4102 horrendum
1271 4049 1517 4102 adveniat
1532 4049 1808 4117 judicium,
1834 4063 1900 4101 ne
1921 4049 2135 4103 inexcu-

566 4133 756 4187 sabiles
776 4151 838 4188 ac
859 4138 1028 4202 panis
1048 4137 1304 4191 obnoxios
1321 4137 1682 4206 deprehensos
1701 4137 1904 4206 aliquos
1919 4136 2134 4193 damnet

566 4222 734 4277 Judex
754 4240 769 4277 :
789 4233 842 4277 ut
871 4239 990 4278 eum
1021 4229 1226 4281 venerit
1254 4228 1374 4294 ille,
1414 4242 1477 4282 ac
1511 4227 1814 4295 przedixerit
1839 4228 2130 4298 appropin-

565 4327 731 4382 quare
779 4328 843 4369 ac
871 4330 965 4384 pro
991 4315 1189 4369 foribus
1223 4332 1343 4370 esse
1369 4317 1651 4371 adventum
1678 4316 1814 4384 ejus,
1843 4317 1910 4370 ad
1942 4319 2132 4370 melio-

565 4419 678 4459 rem
707 4405 904 4474 lrugem
935 4417 1143 4462 revocet
1167 4408 1438 4473 homines;
1463 4409 1637 4462 solent
1659 4409 1850 4477 quippe
1869 4424 1988 4477 qua:
2006 4417 2131 4466 ante

567 4492 761 4547 multos
797 4509 962 4547 annos
988 4494 1126 4548 dicta
1153 4506 1276 4549 sunt
1320 4497 1370 4549 in
1399 4505 1758 4564 contemptum
1787 4498 1966 4550 venire
1989 4513 2004 4549 :
2027 4513 2126 4550 no-

563 4591 725 4636 stram
752 4583 910 4652 igitur
932 4586 1238 4639 memoriam
1264 4601 1525 4640 renovans
1553 4585 1618 4638 ad
1645 4601 1742 4638 nos
1764 4585 1851 4638 ille
1873 4586 2125 4655 propheta

563 4672 724 4724 venit.
750 4672 855 4727 Sed
884 4674 1136 4742 appellari
1177 4685 1370 4729 terram
1399 4691 1492 4730 eos
1519 4675 1610 4745 qui
1636 4682 1882 4745 peccant,
1914 4674 1966 4728 id
2001 4691 2125 4731 vero

563 4775 700 4815 nunc
730 4763 879 4818 nobis
902 4773 984 4818 est
1009 4765 1498 4822 demonstrandum.

629 4850 682 4904 6.
715 4849 1004 4906 Peccatores
1036 4855 1154 4907 dicti
1181 4865 1332 4908 terra.
1351 4883 1426 4896 —
1447 4856 1578 4910 Cum
1609 4870 1737 4924 ergo
1775 4854 2023 4919 dixisset,
2055 4855 2124 4911 Ut

556 4949 804 4993 convertat
839 4957 927 4994 cor
945 4945 1101 5011 patris
1126 4946 1192 4996 ad
1210 4945 1394 5012 ﬁlium,
1416 4945 1609 5013 adjecit
1636 4944 1750 5000 :Ne
1772 4945 1902 5013 forte
1927 4946 2122 5001 veniens

555 5029 828 5096 percutiam
877 5041 1057 5085 terram
1111 5034 1346 5100 penitus;
1387 5036 1612 5101 percutit
1647 5043 1822 5088 autem
1876 5033 1994 5087 illos
2031 5037 2118 5102 qui

557 5127 794 5186 peccant.
847 5120 1000 5174 Vides
1050 5137 1143 5176 eos
1183 5123 1272 5193 qui
1317 5132 1540 5191 peccant
1585 5134 1778 5176 terram
1827 5124 2121 5192 appellari?

553 5210 689 5264 Alibi
717 5225 895 5265 rursus
922 5213 987 5266 de
1010 5213 1223 5268 Christo
1263 5228 1485 5268 narrans
1512 5215 1764 5282 prepheta
1793 5214 1868 5269 sic
1909 5215 2116 5271 aiebat:

551 5296 665 5350 Erit
678 5300 877 5367 justitia
898 5302 1087 5356 cinctus
1114 5303 1336 5356 lumbum
1356 5320 1500 5356 suum
1517 5343 1532 5368 ,
1562 5313 1608 5356 et
1636 5305 1840 5357 veritate
1866 5304 2119 5357 involutus

548 5399 710 5442 costas
736 5405 853 5443 suas
891 5392 1037 5461 (Isai.
1066 5396 1153 5449 11.
1185 5396 1240 5461 5)
1274 5412 1287 5447 :
1323 5409 1430 5447 non
1466 5393 1606 5463 quod
1653 5395 1704 5447 in
1741 5395 1849 5446 Deo
1879 5395 1948 5446 sit
1975 5407 2119 5448 costa

551 5478 629 5530 vel
658 5478 898 5543 lumbus;
924 5483 1113 5550 quippe
1138 5498 1256 5538 cum
1281 5484 1648 5551 incorporeum
1681 5484 1750 5535 sit
1775 5481 2004 5546 Numen;
2027 5484 2120 5536 sed

553 5581 649 5633 per
680 5566 792 5619 hcce
834 5568 1188 5637 incorruptum
1219 5587 1336 5625 esse
1378 5572 1577 5625 Judieis
1608 5571 1758 5624 istius
1780 5610 1794 5633 ,
1827 5584 1999 5636 neque
2030 5571 2123 5623 de-

547 5654 646 5721 cipi
671 5657 1096 5723 possejudicium
1129 5661 1362 5714 declarat
1394 5675 1601 5732 :neque
1629 5660 1738 5728 jam
1774 5659 1999 5727 amplius
2027 5673 2115 5711 ca-

1313 359 1369 416 S.
1408 357 1683 414 JOANNIS
1718 351 2188 411 οιιιιγεοετοιιι
2226 351 2538 411 ΑΒΕΗῘΕΡ.
2578 357 3102 416 CONSTANTINOP.

3714 380 3838 435 184

2259 462 2660 522 lumniatoribus
2678 509 2694 532 ,
2723 485 2894 540 neque
2919 471 3190 526 maledicis
3209 512 3228 540 ,
3253 486 3352 528 nec
3373 473 3697 543 corruptioni
3727 488 3838 543 per

2258 554 2506 622 pecunias
2531 594 2548 621 ,
2571 570 2671 612 nec
2691 556 2827 627 juris
2862 557 3086 616 inscitia
3130 562 3301 616 locum
3330 560 3465 617 fore.
3492 563 3620 617 Nam
3651 563 3703 618 iu
3739 563 3838 619 hia

2253 641 2464 710 quidem
2499 643 2713 712 judiciis
2739 658 2792 702 et
2822 649 3073 704 innocens
3111 650 3376 718 plectitur,
3404 661 3458 705 et
3482 665 3606 706 reus
3632 652 3831 708 absol-

2253 732 2410 796 vitur,
2444 735 2565 803 quia
2593 749 2831 806 persmpe
2865 736 2954 806 jus
2991 738 3376 795 labefactatur:
3403 755 3523 795 cum
3563 755 3691 796 vero
3720 740 3824 810 ju-

2255 829 2374 875 stus
2409 821 2572 889 judex
2597 834 2652 878 et
2695 827 2784 894 qui
2826 827 3000 896 decipi
3047 828 3264 883 minime
3311 838 3483 898 potest
3507 829 3832 895 advenerit,

2252 911 2341 978 qui
2374 911 2575 977 justitia
2612 915 2814 968 cinctus
2838 925 2918 970 est
2944 917 3181 972 lumbum
3207 932 3382 984 suum,
3409 929 3462 973 et
3491 921 3716 975 veritate
3741 921 3832 974 in-

2251 1001 2458 1054 volutus
2476 1012 2651 1058 costas
2678 1019 2821 1067 suas,
2845 1020 3030 1060 omnes
3053 1007 3385 1062 exactissime
3407 1008 3495 1076 jus
3514 1022 3670 1063 suum
3710 1009 3826 1063 ob-

2253 1091 2510 1146 tinebunt.
2534 1093 2601 1147 Et
2625 1096 2862 1164 percutiet
2888 1105 3067 1150 terram
3086 1096 3230 1150 verba
3253 1098 3354 1151 oris
3381 1101 3461 1152 sui
3483 1097 3642 1170 (Ibid.
3667 1117 3713 1155 υ.
3736 1100 3824 1173 4).

2250 1183 2421 1250 Atque
2451 1193 2505 1235 ut
2523 1197 2808 1252 cognoscas
2831 1200 2934 1240 non
2959 1186 3026 1240 de
3047 1195 3207 1251 terra,
3234 1187 3326 1243 sed
3351 1187 3420 1243 de
3445 1192 3828 1258 peccatoribus

2251 1285 2371 1325 eum
2423 1273 2587 1341 loqui.
2607 1275 2861 1342 adiunxit,
2883 1275 2950 1330 Et
2975 1277 3029 1330 in
3069 1279 3250 1346 spiritu
3279 1296 3368 1349 per
3390 1281 3524 1334 labia
3548 1281 3828 1351 interﬁciat

2251 1361 2449 1429 impios.
2481 1362 2641 1419 Vides
2683 1364 2770 1419 hic
2811 1366 2968 1420 etiam
3001 1378 3302 1437 peccatores
3344 1386 3462 1427 esse
3493 1381 3689 1428 terram
3717 1388 3828 1443 ap-

2253 1451 2511 1520 pellatos?
2555 1453 2644 1508 His
2693 1470 2819 1524 ergo
2837 1459 3099 1525 cognitis,
3147 1474 3265 1514 eum
3315 1462 3546 1518 audieris
3599 1479 3826 1518 omnem

2251 1547 2445 1595 terram
2492 1541 2685 1596 labium
2731 1560 2888 1597 unum
2931 1545 3130 1612 fuisse,
3172 1548 3449 1604 humanam
3489 1567 3672 1607 rursus
3715 1567 3826 1606 na-

2251 1636 2421 1682 turam
2466 1630 2696 1701 intellige
2726 1649 2739 1685 :
2772 1634 3034 1702 propriam
3086 1638 3228 1691 enim
3275 1639 3523 1693 vilitatem
3554 1641 3710 1696 nobis
3763 1643 3825 1698 in

2253 1721 2559 1774 memoriam
2585 1733 2796 1778 revocat
2828 1739 2842 1775 :
2869 1739 3113 1793 magnum
3156 1728 3350 1796 quippe
3377 1730 3569 1783 bonum
3603 1740 3686 1785 est
3713 1747 3820 1786 co-

2249 1809 2549 1878 gnationem
2576 1825 2722 1865 suam
2761 1828 3100 1882 cognoscere,
3127 1830 3191 1869 ac
3216 1818 3353 1872 scire
3371 1858 3388 1883 ,
3417 1820 3607 1888 quibus
3630 1834 3700 1875 ex
3729 1836 3826 1875 re-

2253 1895 2352 1950 bus
2393 1899 2648 1966 compacti
2700 1899 2884 1954 simus.
2914 1902 3039 1956 llaec
3069 1902 3336 1959 sufficiens
3375 1917 3457 1960 est
3501 1906 3828 1963 humilitatis

2251 1985 2487 2041 doctrina
2515 1989 2868 2045 consideratio
2905 2002 3106 2046 natura:
3140 2011 3153 2047 :
3185 2009 3370 2050 omnes
3408 2007 3584 2065 potest
3607 2008 3828 2069 pertur-

2253 2074 2489 2131 bationes
2533 2077 2720 2133 sedare
2764 2088 2817 2134 et
2879 2083 3311 2150 tranquillitatem
3377 2087 3552 2142 animo
3606 2102 3825 2155 parere.

2251 2166 2535 2237 Pr0pterea
2575 2171 2821 2225 monebat
2862 2171 3074 2240 quidam
3095 2213 3110 2236 ,
3136 2175 3348 2228 Attende
3384 2176 3472 2229 tibi
3497 2178 3596 2247 ipsi
3624 2176 3825 2248 (Eccli.

2247 2257 2336 2312 29.
2364 2257 2494 2325 27).
2526 2261 2753 2328 recogita
2801 2271 3039 2315 naturam
3082 2272 3136 2317 et
3178 2266 3499 2320 creationem
3549 2275 3726 2329 tuam,
3765 2275 3826 2322 et

2247 2346 2470 2402 sufficiet
2497 2347 2597 2402 hoc
2626 2348 2719 2402 tibi
2741 2358 2796 2402 ut
2822 2351 3093 2405 modestus
3115 2361 3366 2422 perpetuo
3392 2357 3466 2408 sis
3489 2363 3544 2408 et
3572 2354 3822 2408 humilis.

2250 2435 2529 2504 Propterea
2551 2436 2722 2505 justus
2751 2438 2839 2492 ille
2867 2439 3132 2492 Abraham
3157 2442 3406 2496 continuo
3434 2442 3825 2511 cogitationem

2249 2524 2384 2580 hanc
2401 2536 2575 2581 mente
2593 2528 2848 2592 versabat,
2863 2543 2960 2584 nec
2975 2545 3222 2600 umquam
3239 2530 3304 2585 de
3323 2546 3382 2586 se
3402 2530 3678 2601 magnifice
3695 2545 3826 2585 sen-

2249 2617 2428 2672 tiebat.
2455 2617 2609 2674 Certe
2649 2633 2767 2673 cum
2795 2620 2956 2674 Deum
2999 2621 3382 2690 alloqueretur,
3413 2635 3476 2675 ae
3503 2629 3648 2674 tanta
3671 2620 3825 2690 apud

2247 2723 2367 2763 eum
2403 2710 2569 2779 gratia
2593 2711 2832 2778 valeret,
2863 2722 3021 2780 atque
3043 2712 3110 2765 ab
3137 2712 3250 2781 ipso
3297 2711 3658 2766 testimonium
3706 2726 3824 2766 sua:

2247 2799 2454 2852 virtutis
2498 2799 2786 2867 accepisset
2807 2840 2822 2864 ,
2852 2799 3059 2855 dicebat
3090 2817 3102 2852 :
3135 2799 3247 2870 Ego
3269 2811 3440 2867 autem
3465 2816 3576 2854 sum
3607 2809 3744 2853 terra
3774 2810 3824 2852 ct

2243 2888 2369 2941 cinis
2398 2887 2545 2957 (Gen.
2572 2889 2658 2943 18.
2688 2888 2800 2958 27).
2828 2889 2976 2943 Alius
3001 2903 3184 2943 rursus
3214 2889 3480 2944 hominem
3507 2889 3822 2958 arrogantia

2245 2977 2478 3030 inﬂatum
2524 2993 2643 3031 cum
2675 2978 2832 3032 vellet
2877 2979 3200 3046 reprimere,
3225 2992 3328 3032 non
3355 2979 3569 3047 longum
3600 2991 3821 3032 sermo-

2245 3081 2366 3119 nem
2410 3066 2670 3130 instituit,
2697 3067 2789 3120 sed
2820 3068 3052 3120 animum
3102 3067 3216 3134 ejus
3243 3076 3445 3120 tantum
3491 3066 3559 3119 ad
3610 3074 3822 3119 natura:

2243 3169 2352 3208 suae
2382 3155 2684 3209 memoriam
2718 3164 2959 3219 revocat,
2984 3168 3212 3224 eumque
3241 3156 3434 3209 acriter
3477 3156 3704 3223 castigat
3734 3153 3823 3207 his

2243 3243 2417 3297 verbis
2448 3261 2462 3296 :
2497 3243 2628 3309 Quid
2651 3244 2870 3312 superbit
2907 3252 3040 3296 terra
3058 3252 3105 3296 et
3139 3244 3264 3297 cinis
3293 3242 3479 3312 (Eccli.
3511 3243 3600 3297 10.
3624 3242 3712 3314 9)?
3739 3242 3822 3298 Tu

2242 3331 2372 3385 mihi
2397 3347 2512 3400 quae
2543 3341 2660 3399 post
2707 3341 2929 3385 mortem
2955 3340 3212 3400 apparent
3258 3331 3692 3386 commemoras?
3716 3330 3825 3384 Re-

2242 3421 2411 3488 prime
2440 3421 2606 3489 ipsum
2638 3421 2919 3475 viventem.
2967 3420 3117 3474 Nunc
3145 3436 3205 3475 se
3246 3431 3438 3474 terram
3472 3436 3535 3474 ac
3575 3421 3820 3475 cinerem

2239 3524 2359 3562 esse
2384 3526 2485 3563 non
2509 3511 2763 3580 agnoscit.
2799 3510 2951 3564 Videt
2975 3511 3215 3578 corporis
3235 3510 3491 3572 formam;
3517 3509 3664 3563 videt
3711 3525 3818 3580 po-

2243 3598 2480 3663 tentiam,
2504 3609 2888 3652 assentatorum
2911 3598 3162 3666 obsequia
3181 3639 3197 3661 ,
3232 3600 3492 3665 parasitos
3518 3607 3819 3653 sectantes.

2242 3689 2488 3744 Vestibus
2539 3691 2783 3758 pretiosis
2815 3690 3063 3752 indutus,
3109 3703 3299 3757 magno
3342 3689 3690 3758 magistratus
3721 3702 3822 3756 ap-

2239 3791 2425 3850 paratu
2449 3779 2748 3843 decoratur,
2779 3779 2923 3832 illum
2945 3778 3059 3831 btec
3086 3792 3276 3846 pompa
3305 3775 3525 3844 decipit,
3555 3787 3612 3831 et
3639 3786 3698 3830 ut
3722 3791 3822 3830 ua-

2241 3879 2373 3924 turaa
2400 3871 2735 3924 obliviscatur
2760 3871 2941 3925 efficit.
2973 3870 3183 3923 Scimus
3230 3880 3423 3922 terram
3455 3882 3578 3922 esse
3625 3883 3730 3922 nos
3758 3881 3824 3923 ac

2237 3960 2622 4015 cineremzsed
2652 3977 2748 4015 nos
2793 3961 2883 4029 qui
2939 3967 3292 4028 temperantes
3335 3973 3397 4013 ac
3445 3958 3678 4014 modesti
3733 3974 3826 4013 su-

2240 4063 2361 4101 mus
2382 4057 2462 4101 :at
2487 4049 2573 4103 ille
2597 4049 3102 4102 demonstrationem
3127 4047 3262 4100 hanc
3282 4062 3311 4098 a
3333 4047 3437 4101 line
3460 4047 3681 4100 ductam
3714 4062 3824 4102 non

2239 4147 2548 4206 exspectat,
2592 4154 2762 4206 neque
2805 4139 2871 4191 ad
2917 4138 3117 4191 loculos
3164 4137 3500 4206 tumulosque
3551 4139 3823 4205 majorum

2238 4228 2432 4294 pergit,
2465 4227 2553 4280 sed
2577 4228 2853 4296 prmseutia
2884 4227 3119 4294 respicit,
3148 4241 3319 4294 neque
3343 4225 3637 4295 quidquam
3667 4227 3824 4296 cogi-

2237 4321 2322 4368 tat
2343 4315 2410 4368 de
2451 4314 2655 4368 futuris.
2684 4315 2798 4368 .lam
2827 4329 2891 4368 ex
2933 4314 3032 4366 hoc
3059 4315 3204 4366 illum
3247 4313 3380 4367 doce
3406 4324 3608 4368 terram
3642 4329 3710 4367 ac
3745 4315 3824 4368 ci-

2236 4421 2426 4460 nerem
2451 4406 2616 4474 ipsum
2646 4421 2782 4459 esse.
2814 4405 2962 4459 Mane
2985 4406 3259 4473 tantisper,
3287 4405 3481 4470 inquit,
3507 4419 3692 4473 neque
3719 4405 3822 4458 hoc

2233 4495 2476 4560 docebo,
2508 4495 2600 4550 sed
2628 4494 2769 4548 aliud
2801 4496 2962 4548 multo
3011 4493 3264 4560 ahjcctius
3291 4509 3304 4545 :
3337 4502 3395 4546 ut
3418 4508 3543 4546 cum
3575 4493 3720 4546 fastu
3750 4494 3830 4547 in-

2234 4585 2528 4647 tumuerit,
2557 4599 2704 4640 suam
2738 4584 2901 4651 ipsius
2927 4583 3178 4635 vilitatem
3217 4591 3466 4651 agnoscat
3491 4599 3511 4640 ς
3543 4591 3602 4636 ut
3634 4585 3829 4637 vivens

2235 4673 2476 4741 accipiat
2497 4672 2829 4725 medicinam.
2857 4671 2986 4725 Cum
3015 4671 3153 4722 enim
3182 4669 3436 4736 dixisset,
3474 4670 3618 4734 Quid
3649 4688 3829 4740 super-

2231 4765 2313 4817 bit
2345 4773 2479 4814 terra
2503 4770 2548 4813 et
2571 4761 2724 4813 cinis?
2752 4760 2942 4826 adjecit
2967 4777 2979 4811 :
3014 4759 3263 4821 Quoniam
3305 4759 3356 4811 in
3377 4761 3481 4812 vita
3510 4759 3582 4811 ad
3609 4761 3829 4813 nihilum

2229 4851 2454 4905 redacta
2498 4858 2610 4900 sunt
2635 4846 2804 4898 intima
2828 4849 2933 4916 ejus
2964 4845 3118 4913 (Ibid.
3163 4861 3211 4898 υ.
3242 4847 3351 4916 10).
3383 4848 3520 4914 Quid
3559 4851 3670 4906 hoc
3715 4859 3826 4916 est,

2235 4941 2503 5007 Quoniam
2530 4940 2581 4992 in
2608 4941 2705 4991 vita
2728 4941 2794 4990 ad
2821 4940 3030 4992 nihilum
3069 4941 3271 4992 redacta
3298 4952 3410 4995 sunt
3447 4943 3634 4998 intima
3680 4948 3830 5011 eius?

2229 5031 2546 5086 Obscurum
2592 5037 2670 5080 est
2725 5027 2946 5081 fortasse
2987 5028 3182 5081 dictum
3244 5031 3389 5084 illud.
3457 5031 3660 5088 Intima
3705 5037 3830 5090 dicit

2231 5118 2526 5180 intestina,
2556 5117 2680 5169 dicit
2709 5118 2922 5182 viscera,
2950 5128 3185 5172 ventrem
3210 5125 3538 5177 stercoribus
3562 5126 3819 5192 plenum,

2230 5225 2307 5263 ac
2361 5206 2543 5257 multis
2587 5205 2824 5258 sordibus
2862 5219 2915 5260 et
2965 5207 3149 5260 faetore
3181 5225 3194 5260 :
3223 5225 3326 5262 non
3375 5214 3518 5279 quod
3574 5225 3828 5270 naturam

2230 5300 2503 5357 damnet,
2534 5292 2625 5346 sed
2656 5302 2709 5345 ut
2729 5294 2789 5345 ad
2817 5294 3158 5347 humilitatem
3189 5296 3434 5353 adducat.
3465 5302 3738 5367 Quoniam
3783 5308 3830 5359 in

2232 5389 2354 5441 vita
2409 5384 2474 5434 ad
2505 5384 2712 5434 nihilum
2757 5385 2956 5436 redacta
2998 5394 3110 5436 sunt
3134 5388 3171 5438 ⁸.
3196 5386 3354 5441 Vides
3411 5405 3576 5459 quam
3611 5395 3743 5448 vilis
3783 5407 3830 5452 ιιι

2234 5479 2402 5529 ﬂuxa
2432 5471 2500 5522 sit
2545 5482 2716 5524 nostra
2759 5473 3082 5525 substantia?
3109 5473 3219 5526 Noli
3241 5474 3380 5529 diem
3409 5479 3591 5534 obitus
3635 5497 3830 5553 cmpe-

2271 5602 2332 5712 αί
2355 5598 2530 5704 ’Coll).,
2557 5603 2776 5658 Quoniam
2796 5615 2842 5651 tn
2866 5603 2956 5651 vita
2973 5602 3073 5661 ejus
3101 5601 3249 5653 vilitas
3288 5611 3477 5657 natum
3508 5609 3621 5668 eius
3648 5615 3829 5676 percpi.

2271 5678 2285 5686 ‘
2316 5675 2348 5706 Il
2372 5674 2398 5708 ’.

2237 5674 2398 5714 εειιιν.
