4032 6220
578 499 669 550 τὺν
709 492 900 562 αὐχένα
935 493 1296 557 ἀνατείνοντα,
1323 493 1421 554 τὰς
1459 491 1628 562 ὀφρῦς
1667 491 2012 556 ἀνασπῶντα,
2048 493 2139 542 ἐπὶ

577 584 672 635 τοῦ
715 583 984 650 ὀχήματος
1025 581 1340 653 φερόμενον,
1380 580 1720 644 ἀπειλοῦντα,
1754 581 1833 640 εἰς
1860 579 2140 649 δεσμωτὴ-

584 687 694 738 ριον
724 668 1072 738 ἐμϐάλλοντα,
1111 666 1323 737 Θανάτῳ
1349 667 1726 737 παραδιδόντα,
1749 666 2139 737 ἐπηρεάζοντα,

579 755 697 808 εἰπέ
735 755 865 825 πρὸς
892 755 1068 807 αὐτόν·
1105 755 1164 807 Τί
1203 755 1706 821 ὐπερηφανεύεται
1747 753 1822 822 γῆ
1863 753 1960 805 καί
1991 768 2143 806 σπο-

579 843 712 906 δός-ς
747 841 867 893 ’Ότι
909 840 1004 893 καί
1046 840 1115 893 ἐν
1158 839 1233 908 τῇ
1280 839 1391 907 ζωῇ
1428 840 1611 894 αὐτοῦ
1649 839 2037 904 ἐξουδένωται
2074 840 2144 892 τὰ

579 928 858 982 ἑνδόσθια
905 927 1107 983 αὐτοῦ.
1158 927 1341 980 Ταῦτα
1394 927 1454 980 οὐ
1502 927 1629 998 περί
1662 927 1950 998 ἀνθρώπου
1987 927 2143 996 μόνον

583 1014 812 1078 ἰδιώτου,
863 1014 995 1066 ἀλλά
1050 1015 1142 1066 καὶ
1193 1015 1322 1085 περί
1368 1013 1531 1067 αὐτοῦ
1581 1013 1675 1066 τοῦ
1707 1014 2012 1083 καθημένου
2051 1014 2142 1066 ἐπὶ

578 1101 669 1153 τοῦ
710 1103 896 1172 θρόνου
925 1099 1018 1152 τοῦ
1051 1101 1324 1170 βασιλικοῦ
1359 1101 1504 1153 ἐστιν
1540 1103 1731 1154 εἰπεῖν.
1776 1100 1867 1170 Μὴ
1904 1101 2012 1172 γὰρ
2042 1100 2142 1170 τὴν

578 1188 864 1259 ἁλουργίδα
893 1190 1024 1258 ίδῃς,
1052 1189 1183 1259 μηδὲ
1215 1188 1276 1240 τὸ
1307 1188 1560 1257 διάδημα,
1589 1187 1722 1256 μηδέ
1753 1188 1822 1240 τὰ
1855 1188 2043 1256 ἰμάτια
2073 1187 2141 1239 τὰ

575 1275 767 1342 χρυσᾶ,
796 1273 908 1327 ἀλλ’
939 1275 1104 1344 αὐτὴν
1146 1275 1246 1344 τὴν
1292 1273 1450 1341 φύσιν
1491 1272 1801 1344 ἐρεύνησον,
1851 1275 1945 1326 καὶ
1991 1273 2139 1326 οὐδὲν

573 1359 692 1428 ὄψει
724 1360 878 1412 πλέον
911 1359 1135 1430 ἔχουσαν
1165 1360 1272 1412 τῶν
1296 1359 1520 1412 πολλῶνο
1551 1357 1746 1428 μᾶλλον
1770 1360 1846 1422 δέ,
1865 1361 1912 1411 εἰ
1941 1359 2137 1428 βούλει,

571 1446 666 1500 καὶ
684 1446 780 1517 τὴν
803 1446 1109 1516 ἁλουργίδα,
1129 1447 1221 1499 καὶ
1246 1447 1306 1498 τὸ
1330 1446 1583 1514 διάδημα,
1605 1447 1699 1498 καὶ
1721 1447 1788 1498 τὰ
1818 1445 2025 1515 ἱμάτια.
2047 1447 2140 1499 καὶ

571 1530 749 1582 πᾶσαν
795 1530 1041 1601 περίελθε
1072 1532 1169 1601 τὴν
1200 1532 1496 1599 φαντασίαν
1542 1532 1776 1600 ἐκείνην,
1808 1531 1900 1583 καὶ
1938 1532 2138 1584 τούτων

569 1617 746 1669 αὐτῶν
773 1617 893 1685 ὕψει
917 1617 1072 1671 πάλιν
1096 1617 1194 1688 τὴν
1215 1617 1317 1687 γῆν
1335 1613 1498 1671 οὖσαν
1532 1618 1803 1671 ὑπόθεσιν.
1829 1617 2001 1672 Πᾶσα
2031 1617 2139 1687 γὰρ

568 1701 715 1765 δόξα
741 1703 1051 1771 ἀνθρώπου
1085 1704 1165 1768 ὡς
1191 1704 1372 1769 ἄνθος
1403 1705 1636 1773 χόρτου.
1657 1705 1784 1757 Ἰδοὺ
1808 1707 1901 1757 καὶ
1918 1706 2022 1775 γῆς
2049 1706 2138 1758 εὐ-

564 1790 878 1862 τελέστερος
895 1790 1066 1858 ἐφάνη
1090 1792 1118 1842 ό
1149 1789 1530 1860 καλλωπισμὸς
1561 1793 1763 1854 ἐκεῖνος
1793 1791 1959 1852 ἄπας.
1976 1793 2135 1862 Ὁρᾷς

566 1876 686 1939 πῶς
733 1875 1080 1929 καταστέλλει
1127 1875 1188 1927 τὸ
1223 1876 1484 1946 φύσημας
1534 1876 1651 1940 πῶς
1682 1877 1932 1948 καθαιρεί
1957 1880 2136 1932 πᾶσαν

567 1963 819 2016 ἀπόνοιαν
838 1965 871 2034 ἡ
890 1963 1066 2016 ἔννοια
1089 1962 1188 2031 τῆς
1210 1961 1422 2031 φύσεως
1439 1963 1634 2032 αὐτῆς;
1667 1965 1850 2034 ’Δρκεῖ
1873 1965 2028 2034 μόνον
2051 1965 2136 2018 λο-

566 2049 816 2118 γίσασθαι
852 2050 993 2110 τίνες
1028 2050 1210 2118 ἐσμὲν,
1248 2049 1343 2102 καὶ
1385 2049 1546 2102 πόθεν
1586 2051 2013 2121 συνεστήκαμεν,
2044 2053 2136 2105 καὶ

565 2139 714 2191 πᾶσα
742 2137 1016 2206 οἰχήσεται
1044 2137 1317 2206 λογισμῶν
1340 2137 1583 2192 ἀπόνοια.
1617 2137 1714 2190 Διά
1751 2139 1859 2210 γὰρ
1885 2140 2040 2192 τοῦτο
2072 2142 2135 2194 ἐκ

565 2225 656 2278 δύο
698 2223 890 2277 οὐσιῶν
924 2224 1318 2277 κατεσκεύασεν
1350 2225 1497 2294 ἡμᾶς
1536 2226 1565 2276 ό
1595 2225 1746 2290 Θεὸς,
1785 2227 1849 2278 ἵν’
1879 2227 2002 2278 ὅταν
2039 2228 2134 2296 μὲν

564 2313 643 2374 εἰς
679 2311 933 2364 ἀπόνοιαν
970 2310 1232 2380 ἐπαρθῇς,
1259 2311 1582 2380 καταστείλῃ
1613 2329 1672 2364 σε
1700 2313 1759 2363 τὸ
1795 2313 2006 2374 εὐτελὲς
2037 2315 2134 2383 τῆς

567 2397 785 2468 σαρκόςσ
821 2397 947 2449 ὅταν
970 2397 1025 2450 δὲ
1047 2396 1259 2462 ἀνάξιόν
1285 2414 1334 2449 τι
1360 2397 1452 2448 καὶ
1477 2396 1697 2463 ἀγεννὲς
1718 2407 1737 2427 ⁸
1765 2397 1864 2466 τῆς
1894 2397 2135 2467 δοθείσης

566 2501 648 2536 σοι
666 2501 739 2536 πα
745 2484 813 2553 ρά
829 2484 921 2535 τοῦ
937 2482 1071 2535 Θεοῦ
1087 2485 1251 2552 τιμῆς
1267 2482 1542 2553 ἐννοήσῃς,
1560 2482 1807 2553 ἀναγάγῃ
1823 2499 1882 2534 σε
1899 2483 2032 2552 πρὸς
2047 2484 2134 2535 τὸν

563 2569 670 2622 τῶν
701 2570 962 2640 οὐρανίων
983 2569 1259 2636 δυνάμεων
1281 2567 1438 2635 ζῆλον
1471 2571 1504 2636 ἡ
1536 2568 1633 2636 τῆς
1653 2566 1830 2637 ψυχῆς
1865 2568 2130 2635 εὐγένεια.

634 2655 701 2718 ζ’.
740 2656 852 2708 Οὐκ
883 2657 960 2717 εἰς
995 2653 1271 2723 ἀναίρεσιν
1296 2653 1352 2705 δέ
1384 2654 1636 2715 ἀπονοίας
1671 2655 1827 2722 μόνον
1859 2655 2133 2723 ἐπιτηδεία

565 2742 599 2809 ἡ
619 2739 902 2808 ἐπίσκεψις
924 2740 1022 2808 τῆς
1048 2738 1261 2806 φύσεως
1304 2738 1436 2790 ἀλλὰ
1456 2739 1558 2791 κᾶν
1581 2740 1742 2808 έτέρα
1765 2755 1847 2801 τις
1872 2739 2133 2808 ἐπιθυμία

562 2826 827 2895 διενοχλῇ,
857 2825 956 2878 κᾶν
986 2827 1019 2894 ἡ
1072 2824 1178 2875 τῶν
1230 2825 1546 2894 χρημάτων,
1591 2823 1692 2877 κᾶν
1727 2826 1761 2894 ἡ
1787 2824 1894 2877 τῶν
1948 2827 2131 2894 σωμά-

561 2931 690 2976 των,
720 2917 753 2984 ἡ
783 2915 976 2974 ἄτοπος
1001 2912 1137 2980 αῦτη
1172 2913 1264 2964 καὶ
1295 2911 1375 2974 εἰς
1400 2912 1686 2979 ἀσέλγειαν
1738 2913 2128 2984 ἐκκαλουμένη.

561 3004 772 3073 ἀπόχρη
807 3002 961 3054 τοῦτο
987 3002 1064 3062 εἰς
1091 2999 1440 3070 παραμυθίαν
1461 3000 1554 3052 τοῦ
1579 3000 1800 3064 πάθους.
1837 3002 2004 3054 Ὅταν
2039 2999 2130 3055 οὖν

563 3092 677 3163 ἴδῃς
697 3092 928 3158 γυναῖκα
945 3086 1235 3158 εὔμορφον,
1267 3086 1550 3156 λάμποντα
1578 3087 1806 3156 ἔχουσαν
1829 3088 2124 3160 ὀφθαλμὸν,

562 3177 801 3247 φαιδρὸν,
822 3175 1139 3227 στίλϐουσαν
1170 3174 1275 3226 ἀπὸ
1294 3174 1392 3242 τῆς
1425 3176 1673 3243 παρειᾶς,
1703 3175 1979 3245 ἀμήχανόν
2007 3195 2128 3230 τινα

560 3264 705 3334 ὧραν
732 3264 823 3316 ἐπὶ
842 3264 940 3332 τῆς
962 3263 1138 3330 ὅψεως
1164 3261 1449 3331 φέρουσαν,
1478 3261 1778 3329 φλέγουσάν
1801 3279 1893 3315 σου
1914 3264 2005 3316 τὸν
2039 3263 2127 3316 λο-

559 3352 776 3422 γισμόν,
811 3351 904 3404 καί
941 3352 1039 3420 τὴν
1068 3349 1358 3420 ἐπιθυμίαν
1382 3349 1669 3415 αὕξουσαν,
1692 3352 1940 3420 ἐννόησον
1959 3354 2039 3405 ὅτι
2055 3354 2128 3422 γῆ

555 3441 619 3493 τὸ
647 3437 1077 3509 θαυμαζόμενον,
1109 3437 1188 3488 ὅτι
1206 3436 1397 3497 σποδὸς
1424 3436 1484 3487 τὸ
1515 3437 1752 3501 ἐκκαίον,
1785 3440 1879 3490 καί
1923 3439 2127 3491 παύσε-

558 3545 644 3580 ται
691 3525 997 3594 λυττῶσαὴ
1049 3523 1214 3592 ψυχή·
1247 3521 1584 3590 ἁνακάλυψον
1623 3524 1790 3593 αὐτῆς
1844 3525 1903 3577 τὸ
1954 3525 2128 3595 δέρμα

557 3615 652 3682 τῆς
685 3613 876 3682 ὅψεως,
911 3612 1002 3663 καὶ
1019 3611 1137 3661 τότε
1167 3610 1342 3661 πᾶσαν
1369 3609 1535 3680 αὐτὴν
1558 3609 1680 3676 ἅψει
1711 3610 1812 3680 τῆς
1831 3612 2129 3680 εὐμορφίας

557 3701 654 3770 τὴν
685 3699 975 3751 εὐτέλειαν·
1013 3699 1086 3765 μὴ
1121 3700 1251 3766 στ,ᾖς
1283 3697 1442 3766 μέχρι
1491 3697 1592 3765 τῆς
1624 3697 1963 3764 ἐπιφανείας,
2013 3698 2126 3750 ἀλλ’

557 3786 815 3856 ἐνδοτέρω
843 3785 1055 3852 διάϐηθι
1107 3783 1183 3847 τῷ
1208 3782 1467 3852 λογισμῷ,
1519 3784 1614 3835 καὶ
1649 3783 1800 3836 οὐδὲν
1821 3784 2004 3852 ἓτερον
2040 3787 2128 3838 εὐ-

558 3875 764 3944 ρήσεις,
795 3871 907 3924 ἀλλ’
935 3870 966 3939 ἤ
991 3870 1123 3921 ὀστᾶ
1147 3871 1239 3921 καὶ
1275 3868 1441 3939 νεῦρα
1471 3869 1565 3921 καὶ
1593 3868 1814 3936 φλέϐας,
1873 3870 2010 3921 Ἀλλ’
2031 3872 2129 3922 οὐκ

557 3961 718 4030 ἀρκεῖ
737 3956 937 4023 ταῦτα;
963 3953 1185 4023 Λόγισαί
1212 3971 1312 4024 μου
1351 3954 1553 4024 ταύτην
1578 3955 1984 4026 ἀλλοιουμένην,
2030 3973 2129 4027 γη-

559 4045 883 4116 ράσκουσαν,
925 4041 1342 4111 ἀρρωστοῦσαν,
1397 4041 1751 4108 ὐφιζάνοντας
1797 4041 2124 4111 ὀφθαλμοὺς,

556 4131 651 4183 καὶ
677 4129 1080 4196 κοιλαινομένας
1101 4128 1351 4196 παρειὰς,
1387 4127 1531 4178 ἅπαν
1559 4128 1858 4199 καταρρέον
1885 4129 1944 4180 τὸ
1969 4128 2128 4191 ἄνθος

558 4220 751 4272 ἐκεῖνα
781 4216 1027 4286 ἐννόησον
1071 4214 1124 4267 τί
1178 4213 1496 4284 θαυμάζεις,
1538 4215 1630 4266 καί
1670 4213 1984 4283 αἰσχύνθητε
2033 4232 2124 4268 οτυ

556 4305 654 4374 τὴν
673 4304 871 4374 κρίσιν.
897 4301 1071 4371 Πηλὸν
1107 4300 1400 4371 θαυμάζεις
1416 4302 1508 4353 καὶ
1539 4301 1750 4360 σποδὸν,
1774 4301 1867 4353 καὶ
1897 4302 2041 4364 κόνις
2067 4317 2126 4354 6:

557 4392 767 4444 ἐκκαίει
795 4393 889 4442 καὶ
915 4389 1104 4458 τέφρα.
1123 4391 1196 4442 Οὐ
1250 4387 1570 4461 κατηγορῶν
1596 4392 1697 4458 τῆς
1722 4388 1934 4458 φύσεως
1955 4388 2126 4442 ταῦτα

556 4479 717 4545 λέγωο
753 4475 825 4546 μὴ
842 4475 1064 4543 γένοιτο·
1098 4475 1158 4528 οὐ
1186 4476 1443 4538 κακίζων,
1471 4474 1590 4527 οὐδέ
1616 4476 1696 4537 εἰς
1727 4474 2002 4528 εὐτέλειαν
2027 4477 2127 4545 ἐμ-

557 4565 791 4624 ϐάλλων,
827 4562 959 4616 ἀλλὰ
989 4562 1251 4632 φάρμακα
1272 4565 1381 4624 τοῖς
1431 4562 1644 4614 νοσοῦσι
1679 4562 2121 4626 κατασκευάζων.

555 4648 706 4724 [192]
732 4649 825 4701 Διά
846 4647 1001 4703 τοῦτο
1031 4651 1058 4702 ό
1083 4648 1213 4710 Θεὸς
1243 4648 1494 4716 τοιαύτην
1535 4648 1706 4718 αὐτὴν
1735 4649 2005 4718 ἐποίησεν,
2035 4649 2126 4701 οῦ-

554 4753 662 4799 τως
695 4736 903 4804 εὐτελῆ,
929 4737 1012 4786 ἵνα
1034 4736 1126 4786 καί
1150 4734 1249 4806 τὴν
1275 4735 1480 4787 οἰκείαν
1517 4733 1743 4804 δύναμιν
1772 4734 2120 4803 ἐπιδείξηται,

557 4823 650 4876 καὶ
676 4821 770 4894 τὴν
806 4821 1128 4892 κηδεμονίαν
1159 4822 1255 4890 τὴν
1313 4820 1441 4891 περὶ
1469 4822 1632 4891 ἡμᾶς,
1662 4823 1728 4891 τῇ
1759 4821 1859 4888 τῆς
1911 4821 2124 4888 φύσεως

559 4911 657 4981 μὲν
677 4909 920 4976 εὐτελείᾳ.
937 4907 1070 4979 πρὸς
1083 4906 1575 4976 ταπεινοφροσύνην
1587 4908 1816 4974 ἐνάγων,
1836 4907 1924 4959 καί
1945 4909 2122 4959 πᾶσαν

554 4997 653 5066 τὴν
679 4996 967 5065 ἐπιθυμίαν
996 4993 1153 5064 ἡμῶν
1176 4991 1570 5052 καταστέλλων,
1600 4993 1696 5062 τὴν
1717 4992 1773 5043 δέ
1804 4991 1990 5059 σοφίαν
2019 4994 2123 5044 δει-

554 5081 684 5142 κνὺς
712 5082 810 5150 τὴν
859 5079 1076 5141 ἐαυτοῦ,
1107 5079 1180 5142 ὡς
1213 5080 1306 5132 καὶ
1334 5081 1391 5130 ἐν
1423 5077 1576 5146 πηλῷ
1624 5077 1874 5128 τοσοῦτον
1929 5078 2123 5145 ἰσχύων

552 5165 849 5232 ιξασκῆσαι
867 5167 1080 5228 κάλλος.
1119 5167 1280 5218 Ὥστε
1314 5166 1441 5217 ὅταν
1470 5163 1784 5229 ἐξευτελίσω
1805 5163 1898 5232 τὴν
1917 5165 2122 5225 οὐσίαν,

548 5253 670 5308 τότε
709 5251 1031 5306 ἐκκαλύπτω
1055 5252 1153 5321 τὴν
1181 5253 1375 5322 τέχνην
1402 5253 1493 5305 τοῦ
1515 5249 1878 5321 Δημιουργοῦ.
1914 5249 2125 5318 Ὠσπερ

549 5339 657 5410 γὰρ
679 5337 1116 5407 ἀνδριαντοποιὸν
1161 5336 1280 5388 τότε
1343 5339 1539 5406 μᾶλλον
1596 5337 1963 5405 θαυμάζομεν,
2028 5337 2126 5404 οὐχ

548 5430 674 5480 ὅταν
715 5431 777 5480 ἐκ
821 5427 1047 5498 χρυσίου
1104 5424 1267 5477 καλὸν
1295 5427 1427 5493 ἡμῖν
1471 5425 1618 5496 δείξῃ
1673 5425 1764 5476 τὸν
1813 5423 2125 5492 ἀνδριάντα,

547 5513 660 5564 ἀλλ’
682 5514 808 5564 ὃταν
831 5516 893 5564 ἐκ
919 5510 1091 5580 πηλοῦ
1123 5511 1222 5579 τῆς
1249 5509 1380 5580 ῦλης
1401 5512 1763 5579 ὐποκειμένης
1788 5510 2126 5576 ἀπηρτισμέ-

549 5613 642 5666 νην
678 5600 769 5650 καὶ
801 5599 1004 5669 ἀκριϐῆ
1036 5598 1137 5668 τὴν
1165 5599 1346 5651 εἰκόνα
1405 5597 1705 5666 ἐργάζηται
1757 5595 1898 5646 οὕτω
1922 5596 2012 5646 καί
2036 5595 2126 5645 τὸν

605 5769 628 5797 ⁸
653 5769 735 5816 SM
750 5771 779 5818 il
805 5771 975 5829 ὼμνές.

1281 375 1336 429 S.
1378 373 1658 430 JOANNIS
1695 371 2173 431 CIIBYSOSTCMI
2212 373 2528 433 AIICIIIEP.
2567 377 3106 440 CONSTANTINOP.

3696 401 3804 458 186

2245 493 2624 569 ἀριστοτέχνην
2645 501 2773 552 Θεὸν
2818 499 3218 569 ἐκπληπόμεθα
3243 499 3333 552 καὶ
3359 497 3663 568 δοξάζομεν,
3719 499 3798 554 δτι

2245 585 2301 636 ἐν
2339 586 2513 654 σποδῴ
2543 588 2633 638 και
2668 588 2820 657 πηλῷ
2843 588 3033 650 κάλλος
3064 588 3341 657 ἀμήχανον
3365 585 3457 638 και
3489 587 3679 654 σοφίας
3703 585 3800 657 ἀιδ-

2245 670 2406 738 ρἡου
2431 671 2575 734 τινὸς
2608 673 2862 738 ἐπίδειξιν
2890 677 2999 735 τοῖς
3037 673 3278 742 σώμασιν
3307 671 3465 742 ἡμῶν
3491 672 3798 725 ἐναπέθεττ.

2243 755 2351 807 Καὶ
2381 757 2536 809 τοῦτο
2570 760 2667 811 οὐκ
2725 761 2780 811 ἐν
2821 759 2897 829 τῷ
2951 759 3157 829 σώματι
3218 759 3371 828 μόνον
3426 757 3499 827 τῷ
3527 757 3797 827 ἡμετέρῳ,

2243 841 2375 893 ἀλλὰ
2406 845 2498 895 καὶ
2528 845 2583 895 ἐν
2612 845 2757 915 πάσῃ
2790 848 2854 914 τῇ
2889 845 3058 897 κτίσει
3099 845 3366 912 ἐποίησεν.
3397 842 3642 905 Εὐτελεῖς
3691 843 3799 911 γὰρ

2244 927 2505 998 πολλαχοῦ
2555 931 2888 1000 παραγαγὼν
2943 932 3038 993 τὰς
3095 930 3299 992 οὐσίας,
3331 930 3420 982 καὶ
3453 929 3548 998 τῆς
3596 930 3798 990 οἰκείας

2241 1015 2434 1084 τέχνης
2453 1017 2646 1087 δεῖγμα
2668 1018 2829 1084 σαφές
2857 1016 3209 1085 ἐγκατέθηκε,
3233 1017 3324 1067 καὶ
3345 1015 3443 1083 τῆς
3469 1014 3575 1068 τῶν
3602 1013 3798 1067 οὐσιῶν

2243 1100 2521 1162 ἀσθενείας
2554 1101 2769 1170 ἐλεγχόν
2819 1119 2936 1154 τινα
2961 1101 3332 1172 ἐγκατέμιξεν·
3357 1101 3442 1153 ἴνα
3465 1100 3548 1152 διὰ
3578 1101 3671 1168 μὲν
3699 1100 3796 1167 τὴν

2241 1187 2442 1257 τέχνην
2469 1189 2560 1240 καὶ
2588 1188 2648 1239 τὸ
2682 1187 2872 1250 κάλλος
2895 1187 3173 1259 θαυμάζῃς
3217 1188 3306 1240 τὸν
3328 1186 3681 1256 Δημιουργὸν,
3711 1185 3798 1237 διὰ

2240 1271 2408 1342 δὲτὴν
2437 1272 2717 1327 ἀσθένειαν
2741 1275 2832 1327 καὶ
2856 1274 2951 1344 τὴν
3002 1275 3268 1326 εὐτέλειαν
3309 1275 3405 1340 τῆς
3458 1272 3668 1340 φύσεως
3708 1273 3800 1322 καὶ

2239 1359 2338 1428 τῆς
2356 1361 2542 1422 οὐσίας
2573 1360 2646 1430 μὴ
2696 1362 3072 1431 προσκυνήσῃς
3094 1360 3159 1412 τά
3197 1360 3471 1430 γενόμενα.
3502 1357 3723 1426 Φαιδρδς
3770 1359 3800 1410 6

2238 1446 2384 1515 ἥλιος
2407 1446 2752 1517 λάμπων,καί
2783 1451 2958 1502 πᾶσαν
2981 1446 3308 1515 καταυγάζει
3340 1447 3434 1516 τὴν
3458 1447 3796 1514 οἰκουμένη-ι’

2239 1532 2351 1586 ἀλλ’
2381 1533 2639 1605 ἐλθούσης
2671 1535 2770 1603 τῆς
2825 1537 3013 1598 νυκτὸς
3069 1535 3328 1587 ἐκλείπει.
3375 1534 3435 1586 Τί
3484 1533 3610 1602 γὰρ,
3642 1530 3798 1598 φηῦὶι

2237 1623 2655 1688 φωτεινότερον
2684 1622 2899 1690 ὴλίου;
2952 1621 3136 1674 Ἀλλὰ
3166 1620 3264 1673 καὶ
3307 1619 3480 1672 τοῦτο
3514 1619 3794 1671 ἐκλείπειο

2236 1707 2336 1759 οὐκ
2368 1711 2424 1761 ἐν
2447 1710 2597 1760 νυκτί
2617 1708 2672 1760 δὲ
2707 1708 2884 1778 μόνον,
2930 1707 3062 1761 ἀλλὰ
3095 1707 3187 1760 καί
3221 1709 3276 1759 ἐν
3305 1705 3502 1774 ἡμέρᾳ.
3550 1705 3657 1756 Καὶ
3710 1703 3800 1755 διά

2236 1793 2393 1846 τοῦτο
2420 1793 2671 1857 πολλάκις
2704 1795 2795 1848 καὶ
2814 1795 2871 1846 ἐν
2902 1794 3080 1864 ἡμέρᾳ
3095 1792 3243 1862 ἥλιος
3271 1788 3634 1855 ἐξέλιπεν,ἵνα
3667 1787 3798 1838 θαυ-

2240 1881 2414 1952 μάζῃς
2453 1881 2549 1951 μέν
2569 1880 2656 1933 διά
2677 1881 2774 1950 τὴν
2805 1881 2996 1949 τέχνην
3033 1879 3121 1932 τὸν
3135 1876 3486 1948 Δημιουργδν,
3522 1874 3595 1944 μὴ
3632 1889 3800 1943 προσ-

2236 1969 2473 2038 κυνήσῃς
2509 1967 2564 2019 δὲ
2579 1967 2664 2019 διὰ
2685 1967 2781 2036 τὴν
2808 1966 3086 2018 ἀσθένειαν
3117 1965 3177 2018 τὸ
3198 1964 3496 2032 γενόμενον.
3528 1961 3688 2028 Ὁρᾷς
3708 1959 3798 2010 τὸν

2235 2053 2458 2123 οὐρανὸν
2485 2053 2685 2119 τοῦτον,
2719 2053 2900 2120 ἡλίκον
2924 2054 3038 2106 ἐστί
3071 2053 3257 2120 σῶμα;
3285 2049 3400 2112 πῶς
3441 2047 3636 2109 καλὸν;
3681 2045 3798 2106 πῶς

2233 2139 2569 2203 ἀποστίλϐον,
2620 2141 2710 2193 καί¹
2734 2140 2837 2191 τῶν
2851 2140 3126 2210 ἡμετέρων
3153 2137 3355 2206 βέλτιον
3374 2134 3638 2202 σωμάτων
3656 2131 3798 2185 κατὰ

2233 2227 2328 2295 τὴν
2354 2227 2701 2295 ἐπιφάνειαν;
2746 2226 2884 2278 Ἀλλ’
2913 2225 3112 2294 ἄψυχόν
3143 2226 3307 2276 ἐστιν.
3372 2218 3522 2282 Εἶδες
3555 2219 3649 2270 καὶ
3697 2218 3798 2286 τῆς

2235 2313 2427 2382 τέχνης
2451 2312 2547 2384 τὴν
2569 2313 2839 2376 ἐπίδειξιν,
2869 2311 2961 2363 καὶ
2985 2311 3084 2378 τῆς
3109 2310 3388 2370 ἀσθενείας
3416 2308 3506 2360 τὸν
3534 2305 3794 2373 έλεγχονς

2235 2402 2361 2471 όρᾷς
2387 2400 2721 2470 ἑκατέρωθέν
2741 2417 2822 2452 σοι
2847 2399 2913 2450 τὰ
2934 2397 3257 2468 ὀχυρώματα
3281 2396 3538 2466 κείμενα;
3563 2393 3677 2445 Ἰνα
3689 2391 3797 2459 γὰρ

2239 2487 2311 2557 μὴ
2341 2485 2752 2556 καταγινώσκης
2772 2485 2863 2537 τοῦ
2885 2483 3214 2556 Δημιουργοῦ
3247 2484 3322 2545 ὼς
3353 2479 3631 2540 ἀσθενοῦς,
3658 2477 3798 2530 καλᾶ

2236 2574 2503 2642 ἐποίησεν·
2521 2573 2604 2624 ἶνα
2626 2571 2682 2624 δέ
2717 2572 2790 2642 μὴ
2819 2575 3122 2642 προσκυνῇς
3149 2569 3214 2622 τὰ
3243 2569 3507 2637 γενόμενα
3521 2567 3595 2627 ῶς
3616 2565 3795 2623 θεοὺς,

2234 2657 2434 2726 ἀσθενῆ
2454 2657 2626 2711 ταῦτα
2655 2658 2718 2710 ἐκ
2745 2658 2941 2729 μέρους
2975 2658 3279 2728 εἰργάσατο.
3301 2656 3483 2706 Ταῦτα
3517 2648 3798 2722 μέμνησθε

2231 2743 2505 2814 διηνεκῶς.

2302 2831 2398 2882 Διά
2428 2830 2582 2882 τοῦτο
2622 2830 2840 2899 Γραφάς
2869 2828 3262 2899 ὲρμηνεύομεν,
3298 2826 3395 2893 οὐχ
3450 2824 3536 2874 ἵνα
3571 2820 3798 2890 Γραφάς

2235 2915 2442 2986 μάθητε
2471 2915 2648 2984 μόνον,
2681 2915 2899 2966 ἀλλ’ἵνα
2929 2914 3022 2965 καί⁵
3057 2913 3123 2964 τὰ
3163 2913 3262 2982 ἤθη
3317 2907 3663 2978 διορθώσητε.
3700 2906 3801 2956 ’Ἂν

2231 3003 2339 3072 γάρ
2389 3001 2543 3053 τοῦτο
2598 3001 2670 3071 μὴ
2705 3001 2961 3069 γένηται.
3009 2997 3272 3067 περιττῶς
3327 2990 3797 3058 ἀναγινώσκομεν,

2231 3088 2496 3158 περιττῶς
2527 3086 2882 3158 ἐξηγούμεθα.
2917 3086 3125 3152 Ὥσπερ
3158 3083 3264 3150 γὰρ
3311 3077 3544 3147 ἀθλητὴς
3579 3079 3661 3138 εἰς
3691 3093 3798 3126 πα·

2229 3172 2485 3243 λαίστραν
2515 3173 2695 3225 εἰσιὼν
2719 3172 3066 3240 ἀλειφόμενος
3091 3170 3181 3220 καὶ
3225 3166 3510 3219 ἀπολαύων
3538 3165 3649 3214 τῶν
3681 3178 3798 3231 χει-

2231 3264 2341 3333 ρῶν
2365 3263 2458 3316 τοῦ
2503 3262 2864 3333 παιδοτρίϐου,
2899 3263 2964 3315 ἂν
2988 3261 3081 3312 τοῦ
3112 3257 3318 3325 ἀγῶνος
3351 3253 3798 3325 παραγενομένου

2229 3352 2420 3423 ἐλέγξῃ
2443 3353 2653 3421 ἐκείνην
2680 3354 2777 3420 τὴν
2810 3352 3021 3419 τέχνην,
3054 3347 3320 3417 περιττῶς
3345 3341 3570 3412 εἰσήχθη
3593 3342 3674 3403 εἰς
3700 3339 3802 3406 τὴν

2232 3440 2582 3510 παλαίστραν·
2618 3439 2786 3500 οὓτως
2813 3438 2878 3490 ἂν
2913 3435 3145 3488 ἐνταῦθα
3191 3431 3618 3502 παραγινόμενοι
3641 3468 3657 3490 ,
3707 3425 3803 3476 καὶ

2233 3526 2587 3596 μανθάνοντες
2627 3526 2696 3577 τὰ
2739 3525 3088 3593 παλαίσματα
3132 3521 3306 3572 πάντα
3361 3519 3452 3570 καὶ
3497 3516 3597 3575 τὰς
3630 3512 3805 3573 λαϐὰς

2229 3613 2322 3667 τοῦ
2349 3613 2612 3677 διαϐόλου,
2643 3612 2736 3664 τοῦ
2768 3610 2957 3680 καιροῦ
2997 3609 3102 3661 τῶν
3134 3606 3360 3673 ἀγώνων
3385 3601 3634 3662 ἐλθόντος
3669 3599 3806 3651 ὐπο-

2231 3699 2562 3769 σκελισθῆτε,
2596 3699 2629 3769 ἡ
2694 3697 2963 3766 εὔμορφον
3013 3694 3132 3761 δψιν
3165 3692 3380 3752 ἰδόντες,
3421 3689 3454 3757 ἢ
3491 3685 3633 3754 πρὸς
3668 3682 3807 3735 ἀπό-

2228 3803 2374 3838 νοιαν
2406 3785 2750 3856 ἐπαρθέντες,
2792 3782 2824 3851 ἡ
2856 3781 3022 3848 ἐτέρῳ
3049 3779 3154 3831 τινὶ
3197 3773 3416 3844 πονηρῷ
3442 3769 3807 3856 χειρωθέντες

2228 3872 2490 3942 λογισμῷ,
2515 3853 2700 3940 ’μάτην
2720 3867 2949 3922 ἐνταῦθα
2975 3865 3265 3934 εἰσήλθετε.
3306 3856 3606 3928 Μέμνησθε
3627 3853 3808 3942 τοίνυν

2228 3959 2336 4010 τῶν
2358 3940 2547 4024 λόγων,
2591 3956 2649 4007 οὐ
2669 3953 2776 4006 τῶν
2816 3951 2954 4005 κατά
2984 3951 3079 4018 τῆς
3119 3949 3331 4016 φύσεως
3357 3945 3456 4010 τῆς
3501 3940 3807 4010 ἡμετέρας,

2230 4043 2363 4098 ἀλλὰ
2377 4043 2483 4095 τῶν
2500 4041 2638 4095 κατὰ
2650 4040 2748 4108 τῆς
2765 4036 3048 4105 ἐπιθυμίας
3064 4035 3156 4103 τῆς
3171 4027 3569 4084 ἀκολάστου.οὐ
3589 4024 3812 4093 φύσεως

2231 4128 2377 4202 [195]
2399 4128 2642 4198 ἔγκλημα
2655 4127 2721 4177 τὰ
2741 4122 3019 4194 εἰρημένα,
3040 4118 3173 4171 ἀλλά
3202 4115 3493 4184 ἐπιθυμίας
3516 4112 3546 4152 ιι
3565 4111 3638 4163 τὰ
3656 4108 3816 4202 γετό.

2233 4199 2387 4288 μένα.
2426 4217 2606 4286 Ταύτῃ
2629 4209 3010 4268 καταστέλλετε
3064 4206 3232 4274 θυμὸν
3255 4245 3270 4269 ,
3325 4202 3479 4288 οὓτω,
3521 4199 3813 4288 πραΰνατε

2231 4282 2535 4371 ἐπιθυμίαν,
2563 4282 2705 4353 οῦτω
2737 4296 3049 4350 κατασπᾶτε
3077 4292 3349 4344 ἀπόνοιαν.
3378 4286 3488 4341 Καὶ
3520 4283 3622 4371 ἦν,
3643 4282 3816 4371 πᾶσα

2230 4390 2270 4454 ἡ
2295 4387 2368 4455 Τἦ
2391 4368 2587 4454 κεῖυιος
2603 4384 2692 4447 ἓν,
2718 4382 2813 4434 καὶ
2844 4378 3006 4447 φωνὴ
3027 4379 3131 4445 μία
3147 4374 3352 4428 πᾶσιν.
3370 4371 3502 4424 Ἰδοὺ
3529 4370 3592 4421 τὸ
3611 4368 3780 4455 ζητού
3795 4395 3813 4406 ο

2235 4454 2393 4544 μενον
2428 4472 2524 4525 ἐτι.
2559 4471 2632 4523 υύ
2663 4467 2787 4537 περί
2817 4466 3014 4532 ταύτης
3041 4463 3067 4513 6
3106 4460 3281 4527 λόγος,
3321 4455 3553 4544 ἀλλῖδτι
3592 4454 3815 4544 ᾲπάντες

2230 4536 2282 4612 δί
2315 4557 2586 4626 ἄνθρωποι
2612 4536 2792 4621 φωνην
2826 4545 2965 4618 εἶχον
3005 4547 3149 4618 μίαν.
3183 4544 3280 4596 Διά
3307 4543 3358 4594 τί
3411 4541 3470 4593 δὲ
3525 4540 3714 4610 χεῖλος
3760 4536 3820 4626 ἓν

2230 4622 2456 4697 ἐκάλεσε
2491 4642 2588 4711 τὴν
2611 4640 2790 4709 φωνήν
2815 4654 2829 4700 ;
2859 4633 3014 4696 Ἐθος
3050 4635 3115 4702 τῇ
3138 4631 3326 4701 Γραφῇ
3358 4627 3501 4680 οὕτω
3521 4626 3720 4680 καλεῖν
3750 4622 3820 4674 τὰ

2232 4734 2472 4802 ῥήματα,
2504 4728 2771 4797 γλῶσσαν.
2816 4723 3130 4788 ’Δναγκαῖον
3163 4719 3218 4770 δέ
3255 4717 3347 4770 καὶ
3386 4715 3552 4767 τοῦτο
3606 4711 3818 4802 εἰδέναι

2354 4819 2474 4878 τοὺς
2507 4795 2809 4883 αἱρετικούς
2837 4847 2850 4868 ,
2901 4809 3022 4868 τοὺς
3069 4802 3512 4873 κατηγοροῦντας
3566 4798 3674 4866 τῆς
3722 4795 3817 4883 671‘-

2235 4903 2520 4974 μιουργίας
2540 4878 2628 4952 τοῦ
2653 4896 2806 4956 Θεοῦ,
2830 4895 2951 4954 τοὺς
2986 4891 3239 4958 λέγοντας
3259 4927 3274 4949 ,
3323 4890 3403 4940 δτι
3453 4884 3704 4974 πρνηρὸν
3740 4878 3821 4974 ,τὸ

2235 4966 2422 5056 σῶμαί
2455 4984 2664 5050 Ἐπειδὴ
2685 4982 2792 5050 γάρ
2816 4980 2882 5031 τὰ
2913 4977 3120 5045 πονηρά
3145 4975 3420 5042 κινήματα
3445 4971 3550 5036 τῆς
3571 4966 3821 5056 διανοίας

2231 5047 2346 5134 τοῖς
2379 5072 2560 5141 μέλεσι
2601 5047 2977 5133 τοῦσώματος
3033 5064 3065 5131 ἡ
3115 5061 3306 5129 Γραφὴ
3357 5056 3536 5141 καλεῖς
3603 5047 3724 5104 οἷόν

2231 5138 2396 5225 λέγωί
2416 5157 2751 5218 Ἠκόνησαν
2772 5145 3058 5217 γλῶσσαν
3083 5145 3282 5199 αὐτῶν
3315 5140 3462 5194 ὠσεί
3501 5138 3726 5225 ὄφεωςυ
3765 5138 3821 5189 Ἡ

2231 5220 2484 5314 γλῶσσα
2503 5237 2694 5292 αὐτῶν
2710 5235 2965 5304 μάχαιρα
2987 5231 3168 5294 ὀξεῖα·
3191 5228 3506 5298 νομίζουσιν
3526 5220 3626 5277 οῦν
3653 5239 3820 5284 τινες,

2231 5307 2315 5384 δτι
2344 5329 2470 5396 περὶ
2507 5325 2601 5392 τῆς
2635 5321 2869 5388 γλώττης
2907 5318 3134 5386 εἴρηται.
3187 5317 3298 5367 Οὐκ
3329 5313 3549 5382 εἴρηται
3583 5309 3644 5362 δὲ
3692 5307 3824 5396 περὶ

2231 5421 2334 5485 τῆς
2358 5395 2618 5483 γλώττης
2658 5409 2729 5478 μὴ
2750 5408 2966 5474 γένοιτο·
3003 5405 3161 5474 ἔργον
3195 5402 3304 5471 γάρ
3356 5402 3487 5485 ἐστι
3508 5397 3607 5451 τοῦ
3662 5395 3821 5449 Oro-3'

2231 5483 2367 5557 ἀλλὰ
2403 5499 2529 5564 περί
2576 5495 2682 5546 τῶν
2715 5492 2966 5562 ῥημάτων
2999 5489 3105 5541 τῶν
3140 5485 3396 5554 φονικῶν,
3418 5483 3532 5536 τῶν
3561 5485 3827 5535 ἀποκτιν-

2231 5588 2436 5641 νύντων
2469 5579 2800 5648 ἀνθρώπους,
2847 5575 2952 5626 τῶν
2982 5572 3363 5642 ἐμπιπτόντων
3420 5569 3616 5636 ξίφους
3667 5566 3823 5634 χαλε-

2297 5696 2324 5731 ὶι
2345 5695 2435 5742 Hic
2455 5689 2635 5752 aliquid
2660 5689 2763 5752 νίιίἰ
2786 5687 3056 5746 suspicatur
3077 5683 3216 5731 Joan.
3239 5680 3454 5737 Boislus,
3475 5685 3532 5727 cl
3555 5677 3697 5726 addit
3721 5688 3828 5723 κατ·

2236 5754 2402 5817 ηγορία
2425 5759 2528 5816 post
2538 5748 2798 5809 ἓπιίνλμίας.
