4032 6220
219 408 332 465 185

200 524 379 576 ctare,
408 521 465 567 ut
506 511 861 567 infirmitatem
890 518 1033 565 tuam
1057 509 1232 565 discas
1259 528 1274 566 :
1306 510 1479 564 adhuc
1510 518 1766 563 viventem

201 604 474 658 hominem
505 613 738 657 scrutare
762 642 778 666 ,
810 611 967 671 atque
995 603 1047 655 in
1076 603 1192 671 ejus
1231 603 1427 656 viscera
1453 601 1771 671 cogitatione

200 694 466 749 descende
487 735 504 759 ,
535 702 646 747 tum
679 692 882 747 videbis
904 733 917 755 ,
946 707 1102 762 quam
1133 692 1277 746 nihili
1324 693 1392 745 sit
1421 700 1475 745 et
1510 693 1767 760 abjectus.

201 788 453 838 Attamen
483 786 585 837 noli
610 785 844 837 animum
870 783 1200 852 despondere
1231 800 1243 834 :
1276 797 1446 850 neque
1466 782 1602 836 enim
1630 781 1770 851 quod

197 890 303 929 nos
350 874 474 928 odio
500 883 925 944 prosequeretur,
955 873 1048 927 sed
1091 872 1232 940 quod
1272 872 1455 925 mitius
1494 872 1768 926 nobiscum

197 974 422 1031 ageret,
456 966 507 1018 id
538 963 660 1019 fecit
687 965 827 1017 Deus
849 1006 865 1031 ,
896 978 1240 1033 magnamque
1270 962 1421 1017 nobis
1462 962 1769 1017 humilitatis

198 1056 534 1109 occasionem
568 1055 844 1124 prteberet.
878 1053 1010 1107 Nam
1039 1054 1081 1105 si
1105 1053 1424 1115 homo,cum
1454 1060 1591 1107 terra
1618 1055 1685 1106 sit
1715 1062 1767 1107 et

198 1145 360 1209 cinis,
389 1144 569 1200 dicere
592 1159 753 1199 ausus
782 1153 879 1208 est,
914 1141 979 1195 In
1007 1142 1181 1195 calum
1204 1134 1471 1195 ascendam
1497 1139 1647 1213 (lsai.
1679 1143 1761 1197 Η.

200 1236 293 1305 l3)
330 1252 345 1288 :
376 1236 477 1288 nisi
527 1234 731 1289 frenum
764 1234 1014 1304 injectum
1061 1240 1205 1287 esset
1250 1242 1483 1297 naturae,
1533 1246 1641 1299 quo
1658 1246 1767 1286 non

198 1327 318 1394 ejus
333 1326 543 1380 animus
567 1334 843 1394 provectus
862 1324 1027 1378 esset?
1049 1321 1269 1388 Quando
1294 1322 1449 1390 igitur
1467 1321 1765 1391 quempiam

201 1415 401 1469 videris
428 1416 843 1486 superbientem,
874 1421 1051 1468 erecta
1076 1411 1301 1475 cervice,
1332 1409 1552 1464 sublatis
1579 1425 1769 1480 super-

197 1507 357 1571 ciliis,
389 1522 544 1560 curru
574 1516 777 1560 vectum
804 1545 817 1567 ,
851 1504 1160 1564 minantem,
1189 1502 1482 1556 mittentem
1508 1502 1562 1556 in
1588 1516 1770 1557 carce-

198 1611 333 1659 rem,
353 1594 510 1649 morti
538 1594 859 1658 tradentem,
885 1592 1125 1661 injuriam
1153 1591 1465 1645 inferentem
1492 1631 1506 1653 ,
1534 1591 1620 1645 die
1648 1592 1718 1644 illi
1749 1610 1762 1644 :

201 1684 337 1749 Quid
358 1684 577 1753 superbit
605 1693 735 1737 terra
760 1693 806 1736 et
833 1683 958 1736 cinis
976 1682 1002 1735 i’
1019 1681 1268 1748 Quoniam
1295 1691 1340 1734 et
1368 1682 1421 1734 in
1447 1683 1545 1734 vita
1570 1684 1682 1750 ejus
1700 1684 1768 1734 ad

198 1775 415 1827 nihilum
438 1775 639 1828 redacta
664 1785 777 1828 sunt
806 1775 983 1827 intima
1013 1774 1141 1841 ejus.
1172 1773 1297 1828 Haec
1322 1788 1428 1828 non
1456 1773 1525 1828 de
1551 1773 1766 1828 homine

199 1872 402 1916 tantum
433 1864 670 1932 privato,
704 1864 795 1918 sed
816 1864 974 1919 etiam
1003 1861 1070 1917 de
1096 1863 1186 1916 illo
1214 1862 1328 1931 ipso
1350 1902 1365 1924 .
1397 1863 1485 1932 qui
1532 1863 1584 1917 in
1633 1864 1767 1918 solio

198 1954 351 2010 sedet
376 1956 543 2023 regio,
571 1954 676 2018 dici
707 1964 953 2021 possunt.
984 1954 1100 2009 Noli
1140 1954 1282 2009 enim
1330 1970 1639 2024 purpuram,
1669 1970 1763 2008 ne-

196 2059 303 2111 que
329 2044 594 2110 diadema,
626 2058 793 2114 neque
816 2059 973 2099 aurea
1002 2045 1312 2099 vestimch
1342 2046 1606 2114 respicere
1626 2087 1641 2108 ,
1667 2044 1762 2099 sed

195 2134 248 2187 in
300 2134 468 2203 ipsam
499 2135 705 2204 inquire
750 2143 1025 2197 naturam,
1070 2150 1241 2204 neque
1284 2135 1567 2206 quidquam
1620 2136 1762 2190 illam

196 2224 399 2277 habere
448 2225 673 2292 amplius
727 2239 881 2293 quam
927 2240 1081 2278 unam
1130 2241 1160 2279 e
1188 2226 1341 2295 vulgo
1377 2225 1577 2280 videbis
1614 2242 1629 2279 :
1660 2227 1765 2280 imo

198 2331 352 2381 vero,
377 2317 420 2369 si
448 2316 638 2385 placet,
667 2327 721 2370 et
749 2333 1032 2385 purpuram
1053 2358 1067 2381 ,
1095 2326 1148 2371 et
1176 2317 1436 2381 diadema,
1464 2329 1517 2373 et
1546 2329 1722 2373 vestes
1746 2359 1762 2381 .

190 2417 245 2461 et
299 2423 514 2462 omnem
573 2408 713 2461 illam
766 2423 1018 2477 percurre
1064 2420 1532 2479 pompam,atquc
1573 2409 1762 2464 horum

193 2498 431 2565 ipsorum
476 2514 656 2552 rursus
709 2508 900 2552 terram
952 2501 1222 2553 materiam
1279 2515 1397 2555 esse
1448 2516 1758 2571 cognosces.

194 2590 375 2642 Omnis
417 2590 548 2642 enim
601 2590 762 2659 gloria
791 2590 1003 2642 hominis
1027 2600 1078 2641 ul
1099 2591 1194 2657 ﬂos
1230 2591 1351 2657 foeni
1384 2589 1531 2660 (lsat'.
1559 2592 1645 2645 40.
1680 2594 1759 2661 6).

191 2680 330 2733 Ecce
360 2680 443 2733 vel
497 2680 606 2749 ipsa
656 2681 812 2733 etiant
859 2690 996 2734 terra
1048 2680 1200 2733 vilior
1224 2688 1364 2735 totus
1411 2681 1500 2736 ille
1524 2684 1764 2752 apparuit

189 2779 433 2821 ornatus.
468 2768 624 2822 Vides
663 2779 718 2822 ut
747 2768 939 2822 fastum
987 2769 1281 2837 reprimat?
1309 2779 1367 2823 ut
1408 2774 1759 2839 arrogantiam

187 2874 406 2914 onlnem
458 2860 621 2929 ipsius
667 2868 867 2914 natura:
918 2858 1213 2914 recordatio
1252 2860 1705 2917 retundaUSuftit
1723 2863 1763 2916 it

187 2959 395 3003 tantum
425 2959 482 3002 ut
509 2951 800 3019 cogitemus
828 2950 1041 3019 quinam
1071 2951 1258 3018 simus,
1289 2962 1342 3006 et
1372 2953 1560 3022 quibus
1584 2969 1646 3008 ex
1673 2970 1760 3008 re-

186 3042 286 3095 bus
313 3041 599 3107 compacti,
634 3050 743 3094 tum
770 3042 942 3096 omnis
968 3041 1212 3110 superbia
1241 3042 1613 3112 cogitationum
1635 3060 1762 3099 eva-

186 3142 392 3188 nescet.
428 3132 711 3200 Propterea
752 3147 976 3201 namque
1000 3132 1203 3187 duabus
1241 3148 1337 3186 nos
1365 3149 1429 3189 ex
1457 3135 1760 3191 substantiis

181 3224 454 3293 compegit
476 3223 614 3276 Deus
638 3262 652 3283 .
683 3232 739 3276 ut
766 3226 807 3276 si
836 3224 1047 3293 quando
1075 3226 1123 3278 in
1150 3226 1451 3295 superbiam
1482 3228 1719 3283 effcraris
1740 3271 1755 3292 ,

182 3314 363 3367 vilitas
384 3312 631 3366 carniste
649 3312 910 3381 deprimat
937 3330 950 3366 :
973 3314 1016 3367 si
1046 3314 1258 3383 quando
1286 3326 1459 3369 autem
1496 3317 1587 3370 tibi
1609 3319 1761 3387 quid-

181 3406 305 3457 dam
338 3405 520 3458 veniat
549 3405 599 3458 in
628 3412 858 3459 mentem
890 3404 1183 3475 indignum,
1215 3414 1269 3461 et
1294 3409 1432 3476 quod
1461 3407 1529 3461 ab
1557 3407 1759 3464 honore

179 3510 209 3545 a
259 3495 371 3547 Deo
422 3495 618 3548 collato
662 3493 949 3564 degeneret
975 3536 990 3560 ,
1018 3497 1209 3549 animae
1237 3497 1479 3551 nobilitas
1505 3497 1570 3551 ad
1598 3498 1757 3552 οωιθ-

178 3586 342 3637 stium
364 3584 611 3637 virtutum
634 3585 1023 3639 azmulationem
1056 3592 1107 3640 te
1132 3586 1404 3655 provehat.

256 3678 307 3729 7.
344 3676 526 3745 Neque
552 3691 679 3730 vero
710 3687 908 3730 tantum
931 3677 997 3731 ad
1026 3678 1307 3731 tollendam
1351 3679 1645 3748 superbiam
1676 3689 1757 3734 est

180 3767 374 3820 idonea
402 3768 755 3820 consideratio
779 3775 979 3821 natura:
1002 3809 1017 3833 ,
1047 3768 1139 3821 sed
1166 3776 1221 3822 et
1245 3768 1290 3823 si
1319 3769 1418 3822 alia
1440 3771 1638 3838 quaevis
1664 3786 1755 3824 cu-

180 3856 378 3923 piditas
403 3855 669 3918 obturbet,
693 3858 807 3909 sive
830 3857 1190 3924 pecuniarum,
1214 3858 1329 3911 sive
1348 3872 1626 3926 corporum
1658 3860 1753 3914 iSta

180 3946 351 4009 turpis
380 3954 432 3997 et
464 3960 581 4012 quae
605 3946 670 3997 ad
702 3946 968 3999 lasciviam
995 3956 1245 4015 provocat
1270 3988 1283 4009 ,
1307 3948 1373 4001 ad
1402 3950 1753 4019 perturbatio-

178 4052 298 4087 nem
332 4034 623 4089 sedandam
656 4036 754 4090 hoc
778 4036 991 4091 sufficit.
1019 4037 1148 4091 Cum
1176 4052 1301 4106 ergo
1332 4038 1612 4093 formosam
1639 4057 1753 4093 tnu-

176 4128 363 4178 lierent
396 4125 592 4179 videris
616 4168 632 4191 ,
658 4130 741 4180 cui
782 4128 1035 4181 micantes
1064 4130 1201 4182 oculi
1247 4138 1372 4182 sunt
1422 4140 1475 4184 et
1517 4130 1712 4186 hilares
1734 4173 1749 4197 ,

172 4217 258 4267 cui
290 4216 523 4269 nitentes
547 4231 717 4284 gente,
755 4218 904 4285 cujus
930 4218 985 4270 in
1011 4218 1157 4271 vultu
1183 4220 1374 4273 eximia
1399 4222 1636 4287 quatdam
1659 4239 1752 4292 ap—

173 4314 366 4373 pareat
414 4305 781 4372 pulchritudo,
807 4322 926 4375 quae
969 4318 1202 4361 mentem
1243 4318 1382 4363 tuam
1424 4310 1745 4377 inﬂammet,

172 4407 229 4450 et
258 4397 533 4450 libidinem
578 4408 804 4466 augeat,
835 4399 1005 4467 cogita
1051 4408 1244 4453 terram
1274 4400 1403 4455 illud
1445 4418 1564 4457 esse
1606 4404 1747 4473 quod

172 4485 393 4537 miraris
414 4525 427 4546 ,
470 4485 704 4539 cinerem
734 4500 851 4540 esse
876 4487 1014 4556 quod
1046 4496 1096 4542 te
1126 4490 1395 4556 accendit,
1420 4500 1475 4545 ct
1518 4492 1749 4549 insanire

170 4575 354 4626 anima
383 4573 590 4629 desinet
618 4591 632 4628 :
664 4575 853 4644 detege
878 4585 1051 4630 cutem
1085 4578 1256 4631 vultus
1280 4578 1413 4647 ejus,
1447 4587 1554 4633 tum
1579 4581 1744 4648 ipsam

169 4677 391 4714 omnem
422 4664 824 4730 pulchritudinis
848 4664 1099 4719 vilitatem
1124 4666 1321 4719 videbis
1350 4683 1364 4719 :
1391 4683 1456 4721 ne
1483 4669 1535 4721 in
1562 4684 1747 4738 super-

170 4756 295 4807 ficie
322 4754 617 4815 consistas.
651 4757 742 4809 sed
774 4757 997 4811 interius
1037 4760 1355 4827 cogitatione
1384 4761 1701 4829 progredere
1725 4802 1740 4826 ,

168 4861 277 4900 nec
326 4846 469 4897 aliud
499 4845 780 4913 quidquam
810 4857 1000 4914 praeter
1022 4861 1141 4900 ossa
1164 4888 1177 4910 ,
1228 4862 1417 4902 nervos
1442 4890 1457 4913 ,
1496 4864 1558 4903 ac
1585 4866 1743 4904 venas

166 4936 433 5003 reperies.
466 4936 531 4987 At
559 4951 662 4988 non
692 4937 961 4989 sufficiunt
982 4937 1105 4990 ista?
1130 4936 1307 5006 Cogita
1340 4938 1467 4992 mihi
1489 4949 1741 4995 mutatam

166 5029 317 5081 illam
337 5067 353 5091 ,
384 5036 748 5080 senescentem
774 5067 789 5089 ,
829 5037 1079 5095 aegrotam
1100 5069 1114 5091 ,
1145 5029 1479 5085 subsidentes
1522 5032 1703 5085 oculos
1722 5073 1737 5096 ,

163 5128 458 5172 excavatas
514 5132 676 5185 genas
702 5156 716 5179 ,
756 5125 922 5169 totum
969 5119 1111 5169 illum
1156 5118 1338 5173 florem
1379 5119 1739 5177 defluentem:

160 5208 345 5275 cogita
375 5206 498 5273 quid
525 5206 827 5267 admireris,
859 5215 912 5259 et
940 5208 1011 5258 tui
1049 5207 1233 5274 jttdicii
1268 5219 1317 5262 te
1366 5208 1598 5276 pudebit.
1632 5210 1741 5263 Lu-

164 5310 279 5347 tum
313 5296 523 5347 miraris
548 5304 600 5347 et
623 5297 876 5357 cinerem,
908 5296 1075 5363 pulvis
1108 5306 1158 5350 te
1199 5298 1434 5352 incendit
1462 5309 1513 5352 et
1541 5298 1736 5353 favilla.

162 5388 282 5439 Non
336 5386 451 5439 hate
497 5398 563 5439 eo
598 5387 739 5449 dico,
762 5396 817 5439 ut
847 5396 1085 5439 naturam
1118 5403 1401 5453 accusem;
1433 5390 1568 5443 absit
1600 5408 1615 5443 :
1643 5406 1741 5445 nec

162 5488 221 5527 ut
256 5477 552 5541 vituperem
570 5518 584 5539 ,
612 5485 702 5528 aut
729 5486 989 5544 tamquam
1018 5478 1171 5530 vilem
1203 5478 1493 5547 deprimam
1520 5522 1533 5545 ,
1567 5480 1659 5535 sed
1682 5489 1739 5535 ut

160 5567 550 5635 atgrotantibus
594 5567 975 5621 medicamenta
1021 5582 1357 5635 componam.
1411 5570 1533 5625 ideo
1580 5572 1735 5626 talem

164 5659 336 5725 ipsam
367 5658 507 5711 Deus
537 5658 811 5723 condidit,
838 5658 970 5712 adeo
1000 5659 1155 5712 vilem
1180 5699 1196 5723 ,
1230 5672 1286 5714 ιιι
1310 5671 1365 5716 et
1392 5678 1541 5717 suam
1564 5666 1735 5718 virtu-

164 5759 271 5805 tem
299 5758 356 5803 et
406 5763 590 5803 curam
615 5749 684 5803 de
710 5750 863 5803 nobis
903 5749 1183 5816 ostendat,
1218 5750 1340 5804 dum
1376 5766 1573 5810 naturae
1614 5757 1730 5811 vili-

1146 397 1234 452 ΒΕ
1271 395 1796 454 PROPUETIARUM
1833 395 2318 453 OBSCURITATE.
2359 399 2425 454 11.

3334 387 3447 446 186

1882 517 1987 563 tate
2014 523 2108 562 nos
2133 509 2197 562 ad
2228 509 2574 564 humilitatem
2604 511 2800 565 inducit
2822 554 2836 574 .
2866 526 3179 582 omnemque
3208 526 3439 571 nostrain

1874 599 2209 669 cupiditatem
2264 609 2507 665 coercet,
2568 616 2631 656 ac
2688 602 2957 671 sapientia:
3011 617 3122 657 sua:
3175 604 3440 673 specimen

1874 690 2003 753 edit,
2032 700 2090 744 ut
2116 692 2204 759 qui
2234 692 2395 746 etiam
2434 694 2487 746 in
2519 694 2627 746 luto
2665 693 2830 761 possit
2860 702 3055 747 tantam
3093 694 3434 763 pulchritudi-

1873 796 1992 835 nem
2018 781 2287 837 exhibere.
2321 783 2453 836 Dum
2486 783 2641 851 igitur
2682 782 3033 837 substantiam
3066 785 3214 854 parvi
3262 784 3398 839 facio
3420 825 3437 849 ,

1874 879 1981 924 tum
2027 871 2242 940 Opificis
2269 883 2437 927 artem
2485 872 2693 941 detego.
2722 872 2849 925 Nam
2877 882 2935 926 ut
2984 874 3298 927 statuarium
3327 883 3436 927 tum

1872 964 2036 1033 magis
2059 963 2403 1029 admiramur,
2434 980 2540 1018 non
2574 979 2692 1017 cum
2724 963 3028 1033 prmclaram
3061 979 3127 1018 ex
3169 979 3300 1019 auro
3330 976 3439 1020 sta-

1873 1060 2015 1106 tuam
2053 1052 2389 1115 exhibuerit,
2416 1052 2508 1106 sed
2536 1068 2653 1107 cum
2684 1069 2747 1107 ex
2788 1053 3021 1122 subjecta
3071 1054 3166 1107 lutl
3212 1055 3436 1108 materia

1871 1144 2154 1212 perfectam
2202 1152 2257 1198 et
2303 1144 2549 1197 eximiam
2595 1143 2871 1212 imaginem
2904 1143 3061 1197 fuerit
3100 1142 3382 1197 fabricatus
3420 1161 3435 1197 :

1871 1234 1940 1285 ita
1965 1248 2171 1302 quoque
2210 1248 2471 1287 summum
2507 1234 2758 1287 artificem
2811 1233 2975 1287 Deum
3014 1233 3435 1301 obstupescimus

1868 1331 1922 1377 et
1958 1323 2342 1392 glorificamus,
2370 1322 2510 1392 quod
2541 1322 2593 1376 in
2644 1323 2859 1391 pulvere
2883 1336 2946 1376 ac
2988 1321 3099 1376 luto
3128 1322 3428 1390 pulchritu-

1868 1412 2045 1468 dinem
2089 1413 2369 1483 quamdam
2400 1414 2710 1468 immensam
2752 1422 2807 1468 et
2856 1412 3134 1468 ineﬂ'abilis
3156 1411 3432 1481 cujusdam

1869 1504 2139 1572 sapientia:
2165 1504 2432 1572 specimen
2476 1503 2529 1556 in
2573 1503 2768 1557 nostris
2795 1502 3108 1572 corporibus
3136 1502 3432 1556 collocarit.

1868 1595 2040 1662 Atque
2081 1592 2183 1648 hoc
2225 1608 2331 1647 non
2368 1592 2420 1646 in
2443 1606 2664 1661 corpore
2707 1592 2879 1645 solum
2927 1600 3109 1646 nostro
3132 1632 3147 1656 ,
3178 1590 3269 1647 sed
3298 1591 3430 1645 etin

1868 1685 2011 1739 omni
2042 1685 2280 1753 przestitit
2317 1691 2575 1738 creatura.
2615 1682 2744 1737 Nam
2770 1698 2888 1735 cum
2920 1684 3050 1737 viles
3082 1683 3276 1751 passim
3309 1697 3430 1750 pro-

1869 1777 2105 1831 duxisset
2148 1774 2504 1838 substantias,
2532 1782 2587 1828 et
2626 1774 2756 1828 artis
2783 1787 2892 1827 sum
2919 1777 3187 1841 specimen
3234 1770 3286 1825 itt
3330 1771 3432 1825 illis

1869 1868 2072 1937 insigne
2094 1867 2288 1939 posuit,
2319 1876 2373 1921 et
2400 1864 2808 1920 substantiamm
2835 1864 3150 1917 infirmitatis
3179 1862 3427 1917 indicium

1867 1959 2130 2030 quoddam
2173 1957 2458 2013 immiscuit
2486 1974 2501 2012 :
2531 1965 2591 2010 ut
2617 1971 2738 2010 cum
2783 1965 2999 2025 propter
3030 1962 3201 2009 artem
3225 1968 3289 2008 ac
3314 1952 3434 2023 pul-

1866 2048 2220 2104 chritudinem
2264 2046 2448 2102 laudes
2476 2044 2779 2110 Artificem,
2810 2054 2918 2099 tum
2966 2052 3183 2115 propter
3208 2042 3431 2097 infirmi-

1869 2146 2030 2193 tatem
2061 2138 2422 2205 vililatemque
2445 2143 2647 2189 natura:
2672 2149 2733 2189 ac
2756 2134 3084 2199 substantiae,
3106 2147 3223 2202 quae
3249 2142 3430 2186 creata

1867 2240 1992 2285 sunt
2015 2243 2117 2284 non
2145 2228 2357 2283 adores.
2407 2225 2727 2295 Splendidus
2768 2235 2849 2278 est
2875 2224 2950 2279 sol
2975 2264 2991 2291 ,
3018 2223 3143 2277 dum
3178 2221 3390 2292 atfulget
3413 2260 3431 2284 .

1868 2332 2140 2390 totumque
2182 2329 2443 2375 terrarum
2486 2318 2672 2372 urbem
2701 2316 2997 2372 illuminat:
3026 2316 3119 2370 sed
3149 2328 3271 2369 cum
3318 2327 3426 2367 nox

1868 2412 2175 2476 advenerit,
2203 2411 2399 2465 deficit.
2435 2409 2570 2476 Quid
2611 2409 2743 2462 enim
2765 2448 2781 2472 ,
2804 2407 2973 2476 inquit
2995 2446 3011 2471 ,
3041 2406 3257 2460 lucidius
3285 2404 3430 2458 sole!

1867 2501 1973 2557 Sed
2000 2510 2046 2555 et
2084 2502 2177 2554 hoc
2220 2501 2388 2567 deﬁcit
2423 2498 2604 2567 (Ereti.
2629 2498 2715 2552 l7.
2746 2498 2867 2565 50);
2898 2510 3068 2565 neque
3105 2509 3231 2548 vero
3267 2501 3424 2547 noctu

1864 2592 2056 2657 solum,
2087 2589 2181 2645 sed
2218 2598 2274 2644 et
2312 2588 2558 2643 interdiu.
2588 2588 2762 2657 Atque
2796 2586 2991 2641 idcirco
3015 2599 3154 2654 saepe
3197 2582 3422 2638 interdiu

1865 2683 1992 2737 solis
2016 2680 2254 2736 defectus
2283 2679 2585 2743 intervenit,
2608 2688 2666 2732 ut
2691 2676 2945 2747 Opificetn
2968 2675 3179 2745 quidem
3210 2682 3427 2744 propter

1864 2772 2141 2828 artificium
2181 2770 2399 2837 laudes,
2442 2770 2535 2824 sed
2581 2778 2793 2839 propter
2836 2766 3245 2822 imbecillitatem
3290 2764 3429 2833 quod

1864 2874 2098 2919 creatum
2128 2870 2211 2917 est
2238 2877 2344 2916 non
2372 2859 2583 2913 adores.
2616 2858 2771 2913 Vides
2800 2857 2899 2912 hoc
2927 2856 3151 2917 omium,
3178 2852 3332 2923 quale
3360 2852 3430 2906 sit

1863 2954 2091 3023 corpus?
2118 2968 2275 3023 quam
2306 2948 2616 3021 pulchrum?
2660 2962 2815 3019 quam
2852 2946 3154 3016 refulgens?
3180 2943 3352 3013 quod,
3383 2944 3428 2996 si

1864 3046 2095 3115 speciem
2123 3054 2395 3098 externam
2442 3048 2647 3110 spectes
2674 3079 2689 3103 ,
2720 3038 2801 3092 vel
2834 3037 2961 3107 ipsis
2998 3036 3308 3105 corporibus
3334 3051 3430 3088 uo-

1863 3138 1987 3191 stris
2012 3144 2093 3191 est
2121 3134 2473 3204 praestantius.
2505 3132 2574 3186 At
2608 3145 2797 3199 expers
2840 3138 2924 3184 est
2949 3130 3157 3181 animm.
3189 3126 3347 3182 Vides
3375 3136 3430 3180 et

1860 3230 1989 3282 artis
2017 3226 2281 3294 specimen
2302 3264 2316 3288 ,
2346 3237 2399 3279 et
2424 3222 2671 3276 indicium
2698 3219 3055 3275 infirmitatis?
3085 3219 3231 3274 vides
3260 3218 3428 3273 utriu-

1861 3333 1967 3387 que
1990 3317 2082 3371 tibi
2112 3323 2294 3385 parata
2321 3312 2604 3384 prmsidia?
2634 3310 2763 3365 Nam
2797 3320 2853 3364 ut
2880 3310 3133 3380 Opificetn
3158 3319 3425 3379 tamquam

1862 3407 2183 3463 imbecillum
2228 3422 2333 3460 non
2361 3406 2617 3469 damnes,
2646 3402 2891 3473 pulchras
2938 3400 3176 3456 condidit
3218 3409 3426 3453 creatu-

1862 3514 1985 3553 ras:
2013 3507 2071 3551 ut
2094 3507 2267 3551 autem
2304 3510 2421 3565 qua:
2460 3493 2667 3548 condita
2698 3502 2819 3545 sunt
2846 3500 3108 3558 tamquam
3156 3489 3287 3542 deus
3318 3504 3422 3541 non

1859 3588 2067 3651 adores,
2096 3594 2164 3640 e'x
2196 3594 2344 3656 parte
2370 3584 2573 3637 infirma
2601 3582 2690 3636 illa
2722 3580 3004 3635 fabricatus
3029 3589 3130 3634 est.
3160 3579 3282 3633 llaec
3312 3594 3425 3648 per-

1859 3688 2015 3747 petuo
2037 3676 2290 3730 memoria
2321 3683 2513 3727 tenete.

1931 3769 2133 3822 Marum
2156 3766 2394 3819 correctio
2422 3765 2538 3832 linis
2579 3764 2877 3834 Scriptum.
2908 3761 3217 3814 Maniclueos
3240 3760 3417 3813 redar-

1856 3860 1983 3928 guit.
2010 3885 2082 3897 ——
2110 3858 2232 3911 Ideo
2279 3856 2576 3924 Scripturas
2612 3856 3041 3923 interpretamur,
3068 3867 3172 3906 non
3197 3859 3256 3905 ut
3280 3852 3423 3906 Scri-

1858 3958 2040 4015 pturas
2070 3958 2270 4001 tantum
2309 3947 2634 4015 intelligatis,
2666 3946 2759 3999 sed
2800 3954 2855 3998 ut
2886 3959 3061 3998 mores
3100 3942 3416 3998 etneudetis.

1854 4036 1965 4091 Nisi
1984 4038 2124 4091 euim
2156 4037 2255 4091 hoc
2301 4038 2417 4100 fiat,
2447 4036 2635 4090 frustra
2672 4036 2894 4105 legimus
2916 4075 2933 4102 ,
2964 4034 3153 4088 frustra
3194 4035 3419 4104 exponi-

1855 4147 1991 4186 mus.
2020 4129 2153 4183 Nam
2199 4127 2337 4183 sicut
2377 4142 2496 4181 cum
2546 4127 2597 4180 in
2629 4127 2924 4195 palaestram
2972 4125 3238 4196 ingressus
3264 4124 3421 4179 fuerit

1853 4221 2052 4276 athleta
2079 4228 2297 4283 unctus,
2327 4226 2380 4271 et
2429 4216 2733 4285 pmdotribte
2764 4232 2923 4270 manu
2966 4230 3194 4285 curaque
3224 4214 3420 4269 instru-

1851 4322 1999 4375 ctus,
2043 4311 2088 4363 si
2137 4325 2258 4364 cum
2300 4306 2603 4362 certaminis
2648 4314 2853 4376 tempus
2890 4306 3198 4367 advenerit,
3247 4313 3416 4359 artem

1853 4403 1994 4455 illam
2025 4401 2257 4455 inutilem
2291 4414 2410 4453 esse
2446 4397 2773 4461 ostenderit,
2806 4398 2995 4450 frustra
3029 4397 3078 4449 in
3115 4396 3413 4465 pztltestratn

1852 4490 2185 4545 introductus
2211 4498 2294 4543 est
2321 4505 2335 4541 :
2363 4488 2433 4541 ita
2462 4502 2580 4541 cum
2622 4486 2723 4539 huc
2752 4486 3137 4548 euttreneritis,
3166 4492 3220 4538 et
3248 4484 3415 4537 luctas

1849 4596 2033 4635 omnes
2056 4621 2071 4643 .
2101 4588 2155 4634 et
2174 4580 2225 4632 in
2253 4579 2390 4632 lucta
2430 4592 2594 4631 nexus
2619 4576 2812 4630 diaboli
2842 4575 3130 4629 didicet'itis
3153 4617 3167 4637 .
3200 4575 3245 4629 si
3286 4590 3407 4630 cum

1851 4672 2197 4726 certaminum
2248 4678 2456 4740 tempus
2513 4669 2779 4735 inciderit,
2810 4667 3257 4737 supplantemiui,
3284 4667 3408 4722 dum

1849 4766 1929 4816 vel
1957 4762 2243 4816 formosum
2269 4759 2469 4813 vultum
2492 4756 2743 4823 videritis,
2767 4758 2848 4811 vel
2880 4758 2931 4811 in
2960 4757 3258 4827 superbiam
3284 4758 3408 4812 elati

1848 4851 2051 4907 fueritis
2070 4892 2085 4915 ,
2112 4850 2197 4904 vel
2222 4850 2322 4903 alia
2355 4864 2511 4917 prava
2538 4849 2781 4918 quapiam
2816 4847 3134 4916 cogitatione
3163 4848 3368 4901 subacti
3391 4888 3406 4908 ,

1846 4943 2037 4997 frustra
2069 4943 2120 4997 in
2150 4940 2290 4993 hunc
2324 4939 2500 4992 locum
2544 4937 2763 5008 ingressi
2799 4938 2945 4991 estis.
2969 4936 3286 4990 Mementote
3314 4937 3407 5006 igi-

1850 5044 1933 5086 tur
1958 5045 2280 5096 sermonum,
2306 5043 2439 5099 quos
2460 5042 2562 5082 non
2590 5027 2841 5080 adversus
2866 5034 3104 5077 naturam
3134 5036 3364 5079 nostram
3388 5067 3405 5091 ,

1845 5125 1937 5179 sed
1967 5123 2215 5177 adversus
2242 5122 2485 5176 laseivam
2507 5117 2844 5187 cupiditatem
2870 5116 3179 5170 direximus.
3208 5116 3322 5171 Non
3349 5128 3405 5171 ιιι

1846 5226 2085 5266 naturam
2114 5211 2473 5271 eriminemur.
2502 5206 2616 5260 hcce
2642 5206 2863 5260 dicimus
2884 5246 2898 5268 ,
2938 5204 3031 5258 sed
3056 5214 3113 5257 ut
3140 5204 3407 5274 cupidita-

1846 5312 1950 5357 tem
1982 5302 2320 5354 insectemur.
2352 5298 2465 5351 Hoc
2486 5304 2637 5365 pacto
2663 5298 2791 5348 iram
2820 5295 3089 5364 reprimite
3108 5336 3122 5359 ,
3155 5296 3229 5348 sic
3254 5296 3405 5364 cupi-

1842 5394 2058 5446 ditatem
2088 5392 2352 5459 mitigate,
2379 5389 2453 5442 sic
2496 5388 2846 5456 arrogantiam
2889 5387 3172 5440 retundite.
3206 5386 3272 5439 Et
3297 5395 3405 5439 erat

1844 5487 2001 5536 omnis
2027 5493 2157 5535 terra
2183 5482 2368 5534 labium
2392 5494 2561 5544 unum,
2576 5487 2617 5529 et
2644 5492 2739 5529 vox
2773 5492 2873 5528 una
2898 5476 3121 5527 omnibus
3143 5474 3287 5542 (Gen.
3314 5474 3401 5530 il-

1845 5576 1919 5643 l).
1960 5576 2095 5627 Ecce
2123 5573 2294 5625 adhuc
2324 5570 2643 5639 pr0positam
2671 5569 3038 5637 quzestionem.
3067 5566 3180 5620 Non
3210 5566 3275 5620 de
3307 5566 3403 5622 hac

1842 5677 1923 5720 est
1965 5679 2138 5719 sermo
2162 5702 2176 5727 ,
2206 5662 2298 5715 sed
2345 5660 2482 5730 quod
2517 5674 2702 5712 omnes
2749 5657 2990 5711 homines
3032 5655 3267 5710 eamdem
3300 5656 3400 5710 lin-

1842 5770 1996 5825 gnam
2047 5753 2317 5807 haberent.
2361 5751 2531 5817 Quare
2574 5764 2698 5802 vero
2729 5748 2920 5802 labittm
2964 5762 3121 5801 unum
3174 5746 3398 5817 linguam
