4032 6220
581 390 692 447 187

572 484 819 541 vocavit?
837 482 1118 554 Scriptura:
1147 494 1264 536 mos
1285 491 1367 536 est
1395 483 1465 536 ita
1491 494 1764 536 sermones
1789 479 2019 550 linguam
2049 495 2141 534 vo—

574 592 715 634 care.
739 576 793 631 ld
824 591 949 630 vero
978 574 1132 630 fuerit
1156 587 1334 644 operte
1361 573 1586 643 pretium
1612 586 1769 626 nosse
1796 583 2012 641 propter
2042 571 2142 625 hae-

574 670 785 736 reticos,
808 669 897 739 qui
927 668 1019 722 Dei
1043 665 1310 737 opificium
1331 674 1602 733 accusant,
1623 665 1712 735 qui
1732 677 1926 734 corpus
1946 663 2140 718 malum

571 775 690 818 esse
714 761 915 815 dicunt.
949 759 1082 815 Nam
1123 759 1242 828 quia
1271 772 1466 829 pravos
1485 757 1650 811 animi
1696 765 1872 810 motus
1898 770 1993 825 per
2015 769 2139 810 cor-

573 853 715 920 poris
763 849 1000 905 membra
1039 848 1310 918 Scriptura
1356 847 1598 917 designat
1627 863 1642 899 :
1668 847 1899 916 exempli
1942 860 2138 914 causa,

572 942 827 995 Acuerunt
852 941 1074 1012 linguam
1113 956 1257 995 suam
1282 938 1407 992 sicut
1435 938 1712 1006 serpentis;
1743 937 1940 1008 Lingua
1968 953 2140 992 eorum

571 1034 773 1103 gladius
814 1042 989 1086 acutus
1019 1032 1190 1102 (I’sal.
1226 1029 1364 1085 J59.
1407 1031 1460 1085 4.
1507 1039 1554 1084 et
1582 1029 1670 1084 56.
1710 1030 1810 1098 5):
1839 1030 2142 1084 existimant

570 1122 783 1193 quidam
827 1123 896 1178 de
940 1123 1115 1193 lingua
1159 1122 1358 1176 dictum
1403 1135 1544 1176 esse.
1577 1119 1691 1175 Non
1732 1128 1816 1174 est
1849 1129 2026 1174 autem
2073 1119 2141 1175 de

573 1215 746 1284 lingua
787 1214 1022 1268 dictum:
1052 1212 1215 1272 absit;
1240 1219 1320 1267 est
1361 1213 1504 1266 enim
1533 1212 1704 1281 lingua
1732 1210 1826 1264 Dei
1853 1224 2020 1280 opus;
2045 1208 2138 1265 sed

572 1305 641 1362 de
667 1305 842 1361 verbis
871 1304 1272 1367 homicidarum,
1305 1318 1423 1372 quae
1450 1303 1693 1358 homines
1717 1302 1958 1372 iugulant
1982 1342 1998 1366 ,
2021 1315 2139 1369 qua:

573 1396 829 1451 funestius
853 1410 1009 1465 quam
1033 1395 1178 1448 ensis
1208 1393 1482 1448 invadunt.
1511 1393 1709 1463 Lingua
1742 1406 1912 1445 eorunt
1937 1391 2139 1461 gladius

572 1497 768 1551 acutus;
793 1496 847 1540 et
874 1501 1057 1540 rursus
1086 1501 1100 1538 ε
1131 1485 1289 1538 Labia
1313 1485 1488 1538 dolosa
1527 1484 1580 1536 in
1606 1483 1790 1549 corde,
1819 1491 1865 1536 et
1885 1480 2036 1534 corde
2063 1483 2140 1534 Io-

569 1589 721 1648 quuta
747 1590 859 1631 sunt
886 1578 1020 1630 mala
1047 1575 1220 1648 (Psal.
1250 1577 1334 1630 ll.
1367 1574 1422 1644 3)
1455 1591 1469 1628 :
1501 1589 1605 1628 non
1647 1575 1715 1630 de
1743 1572 1983 1627 membro
2011 1586 2133 1625 cor-

571 1668 718 1737 poris
763 1668 1013 1737 loquens,
1046 1666 1139 1721 sed
1178 1665 1246 1720 de
1273 1665 1510 1720 subdolis
1530 1663 1724 1719 verbis.
1754 1662 1829 1717 Ita
1871 1677 1990 1717 cum
2037 1663 2137 1717 hoc

569 1759 690 1812 loco
736 1757 958 1812 dixisset
979 1797 995 1822 ,
1025 1756 1091 1810 Et
1115 1765 1224 1811 erat
1251 1757 1412 1809 omnis
1449 1765 1581 1810 terra
1605 1755 1792 1808 labium
1821 1772 2006 1819 unum,
2031 1770 2136 1808 non

571 1848 673 1903 hoc
687 1848 886 1912 docuit,
903 1861 1088 1901 omnes
1109 1847 1350 1901 homines
1369 1861 1530 1900 unum
1549 1845 1742 1900 labium
1761 1846 2028 1913 habuisse,
2045 1846 2137 1901 sed

573 1939 766 1994 Iabimn
794 1952 976 1993 vocem
1016 1937 1320 2007 appellavit.
1369 1935 1502 1991 Cum
1541 1938 1682 1991 enim
1730 1938 1983 2004 dixisset,
2014 1938 2139 1992 Erat

567 2030 731 2083 omnis
756 2038 888 2083 terra
908 2030 1096 2082 labium
1127 2045 1278 2082 unum
1299 2068 1314 2090 ,
1337 2027 1629 2097 subjnnxit,
1664 2028 1729 2081 Et
1755 2044 1852 2082 uua:
1879 2045 1982 2081 una
2025 2046 2135 2083 om-

567 2122 736 2175 nibus.
767 2121 839 2175 Ita
866 2135 984 2175 cum
1013 2119 1184 2184 dixit,
1209 2118 1516 2187 Sepulcrum
1542 2127 1718 2189 patens
1755 2129 1827 2172 est
1851 2129 2023 2190 guttur
2048 2135 2136 2172 eo-

569 2229 680 2266 rum
699 2210 931 2281 (Psal.5.
963 2209 1190 2278 ll),non
1214 2217 1391 2278 guttur
1409 2217 1641 2273 accusat,
1671 2209 1764 2264 sed
1793 2209 1928 2263 mala
1956 2210 2133 2273 verba,

571 2317 688 2372 quae
714 2301 835 2355 inde
859 2299 1190 2365 ascendunt,
1215 2306 1420 2353 mortua
1448 2298 1714 2369 dogmata.
1746 2299 1856 2353 lloc
1881 2300 2022 2354 enim
2051 2314 2138 2354 se-

573 2392 811 2462 pulcrum
840 2400 942 2457 est,
975 2398 1303 2445 mortuorum
1346 2389 1543 2445 ossium
1578 2404 1963 2460 corporumque
1987 2406 2138 2446 rece-

572 2485 858 2555 ptaculum.
907 2483 1053 2539 Talia
1078 2491 1201 2537 sunt
1230 2491 1283 2538 et
1312 2483 1518 2538 illorum
1559 2497 1685 2547 ora,
1711 2484 1800 2554 qui
1825 2483 2134 2538 Creatorem

571 2585 855 2639 accusant,
883 2575 1004 2629 talia
1031 2581 1156 2629 sunt
1188 2589 1372 2628 eorum
1397 2573 1670 2628 hominum
1694 2588 1786 2628 ora
1803 2614 1818 2639 ,
1845 2573 1934 2643 qui
1963 2574 2134 2643 turpia

571 2669 729 2722 verba
758 2666 1050 2735 proferunt,
1078 2665 1165 2735 qui
1193 2665 1575 2731 conviciantur,
1593 2666 1680 2734 qui
1709 2679 1777 2719 ex
1809 2678 1906 2719 suo
1926 2673 2137 2736 gutture

566 2756 752 2811 .fmtida
777 2770 1038 2824 pravaque
1065 2754 1223 2809 verba
1263 2753 1604 2823 profundunt.

642 2845 694 2900 8.
735 2844 883 2900 Bono
905 2843 1030 2898 illud
1049 2842 1212 2898 odore
1231 2843 1459 2912 complc,
1479 2843 1548 2897 mi
1571 2842 1751 2909 homo,
1779 2857 1886 2897 non
1912 2842 2132 2898 fmtore:

571 2936 877 2992 thesaurum
920 2934 1046 2989 illud
1084 2933 1306 3004 regium,
1351 2948 1456 2989 non
1496 2934 1791 2990 satanicum
1832 2934 2136 3004 sepulcrum

570 3026 742 3082 cfﬂce.
773 3023 922 3093 Quod
951 3024 994 3078 si
1019 3022 1322 3094 sepulcrum
1348 3024 1438 3088 sit.
1465 3023 1653 3079 saltem
1672 3024 1912 3089 occlude,
1941 3040 2008 3079 ne
2035 3025 2134 3081 fm-

572 3130 654 3175 tor
676 3127 848 3175 exeat.
889 3117 1068 3174 Pravte
1099 3119 1190 3174 tibi
1216 3126 1340 3174 sunt
1363 3119 1745 3191 cogitationes?
1769 3120 1847 3175 Ne
1875 3121 2051 3176 verbis
2075 3122 2137 3175 il-

573 3211 651 3266 las
679 3209 914 3281 proferas
944 3226 957 3262 :
989 3209 1103 3264 sine
1128 3208 1374 3264 deorsum
1399 3210 1599 3278 jacere,
1640 3218 1752 3265 tum
1776 3211 1882 3266 cito
1906 3210 2137 3266 suffoca-

568 3303 784 3358 buntur.
832 3299 1083 3356 Homines
1128 3314 1330 3366 sumus,
1373 3315 1516 3370 saepe
1559 3301 1720 3356 multa
1750 3315 1931 3370 prava,
1974 3300 2135 3368 fteda,

570 3392 844 3464 turpiaque
867 3391 1082 3447 consilia
1104 3399 1283 3446 mente
1307 3405 1612 3455 versamus;
1643 3393 1736 3447 sed
1765 3408 1834 3447 ne
1857 3394 2138 3462 cogitatio-

571 3497 666 3540 nes
705 3483 760 3539 in
801 3481 960 3537 verba
1005 3480 1250 3551 progredi
1289 3481 1545 3547 sinamus,
1587 3490 1645 3535 ut
1690 3481 1941 3536 deorsum
1992 3495 2139 3536 com-

572 3589 768 3644 pressa:
795 3573 1168 3629 imbecilliores
1193 3573 1480 3628 reddantur
1498 3583 1553 3628 et
1576 3582 1817 3643 pereant.
1845 3572 1977 3629 Nam
2004 3574 2140 3630 sicut

571 3666 658 3719 ubi
683 3666 799 3731 quis
832 3664 1028 3720 diversi
1057 3667 1266 3734 generis
1293 3680 1354 3720 ac
1385 3665 1588 3722 feroces
1628 3666 1825 3722 bestias
1864 3667 1917 3721 in
1967 3666 2140 3721 lacum

573 3756 865 3819 immiserit,
911 3759 955 3812 si
995 3757 1132 3812 forte
1157 3773 1385 3828 superne
1413 3759 1586 3814 lacum
1613 3759 1962 3823 obturaverit,
1990 3759 2142 3813 facile

571 3848 688 3903 illas
715 3847 936 3903 sull‘ocat
967 3865 981 3902 :
1012 3849 1093 3902 sin
1126 3857 1300 3904 autem
1341 3849 1442 3904 illis
1472 3848 1700 3904 exeundi
1731 3850 1814 3904 vel
1845 3849 2140 3917 rcSpirandi

573 3939 873 3995 facultatem
897 3939 1123 4009 aliquam
1154 3939 1499 4004 concesserit,
1531 3939 1755 3993 multum
1794 3939 1895 3993 illis
1942 3938 2144 4009 prabet

573 4033 770 4098 solatii,
814 4047 988 4104 neque
1025 4031 1150 4086 sinit
1192 4031 1429 4097 interire,
1471 4031 1566 4086 sed
1607 4031 1933 4086 eﬁ‘eratiores
1976 4030 2142 4084 multo

572 4125 786 4182 reddit:
818 4123 888 4178 ita
933 4123 990 4178 lit
1030 4122 1081 4176 in
1113 4122 1264 4176 malis
1306 4122 1735 4190 cogitationibus,
1778 4136 1900 4174 cum
1938 4129 2144 4174 exortus

574 4220 716 4275 intus
743 4217 936 4273 fuerint
980 4234 993 4270 :
1034 4215 1079 4270 si
1119 4229 1330 4269 omnem
1377 4212 1483 4269 illis
1514 4213 1675 4276 viam,
1722 4227 1789 4266 ne
1833 4211 1974 4265 foras
2016 4225 2142 4279 pro-

574 4313 755 4377 deant,
795 4308 1268 4372 intercluserimus,
1297 4305 1544 4362 celeriter
1575 4303 1695 4357 illas
1722 4303 2083 4372 opprimemus
2125 4317 2140 4353 :

572 4405 654 4459 sin
682 4411 856 4457 autem
877 4401 990 4455 illas
1016 4397 1191 4454 verbis
1216 4397 1266 4452 in
1293 4396 1465 4452 lucem
1487 4392 1882 4465 protulerimus,
1909 4404 2029 4444 cum
2054 4403 2145 4442 va-

575 4494 787 4547 lidiores
825 4490 938 4544 illas
967 4487 1269 4553 reddemus,
1315 4495 1368 4542 et
1406 4485 1554 4555 quasi
1583 4499 1681 4554 per
1713 4482 1942 4550 linguam
1973 4479 2144 4548 reSpi-

572 4586 722 4640 randi
745 4584 1043 4639 facultatem
1071 4582 1175 4636 illis
1195 4579 1568 4642 concedemus,
1593 4588 1703 4630 tum
1725 4576 1794 4629 ab
1811 4576 1894 4627 illa
1918 4575 2143 4643 turpium

570 4675 852 4730 verborum
894 4672 1275 4728 exercitatione
1301 4671 1353 4724 in
1383 4668 1642 4724 foedarum
1680 4666 1948 4720 actionum
1989 4664 2146 4718 bara-

568 4765 749 4819 thrum
789 4776 943 4828 quam
972 4760 1250 4814 celerrime
1276 4758 1638 4813 devolvemur.
1666 4753 1871 4808 Idcirco
1892 4767 1997 4806 non
2019 4752 2147 4806 sim-

574 4851 780 4924 pliciter
805 4849 1113 4919 Sepulcrum
1138 4849 1345 4903 vocavit
1388 4846 1663 4916 prepheta,
1694 4842 1810 4906 sed,
1843 4841 2147 4910 Sepulcrum

574 4952 768 5014 patens,
803 4940 939 4996 istud
969 4940 1139 5010 ipsum
1159 4939 1298 5009 quod
1320 4939 1427 4993 dixi
1454 4939 1583 4992 vitio
1612 4943 1850 4991 vertens.
1874 4932 1986 4985 Non
2007 4932 2147 4985 enim

570 5035 805 5103 seipsnm
853 5041 1053 5087 tantum
1097 5031 1259 5086 afiicit
1303 5030 1607 5100 ignominia,
1641 5030 1733 5097 qui
1775 5025 1944 5093 turpia
1989 5022 2147 5076 verba

573 5127 791 5196 profert,
823 5126 914 5179 sed
946 5133 1001 5179 et
1027 5125 1294 5193 proximos
1323 5135 1467 5187 suos,
1509 5130 1563 5174 et
1604 5133 1701 5172 eos
1738 5117 1826 5184 qui
1868 5130 1990 5168 cum
2033 5113 2150 5180 ipso

571 5227 872 5280 versantur,
901 5215 1081 5269 multis
1109 5215 1355 5268 sordibus
1383 5211 1580 5281 opplet.
1611 5210 1678 5263 Et
1698 5201 2145 5276 quemadmodum

571 5311 615 5365 si
643 5309 882 5378 sepulcra
909 5322 1229 5370 reseramus,
1261 5307 1499 5360 civitates
1527 5313 1676 5371 peste
1712 5295 2100 5365 eomplebimus
2134 5310 2146 5344 :

573 5401 641 5454 ita
671 5400 718 5454 si
740 5400 906 5468 turpia
934 5398 1153 5452 licenter
1176 5396 1482 5465 aperiantur
1503 5410 1617 5460 ora,
1641 5397 1883 5450 cunctos,
1911 5385 1999 5453 qui
2032 5398 2148 5435 cum

576 5493 678 5547 illis
743 5490 1164 5559 congrediuntur,
1233 5488 1560 5557 gravissimis
1624 5480 1828 5537 morbis
1891 5473 2148 5528 inﬁCiclIl-

578 5581 774 5638 idcirco
798 5580 1010 5650 jauuam
1039 5587 1266 5648 oportet,
1299 5585 1527 5641 vectem,
1569 5589 1633 5628 ac
1679 5571 1887 5624 frenum
1931 5561 2012 5616 ori
2056 5560 2154 5612 im-

581 5689 795 5746 ponere.
827 5673 993 5729 Unam
1023 5672 1198 5740 itaque
1231 5680 1339 5722 tum
1367 5669 1527 5722 fuisse
1555 5667 1814 5733 linguam,
1846 5655 1977 5712 satis
1999 5667 2030 5704 a
2058 5667 2152 5704 no-

580 5767 656 5819 bis
699 5780 792 5834 per
841 5765 950 5818 bare
994 5763 1408 5816 demonstratum
1454 5768 1568 5822 est;
1616 5753 1880 5820 reliquunt
1927 5755 2037 5809 est,
2090 5750 2147 5793 nt

1347 371 1404 426 S.
1447 367 1724 426 JOANNIS
1759 364 2226 424 CHRYSOSTOIII
2263 366 2574 426 ARCHIEP.
2612 369 3135 429 CONSTANTINOP.

3702 381 3828 439 188

2248 495 2408 550 quam
2430 483 2500 537 ob
2518 497 2728 538 causam
2751 485 2927 540 multa
2948 485 3145 542 fuerint
3174 485 3394 541 invecta
3416 484 3678 542 dicamus.
3702 483 3822 540 Sed

2247 574 2454 629 interim
2477 591 2777 632 sermonem
2801 578 2868 631 ad
2895 593 3069 633 mores
3095 577 3431 633 instruendus
3452 577 3824 648 pertinentem

2247 665 2533 719 inferamus
2576 683 2591 721 :
2629 667 2912 722 doceamus
2941 668 3171 737 linguam
3207 677 3439 723 nostram
3473 665 3682 722 frenum
3712 680 3827 736 ge-

2245 769 2387 822 rere,
2416 771 2512 811 nec
2536 758 2711 812 omnia
2740 767 2938 814 temere
2959 759 3212 828 proferre,
3241 772 3361 828 quae
3384 759 3438 813 in
3465 767 3702 814 mentem
3718 771 3825 811 vc-

2244 847 2446 914 nerint,
2468 863 2570 904 non
2595 848 2786 905 fratres
2803 865 3052 906 accusare
3079 868 3093 906 :
3115 864 3221 905 non
3241 859 3425 905 mutuo
3444 865 3544 906 nos
3563 849 3825 904 mordere

2243 953 2307 993 ac
2333 938 2607 996 devorare.
2642 940 2856 1012 Pejores
2881 951 3005 997 sunt
3033 942 3136 997 illis
3171 941 3260 1012 qui
3286 955 3508 1010 corpora
3539 940 3820 998 mordent.

2245 1030 2318 1085 illi
2345 1032 2434 1102 qui
2461 1031 2635 1087 verbis
2661 1032 2713 1087 id
2743 1043 2924 1103 agunt.
2949 1032 3026 1088 llli
3047 1047 3242 1104 corpus
3260 1033 3508 1088 dentibus
3537 1032 3817 1092 mordent,

2245 1119 2332 1174 hic
2358 1121 2585 1174 animam
2613 1122 2791 1177 verbis
2817 1123 3043 1188 mordet,
3072 1123 3515 1178 existimationem
3545 1120 3826 1178 vulnerat.

2245 1203 2632 1268 immedimbile
2659 1214 2846 1269 vulnus
2883 1214 3114 1285 infligit:
3156 1225 3478 1284 quapropter
3521 1222 3666 1268 tanto
3690 1227 3818 1282 gra-

2243 1302 2374 1356 viori
2405 1303 2661 1372 supplicio
2683 1305 2958 1373 plectetur,
2980 1315 3178 1375 quanto
3201 1305 3428 1375 graviori
3456 1319 3638 1359 morsu
3667 1304 3822 1356 inva-

2241 1391 2336 1445 dit.
2365 1392 2545 1463 Neque
2575 1409 2706 1448 vero
2735 1404 2932 1449 tantum
2961 1396 3157 1450 idcirco
3191 1396 3396 1450 veniam
3423 1411 3527 1450 non
3556 1396 3818 1464 impetra-

2243 1481 2322 1536 bit
2344 1484 2387 1538 is
2415 1485 2502 1553 qui
2531 1496 2762 1548 accusat,
2788 1486 2879 1540 sed
2910 1487 3069 1540 etiam
3102 1486 3239 1555 quod
3272 1502 3444 1556 neque
3471 1488 3674 1554 justum
3717 1499 3819 1538 nec

2245 1576 2494 1645 iniustum
2519 1578 2685 1647 possit
2701 1578 3017 1647 improbitati
3040 1593 3149 1633 suae
3167 1588 3476 1648 prattextum
3497 1577 3814 1632 obtendere.

2242 1666 2372 1720 Nam
2398 1665 2499 1722 alia
2525 1669 2735 1737 quidem
2762 1679 2973 1739 peccata
3019 1670 3140 1723 licet
3164 1684 3353 1723 causas
3383 1669 3612 1722 habeant
3655 1683 3684 1720 a
3725 1682 3815 1720 ra-

2243 1760 2386 1814 tione
2419 1770 2592 1816 tamen
2631 1761 2850 1827 alienas,
2892 1760 3089 1816 habent
3129 1771 3304 1814 tamen
3350 1777 3363 1814 :
3408 1768 3610 1828 utpote,
3660 1771 3814 1812 seor-

2242 1859 2382 1904 tator
2409 1851 2679 1906 libidinem
2716 1852 2913 1918 expiet,
2943 1853 3027 1906 fur
3055 1860 3413 1920 paupertatem
3441 1850 3619 1914 solvit,
3649 1847 3817 1902 homi-

2242 1940 2357 1994 cida
2386 1941 2706 1994 iracundiam
2733 1940 2908 2007 sedat;
2933 1941 3220 1995 maledicus
3241 1941 3440 1994 nullam
3468 1948 3641 2008 potest
3661 1952 3820 1992 occa-

2241 2033 2442 2086 sionem
2471 2031 2679 2086 afferre.
2709 2033 2873 2097 Quam
2902 2033 3064 2096 enim,
3094 2045 3293 2100 quasso,
3335 2031 3682 2100 pecuniarum
3724 2043 3821 2082 co-

2242 2124 2381 2191 piam
2404 2123 2662 2192 acquirit?
2681 2138 2834 2192 quam
2854 2122 3125 2176 libidinem
3146 2121 3360 2191 explet?
3380 2121 3517 2174 Nihil
3539 2119 3686 2174 aliud
3709 2128 3817 2182 est,

2239 2228 2396 2282 qnam
2422 2213 2630 2267 invidias
2678 2212 2918 2277 materia,
2949 2215 3032 2268 cui
3061 2213 3204 2267 nulla
3229 2213 3462 2281 suppetit
3480 2211 3624 2280 justa
3653 2223 3820 2264 causa

2242 2320 2340 2359 nec
2363 2305 2572 2372 injusta.
2594 2300 2879 2374 Propterea
2903 2302 3045 2355 nulla
3064 2301 3216 2354 venia
3237 2299 3394 2368 digna
3420 2310 3692 2354 censetur.
3726 2299 3823 2352 Vis

2240 2394 2526 2450 accusare?
2552 2393 2743 2449 Utilem
2771 2393 2862 2448 tibi
2906 2393 3178 2448 materiam
3205 2391 3437 2460 prmbeo.
3471 2388 3563 2442 Vis
3587 2387 3812 2442 maledi-

2242 2485 2406 2540 cere?
2433 2484 2647 2538 Maledic
2675 2485 2777 2538 tuis
2801 2483 3051 2552 peccatis.
3077 2481 3168 2534 Dic
3192 2482 3356 2542 enim,
3388 2479 3576 2547 inquit,
3606 2487 3663 2530 tu
3703 2491 3828 2544 pec-

2241 2587 2355 2630 cata
2383 2586 2470 2629 tua
2513 2576 2670 2644 prior,
2717 2583 2773 2627 ut
2802 2573 3096 2644 justi/tectis
3141 2569 3292 2641 (Isai.
3342 2569 3431 2624 ιδ.
3482 2567 3605 2636 26).
3657 2564 3828 2620 Vides

2243 2666 2686 2729 maledicentiam,
2732 2680 2849 2734 qua:
2886 2677 3161 2725 coronam,
3201 2669 3259 2716 et
3293 2659 3530 2722 laudem,
3581 2665 3637 2712 et
3679 2654 3831 2709 testi.

2241 2758 2477 2812 monium
2513 2755 2728 2825 justitia:
2767 2755 2964 2809 refert?
3004 2753 3226 2816 Rursus,
3260 2750 3440 2804 Justus
3467 2750 3522 2802 in
3566 2747 3834 2816 principio

2240 2848 2485 2901 sermonis
2511 2855 2769 2900 accusator
2792 2854 2863 2898 est
2883 2845 2962 2897 sui
2988 2842 3166 2913 (Prov.
3195 2841 3282 2896 18.
3309 2840 3422 2909 1⁸1),
3446 2852 3554 2892 non
3573 2835 3832 2889 alterius.

2237 2938 2296 2993 Si
2322 2937 2538 2992 alterius
2579 2935 2740 2990 fueris
2780 2942 3077 2995 accusator,
3124 2932 3357 3001 punieris
3398 2947 3412 2982 :
3454 2929 3502 2982 si
3543 2925 3834 2994 tuiipsius,

2239 3028 2596 3083 coronaberis.
2630 3029 2799 3096 Atque
2834 3035 2890 3079 ut
2927 3024 3206 3092 intelligas,
3234 3029 3488 3090 quantum
3513 3017 3590 3071 sit
3620 3017 3836 3070 bonum

2241 3119 2490 3174 delictum
2521 3132 2671 3172 suum
2699 3129 2973 3179 accusare,
3005 3112 3040 3166 Ι
3045 3123 3186 3166 ustus
3203 3112 3254 3164 in
3277 3108 3528 3180 principio
3549 3105 3840 3169 sermonis,

2243 3209 2436 3279 inquit,
2477 3216 2737 3261 accusator
2775 3215 2844 3261 est
2870 3206 2970 3259 sui.
3001 3204 3200 3258 Verum
3243 3202 3288 3257 si
3324 3200 3502 3270 justus
3543 3207 3656 3262 est,
3700 3211 3846 3264 quo-

2242 3299 2404 3353 modo
2430 3297 2741 3353 accusator?
2761 3297 2804 3351 si
2829 3303 3126 3359 accusator,
3165 3289 3435 3361 quomodo
3458 3290 3646 3357 justus
3661 3286 3688 3340 ?
3721 3283 3847 3340 Jus-

2242 3401 2328 3446 tus
2361 3389 2678 3445 accusationi
2717 3403 2821 3442 non
2861 3394 2942 3441 est
2982 3383 3261 3439 obnoxius.
3285 3380 3392 3436 Sed
3420 3388 3481 3434 ut
3505 3379 3676 3442 scias,
3710 3376 3848 3430 licet

2243 3493 2489 3551 peccator
2514 3481 2584 3535 sit
2623 3478 2829 3548 aliquis,
2871 3475 2914 3529 si
2955 3482 3168 3528 accuset
3212 3479 3426 3540 peccata
3467 3481 3589 3530 sua,
3621 3466 3846 3534 justum

2243 3588 2365 3629 eum
2390 3572 2719 3626 accusatione
2745 3581 2837 3622 sua
2866 3566 2997 3628 fieri,
3045 3571 3320 3633 propterea
3359 3559 3512 3624 dixit,
3545 3556 3742 3611 Justus
3789 3557 3852 3608 in

2247 3662 2495 3735 principio
2521 3660 2761 3715 sermonis
2787 3665 3047 3710 accusator
3077 3662 3148 3708 est
3190 3653 3288 3705 sui.
3326 3649 3464 3716 Quid
3507 3663 3682 3718 porro
3731 3655 3848 3712 est,

2249 3756 2316 3810 In
2343 3755 2585 3824 principio
2611 3748 2888 3805 sermonis?
2917 3746 3204 3814 Diligenter
3231 3740 3467 3796 attende.
3511 3740 3568 3792 In
3611 3737 3853 3808 iudiciis

2247 3845 2366 3900 dua:
2389 3851 2510 3896 sunt
2535 3849 2726 3908 partes,
2761 3853 2861 3891 una
2885 3850 3068 3891 eorum
3099 3834 3185 3901 qui
3212 3831 3487 3892 deferunt,
3530 3829 3712 3883 altera
3745 3841 3854 3882 eo-

2248 3948 2366 3988 rum
2394 3933 2481 4000 qui
2507 3929 2843 3991 defernntur;
2875 3941 2973 3980 una
3001 3939 3186 3978 eorum
3212 3922 3300 3992 qui
3337 3928 3620 3984 accusant,
3665 3917 3854 3971 altera

2249 4038 2437 4080 eorum
2458 4021 2544 4092 qui
2572 4027 2914 4080 accusantur;
2943 4015 2996 4069 hi
3017 4014 3094 4069 rei
3117 4021 3271 4078 sunt,
3303 4011 3377 4066 illi
3407 4025 3512 4062 non
3547 4018 3684 4061 sunt
3714 4008 3802 4062 rei
3835 4025 3852 4060 :

2251 4113 2564 4184 principinm
2594 4109 2852 4163 sermonis
2880 4104 3168 4160 accusatori
3198 4100 3534 4163 conceditur,
3575 4097 3674 4166 qui
3710 4111 3858 4151 reus

2252 4221 2359 4261 non
2383 4212 2482 4259 est.
2515 4201 2610 4256 Hic
2634 4213 2758 4253 vero
2792 4194 3111 4250 contrarium
3149 4202 3231 4247 est
3263 4190 3556 4261 agendum.
3605 4187 3719 4253 Tu,
3756 4186 3860 4255 qui

2251 4311 2376 4352 reus
2404 4311 2481 4359 es,
2508 4289 2768 4347 sermonis
2788 4287 2988 4341 initium
3016 4283 3260 4352 prazripe,
3288 4290 3345 4334 ut
3373 4294 3500 4334 reus
3527 4292 3658 4332 esse
3690 4275 3860 4331 desi-

2251 4403 2350 4442 nas
2399 4403 2412 4438 :
2456 4399 2522 4438 ne
2554 4389 2908 4436 accusatorem
2951 4383 3245 4443 exspectes.
3293 4371 3534 4426 Tametsi
3587 4384 3652 4423 es
3703 4369 3863 4422 inter

2253 4491 2394 4538 reos,
2425 4474 2566 4544 prius
2593 4481 2790 4535 tamen,
2834 4481 2988 4536 quam
3028 4463 3094 4515 ab
3134 4464 3225 4516 illo
3266 4463 3372 4516 tale
3414 4460 3704 4530 quidpiam
3749 4474 3863 4514 au-

2251 4570 2399 4631 dias,
2441 4567 2552 4634 ipse
2594 4575 2711 4631 qua:
2752 4575 2780 4612 a
2829 4568 2879 4612 te
2926 4563 3139 4625 peccata
3183 4562 3308 4608 sunt
3344 4551 3520 4607 defer.
3569 4551 3863 4606 Macltmra

2252 4655 2492 4728 quaedam
2518 4661 2667 4708 acuta
2695 4658 2776 4704 est
2800 4647 2970 4717 lingua
3004 4663 3017 4699 :
3045 4654 3410 4699 verumtamen
3457 4642 3685 4697 caeteris
3730 4641 3866 4694 vnl-

2255 4763 2381 4804 nera
2412 4762 2514 4800 non
2555 4743 2881 4810 infligamns,
2922 4736 3012 4792 sed
3054 4737 3231 4789 ulcera
3271 4742 3456 4786 nostra
3503 4745 3862 4786 resecemns.

2257 4839 2350 4892 Vis
2377 4837 2511 4889 scire
2531 4847 2728 4888 morem
2761 4829 2919 4881 fuisse
2941 4825 3227 4893 iustorum,
3259 4831 3319 4875 ut
3357 4822 3482 4875 aliis
3519 4833 3636 4873 non
3682 4820 3870 4872 maleo

2255 4928 2512 4985 dicerent,
2554 4921 2644 4976 sed
2685 4916 2950 4985 sibiipsis?
2993 4913 3127 4967 Audi
3185 4912 3409 4966 Paulum
3447 4909 3800 4963 clamantem
3852 4925 3867 4961 :

2259 5018 2460 5072 Gratias
2487 5031 2574 5082 ego
2600 5013 2662 5074 ei,
2689 5009 2776 5078 qui
2800 5023 2876 5058 me
2908 5004 3228 5071 confortaoit,
3267 5001 3489 5063 Christo,
3519 4999 3614 5068 qui
3646 4999 3872 5066 fidelem

2255 5123 2336 5160 me
2359 5102 2670 5161 existimavit,
2702 5111 2885 5166 ponens
2904 5095 2955 5146 in
2980 5093 3254 5146 ministerio
3277 5106 3296 5143 :
3316 5091 3404 5158 qui
3431 5089 3580 5156 prius
3611 5088 3876 5156 blasphe-

2255 5211 2369 5248 mus
2394 5195 2486 5262 fui,
2517 5199 2560 5242 et
2599 5196 2939 5254 persequatur,
2980 5190 3026 5234 et
3066 5180 3461 5234 contumeliosus
3492 5177 3584 5246 (l.
3608 5175 3765 5230 Tim.
3819 5177 3875 5230 1.

2261 5286 2346 5340 12.
2378 5283 2485 5349 15).
2516 5277 2672 5332 Vides
2698 5270 2803 5344 quo
2831 5282 2983 5340 pacto
3011 5272 3061 5323 in
3091 5271 3327 5336 seipsnm
3353 5267 3656 5321 maledicta
3691 5267 3874 5334 conji-

2261 5373 2400 5429 ciat?
2424 5379 2476 5424 et
2501 5380 2680 5420 rursus
2715 5383 2727 5416 :
2758 5363 2984 5414 Christus
3011 5359 3137 5410 venit
3180 5358 3233 5408 in
3278 5355 3535 5408 mundum
3564 5364 3876 5424 peccatores

2257 5465 2421 5516 salvos
2450 5462 2630 5526 facere,
2657 5467 2864 5522 quarunt
2896 5449 3087 5516 primus
3125 5462 3218 5515 ego
3263 5461 3378 5496 sum
3425 5443 3598 5516 (Ibid.
3655 5461 3710 5498 υ.
3753 5445 3872 5513 15).

2261 5553 2320 5606 Et
2346 5547 2467 5600 alibi
2492 5558 2668 5598 rursus
2693 5559 2704 5593 :
2737 5540 2852 5592 Non
2874 5553 2983 5589 sum
3008 5536 3190 5604 dignus
3217 5534 3384 5585 uocari
3407 5534 3711 5600 apostolus,
3740 5551 3872 5602 quo-

2264 5642 2398 5694 niam
2424 5640 2741 5703 persequutus
2771 5645 2879 5681 sum
2912 5624 3190 5676 Ecclesium
3222 5622 3319 5675 Dei
3349 5623 3367 5689 (
3392 5624 3414 5675 1
3482 5621 3610 5675 Cor.
3658 5626 3753 5678 15.
3789 5626 3869 5690 9).

2341 5728 2391 5782 9.
2439 5721 2592 5775 Vides
2631 5734 2733 5788 quo
2776 5725 2923 5785 pacto
2960 5712 3154 5780 ubique
3183 5712 3281 5765 sibi
3331 5712 3674 5767 maledicat?
3714 5713 3873 5768 Novit
