4032 6220
622 353 735 411 189

617 464 730 533 δέῃ,
777 461 1007 532 ἀφειδῶς
1051 462 1311 534 κέχρηται
1353 469 1420 536 τῇ
1465 469 1781 539 κατηγορία’
1808 471 1936 523 ὅταν
1986 473 2042 525 δὲ
2083 476 2177 528 καί

617 549 830 618 ἑτέρους
877 548 960 619 ίδῃ
1006 552 1118 610 τοῖς
1162 550 1460 620 ἀλλοτρίοις
1500 552 1816 618 δικάζοντας
1843 561 2052 621 κακοῖς,
2085 561 2184 630 ὅρα

622 638 740 708 μεθ’
763 638 894 709 ὅσης
918 639 1111 701 αὑτοὺς
1141 641 1480 711 ἐπιστομίζει
1515 647 1614 714 τῆς
1639 647 2064 718 αὐστηρότητος,
2097 652 2185 702 οὑ-

617 727 749 777 τωσὶ
778 725 970 793 λέγων’
1003 727 1183 782 Ὥστε
1221 729 1308 799 μὴ
1335 731 1448 798 πρὸ
1482 733 1688 800 καιροῦ
1713 751 1766 789 τι
1799 738 2048 803 κρίνετε,
2074 738 2185 804 ἕως

619 811 694 863 ἂν
732 812 878 881 ἔλθῃ
908 817 940 867 ό
981 816 1212 883 Κύριος,
1248 816 1315 882 ὃς
1339 819 1434 870 καί
1458 821 1700 887 φωτίσει
1724 823 1797 875 τὰ
1827 823 2055 890 κρυπτά
2077 825 2183 879 τοῦ

620 900 897 966 σκότους,
927 901 1020 954 καί
1045 902 1371 970 φανερώσει
1394 908 1498 970 τὰς
1509 907 1745 974 βουλὰς
1768 907 1886 961 τῶν
1906 911 2180 980 καρδιῶν.

635 985 853 1057 Ἐκείνῳ
889 991 1122 1059 τήρησον
1162 991 1225 1044 τὸ
1264 991 1630 1063 δικαστήριον,
1667 993 1743 1064 τῷ
1787 995 1854 1048 τά
1898 997 2182 1068 ἀπόρρητα

621 1071 780 1125 είδότι
802 1073 902 1143 τῆς
937 1074 1191 1138 διανοίας.
1226 1077 1341 1130 Κάν
1373 1079 1613 1150 ἀκριϐῶς
1640 1079 1864 1153 νομίζῃς
1891 1083 2086 1137 εἰδέναι
2113 1085 2182 1138 τά

619 1162 713 1215 τοῦ
754 1163 994 1234 πλησίον,
1026 1165 1283 1235 ἔσφαλταί
1323 1185 1416 1222 σου
1454 1171 1487 1240 ἡ
1518 1170 1715 1241 κρίσις.
1756 1171 1857 1237 Τίς
1899 1173 2008 1240 πὰρ
2035 1169 2180 1235 οἶδε,

621 1251 773 1320 φησὶ,
826 1251 898 1305 τὰ
937 1252 1041 1306 τοῦ
1088 1252 1419 1321 ἀνθρώπου,
1459 1259 1512 1309 ει
1541 1257 1627 1325 μὴ
1679 1257 1747 1310 τό
1802 1259 2036 1328 πνεῦμα
2076 1259 2180 1313 τοῦ

619 1335 928 1404 ἀνθρώπου
977 1339 1040 1391 τὸ
1080 1339 1148 1391 ἐν
1189 1339 1382 1406 αὐτῷ;
1413 1340 1574 1396 Πόσοι
1611 1343 1718 1396 τῶν
1758 1345 2180 1416 ἀπερριμμένων

619 1422 713 1476 καὶ
754 1423 983 1476 εὐτελῶν
1034 1424 1184 1495 ἡλίου
1229 1427 1575 1500 φαιδρότερον
1627 1430 1927 1502 ὲκλάμπειν
1965 1432 2175 1502 έχουσιί

619 1510 773 1563 πόσοι
799 1511 904 1564 τῶν
931 1513 1181 1582 μεγάλων
1226 1515 1318 1567 καὶ
1355 1517 1668 1586 περιφανῶν
1695 1518 1884 1582 σποδὸς
1913 1517 2062 1582 ὄντες
2087 1519 2180 1573 καὶ

615 1597 782 1665 τάφος
821 1601 1202 1670 κεκονιαμένος
1241 1603 1652 1673 εὑρεθήσονταιί
1688 1605 1962 1668 Ἤκουσας
2005 1606 2121 1669 πῶς
2151 1608 2181 1660 6

617 1686 825 1751 Παῦλος
859 1687 1044 1741 ἑαυτὸν
1085 1691 1268 1753 κακῶς
1309 1690 1474 1760 λέγει,
1521 1692 1659 1760 μετά
1693 1693 2050 1764 σφοδρότητος
2087 1693 2179 1746 καὶ

617 1773 918 1843 ὑπερϐολῆς
959 1775 1391 1846 ἁμαρτημάτων,
1438 1771 1511 1830 ὧν
1543 1779 1642 1831 οὑκ
1686 1779 1907 1850 ἔμελλεν
1954 1779 2178 1842 εὐθύνας

616 1859 855 1928 ὑπέχειν,
887 1862 1121 1930 συνεχῶς
1165 1865 1538 1934 μεμνημένον;
1577 1866 1901 1936 Βλάσφημος
1937 1866 2044 1937 γάρ
2083 1865 2176 1919 καὶ

615 1946 846 2018 διώκτης
870 1950 960 2002 καὶ
979 1950 1232 2020 ὑϐριστὴς
1253 1953 1357 2021 πρὸ
1378 1951 1470 2004 τοῦ
1494 1951 1864 2022 βαπτίσματος
1885 1949 1971 2022 ἦν,
1993 1955 2177 2006 ἐκεῖνα

613 2033 670 2084 δὲ
696 2034 763 2086 τά
784 2035 1148 2105 ἁμαρτήματα
1171 2037 1325 2090 ἔλυσε
1353 2039 1414 2090 τὸ
1438 2038 1736 2110 βάπτισμασ
1767 2040 1880 2093 ἀλλ’
1909 2041 2058 2108 ὅμως
2080 2040 2176 2092 αὑ-

614 2120 720 2171 τῶν
749 2120 1038 2192 μέμνηται,
1065 2125 1165 2176 οὐκ
1191 2125 1377 2193 ἐπειδὴ
1403 2125 1556 2194 λόγον
1585 2127 1809 2196 ἔμελλεν
1838 2128 1976 2197 ὑπὲρ
1999 2128 2176 2180 αὑτῶν

616 2209 855 2279 ὑπέχειν,
882 2211 995 2264 ἀλλ’
1026 2213 1111 2266 ἵνα
1152 2213 1301 2285 δείξῃ
1330 2214 1424 2267 τοῦ
1451 2215 1584 2267 Θεοῦ
1622 2216 1719 2284 τὴν
1749 2215 2172 2286 φιλανθρωπίαν,

615 2297 709 2349 καὶ
757 2297 878 2350 τίνα
933 2297 1079 2355 ὄντα.
1113 2294 1224 2352 οἷον
1269 2302 1666 2354 κατεσκεύασεν
1695 2308 1744 2362 ⁸,
1801 2303 1908 2355 ἀπὸ
1949 2303 2172 2356 διώκτου

617 2387 845 2455 ποιήσας
873 2385 1183 2440 ἀπόστολον.
1217 2388 1278 2440 Εἰ
1312 2387 1366 2440 δὲ
1409 2390 1611 2451 ἐκεῖνος
1637 2389 1746 2441 τῶν
1775 2389 2174 2458 ἀφανισθέντων

614 2473 1021 2544 ἁμαρτημάτων
1079 2475 1370 2545 μέμνηται,
1413 2476 1589 2546 πολλῷ
1634 2477 1832 2547 μᾶλλον
1875 2479 2028 2547 ἡμᾶς
2066 2477 2173 2529 τῶν

615 2559 752 2627 μετά
803 2559 862 2612 τὸ
903 2560 1184 2630 βάπτισμα
1235 2563 1535 2632 μεμνῆσθαι
1579 2566 1704 2634 χρή.
1759 2565 1854 2626 Τίς
1893 2563 2003 2634 γάρ
2041 2566 2172 2632 ἡμῖν

612 2645 871 2712 ἀπολογία
899 2648 1070 2711 ἔσται,
1105 2649 1138 2717 ῆ
1177 2649 1304 2702 ποία
1335 2652 1648 2720 συγγνώμη,
1676 2651 1802 2704 ὅταν
1831 2654 2035 2714 ἐκεῖνος
2074 2651 2172 2720 μὲν

611 2731 718 2784 τῶν
741 2732 1041 2786 ἀνευθύνων
1071 2734 1382 2804 μνημονεύῃ
1409 2736 1661 2802 συνεχῶς.
1689 2738 1844 2804 ἡμεῖς
1863 2737 1916 2788 δὲ
1945 2737 2075 2804 μηδὲ
2097 2729 2172 2788 ὧν

617 2819 877 2890 μέλλομεν
909 2821 1062 2888 λόγον
1104 2821 1345 2890 ὑπέχειν,
1379 2823 1512 2892 μηδὲ
1540 2821 1740 2874 τούτων
1774 2823 1996 2884 ἑαυτοὺς
2042 2823 2172 2875 ὑπο-

617 2908 1026 2977 μιμνήσκωμεν,
1071 2908 1182 2961 ἀλλ’
1206 2909 1431 2976 ἀφέντες
1473 2909 1542 2962 τά
1583 2911 1772 2972 οἰκεῖα,
1803 2908 1870 2961 τὰ
1919 2909 2170 2979 ἀλλότρια

615 2994 1098 3064 περιεργαζώμεθα
1122 2994 1296 3056 κακά;
1320 2993 1610 3065 [Ἄκουσον
1639 2995 1727 3046 τὸν
1751 2995 1954 3062 Πέτρον
1983 2994 2168 3062 λέγον-

610 3099 678 3133 τα
695 3097 710 3112 ο
743 3081 992 3145 Ἔξελθε
1027 3082 1126 3135 ἀπ’
1151 3081 1317 3150 ἐμοῦ,
1341 3082 1428 3135 ὅτι
1453 3080 1608 3150 ἀνὴρ
1647 3083 1990 3151 ἁμαρτωλός
2009 3081 2170 3152 είμι.]

615 3170 874 3222 Ἀκουσον
909 3168 1024 3230 πῶς
1053 3167 1201 3238 H96]
1225 3169 1318 3222 καὶ
1336 3169 1607 3232 Μαθταῐος
1632 3169 1728 3238 τῆς
1756 3169 2024 3238 προτέρας
2045 3170 2171 3221 ἑαυ-

609 3252 701 3306 τοῦ
732 3257 1023 3324 κατηγορεί
1051 3255 1216 3325 ζωῆς,
1251 3255 1343 3307 καὶ
1372 3255 1608 3325 τελώνην
1646 3257 1834 3308 ἑαυτὸν
1872 3255 2043 3318 καλεῖ,
2078 3257 2174 3308 καὶ

608 3339 726 3392 οὖδὲ
781 3340 1090 3409 αίσχύνεται
1145 3340 1234 3392 τὸν
1291 3341 1550 3411 πρότερον
1611 3342 1972 3410 ἐκπομπεύων
2034 3343 2167 3412 βίον.

623 3427 837 3497 Ἐπειδὴ
867 3427 972 3497 γάρ
1001 3426 1149 3480 οὐδὲν
1177 3421 1318 3496 εἶχον
1350 3431 1670 3498 κατηγορεῖν
1710 3429 1915 3480 ἑαυτῶν
1948 3427 2084 3498 μετά
2113 3429 2172 3480 16

616 3516 918 3585 βάπτισμα.
969 3514 1077 3568 τῶν
1132 3515 1409 3585 προτέρων
1452 3516 1775 3585 ἐμέμνηντο,
1831 3515 2171 3577 παιδεύοντες

612 3606 645 3672 ἡ
653 3605 754 3672 μᾶς
766 3603 872 3656 τῶν
891 3602 986 3672 μὲν
998 3602 1290 3671 ἀλλοτρίων
1303 3602 1482 3655 κακῶν
1499 3603 1700 3672 μηδένα
1715 3603 1981 3656 ποιεῖσθαι
1993 3602 2169 3670 λόγον,

610 3689 676 3742 τὰ
697 3689 753 3740 δὲ
776 3689 946 3740 οἰκεῖα
973 3689 1240 3757 μεριμνᾷν
1269 3690 1358 3740 καὶ
1389 3689 1624 3757 συνεχῶς
1651 3690 2025 3759 ἀναστρέφειν.

680 3776 754 3829 Οὐ
799 3775 906 3846 γὰρ
955 3774 1121 3836 ἔστιν,
1166 3775 1264 3827 οὑκ
1308 3774 1451 3827 ἔστιν
1499 3776 1647 3828 οὐδὲν
1679 3775 1862 3846 ἓτερον
1883 3777 2172 3846 φάρμακον

609 3863 844 3918 τοιοῦτον
890 3861 1023 3933 πρὸς
1059 3862 1155 3931 την
1201 3861 1307 3913 τῶν
1339 3861 1745 3933 ἁμαρτημάτων
1774 3863 2068 3930 ἀναίρεσιν,
2099 3861 2173 3922 ὡς

612 3953 645 4019 ὴ
691 3950 915 4019 συνεχὴς
963 3949 1138 4002 αὐτῶν
1184 3949 1502 4018 ἀνάμνησις,
1533 3949 1623 4001 καὶ
1656 3953 1688 4016 ἡ
1722 3947 1970 4017 διηνεκὴς
1997 3946 2172 3999 αὑτῶν

614 4037 930 4106 κατηγορία.
959 4034 1142 4098 Οὕτως
1172 4037 1198 4086 6
1219 4033 1450 4102 τελώνης
1481 4035 1546 4086 τά
1579 4033 1740 4104 μυρία
1769 4033 2001 4103 ἠδυνήθη
2033 4033 2175 4085 κακά

615 4122 928 4182 ἀποθέσθαι,
980 4122 1066 4175 ἵνα
1103 4123 1254 4193 είπῃ·
1311 4123 1373 4174 '0
1420 4123 1580 4186 Θεὸς,
1636 4121 1912 4187 ἱλάσθητί
1953 4139 2054 4189 μοι
2098 4119 2175 4185 τῷ

613 4206 951 4279 ἁμαρτωλῷ·
980 4209 1152 4268 οὕτως
1183 4209 1211 4259 ὀ
1241 4209 1525 4276 Φαρισαῖος
1551 4209 1649 4277 τῆς
1679 4207 2017 4275 δικαιοσύνης
2041 4209 2178 4260 ἀπά-

616 4315 714 4368 σης
739 4298 1012 4363 ἐξέπεσεν,
1036 4295 1114 4347 ὅτι
1140 4296 1296 4364 ἀφεὶς
1318 4295 1623 4362 λογίζεσθαι
1650 4293 1719 4346 τά
1750 4295 1898 4364 αὑτῷ
1925 4296 2177 4365 πεπλημο

619 4386 913 4457 μελημένα,
947 4385 1046 4454 τὴν
1082 4383 1401 4454 οἰκουμένην
1442 4382 1781 4446 κατεδίκαζε,
1827 4383 2020 4450 λέγων’
2057 4385 2176 4435 Οὐκ

615 4475 728 4543 εἶμί
766 4474 846 4538 ὡς
894 4473 945 4524 οί
995 4472 1191 4525 λοιποὶ
1243 4470 1357 4524 τῶν
1394 4471 1732 4539 ἀνθρώπων,
1778 4471 2036 4539 ἅρπαγες
2080 4471 2176 4523 καί

618 4559 988 4620 πλεονέκται,
1029 4557 1168 4610 οὐδὲ
1195 4557 1274 4621 ώς
1298 4553 1474 4622 οὗτος
1505 4561 1536 4610 ό
1569 4557 1849 4623 τελώνης.
1892 4556 1990 4608 Διά
2024 4557 2178 4609 τοῦτο

619 4646 710 4698 καὶ
744 4647 771 4697 ὀ
799 4645 1006 4706 Παῦλος
1033 4643 1264 4713 παρῄνει
1290 4643 1484 4710 λέγων·
1517 4644 1811 4706 Ἕκαστος
1846 4642 1913 4695 δὲ
1941 4642 2178 4711 δοκιμα-

619 4733 752 4791 ζέτω
780 4731 844 4783 τὸ
880 4731 1094 4784 ἑαυτοῦ
1119 4732 1314 4800 ἔργον,
1347 4731 1442 4783 καί
1476 4733 1606 4783 τότε
1637 4732 1720 4794 είς
1760 4730 1973 4783 ἑαυτὸν
1989 4731 2180 4797 μόνον

619 4820 681 4871 τὸ
711 4820 984 4884 καύχημα
1013 4816 1155 4878 ἕξει,
1197 4818 1292 4867 καί
1328 4819 1436 4868 οὐκ
1482 4819 1567 4879 εἰς
1608 4815 1715 4868 τὸν
1741 4817 1962 4882 ἕτερον.
1995 4816 2179 4869 Βούλει

629 4903 814 4972 μαθεῖν
840 4901 930 4954 καὶ
952 4903 1007 4953 ἐν
1032 4903 1098 4970 τῇ
1127 4901 1333 4970 Παλαιᾷ
1362 4904 1476 4963 πῶς
1497 4905 1545 4953 οἱ
1575 4903 1769 4955 δίκαιοι
1801 4903 2178 4973 κατηγόρησαν

629 4989 858 5056 ἑαυτῶνς
902 4991 1094 5041 ’Ᾱκουε
1129 4989 1219 5040 γαῖ.
1260 4989 1459 5040 τούτων
1503 4991 1726 5052 ἐκείνοις
1775 4977 1982 5063 συνῳδὰ
2015 4993 2179 5061 φθεγο

626 5077 886 5145 γομένων.
941 5078 998 5129 Ὀ
1042 5076 1137 5145 μὲν
1190 5075 1296 5143 γάρ
1360 5075 1517 5128 Δαυῖδ
1567 5076 1779 5142 ἔλεγεν
1826 5084 1895 5132 AI
1941 5080 2176 5147 ἀνομίαι

616 5181 731 5231 μου
773 5163 1076 5230 ὐπερῆραν
1114 5163 1224 5222 τὴν
1262 5161 1530 5229 κεφαλήν
1568 5179 1705 5229 μουο
1748 5163 1886 5214 ὡσεί
1937 5167 2177 5230 φορτίον

615 5249 772 5318 ,ϐαρὺ
827 5250 1238 5315 ἐϐαρύνθησαν
1288 5251 1378 5301 ἐπ’
1417 5248 1535 5316 ἐμέ.
1583 5253 1638 5301 Ὀ
1678 5247 1732 5299 δὲ
1768 5247 1989 5311 Ἡσαΐας
2027 5250 2171 5301 ὲὸόαο

614 5340 776 5406 υίμοι
801 5340 832 5390 ό
852 5335 1034 5401 τάλας
1056 5337 1187 5403 ἐγὼ,
1213 5337 1297 5389 ὅτι
1331 5337 1632 5404 ἅνθρωπος
1649 5337 1734 5388 ῶν
1762 5337 1854 5389 καὶ
1881 5337 2176 5404 ἀκάθαρτα

622 5427 791 5494 χείλη
817 5424 988 5492 ἔχων,
1021 5423 1128 5474 Καὶ
1148 5424 1194 5473 οἱ
1213 5426 1358 5490 τρεῖς
1382 5425 1560 5486 παῖδες
1584 5427 1638 5475 ὲν
1660 5425 1866 5492 καμίνῳ
1882 5425 2177 5493 διατρίδον-

619 5529 725 5573 τες,
758 5512 847 5563 καὶ
874 5510 940 5560 τά
971 5507 1193 5575 σώματα
1219 5507 1430 5578 θανάτῳ
1458 5510 1544 5561 διά
1572 5512 1659 5562 τὸν
1678 5511 1806 5564 Θεὸν
1830 5511 2174 5579 παραδόντες,

622 5602 676 5648 ὲν
713 5600 821 5659 τοῖς
856 5595 1099 5665 ἐσχάτοις
1130 5593 1236 5644 τῶν
1265 5595 1598 5662 ἁμαρτωλῶν
1641 5599 1861 5657 ἑαυτοὺς
1893 5598 2174 5666 ἠρίθμουν,

634 5682 1011 5750 Ἡμάρτομεν,
1042 5681 1445 5748 ήνομήσαμεν,
1479 5681 1738 5747 λέγοντες·
1767 5685 1936 5738 καίτοι
1962 5686 2011 5738 τί
2044 5686 2177 5756 λαμ-

686 5815 708 5841 ⁸
727 5809 860 5860 Colb.
883 5808 982 5855 τίνα
1006 5809 1114 5855 ὄντα
1135 5807 1232 5853 τίνα
1256 5806 1614 5856 κατεσκεύασεν.

1328 347 1384 399 8.
1421 345 1696 403 JOANNIS
1729 349 2175 409 CHRYSOSTOM

2275 356 2568 418 lRCHIEP.
2608 360 3144 425 CON'STANTINOP.

3759 387 3877 442 190

2286 480 2550 552 πρότερον
2593 484 2831 550 ἐκείνων,
2870 487 2922 539 τί
2957 488 3336 559 καθαρώτερον
3377 484 3480 558 ἦν;
3516 486 3626 540 Καὶ
3667 485 3776 556 γὰρ
3804 489 3855 537 ετ

2285 568 2378 620 καί
2425 587 2578 633 τινας
2609 568 2749 642 ἦσαν
2788 575 3060 644 ἀμαρτίας
3109 578 3488 645 πεποιηκότες,
3533 574 3714 634 πάσας
3751 575 3861 626 ἀπ-

2282 653 2485 726 έσμηξε
2505 659 2604 728 τῆς
2625 660 2819 728 φλογὸς
2856 662 3070 731 ἐκείνης
3101 664 3140 731 η
3167 662 3346 729 φύσις.
3386 660 3523 713 Ἀλλ’
3544 661 3604 713 οὑ
3632 661 3765 728 πρὸς
3785 661 3860 712 τά

2283 745 2676 816 κατορθώματα
2702 749 2886 819 ἑώρων
2911 750 2982 803 τὰ
3004 753 3197 813 οἰκεῖα,
3223 751 3360 804 ἀλλά
3381 751 3450 804 τά
3481 752 3857 820 ἁμαρτήματα

2280 830 2665 901 ἀνελογίζοντο.
2697 837 2852 890 Οὑτω
2881 837 2975 890 καὶ
3001 838 3198 904 Δανιὴλ
3229 838 3366 908 μετά
3394 837 3486 890 τὸν
3513 837 3712 890 λάκκον
3743 836 3856 887 τῶν

2280 920 2526 986 λεόντων,
2569 924 2706 994 μετά
2744 926 2841 989 τάς
2891 927 3091 998 μυρίας
3129 926 3416 998 τιμωρίας,
3457 925 3524 989 ἀς
3569 925 3854 993 ὑπέμεινε.

2280 1011 2377 1064 καὶ
2401 1011 2560 1075 αὐτὸς
2589 1013 2782 1066 ἑαυτοῦ
2819 1014 3134 1086 κατηγόρει,
3175 1014 3270 1067 τοῦ
3308 1014 3362 1066 δὲ
3402 1012 3628 1084 πλησίον
3653 1009 3853 1072 οὐδείς.

2279 1099 2346 1151 Τί
2371 1100 2434 1170 δή
2473 1117 2636 1167 ποτε;
2667 1101 2788 1154 Ὅτι
2819 1104 2850 1154 6
2879 1103 2978 1172 μὲν
3007 1102 3224 1174 ἑτέρους
3251 1102 3422 1169 λέγων
3467 1099 3673 1162 κακῶς,
3710 1116 3854 1168 παρ⁸

2275 1184 2452 1251 οξύνει
2503 1188 2595 1241 τὸν
2653 1189 2943 1258 Δεσπότην.
2998 1190 3056 1242 '0
3099 1190 3156 1242 δὲ
3199 1188 3386 1243 ἑαυτὸν
3424 1187 3596 1256 λέγων
3642 1183 3848 1246 κακῶς,

2277 1273 2470 1338 ἀει).εοί
2501 1276 2595 1328 καὶ
2625 1277 2997 1331 καταλλάττει·
3027 1277 3120 1330 καὶ
3155 1276 3244 1330 τὸν
3276 1275 3480 1329 δίκαιον
3517 1273 3852 1340 δικαιότερον

2277 1361 2665 1430 ἀπεργάζεται,
2725 1363 2820 1416 καί⁷
2869 1363 2959 1416 τὸν
3012 1363 3332 1436 ἁμαρτωλὸν
3383 1359 3680 1432 ἐξαρπάζει
3739 1357 3850 1410 τῶν

2277 1445 2636 1517 δγκλημάτων
2675 1449 2770 1502 καὶ
2803 1448 3129 1520 συγγνώμης
3161 1449 3308 1514 ἄξιον
3347 1451 3510 1502 ποιεῖ.
3551 1445 3714 1500 Ταῦτ’
3753 1439 3849 1498 οὖν

2276 1535 2496 1601 εἰδότες,
2544 1537 2617 1608 μὴ
2659 1537 2726 1589 τά
2755 1537 3030 1608 ἀλλότρια,
3074 1536 3209 1590 ἀλλά
3243 1539 3416 1590 οἰκεία
3457 1535 3850 1605 πολυπραγμο-

2275 1621 2456 1691 νῶμεν
2491 1616 2656 1676 κακά’
2689 1621 3079 1694 ἀναπτύξωμεν
3112 1622 3268 1695 ἡμῶν
3312 1622 3371 1676 16
3419 1622 3672 1684 συνειδὸς,
3715 1622 3848 1673 ἀνα-

2280 1707 2603 1778 μνησθῶμεν
2641 1711 2798 1779 ἡμῶν
2829 1709 2926 1781 τήν
2959 1711 3100 1781 ζωὴν
3133 1711 3350 1765 ἃπασαν
3382 1710 3432 1769 δ,
3464 1708 3690 1762 ⁴ἑκαστον
3737 1705 3848 1759 τῶν

2276 1795 2673 1866 ἡμαρτημένων
2710 1799 2840 1866 ἡμῖν
2881 1796 3388 1868 περιεργασώμεθα,
3422 1796 3514 1848 καὶ
3565 1794 3639 1864 μὴ
3688 1795 3849 1862 μόνον

2281 1881 2353 1949 μὴ
2401 1882 2646 1952 λέγωμεν
2698 1883 2882 1946 κακῶς
2921 1883 3158 1955 ἑτέρους,
3215 1883 3348 1936 ἀλλά
3393 1882 3523 1952 μηδὲ
3561 1882 3847 1949 ἀκούωμεν

2278 1969 2480 2040 ἑτέρων
2504 1969 2767 2037 λεγόντων
2792 1970 2992 2032 κακῶς.
3028 1970 3134 2023 Καὶ
3166 1970 3274 2040 γὰρ
3305 1970 3397 2022 καὶ
3430 1968 3616 2021 τούτου
3647 1966 3846 2034 ἐγκλη-

2277 2075 2352 2125 μα
2378 2059 2552 2109 κεῖται
2595 2057 2688 2111 καὶ
2721 2057 2958 2128 τιμωρία
2989 2057 3238 2127 μεγίστη·
3283 2055 3487 2121 Ἄκοὴν
3521 2053 3646 2124 γάρ,
3688 2053 3848 2122 φησὶ,

2267 2145 2525 2210 ματαίαν
2541 2144 2627 2212 μὴ
2665 2143 2988 2210 παραδέξῃ.
3039 2145 3152 2196 Οὑκ
3201 2141 3371 2207 εἶπεν,
3424 2143 3584 2209 ’Δκοῇ
3639 2140 3846 2208 ματαία

2277 2230 2351 2299 μὴ
2380 2229 2693 2302 πιστεύσῃς,
2713 2230 2868 2288 ἀλλά,
2896 2230 3045 2300 Μηδὲ
3074 2229 3197 2300 δέξῃ
3228 2231 3416 2298 αὑτήνο
3443 2227 3755 2296 ἀπόφραξω
3779 2226 3846 2278 τά

2272 2309 2408 2375 ὦτα,
2448 2316 2794 2385 ἀποτείχισον
2831 2319 2896 2385 τῇ
2942 2317 3245 2385 κατηγορίᾳ
3287 2317 3388 2384 τὴν
3427 2313 3646 2374 εἴσοδον,
3674 2312 3846 2376 δεῖξον

2270 2405 2353 2456 ὅτι
2387 2402 2480 2456 τοῦ
2511 2404 2978 2474 κατηγορουμένου
3008 2404 3108 2456 οὑκ
3134 2403 3352 2455 ἔλαττον
3389 2401 3550 2462 αὑτὸς
3574 2400 3600 2449 6
3629 2399 3845 2452 ἀκούων

2272 2489 2462 2560 ἐχθρὸς
2509 2487 2561 2543 εἴ
2591 2493 2686 2544 καὶ
2715 2492 2967 2561 πολέμιος
3002 2491 3080 2560 τῷ
3109 2489 3290 2553 κακῶς
3322 2489 3553 2555 λέγοντι.
3589 2488 3844 2555 Μίμησαι

2270 2575 2360 2628 τὸν
2390 2576 2539 2648 [ιθη
2564 2580 2848 2648 προφήτην
2865 2577 3007 2631 οὑτω
3026 2579 3271 2644 λέγοντα·
3299 2576 3408 2630 Τὸν
3431 2573 3847 2628 κατακαλοῦν-

2273 2681 2342 2716 ta
2369 2663 2559 2731 λάθρα
2592 2666 2698 2718 τὸν
2731 2667 2999 2730 πλησίον
3024 2664 3230 2725 αὑτοῦ,
3263 2663 3477 2716 τοῦτον
3499 2661 3841 2723 ἐξεδίωκον.

2270 2751 2383 2802 Οὐκ
2417 2747 2586 2813 εἶπεν,
2615 2751 2696 2803 ὅτι
2717 2751 2828 2803 υὺκ
2855 2752 3160 2811 ἐπίστευον,
3186 2748 3305 2802 οὑδὲ
3334 2749 3414 2800 ὅτι
3447 2747 3525 2799 Οὐ
3548 2744 3843 2813 παρεδεχό-

2273 2853 2381 2903 μην
2404 2835 2473 2888 τὰ
2496 2836 2781 2906 λεγόμενα,
2811 2837 2944 2889 ἀλλὰ
2966 2839 3060 2889 καὶ
3081 2836 3412 2906 ἀπήλαυνον,
3437 2833 3511 2896 ὡς
3533 2832 3726 2902 ἐχθρὸν
3753 2833 3847 2884 καὶ

2271 2922 2548 2992 πολέμιον.

2343 3015 2392 3062 ι’.
2437 3010 2573 3062 Ἀλλ’
2607 3010 2713 3062 είσί
2750 3026 2912 3072 τινες,
2944 3008 2994 3062 οἶ
3035 3009 3220 3079 ψυχρᾷ
3255 3006 3575 3078 παραμυθίᾳ
3618 3006 3844 3066 ἑαυτοὺς

2271 3097 2737 3168 παραμυθοῦνται,
2772 3099 2969 3150 οὑτωσὶ
2999 3097 3268 3166 λέγοντες⁸
3299 3096 3490 3166 Κύριε,
3531 3095 3605 3165 μὴ
3637 3094 3845 3161 στήσῃς

2275 3201 2366 3252 μοι
2409 3184 2507 3254 τῆν
2550 3184 2821 3253 ἁμαρτίαν
2856 3184 3077 3252 ταύτην,
3113 3185 3195 3236 ὅτι
3233 3184 3399 3252 ἀκοῆς
3440 3182 3595 3250 λόγον
3623 3179 3845 3247 ὀφείλω.

2271 3270 2368 3332 Τίς
2395 3270 2550 3340 χρεία
2584 3270 2682 3340 τῆς
2710 3269 3036 3337 ἀπολογίας;
3066 3270 3148 3329 τίς
3191 3268 3345 3339 χρεία
3385 3269 3484 3336 τῆς
3516 3265 3848 3334 συγγνώμης

2270 3355 2500 3424 ταύτης;
2536 3357 2784 3426 Σίγησον,
2831 3358 2924 3409 καὶ
2974 3356 3279 3424 ἀπήλλαξαι
3321 3355 3427 3408 τῶν
3460 3353 3846 3423 ὲγκλημάτων’

2273 3441 2438 3510 μηδὲν
2471 3441 2656 3514 είπῃς,
2682 3443 2772 3493 καὶ
2802 3442 3039 3512 καθαρὸς
3065 3437 3118 3493 εἷ
3147 3439 3246 3509 τῆς
3274 3441 3530 3508 ἀγωνίας.
3567 3439 3633 3490 Τί
3664 3435 3850 3506 σαυτῷ

2271 3526 2569 3596 πράγματα
2593 3526 2829 3591 πλέκεις,
2857 3529 2950 3578 καὶ
2987 3527 3135 3597 παρά
3173 3527 3309 3594 Θεῷ,
3341 3527 3432 3580 καὶ
3462 3526 3610 3594 παρά
3636 3524 3851 3593 ἀνθρὼ-

2269 3630 2416 3678 ποις;
2448 3614 2512 3665 Τί
2537 3617 2708 3676 ποιεῖς
2740 3613 3031 3667 ὑπεύθυνον
3061 3613 3247 3666 ἑαυτὸν
3274 3613 3633 3681 ἐγκλημάτων
3661 3628 3675 3675 ;
3705 3611 3759 3662 τί
3784 3611 3848 3662 16

2271 3701 2485 3771 φορτίον
2519 3700 2810 3771 βαρύτερον
2841 3701 3089 3768 δεσμεῖςς
3127 3700 3238 3752 Οὐκ
3271 3701 3431 3768 ἀρκεῖ
3465 3715 3543 3750 σοι
3577 3699 3703 3766 περῖ
3737 3695 3850 3747 τῶν

2270 3788 2482 3840 οἰκείων
2525 3787 2704 3842 κακῶν
2744 3787 2968 3850 εὐθύνας
3021 3788 3296 3856 ὑποσχεῖν,
3339 3785 3472 3839 ἀλλά
3517 3787 3610 3837 καὶ
3655 3784 3851 3852 ἐτέρας

2273 3874 2542 3944 ἁμαρτίας
2576 3874 2926 3944 ἐπισωρεύεις
2955 3873 3163 3940 σαυτῷ;
3193 3872 3425 3940 Περιττὴ
3471 3870 3608 3937 αὕτη
3640 3871 3670 3937 ἡ
3708 3871 3848 3920 ἀπο-

2271 3959 2444 4027 λογία”
2486 3960 2585 4012 οὑκ
2639 3960 2810 4027 ἀκοῆς
2843 3959 2998 4024 λόγον
3033 3959 3284 4027 ὀφείλεις,
3328 3957 3459 4008 ἀλλά
3513 3955 3851 4022 κατηγορίας

2272 4046 2427 4112 λόγον
2459 4048 2766 4115 χρεωστείς.
2793 4045 2960 4097 Ὅταν
2989 4044 3096 4114 γάρ
3127 4043 3380 4105 ἀκούσας,
3412 4044 3470 4094 οὑ
3505 4044 3757 4112 σιγήσῃς,
3783 4041 3848 4092 οὑ

2272 4133 2372 4200 τῆς
2395 4133 2562 4202 ἀκοῆς
2577 4131 2733 4198 λόγον
2757 4131 2911 4201 μόνον
2933 4131 3184 4200 ὀφείλεις,
3214 4129 3347 4182 ἀλλά
3373 4129 3466 4181 καὶ
3491 4127 3848 4197 κατηγορίας.

2287 4221 2378 4271 Ἐκ
2406 4219 2514 4288 γὰρ
2541 4216 2660 4272 τῶν
2679 4219 2875 4286 λόγων
2904 4233 3019 4271 σου
3052 4216 3437 4282 δικαιωθήσῃ,
3473 4215 3626 4283 φησὶ,
3652 4214 3750 4265 καί
3779 4213 3852 4264 ἑκ

2274 4306 2392 4358 τῶν
2421 4308 2616 4375 λόγων
2641 4324 2756 4360 σου
2778 4305 3203 4372 κατακριθήσῃ.
3235 4305 3419 4357 Ταῦτα
3449 4304 3543 4370 οὐχ
3572 4303 3713 4368 ὑπὲρ
3737 4301 3851 4353 τῶν

2274 4391 2458 4454 κακῶς
2504 4391 2825 4451 ἀκουόντων,
2856 4390 2971 4441 ἀλλ’
3017 4390 3162 4458 ὑπὲρ
3198 4389 3310 4441 τῶν
3351 4389 3536 4449 κακῶς
3580 4387 3853 4453 λεγόντων

2273 4476 2523 4538 δεδοικὼς
2567 4476 2707 4542 λέγω
2740 4476 2833 4528 καὶ
2869 4475 3324 4544 διαμαρτύρομαι.
3364 4476 3421 4527 '0
3471 4473 3570 4542 μὲν
3601 4472 3712 4541 γάρ
3753 4490 3853 4524 κα-

2276 4564 2386 4626 κῶς
2419 4561 2674 4625 ἀκούσας,
2708 4561 2856 4614 οὐδὲν
2888 4561 3246 4630 ὲπηρέασται,
3292 4559 3410 4612 οὐδὲ
3457 4559 3684 4627 ὲσλάδηο
3733 4558 3850 4609 ἀλλ’

2274 4651 2339 4702 ἂν
2372 4651 2467 4719 μὲν
2502 4649 2667 4718 ψευδῆ
2764 4649 2830 4700 τά
2857 4648 2984 4718 περὶ
3015 4647 3180 4701 αὑτοῦ
3210 4647 3498 4715 λεγόμενα,
3527 4647 3622 4699 καὶ
3659 4645 3852 4713 μισθὸν

2275 4737 2405 4806 ἔχει·
2469 4737 2536 4789 ἀν
2582 4736 2638 4787 δὲ
2691 4734 2884 4804 ἀληθῆ,
2935 4734 3086 4786 οὑδὲν
3132 4734 3252 4786 οὑδὲ
3301 4733 3473 4795 οὕτως
3515 4733 3846 4801 ὲπηρέασται

2277 4822 2425 4891 παρὰ
2481 4821 2576 4891 τὴν
2634 4820 2728 4889 σὴν
2772 4819 3119 4889 κατηγορίαν.
3163 4820 3294 4872 Οὑδὲ
3336 4821 3442 4888 γάρ
3480 4819 3584 4871 ἀπὸ
3621 4821 3720 4885 τῆς
3754 4819 3852 4884 σῆς

2275 4908 2537 4977 λοιδορίας
2572 4906 2708 4958 οἴσει
2743 4907 2861 4957 τότε
2905 4905 3001 4974 τὴν
3035 4905 3212 4974 ψῆφον
3251 4906 3397 4975 αὑτῷ
3432 4907 3460 4957 6
3492 4905 3745 4967 δικάζων.
3788 4904 3851 4954 Εί

2273 4994 2331 5045 δὲ
2384 4994 2486 5062 χρὴ
2545 5009 2595 5042 τι
2644 4992 2736 5043 καὶ
2775 4990 3086 5057 θαυμαστὸν
3136 4993 3327 5056 εἰπεῖν,
3386 4993 3478 5044 καὶ
3519 4991 3586 5043 τὰ
3616 4991 3853 5057 μέγιστα

2276 5080 2518 5150 κερδανεί
2536 5078 2792 5144 γενναίως
2813 5079 2993 5146 φέρων
3021 5079 3119 5146 τὴν
3147 5080 3511 5148 βλασφημίαν,
3545 5077 3732 5147 ὥσπερ
3758 5074 3851 5130 οὖν

2274 5166 2366 5218 καὶ
2391 5166 2418 5216 ὀ
2447 5165 2697 5234 τελώνης·
2729 5165 2756 5214 ὀ
2784 5164 2840 5216 δὲ
2862 5164 3043 5227 κακῶς
3068 5166 3261 5233 λέγων,
3287 5167 3351 5218 ἄν
3378 5182 3434 5216 τε
3461 5164 3630 5232 ἀληθῆ
3661 5166 3850 5227 κακῶς

2273 5253 2400 5324 εἴπῃ
2427 5252 2514 5303 τὸν
2544 5251 2783 5319 πλησίον,
2821 5252 2885 5303 τὰ
2916 5251 3144 5320 μέγιστα
3183 5253 3454 5320 ἠδίκηται.
3486 5252 3594 5302 Καὶ
3627 5252 3709 5302 ὅτι
3749 5253 3849 5320 μὲν

2272 5340 2298 5390 6
2332 5337 2677 5404 συκοφαντῶν
2708 5337 2979 5389 ἀπόλωλεν
2999 5377 3011 5400 ,
3042 5338 3160 5389 οὑδὲ
3199 5337 3518 5399 ἀποδείξεως
3551 5337 3729 5406 χρείαν
3769 5339 3848 5390 ὅτι

2273 5426 2347 5485 δὲ,
2386 5425 2486 5477 κᾶν
2520 5423 2689 5492 ἀληθῆ
2734 5423 2886 5493 λέγῃ,
2929 5425 3324 5494 φορτικώτερον
3366 5421 3542 5490 ἑαυτῷ
3590 5427 3740 5476 ποιεῖ
3792 5425 3851 5477 τὸ

2274 5511 2635 5579 δικαστήριον,
2663 5509 3021 5578 ἐκπομπεύων
3046 5509 3141 5571 τάς
3167 5509 3256 5560 τοῦ
3284 5509 3505 5576 πλησίον
3537 5512 3847 5580 συμφοράς,

2276 5598 2364 5648 καὶ
2411 5595 2716 5647 σκανδάλων
2773 5595 2942 5656 αἴτιος
2991 5595 3292 5663 γενόμενος,
3321 5593 3356 5646 ἂ
3404 5594 3666 5664 κρύπτειν
3706 5597 3848 5661 δέον,

2276 5684 2623 5736 ἐκκαλύπτων
2670 5685 2860 5746 ἅπασι,
2911 5685 3003 5735 καὶ
3041 5684 3322 5752 κηρύττων
3364 5683 3431 5735 τά
3475 5682 3848 5755 ἁμαρτήματα

2337 5810 2363 5848 ὶ)
2384 5809 2515 5858 Colb.
2539 5816 2619 5866 τῆς
2644 5813 2761 5866 ζωῆς
2781 5810 2978 5865 ἀπάσης.
