4032 6220
264 374 378 431 189

265 477 458 545 quippe
491 485 608 540 quae
640 468 797 537 hujus
832 463 1208 519 .na’edieentirc
1237 462 1304 515 sit
1327 460 1522 513 utilitas
1547 499 1561 522 ,
1588 456 1728 525 quod
1750 455 1836 525 ju-

265 568 460 619 stitiam
490 565 680 631 pariat.
730 560 951 626 Quando
1007 556 1161 625 igitur
1212 564 1271 607 ut
1317 554 1549 620 seipsum
1632 570 1845 613 accuser

266 670 398 723 opus
418 652 592 718 merit,
614 661 723 705 tum
741 648 952 717 copiose
972 644 1360 701 accusationem
1388 640 1611 694 instituit
1634 656 1651 692 :
1673 653 1839 707 quan-

264 750 334 798 do
381 756 559 799 autem
613 741 808 796 viderit
852 739 919 793 de
968 737 1155 792 alienis
1196 735 1350 789 malis
1369 731 1686 800 judicantes,
1720 726 1837 779 vide

266 847 461 901 ettanta
507 850 628 889 cum
663 832 943 887 severitate
992 844 1053 883 os
1100 829 1202 882 illis
1251 822 1493 880 occludat
1539 822 1620 875 his
1662 817 1837 874 verbis

266 940 421 983 utens
480 944 495 981 :
545 924 721 993 Itaque
763 921 919 976 nolite
967 931 1082 973 ante
1136 928 1328 984 tempus
1397 913 1519 985 quid
1572 912 1833 984 judicare,

264 1018 591 1087 quoadusque
613 1014 775 1068 veniat
817 1012 1081 1075 Dominus,
1120 1017 1168 1063 et
1204 1005 1505 1061 illuminabit
1550 1001 1838 1057 abscondita

268 1109 605 1174 tenebrarum,
646 1116 691 1159 et
728 1101 1063 1174 manifestabit
1104 1099 1314 1153 consilia
1362 1096 1588 1149 cordium
1626 1092 1835 1161 (I.Cor.

266 1202 321 1254 4.
350 1199 428 1261 5).
474 1197 550 1251 Illi
575 1196 823 1266 judicium
858 1205 1067 1247 reserva
1088 1231 1102 1255 ,
1133 1187 1223 1258 qui
1269 1195 1471 1241 secreta
1501 1182 1694 1239 mentis
1744 1196 1839 1234 no-

266 1292 364 1343 vit.
388 1288 637 1356 Quamvis
664 1293 910 1340 accurate
939 1280 1153 1335 novisse
1182 1288 1232 1333 te
1255 1292 1342 1333 res
1368 1274 1592 1346 proximi
1612 1272 1836 1326 arbitre-

268 1381 363 1443 ris,
389 1377 585 1431 fallitur
605 1374 856 1443 judicium
884 1378 1050 1424 tuum.
1086 1368 1208 1435 Quis
1228 1367 1359 1420 enim
1385 1365 1700 1430 scit,inquit,
1727 1374 1840 1428 qua:

266 1481 387 1523 sunt
412 1468 653 1527 hominis,
678 1464 775 1517 nisi
815 1462 1021 1531 spiritus
1054 1458 1268 1512 hominis
1292 1495 1307 1522 ,
1330 1455 1415 1524 qui
1439 1455 1493 1507 in
1528 1454 1638 1521 ipso
1664 1459 1737 1504 est
1761 1448 1835 1518 (1.

267 1558 388 1612 Cor.
410 1556 466 1609 2.
490 1553 618 1625 il)?
644 1552 811 1620 Quam
840 1549 989 1605 multi
1017 1564 1079 1602 ex
1100 1544 1402 1601 hominibus
1420 1540 1638 1609 abiectis
1666 1553 1729 1592 ac
1758 1538 1837 1590 vi-

269 1651 407 1703 libus
438 1647 549 1702 soIe
576 1645 769 1699 clarius
804 1641 1047 1697 relulsuri
1084 1646 1209 1694 sunt
1233 1635 1245 1687 I
1272 1649 1430 1706 quam
1456 1633 1604 1687 multi
1629 1646 1692 1685 ex
1723 1645 1835 1684 ma-

266 1741 385 1808 gnis
410 1746 463 1792 et
488 1736 773 1791 illustribus
802 1733 933 1787 nihil
960 1730 1099 1783 aliud
1130 1743 1287 1799 quam
1318 1725 1487 1797 pulvis
1512 1739 1631 1779 esse
1655 1737 1717 1775 ac
1755 1737 1838 1775 se-

270 1830 512 1897 pulcrum
538 1825 834 1880 dealbatum
862 1821 1191 1890 reperientur
1219 1814 1231 1867 ι
1270 1815 1494 1880 Audisti,
1517 1828 1616 1884 qua
1638 1812 1839 1865 ratione

270 1918 547 1972 maledicta
571 1915 621 1967 iu
652 1928 710 1968 se
735 1911 1019 1981 conjiceret
1044 1909 1271 1973 Paulus,
1301 1907 1389 1976 qui
1420 1917 1525 1959 tam
1551 1903 1838 1958 vehemen-

275 2019 356 2063 ter
383 2017 434 2061 et
463 2007 673 2075 copiose
702 2011 1032 2073 peccatorum
1053 2042 1074 2067 ,
1099 2015 1321 2069 quorum
1354 1997 1609 2051 rationem
1642 1994 1838 2048 nullam

270 2099 571 2154 redditurus
602 2106 740 2160 erat,
766 2094 980 2149 assidue
1014 2090 1377 2147 meminisset?
1419 2088 1547 2142 Nam
1575 2094 1699 2141 ante
1747 2086 1839 2139 ba-

272 2190 521 2256 ptismum
548 2185 907 2255 blasphemus,
930 2192 984 2238 et
1008 2180 1422 2237 contumeliosus
1448 2176 1568 2240 fuit,
1602 2176 1687 2229 illa
1715 2190 1839 2228 vero

270 2287 488 2349 peccata
513 2278 709 2333 delevit
735 2276 1027 2346 baptismus
1056 2290 1070 2327 :
1100 2281 1332 2326 attamen
1362 2283 1547 2324 eorum
1578 2266 1836 2330 meminit,

274 2390 380 2427 non
415 2371 555 2442 quod
580 2385 764 2427 eorum
789 2369 1047 2422 rationem
1073 2366 1142 2420 sit
1165 2362 1471 2419 redditurus
1495 2402 1510 2425 ,
1537 2358 1629 2415 sed
1662 2367 1718 2411 ut
1742 2357 1837 2411 Dei

270 2463 645 2532 benignitatem
672 2457 934 2524 ostendat,
957 2464 1009 2511 et
1034 2455 1201 2525 qualis
1226 2460 1367 2507 esset
1391 2494 1403 2515 ,
1426 2466 1546 2506 cum
1572 2449 1639 2503 ab
1657 2463 1718 2502 ea
1746 2446 1840 2500 fuit

271 2555 322 2608 in
347 2556 509 2610 alium
540 2560 912 2607 transmutatus
936 2558 989 2604 et
1014 2563 1077 2603 ex
1106 2554 1487 2616 persequutore
1514 2543 1680 2597 factus
1705 2555 1837 2608 apo-

272 2645 459 2697 stolus.
496 2643 648 2707 Quod
680 2642 721 2695 si
764 2650 1104 2708 peccatorum
1135 2636 1220 2689 ille
1249 2650 1367 2703 quin
1398 2633 1568 2687 deleta
1597 2631 1837 2694 fuerant,

270 2734 537 2795 meminit,
563 2733 729 2785 multo
761 2730 926 2799 magis
962 2736 1083 2797 post
1111 2726 1435 2793 baptismum
1479 2724 1838 2777 admissorum

269 2840 371 2878 nos
401 2830 613 2892 oportet
640 2820 970 2873 meminisse.
1001 2816 1115 2881 Qua
1134 2815 1275 2868 enim
1300 2813 1596 2881 poterimus
1614 2825 1842 2864 excusa-

272 2914 420 2967 tione
444 2911 540 2976 nti,
554 2925 657 2980 qua
678 2908 821 2977 digni
841 2906 1030 2968 videri,
1050 2919 1171 2957 cum
1191 2902 1277 2955 ille
1300 2899 1515 2954 assidue
1534 2896 1843 2950 meminerit

269 2997 816 3070 eorum,quzejudicio
828 3012 935 3051 non
955 2992 1446 3052 suntobnoxia,nos
1463 3002 1591 3041 vero
1607 3001 1839 3055 quorum

271 3093 535 3147 rationem
558 3090 814 3145 reddituri
830 3102 1037 3147 sumus,
1062 3100 1124 3139 ea
1142 3098 1245 3136 nec
1266 3081 1321 3133 in
1349 3078 1661 3133 memoriam
1686 3076 1841 3130 nobis

273 3196 610 3241 revocemus.
634 3179 727 3234 sed
756 3176 986 3247 propriis
1012 3171 1273 3244 neglectis
1301 3171 1356 3224 in
1379 3168 1552 3222 aliena
1582 3167 1717 3220 mala
1743 3181 1840 3220 eu-

270 3274 471 3329 riosius
494 3271 825 3340 inquiramus
852 3267 999 3338 (Luc.
1027 3266 1080 3320 5.
1106 3264 1200 3332 8)?
1225 3262 1382 3333 [Audi
1408 3260 1625 3313 Petrum
1646 3258 1833 3311 dicen-

274 3376 415 3420 tem:
438 3364 538 3417 Exi
568 3380 599 3414 a
623 3378 722 3425 me,
752 3361 874 3429 quia
902 3360 978 3411 uir
1003 3366 1246 3425 peccator
1272 3351 1410 3423 sum]
1436 3352 1534 3421 (a).
1566 3348 1707 3403 Audi
1738 3361 1846 3416 quo

272 3466 433 3526 pacto
448 3455 730 3507 Mattheus
749 3465 967 3521 quoque
990 3448 1224 3518 priorem
1248 3459 1399 3500 suam
1420 3443 1584 3496 vitam
1605 3444 1842 3508 accuset,

273 3558 330 3603 et
345 3563 408 3603 se
429 3546 769 3616 publicanum
792 3542 1021 3611 appellet
1038 3538 1250 3611 (Matth.
1273 3537 1363 3591 10.
1383 3535 1459 3604 5),
1478 3547 1654 3603 neque
1674 3530 1848 3585 divul-

271 3654 401 3710 gare
413 3638 644 3707 priorem
666 3651 817 3691 suam
835 3637 998 3689 vitam
1012 3633 1316 3686 erubescat.
1331 3628 1465 3681 Nam
1482 3641 1604 3679 cum
1623 3622 1845 3693 postha-

272 3728 751 3800 ptismuntmullius
766 3742 823 3781 se
843 3724 1083 3781 criminis
1113 3735 1367 3776 accusare
1394 3724 1631 3788 possent,
1652 3730 1841 3769 eorum

267 3826 389 3880 qua:
412 3818 535 3864 ante
558 3816 825 3878 patrarunt
848 3807 1223 3869 meminerunt,
1248 3813 1303 3858 ut
1320 3818 1417 3857 nos
1442 3802 1694 3857 docerent
1716 3800 1845 3853 alie-

271 3916 462 3953 norum
493 3899 748 3951 malorum
770 3897 964 3950 nullam
993 3896 1187 3949 habere
1212 3892 1602 3958 rationem,sed
1633 3892 1841 3961 pr0pria

270 4001 481 4051 curare,
511 4001 574 4039 ac
603 4000 814 4054 semper
839 3987 893 4039 in
920 3985 1097 4038 animo
1124 3985 1381 4039 volutare.

341 4077 671 4131 Peccatorum
710 4077 986 4129 recordatio
1024 4075 1314 4129 remedium.
1351 4104 1420 4114 —
1448 4072 1657 4126 Nullum
1700 4072 1838 4125 enim

268 4180 375 4233 est,
401 4170 600 4224 nullum
631 4168 774 4223 aliud
804 4168 903 4222 tale
923 4168 986 4221 ad
1008 4175 1223 4235 peccata
1255 4164 1482 4219 tollenda
1512 4163 1802 4218 remedium
1822 4203 1835 4226 ,

268 4270 430 4329 atque
458 4259 663 4312 illorum
696 4257 903 4311 assidua
926 4257 1242 4319 recordatio,
1273 4270 1334 4309 ac
1360 4263 1607 4323 perpetua
1629 4268 1839 4307 eorum-

265 4352 392 4404 dem
421 4352 704 4404 accusatio.
732 4347 804 4401 Ita
834 4348 1140 4417 publicanus
1168 4348 1439 4400 innumera
1467 4344 1840 4414 potuitabjice-

266 4458 327 4496 re
356 4442 517 4504 mala,
547 4450 601 4493 ut
620 4441 839 4501 diceret,
871 4437 1029 4501 Deus,
1064 4438 1306 4506 prapitius
1337 4444 1440 4489 esto
1469 4435 1594 4487 mihi
1614 4443 1841 4501 peccato-

266 4533 311 4583 ri
344 4529 496 4593 (Luc.
530 4529 613 4584 18.
646 4528 731 4597 15)
766 4544 777 4579 :
804 4528 871 4579 ita
904 4526 1199 4580 Pharisaeus
1227 4525 1368 4577 omni
1393 4523 1591 4592 justitia
1623 4521 1835 4586 excidit,

267 4619 411 4688 quod
438 4620 681 4672 omitten.c
705 4632 880 4671 secum
906 4616 1083 4668 animo
1109 4624 1353 4683 reputare
1377 4630 1494 4683 qua:
1527 4618 1797 4681 peccasset
1822 4650 1835 4674 ,

272 4720 441 4764 totum
492 4710 672 4763 orbem
715 4717 973 4762 terrarum
1013 4706 1419 4764 condemnaret,
1460 4704 1684 4756 dicens:
1719 4701 1837 4754 Non

270 4815 381 4851 sunt
409 4800 535 4851 sicut
559 4798 722 4849 crcteri
750 4796 1002 4848 hominum
1024 4837 1037 4859 ,
1061 4806 1289 4862 raptores
1311 4836 1323 4856 ,
1358 4794 1532 4860 injusti
1550 4833 1563 4856 ,
1598 4792 1835 4857 adulteri,

272 4905 431 4958 neque
457 4898 511 4941 ut
540 4889 619 4941 hic
656 4889 953 4957 publicanus
982 4886 1140 4958 (Ibid.
1181 4903 1229 4938 v.
1264 4884 1373 4951 11).
1408 4884 1607 4937 Idcirco
1648 4884 1841 4938 Paulus

271 4978 591 5031 admonebat
606 4978 787 5031 dicens
807 4998 818 5031 :
852 4978 990 5046 Opus
1005 4986 1170 5030 autem
1185 4992 1328 5028 suum
1350 4975 1688 5042 unusquisque
1720 4991 1840 5042 pro-

274 5073 370 5133 bet,
402 5080 447 5123 et
476 5070 545 5122 sic
568 5072 619 5121 in
646 5070 905 5139 semetipso
930 5078 1120 5120 tantum
1166 5067 1376 5136 gloriam
1415 5065 1642 5129 habebit,
1674 5075 1720 5117 et
1742 5082 1841 5117 non

272 5163 321 5211 iu
350 5161 509 5211 altera
536 5157 671 5225 (Cal.
704 5160 755 5212 6.
780 5159 855 5227 4).
895 5159 981 5211 Vis
1005 5158 1229 5218 discere,
1252 5172 1359 5223 quo
1398 5164 1551 5223 pacto
1578 5154 1629 5207 in
1666 5154 1840 5207 Veteri

272 5262 485 5316 quoilue
527 5247 865 5300 Testamento
893 5245 1025 5315 justi
1079 5248 1281 5314 seipsos
1326 5245 1667 5306 accusarint,
1720 5243 1837 5295 audi

271 5339 430 5389 etiam
479 5336 606 5390 istos
650 5336 748 5389 illis
801 5348 1157 5390 consentanea
1204 5335 1497 5402 loquentes.
1525 5332 1653 5385 Nam
1682 5331 1840 5383 David

273 5429 489 5495 quidem
528 5428 734 5481 dicebat
767 5429 1103 5497 :lniquitates
1125 5441 1245 5477 mea
1269 5439 1601 5493 supergressa:
1620 5434 1733 5476 sunt
1759 5439 1843 5474 ca-

273 5530 360 5591 put
410 5536 614 5584 meum;
655 5520 798 5588 quasi
824 5534 948 5569 onus
982 5531 1131 5586 grave
1163 5525 1379 5585 gravata
1420 5524 1535 5566 sunt
1579 5531 1729 5581 super
1768 5530 1843 5566 me

274 5736 306 5787 ﬁ
335 5674 407 5783 (ὅ)
441 5682 553 5729 mue
579 5672 761 5721 uncinis
785 5671 1066 5721 clauduntur
1088 5672 1134 5717 in
1159 5667 1289 5718 Colb.
1316 5666 1561 5726 leguntur,
1578 5664 1664 5712 sed
1684 5664 1729 5711 in
1749 5663 1839 5712 edi-

310 5750 334 5786 s
388 5743 577 5784 cet-ant.

310 5750 334 5786 τί
353 5743 577 5784 deerant.

1214 347 1303 402 DE
1347 338 1876 400 PROPIIETIARUM
1915 336 2411 394 OBSCURITATE.
2452 337 2517 393 II.

3420 353 3531 405 190

1947 451 2114 523 (Ρωι.
2140 454 2227 508 37.
2250 453 2328 521 5).
2359 453 2524 507 Isaias
2553 468 2675 509 vero
2702 454 2898 508 clamat
2928 452 3066 508 :Hei
3093 455 3215 508 mila
3234 496 3249 523 ,
3280 458 3399 525 quia
3424 460 3519 511 Ito-

1944 560 2025 597 mo
2054 560 2166 597 cum
2192 545 2285 597 sim
2303 583 2320 609 ,
2353 552 2398 597 et
2430 544 2691 597 immunda
2727 544 2861 597 labia
2876 545 3061 600 habens
3090 545 3240 617 (lsai.
3265 546 3318 600 6.
3354 547 3431 607 5).
3454 548 3520 602 Et

1948 643 2057 689 tres
2106 635 2279 705 pueri,
2316 650 2437 689 cum
2477 635 2531 688 in
2570 635 2786 691 fornace
2814 647 3176 702 versarentur,
3206 648 3259 691 et
3305 647 3519 707 prepter

1947 724 2111 777 Deum
2135 723 2293 778 morti
2332 737 2554 792 corpora
2583 724 2957 789 tradidissent,
2991 725 3128 780 inter
3154 727 3368 781 ultimos
3395 743 3519 797 pec-

1944 823 2152 869 catores
2170 815 2377 883 seipsos
2403 815 2752 869 numerabant
2778 816 3034 883 dicentes,
3069 817 3413 886 Peccavimus,
3428 820 3519 873 ini-

1945 920 2041 973 que
2063 906 2251 977 egimus
2280 904 2439 977 (Dan.
2470 908 2525 962 3.
2551 905 2643 977 29)
2680 923 2695 960 :
2723 908 2930 961 tametsi
2957 909 3081 978 quid
3111 910 3368 965 illustrius
3390 912 3513 979 illis,

1943 996 2067 1065 qujd
2094 997 2344 1052 mundius
2374 996 2504 1051 fuit?
2533 998 2786 1064 Quamvis
2819 999 2960 1053 cnim
3006 1010 3221 1068 peccata
3259 1003 3516 1058 nonnulla

1943 1089 2364 1153 commisissent,
2397 1088 2577 1143 omnia
2608 1098 2783 1145 tamen
2810 1090 3134 1146 absterserat
3154 1093 3382 1149 llammm
3414 1111 3514 1149 na—

1945 1184 2083 1232 tura.
2108 1176 2305 1233 Verum
2332 1179 2397 1233 ad
2420 1178 2595 1248 priora
2637 1188 2783 1235 recte
2804 1178 2941 1235 facta
2979 1196 3084 1236 non
3128 1184 3515 1251 respiciebant,

1943 1267 2036 1322 sed
2062 1277 2275 1336 peccata
2297 1284 2475 1323 secum
2498 1270 2829 1339 reputabant.
2876 1270 2966 1327 Sic
3004 1282 3058 1327 et
3096 1273 3279 1329 Daniel
3307 1286 3423 1344 post
3451 1279 3519 1331 la-

1943 1373 2062 1414 cum
2090 1359 2323 1424 leonum,
2352 1370 2473 1429 post
2510 1362 2789 1416 innumera
2813 1362 3068 1432 supplicia
3098 1380 3217 1433 qua:
3243 1368 3511 1421 sustinue-

1944 1459 2045 1516 rat,
2074 1452 2191 1519 ipse
2222 1468 2432 1522 quoque
2451 1454 2683 1522 seipsum
2711 1454 3025 1520 accusabat,
3054 1458 3352 1525 proximum
3390 1474 3518 1512 vero

1945 1555 2123 1594 nemo.
2149 1539 2285 1607 Quid
2313 1541 2421 1595 ita?
2444 1542 2576 1609 Quia
2598 1543 2845 1597 nimirum
2870 1544 3037 1613 is,qui
3057 1554 3279 1599 cmteros
3296 1547 3517 1601 maledi-

1943 1632 2042 1686 ctis
2067 1631 2315 1695 incessit,
2346 1631 2626 1686 Dominum
2650 1631 2871 1687 offendit
2902 1634 3026 1702 :qui
3066 1648 3194 1688 vero
3237 1635 3515 1691 maledicta

1944 1722 2159 1791 coniicit
2187 1722 2239 1775 in
2268 1722 2501 1790 seipsum
2526 1762 2541 1786 ,
2568 1721 2741 1790 placat
2771 1722 2916 1776 illum
2946 1737 3009 1778 ac
3037 1722 3345 1777 reconciliat
3372 1724 3509 1790 sibi;

1944 1822 1998 1867 et
2040 1813 2317 1882 iustiorem
2368 1812 2543 1867 reddit
2592 1813 2786 1881 iustum
2806 1854 2821 1879 ,
2851 1821 2907 1869 ct
2940 1824 3268 1883 peecatorem
3296 1817 3515 1874 crimine

1944 1906 2152 1968 liberat,
2188 1919 2251 1958 ac
2290 1906 2444 1959 venia
2475 1904 2689 1975 dignum
2712 1905 2904 1960 reddit.
2936 1906 3066 1973 Quae
3117 1924 3237 1962 cum
3282 1908 3352 1962 ita
3392 1919 3511 1963 nota

1943 1997 2051 2050 sint
2075 1996 2249 2061 nobis,
2274 2012 2343 2051 ne
2366 1996 2418 2050 in
2446 1996 2637 2060 aliena,
2667 1996 2759 2051 sed
2791 1997 2843 2049 in
2878 2006 3058 2051 nostra
3088 1998 3225 2051 mala
3255 1999 3515 2052 curiosius

1946 2088 2292 2158 inquiramus,
2314 2088 2640 2142 excutiamus
2660 2087 3035 2142 conscientiam
3054 2096 3284 2142 nostram
3317 2105 3329 2140 :
3354 2088 3512 2142 vitam

1944 2193 2155 2232 omnem
2185 2187 2419 2232 nostram
2441 2177 2832 2232 reminiscendo
2855 2192 3317 2247 recognoscamus,
3341 2194 3457 2249 qua:
3484 2194 3514 2232 a

1944 2269 2098 2324 nobis
2127 2279 2339 2338 peccata
2369 2277 2491 2322 sunt
2512 2277 2761 2323 accurate
2783 2277 3111 2335 scrutemur,
3141 2280 3192 2323 et
3225 2286 3327 2324 non
3357 2271 3514 2325 modo

1944 2370 2167 2415 cancros
2184 2359 2475 2415 maledictis
2490 2374 2596 2413 non
2621 2358 2967 2423 incessamus,
2986 2357 3081 2414 sed
3101 2375 3272 2429 neque
3291 2369 3513 2415 ceteros

1944 2454 2237 2507 maledictis
2262 2453 2586 2507 incessentes
2610 2451 2908 2505 audiamus.
2940 2450 3070 2504 Nam
3093 2459 3147 2504 et
3172 2452 3293 2505 huic
3318 2452 3392 2506 rei
3414 2452 3515 2505 cri-

1944 2559 2062 2597 men
2086 2558 2147 2597 ac
2167 2543 2481 2611 supplicium
2524 2543 2811 2595 maximum
2859 2550 2939 2595 est
2974 2551 3212 2609 paratum
3243 2560 3256 2595 :
3285 2543 3515 2595 Auditio-

1943 2652 2054 2687 nem
2074 2634 2236 2699 enim,
2261 2633 2448 2701 inquit,
2482 2648 2661 2685 uanam
2686 2647 2787 2683 non
2815 2630 3055 2699 suscipies
3081 2630 3270 2697 (Exod.
3309 2630 3397 2685 9.3.
3438 2631 3513 2700 1).

1942 2725 2055 2779 Νοιι
2103 2724 2255 2787 dixit,
2283 2722 2552 2775 Auditioni
2595 2736 2744 2774 vana:
2794 2721 3014 2775 minime
3056 2720 3260 2787 credes,
3303 2722 3516 2785 sod,Ne

1944 2813 2201 2882 suscipies
2246 2812 2458 2883 quidem
2491 2812 2633 2865 illam
2672 2828 2685 2863 :
2715 2826 2870 2865 aures
2920 2813 3130 2877 obtura,
3155 2813 3514 2867 criminationi

1942 2905 2142 2957 aditum
2161 2918 2370 2956 omnem
2400 2902 2694 2957 interclude
2717 2943 2733 2967 ,
2771 2916 2941 2970 neque
2970 2902 3144 2955 minus
3168 2903 3437 2957 inimicum
3464 2914 3519 2959 et

1945 2994 2152 3049 hostem
2173 3008 2292 3048 esse
2314 3001 2365 3047 te
2395 2993 2532 3046 illius
2558 2992 2644 3061 qui
2675 2992 2958 3054 maledicit,
2986 3007 3142 3059 quam
3166 2992 3232 3046 sit
3264 2992 3394 3061 ipse,
3427 2994 3517 3062 qui

1944 3094 2240 3148 accusatur,
2260 3083 2499 3137 ostende.
2536 3081 2746 3136 Imitare
2777 3081 3108 3151 prophetam,
3142 3082 3228 3150 qui
3255 3082 3466 3136 sicinlit
3500 3097 3513 3135 :

1944 3176 2299 3229 Detrahentem
2344 3183 2533 3227 secreto
2581 3174 2810 3241 proximo
2850 3188 2962 3233 suo,
3015 3172 3147 3224 [tunc
3194 3172 3520 3240 persequebar

1946 3266 2114 3337 (Psal.
2147 3264 2270 3318 I00.
2294 3264 2373 3331 5).
2405 3262 2520 3316 Non
2546 3263 2696 3325 dixit,
2725 3262 2837 3316 Non
2866 3262 3166 3325 credebam,
3188 3277 3375 3330 neque,
3402 3262 3514 3315 Non

1945 3356 2299 3427 approbabam
2351 3370 2469 3424 quae
2520 3353 2849 3414 dicebantur,
2882 3352 2974 3405 sed
2997 3394 3012 3417 ,
3042 3352 3215 3405 Etiam
3248 3360 3514 3416 tamquam

1947 3449 2215 3505 inimicum
2245 3456 2300 3501 et
2324 3448 2529 3500 hostem
2557 3446 2902 3513 repellebant.

2016 3540 2103 3596 10.
2144 3539 2248 3595 Sed
2276 3548 2396 3592 sunt
2425 3536 2661 3590 nonnulli
2682 3536 2771 3604 qui
2796 3536 2979 3589 frivola
3001 3535 3227 3604 quadam
3257 3540 3501 3593 censola.

1947 3631 2087 3685 tione
2113 3644 2171 3684 se
2208 3627 2549 3683 consolantur
2592 3626 2870 3680 dicentes:
2899 3626 3137 3691 Domine,
3203 3644 3270 3682 ne
3316 3638 3515 3685 statuas

1945 3722 2072 3775 mihi
2101 3721 2200 3773 hoc
2230 3727 2527 3789 peceatum,
2556 3718 2675 3788 quia
2704 3716 2958 3771 rationem
2983 3717 3208 3774 reddere
3233 3721 3517 3776 auditionis

1945 3811 2133 3865 debeo.
2157 3810 2291 3874 Quid
2320 3807 2421 3863 hac
2433 3809 2790 3871 excusatione,
2808 3807 2931 3877 quid
2955 3808 3053 3863 hac
3074 3810 3222 3863 venia
3247 3821 3329 3865 est
3346 3813 3517 3879 opus?

1947 3901 2085 3955 Tace
2101 3900 2280 3965 modo,
2306 3908 2362 3954 et
2386 3900 2529 3954 omni
2549 3900 2774 3953 crimine
2800 3900 3040 3954 liberaris
3070 3919 3083 3954 :
3110 3902 3239 3954 nihil
3261 3902 3426 3967 dicas,
3464 3913 3517 3956 et

1945 3992 2011 4045 ab
2040 3991 2182 4045 omni
2210 3990 2557 4059 trepidatione
2578 3989 2825 4043 immunis
2852 3990 2977 4044 eris.
3008 3990 3115 4044 Cur
3144 3991 3235 4044 tibi
3288 4002 3342 4046 et
3376 3994 3514 4060 apud

1946 4082 2108 4137 Deum
2149 4091 2202 4137 et
2225 4081 2362 4150 apud
2389 4082 2629 4135 homines
2672 4084 2943 4148 negotium
2989 4079 3247 4135 lacessis?
3273 4096 3367 4134 cur
3420 4082 3517 4135 tei-

1945 4188 2097 4242 psum
2148 4172 2458 4225 criminibus
2504 4171 2794 4225 obnoxium
2846 4170 3076 4224 reddis?
3120 4188 3213 4225 cur
3249 4174 3510 4227 sarcinam

1943 4262 2240 4331 graviorem
2278 4259 2545 4328 imponis?
2573 4260 2685 4314 Non
2708 4259 2903 4313 sufficit
2934 4260 3047 4324 tibi,
3075 4261 3116 4314 si
3163 4262 3230 4315 de
3287 4265 3518 4331 propriis

1944 4352 2151 4407 delictis
2202 4352 2463 4407 rationem
2521 4352 2730 4415 reddas,
2778 4351 2871 4406 sed
2921 4361 2975 4405 et
3015 4352 3115 4405 alia
3164 4366 3376 4421 peccata
3426 4355 3517 4408 tibi

1944 4443 2276 4497 accumulas?
2325 4442 2723 4510 Supervacanea
2776 4452 2857 4496 est
2900 4442 3013 4496 htec
3067 4446 3377 4498 excusatio:
3415 4462 3517 4499 non

1944 4532 2225 4585 auditionis
2253 4531 2478 4587 reddere
2502 4532 2759 4586 rationem
2805 4531 2985 4596 debes,
3021 4533 3115 4585 sed
3162 4537 3515 4588 accusationis

1945 4623 2224 4676 reddenda:
2249 4624 2440 4676 rationi
2470 4637 2529 4677 es
2557 4622 2836 4677 obnoxius.
2863 4620 2996 4674 Cum
3048 4623 3188 4675 enim
3234 4634 3514 4693 postquam

1944 4712 2213 4777 audieras,
2257 4727 2361 4766 non
2406 4711 2639 4776 silueris,
2693 4726 2797 4764 non
2840 4710 3125 4765 auditionis
3178 4713 3369 4776 solum,
3428 4717 3518 4767 εριΙ

1945 4805 2102 4858 etiam
2132 4802 2486 4858 accusationis
2514 4801 2737 4855 reddere
2783 4802 3043 4856 rationem
3069 4801 3256 4859 debes.
3290 4805 3369 4857 Ex
3418 4823 3522 4856 uer-

1945 4894 2017 4948 bis
2044 4896 2174 4948 enim
2214 4896 2311 4947 tuis
2347 4890 2726 4961 justiﬁcaberis,
2782 4892 2970 4961 inquit,
3021 4902 3067 4945 et
3113 4909 3175 4946 ea:
3221 4895 3377 4948 verbis
3428 4898 3523 4948 tuis

1946 4978 2363 5034 condemnaberis
2390 4981 2601 5050 (Matth.
2626 4981 2712 5034 12.
2732 4982 2796 5035 '57
2810 4980 2846 5052 ).
2876 4982 3003 5036 H:re
3024 4998 3123 5051 ego
3152 4999 3256 5037 non
3280 4994 3524 5054 propter-

1946 5089 2005 5127 ea
2050 5074 2169 5127 dico
2212 5086 2274 5125 ac
2296 5073 2569 5136 denuntio,
2597 5073 2735 5140 quod
2766 5073 2826 5127 iis
2860 5074 3092 5138 timeam,
3124 5076 3211 5143 qui
3244 5076 3385 5129 male
3433 5092 3521 5128 au-

1946 5166 2115 5229 diunt,
2135 5165 2226 5219 sed
2255 5166 2318 5217 iis
2344 5166 2431 5233 qui
2460 5166 2800 5219 maledicunt.
2825 5166 2954 5219 Nam
3001 5168 3091 5236 qui
3147 5173 3284 5221 male
3325 5167 3518 5223 audivit

1949 5257 2089 5308 nulla
2117 5257 2455 5319 contumelia,
2490 5272 2660 5325 neque
2683 5256 2877 5310 damno
2899 5268 2980 5311 est
3016 5258 3276 5324 affectus;
3329 5260 3423 5314 sed
3471 5261 3516 5313 si

1950 5338 2079 5392 falsa
2118 5340 2242 5404 sint,
2276 5355 2392 5408 qua:
2435 5341 2500 5394 de
2530 5340 2619 5395 illo
2663 5343 2937 5407 dicuntur,
2998 5347 3158 5399 etiam
3211 5351 3513 5401 mercedem

1949 5431 2145 5483 referet
2189 5448 2201 5483 :
2251 5432 2331 5484 sin
2380 5447 2521 5494 vera,
2573 5448 2642 5485 ne
2698 5432 2777 5487 sic
2836 5434 3051 5502 quidem
3105 5438 3373 5491 accusatio
3422 5448 3512 5493 tua

1946 5533 2125 5575 notam
2160 5523 2465 5591 ignominiae
2494 5525 2653 5577 ullam
2675 5526 2887 5580 inussit.
2916 5528 3098 5596 Neque
3124 5531 3265 5583 enim
3290 5548 3354 5585 ex
3378 5532 3513 5585 vitu-

1944 5614 2092 5681 perio
2118 5623 2209 5667 tuo
2239 5620 2349 5667 tmn
2369 5616 2530 5683 judex
2566 5618 2620 5669 in
2648 5618 2793 5671 illum
2825 5622 3147 5675 sententiam
3172 5623 3325 5677 feret.
3358 5623 3509 5689 Quod

1944 5706 1985 5758 si
2017 5706 2207 5759 mirum
2234 5707 2361 5775 quid
2387 5718 2439 5761 et
2474 5708 2750 5763 insolitum
2775 5712 3059 5768 dicendum
3088 5724 3186 5776 est,
3217 5716 3507 5772 maximum
