4032 6220
569 338 675 392 191

559 433 718 488 etiam
735 444 992 503 quazstum
1010 434 1166 489 faciet
1190 436 1233 489 si
1262 436 1498 492 convicia
1516 439 1778 506 patienter
1797 438 1953 506 ferat,
1977 448 2034 494 ut
2059 440 2127 494 fe-

560 525 632 578 cit
665 525 967 593 publicanus
991 543 1003 578 :
1026 535 1081 578 at
1100 525 1143 579 is
1161 526 1248 595 qui
1281 526 1566 593 maledicit,
1595 541 1690 582 seu
1715 544 1839 583 vera
1861 529 1985 592 sint,
2032 545 2126 584 seu

566 615 718 681 falsa,
749 632 866 685 qua:
890 617 944 670 in
967 617 1265 684 proximum
1289 616 1504 686 conjicit
1550 618 1849 682 maledicta,
1898 619 2128 672 niaximo

562 704 760 760 damno
820 704 1065 758 afﬁcitur.
1119 704 1185 758 Et
1236 705 1669 760 c:iltiuiniatorem
1737 707 1949 777 quidem
2003 722 2126 776 per-

558 795 685 850 iisse
709 832 728 859 ,
793 793 932 848 nulla
1003 803 1086 849 est
1141 809 1274 864 opus
1321 793 1816 852 demonstratione:
1864 794 1965 850 sibi
2003 811 2128 851 vero

560 884 708 938 illum
748 886 959 953 gravius
1002 884 1258 953 judicium
1299 899 1592 948 accersere,
1638 885 1762 940 licet
1797 901 1930 940 vera
1951 884 2124 951 dicat,

559 973 684 1028 dum
711 974 950 1029 miserias
975 973 1198 1044 proximi
1219 974 1475 1044 divulgat,
1497 982 1553 1029 et
1575 973 1943 1030 seandalorum
1993 989 2124 1028 cau-

558 1078 669 1120 sam
717 1064 933 1135 prabet,
963 1065 1291 1119 omnibusea
1332 1062 1604 1135 delegem,
1648 1079 1769 1134 qua:
1812 1062 2122 1118 occultanda

556 1155 784 1218 fuerant.
824 1164 879 1211 et
899 1154 1122 1225 proximi
1150 1162 1360 1222 peccata
1398 1152 1671 1224 praedicat,
1717 1151 1966 1208 omnibus
2015 1152 2118 1206 uti-

555 1255 657 1310 que
707 1243 1040 1299 mnifestum
1103 1252 1205 1300 est.
1257 1242 1386 1298 Nam
1421 1243 1466 1298 si
1519 1243 1609 1312 qui
1651 1257 1814 1296 unum
1859 1241 2122 1297 scandali-

555 1334 773 1400 Zaverit,
799 1333 1125 1390 inevitabiles
1171 1348 1355 1404 pinnas
1399 1333 1564 1396 dabit.
1617 1332 1662 1386 is
1682 1331 1772 1402 qui
1821 1332 2124 1389 innumeros

555 1437 770 1477 rumore
833 1421 974 1480 malo
1039 1439 1224 1492 sparso
1264 1421 1622 1487 scandalizat,
1673 1437 1780 1491 quo
1829 1438 1934 1476 non
1993 1438 2122 1491 sup-

554 1513 711 1582 plicio
729 1514 1020 1583 plectatur?
1044 1515 1338 1570 Phariszeus
1355 1515 1498 1570 enirn
1513 1529 1618 1570 non
1635 1514 2002 1578 mentiebatur.
2028 1515 2122 1570 sed

553 1617 678 1657 vera
727 1604 955 1666 dicebat.
1003 1603 1129 1658 dum
1202 1604 1536 1673 publicanum
1585 1605 1809 1658 vocabat
1882 1604 2117 1673 publica-

556 1706 702 1755 num,
732 1702 963 1747 attamen
990 1702 1175 1762 pmnas
1194 1693 1360 1747 dedit.
1389 1692 1515 1748 ilmc
1544 1694 1702 1764 igitur
1743 1695 1995 1758 scientes,
2042 1694 2123 1749 di-

550 1780 841 1843 lectissimi,
873 1783 1292 1838 maledicentiam
1319 1784 1578 1854 fugiamus
1605 1801 1620 1836 :
1649 1799 1821 1854 neque
1841 1785 1983 1839 enim
1999 1799 2122 1854 gra-

552 1869 667 1924 vius
696 1878 778 1924 est
805 1870 906 1924 isto
946 1886 1044 1925 nec
1085 1869 1286 1925 facilius
1329 1883 1619 1940 peccatum.
1647 1873 1790 1938 Quid
1812 1873 1930 1927 ita?
1967 1872 2119 1942 Quod

553 1959 798 2026 celerius,
826 1975 983 2030 quam
1012 1961 1173 2016 ullum
1202 1962 1343 2015 aliud
1369 1971 1636 2030 peccatum
1659 1961 1879 2028 feratur,
1909 1973 1964 2016 et
1987 1978 2114 2016 eou-

549 2049 724 2105 festim
746 2065 866 2105 eum
889 2051 977 2121 qui
1034 2067 1137 2106 non
1166 2053 1390 2106 attendit
1415 2053 1658 2123 abripiat.
1687 2053 1819 2107 Nam
1845 2053 1948 2108 alia
1999 2056 2117 2122 qui-

548 2141 668 2195 dem
697 2153 908 2209 peccata
933 2154 1170 2210 tempore
1195 2141 1448 2211 indigent,
1476 2152 1530 2198 et
1578 2142 1839 2212 impensa,
1888 2151 1940 2198 et
1987 2142 2123 2197 dila-

551 2228 715 2292 tione,
738 2238 791 2281 et
816 2229 1162 2295 adjutoribus,
1191 2244 1254 2282 ac
1277 2245 1423 2298 saepe
1463 2230 1635 2298 aliqua
1663 2231 1918 2298 temporis
1968 2244 2114 2284 mora

549 2317 1018 2385 interrumpuntur.
1055 2317 1294 2387 Exempli
1343 2333 1500 2373 causa
1529 2321 1750 2374 :statuit
1795 2321 1990 2390 aliquis
2031 2322 2113 2375 in-

552 2407 812 2474 terficere,
867 2409 1052 2462 statuit
1094 2409 1284 2479 aliquis
1327 2407 1509 2474 furari,
1567 2420 1624 2464 et
1657 2409 1831 2464 aliena
1883 2425 2112 2479 rapere:

549 2496 712 2549 multa
741 2512 960 2552 necesse
987 2507 1069 2552 est
1102 2498 1368 2564 moliatur,
1424 2507 1477 2554 et
1524 2513 1687 2569 stupe,
1746 2499 1872 2554 dum
1916 2499 2112 2566 differt,

546 2583 679 2638 iram
708 2583 877 2651 sedat,
909 2601 936 2637 a
958 2600 1119 2655 pravo
1163 2595 1356 2641 conatu
1386 2587 1573 2653 resilit,
1605 2589 1918 2644 sceleratam
1971 2591 2112 2644 illam

549 2674 865 2728 sententiam
894 2675 1278 2746 abjicit,neque
1293 2677 1569 2732 consilium
1593 2678 1658 2732 ad
1683 2693 1817 2749 opus
1843 2679 2108 2748 perducit:

547 2770 602 2814 at
627 2762 681 2816 in
708 2763 1068 2819 ntaledicendo
1099 2781 1202 2819 non
1232 2767 1302 2820 ita
1329 2765 1406 2831 fit,
1432 2767 1527 2823 sed
1573 2769 1671 2823 nisi
1726 2771 1910 2824 attenti
1961 2770 2112 2826 valde

543 2853 709 2907 simus
736 2868 798 2909 ac
827 2856 1028 2924 vigiles,
1048 2856 1196 2911 facile
1211 2858 1537 2926 abripimur:
1576 2869 1630 2914 et
1655 2873 1824 2929 neque
1854 2870 2106 2930 tempore,

545 2958 716 3012 neque
736 2943 1006 3010 dilatione,
1029 2962 1200 3016 neque
1228 2947 1486 3016 impensa,
1515 2964 1687 3019 neque
1715 2949 1985 3004 molitione
2017 2965 2110 3004 no-

544 3031 627 3086 bis
664 3033 768 3087 ulla
797 3044 878 3087 est
896 3048 1049 3103 Opus,
1073 3043 1130 3089 ut
1155 3035 1565 3092 maledieamus:
1593 3038 1686 3092 sed
1708 3039 1974 3095 suflicitut
1995 3049 2109 3092 tan-

544 3130 653 3175 tum
685 3122 926 3188 velimus,
956 3133 1012 3178 et
1051 3123 1228 3178 statim
1251 3125 1496 3180 voluntas
1538 3127 1591 3180 in
1619 3143 1755 3196 opus
1803 3129 1932 3181 exit.
1985 3130 2109 3183 Sola

542 3209 734 3280 quippe
779 3212 952 3282 lingua
1003 3221 1085 3267 est
1106 3229 1222 3282 qua:
1246 3213 1482 3270 inservit.
1508 3215 1732 3284 Quando
1759 3218 1916 3285 igitur
1956 3219 2111 3273 velox

544 3309 629 3355 est
679 3303 919 3370 malum,
974 3311 1028 3358 et
1075 3302 1230 3360 facile
1288 3320 1388 3359 nos
1429 3306 1777 3361 circumstans
1816 3319 2109 3376 peccatum,

542 3402 597 3445 et
640 3407 795 3461 praua
839 3394 1013 3464 gravis
1054 3410 1117 3450 ac
1147 3396 1486 3466 supplicium,
1531 3413 1629 3452 nec
1667 3397 1870 3452 lucrum
1923 3400 2107 3464 ullum,

543 3497 645 3536 non
717 3499 954 3551 parvum,
1007 3500 1111 3542 non
1152 3502 1418 3557 magnum,
1451 3489 1731 3559 diligenter
1787 3490 1926 3545 hunc
1971 3505 2114 3545 mor-

538 3572 662 3628 bum
717 3573 977 3643 fugiamus
1006 3615 1022 3640 ,
1072 3584 1126 3630 ct
1162 3576 1332 3632 aliena
1405 3577 1542 3633 mala
1591 3587 1833 3649 legamus
1861 3620 1879 3645 ,
1929 3594 2104 3650 neque

1275 326 1329 380 5.
1367 323 1645 380 JOANNIS
1690 323 2164 384 CilRYSOSTOlI
2213 324 2527 380 ARCIIIEP.
2567 325 3094 383 CONSTANTINOP.

3679 348 3793 402 192

2241 440 2575 509 propelemus
2622 455 2637 492 :
2681 440 3054 495 admoneamus
3079 451 3372 508 peccantes.
3421 451 3471 494 ut
3525 441 3653 495 dicit
3695 443 3801 496 llu-

2235 530 2413 584 minus
2465 549 2480 585 :
2528 531 2590 585 Si
2631 532 2901 599 peccaverit
2956 532 3006 583 in
3068 540 3113 584 te
3164 535 3318 600 frater
3359 541 3473 584 tuus
3499 571 3513 594 ,
3559 535 3701 596 unde,
3751 547 3805 585 (ι

2232 619 2428 688 corripe
2467 636 2579 673 eum
2635 621 2764 673 inter
2806 630 2853 673 te
2907 630 2953 673 et
3011 620 3174 689 ipsum
3224 620 3427 690 solum(
3459 620 3640 672 Matth.
3711 625 3794 676 18.

2234 708 2300 763 15
2320 707 2363 778 ).
2412 707 2588 778 Itaque
2657 719 2854 778 quanto
2902 709 3075 763 minus
3140 708 3299 763 fuerit
3361 707 3564 779 publica
3619 726 3798 780 reprc-

2231 794 2435 862 hensio,
2511 804 2657 852 tanto
2732 797 2939 852 facilius
3001 797 3319 854 medicinam,
3351 797 3645 854 adhibebis.
3720 800 3798 855 Ne

2231 884 2566 940 mordeamus
2595 927 2612 951 ,
2669 900 2839 954 neque
2913 885 3221 940 arrodamus
3303 887 3471 940 aliena
3538 887 3751 941 "tinem
3778 905 3800 950 ε

2231 988 2298 1028 ne
2339 988 2548 1029 muscas
2591 974 2875 1040 imitemur,
2920 974 3015 1030 sed
3059 989 3185 1043 apes
3220 976 3548 1029 temulemur.
3601 975 3794 1029 Musca:

2229 1062 2535 1119 Vulneribus
2550 1064 2984 1133 insident,.eaque
3001 1065 3416 1134 mordentzapes
3461 1067 3510 1120 in
3540 1066 3796 1122 floresin-

2229 1153 2426 1208 Volant.
2447 1152 2646 1209 Idcirco
2679 1154 2792 1209 ista:
2819 1154 3311 1216 favosconeinnant.
3332 1156 3432 1210 illa:
3449 1157 3659 1212 morbos
3673 1173 3800 1210 cor-

2228 1242 2440 1313 poribus
2467 1243 2738 1310 invehunt,
2757 1244 3242 1314 quibusiusederint
3260 1261 3275 1310 ;
3293 1258 3451 1317 atque
3473 1246 3554 1300 hu:
3577 1245 3790 1314 quidem

2226 1332 2547 1388 detestandae
2569 1342 2710 1398 sunt,
2734 1333 2838 1390 illa:
2857 1349 2982 1390 vero
2995 1335 3247 1391 amabiles
3265 1345 3458 1390 suntet
3472 1335 3692 1389 nobiles.
3723 1336 3794 1389 Et

2229 1437 2326 1477 nos
2352 1421 2511 1492 igitur
2544 1422 2795 1476 faciamus
2833 1431 2889 1477 ut
2917 1423 2969 1477 in
2997 1435 3199 1491 pratum
3243 1423 3450 1479 virtutis
3484 1431 3792 1478 sanctorum

2225 1513 2401 1566 anima
2429 1520 2609 1565 nostra
2640 1511 2858 1578 involet,
2879 1521 2933 1566 et
2959 1525 3174 1568 suavem
3209 1522 3352 1568 recte
3379 1511 3634 1568 factorum
3654 1513 3789 1566 udo-

2227 1617 2339 1655 rem
2384 1600 2456 1655 ab
2491 1601 2593 1655 illis
2637 1598 2862 1656 eiiusum
2899 1601 3236 1669 excitemus,
3260 1603 3613 1670 proximorum
3658 1617 3793 1656 vero

2225 1691 2440 1745 vulnera
2482 1703 2549 1745 ne
2576 1689 2887 1745 vellicemus
2920 1708 2934 1743 :
2963 1690 3200 1758 quinimo
3235 1690 3282 1745 si
3310 1703 3442 1758 quos
3481 1691 3532 1744 id
3570 1701 3792 1759 agentes

2224 1779 2512 1834 viderimus
2531 1820 2546 1843 ,
2569 1794 2630 1834 os
2659 1779 2763 1834 illis
2787 1779 3124 1834 oecludamus
3147 1819 3163 1843 ,
3190 1779 3427 1850 supplicii
3454 1789 3649 1833 metum
3681 1780 3793 1833 illis

2222 1870 2550 1940 objiciamus,
2577 1879 2633 1926 et
2654 1871 2980 1941 cognationis
3003 1870 3105 1925 illis
3121 1873 3424 1924 memoriam
3451 1867 3789 1933 refriccmus,

2223 1976 2343 2031 qua:
2369 1962 2469 2015 illis
2509 1977 2629 2016 cum
2657 1961 2902 2019 fratribus
2931 1961 3225 2018 intercedit.
3252 1961 3401 2027 Quod
3428 1961 3473 2016 si
3517 1959 3645 2014 nihil
3678 1959 3782 2013 ho-

2222 2067 2338 2105 rum
2366 2052 2482 2106 illos
2509 2059 2752 2116 moveat,
2783 2057 3007 2106 muscas’
3029 2052 3147 2106 illos
3174 2051 3522 2122 appellemus,
3548 2061 3601 2104 ut
3631 2049 3792 2118 hujus

2222 2141 2412 2196 saltem
2439 2140 2804 2210 appellationis
2831 2140 3025 2210 probro
3051 2153 3081 2192 a
3112 2153 3270 2208 pravo
3300 2143 3402 2193 hoc
3441 2139 3673 2191 instituto
3701 2154 3785 2192 rc-

2219 2243 2474 2288 vocentur
2492 2248 2513 2296 ;
2531 2241 2589 2286 ut
2613 2232 2679 2286 ab
2701 2232 2800 2286 hoc
2824 2230 2992 2286 inutili
3014 2230 3123 2283 otio
3145 2228 3352 2283 abducti
3381 2228 3636 2282 malorum
3660 2244 3785 2280 suo-

2219 2338 2333 2376 rum
2382 2321 2703 2391 inquisitioni
2750 2321 2914 2375 otium
2958 2335 3116 2374 omne
3151 2317 3473 2388 impendant.
3501 2317 3588 2372 Sic
3640 2316 3783 2371 enim

2218 2411 2309 2465 lict
2331 2451 2346 2474 ,
2377 2418 2434 2464 ut
2460 2419 2514 2464 et
2555 2411 2643 2479 qui
2679 2410 2810 2478 lapsi
2841 2417 2964 2462 sunt
2991 2418 3266 2478 resurgant
3289 2407 3498 2460 excitati
3528 2408 3790 2459 memoria.

2217 2512 2433 2552 suorum
2458 2499 2759 2561 criminum,
2785 2513 2902 2566 qua:
2930 2511 3258 2566 nequaquam
3280 2495 3473 2551 fuerint
3498 2496 3786 2564 divulgata,

2216 2596 2272 2642 et
2295 2587 2387 2657 qui
2420 2587 2631 2656 pr0pria
2669 2586 2806 2641 mala
2834 2600 3041 2653 semper
3065 2585 3240 2639 animo
3283 2599 3460 2638 secum
3506 2594 3782 2651 reputave-

2216 2680 2345 2746 rint,
2375 2678 2527 2733 facile
2557 2678 2643 2732 illa
2673 2678 2974 2746 deponant,
3005 2691 3067 2730 ac
3093 2685 3425 2745 peccatorum
3455 2688 3666 2728 suorum
3698 2688 3784 2727 re-

2215 2770 2523 2824 cordatione
2561 2768 2628 2824 ad
2658 2768 2758 2824 alia
2803 2768 3052 2837 patranda
3085 2767 3337 2822 tardiores
3381 2765 3701 2831 reddantur,
3728 2774 3790 2820 et

2214 2859 2302 2928 qui
2326 2867 2629 2913 sanctorum
2652 2859 2895 2913 virtutem
2925 2868 3176 2927 perpetuo
3195 2858 3393 2912 fuerint
3417 2855 3785 2924 contemplati,

2214 2948 2400 3016 majori
2441 2947 2554 3002 zelo
2580 2946 2647 3001 ad
2694 2961 2877 3001 eorum
2912 2947 3254 3001 imitationem
3284 2946 3666 3001 incendentur:
3695 2953 3782 2999 at-

2213 3051 2317 3107 que
2339 3037 2423 3093 his
2448 3037 2696 3093 omnibus
2728 3037 3004 3101 ellicietur,
3031 3046 3088 3090 ut
3115 3046 3226 3091 toto
3263 3036 3514 3090 Ecclesiae
3556 3048 3784 3103 corpore

2214 3144 2244 3183 a
2273 3129 2422 3183 nobis
2446 3128 2670 3183 feliciter
2699 3129 3006 3193 instaurate,
3028 3141 3147 3181 cum
3187 3128 3286 3181 boc
3312 3137 3452 3180 ctetu
3479 3126 3529 3179 in
3559 3141 3788 3194 regnum

2214 3218 2461 3274 αξιοι-ιω]
2492 3218 2689 3272 intrare
2715 3218 2996 3286 possimus,
3023 3216 3162 3285 quod
3204 3217 3400 3269 utinam
3429 3214 3582 3268 nobis
3610 3213 3782 3267 omni-

2211 3309 2312 3364 bus
2342 3310 2550 3378 assequi
2579 3308 2880 3378 contingat,
2909 3309 3076 3378 gratia
3121 3316 3172 3362 et
3213 3307 3531 3377 benignitate
3573 3305 3792 3359 Domini

2213 3401 2380 3456 nostri
2405 3400 2529 3456 Jcsu
2556 3400 2774 3464 Christi,
2805 3417 2898 3469 per
2921 3417 3075 3470 quem
3107 3409 3297 3455 etcum
3326 3413 3430 3468 quo
3453 3398 3643 3467 gloria,
3678 3411 3782 3450 una

2212 3505 2334 3546 cum
2359 3491 2558 3560 Spiritu
2585 3500 2797 3558 sancto,
2819 3505 2958 3546 nunc
2985 3500 3040 3546 et
3065 3504 3275 3559 semper
3301 3499 3354 3544 et
3382 3489 3442 3544 in
3465 3487 3658 3543 sarcula
3683 3499 3792 3544 Ia:-

2213 3579 2476 3636 culorum.
2501 3582 2692 3636 Amen.

1977 4212 2354 4274 MONITUM

611 4435 760 4508 [199]
802 4437 960 4492 Circa
996 4436 1502 4507 interpretationem
1532 4440 1590 4494 in
1613 4439 1913 4508 Danielem,
1937 4455 2059 4510 qua:
2083 4437 2455 4507 Cbrysostomi
2487 4450 2687 4491 nomen
2711 4433 3044 4502 circumfert,
3077 4446 3133 4490 et
3159 4450 3231 4490 ex
3246 4433 3584 4490 Bibliotheca
3607 4430 3780 4501 Regia

543 4547 867 4604 Scorialeusi
909 4549 1156 4605 desumta
1195 4561 1300 4616 est,
1329 4552 1447 4607 hac
1471 4551 1730 4622 praefatur
1773 4554 2096 4618 Cotelerius,
2141 4554 2235 4623 qui
2281 4553 2427 4607 illam
2456 4551 2605 4620 prior
2633 4550 2804 4605 edidit
2845 4567 2860 4602 :
2913 4567 2930 4599 ι
2965 4547 3348 4615 interpretatio
3391 4545 3448 4600 in
3495 4543 3776 4599 Danielem

538 4662 713 4734 prima
737 4663 914 4720 fronte
953 4665 1226 4734 plerisque
1260 4664 1474 4719 videtur
1501 4665 1866 4735 supposititia,
1900 4666 1993 4735 qui
2038 4666 2221 4721 forsan
2250 4681 2315 4720 ac
2343 4664 2538 4718 merito
2580 4661 2833 4717 solennes
2875 4661 2994 4715 illas
3055 4659 3402 4731 doxologias,
3452 4668 3781 4714 consuetam

539 4757 979 4849 perspicuitatem
1006 4783 1246 4854 aliasque
1272 4784 1534 4840 librorum
1559 4785 1750 4841 melliti
1781 4784 1958 4839 Patris
1986 4783 2141 4841 dotes
2173 4784 2565 4841 desiderabunt-
2593 4797 2658 4837 ac
2695 4781 2992 4852 requirent.
3025 4777 3350 4834 incredibile
3383 4785 3533 4832 certe
3564 4789 3783 4830 memo-

541 4900 663 4945 ratu
700 4908 862 4962 quam
891 4894 1148 4965 pleraque
1169 4899 1352 4953 omnia
1380 4898 1471 4952 hic
1490 4908 1585 4952 aut
1605 4897 1950 4969 imperfecta,
1978 4906 2075 4952 aut
2105 4897 2440 4967 perturbata,
2471 4896 2753 4965 magisque
2774 4903 2977 4949 tentata
3003 4907 3164 4963 quam
3197 4899 3469 4962 perorata,
3500 4891 3784 4960 epitomes

539 5008 774 5079 denique
795 5025 861 5066 ac
903 5012 1210 5083 eclogarum
1241 5015 1586 5084 praeferentia
1637 5017 1902 5087 speciem.
1931 5013 2134 5070 Verum
2174 5023 2379 5079 tarmen,
2412 5024 2473 5068 ut
2508 5013 2563 5066 id
2593 5012 2736 5081 quod
2765 5027 2853 5066 res
2895 5011 3059 5065 habet
3085 5008 3284 5073 dicam,
3323 5007 3468 5061 inter
3513 5014 3785 5060 centones

538 5121 737 5177 ardens
758 5139 998 5195 purpura
1027 5127 1233 5193 elucet;
1264 5126 1320 5184 in
1345 5130 1576 5184 turbidis
1608 5131 1800 5186 rivulis
1843 5129 2211 5201 limpidissimi
2255 5129 2420 5184 fontis
2461 5144 2616 5184 vente
2655 5126 2976 5185 scaturiunt.
3021 5123 3196 5189 Quare
3239 5122 3322 5177 ita
3350 5120 3778 5191 censeo,.Chry-

537 5239 858 5301 sostomum,
881 5250 1044 5304 quem
1064 5235 1117 5290 in
1150 5237 1456 5292 universam
1486 5239 1820 5310 Scripturam
1850 5241 2271 5296 commentarios
2295 5240 2578 5310 scripsisse
2611 5237 2846 5308 prodidit
2870 5236 3184 5305 antiquitas,
3215 5235 3446 5305 hujusce
3477 5235 3648 5304 prolis
3675 5249 3791 5305 pa-

537 5355 672 5400 trem
699 5361 818 5403 esse
854 5349 992 5403 :scd
1024 5349 1168 5403 illam
1213 5351 1302 5419 pie
1341 5353 1643 5420 expositam
1671 5355 1727 5407 in
1756 5353 2134 5410 easincidisse
2187 5370 2398 5421 manus,
2431 5369 2551 5425 quae
2599 5353 2655 5407 in
2708 5351 2941 5407 tollenda
2991 5366 3179 5420 parum
3228 5364 3408 5419 opera:
3457 5351 3780 5419 posuerint;

537 5471 709 5525 eoque
737 5457 938 5514 factum
966 5460 1111 5529 quod
1136 5461 1422 5518 inlicianda
1453 5465 1664 5533 parenti
1691 5465 1905 5521 soboles
1928 5479 2210 5535 appareat.
2248 5486 2266 5518 ι

606 5570 807 5627 Verum
831 5584 980 5629 certe
1006 5587 1107 5643 est,
1141 5579 1198 5634 in
1230 5589 1349 5638 tam.
1375 5581 1577 5648 hiulca,
1613 5594 1724 5638 tam
1757 5585 2007 5655 strigosa,
2055 5595 2163 5640 tam
2201 5586 2580 5656 compendiosa
2627 5583 2952 5648 narratione,
3007 5581 3217 5651 qualem
3271 5581 3365 5636 hic
3407 5597 3601 5636 omnes
3628 5581 3778 5637 haud

534 5686 697 5742 dubie
721 5687 1151 5746 animadvcrluri
1198 5701 1345 5763 sunt,
1374 5697 1581 5767 aliquot
1605 5696 1864 5752 dictionis
1891 5697 2260 5768 Cbrysostomi
2300 5697 2526 5767 vestigia
2570 5709 2904 5764 comparere,
2953 5693 3114 5748 verba
3149 5691 3249 5762 ipsi
3284 5691 3572 5746 familiaria
3610 5709 3781 5747 usur-
