4032 6220
188 362 298 416 191

187 463 279 516 τοῦ
322 460 567 530 πλησίον,
608 463 764 517 παντί
796 480 899 518 που
925 465 1084 535 δῆλόν
1112 466 1276 521 ἐστιν.
1309 468 1370 520 Et
1400 468 1507 537 γὰρ
1538 468 1633 520 ἕνα
1666 484 1747 529 τις

190 544 561 610 σκανδαλίσας,
586 546 953 619 ἀπαραίτητον
976 547 1136 601 δώσει
1154 551 1442 619 τιμωρίαν,
1475 551 1503 602 6
1527 550 1749 620 μυρίους

196 624 553 689 σκανδαλίζων
607 627 694 681 διά
737 628 834 698 τῆς
886 631 1131 701 πονηρᾶς
1185 631 1396 699 φήμης,
1432 631 1603 699 πόσην
1652 630 1750 698 οὐχ

191 707 551 776 ὑποστήσεται
606 708 856 775 κόλασιν;
906 712 1015 763 Καὶ
1068 712 1175 782 γάρ
1228 712 1255 762 6
1308 712 1595 781 Φαρισαῖος
1650 711 1751 763 οὐκ

190 787 461 855 ἐψεύδετο,
514 789 626 841 ἀλλ’
679 790 848 861 ἀληθῆ
903 792 1074 859 ἔλεγε,
1131 792 1368 864 τελώνην
1420 794 1596 847 καλῶν
1659 793 1751 845 τὸν

188 869 449 940 τελώνην,
476 872 589 923 ἀλλ’
612 872 758 939 ὅμως
798 872 954 944 δίκην
986 875 1171 929 ἔδωκε.
1205 876 1365 930 Ταῦτ’
1402 872 1493 928 οὖν
1529 875 1751 937 εἰδότες,

189 952 484 1020 ἀγαπητοὶ,
527 953 811 1024 φεύγωμεν
846 955 906 1008 τὸ
944 960 1285 1029 κατηγορεῖν.
1319 958 1454 1011 υῦτε
1482 960 1588 1030 γὰρ
1617 958 1751 1011 ταύ-

190 1049 288 1099 της
326 1033 700 1104 χαλεπιιγτέρα,
750 1034 874 1089 οὔτε
910 1038 1248 1109 εύκολωτέρα
1292 1041 1441 1093 ἐστὶν
1489 1038 1751 1110 ἁμαρτία.

190 1114 350 1177 Τίνος
375 1115 557 1168 ἕνεκεν
581 1133 597 1183 ;
620 1118 739 1171 Ὀτι
766 1118 944 1189 πάσης
972 1121 1312 1191 παρανομίας
1346 1122 1593 1191 ὀξύτερον
1620 1122 1754 1192 δρᾶ·

189 1213 307 1259 ται,
350 1199 443 1250 καὶ
480 1201 685 1269 ταχέως
716 1201 1049 1271 συναρπάζει
1076 1203 1167 1257 τὸν
1209 1203 1283 1273 μὴ
1309 1204 1656 1274 προσέχοντα.
1688 1205 1753 1255 Ai

194 1279 295 1347 μὲν
342 1280 450 1349 γάρ
502 1280 655 1333 ἄλλαι
698 1284 962 1353 ἁμαρτίαι
1007 1286 1101 1338 καλ
1146 1287 1334 1357 χρόνου
1381 1286 1605 1347 δέονται,
1662 1285 1756 1338 καὶ⁵

192 1360 459 1430 δαπάνης,
487 1364 578 1414 καὶ
602 1362 926 1433 μελλήσεως,
948 1369 1041 1419 καὶ
1068 1368 1362 1438 συνεργῶν,
1380 1369 1473 1421 καὶ
1500 1366 1766 1429 πολλάκις

192 1443 252 1494 ἐν
306 1446 373 1512 τῇ
421 1445 515 1496 τοῦ
560 1444 748 1515 χρόνον
798 1446 1045 1518 διατριϐῇ
1090 1449 1484 1504 διακόπτονται.
1537 1444 1663 1502 οἷόν
1705 1467 1753 1501 τι

192 1525 357 1592 λέγωο
398 1523 591 1578 Εἰλετό
615 1543 696 1588 τις
735 1527 1008 1594 φονεῦσαι,
1053 1531 1224 1583 εἵλετό
1262 1549 1342 1595 τις
1384 1532 1625 1601 ἁρπάσαι
1664 1533 1756 1583 καὶ

194 1607 604 1676 πλεονεκτῆσαι·
660 1608 858 1677 πολλῆς
904 1610 1053 1681 αὐτῷ
1089 1612 1170 1665 δεῐ
1206 1613 1305 1681 τῆς
1353 1613 1754 1683 πραγματείας,

192 1688 287 1738 καὶ
316 1689 376 1739 ἐν
400 1687 478 1755 τῷ
501 1688 712 1756 μέλλειν
737 1691 992 1753 πολλάκις
1022 1692 1239 1757 ἐξέλυσε
1268 1694 1357 1744 τὸν
1383 1694 1570 1763 θυμὸν,
1603 1693 1752 1766 [I98]

190 1769 402 1838 ἀπέστη
434 1771 529 1837 τῆς
561 1772 799 1840 πονηρᾶς
827 1773 1021 1842 ὁρμῆς,
1062 1773 1321 1825 κατέλυσε
1362 1775 1460 1843 τήν
1497 1775 1753 1844 διεφθαρ-

196 1851 365 1920 μένην
395 1849 637 1919 γνώμην,
665 1852 725 1904 οὺ
764 1852 1065 1921 προσέθηκε
1091 1852 1151 1905 τὺ
1174 1853 1331 1924 ἔργον
1360 1858 1425 1925 τῇ
1460 1856 1640 1926 βουλῇο
1666 1857 1757 1909 ἐπὶ

193 1933 250 1984 δὲ
285 1932 380 1984 τοῦ
414 1931 595 1994 κακῶς
628 1931 802 2000 λέγειν
832 1934 929 2002 οὐχ
962 1933 1153 1998 οὕτως,
1186 1936 1298 1989 ἀλλ’
1329 1938 1421 1989 ἐὰν
1452 1937 1525 2006 μὴ
1556 1938 1757 2006 σφόδρα

195 2012 345 2079 ῶμεν
390 2014 667 2082 νήφοντες,
719 2015 1172 2086 συναρπαξόμεθα
1230 2018 1460 2087 ῥᾳδίως·
1496 2019 1589 2072 καὶ⁵
1637 2017 1758 2070 οὔτε

196 2095 411 2163 χρόνου,
440 2092 561 2147 οὔτε
582 2096 904 2165 μελλήσεως,
929 2097 1049 2150 ούτε
1073 2099 1336 2168 δαπάνης,
1358 2099 1479 2151 οὔτε
1506 2116 1759 2169 πραγμαο

196 2178 347 2239 τείας
393 2179 521 2246 ήμίν
548 2178 629 2229 δεῖ
656 2196 817 2244 τινος,
846 2180 984 2232 ὥστε
1019 2181 1201 2244 κακῶς
1231 2184 1420 2233 εἰπεῖν·
1457 2182 1570 2234 ἀλλ’
1601 2184 1759 2252 ἀρκεῖ

202 2260 361 2327 μόνον
392 2259 626 2323 ἑλέσθαι,
656 2262 749 2313 καὶ
781 2261 980 2324 εὐθέως
1014 2265 1092 2325 είς
1128 2263 1285 2332 ἔργον
1318 2265 1508 2333 ἐξῆλθε
1544 2265 1604 2316 τὸ
1642 2265 1762 2333 βού-

196 2342 367 2410 λημα.
426 2342 644 2393 Γλῶσσα
693 2344 798 2413 γάρ
826 2345 969 2396 ἐστιν
1022 2347 1054 2415 ή
1117 2346 1528 2417 ὑπηρετουμένη
1584 2349 1759 2417 μόνον.

213 2425 368 2476 Ἐπεὶ
387 2419 479 2475 οὖν
502 2425 593 2475 καὶ
622 2424 915 2495 ὀξύρροπον
949 2427 1009 2479 τὸ
1036 2430 1223 2490 κακὸν,
1251 2431 1344 2481 καὶ
1376 2431 1763 2502 εὐπερίστατος

197 2508 233 2575 ἡ
261 2505 527 2575 ἁμαρτία,
549 2508 641 2559 καὶ
667 2508 871 2577 χαλεπή
905 2510 1175 2579 ήκόλασις
1203 2512 1294 2565 καὶ
1324 2514 1356 2581 ἡ
1387 2514 1646 2581 τιμωρία,
1670 2514 1763 2565 καὶ

198 2587 391 2656 κέρδος
416 2588 586 2652 οὐδὲν,
620 2588 680 2641 ού
722 2589 932 2658 μικρὸν,
966 2592 1025 2642 ού
1058 2592 1216 2661 μέγα,
1266 2593 1400 2662 μετὰ
1440 2594 1635 2662 πολλῆς
1662 2594 1763 2662 τῆς

197 2669 483 2738 ἀκριόείας
530 2670 812 2741 φεύγωμεν
854 2674 914 2725 τὺ
966 2675 1197 2744 νόσημα,
1258 2677 1349 2729 καὶ
1398 2675 1466 2727 τά
1512 2676 1763 2743 ἀλλότρια

199 2755 634 2825 περιστέλλωμεν
670 2756 835 2819 κακὰ,
880 2760 973 2811 καὶ
1023 2759 1096 2827 μὴ
1139 2761 1593 2828 ἐκπομπεύωμεν·
1626 2776 1766 2828 παρ-

200 2838 443 2907 αινῶμεν
462 2841 616 2900 τοῖςο
636 2840 1021 2908 ἁμαρτάνουσι,
1050 2840 1229 2902 καθὼς
1263 2841 1354 2892 καὶ
1383 2841 1413 2890 6
1442 2840 1641 2909 Κύριός
1671 2857 1771 2909 φη-

203 2936 311 2972 σιν’
346 2921 486 2973 Ἐὰν
508 2921 818 2989 ἁμαρτήσῃ
844 2922 930 2985 είς
958 2921 1031 2973 σὲ
1053 2924 1085 2974 d
1111 2921 1369 2989 ἁδελφός
1398 2937 1533 2985 σου,
1556 2923 1764 2989 ὕπαγε,

202 3002 459 3069 ἔλεγξον
509 3003 692 3055 αὑτὸν
739 3002 964 3069 μεταξὺ
1011 3003 1128 3056 σοῦ
1187 3003 1283 3055 καί
1336 3004 1521 3056 αὐτοῦ
1556 3005 1765 3070 μόνου.

205 3083 374 3135 Ὥστε
417 3082 479 3135 τὺ
528 3083 911 3152 ἁδημοσίευτον
953 3084 1061 3135 τῶν
1115 3084 1348 3155 ἐλέγχων
1403 3085 1769 3156 εύκολωτέραν

268 3280 296 3309 ⁸
314 3279 451 3343 Colb.
484 3281 645 3343 κακὰ,
676 3281 763 3343 ,καὶ
790 3280 1149 3343 θεραπεύωμανζ
1166 3280 1531 3343 Παραινέσωμεν
1553 3280 1663 3343 τοῖς.
1680 3279 1773 3343 Διι)-

204 3338 273 3387 ira
287 3340 424 3457 ἓξὲξ]
459 3342 584 3388 ὥστε
623 3342 690 3401 τῷ
726 3338 1053 3404 ἀδημοσιεύτῴ
1090 3340 1186 3387 τῶν
1213 3338 1432 3401 ἐλέγχων,
1454 3338 1774 3400 gemmam

204 3416 285 3449 ποι
408 3437 419 3447 .

1172 355 1259 411 DE
1291 353 1839 413 PROPIIETIARUM
1875 357 2370 415 OBSCURITATE.
2412 357 2474 413 11.

3299 358 3409 413 192

1851 473 2061 540 ποιήσει
2107 471 2203 539 τὴν
2257 469 2570 538 θεραπείαν.
2622 468 2712 538 Μὴ
2756 468 3057 537 δάκνωμεν,
3110 467 3243 538 μηδὲ
3293 485 3415 520 κατο

1852 552 2115 621 εσθίωμεν
2147 552 2214 603 τὰ
2250 552 2501 620 ἀλλότρια
2530 550 2838 619 τραύματα·
2877 550 2950 619 μὴ
2988 548 3087 609 τὰς
3128 549 3286 618 μυίας
3327 565 3413 615 μι-

1856 632 2173 701 μησώμεθα,
2204 632 2338 684 ἀλλὰ
2367 633 2462 694 τὰς
2492 632 2742 699 μελίττας
2769 630 3120 700 ζηλώσωμεν.
3157 631 3222 681 Al
3261 632 3411 696 μυῖαι

1851 718 1961 775 τοῖς
1987 715 2291 783 τραύμασιν
2324 714 2725 781 ἐγκαθέζονται,
2762 713 2855 765 καὶ
2883 710 3186 763 δάκνουσιν·
3223 710 3277 761 αἱ
3312 713 3410 778 μέ-

1850 797 2025 850 λιτται
2052 800 2161 859 τοῖς
2196 795 2410 849 ἄνθεσιν
2438 796 2777 863 ἐφίπτανται.
2810 794 2907 846 Διά
2941 792 3096 845 τοῦτο
3126 783 3284 844 αὗται
3317 792 3414 861 μὲν

1852 880 2019 951 κηρία
2040 879 2366 949 πηγνύουσιν
2396 879 2443 941 δ,
2477 878 2680 929 ἐκεῖναι
2712 877 2767 929 δέ
2792 878 3067 945 νοσήματα
3100 876 3412 941 ἐπάγουσιν,

1851 957 1931 1023 οἷς
1968 960 2033 1014 ἂν
2071 959 2465 1013 ἐπικαθεσθῶσι
2504 958 2738 1027 σώμασιο
2773 959 2864 1010 καὶ
2888 960 2945 1010 αἱ
2973 958 3068 1025 μέν
3095 960 3197 1008 εἰσι
3229 956 3413 1024 βδελυ-

1854 1044 1998 1105 κταὶ,
2034 1043 2090 1093 αί
2130 1042 2184 1095 δὲ
2217 1041 2458 1094 ποθειναὶ
2487 1042 2580 1093 καὶ
2609 1039 2862 1104 ἐπίδοξοι.
2900 1040 3007 1091 Καὶ
3040 1041 3201 1109 ἡμεῖς
3238 1039 3414 1090 τοίνυν

1854 1124 1932 1193 τῷ
1980 1123 2203 1193 λειμῶνι
2248 1130 2347 1192 τῆς
2388 1122 2586 1191 ἀρετῆς
2631 1120 2741 1173 τῶν
2776 1121 2944 1187 ἁγίων
2991 1121 3277 1188 ὲπιπτῆναι
3316 1119 3414 1189 τήν

1853 1205 2028 1275 ψυχὴν
2074 1207 2597 1274 παρασκευάσωμεν,
2653 1204 2744 1255 καὶ
2789 1201 3023 1269 συνεχῶς
3063 1201 3159 1269 τήν
3189 1201 3413 1253 εὐωδίαν

1854 1288 1962 1339 τῶν
1998 1288 2127 1357 παρ’
2156 1287 2378 1339 ἐκείνοις
2406 1284 2841 1354 κατορθωμάτων
2881 1283 3238 1351 ἀνακινῶμεν,
3269 1283 3336 1334 τὰ
3359 1282 3415 1334 δὲ

1854 1368 2145 1438 τραύματα
2184 1366 2256 1437 μὴ
2287 1368 2567 1435 δάκνωμεν
2594 1366 2699 1417 τῶν
2732 1364 2972 1434 πλησίονο
3000 1364 3111 1415 ἀλλ’
3138 1365 3186 1414 εί
3223 1363 3313 1415 καί
3339 1380 3418 1415 τιο

1856 1466 1953 1511 νας
1978 1449 2171 1517 ἴδωμεν
2202 1448 2356 1501 τοῦτο
2380 1448 2679 1509 ποιοῦντας,
2724 1444 3177 1514 ἐπιστομίζωμεν,
3207 1445 3297 1495 τὸν
3321 1443 3417 1510 φό-

1858 1530 1951 1582 ϐον
1985 1530 2169 1592 αὐτοῖς
2197 1531 2292 1597 τῆς
2327 1529 2596 1590 κολάσεως
2632 1525 3062 1596 ἐπιτειχίζοντες,
3094 1526 3192 1593 τῆς
3222 1542 3417 1591 συγγε-

1857 1611 2005 1673 νείας
2047 1610 2241 1672 αὐτοὺς
2280 1611 2779 1678 ἀναμιμνήσκοντες
2817 1611 2913 1677 τῆς
2943 1607 3075 1677 πρὸς
3107 1607 3229 1668 τοὺς
3267 1607 3422 1659 ἀδελ*

1860 1693 2009 1762 φούς.
2064 1694 2126 1745 Εἰ
2172 1694 2230 1745 δὲ
2280 1693 2467 1761 μηδενὶ
2512 1693 2717 1744 τούτων
2761 1690 2975 1752 εἶκοιεν,
3020 1690 3177 1758 μυίας
3229 1689 3421 1750 αὐτοὺς

1860 1773 2128 1844 καλῶμεν,
2168 1776 2253 1827 ἵνα
2283 1775 2385 1826 κᾶν
2406 1774 2465 1825 τὸ
2488 1773 2684 1835 ὄνειδος
2711 1774 2806 1841 τῆς
2837 1772 3195 1841 προσηγορίας
3223 1771 3421 1839 ταύτης

1858 1859 2141 1927 ἀποστήσῃ
2194 1857 2294 1926 τῆς
2340 1858 2579 1926 πονηρᾶς
2630 1855 2857 1925 μελέτης
2906 1852 3118 1914 αὐτούς·
3182 1853 3267 1903 ἴνα
3322 1855 3421 1920 τῆς

1859 1938 2212 2007 κακοσχολίας
2229 1939 2429 2008 ταύτης
2453 1937 2879 2003 ἀπαλλαγέντες,
2908 1937 3084 1987 πᾶσαν
3107 1933 3204 2001 τὴν
3232 1935 3423 2001 σχολὴν

1859 2025 1939 2083 είς
1985 2021 2084 2089 τὴν
2138 2022 2360 2091 ἔρευναν
2410 2020 2519 2073 τῶν
2573 2020 2784 2072 οίκείων
2841 2017 3157 2069 ἀναλίσκωσι
3215 2018 3421 2069 κακῶν.

1859 2108 2015 2161 Οῦτω
2052 2104 2159 2173 γάρ
2186 2104 2238 2155 οἵ
2266 2120 2323 2155 τε
2356 2100 2701 2163 πεπτωκότες
2728 2101 3119 2169 ἀναστήσονται
3138 2105 3201 2171 τῇ
3238 2101 3423 2169 μνήμῃ

1859 2189 1969 2242 τῶν
2002 2185 2396 2257 ἡμαρτημένων
2419 2185 2601 2245 αὐτοῖς
2627 2184 2725 2234 οὑκ
2755 2184 3268 2251 ἐκπομπευομένων,
3289 2182 3341 2234 οἵ
3364 2199 3422 2233 τε

1858 2270 1927 2323 τά
1954 2271 2127 2321 οἰκεία
2150 2265 2586 2334 ἀναλογιζόμενοι
2613 2264 2846 2332 συνεχῶς
2876 2264 3038 2324 κακά,
3070 2265 3268 2334 ῥαδίως
3290 2265 3426 2316 αὐτὰ

1862 2351 2243 2420 ἀποθήσονται,
2267 2349 2333 2416 τῇ
2378 2347 2565 2415 μνήμῃ
2599 2345 2705 2396 τῶν
2734 2347 3132 2415 ἡμαρτημένων
3160 2345 3292 2415 πρὸς
3328 2345 3426 2415 τὴν

1861 2434 1968 2486 τῶν
2006 2430 2205 2486 λοιπῶν
2242 2429 2435 2500 πρᾶξιν
2462 2428 2807 2498 ὀκνηρότεροι
2844 2429 3130 2497 γινόμενοι,
3163 2430 3213 2481 οἰ
3240 2447 3296 2481 τε
3327 2431 3423 2497 τὴν

1862 2513 2061 2584 ἀρετὴν
2101 2512 2208 2563 τῶν
2233 2511 2398 2577 ἁγίων
2433 2508 2852 2570 ἐπισκοποῦντες
2882 2510 3138 2577 συνεχῶς,
3175 2510 3424 2578 μέγιστον

1862 2598 2117 2666 λήψονται
2157 2594 2313 2663 ζῆλον
2349 2592 2484 2659 πρὸς
2528 2592 2627 2661 τὴν
2674 2591 2782 2643 τῶν
2829 2591 3005 2644 αὐτῶν
3042 2592 3288 2660 μίμησιν·
3330 2593 3425 2642 καὶ

1862 2681 1949 2733 διὰ
1992 2678 2194 2730 τούτων
2247 2675 2501 2728 ἀπάντων
2549 2674 2839 2742 ὁλοκλήρου
2891 2672 2984 2724 τοῦ
3036 2671 3281 2741 σώματος
3326 2674 3431 2739 τῆς

1878 2760 2200 2824 Ἐκκλησίας
2248 2760 2376 2825 ἡμῖν
2414 2753 2865 2823 κατορθωθέντος,
2909 2752 3244 2821 δυνησόμεθα
3291 2753 3427 2819 μετά

1868 2842 1959 2895 τοῦ
1992 2838 2351 2909 πληρώματος
2372 2838 2561 2888 τούτου
2596 2839 2672 2898 εἰς
2699 2836 2797 2904 τὴν
2832 2834 3104 2904 βασιλείαν
3131 2835 3239 2887 τῶν
3268 2835 3429 2903 οὐρα-

1868 2926 1972 2977 νῶν
2029 2922 2304 2974 εἰσελθεῖνο
2349 2916 2415 2991 ἦς
2466 2920 2673 2986 γένοιτο
2717 2920 2920 2981 πάντας
2954 2921 3099 2988 ἡμᾶς
3138 2920 3426 2986 ἐπιτυχεῖν,

1870 3010 2048 3077 χάριτι
2100 3006 2193 3056 καὶ
2241 3002 2616 3072 φιλανθρωπίᾳ
2668 3001 2760 3052 τοῦ
2808 3002 3008 3071 Κυρίου
3059 3001 3212 3070 ήμῶν
3257 2999 3427 3069 Ἰησοῦ

1871 3088 2124 3159 Χριστοῦ,
2163 3089 2228 3139 δι’
2263 3081 2322 3139 οὗ
2352 3088 2444 3138 καὶ
2493 3086 2610 3153 μεθ’
2649 3078 2709 3136 οὗ
2748 3084 2825 3151 τῷ
2855 3087 3028 3153 Πατρὶ
3074 3088 3103 3153 ή
3144 3084 3287 3148 δόξα,
3315 3084 3429 3151 ἅμα

1872 3174 1947 3242 τῷ
1979 3173 2116 3240 ἁγίῳ
2149 3170 2449 3239 Πνεύματι,
2479 3169 2573 3221 νῦν
2610 3167 2702 3219 καὶ
2734 3167 2821 3219 ἀεὶ
2860 3167 2952 3219 καὶ
2981 3169 3058 3229 είς
3077 3168 3201 3227 τοὺς
3232 3164 3429 3225 αἰῶνας

1872 3256 1977 3307 τῶν
2010 3253 2239 3307 αἰώνων.
2257 3254 2310 3304 Ἀ
2322 3254 2449 3321 μήν.

1937 3402 1965 3443 b
1985 3401 2069 3450 Sic
2087 3413 2211 3449 unus
2232 3399 2387 3448 codex
2412 3401 2565 3446 recte.
2593 3395 2722 3446 Editi
2743 3394 2962 3457 πηγνῦσι.

548 4254 659 4314 AD
716 4253 1395 4332 COMMENTARIUM,
1454 4260 1597 4321 SEU
1646 4254 2469 4321 INTEBPRETATIONEM
2534 4252 2617 4312 1N
2678 4248 3116 4311 DANIELEM.

219 4483 359 4554 pari.
383 4483 501 4537 Imo
524 4483 687 4539 etiam
708 4486 1011 4556 explicandi
1044 4488 1259 4542 modum
1288 4503 1318 4541 a
1354 4486 1410 4541 S.
1438 4486 1677 4542 doctoris
1724 4485 1991 4541 sententia
2022 4500 2129 4541 non
2160 4484 2458 4548 discedere,
2488 4490 2547 4537 ut
2591 4495 2716 4537 cum
2761 4480 2960 4534 dicitur
2988 4475 3452 4530 abominationcm

221 4599 578 4654 desolationis
611 4601 839 4670 positam
899 4618 1018 4658 esse
1069 4610 1310 4673 tempore
1354 4602 1608 4657 Hadriani
1648 4601 1897 4673 Augusti,
1930 4617 2048 4670 quae
2085 4610 2167 4654 est
2196 4599 2463 4669 ipsissima
2499 4593 2868 4666 Chrysostomi
2896 4590 3103 4660 Opinio,
3136 4596 3197 4643 ut
3215 4587 3453 4643 diximus

220 4712 277 4765 in
304 4720 455 4765 nota.
478 4710 548 4765 At
576 4712 705 4767 vitia
724 4722 779 4768 et
817 4714 1065 4769 intricata
1086 4717 1275 4781 series,
1310 4732 1429 4785 quze
1455 4731 1563 4769 non
1600 4714 1782 4782 paucis
1814 4713 1868 4766 in
1912 4712 2041 4766 locis
2091 4710 2538 4779 deprehenditur,
2591 4707 2718 4760 hinc
2766 4705 2909 4759 haud
2937 4702 3098 4758 dubie
3144 4700 3447 4771 procedunt

222 4827 370 4897 quod
402 4843 545 4883 unus
586 4836 792 4883 tantum
826 4830 1011 4886 Codex
1045 4832 1143 4887 Ms.
1194 4833 1355 4901 hujus
1384 4832 1565 4901 operis
1595 4836 1922 4899 compareat,
1974 4828 2067 4896 qui
2115 4826 2297 4881 Codex
2324 4824 2507 4877 multis
2540 4824 2593 4876 in
2643 4822 2774 4877 locis
2812 4822 3103 4875 mendosus
3137 4826 3239 4872 est.
3294 4818 3449 4881 Quod

224 4960 357 4998 vero
388 4954 497 4999 tam
548 4947 945 5016 compendiosa:
995 4950 1086 5005 hic
1136 4949 1542 5019 explanationes
1585 4947 1902 5009 oderantur,
1955 4944 2084 4999 illud
2138 4940 2505 5014 (ΠΗ-γεοειοωί
2552 4936 2942 5007 interpretandi
2970 4936 3131 4990 modo
3160 4934 3451 4988 admodum

229 5068 519 5127 repugnat,
539 5060 631 5128 qui
656 5062 957 5119 uberiorem
990 5062 1190 5134 ubique
1211 5062 1429 5133 praefert
1456 5062 1671 5117 dicendi
1703 5063 1932 5132 copiam.
1966 5060 2121 5115 Unde
2154 5058 2381 5112 fortasse
2415 5054 2740 5110 dubitabunt
2763 5052 2978 5120 quidam
3010 5057 3190 5103 utrum
3216 5046 3453 5117 Chryso-

228 5172 395 5228 stomi
418 5173 490 5227 sit
516 5173 606 5230 hic
632 5174 1083 5246 Commentarios,
1112 5196 1307 5249 meque
1326 5180 1497 5235 fateor
1524 5194 1633 5232 non
1666 5178 1787 5233 sine
1826 5178 2003 5246 aliquo
2032 5174 2289 5244 scrupulo
2320 5174 2599 5241 hoc,opus
2640 5170 2781 5224 inter
2809 5182 3062 5239 germana
3103 5165 3247 5219 illius
3288 5176 3451 5231 opera

230 5304 457 5359 ponere.
498 5288 692 5346 Verum
722 5292 897 5361 potuit
938 5292 1353 5361 Chrysostomus
1404 5292 1564 5346 hasce
1615 5290 1828 5343 notulas
1857 5288 2032 5357 primo
2064 5286 2335 5355 scripisse,
2390 5293 2450 5337 ut
2475 5280 2764 5350 ampliores
2817 5278 3012 5333 deinde
3050 5272 3453 5344 explanationes

231 5400 634 5474 aggrederetur,
662 5417 724 5457 ac
751 5418 871 5457 cum
909 5401 1253 5456 Tillemontio
1282 5400 1528 5455 existimo
1558 5414 1718 5469 posse
1756 5398 1903 5451 hunc
1938 5395 2399 5452 Commentarium
2428 5394 2571 5447 inter
2601 5394 2796 5461 γνήσια
2851 5404 3013 5459 opera
3052 5380 3459 5441 connumerari.

304 5516 811 5587 Interpretationem
842 5515 1084 5569 Latinam
1112 5512 1365 5569 Cotelerii
1389 5515 1590 5583 aliquot
1618 5516 1671 5569 in
1702 5514 1835 5569 locis
1866 5513 2244 5584 castigavimus
2277 5512 2503 5580 ejusque
2530 5516 2688 5563 notas
2718 5506 2951 5572 edimus,
3006 5502 3204 5573 quibus
3244 5508 3463 5555 nostras

234 5647 453 5704 quoque
480 5630 694 5687 notulas
718 5628 992 5701 prmmisso
1023 5630 1285 5685 asterisco
1310 5627 1611 5698 adjicimus.
