4032 6220
444 509 637 565 animal
654 507 919 565 condidit:
943 520 1041 562 nec
1058 513 1261 560 tantum
1284 503 1409 570 hoc,
1430 499 1524 557 sed
1541 509 1597 557 et
1612 499 1816 568 reliqua
1837 497 2034 553 omnia.

447 600 642 654 \‘erum
659 597 1064 669 pulchritudinis
1080 595 1237 664 hujus
1249 593 1368 648 aliis
1384 591 1597 662 quidem
1621 590 1759 658 plus,
1773 588 1891 644 aliis
1913 604 2041 643 vero

452 693 629 746 minus
656 691 877 761 largitus
904 700 1006 745 cat.
1037 686 1354 757 Complures
1392 695 1569 739 autem
1597 692 1716 752 post
1739 690 1912 736 ortum
1938 695 2041 751 qua

444 783 703 838 carebant
732 791 1010 836 venustate
1040 779 1231 834 indttit.
1269 778 1437 832 Porro
1463 791 1529 832 ex
1557 776 1676 844 ipso
1699 774 1805 829 situ
1831 787 2043 842 quoque

441 877 693 930 decorem
749 874 1074 944 perspicies;
1104 868 1552 942 quemadmodum
1580 867 1632 921 in
1657 867 1863 933 oculis,
1899 864 2043 936 quod

445 968 498 1020 in
546 967 760 1020 sublimi
792 967 910 1020 loco
938 965 1110 1019 instar
1150 963 1301 1018 iridis
1343 960 1499 1030 positi
1548 958 1688 1023 sint,
1720 959 1862 1028 quod
1902 957 2044 1012 intus

446 1067 715 1113 tornatam
765 1055 1150 1111 rotunditatem
1173 1096 1187 1119 ,
1238 1053 1479 1109 colorum
1510 1050 1833 1116 mixturam,
1883 1061 2045 1103 accu-

446 1159 617 1202 ratam
645 1146 892 1212 formam,
919 1147 1332 1218 germanitatem
1355 1185 1371 1211 ,
1401 1143 1782 1215 ingenuitatem
1824 1150 1879 1197 et
1919 1154 2047 1195 can-

446 1241 633 1294 dorem
688 1239 938 1295 habeant.
993 1237 1125 1304 Sed,
1160 1237 1363 1307 inquiet
1417 1234 1648 1304 aliquis,
1705 1231 2047 1303 pulchritudo

451 1332 836 1387 oll'entliculum
877 1331 992 1384 luit.
1039 1330 1153 1385 Non
1200 1336 1417 1398 propter
1455 1324 1861 1397 pulchritudinis
1889 1332 2046 1378 natu-

447 1441 560 1478 tatn
591 1426 644 1479 id
692 1423 949 1494 contigit,
994 1422 1088 1477 sed
1134 1436 1230 1490 per
1279 1421 1543 1490 ignaviam
1585 1432 1770 1472 eorum
1817 1416 1905 1486 qui
1954 1416 2047 1470 illa

447 1519 748 1587 capiuntur.
784 1517 918 1571 Dicit
935 1514 1080 1571 enim
1105 1513 1379 1582 Scriptura
1407 1531 1418 1566 :
1447 1510 1530 1565 Ne
1554 1510 1792 1580 respicias
1819 1508 2044 1579 pulchri-

447 1610 671 1662 tudinem
706 1610 937 1662 als‘enam
968 1605 1176 1677 (Ereti.
1204 1604 1257 1660 9.
1290 1602 1388 1674 8).
1421 1602 1538 1657 Non
1583 1600 1715 1655 dixit
1763 1599 2006 1653 absolute
2029 1640 2046 1665 ,

450 1700 533 1754 Ne
576 1700 818 1769 respicias
863 1698 1292 1767 putcltritudinent
1319 1711 1338 1749 :
1363 1695 1459 1750 sed
1505 1691 1750 1754 addidit,
1792 1690 2044 1744 Alienum.

449 1796 627 1858 Quare
675 1791 853 1845 laudat
903 1805 998 1846 eos
1040 1789 1130 1858 qui
1188 1785 1401 1855 proliria
1455 1784 1701 1839 fruuntur
1749 1789 2046 1837 venustate.

447 1886 555 1940 Cur
598 1884 742 1940 enitn
788 1883 953 1937 decor
1000 1879 1292 1949 Josephum
1340 1891 1446 1931 non
1496 1871 1894 1944 pessumdedit,
1951 1884 2050 1924 nec

448 1977 700 2047 ignavum
726 1974 927 2037 ell‘eeit,
956 1986 1058 2026 nec
1085 1969 1312 2040 replevit
1335 1967 1537 2020 insania
1565 1973 1621 2019 et
1646 1963 1826 2017 fastu?
1868 1961 2047 2024 Cerva,

447 2067 636 2137 inquit,
663 2065 901 2118 amicitia:
942 2073 987 2117 et
1033 2061 1204 2131 pullus
1254 2058 1532 2126 gratiarum
1580 2065 1780 2106 tuarum
1830 2061 2052 2106 versetur

448 2160 646 2230 tecum(
671 2158 824 2211 Prov.
854 2156 908 2210 5.
947 2154 1016 2209 l9
1039 2154 1076 2221 ).
1113 2149 1463 2206 Pulehritudo
1489 2147 1648 2201 etiam
1672 2144 1942 2199 vinculum
1964 2151 2048 2198 est

455 2253 765 2320 nuptiarum
791 2290 807 2313 ,
849 2257 908 2302 ut
936 2247 1145 2301 scilicet
1176 2242 1422 2296 homines
1463 2235 1740 2306 impotenti
1766 2250 2048 2304 corporum

447 2342 719 2398 desiderio
767 2341 1076 2408 llagrarent.
1131 2333 1262 2387 Nam
1317 2346 1436 2386 cum
1494 2329 1634 2382 Deus
1681 2323 1837 2380 nobis
1911 2323 2055 2377 illius

452 2433 772 2486 laboriosam
801 2444 866 2484 ac
897 2428 1146 2481 miseram
1186 2423 1536 2484 adornasset,
1567 2416 1813 2470 solatium
1840 2428 2051 2484 quoque

445 2523 659 2593 aliquod
698 2520 937 2576 donavit.
979 2517 1114 2572 liiue
1154 2515 1307 2569 nobis
1347 2511 1515 2567 fomes
1557 2506 1857 2564 diiectionis
1891 2497 2056 2554 vitam

445 2632 566 2686 qure
591 2615 771 2668 omnia
808 2609 1200 2680 complectitur.
1229 2605 1387 2659 Multa
1413 2602 1608 2672 quippe
1647 2613 1772 2653 cura
1821 2594 2052 2665 providit

451 2707 590 2760 Deus
631 2720 694 2758 ac
721 2702 936 2768 cili-cit,
965 2709 1024 2753 ut
1072 2697 1375 2765 nuptiarum
1428 2691 1696 2746 vinculum
1748 2688 1957 2741 lit'ntunt
1988 2700 2051 2740 ac

448 2798 731 2853 infractum
771 2803 1034 2849 maneret.
1083 2795 1185 2856 At,
1237 2788 1440 2857 inquiet
1489 2783 1662 2846 idem,
1714 2778 2051 2848 pulchritudo

447 2887 733 2944 offensioni
763 2887 831 2940 ab
863 2885 1012 2938 initio
1041 2882 1160 2935 fuit.
1219 2879 1456 2931 Videntes
1499 2875 1630 2928 enim
1670 2873 1762 2939 ﬁlii
1792 2869 1888 2922 Dei
1915 2868 2050 2935 filias

449 2982 709 3036 hominum
733 3020 747 3041 ,
777 2976 916 3046 quod
941 2982 1102 3028 essent
1141 2970 1389 3040 pulcltrw,
1419 2972 1717 3031 acceperunt
1759 2962 1852 3012 sibi
1878 2961 1894 3028 (
1918 2957 2050 3012 Cen.

448 3075 502 3130 ὃ.
538 3075 572 3126 ‘2
596 3073 637 3142 ).
671 3068 1062 3126 Olfendieulum
1097 3077 1203 3116 non
1243 3062 1341 3113 fuit
1391 3057 1599 3127 species
1621 3093 1637 3119 ,
1687 3052 1781 3105 sed
1835 3051 2048 3103 illorum

452 3161 860 3220 incentineutia.
917 3156 1082 3212 Filias
1121 3152 1264 3207 enim
1311 3165 1416 3204 non
1457 3147 1577 3200 ideo
1609 3144 1747 3197 Deus
1776 3141 2046 3210 speciosas

452 3257 672 3317 iecerat,
713 3261 775 3304 ut
811 3248 1147 3317 impudentes
1196 3244 1420 3305 ﬁerent,
1451 3237 1546 3292 sed
1589 3244 1646 3288 ut
1687 3231 2051 3302 unusquisque

449 3361 602 3399 suam
626 3343 921 3395 adornaret.
945 3338 1008 3389 Et
1029 3335 1382 3402 intelligentes,
1403 3329 1593 3397 inquit,
1614 3328 1666 3379 in
1691 3325 1827 3377 omni
1846 3324 2048 3393 sapien-

449 3438 520 3489 tia
551 3453 568 3488 :
599 3434 650 3486 id
698 3439 811 3495 est,
844 3427 1113 3482 studiosos
1155 3433 1212 3478 et
1252 3421 1428 3475 omnis
1475 3414 1750 3485 sapientia:
1779 3428 2004 3482 capaces
2033 3428 2048 3464 :

451 3537 506 3579 ut
535 3527 735 3578 doceret
763 3539 850 3575 eos
879 3521 1052 3572 literas
1078 3525 1129 3571 et
1175 3515 1401 3584 linguam
1424 3508 1805 3566 Chaldaeorum.
1836 3503 2048 3575 Moyses

451 3616 666 3686 quidem
694 3629 816 3668 cum
840 3617 988 3665 esset
1009 3622 1145 3661 unus
1174 3621 1205 3661 e
1233 3605 1412 3674 vulgo,
1441 3611 1498 3654 ut
1524 3615 1616 3654 rex
1638 3597 1901 3652 enutritus
1927 3605 2010 3649 est
2033 3612 2047 3647 :

453 3710 507 3763 bi
541 3721 668 3763 vero
691 3719 813 3760 eum
843 3719 908 3758 ex
939 3701 1105 3770 stirpe
1130 3698 1272 3767 regia
1302 3695 1406 3750 orti
1437 3699 1653 3758 essent,
1701 3689 1840 3742 inter
1868 3701 2053 3740 servos

455 3801 656 3854 Iteriles
694 3794 1084 3851 educabantur.
1139 3787 1370 3843 Pulchre
1417 3784 1688 3853 provisum
1733 3788 1856 3845 est,
1891 3786 1948 3830 ut
1977 3775 2053 3830 illi

452 3890 724 3946 discerent
753 3887 937 3940 literas
963 3891 1018 3938 et
1043 3882 1280 3950 linguam
1306 3875 1679 3932 Chaldaeorum
1699 3913 1716 3940 ,
1757 3886 1826 3926 ne
1851 3870 2055 3926 scilicet

451 3980 668 4053 quando
711 3977 896 4032 Daniel
927 3974 997 4029 de
1023 3971 1230 4043 magnis
1258 3970 1365 4024 illis
1396 3967 1556 4023 rebus
1574 3980 1698 4020 cum
1725 3978 1851 4033 rege
1878 3962 2057 4032 loquu-

451 4086 604 4128 turns
627 4079 792 4135 esset,
823 4066 1016 4136 aliquis
1046 4061 1412 4119 interveniens
1443 4057 1686 4112 nonnihil
1717 4069 1905 4110 eorum
1934 4069 2054 4123 qua:

451 4164 759 4220 dicerentur
778 4160 1118 4227 depravaret.
1143 4154 1383 4222 Quanam
1405 4158 1586 4204 autem
1607 4148 1674 4202 de
1693 4159 1855 4201 causa
1879 4144 2056 4197 adhuc

454 4254 508 4311 id
540 4255 641 4309 lit?
671 4253 740 4308 Ut
784 4250 1052 4319 intelligas
1082 4247 1226 4301 illius
1254 4242 1646 4314 philosophiam
1670 4281 1686 4307 ,
1718 4249 1776 4294 et
1799 4238 1980 4292 statim
2024 4253 2056 4290 a

453 4349 719 4421 principio
764 4343 946 4399 videas
984 4355 1092 4411 quo
1123 4347 1280 4409 pacto
1320 4345 1508 4391 ventre
1551 4333 1727 4402 potior
1767 4333 1856 4384 sit.
1907 4330 2056 4384 Alius

452 4419 652 4512 quippe
699 4438 928 4492 dixisset
964 4451 980 4489 :
1024 4432 1280 4502 Captivos
1323 4442 1482 4493 sum;
1515 4424 1660 4479 nullo
1703 4421 1811 4475 alio
1839 4436 1903 4475 ex
1937 4419 2056 4474 loco

453 4510 757 4587 necessaria
801 4526 868 4582 ad
915 4525 1114 4579 victum
1160 4521 1290 4576 mihi
1339 4517 1782 4586 suppeditantur,
1836 4510 2057 4564 (miniuo

455 4625 694 4691 ignoscet
724 4621 882 4674 Deus.
915 4620 984 4671 At
1013 4630 1121 4668 non
1163 4614 1235 4667 ita
1287 4612 1391 4666 iste
1420 4627 1435 4665 :
1463 4623 1571 4663 non
1621 4604 1765 4660 enim
1792 4601 2058 4658 mercedis

455 4712 682 4778 alicujus
733 4705 942 4779 gratia,
971 4715 1065 4759 aut
1108 4719 1175 4758 ex
1234 4703 1432 4756 timore
1484 4706 1726 4757 tantum,
1753 4692 1848 4746 sed
1897 4692 2056 4744 etiam

456 4818 522 4857 ex
553 4799 775 4853 raritate
824 4796 934 4849 Deo
959 4794 1244 4848 serviebat.
1294 4789 1453 4844 Multa
1481 4801 1607 4842 cura
1651 4784 1908 4839 educatus
1935 4790 2018 4836 est
2039 4822 2054 4846 ,

458 4909 562 4949 nec
593 4892 755 4945 breve
785 4896 999 4954 tempus
1038 4884 1091 4936 in
1129 4881 1304 4935 studia
1355 4877 1658 4948 insumpsit.
1713 4874 1848 4928 Tres
1888 4886 2058 4925 annos

468 4979 981 5055 philowphabantnr
1028 4981 1085 5028 et
1127 4981 1238 5024 tres
1289 4983 1459 5022 annos
1507 4965 1840 5036 jejunabant.
1897 4961 2058 5016 Vides

463 5052 845 5144 prudentiam?
879 5064 977 5121 Ubi
1016 5062 1269 5117 cautione
1307 5071 1446 5126 opus
1471 5065 1595 5122 est,
1638 5052 1795 5109 valde
1841 5060 2059 5106 exactus

457 5177 571 5229 est.
607 5163 853 5232 provisus
879 5172 943 5213 ac
969 5156 1424 5221 circumspectus;
1457 5162 1557 5201 nec
1588 5157 1794 5201 temere
1821 5144 2058 5213 seipsum

459 5254 678 5324 conjicit
698 5292 715 5317 ,
762 5252 858 5305 sed
899 5247 1165 5318 supplicat
1183 5259 1246 5298 ac
1271 5251 1517 5313 precatur
1547 5254 1561 5292 :
1588 5237 1678 5291 ubi
1704 5252 1834 5290 vero
1855 5236 2057 5288 nullum

460 5351 840 5408 detrimentum
888 5354 1009 5408 est,
1065 5343 1298 5411 linguam
1353 5333 1634 5390 barbaram
1689 5339 1746 5384 et
1801 5327 2062 5397 ejusmodi

461 5443 782 5514 sapientiam
808 5438 1017 5493 discere
1045 5450 1152 5490 non
1180 5431 1390 5493 renuit;
1420 5442 1527 5482 non
1555 5422 1698 5478 enim
1723 5421 1927 5475 crimen
1952 5428 2064 5473 erat

465 5510 605 5590 hanc
626 5535 835 5589 discere
852 5571 869 5596 .
900 5542 1088 5583 verum
1110 5541 1174 5579 ea
1195 5523 1294 5577 uti.
1323 5520 1415 5576 Sic
1438 5516 1711 5588 przncipue
1737 5510 2067 5578 intelligebat

465 5628 783 5697 sapientiam
814 5636 964 5676 suam
1000 5635 1015 5672 ε
1053 5626 1214 5686 atque
1243 5615 1437 5667 iterum
1465 5624 1532 5664 ex
1558 5601 1980 5672 comparatione,
2011 5607 2070 5652 ut

463 5693 698 5773 disceret
735 5713 936 5768 nullam
984 5723 1105 5764 esse
1152 5704 1468 5773 sapientiam
1501 5699 1776 5756 ilebraica:
1815 5693 2066 5756 similem,

471 5820 634 5882 utque
677 5807 867 5864 fortior
891 5803 1161 5862 evaderet.
1200 5798 1354 5865 Quod
1381 5797 1424 5853 si
1466 5795 1515 5850 id
1564 5792 1747 5847 fuisset
1786 5788 2023 5850 iniquum
2051 5825 2065 5849 ,

1163 387 1221 444 S.
1264 382 1542 443 JOANNIS
1577 380 2056 439 CIIRYSOSTOHI
2092 381 2413 439 ARCHIEP.
2453 383 2993 441 CONSTANTINOP.

3633 405 3744 461 196

2154 499 2224 554 ibi
2253 499 2491 570 profecto
2515 501 2817 567 restitisset,
2852 512 3010 572 atque
3034 500 3170 558 adeo
3196 512 3558 571 repugnasset.
3581 502 3743 558 Vides

2147 593 2287 647 illius
2313 594 2536 649 virtutes
2563 593 2631 648 ab
2659 594 2846 649 eadem
2869 594 3072 663 origine
3101 595 3442 663 proﬂuxisse,
3471 609 3535 648 ex
3564 611 3666 661 qua
3707 593 3738 647 ii

2145 684 2236 754 qui
2260 686 2426 742 ventri
2452 686 2745 757 indulgent,
2768 703 2835 743 ex
2857 704 2956 756 qua
2975 687 3008 742 ii
3029 688 3252 758 quiallia
3279 686 3564 758 pnnl'erunt
3585 702 3739 740 man-

2149 777 2272 831 naa?
2299 778 2425 834 Inde
2451 780 2636 837 Daniel
2677 796 2798 835 cum
2841 790 2984 838 esset
3027 789 3212 850 ortus,
3256 781 3628 851 philosOphmn
3682 794 3743 834 se

2150 886 2282 926 esse
2328 873 2582 929 ostendit.
2613 873 2669 929 6.
2709 893 2728 928 t
2757 876 2822 931 Et
2866 875 2917 930 in
2960 876 3043 932 his
3082 875 3295 933 luerunt
3319 876 3388 932 de
3413 876 3534 931 [iliis
3572 874 3737 936 .luda,

2150 962 2372 1030 Daniel,
2423 973 2478 1020 et
2523 966 2781 1033 Ananias,
2829 975 2885 1022 et
2935 967 3178 1034 Azarias,
3231 976 3284 1021 et
3335 966 3542 1020 Mizael.
3581 967 3632 1019 7.
3679 965 3744 1019 Et

2155 1058 2409 1128 imposuit
2450 1059 2528 1114 eis
2573 1060 2788 1115 nomina
2833 1061 3152 1130 praepositus
3197 1060 3590 1120 cunuchorum;
3643 1059 3742 1111 lla-

2150 1147 2276 1203 nieli
2323 1148 2579 1219 quidem,
2625 1149 2910 1216 Baltasar;
2962 1161 3018 1206 et
3066 1151 3287 1206 Ananiae
3314 1149 3658 1212 Sedrachus;
3687 1157 3744 1202 t-t

2151 1241 2358 1296 Azarize
2381 1284 2396 1306 .
2445 1242 2768 1313 Abdenago;
2800 1253 2854 1298 et
2891 1243 3116 1310 Misaeli,
3147 1243 3430 1299 Misaclnzs.
3461 1262 3478 1294 ι
3515 1242 3740 1306 Danieli,

2153 1335 2342 1404 inquit,
2376 1336 2628 1402 imposuit
2681 1351 2876 1391 nomen
2929 1336 3190 1391 Baltasar.
3228 1337 3301 1390 Ita
3350 1351 3564 1405 quoque
3609 1334 3746 1390 deus

2152 1427 2367 1483 illorum
2397 1430 2688 1484 vocabatur
2714 1449 2729 1483 :
2753 1430 2878 1499 quin
2908 1429 3084 1499 potius
3109 1430 3186 1485 sic
3210 1429 3580 1500 appellabatur
3606 1427 3745 1482 ﬁlius

2153 1519 2311 1589 regis.
2341 1520 2585 1575 Aususne
2624 1529 2708 1574 est
2762 1520 2923 1590 igitur
2969 1521 3238 1590 captivum
3293 1520 3482 1576 eodem
3526 1521 3747 1575 nomine

2155 1610 2704 1680 insignirelProrsns
2744 1613 2798 1668 id
2835 1627 2998 1668 ausus
3043 1623 3158 1679 est;
3205 1614 3304 1669 nisi
3349 1615 3488 1680 quod
3527 1624 3748 1669 nonest

2154 1699 3139 1772 idemnomen(a)aedecus,sedmulta
3167 1704 3447 1761 intercedit
3491 1705 3745 1759 dilferen-

2155 1793 2247 1857 tia,
2274 1794 2413 1848 sicut
2459 1792 2511 1845 in
2551 1791 2819 1861 Josepho,
2847 1793 3088 1848 adoravit
3152 1808 3276 1850 eum
3331 1805 3482 1864 pater
3548 1795 3745 1862 ipsius.

2153 1883 2258 1938 Sed
2290 1883 2419 1954 quid
2447 1884 2644 1953 magni,
2669 1898 2864 1938 nomen
2909 1883 3038 1938 illud
3062 1884 3111 1938 ei
3139 1884 3358 1938 inditum
3384 1883 3542 1938 esse?
3567 1898 3748 1936 nonne

2154 1975 2315 2029 etiam
2354 1974 2513 2028 hodie
2539 1975 2676 2029 inter
2695 1974 2931 2044 plebeios
2956 1973 3200 2028 videmus
3222 1990 3408 2043 regum
3437 1973 3749 2027 nominibus

2153 2066 2409 2133 appellari
2441 2068 2674 2122 inultos?
2694 2069 2763 2122 At
2786 2084 2890 2121 non
2916 2067 2968 2122 in
2997 2067 3162 2137 regia,
3185 2067 3326 2122 dicet
3350 2067 3561 2135 aliquis.
3583 2066 3755 2136 Cujus

2155 2165 2330 2209 autem
2355 2157 2428 2209 rei
2456 2157 2620 2222 gratia
2655 2155 2929 2210 nominum
2953 2158 3052 2210 ista
3079 2157 3301 2210 mutatio
3325 2155 3420 2210 lit?
3439 2157 3636 2223 Aspice
3661 2173 3750 2210 res

2157 2246 2386 2315 nudique
2416 2246 2650 2316 disponi.
2680 2247 2795 2302 Non
2824 2248 2966 2302 videt
2995 2248 3263 2302 somnium
3288 2263 3403 2313 rex,
3435 2247 3756 2317 priusquam

2157 2350 2263 2394 tres
2293 2338 2365 2395 illi
2393 2342 2516 2394 anui
2546 2342 2792 2409 completi
2827 2342 2952 2395 sint.
2983 2341 3144 2398 Vides
3185 2341 3573 2410 providentiam
3616 2340 3758 2396 Dei?

2153 2429 2261 2485 Cur
2284 2431 2478 2501 igitur?
2497 2432 2565 2488 Ut
2589 2433 2776 2500 majori
2801 2434 3043 2489 libertate
3068 2433 3317 2504 loquendi
3345 2432 3527 2487 Daniel
3549 2430 3753 2486 fruere-

2156 2530 2264 2576 tur.
2298 2523 2389 2587 At,
2414 2523 2606 2577 dixerit
2625 2524 2838 2591 aliquis,
2864 2524 3195 2578 manifestius
3218 2527 3269 2578 in
3297 2525 3653 2577 admiratione
3686 2538 3751 2574 ac

2153 2612 2397 2668 claritate
2418 2608 2442 2662 l
2443 2608 2608 2664 uisset
2617 2611 2823 2682 Daniel,
2837 2612 2881 2668 si
2893 2623 3017 2666 ante
3030 2607 3263 2664 tresillos
3275 2621 3446 2662 annos
3459 2607 3535 2662 Na
3543 2609 3756 2663 hucho—

2153 2703 2388 2759 donosor
2414 2701 2677 2756 somnium
2705 2701 2947 2756 vidisset.
2995 2701 3152 2771 Atqui
3185 2700 3418 2754 edictum
3450 2698 3584 2753 illud
3615 2712 3721 2751 oon
3747 2725 3753 2730 η

2155 2804 2238 2850 tra
2277 2811 2473 2866 pueros
2515 2794 2782 2864 prolatum
2815 2809 2920 2848 non
2967 2793 3155 2847 fuisset
3193 2809 3206 2845 :
3237 2792 3394 2846 aliter
3434 2799 3618 2845 autem
3650 2800 3762 2844 nec

2155 2887 2358 2941 Danieli
2388 2886 2649 2940 creditum
2675 2892 2835 2939 esset.
2865 2883 3152 2951 Propterea
3181 2883 3231 2936 in
3259 2881 3438 2950 parvis
3459 2895 3522 2933 ac
3540 2877 3753 2945 exiguis

2154 2976 2315 3031 rebus
2349 2975 2627 3030 eunuchus
2657 2973 3045 3028 benevolentia:
3087 2971 3180 3025 Dei
3210 2986 3334 3040 erga
3367 2969 3492 3023 illos
3536 2967 3750 3034 pericu-

2155 3069 2261 3123 lmu
2290 3068 2434 3130 facit,
2465 3076 2522 3120 ut
2548 3066 2760 3135 quando
2784 3065 2852 3119 de
2873 3061 3165 3131 majoribus
3195 3061 3360 3116 rebus
3382 3060 3534 3114 illum
3564 3067 3758 3127 postu-

2156 3163 2401 3224 laverint,
2430 3159 2676 3212 difﬁdens
2704 3171 2808 3211 non
2842 3164 3080 3224 respuat,
3111 3155 3178 3208 let
3209 3161 3267 3206 ut
3291 3152 3506 3207 discant
3539 3165 3605 3206 ea
3652 3149 3759 3202 lin-

2155 3269 2255 3320 gua
2304 3251 2502 3320 optime
2544 3250 2709 3319 loqui,
2765 3247 2832 3302 ad
2886 3246 3145 3316 majorem
3196 3243 3451 3299 nimirum
3503 3239 3770 3296 ﬁduciam

2155 3345 2526 3400 obtinendam.
2565 3343 2752 3397 Nonne
2780 3339 2928 3396 vides
2969 3338 3152 3393 Davidi
3184 3336 3235 3391 id
3265 3334 3591 3401 contigisse,
3635 3347 3764 3385 cum

2156 3451 2249 3489 rex
2295 3435 2420 3489 Saul
2450 3434 2518 3488 de
2559 3435 2719 3487 rebus
2753 3446 2818 3487 ex
2855 3438 3013 3485 aetate
3054 3429 3324 3498 judicans,
3371 3425 3447 3479 illi
3478 3424 3766 3494 pollicenti

2156 3524 2300 3594 quod
2327 3523 2680 3592 alienigenam
2711 3519 3090 3574 interfecturus
3119 3526 3285 3582 esset,
3314 3515 3476 3570 ﬁdem
3519 3529 3633 3567 non
3668 3511 3770 3564 ha-

2161 3615 2309 3668 buit?
2335 3615 2410 3669 De
2435 3624 2633 3669 caetero
2657 3613 2877 3667 adverte
2908 3608 3181 3664 Danielem
3219 3606 3449 3661 instituti
3492 3619 3559 3658 ac
3594 3608 3776 3657 sectae

2159 3706 2450 3761 barbarica:
2478 3720 2693 3760 causam
2718 3711 2774 3759 et
2799 3703 3060 3756 rationem
3089 3698 3446 3754 intellexisse.
3486 3696 3773 3750 Barbaro-

2159 3814 2278 3854 rum
2303 3798 2500 3868 quippe
2525 3795 2833 3866 disciplinas
2862 3801 3116 3849 neutrale
3150 3789 3459 3844 didicerunt
3498 3786 3698 3841 Moses
3717 3793 3777 3837 et

2163 3892 2368 3946 Daniel.
2401 3890 2478 3945 Ne
2514 3890 2657 3943 enim
2698 3885 2994 3959 ignorantia
3033 3882 3275 3947 adducti,
3306 3888 3642 3950 putarentur
3673 3890 3776 3930 sua

2161 3983 2353 4037 alienis
2403 3980 2657 4051 praeferre
2706 3997 2719 4032 :
2767 3993 2830 4031 ea
2873 3975 3116 4046 permisit
3162 3971 3304 4036 illis,
3351 3969 3518 4025 etiam
3568 3966 3781 4021 aliena:

2161 4073 2402 4128 scientia:
2443 4071 2726 4140 participes
2757 4067 2869 4122 ﬁeri
2900 4083 2915 4118 :
2948 4074 3000 4118 ut
3032 4063 3248 4133 quando
3288 4059 3494 4114 videris
3523 4073 3628 4111 seu
3674 4072 3780 4125 po-

2164 4166 2273 4220 tius
2299 4163 2532 4218 audieris
2563 4161 2762 4215 Mosem
2785 4157 3076 4220 dicentem,
3111 4153 3231 4207 Non
3257 4161 3329 4206 est
3356 4150 3624 4220 sapientia
3645 4165 3784 4217 qna-

2163 4259 2228 4312 lis
2251 4265 2421 4310 nostra
2445 4254 2619 4324 (Deut.
2643 4250 2720 4322 ὁ),
2745 4265 2848 4304 non
2876 4245 3246 4316 propensionis
3273 4257 3371 4297 nec
3399 4241 3611 4295 amoris
3637 4254 3782 4293 cen-

2161 4362 2288 4402 seas
2311 4361 2430 4400 esse
2456 4343 2794 4400 sententiam.
2825 4337 2920 4392 sed
2948 4336 3074 4390 recti
3096 4334 3298 4402 judicii.
3351 4331 3486 4386 Nam
3519 4329 3635 4383 dici
3672 4344 3780 4381 ne-

2161 4437 2285 4506 quit
2325 4435 2595 4488 Danielem
2639 4431 2764 4486 odio
2815 4443 2940 4496 erga
2977 4433 3338 4494 praeceptores
3383 4421 3662 4474 resiliisse
3713 4419 3788 4470 ab

2164 4528 2379 4582 illorum
2404 4523 2667 4576 doctrina.
2691 4519 2862 4572 Amho
2882 4517 3045 4576 enim,
3071 4513 3244 4567 Moses
3267 4519 3324 4565 et
3355 4508 3571 4571 Daniel,
3604 4508 3797 4560 multo

2165 4618 2373 4671 honore
2401 4614 2467 4667 ab
2493 4609 2758 4667 extraneis
2783 4607 3108 4664 afﬁciuntur,
3153 4612 3207 4655 et
3239 4612 3415 4651 tamen
3444 4601 3636 4667 gentis
3669 4614 3792 4648 sunt

2164 4709 2406 4765 instituta
2437 4710 2787 4772 anteponunt.
2820 4699 2886 4753 Et
2913 4697 3013 4750 hoc
3053 4704 3136 4748 est
3162 4692 3304 4760 quod
3350 4705 3475 4744 cum
3529 4689 3792 4742 admira-

2167 4800 2320 4854 tione
2363 4796 2432 4849 de
2471 4794 2615 4847 Mose
2651 4791 2860 4845 dicebat
2889 4786 3124 4841 Paulus:
3153 4782 3276 4838 Non
3303 4781 3458 4850 elegit
3496 4778 3795 4850 temporali

2237 4938 2312 4998 (tt)
2346 4937 2541 4998 Graece,
2578 4935 2698 4998 πλὴν
2869 4931 2971 4998 ἔρξῃς
3000 4930 3056 4975 τὸ
3235 4928 3416 4998 Eversa,
3468 4933 3578 4974 etc.
3633 4925 3780 4998 Diiltil

2170 4985 2326 5052 video
2351 4995 2447 5044 nisi
2479 4985 2798 5054 exscriptoris
2835 4985 3164 5054 indiligentia
3190 4985 3399 5054 laetnm_
3418 5000 3571 5054 esse,
3622 4987 3785 5054 ut_atl

2171 5046 2270 5110 iiiis
2322 5070 2492 5104 manca
2541 5046 2861 5115 pervenerint
2905 5046 3308 5115 eloquentissimi
3367 5047 3562 5115 Pam;-
3593 5046 3785 5115 vertas.

2172 5108 2384 5170 scilicet
2404 5117 2519 5164 dum
2543 5108 2807 5162 ostendere
2839 5111 2942 5159 vult
2971 5112 3116 5169 longe
3149 5111 3441 5170 ampliorem
3486 5108 3660 5170 fuisse
3705 5108 3788 5155 fa-

2172 5166 2308 5231 niam
2338 5171 2770 5226 Baltasarisludmi
2802 5166 3519 5231 fama,mussans—Babylonii
3538 5203 3551 5223 ,
3589 5180 3788 5231 exem-

2211 5225 2315 5289 lum
2340 5225 2553 5296 iJosephi
2571 5234 2839 5296 adduxerat
2864 5229 3294 5296 eximius_doctor.
3335 5225 3567 5296 Uterque
3611 5225 3788 5280 enim.

2213 5258 2315 5289 tum
2347 5258 2548 5296 Juscput
2571 5258 2839 5280 awtuactat.
2864 5258 3077 5277 cas-unua
3103 5258 3294 5276 υυνιυι.
3335 5258 3567 5287 etv-quo
3611 5258 3788 5280 cuuu.

2172 5258 2425 5353 Yosephus
2448 5307 2503 5343 ac
2527 5291 2731 5348 Daniel,
2759 5292 2885 5337 servi
2919 5304 3036 5353 cum
3083 5290 3320 5344 fuissent,
3348 5301 3469 5334 eum
3500 5289 3790 5353 honorent

2173 5347 2435 5413 consecuti
2478 5362 2619 5410 sunt,
2664 5360 2716 5398 ut
2745 5351 2947 5413 adorari,
2973 5363 3128 5413 Amore
3157 5363 3329 5396 earum
3367 5347 3792 5413 getttium,_ttte-

2177 5408 2402 5474 ruerint;
2428 5418 2502 5463 hic
2530 5429 2556 5461 a
2580 5408 2719 5480 rege,
2751 5412 2864 5458 Dan.
2894 5411 2938 5466 2,
2962 5410 3049 5467 i6;
3080 5408 3168 5456 ille
3193 5422 3229 5478 ει.
3253 5416 3416 5480 patre,
3448 5412 3584 5457 Gen.
3613 5410 3702 5466 37,
3733 5412 3790 5468 9,

2175 5471 2234 5533 et
2256 5481 2332 5537 l7,
2356 5471 2410 5525 δί
2439 5491 2449 5523 :
2472 5480 2522 5537 at
2549 5473 2765 5537 notarius
2786 5483 3069 5531 properans.
3093 5481 3197 5537 rem
3220 5471 3448 5516 iudieare
3471 5477 3790 5537 contentus,

2179 5525 2332 5592 $669.;
2351 5534 2531 5585 omisit.
2568 5534 2679 5580 Haec
2703 5525 2966 5592 est-nostra
3006 5529 3254 5592 suspicio,
3298 5542 3391 5576 seu
3429 5525 3608 5592 potius
3645 5525 3794 5579 divi;

2176 5589 2332 5656 hanc,
2355 5610 2509 5664 quam
2529 5597 2586 5664 _in
2618 5593 2782 5664 medio
2816 5590 3158 5664 relinquimus.
3184 5589 3438 5664 Caeterum
3466 5589 3541 5664 de
3562 5591 3793 5651 Joseplti

2176 5649 2466 5712 adora'tione
2499 5653 2690 5703 abunde
2723 5649 3064 5712 Theodoretus
3088 5651 3289 5712 Quaest,
3317 5649 3377 5695 l9
3413 5649 3467 5712 in
3507 5649 3794 5712 genesim,

2176 5709 2233 5774 ἐι
2269 5725 2436 5784 noster
2474 5713 2617 5784 initio
2646 5711 2891 5784 QII-alienis
2931 5710 2991 5759 26
3025 5711 3074 5760 in
3101 5709 3378 5771 Epistulam
3405 5710 3470 5759 ad
3509 5710 3796 5772 Hebrtcos,

2178 5795 2233 5835 et
2262 5777 2471 5831 llomilia
2503 5778 2563 5826 66
2589 5777 2642 5824 in
2665 5777 2910 5823 lienesun.
