4032 6220
259 391 368 450 195

251 507 423 570 ὕειαν,
454 504 558 577 τὴν
583 506 929 576 γνησιότητα,
960 507 1021 560 16
1049 507 1238 562 λευκδν
1273 504 1428 564 εἶναι.
1446 507 1603 561 Ἀλλά
1637 508 1802 576 πρόσ-

253 626 438 678 κομμα
458 608 643 677 γέγονε
669 608 729 663 16
748 611 961 674 κάλλος,
981 612 1134 681 φησί.
1150 614 1282 682 Οὐχὶ
1307 611 1456 679 παρά
1478 611 1576 680 τὴν
1599 609 1804 662 οἰκείαν

251 708 429 778 φύσιν,
456 710 590 764 ἀλλά
629 712 777 782 παρά
814 714 914 783 τὴν
957 714 1224 784 ρᾳθυμίαν
1267 714 1374 768 τῶν
1414 714 1798 782 ἁλισκομένων.

253 814 344 881 Μὴ
375 814 782 884 καταμάνθανε
827 817 953 886 γὰρ,
998 818 1148 888 φησὶ,
1193 815 1420 884 κάλλος
1461 819 1798 885 ἀλλότριον.

251 919 363 988 Ούχ
403 921 587 984 ἀπλῶς
627 917 766 984 είπε,
814 919 908 991 Μὴ
948 924 1359 993 καταμάνθανε
1391 924 1632 988 κάλλος,
1669 923 1801 975 ἀλλά

254 1023 610 1096 προσέθηκεν,
625 1027 974 1094 Ἀλλότριον,
1000 1029 1076 1092 ὡς
1105 1030 1166 1082 τό
1193 1047 1256 1097 γε
1289 1031 1485 1083 οἰκείου
1514 1029 1801 1084 ἀπολαύειν

252 1126 409 1180 αίνεῐ.
443 1129 540 1180 Διά
571 1129 621 1182 τί
649 1130 754 1200 γὰρ
778 1131 875 1183 οὐκ
904 1131 1281 1202 ἐξετραχήλισε
1310 1133 1400 1186 16v
1431 1133 1649 1202 Ἰωσὴφ,
1679 1131 1801 1186 οὐδὲ

258 1229 429 1297 βλᾶκα
450 1234 753 1303 είργάσατο,
767 1234 884 1287 οὐδὲ
904 1234 1194 1307 ἐνέπλησεν
1216 1236 1471 1300 ἀπονοίας
1490 1237 1582 1290 καὶ
1600 1237 1800 1306 τύφου;

259 1337 542 1403 Ἔλαφος,
573 1339 720 1406 φησὶ,
759 1339 982 1405 φιλίας,
1010 1339 1106 1392 καί
1149 1339 1348 1404 πῶλος
1397 1340 1524 1392 σῶν
1550 1340 1804 1408 χαρίτων

253 1441 524 1506 όμιλείτω
564 1455 680 1494 σοι.
723 1442 1022 1512 Σύνδεσμός
1051 1446 1164 1498 ἐστι
1189 1443 1456 1497 καὶτοῦτο
1482 1443 1573 1496 τοῦ
1600 1445 1798 1514 γάμου,

249 1540 388 1593 ὥστε
415 1541 548 1613 πρὸς
574 1542 641 1596 τὰ
664 1543 887 1613 σώματα
917 1547 1172 1616 ἐπτόηντο
1197 1549 1245 1600 οί
1276 1548 1567 1618 ἄνθρωποι.
1587 1547 1800 1618 Ἐπειδὴ

253 1646 358 1716 γάρ
392 1646 644 1700 ἐπίπονόν
673 1665 790 1702 τινα
829 1651 921 1702 καὶ
965 1651 1235 1722 μοχθηρὸν
1271 1654 1397 1722 ἡμῖν
1437 1653 1800 1706 κατεσκεύασε

251 1751 342 1804 τόν
371 1751 504 1822 βίον,
543 1751 829 1825 ἐχαρίσατό
854 1773 976 1811 τινα
1008 1759 1099 1810 καὶ
1125 1758 1491 1829 παραμυθίαν.
1529 1757 1802 1812 Ἐντεῦθεν

249 1854 382 1923 ἡμῖν
405 1856 623 1927 ἀγάπης
667 1857 812 1912 ἐστὶν
849 1857 1176 1929 ὑπέκκαυμα
1204 1861 1301 1930 τῆς
1337 1859 1406 1912 τά
1433 1859 1607 1914 πάντα
1650 1856 1798 1931 [202]

252 1955 598 2030 συνεχούσης.
625 1961 798 2014 Πολλά
827 1962 932 2032 γάρ
960 1963 1285 2016 ἐσπούδασεν
1314 1964 1341 2015 6
1367 1963 1497 2027 Θεὸς
1526 1962 1618 2017 καὶ⁸
1641 1966 1804 2034 ἐπρα-

250 2061 614 2130 γματεύσατο,
637 2063 777 2118 ὥστε
805 2067 895 2119 τὸν
927 2064 1022 2120 τοῦ
1047 2067 1223 2137 γάμου
1255 2066 1547 2136 σύνδεσμον
1583 2069 1799 2138 ἀρραγῆ

253 2161 452 2230 μένειν.
507 2165 616 2218 Kal
655 2166 760 2237 μὴν
800 2167 976 2232 τοῦτο,
1038 2169 1188 2240 φησι,
1235 2168 1424 2238 γέγονε
1475 2166 1803 2241 πρόσκομμα

251 2265 403 2335 παρά
454 2267 550 2336 τὴν
594 2269 789 2342 ἀρχήν.
825 2272 1077 2337 Ἰδόντες
1121 2272 1229 2342 γὰρ
1273 2277 1327 2327 οί
1374 2273 1493 2328 vlo!
1520 2275 1625 2328 τοῦ
1657 2275 1802 2328 Θεοῦ

250 2369 355 2433 τὰς
386 2371 706 2440 θυγατέρας
736 2375 853 2429 τῶν
874 2375 1146 2445 Ἐϐραίων
1175 2390 1200 2418 ι
1239 2377 1299 2450 [ί.
1324 2377 1666 2448 ἀνθρώπων],
1717 2377 1803 2430 ὅτι

251 2474 433 2525 καλαί
478 2475 654 2542 είσιν,
699 2477 918 2532 ἔλαϐον
945 2480 1195 2545 ἑαυτοῖς.
1245 2481 1378 2552 Οὐχὶ
1412 2482 1568 2534 10610
1613 2478 1803 2549 γέγονε

251 2577 602 2648 πρόσκομμα,
634 2581 746 2633 ἀλλ’
775 2584 808 2652 η
847 2583 1082 2650 ἀκρασία
1114 2584 1351 2638 ἐκείνων.
1406 2585 1590 2647 Καλάς
1634 2584 1802 2646 αὐτάς

251 2679 524 2748 ἐποίησεν,
554 2683 648 2751 οὐχ
695 2684 780 2736 ἵνα
811 2686 1042 2749 ἀναιδεῖς
1079 2689 1134 2740 αί
1187 2688 1476 2757 Θυγατέρες
1520 2688 1801 2755 γένωνται,

251 2781 363 2835 ἀλλ’
385 2784 471 2836 ἵνα
498 2783 723 2849 ἐκαστος
752 2788 953 2860 στέργῃ
974 2790 1073 2860 τὴν
1101 2791 1310 2844 ἐαυτοῦ.
1339 2791 1447 2844 Καὶ
1466 2792 1800 2854 συνιέντας,

251 2885 438 2956 φησὶν,
467 2887 715 2958 ἐνπάσῃ
734 2892 945 2960 σοφίᾳο
975 2895 1239 2957 τουτέστι,
1270 2895 1606 2958 σπουδαίους,
1636 2895 1806 2948 δεκτι-

253 2989 379 3054 κοὺς
407 2991 542 3061 πρὸς
564 2993 742 3046 πᾶσαν
771 2995 957 3064 σοφίαν
974 3011 986 3026 ·
1016 2996 1120 3050 τοῦ
1136 2996 1368 3061 διδάξαι
1395 2997 1613 3062 αὐτοὺς
1638 2995 1807 3066 noti}:-

248 3108 405 3160 ματα
438 3094 535 3147 καί
567 3094 852 3164 γλῶσσαν
878 3100 1203 3153 Χαλδαίων.
1236 3101 1292 3154 ’0
1325 3101 1420 3170 μὲν
1451 3097 1542 3154 οὖν
1571 3101 1806 3168 Μωῦσῆς

253 3193 466 3266 ἰδιώτης
489 3195 583 3259 ὢν,
611 3197 685 3262 ὡς
724 3198 971 3268 βασιλεὺς
1017 3202 1251 3272 ἐτράφη·
1279 3197 1420 3256 οῦτοι
1445 3202 1499 3255 δέ
1529 3204 1591 3255 ἐκ
1620 3203 1806 3270 γένους

249 3298 401 3362 δντες
429 3299 723 3369 βασιλικοῦ,
745 3308 804 3357 ἐν
827 3304 976 3371 τάξει
998 3305 1194 3360 δούλων
1223 3306 1550 3359 δεσποτικῶν
1587 3303 1806 3376 ἀνετρέ-

251 3419 431 3468 φονιο.
461 3405 654 3469 Καλῶς
690 3410 1149 3480 προοικονομεῖται
1177 3411 1369 3474 αὐτοὺς
1406 3409 1593 3481 μαθεῖν
1629 3411 1806 3480 γράμ-

258 3522 399 3574 ματα
425 3507 519 3560 καὶ
542 3508 788 3574 γλῶσσαν
825 3511 1123 3576 Χαλδαίων,
1163 3512 1228 3565 ἵν’
1254 3512 1379 3565 ὅταν
1416 3513 1581 3583 μέλλῃ
1607 3512 1684 3582 τῷ
1715 3512 1798 3582 βα-

257 3608 396 3662 σιλεῖ
422 3609 761 3680 διαλέγεσθαι
783 3616 976 3687 Δανιὴλ
1004 3617 1128 3686 περί
1156 3616 1264 3670 τῶν
1294 3617 1540 3686 μεγάλων
1564 3617 1807 3680 ἐκείνων,

257 3711 444 3782 μηδεὶς
468 3715 670 3783 μεταξὺ
695 3721 1060 3788 παρεμπεσὼν
1083 3723 1360 3792 κακουργῇ
1382 3739 1434 3774 τι
1459 3721 1564 3774 τῶν
1587 3721 1810 3791 λεγομέ-

256 3832 380 3870 νων.
411 3818 565 3882 Τίνος
592 3818 647 3873 δέ
689 3821 872 3875 ἕνεκεν
913 3826 1007 3876 καὶ
1042 3824 1196 3877 τοῦτο
1220 3825 1457 3892 γίνεται;
1484 3827 1600 3878 Ἵνα
1633 3826 1809 3896 μάθῃς

256 3919 421 3972 αὑτοῦ
452 3921 551 3992 τὴν
567 3923 900 3994 φιλοσοφίαν,
930 3927 1023 3980 καὶ
1055 3928 1169 3999 ἴδῃς
1187 3929 1386 3992 εὐθέως
1407 3930 1465 3992 ἐξ
1495 3929 1668 4000 ἀρχῆς
1693 3931 1810 3993 πῶς

255 4021 519 4092 κρείττων
560 4025 675 4080 ἐστὶ
720 4027 974 4098 γαστρός.
1015 4029 1125 4083 Kal
1173 4030 1278 4100 μὴν
1319 4031 1500 4101 ἔτερος
1542 4025 1692 4084 εἶπεν
1722 4033 1807 4097 ἀν,

255 4127 604 4197 Αίχμάλωτός
624 4131 758 4202 είμι,
797 4134 1092 4203 οὐδαμόθεν
1120 4136 1224 4204 ἔχω
1256 4136 1350 4204 τὴν
1378 4137 1673 4203 ἀναγκαίαν
1696 4155 1811 4209 τρο⁴

259 4224 389 4296 φῆν,
425 4230 790 4297 συγγνώσεται
827 4237 1042 4298 πάντως
1077 4239 1105 4289 6
1146 4237 1294 4300 Θεός.
1349 4238 1485 4290 Ἀλλ’
1513 4239 1610 4308 ούχ
1640 4239 1810 4304 οὕτως

259 4323 442 4394 οὗτος·
483 4332 542 4386 οὐ
571 4333 679 4406 γὰρ
708 4337 881 4407 μισθῷ
907 4356 1010 4392 τινι
1037 4341 1128 4392 καὶ
1172 4341 1317 4412 φόϐῳ
1345 4343 1522 4412 μόνον,
1552 4344 1688 4396 ἀλλά
1719 4343 1812 4396 καὶ

265 4432 454 4504 ἀγάπῃ
485 4435 725 4490 ἐδούλευε
767 4439 844 4510 τῷ
891 4441 1029 4511 Θεῷ,
1070 4443 1267 4513 πολλῆς
1308 4446 1594 4499 ἀπολαύων
1621 4447 1813 4516 ἐπιμε-

265 4534 435 4602 λείας,
469 4540 561 4591 καὶ
609 4540 636 4592 6
679 4541 866 4610 χρόνος
895 4543 954 4595 οὐ
999 4545 1216 4615 βραχύς.
1245 4546 1380 4616 Ἔτη
1417 4547 1538 4617 τρία
1574 4548 1814 4617 ἐφιλοσό-

263 4655 417 4706 φουν,
448 4639 514 4692 τὰ
544 4642 667 4712 τρία
713 4643 807 4714 ἐτη
839 4646 1142 4716 ἐνήστευον.
1181 4648 1340 4719 Ὁρᾷς
1377 4651 1622 4717 σύνεσιν;
1648 4651 1812 4704 Ἔνθα

263 4743 361 4812 μὲν
386 4745 552 4816 ἐχρῆν
585 4748 936 4816 φυλάξασθαι,
961 4752 1161 4820 σφόδρα
1189 4753 1437 4824 ἀκριϐὴς,
1471 4755 1563 4806 καὶ
1586 4771 1813 4824 προνοη-

259 4847 428 4910 τικδς,
460 4851 554 4902 καὶ
593 4853 689 4922 οὐχ
723 4855 908 4919 ἁπλῶς
952 4857 1283 4927 ἐπιῤῥίπτων
1318 4858 1525 4924 ἐαυτὸν,
1563 4859 1677 4912 ἀλλ’
1701 4861 1813 4916 ίκε-

259 4949 431 5002 τεύων
469 4953 561 5003 καὶ
598 4953 880 5025 δεόμενος·
935 4958 1062 5013 ἔνθα
1106 4958 1163 5012 δὲ
1215 4960 1364 5014 ούδέν
1415 4961 1698 5025 ἔϐλαπτεν,
1751 4961 1810 5014 ού

264 5054 611 5125 παρῃτήσατο
640 5057 827 5126 μαθετν
858 5059 1101 5126 γλῶτταν
1135 5061 1464 5134 βαρϐαρικὴν
1497 5065 1590 5118 καὶ
1623 5065 1811 5134 σοφίαν

258 5157 532 5225 τοιαύτην.
583 5158 656 5210 υύ
692 5159 801 5229 γάρ
844 5161 908 5230 δὴ
944 5163 1004 5216 16
1044 5164 1231 5233 μαθεῖν
1264 5166 1509 5235 ἔγκλημα
1550 5163 1636 5236 ἦν,
1680 5167 1812 5220 ἀλλὰ

256 5258 318 5308 16
344 5257 669 5327 χρήσασθαι.
703 5260 853 5314 Οὕτω
888 5264 1117 5330 μάλιστα
1152 5268 1346 5336 ἔμαθεν
1381 5270 1445 5322 ἂν
1485 5271 1582 5339 τὴν
1628 5269 1814 5336 σοφίαν

257 5361 355 5429 τὴν
397 5364 526 5431 παρ’
569 5363 769 5433 ἐαυτῷ-
800 5365 907 5416 ἀπὸ
952 5372 1286 5438 συγκρίσεως
1318 5373 1496 5433 πάλιν,
1543 5373 1627 5424 ἵνα
1671 5373 1812 5442 μάθῃ

257 5459 336 5510 ὅτι
363 5462 462 5512 οὐκ
486 5462 597 5515 ἐστι
623 5464 778 5532 σοφία
814 5467 969 5539 ἐτέρα
1003 5470 1090 5522 οἶα
1115 5474 1145 5540 ἡ
1176 5473 1458 5541 Ἐϐραίων,
1487 5475 1570 5524 ἵνα
1604 5476 1814 5543 ίσχυρό-

314 5727 754 5808 ἰζίιοῐιάυΗ-ιιαίιξε
778 5733 1240 5808 ετοιΗεδεῐ-.Ρευῑο
1252 5748 1361 5800 post
1383 5741 1504 5792 forte
1531 5744 1728 5808 legend.
1761 5745 1822 5798 εἷς

250 5789 516 5848 θυγατέρας,
537 5801 631 5836 non
655 5793 702 5837 αἱ
720 5793 974 5851 θυγατέοες.

1611 388 1675 444 IN
1717 389 1800 443 DA
1811 385 2083 444 NIELEM.

3366 392 3478 450 196

1904 522 2059 576 τερος
2079 507 2184 576 εῐη.
2215 506 2323 560 Καὶ
2354 506 2457 578 μὴν
2471 509 2518 560 εί
2546 507 2641 562 xal
2669 507 2979 577 παράνομον
3000 500 3090 574 ἦν,
3115 506 3209 561 καὶ
3233 507 3466 566 ἐνταῦθα

1907 611 2037 682 ἔστη
2072 612 2139 665 ἂν
2173 613 2267 666 καὶ
2303 614 2623 683 ἠγωνίσατο,
2655 609 2808 677 Εἶδες
2836 615 2917 668 ὃτι
2952 613 3144 667 τούτου
3168 618 3223 667 αί
3250 617 3461 685 ἀρεταὶ,

1907 713 2027 767 ὃθεν
2056 716 2106 768 οί
2145 717 2559 788 γαστρίμαργοι,
2591 716 2710 770 ὅθεν
2746 718 2796 770 οί
2849 716 3048 788 σκόρδα
3092 720 3463 787 προτιμῶντες

1906 816 2000 869 τοῦ
2031 819 2234 888 μάννας
2282 819 2557 874 Ἐντεῦθεν
2582 821 2611 873 6
2638 820 2832 890 Δανιὴλ
2857 819 2932 874 ὢν
2955 820 3240 889 φιλόσοφος
3265 819 3460 888 ἐφάνη.

1905 918 2012 974 Καὶ
2063 922 2336 992 ἐγένοντο
2376 924 2446 978 ἐν
2472 923 2676 990 αὐτοῖς
2710 923 2777 977 ἐκ
2803 921 2920 977 τῶν
2938 921 3084 976 υἱῶν
3116 921 3320 984 Ἰούδα,
3352 926 3462 977 Δα-

1905 1023 2068 1092 νιὴλ,
2102 1027 2199 1080 καί
2247 1027 2540 1094 Ἀνανίας,
2586 1027 2688 1081 καί
2737 1025 3017 1093 Ἀζαρίας.
3049 1026 3147 1080 καί
3195 1026 3457 1093 Murcum.

1906 1128 2017 1181 Καί
2059 1130 2348 1198 ἐπέθηκεν
2394 1131 2596 1196 αὐτοῖς
2633 1133 2666 1184 ό
2706 1126 3133 1201 ἀρχιευνοῦχος
3180 1131 3458 1200 ὀνόματα,

1905 1235 1986 1298 τῷ
2003 1233 2119 1302 μὲν
2131 1234 2352 1303 Δανιὴλ
2375 1238 2461 1289 Βα
2472 1233 2710 1302 ιτὰσαρ,
2739 1229 2834 1286 καί
2857 1233 2932 1297 τῷ
2959 1233 3188 1299 Ἀνανία
3215 1235 3459 1304 Σεδρὰχ,

1907 1339 2006 1392 καί
2035 1336 2115 1403 τῷ
2155 1335 2382 1405 Ἀζαρία
2414 1334 2778 1405 Ἀϐδεναγὼν
2817 1335 2942 1407 [εστ.
2984 1335 3332 1408 ’Δόδεναγὼ].
3364 1339 3460 1391 καί

1907 1441 1988 1507 τῷ
2019 1440 2258 1508 Μισαὴλ
2303 1440 2523 1510 Μισάχ.
2564 1441 2654 1511 Τῷ
2695 1438 2912 1511 Δανιὴλ,
2959 1441 3114 1508 φησὶ,
3173 1440 3461 1512 Βαλτάσαρ

1911 1542 2170 1616 ἐπέθηκεν
2203 1543 2388 1615 ὄνομα.
2427 1547 2534 1599 Kal
2574 1547 2600 1598 6
2649 1545 2766 1607 θεὸς
2797 1543 2976 1598 αὐτῶν
3013 1542 3185 1608 οὕτως
3225 1544 3458 1612 ἐλέγετο,

1914 1648 2108 1718 μᾶλλον
2135 1649 2190 1702 δὲ
2215 1652 2242 1703 6
2266 1651 2376 1714 υίὸς
2404 1649 2496 1704 τοῦ
2524 1650 2783 1719 βασιλέως
2816 1647 2987 1712 οὕτως
3025 1648 3257 1716 ἐλέγετο.
3283 1647 3460 1702 Ἑτόλ-

1913 1768 2048 1820 μησε
2075 1751 2175 1805 κᾶν
2196 1747 2287 1805 οὖν
2311 1748 2401 1805 16v
2422 1753 2759 1822 αἰχμάλωτον
2780 1749 2920 1805 οὕτω
2951 1752 3194 1816 καλέσαις
3221 1750 3461 1804 Μάλιστα

1911 1854 2059 1925 [2051
2097 1855 2194 1925 μὲν
2230 1853 2322 1910 οῦν
2357 1856 2650 1926 ἐτόλμησεν
2677 1857 2769 1910 άν·
2813 1857 2948 1926 πλὴν
2985 1857 3085 1910 οὐκ
3113 1856 3307 1909 ἔστιτὸ
3331 1855 3461 1908 αὐτὸ

1909 1956 2240 2026 δνομα.ἀλλά
2265 1955 2428 2026 πολλὴ
2458 1957 2491 2028 η
2515 1958 2766 2028 διαφορὰ,
2791 1956 2976 2029 ὥσπερ
3002 1959 3094 2011 ἐπὶ
3118 1959 3210 2012 τοῦ
3240 1959 3456 2030 Ἰωσὴφ,

1909 2061 2305 2131 προσεκύνησεν
2328 2061 2487 2114 αὐτὸν
2520 2064 2547 2115 6
2578 2063 2759 2132 πατὴρ
2786 2059 2971 2115 αὑτοῦ.
3002 2063 3110 2115 Καὶ
3143 2062 3194 2114 τί
3234 2064 3373 2132 μέγα
3400 2061 3460 2114 16

1909 2163 2074 2236 ὄνομα
2117 2161 2272 2219 τοῦτο
2316 2166 2574 2237 κληθῆναι
2611 2165 2803 2231 αὑτόνς
2848 2166 2945 2237 οὐχ
2989 2166 3202 2238 δρῶμεν
3247 2167 3339 2219 καὶ
3367 2163 3461 2218 νῦν

1908 2269 2022 2332 τοῖς
2074 2270 2181 2321 τῶν
2225 2269 2484 2338 βασιλέων
2529 2270 2781 2338 ὀνόμασιν
2837 2269 3050 2331 ίδιώτας
3099 2268 3460 2338 καλουμένους

1911 2371 2170 2438 πολλούς;
2219 2371 2356 2424 Ἀλλ’
2389 2371 2486 2425 οὐκ
2537 2372 2595 2424 ἐν
2625 2374 2737 2435 τοῖς
2778 2371 3082 2442 βασιλείοις,
3121 2370 3272 2440 φησί.
3307 2371 3461 2431 Τίνος

1909 2473 1965 2526 δὲ
2001 2472 2182 2527 ἕνεκεν
2213 2477 2246 2546 ή
2280 2476 2387 2529 τῶν
2428 2475 2704 2545 ὀνομάτων
2745 2475 3014 2546 μεταϐολὴ
3046 2475 3284 2541 γίνεται;
3319 2475 3461 2544 ὐρα

1911 2577 2170 2630 πάντοθεν
2208 2577 2627 2649 οίκονομούμενα
2672 2577 2740 2630 τά
2785 2578 3102 2648 πράγματα.
3137 2578 3212 2628 Οὐ
3250 2575 3462 2644 πρῶτον

1911 2679 2011 2749 ὁρᾷ
2038 2679 2097 2731 16
2125 2679 2390 2744 ἐνύπνιον,
2422 2681 2527 2744 ἐως
2562 2680 2658 2733 τοῦ
2690 2681 3039 2752 πληρωθῆναι
3085 2679 3153 2733 τὰ
3183 2678 3307 2752 τρία
3346 2679 3458 2747 ἐτη.

1925 2785 2084 2854 Ὁρᾷς
2130 2785 2210 2837 ὅτι
2247 2784 2377 2848 Θεὸς
2421 2788 2721 2855 οίκονομεῖς
2767 2785 2920 2848 Τίνος
2964 2781 3057 2838 οῦν
3101 2785 3310 2847 ἐνεκεν;
3348 2783 3462 2835 Ἰνα

1913 2888 2152 2952 πλείονος
2179 2889 2485 2961 παρρησίας
2527 2887 2824 2960 ἀπολαύσῃ.
2856 2889 2963 2943 Kal
2997 2889 3100 2958 μὴν
3138 2888 3465 2958 σαφέστερον

1914 2989 2226 3061 ἐθαυμάσθη
2266 2993 2349 3056 ἂν,
2383 2993 2474 3047 καὶ
2501 2993 2694 3062 ἐφάνη,
2727 2994 2866 3045 εἴποι
2900 3010 2980 3054 τις
3013 2992 3099 3055 ἂν,
3127 2993 3174 3044 εί
3217 2990 3323 3061 πρὸ
3357 2991 3467 3044 τῶν

1913 3097 2077 3164 τριῶν
2109 3097 2242 3150 ἐτῶν
2277 3092 2381 3150 εἶδε
2415 3097 2476 3149 16
2513 3095 2776 3148 ἐνύπνιον.
2815 3095 2948 3146 Ἀλλ’
2989 3095 3086 3146 οὐκ
3117 3094 3183 3146 ἂν
3207 3085 3338 3162 ἦλθε
3373 3093 3465 3145 καὶ

1915 3199 2032 3250 κατ’
2081 3199 2258 3251 αὐτῶν
2300 3200 2357 3252 16
2407 3199 2603 3270 δόγμα,
2654 3196 2825 3260 ἄλλως
2857 3196 2912 3250 δὲ
2950 3196 3057 3249 οὐδ’
3093 3195 3386 3266 ἐπιστεύθη
3438 3198 3468 3248 6

1914 3300 2129 3373 Δανιήλ.
2160 3303 2256 3356 Διά
2279 3305 2434 3356 τοῦτο
2462 3305 2520 3356 ἐν
2550 3306 2661 3367 τοῖς
2693 3304 2904 3373 μικροῖς
2937 3303 3030 3356 καὶ
3054 3303 3297 3355 ἐλάττοσι
3328 3300 3468 3371 λαμ-

1917 3405 2066 3458 ϐάνει
2101 3408 2292 3476 πεῖραν
2326 3405 2424 3476 τῆς
2462 3407 2671 3470 εὐνοίας
2699 3407 2790 3459 106
2819 3406 2950 3459 Θεοῦ
2991 3405 3090 3476 τῆς
3122 3407 3247 3476 περὶ
3274 3406 3468 3467 αὑτοὶις

1916 3507 1946 3559 6
1976 3507 2244 3578 εὐνοῦχος,
2281 3508 2346 3561 ἵν’
2371 3509 2498 3562 ὅταν
2529 3509 2667 3582 ὑπὲρ
2694 3509 2803 3562 τῶν
2831 3507 3090 3579 μειζόνων
3124 3507 3346 3575 ἀξιῶσιν
3371 3509 3470 3561 αὐ-

1917 3612 2026 3676 τὸν,
2059 3613 2132 3684 μὴ
2161 3614 2515 3684 διαπιστήσας
2537 3614 2790 3688 διαπτύῃ,
2820 3615 2915 3669 καὶ
2944 3616 3029 3668 ἵνα
3057 3615 3266 3685 μάθωσι
3293 3613 3470 3674 καλῶς

1916 3715 2272 3784 διαλέγεσθαι,
2313 3719 2398 3770 ἵνα
2436 3715 2681 3781 πλείονες
2726 3717 3036 3789 παρρησίας
3071 3716 3468 3770 ἀπολαύσωσιν.

1919 3821 2029 3891 Οὐχ
2063 3823 2193 3892 ὁρᾷς
2237 3821 2344 3878 ἀπὸ
2377 3823 2406 3864 ιι
2462 3823 2556 3875 τοῦ
2590 3823 2749 3877 Δαυτδ
2788 3823 2945 3876 τοῦτο
2981 3823 3301 3892 γενόμενον;
3357 3823 3472 3887 πῶς

1917 3923 2264 3994 διηπίστησεν
2301 3925 2446 3993 αὐτῷ
2484 3926 2512 3978 6
2562 3925 2810 3993 βασιλεὺς
2842 3926 3291 3995 ἐπαγγελλομένῳ
3315 3928 3471 3981 ἀλλό-

1919 4024 2083 4090 φυλον
2130 4025 2394 4094 αἱρήσειν,
2440 4025 2549 4077 άπὸ
2597 4025 2694 4094 τῆς
2729 4025 2944 4094 ἡλικίας
2987 4026 3183 4097 κρίνων
3220 4027 3289 4080 τὰ
3332 4031 3474 4099 πρά-

1917 4144 2133 4198 γματα;
2169 4130 2308 4199 Ὅρα
2340 4128 2523 4182 λοιπὸν
2547 4129 2644 4198 τῆς
2672 4129 2789 4182 6606
2821 4129 2917 4200 τὴν
2941 4130 3120 4183 αἰτίαν
3155 4130 3339 4186 τοῦτον
3367 4152 3474 4202 μα-

1919 4229 2098 4284 θόντα.
2129 4232 2249 4285 Τῶν
2279 4233 2566 4303 βαρϐάρων
2609 4233 2806 4303 ἔμαθον
2839 4233 3078 4302 ἀκριϐῶς
3108 4235 3344 4304 Μωῦσῆς
3381 4238 3475 4289 καὶ

1919 4337 2134 4406 Δανιὴλ.
2178 4338 2294 4389 Ἵνα
2340 4337 2445 4408 γάρ
2496 4337 2570 4407 μὴ
2612 4337 2802 4406 ἀγνοίᾳ.
2841 4337 3036 4389 δοκῶσι
3087 4342 3355 4409 προτιμᾷν
3404 4341 3474 4393 τὰ

1919 4439 2093 4492 οἰκεῖα
2122 4442 2229 4492 τῶν
2275 4440 2584 4508 ἀλλοτρίων,
2614 4440 2801 4492 τούτου
2840 4441 2996 4510 χάριν
3024 4441 3244 4509 ἀφίησιν
3278 4442 3473 4504 αὐτοὺς

1925 4541 2170 4611 μετέχειν
2199 4542 2483 4604 κάκείνων,
2514 4541 2580 4593 ἶν’
2611 4542 2738 4594 ὅταν
2775 4542 2911 4613 ίδῃς,
2946 4541 3141 4610 μᾶλλον
3165 4543 3210 4594 δ’
3238 4543 3475 4615 ἀκούσῃς

1921 4643 2192 4706 Μωῦσέως
2229 4643 2491 4710 λέγοντος,
2525 4644 2605 4696 ὅτι
2634 4647 2754 4697 Οὐκ
2772 4645 2902 4696 ἐστι
2931 4646 3114 4711 σοφία
3143 4645 3238 4698 οἵα
3267 4647 3305 4713 ἠ
3337 4645 3475 4714 ἠμε-

1921 4747 2078 4814 τέρα,
2120 4749 2252 4815 μήτε
2289 4746 2534 4816 φίλτρου,
2563 4747 2696 4815 μήτε
2720 4747 2934 4814 ἀγάπης
2967 4743 3101 4799 εἶναι
3131 4748 3354 4818 νομίσῃς
3377 4749 3477 4818 τὴν

1923 4849 2209 4916 ἀπόφασιν,
2239 4847 2374 4902 ἀλλά
2400 4849 2628 4920 κρίσεως
2655 4848 2836 4918 ὀρθῆς.
2857 4849 2988 4901 Οὐδέ
3011 4849 3118 4916 γάρ
3134 4849 3279 4901 ἐστιν
3304 4852 3477 4903 εἰπεῖν

1921 4952 2000 5004 ὅτι
2031 4951 2118 5006 διὰ
2155 4950 2214 5004 16
2265 4951 2401 5022 πρὸς
2444 4952 2569 5014 τοὺς
2609 4950 2921 5014 διδάξαντας
2960 4952 3124 5020 ἄχθος
3156 4953 3475 5022 ἀπεπήδησε

1920 5056 2018 5124 τῆς
2073 5054 2294 5107 ἐκείνων
2342 5053 2691 5117 παιδεύσεως.
2757 5055 3076 5123 Ἀμφότεροι
3123 5053 3230 5123 γὰρ
3281 5054 3476 5124 πολλῆς

1922 5158 2246 5210 ἀπολαύουσι
2301 5159 2398 5228 τῆς
2447 5158 2630 5227 τιμῆς.
2679 5157 2771 5209 καὶ
2822 5157 3125 5226 προτιμῶσι
3169 5158 3236 5210 τά
3282 5159 3472 5210 οἰκεῖα.

1925 5264 2098 5331 Ὅπερ
2121 5259 2208 5314 οῦν
2235 5263 2324 5314 καὶ
2355 5260 2558 5323 Παῦλος
2589 5261 2876 5329 θαυμάζων
2899 5261 3097 5327 ἔλεγεν·
3135 5265 3254 5329 Οὐχ
3285 5263 3476 5314 εἵλετο

1924 5367 2290 5430 πρόσκαιρον
2318 5366 2479 5430 ἔχειν
2523 5365 2807 5430 ἁμαρτίας
2853 5365 3212 5423 ἀπόλαυσιν,
3241 5365 3476 5430 μείζονα

1925 5469 2188 5522 πλοῦτον
2220 5467 2598 5535 ἡγησάμενος
2629 5465 2743 5518 τῶν
2767 5467 2834 5517 ἐν
2865 5467 3136 5535 Αἰγύπτῳ
3163 5464 3477 5531 θησαυρῶν

1989 5737 2017 5776 b
2041 5740 2142 5803 Sqr.
2176 5739 2281 5786 ὑπὸ.
2304 5739 2375 5803 Ib.
2403 5744 2496 5786 τῶν
2536 5741 2795 5803 βαρϐάρων.
2842 5738 3075 5798 Praeponc
3123 5735 3198 5783 τά.
3238 5733 3364 5783 Infra
3391 5744 3480 5798 pm

1931 5799 2066 5860 ἄχεος
2085 5799 2206 5848 forle
2223 5801 2360 5848 scrib.
2388 5804 2535 5863 ἰχθος.
