4032 6220
197 394 305 450 197

194 508 384 577 peccati
421 507 670 577 voluptate
694 506 815 573 frui,
860 505 1074 567 maiores
1105 502 1321 571 zEgypti
1355 502 1596 554 thesauris
1636 497 1763 549 divi-

194 602 288 652 tias
338 617 445 653 esse
490 610 629 652 ratus
669 597 853 652 Christi
893 596 1129 665 probrum
1169 593 1351 665 (Hebr.
1394 594 1479 646 11.
1518 590 1608 643 25.
1650 586 1763 657 26).

195 688 244 741 8.
293 688 360 740 Et
400 688 563 755 posuit
610 686 788 738 Daniel
829 686 880 738 in
926 684 1074 737 corde
1115 699 1225 741 suo.
1266 698 1328 735 ne
1372 679 1675 749 pollueretur
1713 676 1766 729 in

196 794 365 831 mensa
391 778 540 847 regis,
569 786 611 829 et
636 778 687 828 in
712 777 821 827 vino
842 775 902 825 de
935 783 1052 841 potu
1073 773 1200 841 ejus,
1232 780 1276 822 et
1310 770 1496 838 rogavit
1521 766 1764 837 prwposi-

199 880 299 919 tum
340 868 677 920 cunuchorum
717 881 778 917 ne
803 864 1243 916 contaminaretur.
1282 860 1333 914 9.
1380 858 1445 910 Et
1470 858 1605 910 dedit
1631 855 1765 907 Deus

202 958 461 1011 Danielem
486 958 538 1007 in
566 954 956 1007 misericordiam
996 962 1041 1004 et
1069 953 1121 1003 in
1164 949 1527 1002 miserationem
1554 947 1604 999 in
1640 962 1760 998 cou-

197 1057 364 1115 specta
395 1044 633 1114 principis
653 1044 1014 1096 cunuchorum.
1044 1040 1233 1107 Aspice
1259 1038 1522 1091 Danielem
1550 1050 1579 1088 a
1608 1034 1760 1087 bonis

196 1136 446 1203 operibus
485 1135 736 1203 incipere.
771 1132 844 1185 Ita
892 1146 953 1185 ex
995 1145 1061 1184 eo
1105 1139 1342 1197 tempore
1385 1124 1615 1179 ostendit
1656 1137 1766 1176 ma-

194 1242 355 1296 gnum
402 1241 461 1280 se
490 1241 629 1289 esse,
660 1234 815 1293 atque
854 1222 1234 1276 admirabilem.
1280 1220 1453 1285 Quare
1496 1216 1763 1283 Scriptura

200 1317 550 1385 praestantiori
591 1330 709 1369 eum
749 1314 962 1367 nomine
1000 1311 1274 1383 (Danielis)
1320 1307 1568 1375 appellat.
1599 1305 1763 1359 Porro

198 1408 248 1460 in
276 1408 468 1475 quibus
497 1412 718 1473 poterat,
749 1404 918 1472 legem
942 1401 1202 1455 servabat.
1230 1400 1356 1465 Quis
1378 1397 1532 1460 alius,
1558 1409 1757 1465 qureso,

197 1510 434 1549 mensam
481 1495 675 1563 regiam
727 1495 1021 1548 censuisset
1067 1506 1185 1546 esse
1230 1487 1529 1558 piaculum?
1575 1487 1765 1554 Aspice

196 1586 463 1655 quomodo
507 1587 682 1641 statim
728 1585 793 1639 ab
834 1584 1053 1639 exordio
1096 1597 1247 1635 suum
1294 1595 1414 1649 erga
1452 1577 1761 1646 sapientiam

196 1694 430 1733 amorem
472 1677 815 1731 demonstret.
864 1675 930 1728 Et
970 1674 1177 1744 rogavit,
1216 1672 1400 1739 inquit,
1446 1668 1765 1739 prapositum

194 1769 559 1829 cunuchorum,
602 1783 663 1819 ne
707 1765 1145 1819 contaminaretur.
1194 1759 1563 1814 Animadverte
1608 1771 1763 1825 quam

198 1872 300 1912 non
344 1858 414 1910 sit
448 1855 777 1908 ambitiosus.
820 1853 933 1907 Non
972 1851 1124 1916 dixit,
1158 1850 1398 1904 Animam
1439 1847 1566 1901 mihi
1595 1846 1764 1914 potius

200 1946 359 2001 adimi
393 1946 559 2013 patiar
589 1962 603 1997 :
632 1943 723 1997 Sed
754 1943 975 2011 rogavit,
1001 1949 1076 2005 ut,
1118 1941 1159 1993 si
1193 1940 1301 1992 lieri
1333 1945 1527 2006 posset,
1555 1934 1760 1988 lateret.

197 2039 363 2103 Quam
396 2037 464 2089 ob
487 2050 720 2099 causam,
752 2034 935 2100 inquit,
966 2032 1192 2084 honores
1230 2027 1531 2082 ambirent?
1564 2028 1633 2079 At
1659 2039 1762 2077 non

197 2128 272 2181 sic
294 2125 578 2191 .Iosephus,
622 2140 717 2177 nec
762 2123 985 2192 Moyses.
1015 2120 1146 2187 Quid
1179 2118 1369 2185 igitur?
1407 2116 1599 2169 Illosne
1626 2125 1762 2165 con-

199 2214 604 2268 demnabimus?
637 2213 805 2265 Absit.
840 2210 1145 2264 Nescierunt
1174 2208 1313 2261 enim
1340 2205 1591 2275 quidnam
1635 2200 1762 2255 illud

198 2314 358 2359 ρεδρι.
389 2302 629 2355 Nondum
670 2301 926 2369 siquidem
967 2299 1233 2353 existebat
1263 2298 1346 2350 illa
1377 2311 1493 2366 qua:
1521 2305 1703 2366 postea
1734 2310 1763 2347 a

197 2396 311 2464 lege
350 2405 431 2447 est
460 2394 694 2446 instituta
725 2393 961 2445 ciborum
993 2390 1304 2459 repudiatio.
1341 2389 1471 2443 Vide
1499 2389 1668 2456 ipsum
1713 2396 1766 2439 et

198 2493 510 2553 arguentem
568 2492 621 2536 et
673 2482 1151 2550 pliiloSOpbantem,
1199 2490 1251 2533 et
1295 2480 1346 2532 in
1387 2478 1562 2546 parvis
1605 2476 1765 2529 rebus

198 2574 467 2639 specimen
508 2572 778 2641 sapientiae
813 2586 923 2624 sua:
966 2569 1323 2624 exhibentem.
1364 2570 1538 2636 Atque
1587 2567 1635 2618 id
1683 2573 1766 2619 est

197 2662 336 2731 quod
379 2661 624 2714 dicebant
664 2660 886 2727 apostoli
918 2660 1033 2728 (a):
1070 2656 1190 2710 Hac
1225 2657 1480 2724 oportebat
1510 2656 1651 2723 prius
1679 2654 1763 2721 [a-

197 2768 326 2814 cere,
373 2760 417 2802 et
461 2749 552 2802 illa
592 2765 690 2801 non
737 2748 960 2800 omittere
989 2746 1133 2817 (Luc.
1172 2748 1258 2799 11.
1295 2744 1405 2814 42).
1440 2744 1562 2797 11ωο
1589 2753 1763 2796 autem

202 2842 380 2896 Daniel
427 2842 666 2903 iaciebat,
719 2853 821 2893 non
870 2838 1007 2907 quod
1049 2837 1202 2891 idolis
1249 2835 1541 2889 sacrificata
1587 2842 1766 2888 essent

198 2948 315 3000 quin
363 2930 781 2998 apponebantur,
826 2928 917 2981 sed
961 2926 1100 2996 quod
1138 2943 1167 2979 a
1213 2925 1325 2993 lege
1370 2932 1549 2978 essent
1588 2922 1767 2991 prohi-

200 3023 305 3076 bita
349 3022 449 3089 (ὁ).
477 3020 753 3085 Quomodo
782 3018 938 3087 igitur
966 3016 1325 3071 cunuchorum
1368 3015 1617 3083 magistro
1648 3028 1765 3081 pcr-

198 3112 405 3166 Suasit?
451 3110 680 3163 Adverle
730 3119 784 3161 ut
830 3108 1006 3161 statim
1034 3108 1126 3160 tibi
1166 3107 1330 3159 solvat
1362 3106 1762 3159 dubitationem.

200 3202 369 3264 Dedit,
417 3200 604 3269 inquit,
657 3198 790 3251 Deus
836 3197 1091 3249 Danielem
1119 3197 1171 3248 in
1210 3195 1597 3248 misericordiam
1626 3202 1671 3246 et
1712 3194 1765 3247 in

199 3293 564 3345 miserationem
600 3291 653 3342 in
691 3298 951 3357 conspectu
978 3288 1217 3356 principis
1242 3287 1603 3340 cunuchorum.
1634 3285 1763 3339 Illud

200 3384 361 3434 etiam
389 3379 622 3447 Josepho
660 3378 848 3432 accidit
880 3396 892 3429 :
922 3379 973 3430 in
1002 3376 1230 3446 Egypto
1259 3391 1470 3445 quoque
1504 3374 1765 3444 losephus

199 3470 618 3527 misericordiam
672 3478 1027 3539 consequutus
1066 3478 1167 3531 est,
1220 3478 1271 3523 et
1312 3469 1532 3537 gratiam
1568 3466 1768 3521 invenit

198 3562 337 3630 apud
376 3575 665 3628 coqnorum
693 3558 995 3628 pnefectum
1022 3576 1035 3610 :
1061 3574 1219 3628 porro
1257 3560 1466 3627 utrique
1506 3558 1668 3621 servi,
1713 3564 1765 3610 et

202 3653 253 3704 in
282 3651 557 3704 barbarico
592 3650 707 3703 solo
732 3648 1012 3717 degebant.
1041 3648 1203 3701 Erant
1234 3663 1361 3701 sane
1390 3646 1547 3701 verba
1575 3647 1765 3699 Danie-

203 3743 269 3796 lis
308 3742 497 3795 idonea
547 3739 613 3793 ad
666 3738 1038 3793 exsolvendam
1078 3739 1176 3807 (vel
1204 3734 1592 3807 attrahendam)
1636 3736 1765 3789 iram

201 3833 365 3901 regis.
392 3830 524 3898 Quid
553 3830 669 3883 ais?
698 3828 893 3882 domini
925 3842 1156 3881 mensam
1184 3826 1557 3881 exsecrabilem
1586 3828 1764 3894 appel-

202 3922 318 3976 las?
345 3936 481 3975 anne
528 3921 708 3989 purior
739 3920 890 3973 nobis
944 3927 997 3970 tu
1044 3917 1367 3987 apparuisti?
1414 3931 1587 3969 nonne
1630 3915 1765 3969 noin

204 4015 324 4068 ideo
355 4027 449 4066 vos
476 4012 703 4080 linguam
746 4025 809 4063 ae
844 4010 1023 4063 literas
1046 4008 1414 4061 Chaldmorum
1443 4007 1667 4070 discere,
1712 4016 1768 4059 ut

202 4105 268 4157 ad
299 4116 537 4157 nostrum
578 4103 816 4157 ordinem
861 4101 1177 4155 transeatis?
1206 4100 1355 4155 Unde
1396 4114 1521 4153 vero
1554 4100 1769 4152 omnino

202 4194 484 4247 eunuchus
505 4193 646 4244 illum
676 4192 933 4245 reveritus
960 4192 1075 4244 est?
1104 4191 1240 4244 Puer
1267 4199 1380 4243 erat
1403 4189 1770 4258 contemptibi-

205 4282 269 4335 lis
295 4295 363 4334 ac
399 4279 660 4349 captivus.
688 4278 816 4333 Nam
846 4280 943 4333 etsi
970 4278 1287 4333 reverendus
1311 4278 1512 4344 fuisset,
1554 4288 1608 4331 at
1634 4278 1773 4345 peri-

202 4372 383 4427 culum
407 4385 510 4423 non
536 4370 741 4423 sinebat
761 4369 927 4437 ipsum
954 4368 1304 4422 venerabilem
1336 4368 1520 4421 videri.
1554 4367 1617 4420 Et
1647 4383 1771 4435 pro-

204 4472 325 4532 pter
356 4462 458 4515 hoc
488 4469 758 4529 postquam
789 4458 921 4512 dixit
941 4476 953 4511 :
974 4457 1123 4511 Dedit
1142 4474 1251 4510 eum
1282 4459 1333 4509 in
1362 4457 1768 4518 misericordiam,

209 4551 395 4605 subdit
440 4550 595 4603 verba
642 4548 891 4610 eunuchi,
944 4557 998 4601 et
1043 4548 1261 4601 multum
1310 4547 1551 4599 timorem
1609 4546 1769 4599 illius.

206 4638 531 4707 Quomodo?
570 4638 623 4691 Id
667 4638 992 4706 impossibile
1019 4637 1200 4689 fuisset
1242 4646 1399 4703 atque
1428 4637 1769 4705 prohibitum,

210 4732 310 4786 nisi
354 4730 583 4785 celestis
613 4730 776 4797 gratia
808 4729 981 4781 omnia
1022 4728 1401 4795 dispensasset.
1441 4730 1524 4781 11.
1555 4727 1619 4780 Et
1647 4730 1772 4781 dixit

214 4820 398 4875 Daniel
423 4818 490 4870 ad
515 4817 873 4883 Amelasarem,
907 4834 1048 4887 quem
1076 4819 1392 4871 constituerat
1431 4821 1661 4887 magister
1697 4836 1776 4873 eu-

274 4948 349 5007 (a)
382 4946 486 5009 Imo
508 4945 688 5009 Domini
715 4951 790 4993 est
806 4945 931 5009 isutd
954 4944 1212 4993 oraculum.
1240 4948 1327 4995 Sed
1352 4946 1602 5009 aliquando
1620 4948 1777 4998 Eccle-

208 5004 296 5057 size
318 5004 591 5067 magistros,
609 5004 720 5051 dum
741 5006 819 5052 vel
840 5006 996 5053 minus
1014 5019 1121 5054 eum
1135 5019 1247 5054 cura
1268 5004 1496 5066 scribunt,
1521 5009 1599 5056 vel
1617 5010 1777 5058 calore

210 5066 417 5134 dicendi
443 5066 762 5134 abripiuntur,
788 5068 1035 5134 memoria
1060 5067 1339 5134 destituit.‘
1360 5071 1430 5117 sic
1463 5068 1580 5134 infra
1604 5070 1777 5118 eodem

213 5131 304 5178 hoc
332 5134 493 5187 capite
516 5124 664 5174 verba
687 5124 1034 5187 Tertulli.A_ct.
1058 5126 1138 5183 24,
1161 5128 1207 5184 3,
1234 5126 1373 5175 Paulo
1396 5130 1731 5181 attribuuntur.

278 5189 353 5249 (b)
389 5185 487 5236 Non
512 5193 673 5234 tamen
700 5185 1024 5250 improbabilia
1061 5194 1137 5250 est
1174 5188 1459 5236 Theodoreti
1484 5190 1779 5250 aliorumque

212 5246 481 5301 sententia.
508 5254 636 5308 Lege
658 5246 859 5294 Juditbze
884 5246 959 5301 η,
984 5246 1031 5300 2.
1058 5247 1134 5303 19,
1178 5250 1385 5295 Estherze
1412 5250 1486 5305 ιι,
1514 5250 1586 5297 17.
1613 5246 1779 5298 Credi-

217 5310 372 5358 .lerim
389 5309 714 5370 sanctissimos
730 5308 936 5370 juvenes
952 5308 1107 5370 tribus
1127 5308 1190 5355 de
1212 5310 1367 5355 causis
1388 5310 1495 5357 cibo
1516 5311 1653 5370 regio
1675 5311 1784 5356 abs-

218 5371 454 5418 tinuisse:
484 5376 584 5416 tum
602 5368 663 5414 ob
686 5367 952 5427 solemnem
993 5367 1288 5415 ethnicorum
1330 5370 1375 5415 in
1411 5367 1596 5417 mensis
1608 5383 1783 5427 super-

217 5431 496 5487 stitionem;
539 5435 640 5490 tum
683 5427 808 5487 quod
856 5426 1075 5490 plerique
1126 5430 1481 5490 Babyloniorum
1531 5432 1623 5477 cibi
1671 5429 1784 5489 lege

218 5489 418 5539 Mosaica
444 5489 578 5536 vetiti
622 5496 818 5547 essent;
842 5496 940 5535 tum
964 5488 1195 5547 denique.
1216 5488 1323 5548 Quia
1343 5490 1543 5549 jejunio,
1569 5497 1619 5537 et
1641 5488 1787 5538 absti-

221 5551 384 5599 nentia
402 5549 466 5597 ab
487 5549 723 5602 animatis,
740 5555 892 5595 Deum
910 5550 1169 5607 promereri
1191 5552 1485 5607 suagehant.
1506 5558 1555 5598 Et
1575 5550 1664 5596 hoc
1676 5550 1788 5597 ulti-

218 5624 349 5659 mum
375 5608 910 5671 eonﬁrntant_Josephus
932 5607 1220 5671 Antiq.AJud.
1249 5607 1328 5671 lib.
1356 5611 1425 5662 10.
1455 5624 1557 5671 cap.
1586 5612 1659 5665 11,
1682 5611 1785 5657 0ῐὶ-

219 5682 380 5733 genes
400 5670 428 5717 7
453 5676 617 5717 contra
642 5667 850 5733 peis-uin,
877 5674 929 5715 et
947 5668 1128 5733 _ltomil.
1151 5669 1181 5715 4
1202 5670 1248 5715 in
1288 5667 1524 5720 diversos"
1544 5679 1565 5700 ι’
1608 5679 1787 5733 "Ngo-

223 5727 323 5780 iius
342 5737 462 5791 Papa
486 5727 686 5789 Epistula
709 5730 766 5777 ad
790 5730 1099 5778 'rheotistam.

1572 386 1635 440 IN
1676 383 2036 441 DANIELEM.

3316 405 3426 461 198

1880 500 2151 553 uuchorum
2181 518 2329 569 super
2351 501 2625 565 Danielem,
2660 502 2920 558 Anartium.
2954 500 3206 569 Azariam,
3248 514 3294 556 et
3326 504 3433 558 lli-

1874 590 2053 643 saelem
2077 607 2094 643 :
2127 591 2209 645 I2.
2234 592 2410 656 Tento,
2437 593 2653 656 obsecro,
2683 608 2843 645 servos
2866 604 2971 645 tuos
2994 610 3079 660 per
3105 594 3208 647 dies
3226 594 3430 658 decent;

1875 691 1922 733 et
1959 680 2075 733 dent
2120 684 2259 735 nobis
2304 683 2365 735 de
2411 684 2674 735 seminibus
2715 692 2877 747 teme,
2923 694 2968 735 et
3013 684 3345 748 comedamus,
3387 694 3431 738 et

1873 787 2053 838 aquam
2088 772 2306 824 bibamus
2333 787 2350 824 :
2375 772 2457 825 I3.
2487 781 2531 823 et
2556 782 2827 840 appareant
2857 788 3021 824 coram
3047 781 3092 825 te
3134 774 3293 826 vultus
3335 790 3425 826 uo.

1872 862 1983 926 stri,
2016 872 2061 914 et
2089 863 2251 915 cultus
2280 878 2544 929 puerorum
2570 862 2653 929 qui
2680 861 2943 913 comedunt
2980 876 3007 913 e
3051 877 3221 915 mensa
3260 864 3390 931 regis
3412 880 3431 917 :

1873 962 1919 1006 et
1956 955 2083 1007 sicut
2127 953 2326 1017 videris,
2349 953 2504 1019 facito
2546 969 2659 1005 cum
2699 954 2864 1018 pueris
2904 954 3019 1005 tuis.
3054 953 3139 1006 14.
3171 952 3239 1005 Et
3272 969 3432 1008 exau-

1872 1043 1992 1095 divit
2046 1059 2186 1105 eunt,
2239 1053 2285 1095 et
2326 1044 2531 1095 tentavit
2580 1059 2662 1096 eos
2712 1058 2800 1110 per
2844 1043 2948 1095 dies
2988 1044 3173 1096 decem.
3224 1045 3309 1099 15.
3365 1044 3430 1098 Et

1873 1141 1982 1200 post
2012 1134 2160 1199 ﬁnem
2190 1133 2354 1186 decem
2394 1134 2585 1185 dierum
2615 1132 2706 1186 visi
2747 1142 2862 1185 sunt
2900 1132 3058 1185 vultus
3091 1148 3257 1187 eorum
3290 1132 3426 1198 boni,

1873 1231 1920 1274 et
1958 1222 2055 1290 ipsi
2079 1238 2285 1290 corpore
2325 1223 2627 1290 piuguiores,
2655 1238 2803 1290 quam
2832 1222 2971 1291 pueri
2998 1222 3079 1291 qui
3114 1223 3430 1277 comedebant

1873 1313 1935 1364 de
1958 1327 2127 1364 mensa
2150 1313 2297 1380 regis.
2330 1312 2510 1380 Magna
2539 1311 2772 1376 libertas,
2807 1312 3029 1367 maxima
3062 1312 3220 1366 animi
3242 1313 3429 1368 alaeri-

1874 1410 1972 1464 tas,
2001 1400 2162 1454 multa
2195 1399 2491 1468 prudentia,
2527 1401 2707 1469 ingens
2745 1399 2893 1454 fides.
2926 1400 3080 1454 Tento
3118 1418 3295 1470 pueros
3322 1411 3429 1457 tuos

1872 1506 1959 1561 per
1985 1490 2089 1543 dies
2118 1490 2304 1543 decem.
2344 1490 2543 1543 Deinde
2586 1499 2642 1542 ut
2682 1504 2749 1543 ne
2790 1492 3057 1545 existimes
3107 1505 3137 1545 a
3170 1492 3426 1547 seminum

1872 1589 2057 1633 natura
2099 1578 2228 1632 oriri
2270 1578 2418 1631 faciei
2465 1579 2804 1641 hilaritatem,
2852 1580 3055 1647 respice
3101 1596 3309 1651 quoque
3361 1582 3427 1637 ad

1870 1683 2079 1737 aquam,
2104 1683 2223 1736 quae
2253 1670 2471 1723 minime
2496 1669 2676 1722 nutrit.
2709 1669 2774 1721 Et
2800 1684 2902 1721 non
2945 1669 3101 1721 modo
3132 1671 3265 1724 bona
3304 1686 3429 1726 eor-

1870 1759 2014 1827 poris
2057 1757 2363 1811 habitudine
2401 1758 2603 1826 praediti
2637 1767 3023 1825 apparuerunt,
3071 1758 3161 1813 sed
3190 1770 3243 1813 et
3269 1776 3425 1831 vege-

1871 1849 2031 1902 tiores
2071 1848 2134 1902 iis
2159 1847 2246 1916 qui
2294 1848 2434 1916 regia
2475 1863 2654 1902 mensa
2682 1846 3011 1902 fruebantur.
3054 1847 3202 1913 Quod
3250 1861 3426 1905 autem

1868 1951 2054 1991 carnes
2072 1946 2125 1991 et
2142 1937 2318 1991 vinum
2340 1937 2505 2005 magis
2528 1938 2757 1990 nutriant
2774 1952 2927 2005 quam
2950 1948 3135 1991 cmtera
3157 1938 3426 2003 alimenta,

1871 2027 2151 2096 unicuique
2185 2035 2266 2081 est
2292 2025 2647 2080 manifestum.
2675 2026 2845 2080 Cerne
2875 2036 2928 2079 ut
2971 2029 3147 2080 statim
3190 2028 3254 2082 ab
3284 2029 3431 2083 initio

1868 2116 2034 2185 gratia
2064 2130 2129 2170 ex
2159 2116 2427 2169 voluntate
2454 2130 2738 2184 puerorum
2758 2125 2810 2169 et
2835 2131 2896 2169 ex
2929 2115 3070 2170 dono
3098 2117 3188 2171 Dei
3216 2117 3428 2173 emore-

1870 2216 2001 2262 scat.
2038 2207 2290 2261 Voluntas
2306 2208 2562 2276 siquidem
2594 2215 2692 2271 est,
2724 2207 2861 2276 quod
2894 2208 3155 2261 noluerint
3188 2225 3201 2261 :
3233 2207 3428 2264 donum

1871 2315 2017 2364 vero,
2050 2300 2189 2370 quod
2220 2300 2505 2368 potuerint.
2536 2298 2601 2351 Et
2625 2308 2920 2368 appareant,
2954 2300 3139 2367 inquit,
3168 2314 3331 2351 eorum
3362 2310 3428 2353 te.

1873 2389 2134 2444 Judicium
2157 2390 2247 2442 tibi
2288 2390 2659 2456 permittimus.
2700 2388 2859 2441 Levis
2883 2397 3057 2441 autem
3086 2397 3137 2440 et
3170 2387 3330 2441 facilis
3350 2397 3431 2443 est

1869 2480 2033 2549 gratia
2072 2494 2229 2547 quam
2281 2479 2660 2546 petimus:res
2708 2477 2799 2529 tibi
2851 2478 3003 2530 tidem
3052 2476 3262 2530 faciant.
3320 2478 3429 2548 Ego

1870 2570 2067 2638 quippe
2103 2577 2348 2623 eventum
2391 2568 2665 2635 perspicue
2696 2568 2814 2619 novi
2845 2584 2857 2620 :
2890 2577 2943 2619 at
2973 2580 3184 2635 propter
3223 2578 3273 2623 te
3301 2570 3429 2623 nihil

1870 2669 1992 2714 ante
2038 2660 2194 2713 linem
2238 2656 2464 2711 amrmo.
2510 2656 2681 2711 Cerne
2716 2657 2980 2725 quomodo
3008 2660 3165 2712 etiam
3202 2660 3425 2716 famulos

1870 2752 2047 2804 statim
2074 2748 2348 2813 erudierit,
2381 2763 2441 2801 ac
2480 2748 2719 2802 docuerit
2756 2762 2813 2801 se
2859 2763 2977 2802 esse
3010 2748 3098 2803 Dei
3144 2762 3427 2806 amantem.

1870 2840 1939 2895 Et
1975 2855 2079 2895 non
2126 2839 2439 2908 simpliciter
2460 2837 2609 2903 dicit,
2641 2837 2818 2892 Facito
2849 2837 3140 2899 nobisemn,
3185 2840 3295 2904 sed,
3331 2839 3434 2893 Fa-

1870 2932 1967 2983 cito
2004 2947 2116 2984 cum
2164 2930 2328 3000 pueris
2370 2929 2467 2982 tuis
2492 2944 2511 2983 :
2540 2930 2718 2998 sicque
2757 2943 2983 2982 exorsus
3024 2931 3195 2983 aiebat
3230 2949 3240 2982 :
3277 2930 3431 2986 Tenta

1870 3038 2047 3090 pueros
2072 3031 2201 3074 tuos.
2233 3020 2346 3074 Non
2392 3020 2707 3074 recusabant
2735 3019 2994 3072 humanos
3024 3019 3250 3074 honores
3279 3023 3431 3075 exhi-

1875 3113 2018 3176 bere,
2048 3112 2135 3165 ubi
2164 3112 2292 3165 nihil
2318 3123 2457 3165 esset
2482 3112 2620 3181 quod
2646 3112 2890 3179 pietatem
2915 3111 3129 3165 lzederet
3155 3130 3167 3165 :
3191 3114 3430 3182 quando-

1871 3203 2081 3272 quidem
2112 3212 2165 3255 et
2192 3202 2383 3255 Paulus
2410 3203 2544 3255 ident
2575 3202 2716 3255 facit.
2742 3202 2868 3254 Nam
2893 3201 3143 3256 inchoans
3169 3203 3432 3257 defensio-

1874 3308 1995 3346 nem
2042 3307 2212 3353 suam,
2250 3307 2277 3344 a
2320 3291 2773 3360 laudibusjudicis
2812 3292 3011 3361 incipit.
3062 3294 3127 3345 ita
3176 3293 3430 3363 loquens:

1871 3383 1937 3437 In
1964 3382 2120 3436 multa
2149 3398 2271 3452 pace
2288 3393 2486 3451 agentes
2512 3392 2659 3450 perte
2686 3382 2817 3449 (Act.
2840 3382 2929 3435 2i.
2956 3381 3032 3452 2).
3061 3382 3198 3435 Idem
3222 3394 3432 3451 aposto~

1871 3476 1952 3529 lus
1990 3473 2147 3528 rebus
2188 3473 2427 3527 civilibus
2456 3487 2580 3526 usus
2609 3483 2707 3525 est.
2738 3472 2941 3526 Nathan
2968 3488 3177 3541 quoque
3203 3476 3432 3543 prophe-

1872 3574 1988 3620 tans
2026 3565 2209 3618 adorat
2250 3562 2532 3627 Davidem;
2572 3562 2796 3616 Jacobus
2830 3564 3069 3617 similiter
3106 3564 3429 3619 Pharaonem

1871 3652 2075 3717 adorat,
2099 3661 2151 3705 et
2177 3650 2505 3705 Abrahamus
2531 3650 2949 3704 contubernales.
2982 3652 3159 3705 Daniel
3182 3653 3427 3723 denique.

1872 3744 1937 3797 de
1958 3757 2060 3811 quo
2079 3756 2219 3797 nunc
2245 3756 2419 3796 sermo
2446 3750 2545 3803 est,
2574 3741 2679 3809 regi
2702 3739 2854 3793 dicit:
2874 3738 2937 3793 In
2966 3750 3203 3795 teter-num
3227 3744 3331 3796 vive
3352 3745 3426 3813 (α)

1873 3832 2033 3903 (Dan.
2067 3832 2118 3885 6.
2149 3829 2261 3899 2i).
2310 3830 2682 3884 Animadverte
2721 3830 2937 3883 verbum
2982 3830 3295 3885 adulationis
3319 3834 3428 3901 ple-

1874 3940 2019 3978 num.
2053 3925 2120 3977 At
2157 3938 2255 3992 ego
2285 3937 2389 3975 non
2431 3921 2481 3973 id
2524 3920 2745 3973 dixerim
2778 3919 3149 3981 adulationem,
3182 3922 3272 3975 sed
3304 3938 3429 3991 pru-

1874 4015 2102 4069 dentiam
2132 4025 2181 4066 et
2210 4012 2536 4081 sapientiam.
2569 4010 2640 4063 Ita
2670 4019 2722 4064 et
2744 4010 2933 4063 Paulus
2960 4012 3029 4064 ait
3055 4029 3065 4063 :
3097 4010 3160 4064 In
3188 4014 3431 4082 sapientia

1874 4105 2122 4157 ambulate
2146 4104 2214 4155 ad
2237 4119 2318 4156 eos
2345 4103 2429 4173 qui
2458 4104 2580 4172 foris
2614 4110 2748 4165 sunt,
2778 4112 2971 4170 tempus
2995 4103 3286 4157 redimentes
3310 4106 3431 4175 (Co-

1875 4194 1995 4245 loss.
2028 4194 2079 4246 4.
2110 4190 2185 4262 5).
2232 4190 2302 4245 Ila
2344 4192 2501 4245 etiam
2548 4192 2789 4246 Christus
2829 4191 3005 4245 docuit
3036 4208 3049 4243 :
3084 4190 3296 4246 Reddite
3324 4209 3436 4263 qua

1874 4294 1988 4335 sunt
2023 4280 2233 4336 Caesaris
2262 4279 2467 4345 Caesari,
2510 4291 2553 4334 et
2596 4296 2705 4350 qua:
2740 4290 2855 4333 sunt
2888 4280 2980 4332 Dei
3031 4280 3137 4333 Deo
3165 4280 3309 4348 (Luc.
3342 4283 3427 4337 10.

1874 4374 1986 4443 25).
2019 4371 2152 4440 Quid
2185 4372 2373 4441 igitur?
2417 4371 2616 4425 semina
2662 4370 2925 4423 inununda
2971 4387 3073 4424 non
3105 4373 3287 4426 erant?
3332 4372 3430 4427 Mi-

1876 4469 2015 4519 nime
2045 4483 2057 4518 :
2086 4464 2178 4518 sed
2211 4480 2307 4517 nec
2336 4478 2487 4531 aqua.
2518 4462 2581 4515 Et
2610 4461 2709 4515 hoc
2733 4478 2825 4530 per
2846 4473 2950 4516 tres
2978 4478 3142 4517 annos
3173 4466 3429 4521 fecerunt.

1878 4559 1963 4613 18.
2000 4557 2062 4610 Et
2088 4556 2361 4623 completis,
2390 4556 2572 4622 inquit,
2600 4554 2788 4615 diebus,
2825 4564 2931 4621 post
2957 4571 3078 4617 quos
3102 4555 3293 4608 dixerat
3319 4574 3427 4619 rex,

1877 4658 1930 4701 ut
1969 4646 2295 4700 introduceret
2324 4645 2478 4711 ipsos,
2516 4644 2911 4697 archieunuchus
2938 4646 3214 4698 introduxit
3254 4662 3334 4699 eos
3366 4652 3431 4700 ad

1881 4735 2441 4791 Nabuchodonosorem.
2474 4734 2555 4788 19.
2592 4733 2656 4787 Et
2698 4752 2795 4787 nou
2824 4737 3003 4789 inrenti
3040 4746 3149 4789 sunt
3177 4754 3237 4791 ea:
3271 4743 3428 4793 omni-

1945 4892 2033 4952 (a),
2048 4888 2103 4937 In
2122 4894 2299 4952 Graeco,
2327 4901 2386 4944 εις
2407 4900 2469 4937 τὸν
2499 4902 2608 4937 αιεηα
2631 4898 2728 4952 (illi.
2752 4890 2939 4937 Grotius
2964 4892 3302 4949 interpretatur
3327 4907 3339 4942 :
3367 4895 3410 4942 vi

1880 4948 1961 5001 vas
1984 4948 2083 4999 diu.
2110 4948 2258 5011 Malim
2278 4956 2436 5011 tamen
2454 4961 2560 4997 cum
2578 4958 2622 5011 s.
2640 4951 2925 5011 Hieronymo
2944 4948 3189 5011 exponere
3206 4952 3269 5000 de
3291 4969 3316 4999 ει
3334 4963 3407 5002 ινν

1880 5015 2049 5061 nitate.
2077 5010 2129 5058 Id
2156 5011 2281 5056 enim
2309 5010 2539 5070 exigebat
2582 5009 2691 5057 olim
2717 5009 2829 5070 qua:
2858 5022 2914 5057 se
2947 5010 3038 5057 diis
3061 5024 3242 5070 aequam
3269 5016 3407 5063 exisn

1881 5074 2039 5120 mahat
2060 5078 2271 5137 potestas
2295 5083 2306 5116 :
2331 5068 2590 5137 eathippe
2627 5068 2803 5137 est,__'ait
2832 5078 2876 5116 η.
2902 5068 3339 5137 δενεςιμςεζειμιιὶιὲιι
3364 5090 3397 5120 θν.
3480 5090 3483 5093 ·

1882 5145 1994 5195 gum
2011 5128 2235 5195 (nimium,
2260 5138 2306 5195 ut
2325 5130 2413 5195 sibi
2433 5128 2593 5179 dicina
2612 5128 2859 5195 tindicent.
2884 5132 3073 5195 Baruchi
3100 5132 3145 5188 1,
3174 5135 3221 5195 11
3254 5148 3264 5180 :
3294 5141 3369 5195 Ou
3392 5147 3405 5181 t

1884 5189 1972 5254 pro
1992 5193 2083 5254 vita
2109 5190 2525 5254 tv'abuchodonosor
2550 5189 2673 5249 regis
2706 5191 2971 5254 Babylonis,
3002 5199 3047 5239 et
3065 5205 3150 5254 pro
3165 5194 3257 5242 vita
3279 5194 3424 5242 Bulla-

1884 5250 1965 5303 sar
1988 5250 2075 5315 ﬁlii
2098 5252 2218 5309 ejus,
2243 5258 2292 5299 ut
2318 5251 2535 5315 sintdies
2566 5263 2727 5299 eorum
2748 5250 2867 5315 sicut
2901 5250 3002 5301 dies
3035 5250 3141 5301 caJli
3176 5268 3315 5315 super
3338 5263 3431 5303 ter-

1885 5310 2006 5361 ram.
2033 5320 2129 5369 Quo
2162 5315 2305 5359 etiam
2344 5310 2433 5358 loci
2472 5319 2681 5374 mentem
2724 5313 2970 5374 Scriptor-2e
3006 5326 3098 5359 non
3130 5310 3433 5374 asse'quutum

1888 5374 2033 5421 fuisse
2050 5373 2257 5419 Grotium
2289 5379 2417 5431 puto.
2453 5373 2687 5430 Superhas
2729 5384 2874 5419 voces
2912 5373 3152 5421 humilitas
3175 5373 3433 5422 ChristTaaa

1888 5432 2109 5542 paulatim
2134 5430 2430 5501 compressit,
2456 5430 2813 5501 modestiusqne
2854 5431 3105 5481 Catholicis
3140 5433 3435 5493 Imperatori-

1925 5507 1980 5540 us
2002 5490 2307 5540 acclamatum
2333 5506 2376 5537 IlI
2402 5489 2621 5539 Concdns
2645 5505 2655 5537 :
2686 5490 2847 5541 stultos
2886 5508 3045 5541 aurws.
3107 5506 3234 5542 nmos
3262 5494 3432 5542 David.

1925 5507 1980 5540 us
2002 5489 2307 5540 acclamatum
2332 5492 2376 5537 in
2402 5489 2621 5539 Conciliis
2645 5505 2655 5537 :
2686 5489 2847 5541 stultos
2886 5508 3045 5541 aurws.
3107 5489 3234 5542 "mos
3262 5494 3432 5543 David.

1892 5553 2058 5612 stultos
2075 5564 2219 5601 annos
2241 5559 2508 5611 azternaque
2548 5550 2789 5612 memoria.
2827 5560 2918 5601 etc.
2956 5556 3034 5602 llis
3070 5554 3131 5601 de
3155 5556 3301 5602 rebus
3322 5554 3435 5612 lege

1891 5611 2096 5685 (:pnciha
2116 5612 2376 5685 generalia
2388 5627 2397 5671 ι
2408 5612 2575 5685 καεξίω,
2594 5611 2850 5685 'Ep‘istolain
2872 5621 2916 5661 s.
2927 5614 3175 5685 Athanasii
3198 5616 3259 5663 de
3274 5675 3285 5685 _
3294 5628 3433 5685 syno-

1890 5674 1967 5721 dis
1989 5672 2185 5721 Arimini
2219 5678 2270 5720 et
2303 5672 2551 5730 seleuciae,
2592 5673 2739 5730 initio,
2786 5674 3083 5721 Ammianum
3125 5672 3434 5727 Hareellihum

1894 5734 2028 5784 initio
2054 5732 2159 5781 libri
2188 5734 2258 5791 l5,
2282 5734 2605 5795 Symmachum
2628 5734 2865 5783 nclationc
2884 5734 3112 5783 adversus
3132 5734 3438 5802 Christianos,
