4032 6220
591 500 678 552 bus
698 495 801 552 iflis
819 493 1012 549 similes
1043 494 1262 556 Danicli,
1292 503 1338 546 et
1371 491 1600 554 Auertite,
1627 501 1674 544 et
1705 488 1924 553 Misaeli,
1953 497 1998 541 et
2019 487 2152 540 Aza-

591 591 699 642 ric.
741 588 830 643 20.
876 587 941 643 Et
969 594 1209 642 steterunt
1249 587 1304 639 in
1340 592 1605 652 conspectu
1645 581 1810 651 regis;
1848 590 1896 634 et
1927 580 1981 632 in
2016 578 2153 632 omni

589 678 735 733 uerbo
771 677 1030 745 sapientia
1050 691 1112 730 ac
1144 673 1383 730 scientia.
1409 671 1545 742 quod
1569 671 1849 725 sciscitatus
1891 679 1962 723 est
1997 669 2059 723 ab
2083 669 2153 723 eis

591 783 701 831 rex,
740 767 924 820 invenit
942 782 1025 820 eos
1044 764 1253 834 dccuplo
1284 763 1652 832 prcstnntiores
1676 762 1900 815 omnibus
1923 760 2150 815 incants-

592 858 782 910 toribus
805 865 853 910 et
881 855 1062 925 magis,
1088 854 1173 924 qui
1208 863 1349 906 erant
1386 853 1439 905 in
1465 852 1693 904 universo
1735 865 1888 921 regno
1926 851 2054 919 ejus.
2089 847 2153 902 Et

597 954 708 1012 post
735 945 884 1011 ﬁnem
908 943 1122 1008 dierum,
1151 941 1339 1011 inquit,
1369 940 1461 994 risi
1484 948 1598 993 sunt
1619 937 1782 992 vultus
1807 953 1977 992 eorum
2003 936 2114 990 boni
2132 951 2152 992 :

589 1045 646 1091 ct
668 1034 1054 1104 pulchritudine
1073 1049 1136 1088 ac
1159 1033 1294 1087 bona
1315 1032 1555 1101 corporis
1578 1028 1886 1084 habitudine
1913 1027 2150 1099 profece-

588 1133 728 1179 rant.
757 1123 950 1193 Aspice
989 1138 1075 1178 res
1102 1136 1221 1192 quae
1256 1129 1450 1192 praeter
1491 1129 1732 1175 naturam
1781 1126 1906 1174 sunt
1933 1135 1947 1172 :
1972 1118 2150 1186 aspice

587 1213 770 1270 mundi
793 1211 1044 1284 Opilleem
1066 1213 1151 1281 qui
1176 1209 1463 1266 efﬁcaciam
1494 1223 1643 1264 suam
1671 1208 1928 1278 adaperit.
1951 1207 2152 1275 Quem»

586 1304 870 1361 admodum
907 1304 1050 1358 enim
1074 1303 1226 1358 fictor
1259 1300 1486 1356 maxime
1509 1299 1773 1355 videbitur
1811 1300 1874 1363 is,
1917 1299 2006 1367 qui
2044 1313 2149 1353 non

589 1395 747 1451 modo
783 1409 859 1450 ass
898 1393 1131 1449 conflare
1167 1406 1230 1447 ac
1257 1391 1590 1447 conformare
1615 1389 1829 1454 valebit,
1858 1388 1950 1443 sed
1979 1397 2032 1443 et
2061 1389 2150 1442 illo

591 1499 697 1540 non
738 1485 917 1540 minus
958 1485 1003 1539 is
1028 1482 1116 1552 qui
1137 1482 1246 1553 jam
1273 1480 1465 1536 factam
1497 1490 1722 1536 statuam
1761 1479 1955 1550 poterit
1979 1477 2149 1533 corri-

588 1588 715 1644 gere
737 1591 753 1628 :
775 1574 914 1630 idem
944 1587 1152 1643 quoque
1181 1572 1234 1626 in
1278 1571 1388 1626 Deo
1433 1579 1487 1625 et
1520 1569 1698 1639 pueris
1734 1569 1837 1624 illis
1879 1569 2152 1639 agnoverit

591 1667 873 1735 quispiam.
898 1664 1030 1720 Nam
1050 1677 1272 1734 corpora
1293 1671 1408 1732 post
1433 1661 1588 1716 talem
1615 1661 1916 1715 alimoniam
1943 1660 2149 1730 pinguia

591 1756 923 1827 pmtiﬂsse,
954 1770 1058 1810 non
1102 1755 1277 1810 minus
1301 1753 1565 1809 facultatis
1605 1751 1876 1808 creatricis
1903 1750 2150 1806 indicium

587 1855 722 1912 crat,
751 1860 908 1916 quam
935 1845 1202 1900 hominem
1227 1859 1259 1898 e
1297 1852 1434 1898 terra
1461 1842 1736 1897 formasse.
1771 1841 1921 1898 Unde
1957 1841 2151 1897 nitidus

588 1936 778 1991 color?
803 1934 944 1990 unde
970 1933 1068 1989 llos
1109 1949 1172 1988 ac
1196 1933 1358 1988 decor
1385 1931 1640 2001 fulgorem
1687 1932 1971 1987 emittens?
2012 1930 2152 1987 unde

588 2022 782 2078 robur?
803 2022 981 2078 Nostis
1016 2023 1155 2077 enim
1185 2036 1334 2091 aqum
1372 2029 1499 2091 potu
1540 2028 1593 2076 et
1621 2020 1880 2074 seminum
1921 2034 2014 2074 esu
2057 2019 2153 2075 deo

587 2114 720 2169 strui
753 2113 990 2182 corporis
1033 2112 1192 2167 vires.
1235 2110 1369 2165 Nam
1413 2125 1480 2163 ne
1525 2124 1715 2179 panem
1753 2107 1964 2178 quidem
2006 2122 2153 2163 com-

587 2201 747 2257 edere
773 2200 1084 2255 sustinebat.
1118 2200 1232 2255 Non
1258 2210 1338 2254 est
1362 2207 1538 2253 autem
1570 2211 1724 2267 parva
1748 2197 1991 2251 distantia
2015 2198 2151 2252 inter

589 2290 906 2346 frumentum
953 2290 1226 2344 subactum
1272 2302 1335 2343 ac
1373 2286 1692 2352 confectum,
1741 2295 1796 2341 et
1829 2285 2148 2342 frumentum

588 2380 836 2435 infectum
873 2394 934 2434 ac
959 2393 1063 2433 non
1093 2386 1462 2448 prmparatum.
1490 2376 1605 2432 Non
1646 2377 1788 2430 enim
1812 2391 1877 2430 cx
1913 2377 2028 2431 solo
2054 2393 2148 2432 esu

586 2472 746 2525 robur
788 2472 973 2535 oritur,
1019 2470 1113 2525 sed
1160 2469 1319 2525 etiam
1371 2483 1437 2524 ex
1487 2469 1729 2523 coctione
1771 2468 2011 2523 ciborum
2057 2472 2146 2538 qui

588 2559 1090 2624 manducantur;at
1129 2559 1332 2613 semina
1379 2559 1636 2628 concoqui
1673 2568 1866 2627 przeter
1905 2568 2144 2613 naturam

585 2659 686 2704 est.
713 2649 940 2704 Adverte
977 2649 1091 2704 haec
1118 2649 1267 2718 signa
1305 2662 1410 2702 non
1440 2663 1505 2703 ex
1534 2648 1820 2702 ambitione
1857 2651 2144 2717 petentium

587 2739 788 2794 initium
825 2753 1056 2805 sumere,
1084 2737 1178 2796 sed
1220 2753 1252 2792 a
1295 2738 1597 2792 necessario
1623 2751 1720 2791 usu
1749 2752 1960 2792 causam
1985 2749 2146 2809 atque

585 2829 915 2884 occasionem
945 2827 1158 2882 habere.
1201 2827 1316 2881 Non
1345 2827 1485 2881 enim
1530 2827 1772 2881 absolute
1798 2842 1861 2881 ac
1901 2828 2042 2881 nulla
2085 2845 2146 2884 re

583 2921 786 2989 objecta
826 2920 1026 2974 insiluit
1050 2919 1102 2973 in
1129 2919 1569 2987 experimentum,
1602 2918 1693 2971 sed
1734 2918 2046 2972 necessitate
2084 2917 2146 2971 il-

583 3013 690 3068 lmn
723 3013 787 3066 ad
819 3011 920 3066 hoc
951 3019 1196 3064 vocante.
1226 3009 1407 3078 Itaque
1424 3007 1604 3077 procul
1633 3008 1698 3061 ab
1722 3008 2007 3063 ambitione
2029 3016 2144 3063 erat

580 3102 787 3156 animus
831 3115 1131 3171 puerorum.
1181 3099 1508 3167 Quamquam
1557 3099 1674 3168 quis
1711 3107 1854 3152 tanta
1894 3098 2143 3169 praeditus

584 3193 706 3258 fide,
737 3203 788 3248 et
815 3193 953 3249 inter
979 3193 1230 3247 barbaros
1253 3191 1473 3261 degens,
1504 3204 1609 3244 non
1640 3191 1891 3260 cupiisset
1913 3190 2142 3246 dominis

581 3290 847 3336 ostentare
891 3281 982 3336 Dei
1021 3295 1142 3349 erga
1186 3295 1246 3334 se
1284 3279 1746 3334 benevolentiam?
1790 3282 1858 3334 At
1886 3296 1990 3334 non
2035 3281 2142 3336 isti.

583 3370 806 3439 Respice
831 3379 885 3424 et
922 3370 987 3424 ad
1017 3369 1481 3438 reprehensionem
1523 3385 1730 3433 senum,
1760 3379 1816 3423 ut
1844 3371 2003 3424 etiam
2030 3371 2143 3442 ipsa

579 3477 646 3517 ex
675 3461 986 3517 necessitate
1013 3461 1330 3531 provenerit.

1208 3589 1430 3646 CAPUT
1460 3590 1523 3644 ll.

652 3719 705 3773 Ι.
731 3718 796 3772 In
819 3736 953 3772 anno
978 3719 1193 3772 secundo
1219 3720 1359 3789 regni
1403 3719 1918 3775 Nabuchodonosoris
1939 3763 1954 3789 ,
2004 3739 2141 3776 som-

587 3811 740 3862 niavit
767 3808 1229 3862 Nabuchodonosor
1251 3810 1521 3874 somnium,
1569 3819 1612 3862 et
1651 3811 1903 3878 obstupuit
1931 3813 2141 3880 spiritus

585 3900 715 3968 (jus,
743 3907 788 3951 et
815 3914 1019 3951 somnus
1052 3899 1161 3967 ejus
1185 3897 1307 3950 abiit
1340 3900 1402 3950 ab
1431 3914 1507 3951 eo.
1533 3897 1599 3951 At
1638 3899 1735 3952 iste
1757 3914 1925 3952 annus
1947 3899 2144 3954 duode-

582 3988 752 4042 cimns
771 3997 853 4042 est
879 3985 975 4056 (a).
1000 3987 1131 4041 Nam
1160 3987 1205 4042 si
1230 4001 1336 4042 tres
1360 3987 1484 4042 anni
1522 4002 1551 4040 a
1582 3997 1732 4056 capta
1765 3988 1894 4042 urbe
1921 3999 2139 4058 prater-

583 4115 916 4176 Hieronymum
947 4113 1006 4162 ad
1029 4114 1192 4162 Esech.
1225 4114 1306 4172 28,
1329 4114 1376 4176 2,
1400 4115 1752 4164 ‘rheodoretum
1773 4116 1829 4164 ad
1855 4124 1965 4168 Dan.
1989 4117 2038 4165 5.
2067 4117 2140 4176 10,

585 4184 637 4224 et
657 4176 710 4231 ϐ.
735 4175 824 4233 21,
860 4182 1140 4236 Symeonem
1175 4175 1649 4223 Thessalonicensem
1678 4179 1749 4236 de,
1777 4178 1926 4224 sacris
1952 4175 2139 4226 ordina¥

585 4237 792 4343 tiggébus
811 4235 915 4297 cap.
942 4235 1019 4295 10,
1045 4235 1259 4297 denique
1300 4243 1512 4283 nostrum
1533 4235 1658 4284 hunc
1682 4235 1800 4283 infra
1822 4239 1878 4284 ad
1902 4246 2044 4300 caput
2065 4251 2143 4286 se-

585 4311 610 4343 t:
711 4310 806 4343 tun.

583 4308 786 4344 cundum
795 4333 806 4344 .

647 4358 718 4416 (a)
751 4356 1002 4404 Plurimum
1022 4369 1050 4404 a
1073 4357 1279 4405 veritate
1300 4355 1527 4417 aberrant
1547 4369 1668 4417 quos
1693 4356 1770 4405 hic
1785 4362 1956 4417 noster
1979 4365 2142 4407 aucto-

585 4428 668 4464 res
689 4417 849 4464 habet.
875 4419 1074 4464 Primum
1091 4417 1217 4477 enim
1229 4416 1611 4477 deportationem
1636 4416 1839 4465 Itanielis
1857 4431 1946 4465 non
1973 4430 2143 4465 nume-

583 4484 690 4526 rant
706 4478 768 4525 ab
788 4488 914 4538 anno
936 4477 1080 4538 tertio
1099 4475 1376 4534 desinente,
1403 4485 1454 4524 et
1487 4485 1657 4538 quarto
1702 4480 1903 4526 ineunte
1933 4481 2142 4535 Joacimi,

582 4550 673 4586 seu
697 4537 1161 4599 Nabuchodonosoris
1181 4537 1350 4599 primo,
1374 4544 1428 4585 ut
1449 4537 1749 4599 computatur
1785 4545 1898 4585 nan.
1919 4539 1964 4596 l,
1989 4541 2035 4595 1,
2059 4546 2142 4588 Je-

584 4609 705 4646 rem.
730 4598 859 4655 25,1
901 4610 913 4646 :
946 4597 1033 4646 sed
1056 4600 1102 4660 l_n
1128 4597 1426 4660 ea'tempora
1449 4597 1716 4660 conferunt,
1749 4599 1923 4659 quibus
1962 4601 2142 4660 iterum

587 4666 721 4766 cant:
743 4666 856 4708 sunt
876 4657 1212 4721 Hierosolyma,
1239 4657 1414 4720 nempe
1434 4659 1528 4730 sub
1553 4657 1798 4707 Jechonia.
1825 4659 2006 4730 Deinde
2028 4660 2142 4733 dum

587 4731 642 4766 ιιι·
710 4732 755 4766 m
778 4731 900 4766 anno
915 4732 1040 4766 nono
1061 4726 1243 4766 cautam
1269 4730 1380 4766 esse
1399 4718 1578 4766 dicunt.
1592 4731 1618 4766 a
1639 4731 1771 4766 sacra
1794 4727 2028 4766 Scriptura
2045 4722 2142 4766 ὼε-

587 4718 755 4781 urbem
778 4731 900 4768 anno
915 4732 1040 4781 nono
1061 4718 1243 4780 captam
1269 4718 1380 4781 esse
1399 4718 1578 4781 dicunt,
1592 4731 1618 4767 a
1639 4731 1771 4768 saera
1794 4721 2028 4781 Scriptura
2045 4722 2143 4769 dis-

585 4779 786 4842 cedttnt,
807 4791 914 4840 quae
948 4779 994 4828 id
1031 4779 1155 4828 anno
1198 4779 1661 4842 Nabuchodonosoris
1705 4779 2140 4842 partim—septimo,

586 4841 756 4902 partim
778 4848 944 4902 octavo
966 4842 1389 4902 eountlgisserel'ert
1406 4847 1585 4888 Jcrem.
1603 4840 1677 4894 52,
1705 4840 1780 4896 ΞΒ,
1806 4841 1836 4888 4
1860 4840 2066 4902 ηεςίᾙ,
2085 4841 2145 4890 12

609 4901 936 4963 ueque_enim
975 4900 1078 4963 haec
1099 4899 1193 4963 duo
1218 4899 1338 4957 loca,
1391 4902 1518 4962 quod
1542 4902 1786 4950 existimat
1807 4899 2037 4963 usserius,
2056 4899 2145 4951 'se-

603 4960 826 5023 ungenda
850 4973 959 5023 esse
973 4961 1215 5023 arbitror).
1241 4960 1647 5023 lterum—errorum
1671 4960 1894 5023 exempla
1918 4963 1965 5011 in
1988 4962 2143 5011 Theo-

583 5021 754 5070 doreto
776 5021 1058 5084 Praefatione
1076 5021 1123 5069 in
1147 5021 1544 5084 erelilelem._in
1571 5030 1730 5070 Graeca
1755 5021 2021 5083 temporum
2044 5025 2147 5084 Epi-

587 5089 737 5136 tome,
750 5094 890 5144 quam
907 5083 1141 5144 Josephus
1162 5082 1371 5144 scaliger
1388 5083 1444 5144 ad
1462 5081 1690 5130 Chronica
1714 5081 1900 5130 Eusebii
1917 5081 2140 5141 attexuit,

584 5149 632 5190 et
658 5143 705 5189 in
745 5142 960 5192 eiusdem
990 5142 1216 5192 scaligerl
1246 5142 1750 5190 animadversionibus.
1787 5151 2020 5192 Praeterea
2053 5151 2144 5192 He-

586 5203 743 5250 braeos
768 5201 937 5251 eadem
973 5210 1082 5264 nota
1102 5201 1361 5264 designare
1398 5201 1565 5250 solitos
1592 5215 1842 5250 nurnertun
1863 5204 2144 5263 secundum,

589 5269 639 5310 et
679 5275 932 5311 numerum
965 5263 1042 5317 12,
1077 5270 1158 5310 aut
1179 5262 1332 5318 fallor,
1357 5271 1438 5310 aut
1478 5275 1644 5311 verum
1678 5276 1772 5311 non
1798 5271 1872 5311 est
1897 5277 1908 5311 :
1930 5262 2146 5324 quamvis

587 5324 686 5370 fieri
713 5325 922 5382 lotuerit
945 5331 995 5370 ut
1029 5328 1088 5374 ιη
1121 5331 1385 5371 mutaretur
1410 5327 1455 5371 in
1491 5331 1547 5384 τι,
1565 5324 1726 5372 deleta
1750 5332 1831 5372 aut
1847 5324 2019 5372 detrita
2038 5324 2147 5372 lite—

583 5391 684 5440 rula
710 5395 746 5440 ν.
774 5393 990 5454 Denique
1005 5390 1068 5440 de
1089 5393 1433 5452 exscriptorum
1459 5400 1617 5440 errato
1636 5392 1916 5440 incredibile
1940 5393 2053 5440 mihi
2074 5392 2140 5452 fit,

585 5464 692 5499 cum
718 5461 768 5502 et
796 5453 963 5502 textus
981 5453 1240 5501 Hebraicus
1264 5461 1314 5500 et
1350 5465 1517 5500 omnes
1557 5455 1803 5501 versiones
1825 5455 2142 5501 consentiant.

585 5516 762 5562 Nemini
797 5526 916 5575 ergo
950 5514 1165 5575 dubium
1188 5523 1299 5560 esse
1338 5520 1495 5575 potest
1534 5514 2036 5575 Nabuchmlonosorem
2056 5514 2145 5575 hoc

582 5576 815 5634 Innmium
837 5572 960 5634 {uno
987 5572 1200 5622 secundo
1222 5572 1457 5634 regn’lﬂsui
1497 5575 1670 5621 vidisse
1695 5589 1705 5621 :
1735 5586 1829 5620 non
1852 5574 2044 5632 quidem
2071 5573 2144 5634 (ut

583 5633 883 5696 Theodoreto
906 5633 1082 5696 placet)
1107 5633 1466 5696 secundoillius
1486 5637 1626 5696 regni
1651 5648 1746 5696 quo
1768 5647 1874 5680 cum
1892 5641 2033 5696 patre
2057 5635 2143 5680 im-

585 5695 787 5764 peravit,
812 5692 998 5764 nec'(ut_
1020 5692 1160 5764 vetns
1182 5692 1398 5764 scholion
1421 5694 1602 5764 habet)
1624 5692 1750 5764 illius
1776 5692 1911 5764 quod
1926 5702 2030 5754 post
2055 5708 2142 5764 es-

584 5753 1158 5815 wgnationemcivitatis
1194 5768 1250 5804 ac
1286 5753 1450 5815 templi
1495 5753 1776 5814 obtinuerit,
1797 5753 1900 5804 sed
1933 5755 2144 5803 secundo

1309 379 1367 436 S.
1406 377 1681 435 JOANNIS
1703 372 2170 432 ιῖιιιιγδοετοιιι
2207 373 2523 435 ARCHIEP.
2559 375 3087 434 CONSTAN’I'INOP.

3716 389 3830 444 200

2259 488 2453 555 lerant,
2479 496 2534 544 et
2563 488 2647 543 illa
2674 503 2815 542 anno
2842 501 2984 543 nono
3008 496 3303 560 expugnata
3342 487 3439 546 fuit
3469 506 3481 542 :
3511 492 3610 547 iste
3648 506 3819 550 annus

2254 577 2603 632 duodecimus
2650 587 2749 633 est.
2791 577 3016 645 Quidam
3053 578 3234 634 dicunt
3281 579 3467 636 eadem
3516 592 3639 636 nota
3681 585 3818 653 apud

2256 665 2507 720 Hebraeos
2531 665 2672 721 hunc
2700 675 2756 722 et
2788 667 2938 721 illum
2967 681 3244 722 numerum
3285 671 3518 725 exsrari.
3557 670 3816 728 Fortassis

2253 754 2412 808 etiam
2443 763 2674 810 erratum
2699 763 2780 810 est
2804 754 3185 824 exscriptorum
3216 778 3229 814 :
3260 759 3345 814 vel
3368 759 3601 814 secundo
3633 776 3815 816 revera

2253 858 2393 896 anno
2422 842 2569 912 pueri
2598 843 2818 900 exhibiti
2855 853 2998 900 sunt.
3051 845 3159 900 Sed
3207 847 3306 900 hoc
3340 849 3579 905 ultimum
3609 852 3815 908 ratione

2252 942 2418 986 caret.
2462 931 2723 987 Caeterum
2760 947 2848 990 res
2875 933 3066 989 accidit
3091 934 3375 992 difﬁcilior.
3415 939 3662 1005 Quatnam
3687 957 3814 995 vero

2255 1021 2340 1074 illa
2386 1023 2507 1076 est?
2541 1021 2784 1078 Nescisse
2823 1038 3000 1093 regem
3041 1024 3306 1094 quodnam
3363 1027 3514 1083 fuerit
3549 1031 3811 1086 somnium

2252 1125 2428 1166 suum.
2459 1112 2526 1166 Et
2547 1112 2648 1167 hoc
2667 1112 3008 1182 providenter
3033 1117 3275 1184 contigit.
3304 1116 3411 1172 Nisi
3442 1118 3580 1174 enim
3611 1119 3664 1174 id
3691 1135 3813 1175 eve-

2254 1203 2442 1266 nisset,
2467 1217 2573 1257 non
2602 1203 2937 1272 apparuisset
2975 1204 3204 1261 Danielis
3250 1209 3526 1276 sapientia.
3563 1209 3813 1268 Videmus

2251 1294 2391 1348 enim
2418 1293 2558 1363 quod
2585 1294 2699 1364 ipse
2741 1300 2958 1348 vocatus
2995 1293 3200 1358 fuisset,
3230 1305 3283 1353 et
3312 1296 3364 1353 id
3400 1299 3538 1370 quod
3577 1300 3808 1356 futurum

2252 1393 2366 1438 erat
2391 1384 2646 1448 dixisset;
2677 1383 2939 1441 dixissent
2974 1383 3134 1440 etiam
3164 1385 3416 1443 Chaldtei.
3463 1388 3658 1446 Verum
3687 1407 3810 1450 cum

2254 1483 2475 1529 eventus
2505 1487 2738 1543 prmsens
2775 1487 2883 1527 non
2915 1481 3091 1539 esset,
3122 1475 3241 1543 quis
3289 1490 3476 1542 verax,
3507 1479 3624 1547 quis
3662 1496 3812 1536 men-

2251 1564 2356 1619 dax
2409 1565 2642 1620 creditus
2679 1563 2908 1620 fuisset?
2958 1565 3025 1620 Et
3075 1564 3177 1620 hoc
3233 1582 3328 1638 per
3379 1569 3477 1622 alia
3511 1573 3812 1628 examinare

2251 1663 2482 1724 oportet.
2512 1654 2686 1727 Ipsum
2725 1662 2902 1709 autem
2927 1655 3189 1710 somnium
3217 1656 3269 1711 in
3301 1659 3526 1713 medium
3556 1661 3811 1730 produca-

2253 1752 2378 1796 tur:
2409 1743 2550 1798 dicat
2599 1743 2784 1798 Daniel
2831 1757 2950 1814 qua
2978 1745 3288 1813 respondit;
3332 1750 3592 1804 contraria
3633 1750 3812 1809 dicant

2250 1831 2504 1887 Chaldaei.
2529 1832 2682 1889 Unde
2708 1833 3043 1888 manifestum
3075 1835 3164 1892 flet
3194 1836 3460 1892 Danielcm
3489 1840 3571 1894 vel
3597 1843 3809 1898 mentiri

2249 1923 2332 1976 vel
2361 1936 2483 1976 vera
2509 1922 2691 1978 dicere
2716 1921 2739 1976 τ
2779 1921 2895 1976 Jam
2925 1923 3087 1992 igitur
3113 1924 3473 1994 probationem
3497 1929 3604 1983 dat.
3644 1934 3714 1986 At
3753 1934 3808 1988 in

2250 2009 2485 2080 Josepho
2505 2027 2591 2067 res
2613 2027 2680 2068 eo
2713 2011 2873 2067 modo
2902 2025 3118 2082 peracta
3145 2029 3251 2070 non
3280 2025 3380 2082 est,
3410 2017 3504 2072 sed
3545 2022 3807 2077 somnium

2254 2104 2488 2158 narravit
2517 2103 2722 2159 Pharao
2749 2121 2762 2158 :
2809 2119 2974 2174 prope
3001 2106 3144 2159 enim
3191 2115 3304 2161 erat
3332 2117 3535 2177 tempus
3559 2120 3802 2165 eventus.

2249 2193 2613 2248 Admiratione
2634 2203 2810 2249 autem
2839 2194 3057 2264 dignum
3085 2204 3188 2260 est,
3206 2197 3472 2265 quomodo
3495 2197 3547 2252 in
3576 2198 3808 2270 )Egypto

2251 2284 2449 2352 lingere
2473 2283 2672 2354 aliquid
2710 2284 2979 2339 noluerint
3010 2285 3274 2353 sapientes
3291 2286 3806 2356 Egyptiorum,cum

2250 2374 2451 2429 nullum
2493 2376 2615 2430 inde
2659 2375 2951 2444 periculum
2979 2377 3106 2430 oriri
3133 2378 3404 2446 potuisset,
3431 2379 3524 2433 sed
3548 2379 3672 2434 fassi
3699 2381 3809 2436 sint

2248 2477 2307 2518 se
2337 2463 2558 2518 haerere.
2592 2465 2741 2531 Quod
2785 2466 2828 2520 si
2868 2467 3074 2520 somnia
3117 2466 3406 2535 dijudicare
3447 2470 3723 2533 nesciant,
3751 2471 3806 2524 in

2246 2569 2349 2623 qua
2380 2569 2438 2609 re
2459 2555 2559 2610 aiia
2589 2555 2691 2611 illis
2715 2556 3040 2611 credendum
3071 2558 3190 2613 est?
3214 2560 3460 2628 Alioquin
3491 2570 3664 2615 autem
3696 2561 3807 2617 illic

2247 2662 2350 2700 non
2375 2647 2654 2716 Oportebat
2693 2648 2744 2702 id
2772 2648 2886 2702 ﬁeri
2918 2662 2932 2698 :
2964 2659 3018 2702 at
3061 2650 3110 2705 in
3147 2652 3420 2719 prephetia
3453 2652 3665 2722 Josephi
3693 2670 3808 2708 ma-

2245 2737 2436 2791 nifeslo
2473 2738 2662 2791 factum
2693 2746 2796 2803 est,
2825 2745 2880 2792 et
2908 2738 3138 2794 maxime
3177 2741 3228 2794 in
3254 2741 3528 2797 eunuchis.
3569 2743 3804 2797 Observa

2247 2836 2422 2879 autem
2458 2826 2599 2894 quod
2627 2825 2860 2880 Chaldaei
2891 2841 2996 2880 non
3047 2838 3305 2886 vocarunt
3354 2829 3664 2895 Danielcm;
3709 2835 3804 2885 sed

2246 2917 2548 2971 maluerunt
2575 2917 2708 2970 mori
2733 2957 2748 2982 ,
2776 2931 2934 2986 quam
2967 2918 3112 2970 illum
3142 2933 3388 2973 sermone
3418 2923 3685 2974 hominum
3718 2938 3807 2974 ce-

2244 3005 2503 3060 lebratum
2553 3007 2768 3061 intueri.
2817 3006 3078 3076 Numquid
3129 3007 3247 3062 ideo
3294 3016 3492 3063 tantum
3543 3012 3806 3066 somnium

2243 3099 2412 3152 visum
2455 3097 2658 3164 fuerat,
2699 3106 2756 3151 ut
2802 3098 2984 3151 Daniel
3027 3099 3420 3167 suspiceretur?
3465 3100 3516 3154 Id
3558 3103 3804 3170 equidem

2245 3203 2348 3243 non
2394 3188 2640 3242 dixerim.
2695 3187 3020 3257 Quamquam
3065 3188 3188 3243 licet
3235 3203 3295 3243 ea
3335 3189 3605 3245 dumtaxat
3644 3207 3804 3248 causa

2245 3277 2467 3343 fuisset,
2499 3293 2744 3347 magnum
2789 3287 2933 3331 certe
2975 3284 3028 3331 et
3070 3277 3378 3332 admirabile
3413 3288 3552 3333 esset
3577 3278 3801 3344 facinus,

2245 3375 2440 3422 tantam
2473 3368 2566 3422 Dei
2604 3367 2923 3436 agnitionem
2964 3368 3269 3436 contigisse.
3306 3368 3374 3422 At
3402 3385 3505 3423 non
3540 3370 3650 3423 htec
3689 3372 3803 3424 sola

2245 3457 2378 3511 ratio
2406 3457 2518 3510 fuit.
2545 3455 2794 3522 Quaenam
2821 3455 2978 3524 igitur
2997 3456 3094 3508 alia
3117 3456 3140 3508 ἲ
3169 3455 3234 3509 Ut
3255 3465 3308 3510 et
3323 3455 3807 3512 Nabuchodonosor

2245 3545 2535 3600 modestius
2574 3545 2642 3599 de
2669 3560 2728 3600 se
2757 3547 3008 3609 sentiret,
3040 3545 3256 3600 edoctus
3286 3560 3387 3600 non
3415 3561 3622 3613 semper
3649 3563 3804 3602 suum

2241 3652 2404 3706 genus
2422 3636 2812 3690 dominaturum
2843 3635 2919 3708 (si
2948 3637 3088 3691 enim
3117 3636 3276 3691 etiam
3307 3647 3422 3706 post
3451 3637 3535 3690 illa
3558 3653 3676 3706 qua:
3704 3639 3802 3709 ipsi

2241 3727 2379 3780 dicta
2409 3735 2551 3789 sunt,
2577 3725 2702 3778 nihil
2725 3723 2888 3780 faustus
2913 3725 3137 3789 remisit,
3162 3724 3325 3779 multo
3349 3726 3511 3795 magis
3539 3728 3582 3780 si
3607 3741 3668 3780 ea
3705 3727 3802 3796 ipsi

2242 3818 2381 3872 dicta
2404 3832 2506 3871 non
2537 3816 2813 3887 fuissent);
2846 3826 3101 3885 praeterea
3132 3825 3188 3870 ut
3229 3817 3388 3870 Deum
3417 3817 3651 3871 omniurn
3683 3832 3805 3872 esse

2245 3906 2522 3960 Dominum
2568 3914 2894 3974 agnosceret.
2943 3904 3373 3975 Quandoquidem
3402 3907 3541 3959 enim
3583 3907 3804 3959 somniis

2241 3999 2504 4068 prrccipue
2532 3995 2832 4060 studebant,
2856 3994 3051 4049 ideirco
3078 3994 3172 4049 ista
3196 4004 3502 4050 evenerunt.
3528 3994 3660 4048 llinc
3687 3995 3805 4049 illos

2243 4088 2312 4142 de
2341 4088 2527 4143 futuris
2554 4086 2834 4158 persuadet
2862 4095 2954 4140 :et
2983 4086 3230 4156 quoniau
3261 4091 3486 4142 maxime
3507 4086 3577 4140 ob
3599 4086 3804 4141 futuro.

2242 4193 2355 4232 rum
2384 4178 2764 4246 prtesciemiam
2788 4177 2918 4230 deos
2937 4175 3342 4230 venerabantur.
3373 4175 3582 4231 Etenim
3609 4192 3798 4231 omnes

2242 4267 2451 4322 illorum
2477 4268 2752 4336 praestigiae
2781 4267 2830 4319 in
2857 4281 2923 4321 eo
2950 4266 3159 4336 negotio
3185 4265 3545 4320 versabantur.
3573 4267 3657 4321 l3.
3682 4285 3700 4315 ι
3737 4267 3800 4320 lit

2241 4359 2500 4412 sententia
2525 4371 2731 4425 egressa
2750 4365 2852 4420 est,
2880 4364 2934 4409 et
2960 4356 3226 4424 sapientes
3247 4355 3688 4409 interficiebantur
3704 4357 3802 4426 (a);

2244 4459 2298 4504 et
2328 4449 2506 4503 Daniel
2533 4447 2795 4516 amicique
2833 4445 2951 4514 ejus
2987 4447 3356 4514 quaerebantur
3375 4447 3441 4500 ad
3476 4461 3681 4501 necem.
3713 4447 3801 4500 14.

2243 4543 2391 4598 Tunc
2409 4540 2586 4595 Daniel
2610 4538 2880 4609 respondit
2904 4537 3187 4593 consilium
3213 4547 3268 4592 et
3294 4539 3608 4591 sententiam
3643 4537 3802 4592 Ario-

2245 4633 2345 4687 cho
2376 4632 2595 4701 principi
2628 4644 2917 4699 coquorum
2953 4629 3114 4698 regis,
3142 4627 3232 4697 qui
3263 4642 3506 4698 egressus
3543 4627 3715 4682 fuerat
3739 4627 3805 4681 ad

2244 4720 2634 4776 interficiendos
2659 4718 2928 4788 sapientes
2952 4717 3258 4789 Babylonis.
3289 4719 3376 4774 15.
3419 4717 3487 4772 Et
3516 4718 3805 4787 interroga-

2243 4813 2333 4868 bat
2370 4828 2489 4868 eum
2513 4813 2694 4867 dicens
2719 4827 2732 4865 :
2757 4810 3011 4881 Princeps
3040 4810 3201 4880 regis,
3223 4811 3567 4880 quamobrem
3588 4824 3804 4879 egressa

2245 4963 2530 5013 monarchize
2550 4965 2594 5026 in
2619 4961 2846 5024 plin-imas
2867 4967 3042 5026 gentes
3060 4961 3298 5012 exstincto
3315 4962 3680 5026 Nabopolassaro
3703 4973 3808 5022 par-

2245 5034 2337 5085 tae;
2362 5037 2469 5086 quite
2493 5023 2746 5086 multOrtun
2769 5023 3008 5070 sententia
3033 5029 3123 5070 est.

2308 5085 2785 5147 (a)’Theodoretus:
2831 5095 3051 5144 τδμννιιδν,
3096 5094 3240 5132 ἀλλὀὐ
3281 5095 3459 5144 Md,
3511 5095 3553 5131 τι
3599 5094 3807 5144 μιήνῃ.

2244 5155 2368 5196 itit-sv
2391 5164 2568 5208 προφανῶς
2596 5157 2655 5193 ui
2677 5152 2900 5200 διιαωσῦης
3095 5154 3284 5208 ﬂata-otia.
3306 5157 3369 5205 γὰρ
3391 5160 3452 5208 ut

2247 5202 2431 5262 ιξοκιανζ
2465 5202 2606 5267 ἐλάην
2637 5220 2834 5267 suavem
2866 5202 2952 5267 pta
2993 5215 3157 5267 wtog
3197 5202 3387 5267 iousdog.
3428 5203 3500 5251 An
3521 5202 3810 5267 ileg'endum

2246 5277 2450 5324 nauseam,
2485 5262 2785 5327 cogitemus?
2820 5264 3027 5312 mictum
3061 5266 3238 5327 quippe
3263 5278 3354 5327 tum
3379 5266 3427 5311 in
3449 5262 3633 5311 Judzeos
3655 5265 3810 5327 prola-

2247 5337 2346 5394 tum
2372 5336 2492 5394 erat,
2511 5325 2597 5374 sed
2621 5327 2668 5373 in
2691 5325 2936 5385 sapientes
2961 5325 3414 5394 italiyloniosminter
3435 5335 3556 5394 quos
3572 5325 3709 5384 pauci
3733 5332 3812 5394 tuf-

2246 5388 2354 5436 dzei.
2379 5389 2628 5448 Sapientes
2648 5383 2808 5433 autem
2831 5383 2991 5448 ειεξιτοοιὶ
3028 5383 3188 5448 dictos
3213 5383 3360 5448 fuisse
3384 5383 3593 5448 «seu»,
3624 5392 3810 5448 eonSLat

2248 5451 2394 5510 etiam
2419 5443 2478 5494 ex
2504 5447 2711 5510 Origene
2735 5444 2928 5510 Homilia
2949 5453 3088 5510 sexta
3107 5450 3154 5492 et
3172 5444 3231 5492 14
3256 5447 3300 5510 in
3317 5445 3554 5492 Genesim.
3574 5443 3810 5510 Quidquid

2246 5510 2326 5564 sit,
2354 5509 2485 5555 locus
2527 5505 2813 5554 Theodoreti
2850 5507 2919 5553 sic
2951 5505 3351 5565 interpretandum
3380 5511 3484 5552 est:
3513 5505 3812 5565 PropOsimnt

2249 5563 2528 5628 tyrannica,
2548 5578 2648 5628 non
2670 5565 2817 5628 regia:
2839 5564 3053 5628 patestati
3071 5563 3451 5628 adscribmdtmt,
3470 5563 3689 5625 att/nitate
3710 5563 3810 5628 eri-

2284 5622 2413 5675 enter
2439 5625 2708 5676 destitutum
2724 5622 2746 5674 ’ἑ
2765 5622 2948 5674 vanitas
2969 5624 3093 5674 enim
3117 5622 3403 5684 etsnperbia
3425 5622 3703 5684 potestatem
3727 5624 3800 5671 hn-

2251 5690 2408 5737 bcntcs
2440 5687 2739 5748 ,adjunctam,
2779 5685 3037 5748 perniciem
3076 5682 3331 5748 moliuntur
3371 5682 3569 5736 subditis
3606 5682 3811 5744 Judax's,

2256 5757 2336 5798 aut
2358 5743 2548 5806 melius,
2571 5743 2864 5797 subditortun
2884 5743 3188 5809 sapientibus.
