  <div class='ocr_page' id='page_1' title='image "/cluster/home/n/w/nwhite01/storage/ocr_20150623/56/nnc1.0114695758/205.png"; bbox 0 0 4032 6220; ppageno 0'>
   <div class='ocr_carea' id='block_1_1' title="bbox 603 310 705 366">
    <p class='ocr_par' dir='ltr' id='par_1_1' title="bbox 603 310 705 366">
     <span class='ocr_line' id='line_1_1' title="bbox 603 310 705 366; baseline 0.039 -3"><span class='ocrx_word' id='word_1_1' title='bbox 603 310 705 366; x_wconf 82' lang='grc'><strong>201</strong></span> 
     </span>
    </p>
   </div>
   <div class='ocr_carea' id='block_1_2' title="bbox 1301 307 3110 387">
    <p class='ocr_par' dir='ltr' id='par_1_2' title="bbox 1301 307 3110 387">
     <span class='ocr_line' id='line_1_2' title="bbox 1301 307 3110 387; baseline 0.013 -25"><span class='ocrx_word' id='word_1_2' title='bbox 1301 307 1357 363; x_wconf 89' lang='lat' dir='ltr'><strong>S.</strong></span> <span class='ocrx_word' id='word_1_3' title='bbox 1397 307 1678 365; x_wconf 70' lang='lat' dir='ltr'><strong>JOANNIS</strong></span> <span class='ocrx_word' id='word_1_4' title='bbox 1713 311 2194 374; x_wconf 71' lang='lat' dir='ltr'><strong>CHRYSOSTOMI</strong></span> <span class='ocrx_word' id='word_1_5' title='bbox 2231 313 2542 375; x_wconf 79' lang='lat' dir='ltr'><strong>ARCmEP.</strong></span> <span class='ocrx_word' id='word_1_6' title='bbox 2579 322 3110 387; x_wconf 68' lang='lat' dir='ltr'><strong>CONSTANTINOP.</strong></span> 
     </span>
    </p>
   </div>
   <div class='ocr_carea' id='block_1_3' title="bbox 3695 343 3804 398">
    <p class='ocr_par' dir='ltr' id='par_1_3' title="bbox 3695 343 3804 398">
     <span class='ocr_line' id='line_1_3' title="bbox 3695 343 3804 398; baseline -0.009 0"><span class='ocrx_word' id='word_1_7' title='bbox 3695 343 3804 398; x_wconf 90' lang='lat'><strong>202</strong></span> 
     </span>
    </p>
   </div>
   <div class='ocr_carea' id='block_1_4' title="bbox 602 409 3804 515">
    <p class='ocr_par' dir='ltr' id='par_1_4' title="bbox 602 409 3804 515">
     <span class='ocr_line' id='line_1_4' title="bbox 602 409 3804 515; baseline 0.01 -52"><span class='ocrx_word' id='word_1_8' title='bbox 602 409 836 515; x_wconf 53' lang='grc' dir='ltr'><strong>ςναιδεῖς</strong></span> <span class='ocrx_word' id='word_1_9' title='bbox 887 411 998 515; x_wconf 75' lang='grc' dir='ltr'><strong>γὰρ</strong></span> <span class='ocrx_word' id='word_1_10' title='bbox 1043 413 1262 482; x_wconf 80' lang='grc' dir='ltr'>τούτους</span> <span class='ocrx_word' id='word_1_11' title='bbox 1323 421 1612 493; x_wconf 79' lang='grc' dir='ltr'><strong>καλοῦμεν.</strong></span> <span class='ocrx_word' id='word_1_12' title='bbox 1667 427 1988 496; x_wconf 74' lang='grc' dir='ltr'><strong>Ἐγνώρισε</strong></span> <span class='ocrx_word' id='word_1_13' title='bbox 2019 429 2087 482; x_wconf 79' lang='grc' dir='ltr'><strong>δὲ</strong></span> <span class='ocrx_word' id='word_1_14' title='bbox 2127 432 2159 482; x_wconf 87' lang='grc' dir='ltr'><em>ὁ</em></span> <span class='ocrx_word' id='word_1_15' title='bbox 2270 432 2524 498; x_wconf 77' lang='grc' dir='ltr'><strong>πολλάκις</strong></span> <span class='ocrx_word' id='word_1_16' title='bbox 2585 438 2688 490; x_wconf 82' lang='grc' dir='ltr'><strong>ὑπὸ</strong></span> <span class='ocrx_word' id='word_1_17' title='bbox 2721 442 2818 511; x_wconf 86' lang='grc' dir='ltr'><strong>τῆς</strong></span> <span class='ocrx_word' id='word_1_18' title='bbox 2861 446 3031 515; x_wconf 76' lang='grc' dir='ltr'><strong>χαρᾶς</strong></span> <span class='ocrx_word' id='word_1_19' title='bbox 3077 447 3184 500; x_wconf 87' lang='grc' dir='ltr'><strong>τῶν</strong></span> <span class='ocrx_word' id='word_1_20' title='bbox 3239 445 3674 515; x_wconf 78' lang='grc' dir='ltr'><strong>κατορθουμένων</strong></span> <span class='ocrx_word' id='word_1_21' title='bbox 3712 447 3804 498; x_wconf 72' lang='grc' dir='ltr'><strong>καὶ</strong></span> 
     </span>
    </p>
   </div>
   <div class='ocr_carea' id='block_1_5' title="bbox 613 504 2156 600">
    <p class='ocr_par' dir='ltr' id='par_1_5' title="bbox 613 504 2156 600">
     <span class='ocr_line' id='line_1_5' title="bbox 613 504 2156 600; baseline 0.011 -43"><span class='ocrx_word' id='word_1_22' title='bbox 613 504 819 572; x_wconf 79' lang='grc' dir='ltr'><strong>Ἀριὼχ</strong></span> <span class='ocrx_word' id='word_1_23' title='bbox 843 505 922 570; x_wconf 81' lang='grc' dir='ltr'><strong>τῷ</strong></span> <span class='ocrx_word' id='word_1_24' title='bbox 949 509 1172 600; x_wconf 82' lang='grc' dir='ltr'><strong>Δανιὴλ</strong></span> <span class='ocrx_word' id='word_1_25' title='bbox 1206 511 1270 564; x_wconf 87' lang='grc' dir='ltr'><strong>τὸ</strong></span> <span class='ocrx_word' id='word_1_26' title='bbox 1292 512 1473 583; x_wconf 74' lang='grc' dir='ltr'><strong>ῥῆμα.</strong></span> <span class='ocrx_word' id='word_1_27' title='bbox 1515 516 1623 570; x_wconf 87' lang='lat' dir='ltr'><strong><em>Kal</em></strong></span> <span class='ocrx_word' id='word_1_28' title='bbox 1668 521 1889 588; x_wconf 77' lang='grc' dir='ltr'><strong>Δανιὴλ</strong></span> <span class='ocrx_word' id='word_1_29' title='bbox 1919 521 2156 589; x_wconf 79' lang='grc' dir='ltr'><strong>ἐξῆλθε,</strong></span> 
     </span>
    </p>
   </div>
   <div class='ocr_carea' id='block_1_6' title="bbox 598 597 2155 681">
    <p class='ocr_par' dir='ltr' id='par_1_6' title="bbox 598 597 2155 681">
     <span class='ocr_line' id='line_1_6' title="bbox 598 597 2155 681; baseline 0.014 -32"><span class='ocrx_word' id='word_1_30' title='bbox 598 597 698 650; x_wconf 72' lang='grc' dir='ltr'><strong>καὶ</strong></span> <span class='ocrx_word' id='word_1_31' title='bbox 719 599 941 665; x_wconf 74' lang='grc' dir='ltr'><strong>ἠξίωσε</strong></span> <span class='ocrx_word' id='word_1_32' title='bbox 966 597 1356 666; x_wconf 68' lang='grc' dir='ltr'><strong>τὸνβασιλέα</strong></span> <span class='ocrx_word' id='word_1_33' title='bbox 1393 607 1549 675; x_wconf 81' lang='grc' dir='ltr'><strong>ὅπως</strong></span> <span class='ocrx_word' id='word_1_34' title='bbox 1600 615 1820 680; x_wconf 82' lang='grc' dir='ltr'><strong>χρόνον</strong></span> <span class='ocrx_word' id='word_1_35' title='bbox 1862 615 2020 679; x_wconf 86' lang='grc' dir='ltr'><strong>αὐτῷ</strong></span> <span class='ocrx_word' id='word_1_36' title='bbox 2053 616 2155 681; x_wconf 82' lang='grc' dir='ltr'><strong>δῷ,</strong></span> 
     </span>
    </p>
   </div>
   <div class='ocr_carea' id='block_1_7' title="bbox 2266 525 3804 611">
    <p class='ocr_par' dir='ltr' id='par_1_7' title="bbox 2266 525 3804 611">
     <span class='ocr_line' id='line_1_7' title="bbox 2266 525 3804 611; baseline 0.02 -36"><span class='ocrx_word' id='word_1_37' title='bbox 2266 525 2726 601; x_wconf 81' lang='grc' dir='ltr'><strong>ὲπιλανθανόμεθα</strong></span> <span class='ocrx_word' id='word_1_38' title='bbox 2755 536 2854 605; x_wconf 85' lang='grc' dir='ltr'><strong>τῆς</strong></span> <span class='ocrx_word' id='word_1_39' title='bbox 2882 538 3308 611; x_wconf 77' lang='grc' dir='ltr'><strong>εὐγνωμοσύνης.</strong></span> <span class='ocrx_word' id='word_1_40' title='bbox 3355 541 3488 591; x_wconf 64' lang='grc' dir='ltr'><strong>Ἀλλ’</strong></span> <span class='ocrx_word' id='word_1_41' title='bbox 3525 535 3672 601; x_wconf 73' lang='grc' dir='ltr'><strong>οὗτος</strong></span> <span class='ocrx_word' id='word_1_42' title='bbox 3709 540 3804 606; x_wconf 76' lang='grc' dir='ltr'><strong>οὐχ</strong></span> 
     </span>
    </p>
   </div>
   <div class='ocr_carea' id='block_1_8' title="bbox 2264 618 3804 701">
    <p class='ocr_par' dir='ltr' id='par_1_8' title="bbox 2264 618 3804 701">
     <span class='ocr_line' id='line_1_8' title="bbox 2264 618 3804 701; baseline 0.012 -31"><span class='ocrx_word' id='word_1_43' title='bbox 2264 618 2464 684; x_wconf 76' lang='grc' dir='ltr'><strong>οὕτως’</strong></span> <span class='ocrx_word' id='word_1_44' title='bbox 2517 624 2651 678; x_wconf 79' lang='grc' dir='ltr'><strong>ἀλλὰ</strong></span> <span class='ocrx_word' id='word_1_45' title='bbox 2684 629 2942 701; x_wconf 87' lang='grc' dir='ltr'><strong>εὐλόγησε</strong></span> <span class='ocrx_word' id='word_1_46' title='bbox 2975 634 3064 688; x_wconf 78' lang='grc' dir='ltr'><strong>τὸν</strong></span> <span class='ocrx_word' id='word_1_47' title='bbox 3101 635 3248 697; x_wconf 77' lang='grc' dir='ltr'><strong>Θεὸν,</strong></span> <span class='ocrx_word' id='word_1_48' title='bbox 3282 637 3374 688; x_wconf 81' lang='grc' dir='ltr'><strong>καὶ</strong></span> <span class='ocrx_word' id='word_1_49' title='bbox 3402 630 3579 686; x_wconf 82' lang='grc' dir='ltr'><strong>εἶπεν·</strong></span> <span class='ocrx_word' id='word_1_50' title='bbox 3604 635 3710 698; x_wconf 82' lang='grc' dir='ltr'><strong>Εῖη</strong></span> <span class='ocrx_word' id='word_1_51' title='bbox 3741 633 3804 686; x_wconf 85' lang='grc' dir='ltr'><strong>τὸ</strong></span> 
     </span>
    </p>
   </div>
   <div class='ocr_carea' id='block_1_9' title="bbox 597 691 3803 796">
    <p class='ocr_par' dir='ltr' id='par_1_9' title="bbox 597 691 3803 796">
     <span class='ocr_line' id='line_1_9' title="bbox 597 691 3803 796; baseline 0.011 -53"><span class='ocrx_word' id='word_1_52' title='bbox 597 691 694 796; x_wconf 56' lang='grc' dir='ltr'><strong>καὶ</strong></span> <span class='ocrx_word' id='word_1_53' title='bbox 733 692 842 796; x_wconf 62' lang='grc' dir='ltr'><strong>τὴν</strong></span> <span class='ocrx_word' id='word_1_54' title='bbox 879 695 1198 796; x_wconf 52' lang='grc' dir='ltr'><strong>σύγκρισιν</strong></span> <span class='ocrx_word' id='word_1_55' title='bbox 1241 700 1346 753; x_wconf 85' lang='grc' dir='ltr'><strong>τοῦ</strong></span> <span class='ocrx_word' id='word_1_56' title='bbox 1387 701 1676 759; x_wconf 78' lang='grc' dir='ltr'><strong>ἐνυπνίου</strong></span> <span class='ocrx_word' id='word_1_57' title='bbox 1719 709 2048 778; x_wconf 76' lang='grc' dir='ltr'><strong>ἀπαγγείλῃ</strong></span> <span class='ocrx_word' id='word_1_58' title='bbox 2079 709 2157 774; x_wconf 81' lang='grc' dir='ltr'><strong>τῷ</strong></span> <span class='ocrx_word' id='word_1_59' title='bbox 2265 711 2447 781; x_wconf 79' lang='grc' dir='ltr'><strong>ὄνομα</strong></span> <span class='ocrx_word' id='word_1_60' title='bbox 2498 717 2602 772; x_wconf 89' lang='grc' dir='ltr'><strong>τοῦ</strong></span> <span class='ocrx_word' id='word_1_61' title='bbox 2647 723 2791 776; x_wconf 85' lang='grc' dir='ltr'><strong>Θεοῦ</strong></span> <span class='ocrx_word' id='word_1_62' title='bbox 2820 691 3383 796; x_wconf 63' lang='grc' dir='ltr'><strong>εὐλογημένοναπὸ</strong></span> <span class='ocrx_word' id='word_1_63' title='bbox 3413 729 3518 782; x_wconf 85' lang='grc' dir='ltr'><strong>τοῦ</strong></span> <span class='ocrx_word' id='word_1_64' title='bbox 3571 691 3803 790; x_wconf 81' lang='grc' dir='ltr'><strong>αἰῶνος,</strong></span> 
     </span>
    </p>
   </div>
   <div class='ocr_carea' id='block_1_10' title="bbox 591 785 2150 876">
    <p class='ocr_par' dir='ltr' id='par_1_10' title="bbox 591 785 2150 876">
     <span class='ocr_line' id='line_1_10' title="bbox 591 785 2150 876; baseline 0.014 -39"><span class='ocrx_word' id='word_1_65' title='bbox 591 785 854 848; x_wconf 77' lang='grc' dir='ltr'><strong>βασιλεῖ.</strong></span> <span class='ocrx_word' id='word_1_66' title='bbox 890 785 1177 859; x_wconf 79' lang='grc' dir='ltr'><strong>Θαύμασον</strong></span> <span class='ocrx_word' id='word_1_67' title='bbox 1215 791 1332 854; x_wconf 80' lang='grc' dir='ltr'><strong>πῶς</strong></span> <span class='ocrx_word' id='word_1_68' title='bbox 1374 796 1671 868; x_wconf 70' lang='grc' dir='ltr'><strong>ἐπέτρεψεν</strong></span> <span class='ocrx_word' id='word_1_69' title='bbox 1730 803 1950 866; x_wconf 72' lang='grc' dir='ltr'><strong>ἐκεῖνος.</strong></span> <span class='ocrx_word' id='word_1_70' title='bbox 2003 803 2150 876; x_wconf 80' lang='grc' dir='ltr'><strong>[ἳο8]</strong></span> 
     </span>
    </p>
   </div>
   <div class='ocr_carea' id='block_1_11' title="bbox 597 881 2154 968">
    <p class='ocr_par' dir='ltr' id='par_1_11' title="bbox 597 881 2154 968">
     <span class='ocr_line' id='line_1_11' title="bbox 597 881 2154 968; baseline 0.014 -34"><span class='ocrx_word' id='word_1_71' title='bbox 597 881 738 953; x_wconf 86' lang='grc' dir='ltr'><strong>Ὅρα</strong></span> <span class='ocrx_word' id='word_1_72' title='bbox 763 884 1033 953; x_wconf 86' lang='grc' dir='ltr'><strong>πανταχοῦ</strong></span> <span class='ocrx_word' id='word_1_73' title='bbox 1068 887 1274 951; x_wconf 83' lang='grc' dir='ltr'><strong>πάντας</strong></span> <span class='ocrx_word' id='word_1_74' title='bbox 1295 889 1648 961; x_wconf 72' lang='grc' dir='ltr'><strong>πειθομένους</strong></span> <span class='ocrx_word' id='word_1_75' title='bbox 1677 898 2009 968; x_wconf 79' lang='grc' dir='ltr'><strong>αὐτῷ.”υθεν</strong></span> <span class='ocrx_word' id='word_1_76' title='bbox 2041 903 2154 967; x_wconf 84' lang='grc' dir='ltr'><strong>πῶς</strong></span> 
     </span>
    </p>
   </div>
   <div class='ocr_carea' id='block_1_12' title="bbox 595 975 2150 1058">
    <p class='ocr_par' dir='ltr' id='par_1_12' title="bbox 595 975 2150 1058">
     <span class='ocr_line' id='line_1_12' title="bbox 595 975 2150 1058; baseline 0.013 -31"><span class='ocrx_word' id='word_1_77' title='bbox 595 975 945 1030; x_wconf 72' lang='grc' dir='ltr'><strong>ὑπώπτευσεν</strong></span> <span class='ocrx_word' id='word_1_78' title='bbox 992 981 1164 1051; x_wconf 81' lang='grc' dir='ltr'><strong>ἀληθῆ</strong></span> <span class='ocrx_word' id='word_1_79' title='bbox 1193 983 1372 1051; x_wconf 84' lang='grc' dir='ltr'><strong>λέγειν</strong></span> <span class='ocrx_word' id='word_1_80' title='bbox 1422 988 1618 1054; x_wconf 72' lang='grc' dir='ltr'><strong>αὐτόνς</strong></span> <span class='ocrx_word' id='word_1_81' title='bbox 1681 991 1793 1054; x_wconf 83' lang='grc' dir='ltr'><strong>πῶς</strong></span> <span class='ocrx_word' id='word_1_82' title='bbox 1837 995 1935 1046; x_wconf 66' lang='grc' dir='ltr'><strong>οὐκ</strong></span> <span class='ocrx_word' id='word_1_83' title='bbox 1981 991 2150 1058; x_wconf 73' lang='grc' dir='ltr'><strong>εἶπεν,</strong></span> 
     </span>
    </p>
   </div>
   <div class='ocr_carea' id='block_1_13' title="bbox 597 1071 2153 1160">
    <p class='ocr_par' dir='ltr' id='par_1_13' title="bbox 597 1071 2153 1160">
     <span class='ocr_line' id='line_1_13' title="bbox 597 1071 2153 1160; baseline 0.013 -37"><span class='ocrx_word' id='word_1_84' title='bbox 597 1071 793 1134; x_wconf 86' lang='grc' dir='ltr'><strong>πάντες</strong></span> <span class='ocrx_word' id='word_1_85' title='bbox 842 1073 1198 1145; x_wconf 75' lang='grc' dir='ltr'><strong>ἡλὲγχθησαν,</strong></span> <span class='ocrx_word' id='word_1_86' title='bbox 1236 1080 1590 1151; x_wconf 79' lang='grc' dir='ltr'><strong>ὡμολόγησαν</strong></span> <span class='ocrx_word' id='word_1_87' title='bbox 1649 1085 1722 1156; x_wconf 84' lang='grc' dir='ltr'><strong>μὴ</strong></span> <span class='ocrx_word' id='word_1_88' title='bbox 1767 1084 1906 1140; x_wconf 79' lang='grc' dir='ltr'><strong>εἶναι</strong></span> <span class='ocrx_word' id='word_1_89' title='bbox 1947 1090 2153 1160; x_wconf 86' lang='grc' dir='ltr'><strong>ἀνθρω-</strong></span> 
     </span>
    </p>
   </div>
   <div class='ocr_carea' id='block_1_14' title="bbox 591 1167 2150 1250">
    <p class='ocr_par' dir='ltr' id='par_1_14' title="bbox 591 1167 2150 1250">
     <span class='ocr_line' id='line_1_14' title="bbox 591 1167 2150 1250; baseline 0.013 -32"><span class='ocrx_word' id='word_1_90' title='bbox 591 1167 754 1239; x_wconf 87' lang='grc' dir='ltr'><strong>πίνης</strong></span> <span class='ocrx_word' id='word_1_91' title='bbox 787 1168 998 1236; x_wconf 85' lang='grc' dir='ltr'><strong>φύσεως</strong></span> <span class='ocrx_word' id='word_1_92' title='bbox 1019 1167 1174 1224; x_wconf 71' lang='grc' dir='ltr'><strong>τοῦτο</strong></span> <span class='ocrx_word' id='word_1_93' title='bbox 1208 1189 1220 1202; x_wconf 90' lang='grc'><strong>·</strong></span> <span class='ocrx_word' id='word_1_94' title='bbox 1243 1175 1335 1228; x_wconf 79' lang='grc' dir='ltr'><strong>καῖ</strong></span> <span class='ocrx_word' id='word_1_95' title='bbox 1355 1178 1417 1229; x_wconf 86' lang='grc' dir='ltr'><strong>σὺ</strong></span> <span class='ocrx_word' id='word_1_96' title='bbox 1435 1176 1704 1250; x_wconf 75' lang='grc' dir='ltr'><strong>βάρϐαρος</strong></span> <span class='ocrx_word' id='word_1_97' title='bbox 1732 1179 1808 1232; x_wconf 81' lang='grc' dir='ltr'><strong>ὢν</strong></span> <span class='ocrx_word' id='word_1_98' title='bbox 1865 1183 2026 1236; x_wconf 81' lang='grc' dir='ltr'><strong>πόθεν</strong></span> <span class='ocrx_word' id='word_1_99' title='bbox 2051 1185 2150 1238; x_wconf 76' lang='grc' dir='ltr'><strong>οἴει</strong></span> 
     </span>
    </p>
   </div>
   <div class='ocr_carea' id='block_1_15' title="bbox 598 1261 2146 1347">
    <p class='ocr_par' dir='ltr' id='par_1_15' title="bbox 598 1261 2146 1347">
     <span class='ocr_line' id='line_1_15' title="bbox 598 1261 2146 1347; baseline 0.013 -35"><span class='ocrx_word' id='word_1_100' title='bbox 598 1261 1001 1331; x_wconf 82' lang='grc' dir='ltr'><strong>περιγενέσθαι;</strong></span> <span class='ocrx_word' id='word_1_101' title='bbox 1086 1263 1224 1318; x_wconf 84' lang='grc' dir='ltr'><strong>’Δλλ’</strong></span> <span class='ocrx_word' id='word_1_102' title='bbox 1293 1269 1421 1322; x_wconf 82' lang='grc' dir='ltr'><strong>ὅταν</strong></span> <span class='ocrx_word' id='word_1_103' title='bbox 1474 1273 1503 1324; x_wconf 87' lang='grc' dir='ltr'><strong>ό</strong></span> <span class='ocrx_word' id='word_1_104' title='bbox 1559 1273 1690 1337; x_wconf 73' lang='grc' dir='ltr'><strong>Θεὸς</strong></span> <span class='ocrx_word' id='word_1_105' title='bbox 1743 1278 1995 1347; x_wconf 81' lang='grc' dir='ltr'><strong>οἰκονομῇ</strong></span> <span class='ocrx_word' id='word_1_106' title='bbox 2059 1281 2146 1332; x_wconf 68' lang='grc' dir='ltr'><strong>καὶ</strong></span> 
     </span>
    </p>
   </div>
   <div class='ocr_carea' id='block_1_16' title="bbox 595 1355 2145 1442">
    <p class='ocr_par' dir='ltr' id='par_1_16' title="bbox 595 1355 2145 1442">
     <span class='ocr_line' id='line_1_16' title="bbox 595 1355 2145 1442; baseline 0.014 -37"><span class='ocrx_word' id='word_1_107' title='bbox 595 1355 1078 1429; x_wconf 78' lang='grc' dir='ltr'><strong>προκατασκευάζῃ</strong></span> <span class='ocrx_word' id='word_1_108' title='bbox 1153 1359 1222 1414; x_wconf 83' lang='grc' dir='ltr'><strong>τὰ</strong></span> <span class='ocrx_word' id='word_1_109' title='bbox 1292 1364 1612 1435; x_wconf 83' lang='grc' dir='ltr'><strong>πράγματα,</strong></span> <span class='ocrx_word' id='word_1_110' title='bbox 1690 1368 1854 1437; x_wconf 75' lang='grc' dir='ltr'><strong>μηδὲν</strong></span> <span class='ocrx_word' id='word_1_111' title='bbox 1931 1371 2145 1442; x_wconf 85' lang='grc' dir='ltr'><strong>άπόρει.</strong></span> 
     </span>
    </p>
   </div>
   <div class='ocr_carea' id='block_1_17' title="bbox 596 1448 2145 1533">
    <p class='ocr_par' dir='ltr' id='par_1_17' title="bbox 596 1448 2145 1533">
     <span class='ocr_line' id='line_1_17' title="bbox 596 1448 2145 1533; baseline 0.012 -34"><span class='ocrx_word' id='word_1_112' title='bbox 596 1448 802 1511; x_wconf 77' lang='grc' dir='ltr'><strong>’Ἄλλως</strong></span> <span class='ocrx_word' id='word_1_113' title='bbox 825 1448 881 1501; x_wconf 68' lang='grc' dir='ltr'><strong>δὲ</strong></span> <span class='ocrx_word' id='word_1_114' title='bbox 907 1450 1000 1504; x_wconf 68' lang='grc' dir='ltr'><strong>καὶ</strong></span> <span class='ocrx_word' id='word_1_115' title='bbox 1024 1450 1304 1508; x_wconf 82' lang='grc' dir='ltr'><strong>ἀκίνδυνον</strong></span> <span class='ocrx_word' id='word_1_116' title='bbox 1322 1451 1390 1525; x_wconf 79' lang='grc' dir='ltr'><strong>ἦν</strong></span> <span class='ocrx_word' id='word_1_117' title='bbox 1411 1457 1497 1510; x_wconf 77' lang='grc' dir='ltr'><strong>ἐπ’</strong></span> <span class='ocrx_word' id='word_1_118' title='bbox 1519 1459 1680 1512; x_wconf 76' lang='grc' dir='ltr'><strong>αὐτὸν</strong></span> <span class='ocrx_word' id='word_1_119' title='bbox 1707 1460 1928 1533; x_wconf 78' lang='grc' dir='ltr'><strong>ὕστερον</strong></span> <span class='ocrx_word' id='word_1_120' title='bbox 1952 1464 2145 1518; x_wconf 81' lang='grc' dir='ltr'><strong>ἐλθεῖν.</strong></span> 
     </span>
    </p>
   </div>
   <div class='ocr_carea' id='block_1_18' title="bbox 591 1540 2146 1628">
    <p class='ocr_par' dir='ltr' id='par_1_18' title="bbox 591 1540 2146 1628">
     <span class='ocr_line' id='line_1_18' title="bbox 591 1540 2146 1628; baseline 0.012 -34"><span class='ocrx_word' id='word_1_121' title='bbox 591 1540 746 1605; x_wconf 81' lang='grc' dir='ltr'><strong>Τίνος</strong></span> <span class='ocrx_word' id='word_1_122' title='bbox 774 1543 960 1598; x_wconf 68' lang='grc' dir='ltr'><strong>ἕνεκεν</strong></span> <span class='ocrx_word' id='word_1_123' title='bbox 989 1543 1088 1599; x_wconf 77' lang='grc' dir='ltr'><strong>οὐκ</strong></span> <span class='ocrx_word' id='word_1_124' title='bbox 1130 1544 1330 1612; x_wconf 86' lang='grc' dir='ltr'><strong>εὐθέως</strong></span> <span class='ocrx_word' id='word_1_125' title='bbox 1367 1548 1516 1622; x_wconf 88' lang='grc' dir='ltr'><strong>αὐτῷ</strong></span> <span class='ocrx_word' id='word_1_126' title='bbox 1555 1555 1583 1605; x_wconf 82' lang='grc' dir='ltr'>ὁ</span> <span class='ocrx_word' id='word_1_127' title='bbox 1613 1548 1746 1618; x_wconf 73' lang='grc' dir='ltr'><strong>Θεδς</strong></span> <span class='ocrx_word' id='word_1_128' title='bbox 1790 1557 2100 1628; x_wconf 80' lang='grc' dir='ltr'><strong>ἀπεκάλυψε</strong></span> <span class='ocrx_word' id='word_1_129' title='bbox 2132 1576 2146 1623; x_wconf 88' lang='grc'>;</span> 
     </span>
    </p>
   </div>
   <div class='ocr_carea' id='block_1_19' title="bbox 588 1635 2144 1722">
    <p class='ocr_par' dir='ltr' id='par_1_19' title="bbox 588 1635 2144 1722">
     <span class='ocr_line' id='line_1_19' title="bbox 588 1635 2144 1722; baseline 0.012 -35"><span class='ocrx_word' id='word_1_130' title='bbox 588 1635 811 1706; x_wconf 80' lang='grc' dir='ltr'><strong>Πρῶτον</strong></span> <span class='ocrx_word' id='word_1_131' title='bbox 851 1638 948 1707; x_wconf 69' lang='grc' dir='ltr'><strong>μὲν</strong></span> <span class='ocrx_word' id='word_1_132' title='bbox 978 1637 1118 1692; x_wconf 84' lang='grc' dir='ltr'><strong>ὥστε</strong></span> <span class='ocrx_word' id='word_1_133' title='bbox 1157 1641 1456 1713; x_wconf 83' lang='grc' dir='ltr'><strong>κατάδηλον</strong></span> <span class='ocrx_word' id='word_1_134' title='bbox 1505 1647 1754 1713; x_wconf 81' lang='grc' dir='ltr'><strong>γενέσθαι</strong></span> <span class='ocrx_word' id='word_1_135' title='bbox 1795 1649 1856 1702; x_wconf 84' lang='grc' dir='ltr'><strong>τὸ</strong></span> <span class='ocrx_word' id='word_1_136' title='bbox 1896 1654 2144 1722; x_wconf 79' lang='grc' dir='ltr'><strong>πρᾶγμα,</strong></span> 
     </span>
    </p>
   </div>
   <div class='ocr_carea' id='block_1_20' title="bbox 589 1730 2147 1816">
    <p class='ocr_par' dir='ltr' id='par_1_20' title="bbox 589 1730 2147 1816">
     <span class='ocr_line' id='line_1_20' title="bbox 589 1730 2147 1816; baseline 0.01 -32"><span class='ocrx_word' id='word_1_137' title='bbox 589 1730 728 1786; x_wconf 81' lang='grc' dir='ltr'><strong>ὥστε</strong></span> <span class='ocrx_word' id='word_1_138' title='bbox 747 1733 940 1797; x_wconf 72' lang='grc' dir='ltr'><strong>αὐτοὺς</strong></span> <span class='ocrx_word' id='word_1_139' title='bbox 971 1735 1028 1788; x_wconf 76' lang='grc' dir='ltr'><strong>ὲν</strong></span> <span class='ocrx_word' id='word_1_140' title='bbox 1063 1736 1220 1808; x_wconf 74' lang='grc' dir='ltr'><strong>χρείᾳ</strong></span> <span class='ocrx_word' id='word_1_141' title='bbox 1246 1744 1583 1812; x_wconf 80' lang='grc' dir='ltr'><strong>καταστῆναι</strong></span> <span class='ocrx_word' id='word_1_142' title='bbox 1605 1743 1793 1814; x_wconf 77' lang='grc' dir='ltr'><strong>πολλῇ.</strong></span> <span class='ocrx_word' id='word_1_143' title='bbox 1833 1744 1894 1798; x_wconf 84' lang='lat' dir='ltr'><strong><em>El</em></strong></span> <span class='ocrx_word' id='word_1_144' title='bbox 1924 1745 2032 1816; x_wconf 83' lang='grc' dir='ltr'><strong>γάρ</strong></span> <span class='ocrx_word' id='word_1_145' title='bbox 2054 1749 2147 1800; x_wconf 77' lang='grc' dir='ltr'><strong>καὶ</strong></span> 
     </span>
    </p>
   </div>
   <div class='ocr_carea' id='block_1_21' title="bbox 588 1823 2146 1904">
    <p class='ocr_par' dir='ltr' id='par_1_21' title="bbox 588 1823 2146 1904">
     <span class='ocr_line' id='line_1_21' title="bbox 588 1823 2146 1904; baseline 0.01 -26"><span class='ocrx_word' id='word_1_146' title='bbox 588 1827 875 1899; x_wconf 78' lang='grc' dir='ltr'><strong>προφήτης</strong></span> <span class='ocrx_word' id='word_1_147' title='bbox 913 1823 1003 1898; x_wconf 77' lang='grc' dir='ltr'><strong>ἦν,</strong></span> <span class='ocrx_word' id='word_1_148' title='bbox 1044 1831 1194 1898; x_wconf 83' lang='grc' dir='ltr'><strong>ὅμως</strong></span> <span class='ocrx_word' id='word_1_149' title='bbox 1221 1833 1478 1904; x_wconf 79' lang='grc' dir='ltr'><strong>ἠγνόησε.</strong></span> <span class='ocrx_word' id='word_1_150' title='bbox 1510 1836 1679 1891; x_wconf 86' lang='grc' dir='ltr'><strong>Πάλιν</strong></span> <span class='ocrx_word' id='word_1_151' title='bbox 1711 1856 1793 1893; x_wconf 87' lang='grc' dir='ltr'><strong>σοι</strong></span> <span class='ocrx_word' id='word_1_152' title='bbox 1815 1840 1902 1894; x_wconf 80' lang='grc' dir='ltr'><strong>διὰ</strong></span> <span class='ocrx_word' id='word_1_153' title='bbox 1923 1841 2146 1896; x_wconf 89' lang='grc' dir='ltr'><strong>δικαίων</strong></span> 
     </span>
    </p>
   </div>
   <div class='ocr_carea' id='block_1_22' title="bbox 586 1923 2146 2005">
    <p class='ocr_par' dir='ltr' id='par_1_22' title="bbox 586 1923 2146 2005">
     <span class='ocr_line' id='line_1_22' title="bbox 586 1923 2146 2005; baseline 0.01 -32"><span class='ocrx_word' id='word_1_154' title='bbox 586 1923 950 1990; x_wconf 74' lang='grc' dir='ltr'><strong>ἀπολογεῖται,</strong></span> <span class='ocrx_word' id='word_1_155' title='bbox 1001 1923 1214 1989; x_wconf 83' lang='grc' dir='ltr'><strong>δεικνὺς</strong></span> <span class='ocrx_word' id='word_1_156' title='bbox 1254 1927 1334 1979; x_wconf 83' lang='grc' dir='ltr'><strong>ὅτι</strong></span> <span class='ocrx_word' id='word_1_157' title='bbox 1391 1931 1616 1995; x_wconf 74' lang='grc' dir='ltr'><strong>ἐκείνοις</strong></span> <span class='ocrx_word' id='word_1_158' title='bbox 1664 1934 1764 1986; x_wconf 89' lang='grc' dir='ltr'><strong>οὐκ</strong></span> <span class='ocrx_word' id='word_1_159' title='bbox 1816 1933 1980 1988; x_wconf 72' lang='grc' dir='ltr'><strong>ἔδωκε</strong></span> <span class='ocrx_word' id='word_1_160' title='bbox 2017 1935 2146 2005; x_wconf 82' lang='grc' dir='ltr'><strong>μέλ-</strong></span> 
     </span>
    </p>
   </div>
   <div class='ocr_carea' id='block_1_23' title="bbox 585 2017 2145 2101">
    <p class='ocr_par' dir='ltr' id='par_1_23' title="bbox 585 2017 2145 2101">
     <span class='ocr_line' id='line_1_23' title="bbox 585 2017 2145 2101; baseline 0.011 -33"><span class='ocrx_word' id='word_1_161' title='bbox 585 2017 734 2069; x_wconf 88' lang='grc' dir='ltr'><strong>λουσι</strong></span> <span class='ocrx_word' id='word_1_162' title='bbox 769 2017 1096 2071; x_wconf 80' lang='grc' dir='ltr'><strong>κινδυνεύειν</strong></span> <span class='ocrx_word' id='word_1_163' title='bbox 1144 2021 1314 2091; x_wconf 68' lang='grc' dir='ltr'><strong>χωρὶς</strong></span> <span class='ocrx_word' id='word_1_164' title='bbox 1368 2025 1530 2094; x_wconf 83' lang='grc' dir='ltr'><strong>εὐχῆς</strong></span> <span class='ocrx_word' id='word_1_165' title='bbox 1563 2033 1914 2100; x_wconf 74' lang='grc' dir='ltr'><strong>καρτερικῆς,</strong></span> <span class='ocrx_word' id='word_1_166' title='bbox 1968 2031 2145 2101; x_wconf 83' lang='grc' dir='ltr'><strong>πολλῷ</strong></span> 
     </span>
    </p>
   </div>
   <div class='ocr_carea' id='block_1_24' title="bbox 593 2109 2143 2193">
    <p class='ocr_par' dir='ltr' id='par_1_24' title="bbox 593 2109 2143 2193">
     <span class='ocr_line' id='line_1_24' title="bbox 593 2109 2143 2193; baseline 0.01 -31"><span class='ocrx_word' id='word_1_167' title='bbox 593 2109 790 2180; x_wconf 78' lang='grc' dir='ltr'><strong>μᾶλλον</strong></span> <span class='ocrx_word' id='word_1_168' title='bbox 821 2111 903 2162; x_wconf 76' lang='grc' dir='ltr'><strong>σοὶ</strong></span> <span class='ocrx_word' id='word_1_169' title='bbox 929 2113 987 2164; x_wconf 89' lang='grc' dir='ltr'><strong>οὐ</strong></span> <span class='ocrx_word' id='word_1_170' title='bbox 1023 2112 1204 2167; x_wconf 87' lang='grc' dir='ltr'><strong>δώσει.</strong></span> <span class='ocrx_word' id='word_1_171' title='bbox 1240 2116 1337 2168; x_wconf 78' lang='grc' dir='ltr'><strong>Διὰ</strong></span> <span class='ocrx_word' id='word_1_172' title='bbox 1365 2118 1524 2170; x_wconf 83' lang='grc' dir='ltr'><strong>τοῦτο</strong></span> <span class='ocrx_word' id='word_1_173' title='bbox 1544 2121 1821 2191; x_wconf 87' lang='grc' dir='ltr'><strong>πανταχοῦ</strong></span> <span class='ocrx_word' id='word_1_174' title='bbox 1849 2123 1948 2186; x_wconf 83' lang='grc' dir='ltr'><strong>τὰς</strong></span> <span class='ocrx_word' id='word_1_175' title='bbox 1983 2125 2143 2193; x_wconf 77' lang='grc' dir='ltr'><strong>εὐχάς</strong></span> 
     </span>
    </p>
   </div>
   <div class='ocr_carea' id='block_1_25' title="bbox 582 2205 2139 2285">
    <p class='ocr_par' dir='ltr' id='par_1_25' title="bbox 582 2205 2139 2285">
     <span class='ocr_line' id='line_1_25' title="bbox 582 2205 2139 2285; baseline 0.009 -27"><span class='ocrx_word' id='word_1_176' title='bbox 582 2205 1016 2270; x_wconf 77' lang='grc' dir='ltr'><strong>αίτεῖόῐῐαῦλος,</strong></span> <span class='ocrx_word' id='word_1_177' title='bbox 1055 2206 1137 2275; x_wconf 76' lang='grc' dir='ltr'><strong>Τῇ</strong></span> <span class='ocrx_word' id='word_1_178' title='bbox 1179 2210 1493 2279; x_wconf 81' lang='grc' dir='ltr'><strong>προσευχῇ</strong></span> <span class='ocrx_word' id='word_1_179' title='bbox 1533 2218 2139 2285; x_wconf 77' lang='grc' dir='ltr'><strong>προσκαρτεροῦντες,</strong></span> 
     </span>
    </p>
   </div>
   <div class='ocr_carea' id='block_1_26' title="bbox 580 2299 2140 2382">
    <p class='ocr_par' dir='ltr' id='par_1_26' title="bbox 580 2299 2140 2382">
     <span class='ocr_line' id='line_1_26' title="bbox 580 2299 2140 2382; baseline 0.012 -35"><span class='ocrx_word' id='word_1_180' title='bbox 580 2299 821 2369; x_wconf 85' lang='grc' dir='ltr'><strong>γράφων.</strong></span> <span class='ocrx_word' id='word_1_181' title='bbox 841 2300 914 2352; x_wconf 84' lang='grc' dir='ltr'><strong>Οὐ</strong></span> <span class='ocrx_word' id='word_1_182' title='bbox 932 2301 1037 2370; x_wconf 83' lang='grc' dir='ltr'><strong>γὰρ</strong></span> <span class='ocrx_word' id='word_1_183' title='bbox 1050 2302 1208 2371; x_wconf 83' lang='grc' dir='ltr'><strong>ἀρκεῖ</strong></span> <span class='ocrx_word' id='word_1_184' title='bbox 1232 2302 1344 2371; x_wconf 84' lang='grc' dir='ltr'><strong>βίος</strong></span> <span class='ocrx_word' id='word_1_185' title='bbox 1367 2306 1620 2376; x_wconf 79' lang='grc' dir='ltr'><strong>καθαρὸς,</strong></span> <span class='ocrx_word' id='word_1_186' title='bbox 1642 2308 1736 2358; x_wconf 70' lang='grc' dir='ltr'><strong>ἐὰν</strong></span> <span class='ocrx_word' id='word_1_187' title='bbox 1895 2312 1986 2362; x_wconf 75' lang='grc' dir='ltr'><strong>καὶ</strong></span> <span class='ocrx_word' id='word_1_188' title='bbox 2011 2313 2140 2382; x_wconf 83' lang='grc' dir='ltr'><strong>εὐχὴ</strong></span> 
     </span>
    </p>
   </div>
   <div class='ocr_carea' id='block_1_27' title="bbox 581 2393 2138 2474">
    <p class='ocr_par' dir='ltr' id='par_1_27' title="bbox 581 2393 2138 2474">
     <span class='ocr_line' id='line_1_27' title="bbox 581 2393 2138 2474; baseline 0.008 -29"><span class='ocrx_word' id='word_1_189' title='bbox 581 2395 777 2464; x_wconf 80' lang='grc' dir='ltr'><strong>προσῇ.</strong></span> <span class='ocrx_word' id='word_1_190' title='bbox 803 2393 943 2463; x_wconf 88' lang='grc' dir='ltr'><strong>Ὅρα</strong></span> <span class='ocrx_word' id='word_1_191' title='bbox 995 2393 1154 2447; x_wconf 75' lang='grc' dir='ltr'><strong>πάλιν</strong></span> <span class='ocrx_word' id='word_1_192' title='bbox 1197 2394 1296 2463; x_wconf 81' lang='grc' dir='ltr'><strong>τὴν</strong></span> <span class='ocrx_word' id='word_1_193' title='bbox 1347 2398 1527 2451; x_wconf 85' lang='grc' dir='ltr'><strong>πίστιν</strong></span> <span class='ocrx_word' id='word_1_194' title='bbox 1570 2400 1733 2452; x_wconf 80' lang='grc' dir='ltr'><strong>αὐτοῦ</strong></span> <span class='ocrx_word' id='word_1_195' title='bbox 1774 2401 1864 2472; x_wconf 76' lang='grc' dir='ltr'><strong>τὴν</strong></span> <span class='ocrx_word' id='word_1_196' title='bbox 1919 2403 2138 2474; x_wconf 77' lang='grc' dir='ltr'><strong>πολλήν.</strong></span> 
     </span>
    </p>
   </div>
   <div class='ocr_carea' id='block_1_28' title="bbox 579 2479 2137 2569">
    <p class='ocr_par' dir='ltr' id='par_1_28' title="bbox 579 2479 2137 2569">
     <span class='ocr_line' id='line_1_28' title="bbox 579 2479 2137 2569; baseline 0.009 -31"><span class='ocrx_word' id='word_1_197' title='bbox 579 2486 837 2558; x_wconf 82' lang='grc' dir='ltr'><strong>Δεύτερος</strong></span> <span class='ocrx_word' id='word_1_198' title='bbox 882 2479 1034 2550; x_wconf 74' lang='grc' dir='ltr'><strong>οὗτος</strong></span> <span class='ocrx_word' id='word_1_199' title='bbox 1073 2487 1266 2550; x_wconf 74' lang='grc' dir='ltr'><strong>ἆθλος·</strong></span> <span class='ocrx_word' id='word_1_200' title='bbox 1308 2491 1402 2543; x_wconf 80' lang='grc' dir='ltr'><strong>καὶ</strong></span> <span class='ocrx_word' id='word_1_201' title='bbox 1447 2493 1654 2546; x_wconf 86' lang='grc' dir='ltr'><strong>πάλινό</strong></span> <span class='ocrx_word' id='word_1_202' title='bbox 1683 2497 1880 2567; x_wconf 77' lang='grc' dir='ltr'><strong>Δανιὴλ</strong></span> <span class='ocrx_word' id='word_1_203' title='bbox 1929 2500 2137 2569; x_wconf 75' lang='grc' dir='ltr'><strong>ἡγεῖται</strong></span> 
     </span>
    </p>
   </div>
   <div class='ocr_carea' id='block_1_29' title="bbox 577 2582 2138 2666">
    <p class='ocr_par' dir='ltr' id='par_1_29' title="bbox 577 2582 2138 2666">
     <span class='ocr_line' id='line_1_29' title="bbox 577 2582 2138 2666; baseline 0.01 -33"><span class='ocrx_word' id='word_1_204' title='bbox 577 2582 672 2634; x_wconf 80' lang='grc' dir='ltr'><strong>τοῦ</strong></span> <span class='ocrx_word' id='word_1_205' title='bbox 696 2582 1032 2652; x_wconf 88' lang='grc' dir='ltr'><strong>πράγματος,</strong></span> <span class='ocrx_word' id='word_1_206' title='bbox 1080 2584 1169 2636; x_wconf 76' lang='grc' dir='ltr'><strong>καὶ</strong></span> <span class='ocrx_word' id='word_1_207' title='bbox 1212 2587 1400 2656; x_wconf 90' lang='grc' dir='ltr'><strong>χρόνον</strong></span> <span class='ocrx_word' id='word_1_208' title='bbox 1436 2591 1577 2640; x_wconf 79' lang='grc' dir='ltr'><strong>αἰτεῖ</strong></span> <span class='ocrx_word' id='word_1_209' title='bbox 1625 2596 2138 2666; x_wconf 76' lang='grc' dir='ltr'><strong>παρεσκευασμένον</strong></span> 
     </span>
    </p>
   </div>
   <div class='ocr_carea' id='block_1_30' title="bbox 577 2677 2136 2756">
    <p class='ocr_par' dir='ltr' id='par_1_30' title="bbox 577 2677 2136 2756">
     <span class='ocr_line' id='line_1_30' title="bbox 577 2677 2136 2756; baseline 0.008 -28"><span class='ocrx_word' id='word_1_210' title='bbox 577 2677 714 2746; x_wconf 84' lang='grc' dir='ltr'><strong>πρὸς</strong></span> <span class='ocrx_word' id='word_1_211' title='bbox 740 2677 936 2747; x_wconf 84' lang='grc' dir='ltr'><strong>πολλὴν</strong></span> <span class='ocrx_word' id='word_1_212' title='bbox 985 2681 1277 2749; x_wconf 68' lang='grc' dir='ltr'><strong>καρτερίαν</strong></span> <span class='ocrx_word' id='word_1_213' title='bbox 1312 2682 1403 2733; x_wconf 71' lang='grc' dir='ltr'><strong>καὶ</strong></span> <span class='ocrx_word' id='word_1_214' title='bbox 1427 2683 1611 2752; x_wconf 87' lang='grc' dir='ltr'><strong>εὐχήν.</strong></span> <span class='ocrx_word' id='word_1_215' title='bbox 1649 2684 1811 2738; x_wconf 82' lang='grc' dir='ltr'><strong>’Ὥστε</strong></span> <span class='ocrx_word' id='word_1_216' title='bbox 1852 2688 1950 2739; x_wconf 90' lang='grc' dir='ltr'><strong>οὐκ</strong></span> <span class='ocrx_word' id='word_1_217' title='bbox 1984 2689 2136 2756; x_wconf 75' lang='grc' dir='ltr'><strong>ἠξίου</strong></span> 
     </span>
    </p>
   </div>
   <div class='ocr_carea' id='block_1_31' title="bbox 576 2771 2136 2849">
    <p class='ocr_par' dir='ltr' id='par_1_31' title="bbox 576 2771 2136 2849">
     <span class='ocr_line' id='line_1_31' title="bbox 576 2771 2136 2849; baseline 0.009 -27"><span class='ocrx_word' id='word_1_218' title='bbox 576 2771 773 2833; x_wconf 79' lang='grc' dir='ltr'><strong>εὐθέως</strong></span> <span class='ocrx_word' id='word_1_219' title='bbox 799 2771 1088 2824; x_wconf 80' lang='grc' dir='ltr'><strong>ἀκούεσθαι</strong></span> <span class='ocrx_word' id='word_1_220' title='bbox 1112 2789 1124 2801; x_wconf 92' lang='grc'><strong>·</strong></span> <span class='ocrx_word' id='word_1_221' title='bbox 1159 2773 1352 2826; x_wconf 72' lang='grc' dir='ltr'><strong>ἔδωκεν</strong></span> <span class='ocrx_word' id='word_1_222' title='bbox 1375 2777 1576 2839; x_wconf 76' lang='grc' dir='ltr'><strong>ἐκεῖνος</strong></span> <span class='ocrx_word' id='word_1_223' title='bbox 1598 2777 1693 2845; x_wconf 83' lang='grc' dir='ltr'><strong>τὴν</strong></span> <span class='ocrx_word' id='word_1_224' title='bbox 1718 2781 1897 2849; x_wconf 82' lang='grc' dir='ltr'><strong>χάριν,</strong></span> <span class='ocrx_word' id='word_1_225' title='bbox 1924 2782 2136 2836; x_wconf 83' lang='grc' dir='ltr'><strong>ἀνεκοι-</strong></span> 
     </span>
    </p>
   </div>
   <div class='ocr_carea' id='block_1_32' title="bbox 575 2865 2136 2945">
    <p class='ocr_par' dir='ltr' id='par_1_32' title="bbox 575 2865 2136 2945">
     <span class='ocr_line' id='line_1_32' title="bbox 575 2865 2136 2945; baseline 0.009 -27"><span class='ocrx_word' id='word_1_226' title='bbox 575 2865 781 2920; x_wconf 83' lang='grc' dir='ltr'><strong>νώσατο</strong></span> <span class='ocrx_word' id='word_1_227' title='bbox 825 2869 934 2929; x_wconf 81' lang='grc' dir='ltr'><strong>τοῖς</strong></span> <span class='ocrx_word' id='word_1_228' title='bbox 985 2867 1176 2933; x_wconf 86' lang='grc' dir='ltr'><strong>φίλοις.</strong></span> <span class='ocrx_word' id='word_1_229' title='bbox 1237 2869 1370 2922; x_wconf 83' lang='grc' dir='ltr'><strong>Τότε</strong></span> <span class='ocrx_word' id='word_1_230' title='bbox 1415 2870 1494 2934; x_wconf 80' lang='grc' dir='ltr'><strong>τῷ</strong></span> <span class='ocrx_word' id='word_1_231' title='bbox 1549 2874 1771 2941; x_wconf 72' lang='grc' dir='ltr'><strong>Δανιὴλ</strong></span> <span class='ocrx_word' id='word_1_232' title='bbox 1801 2877 2136 2945; x_wconf 81' lang='grc' dir='ltr'><strong>μυστήριον</strong></span> 
     </span>
    </p>
   </div>
   <div class='ocr_carea' id='block_1_33' title="bbox 574 2951 2132 3043">
    <p class='ocr_par' dir='ltr' id='par_1_33' title="bbox 574 2951 2132 3043">
     <span class='ocr_line' id='line_1_33' title="bbox 574 2951 2132 3043; baseline 0.009 -29"><span class='ocrx_word' id='word_1_233' title='bbox 574 2961 963 3029; x_wconf 68' lang='grc' dir='ltr'><strong>ἀπεκαλύφθη</strong></span> <span class='ocrx_word' id='word_1_234' title='bbox 996 2961 1065 3014; x_wconf 85' lang='grc' dir='ltr'><strong>ἐν</strong></span> <span class='ocrx_word' id='word_1_235' title='bbox 1093 2963 1338 3031; x_wconf 73' lang='grc' dir='ltr'><strong>δράματι</strong></span> <span class='ocrx_word' id='word_1_236' title='bbox 1389 2951 1625 3033; x_wconf 68' lang='grc' dir='ltr'><strong>νυκτός.</strong></span> <span class='ocrx_word' id='word_1_237' title='bbox 1672 2971 1783 3023; x_wconf 86' lang='lat' dir='ltr'><strong><em>Kal</em></strong></span> <span class='ocrx_word' id='word_1_238' title='bbox 1830 2975 2132 3043; x_wconf 73' lang='grc' dir='ltr'><strong>εὐλόγησε-</strong></span> 
     </span>
    </p>
   </div>
   <div class='ocr_carea' id='block_1_34' title="bbox 573 3054 2130 3135">
    <p class='ocr_par' dir='ltr' id='par_1_34' title="bbox 573 3054 2130 3135">
     <span class='ocr_line' id='line_1_34' title="bbox 573 3054 2130 3135; baseline 0.01 -29"><span class='ocrx_word' id='word_1_239' title='bbox 573 3054 678 3108; x_wconf 81' lang='grc' dir='ltr'><strong>τὸν</strong></span> <span class='ocrx_word' id='word_1_240' title='bbox 706 3055 851 3108; x_wconf 78' lang='grc' dir='ltr'><strong>Θεὸν</strong></span> <span class='ocrx_word' id='word_1_241' title='bbox 871 3055 976 3108; x_wconf 85' lang='grc' dir='ltr'><strong>τοῦ</strong></span> <span class='ocrx_word' id='word_1_242' title='bbox 995 3057 1254 3122; x_wconf 88' lang='grc' dir='ltr'><strong>οὐρανοῦ</strong></span> <span class='ocrx_word' id='word_1_243' title='bbox 1279 3059 1520 3125; x_wconf 80' lang='grc' dir='ltr'><strong>Δανιὴλ,</strong></span> <span class='ocrx_word' id='word_1_244' title='bbox 1555 3063 1652 3114; x_wconf 77' lang='grc' dir='ltr'><strong>καὶ</strong></span> <span class='ocrx_word' id='word_1_245' title='bbox 1691 3061 1859 3118; x_wconf 82' lang='grc' dir='ltr'><strong>εἶπεν</strong></span> <span class='ocrx_word' id='word_1_246' title='bbox 1885 3084 1898 3097; x_wconf 89' lang='grc'><strong>·</strong></span> <span class='ocrx_word' id='word_1_247' title='bbox 1922 3069 2032 3135; x_wconf 83' lang='grc' dir='ltr'><strong>ΕΖη</strong></span> <span class='ocrx_word' id='word_1_248' title='bbox 2063 3070 2130 3121; x_wconf 84' lang='grc' dir='ltr'><strong>τὸ</strong></span> 
     </span>
    </p>
   </div>
   <div class='ocr_carea' id='block_1_35' title="bbox 571 3150 2126 3230">
    <p class='ocr_par' dir='ltr' id='par_1_35' title="bbox 571 3150 2126 3230">
     <span class='ocr_line' id='line_1_35' title="bbox 571 3150 2126 3230; baseline 0.012 -29"><span class='ocrx_word' id='word_1_249' title='bbox 571 3151 758 3218; x_wconf 77' lang='grc' dir='ltr'><strong>ὄνομα</strong></span> <span class='ocrx_word' id='word_1_250' title='bbox 794 3150 897 3203; x_wconf 86' lang='grc' dir='ltr'><strong>τοῦ</strong></span> <span class='ocrx_word' id='word_1_251' title='bbox 951 3152 1097 3204; x_wconf 84' lang='grc' dir='ltr'><strong>Θεοῦ</strong></span> <span class='ocrx_word' id='word_1_252' title='bbox 1134 3154 1539 3222; x_wconf 74' lang='grc' dir='ltr'><strong>εὐλογτυιένον</strong></span> <span class='ocrx_word' id='word_1_253' title='bbox 1575 3158 1692 3213; x_wconf 82' lang='grc' dir='ltr'><strong>ἀπὸ</strong></span> <span class='ocrx_word' id='word_1_254' title='bbox 1744 3161 1851 3215; x_wconf 89' lang='grc' dir='ltr'><strong>τοῦ</strong></span> <span class='ocrx_word' id='word_1_255' title='bbox 1890 3163 2126 3230; x_wconf 71' lang='grc' dir='ltr'><strong>αἰῶνος,</strong></span> 
     </span>
    </p>
   </div>
   <div class='ocr_carea' id='block_1_36' title="bbox 572 3243 2131 3325">
    <p class='ocr_par' dir='ltr' id='par_1_36' title="bbox 572 3243 2131 3325">
     <span class='ocr_line' id='line_1_36' title="bbox 572 3243 2131 3325; baseline 0.011 -28"><span class='ocrx_word' id='word_1_256' title='bbox 572 3244 667 3298; x_wconf 74' lang='grc' dir='ltr'><strong>καὶ</strong></span> <span class='ocrx_word' id='word_1_257' title='bbox 698 3245 803 3309; x_wconf 79' lang='grc' dir='ltr'><strong>ἕως</strong></span> <span class='ocrx_word' id='word_1_258' title='bbox 837 3244 941 3297; x_wconf 87' lang='grc' dir='ltr'><strong>τοῦ</strong></span> <span class='ocrx_word' id='word_1_259' title='bbox 985 3243 1218 3310; x_wconf 77' lang='grc' dir='ltr'><strong>αἰῶνος,</strong></span> <span class='ocrx_word' id='word_1_260' title='bbox 1241 3247 1330 3300; x_wconf 83' lang='grc' dir='ltr'><strong>ὅτι</strong></span> <span class='ocrx_word' id='word_1_261' title='bbox 1361 3249 1398 3314; x_wconf 72' lang='grc' dir='ltr'><strong><em>ἡ</em></strong></span> <span class='ocrx_word' id='word_1_262' title='bbox 1441 3252 1627 3319; x_wconf 85' lang='grc' dir='ltr'><strong>σοφία</strong></span> <span class='ocrx_word' id='word_1_263' title='bbox 1659 3255 1756 3308; x_wconf 75' lang='grc' dir='ltr'><strong>καὶ</strong></span> <span class='ocrx_word' id='word_1_264' title='bbox 1795 3257 1830 3323; x_wconf 78' lang='grc' dir='ltr'><em>ἠ</em></span> <span class='ocrx_word' id='word_1_265' title='bbox 1881 3259 2131 3325; x_wconf 87' lang='grc' dir='ltr'><strong>σύνεσις</strong></span> 
     </span>
    </p>
   </div>
   <div class='ocr_carea' id='block_1_37' title="bbox 569 3337 2132 3420">
    <p class='ocr_par' dir='ltr' id='par_1_37' title="bbox 569 3337 2132 3420">
     <span class='ocr_line' id='line_1_37' title="bbox 569 3337 2132 3420; baseline 0.008 -26"><span class='ocrx_word' id='word_1_266' title='bbox 569 3338 669 3394; x_wconf 73' lang='grc' dir='ltr'><strong>καὶ</strong></span> <span class='ocrx_word' id='word_1_267' title='bbox 697 3340 736 3407; x_wconf 80' lang='grc' dir='ltr'>ἡ</span> <span class='ocrx_word' id='word_1_268' title='bbox 759 3337 934 3406; x_wconf 69' lang='grc' dir='ltr'><strong>ἰσχὺς</strong></span> <span class='ocrx_word' id='word_1_269' title='bbox 958 3339 1142 3392; x_wconf 84' lang='grc' dir='ltr'><strong>αὐτοῦ</strong></span> <span class='ocrx_word' id='word_1_270' title='bbox 1177 3340 1328 3394; x_wconf 87' lang='grc' dir='ltr'><strong>ἐστι.</strong></span> <span class='ocrx_word' id='word_1_271' title='bbox 1375 3342 1484 3396; x_wconf 87' lang='lat' dir='ltr'><strong><em>Kal</em></strong></span> <span class='ocrx_word' id='word_1_272' title='bbox 1524 3347 1703 3413; x_wconf 86' lang='grc' dir='ltr'><strong>αὐτὸς</strong></span> <span class='ocrx_word' id='word_1_273' title='bbox 1733 3350 1972 3404; x_wconf 78' lang='grc' dir='ltr'><strong>ἀλλοιοῖ</strong></span> <span class='ocrx_word' id='word_1_274' title='bbox 1997 3357 2132 3420; x_wconf 81' lang='grc' dir='ltr'><strong>χρό-</strong></span> 
     </span>
    </p>
   </div>
   <div class='ocr_carea' id='block_1_38' title="bbox 568 3432 2126 3514">
    <p class='ocr_par' dir='ltr' id='par_1_38' title="bbox 568 3432 2126 3514">
     <span class='ocr_line' id='line_1_38' title="bbox 568 3432 2126 3514; baseline 0.008 -26"><span class='ocrx_word' id='word_1_275' title='bbox 568 3451 714 3499; x_wconf 82' lang='grc' dir='ltr'><strong>νους</strong></span> <span class='ocrx_word' id='word_1_276' title='bbox 735 3432 832 3488; x_wconf 76' lang='grc' dir='ltr'><strong>καὶ</strong></span> <span class='ocrx_word' id='word_1_277' title='bbox 860 3433 1121 3501; x_wconf 85' lang='grc' dir='ltr'><strong>καιροὺς,</strong></span> <span class='ocrx_word' id='word_1_278' title='bbox 1148 3435 1399 3503; x_wconf 83' lang='grc' dir='ltr'><strong>καθιστᾷ</strong></span> <span class='ocrx_word' id='word_1_279' title='bbox 1415 3439 1697 3508; x_wconf 81' lang='grc' dir='ltr'><strong>βασιλεῖς</strong></span> <span class='ocrx_word' id='word_1_280' title='bbox 1727 3445 1824 3497; x_wconf 74' lang='grc' dir='ltr'><strong>καὶ</strong></span> <span class='ocrx_word' id='word_1_281' title='bbox 1853 3447 2126 3514; x_wconf 82' lang='grc' dir='ltr'><strong>μεθιστᾷ,</strong></span> 
     </span>
    </p>
   </div>
   <div class='ocr_carea' id='block_1_39' title="bbox 567 3527 2129 3608">
    <p class='ocr_par' dir='ltr' id='par_1_39' title="bbox 567 3527 2129 3608">
     <span class='ocr_line' id='line_1_39' title="bbox 567 3527 2129 3608; baseline 0.007 -24"><span class='ocrx_word' id='word_1_282' title='bbox 567 3528 767 3593; x_wconf 74' lang='grc' dir='ltr'><strong>διδοὺς</strong></span> <span class='ocrx_word' id='word_1_283' title='bbox 818 3527 1038 3596; x_wconf 86' lang='grc' dir='ltr'><strong>σοφίαν</strong></span> <span class='ocrx_word' id='word_1_284' title='bbox 1086 3528 1209 3594; x_wconf 86' lang='grc' dir='ltr'><strong>τοῖς</strong></span> <span class='ocrx_word' id='word_1_285' title='bbox 1255 3532 1486 3600; x_wconf 87' lang='grc' dir='ltr'><strong>σοφοῖς,</strong></span> <span class='ocrx_word' id='word_1_286' title='bbox 1535 3534 1634 3589; x_wconf 75' lang='grc' dir='ltr'><strong>καὶ</strong></span> <span class='ocrx_word' id='word_1_287' title='bbox 1667 3539 1967 3606; x_wconf 73' lang='grc' dir='ltr'><strong>φρόνησιν</strong></span> <span class='ocrx_word' id='word_1_288' title='bbox 2006 3542 2129 3608; x_wconf 81' lang='grc' dir='ltr'><strong>τοῖς</strong></span> 
     </span>
    </p>
   </div>
   <div class='ocr_carea' id='block_1_40' title="bbox 561 3623 2124 3696">
    <p class='ocr_par' dir='ltr' id='par_1_40' title="bbox 561 3623 2124 3696">
     <span class='ocr_line' id='line_1_40' title="bbox 561 3623 2124 3696; baseline 0.01 -22"><span class='ocrx_word' id='word_1_289' title='bbox 561 3623 798 3676; x_wconf 76' lang='grc' dir='ltr'><strong>αῖτοῦσι</strong></span> <span class='ocrx_word' id='word_1_290' title='bbox 819 3623 1093 3675; x_wconf 87' lang='grc' dir='ltr'><strong>σύνεσιν.</strong></span> <span class='ocrx_word' id='word_1_291' title='bbox 1133 3623 1325 3690; x_wconf 81' lang='grc' dir='ltr'><strong>Αὐτὸς</strong></span> <span class='ocrx_word' id='word_1_292' title='bbox 1358 3628 1770 3684; x_wconf 70' lang='grc' dir='ltr'><strong>ἀποκαλύπτει</strong></span> <span class='ocrx_word' id='word_1_293' title='bbox 1803 3635 1995 3696; x_wconf 81' lang='grc' dir='ltr'><strong>,ϐαθέα</strong></span> <span class='ocrx_word' id='word_1_294' title='bbox 2027 3637 2124 3689; x_wconf 76' lang='grc' dir='ltr'><strong>καὶ</strong></span> 
     </span>
    </p>
   </div>
   <div class='ocr_carea' id='block_1_41' title="bbox 562 3714 2126 3796">
    <p class='ocr_par' dir='ltr' id='par_1_41' title="bbox 562 3714 2126 3796">
     <span class='ocr_line' id='line_1_41' title="bbox 562 3714 2126 3796; baseline 0.01 -30"><span class='ocrx_word' id='word_1_295' title='bbox 562 3717 872 3782; x_wconf 69' lang='grc' dir='ltr'><strong>ἀπόκρυφα</strong></span> <span class='ocrx_word' id='word_1_296' title='bbox 891 3753 905 3776; x_wconf 87' lang='grc'><strong>,</strong></span> <span class='ocrx_word' id='word_1_297' title='bbox 934 3714 1240 3783; x_wconf 75' lang='grc' dir='ltr'><strong>γινώσκων</strong></span> <span class='ocrx_word' id='word_1_298' title='bbox 1255 3717 1326 3770; x_wconf 82' lang='grc' dir='ltr'><strong>τὰ</strong></span> <span class='ocrx_word' id='word_1_299' title='bbox 1353 3719 1423 3771; x_wconf 82' lang='grc' dir='ltr'><strong>ἐν</strong></span> <span class='ocrx_word' id='word_1_300' title='bbox 1441 3721 1521 3786; x_wconf 81' lang='grc' dir='ltr'><strong>τῷ</strong></span> <span class='ocrx_word' id='word_1_301' title='bbox 1547 3725 1768 3777; x_wconf 79' lang='grc' dir='ltr'><strong>σκότει’</strong></span> <span class='ocrx_word' id='word_1_302' title='bbox 1787 3726 1883 3779; x_wconf 78' lang='grc' dir='ltr'><strong>καὶ</strong></span> <span class='ocrx_word' id='word_1_303' title='bbox 1909 3729 1974 3780; x_wconf 85' lang='grc' dir='ltr'><strong>τὸ</strong></span> <span class='ocrx_word' id='word_1_304' title='bbox 2003 3728 2126 3796; x_wconf 88' lang='grc' dir='ltr'><strong>φῶς</strong></span> 
     </span>
    </p>
   </div>
   <div class='ocr_carea' id='block_1_42' title="bbox 561 3806 2121 3890">
    <p class='ocr_par' dir='ltr' id='par_1_42' title="bbox 561 3806 2121 3890">
     <span class='ocr_line' id='line_1_42' title="bbox 561 3806 2121 3890; baseline 0.01 -31"><span class='ocrx_word' id='word_1_305' title='bbox 561 3808 685 3876; x_wconf 81' lang='grc' dir='ltr'><strong>μετ’</strong></span> <span class='ocrx_word' id='word_1_306' title='bbox 707 3806 892 3861; x_wconf 83' lang='grc' dir='ltr'><strong>αὐτοῦ</strong></span> <span class='ocrx_word' id='word_1_307' title='bbox 915 3807 1063 3862; x_wconf 80' lang='grc' dir='ltr'><strong>ἐστι.</strong></span> <span class='ocrx_word' id='word_1_308' title='bbox 1111 3809 1212 3863; x_wconf 72' lang='grc' dir='ltr'><strong>Σοὶ</strong></span> <span class='ocrx_word' id='word_1_309' title='bbox 1231 3851 1246 3874; x_wconf 89' lang='grc'><strong>,</strong></span> <span class='ocrx_word' id='word_1_310' title='bbox 1278 3815 1310 3864; x_wconf 83' lang='grc' dir='ltr'><strong>ό</strong></span> <span class='ocrx_word' id='word_1_311' title='bbox 1341 3813 1488 3878; x_wconf 82' lang='grc' dir='ltr'><strong>Θεὸς</strong></span> <span class='ocrx_word' id='word_1_312' title='bbox 1522 3815 1642 3868; x_wconf 87' lang='grc' dir='ltr'><strong>τῶν</strong></span> <span class='ocrx_word' id='word_1_313' title='bbox 1673 3820 1943 3885; x_wconf 84' lang='grc' dir='ltr'><strong>πατέρων</strong></span> <span class='ocrx_word' id='word_1_314' title='bbox 1985 3839 2121 3890; x_wconf 82' lang='grc' dir='ltr'><strong>μου,</strong></span> 
     </span>
    </p>
   </div>
   <div class='ocr_carea' id='block_1_43' title="bbox 563 3902 2126 3978">
    <p class='ocr_par' dir='ltr' id='par_1_43' title="bbox 563 3902 2126 3978">
     <span class='ocr_line' id='line_1_43' title="bbox 563 3902 2126 3978; baseline 0.009 -25"><span class='ocrx_word' id='word_1_315' title='bbox 563 3902 1044 3970; x_wconf 73' lang='grc' dir='ltr'><strong>ἐξομολογοῦμαι,</strong></span> <span class='ocrx_word' id='word_1_316' title='bbox 1080 3904 1177 3956; x_wconf 80' lang='grc' dir='ltr'><strong>καὶ</strong></span> <span class='ocrx_word' id='word_1_317' title='bbox 1217 3905 1394 3971; x_wconf 80' lang='grc' dir='ltr'><strong>αίνῶ,</strong></span> <span class='ocrx_word' id='word_1_318' title='bbox 1430 3908 1520 3961; x_wconf 87' lang='grc' dir='ltr'><strong>ὅτι</strong></span> <span class='ocrx_word' id='word_1_319' title='bbox 1559 3911 1786 3978; x_wconf 93' lang='grc' dir='ltr'><strong>σοφίαν</strong></span> <span class='ocrx_word' id='word_1_320' title='bbox 1829 3914 1925 3965; x_wconf 79' lang='grc' dir='ltr'><strong>καὶ</strong></span> <span class='ocrx_word' id='word_1_321' title='bbox 1980 3916 2126 3968; x_wconf 89' lang='grc' dir='ltr'><strong>σύν-</strong></span> 
     </span>
    </p>
   </div>
   <div class='ocr_carea' id='block_1_44' title="bbox 563 3995 2124 4073">
    <p class='ocr_par' dir='ltr' id='par_1_44' title="bbox 563 3995 2124 4073">
     <span class='ocr_line' id='line_1_44' title="bbox 563 3995 2124 4073; baseline 0.008 -26"><span class='ocrx_word' id='word_1_322' title='bbox 563 4011 698 4048; x_wconf 83' lang='grc' dir='ltr'><strong>εσιν</strong></span> <span class='ocrx_word' id='word_1_323' title='bbox 727 3995 949 4060; x_wconf 68' lang='grc' dir='ltr'><strong>ἔδωκάς</strong></span> <span class='ocrx_word' id='word_1_324' title='bbox 976 4013 1096 4062; x_wconf 80' lang='grc' dir='ltr'><strong>μοι,</strong></span> <span class='ocrx_word' id='word_1_325' title='bbox 1125 3999 1220 4051; x_wconf 77' lang='grc' dir='ltr'><strong>καὶ</strong></span> <span class='ocrx_word' id='word_1_326' title='bbox 1245 4000 1359 4052; x_wconf 85' lang='grc' dir='ltr'><strong>νῦν</strong></span> <span class='ocrx_word' id='word_1_327' title='bbox 1398 4001 1725 4070; x_wconf 76' lang='grc' dir='ltr'><strong>ἐγνώρισάς</strong></span> <span class='ocrx_word' id='word_1_328' title='bbox 1745 4022 1843 4072; x_wconf 86' lang='grc' dir='ltr'><strong>μοι</strong></span> <span class='ocrx_word' id='word_1_329' title='bbox 1882 4006 1920 4059; x_wconf 78' lang='grc' dir='ltr'><strong><em>ἃ</em></strong></span> <span class='ocrx_word' id='word_1_330' title='bbox 1951 4006 2124 4073; x_wconf 75' lang='grc' dir='ltr'><strong>ἠξιώ-</strong></span> 
     </span>
    </p>
   </div>
   <div class='ocr_carea' id='block_1_45' title="bbox 563 4087 2122 4169">
    <p class='ocr_par' dir='ltr' id='par_1_45' title="bbox 563 4087 2122 4169">
     <span class='ocr_line' id='line_1_45' title="bbox 563 4087 2122 4169; baseline 0.008 -27"><span class='ocrx_word' id='word_1_331' title='bbox 563 4105 756 4157; x_wconf 78' lang='grc' dir='ltr'><strong>σαμεν</strong></span> <span class='ocrx_word' id='word_1_332' title='bbox 793 4090 948 4156; x_wconf 76' lang='grc' dir='ltr'><strong>παρὰ</strong></span> <span class='ocrx_word' id='word_1_333' title='bbox 974 4090 1107 4144; x_wconf 91' lang='grc' dir='ltr'><strong>σοῦ.</strong></span> <span class='ocrx_word' id='word_1_334' title='bbox 1163 4087 1383 4146; x_wconf 82' lang='grc' dir='ltr'><strong>Οὐδέπω</strong></span> <span class='ocrx_word' id='word_1_335' title='bbox 1422 4097 1671 4164; x_wconf 85' lang='grc' dir='ltr'><strong>φανερῶς</strong></span> <span class='ocrx_word' id='word_1_336' title='bbox 1724 4099 1872 4169; x_wconf 89' lang='grc' dir='ltr'><strong>αὐτῷ</strong></span> <span class='ocrx_word' id='word_1_337' title='bbox 1914 4103 2122 4155; x_wconf 85' lang='grc' dir='ltr'><strong>ἀπεκα-</strong></span> 
     </span>
    </p>
   </div>
   <div class='ocr_carea' id='block_1_46' title="bbox 560 4181 2124 4264">
    <p class='ocr_par' dir='ltr' id='par_1_46' title="bbox 560 4181 2124 4264">
     <span class='ocr_line' id='line_1_46' title="bbox 560 4181 2124 4264; baseline 0.01 -31"><span class='ocrx_word' id='word_1_338' title='bbox 560 4181 756 4251; x_wconf 80' lang='grc' dir='ltr'><strong>λύφθη.</strong></span> <span class='ocrx_word' id='word_1_339' title='bbox 802 4182 913 4236; x_wconf 83' lang='grc' dir='ltr'><strong>ἀλλ’</strong></span> <span class='ocrx_word' id='word_1_340' title='bbox 938 4183 1016 4234; x_wconf 76' lang='grc' dir='ltr'><strong>ἔτι</strong></span> <span class='ocrx_word' id='word_1_341' title='bbox 1073 4186 1130 4235; x_wconf 80' lang='grc' dir='ltr'><strong>ἐν</strong></span> <span class='ocrx_word' id='word_1_342' title='bbox 1178 4187 1445 4255; x_wconf 84' lang='grc' dir='ltr'><strong>ὁράματι·</strong></span> <span class='ocrx_word' id='word_1_343' title='bbox 1483 4192 1924 4259; x_wconf 80' lang='grc' dir='ltr'><strong>προγυμνάζεται</strong></span> <span class='ocrx_word' id='word_1_344' title='bbox 1962 4197 2067 4264; x_wconf 74' lang='grc' dir='ltr'><strong>γὰρ</strong></span> <span class='ocrx_word' id='word_1_345' title='bbox 2096 4199 2124 4249; x_wconf 84' lang='grc' dir='ltr'><strong>ό</strong></span> 
     </span>
    </p>
   </div>
   <div class='ocr_carea' id='block_1_47' title="bbox 560 4278 2123 4355">
    <p class='ocr_par' dir='ltr' id='par_1_47' title="bbox 560 4278 2123 4355">
     <span class='ocr_line' id='line_1_47' title="bbox 560 4278 2123 4355; baseline 0.008 -28"><span class='ocrx_word' id='word_1_346' title='bbox 560 4278 862 4346; x_wconf 81' lang='grc' dir='ltr'><strong>προφήτης.</strong></span> <span class='ocrx_word' id='word_1_347' title='bbox 896 4279 1035 4348; x_wconf 81' lang='grc' dir='ltr'><strong>Ὅρα</strong></span> <span class='ocrx_word' id='word_1_348' title='bbox 1063 4279 1117 4330; x_wconf 86' lang='grc' dir='ltr'><strong>δὲ</strong></span> <span class='ocrx_word' id='word_1_349' title='bbox 1147 4281 1308 4333; x_wconf 78' lang='grc' dir='ltr'><strong>αὐτοῦ</strong></span> <span class='ocrx_word' id='word_1_350' title='bbox 1331 4283 1430 4353; x_wconf 78' lang='grc' dir='ltr'><strong>τὴν</strong></span> <span class='ocrx_word' id='word_1_351' title='bbox 1459 4285 1792 4355; x_wconf 74' lang='grc' dir='ltr'><strong>παρρησίαν.</strong></span> <span class='ocrx_word' id='word_1_352' title='bbox 1817 4285 1962 4354; x_wconf 83' lang='grc' dir='ltr'><strong>Τίςή</strong></span> <span class='ocrx_word' id='word_1_353' title='bbox 1988 4290 2123 4354; x_wconf 78' lang='grc' dir='ltr'><strong>γνώ·</strong></span> 
     </span>
    </p>
   </div>
   <div class='ocr_carea' id='block_1_48' title="bbox 563 4373 2124 4451">
    <p class='ocr_par' dir='ltr' id='par_1_48' title="bbox 563 4373 2124 4451">
     <span class='ocr_line' id='line_1_48' title="bbox 563 4373 2124 4451; baseline -0.006 -10"><span class='ocrx_word' id='word_1_354' title='bbox 563 4389 658 4441; x_wconf 70' lang='grc' dir='ltr'><strong>μη.</strong></span> <span class='ocrx_word' id='word_1_355' title='bbox 689 4373 840 4440; x_wconf 69' lang='grc' dir='ltr'><strong>φησὶ.</strong></span> <span class='ocrx_word' id='word_1_356' title='bbox 876 4373 910 4442; x_wconf 68' lang='grc' dir='ltr'>ἢ</span> <span class='ocrx_word' id='word_1_357' title='bbox 949 4373 1169 4443; x_wconf 80' lang='grc' dir='ltr'><strong>ἀναιδὴς</strong></span> <span class='ocrx_word' id='word_1_358' title='bbox 1206 4375 1381 4444; x_wconf 84' lang='grc' dir='ltr'><strong>αὖτη;</strong></span> <span class='ocrx_word' id='word_1_359' title='bbox 1430 4379 1660 4447; x_wconf 86' lang='grc' dir='ltr'><strong>Ἔμοιγε</strong></span> <span class='ocrx_word' id='word_1_360' title='bbox 1700 4379 1847 4432; x_wconf 90' lang='grc' dir='ltr'><strong>δοκεῖ</strong></span> <span class='ocrx_word' id='word_1_361' title='bbox 1894 4381 1988 4433; x_wconf 80' lang='grc' dir='ltr'><strong>καὶ</strong></span> <span class='ocrx_word' id='word_1_362' title='bbox 2019 4383 2124 4451; x_wconf 83' lang='grc' dir='ltr'><strong>πρὸ</strong></span> 
     </span>
    </p>
   </div>
   <div class='ocr_carea' id='block_1_49' title="bbox 557 4467 2123 4547">
    <p class='ocr_par' dir='ltr' id='par_1_49' title="bbox 557 4467 2123 4547">
     <span class='ocr_line' id='line_1_49' title="bbox 557 4467 2123 4547; baseline 0.006 -30"><span class='ocrx_word' id='word_1_363' title='bbox 557 4467 656 4535; x_wconf 82' lang='grc' dir='ltr'><strong>τῆς</strong></span> <span class='ocrx_word' id='word_1_364' title='bbox 704 4467 977 4536; x_wconf 84' lang='grc' dir='ltr'><strong>εὑρήσεως</strong></span> <span class='ocrx_word' id='word_1_365' title='bbox 1027 4468 1391 4523; x_wconf 82' lang='grc' dir='ltr'><strong>κεκωλυκέναι</strong></span> <span class='ocrx_word' id='word_1_366' title='bbox 1440 4471 1530 4525; x_wconf 85' lang='grc' dir='ltr'><strong>τὸν</strong></span> <span class='ocrx_word' id='word_1_367' title='bbox 1582 4475 1976 4544; x_wconf 83' lang='grc' dir='ltr'><strong>ἀρχιμάγειρον</strong></span> <span class='ocrx_word' id='word_1_368' title='bbox 2026 4479 2123 4547; x_wconf 76' lang='grc' dir='ltr'><strong>τῆς</strong></span> 
     </span>
    </p>
   </div>
   <div class='ocr_carea' id='block_1_50' title="bbox 561 4560 2120 4640">
    <p class='ocr_par' dir='ltr' id='par_1_50' title="bbox 561 4560 2120 4640">
     <span class='ocr_line' id='line_1_50' title="bbox 561 4560 2120 4640; baseline 0.008 -30"><span class='ocrx_word' id='word_1_369' title='bbox 561 4562 791 4629; x_wconf 77' lang='grc' dir='ltr'><strong>σφαγῆς,</strong></span> <span class='ocrx_word' id='word_1_370' title='bbox 822 4560 898 4629; x_wconf 83' lang='grc' dir='ltr'><strong>τῷ</strong></span> <span class='ocrx_word' id='word_1_371' title='bbox 920 4577 977 4611; x_wconf 93' lang='grc' dir='ltr'><strong>τε</strong></span> <span class='ocrx_word' id='word_1_372' title='bbox 1005 4566 1372 4634; x_wconf 85' lang='grc' dir='ltr'><strong>κατηγορῆσαι</strong></span> <span class='ocrx_word' id='word_1_373' title='bbox 1411 4568 1511 4636; x_wconf 81' lang='grc' dir='ltr'><strong>τῆς</strong></span> <span class='ocrx_word' id='word_1_374' title='bbox 1543 4567 1926 4638; x_wconf 76' lang='grc' dir='ltr'><strong>ἐγχειρήσεως,</strong></span> <span class='ocrx_word' id='word_1_375' title='bbox 1962 4571 2039 4640; x_wconf 86' lang='grc' dir='ltr'><strong>τῷ</strong></span> <span class='ocrx_word' id='word_1_376' title='bbox 2062 4589 2120 4624; x_wconf 90' lang='grc' dir='ltr'><strong>τε</strong></span> 
     </span>
    </p>
   </div>
   <div class='ocr_carea' id='block_1_51' title="bbox 557 4652 2120 4723">
    <p class='ocr_par' dir='ltr' id='par_1_51' title="bbox 557 4652 2120 4723">
     <span class='ocr_line' id='line_1_51' title="bbox 557 4652 2120 4723; baseline 0.009 -20"><span class='ocrx_word' id='word_1_377' title='bbox 557 4652 883 4721; x_wconf 77' lang='grc' dir='ltr'><strong>ὑποσχέσθαι</strong></span> <span class='ocrx_word' id='word_1_378' title='bbox 912 4654 1063 4707; x_wconf 83' lang='grc' dir='ltr'><strong>λύσιν</strong></span> <span class='ocrx_word' id='word_1_379' title='bbox 1097 4655 1272 4723; x_wconf 82' lang='grc' dir='ltr'><strong>εὑρεῖν</strong></span> <span class='ocrx_word' id='word_1_380' title='bbox 1303 4658 1397 4711; x_wconf 85' lang='grc' dir='ltr'><strong>τοῦ</strong></span> <span class='ocrx_word' id='word_1_381' title='bbox 1438 4659 1631 4713; x_wconf 81' lang='grc' dir='ltr'><strong>δεινοῦ.</strong></span> <span class='ocrx_word' id='word_1_382' title='bbox 1675 4659 1739 4712; x_wconf 91' lang='grc' dir='ltr'><strong>Τί</strong></span> <span class='ocrx_word' id='word_1_383' title='bbox 1775 4659 1866 4714; x_wconf 80' lang='grc' dir='ltr'><strong>οὖν</strong></span> <span class='ocrx_word' id='word_1_384' title='bbox 1915 4665 2120 4716; x_wconf 77' lang='grc' dir='ltr'><strong>ἀπεκα-</strong></span> 
     </span>
    </p>
   </div>
   <div class='ocr_carea' id='block_1_52' title="bbox 557 4746 2115 4828">
    <p class='ocr_par' dir='ltr' id='par_1_52' title="bbox 557 4746 2115 4828">
     <span class='ocr_line' id='line_1_52' title="bbox 557 4746 2115 4828; baseline 0.009 -31"><span class='ocrx_word' id='word_1_385' title='bbox 557 4746 729 4814; x_wconf 71' lang='grc' dir='ltr'><strong>λύφθη</strong></span> <span class='ocrx_word' id='word_1_386' title='bbox 759 4747 832 4817; x_wconf 83' lang='grc' dir='ltr'><strong>τῷ</strong></span> <span class='ocrx_word' id='word_1_387' title='bbox 860 4748 1081 4817; x_wconf 83' lang='grc' dir='ltr'><strong>Δανιήλ;</strong></span> <span class='ocrx_word' id='word_1_388' title='bbox 1109 4749 1260 4802; x_wconf 87' lang='grc' dir='ltr'><strong>Ἐστι</strong></span> <span class='ocrx_word' id='word_1_389' title='bbox 1287 4752 1395 4820; x_wconf 79' lang='grc' dir='ltr'><strong>γάρ</strong></span> <span class='ocrx_word' id='word_1_390' title='bbox 1429 4754 1525 4805; x_wconf 75' lang='grc' dir='ltr'><strong>καὶ</strong></span> <span class='ocrx_word' id='word_1_391' title='bbox 1555 4754 1611 4804; x_wconf 84' lang='grc' dir='ltr'><strong>ὲν</strong></span> <span class='ocrx_word' id='word_1_392' title='bbox 1635 4755 1806 4821; x_wconf 78' lang='grc' dir='ltr'><strong>ἁγίοις</strong></span> <span class='ocrx_word' id='word_1_393' title='bbox 1841 4758 2079 4828; x_wconf 85' lang='grc' dir='ltr'><strong>ὐπεοοχή</strong></span> <span class='ocrx_word' id='word_1_394' title='bbox 2102 4777 2115 4790; x_wconf 89' lang='grc'><strong>·</strong></span> 
     </span>
    </p>
   </div>
   <div class='ocr_carea' id='block_1_53' title="bbox 557 4841 2119 4920">
    <p class='ocr_par' dir='ltr' id='par_1_53' title="bbox 557 4841 2119 4920">
     <span class='ocr_line' id='line_1_53' title="bbox 557 4841 2119 4920; baseline 0.007 -27"><span class='ocrx_word' id='word_1_395' title='bbox 557 4841 634 4893; x_wconf 72' lang='grc' dir='ltr'><strong>διδ</strong></span> <span class='ocrx_word' id='word_1_396' title='bbox 659 4842 751 4893; x_wconf 72' lang='grc' dir='ltr'><strong>καὶ</strong></span> <span class='ocrx_word' id='word_1_397' title='bbox 784 4842 942 4903; x_wconf 83' lang='grc' dir='ltr'><strong>αὐτὸς</strong></span> <span class='ocrx_word' id='word_1_398' title='bbox 993 4845 1343 4913; x_wconf 80' lang='grc' dir='ltr'><strong>προτιμᾶται.</strong></span> <span class='ocrx_word' id='word_1_399' title='bbox 1377 4847 1487 4898; x_wconf 76' lang='grc' dir='ltr'><strong>Καὶ</strong></span> <span class='ocrx_word' id='word_1_400' title='bbox 1517 4846 1631 4909; x_wconf 85' lang='grc' dir='ltr'><strong>πῶς</strong></span> <span class='ocrx_word' id='word_1_401' title='bbox 1658 4844 1826 4911; x_wconf 75' lang='grc' dir='ltr'><strong>εῖδενς</strong></span> <span class='ocrx_word' id='word_1_402' title='bbox 1873 4852 1960 4902; x_wconf 87' lang='grc' dir='ltr'><strong>Ἐν</strong></span> <span class='ocrx_word' id='word_1_403' title='bbox 1993 4852 2119 4920; x_wconf 86' lang='grc' dir='ltr'><strong>ὁρά-</strong></span> 
     </span>
    </p>
   </div>
   <div class='ocr_carea' id='block_1_54' title="bbox 558 4937 2117 5010">
    <p class='ocr_par' dir='ltr' id='par_1_54' title="bbox 558 4937 2117 5010">
     <span class='ocr_line' id='line_1_54' title="bbox 558 4937 2117 5010; baseline 0.007 -24"><span class='ocrx_word' id='word_1_404' title='bbox 558 4952 706 5005; x_wconf 90' lang='grc' dir='ltr'><strong>ματι,</strong></span> <span class='ocrx_word' id='word_1_405' title='bbox 730 4938 881 5003; x_wconf 73' lang='grc' dir='ltr'><strong>φησὶ,</strong></span> <span class='ocrx_word' id='word_1_406' title='bbox 914 4938 974 4989; x_wconf 90' lang='grc' dir='ltr'><strong>οὐ</strong></span> <span class='ocrx_word' id='word_1_407' title='bbox 1016 4937 1157 4991; x_wconf 84' lang='grc' dir='ltr'><strong>κατὰ</strong></span> <span class='ocrx_word' id='word_1_408' title='bbox 1189 4939 1536 5009; x_wconf 81' lang='grc' dir='ltr'><strong>ἀνθρωπίνην</strong></span> <span class='ocrx_word' id='word_1_409' title='bbox 1563 4942 1773 5010; x_wconf 87' lang='grc' dir='ltr'><strong>σοφίαν.</strong></span> <span class='ocrx_word' id='word_1_410' title='bbox 1804 4945 1915 4996; x_wconf 85' lang='grc' dir='ltr'><strong>Καὶ</strong></span> <span class='ocrx_word' id='word_1_411' title='bbox 1943 4946 2117 5008; x_wconf 85' lang='grc' dir='ltr'><strong>καλῶς</strong></span> 
     </span>
    </p>
   </div>
   <div class='ocr_carea' id='block_1_55' title="bbox 555 5030 2116 5104">
    <p class='ocr_par' dir='ltr' id='par_1_55' title="bbox 555 5030 2116 5104">
     <span class='ocr_line' id='line_1_55' title="bbox 555 5030 2116 5104; baseline 0.006 -24"><span class='ocrx_word' id='word_1_412' title='bbox 555 5030 852 5099; x_wconf 82' lang='grc' dir='ltr'><strong>μυστήριον</strong></span> <span class='ocrx_word' id='word_1_413' title='bbox 885 5031 1013 5083; x_wconf 84' lang='grc' dir='ltr'><strong>αὐτὸ</strong></span> <span class='ocrx_word' id='word_1_414' title='bbox 1043 5032 1213 5096; x_wconf 88' lang='grc' dir='ltr'><strong>καλεῖ,</strong></span> <span class='ocrx_word' id='word_1_415' title='bbox 1247 5033 1274 5084; x_wconf 85' lang='grc' dir='ltr'><strong>ὃ</strong></span> <span class='ocrx_word' id='word_1_416' title='bbox 1308 5034 1474 5085; x_wconf 78' lang='grc' dir='ltr'><strong>πᾶσιν</strong></span> <span class='ocrx_word' id='word_1_417' title='bbox 1531 5034 1780 5104; x_wconf 78' lang='grc' dir='ltr'><strong>ἠγνόητο.</strong></span> <span class='ocrx_word' id='word_1_418' title='bbox 1819 5038 1927 5090; x_wconf 75' lang='grc' dir='ltr'><strong>Καὶ</strong></span> <span class='ocrx_word' id='word_1_419' title='bbox 1970 5037 2116 5090; x_wconf 88' lang='grc' dir='ltr'><strong>εὐλό-</strong></span> 
     </span>
    </p>
   </div>
   <div class='ocr_carea' id='block_1_56' title="bbox 549 5123 2110 5199">
    <p class='ocr_par' dir='ltr' id='par_1_56' title="bbox 549 5123 2110 5199">
     <span class='ocr_line' id='line_1_56' title="bbox 549 5123 2110 5199; baseline 0.006 -25"><span class='ocrx_word' id='word_1_420' title='bbox 549 5140 683 5192; x_wconf 87' lang='grc' dir='ltr'><strong>γησε</strong></span> <span class='ocrx_word' id='word_1_421' title='bbox 708 5123 796 5178; x_wconf 87' lang='grc' dir='ltr'><strong>τὸν</strong></span> <span class='ocrx_word' id='word_1_422' title='bbox 821 5125 951 5176; x_wconf 86' lang='grc' dir='ltr'><strong>Θεὸν</strong></span> <span class='ocrx_word' id='word_1_423' title='bbox 975 5124 1068 5176; x_wconf 78' lang='grc' dir='ltr'><strong>τοῦ</strong></span> <span class='ocrx_word' id='word_1_424' title='bbox 1095 5127 1343 5196; x_wconf 79' lang='grc' dir='ltr'><strong>οὐρανοῦ.</strong></span> <span class='ocrx_word' id='word_1_425' title='bbox 1377 5129 1481 5179; x_wconf 85' lang='grc' dir='ltr'><strong>Τὸν</strong></span> <span class='ocrx_word' id='word_1_426' title='bbox 1509 5131 1923 5199; x_wconf 80' lang='grc' dir='ltr'><strong>παντοκράτορά</strong></span> <span class='ocrx_word' id='word_1_427' title='bbox 1947 5147 2077 5199; x_wconf 86' lang='grc' dir='ltr'><strong>φησι</strong></span> <span class='ocrx_word' id='word_1_428' title='bbox 2098 5148 2110 5160; x_wconf 89' lang='grc'><strong>·</strong></span> 
     </span>
    </p>
   </div>
   <div class='ocr_carea' id='block_1_57' title="bbox 548 5217 2113 5293">
    <p class='ocr_par' dir='ltr' id='par_1_57' title="bbox 548 5217 2113 5293">
     <span class='ocr_line' id='line_1_57' title="bbox 548 5217 2113 5293; baseline 0.004 -24"><span class='ocrx_word' id='word_1_429' title='bbox 548 5217 810 5280; x_wconf 82' lang='grc' dir='ltr'><strong>τουτέστι,</strong></span> <span class='ocrx_word' id='word_1_430' title='bbox 843 5217 931 5270; x_wconf 83' lang='grc' dir='ltr'><strong>τὸν</strong></span> <span class='ocrx_word' id='word_1_431' title='bbox 965 5219 1058 5270; x_wconf 78' lang='grc' dir='ltr'><strong>καὶ</strong></span> <span class='ocrx_word' id='word_1_432' title='bbox 1095 5220 1210 5271; x_wconf 79' lang='grc' dir='ltr'><strong>ἐκεῖ</strong></span> <span class='ocrx_word' id='word_1_433' title='bbox 1238 5222 1293 5272; x_wconf 77' lang='grc' dir='ltr'><strong>ἐν</strong></span> <span class='ocrx_word' id='word_1_434' title='bbox 1329 5221 1394 5291; x_wconf 83' lang='grc' dir='ltr'><strong>τῆ</strong></span> <span class='ocrx_word' id='word_1_435' title='bbox 1442 5220 1734 5291; x_wconf 76' lang='grc' dir='ltr'><strong>βαρϐάρων</strong></span> <span class='ocrx_word' id='word_1_436' title='bbox 1767 5220 1918 5293; x_wconf 80' lang='grc' dir='ltr'><strong>χώρᾳ</strong></span> <span class='ocrx_word' id='word_1_437' title='bbox 1954 5223 2113 5277; x_wconf 88' lang='grc' dir='ltr'><strong>δυνά-</strong></span> 
     </span>
    </p>
   </div>
   <div class='ocr_carea' id='block_1_58' title="bbox 551 5311 2111 5386">
    <p class='ocr_par' dir='ltr' id='par_1_58' title="bbox 551 5311 2111 5386">
     <span class='ocr_line' id='line_1_58' title="bbox 551 5311 2111 5386; baseline 0.004 -24"><span class='ocrx_word' id='word_1_438' title='bbox 551 5329 723 5379; x_wconf 90' lang='grc' dir='ltr'><strong>μενον.</strong></span> <span class='ocrx_word' id='word_1_439' title='bbox 766 5311 1015 5381; x_wconf 81' lang='grc' dir='ltr'><strong>Οὐδαμοῦ</strong></span> <span class='ocrx_word' id='word_1_440' title='bbox 1053 5311 1234 5376; x_wconf 83' lang='grc' dir='ltr'><strong>θυσία,</strong></span> <span class='ocrx_word' id='word_1_441' title='bbox 1272 5315 1365 5366; x_wconf 73' lang='grc' dir='ltr'><strong>καὶ</strong></span> <span class='ocrx_word' id='word_1_442' title='bbox 1389 5313 1535 5379; x_wconf 81' lang='grc' dir='ltr'><strong>ναὸς,</strong></span> <span class='ocrx_word' id='word_1_443' title='bbox 1563 5316 1658 5366; x_wconf 73' lang='grc' dir='ltr'><strong>καὶ</strong></span> <span class='ocrx_word' id='word_1_444' title='bbox 1704 5315 2111 5386; x_wconf 85' lang='grc' dir='ltr'><strong>θυσιαστήριον,</strong></span> 
     </span>
    </p>
   </div>
   <div class='ocr_carea' id='block_1_59' title="bbox 545 5405 2110 5479">
    <p class='ocr_par' dir='ltr' id='par_1_59' title="bbox 545 5405 2110 5479">
     <span class='ocr_line' id='line_1_59' title="bbox 545 5405 2110 5479; baseline 0.003 -20"><span class='ocrx_word' id='word_1_445' title='bbox 545 5405 679 5459; x_wconf 83' lang='grc' dir='ltr'><strong>ἀλλὰ</strong></span> <span class='ocrx_word' id='word_1_446' title='bbox 723 5407 1038 5476; x_wconf 87' lang='grc' dir='ltr'><strong>προαίρεσις</strong></span> <span class='ocrx_word' id='word_1_447' title='bbox 1086 5408 1297 5476; x_wconf 84' lang='grc' dir='ltr'><strong>ἀγαθή·</strong></span> <span class='ocrx_word' id='word_1_448' title='bbox 1335 5408 1429 5461; x_wconf 66' lang='grc' dir='ltr'><strong>καλ⁷</strong></span> <span class='ocrx_word' id='word_1_449' title='bbox 1478 5408 1654 5460; x_wconf 86' lang='grc' dir='ltr'><strong>πάντα</strong></span> <span class='ocrx_word' id='word_1_450' title='bbox 1690 5409 1900 5476; x_wconf 78' lang='grc' dir='ltr'><strong>ἠνύετο.</strong></span> <span class='ocrx_word' id='word_1_451' title='bbox 1951 5411 2110 5479; x_wconf 81' lang='grc' dir='ltr'><strong>Ὅρα,</strong></span> 
     </span>
    </p>
   </div>
   <div class='ocr_carea' id='block_1_60' title="bbox 548 5500 2112 5573">
    <p class='ocr_par' dir='ltr' id='par_1_60' title="bbox 548 5500 2112 5573">
     <span class='ocr_line' id='line_1_60' title="bbox 548 5500 2112 5573; baseline 0.002 -20"><span class='ocrx_word' id='word_1_452' title='bbox 548 5501 682 5569; x_wconf 83' lang='grc' dir='ltr'><strong>μετὰ</strong></span> <span class='ocrx_word' id='word_1_453' title='bbox 717 5500 774 5552; x_wconf 86' lang='grc' dir='ltr'><strong>τὸ</strong></span> <span class='ocrx_word' id='word_1_454' title='bbox 807 5501 986 5554; x_wconf 80' lang='grc' dir='ltr'><strong>λαὸεῖν</strong></span> <span class='ocrx_word' id='word_1_455' title='bbox 1018 5501 1114 5571; x_wconf 82' lang='grc' dir='ltr'><strong>τὴν</strong></span> <span class='ocrx_word' id='word_1_456' title='bbox 1156 5502 1392 5570; x_wconf 83' lang='grc' dir='ltr'><strong>αἴτησιν,</strong></span> <span class='ocrx_word' id='word_1_457' title='bbox 1446 5502 1507 5553; x_wconf 91' lang='grc' dir='ltr'><strong>οὐ</strong></span> <span class='ocrx_word' id='word_1_458' title='bbox 1560 5503 1824 5572; x_wconf 88' lang='grc' dir='ltr'><strong>πρότερον</strong></span> <span class='ocrx_word' id='word_1_459' title='bbox 1879 5503 2112 5573; x_wconf 78' lang='grc' dir='ltr'><strong>ἔδραμεν</strong></span> 
     </span>
    </p>
   </div>
   <div class='ocr_carea' id='block_1_61' title="bbox 543 5592 2115 5667">
    <p class='ocr_par' dir='ltr' id='par_1_61' title="bbox 543 5592 2115 5667">
     <span class='ocr_line' id='line_1_61' title="bbox 543 5592 2115 5667; baseline 0.001 -19"><span class='ocrx_word' id='word_1_460' title='bbox 543 5597 635 5648; x_wconf 75' lang='grc' dir='ltr'><strong>ἐπὶ</strong></span> <span class='ocrx_word' id='word_1_461' title='bbox 652 5597 749 5666; x_wconf 83' lang='grc' dir='ltr'><strong>τὴν</strong></span> <span class='ocrx_word' id='word_1_462' title='bbox 774 5596 936 5666; x_wconf 86' lang='grc' dir='ltr'><strong>αὐλὴν</strong></span> <span class='ocrx_word' id='word_1_463' title='bbox 971 5597 1062 5650; x_wconf 83' lang='grc' dir='ltr'><strong>τοῦ</strong></span> <span class='ocrx_word' id='word_1_464' title='bbox 1088 5597 1374 5667; x_wconf 87' lang='grc' dir='ltr'><strong>βασιλέως,</strong></span> <span class='ocrx_word' id='word_1_465' title='bbox 1418 5598 1524 5659; x_wconf 78' lang='grc' dir='ltr'><strong>ἕως</strong></span> <span class='ocrx_word' id='word_1_466' title='bbox 1557 5592 1616 5651; x_wconf 77' lang='grc' dir='ltr'><strong>οὗ</strong></span> <span class='ocrx_word' id='word_1_467' title='bbox 1644 5597 1722 5667; x_wconf 85' lang='grc' dir='ltr'><strong>τῷ</strong></span> <span class='ocrx_word' id='word_1_468' title='bbox 1739 5597 1993 5650; x_wconf 85' lang='grc' dir='ltr'><strong>δεδωκότι</strong></span> <span class='ocrx_word' id='word_1_469' title='bbox 2017 5599 2115 5666; x_wconf 84' lang='grc' dir='ltr'><strong>χά-</strong></span> 
     </span>
    </p>
   </div>
   <div class='ocr_carea' id='block_1_62' title="bbox 543 5690 2106 5764">
    <p class='ocr_par' dir='ltr' id='par_1_62' title="bbox 543 5690 2106 5764">
     <span class='ocr_line' id='line_1_62' title="bbox 543 5690 2106 5764; baseline 0.002 -22"><span class='ocrx_word' id='word_1_470' title='bbox 543 5707 626 5759; x_wconf 80' lang='grc' dir='ltr'><strong>ριν</strong></span> <span class='ocrx_word' id='word_1_471' title='bbox 669 5690 976 5762; x_wconf 84' lang='grc' dir='ltr'><strong>ὡμολόγησε</strong></span> <span class='ocrx_word' id='word_1_472' title='bbox 1031 5694 1131 5762; x_wconf 82' lang='grc' dir='ltr'><strong>τὴν</strong></span> <span class='ocrx_word' id='word_1_473' title='bbox 1197 5693 1493 5764; x_wconf 82' lang='grc' dir='ltr'><strong>μεγίστην·</strong></span> <span class='ocrx_word' id='word_1_474' title='bbox 1549 5693 1610 5747; x_wconf 88' lang='grc' dir='ltr'><strong>οὐ</strong></span> <span class='ocrx_word' id='word_1_475' title='bbox 1655 5693 1906 5762; x_wconf 81' lang='grc' dir='ltr'><strong>καθάπερ</strong></span> <span class='ocrx_word' id='word_1_476' title='bbox 1944 5695 2106 5764; x_wconf 80' lang='grc' dir='ltr'><strong>ἡμεῖς</strong></span> 
     </span>
    </p>
   </div>
   <div class='ocr_carea' id='block_1_63' title="bbox 2262 805 3801 893">
    <p class='ocr_par' dir='ltr' id='par_1_63' title="bbox 2262 805 3801 893">
     <span class='ocr_line' id='line_1_63' title="bbox 2262 805 3801 893; baseline 0.015 -36"><span class='ocrx_word' id='word_1_477' title='bbox 2262 805 2359 858; x_wconf 75' lang='grc' dir='ltr'><strong>καὶ</strong></span> <span class='ocrx_word' id='word_1_478' title='bbox 2390 807 2499 874; x_wconf 80' lang='grc' dir='ltr'><strong>ἕως</strong></span> <span class='ocrx_word' id='word_1_479' title='bbox 2537 813 2640 866; x_wconf 90' lang='grc' dir='ltr'><strong>τοῦ</strong></span> <span class='ocrx_word' id='word_1_480' title='bbox 2675 815 2902 883; x_wconf 74' lang='grc' dir='ltr'><strong>αἰῶνος.</strong></span> <span class='ocrx_word' id='word_1_481' title='bbox 2943 820 3089 893; x_wconf 76' lang='grc'><strong>[209]</strong></span> <span class='ocrx_word' id='word_1_482' title='bbox 3134 823 3318 890; x_wconf 81' lang='grc' dir='ltr'><strong>Ἥμεῖς</strong></span> <span class='ocrx_word' id='word_1_483' title='bbox 3359 823 3454 892; x_wconf 85' lang='grc' dir='ltr'><strong>μὲν</strong></span> <span class='ocrx_word' id='word_1_484' title='bbox 3479 822 3605 890; x_wconf 75' lang='grc' dir='ltr'><strong>γάρ,</strong></span> <span class='ocrx_word' id='word_1_485' title='bbox 3651 820 3801 889; x_wconf 74' lang='grc' dir='ltr'><strong>φησὶν</strong></span> 
     </span>
    </p>
   </div>
   <div class='ocr_carea' id='block_1_64' title="bbox 2263 901 3804 984">
    <p class='ocr_par' dir='ltr' id='par_1_64' title="bbox 2263 901 3804 984">
     <span class='ocr_line' id='line_1_64' title="bbox 2263 901 3804 984; baseline 0.018 -35"><span class='ocrx_word' id='word_1_486' title='bbox 2263 901 2580 973; x_wconf 84' lang='grc' dir='ltr'><strong>πρόσκαιροι</strong></span> <span class='ocrx_word' id='word_1_487' title='bbox 2605 908 2696 960; x_wconf 74' lang='grc' dir='ltr'><strong>καὶ</strong></span> <span class='ocrx_word' id='word_1_488' title='bbox 2721 909 3086 982; x_wconf 85' lang='grc' dir='ltr'><strong>ὀλιγοχρόνιοι,</strong></span> <span class='ocrx_word' id='word_1_489' title='bbox 3115 916 3173 966; x_wconf 92' lang='grc' dir='ltr'><strong>οὐ</strong></span> <span class='ocrx_word' id='word_1_490' title='bbox 3200 915 3466 984; x_wconf 45' lang='grc' dir='ltr'><strong>μήνούπὲρ</strong></span> <span class='ocrx_word' id='word_1_491' title='bbox 3495 913 3585 966; x_wconf 72' lang='grc' dir='ltr'><strong>τοῦ</strong></span> <span class='ocrx_word' id='word_1_492' title='bbox 3615 913 3804 981; x_wconf 77' lang='grc' dir='ltr'><strong>χρόνου</strong></span> 
     </span>
    </p>
   </div>
   <div class='ocr_carea' id='block_1_65' title="bbox 2258 993 3801 1078">
    <p class='ocr_par' dir='ltr' id='par_1_65' title="bbox 2258 993 3801 1078">
     <span class='ocr_line' id='line_1_65' title="bbox 2258 993 3801 1078; baseline 0.01 -34"><span class='ocrx_word' id='word_1_493' title='bbox 2258 993 2444 1048; x_wconf 87' lang='grc' dir='ltr'><strong>τούτου</strong></span> <span class='ocrx_word' id='word_1_494' title='bbox 2476 999 2573 1067; x_wconf 78' lang='grc' dir='ltr'><strong>τὴν</strong></span> <span class='ocrx_word' id='word_1_495' title='bbox 2593 999 2840 1070; x_wconf 78' lang='grc' dir='ltr'><strong>εὐλογίαν</strong></span> <span class='ocrx_word' id='word_1_496' title='bbox 2855 1006 3262 1078; x_wconf 85' lang='grc' dir='ltr'><strong>άναπέμπομεν,</strong></span> <span class='ocrx_word' id='word_1_497' title='bbox 3286 1009 3395 1060; x_wconf 82' lang='grc' dir='ltr'><strong>ἀλλ’</strong></span> <span class='ocrx_word' id='word_1_498' title='bbox 3417 1009 3553 1078; x_wconf 75' lang='grc' dir='ltr'><strong>ὑπὲρ</strong></span> <span class='ocrx_word' id='word_1_499' title='bbox 3571 1007 3768 1070; x_wconf 85' lang='grc' dir='ltr'><strong>παντός</strong></span> <span class='ocrx_word' id='word_1_500' title='bbox 3785 1022 3801 1037; x_wconf 79' lang='grc'><strong>⁸</strong></span> 
     </span>
    </p>
   </div>
   <div class='ocr_carea' id='block_1_66' title="bbox 2258 1085 3801 1171">
    <p class='ocr_par' dir='ltr' id='par_1_66' title="bbox 2258 1085 3801 1171">
     <span class='ocr_line' id='line_1_66' title="bbox 2258 1085 3801 1171; baseline 0.008 -30"><span class='ocrx_word' id='word_1_501' title='bbox 2258 1088 2352 1157; x_wconf 82' lang='grc' dir='ltr'><strong>οὐχ</strong></span> <span class='ocrx_word' id='word_1_502' title='bbox 2375 1091 2512 1162; x_wconf 76' lang='grc' dir='ltr'><strong>ὑπὲρ</strong></span> <span class='ocrx_word' id='word_1_503' title='bbox 2541 1085 2600 1146; x_wconf 76' lang='grc' dir='ltr'><strong>οὗ</strong></span> <span class='ocrx_word' id='word_1_504' title='bbox 2634 1093 2837 1166; x_wconf 80' lang='grc' dir='ltr'><strong>ζῶμεν,</strong></span> <span class='ocrx_word' id='word_1_505' title='bbox 2876 1099 3009 1153; x_wconf 82' lang='grc' dir='ltr'><strong>ἀλλὰ</strong></span> <span class='ocrx_word' id='word_1_506' title='bbox 3045 1102 3137 1154; x_wconf 78' lang='grc' dir='ltr'><strong>καὶ</strong></span> <span class='ocrx_word' id='word_1_507' title='bbox 3175 1103 3311 1171; x_wconf 81' lang='grc' dir='ltr'><strong>ὑπὲρ</strong></span> <span class='ocrx_word' id='word_1_508' title='bbox 3329 1102 3515 1154; x_wconf 88' lang='grc' dir='ltr'><strong>τούτου</strong></span> <span class='ocrx_word' id='word_1_509' title='bbox 3552 1103 3671 1171; x_wconf 87' lang='grc' dir='ltr'><strong>μὲν,</strong></span> <span class='ocrx_word' id='word_1_510' title='bbox 3704 1102 3801 1154; x_wconf 81' lang='grc' dir='ltr'><strong>καὶ</strong></span> 
     </span>
    </p>
   </div>
   <div class='ocr_carea' id='block_1_67' title="bbox 2258 1184 3808 1267">
    <p class='ocr_par' dir='ltr' id='par_1_67' title="bbox 2258 1184 3808 1267">
     <span class='ocr_line' id='line_1_67' title="bbox 2258 1184 3808 1267; baseline 0.007 -31"><span class='ocrx_word' id='word_1_511' title='bbox 2258 1184 2396 1256; x_wconf 75' lang='grc' dir='ltr'><strong>ὑπὲρ</strong></span> <span class='ocrx_word' id='word_1_512' title='bbox 2417 1188 2509 1239; x_wconf 81' lang='grc' dir='ltr'><strong>τοῦ</strong></span> <span class='ocrx_word' id='word_1_513' title='bbox 2533 1189 2639 1258; x_wconf 81' lang='grc' dir='ltr'><strong>πρὸ</strong></span> <span class='ocrx_word' id='word_1_514' title='bbox 2665 1190 2874 1256; x_wconf 84' lang='grc' dir='ltr'><strong>τούτου,</strong></span> <span class='ocrx_word' id='word_1_515' title='bbox 2915 1194 3008 1247; x_wconf 76' lang='grc' dir='ltr'><strong>καὶ</strong></span> <span class='ocrx_word' id='word_1_516' title='bbox 3054 1196 3188 1267; x_wconf 82' lang='grc' dir='ltr'><strong>ὑπὲρ</strong></span> <span class='ocrx_word' id='word_1_517' title='bbox 3223 1197 3315 1248; x_wconf 83' lang='grc' dir='ltr'><strong>τοῦ</strong></span> <span class='ocrx_word' id='word_1_518' title='bbox 3348 1196 3650 1266; x_wconf 82' lang='grc' dir='ltr'><strong>μέλλοντος.</strong></span> <span class='ocrx_word' id='word_1_519' title='bbox 3695 1195 3808 1248; x_wconf 81' lang='grc' dir='ltr'><strong>’Δεὶ</strong></span> 
     </span>
    </p>
   </div>
   <div class='ocr_carea' id='block_1_68' title="bbox 2256 1273 3805 1360">
    <p class='ocr_par' dir='ltr' id='par_1_68' title="bbox 2256 1273 3805 1360">
     <span class='ocr_line' id='line_1_68' title="bbox 2256 1273 3805 1360; baseline 0.007 -28"><span class='ocrx_word' id='word_1_520' title='bbox 2256 1273 2412 1333; x_wconf 81' lang='grc' dir='ltr'><strong>αὐτὸν</strong></span> <span class='ocrx_word' id='word_1_521' title='bbox 2430 1281 2758 1350; x_wconf 83' lang='grc' dir='ltr'><strong>εὐλογεῖσθαι</strong></span> <span class='ocrx_word' id='word_1_522' title='bbox 2785 1287 2907 1357; x_wconf 80' lang='grc' dir='ltr'><strong>χρὴ,</strong></span> <span class='ocrx_word' id='word_1_523' title='bbox 2929 1286 3019 1340; x_wconf 72' lang='grc' dir='ltr'><strong>καὶ</strong></span> <span class='ocrx_word' id='word_1_524' title='bbox 3040 1290 3292 1356; x_wconf 82' lang='grc' dir='ltr'><strong>φαίνοντα</strong></span> <span class='ocrx_word' id='word_1_525' title='bbox 3315 1292 3405 1343; x_wconf 80' lang='grc' dir='ltr'><strong>καὶ</strong></span> <span class='ocrx_word' id='word_1_526' title='bbox 3429 1291 3502 1360; x_wconf 82' lang='grc' dir='ltr'><strong>μὴ</strong></span> <span class='ocrx_word' id='word_1_527' title='bbox 3527 1290 3805 1358; x_wconf 86' lang='grc' dir='ltr'><strong>φαίνοντα.</strong></span> 
     </span>
    </p>
   </div>
   <div class='ocr_carea' id='block_1_69' title="bbox 2257 1373 3807 1452">
    <p class='ocr_par' dir='ltr' id='par_1_69' title="bbox 2257 1373 3807 1452">
     <span class='ocr_line' id='line_1_69' title="bbox 2257 1373 3807 1452; baseline 0.013 -27"><span class='ocrx_word' id='word_1_528' title='bbox 2257 1373 2352 1427; x_wconf 82' lang='grc' dir='ltr'><strong>Διά</strong></span> <span class='ocrx_word' id='word_1_529' title='bbox 2381 1377 2576 1440; x_wconf 88' lang='grc' dir='ltr'><strong>παντὸς</strong></span> <span class='ocrx_word' id='word_1_530' title='bbox 2603 1379 2708 1449; x_wconf 83' lang='grc' dir='ltr'><strong>γὰρ</strong></span> <span class='ocrx_word' id='word_1_531' title='bbox 2739 1381 2772 1449; x_wconf 86' lang='grc' dir='ltr'><strong>ή</strong></span> <span class='ocrx_word' id='word_1_532' title='bbox 2806 1382 3024 1450; x_wconf 90' lang='grc' dir='ltr'><strong>πρόνοια</strong></span> <span class='ocrx_word' id='word_1_533' title='bbox 3058 1384 3218 1435; x_wconf 79' lang='grc' dir='ltr'><strong>αὐτοῦ</strong></span> <span class='ocrx_word' id='word_1_534' title='bbox 3251 1384 3486 1438; x_wconf 86' lang='grc' dir='ltr'><strong>τέταται.</strong></span> <span class='ocrx_word' id='word_1_535' title='bbox 3522 1385 3662 1452; x_wconf 82' lang='grc' dir='ltr'><strong>Ὅρα</strong></span> <span class='ocrx_word' id='word_1_536' title='bbox 3687 1383 3807 1445; x_wconf 80' lang='grc' dir='ltr'><strong>πῶς</strong></span> 
     </span>
    </p>
   </div>
   <div class='ocr_carea' id='block_1_70' title="bbox 2253 1467 3809 1547">
    <p class='ocr_par' dir='ltr' id='par_1_70' title="bbox 2253 1467 3809 1547">
     <span class='ocr_line' id='line_1_70' title="bbox 2253 1467 3809 1547; baseline 0.004 -27"><span class='ocrx_word' id='word_1_537' title='bbox 2253 1467 2341 1520; x_wconf 85' lang='grc' dir='ltr'><strong>διά</strong></span> <span class='ocrx_word' id='word_1_538' title='bbox 2372 1470 2471 1538; x_wconf 84' lang='grc' dir='ltr'><strong>τῆς</strong></span> <span class='ocrx_word' id='word_1_539' title='bbox 2507 1471 2851 1542; x_wconf 87' lang='grc' dir='ltr'><strong>εὐχαριστίας</strong></span> <span class='ocrx_word' id='word_1_540' title='bbox 2894 1476 3140 1546; x_wconf 72' lang='grc' dir='ltr'><strong>ἐμφαίνει</strong></span> <span class='ocrx_word' id='word_1_541' title='bbox 3187 1477 3279 1529; x_wconf 82' lang='grc' dir='ltr'><strong>καὶ</strong></span> <span class='ocrx_word' id='word_1_542' title='bbox 3322 1476 3419 1547; x_wconf 82' lang='grc' dir='ltr'><strong>τὴν</strong></span> <span class='ocrx_word' id='word_1_543' title='bbox 3461 1476 3658 1544; x_wconf 77' lang='grc' dir='ltr'><strong>γνῶσιν</strong></span> <span class='ocrx_word' id='word_1_544' title='bbox 3699 1475 3809 1528; x_wconf 80' lang='grc' dir='ltr'><strong>τῶν</strong></span> 
     </span>
    </p>
   </div>
   <div class='ocr_carea' id='block_1_71' title="bbox 2253 1562 3809 1639">
    <p class='ocr_par' dir='ltr' id='par_1_71' title="bbox 2253 1562 3809 1639">
     <span class='ocr_line' id='line_1_71' title="bbox 2253 1562 3809 1639; baseline 0.007 -27"><span class='ocrx_word' id='word_1_545' title='bbox 2253 1562 2561 1634; x_wconf 79' lang='grc' dir='ltr'><strong>ὀνειράτων.</strong></span> <span class='ocrx_word' id='word_1_546' title='bbox 2607 1568 2734 1621; x_wconf 82' lang='grc' dir='ltr'><strong>Ὀτι</strong></span> <span class='ocrx_word' id='word_1_547' title='bbox 2765 1568 2803 1636; x_wconf 81' lang='grc' dir='ltr'><strong><em>ή</em></strong></span> <span class='ocrx_word' id='word_1_548' title='bbox 2841 1570 3055 1639; x_wconf 86' lang='grc' dir='ltr'><strong>σοφία,</strong></span> <span class='ocrx_word' id='word_1_549' title='bbox 3094 1570 3191 1624; x_wconf 76' lang='grc' dir='ltr'><strong>καὶ</strong></span> <span class='ocrx_word' id='word_1_550' title='bbox 3224 1573 3262 1638; x_wconf 77' lang='grc' dir='ltr'><strong><em>ἡ</em></strong></span> <span class='ocrx_word' id='word_1_551' title='bbox 3299 1572 3581 1636; x_wconf 83' lang='grc' dir='ltr'><strong>σύνεσις,</strong></span> <span class='ocrx_word' id='word_1_552' title='bbox 3623 1571 3721 1623; x_wconf 76' lang='grc' dir='ltr'><strong>καὶ</strong></span> <span class='ocrx_word' id='word_1_553' title='bbox 3768 1572 3809 1638; x_wconf 70' lang='grc' dir='ltr'>ἢ</span> 
     </span>
    </p>
   </div>
   <div class='ocr_carea' id='block_1_72' title="bbox 2254 1658 3811 1733">
    <p class='ocr_par' dir='ltr' id='par_1_72' title="bbox 2254 1658 3811 1733">
     <span class='ocr_line' id='line_1_72' title="bbox 2254 1658 3811 1733; baseline 0.004 -23"><span class='ocrx_word' id='word_1_554' title='bbox 2254 1658 2431 1726; x_wconf 82' lang='grc' dir='ltr'><strong>ίσχὺς</strong></span> <span class='ocrx_word' id='word_1_555' title='bbox 2447 1661 2630 1715; x_wconf 86' lang='grc' dir='ltr'><strong>αὑτοῦ</strong></span> <span class='ocrx_word' id='word_1_556' title='bbox 2649 1663 2779 1717; x_wconf 77' lang='grc' dir='ltr'><strong>ἐστι</strong></span> <span class='ocrx_word' id='word_1_557' title='bbox 2797 1681 2811 1694; x_wconf 87' lang='grc'><strong>·</strong></span> <span class='ocrx_word' id='word_1_558' title='bbox 2833 1664 3092 1730; x_wconf 83' lang='grc' dir='ltr'><strong>τουτέστι,</strong></span> <span class='ocrx_word' id='word_1_559' title='bbox 3115 1665 3175 1718; x_wconf 81' lang='grc' dir='ltr'><strong>τὸ</strong></span> <span class='ocrx_word' id='word_1_560' title='bbox 3195 1667 3389 1719; x_wconf 76' lang='grc' dir='ltr'><strong>ειδέναι</strong></span> <span class='ocrx_word' id='word_1_561' title='bbox 3409 1667 3474 1720; x_wconf 86' lang='grc' dir='ltr'><strong>τὰ</strong></span> <span class='ocrx_word' id='word_1_562' title='bbox 3493 1667 3687 1733; x_wconf 84' lang='grc' dir='ltr'><strong>πάντα,</strong></span> <span class='ocrx_word' id='word_1_563' title='bbox 3719 1667 3811 1718; x_wconf 75' lang='grc' dir='ltr'><strong>καὶ</strong></span> 
     </span>
    </p>
   </div>
   <div class='ocr_carea' id='block_1_73' title="bbox 2254 1756 3811 1836">
    <p class='ocr_par' dir='ltr' id='par_1_73' title="bbox 2254 1756 3811 1836">
     <span class='ocr_line' id='line_1_73' title="bbox 2254 1756 3811 1836; baseline 0.004 -27"><span class='ocrx_word' id='word_1_564' title='bbox 2254 1756 2662 1824; x_wconf 85' lang='grc' dir='ltr'><strong>προγινώσκειν.</strong></span> <span class='ocrx_word' id='word_1_565' title='bbox 2683 1760 2943 1816; x_wconf 82' lang='grc' dir='ltr'><strong>Ἐνταῦθα</strong></span> <span class='ocrx_word' id='word_1_566' title='bbox 2960 1765 3066 1834; x_wconf 85' lang='grc' dir='ltr'><strong>γὰρ</strong></span> <span class='ocrx_word' id='word_1_567' title='bbox 3085 1765 3238 1818; x_wconf 74' lang='grc' dir='ltr'><strong>τοῦτό</strong></span> <span class='ocrx_word' id='word_1_568' title='bbox 3259 1781 3410 1836; x_wconf 75' lang='grc' dir='ltr'><strong>φησιο</strong></span> <span class='ocrx_word' id='word_1_569' title='bbox 3432 1766 3593 1828; x_wconf 80' lang='grc' dir='ltr'><strong>αὐτὸς</strong></span> <span class='ocrx_word' id='word_1_570' title='bbox 3612 1761 3718 1817; x_wconf 85' lang='grc' dir='ltr'><strong>οῐδε</strong></span> <span class='ocrx_word' id='word_1_571' title='bbox 3741 1765 3811 1816; x_wconf 76' lang='grc' dir='ltr'><strong>τά</strong></span> 
     </span>
    </p>
   </div>
   <div class='ocr_carea' id='block_1_74' title="bbox 2252 1849 3812 1931">
    <p class='ocr_par' dir='ltr' id='par_1_74' title="bbox 2252 1849 3812 1931">
     <span class='ocr_line' id='line_1_74' title="bbox 2252 1849 3812 1931; baseline 0.006 -30"><span class='ocrx_word' id='word_1_572' title='bbox 2252 1849 2444 1916; x_wconf 88' lang='grc' dir='ltr'><strong>πάντα,</strong></span> <span class='ocrx_word' id='word_1_573' title='bbox 2469 1853 2615 1906; x_wconf 81' lang='grc' dir='ltr'><strong>οὐδὲν</strong></span> <span class='ocrx_word' id='word_1_574' title='bbox 2645 1853 2842 1922; x_wconf 80' lang='grc' dir='ltr'><strong>ἀγνοεῖ.</strong></span> <span class='ocrx_word' id='word_1_575' title='bbox 2868 1857 2932 1909; x_wconf 91' lang='grc' dir='ltr'><strong>Τί</strong></span> <span class='ocrx_word' id='word_1_576' title='bbox 2958 1854 3047 1911; x_wconf 79' lang='grc' dir='ltr'><strong>οὖν</strong></span> <span class='ocrx_word' id='word_1_577' title='bbox 3065 1876 3077 1923; x_wconf 91' lang='lat'>;</span> <span class='ocrx_word' id='word_1_578' title='bbox 3094 1859 3258 1912; x_wconf 79' lang='grc' dir='ltr'><strong>Τοῦτο</strong></span> <span class='ocrx_word' id='word_1_579' title='bbox 3291 1860 3479 1931; x_wconf 86' lang='grc' dir='ltr'><strong>μόνον;</strong></span> <span class='ocrx_word' id='word_1_580' title='bbox 3505 1859 3812 1929; x_wconf 83' lang='grc' dir='ltr'><strong>πρόγνωσιν</strong></span> 
     </span>
    </p>
   </div>
   <div class='ocr_carea' id='block_1_75' title="bbox 2252 1941 3812 2024">
    <p class='ocr_par' dir='ltr' id='par_1_75' title="bbox 2252 1941 3812 2024">
     <span class='ocr_line' id='line_1_75' title="bbox 2252 1941 3812 2024; baseline 0.003 -24"><span class='ocrx_word' id='word_1_581' title='bbox 2252 1941 2361 2011; x_wconf 77' lang='grc' dir='ltr'><strong>ἔχει</strong></span> <span class='ocrx_word' id='word_1_582' title='bbox 2390 1946 2577 2015; x_wconf 87' lang='grc' dir='ltr'><strong>μόνον;</strong></span> <span class='ocrx_word' id='word_1_583' title='bbox 2607 1949 2714 2002; x_wconf 72' lang='grc' dir='ltr'><strong>Καὶ</strong></span> <span class='ocrx_word' id='word_1_584' title='bbox 2740 1952 2836 2004; x_wconf 87' lang='grc' dir='ltr'><strong>οὐκ</strong></span> <span class='ocrx_word' id='word_1_585' title='bbox 2864 1948 3034 2012; x_wconf 75' lang='grc' dir='ltr'><strong>εἴπεν,</strong></span> <span class='ocrx_word' id='word_1_586' title='bbox 3055 1953 3184 2024; x_wconf 82' lang='grc' dir='ltr'><strong>ἔχει,</strong></span> <span class='ocrx_word' id='word_1_587' title='bbox 3207 1955 3338 2019; x_wconf 84' lang='grc' dir='ltr'><strong>ἀλλ’,</strong></span> <span class='ocrx_word' id='word_1_588' title='bbox 3360 1955 3552 2009; x_wconf 84' lang='grc' dir='ltr'><strong>Αὐτοῦ</strong></span> <span class='ocrx_word' id='word_1_589' title='bbox 3574 1956 3726 2016; x_wconf 84' lang='grc' dir='ltr'><strong>ἐστι,</strong></span> <span class='ocrx_word' id='word_1_590' title='bbox 3747 1955 3812 2006; x_wconf 77' lang='grc' dir='ltr'><strong>τὸ</strong></span> 
     </span>
    </p>
   </div>
   <div class='ocr_carea' id='block_1_76' title="bbox 2253 2041 3814 2119">
    <p class='ocr_par' dir='ltr' id='par_1_76' title="bbox 2253 2041 3814 2119">
     <span class='ocr_line' id='line_1_76' title="bbox 2253 2041 3814 2119; baseline 0.006 -28"><span class='ocrx_word' id='word_1_591' title='bbox 2253 2041 2476 2107; x_wconf 76' lang='grc' dir='ltr'><strong>φυσικὸν</strong></span> <span class='ocrx_word' id='word_1_592' title='bbox 2496 2044 2625 2112; x_wconf 80' lang='grc' dir='ltr'><strong>ἡμῖν</strong></span> <span class='ocrx_word' id='word_1_593' title='bbox 2646 2045 2842 2112; x_wconf 78' lang='grc' dir='ltr'><strong>ἀγαθὸν</strong></span> <span class='ocrx_word' id='word_1_594' title='bbox 2874 2052 3214 2119; x_wconf 85' lang='grc' dir='ltr'><strong>παραστῆσαι</strong></span> <span class='ocrx_word' id='word_1_595' title='bbox 3251 2049 3586 2119; x_wconf 83' lang='grc' dir='ltr'><strong>βουλόμενος,</strong></span> <span class='ocrx_word' id='word_1_596' title='bbox 3623 2050 3704 2100; x_wconf 83' lang='grc' dir='ltr'><strong>δτι</strong></span> <span class='ocrx_word' id='word_1_597' title='bbox 3748 2050 3814 2100; x_wconf 83' lang='grc' dir='ltr'><strong>ἐκ</strong></span> 
     </span>
    </p>
   </div>
   <div class='ocr_carea' id='block_1_77' title="bbox 2252 2133 3812 2214">
    <p class='ocr_par' dir='ltr' id='par_1_77' title="bbox 2252 2133 3812 2214">
     <span class='ocr_line' id='line_1_77' title="bbox 2252 2133 3812 2214; baseline 0.008 -28"><span class='ocrx_word' id='word_1_598' title='bbox 2252 2133 2460 2202; x_wconf 82' lang='grc' dir='ltr'><strong>φύσεως</strong></span> <span class='ocrx_word' id='word_1_599' title='bbox 2475 2138 2642 2191; x_wconf 77' lang='grc' dir='ltr'><strong>ταῦτα</strong></span> <span class='ocrx_word' id='word_1_600' title='bbox 2667 2140 2812 2212; x_wconf 84' lang='grc' dir='ltr'><strong>αὐτῷ</strong></span> <span class='ocrx_word' id='word_1_601' title='bbox 2837 2143 3137 2213; x_wconf 84' lang='grc' dir='ltr'><strong>πρόσεστιν.</strong></span> <span class='ocrx_word' id='word_1_602' title='bbox 3159 2145 3222 2196; x_wconf 89' lang='grc' dir='ltr'><strong>Τί</strong></span> <span class='ocrx_word' id='word_1_603' title='bbox 3239 2140 3358 2209; x_wconf 83' lang='grc' dir='ltr'><strong>οὗν;</strong></span> <span class='ocrx_word' id='word_1_604' title='bbox 3378 2144 3589 2214; x_wconf 85' lang='grc' dir='ltr'><strong>πρόοιδε</strong></span> <span class='ocrx_word' id='word_1_605' title='bbox 3627 2144 3812 2213; x_wconf 83' lang='grc' dir='ltr'><strong>μόνον,</strong></span> 
     </span>
    </p>
   </div>
   <div class='ocr_carea' id='block_1_78' title="bbox 2249 2230 3815 2304">
    <p class='ocr_par' dir='ltr' id='par_1_78' title="bbox 2249 2230 3815 2304">
     <span class='ocr_line' id='line_1_78' title="bbox 2249 2230 3815 2304; baseline 0.007 -22"><span class='ocrx_word' id='word_1_606' title='bbox 2249 2230 2365 2299; x_wconf 88' lang='grc' dir='ltr'><strong>οὐχί</strong></span> <span class='ocrx_word' id='word_1_607' title='bbox 2408 2231 2462 2285; x_wconf 72' lang='grc' dir='ltr'><strong>δὲ</strong></span> <span class='ocrx_word' id='word_1_608' title='bbox 2509 2235 2600 2286; x_wconf 78' lang='grc' dir='ltr'><strong>καὶ</strong></span> <span class='ocrx_word' id='word_1_609' title='bbox 2637 2239 2810 2294; x_wconf 73' lang='grc' dir='ltr'><strong>ποιεῖς</strong></span> <span class='ocrx_word' id='word_1_610' title='bbox 2862 2237 3002 2304; x_wconf 70' lang='grc' dir='ltr'><strong>Ναὶ,</strong></span> <span class='ocrx_word' id='word_1_611' title='bbox 3044 2239 3134 2291; x_wconf 73' lang='grc' dir='ltr'><strong>καὶ</strong></span> <span class='ocrx_word' id='word_1_612' title='bbox 3174 2241 3331 2292; x_wconf 89' lang='grc' dir='ltr'><strong>ποιεῖ.</strong></span> <span class='ocrx_word' id='word_1_613' title='bbox 3383 2235 3642 2293; x_wconf 82' lang='grc' dir='ltr'><strong>Ἀλλοιοῖ</strong></span> <span class='ocrx_word' id='word_1_614' title='bbox 3687 2252 3815 2292; x_wconf 80' lang='grc' dir='ltr'><strong>και-</strong></span> 
     </span>
    </p>
   </div>
   <div class='ocr_carea' id='block_1_79' title="bbox 2241 2326 3816 2404">
    <p class='ocr_par' dir='ltr' id='par_1_79' title="bbox 2241 2326 3816 2404">
     <span class='ocr_line' id='line_1_79' title="bbox 2241 2326 3816 2404; baseline 0.004 -26"><span class='ocrx_word' id='word_1_615' title='bbox 2241 2326 2390 2392; x_wconf 86' lang='grc' dir='ltr'><strong>ροὺς</strong></span> <span class='ocrx_word' id='word_1_616' title='bbox 2414 2327 2509 2380; x_wconf 80' lang='grc' dir='ltr'><strong>καὶ</strong></span> <span class='ocrx_word' id='word_1_617' title='bbox 2532 2330 2806 2396; x_wconf 83' lang='grc' dir='ltr'><strong>χρόνους.</strong></span> <span class='ocrx_word' id='word_1_618' title='bbox 2837 2332 2966 2400; x_wconf 77' lang='grc' dir='ltr'><strong>Οὐχὶ</strong></span> <span class='ocrx_word' id='word_1_619' title='bbox 2987 2331 3082 2394; x_wconf 85' lang='grc' dir='ltr'><strong>τὰς</strong></span> <span class='ocrx_word' id='word_1_620' title='bbox 3106 2334 3309 2404; x_wconf 75' lang='grc' dir='ltr'><strong>τροπὰς</strong></span> <span class='ocrx_word' id='word_1_621' title='bbox 3331 2335 3524 2402; x_wconf 89' lang='grc' dir='ltr'><strong>λέγων,</strong></span> <span class='ocrx_word' id='word_1_622' title='bbox 3548 2333 3689 2388; x_wconf 80' lang='grc' dir='ltr'><strong>ἀλλὰ</strong></span> <span class='ocrx_word' id='word_1_623' title='bbox 3715 2333 3816 2395; x_wconf 76' lang='grc' dir='ltr'><strong>τὰς</strong></span> 
     </span>
    </p>
   </div>
   <div class='ocr_carea' id='block_1_80' title="bbox 2247 2417 3813 2494">
    <p class='ocr_par' dir='ltr' id='par_1_80' title="bbox 2247 2417 3813 2494">
     <span class='ocr_line' id='line_1_80' title="bbox 2247 2417 3813 2494; baseline 0.007 -25"><span class='ocrx_word' id='word_1_624' title='bbox 2247 2417 2353 2469; x_wconf 84' lang='grc' dir='ltr'><strong>τῶν</strong></span> <span class='ocrx_word' id='word_1_625' title='bbox 2385 2423 2714 2490; x_wconf 84' lang='grc' dir='ltr'><strong>πραγμάτων</strong></span> <span class='ocrx_word' id='word_1_626' title='bbox 2747 2424 3062 2493; x_wconf 73' lang='grc' dir='ltr'><strong>μεταϐολάς.</strong></span> <span class='ocrx_word' id='word_1_627' title='bbox 3091 2427 3351 2494; x_wconf 80' lang='grc' dir='ltr'><strong>Καθιστᾷ</strong></span> <span class='ocrx_word' id='word_1_628' title='bbox 3372 2428 3678 2492; x_wconf 75' lang='grc' dir='ltr'><strong>βασιλεῖς,</strong></span> <span class='ocrx_word' id='word_1_629' title='bbox 3714 2428 3813 2480; x_wconf 72' lang='grc' dir='ltr'><strong>καὶ</strong></span> 
     </span>
    </p>
   </div>
   <div class='ocr_carea' id='block_1_81' title="bbox 2241 2513 3818 2594">
    <p class='ocr_par' dir='ltr' id='par_1_81' title="bbox 2241 2513 3818 2594">
     <span class='ocr_line' id='line_1_81' title="bbox 2241 2513 3818 2594; baseline 0.006 -29"><span class='ocrx_word' id='word_1_630' title='bbox 2241 2513 2508 2580; x_wconf 84' lang='grc' dir='ltr'><strong>μεθιστᾷ.</strong></span> <span class='ocrx_word' id='word_1_631' title='bbox 2552 2516 2670 2568; x_wconf 85' lang='grc' dir='ltr'><strong>Ὀτι</strong></span> <span class='ocrx_word' id='word_1_632' title='bbox 2708 2518 3003 2586; x_wconf 76' lang='grc' dir='ltr'><strong>μεταϐολάς</strong></span> <span class='ocrx_word' id='word_1_633' title='bbox 3042 2522 3345 2590; x_wconf 75' lang='grc' dir='ltr'><strong>ἐργάζεται.</strong></span> <span class='ocrx_word' id='word_1_634' title='bbox 3375 2519 3500 2594; x_wconf 71' lang='grc' dir='ltr'><strong>Ἆρ’</strong></span> <span class='ocrx_word' id='word_1_635' title='bbox 3529 2520 3624 2577; x_wconf 82' lang='grc' dir='ltr'><strong>οὐν</strong></span> <span class='ocrx_word' id='word_1_636' title='bbox 3655 2523 3818 2576; x_wconf 73' lang='grc' dir='ltr'><strong>τοῦτο</strong></span> 
     </span>
    </p>
   </div>
   <div class='ocr_carea' id='block_1_82' title="bbox 2247 2607 3813 2689">
    <p class='ocr_par' dir='ltr' id='par_1_82' title="bbox 2247 2607 3813 2689">
     <span class='ocr_line' id='line_1_82' title="bbox 2247 2607 3813 2689; baseline 0.008 -30"><span class='ocrx_word' id='word_1_637' title='bbox 2247 2607 2424 2676; x_wconf 88' lang='grc' dir='ltr'><strong>μόνον,</strong></span> <span class='ocrx_word' id='word_1_638' title='bbox 2449 2610 2528 2661; x_wconf 84' lang='grc' dir='ltr'><strong>ὅτι</strong></span> <span class='ocrx_word' id='word_1_639' title='bbox 2559 2611 2763 2680; x_wconf 85' lang='grc' dir='ltr'><strong>πρόοιδε</strong></span> <span class='ocrx_word' id='word_1_640' title='bbox 2794 2614 2885 2665; x_wconf 82' lang='grc' dir='ltr'><strong>καὶ</strong></span> <span class='ocrx_word' id='word_1_641' title='bbox 2912 2617 3079 2681; x_wconf 76' lang='grc' dir='ltr'><strong>ποιεῖς</strong></span> <span class='ocrx_word' id='word_1_642' title='bbox 3111 2617 3230 2686; x_wconf 79' lang='grc' dir='ltr'><strong>οὐχὶ</strong></span> <span class='ocrx_word' id='word_1_643' title='bbox 3261 2619 3350 2670; x_wconf 75' lang='grc' dir='ltr'><strong>καὶ</strong></span> <span class='ocrx_word' id='word_1_644' title='bbox 3378 2618 3505 2671; x_wconf 79' lang='grc' dir='ltr'><strong>ἄλλο</strong></span> <span class='ocrx_word' id='word_1_645' title='bbox 3530 2619 3813 2689; x_wconf 85' lang='grc' dir='ltr'><strong>μέγιστον.</strong></span> 
     </span>
    </p>
   </div>
   <div class='ocr_carea' id='block_1_83' title="bbox 2243 2701 3817 2777">
    <p class='ocr_par' dir='ltr' id='par_1_83' title="bbox 2243 2701 3817 2777">
     <span class='ocr_line' id='line_1_83' title="bbox 2243 2701 3817 2777; baseline 0.008 -25"><span class='ocrx_word' id='word_1_646' title='bbox 2243 2701 2323 2752; x_wconf 84' lang='grc' dir='ltr'><strong>ὅτι</strong></span> <span class='ocrx_word' id='word_1_647' title='bbox 2349 2704 2438 2755; x_wconf 77' lang='grc' dir='ltr'><strong>καὶ</strong></span> <span class='ocrx_word' id='word_1_648' title='bbox 2462 2704 2660 2771; x_wconf 80' lang='grc' dir='ltr'><strong>ἑτέροις</strong></span> <span class='ocrx_word' id='word_1_649' title='bbox 2688 2707 3003 2775; x_wconf 81' lang='grc' dir='ltr'><strong>μεταδίδωσι</strong></span> <span class='ocrx_word' id='word_1_650' title='bbox 3025 2712 3209 2763; x_wconf 88' lang='grc' dir='ltr'><strong>τούτου</strong></span> <span class='ocrx_word' id='word_1_651' title='bbox 3233 2710 3324 2763; x_wconf 81' lang='grc' dir='ltr'><strong>τοῦ</strong></span> <span class='ocrx_word' id='word_1_652' title='bbox 3347 2711 3570 2777; x_wconf 84' lang='grc' dir='ltr'><strong>είδέναι;</strong></span> <span class='ocrx_word' id='word_1_653' title='bbox 3600 2709 3817 2775; x_wconf 82' lang='grc' dir='ltr'><strong>Διδοὺς</strong></span> 
     </span>
    </p>
   </div>
   <div class='ocr_carea' id='block_1_84' title="bbox 2243 2798 3814 2874">
    <p class='ocr_par' dir='ltr' id='par_1_84' title="bbox 2243 2798 3814 2874">
     <span class='ocr_line' id='line_1_84' title="bbox 2243 2798 3814 2874; baseline 0.004 -24"><span class='ocrx_word' id='word_1_654' title='bbox 2243 2798 2464 2864; x_wconf 87' lang='grc' dir='ltr'><strong>σοφίαν</strong></span> <span class='ocrx_word' id='word_1_655' title='bbox 2495 2800 2616 2863; x_wconf 80' lang='grc' dir='ltr'><strong>τοῖς</strong></span> <span class='ocrx_word' id='word_1_656' title='bbox 2654 2802 2864 2868; x_wconf 81' lang='grc' dir='ltr'><strong>σοφοῖς</strong></span> <span class='ocrx_word' id='word_1_657' title='bbox 2888 2816 2903 2830; x_wconf 83' lang='lat'><strong><em>°</em></strong></span> <span class='ocrx_word' id='word_1_658' title='bbox 2934 2805 3050 2871; x_wconf 67' lang='grc' dir='ltr'><strong>οὐχὶ</strong></span> <span class='ocrx_word' id='word_1_659' title='bbox 3081 2805 3184 2874; x_wconf 82' lang='grc' dir='ltr'><strong>πρὸ</strong></span> <span class='ocrx_word' id='word_1_660' title='bbox 3219 2805 3407 2857; x_wconf 87' lang='grc' dir='ltr'><strong>τούτου</strong></span> <span class='ocrx_word' id='word_1_661' title='bbox 3442 2801 3562 2858; x_wconf 81' lang='grc' dir='ltr'><strong>οὖσι</strong></span> <span class='ocrx_word' id='word_1_662' title='bbox 3605 2809 3814 2873; x_wconf 85' lang='grc' dir='ltr'><strong>σοφοῖς,</strong></span> 
     </span>
    </p>
   </div>
   <div class='ocr_carea' id='block_1_85' title="bbox 2242 2889 3818 2968">
    <p class='ocr_par' dir='ltr' id='par_1_85' title="bbox 2242 2889 3818 2968">
     <span class='ocr_line' id='line_1_85' title="bbox 2242 2889 3818 2968; baseline 0.005 -27"><span class='ocrx_word' id='word_1_663' title='bbox 2242 2889 2376 2942; x_wconf 89' lang='grc' dir='ltr'><strong>άλλὰ</strong></span> <span class='ocrx_word' id='word_1_664' title='bbox 2405 2893 2514 2952; x_wconf 89' lang='grc' dir='ltr'><strong>τοῖς</strong></span> <span class='ocrx_word' id='word_1_665' title='bbox 2539 2891 2720 2945; x_wconf 76' lang='grc' dir='ltr'><strong>λαϐεῖν</strong></span> <span class='ocrx_word' id='word_1_666' title='bbox 2751 2907 2797 2950; x_wconf 76' lang='grc' dir='ltr'><strong>ει.</strong></span> <span class='ocrx_word' id='word_1_667' title='bbox 2828 2895 2895 2946; x_wconf 82' lang='grc' dir='ltr'><strong>Εἴ</strong></span> <span class='ocrx_word' id='word_1_668' title='bbox 2917 2912 2999 2958; x_wconf 91' lang='grc' dir='ltr'><strong>τις</strong></span> <span class='ocrx_word' id='word_1_669' title='bbox 3027 2897 3184 2964; x_wconf 76' lang='grc' dir='ltr'><strong>σοφὸς</strong></span> <span class='ocrx_word' id='word_1_670' title='bbox 3219 2899 3291 2967; x_wconf 87' lang='grc' dir='ltr'><strong>μὴ</strong></span> <span class='ocrx_word' id='word_1_671' title='bbox 3321 2900 3450 2968; x_wconf 74' lang='grc' dir='ltr'><strong>παρ’</strong></span> <span class='ocrx_word' id='word_1_672' title='bbox 3475 2898 3689 2951; x_wconf 80' lang='grc' dir='ltr'><strong>ἐκείνου</strong></span> <span class='ocrx_word' id='word_1_673' title='bbox 3716 2900 3818 2964; x_wconf 74' lang='grc' dir='ltr'><strong>τὴν</strong></span> 
     </span>
    </p>
   </div>
   <div class='ocr_carea' id='block_1_86' title="bbox 2244 2986 3820 3062">
    <p class='ocr_par' dir='ltr' id='par_1_86' title="bbox 2244 2986 3820 3062">
     <span class='ocr_line' id='line_1_86' title="bbox 2244 2986 3820 3062; baseline 0.007 -27"><span class='ocrx_word' id='word_1_674' title='bbox 2244 2986 2430 3051; x_wconf 84' lang='grc' dir='ltr'><strong>σοφίαν</strong></span> <span class='ocrx_word' id='word_1_675' title='bbox 2465 2987 2594 3054; x_wconf 78' lang='grc' dir='ltr'><strong>ἔχει,</strong></span> <span class='ocrx_word' id='word_1_676' title='bbox 2626 2989 2686 3039; x_wconf 90' lang='grc' dir='ltr'><strong>οὐ</strong></span> <span class='ocrx_word' id='word_1_677' title='bbox 2717 2988 2893 3055; x_wconf 77' lang='grc' dir='ltr'><strong>σοφός.</strong></span> <span class='ocrx_word' id='word_1_678' title='bbox 2921 2991 3008 3060; x_wconf 82' lang='grc' dir='ltr'><strong>Μὴ</strong></span> <span class='ocrx_word' id='word_1_679' title='bbox 3037 2992 3288 3060; x_wconf 86' lang='grc' dir='ltr'><strong>νομίσατε</strong></span> <span class='ocrx_word' id='word_1_680' title='bbox 3323 2992 3513 3062; x_wconf 84' lang='grc' dir='ltr'><strong>τέχνην</strong></span> <span class='ocrx_word' id='word_1_681' title='bbox 3545 2988 3690 3045; x_wconf 73' lang='grc' dir='ltr'><strong>εἶναι</strong></span> <span class='ocrx_word' id='word_1_682' title='bbox 3719 2995 3820 3060; x_wconf 80' lang='grc' dir='ltr'><strong>τῆς</strong></span> 
     </span>
    </p>
   </div>
   <div class='ocr_carea' id='block_1_87' title="bbox 2240 3078 3820 3153">
    <p class='ocr_par' dir='ltr' id='par_1_87' title="bbox 2240 3078 3820 3153">
     <span class='ocr_line' id='line_1_87' title="bbox 2240 3078 3820 3153; baseline 0.004 -23"><span class='ocrx_word' id='word_1_683' title='bbox 2240 3078 2562 3148; x_wconf 84' lang='grc' dir='ltr'><strong>Χαλδαῖκῆς.</strong></span> <span class='ocrx_word' id='word_1_684' title='bbox 2587 3083 2693 3134; x_wconf 85' lang='lat' dir='ltr'><strong><em>Kal</em></strong></span> <span class='ocrx_word' id='word_1_685' title='bbox 2717 3085 3029 3150; x_wconf 76' lang='grc' dir='ltr'><strong>φρόνησιν,</strong></span> <span class='ocrx_word' id='word_1_686' title='bbox 3060 3085 3218 3153; x_wconf 80' lang='grc' dir='ltr'><strong>φησὶ,</strong></span> <span class='ocrx_word' id='word_1_687' title='bbox 3249 3084 3373 3150; x_wconf 86' lang='grc' dir='ltr'><strong>τοῖς</strong></span> <span class='ocrx_word' id='word_1_688' title='bbox 3390 3085 3631 3139; x_wconf 70' lang='grc' dir='ltr'><strong>αἰτοῦσι</strong></span> <span class='ocrx_word' id='word_1_689' title='bbox 3661 3086 3820 3139; x_wconf 86' lang='grc' dir='ltr'><strong>σύν-</strong></span> 
     </span>
    </p>
   </div>
   <div class='ocr_carea' id='block_1_88' title="bbox 2238 3176 3822 3256">
    <p class='ocr_par' dir='ltr' id='par_1_88' title="bbox 2238 3176 3822 3256">
     <span class='ocr_line' id='line_1_88' title="bbox 2238 3176 3822 3256; baseline 0.004 -25"><span class='ocrx_word' id='word_1_690' title='bbox 2238 3194 2388 3232; x_wconf 81' lang='grc' dir='ltr'><strong>εσιν.</strong></span> <span class='ocrx_word' id='word_1_691' title='bbox 2413 3176 2539 3232; x_wconf 81' lang='grc' dir='ltr'><strong>Εἶτα</strong></span> <span class='ocrx_word' id='word_1_692' title='bbox 2571 3180 2763 3250; x_wconf 77' lang='grc' dir='ltr'><strong>ἴδωμεν</strong></span> <span class='ocrx_word' id='word_1_693' title='bbox 2788 3184 3009 3254; x_wconf 88' lang='grc' dir='ltr'><strong>πότερον</strong></span> <span class='ocrx_word' id='word_1_694' title='bbox 3035 3186 3090 3250; x_wconf 77' lang='grc' dir='ltr'><strong>ἐξ</strong></span> <span class='ocrx_word' id='word_1_695' title='bbox 3126 3187 3434 3256; x_wconf 79' lang='grc' dir='ltr'><strong>ἐπιστήμης</strong></span> <span class='ocrx_word' id='word_1_696' title='bbox 3460 3185 3613 3254; x_wconf 88' lang='grc' dir='ltr'><strong>αὐτῷ</strong></span> <span class='ocrx_word' id='word_1_697' title='bbox 3641 3203 3822 3255; x_wconf 84' lang='grc' dir='ltr'><strong>προσ-</strong></span> 
     </span>
    </p>
   </div>
   <div class='ocr_carea' id='block_1_89' title="bbox 2239 3279 3816 3353">
    <p class='ocr_par' dir='ltr' id='par_1_89' title="bbox 2239 3279 3816 3353">
     <span class='ocr_line' id='line_1_89' title="bbox 2239 3279 3816 3353; baseline 0.005 -24"><span class='ocrx_word' id='word_1_698' title='bbox 2239 3279 2487 3345; x_wconf 82' lang='grc' dir='ltr'><strong>γέγονεν,</strong></span> <span class='ocrx_word' id='word_1_699' title='bbox 2519 3280 2552 3348; x_wconf 79' lang='grc' dir='ltr'>ἢ</span> <span class='ocrx_word' id='word_1_700' title='bbox 2586 3281 2722 3332; x_wconf 83' lang='grc' dir='ltr'><strong>κατὰ</strong></span> <span class='ocrx_word' id='word_1_701' title='bbox 2757 3280 2932 3347; x_wconf 88' lang='grc' dir='ltr'><strong>φύσιν.</strong></span> <span class='ocrx_word' id='word_1_702' title='bbox 2967 3283 3074 3334; x_wconf 78' lang='grc' dir='ltr'><strong>Καὶ</strong></span> <span class='ocrx_word' id='word_1_703' title='bbox 3131 3282 3240 3353; x_wconf 86' lang='grc' dir='ltr'><strong>γὰρ</strong></span> <span class='ocrx_word' id='word_1_704' title='bbox 3274 3285 3364 3336; x_wconf 76' lang='grc' dir='ltr'><strong>καῖ</strong></span> <span class='ocrx_word' id='word_1_705' title='bbox 3402 3284 3565 3336; x_wconf 83' lang='grc' dir='ltr'><strong>τοῦτο</strong></span> <span class='ocrx_word' id='word_1_706' title='bbox 3622 3284 3775 3352; x_wconf 79' lang='grc' dir='ltr'><strong>λέγει</strong></span> <span class='ocrx_word' id='word_1_707' title='bbox 3801 3300 3816 3314; x_wconf 89' lang='grc'><strong>·</strong></span> 
     </span>
    </p>
   </div>
   <div class='ocr_carea' id='block_1_90' title="bbox 2237 3376 3820 3450">
    <p class='ocr_par' dir='ltr' id='par_1_90' title="bbox 2237 3376 3820 3450">
     <span class='ocr_line' id='line_1_90' title="bbox 2237 3376 3820 3450; baseline 0.003 -20"><span class='ocrx_word' id='word_1_708' title='bbox 2237 3376 2422 3442; x_wconf 80' lang='grc' dir='ltr'><strong>Αὐτὸς</strong></span> <span class='ocrx_word' id='word_1_709' title='bbox 2470 3379 2871 3430; x_wconf 81' lang='grc' dir='ltr'><strong>ἀποκαλύπτει</strong></span> <span class='ocrx_word' id='word_1_710' title='bbox 2911 3379 3101 3442; x_wconf 80' lang='grc' dir='ltr'><strong>βαθέα</strong></span> <span class='ocrx_word' id='word_1_711' title='bbox 3149 3381 3247 3433; x_wconf 80' lang='grc' dir='ltr'><strong>καὶ</strong></span> <span class='ocrx_word' id='word_1_712' title='bbox 3300 3382 3628 3450; x_wconf 79' lang='grc' dir='ltr'><strong>ἁπόκρυφα</strong></span> <span class='ocrx_word' id='word_1_713' title='bbox 3665 3399 3682 3415; x_wconf 78' lang='grc' dir='ltr'><strong>ο</strong></span> <span class='ocrx_word' id='word_1_714' title='bbox 3718 3383 3820 3434; x_wconf 89' lang='grc' dir='ltr'><strong>οὐκ</strong></span> 
     </span>
    </p>
   </div>
   <div class='ocr_carea' id='block_1_91' title="bbox 2237 3471 3822 3548">
    <p class='ocr_par' dir='ltr' id='par_1_91' title="bbox 2237 3471 3822 3548">
     <span class='ocr_line' id='line_1_91' title="bbox 2237 3471 3822 3548; baseline 0.004 -21"><span class='ocrx_word' id='word_1_715' title='bbox 2237 3471 2406 3540; x_wconf 75' lang='grc' dir='ltr'><strong>εἴπεν,</strong></span> <span class='ocrx_word' id='word_1_716' title='bbox 2442 3477 2701 3546; x_wconf 85' lang='grc' dir='ltr'><strong>εὑρίσκει,</strong></span> <span class='ocrx_word' id='word_1_717' title='bbox 2734 3476 2888 3542; x_wconf 82' lang='grc' dir='ltr'><strong>ἀλλὰ,</strong></span> <span class='ocrx_word' id='word_1_718' title='bbox 2926 3478 3345 3532; x_wconf 81' lang='grc' dir='ltr'><strong>Ἁποκαλύπτει</strong></span> <span class='ocrx_word' id='word_1_719' title='bbox 3379 3480 3594 3548; x_wconf 79' lang='grc' dir='ltr'><strong>ἑτέροις</strong></span> <span class='ocrx_word' id='word_1_720' title='bbox 3620 3479 3822 3543; x_wconf 81' lang='grc' dir='ltr'><strong>,ϐαθέα</strong></span> 
     </span>
    </p>
   </div>
   <div class='ocr_carea' id='block_1_92' title="bbox 2236 3573 3821 3647">
    <p class='ocr_par' dir='ltr' id='par_1_92' title="bbox 2236 3573 3821 3647">
     <span class='ocr_line' id='line_1_92' title="bbox 2236 3573 3821 3647; baseline 0.004 -24"><span class='ocrx_word' id='word_1_721' title='bbox 2236 3573 2362 3642; x_wconf 80' lang='grc' dir='ltr'><strong>ἡμῖν</strong></span> <span class='ocrx_word' id='word_1_722' title='bbox 2391 3573 2519 3625; x_wconf 79' lang='grc' dir='ltr'><strong>ὄντα</strong></span> <span class='ocrx_word' id='word_1_723' title='bbox 2563 3574 2658 3626; x_wconf 78' lang='grc' dir='ltr'><strong>καὶ</strong></span> <span class='ocrx_word' id='word_1_724' title='bbox 2694 3575 3024 3642; x_wconf 82' lang='grc' dir='ltr'><strong>ἁπόκρυφα,</strong></span> <span class='ocrx_word' id='word_1_725' title='bbox 3051 3576 3117 3628; x_wconf 78' lang='grc' dir='ltr'><strong>τά</strong></span> <span class='ocrx_word' id='word_1_726' title='bbox 3150 3577 3210 3627; x_wconf 84' lang='grc' dir='ltr'><strong>ὲκ</strong></span> <span class='ocrx_word' id='word_1_727' title='bbox 3241 3575 3454 3646; x_wconf 84' lang='grc' dir='ltr'><strong>μακροῦ</strong></span> <span class='ocrx_word' id='word_1_728' title='bbox 3484 3576 3580 3628; x_wconf 79' lang='grc' dir='ltr'><strong>τοῦ</strong></span> <span class='ocrx_word' id='word_1_729' title='bbox 3621 3575 3821 3647; x_wconf 87' lang='grc' dir='ltr'><strong>χρόνου</strong></span> 
     </span>
    </p>
   </div>
   <div class='ocr_carea' id='block_1_93' title="bbox 2233 3671 3824 3744">
    <p class='ocr_par' dir='ltr' id='par_1_93' title="bbox 2233 3671 3824 3744">
     <span class='ocr_line' id='line_1_93' title="bbox 2233 3671 3824 3744; baseline 0.003 -21"><span class='ocrx_word' id='word_1_730' title='bbox 2233 3672 2516 3739; x_wconf 84' lang='grc' dir='ltr'><strong>ἀφεστῶτα</strong></span> <span class='ocrx_word' id='word_1_731' title='bbox 2559 3673 2650 3725; x_wconf 82' lang='grc' dir='ltr'><strong>καὶ</strong></span> <span class='ocrx_word' id='word_1_732' title='bbox 2699 3675 3063 3744; x_wconf 85' lang='grc' dir='ltr'><strong>κεκρυμμένα.</strong></span> <span class='ocrx_word' id='word_1_733' title='bbox 3119 3671 3442 3727; x_wconf 85' lang='grc' dir='ltr'><strong>Γινώσκων</strong></span> <span class='ocrx_word' id='word_1_734' title='bbox 3485 3674 3560 3728; x_wconf 87' lang='grc' dir='ltr'><strong>τὰ</strong></span> <span class='ocrx_word' id='word_1_735' title='bbox 3615 3676 3690 3728; x_wconf 81' lang='grc' dir='ltr'><strong>ἐν</strong></span> <span class='ocrx_word' id='word_1_736' title='bbox 3741 3675 3824 3738; x_wconf 82' lang='grc' dir='ltr'><strong>τῷ</strong></span> 
     </span>
    </p>
   </div>
   <div class='ocr_carea' id='block_1_94' title="bbox 2234 3771 3823 3844">
    <p class='ocr_par' dir='ltr' id='par_1_94' title="bbox 2234 3771 3823 3844">
     <span class='ocr_line' id='line_1_94' title="bbox 2234 3771 3823 3844; baseline 0.003 -23"><span class='ocrx_word' id='word_1_737' title='bbox 2234 3771 2434 3823; x_wconf 81' lang='grc' dir='ltr'><strong>σκότει</strong></span> <span class='ocrx_word' id='word_1_738' title='bbox 2470 3786 2485 3801; x_wconf 77' lang='grc' dir='ltr'><strong>ο</strong></span> <span class='ocrx_word' id='word_1_739' title='bbox 2529 3771 2628 3822; x_wconf 75' lang='grc' dir='ltr'><strong>καὶ</strong></span> <span class='ocrx_word' id='word_1_740' title='bbox 2671 3773 2736 3823; x_wconf 85' lang='grc' dir='ltr'><strong>τὸ</strong></span> <span class='ocrx_word' id='word_1_741' title='bbox 2777 3771 2899 3838; x_wconf 88' lang='grc' dir='ltr'><strong>φῶς</strong></span> <span class='ocrx_word' id='word_1_742' title='bbox 2936 3773 3060 3839; x_wconf 84' lang='grc' dir='ltr'><strong>μετ’</strong></span> <span class='ocrx_word' id='word_1_743' title='bbox 3093 3773 3276 3825; x_wconf 85' lang='grc' dir='ltr'><strong>αὑτοῦ</strong></span> <span class='ocrx_word' id='word_1_744' title='bbox 3317 3774 3510 3826; x_wconf 84' lang='grc' dir='ltr'><strong>ἐστιν.</strong></span> <span class='ocrx_word' id='word_1_745' title='bbox 3568 3773 3718 3844; x_wconf 78' lang='grc' dir='ltr'><strong>Ὅρα</strong></span> <span class='ocrx_word' id='word_1_746' title='bbox 3769 3774 3823 3826; x_wconf 85' lang='grc' dir='ltr'><strong>τί</strong></span> 
     </span>
    </p>
   </div>
   <div class='ocr_carea' id='block_1_95' title="bbox 2237 3869 3823 3942">
    <p class='ocr_par' dir='ltr' id='par_1_95' title="bbox 2237 3869 3823 3942">
     <span class='ocr_line' id='line_1_95' title="bbox 2237 3869 3823 3942; baseline 0.003 -21"><span class='ocrx_word' id='word_1_747' title='bbox 2237 3887 2387 3938; x_wconf 88' lang='grc' dir='ltr'><strong>φησι.</strong></span> <span class='ocrx_word' id='word_1_748' title='bbox 2413 3870 2618 3938; x_wconf 82' lang='grc' dir='ltr'><strong>Ὠσπερ</strong></span> <span class='ocrx_word' id='word_1_749' title='bbox 2649 3871 2677 3920; x_wconf 83' lang='grc' dir='ltr'>ὁ</span> <span class='ocrx_word' id='word_1_750' title='bbox 2705 3869 2864 3921; x_wconf 79' lang='grc' dir='ltr'><strong>Δαυῒδ</strong></span> <span class='ocrx_word' id='word_1_751' title='bbox 2892 3871 3034 3937; x_wconf 82' lang='grc' dir='ltr'><strong>λέγει</strong></span> <span class='ocrx_word' id='word_1_752' title='bbox 3059 3888 3071 3900; x_wconf 90' lang='grc'><strong>·</strong></span> <span class='ocrx_word' id='word_1_753' title='bbox 3120 3871 3209 3935; x_wconf 85' lang='grc' dir='ltr'><strong>Ὠς</strong></span> <span class='ocrx_word' id='word_1_754' title='bbox 3242 3871 3309 3924; x_wconf 90' lang='grc' dir='ltr'><strong>τὸ</strong></span> <span class='ocrx_word' id='word_1_755' title='bbox 3334 3873 3562 3938; x_wconf 83' lang='grc' dir='ltr'><strong>σκότος</strong></span> <span class='ocrx_word' id='word_1_756' title='bbox 3600 3872 3823 3942; x_wconf 81' lang='grc' dir='ltr'><strong>αὐτῆς,</strong></span> 
     </span>
    </p>
   </div>
   <div class='ocr_carea' id='block_1_96' title="bbox 2235 3966 3825 4037">
    <p class='ocr_par' dir='ltr' id='par_1_96' title="bbox 2235 3966 3825 4037">
     <span class='ocr_line' id='line_1_96' title="bbox 2235 3966 3825 4037; baseline 0.001 -18"><span class='ocrx_word' id='word_1_757' title='bbox 2235 3966 2386 4019; x_wconf 85' lang='grc' dir='ltr'><strong>οὕτω</strong></span> <span class='ocrx_word' id='word_1_758' title='bbox 2425 3970 2520 4018; x_wconf 79' lang='grc' dir='ltr'><strong>καὶ</strong></span> <span class='ocrx_word' id='word_1_759' title='bbox 2553 3967 2616 4017; x_wconf 84' lang='grc' dir='ltr'><strong>τὸ</strong></span> <span class='ocrx_word' id='word_1_760' title='bbox 2649 3966 2773 4034; x_wconf 85' lang='grc' dir='ltr'><strong>φῶς</strong></span> <span class='ocrx_word' id='word_1_761' title='bbox 2801 3966 3007 4035; x_wconf 84' lang='grc' dir='ltr'><strong>αὐτῆς.</strong></span> <span class='ocrx_word' id='word_1_762' title='bbox 3039 3969 3110 4020; x_wconf 85' lang='grc' dir='ltr'><strong>Τὸ</strong></span> <span class='ocrx_word' id='word_1_763' title='bbox 3138 3967 3269 4021; x_wconf 87' lang='grc' dir='ltr'><strong>πολύ</strong></span> <span class='ocrx_word' id='word_1_764' title='bbox 3299 3969 3400 4037; x_wconf 84' lang='grc' dir='ltr'><strong>τῆς</strong></span> <span class='ocrx_word' id='word_1_765' title='bbox 3429 3967 3698 4035; x_wconf 76' lang='grc' dir='ltr'><strong>γνώσεως</strong></span> <span class='ocrx_word' id='word_1_766' title='bbox 3731 3968 3825 4020; x_wconf 80' lang='grc' dir='ltr'><strong>λέ-</strong></span> 
     </span>
    </p>
   </div>
   <div class='ocr_carea' id='block_1_97' title="bbox 2234 4062 3827 4135">
    <p class='ocr_par' dir='ltr' id='par_1_97' title="bbox 2234 4062 3827 4135">
     <span class='ocr_line' id='line_1_97' title="bbox 2234 4062 3827 4135; baseline 0.001 -21"><span class='ocrx_word' id='word_1_767' title='bbox 2234 4080 2341 4129; x_wconf 90' lang='grc' dir='ltr'><strong>γει,</strong></span> <span class='ocrx_word' id='word_1_768' title='bbox 2372 4064 2487 4132; x_wconf 78' lang='grc' dir='ltr'><strong>ήτοι</strong></span> <span class='ocrx_word' id='word_1_769' title='bbox 2513 4064 2616 4116; x_wconf 80' lang='grc' dir='ltr'><strong>κᾶν</strong></span> <span class='ocrx_word' id='word_1_770' title='bbox 2644 4065 2810 4134; x_wconf 85' lang='grc' dir='ltr'><strong>άδηλα</strong></span> <span class='ocrx_word' id='word_1_771' title='bbox 2838 4062 2894 4135; x_wconf 80' lang='grc' dir='ltr'><strong>ᾗ,</strong></span> <span class='ocrx_word' id='word_1_772' title='bbox 2928 4065 3072 4134; x_wconf 87' lang='grc' dir='ltr'><strong>αὐτῷ</strong></span> <span class='ocrx_word' id='word_1_773' title='bbox 3104 4066 3289 4126; x_wconf 88' lang='grc' dir='ltr'><strong>σκότος</strong></span> <span class='ocrx_word' id='word_1_774' title='bbox 3321 4066 3422 4117; x_wconf 91' lang='grc' dir='ltr'><strong>οὐκ</strong></span> <span class='ocrx_word' id='word_1_775' title='bbox 3453 4065 3630 4130; x_wconf 63' lang='grc' dir='ltr'><strong>ἔστιν,</strong></span> <span class='ocrx_word' id='word_1_776' title='bbox 3667 4065 3703 4135; x_wconf 80' lang='grc' dir='ltr'>ἢ</span> <span class='ocrx_word' id='word_1_777' title='bbox 3738 4066 3827 4119; x_wconf 79' lang='grc' dir='ltr'><strong>ὃτι</strong></span> 
     </span>
    </p>
   </div>
   <div class='ocr_carea' id='block_1_98' title="bbox 2235 4161 3828 4230">
    <p class='ocr_par' dir='ltr' id='par_1_98' title="bbox 2235 4161 3828 4230">
     <span class='ocr_line' id='line_1_98' title="bbox 2235 4161 3828 4230; baseline 0.002 -18"><span class='ocrx_word' id='word_1_778' title='bbox 2235 4161 2350 4228; x_wconf 83' lang='grc' dir='ltr'><strong>φῶς</strong></span> <span class='ocrx_word' id='word_1_779' title='bbox 2398 4161 2574 4214; x_wconf 85' lang='grc' dir='ltr'><strong>αὐτῶν</strong></span> <span class='ocrx_word' id='word_1_780' title='bbox 2619 4163 2752 4215; x_wconf 70' lang='grc' dir='ltr'><strong>ἐστι.</strong></span> <span class='ocrx_word' id='word_1_781' title='bbox 2798 4162 2918 4221; x_wconf 85' lang='grc' dir='ltr'><strong>Πῶς</strong></span> <span class='ocrx_word' id='word_1_782' title='bbox 2963 4162 3213 4229; x_wconf 85' lang='grc' dir='ltr'><strong>γινώσκει</strong></span> <span class='ocrx_word' id='word_1_783' title='bbox 3253 4162 3322 4214; x_wconf 85' lang='grc' dir='ltr'><strong>τὰ</strong></span> <span class='ocrx_word' id='word_1_784' title='bbox 3365 4162 3423 4214; x_wconf 78' lang='grc' dir='ltr'><strong>ὲν</strong></span> <span class='ocrx_word' id='word_1_785' title='bbox 3473 4161 3556 4230; x_wconf 78' lang='grc' dir='ltr'><strong>τῷ</strong></span> <span class='ocrx_word' id='word_1_786' title='bbox 3604 4163 3828 4227; x_wconf 83' lang='grc' dir='ltr'><strong>σκότει;</strong></span> 
     </span>
    </p>
   </div>
   <div class='ocr_carea' id='block_1_99' title="bbox 2247 4258 3826 4329">
    <p class='ocr_par' dir='ltr' id='par_1_99' title="bbox 2247 4258 3826 4329">
     <span class='ocr_line' id='line_1_99' title="bbox 2247 4258 3826 4329; baseline 0.002 -19"><span class='ocrx_word' id='word_1_787' title='bbox 2247 4259 2455 4310; x_wconf 82' lang='grc' dir='ltr'><strong>Ὠσανεὶ</strong></span> <span class='ocrx_word' id='word_1_788' title='bbox 2482 4259 2594 4326; x_wconf 86' lang='grc' dir='ltr'><strong>φῶς</strong></span> <span class='ocrx_word' id='word_1_789' title='bbox 2622 4259 2756 4328; x_wconf 77' lang='grc' dir='ltr'><strong>ἔχων</strong></span> <span class='ocrx_word' id='word_1_790' title='bbox 2785 4259 2900 4329; x_wconf 78' lang='grc' dir='ltr'><strong>μεθ’</strong></span> <span class='ocrx_word' id='word_1_791' title='bbox 2925 4258 3130 4311; x_wconf 72' lang='grc' dir='ltr'><strong>ἑαυτοῦ.</strong></span> <span class='ocrx_word' id='word_1_792' title='bbox 3163 4261 3294 4311; x_wconf 81' lang='grc' dir='ltr'><strong>Μετ’</strong></span> <span class='ocrx_word' id='word_1_793' title='bbox 3323 4259 3495 4311; x_wconf 81' lang='grc' dir='ltr'><strong>αὐτοῦ</strong></span> <span class='ocrx_word' id='word_1_794' title='bbox 3524 4261 3683 4313; x_wconf 78' lang='grc' dir='ltr'><strong>ἐστιν</strong></span> <span class='ocrx_word' id='word_1_795' title='bbox 3713 4261 3826 4313; x_wconf 79' lang='grc' dir='ltr'><strong>ἀεί.</strong></span> 
     </span>
    </p>
   </div>
   <div class='ocr_carea' id='block_1_100' title="bbox 2235 4356 3831 4433">
    <p class='ocr_par' dir='ltr' id='par_1_100' title="bbox 2235 4356 3831 4433">
     <span class='ocr_line' id='line_1_100' title="bbox 2235 4356 3831 4433; baseline 0.002 -26"><span class='ocrx_word' id='word_1_796' title='bbox 2235 4356 2612 4425; x_wconf 83' lang='grc' dir='ltr'><strong>Ἀνθρωπὶνως</strong></span> <span class='ocrx_word' id='word_1_797' title='bbox 2640 4358 2802 4424; x_wconf 85' lang='grc' dir='ltr'><strong>λέγει.</strong></span> <span class='ocrx_word' id='word_1_798' title='bbox 2839 4359 3042 4428; x_wconf 79' lang='grc' dir='ltr'><strong>Ὠσπερ</strong></span> <span class='ocrx_word' id='word_1_799' title='bbox 3070 4356 3217 4409; x_wconf 86' lang='grc' dir='ltr'><strong>οὐδέν</strong></span> <span class='ocrx_word' id='word_1_800' title='bbox 3243 4359 3392 4410; x_wconf 77' lang='grc' dir='ltr'><strong>ἐστιν</strong></span> <span class='ocrx_word' id='word_1_801' title='bbox 3423 4360 3484 4410; x_wconf 83' lang='grc' dir='ltr'><strong>ὲν</strong></span> <span class='ocrx_word' id='word_1_802' title='bbox 3518 4360 3713 4433; x_wconf 86' lang='grc' dir='ltr'><strong>σκότει</strong></span> <span class='ocrx_word' id='word_1_803' title='bbox 3747 4361 3831 4429; x_wconf 80' lang='grc' dir='ltr'><strong>τῷ</strong></span> 
     </span>
    </p>
   </div>
   <div class='ocr_carea' id='block_1_101' title="bbox 2235 4453 3832 4527">
    <p class='ocr_par' dir='ltr' id='par_1_101' title="bbox 2235 4453 3832 4527">
     <span class='ocr_line' id='line_1_101' title="bbox 2235 4453 3832 4527; baseline 0.004 -22"><span class='ocrx_word' id='word_1_804' title='bbox 2235 4453 2425 4521; x_wconf 85' lang='grc' dir='ltr'><strong>λύχνον</strong></span> <span class='ocrx_word' id='word_1_805' title='bbox 2454 4456 2690 4519; x_wconf 85' lang='grc' dir='ltr'><strong>ἆπτοντι,</strong></span> <span class='ocrx_word' id='word_1_806' title='bbox 2718 4456 2884 4520; x_wconf 77' lang='grc' dir='ltr'><strong>οὓτως</strong></span> <span class='ocrx_word' id='word_1_807' title='bbox 2909 4459 3022 4509; x_wconf 84' lang='grc' dir='ltr'><strong>οὐδὲ</strong></span> <span class='ocrx_word' id='word_1_808' title='bbox 3048 4457 3122 4526; x_wconf 81' lang='grc' dir='ltr'><strong>τῷ</strong></span> <span class='ocrx_word' id='word_1_809' title='bbox 3148 4457 3263 4526; x_wconf 82' lang='grc' dir='ltr'><strong>Θεῷ</strong></span> <span class='ocrx_word' id='word_1_810' title='bbox 3289 4475 3299 4487; x_wconf 92' lang='grc'><strong>·</strong></span> <span class='ocrx_word' id='word_1_811' title='bbox 3335 4459 3544 4527; x_wconf 80' lang='grc' dir='ltr'><strong>μᾶλλον</strong></span> <span class='ocrx_word' id='word_1_812' title='bbox 3577 4461 3660 4523; x_wconf 80' lang='grc' dir='ltr'><strong>δὲ,</strong></span> <span class='ocrx_word' id='word_1_813' title='bbox 3693 4461 3750 4513; x_wconf 88' lang='grc' dir='ltr'><strong>εῖ</strong></span> <span class='ocrx_word' id='word_1_814' title='bbox 3773 4477 3832 4512; x_wconf 90' lang='grc' dir='ltr'><strong>τι</strong></span> 
     </span>
    </p>
   </div>
   <div class='ocr_carea' id='block_1_102' title="bbox 2238 4550 3834 4628">
    <p class='ocr_par' dir='ltr' id='par_1_102' title="bbox 2238 4550 3834 4628">
     <span class='ocr_line' id='line_1_102' title="bbox 2238 4550 3834 4628; baseline 0.004 -26"><span class='ocrx_word' id='word_1_815' title='bbox 2238 4550 2419 4615; x_wconf 87' lang='grc' dir='ltr'><strong>πλέον,</strong></span> <span class='ocrx_word' id='word_1_816' title='bbox 2450 4553 2632 4624; x_wconf 85' lang='grc' dir='ltr'><strong>ὥσπερ</strong></span> <span class='ocrx_word' id='word_1_817' title='bbox 2659 4554 2736 4623; x_wconf 84' lang='grc' dir='ltr'><strong>τῷ</strong></span> <span class='ocrx_word' id='word_1_818' title='bbox 2766 4555 2823 4606; x_wconf 83' lang='grc' dir='ltr'><strong>τὸ</strong></span> <span class='ocrx_word' id='word_1_819' title='bbox 2851 4555 2960 4622; x_wconf 84' lang='grc' dir='ltr'><strong>φῶς</strong></span> <span class='ocrx_word' id='word_1_820' title='bbox 2991 4553 3160 4625; x_wconf 81' lang='grc' dir='ltr'><strong>ἔχοντι</strong></span> <span class='ocrx_word' id='word_1_821' title='bbox 3190 4555 3246 4606; x_wconf 72' lang='grc' dir='ltr'><strong>ἐν</strong></span> <span class='ocrx_word' id='word_1_822' title='bbox 3275 4556 3609 4626; x_wconf 84' lang='grc' dir='ltr'><strong>ὀφθαλμοῖς,</strong></span> <span class='ocrx_word' id='word_1_823' title='bbox 3633 4558 3717 4628; x_wconf 83' lang='grc' dir='ltr'><strong>τῷ</strong></span> <span class='ocrx_word' id='word_1_824' title='bbox 3743 4557 3834 4610; x_wconf 79' lang='grc' dir='ltr'><strong>ἀεὶ</strong></span> 
     </span>
    </p>
   </div>
   <div class='ocr_carea' id='block_1_103' title="bbox 2234 4651 3838 4722">
    <p class='ocr_par' dir='ltr' id='par_1_103' title="bbox 2234 4651 3838 4722">
     <span class='ocr_line' id='line_1_103' title="bbox 2234 4651 3838 4722; baseline 0.005 -22"><span class='ocrx_word' id='word_1_825' title='bbox 2234 4651 2580 4721; x_wconf 82' lang='grc' dir='ltr'><strong>περιφέροντι</strong></span> <span class='ocrx_word' id='word_1_826' title='bbox 2609 4652 2737 4703; x_wconf 86' lang='grc' dir='ltr'><strong>αὐτὸ</strong></span> <span class='ocrx_word' id='word_1_827' title='bbox 2761 4653 2871 4718; x_wconf 84' lang='grc' dir='ltr'><strong>φῶς</strong></span> <span class='ocrx_word' id='word_1_828' title='bbox 2898 4653 2924 4691; x_wconf 74' lang='grc' dir='ltr'><strong>ι)</strong></span> <span class='ocrx_word' id='word_1_829' title='bbox 2958 4654 3086 4704; x_wconf 79' lang='grc' dir='ltr'><strong>ἐστι.</strong></span> <span class='ocrx_word' id='word_1_830' title='bbox 3126 4653 3256 4718; x_wconf 83' lang='grc' dir='ltr'><strong>Σοὶ,</strong></span> <span class='ocrx_word' id='word_1_831' title='bbox 3299 4655 3330 4705; x_wconf 85' lang='grc' dir='ltr'><em>ὀ</em></span> <span class='ocrx_word' id='word_1_832' title='bbox 3361 4653 3511 4719; x_wconf 86' lang='grc' dir='ltr'><strong>Θεὸς</strong></span> <span class='ocrx_word' id='word_1_833' title='bbox 3544 4655 3838 4722; x_wconf 79' lang='grc' dir='ltr'><strong>πατέρων</strong></span> 
     </span>
    </p>
   </div>
   <div class='ocr_carea' id='block_1_104' title="bbox 2228 4749 3836 4821">
    <p class='ocr_par' dir='ltr' id='par_1_104' title="bbox 2228 4749 3836 4821">
     <span class='ocr_line' id='line_1_104' title="bbox 2228 4749 3836 4821; baseline 0.001 -21"><span class='ocrx_word' id='word_1_834' title='bbox 2228 4766 2368 4816; x_wconf 81' lang='grc' dir='ltr'><strong>μου,</strong></span> <span class='ocrx_word' id='word_1_835' title='bbox 2391 4751 2539 4820; x_wconf 74' lang='grc' dir='ltr'><strong>φησὶ,</strong></span> <span class='ocrx_word' id='word_1_836' title='bbox 2563 4749 3038 4818; x_wconf 69' lang='grc' dir='ltr'><strong>ἐξομολογοῦμαι,</strong></span> <span class='ocrx_word' id='word_1_837' title='bbox 3060 4751 3152 4802; x_wconf 75' lang='grc' dir='ltr'><strong>καὶ</strong></span> <span class='ocrx_word' id='word_1_838' title='bbox 3171 4749 3333 4814; x_wconf 78' lang='grc' dir='ltr'><strong>αἰνῶ,</strong></span> <span class='ocrx_word' id='word_1_839' title='bbox 3354 4750 3449 4804; x_wconf 81' lang='grc' dir='ltr'><strong>ὄτι</strong></span> <span class='ocrx_word' id='word_1_840' title='bbox 3469 4754 3717 4821; x_wconf 86' lang='grc' dir='ltr'><strong>σοφίαν</strong></span> <span class='ocrx_word' id='word_1_841' title='bbox 3733 4751 3836 4804; x_wconf 70' lang='grc' dir='ltr'><strong>καὶ</strong></span> 
     </span>
    </p>
   </div>
   <div class='ocr_carea' id='block_1_105' title="bbox 2234 4847 3839 4919">
    <p class='ocr_par' dir='ltr' id='par_1_105' title="bbox 2234 4847 3839 4919">
     <span class='ocr_line' id='line_1_105' title="bbox 2234 4847 3839 4919; baseline 0.001 -18"><span class='ocrx_word' id='word_1_842' title='bbox 2234 4849 2491 4901; x_wconf 89' lang='grc' dir='ltr'><strong>σύνεσιν</strong></span> <span class='ocrx_word' id='word_1_843' title='bbox 2516 4847 2737 4911; x_wconf 76' lang='grc' dir='ltr'><strong>ἔδωκάς</strong></span> <span class='ocrx_word' id='word_1_844' title='bbox 2759 4864 2875 4914; x_wconf 84' lang='grc' dir='ltr'><strong>μοι.</strong></span> <span class='ocrx_word' id='word_1_845' title='bbox 2905 4848 3186 4915; x_wconf 84' lang='grc' dir='ltr'><strong>Εὐκαίρως</strong></span> <span class='ocrx_word' id='word_1_846' title='bbox 3217 4849 3324 4900; x_wconf 80' lang='grc' dir='ltr'><strong>τῶν</strong></span> <span class='ocrx_word' id='word_1_847' title='bbox 3353 4851 3625 4918; x_wconf 84' lang='grc' dir='ltr'><strong>πατέρων</strong></span> <span class='ocrx_word' id='word_1_848' title='bbox 3657 4851 3839 4919; x_wconf 75' lang='grc' dir='ltr'><strong>ἐμνή-</strong></span> 
     </span>
    </p>
   </div>
   <div class='ocr_carea' id='block_1_106' title="bbox 2235 4943 3835 5018">
    <p class='ocr_par' dir='ltr' id='par_1_106' title="bbox 2235 4943 3835 5018">
     <span class='ocr_line' id='line_1_106' title="bbox 2235 4943 3835 5018; baseline 0.003 -21"><span class='ocrx_word' id='word_1_849' title='bbox 2235 4946 2339 5014; x_wconf 89' lang='grc' dir='ltr'><strong>σθη</strong></span> <span class='ocrx_word' id='word_1_850' title='bbox 2386 4943 2498 5008; x_wconf 83' lang='grc' dir='ltr'><strong>νῦν,</strong></span> <span class='ocrx_word' id='word_1_851' title='bbox 2539 4945 2602 4997; x_wconf 89' lang='grc' dir='ltr'><strong>δι’</strong></span> <span class='ocrx_word' id='word_1_852' title='bbox 2638 4947 2854 4997; x_wconf 78' lang='grc' dir='ltr'><strong>ἐκείνων</strong></span> <span class='ocrx_word' id='word_1_853' title='bbox 2895 4944 3050 4995; x_wconf 84' lang='grc' dir='ltr'><strong>αὐτὸν</strong></span> <span class='ocrx_word' id='word_1_854' title='bbox 3091 4945 3410 5015; x_wconf 80' lang='grc' dir='ltr'><strong>δυσωπῆσαι</strong></span> <span class='ocrx_word' id='word_1_855' title='bbox 3451 4948 3835 5018; x_wconf 82' lang='grc' dir='ltr'><strong>βουλόμενος,</strong></span> 
     </span>
    </p>
   </div>
   <div class='ocr_carea' id='block_1_107' title="bbox 2234 5042 3834 5118">
    <p class='ocr_par' dir='ltr' id='par_1_107' title="bbox 2234 5042 3834 5118">
     <span class='ocr_line' id='line_1_107' title="bbox 2234 5042 3834 5118; baseline 0.003 -22"><span class='ocrx_word' id='word_1_856' title='bbox 2234 5042 2482 5114; x_wconf 85' lang='grc' dir='ltr'><strong>καθάπερ</strong></span> <span class='ocrx_word' id='word_1_857' title='bbox 2506 5043 2653 5105; x_wconf 87' lang='grc' dir='ltr'><strong>εῖτίς</strong></span> <span class='ocrx_word' id='word_1_858' title='bbox 2676 5061 2793 5096; x_wconf 88' lang='grc' dir='ltr'><strong>τινα</strong></span> <span class='ocrx_word' id='word_1_859' title='bbox 2827 5043 2974 5114; x_wconf 73' lang='lat'><strong>[2:0]</strong></span> <span class='ocrx_word' id='word_1_860' title='bbox 3005 5045 3236 5114; x_wconf 77' lang='grc' dir='ltr'><strong>ἐραστὴν</strong></span> <span class='ocrx_word' id='word_1_861' title='bbox 3273 5047 3510 5116; x_wconf 81' lang='grc' dir='ltr'><strong>σφοδρὸν</strong></span> <span class='ocrx_word' id='word_1_862' title='bbox 3537 5048 3656 5100; x_wconf 80' lang='grc' dir='ltr'><strong>τῶν</strong></span> <span class='ocrx_word' id='word_1_863' title='bbox 3687 5049 3834 5118; x_wconf 72' lang='grc' dir='ltr'><strong>ἐρω-</strong></span> 
     </span>
    </p>
   </div>
   <div class='ocr_carea' id='block_1_108' title="bbox 2235 5141 3835 5216">
    <p class='ocr_par' dir='ltr' id='par_1_108' title="bbox 2235 5141 3835 5216">
     <span class='ocr_line' id='line_1_108' title="bbox 2235 5141 3835 5216; baseline 0.006 -23"><span class='ocrx_word' id='word_1_864' title='bbox 2235 5141 2414 5210; x_wconf 76' lang='grc' dir='ltr'><strong>μένων</strong></span> <span class='ocrx_word' id='word_1_865' title='bbox 2441 5142 2814 5210; x_wconf 82' lang='grc' dir='ltr'><strong>ἀναμνήσειεν.</strong></span> <span class='ocrx_word' id='word_1_866' title='bbox 2853 5143 3347 5214; x_wconf 78' lang='grc' dir='ltr'><strong>Ἑξομολοτοῦμαι</strong></span> <span class='ocrx_word' id='word_1_867' title='bbox 3370 5183 3386 5208; x_wconf 89' lang='grc'><strong>,</strong></span> <span class='ocrx_word' id='word_1_868' title='bbox 3421 5147 3570 5215; x_wconf 79' lang='grc' dir='ltr'><strong>φησὶ</strong></span> <span class='ocrx_word' id='word_1_869' title='bbox 3590 5187 3607 5211; x_wconf 88' lang='grc'><strong>,</strong></span> <span class='ocrx_word' id='word_1_870' title='bbox 3645 5151 3835 5216; x_wconf 78' lang='grc' dir='ltr'><strong>εὐχα-</strong></span> 
     </span>
    </p>
   </div>
   <div class='ocr_carea' id='block_1_109' title="bbox 2223 5238 3839 5308">
    <p class='ocr_par' dir='ltr' id='par_1_109' title="bbox 2223 5238 3839 5308">
     <span class='ocr_line' id='line_1_109' title="bbox 2223 5238 3839 5308; baseline 0.007 -17"><span class='ocrx_word' id='word_1_871' title='bbox 2223 5238 2449 5307; x_wconf 86' lang='grc' dir='ltr'><strong>ριστῶ,</strong></span> <span class='ocrx_word' id='word_1_872' title='bbox 2496 5238 2591 5291; x_wconf 75' lang='grc' dir='ltr'><strong>καὶ</strong></span> <span class='ocrx_word' id='word_1_873' title='bbox 2625 5238 2795 5301; x_wconf 75' lang='grc' dir='ltr'><strong>αἰνῶ,</strong></span> <span class='ocrx_word' id='word_1_874' title='bbox 2837 5238 2922 5290; x_wconf 86' lang='grc' dir='ltr'><strong>ὅτι</strong></span> <span class='ocrx_word' id='word_1_875' title='bbox 2960 5241 3185 5308; x_wconf 88' lang='grc' dir='ltr'><strong>σοφίαν</strong></span> <span class='ocrx_word' id='word_1_876' title='bbox 3227 5242 3322 5294; x_wconf 76' lang='grc' dir='ltr'><strong>καὶ</strong></span> <span class='ocrx_word' id='word_1_877' title='bbox 3373 5243 3656 5298; x_wconf 80' lang='grc' dir='ltr'><strong>σύνεσιν</strong></span> <span class='ocrx_word' id='word_1_878' title='bbox 3691 5247 3839 5301; x_wconf 80' lang='grc' dir='ltr'><strong>ἐδω-</strong></span> 
     </span>
    </p>
   </div>
   <div class='ocr_carea' id='block_1_110' title="bbox 2231 5335 3840 5412">
    <p class='ocr_par' dir='ltr' id='par_1_110' title="bbox 2231 5335 3840 5412">
     <span class='ocr_line' id='line_1_110' title="bbox 2231 5335 3840 5412; baseline 0.006 -23"><span class='ocrx_word' id='word_1_879' title='bbox 2231 5336 2345 5400; x_wconf 79' lang='grc' dir='ltr'><strong>κὰς</strong></span> <span class='ocrx_word' id='word_1_880' title='bbox 2371 5354 2491 5403; x_wconf 86' lang='grc' dir='ltr'><strong>μοι.</strong></span> <span class='ocrx_word' id='word_1_881' title='bbox 2537 5336 2644 5404; x_wconf 84' lang='grc' dir='ltr'><strong>Τὴν</strong></span> <span class='ocrx_word' id='word_1_882' title='bbox 2681 5335 2938 5405; x_wconf 86' lang='grc' dir='ltr'><strong>προτέραν</strong></span> <span class='ocrx_word' id='word_1_883' title='bbox 2984 5339 3133 5407; x_wconf 87' lang='grc' dir='ltr'><strong>φησί.</strong></span> <span class='ocrx_word' id='word_1_884' title='bbox 3186 5338 3296 5391; x_wconf 81' lang='lat' dir='ltr'><strong><em>Kal</em></strong></span> <span class='ocrx_word' id='word_1_885' title='bbox 3330 5339 3452 5392; x_wconf 77' lang='grc' dir='ltr'><strong>νῦν</strong></span> <span class='ocrx_word' id='word_1_886' title='bbox 3487 5342 3840 5412; x_wconf 74' lang='grc' dir='ltr'><strong>ἐγνώρισάς</strong></span> 
     </span>
    </p>
   </div>
   <div class='ocr_carea' id='block_1_111' title="bbox 2224 5432 3840 5505">
    <p class='ocr_par' dir='ltr' id='par_1_111' title="bbox 2224 5432 3840 5505">
     <span class='ocr_line' id='line_1_111' title="bbox 2224 5432 3840 5505; baseline 0.007 -20"><span class='ocrx_word' id='word_1_887' title='bbox 2224 5451 2329 5503; x_wconf 83' lang='grc' dir='ltr'><strong>μοι</strong></span> <span class='ocrx_word' id='word_1_888' title='bbox 2376 5432 2413 5485; x_wconf 86' lang='lat' dir='ltr'><strong><em>d</em></strong></span> <span class='ocrx_word' id='word_1_889' title='bbox 2460 5432 2792 5501; x_wconf 78' lang='grc' dir='ltr'><strong>ἠξιώσαμεν</strong></span> <span class='ocrx_word' id='word_1_890' title='bbox 2836 5434 2988 5500; x_wconf 85' lang='grc' dir='ltr'><strong>παρὰ</strong></span> <span class='ocrx_word' id='word_1_891' title='bbox 3047 5436 3184 5489; x_wconf 86' lang='grc' dir='ltr'><strong>σοῦ.</strong></span> <span class='ocrx_word' id='word_1_892' title='bbox 3241 5436 3404 5500; x_wconf 86' lang='grc' dir='ltr'><strong>Ἴσως</strong></span> <span class='ocrx_word' id='word_1_893' title='bbox 3459 5440 3621 5505; x_wconf 81' lang='grc' dir='ltr'><strong>είκὺς</strong></span> <span class='ocrx_word' id='word_1_894' title='bbox 3668 5442 3840 5496; x_wconf 71' lang='grc' dir='ltr'><strong>αὐτὸν</strong></span> 
     </span>
    </p>
   </div>
   <div class='ocr_carea' id='block_1_112' title="bbox 2294 5633 2774 5683">
    <p class='ocr_par' dir='ltr' id='par_1_112' title="bbox 2294 5633 2774 5683">
     <span class='ocr_line' id='line_1_112' title="bbox 2294 5633 2774 5683; baseline 0.008 -4"><span class='ocrx_word' id='word_1_895' title='bbox 2294 5637 2316 5663; x_wconf 85' lang='grc'><strong><em>⁸</em></strong></span> <span class='ocrx_word' id='word_1_896' title='bbox 2344 5634 2514 5681; x_wconf 88' lang='lat' dir='ltr'><strong>Scribe</strong></span> <span class='ocrx_word' id='word_1_897' title='bbox 2535 5633 2774 5683; x_wconf 74' lang='grc' dir='ltr'><strong>λαϐοῦσιν.</strong></span> 
     </span>
    </p>
   </div>
   <div class='ocr_carea' id='block_1_113' title="bbox 2291 5693 2742 5754">
    <p class='ocr_par' dir='ltr' id='par_1_113' title="bbox 2291 5693 2742 5754">
     <span class='ocr_line' id='line_1_113' title="bbox 2291 5693 2742 5754; baseline -0.02 -9"><span class='ocrx_word' id='word_1_898' title='bbox 2291 5694 2317 5732; x_wconf 63' lang='grc' dir='ltr'><strong>ιτ</strong></span> <span class='ocrx_word' id='word_1_899' title='bbox 2347 5693 2492 5744; x_wconf 67' lang='lat' dir='ltr'><strong>Forte</strong></span> <span class='ocrx_word' id='word_1_900' title='bbox 2517 5694 2742 5754; x_wconf 73' lang='grc' dir='ltr'><strong>αὐτόφως.</strong></span> 
     </span>
    </p>
   </div>
  </div>
