4032 6220
190 417 289 471 201

188 538 266 585 est
302 526 561 583 sententia
596 521 875 595 impudens
929 524 1041 576 hare
1077 538 1105 576 a
1150 520 1278 575 facie
1308 520 1483 589 regis?
1520 536 1537 567 ι
1584 516 1741 571 Vides

194 615 540 670 libertatem?
570 614 717 667 vides
758 611 1155 666 fortitudinem?
1200 612 1262 664 ad
1295 611 1437 663 illum
1468 608 1552 675 qui
1599 606 1740 659 oeci-

189 709 352 763 (Ιοιιιιὶ
374 715 684 777 potestatem
713 703 934 757 habebat
954 704 1121 771 qualia
1142 700 1401 769 loquitur?
1426 700 1589 753 Etiam
1612 698 1743 750 alio-

194 813 311 852 rum
356 796 525 851 vicem
555 795 717 848 dolet.
763 793 873 846 Non
906 793 1062 845 habet
1107 792 1390 855 rationem,
1424 788 1615 857 inquit,
1648 801 1742 840 nec

192 903 406 943 causam
433 903 446 950 ;
489 901 657 950 neque
688 885 823 938 ullus
849 884 994 938 color
1030 883 1199 937 edicto
1222 882 1420 949 adiacet
1461 895 1473 930 :
1506 879 1742 932 homines

190 983 330 1035 enim
361 968 617 1047 ejusmodi
679 976 1003 1045 impudentes
1050 976 1277 1028 solemus
1316 971 1595 1039 appellare.
1655 968 1738 1022 l6.

196 1090 211 1122 ι
257 1072 511 1125 Indicavit
552 1079 723 1123 autem
769 1066 1020 1122 Ariochus
1041 1063 1491 1120 Danieliverbum.
1523 1061 1586 1113 Et
1640 1060 1735 1112 Da-

193 1164 297 1216 niel
345 1176 587 1232 egressus
632 1169 711 1214 est
738 1178 751 1222 ;
781 1168 834 1212 et
876 1156 1074 1225 rogavit
1099 1169 1295 1222 regem,
1332 1164 1385 1205 ut
1412 1166 1613 1220 tempus
1643 1148 1740 1202 sibi

192 1254 360 1318 daret,
391 1262 444 1307 et
463 1253 817 1319 conjecturam
845 1247 1029 1302 somnii
1061 1246 1391 1298 annuntiaret
1421 1242 1548 1310 regi.
1584 1259 1601 1292 ι
1635 1241 1739 1293 Ad-

192 1344 384 1399 mirare
411 1342 805 1409 permissionem
847 1337 1002 1405 regis.
1031 1334 1217 1402 Aspice
1246 1342 1301 1385 ut
1330 1346 1511 1385 omnes
1552 1330 1741 1397 ubique

194 1431 394 1487 Danieli
422 1432 803 1497 obtemperent.
849 1428 915 1479 At
947 1426 1082 1479 unde
1111 1440 1200 1476 rex
1238 1421 1529 1487 suSpicatus
1563 1428 1641 1473 est
1676 1419 1748 1471 il-

192 1522 298 1576 lum
334 1535 453 1574 vera
480 1519 695 1574 dicere?
725 1531 884 1586 quare
931 1531 1033 1569 non
1074 1513 1204 1567 dixit
1236 1527 1251 1565 :
1284 1511 1518 1565 Universi
1552 1509 1739 1576 deprc-

194 1611 344 1665 hensi
375 1618 495 1663 sunt
524 1624 585 1665 ac
612 1608 856 1672 convicti,
886 1605 1009 1660 fassi
1042 1612 1163 1657 sunt
1192 1617 1301 1657 rem
1328 1614 1444 1655 esse
1472 1614 1627 1666 supra
1650 1612 1740 1650 na-

191 1710 362 1754 turam
401 1700 716 1763 humanam;
752 1706 805 1751 et
830 1706 886 1751 tu
915 1696 1002 1765 qui
1040 1695 1293 1749 barbarus
1318 1706 1373 1746 es
1397 1730 1411 1755 ,
1437 1689 1572 1743 unde
1595 1698 1740 1758 putas

193 1800 245 1843 te
283 1805 440 1859 posse
468 1789 783 1842 incolumem
811 1802 871 1840 ac
898 1784 1219 1853 superiorem
1259 1780 1518 1835 evadere?
1548 1779 1739 1832 Verum

190 1879 281 1932 ubi
337 1879 473 1931 Deus
513 1891 599 1930 res
642 1875 911 1944 dispensat
949 1881 1000 1926 et
1025 1878 1300 1940 prmparat,
1330 1868 1458 1923 nihil
1485 1867 1735 1936 ambigas.

189 1968 436 2035 Alioquin
463 1978 515 2020 et
559 1966 686 2019 citra
736 1963 1025 2032 periculum
1074 1968 1187 2015 erat
1235 1960 1299 2013 ad
1351 1974 1523 2027 regem
1561 1968 1740 2026 postea

190 2057 389 2111 venire.
444 2057 547 2109 Cur
590 2065 762 2109 autem
807 2068 908 2107 non
963 2053 1102 2106 illico
1157 2051 1297 2104 Deus
1342 2049 1538 2103 Danieli
1595 2062 1739 2102 som-

190 2147 335 2200 nium
384 2145 668 2199 revelavit?
716 2144 943 2196 Primum
988 2139 1194 2211 quidem
1237 2147 1294 2192 ut
1340 2152 1425 2192 res
1471 2137 1739 2191 manifesta

192 2239 380 2298 lieret,
427 2233 651 2287 etutilli
693 2233 743 2285 in
783 2245 966 2301 magna
1006 2231 1316 2285 necessitate
1360 2229 1739 2283 constitueren-

190 2336 294 2378 tur.
349 2324 478 2378 Nam
533 2324 630 2377 etsi
676 2322 925 2391 propheta
976 2330 1145 2384 esset,
1194 2329 1423 2373 attamen
1480 2320 1738 2373 somnium

194 2413 494 2482 ignorabat.
546 2412 745 2465 Rursus
796 2413 886 2465 tibi
929 2427 985 2465 se
1031 2426 1122 2477 per
1167 2412 1306 2464 viros
1364 2412 1533 2479 jUalOS
1589 2425 1740 2465 excu-

189 2512 291 2567 sat,
334 2502 617 2555 ostendens
652 2502 789 2570 quod
827 2503 870 2555 si
920 2501 1020 2555 illis
1050 2501 1416 2570 periclitaturis
1457 2502 1582 2555 nihil
1625 2516 1741 2555 con-

187 2594 350 2648 cessit
381 2592 578 2660 absque
622 2606 773 2659 prece
821 2591 1193 2659 perseveranti,
1226 2591 1386 2643 multo
1436 2591 1606 2644 minus
1648 2592 1738 2643 tibi

188 2685 353 2738 dabit.
404 2683 622 2749 Propter
674 2666 770 2735 hec
812 2683 1003 2751 ubique
1050 2682 1237 2735 Paulus
1278 2683 1505 2748 postulat
1537 2695 1737 2748 preces,

191 2774 426 2828 Orationi
446 2776 715 2826 msistentes
735 2772 903 2842 (Rom.
939 2772 1149 2842 12.19.),
1175 2773 1428 2826 scribens.
1458 2772 1567 2826 Non
1600 2774 1736 2826 enim

187 2863 383 2916 suflicit
433 2862 535 2914 vita
585 2876 732 2928 pura,
779 2861 876 2914 nisi
929 2862 1084 2914 etiam
1134 2861 1270 2914 adsit
1313 2862 1498 2915 oratio.
1549 2861 1738 2928 Aspice

187 2952 378 3006 iterum
402 2951 618 3004 multam
649 2951 786 3003 illius
816 2951 987 3004 fidem.
1020 2950 1315 3005 Secundum
1347 2962 1609 3006 certamen
1641 2956 1737 3008 hoc

187 3050 301 3093 est:
332 3049 385 3092 et
412 3039 584 3092 adhuc
626 3039 803 3092 Daniel
853 3048 1040 3107 prmcst
1077 3055 1137 3091 ac
1170 3042 1429 3108 negotium
1479 3042 1636 3102 ducit,
1685 3054 1738 3096 et

188 3136 394 3195 tempus
416 3128 544 3196 petit
566 3127 637 3198 (η)
667 3137 841 3196 aptum
874 3129 936 3181 ad
969 3130 1181 3181 multam
1204 3129 1525 3183 tolerantiam
1580 3143 1737 3201 atque

186 3220 499 3273 orationem.
532 3220 793 3287 PrOpheta
827 3235 927 3272 non
980 3221 1271 3288 postulabat
1300 3223 1471 3273 statim
1527 3223 1691 3275 audiri
1722 3242 1734 3275 :

186 3324 277 3363 rex
304 3308 616 3364 beneficium
662 3311 875 3379 largitus
923 3320 1023 3377 est,
1058 3311 1287 3380 illudque
1336 3310 1740 3367 communicarit

184 3414 302 3452 cum
346 3399 529 3453 amicis
557 3414 619 3453 ac
658 3401 812 3453 sociis
866 3400 1109 3455 Danielis.
1170 3402 1252 3456 19.
1288 3422 1305 3454 ‹
1343 3404 1488 3457 Tunc
1536 3404 1732 3457 Danieli

182 3488 493 3559 mysterium
516 3490 801 3544 revelatum
830 3493 983 3544 estin
1014 3492 1211 3547 visione
1235 3495 1418 3548 noctis.
1452 3494 1516 3549 Et
1560 3496 1735 3549 Daniel

184 3575 457 3630 benedixit
487 3578 646 3630 Deum
677 3580 809 3643 cmli,
866 3580 951 3633 20.
992 3596 1053 3635 ac
1098 3582 1228 3635 dixit
1256 3600 1267 3634 :
1294 3583 1369 3637 Sit
1404 3600 1593 3639 nomen
1642 3586 1732 3639 Dei

185 3664 518 3719 benedictum
548 3682 575 3719 a
604 3669 814 3731 saeculo,
844 3678 894 3722 ct
924 3685 1086 3739 usque
1109 3672 1157 3724 in
1180 3674 1446 3737 smculum,
1472 3675 1589 3743 quia
1622 3675 1736 3742 ejus

184 3762 265 3805 est
283 3754 539 3821 sapientia
557 3764 609 3807 ct
639 3756 974 3827 intelligentia
1000 3768 1051 3813 et
1089 3760 1355 3815 fortitudo.
1392 3762 1480 3814 2|.
1519 3763 1585 3817 Et
1623 3764 1734 3831 ipse

184 3850 354 3894 mutat
379 3850 613 3910 tempora
658 3855 927 3912 ettrlatcs,
959 3848 1226 3901 constituit
1252 3865 1400 3918 reges
1445 3866 1505 3905 ac
1543 3853 1731 3919 aufert,

183 3932 317 3987 dans
342 3936 649 4002 sapientiam
680 3936 1021 4004 sapientibus,
1051 3948 1101 3991 et
1152 3939 1475 4006 prudentiam
1518 3942 1618 3996 illis
1646 3946 1734 4012 qui

184 4034 369 4092 petunt
400 4026 737 4081 intellectum.
762 4027 852 4080 22.
880 4027 995 4096 ipse
1020 4030 1211 4083 revelat
1249 4032 1497 4099 profunda
1538 4042 1589 4087 et
1611 4034 1732 4089 abs-

180 4115 416 4180 condita,
464 4130 783 4183 cognoscens
830 4133 946 4186 qua:
1000 4119 1049 4171 in
1101 4119 1325 4173 tenebris
1365 4122 1733 4177 exsistuntzet

182 4202 270 4256 lux
297 4219 418 4257 cum
452 4205 563 4273 ipso
590 4214 687 4259 est.
730 4206 818 4259 25.
870 4206 1020 4270 Tibi,
1052 4208 1187 4260 Deus
1233 4218 1434 4276 patrum
1475 4226 1731 4276 meorum,

181 4296 462 4359 confiteor,
491 4305 544 4349 te
572 4296 743 4359 laudo,
774 4298 893 4365 quia
918 4298 1222 4365 sapientiam
1251 4308 1304 4353 et
1342 4300 1730 4370 intelligentiam

179 4383 376 4438 dedisti
399 4384 526 4437 mihi
556 4402 568 4438 :
592 4394 644 4439 et
661 4400 799 4439 nunc
824 4394 941 4438 nota
962 4385 1126 4440 fecisti
1153 4385 1276 4439 mihi
1303 4402 1417 4454 quae
1440 4391 1735 4458 rogavimus

183 4485 254 4530 te.
290 4494 312 4527 ι
361 4474 604 4530 Nondum
649 4476 922 4530 manifeste
974 4476 1073 4545 ipsi
1118 4478 1402 4533 revelatum
1454 4490 1583 4546 erat,
1642 4483 1731 4536 sed

180 4564 357 4618 adhuc
411 4566 463 4618 in
491 4566 689 4620 visione
719 4582 733 4619 :
764 4581 882 4619 nam
914 4576 1291 4635 praeexercetur
1310 4570 1577 4638 propheta.
1607 4572 1735 4627 Vide

180 4666 361 4709 autem
403 4656 541 4709 illius
570 4655 831 4719 fiduciam,
885 4656 1125 4722 Quaenam
1171 4667 1241 4709 est
1267 4661 1523 4723 sententia,
1548 4662 1731 4730 inquit,

179 4746 448 4815 impudens
484 4747 630 4799 Iuec?
660 4747 781 4800 Mihi
827 4748 1032 4815 quidem
1077 4746 1282 4801 videtur
1314 4750 1468 4803 etiam
1512 4760 1631 4805 ante
1659 4766 1736 4804 so-

180 4839 386 4893 mnium
410 4838 673 4891 inventum
696 4853 721 4889 a
746 4838 887 4891 caede
901 4838 1195 4890 cohibuisse
1216 4838 1517 4906 magistrum
1544 4854 1736 4908 coquo-

181 4942 325 4991 rum,
351 4936 458 4979 tum
486 4927 767 4994 inemptum
792 4924 1101 4990 accusando,
1124 4933 1229 4979 tum
1259 4926 1546 4993 pollicendo
1571 4942 1629 4983 se
1655 4944 1737 4982 re-

182 5027 458 5087 perturum
483 5012 789 5068 calamitatis
816 5015 1145 5068 solutionem.
1170 5014 1277 5069 Cur
1302 5029 1426 5083 ergo
1448 5016 1732 5070 revelatum

180 5115 267 5160 est
320 5103 557 5157 Danieli?
584 5102 713 5168 Quia
740 5103 879 5157 enim
920 5114 1001 5158 est
1038 5105 1192 5158 etiam
1229 5105 1364 5159 inter
1417 5106 1558 5159 viros
1608 5121 1733 5160 san-

179 5206 300 5252 ctos
353 5196 684 5258 excellentia,
726 5196 844 5249 ideo
898 5196 1080 5249 Daniel
1153 5197 1447 5264 praefertur.
1482 5197 1548 5250 Et
1606 5213 1737 5266 quo-

180 5287 343 5343 modo
366 5286 531 5340 vidit?
552 5284 616 5337 In
645 5286 843 5350 visione,
891 5284 1084 5352 inquit;
1108 5298 1209 5338 non
1236 5284 1518 5339 secundum
1548 5285 1727 5338 burna-

180 5376 659 5447 namsapientiam.
704 5374 769 5428 Et
817 5375 1036 5443 pulchre
1088 5375 1141 5431 id
1184 5386 1333 5431 vocat
1387 5378 1689 5447 mysterium
1716 5418 1731 5442 ,

244 5571 317 5634 (α)
350 5570 615 5620 Prudenter
652 5569 1009 5633 Chrysostomus
1042 5580 1093 5621 et
1129 5572 1452 5622 Theodoretus
1483 5575 1534 5634 ln_
1570 5583 1627 5620 ea
1651 5584 1732 5631 re,

278 5631 324 5682 nt
339 5645 478 5682 acer
505 5631 759 5693 contextus
773 5634 980 5693 reticuit.
1001 5636 1245 5693 negotium
1264 5635 1442 5683 habere
1460 5631 1733 5681 noluerunt.

278 5648 324 5682 ω
339 5648 478 5682 acer
505 5648 759 5680 οοῑιιειιυδ
773 5648 980 5685 τευευιι,
1001 5648 1245 5693 uegouum
1264 5648 1442 5683 nabere
1460 5648 1733 5681 uetuerunt.

176 5648 499 5759 Tilmpm
516 5700 713 5759 tempus
726 5690 1065 5759 deﬂait,_unam
1084 5700 1297 5753 noctem;
1324 5694 1634 5743 Tcrtullianus
1657 5694 1734 5742 tri-

180 5759 331 5803 duum
370 5752 585 5811 Iosepho
604 5752 765 5802 malim
785 5753 1036 5806 accedere.

1539 402 1599 456 IN
1640 399 1995 455 DANIEH‘IM.

3294 413 3403 468 202

1847 512 1983 584 quod
2051 515 2114 568 ab
2153 515 2394 570 omnibus
2452 518 2800 587 ignorabatur.
2845 520 2909 573 Et
2954 521 3195 575 benedixit
3238 520 3395 573 Deum

1842 605 1968 655 εαξη.
2038 602 2464 673 ρηιηῑροιρηιρη]
2538 608 2776 677 intelligit
2823 628 2835 660 :
2883 610 2931 663 id
2985 620 3096 673 est,
3139 626 3255 665 eum
3307 612 3393 679 qui

1843 693 1999 745 etiam
2024 694 2147 756 illic,
2198 694 2247 746 in
2279 695 2621 750 barbarorum
2673 700 2917 754 videlicet
2950 702 3180 769 regione,
3214 709 3394 768 potens

1842 790 1971 834 erat.
2026 782 2289 851 Nusquam
2342 786 2677 850 sacrificium,
2731 798 2783 842 et
2836 790 3106 858 templum.
3154 800 3208 843 et
3262 791 3395 843 alta.

1843 885 1920 930 re,
1945 871 2033 924 sed
2057 873 2163 924 sola
2189 874 2321 927 bona
2346 876 2582 929 voluntas
2612 879 2789 931 aderat
2814 900 2826 947 ;
2863 891 2909 932 et
2955 880 3127 933 omnia
3175 895 3395 949 perage-

1844 958 2047 1013 bantur.
2074 962 2300 1017 Adverte
2326 979 2443 1016 eum
2476 976 2593 1032 post
2615 969 2914 1034 petitionem
2944 980 3232 1035 acceptam,
3289 985 3395 1022 non

1845 1050 1987 1117 prius
2015 1050 2076 1102 ad
2108 1052 2277 1104 aulam
2312 1055 2448 1122 regis
2474 1057 2786 1122 cucurrisse,
2831 1073 2983 1124 quam
3016 1058 3250 1112 beneficii
3306 1059 3398 1111 da—

1842 1138 1941 1190 tori
1970 1141 2220 1194 maximas
2242 1142 2431 1210 egisset
2452 1146 2645 1212 gratias
2674 1161 2686 1197 :
2713 1161 2812 1199 non
2844 1148 2976 1201 sicut
3010 1162 3105 1200 nos
3126 1162 3265 1216 smpe
3289 1163 3396 1216 pra:

1842 1227 2027 1295 gaudio
2052 1243 2424 1298 prosperorum
2468 1247 2803 1287 successuum
2826 1237 2981 1288 etiam
3028 1237 3205 1304 gratia:
3260 1237 3397 1291 refe-

1843 1314 2018 1369 renda!
2047 1317 2421 1373 obliviscimur.
2451 1322 2517 1374 At
2554 1337 2654 1375 non
2684 1324 2752 1375 ita
2786 1324 2883 1377 iste
2918 1340 2930 1376 :
2961 1341 3138 1378 verum
3186 1326 3397 1391 benedi-

1842 1404 1917 1456 xit
1945 1405 2125 1470 Deum,
2147 1416 2198 1460 et
2225 1409 2355 1462 dixit
2378 1429 2390 1463 :
2410 1411 2488 1465 Sit
2511 1428 2685 1465 nomen
2700 1414 2791 1466 Dei
2816 1416 3121 1468 benedictum
3142 1433 3172 1469 a
3192 1419 3387 1483 swculo,

1841 1505 1886 1547 et
1909 1513 2059 1564 usque
2081 1498 2128 1549 in
2152 1500 2403 1552 mentum.
2436 1501 2542 1555 Nos
2593 1504 2867 1571 siquidem,
2902 1505 3088 1574 inquit,
3135 1516 3392 1576 tempora-

1841 1587 1903 1638 rii
1929 1597 1982 1641 et
2012 1603 2291 1656 paucorum
2311 1607 2565 1647 annorum
2590 1610 2803 1659 sumus;
2834 1612 2935 1651 non
2959 1607 3129 1651 autem
3150 1614 3243 1667 pro
3262 1610 3393 1653 tem—

1842 1690 1970 1742 pore
2013 1679 2110 1734 hoc
2167 1689 2363 1734 tantum
2404 1698 2608 1736 sursum
2654 1685 2905 1740 mittimus
2956 1686 3388 1752 benedictionem,

1845 1765 1935 1818 sed
1967 1780 2060 1834 pro
2086 1768 2329 1823 universo
2356 1779 2593 1839 tempore
2626 1789 2638 1825 :
2668 1789 2770 1826 non
2799 1789 2891 1843 pro
2920 1790 2983 1829 eo
3011 1776 3123 1830 solo
3146 1791 3248 1845 quo
3264 1778 3394 1831 vivi-

1842 1868 1976 1917 mus,
2009 1855 2101 1909 sed
2146 1858 2303 1911 etiam
2342 1874 2436 1927 pro
2479 1861 2577 1913 hoc
2624 1862 2851 1929 quidem,
2880 1874 2932 1916 et
2973 1879 3067 1932 pro
3122 1867 3206 1918 illo
3254 1869 3389 1935 quod

1843 1947 2109 2011 praeteriit,
2141 1957 2191 2001 et
2231 1962 2326 2016 pro
2372 1948 2560 2003 futuro.
2614 1950 2830 2019 Semper
2875 1952 3036 2006 Deum
3085 1954 3391 2009 bent-dicere

1841 2044 2065 2103 oportet,
2096 2038 2205 2090 sive
2233 2039 2318 2091 ille
2338 2050 2603 2107 appareat,
2633 2043 2741 2095 sive
2769 2058 2868 2095 non
2896 2054 3157 2111 appareat.
3187 2045 3389 2114 Ubique

1840 2127 1977 2177 enim
2011 2127 2143 2180 illius
2166 2129 2486 2195 providentia
2513 2140 2725 2184 extensa
2774 2142 2868 2185 est.
2904 2132 3031 2185 Vide
3052 2142 3107 2185 ut
3150 2149 3241 2202 per
3267 2150 3387 2204 gra-

1841 2214 2027 2267 tiarum
2081 2218 2340 2270 actionem
2390 2219 2629 2273 ostendat
2672 2235 2877 2289 quoque
2929 2223 3036 2275 Deo
3091 2235 3388 2291 competere

1840 2303 2110 2357 scientiam
2128 2306 2468 2360 somniorum.
2492 2309 2622 2374 Quia
2641 2310 2746 2378 ejus
2766 2320 2834 2362 est
2856 2312 3095 2377 sapientia
3125 2323 3168 2364 et
3208 2315 3390 2365 intelli-

1840 2393 2004 2460 gentia
2028 2402 2071 2445 et
2091 2394 2493 2460 fortitudo:hoc
2540 2406 2637 2461 est,
2685 2399 2855 2452 omnia
2911 2401 3045 2453 scire
3094 2415 3155 2453 ac
3188 2416 3391 2471 praeno-

1841 2494 2006 2534 scere.
2036 2482 2129 2535 llic
2156 2483 2295 2536 enim
2324 2484 2446 2537 illud
2486 2486 2557 2537 ait
2588 2504 2599 2537 :
2632 2487 2768 2554 quod
2819 2488 3017 2541 scilicet
3063 2490 3173 2557 ipse
3215 2493 3387 2545 omnia

1842 2573 2001 2636 novit,
2036 2580 2089 2625 et
2138 2574 2265 2627 nihil
2296 2576 2515 2644 ignorat.
2566 2577 2697 2643 Quid
2743 2580 2935 2647 igitur?
2984 2580 3104 2633 illud
3152 2584 3391 2635 tantum?

1840 2661 2074 2715 solamne
2104 2662 2259 2717 habet
2285 2667 2703 2733 praescientiam?
2731 2670 2797 2721 Et
2844 2685 2948 2723 non
2993 2670 3141 2736 dixit,
3177 2673 3343 2728 liabet
3374 2692 3385 2726 :

1842 2753 1953 2814 sed,
1988 2750 2158 2821 Ipsius
2206 2764 2296 2821 est,
2329 2757 2578 2812 exhibere
2628 2759 2777 2813 nobis
2808 2762 2989 2815 volens
3044 2777 3104 2815 ea
3152 2766 3390 2819 naturale

1841 2841 1977 2895 illius
2031 2843 2221 2897 bonum
2255 2860 2370 2899 esse
2398 2863 2411 2898 ε
2439 2849 2555 2916 quia
2582 2865 2645 2903 ex
2685 2860 2863 2904 natura
2912 2853 2985 2905 illi
3034 2853 3145 2907 hmc
3190 2856 3381 2910 insunt.

1839 2931 1972 2995 Quid
2023 2934 2185 3000 ergo?
2238 2936 2560 3002 prmvidetne
2610 2948 2825 3006 tantum,
2866 2956 2967 2995 non
3009 2953 3181 2997 autem
3229 2946 3385 2999 etiam

1839 3020 1997 3073 facit?
2023 3020 2177 3086 Sane,
2206 3032 2257 3076 et
2283 3025 2419 3078 facit.
2455 3025 2619 3079 Mutat
2638 3037 2800 3082 letales
2819 3040 2865 3082 et
2882 3041 3121 3100 tempora.
3162 3034 3273 3087 Non
3322 3036 3387 3089 de

1837 3126 2091 3165 annorum
2113 3117 2535 3169 conversionibus
2560 3132 2733 3171 sermo
2762 3131 2858 3184 est,
2893 3123 2980 3175 scd
2998 3124 3063 3176 de
3092 3140 3261 3177 rerum
3302 3127 3384 3179 vi-

1836 3205 2238 3259 cissitudinibus.
2263 3207 2519 3260 Constituit
2535 3226 2690 3278 reges,
2709 3221 2751 3263 et
2769 3215 2946 3282 aufert.
2971 3214 3097 3279 Quia
3118 3216 3391 3283 huiusmo-

1837 3292 1886 3343 di
1936 3295 2280 3347 mutationum
2328 3304 2407 3349 est
2467 3306 2667 3351 auctor.
2720 3299 2798 3352 An
2842 3301 2998 3369 igitur
3045 3303 3143 3356 hoc
3187 3314 3384 3359 tantum

1841 3382 1993 3445 Deus,
2027 3384 2277 3451 pra-videt
2328 3401 2515 3455 nempe
2544 3402 2605 3441 ac
2638 3388 2795 3441 facit?
2820 3405 2921 3443 non
2963 3400 3015 3444 et
3056 3392 3196 3445 aliud
3224 3395 3386 3447 maxi-

1836 3488 1976 3526 mum
2026 3482 2285 3543 operatur,
2336 3479 2472 3545 quod
2524 3480 2679 3533 etiam
2713 3495 2828 3533 cum
2878 3482 2995 3536 aliis
3039 3486 3389 3539 communicat

1835 3578 1949 3615 eam
1979 3567 2286 3619 scientiam?
2316 3566 2455 3621 Dans
2480 3571 2770 3637 sapientiam
2815 3574 3112 3640 sapientibus
3139 3588 3157 3625 :
3179 3589 3279 3627 non
3325 3575 3387 3628 iis

1835 3656 1920 3722 qui
1948 3664 2098 3709 antea
2145 3658 2404 3724 sapientes
2430 3672 2599 3724 erant,
2647 3662 2737 3714 sed
2784 3662 2847 3715 iis
2892 3663 3078 3731 quibus
3129 3666 3383 3732 sapientia

1836 3746 2005 3799 datur.
2040 3746 2093 3800 Si
2122 3748 2237 3816 quis
2267 3750 2475 3817 sapiens
2501 3767 2601 3804 non
2632 3754 2696 3805 ab
2721 3754 2808 3805 illo
2853 3756 3160 3823 sapientiam
3204 3757 3380 3821 habet,

1835 3836 2042 3903 sapiens
2066 3852 2169 3890 non
2197 3846 2294 3891 est.
2315 3838 2386 3893 Ne
2408 3840 2718 3895 existimetis
2735 3842 3042 3911 sapientiam
3060 3860 3105 3897 at
3125 3857 3225 3898 tem
3265 3862 3385 3899 csso

1836 3928 2131 3982 Chaldaicm
2160 3930 2404 3998 regionis.
2443 3930 2505 3983 Et
2555 3934 2884 3999 prudentiam,
2921 3934 3110 4003 inquit,
3158 3936 3258 3988 illis
3301 3938 3384 4003 qui

1836 4028 2004 4085 petunt
2037 4020 2354 4071 intellectum.
2392 4021 2588 4074 Deinde
2640 4023 2906 4075 videamus
2947 4039 3011 4076 an
3036 4040 3096 4077 ex
3142 4027 3377 4088 scientia,

1834 4124 1899 4159 an
1927 4123 1988 4161 cx
2017 4118 2200 4161 natura
2231 4108 2428 4162 Danieli
2477 4110 2527 4162 id
2557 4110 2798 4164 adfuerit.
2832 4113 3033 4166 Etenim
3076 4114 3232 4167 etiam
3283 4115 3383 4168 hnc

1835 4198 1960 4251 dicit
1993 4197 2053 4251 :I
2062 4215 2146 4266 pse
2171 4202 2351 4253 revelat
2372 4202 2624 4269 profunda
2650 4212 2693 4255 et
2714 4204 3019 4261 abscondita.
3073 4206 3184 4259 Non
3228 4208 3378 4273 dixit,

1834 4287 2035 4341 invenit
2064 4307 2074 4342 :
2104 4290 2216 4354 sed,
2251 4290 2449 4343 Revela!
2492 4292 2607 4346 aliis
2631 4309 2747 4361 quB
2775 4296 3024 4363 profunda
3066 4297 3214 4351 nobis
3255 4308 3383 4350 sunt

1836 4386 1880 4430 et
1906 4380 2212 4443 abscondita,
2244 4396 2362 4448 quae
2392 4382 2544 4449 longo
2574 4392 2805 4451 tempore
2829 4384 3126 4449 dissociata,
3160 4402 3382 4456 quaeque

1834 4467 2033 4520 occulta
2056 4478 2220 4520 erant.
2249 4469 2559 4537 Cognoscens
2578 4486 2687 4537 qua:
2708 4470 2759 4521 in
2789 4471 2995 4524 tenebris
3032 4475 3309 4527 exsistunt:
3337 4486 3383 4527 et

1836 4556 1923 4609 tua;
1947 4573 2135 4609 cumeo
2156 4567 2245 4610 est.
2279 4559 2405 4611 Vide
2447 4560 2568 4627 quid
2611 4560 2767 4613 dicat.
2810 4562 3254 4626 Quemadmodum
3311 4567 3386 4619 ait

1838 4646 1994 4697 David
2029 4664 2039 4696 :
2071 4646 2211 4698 Sicut
2251 4650 2457 4701 tenebrae
2477 4651 2602 4718 ejus,
2630 4652 2699 4702 ita
2742 4661 2787 4703 et
2825 4652 2991 4704 lumen
3030 4654 3135 4722 ejus
3182 4653 3201 4725 (
3236 4653 3381 4708 Psal.

1838 4734 1954 4787 158.
2004 4732 2088 4805 2).
2143 4735 2545 4804 Magnitudinem
2593 4740 2903 4808 cognitionis
2951 4743 3229 4811 significat,
3284 4759 3379 4798 seu

1835 4824 1953 4892 quia
1979 4825 2101 4877 licet
2135 4826 2353 4878 obscura
2376 4827 2478 4880 sint
2497 4868 2511 4893 ,
2554 4829 2623 4881 illi
2653 4829 2807 4882 nulla:
2836 4841 2955 4883 sunt
2980 4833 3205 4886 tenebrm
3226 4872 3241 4896 ,
3290 4848 3381 4887 seu

1836 4915 1952 4984 quia
1984 4917 2093 4985 ipse
2122 4932 2303 4970 eorum
2335 4918 2505 4972 lumen
2539 4929 2637 4973 est.
2666 4920 2936 4986 Quomodo
2978 4925 3241 4989 cognoscit
3268 4940 3382 4991 qua:

1838 5007 1888 5061 in
1938 5008 2167 5061 tenebris
2206 5010 2540 5075 sunt?Quasi
2582 5011 2667 5077 qui
2715 5024 2891 5063 secum
2942 5012 3115 5065 lumen
3172 5013 3378 5069 habeat.

1839 5098 1960 5153 Cum
1981 5117 2035 5152 eo
2060 5112 2128 5153 est
2151 5117 2359 5169 semper.
2390 5104 2621 5155 llumano
2648 5102 2804 5155 modo
2836 5103 3081 5171 loquitur.
3134 5104 3277 5160 Sicut
3306 5110 3383 5161 ni-

1838 5189 1908 5241 hil
1935 5201 2013 5244 est
2041 5191 2371 5244 tenebrosum
2406 5191 2474 5242 illi
2505 5192 2589 5258 qui
2616 5191 2880 5246 lucernam
2908 5208 3179 5249 accensam
3205 5198 3381 5265 habet,

1840 5281 1910 5333 ita
1948 5296 2114 5349 neque
2141 5282 2277 5344 Deo;
2311 5282 2413 5333 imo
2439 5296 2581 5344 vero,
2609 5283 2783 5351 siquid
2801 5286 3021 5353 amplius
3052 5287 3149 5341 dici
3177 5299 3379 5356 potest:

1838 5389 2024 5442 nempe
2044 5375 2176 5426 sicut
2199 5376 2243 5426 ei
2268 5374 2353 5438 qui
2382 5374 2553 5426 lumen
2577 5372 2733 5427 habet
2751 5375 2799 5427 in
2815 5376 2999 5439 oculis,
3017 5386 3068 5429 et
3084 5378 3128 5430 ei
3149 5380 3233 5445 qtti
3254 5379 3379 5432 illud

1838 5479 2044 5534 semper
2058 5463 2374 5521 circumfert,
2397 5461 2505 5531 ipsa
2520 5464 2606 5515 lux
2628 5473 2725 5517 est.
2745 5464 2873 5530 Tibi,
2892 5465 3023 5518 Deus
3040 5476 3233 5533 patrum
3252 5484 3383 5521 meo-

1837 5576 1965 5622 rum,
1997 5557 2178 5625 inquit,
2200 5556 2453 5621 con/iteor,
2473 5564 2515 5605 te
2533 5555 2829 5623 laudo,quia
2846 5557 3137 5623 sapientiam
3172 5567 3217 5610 et
3236 5560 3381 5611 intel-

1839 5650 2088 5718 ligentiam
2111 5646 2285 5699 dedisti
2316 5645 2452 5697 mihi.
2484 5645 2781 5713 Opportune
2799 5657 3002 5716 patrum
3019 5647 3100 5700 hic
3127 5651 3378 5715 meminit,

1840 5757 1934 5813 per
1960 5741 2077 5795 illos
2109 5739 2270 5792 Deum
2298 5738 2523 5806 ﬂectere,
2549 5752 2608 5794 ac
2646 5738 2800 5795 veluti
2839 5737 3031 5807 pudore
3047 5738 3254 5796 afficere
3288 5756 3377 5797 cu.
