4032 6220
606 358 719 416 203

612 729 753 783 mihi.
796 730 961 795 Quam
987 741 1140 785 antea
1176 730 1401 786 habebat
1436 733 1656 787 scilicet.
1686 731 1752 785 Et
1777 749 1907 787 nunc
1932 741 2047 786 nota
2084 738 2163 804 fe-

608 820 717 872 cisti
742 820 862 873 mihi
885 836 995 889 qua:
1021 821 1297 888 rogavimus
1322 831 1386 876 te.
1431 823 1723 877 Verisimile
1753 824 1956 878 videtur
1976 824 2164 880 Danie-

606 909 711 964 lem
739 912 894 966 etiam
928 911 1026 965 alia
1054 914 1284 981 petiisse,
1325 913 1456 967 adeo
1492 924 1546 966 ut
1571 915 1926 983 conjecturam
1958 931 2162 986 quoque

605 1000 681 1054 illi
704 1001 839 1055 Deus
863 1002 1122 1056 indicarit.
1147 1003 1234 1058 25.
1259 1023 1276 1055 ι
1305 1003 1456 1072 Quia,
1486 1023 1506 1056 ›
1541 1007 1724 1075 inquit,
1754 1025 1772 1058 ι
1800 1010 2058 1063 somnium
2077 1025 2162 1064 re-

600 1093 682 1160 gis
745 1094 1086 1149 manifestasti
1124 1096 1270 1149 mihi.
1319 1096 1408 1153 Ἡ.
1469 1099 1533 1152 Et
1571 1101 1746 1153 statim
1793 1102 1934 1156 venit
1978 1102 2159 1157 Daniel

602 1183 666 1237 ad
697 1184 1010 1252 Ariochnm,
1055 1201 1212 1256 quem
1244 1189 1602 1256 constituerat,
1638 1209 1657 1242 ι
1697 1190 1898 1260 inquit,
1935 1209 1953 1242 ι
1981 1207 2070 1246 rex
2103 1201 2160 1246 ut

604 1273 847 1340 perderet
873 1277 1135 1344 sapientes
1169 1277 1468 1349 Babylonis,
1513 1289 1565 1333 et
1602 1279 1732 1334 dixit
1771 1282 1859 1336 ei:
1886 1282 2157 1351 Sapientes

599 1362 880 1433 Babylonis
909 1380 974 1419 ne
1001 1365 1225 1436 perdas;
1258 1368 1498 1423 introduc
1527 1379 1700 1424 autem
1730 1386 1813 1426 me
1849 1372 1899 1425 in
1929 1387 2154 1443 conspe-

598 1464 739 1508 ctum
781 1457 939 1525 regis,
985 1467 1038 1510 et
1081 1460 1399 1513 annuntiabo
1452 1461 1561 1531 regi
1598 1461 1956 1530 conjecturam
1992 1464 2152 1517 visio-

598 1547 699 1600 nis.
735 1565 754 1599 ι
784 1545 1027 1602 Cucurrit
1050 1548 1116 1602 ad
1137 1564 1277 1617 eum,
1309 1559 1362 1605 et
1382 1551 1484 1605 ait:
1516 1551 1779 1623 Sapientes
1799 1553 2069 1625 Babylonis
2095 1573 2156 1610 ne

597 1637 799 1707 perdas.
845 1638 1096 1705 Quisnam
1129 1641 1196 1696 de
1249 1642 1351 1697 illis
1395 1658 1571 1698 curam
1615 1643 1922 1701 habuisset?
1965 1647 2153 1717 Aspice

595 1726 864 1796 prophetae
893 1728 1269 1785 humanitatem
1313 1746 1375 1787 ac
1414 1734 1888 1791 mansuetudinem.
1934 1735 2038 1792 Sed
2061 1753 2154 1792 au-

593 1815 735 1872 ditus
759 1831 862 1874 non
899 1818 1101 1883 fuisset,
1143 1820 1243 1875 nisi
1269 1829 1322 1876 et
1359 1822 1485 1878 illud
1512 1823 1833 1880 addidisset:
1864 1827 2151 1882 «Introduc

595 1921 701 1974 me,
731 1926 751 1959 ι
785 1907 970 1976 inquit,
1004 1927 1022 1961 ‹
1049 1919 1103 1964 et
1130 1911 1449 1967 annuntiabo
1474 1914 1584 1984 regi
1608 1914 1966 1984 conjecturam
1994 1918 2151 1974 visio-

593 1996 694 2050 nis.
719 1995 810 2052 25.
837 1996 981 2053 Tunc
1016 1999 1292 2066 Ariocbus,
1327 2020 1346 2054 ι
1379 2003 1564 2073 inquit,
1599 2023 1618 2057 ι
1645 2005 1931 2062 introduxit
1957 2009 2147 2064 Danie-

593 2087 697 2144 lem
722 2088 773 2142 in
801 2087 1137 2145 festinatione
1165 2091 1218 2145 in
1259 2105 1594 2162 conspectum
1625 2096 1762 2167 regis
1789 2107 1842 2153 et
1869 2097 2035 2152 dixit:
2067 2100 2149 2153 ln-

589 2180 710 2234 veni
732 2180 904 2235 virum
932 2181 998 2235 de
1027 2181 1146 2237 filiis
1181 2183 1495 2251 captivitatis
1523 2184 1740 2250 Judtere,
1771 2188 1857 2256 qui
1879 2188 2146 2258 conjectu-

588 2287 701 2327 ram
730 2273 1055 2328 annuntiabit
1081 2275 1214 2344 regi.
1247 2275 1319 2330 De
1367 2275 1491 2330 ﬁliis
1531 2278 1863 2346 captivitatis,
1886 2297 1905 2332 ι
1956 2278 2140 2350 inquit,

593 2378 617 2414 ι
647 2361 818 2416 inveni
847 2362 1035 2418 virum.
1074 2381 1093 2416 ι
1127 2363 1238 2418 Non
1279 2363 1464 2434 puduit
1490 2367 1719 2436 generis.
1758 2366 1856 2422 Ubi
1899 2369 2036 2423 enim
2063 2370 2145 2423 in-

585 2450 787 2506 cumbit
809 2453 1094 2508 necessitas
1119 2454 1304 2523 major,
1337 2455 1465 2510 nihil
1493 2456 1677 2510 horum
1708 2458 2021 2527 requiritur;
2048 2460 2140 2514 sed

588 2540 770 2607 fastus,
801 2542 889 2612 qui
927 2543 1060 2596 solet
1097 2544 1334 2598 comitari
1375 2545 1788 2614 prosperitatem,
1823 2556 1962 2603 totus
1999 2564 2142 2604 eom-

583 2633 843 2704 primitur.
874 2634 970 2700 Qui
1002 2635 1140 2689 enim
1167 2643 1404 2704 :cgrotat,
1427 2636 1616 2692 medici
1648 2637 1973 2694 nobilitatem
1989 2657 2140 2695 num-

581 2739 734 2794 qnatn
774 2726 977 2779 curiose
1003 2725 1258 2794 inquiret;
1299 2733 1352 2778 et
1392 2726 1495 2780 alio
1529 2726 1580 2780 in
1610 2729 1843 2798 periculo
1879 2731 2136 2786 exsistens

581 2814 740 2868 homo
768 2830 872 2868 non
901 2824 1102 2882 sataget
1123 2831 1189 2868 an
1216 2816 1423 2878 nobilis,
1453 2831 1517 2870 an
1544 2833 1668 2871 vero
1689 2818 1755 2872 de
1783 2819 1934 2887 plebe
1953 2822 2021 2874 sit
2047 2821 2136 2877 ille

578 2904 666 2974 qui
681 2919 801 2959 eum
818 2917 842 2954 a
857 2902 1108 2969 periculis
1126 2905 1193 2958 sit
1221 2915 1517 2973 erepturus,
1556 2906 1649 2960 sed
1685 2923 1846 2962 unum
1868 2909 2138 2964 dumtaxat

576 3002 797 3065 qntrret,
827 2993 1073 3047 nimirum
1105 2994 1484 3049 liberationem.
1518 2995 1644 3063 Quis
1679 3012 1784 3051 non
1825 2997 2022 3067 pudore
2052 2999 2132 3053 af-

575 3083 744 3140 fectus
793 3084 994 3152 fuisset,
1036 3085 1154 3155 quis
1192 3100 1295 3139 non
1333 3086 1647 3154 erubuisset,
1691 3103 1911 3142 cernens
1948 3103 2132 3143 omnes

577 3174 756 3242 patria:
796 3191 907 3230 sua:
940 3175 1206 3244 sapientes
1247 3175 1492 3242 interﬁci,
1523 3176 1758 3246 captivos
1787 3192 1912 3232 vero
1939 3176 2127 3242 inﬂari,

573 3271 627 3317 et
652 3263 720 3319 de
741 3279 798 3318 se
819 3264 1091 3335 magnifice
1117 3266 1351 3319 sentire?
1387 3265 1746 3337 Nequaquam.
1775 3267 1974 3321 llorum
2003 3268 2130 3322 nihil

572 3355 687 3424 ipse
712 3356 959 3425 cogitavit
989 3373 1003 3409 :
1033 3357 1129 3411 sed
1157 3355 1380 3411 festinus
1405 3365 1460 3411 et
1487 3357 1574 3412 ille
1601 3358 1822 3422 vocavit,
1857 3367 1910 3412 et
1936 3358 2021 3412 hic
2053 3359 2132 3412 in-

572 3446 875 3516 terrogavit,
906 3460 1010 3500 non
1036 3447 1260 3516 amplius
1288 3461 1409 3501 cum
1434 3446 1616 3502 eadem
1646 3449 1962 3517 arrogantia.
1991 3448 2131 3503 Post-

567 3549 728 3604 quam
766 3535 905 3590 enim
948 3549 1039 3590 rex
1083 3536 1352 3591 convictus
1393 3544 1475 3590 est
1516 3551 1610 3606 per
1635 3538 2036 3606 experientiam,
2073 3552 2130 3594 se

569 3625 821 3681 inutiliter
867 3641 930 3681 ac
966 3625 1124 3680 stulta
1155 3626 1480 3696 perquirere,
1525 3625 1649 3695 quid
1681 3626 1786 3680 ait?
1828 3626 1916 3681 26.
1950 3626 2013 3680 Et
2045 3644 2127 3682 re-

569 3717 770 3783 spondit
799 3732 885 3770 rea:
906 3756 921 3780 ,
952 3724 999 3770 et
1031 3716 1158 3768 dixit
1187 3715 1387 3768 Danieli
1406 3756 1420 3779 ,
1461 3718 1605 3784 cujus
1645 3732 1823 3768 nomen
1852 3715 2084 3770 Baltasar
2110 3733 2129 3771 :

571 3806 786 3859 Potesne
828 3805 948 3858 mihi
991 3806 1276 3858 renuntiare
1313 3807 1556 3858 somnium
1581 3806 1712 3875 quod
1749 3806 1867 3868 uidi,
1891 3815 1935 3860 et
1959 3808 2127 3875 conje-

569 3909 762 3951 cturam
790 3897 897 3966 ejus
917 3897 942 3951 1’
969 3896 1166 3965 Majore
1186 3912 1304 3950 cum
1327 3897 1539 3951 lenitate
1558 3896 1787 3952 disserit.
1817 3896 1934 3952 Non
1953 3896 2084 3951 dixit
2109 3915 2123 3929 ο

570 3989 627 4042 Si
657 4003 760 4043 non
788 3987 1038 4056 potueris,
1065 3986 1248 4041 eadem
1274 4002 1392 4056 qua:
1419 3987 1507 4040 alii
1552 3986 1784 4056 patieris.
1808 3988 1941 4055 Quid
1973 3989 2130 4057 igitur

574 4077 796 4132 Daniel?
822 4077 910 4130 27.
946 4094 965 4129 s
999 4076 1067 4130 Et
1088 4077 1356 4145 respondit
1383 4077 1566 4131 Daniel
1591 4091 1769 4131 coram
1798 4092 1941 4146 rege,
1969 4086 2023 4132 et
2048 4077 2128 4132 di-

572 4169 645 4222 xit
671 4185 689 4222 :
713 4165 1039 4239 Mysterium,
1076 4165 1211 4236 quod
1242 4180 1335 4220 rex
1361 4166 1632 4234 perquirit,
1668 4183 1771 4220 non
1806 4177 1887 4222 est
1914 4168 2126 4237 Sapien-

572 4269 705 4324 tum,
731 4271 1022 4326 magorum,
1055 4256 1460 4321 iueantatorum,
1487 4269 1584 4310 nec
1622 4255 2006 4311 Gazarenorum
2036 4273 2128 4327 po-

573 4357 734 4403 testas
759 4347 1069 4401 aununtiare
1098 4344 1207 4415 regi
1237 4361 1251 4398 :
1277 4344 1365 4400 28.
1395 4343 1487 4398 sed
1514 4353 1594 4398 est
1623 4343 1756 4398 Deus
1793 4345 1843 4398 in
1866 4345 2015 4411 czelo,
2037 4347 2126 4414 qui

572 4439 769 4497 revelat
793 4437 1042 4508 mysteria
1073 4453 1086 4489 :
1117 4447 1169 4490 et
1194 4446 1315 4490 nota
1352 4435 1472 4489 fecit
1499 4435 1608 4504 regi
1630 4434 2127 4490 Nabuchodonosori

575 4548 691 4602 qua:
733 4539 970 4602 oporteat
1019 4529 1129 4583 fieri
1172 4529 1222 4582 in
1258 4529 1554 4583 novissimis
1604 4525 1808 4584 diebus.
1845 4549 1864 4581 ι
1897 4528 2125 4586 Observa

576 4622 898 4694 prudentiam
936 4620 1219 4691 prophetae.
1244 4618 1356 4673 Non
1377 4619 1508 4673 dixit
1539 4621 1735 4682 statim,
1773 4619 1991 4673 Possum
2031 4634 2128 4672 an.

576 4712 816 4767 nuntiare
844 4710 932 4763 tibi
960 4726 972 4761 :
1009 4709 1101 4762 sed
1127 4707 1265 4777 quod
1303 4718 1424 4761 ante
1452 4707 1625 4762 omnia
1653 4707 1925 4776 Oportebat
1950 4723 2126 4777 regem

571 4801 729 4866 scire,
758 4798 808 4854 id
835 4797 982 4852 dicit.
1007 4797 1324 4867 Mysterium,
1351 4798 1535 4866 inquit,
1563 4797 1694 4863 quod
1718 4814 1806 4851 rea:
1831 4798 2124 4868 interrogat,

566 4890 833 4960 sapientes,
865 4886 1015 4956 magi,
1047 4886 1396 4949 incantatores,
1437 4884 1680 4939 Gazareni
1710 4895 1952 4953 nequeant
1990 4886 2125 4939 indi-

569 4994 685 5032 care
710 4978 815 5048 regi
837 4992 854 5030 .'
882 4987 950 5030 est
978 4976 1113 5029 Dens
1135 4976 1187 5028 in
1217 4976 1337 5027 caelo
1362 4975 1446 5043 qui
1482 4977 1662 5028 rerelat
1701 4977 1953 5050 mysteria.
1985 4978 2126 5046 Apo-

570 5071 758 5139 logiam
785 5069 905 5123 facit
927 5083 1020 5136 pro
1041 5068 1104 5122 iis
1123 5066 1211 5136 qui
1233 5065 1424 5135 injuste
1450 5066 1605 5119 occisi
1634 5066 1857 5130 fuerant,
1881 5076 1932 5120 et
1949 5075 2125 5122 osten-

569 5160 648 5213 dit
677 5174 779 5212 non
809 5173 867 5212 se
893 5173 1009 5212 esse
1045 5158 1132 5226 qui
1172 5171 1283 5211 rem
1316 5155 1560 5226 explicet.
1613 5155 1725 5210 Non
1769 5156 1904 5221 ideo,
1937 5158 2120 5227 inquit,

572 5249 679 5305 dixi
700 5247 838 5304 istud
861 5262 1131 5318 magorum
1159 5261 1263 5301 non
1290 5260 1428 5313 esse,
1458 5255 1514 5300 ut
1550 5260 1636 5300 me
1663 5245 1831 5314 ipsum
1872 5245 1977 5300 illis
2013 5247 2122 5300 cla-

568 5341 764 5394 riorem
791 5336 1056 5401 facerem;
1087 5336 1179 5390 sed
1208 5345 1263 5389 ut
1305 5335 1498 5402 discas,
1543 5334 1683 5404 quod
1724 5350 1892 5404 neque
1932 5350 2027 5404 ego
2070 5335 2123 5391 id

569 5427 857 5482 secundum
887 5426 1165 5478 humanam
1192 5434 1429 5477 naturam
1473 5423 1700 5493 profero.
1732 5424 1795 5477 At
1823 5433 1892 5476 est
1917 5422 2051 5476 Deus
2069 5427 2123 5477 in

565 5520 711 5573 salo.
735 5517 846 5572 Non
877 5519 979 5572 illic
1005 5517 1168 5572 Deum
1197 5515 1491 5581 concludit;
1519 5515 1614 5570 sed
1631 5524 1897 5585 tamquam
1918 5515 1982 5570 ad
2006 5513 2124 5571 bar-

567 5611 750 5665 barum
776 5609 986 5663 interim
1007 5608 1257 5676 loquitur,
1283 5621 1507 5677 eumque
1531 5621 1559 5660 a
1590 5616 1726 5662 terra
1745 5606 1991 5661 abducit:
2018 5623 2120 5662 non

569 5701 700 5756 sicut
728 5699 800 5755 dii
829 5699 987 5754 vestri
1020 5698 1105 5768 qui
1150 5697 1286 5752 circa
1319 5706 1514 5754 terram
1553 5696 1869 5751 volutantur.
1908 5694 1969 5750 Et
2006 5707 2121 5752 nota

1312 351 1366 407 S.
1407 351 1680 408 JOANNIS
1714 351 2181 412 CIIRYSOSTOMI
2220 355 2532 415 ARCHIEP.
2572 359 3098 422 CONSTANTINOP.

612 464 764 529 piens
793 478 806 517 :
839 462 1274 532 quemadmodum
1314 464 1358 518 si
1386 465 1500 533 quis
1532 465 1581 518 in
1608 466 1914 519 memoriam
1952 465 2170 535 alicujus

607 549 748 606 acris
760 552 1024 617 amatoris,
1038 567 1244 607 amores
1260 553 1552 608 reduceret.
1569 552 1834 623 Conﬁteor,
1855 554 2035 623 inquit,
2050 569 2169 623 gra-

612 641 710 695 tias
723 655 838 711 ago,
856 651 900 696 et
919 640 1086 709 laudo,
1099 643 1214 714 quia
1234 643 1526 712 sapientiam
1542 655 1585 697 et
1601 644 1975 714 intelligentiam
1989 645 2168 699 dedisti

3718 380 3831 437 204

2273 469 2390 537 fecit
2425 471 2528 540 regi
2569 471 3050 532 Nabuchodonosori
3087 494 3200 548 ante
3224 482 3393 550 futura
3419 482 3515 534 sint
3551 482 3602 536 in
3642 484 3828 540 ultimis

2273 561 2587 629 temporibus.
2638 563 2782 631 Vide,
2829 581 2922 635 per
2963 568 3237 637 aenigmata
3276 569 3551 636 edisserit;
3583 580 3637 626 et
3665 581 3824 630 totam

2271 663 2535 705 summam
2563 652 2774 708 visionis
2801 656 2852 710 in
2891 657 3106 712 exordio
3135 659 3551 727 comprehendit,
3583 664 3828 732 regisque

2267 747 2496 794 mentem
2540 752 2761 810 recreat,
2799 744 2924 799 dum
2952 746 3078 801 nihil
3121 763 3296 817 grave,
3336 765 3504 819 neque
3543 752 3824 807 molestum

2266 826 2473 883 cﬂ‘atur.
2509 847 2528 880 ι
2556 831 2831 888 Somnium
2869 843 3032 903 tuum,
3059 855 3078 888 ι
3105 838 3290 907 inquit,
3329 856 3347 889 ‹
3375 849 3427 893 et
3468 839 3696 895 visiones
3735 857 3826 896 ca-

2266 921 2386 989 pitis
2416 922 2488 976 tui
2515 923 2568 976 in
2590 924 2746 978 cubili
2775 935 2862 981 tuo
2892 944 2904 978 :
2933 926 3033 981 hoc
3059 937 3142 983 est
3173 946 3185 983 :
3214 929 3302 984 29.
3335 930 3685 1000 Cogitationes
3717 944 3821 987 tuae

2264 1011 2316 1064 in
2344 1012 2516 1067 cubile
2556 1023 2698 1068 tuum
2742 1017 3107 1084 ascenderunt,
3142 1020 3262 1089 quid
3292 1029 3532 1089 oporteat
3559 1021 3671 1076 ﬁeri
3698 1032 3819 1091 post

2264 1099 2397 1156 haec.
2420 1102 2485 1156 Et
2509 1105 2594 1172 qui
2619 1105 2814 1159 revelat
2833 1108 3100 1177 mysteria,
3125 1109 3369 1164 indicavit
3396 1110 3488 1164 tibi
3517 1125 3632 1180 qua:
3657 1126 3818 1180 opor-

2263 1201 2367 1247 teat
2393 1194 2523 1248 lieri.
2564 1213 2584 1246 ι
2620 1195 2696 1250 Ex
2724 1197 2863 1266 vulgi
2892 1198 3136 1268 opinione
3160 1201 3408 1270 loquitur,
3441 1202 3586 1270 quasi
3615 1207 3816 1255 somnia

2261 1299 2418 1354 super
2445 1295 2600 1356 caput
2623 1297 2761 1342 stent
2801 1289 3031 1359 (Homer.
3061 1288 3136 1346 It.
3177 1289 3239 1343 B.
3267 1291 3374 1360 20)
3400 1332 3415 1358 ,
3449 1306 3538 1346 seu
3572 1292 3712 1362 quod
3746 1293 3818 1346 ibi

2259 1375 2328 1429 sit
2351 1377 2692 1432 ratiocinandi
2728 1379 2827 1445 vis,
2870 1394 2964 1435 seu
3002 1395 3098 1450 per
3132 1391 3288 1450 caput
3327 1381 3564 1452 designat
3589 1384 3768 1438 oculos
3798 1402 3817 1439 :

2257 1475 2317 1520 ut
2339 1466 2494 1533 dicat,
2519 1468 2596 1522 Tu
2621 1469 2888 1537 praebuisti
2915 1485 3145 1526 causam.
3183 1470 3289 1526 Nec
3332 1473 3637 1540 simpliciter
3660 1473 3814 1539 dixit,

2257 1555 2397 1610 Deus
2423 1556 2516 1610 tibi
2559 1557 2930 1626 manifestavit,
2967 1561 3078 1625 sed,
3120 1559 3396 1630 Cogitabas
3420 1561 3544 1631 quid
3582 1562 3817 1619 futurum

2255 1654 2394 1701 esset
2415 1657 2534 1716 post
2559 1649 2688 1702 haec.
2712 1649 2840 1716 Quia
2864 1650 3000 1704 enim
3031 1650 3210 1706 orbem
3240 1659 3496 1706 terrarum
3524 1653 3812 1720 devicerat,

2254 1736 2530 1805 reputabat
2554 1752 2752 1804 secum,
2783 1753 2908 1792 num
2935 1737 3000 1792 ad
3039 1738 3232 1794 liberos
3271 1740 3381 1810 ipse
3412 1757 3628 1811 regnum
3671 1753 3815 1798 esset

2254 1825 2693 1892 transmissurus,
2730 1827 2840 1880 sive
2872 1841 2939 1880 an
2986 1829 3271 1883 moriturus
3307 1838 3464 1884 esset.
3515 1830 3644 1884 Nam
3678 1834 3816 1887 solet

2253 1914 2641 1984 quodammodo
2665 1917 2968 1987 magnitudo
2998 1917 3202 1988 imperii
3226 1921 3382 1974 etiam
3411 1936 3508 1976 nos
3537 1921 3730 1977 ducere
3756 1922 3811 1976 in

2250 2004 2565 2058 oblivionem
2596 2014 2814 2068 naturae,
2842 2015 2894 2060 et
2919 2007 3056 2076 quod
3101 2009 3337 2064 mortalis
3376 2025 3436 2065 ea
3482 2011 3568 2064 sit.
3614 2010 3812 2065 Verisi-

2248 2093 2373 2146 mile
2402 2093 2556 2162 igitur
2581 2102 2664 2149 est
2691 2095 2860 2163 illum,
2891 2111 3007 2150 cum
3035 2097 3304 2152 incidisset
3331 2098 3379 2151 in
3402 2099 3611 2169 pelagus
3641 2109 3693 2154 et
3727 2101 3809 2154 in-

2248 2180 2450 2236 finitam
2479 2184 2865 2240 multitudinem
2890 2184 3095 2240 fortiter
3124 2201 3184 2241 ac
3213 2187 3462 2255 praeclare
3489 2205 3518 2242 a
3549 2203 3607 2242 se
3633 2198 3809 2258 gesto-

2247 2285 2384 2337 rum,
2412 2287 2514 2326 non
2554 2273 2834 2328 admodum
2879 2274 3165 2329 credidisse
3205 2277 3511 2330 moriturum
3558 2291 3676 2332 esse
3723 2292 3807 2332 se.

2245 2359 2388 2414 Idem
2418 2377 2622 2432 quoque
2648 2377 2833 2432 passus
2862 2372 2942 2417 est
2964 2363 3098 2417 alius
3130 2381 3218 2418 rex
3251 2364 3579 2436 (a).ldeoque
3615 2375 3667 2420 et
3691 2365 3801 2435 qui-

2245 2449 2362 2503 dam
2393 2450 2456 2503 ad
2485 2452 2652 2520 ipsum
2680 2452 2885 2506 dicebat
2915 2470 2927 2502 :
2974 2453 3046 2506 Tu
3081 2469 3193 2507 vero
3228 2456 3374 2508 homo
3423 2472 3492 2520 es,
3535 2473 3632 2509 non
3667 2457 3810 2510 Deus

2247 2540 2456 2610 (Ezecli.
2494 2543 2580 2597 ‘28.
2609 2542 2662 2612 2)
2690 2559 2707 2597 :
2745 2544 2808 2598 ad
2849 2544 3060 2614 Tyrium
3106 2561 3293 2616 nempe
3321 2546 3556 2615 loquens.
3588 2547 3655 2601 Et
3683 2549 3807 2603 vide

2241 2630 2502 2700 quomodo
2551 2633 2746 2701 alisque
2793 2634 3002 2689 vulnere
3049 2635 3216 2703 ipsum
3273 2635 3626 2704 reprehendit.
3684 2636 3801 2690 Non

2240 2722 2378 2775 enim
2399 2721 2547 2785 dixit,
2579 2722 2690 2777 Hoc
2715 2724 3006 2793 suSpicatus
3040 2740 3096 2779 es
3129 2739 3190 2780 ac
3228 2727 3449 2795 sperasti
3475 2743 3489 2780 :
3519 2727 3630 2791 sed,
3669 2727 3805 2792 Quid

2239 2823 2427 2880 oportet
2449 2813 2557 2879 ﬁeri
2597 2823 2704 2882 post
2742 2815 2887 2867 haec?
2911 2817 3010 2869 lsta
3045 2827 3219 2871 mente
3247 2819 3500 2886 agitabas,
3527 2833 3588 2870 ac
3629 2827 3802 2872 tecum

2243 2901 2521 2969 reputabas
2547 2917 2560 2955 :
2591 2902 2838 2970 quidnam
2879 2905 3076 2958 scilicet
3105 2906 3332 2959 futurum
3361 2914 3521 2961 esset.
3559 2903 3623 2959 In
3650 2907 3807 2959 cubili

2240 3000 2340 3046 tuo.
2371 2990 2501 3046 Cum
2531 2994 2701 3048 nullus
2727 3007 2866 3049 esset
2892 2996 2978 3065 qui
3007 2995 3344 3062 obturbaret,
3375 2997 3468 3052 sed
3509 2999 3717 3052 animus
3744 2998 3800 3053 in

2235 3083 2411 3152 quiete
2470 3094 2804 3151 versaretur;
2855 3087 3063 3156 quando
3113 3089 3374 3158 prcecipue
3421 3090 3802 3157 cogitationum

2236 3176 2384 3230 turba
2423 3191 2518 3230 nos
2558 3177 2779 3244 invadit,
2823 3180 2997 3246 quiete
3039 3190 3194 3250 atque
3233 3181 3344 3233 otio
3389 3180 3630 3235 abutens.
3675 3179 3802 3234 ldeo

2234 3265 2412 3318 multis
2437 3281 2552 3319 mos
2576 3276 2656 3320 est
2688 3275 2894 3336 tempus
2921 3268 3046 3322 illud
3085 3269 3136 3323 in
3165 3270 3402 3323 oratione
3432 3283 3750 3324 consumere
3779 3285 3793 3323 :

2233 3353 2352 3421 quia
2374 3353 2567 3407 scilicet
2597 3363 2716 3408 tunc
2737 3357 2939 3410 animus
2964 3357 3192 3422 otiatur;
3212 3368 3264 3412 et
3294 3372 3536 3427 magnum
3557 3358 3796 3426 capimus

2234 3442 2624 3509 detrimentum,
2651 3445 2692 3497 si
2733 3455 2855 3500 tunc
2892 3447 3090 3501 inertia:
3120 3463 3214 3500 nos
3255 3447 3574 3502 dederimus.
3620 3448 3684 3500 Et
3709 3450 3798 3518 qni

2232 3536 2414 3589 revelat
2442 3539 2692 3606 mysteria,
2722 3538 2956 3590 indicavit
2983 3539 3069 3591 tibi
3092 3555 3204 3608 qua;
3232 3549 3453 3609 Oporteat
3477 3541 3604 3607 ﬁeri.
3637 3541 3795 3610 ASpi-

2233 3638 2314 3687 ce,
2345 3624 2532 3678 iterum
2555 3625 2664 3692 jam
2709 3625 2799 3680 Dei
2837 3629 3091 3680 meminit.
3119 3627 3226 3682 Nec
3264 3628 3314 3682 id
3357 3629 3660 3698 vulgariter.
3691 3629 3801 3684 Sed

2232 3714 2338 3768 illic
2373 3715 2582 3784 quidem
2624 3717 2697 3769 ait
2735 3735 2750 3765 :
2789 3735 2808 3767 ‹
2837 3717 2933 3784 Qui
2971 3728 3049 3772 est
3098 3719 3149 3773 in
3193 3719 3353 3784 ctelo;
3387 3739 3404 3771 ι
3451 3718 3537 3774 hic
3572 3727 3793 3775 autem:

2238 3821 2256 3854 ι
2291 3805 2387 3868 Qui
2425 3805 2620 3859 revelat
2658 3807 2951 3876 mysteria.»
2976 3808 3057 3864 30.
3072 3808 3134 3861 Et
3175 3807 3304 3862 mihi
3345 3816 3517 3862 autem
3567 3824 3674 3864 non
3703 3823 3796 3863 sa-

2234 3893 2445 3961 pientia,
2469 3911 2582 3963 quae
2603 3896 2659 3948 fit
2685 3897 2735 3949 in
2761 3912 2844 3950 me
2866 3913 2971 3966 prre
2988 3897 3228 3952 omnibus
3253 3900 3564 3965 viventibus,
3591 3910 3796 3970 myste-

2230 3980 2364 4034 rium
2409 3981 2507 4035 hoc
2541 3983 2829 4037 revelatum
2872 3994 2953 4038 est
2993 4002 3004 4038 :
3047 3984 3140 4038 sed
3187 3997 3243 4038 ut
3281 3986 3639 4054 conjecturam
3680 3989 3794 4056 regi

2231 4071 2477 4135 indicem,
2532 4081 2583 4126 et
2627 4081 2684 4126 ut
2729 4083 3012 4142 cogn03cas
3047 4075 3386 4143 cogitationes
3427 4075 3598 4129 cordis
3630 4077 3725 4128 tui.
3766 4093 3794 4126 ι

2230 4161 2453 4216 Tantum
2482 4177 2584 4216 non
2607 4163 2786 4217 dicens
2809 4179 2822 4216 :
2845 4162 3000 4232 Origo
3029 4164 3344 4218 inventionis
3370 4179 3473 4217 non
3499 4174 3579 4218 est
3608 4179 3636 4216 a
3660 4179 3786 4218 me:

2230 4252 2324 4306 sed
2356 4267 2523 4322 neque
2552 4253 2604 4306 in
2642 4267 2705 4306 eo
2734 4253 2846 4320 ipso
2872 4253 3008 4321 quod
3043 4267 3156 4307 rem
3207 4260 3398 4322 praeter
3429 4253 3560 4308 alios
3591 4252 3798 4307 didice-

2232 4342 2351 4406 rim,
2380 4343 2585 4396 cmteris
2632 4342 2988 4410 praeferendus
3026 4357 3160 4396 sum.
3209 4343 3320 4397 Non
3361 4345 3500 4397 enim
3538 4345 3656 4412 quia
3705 4359 3795 4398 ma

2231 4432 2522 4501 sapientem
2548 4447 2666 4485 esse
2703 4433 2929 4500 agnovit,
2966 4431 3020 4485 id
3049 4432 3187 4486 Deus
3219 4431 3355 4486 fecit.
3388 4431 3442 4487 Si
3471 4433 3610 4487 enim
3647 4441 3796 4502 pOSt-

2229 4537 2386 4590 quain
2417 4521 2512 4575 ista
2552 4521 2770 4578 dixisset
2803 4521 3001 4586 Daniel,
3044 4520 3211 4589 ipsum
3260 4529 3316 4574 ut
3354 4521 3516 4576 Deum
3554 4520 3797 4574 adoravit

2229 4627 2357 4666 rex:
2386 4611 2507 4681 quid
2533 4613 2575 4666 si
2604 4611 2654 4666 id
2684 4612 3021 4681 proloquutus
3052 4628 3155 4666 non
3194 4611 3407 4667 fuisset?
3440 4612 3544 4666 Sed
3573 4622 3796 4681 propter

2231 4710 2298 4763 te,
2333 4701 2518 4769 inquit.
2559 4700 2636 4754 Tu
2682 4702 2808 4754 mihi
2852 4702 3046 4771 gratias
3088 4701 3282 4757 habere
3320 4716 3423 4756 non
3468 4702 3648 4767 debes,
3693 4701 3794 4757 sed

2230 4805 2324 4859 ego
2349 4790 2436 4844 tibi
2467 4807 2479 4842 :
2507 4798 2563 4843 ut
2591 4790 2729 4843 enim
2757 4799 2810 4844 tu
2836 4790 3173 4859 intelligeres,
3200 4805 3299 4859 ego
3326 4790 3502 4845 didici.
3530 4791 3703 4844 Cerne
3735 4799 3798 4843 ut

2229 4878 2370 4932 illum
2409 4879 2652 4932 conciliet
2697 4879 2826 4942 Deo,
2865 4889 2919 4932 et
2954 4889 3010 4933 ut
3051 4880 3282 4933 futurum
3311 4879 3445 4934 circa
3477 4894 3594 4934 eum
3626 4879 3798 4931 mira-

2228 4970 2421 5033 culum,
2483 4972 2608 5024 item
2656 4983 2891 5023 amorem
2940 4968 3300 5024 vehementem
3342 4983 3464 5040 erga
3501 4981 3652 5031 eum,
3697 4982 3796 5035 per

2230 5060 2656 5129 anticipationem
2703 5061 2809 5114 Deo
2841 5060 3091 5130 assignet.
3138 5060 3237 5127 Qui
3260 5061 3400 5116 enim
3443 5057 3659 5114 edoctus
3687 5065 3797 5122 est,

2231 5151 2368 5219 quod
2401 5151 2539 5205 Deus
2559 5149 2611 5203 in
2641 5148 2892 5202 honorem
2919 5149 3079 5217 ipsius
3107 5149 3157 5204 id
3185 5151 3309 5218 egit,
3340 5147 3686 5217 proculdubio
3717 5146 3800 5200 illi

2228 5239 2533 5293 conciliatus
2555 5246 2655 5293 est.
2679 5236 2751 5291 Te
2771 5237 2960 5306 magis,
2976 5237 3161 5307 inquit,
3188 5235 3480 5302 honoravit,
3503 5250 3659 5303 quam
3682 5249 3794 5289 me.

2231 5327 2390 5383 Vides
2427 5343 2582 5398 quam
2628 5325 2934 5382 ambitiosus
2970 5342 3074 5381 non
3110 5327 3181 5382 sit
3213 5325 3444 5396 juvenis,
3481 5334 3639 5394 utque
3685 5340 3796 5380 non

2291 5526 2364 5598 (α)
2377 5523 2672 5598 ,πίδοδειὲυξη
2688 5524 2923 5598 sintsun-
2937 5584 2950 5598 .
2963 5524 3200 5598 κθπιονβ,
3224 5521 3801 5598 ,ιψέψςίιξξράρεςερβτ

2228 5581 2392 5664 ei.“
2413 5581 2692 5664 esse":
2706 5583 3206 5664 διδμοιιοάρέξδονθιη
3222 5584 3801 5664 interregem???

2223 5643 2287 5694 ad
2305 5645 2472 5694 Ezeeh.
2490 5643 2573 5702 9.8,
2602 5645 2647 5702 2,
2666 5645 2926 5707 principem
2949 5648 3053 5706 't‘yri
3080 5644 3312 5706 agnoscit.
3331 5643 3499 5694 Atllnis
3515 5654 3651 5693 error
3664 5643 3802 5707 apud

2228 5704 2493 5770 Origenem
2515 5706 2598 5754 lib.
2615 5707 2644 5754 4
2667 5706 2729 5754 do
2753 5705 3008 5767 Principiis,
3029 5717 3131 5767 cap.
3157 5705 3204 5752 2.
