4032 6220
243 318 358 376 203

239 431 333 484 καὶ
384 429 515 483 ἀλλα
573 429 824 492 ἀξιῶσαι,
873 428 1012 480 ὥστε
1062 427 1151 479 καὶ
1184 424 1276 495 τὴν
1336 425 1612 495 σύγκρισιν
1649 424 1794 493 αὑτῷ

239 516 520 586 γνωρίσαι.
580 516 698 567 Ὅτι
744 514 808 567 τὸ
859 514 1045 582 ὅραμα
1099 511 1202 566 τοῦ
1244 511 1583 575 βασιλέως,
1631 510 1796 579 φησὶ,

237 603 566 671 ἐγνώρισάς
603 621 724 672 μοι.
785 601 894 656 Kal
922 603 1138 667 εὐθέως
1189 597 1334 668 ἦλθε
1389 598 1607 666 Δανιὴλ
1655 597 1800 664 πρὸς

253 687 472 754 Ἀριὼχ,
500 686 572 740 ὃν
605 687 953 753 κατέστησε,
1000 686 1151 756 φησὶ,
1194 689 1226 739 ό
1253 684 1548 750 βασιλεὺς
1584 683 1799 737 ἀπολέ-

240 788 345 824 σαι
391 773 530 838 τούς
575 773 802 840 σοφοὺς
844 770 1212 835 Βαϐυλῶνος,
1266 770 1361 822 καὶ
1407 766 1573 823 εἶπεν
1604 767 1795 831 αὐτῷ’

245 857 392 922 τοὺς
422 858 648 926 σοφοὺς
670 857 1018 921 Βαϐυλῶνος
1040 855 1124 924 μὴ
1159 855 1463 923 ἀπολέσῃς
1486 871 1498 884 ο
1527 853 1799 921 εἰσάγαγε

239 945 310 998 δέ
334 963 412 1012 με
456 945 708 999 ἐνώπιον
737 947 840 1000 τοῦ
867 943 1186 1010 βασιλέως,
1227 943 1322 996 καί
1371 940 1681 1012 ἀπαγγελῶ
1721 938 1799 1005 τῷ

235 1031 491 1094 ,ϐασιλεῖ
523 1032 638 1098 τὴν
681 1033 996 1100 σύγκρισιν
1032 1030 1134 1083 τοῦ
1185 1030 1493 1098 ὁράματος.
1559 1028 1798 1098 Ἐδραμε

241 1118 378 1187 πρὸς
405 1119 566 1170 αὑτὸν
594 1120 683 1170 καί
707 1135 835 1188 φησι
863 1136 875 1147 ·
913 1117 1054 1181 Τοὺς
1078 1116 1308 1185 σοφοὺς
1329 1115 1680 1178 Βαϐυλῶνος
1711 1114 1796 1182 μὴ

237 1206 575 1273 ἀπολέσῃς.
627 1206 722 1268 Τίς
769 1206 834 1258 ἂν
879 1206 1188 1274 ἐφρόντισεν
1243 1203 1503 1268 ἐκείνων;
1559 1202 1700 1273 Ὅρα
1739 1203 1799 1254 τὸ

242 1291 620 1360 φιλάνθρωπον
655 1294 747 1344 καὶ
769 1292 968 1360 ἥμερον
1000 1288 1091 1342 τοῦ
1116 1291 1408 1359 προφήτου.
1450 1289 1585 1340 Ἀλλ’
1606 1289 1703 1340 οὐκ
1734 1289 1798 1341 ἂν

239 1377 507 1448 ἠκούσθη,
535 1379 582 1430 εί
611 1378 682 1448 μὴ
725 1379 937 1431 κάκεῖνο
968 1376 1299 1446 προσέθηκεν
1321 1393 1332 1406 ·
1380 1375 1670 1443 Είσάγαγέ
1700 1391 1796 1443 με,

243 1467 400 1537 φησι,
435 1466 533 1520 καὶ
572 1464 886 1535 ἀπαγγελῶ
930 1463 1009 1529 τῷ
1034 1464 1283 1528 ,ϐασιλεῖ
1323 1464 1436 1529 τὴν
1483 1465 1801 1530 σύγκρισιν

240 1555 351 1608 τοῦ
379 1554 685 1621 ὁράματος.
726 1555 858 1606 Τότε
898 1551 1121 1620 Ἀριὼχ,
1163 1552 1343 1621 φησὶν,
1389 1549 1664 1619 εἰσήγαγε
1696 1550 1801 1604 τὸν

241 1642 470 1707 Δανιὴλ
515 1644 583 1694 ἐν
635 1640 874 1708 σπουδῇ
919 1640 1172 1694 ἐνώπιον
1205 1640 1310 1692 τοῦ
1346 1639 1668 1703 βασιλέως,
1705 1637 1802 1692 καί

240 1728 410 1781 εἷπεν
466 1729 659 1792 αὐτῷ’
715 1727 950 1794 Εὐρηκα
999 1725 1184 1793 ἄνδρα
1233 1725 1300 1778 ἐκ
1349 1725 1465 1777 τῶν
1503 1723 1644 1779 υίῶν
1694 1723 1803 1792 τῆς

241 1816 652 1883 αιχμαλωσίας
682 1813 790 1880 τῆς
838 1814 1136 1878 Ἰουδαίας,
1193 1813 1357 1876 ὅστις
1399 1812 1464 1865 τὸ
1510 1813 1803 1880 σύγκριμα

243 1901 568 1968 ἀναγγελεῖ
589 1901 667 1964 τῷ
684 1897 945 1964 βασιλεῖ.
984 1898 1114 1952 Ἀπὸ
1143 1897 1258 1951 τῶν
1285 1897 1428 1950 υίῶν
1451 1895 1560 1965 τῆς
1592 1899 1801 1965 αἰχμα-

242 1987 491 2052 λωσίας,
543 1987 723 2056 φησὶν,
775 1986 998 2052 εὕρηκα
1035 1983 1237 2052 ἄνδρα.
1293 1983 1404 2037 Οὐκ
1456 1983 1692 2054 ᾐσχύνθη
1743 1983 1805 2036 τὸ

241 2074 419 2141 γένος.
460 2075 624 2127 Ὅταν
663 2073 770 2143 γὰρ
818 2075 1027 2141 ἀνάγκη
1064 2072 1329 2126 ἐπίκειται
1377 2071 1595 2140 μείζων,
1656 2071 1804 2125 ούδέν

241 2162 447 2214 τούτων
473 2159 733 2231 ζητεῖται,
781 2158 892 2212 ἀλλ’
929 2160 956 2212 6
985 2156 1150 2227 τῦφος
1183 2158 1211 2210 6
1243 2158 1298 2209 ἐν
1338 2160 1456 2220 ταῖς
1490 2158 1804 2228 εὐημερίαις

242 2247 389 2309 ἄπας
426 2246 858 2299 καταστέλλεται.
903 2245 1010 2296 Καὶ
1054 2241 1160 2312 γὰρ
1191 2244 1218 2296 6
1243 2243 1410 2296 νοσῶν
1442 2243 1542 2296 οὐκ
1577 2245 1640 2297 ἄν
1676 2260 1802 2296 ποτε

239 2333 334 2385 τοῦ
374 2331 556 2401 ίατροῦ
586 2331 682 2400 τὴν
709 2329 985 2397 εὐγένειαν
1025 2329 1456 2398 περιεργάσαιτο,
1501 2329 1592 2381 καὶ
1633 2328 1804 2392 ἄλλως

241 2418 564 2472 κινδυνεύων
584 2417 679 2471 ἀνθ
688 2433 865 2487 ρωπος
885 2416 982 2467 οὐκ
1004 2413 1068 2467 ἂν
1094 2414 1513 2482 πολυπραγμονή
1522 2431 1680 2475 σειεν,
1699 2415 1804 2466 εἴτε

240 2504 592 2574 εὐπατρίδης,
620 2505 729 2556 είτε
765 2504 792 2556 6
827 2501 1002 2570 τυχὼν
1032 2499 1116 2570 εἴη
1145 2501 1174 2552 6
1214 2500 1419 2569 μέλλων
1461 2501 1622 2552 αὐτὸν
1649 2500 1806 2570 ἐξαρ-

239 2591 435 2654 πάζειν
467 2591 573 2641 τῶν
603 2587 878 2649 κινδύνων,
903 2587 1014 2640 ἀλλ’
1040 2587 1097 2638 ἐν
1131 2587 1285 2654 μόνον
1310 2586 1476 2655 ζητεῖ,
1511 2586 1605 2656 τὴν
1636 2587 1806 2640 ἀπαλ-

235 2677 431 2746 λαγήν.
475 2676 569 2738 Τίς
594 2674 692 2728 οὐκ
718 2673 782 2726 ἂν
810 2672 1086 2743 αἰσχυνθῇ,
1128 2672 1211 2734 τίς
1246 2674 1343 2726 ούκ
1381 2673 1445 2726 ἂν
1490 2673 1802 2744 ἐρυθριάσῃ,

237 2763 380 2831 ὀρῶν
410 2763 534 2824 τοὺς
569 2761 664 2830 μέν
703 2762 759 2814 ἐν
791 2763 856 2831 τῇ
885 2759 1095 2828 πατρίδι
1131 2760 1333 2822 πάντας
1367 2759 1800 2828 ἀναιρουμένους,

237 2852 365 2913 τοὺς
384 2850 440 2902 δὲ
479 2848 850 2918 αἰχμαλώτους
879 2847 1244 2918 φυσωμένους,
1272 2848 1365 2899 καὶ
1391 2846 1530 2917 μέγα
1550 2848 1803 2919 φρονοῦν-

235 2952 372 3002 τιςς
408 2936 569 2989 Οὐδὲν
607 2935 827 2996 τούτων,
873 2934 1020 2987 οὐδὲν
1071 2933 1230 2996 αὐτὸς
1269 2934 1565 3003 ἐνενόησεν,
1607 2933 1717 2986 ἀλλ’
1745 2938 1802 2988 ἐν

240 3022 446 3091 σπουδῇ
509 3021 759 3083 κάκεῖνος
806 3019 1056 3082 ἐκάλεσε,
1117 3019 1212 3071 καὶ
1283 3013 1434 3080 οὗτος
1504 3019 1800 3088 ἠρώτησεν,

235 3107 421 3160 οὐκέτι
457 3107 592 3175 μετὰ
624 3107 719 3174 τῆς
751 3106 916 3173 αὐτῆς
943 3103 1209 3165 ἀπονοίας.
1259 3104 1471 3172 Ἐπειδὴ
1503 3105 1611 3174 γὰρ
1643 3105 1802 3174 ἠλέγ-

237 3194 340 3263 χθη
368 3193 455 3246 διὰ
489 3194 587 3262 τῆς
616 3193 806 3263 πείρας
842 3191 1040 3260 ἀνόηττ
1074 3190 1151 3260 [ί.
1183 3190 1445 3261 ἀνόνητα]
1494 3193 1521 3244 6
1555 3191 1802 3260 βασιλεὺς

237 3278 530 3348 ἐπιζητῶν,
557 3279 609 3331 τί
642 3295 798 3347 φησις
832 3277 941 3330 Καὶ
971 3277 1254 3344 ἀπεκρίθη
1285 3281 1317 3330 ὁ
1346 3277 1663 3345 βασιλεὺς,
1700 3280 1799 3334 καὶ

235 3359 406 3418 εἶπεν
448 3363 526 3429 τῷ
562 3363 804 3428 Δανιὴλ,
851 3359 920 3418 οὗ
977 3361 1043 3415 τὸ
1105 3362 1289 3430 ὄνομα
1341 3367 1683 3435 Βαλτάσαρο
1731 3369 1800 3421 El

236 3449 498 3502 δύνασαί
546 3467 644 3517 μοι
691 3447 1030 3516 ἀναγγεῖλαι
1077 3447 1141 3500 τὸ
1183 3449 1482 3514 ἐνύπνιον,
1533 3453 1564 3505 ὃ
1613 3449 1794 3516 εἶδον,

237 3535 336 3587 καὶ
387 3535 500 3602 τὴν
555 3536 870 3604 σύγκρισιν
918 3534 1100 3588 αὐτοῦ
1125 3553 1143 3599 ;
1205 3535 1356 3588 Μετὰ
1405 3537 1644 3604 πλείονος
1700 3541 1797 3610 τῆς

237 3623 536 3684 ἐπιεικείας
556 3622 874 3687 διαλέγεται.
906 3621 1018 3673 Οὐκ
1045 3617 1213 3674 εἶπεν·
1238 3623 1335 3674 Ἂν
1366 3624 1438 3693 μὴ
1455 3625 1702 3696 δυνηθῇς,
1730 3628 1797 3681 τά

238 3708 377 3759 αὐτά
404 3708 585 3776 πείσῃ.
617 3707 680 3757 Τί
707 3703 798 3759 οὖν
827 3708 855 3759 6
876 3707 1069 3776 Δανιὴλ
1093 3725 1106 3772 ;
1135 3707 1239 3760 Καὶ
1262 3708 1550 3778 ἀπεκρίθη
1575 3712 1795 3779 Δανιὴλ

235 3791 488 3846 ἐνώπιον
521 3793 624 3846 τοῦ
665 3793 985 3857 βασιλέως,
1024 3793 1119 3846 καὶ
1146 3791 1271 3847 εἶπε
1293 3811 1306 3824 ·
1344 3795 1412 3848 T6
1442 3797 1791 3865 μυστήριον,

237 3878 270 3931 ὃ
302 3881 335 3931 ό
359 3879 653 3944 βασιλεὺς
673 3877 944 3944 ἐπιζητεῖ,
987 3882 1096 3933 οὐκ
1148 3880 1278 3934 ἔστι
1320 3882 1544 3950 σοφῶν,
1570 3884 1791 3956 μάγων,

234 3963 550 4026 ἐπαοιδῶν,
619 3962 970 4032 Γαζαρηνῶν
1021 3965 1266 4033 δύναμις
1329 3968 1668 4036 ἀναγγεῖλαι
1717 3970 1794 4036 τῷ

229 4049 508 4114 ,ϐασιλεῖ’
542 4051 682 4104 ἀλλ’.
697 4052 828 4104 ἐστι
853 4050 994 4114 Θεὸς
1016 4050 1084 4103 ἐν
1109 4051 1336 4116 οὐρανῷ
1361 4053 1794 4108 ἀποκαλύπτων

229 4135 556 4203 μυστήρια,
619 4135 715 4187 καί
774 4135 1056 4203 ἐγνώρισε
1092 4133 1169 4199 τῷ
1209 4136 1456 4198 ,βασιλεῖ
1493 4142 1790 4208 Ναϐουχο-

234 4223 492 4290 δονόσορ
517 4223 556 4274 ἀ
578 4221 670 4275 δεῖ
686 4222 956 4290 γενέσθαι
979 4222 1070 4274 ἐπ’
1099 4223 1365 4291 ἐσχάτων
1396 4226 1510 4278 τῶν
1540 4229 1786 4296 ἡμερῶν,

236 4308 382 4378 Ὀρα
428 4307 639 4361 σύνεσιν
692 4307 784 4361 τοῦ
833 4309 1130 4378 προφήτου.
1190 4310 1299 4362 Οὐκ
1356 4307 1505 4365 εἶπεν
1552 4315 1786 4378 εὐθέως·

234 4393 478 4462 Δύναμαι
537 4392 860 4460 ἀπαγγεῖλαί
902 4410 1016 4445 σοι·
1077 4394 1187 4446 ἀλλ’
1233 4395 1261 4447 ὃ
1305 4395 1408 4465 πρὸ
1444 4398 1653 4471 πάντων
1683 4401 1787 4454 ἔδει

237 4477 430 4546 μαθεῖν
484 4478 571 4531 τὸν
605 4478 845 4548 βασιλέα,
898 4477 1054 4532 τοῦτο
1103 4480 1264 4549 λέγει.
1317 4482 1386 4534 Τὸ
1430 4486 1783 4554 μυστήριον,

235 4564 388 4630 qua"
431 4562 462 4615 ὃ
502 4563 852 4628 δβασίλεὺς
897 4565 1176 4631 ἐπερωτᾷν
1229 4569 1335 4620 οὐκ
1386 4568 1515 4622 ἐστι
1560 4573 1783 4640 σοφῶν.

229 4648 455 4716 μάγων,
480 4648 788 4712 ἐπαοιδῶν,
812 4647 1163 4715 Γαζαρηνῶν
1182 4651 1427 4719 δύναμις
1447 4657 1786 4723 ἀναγγεῖλαι

234 4732 313 4796 τῷ
339 4734 615 4795 ,βασιλεῖ’
663 4735 793 4788 ἔστι
836 4733 975 4799 Θεὸς
994 4736 1063 4786 ὲν
1089 4735 1315 4801 οὐρανῷ
1353 4738 1787 4796 ἀποκαλύπτων

229 4818 550 4885 μυστήρια.
603 4820 967 4887 Ἀπολογεῖται
1010 4820 1146 4890 ὑπὲρ
1201 4821 1307 4874 τῶν
1348 4827 1528 4888 κακῶς
1574 4829 1784 4902 ἀναιρε-

234 4903 454 4967 θέντων,
483 4905 692 4967 δεικνὺς
713 4907 808 4957 οὐκ
834 4906 991 4958 αὑτὸν
1009 4905 1134 4959 ὄντα
1159 4907 1245 4959 τὸν
1277 4906 1513 4975 λέγοντα.
1540 4911 1686 4985 [211]
1708 4917 1781 4968 Ού

233 4988 323 5044 διὰ
348 4990 520 5055 τοῦτο,
547 4991 696 5058 φησὶ,
720 4986 888 5052 εἷπον,
918 4992 996 5043 ὅτι
1019 4993 1115 5044 οὐκ
1145 4992 1255 5045 ἔστι
1281 4997 1466 5062 μάγων
1496 4999 1667 5062 τοῦτο,
1698 5002 1782 5054 ἵνα

234 5075 468 5144 ἐμαυτὸν
500 5075 717 5128 ἐκείνων
749 5075 1117 5145 λαμπρότερον
1141 5076 1312 5140 δείξω,
1335 5080 1445 5132 ἀλλ’
1473 5083 1553 5135 ἵνα
1585 5086 1779 5156 μάθῃς,

233 5161 314 5212 ὅτι
343 5161 459 5213 ούδέ
496 5160 603 5228 ἐγὼ
633 5159 770 5213 κατὰ
809 5159 1144 5230 ἀνθρωπίνην
1188 5162 1326 5231 λέγω
1382 5167 1558 5233 φύσιν.
1585 5146 1597 5153 1

233 5245 365 5298 ἔστι
400 5247 541 5311 Θεὸς
582 5248 651 5299 ἐν
690 5245 935 5313 οὐρανῷ.
977 5247 1088 5299 Οὐκ
1131 5249 1244 5300 ἐκεῖ
1276 5253 1566 5319 συγκλείων
1598 5259 1776 5322 αὐτὸν,

232 5333 343 5385 ἀλλ’
372 5333 446 5397 ὡς
477 5334 608 5403 πρὸς
645 5333 911 5406 βάρϐαρον
955 5332 1088 5396 τέως
1124 5335 1514 5408 διαλεγόμενος,
1553 5345 1644 5395 καὶ
1683 5349 1778 5416 τῆς

229 5419 333 5488 τῆς
365 5421 614 5486 ἀπάγων,
642 5422 737 5489 οὐχ
765 5419 836 5482 ὼς
861 5419 909 5471 οἱ
939 5417 1187 5489 ὑμέτεροι
1208 5423 1255 5473 οἱ
1287 5424 1410 5494 περὶ
1430 5427 1529 5495 γῆν
1565 5433 1778 5499 στρεφό-

234 5521 402 5571 μενοι.
436 5505 540 5558 Καὶ
565 5505 843 5574 ἐγνώρισε
874 5505 954 5570 τῷ
989 5505 1233 5567 ,βασιλεῖ
1257 5512 1777 5586 Ναϐουχοδονόσορ

229 5587 267 5640 ά
289 5587 383 5642 δεῖ
409 5589 676 5658 γενέσθαι
708 5590 798 5643 ἐπ’
817 5589 1085 5659 ἐσχάτων
1103 5590 1214 5644 τῶν
1231 5597 1479 5661 χρόνων.
1532 5601 1686 5671 Ὅρα,
1710 5605 1773 5656 δι’

232 5675 560 5745 αἰνιγμάτων
591 5675 755 5744 λέγει,
788 5683 876 5731 καὶ
906 5675 962 5728 τὸ
995 5677 1094 5729 πᾶν
1132 5678 1415 5747 κεφάλαιον
1457 5686 1551 5756 τῆς
1604 5688 1772 5758 ὂψεως

1604 309 1667 365 IN
1704 304 2066 363 DANIELEM.

3349 314 3461 371 204

1903 427 2287 497 περιλαμῦάνει
2317 427 2372 481 ἐν
2403 431 2511 494 τοῖς
2556 432 2875 502 προοιμίοις,
2925 431 3014 484 καὶ
3044 427 3249 498 ἀνίησιν
3290 425 3451 480 αὐτοῦ

1899 511 1996 582 τὴν
2029 511 2281 576 διάνοιαν,
2331 513 2480 569 οὐδὲν
2529 519 2796 588 φορτικὸν,
2835 516 2952 570 οὐδέ
2994 513 3224 584 ἐπαχθὲς
3254 513 3446 579 λέγωνο

1905 600 1970 653 Τὸ
2000 599 2284 654 ἐνύπνιόν
2323 617 2456 666 σου,
2484 605 2633 673 φησὶ,
2661 604 2759 658 καί
2782 607 2840 658 αἱ
2872 603 3109 672 ὁράσεις
3135 600 3243 668 τῆς
3274 614 3453 666 κεφα-

1898 684 2015 753 λῆς
2041 700 2157 739 σου
2178 686 2275 739 ἐπὶ
2304 685 2409 753 τῆς
2435 690 2636 757 κοίτης
2681 706 2796 744 σου
2824 707 2837 720 ·
2885 688 3210 750 τουτέστιν,
3240 688 3292 739 οι
3324 685 3448 738 δια-

1897 771 2173 840 λογισμοί
2208 787 2321 825 σου
2349 771 2446 826 ἐπὶ
2483 773 2591 841 τῆς
2632 777 2829 841 κοίτης
2869 791 2981 827 σου
3023 771 3341 835 ἀνέϐησαν,
3392 769 3450 821 τι

1897 856 1992 910 δεῖ
2027 857 2300 927 γενέσθαι
2343 859 2493 927 μετὰ
2531 861 2732 914 ταῦτα.
2778 860 2884 913 Καὶ
2936 862 2966 912 ό
3016 857 3451 911 ἀποκαλύπτων

1892 944 2214 1012 μυστήρια,
2247 943 2529 1014 ἐγνώρισε
2547 960 2645 998 σοι
2666 946 2703 999 ἂ
2724 945 2817 999 δεῖ
2837 945 3127 1013 γενέσθαι.
3170 942 3323 996 Κατὰ
3354 943 3450 1010 τὴν

1898 1027 2005 1080 τῶν
2034 1028 2239 1080 πολλῶν
2274 1028 2526 1082 ὑπόνοιαν
2562 1030 2880 1099 διαλέγεται,
2916 1031 2987 1093 ὼς
3034 1031 3168 1101 ὑπὲρ
3212 1026 3450 1097 κεφαλῆς

1899 1113 2005 1166 τῶν
2036 1115 2255 1185 ὀνείρων
2308 1116 2626 1185 ἱσταμένων,
2669 1117 2699 1187 ἢ
2737 1119 2810 1180 ὡς
2852 1119 2966 1170 ἐκεῖ
3009 1115 3098 1170 τοῦ
3145 1112 3448 1182 λογιστικοῦ

1899 1201 2066 1266 ὄντος,
2095 1202 2127 1273 ἢ
2169 1202 2267 1271 τῆς
2294 1203 2550 1274 κεφαλῆς,
2580 1206 2685 1256 τῶν
2717 1203 3024 1274 ὀφθαλμῶν,
3061 1204 3147 1256 ῖνα
3184 1202 3312 1273 είπῃ
3334 1217 3347 1231 ’
3373 1201 3445 1254 Σὺ

1901 1285 2167 1357 παρέσχες
2197 1287 2397 1342 αἰτίαν.
2427 1288 2558 1342 Οὐδὲ
2587 1288 2770 1351 ἁπλῶς
2796 1285 2966 1351 εἶπεν,
2996 1290 3076 1341 ὅτι
3118 1290 3175 1340 '0
3193 1287 3321 1350 Θεός
3367 1302 3450 1338 σοι

1900 1371 2113 1443 ἔφηνεν,
2139 1373 2294 1437 ἀλλά,
2312 1375 2615 1442 Διελογίζου
2641 1374 2692 1426 τί
2721 1376 2800 1428 δεῖ
2827 1375 3072 1444 γενέσθαι
3103 1375 3235 1445 μετά
3259 1373 3446 1426 ταῦτα.

1913 1458 2124 1529 Ἐπειδὴ
2161 1458 2268 1531 γὰρ
2307 1460 2407 1530 τῆς
2457 1461 2774 1530 οἰκουμένης
2813 1461 3130 1531 ἐκράτησεν,
3183 1460 3452 1527 ἐλογίζετο

1900 1541 2006 1613 ἄρα
2022 1547 2069 1597 εί
2095 1546 2172 1606 εἰς
2197 1545 2400 1607 πάντας
2429 1557 2456 1585 ι
2484 1545 2642 1608 αὐτὸς
2664 1546 3012 1616 παραπέμψει
3034 1545 3128 1616 τὴν
3155 1545 3448 1615 βασιλείαν,

1900 1631 1933 1700 ἢ
1961 1630 2287 1699 τελευτήσει.
2320 1631 2488 1683 Είωθε
2514 1631 2620 1699 γάρ
2655 1648 2770 1693 πως
2798 1632 2856 1684 τὸ
2897 1631 3119 1701 μέγεθος
3156 1631 3251 1700 τῆς
3279 1628 3450 1700 ἀρχῆς

1901 1716 2110 1786 καὶτῆς
2131 1717 2340 1784 φύσεως
2361 1718 2506 1787 ἡμᾶς
2529 1720 2606 1781 είς
2629 1717 2793 1788 λήθην
2809 1719 2981 1785 ἄγειν,
2999 1719 3078 1770 ὅτι
3105 1717 3293 1785 θνητός
3312 1718 3447 1768 ἐστι.

1901 1801 2060 1866 Εἰκὸς
2081 1801 2174 1857 οὖν
2215 1804 2372 1857 αὐτὸν
2413 1805 2492 1867 είς
2515 1804 2576 1856 τὸ
2621 1804 2850 1872 πέλαγος
2890 1803 3192 1872 ἐμπεσόντα
3227 1801 3334 1856 τῶν
3358 1803 3450 1854 ιδί-

1903 1889 2060 1943 κείων
2076 1890 2526 1960 κατορθωμάτων,
2552 1892 2625 1962 μὴ
2647 1891 2846 1960 σφόδρα
2862 1890 3130 1944 πιστεύειν
3149 1890 3230 1944 ὃτι
3254 1886 3449 1942 ἀποθα-

1903 1981 2088 2032 νεῖται.
2120 1978 2288 2033 Τοῦτο
2315 1981 2443 2049 γοῦν
2465 1982 2556 2034 καὶ
2573 1982 2752 2050 ἔτερος
2769 1979 2932 2032 ἔπαθε
2955 1976 3218 2048 βασιλεύς.
3243 1975 3332 2029 Διὸ
3358 1974 3448 2028 καί

1902 2082 1984 2129 τις
2014 2065 2163 2134 ἔλεγε
2193 2067 2328 2137 πρὸς
2357 2066 2538 2131 αὑτὸν,
2569 2067 2651 2120 Σύ
2675 2067 2744 2120 δὲ
2767 2065 3071 2132 ἅνθρωπος
3089 2060 3163 2130 εἷ,
3184 2063 3254 2116 οὐ
3285 2061 3446 2127 Θεὸς,

1903 2153 2036 2222 πρὸς
2056 2151 2143 2205 τὸν
2168 2152 2362 2224 Τύριον
2405 2153 2594 2220 λέγων.
2625 2153 2734 2208 Καὶ
2754 2154 2851 2222 ὄρα
2889 2151 3004 2214 πῶς
3041 2151 3208 2221 χωρὶς
3240 2148 3449 2218 πληγῆς

1903 2237 2062 2290 αὑτὸν
2084 2238 2311 2307 ἐλέγχει.
2338 2239 2412 2291 Οὐ
2443 2236 2548 2308 γὰρ
2576 2235 2742 2302 εἶπεν,
2769 2241 2848 2292 ὅτι
2872 2237 3041 2291 Τοῦτο
3073 2235 3446 2298 ὑπώπτευσας,

1902 2324 2051 2389 ἀλλὰ,
2086 2327 2148 2378 Τί
2170 2324 2264 2378 δεῖ
2290 2323 2558 2394 γενέσθαι
2584 2324 2730 2392 μετὰ
2753 2326 2954 2379 ταῦτα.
2989 2323 3170 2378 Ταῦτα
3219 2323 3448 2384 ἐνενόεις

1905 2413 1994 2464 καὶ
2026 2412 2266 2480 ἐλογίξου
2314 2413 2367 2466 τί
2409 2414 2514 2484 ἀρα
2549 2413 2718 2466 ἔσται.
2769 2412 2898 2466 Ἐπὶ
2935 2410 3042 2480 τῆς
3072 2412 3271 2477 κοίτης
3310 2427 3445 2464 σου.

1906 2497 2030 2550 ’ὐτε
2057 2499 2227 2562 οὐδεὶς
2255 2501 2282 2552 6
2307 2498 2668 2570 παρενοχλῶν,
2697 2499 2807 2551 ἀλλ’
2830 2501 2885 2551 ἐν
2910 2498 3106 2569 ἠσυχίᾳ
3127 2493 3192 2566 ἦν
3220 2496 3411 2568 ἡψυχὴ
3428 2508 3445 2527 ⁸

1901 2585 1986 2638 ὅτε
2011 2585 2237 2654 μάλιστα
2258 2587 2364 2638 τῶν
2385 2587 2654 2656 λογισμῶν
2679 2601 2706 2638 ο
2731 2585 2880 2655 ὄχλος
2905 2588 3032 2656 ἡμῖν
3060 2585 3447 2654 ἐπεισέρχεται,

1901 2673 1965 2739 τῇ
2000 2687 2057 2722 τε
2085 2671 2282 2741 ἡσυχίᾳ
2318 2673 2408 2724 καὶ
2435 2675 2499 2741 τῇ
2534 2672 2698 2744 ἀργίᾳ
2745 2671 3144 2744 ἀποχρώμενος.
3174 2670 3270 2723 Διά
3295 2669 3453 2723 τοῦτο

1900 2761 2008 2822 τοῖς
2029 2758 2236 2823 πολλοῖς
2266 2760 2384 2823 ἔθος
2413 2762 2502 2815 τὸν
2531 2761 2714 2832 καιρὸν
2739 2763 2938 2814 ἐκεῖνον
2967 2761 3045 2823 είς
3078 2758 3236 2828 εὐχὴν
3271 2757 3452 2812 ἀναλί-

1902 2862 2070 2911 σκειν,
2100 2845 2193 2898 ἅτε
2226 2847 2316 2898 καὶ
2345 2846 2699 2918 σχολαζούσης
2724 2849 2821 2917 τῆς
2850 2847 3044 2916 ψυχῆς,
3082 2845 3172 2898 καὶ¹
3214 2843 3454 2914 μεγάλης

1899 2932 2063 3004 οὔσης
2086 2935 2184 3006 τῆς
2213 2933 2414 3004 βλάϐης
2443 2935 2535 2988 ἐὰν
2570 2936 2986 3005 ρᾳθυμήσωμεν.
3018 2933 3124 2986 Καὶ
3151 2935 3182 2985 ό
3225 2933 3449 2985 ἀποκα-

1898 3023 2138 3076 λύπτων
2153 3021 2472 3092 μυστήρια,
2511 3022 2790 3090 ἐγνώρισε
2814 3040 2909 3075 σοι
2954 3022 2991 3073 ἀ
3022 3020 3115 3073 δεῖ
3152 3017 3444 3088 γενέσθαι.

1900 3109 2061 3178 Ὅρα,
2092 3106 2338 3177 δεύτερον
2370 3107 2468 3177 ἠδη
2494 3108 2586 3160 τοῦ
2626 3108 2756 3161 Θεοῦ
2803 3108 3088 3177 μέμνηται,
3135 3106 3226 3159 καὶ
3255 3104 3350 3172 οὑχ
3374 3101 3449 3162 ὡς

1899 3194 2100 3264 ἔτυχεν,
2132 3193 2246 3247 ἀλλ’
2276 3195 2391 3248 ἐκεῖ
2420 3194 2516 3265 μέν
2545 3211 2704 3264 φησι·
2750 3195 2810 3246 Ὀ
2846 3191 2928 3245 ὢν
2961 3194 3028 3245 ἐν
3067 3190 3143 3256 τῷ
3181 3191 3410 3260 οὐρανῷ
3430 3207 3442 3219 '

1897 3280 2125 3336 ἐνταῦθα
2154 3280 2228 3346 δέ,
2270 3281 2322 3332 Ὀ
2355 3280 2789 3334 ἀποκαλύπτων
2822 3280 3137 3348 μυστήρια.
3179 3280 3284 3333 Καὶ
3317 3281 3447 3349 ἐμοι

1897 3366 1963 3420 δὲ
1992 3368 2100 3420 οὐκ
2129 3365 2198 3419 ἐν
2233 3367 2417 3434 σοφίᾳ
2457 3365 2530 3433 τῇ
2557 3367 2707 3434 οὔσῃ
2748 3366 2816 3417 ἐν
2857 3366 2983 3432 ἐμοὶ
3027 3367 3181 3432 παρὰ
3219 3367 3445 3433 πάντας

1895 3453 2034 3517 τούς
2063 3453 2275 3518 ζῶντας
2323 3453 2390 3505 τὸ
2436 3453 2766 3520 μυστήριον
2806 3454 2982 3506 τοῦτο
3034 3454 3440 3524 ἀπεκαλύφθη,

1893 3539 2028 3591 ἀλλ’
2054 3538 2256 3592 ἕνεκεν
2288 3539 2392 3592 τοῦ
2428 3539 2538 3604 τὴν
2573 3540 2887 3607 σύγκρισιν
2923 3537 3001 3602 τῷ
3021 3539 3270 3601 ,βασιλεῖ
3299 3557 3444 3608 γνω-

1885 3625 2073 3690 ρίσαι,
2095 3625 2189 3678 καὶ
2206 3625 2304 3678 ἵνα
2325 3622 2476 3693 γνῷς
2496 3625 2632 3688 τοὺς
2645 3625 3060 3694 διαλογισμοὺς
3079 3626 3184 3692 τῆς
3201 3626 3440 3694 καρδίας

1893 3725 2032 3768 σου.
2060 3712 2352 3781 Μονονουχὶ
2403 3710 2604 3778 λέγων’
2648 3712 2711 3763 Ἡ
2737 3712 2875 3782 ἀρχὴ
2922 3713 3023 3782 τῆς
3064 3714 3328 3784 εὑρέσεως
3377 3715 3436 3768 ού

1893 3800 2022 3868 παρ’
2047 3797 2199 3867 ἐμοῦ,
2232 3799 2345 3852 ἀλλ’
2367 3797 2486 3850 οὐδὲ
2512 3797 2640 3851 αὐτὸ
2668 3798 2820 3851 τοῦτο
2862 3800 2989 3868 παρ’
3033 3801 3214 3870 ἐτέρου
3251 3802 3437 3870 μαθεῖν

1892 3885 2050 3938 πλέον
2100 3885 2236 3955 έχων
2270 3886 2297 3925 δ
2335 3885 2440 3938 τῶν
2480 3885 2668 3939 ἄλλων.
2719 3885 2848 3936 Ούδέ
2897 3885 3003 3956 γὰρ
3048 3886 3230 3957 ἐπειδὴ
3279 3888 3438 3954 σοφὸν

1891 3968 2047 4036 εἶδεν,
2072 3970 2227 4022 τοῦτο
2255 3970 2524 4038 ἐποίησεν.
2559 3971 2618 4022 Εἰ
2650 3970 2754 4040 γάρ
2789 3971 2880 4023 καὶ
2917 3970 3116 4025 τούτων
3140 3973 3438 4043 εἰρημένων

1891 4057 2018 4126 παρ’
2068 4055 2250 4119 αὐτοῦ,
2281 4055 2355 4118 ὡς
2385 4055 2514 4107 Θεὸν
2550 4056 2709 4107 αὑτὸν
2738 4055 3134 4127 προσεκύνησεο
3176 4059 3248 4123 τί,
3280 4061 3327 4111 εί
3363 4059 3434 4130 μὴ

1889 4141 2045 4195 τοῦτο
2070 4138 2169 4213 ἦν;
2207 4142 2365 4196 Ἀλλά
2388 4141 2472 4194 διὰ
2504 4142 2581 4206 σέ,
2619 4143 2799 4211 φησίν.
2838 4144 2908 4196 Οὐ
2946 4143 3008 4196 σύ
3037 4143 3183 4214 [212]
3219 4163 3307 4215 μοι
3337 4146 3435 4214 χά-

1892 4245 1975 4298 ριν
2001 4227 2140 4298 ἔχειν
2164 4227 2413 4295 ὀφείλεις,
2448 4227 2558 4280 ἀλλ’
2590 4226 2698 4294 ἐγὼ
2733 4228 2843 4280 οοί·
2879 4231 2960 4281 ἵνα
2997 4231 3102 4299 γὰρ
3130 4233 3191 4284 σὺ
3222 4232 3434 4303 μάθῃς,

1889 4312 2088 4383 ἔμαθον
2113 4310 2239 4379 ἐγώ.
2276 4313 2414 4382 Ὅρα
2450 4313 2561 4375 πῶς
2589 4313 2746 4365 αὐτὸν
2769 4316 2956 4367 οίκειοῖ
2986 4316 3119 4386 πρὸς
3161 4318 3248 4370 τὸν
3281 4319 3430 4383 Θεὸν,

1889 4399 1980 4450 καὶ
2019 4398 2078 4450 τὸ
2128 4397 2315 4466 μέλλον
2347 4397 2526 4466 θαῦμα
2574 4399 2699 4469 περὶ
2748 4399 2906 4453 αὐτὸν
2953 4401 3185 4463 ἔσεσθαι,
3242 4405 3334 4458 καὶ
3372 4406 3432 4458 τὸ

1887 4484 2102 4553 φίλτρον
2134 4482 2412 4554 προλαϐὼν
2447 4485 2725 4555 ἀνατίθησι
2757 4487 2834 4558 τῷ
2861 4488 2994 4557 Θεῷ.
3033 4490 3088 4542 Ὀ
3116 4490 3221 4562 γὰρ
3251 4493 3430 4562 μαθὼν

1885 4569 1966 4621 ὅτι
1995 4567 2162 4638 τιμῶν
2197 4568 2355 4622 αὑτὸν
2389 4572 2416 4623 6
2446 4570 2574 4632 Θεὸς
2607 4571 2760 4624 τοῦτο
2807 4573 3073 4645 ἐποίησεν,
3106 4577 3318 4648 εὔδηλον
3350 4581 3428 4633 ὅτι

1884 4653 2125 4725 ᾠκειώθη
2152 4655 2216 4707 ἂν
2245 4654 2409 4724 αὐτῷ.
2456 4655 2521 4707 Σὲ
2565 4657 2758 4726 μᾶλλον
2795 4660 3037 4730 ἐτίμησε,
3065 4664 3266 4732 φησὶ,ἢ
3307 4666 3424 4734 ἐμέ.

1884 4735 2034 4800 Εἶδες
2057 4739 2171 4801 πῶς
2192 4740 2504 4809 ἀφιλότιμος
2527 4744 2553 4794 6
2574 4743 2708 4808 νέος,
2739 4745 2851 4808 πῶς
2883 4746 2942 4798 οὐ
2976 4749 3231 4819 πρότερον
3267 4751 3428 4803 ἄπτε-

1881 4841 1967 4876 ται
1994 4823 2099 4877 τῶν
2129 4826 2403 4894 ῥημάτων,
2428 4827 2530 4890 ἓως
2557 4826 2620 4879 ἂν
2649 4829 2926 4902 ἀποστήσῃ
2965 4833 3124 4886 αὐτὸν
3148 4834 3237 4885 τοῦ
3259 4837 3420 4903 μεγά-

1881 4909 1976 4975 λην
2006 4910 2132 4978 περὶ
2159 4909 2320 4963 αὐτοῦ
2349 4911 2504 4976 δόξαν
2536 4913 2713 4982 ἔχειν;
2755 4915 2877 4977 Πῶς
2908 4913 2998 4968 οὖν
3020 4913 3167 4982 οὗτος
3198 4919 3363 4992 ἐθύρα
3397 4933 3419 4961 ο

1879 4994 2050 5059 δόξαν,
2075 4998 2103 5048 6
2146 4997 2236 5048 καὶ
2273 4997 2546 5066 διδομένην
2599 4999 2762 5069 αὐτὴν
2807 5001 3260 5073 ἀποκρουόμενοςς
3316 5008 3421 5062 Καὶ

1879 5080 1976 5132 οὐκ
2003 5077 2170 5143 εἷπεν,
2214 5082 2429 5152 Ἐπειδὴ
2466 5083 2603 5134 σέϐω
2631 5083 2718 5136 τὸν
2745 5084 2893 5148 Θεὸν,
2932 5089 3112 5162 ἐπειδὴ
3143 5091 3421 5163 θεραπεύω

1879 5166 2037 5218 αὑτὸν
2078 5167 2272 5236 μᾶλλον
2325 5167 2432 5219 τῶν
2471 5168 2662 5232 ἄλλων,
2703 5171 3051 5246 ἀπεκαλύφθη
3095 5179 3236 5247 ἐμοὶ,
3287 5180 3418 5242 ἀλλ’,

1889 5250 2054 5321 ’Υπὲρ
2079 5253 2171 5305 τοῦ
2202 5253 2261 5305 σέ
2289 5253 2474 5322 μαθεῖν
2499 5253 2527 5304 ὃ
2555 5255 2959 5324 χρησιμώτατον
2987 5257 3073 5330 ἦν.
3091 5262 3291 5316 Ἐκεῖνο
3314 5264 3421 5334 γὰρ

1877 5338 1967 5388 καὶ
2014 5337 2086 5407 μὴ
2126 5339 2384 5403 είπὸντος,
2423 5338 2701 5406 ἠκολούθει
2747 5346 2814 5413 τῇ
2858 5344 3060 5417 διανοίᾳ
3103 5349 3416 5403 ἀκουόντων.

1929 5581 1948 5657 ξ
1971 5588 2048 5657 12.;
2064 5587 2253 5657 πάντας.
2275 5589 2414 5657 Haud
2434 5591 2580 5644 dubie
2602 5598 2950 5648 emendandum
2982 5603 3161 5657 παῖδας.

1931 5647 1959 5716 ι]
1985 5648 2129 5716 υιςμξ
2147 5651 2253 5716 παρξ
2279 5652 2511 5710 ἐτέρους...
2541 5657 2652 5716 ἔχω.

1933 5711 1958 5738 *⁵
1981 5709 2037 5758 ι..
2059 5709 2368 5775 mamma
2387 5716 2530 5763 etiam
2559 5709 2700 5778 b‘aulo
2720 5727 2830 5770 ante
2853 5719 2934 5768 τοῦ
2956 5724 3178 5785 μεγάλην,
3197 5731 3289 5776 εις.
