  <div class='ocr_page' id='page_1' title='image "/cluster/home/n/w/nwhite01/storage/ocr_20150623/56/nnc1.0114695758/209.png"; bbox 0 0 4032 6220; ppageno 0'>
   <div class='ocr_carea' id='block_1_1' title="bbox 597 307 710 364">
    <p class='ocr_par' dir='ltr' id='par_1_1' title="bbox 597 307 710 364">
     <span class='ocr_line' id='line_1_1' title="bbox 597 307 710 364; baseline 0.027 -3"><span class='ocrx_word' id='word_1_1' title='bbox 597 307 710 364; x_wconf 88' lang='grc'>205</span> 
     </span>
    </p>
   </div>
   <div class='ocr_carea' id='block_1_2' title="bbox 584 421 2157 503">
    <p class='ocr_par' dir='ltr' id='par_1_2' title="bbox 584 421 2157 503">
     <span class='ocr_line' id='line_1_2' title="bbox 584 421 2157 503; baseline 0.007 -28"><span class='ocrx_word' id='word_1_2' title='bbox 584 421 670 475; x_wconf 85' lang='grc' dir='ltr'>Σὺ</span> <span class='ocrx_word' id='word_1_3' title='bbox 716 423 1012 492; x_wconf 75' lang='grc' dir='ltr'>,βασιλεὺς</span> <span class='ocrx_word' id='word_1_4' title='bbox 1065 427 1346 496; x_wconf 76' lang='grc' dir='ltr'>ἑθεώρεις,</span> <span class='ocrx_word' id='word_1_5' title='bbox 1397 433 1493 485; x_wconf 82' lang='grc' dir='ltr'>καί</span> <span class='ocrx_word' id='word_1_6' title='bbox 1555 431 1682 486; x_wconf 84' lang='grc' dir='ltr'>ἰδοὺ</span> <span class='ocrx_word' id='word_1_7' title='bbox 1740 433 1914 486; x_wconf 79' lang='grc' dir='ltr'>εἰκὼν</span> <span class='ocrx_word' id='word_1_8' title='bbox 1954 435 2082 503; x_wconf 81' lang='grc' dir='ltr'>μία,</span> <span class='ocrx_word' id='word_1_9' title='bbox 2119 435 2157 503; x_wconf 71' lang='grc' dir='ltr'><em>ἡ</em></span> 
     </span>
    </p>
   </div>
   <div class='ocr_carea' id='block_1_3' title="bbox 583 510 2158 590">
    <p class='ocr_par' dir='ltr' id='par_1_3' title="bbox 583 510 2158 590">
     <span class='ocr_line' id='line_1_3' title="bbox 583 510 2158 590; baseline 0.006 -26"><span class='ocrx_word' id='word_1_10' title='bbox 583 510 761 564; x_wconf 73' lang='grc' dir='ltr'>είκὼν</span> <span class='ocrx_word' id='word_1_11' title='bbox 817 512 1017 581; x_wconf 81' lang='grc' dir='ltr'>ἐκείνη</span> <span class='ocrx_word' id='word_1_12' title='bbox 1065 515 1322 584; x_wconf 78' lang='grc' dir='ltr'>μεγάλη,</span> <span class='ocrx_word' id='word_1_13' title='bbox 1370 517 1466 570; x_wconf 75' lang='grc' dir='ltr'>καὶ</span> <span class='ocrx_word' id='word_1_14' title='bbox 1517 521 1555 587; x_wconf 82' lang='grc' dir='ltr'><strong><em>ἠ</em></strong></span> <span class='ocrx_word' id='word_1_15' title='bbox 1626 523 1925 589; x_wconf 66' lang='grc' dir='ltr'>πρόσοψις</span> <span class='ocrx_word' id='word_1_16' title='bbox 1969 521 2158 590; x_wconf 78' lang='grc' dir='ltr'>αὐτῆς</span> 
     </span>
    </p>
   </div>
   <div class='ocr_carea' id='block_1_4' title="bbox 585 599 2158 678">
    <p class='ocr_par' dir='ltr' id='par_1_4' title="bbox 585 599 2158 678">
     <span class='ocr_line' id='line_1_4' title="bbox 585 599 2158 678; baseline 0.006 -26"><span class='ocrx_word' id='word_1_17' title='bbox 585 599 924 670; x_wconf 62' lang='grc' dir='ltr'>ὑπερφερὴς</span> <span class='ocrx_word' id='word_1_18' title='bbox 970 600 1209 656; x_wconf 79' lang='grc' dir='ltr'>ἑστῶσα</span> <span class='ocrx_word' id='word_1_19' title='bbox 1247 604 1359 672; x_wconf 76' lang='grc' dir='ltr'>πρὸ</span> <span class='ocrx_word' id='word_1_20' title='bbox 1404 605 1727 674; x_wconf 84' lang='grc' dir='ltr'>προσώπου</span> <span class='ocrx_word' id='word_1_21' title='bbox 1777 624 1914 671; x_wconf 88' lang='grc' dir='ltr'>σου,</span> <span class='ocrx_word' id='word_1_22' title='bbox 1969 607 2066 662; x_wconf 79' lang='grc' dir='ltr'>καί</span> <span class='ocrx_word' id='word_1_23' title='bbox 2120 611 2158 678; x_wconf 77' lang='grc' dir='ltr'>η</span> 
     </span>
    </p>
   </div>
   <div class='ocr_carea' id='block_1_5' title="bbox 586 685 2157 766">
    <p class='ocr_par' dir='ltr' id='par_1_5' title="bbox 586 685 2157 766">
     <span class='ocr_line' id='line_1_5' title="bbox 586 685 2157 766; baseline 0.01 -29"><span class='ocrx_word' id='word_1_24' title='bbox 586 685 794 752; x_wconf 76' lang='grc' dir='ltr'>ὅρασις</span> <span class='ocrx_word' id='word_1_25' title='bbox 813 689 1000 758; x_wconf 81' lang='grc' dir='ltr'>αὐτῆς</span> <span class='ocrx_word' id='word_1_26' title='bbox 1024 692 1258 760; x_wconf 62' lang='grc' dir='ltr'>φοϐερά.</span> <span class='ocrx_word' id='word_1_27' title='bbox 1282 694 1473 748; x_wconf 79' lang='grc' dir='ltr'>Εἱκὼν</span> <span class='ocrx_word' id='word_1_28' title='bbox 1492 692 1568 765; x_wconf 78' lang='grc' dir='ltr'>ἧς</span> <span class='ocrx_word' id='word_1_29' title='bbox 1591 697 1627 764; x_wconf 76' lang='grc' dir='ltr'><em>ἠ</em></span> <span class='ocrx_word' id='word_1_30' title='bbox 1655 697 1884 766; x_wconf 57' lang='grc' dir='ltr'>κερταίὴ</span> <span class='ocrx_word' id='word_1_31' title='bbox 1901 699 2157 766; x_wconf 83' lang='grc' dir='ltr'>χρυσίου</span> 
     </span>
    </p>
   </div>
   <div class='ocr_carea' id='block_1_6' title="bbox 585 777 2156 854">
    <p class='ocr_par' dir='ltr' id='par_1_6' title="bbox 585 777 2156 854">
     <span class='ocr_line' id='line_1_6' title="bbox 585 777 2156 854; baseline 0.01 -28"><span class='ocrx_word' id='word_1_32' title='bbox 585 777 874 844; x_wconf 76' lang='grc' dir='ltr'>καθαροῦο</span> <span class='ocrx_word' id='word_1_33' title='bbox 935 784 993 834; x_wconf 81' lang='grc' dir='ltr'>αἰ</span> <span class='ocrx_word' id='word_1_34' title='bbox 1038 781 1227 849; x_wconf 63' lang='grc' dir='ltr'>χεᾷσες</span> <span class='ocrx_word' id='word_1_35' title='bbox 1255 784 1444 852; x_wconf 82' lang='grc' dir='ltr'>αὐτῆς</span> <span class='ocrx_word' id='word_1_36' title='bbox 1485 785 1582 838; x_wconf 79' lang='grc' dir='ltr'>καὶ</span> <span class='ocrx_word' id='word_1_37' title='bbox 1613 786 1677 839; x_wconf 85' lang='grc' dir='ltr'>τὸ</span> <span class='ocrx_word' id='word_1_38' title='bbox 1709 785 1930 854; x_wconf 81' lang='grc' dir='ltr'>στῆθος</span> <span class='ocrx_word' id='word_1_39' title='bbox 1969 789 2067 840; x_wconf 83' lang='grc' dir='ltr'>καί</span> <span class='ocrx_word' id='word_1_40' title='bbox 2103 790 2156 841; x_wconf 87' lang='grc' dir='ltr'>οἰ</span> 
     </span>
    </p>
   </div>
   <div class='ocr_carea' id='block_1_7' title="bbox 577 864 2158 943">
    <p class='ocr_par' dir='ltr' id='par_1_7' title="bbox 577 864 2158 943">
     <span class='ocr_line' id='line_1_7' title="bbox 577 864 2158 943; baseline 0.01 -30"><span class='ocrx_word' id='word_1_41' title='bbox 577 864 905 931; x_wconf 76' lang='grc' dir='ltr'>,ϐραχίονες</span> <span class='ocrx_word' id='word_1_42' title='bbox 929 869 1117 936; x_wconf 84' lang='grc' dir='ltr'>αὐτῆς</span> <span class='ocrx_word' id='word_1_43' title='bbox 1150 871 1400 938; x_wconf 75' lang='grc' dir='ltr'>ἀργυροῖ</span> <span class='ocrx_word' id='word_1_44' title='bbox 1418 890 1432 903; x_wconf 78' lang='grc'><strong>’</strong></span> <span class='ocrx_word' id='word_1_45' title='bbox 1468 874 1506 940; x_wconf 78' lang='grc' dir='ltr'>ἡ</span> <span class='ocrx_word' id='word_1_46' title='bbox 1532 875 1728 927; x_wconf 73' lang='grc' dir='ltr'>κοιλία</span> <span class='ocrx_word' id='word_1_47' title='bbox 1752 874 1942 943; x_wconf 87' lang='grc' dir='ltr'>αὐτῆς</span> <span class='ocrx_word' id='word_1_48' title='bbox 1974 876 2071 928; x_wconf 84' lang='grc' dir='ltr'>καί</span> <span class='ocrx_word' id='word_1_49' title='bbox 2104 879 2158 930; x_wconf 77' lang='grc' dir='ltr'>οἱ</span> 
     </span>
    </p>
   </div>
   <div class='ocr_carea' id='block_1_8' title="bbox 578 951 2158 1032">
    <p class='ocr_par' dir='ltr' id='par_1_8' title="bbox 578 951 2158 1032">
     <span class='ocr_line' id='line_1_8' title="bbox 578 951 2158 1032; baseline 0.008 -28"><span class='ocrx_word' id='word_1_50' title='bbox 578 951 759 1018; x_wconf 82' lang='grc' dir='ltr'>μηρσί</span> <span class='ocrx_word' id='word_1_51' title='bbox 786 955 1034 1021; x_wconf 74' lang='grc' dir='ltr'>χαλκοῖ·</span> <span class='ocrx_word' id='word_1_52' title='bbox 1078 960 1137 1009; x_wconf 87' lang='grc' dir='ltr'>αἰ</span> <span class='ocrx_word' id='word_1_53' title='bbox 1161 956 1381 1026; x_wconf 63' lang='grc' dir='ltr'>κνῆμαι</span> <span class='ocrx_word' id='word_1_54' title='bbox 1400 959 1672 1028; x_wconf 84' lang='grc' dir='ltr'>σιδηραῖ·</span> <span class='ocrx_word' id='word_1_55' title='bbox 1705 964 1759 1014; x_wconf 80' lang='grc' dir='ltr'>οἱ</span> <span class='ocrx_word' id='word_1_56' title='bbox 1781 963 1960 1028; x_wconf 81' lang='grc' dir='ltr'>πόδες</span> <span class='ocrx_word' id='word_1_57' title='bbox 1977 962 2158 1032; x_wconf 79' lang='grc' dir='ltr'>μέρος</span> 
     </span>
    </p>
   </div>
   <div class='ocr_carea' id='block_1_9' title="bbox 578 1038 2157 1122">
    <p class='ocr_par' dir='ltr' id='par_1_9' title="bbox 578 1038 2157 1122">
     <span class='ocr_line' id='line_1_9' title="bbox 578 1038 2157 1122; baseline 0.009 -32"><span class='ocrx_word' id='word_1_58' title='bbox 578 1038 694 1105; x_wconf 79' lang='grc' dir='ltr'>μέν</span> <span class='ocrx_word' id='word_1_59' title='bbox 738 1057 791 1093; x_wconf 85' lang='grc' dir='ltr'>τι</span> <span class='ocrx_word' id='word_1_60' title='bbox 827 1042 1142 1111; x_wconf 83' lang='grc' dir='ltr'>σιδηροῦν.</span> <span class='ocrx_word' id='word_1_61' title='bbox 1181 1045 1360 1113; x_wconf 79' lang='grc' dir='ltr'>μέρος</span> <span class='ocrx_word' id='word_1_62' title='bbox 1390 1045 1455 1099; x_wconf 82' lang='grc' dir='ltr'><em>δέ</em></span> <span class='ocrx_word' id='word_1_63' title='bbox 1490 1065 1541 1100; x_wconf 83' lang='grc' dir='ltr'>τι</span> <span class='ocrx_word' id='word_1_64' title='bbox 1578 1049 1953 1116; x_wconf 79' lang='grc' dir='ltr'>όστράκινον.</span> <span class='ocrx_word' id='word_1_65' title='bbox 2016 1051 2157 1122; x_wconf 84' lang='grc' dir='ltr'>Ὅρα</span> 
     </span>
    </p>
   </div>
   <div class='ocr_carea' id='block_1_10' title="bbox 584 1125 2157 1210">
    <p class='ocr_par' dir='ltr' id='par_1_10' title="bbox 584 1125 2157 1210">
     <span class='ocr_line' id='line_1_10' title="bbox 584 1125 2157 1210; baseline 0.011 -34"><span class='ocrx_word' id='word_1_66' title='bbox 584 1125 742 1189; x_wconf 90' lang='grc' dir='ltr'>ποίας</span> <span class='ocrx_word' id='word_1_67' title='bbox 785 1127 960 1196; x_wconf 57' lang='grc' dir='ltr'>ἆᾷεως</span> <span class='ocrx_word' id='word_1_68' title='bbox 1009 1130 1212 1201; x_wconf 70' lang='grc' dir='ltr'>ἠξιώθη</span> <span class='ocrx_word' id='word_1_69' title='bbox 1249 1132 1732 1207; x_wconf 80' lang='grc' dir='ltr'>Ναϐουχοδονόσορ.</span> <span class='ocrx_word' id='word_1_70' title='bbox 1790 1137 2008 1210; x_wconf 83' lang='grc' dir='ltr'>Ἐπειδὴ</span> <span class='ocrx_word' id='word_1_71' title='bbox 2052 1139 2157 1209; x_wconf 85' lang='grc' dir='ltr'>γὰρ</span> 
     </span>
    </p>
   </div>
   <div class='ocr_carea' id='block_1_11' title="bbox 583 1211 2158 1297">
    <p class='ocr_par' dir='ltr' id='par_1_11' title="bbox 583 1211 2158 1297">
     <span class='ocr_line' id='line_1_11' title="bbox 583 1211 2158 1297; baseline 0.011 -34"><span class='ocrx_word' id='word_1_72' title='bbox 583 1211 804 1282; x_wconf 75' lang='grc' dir='ltr'>ἔμελλεν</span> <span class='ocrx_word' id='word_1_73' title='bbox 846 1217 924 1278; x_wconf 86' lang='grc' dir='ltr'>εἰς</span> <span class='ocrx_word' id='word_1_74' title='bbox 971 1216 1094 1288; x_wconf 78' lang='grc' dir='ltr'>ἔθνη</span> <span class='ocrx_word' id='word_1_75' title='bbox 1127 1219 1186 1271; x_wconf 88' lang='grc' dir='ltr'>τὸ</span> <span class='ocrx_word' id='word_1_76' title='bbox 1231 1222 1488 1292; x_wconf 75' lang='grc' dir='ltr'>κήρυγμα</span> <span class='ocrx_word' id='word_1_77' title='bbox 1529 1223 1874 1290; x_wconf 79' lang='grc' dir='ltr'>διαδίδοσθαι,</span> <span class='ocrx_word' id='word_1_78' title='bbox 1921 1243 2158 1297; x_wconf 83' lang='grc' dir='ltr'>προανα-</span> 
     </span>
    </p>
   </div>
   <div class='ocr_carea' id='block_1_12' title="bbox 583 1301 2156 1382">
    <p class='ocr_par' dir='ltr' id='par_1_12' title="bbox 583 1301 2156 1382">
     <span class='ocr_line' id='line_1_12' title="bbox 583 1301 2156 1382; baseline 0.011 -31"><span class='ocrx_word' id='word_1_79' title='bbox 583 1301 835 1371; x_wconf 87' lang='grc' dir='ltr'>κρούεται</span> <span class='ocrx_word' id='word_1_80' title='bbox 863 1304 1018 1356; x_wconf 84' lang='grc' dir='ltr'>τοῦτο</span> <span class='ocrx_word' id='word_1_81' title='bbox 1042 1306 1247 1360; x_wconf 81' lang='grc' dir='ltr'>ἄνωθεν</span> <span class='ocrx_word' id='word_1_82' title='bbox 1293 1307 1390 1379; x_wconf 82' lang='grc' dir='ltr'>τὴν</span> <span class='ocrx_word' id='word_1_83' title='bbox 1433 1309 1650 1381; x_wconf 80' lang='grc' dir='ltr'>ἐθνικὴν</span> <span class='ocrx_word' id='word_1_84' title='bbox 1681 1312 1975 1382; x_wconf 80' lang='grc' dir='ltr'>παράδοσιν</span> <span class='ocrx_word' id='word_1_85' title='bbox 1998 1331 2013 1346; x_wconf 77' lang='grc' dir='ltr'><strong><em>ο</em></strong></span> <span class='ocrx_word' id='word_1_86' title='bbox 2061 1316 2156 1368; x_wconf 78' lang='grc' dir='ltr'>καὶ</span> 
     </span>
    </p>
   </div>
   <div class='ocr_carea' id='block_1_13' title="bbox 581 1388 2155 1467">
    <p class='ocr_par' dir='ltr' id='par_1_13' title="bbox 581 1388 2155 1467">
     <span class='ocr_line' id='line_1_13' title="bbox 581 1388 2155 1467; baseline 0.011 -27"><span class='ocrx_word' id='word_1_87' title='bbox 581 1390 640 1440; x_wconf 89' lang='grc' dir='ltr'>ἐν</span> <span class='ocrx_word' id='word_1_88' title='bbox 667 1388 850 1461; x_wconf 79' lang='grc' dir='ltr'>ἐθνικῇ</span> <span class='ocrx_word' id='word_1_89' title='bbox 881 1393 1036 1446; x_wconf 81' lang='grc' dir='ltr'>τοῦτο</span> <span class='ocrx_word' id='word_1_90' title='bbox 1061 1394 1270 1465; x_wconf 86' lang='grc' dir='ltr'>ὁρᾶται,</span> <span class='ocrx_word' id='word_1_91' title='bbox 1305 1397 1397 1450; x_wconf 89' lang='grc' dir='ltr'>τοῦ</span> <span class='ocrx_word' id='word_1_92' title='bbox 1429 1398 1558 1452; x_wconf 97' lang='grc' dir='ltr'>ναοῦ</span> <span class='ocrx_word' id='word_1_93' title='bbox 1600 1401 2008 1467; x_wconf 80' lang='grc' dir='ltr'>καταλυθέντος,</span> <span class='ocrx_word' id='word_1_94' title='bbox 2049 1405 2155 1460; x_wconf 89' lang='grc' dir='ltr'>τῶν</span> 
     </span>
    </p>
   </div>
   <div class='ocr_carea' id='block_1_14' title="bbox 579 1478 2156 1563">
    <p class='ocr_par' dir='ltr' id='par_1_14' title="bbox 579 1478 2156 1563">
     <span class='ocr_line' id='line_1_14' title="bbox 579 1478 2156 1563; baseline 0.011 -33"><span class='ocrx_word' id='word_1_95' title='bbox 579 1478 817 1548; x_wconf 82' lang='grc' dir='ltr'>νομικῶν</span> <span class='ocrx_word' id='word_1_96' title='bbox 850 1481 1226 1552; x_wconf 84' lang='grc' dir='ltr'>ἀνῃρημένων.</span> <span class='ocrx_word' id='word_1_97' title='bbox 1271 1485 1414 1556; x_wconf 82' lang='grc' dir='ltr'>Πλὴν</span> <span class='ocrx_word' id='word_1_98' title='bbox 1444 1487 1530 1540; x_wconf 77' lang='grc' dir='ltr'>διὰ</span> <span class='ocrx_word' id='word_1_99' title='bbox 1574 1488 1834 1558; x_wconf 84' lang='grc' dir='ltr'>Ἐϐραίων</span> <span class='ocrx_word' id='word_1_100' title='bbox 1860 1493 2156 1563; x_wconf 81' lang='grc' dir='ltr'>ἑρμηνεύε-</span> 
     </span>
    </p>
   </div>
   <div class='ocr_carea' id='block_1_15' title="bbox 578 1567 2154 1644">
    <p class='ocr_par' dir='ltr' id='par_1_15' title="bbox 578 1567 2154 1644">
     <span class='ocr_line' id='line_1_15' title="bbox 578 1567 2154 1644; baseline 0.01 -26"><span class='ocrx_word' id='word_1_101' title='bbox 578 1583 688 1620; x_wconf 89' lang='grc' dir='ltr'>ται,</span> <span class='ocrx_word' id='word_1_102' title='bbox 720 1567 782 1619; x_wconf 86' lang='grc' dir='ltr'>Εἰ</span> <span class='ocrx_word' id='word_1_103' title='bbox 812 1567 919 1638; x_wconf 78' lang='grc' dir='ltr'>γὰρ</span> <span class='ocrx_word' id='word_1_104' title='bbox 945 1570 1131 1633; x_wconf 69' lang='grc' dir='ltr'>καὶείς</span> <span class='ocrx_word' id='word_1_105' title='bbox 1161 1569 1404 1636; x_wconf 81' lang='grc' dir='ltr'>ἐθνικοὺς</span> <span class='ocrx_word' id='word_1_106' title='bbox 1426 1573 1614 1644; x_wconf 86' lang='grc' dir='ltr'>έμελλε</span> <span class='ocrx_word' id='word_1_107' title='bbox 1648 1575 1990 1643; x_wconf 78' lang='grc' dir='ltr'>διαδίδοσθαι,</span> <span class='ocrx_word' id='word_1_108' title='bbox 2017 1581 2154 1634; x_wconf 85' lang='grc' dir='ltr'>ἀλλά</span> 
     </span>
    </p>
   </div>
   <div class='ocr_carea' id='block_1_16' title="bbox 577 1653 2155 1727">
    <p class='ocr_par' dir='ltr' id='par_1_16' title="bbox 577 1653 2155 1727">
     <span class='ocr_line' id='line_1_16' title="bbox 577 1653 2155 1727; baseline 0.01 -21"><span class='ocrx_word' id='word_1_109' title='bbox 577 1653 667 1706; x_wconf 73' lang='grc' dir='ltr'>διὰ</span> <span class='ocrx_word' id='word_1_110' title='bbox 711 1653 971 1725; x_wconf 86' lang='grc' dir='ltr'>Ἐϐραίων</span> <span class='ocrx_word' id='word_1_111' title='bbox 1000 1657 1228 1727; x_wconf 82' lang='grc' dir='ltr'>ἀνδρῶν,</span> <span class='ocrx_word' id='word_1_112' title='bbox 1261 1658 1366 1711; x_wconf 88' lang='grc' dir='ltr'>τῶν</span> <span class='ocrx_word' id='word_1_113' title='bbox 1391 1662 1718 1716; x_wconf 87' lang='grc' dir='ltr'>ἀποστόλων.</span> <span class='ocrx_word' id='word_1_114' title='bbox 1736 1665 1906 1718; x_wconf 84' lang='grc' dir='ltr'>Τοῦτο</span> <span class='ocrx_word' id='word_1_115' title='bbox 1937 1669 2031 1720; x_wconf 76' lang='grc' dir='ltr'>καὶ</span> <span class='ocrx_word' id='word_1_116' title='bbox 2062 1669 2155 1722; x_wconf 78' lang='grc' dir='ltr'>ἐπὶ</span> 
     </span>
    </p>
   </div>
   <div class='ocr_carea' id='block_1_17' title="bbox 576 1740 2155 1827">
    <p class='ocr_par' dir='ltr' id='par_1_17' title="bbox 576 1740 2155 1827">
     <span class='ocr_line' id='line_1_17' title="bbox 576 1740 2155 1827; baseline 0.011 -33"><span class='ocrx_word' id='word_1_117' title='bbox 576 1740 672 1795; x_wconf 86' lang='grc' dir='ltr'>τοῦ</span> <span class='ocrx_word' id='word_1_118' title='bbox 726 1743 1024 1813; x_wconf 76' lang='grc' dir='ltr'>Κορνηλίου</span> <span class='ocrx_word' id='word_1_119' title='bbox 1067 1745 1280 1812; x_wconf 88' lang='grc' dir='ltr'>γέγονε.</span> <span class='ocrx_word' id='word_1_120' title='bbox 1331 1748 1707 1820; x_wconf 86' lang='grc' dir='ltr'>Προλαμϐἀνει</span> <span class='ocrx_word' id='word_1_121' title='bbox 1754 1755 1824 1807; x_wconf 82' lang='grc' dir='ltr'>τὰ</span> <span class='ocrx_word' id='word_1_122' title='bbox 1865 1754 2011 1827; x_wconf 77' lang='grc' dir='ltr'>ἔθνη,</span> <span class='ocrx_word' id='word_1_123' title='bbox 2060 1759 2155 1811; x_wconf 79' lang='grc' dir='ltr'>καὶ</span> 
     </span>
    </p>
   </div>
   <div class='ocr_carea' id='block_1_18' title="bbox 577 1830 2152 1917">
    <p class='ocr_par' dir='ltr' id='par_1_18' title="bbox 577 1830 2152 1917">
     <span class='ocr_line' id='line_1_18' title="bbox 577 1830 2152 1917; baseline 0.011 -35"><span class='ocrx_word' id='word_1_124' title='bbox 577 1830 678 1917; x_wconf 54' lang='grc' dir='ltr'>οῦκ</span> <span class='ocrx_word' id='word_1_125' title='bbox 710 1831 1007 1885; x_wconf 79' lang='grc' dir='ltr'>ἀκολουθεῖ.</span> <span class='ocrx_word' id='word_1_126' title='bbox 1032 1833 1186 1890; x_wconf 79' lang='grc' dir='ltr'>Οὕτω</span> <span class='ocrx_word' id='word_1_127' title='bbox 1218 1837 1310 1890; x_wconf 73' lang='grc' dir='ltr'>καὶ</span> <span class='ocrx_word' id='word_1_128' title='bbox 1334 1838 1568 1894; x_wconf 85' lang='grc' dir='ltr'>ἐνταῦθα</span> <span class='ocrx_word' id='word_1_129' title='bbox 1602 1841 1701 1912; x_wconf 86' lang='grc' dir='ltr'>τὴν</span> <span class='ocrx_word' id='word_1_130' title='bbox 1730 1843 1912 1898; x_wconf 80' lang='grc' dir='ltr'>εἰκόνα</span> <span class='ocrx_word' id='word_1_131' title='bbox 1939 1847 2152 1917; x_wconf 87' lang='grc' dir='ltr'>πρῶτος</span> 
     </span>
    </p>
   </div>
   <div class='ocr_carea' id='block_1_19' title="bbox 577 1912 2150 2001">
    <p class='ocr_par' dir='ltr' id='par_1_19' title="bbox 577 1912 2150 2001">
     <span class='ocr_line' id='line_1_19' title="bbox 577 1912 2150 2001; baseline 0.013 -33"><span class='ocrx_word' id='word_1_132' title='bbox 577 1912 717 1973; x_wconf 77' lang='grc' dir='ltr'>εἶδεν</span> <span class='ocrx_word' id='word_1_133' title='bbox 750 1919 778 1970; x_wconf 85' lang='grc' dir='ltr'>ὁ</span> <span class='ocrx_word' id='word_1_134' title='bbox 805 1919 1287 1996; x_wconf 86' lang='grc' dir='ltr'>Ναϐουχοδονόσορ,</span> <span class='ocrx_word' id='word_1_135' title='bbox 1326 1925 1426 1996; x_wconf 82' lang='grc' dir='ltr'>τὴν</span> <span class='ocrx_word' id='word_1_136' title='bbox 1461 1926 1520 1980; x_wconf 84' lang='grc' dir='ltr'>δὲ</span> <span class='ocrx_word' id='word_1_137' title='bbox 1562 1929 1762 1995; x_wconf 86' lang='grc' dir='ltr'>γνῶσιν</span> <span class='ocrx_word' id='word_1_138' title='bbox 1805 1912 2016 2001; x_wconf 74' lang='grc' dir='ltr'>πρῶτος</span> <span class='ocrx_word' id='word_1_139' title='bbox 2046 1931 2150 1988; x_wconf 72' lang='grc' dir='ltr'>εἶδε</span> 
     </span>
    </p>
   </div>
   <div class='ocr_carea' id='block_1_20' title="bbox 578 2005 2151 2092">
    <p class='ocr_par' dir='ltr' id='par_1_20' title="bbox 578 2005 2151 2092">
     <span class='ocr_line' id='line_1_20' title="bbox 578 2005 2151 2092; baseline 0.013 -36"><span class='ocrx_word' id='word_1_140' title='bbox 578 2005 790 2076; x_wconf 84' lang='grc' dir='ltr'>Δανιήλ.</span> <span class='ocrx_word' id='word_1_141' title='bbox 825 2007 933 2061; x_wconf 73' lang='grc' dir='ltr'>Καὶ</span> <span class='ocrx_word' id='word_1_142' title='bbox 950 2009 1014 2060; x_wconf 80' lang='grc' dir='ltr'>ἵν’</span> <span class='ocrx_word' id='word_1_143' title='bbox 1041 2011 1184 2080; x_wconf 82' lang='grc' dir='ltr'>εἰδῇς</span> <span class='ocrx_word' id='word_1_144' title='bbox 1222 2013 1301 2065; x_wconf 84' lang='grc' dir='ltr'>ὅτι</span> <span class='ocrx_word' id='word_1_145' title='bbox 1345 2014 1440 2066; x_wconf 70' lang='grc' dir='ltr'>καὶ</span> <span class='ocrx_word' id='word_1_146' title='bbox 1477 2017 1682 2084; x_wconf 86' lang='grc' dir='ltr'>πρῶτοι</span> <span class='ocrx_word' id='word_1_147' title='bbox 1727 2019 1820 2071; x_wconf 82' lang='grc' dir='ltr'>καὶ</span> <span class='ocrx_word' id='word_1_148' title='bbox 1849 2020 2063 2092; x_wconf 82' lang='grc' dir='ltr'>ὕστεροι</span> <span class='ocrx_word' id='word_1_149' title='bbox 2104 2025 2151 2077; x_wconf 83' lang='grc' dir='ltr'>οί</span> 
     </span>
    </p>
   </div>
   <div class='ocr_carea' id='block_1_21' title="bbox 589 2093 2151 2177">
    <p class='ocr_par' dir='ltr' id='par_1_21' title="bbox 589 2093 2151 2177">
     <span class='ocr_line' id='line_1_21' title="bbox 589 2093 2151 2177; baseline 0.012 -34"><span class='ocrx_word' id='word_1_150' title='bbox 589 2093 847 2147; x_wconf 63' lang='grc' dir='ltr'>Ἰουδαῖον</span> <span class='ocrx_word' id='word_1_151' title='bbox 874 2095 1166 2166; x_wconf 82' lang='grc' dir='ltr'>πρῶτοιτά</span> <span class='ocrx_word' id='word_1_152' title='bbox 1199 2100 1377 2167; x_wconf 85' lang='grc' dir='ltr'>ἀγαθά</span> <span class='ocrx_word' id='word_1_153' title='bbox 1411 2101 1619 2167; x_wconf 77' lang='grc' dir='ltr'>ἔλαϐον,</span> <span class='ocrx_word' id='word_1_154' title='bbox 1639 2103 1771 2157; x_wconf 90' lang='grc' dir='ltr'>ἀλλά</span> <span class='ocrx_word' id='word_1_155' title='bbox 1804 2107 1905 2160; x_wconf 83' lang='grc' dir='ltr'>οὐκ</span> <span class='ocrx_word' id='word_1_156' title='bbox 1935 2109 2151 2177; x_wconf 68' lang='grc' dir='ltr'>ᾔδεισαν</span> 
     </span>
    </p>
   </div>
   <div class='ocr_carea' id='block_1_22' title="bbox 573 2179 2149 2263">
    <p class='ocr_par' dir='ltr' id='par_1_22' title="bbox 573 2179 2149 2263">
     <span class='ocr_line' id='line_1_22' title="bbox 573 2179 2149 2263; baseline 0.011 -32"><span class='ocrx_word' id='word_1_157' title='bbox 573 2180 710 2250; x_wconf 77' lang='grc' dir='ltr'>ὅπερ</span> <span class='ocrx_word' id='word_1_158' title='bbox 739 2179 947 2246; x_wconf 74' lang='grc' dir='ltr'>ἔλαϐον,</span> <span class='ocrx_word' id='word_1_159' title='bbox 989 2185 1073 2239; x_wconf 61' lang='grc' dir='ltr'>ἵνα</span> <span class='ocrx_word' id='word_1_160' title='bbox 1108 2185 1218 2239; x_wconf 80' lang='grc' dir='ltr'>ἴσον</span> <span class='ocrx_word' id='word_1_161' title='bbox 1244 2187 1486 2258; x_wconf 83' lang='grc' dir='ltr'>γένηται.</span> <span class='ocrx_word' id='word_1_162' title='bbox 1533 2189 1686 2242; x_wconf 74' lang='grc' dir='ltr'>Οὕτω</span> <span class='ocrx_word' id='word_1_163' title='bbox 1723 2193 1883 2244; x_wconf 80' lang='grc' dir='ltr'>κάκεῖ</span> <span class='ocrx_word' id='word_1_164' title='bbox 1921 2195 2026 2263; x_wconf 87' lang='grc' dir='ltr'>πρὸ</span> <span class='ocrx_word' id='word_1_165' title='bbox 2058 2196 2149 2249; x_wconf 88' lang='grc' dir='ltr'>τοῦ</span> 
     </span>
    </p>
   </div>
   <div class='ocr_carea' id='block_1_23' title="bbox 577 2267 2152 2346">
    <p class='ocr_par' dir='ltr' id='par_1_23' title="bbox 577 2267 2152 2346">
     <span class='ocr_line' id='line_1_23' title="bbox 577 2267 2152 2346; baseline 0.011 -27"><span class='ocrx_word' id='word_1_166' title='bbox 577 2267 946 2339; x_wconf 77' lang='grc' dir='ltr'>βαπτίσματος</span> <span class='ocrx_word' id='word_1_167' title='bbox 993 2274 1403 2345; x_wconf 78' lang='grc' dir='ltr'>κατηξιώθησαν</span> <span class='ocrx_word' id='word_1_168' title='bbox 1463 2277 1800 2346; x_wconf 85' lang='grc' dir='ltr'>Πνεύματος.</span> <span class='ocrx_word' id='word_1_169' title='bbox 1851 2281 2005 2334; x_wconf 71' lang='grc' dir='ltr'>Οὕτω</span> <span class='ocrx_word' id='word_1_170' title='bbox 2058 2285 2152 2337; x_wconf 80' lang='grc' dir='ltr'>καὶ</span> 
     </span>
    </p>
   </div>
   <div class='ocr_carea' id='block_1_24' title="bbox 574 2355 2148 2436">
    <p class='ocr_par' dir='ltr' id='par_1_24' title="bbox 574 2355 2148 2436">
     <span class='ocr_line' id='line_1_24' title="bbox 574 2355 2148 2436; baseline 0.01 -30"><span class='ocrx_word' id='word_1_171' title='bbox 574 2355 665 2408; x_wconf 77' lang='grc' dir='ltr'>ἐπὶ</span> <span class='ocrx_word' id='word_1_172' title='bbox 731 2358 978 2429; x_wconf 80' lang='grc' dir='ltr'>’Λϐραάμ</span> <span class='ocrx_word' id='word_1_173' title='bbox 1026 2360 1216 2432; x_wconf 80' lang='grc' dir='ltr'>πρώτη</span> <span class='ocrx_word' id='word_1_174' title='bbox 1261 2365 1293 2432; x_wconf 82' lang='grc' dir='ltr'>ἡ</span> <span class='ocrx_word' id='word_1_175' title='bbox 1335 2364 1542 2434; x_wconf 79' lang='grc' dir='ltr'>πληθὺς</span> <span class='ocrx_word' id='word_1_176' title='bbox 1584 2365 1770 2436; x_wconf 85' lang='grc' dir='ltr'>ἐκείνη</span> <span class='ocrx_word' id='word_1_177' title='bbox 1805 2367 1911 2421; x_wconf 89' lang='grc' dir='ltr'>τῶν</span> <span class='ocrx_word' id='word_1_178' title='bbox 1961 2370 2148 2435; x_wconf 84' lang='grc' dir='ltr'>ἐθνῶν,</span> 
     </span>
    </p>
   </div>
   <div class='ocr_carea' id='block_1_25' title="bbox 574 2443 2151 2525">
    <p class='ocr_par' dir='ltr' id='par_1_25' title="bbox 574 2443 2151 2525">
     <span class='ocr_line' id='line_1_25' title="bbox 574 2443 2151 2525; baseline 0.008 -30"><span class='ocrx_word' id='word_1_179' title='bbox 574 2443 774 2516; x_wconf 85' lang='grc' dir='ltr'>ὑστέρα</span> <span class='ocrx_word' id='word_1_180' title='bbox 800 2446 856 2498; x_wconf 82' lang='grc' dir='ltr'>δὲ</span> <span class='ocrx_word' id='word_1_181' title='bbox 886 2449 915 2514; x_wconf 80' lang='grc' dir='ltr'>ὴ</span> <span class='ocrx_word' id='word_1_182' title='bbox 950 2451 1218 2520; x_wconf 82' lang='grc' dir='ltr'>περιτομή</span> <span class='ocrx_word' id='word_1_183' title='bbox 1245 2467 1258 2481; x_wconf 89' lang='grc'><strong>·</strong></span> <span class='ocrx_word' id='word_1_184' title='bbox 1305 2451 1440 2504; x_wconf 76' lang='grc' dir='ltr'>ἀλλὰ</span> <span class='ocrx_word' id='word_1_185' title='bbox 1467 2453 1556 2506; x_wconf 73' lang='grc' dir='ltr'>διὰ</span> <span class='ocrx_word' id='word_1_186' title='bbox 1591 2455 1887 2524; x_wconf 83' lang='grc' dir='ltr'>περιτομῆς</span> <span class='ocrx_word' id='word_1_187' title='bbox 1913 2457 1945 2525; x_wconf 80' lang='grc' dir='ltr'>ἡ</span> <span class='ocrx_word' id='word_1_188' title='bbox 1977 2473 2151 2525; x_wconf 71' lang='grc' dir='ltr'>σωτηο</span> 
     </span>
    </p>
   </div>
   <div class='ocr_carea' id='block_1_26' title="bbox 574 2527 2146 2612">
    <p class='ocr_par' dir='ltr' id='par_1_26' title="bbox 574 2527 2146 2612">
     <span class='ocr_line' id='line_1_26' title="bbox 574 2527 2146 2612; baseline 0.008 -29"><span class='ocrx_word' id='word_1_189' title='bbox 574 2532 686 2601; x_wconf 89' lang='grc' dir='ltr'>ρία.</span> <span class='ocrx_word' id='word_1_190' title='bbox 721 2527 886 2586; x_wconf 84' lang='grc' dir='ltr'>Εἶπον</span> <span class='ocrx_word' id='word_1_191' title='bbox 915 2534 1092 2589; x_wconf 76' lang='grc' dir='ltr'>ταῦτα,</span> <span class='ocrx_word' id='word_1_192' title='bbox 1130 2538 1387 2607; x_wconf 80' lang='grc' dir='ltr'>μυριάκις</span> <span class='ocrx_word' id='word_1_193' title='bbox 1442 2541 1492 2592; x_wconf 81' lang='grc' dir='ltr'>οῖ</span> <span class='ocrx_word' id='word_1_194' title='bbox 1543 2545 1815 2612; x_wconf 80' lang='grc' dir='ltr'>προφῆται</span> <span class='ocrx_word' id='word_1_195' title='bbox 1856 2545 1967 2606; x_wconf 85' lang='grc' dir='ltr'>τοῖς</span> <span class='ocrx_word' id='word_1_196' title='bbox 2018 2544 2146 2596; x_wconf 84' lang='grc' dir='ltr'>’1ου-</span> 
     </span>
    </p>
   </div>
   <div class='ocr_carea' id='block_1_27' title="bbox 570 2617 2149 2697">
    <p class='ocr_par' dir='ltr' id='par_1_27' title="bbox 570 2617 2149 2697">
     <span class='ocr_line' id='line_1_27' title="bbox 570 2617 2149 2697; baseline 0.008 -27"><span class='ocrx_word' id='word_1_197' title='bbox 570 2617 760 2683; x_wconf 88' lang='grc' dir='ltr'>δαίοις,</span> <span class='ocrx_word' id='word_1_198' title='bbox 794 2622 888 2675; x_wconf 77' lang='grc' dir='ltr'>καί¹</span> <span class='ocrx_word' id='word_1_199' title='bbox 932 2625 980 2675; x_wconf 86' lang='grc' dir='ltr'>εἰ</span> <span class='ocrx_word' id='word_1_200' title='bbox 1030 2624 1102 2696; x_wconf 82' lang='grc' dir='ltr'>μὴ</span> <span class='ocrx_word' id='word_1_201' title='bbox 1148 2625 1315 2695; x_wconf 84' lang='grc' dir='ltr'>πολλὴ</span> <span class='ocrx_word' id='word_1_202' title='bbox 1348 2627 1478 2696; x_wconf 87' lang='grc' dir='ltr'>παρ’</span> <span class='ocrx_word' id='word_1_203' title='bbox 1525 2628 1653 2695; x_wconf 80' lang='grc' dir='ltr'>ὑμῖν</span> <span class='ocrx_word' id='word_1_204' title='bbox 1701 2631 1733 2697; x_wconf 88' lang='grc' dir='ltr'><strong>ἠ</strong></span> <span class='ocrx_word' id='word_1_205' title='bbox 1788 2629 2002 2695; x_wconf 87' lang='grc' dir='ltr'>νωθεία,</span> <span class='ocrx_word' id='word_1_206' title='bbox 2049 2631 2149 2684; x_wconf 74' lang='grc' dir='ltr'>κᾶν</span> 
     </span>
    </p>
   </div>
   <div class='ocr_carea' id='block_1_28' title="bbox 571 2706 2146 2785">
    <p class='ocr_par' dir='ltr' id='par_1_28' title="bbox 571 2706 2146 2785">
     <span class='ocr_line' id='line_1_28' title="bbox 571 2706 2146 2785; baseline 0.006 -27"><span class='ocrx_word' id='word_1_207' title='bbox 571 2706 896 2777; x_wconf 74' lang='grc' dir='ltr'>ἐξεκάλυψα,</span> <span class='ocrx_word' id='word_1_208' title='bbox 923 2710 1025 2763; x_wconf 89' lang='grc' dir='ltr'>ποῦ</span> <span class='ocrx_word' id='word_1_209' title='bbox 1055 2711 1149 2763; x_wconf 72' lang='grc' dir='ltr'>καὶ</span> <span class='ocrx_word' id='word_1_210' title='bbox 1182 2712 1331 2764; x_wconf 84' lang='grc' dir='ltr'>πότε.</span> <span class='ocrx_word' id='word_1_211' title='bbox 1379 2713 1594 2783; x_wconf 78' lang='grc' dir='ltr'>Ἐπειδὴ</span> <span class='ocrx_word' id='word_1_212' title='bbox 1626 2714 1682 2766; x_wconf 86' lang='grc' dir='ltr'>δὲ</span> <span class='ocrx_word' id='word_1_213' title='bbox 1733 2715 1793 2766; x_wconf 84' lang='grc' dir='ltr'>οὐ</span> <span class='ocrx_word' id='word_1_214' title='bbox 1840 2718 2146 2785; x_wconf 75' lang='grc' dir='ltr'>προσεῖχον,</span> 
     </span>
    </p>
   </div>
   <div class='ocr_carea' id='block_1_29' title="bbox 574 2795 2147 2868">
    <p class='ocr_par' dir='ltr' id='par_1_29' title="bbox 574 2795 2147 2868">
     <span class='ocr_line' id='line_1_29' title="bbox 574 2795 2147 2868; baseline 0.007 -23"><span class='ocrx_word' id='word_1_215' title='bbox 574 2795 887 2864; x_wconf 85' lang='grc' dir='ltr'>μεταϐαίνει</span> <span class='ocrx_word' id='word_1_216' title='bbox 931 2799 1010 2860; x_wconf 84' lang='grc' dir='ltr'>εἰς</span> <span class='ocrx_word' id='word_1_217' title='bbox 1047 2797 1114 2850; x_wconf 87' lang='grc' dir='ltr'>τά</span> <span class='ocrx_word' id='word_1_218' title='bbox 1156 2798 1280 2868; x_wconf 78' lang='grc' dir='ltr'>ἔθνη</span> <span class='ocrx_word' id='word_1_219' title='bbox 1327 2800 1531 2853; x_wconf 90' lang='grc' dir='ltr'>λοιπόν.</span> <span class='ocrx_word' id='word_1_220' title='bbox 1597 2801 1907 2866; x_wconf 78' lang='grc' dir='ltr'>Ἀκούοντες</span> <span class='ocrx_word' id='word_1_221' title='bbox 1953 2804 2147 2857; x_wconf 86' lang='grc' dir='ltr'>ἐκεῖνοι</span> 
     </span>
    </p>
   </div>
   <div class='ocr_carea' id='block_1_30' title="bbox 569 2882 2149 2957">
    <p class='ocr_par' dir='ltr' id='par_1_30' title="bbox 569 2882 2149 2957">
     <span class='ocr_line' id='line_1_30' title="bbox 569 2882 2149 2957; baseline 0.006 -22"><span class='ocrx_word' id='word_1_222' title='bbox 569 2882 771 2936; x_wconf 88' lang='grc' dir='ltr'>τούτων</span> <span class='ocrx_word' id='word_1_223' title='bbox 798 2884 904 2936; x_wconf 87' lang='grc' dir='ltr'>τῶν</span> <span class='ocrx_word' id='word_1_224' title='bbox 938 2886 1218 2956; x_wconf 78' lang='grc' dir='ltr'>ῥημάτων,</span> <span class='ocrx_word' id='word_1_225' title='bbox 1246 2888 1549 2942; x_wconf 83' lang='grc' dir='ltr'>κατέπτυον</span> <span class='ocrx_word' id='word_1_226' title='bbox 1571 2905 1583 2918; x_wconf 91' lang='grc'><strong>·</strong></span> <span class='ocrx_word' id='word_1_227' title='bbox 1616 2891 1644 2942; x_wconf 97' lang='lat'>6</span> <span class='ocrx_word' id='word_1_228' title='bbox 1679 2889 1888 2954; x_wconf 75' lang='grc' dir='ltr'>ἐθνικὸς</span> <span class='ocrx_word' id='word_1_229' title='bbox 1910 2891 2149 2957; x_wconf 85' lang='grc' dir='ltr'>ἀκούσας</span> 
     </span>
    </p>
   </div>
   <div class='ocr_carea' id='block_1_31' title="bbox 570 2973 2149 3049">
    <p class='ocr_par' dir='ltr' id='par_1_31' title="bbox 570 2973 2149 3049">
     <span class='ocr_line' id='line_1_31' title="bbox 570 2973 2149 3049; baseline 0.008 -26"><span class='ocrx_word' id='word_1_230' title='bbox 570 2973 994 3042; x_wconf 79' lang='grc' dir='ltr'>προσεκύνησεν.</span> <span class='ocrx_word' id='word_1_231' title='bbox 1048 2974 1188 3045; x_wconf 86' lang='grc' dir='ltr'>’Ὀρα</span> <span class='ocrx_word' id='word_1_232' title='bbox 1221 2976 1312 3028; x_wconf 79' lang='grc' dir='ltr'>καὶ</span> <span class='ocrx_word' id='word_1_233' title='bbox 1345 2975 1410 3029; x_wconf 75' lang='grc' dir='ltr'>τὰ</span> <span class='ocrx_word' id='word_1_234' title='bbox 1459 2978 1551 3030; x_wconf 79' lang='grc' dir='ltr'>ἐπὶ</span> <span class='ocrx_word' id='word_1_235' title='bbox 1586 2978 1819 3049; x_wconf 84' lang='grc' dir='ltr'>Χριστοῦ</span> <span class='ocrx_word' id='word_1_236' title='bbox 1860 2981 2149 3034; x_wconf 88' lang='grc' dir='ltr'>διατυπού-</span> 
     </span>
    </p>
   </div>
   <div class='ocr_carea' id='block_1_32' title="bbox 572 3059 2145 3135">
    <p class='ocr_par' dir='ltr' id='par_1_32' title="bbox 572 3059 2145 3135">
     <span class='ocr_line' id='line_1_32' title="bbox 572 3059 2145 3135; baseline 0.006 -23"><span class='ocrx_word' id='word_1_237' title='bbox 572 3076 728 3128; x_wconf 83' lang='grc' dir='ltr'>μενοι.</span> <span class='ocrx_word' id='word_1_238' title='bbox 805 3061 866 3115; x_wconf 85' lang='lat' dir='ltr'>&#39;H</span> <span class='ocrx_word' id='word_1_239' title='bbox 913 3063 1198 3126; x_wconf 87' lang='grc' dir='ltr'>Χανανῖτις</span> <span class='ocrx_word' id='word_1_240' title='bbox 1244 3067 1565 3135; x_wconf 80' lang='grc' dir='ltr'>προσκυνεῖ·</span> <span class='ocrx_word' id='word_1_241' title='bbox 1623 3059 1763 3119; x_wconf 81' lang='grc' dir='ltr'>οῦτοι</span> <span class='ocrx_word' id='word_1_242' title='bbox 1816 3069 1876 3119; x_wconf 82' lang='grc' dir='ltr'>ού</span> <span class='ocrx_word' id='word_1_243' title='bbox 1934 3069 2145 3122; x_wconf 83' lang='grc' dir='ltr'>ποιοῦσι</span> 
     </span>
    </p>
   </div>
   <div class='ocr_carea' id='block_1_33' title="bbox 567 3147 2144 3212">
    <p class='ocr_par' dir='ltr' id='par_1_33' title="bbox 567 3147 2144 3212">
     <span class='ocr_line' id='line_1_33' title="bbox 567 3147 2144 3212; baseline 0.008 -14"><span class='ocrx_word' id='word_1_244' title='bbox 567 3147 744 3212; x_wconf 90' lang='grc' dir='ltr'>τοῦτο,</span> <span class='ocrx_word' id='word_1_245' title='bbox 787 3149 900 3201; x_wconf 85' lang='grc' dir='ltr'>ἀλλ’</span> <span class='ocrx_word' id='word_1_246' title='bbox 952 3151 1282 3206; x_wconf 80' lang='grc' dir='ltr'>ἐλαύνουσιν.</span> <span class='ocrx_word' id='word_1_247' title='bbox 1335 3154 1490 3206; x_wconf 68' lang='grc' dir='ltr'>Οὕτω</span> <span class='ocrx_word' id='word_1_248' title='bbox 1544 3155 1636 3207; x_wconf 68' lang='grc' dir='ltr'>καὶ</span> <span class='ocrx_word' id='word_1_249' title='bbox 1679 3155 1907 3208; x_wconf 80' lang='grc' dir='ltr'>ἐνταῦθα</span> <span class='ocrx_word' id='word_1_250' title='bbox 1951 3157 2144 3210; x_wconf 82' lang='grc' dir='ltr'>ἐκεῖνοι</span> 
     </span>
    </p>
   </div>
   <div class='ocr_carea' id='block_1_34' title="bbox 570 3234 2141 3319">
    <p class='ocr_par' dir='ltr' id='par_1_34' title="bbox 570 3234 2141 3319">
     <span class='ocr_line' id='line_1_34' title="bbox 570 3234 2141 3319; baseline 0.01 -32"><span class='ocrx_word' id='word_1_251' title='bbox 570 3236 767 3306; x_wconf 74' lang='grc' dir='ltr'>ἔδησαν</span> <span class='ocrx_word' id='word_1_252' title='bbox 782 3239 871 3290; x_wconf 90' lang='grc' dir='ltr'>τὸν</span> <span class='ocrx_word' id='word_1_253' title='bbox 903 3240 1193 3309; x_wconf 82' lang='grc' dir='ltr'>Ἱερεμίαν,</span> <span class='ocrx_word' id='word_1_254' title='bbox 1225 3234 1381 3304; x_wconf 75' lang='grc' dir='ltr'>οὗτος</span> <span class='ocrx_word' id='word_1_255' title='bbox 1414 3243 1788 3314; x_wconf 75' lang='grc' dir='ltr'>προσεκύνησε</span> <span class='ocrx_word' id='word_1_256' title='bbox 1811 3245 1900 3299; x_wconf 87' lang='grc' dir='ltr'>τὸν</span> <span class='ocrx_word' id='word_1_257' title='bbox 1927 3248 2141 3319; x_wconf 78' lang='grc' dir='ltr'>Δανιήλ.</span> 
     </span>
    </p>
   </div>
   <div class='ocr_carea' id='block_1_35' title="bbox 572 3324 2144 3398">
    <p class='ocr_par' dir='ltr' id='par_1_35' title="bbox 572 3324 2144 3398">
     <span class='ocr_line' id='line_1_35' title="bbox 572 3324 2144 3398; baseline 0.008 -23"><span class='ocrx_word' id='word_1_258' title='bbox 572 3324 738 3377; x_wconf 79' lang='grc' dir='ltr'>Πάλιν</span> <span class='ocrx_word' id='word_1_259' title='bbox 797 3327 1033 3378; x_wconf 82' lang='grc' dir='ltr'>Ἰουδαῖοι</span> <span class='ocrx_word' id='word_1_260' title='bbox 1088 3329 1214 3390; x_wconf 76' lang='grc' dir='ltr'>τοὺς</span> <span class='ocrx_word' id='word_1_261' title='bbox 1256 3329 1583 3392; x_wconf 75' lang='grc' dir='ltr'>ἀποστόλους</span> <span class='ocrx_word' id='word_1_262' title='bbox 1632 3330 2044 3398; x_wconf 86' lang='grc' dir='ltr'>ἀπελαύνουσιν,</span> <span class='ocrx_word' id='word_1_263' title='bbox 2096 3337 2144 3387; x_wconf 85' lang='grc' dir='ltr'>οἰ</span> 
     </span>
    </p>
   </div>
   <div class='ocr_carea' id='block_1_36' title="bbox 571 3411 2148 3490">
    <p class='ocr_par' dir='ltr' id='par_1_36' title="bbox 571 3411 2148 3490">
     <span class='ocr_line' id='line_1_36' title="bbox 571 3411 2148 3490; baseline 0.004 -24"><span class='ocrx_word' id='word_1_264' title='bbox 571 3411 826 3484; x_wconf 83' lang='grc' dir='ltr'>Ἕλληνες</span> <span class='ocrx_word' id='word_1_265' title='bbox 885 3413 1152 3482; x_wconf 81' lang='grc' dir='ltr'>λέγουσιν,</span> <span class='ocrx_word' id='word_1_266' title='bbox 1201 3415 1282 3467; x_wconf 85' lang='grc' dir='ltr'>ὅτι</span> <span class='ocrx_word' id='word_1_267' title='bbox 1339 3419 1402 3468; x_wconf 81' lang='lat' dir='ltr'><em>Ol</em></span> <span class='ocrx_word' id='word_1_268' title='bbox 1455 3417 1575 3470; x_wconf 87' lang='grc' dir='ltr'>0εοί</span> <span class='ocrx_word' id='word_1_269' title='bbox 1616 3417 1954 3486; x_wconf 80' lang='grc' dir='ltr'>κατέϐησαν</span> <span class='ocrx_word' id='word_1_270' title='bbox 2000 3423 2148 3490; x_wconf 71' lang='grc' dir='ltr'>πρὸς</span> 
     </span>
    </p>
   </div>
   <div class='ocr_carea' id='block_1_37' title="bbox 565 3501 2143 3580">
    <p class='ocr_par' dir='ltr' id='par_1_37' title="bbox 565 3501 2143 3580">
     <span class='ocr_line' id='line_1_37' title="bbox 565 3501 2143 3580; baseline 0.006 -26"><span class='ocrx_word' id='word_1_271' title='bbox 565 3501 742 3570; x_wconf 75' lang='grc' dir='ltr'>ημᾶς.</span> <span class='ocrx_word' id='word_1_272' title='bbox 791 3503 958 3556; x_wconf 81' lang='grc' dir='ltr'>Ὅταν</span> <span class='ocrx_word' id='word_1_273' title='bbox 1009 3504 1115 3575; x_wconf 84' lang='grc' dir='ltr'>γὰρ</span> <span class='ocrx_word' id='word_1_274' title='bbox 1160 3505 1193 3574; x_wconf 85' lang='grc' dir='ltr'><strong>ἡ</strong></span> <span class='ocrx_word' id='word_1_275' title='bbox 1242 3505 1418 3576; x_wconf 86' lang='grc' dir='ltr'>κρίσις</span> <span class='ocrx_word' id='word_1_276' title='bbox 1447 3506 1617 3576; x_wconf 79' lang='grc' dir='ltr'>χωρὶς</span> <span class='ocrx_word' id='word_1_277' title='bbox 1649 3507 1854 3570; x_wconf 83' lang='grc' dir='ltr'>πάθους</span> <span class='ocrx_word' id='word_1_278' title='bbox 1907 3510 2143 3580; x_wconf 86' lang='grc' dir='ltr'>γίνηται,</span> 
     </span>
    </p>
   </div>
   <div class='ocr_carea' id='block_1_38' title="bbox 567 3589 2145 3666">
    <p class='ocr_par' dir='ltr' id='par_1_38' title="bbox 567 3589 2145 3666">
     <span class='ocr_line' id='line_1_38' title="bbox 567 3589 2145 3666; baseline 0.007 -25"><span class='ocrx_word' id='word_1_279' title='bbox 567 3589 858 3654; x_wconf 87' lang='grc' dir='ltr'>ἀδέκαστός</span> <span class='ocrx_word' id='word_1_280' title='bbox 913 3592 1028 3643; x_wconf 85' lang='grc' dir='ltr'>ἐστι</span> <span class='ocrx_word' id='word_1_281' title='bbox 1104 3595 1198 3645; x_wconf 71' lang='grc' dir='ltr'>καὶ</span> <span class='ocrx_word' id='word_1_282' title='bbox 1254 3593 1490 3664; x_wconf 83' lang='grc' dir='ltr'>καθαρά.</span> <span class='ocrx_word' id='word_1_283' title='bbox 1562 3595 1726 3666; x_wconf 76' lang='grc' dir='ltr'>Ὁρᾷς</span> <span class='ocrx_word' id='word_1_284' title='bbox 1770 3596 1896 3659; x_wconf 83' lang='grc' dir='ltr'>τοὺς</span> <span class='ocrx_word' id='word_1_285' title='bbox 1944 3598 2145 3664; x_wconf 87' lang='grc' dir='ltr'>τύπους</span> 
     </span>
    </p>
   </div>
   <div class='ocr_carea' id='block_1_39' title="bbox 566 3675 2142 3751">
    <p class='ocr_par' dir='ltr' id='par_1_39' title="bbox 566 3675 2142 3751">
     <span class='ocr_line' id='line_1_39' title="bbox 566 3675 2142 3751; baseline 0.007 -23"><span class='ocrx_word' id='word_1_286' title='bbox 566 3675 909 3746; x_wconf 86' lang='grc' dir='ltr'>λάμποντας;</span> <span class='ocrx_word' id='word_1_287' title='bbox 941 3677 1028 3730; x_wconf 83' lang='grc' dir='ltr'>Ἐν</span> <span class='ocrx_word' id='word_1_288' title='bbox 1057 3678 1423 3732; x_wconf 85' lang='grc' dir='ltr'>Βαϐυλῶνιτά</span> <span class='ocrx_word' id='word_1_289' title='bbox 1451 3680 1579 3751; x_wconf 71' lang='grc' dir='ltr'>περὶ</span> <span class='ocrx_word' id='word_1_290' title='bbox 1607 3681 1841 3749; x_wconf 79' lang='grc' dir='ltr'>Χριστοῦ</span> <span class='ocrx_word' id='word_1_291' title='bbox 1867 3683 2142 3749; x_wconf 85' lang='grc' dir='ltr'>ἀκούεται,</span> 
     </span>
    </p>
   </div>
   <div class='ocr_carea' id='block_1_40' title="bbox 567 3763 2141 3838">
    <p class='ocr_par' dir='ltr' id='par_1_40' title="bbox 567 3763 2141 3838">
     <span class='ocr_line' id='line_1_40' title="bbox 567 3763 2141 3838; baseline 0.005 -23"><span class='ocrx_word' id='word_1_292' title='bbox 567 3763 662 3816; x_wconf 77' lang='grc' dir='ltr'>καὶ</span> <span class='ocrx_word' id='word_1_293' title='bbox 700 3763 974 3835; x_wconf 83' lang='grc' dir='ltr'>ἀκροατὴς</span> <span class='ocrx_word' id='word_1_294' title='bbox 1020 3767 1048 3818; x_wconf 88' lang='grc' dir='ltr'><strong>ὁ</strong></span> <span class='ocrx_word' id='word_1_295' title='bbox 1097 3764 1368 3837; x_wconf 89' lang='grc' dir='ltr'>βάρϐαρος</span> <span class='ocrx_word' id='word_1_296' title='bbox 1398 3765 1624 3834; x_wconf 89' lang='grc' dir='ltr'>γίνεται,</span> <span class='ocrx_word' id='word_1_297' title='bbox 1665 3767 1749 3820; x_wconf 81' lang='grc' dir='ltr'>ἵνα</span> <span class='ocrx_word' id='word_1_298' title='bbox 1779 3769 1953 3838; x_wconf 82' lang='grc' dir='ltr'>μάθῃς</span> <span class='ocrx_word' id='word_1_299' title='bbox 1978 3771 2058 3822; x_wconf 80' lang='grc' dir='ltr'>ὅτι</span> <span class='ocrx_word' id='word_1_300' title='bbox 2083 3774 2141 3824; x_wconf 85' lang='lat' dir='ltr'><em>o6</em></span> 
     </span>
    </p>
   </div>
   <div class='ocr_carea' id='block_1_41' title="bbox 512 3849 2141 3923">
    <p class='ocr_par' dir='ltr' id='par_1_41' title="bbox 512 3849 2141 3923">
     <span class='ocr_line' id='line_1_41' title="bbox 512 3849 2141 3923; baseline 0.004 -22"><span class='ocrx_word' id='word_1_301' title='bbox 512 3858 514 3861; x_wconf 85' lang='lat'>&#39;</span> <span class='ocrx_word' id='word_1_302' title='bbox 570 3849 727 3920; x_wconf 84' lang='grc' dir='ltr'>μόνον</span> <span class='ocrx_word' id='word_1_303' title='bbox 756 3851 974 3917; x_wconf 75' lang='grc' dir='ltr'>ἐθνικοὶ,</span> <span class='ocrx_word' id='word_1_304' title='bbox 1003 3851 1136 3904; x_wconf 82' lang='grc' dir='ltr'>ἀλλά</span> <span class='ocrx_word' id='word_1_305' title='bbox 1171 3853 1264 3904; x_wconf 61' lang='grc' dir='ltr'>καὶ⁹</span> <span class='ocrx_word' id='word_1_306' title='bbox 1304 3852 1568 3923; x_wconf 84' lang='grc' dir='ltr'>βάρϐαροι</span> <span class='ocrx_word' id='word_1_307' title='bbox 1594 3852 1765 3905; x_wconf 87' lang='grc' dir='ltr'>ταῦτα</span> <span class='ocrx_word' id='word_1_308' title='bbox 1806 3854 2141 3921; x_wconf 82' lang='grc' dir='ltr'>ἀκούσονται,</span> 
     </span>
    </p>
   </div>
   <div class='ocr_carea' id='block_1_42' title="bbox 567 3940 2147 4014">
    <p class='ocr_par' dir='ltr' id='par_1_42' title="bbox 567 3940 2147 4014">
     <span class='ocr_line' id='line_1_42' title="bbox 567 3940 2147 4014; baseline 0.004 -22"><span class='ocrx_word' id='word_1_309' title='bbox 567 3940 754 4011; x_wconf 79' lang='grc' dir='ltr'>ὥσπερ</span> <span class='ocrx_word' id='word_1_310' title='bbox 773 3940 921 4012; x_wconf 74' lang='grc'>[21⁵5]</span> <span class='ocrx_word' id='word_1_311' title='bbox 937 3943 964 3993; x_wconf 91' lang='lat'>6</span> <span class='ocrx_word' id='word_1_312' title='bbox 987 3941 1194 4005; x_wconf 79' lang='grc' dir='ltr'>Παῦλός</span> <span class='ocrx_word' id='word_1_313' title='bbox 1212 3959 1363 4010; x_wconf 86' lang='grc' dir='ltr'>φησι·</span> <span class='ocrx_word' id='word_1_314' title='bbox 1415 3943 1752 4012; x_wconf 70' lang='grc' dir='ltr'>Ὀφειλέτης</span> <span class='ocrx_word' id='word_1_315' title='bbox 1779 3943 1895 4012; x_wconf 80' lang='grc' dir='ltr'>εἱμί</span> <span class='ocrx_word' id='word_1_316' title='bbox 1915 3947 2147 4014; x_wconf 72' lang='grc' dir='ltr'>εὐαγγε-</span> 
     </span>
    </p>
   </div>
   <div class='ocr_carea' id='block_1_43' title="bbox 565 4030 2142 4104">
    <p class='ocr_par' dir='ltr' id='par_1_43' title="bbox 565 4030 2142 4104">
     <span class='ocr_line' id='line_1_43' title="bbox 565 4030 2142 4104; baseline 0.003 -23"><span class='ocrx_word' id='word_1_317' title='bbox 565 4031 854 4086; x_wconf 77' lang='grc' dir='ltr'>λίσασθαι</span> <span class='ocrx_word' id='word_1_318' title='bbox 894 4030 1150 4096; x_wconf 70' lang='grc' dir='ltr'>’Ἐλλησί</span> <span class='ocrx_word' id='word_1_319' title='bbox 1190 4048 1252 4082; x_wconf 86' lang='grc' dir='ltr'>τε</span> <span class='ocrx_word' id='word_1_320' title='bbox 1291 4030 1389 4083; x_wconf 76' lang='grc' dir='ltr'>καί</span> <span class='ocrx_word' id='word_1_321' title='bbox 1424 4030 1764 4098; x_wconf 73' lang='grc' dir='ltr'>βαρϐάροις.</span> <span class='ocrx_word' id='word_1_322' title='bbox 1802 4031 1906 4085; x_wconf 73' lang='grc' dir='ltr'>Καὶ</span> <span class='ocrx_word' id='word_1_323' title='bbox 1949 4033 2032 4084; x_wconf 83' lang='grc' dir='ltr'>ἵνα</span> <span class='ocrx_word' id='word_1_324' title='bbox 2070 4034 2142 4104; x_wconf 83' lang='grc' dir='ltr'>μὴ</span> 
     </span>
    </p>
   </div>
   <div class='ocr_carea' id='block_1_44' title="bbox 565 4115 2143 4190">
    <p class='ocr_par' dir='ltr' id='par_1_44' title="bbox 565 4115 2143 4190">
     <span class='ocr_line' id='line_1_44' title="bbox 565 4115 2143 4190; baseline 0.004 -22"><span class='ocrx_word' id='word_1_325' title='bbox 565 4116 836 4187; x_wconf 84' lang='grc' dir='ltr'>άπογνῷς,</span> <span class='ocrx_word' id='word_1_326' title='bbox 867 4115 965 4180; x_wconf 78' lang='grc' dir='ltr'>τὰς</span> <span class='ocrx_word' id='word_1_327' title='bbox 986 4117 1203 4179; x_wconf 80' lang='grc' dir='ltr'>ἐλπίδας</span> <span class='ocrx_word' id='word_1_328' title='bbox 1227 4117 1615 4170; x_wconf 81' lang='grc' dir='ltr'>ὑποτυποῦται.</span> <span class='ocrx_word' id='word_1_329' title='bbox 1635 4118 1698 4170; x_wconf 92' lang='grc' dir='ltr'>Τί</span> <span class='ocrx_word' id='word_1_330' title='bbox 1716 4119 1820 4190; x_wconf 73' lang='grc' dir='ltr'>γὰρ</span> <span class='ocrx_word' id='word_1_331' title='bbox 1838 4120 1935 4172; x_wconf 77' lang='grc' dir='ltr'>οὐκ</span> <span class='ocrx_word' id='word_1_332' title='bbox 1960 4116 2025 4190; x_wconf 83' lang='grc' dir='ltr'>ἦν</span> <span class='ocrx_word' id='word_1_333' title='bbox 2044 4121 2143 4174; x_wconf 85' lang='grc' dir='ltr'>κώ-</span> 
     </span>
    </p>
   </div>
   <div class='ocr_carea' id='block_1_45' title="bbox 565 4203 2141 4277">
    <p class='ocr_par' dir='ltr' id='par_1_45' title="bbox 565 4203 2141 4277">
     <span class='ocr_line' id='line_1_45' title="bbox 565 4203 2141 4277; baseline 0.004 -22"><span class='ocrx_word' id='word_1_334' title='bbox 565 4204 740 4275; x_wconf 89' lang='grc' dir='ltr'>λυμα;</span> <span class='ocrx_word' id='word_1_335' title='bbox 785 4203 842 4256; x_wconf 86' lang='grc' dir='ltr'><strong>Ὀ</strong></span> <span class='ocrx_word' id='word_1_336' title='bbox 866 4203 1034 4272; x_wconf 83' lang='grc' dir='ltr'>τῦφος</span> <span class='ocrx_word' id='word_1_337' title='bbox 1067 4206 1094 4256; x_wconf 89' lang='lat'>6</span> <span class='ocrx_word' id='word_1_338' title='bbox 1127 4203 1419 4274; x_wconf 81' lang='grc' dir='ltr'>βασιλικὸς.</span> <span class='ocrx_word' id='word_1_339' title='bbox 1457 4205 1490 4274; x_wconf 83' lang='grc' dir='ltr'>ἠ</span> <span class='ocrx_word' id='word_1_340' title='bbox 1521 4203 1680 4272; x_wconf 80' lang='grc' dir='ltr'>φύσις</span> <span class='ocrx_word' id='word_1_341' title='bbox 1707 4206 1903 4276; x_wconf 19' lang='grc' dir='ltr'>αὑτὴ-ὴ</span> <span class='ocrx_word' id='word_1_342' title='bbox 1941 4209 2141 4277; x_wconf 83' lang='grc' dir='ltr'>βαρϐα-</span> 
     </span>
    </p>
   </div>
   <div class='ocr_carea' id='block_1_46' title="bbox 571 4291 2138 4364">
    <p class='ocr_par' dir='ltr' id='par_1_46' title="bbox 571 4291 2138 4364">
     <span class='ocr_line' id='line_1_46' title="bbox 571 4291 2138 4364; baseline 0.003 -22"><span class='ocrx_word' id='word_1_343' title='bbox 571 4293 717 4362; x_wconf 82' lang='grc' dir='ltr'>ρικὴ,</span> <span class='ocrx_word' id='word_1_344' title='bbox 744 4292 803 4343; x_wconf 90' lang='grc' dir='ltr'>τὸ</span> <span class='ocrx_word' id='word_1_345' title='bbox 834 4292 1047 4354; x_wconf 75' lang='grc' dir='ltr'>εὐτελὲς</span> <span class='ocrx_word' id='word_1_346' title='bbox 1087 4291 1178 4344; x_wconf 85' lang='grc' dir='ltr'>τοῦ</span> <span class='ocrx_word' id='word_1_347' title='bbox 1215 4291 1461 4360; x_wconf 71' lang='grc' dir='ltr'>λέγοντος</span> <span class='ocrx_word' id='word_1_348' title='bbox 1480 4308 1494 4321; x_wconf 73' lang='grc' dir='ltr'><strong>ο</strong></span> <span class='ocrx_word' id='word_1_349' title='bbox 1529 4291 1870 4359; x_wconf 84' lang='grc' dir='ltr'>αἰχμάλωτος</span> <span class='ocrx_word' id='word_1_350' title='bbox 1893 4294 1999 4362; x_wconf 84' lang='grc' dir='ltr'>γὰρ</span> <span class='ocrx_word' id='word_1_351' title='bbox 2028 4291 2094 4364; x_wconf 75' lang='grc' dir='ltr'>ἦν</span> <span class='ocrx_word' id='word_1_352' title='bbox 2121 4311 2138 4328; x_wconf 67' lang='grc' dir='ltr'>θ</span> 
     </span>
    </p>
   </div>
   <div class='ocr_carea' id='block_1_47' title="bbox 567 4377 2141 4450">
    <p class='ocr_par' dir='ltr' id='par_1_47' title="bbox 567 4377 2141 4450">
     <span class='ocr_line' id='line_1_47' title="bbox 567 4377 2141 4450; baseline 0.003 -21"><span class='ocrx_word' id='word_1_353' title='bbox 567 4380 600 4448; x_wconf 79' lang='grc' dir='ltr'>ὴ</span> <span class='ocrx_word' id='word_1_354' title='bbox 630 4377 810 4447; x_wconf 75' lang='grc' dir='ltr'>ἡλικία</span> <span class='ocrx_word' id='word_1_355' title='bbox 834 4394 847 4409; x_wconf 83' lang='grc'><em>’</em></span> <span class='ocrx_word' id='word_1_356' title='bbox 877 4378 993 4440; x_wconf 88' lang='grc' dir='ltr'>νέος</span> <span class='ocrx_word' id='word_1_357' title='bbox 1016 4379 1121 4448; x_wconf 77' lang='grc' dir='ltr'>γάρ</span> <span class='ocrx_word' id='word_1_358' title='bbox 1149 4393 1160 4407; x_wconf 83' lang='lat'><strong><em>°</em></strong></span> <span class='ocrx_word' id='word_1_359' title='bbox 1189 4379 1249 4431; x_wconf 88' lang='grc' dir='ltr'>τὸ</span> <span class='ocrx_word' id='word_1_360' title='bbox 1270 4379 1363 4448; x_wconf 77' lang='grc' dir='ltr'>τῆς</span> <span class='ocrx_word' id='word_1_361' title='bbox 1383 4378 1677 4450; x_wconf 82' lang='grc' dir='ltr'>θρησκείας</span> <span class='ocrx_word' id='word_1_362' title='bbox 1703 4378 1997 4450; x_wconf 82' lang='grc' dir='ltr'>ἀλλότριον.</span> <span class='ocrx_word' id='word_1_363' title='bbox 2030 4383 2141 4434; x_wconf 77' lang='grc' dir='ltr'>Οὐκ</span> 
     </span>
    </p>
   </div>
   <div class='ocr_carea' id='block_1_48' title="bbox 568 4461 2140 4538">
    <p class='ocr_par' dir='ltr' id='par_1_48' title="bbox 568 4461 2140 4538">
     <span class='ocr_line' id='line_1_48' title="bbox 568 4461 2140 4538; baseline 0.002 -21"><span class='ocrx_word' id='word_1_364' title='bbox 568 4461 969 4530; x_wconf 74' lang='grc' dir='ltr'>εἷπεν,Ἔδεισε</span> <span class='ocrx_word' id='word_1_365' title='bbox 998 4464 1234 4536; x_wconf 83' lang='grc' dir='ltr'>προϊδεῖν</span> <span class='ocrx_word' id='word_1_366' title='bbox 1286 4466 1353 4517; x_wconf 75' lang='grc' dir='ltr'>τὰ</span> <span class='ocrx_word' id='word_1_367' title='bbox 1389 4466 1475 4527; x_wconf 80' lang='grc' dir='ltr'>σὰ,</span> <span class='ocrx_word' id='word_1_368' title='bbox 1503 4465 1599 4536; x_wconf 77' lang='grc' dir='ltr'>τὴν</span> <span class='ocrx_word' id='word_1_369' title='bbox 1643 4466 2017 4535; x_wconf 73' lang='grc' dir='ltr'>αἰχμαλωσίαν</span> <span class='ocrx_word' id='word_1_370' title='bbox 2045 4470 2140 4538; x_wconf 80' lang='grc' dir='ltr'>τῆς</span> 
     </span>
    </p>
   </div>
   <div class='ocr_carea' id='block_1_49' title="bbox 568 4553 2135 4625">
    <p class='ocr_par' dir='ltr' id='par_1_49' title="bbox 568 4553 2135 4625">
     <span class='ocr_line' id='line_1_49' title="bbox 568 4553 2135 4625; baseline 0.001 -20"><span class='ocrx_word' id='word_1_371' title='bbox 568 4554 810 4616; x_wconf 88' lang='grc' dir='ltr'>πόλεως·</span> <span class='ocrx_word' id='word_1_372' title='bbox 866 4555 1048 4606; x_wconf 83' lang='grc' dir='ltr'>ἐκεῖνα</span> <span class='ocrx_word' id='word_1_373' title='bbox 1097 4553 1391 4621; x_wconf 75' lang='grc' dir='ltr'>ἠγνόησας,</span> <span class='ocrx_word' id='word_1_374' title='bbox 1444 4553 1538 4604; x_wconf 67' lang='grc' dir='ltr'>καὶ</span> <span class='ocrx_word' id='word_1_375' title='bbox 1590 4553 1763 4605; x_wconf 84' lang='grc' dir='ltr'>ταῦτα</span> <span class='ocrx_word' id='word_1_376' title='bbox 1822 4554 2135 4625; x_wconf 85' lang='grc' dir='ltr'>προλέγεις;</span> 
     </span>
    </p>
   </div>
   <div class='ocr_carea' id='block_1_50' title="bbox 571 4639 2138 4712">
    <p class='ocr_par' dir='ltr' id='par_1_50' title="bbox 571 4639 2138 4712">
     <span class='ocr_line' id='line_1_50' title="bbox 571 4639 2138 4712; baseline 0.002 -21"><span class='ocrx_word' id='word_1_377' title='bbox 571 4641 751 4708; x_wconf 83' lang='grc' dir='ltr'>’Ἀπερ</span> <span class='ocrx_word' id='word_1_378' title='bbox 804 4640 1049 4708; x_wconf 86' lang='grc' dir='ltr'>λέγουσιν</span> <span class='ocrx_word' id='word_1_379' title='bbox 1097 4640 1144 4692; x_wconf 87' lang='grc' dir='ltr'>οἰ</span> <span class='ocrx_word' id='word_1_380' title='bbox 1193 4639 1538 4708; x_wconf 79' lang='grc' dir='ltr'>ἀγνώμονες·</span> <span class='ocrx_word' id='word_1_381' title='bbox 1595 4639 1701 4693; x_wconf 80' lang='grc' dir='ltr'>ἔδει</span> <span class='ocrx_word' id='word_1_382' title='bbox 1768 4640 1856 4694; x_wconf 89' lang='grc' dir='ltr'>τὸν</span> <span class='ocrx_word' id='word_1_383' title='bbox 1908 4642 2138 4712; x_wconf 81' lang='grc' dir='ltr'>Χριστὸν</span> 
     </span>
    </p>
   </div>
   <div class='ocr_carea' id='block_1_51' title="bbox 569 4726 2139 4798">
    <p class='ocr_par' dir='ltr' id='par_1_51' title="bbox 569 4726 2139 4798">
     <span class='ocr_line' id='line_1_51' title="bbox 569 4726 2139 4798; baseline 0.002 -19"><span class='ocrx_word' id='word_1_384' title='bbox 569 4728 868 4796; x_wconf 81' lang='grc' dir='ltr'>ἀναστῆσαι</span> <span class='ocrx_word' id='word_1_385' title='bbox 897 4728 1103 4780; x_wconf 74' lang='grc' dir='ltr'>ἑαυτόν.</span> <span class='ocrx_word' id='word_1_386' title='bbox 1139 4727 1278 4778; x_wconf 85' lang='grc' dir='ltr'>Αύτὸ</span> <span class='ocrx_word' id='word_1_387' title='bbox 1317 4727 1375 4778; x_wconf 85' lang='grc' dir='ltr'>τὸ</span> <span class='ocrx_word' id='word_1_388' title='bbox 1401 4726 1689 4796; x_wconf 86' lang='grc' dir='ltr'>λεγόμενον</span> <span class='ocrx_word' id='word_1_389' title='bbox 1721 4729 2011 4797; x_wconf 77' lang='grc' dir='ltr'>κατάλυσις</span> <span class='ocrx_word' id='word_1_390' title='bbox 2040 4730 2139 4798; x_wconf 77' lang='grc' dir='ltr'>τῆς</span> 
     </span>
    </p>
   </div>
   <div class='ocr_carea' id='block_1_52' title="bbox 571 4809 2140 4886">
    <p class='ocr_par' dir='ltr' id='par_1_52' title="bbox 571 4809 2140 4886">
     <span class='ocr_line' id='line_1_52' title="bbox 571 4809 2140 4886; baseline 0 -19"><span class='ocrx_word' id='word_1_391' title='bbox 571 4814 844 4884; x_wconf 77' lang='grc' dir='ltr'>βασιλείας</span> <span class='ocrx_word' id='word_1_392' title='bbox 891 4813 1054 4867; x_wconf 81' lang='grc' dir='ltr'>αὐτοῦ</span> <span class='ocrx_word' id='word_1_393' title='bbox 1109 4809 1197 4883; x_wconf 78' lang='grc' dir='ltr'>ἦν,</span> <span class='ocrx_word' id='word_1_394' title='bbox 1254 4815 1344 4865; x_wconf 68' lang='grc' dir='ltr'>καὶ</span> <span class='ocrx_word' id='word_1_395' title='bbox 1399 4813 1496 4881; x_wconf 74' lang='grc' dir='ltr'>τῆς</span> <span class='ocrx_word' id='word_1_396' title='bbox 1551 4815 1870 4885; x_wconf 80' lang='grc' dir='ltr'>οἰκουμένης</span> <span class='ocrx_word' id='word_1_397' title='bbox 1925 4817 2140 4886; x_wconf 85' lang='grc' dir='ltr'>ἀπάσης</span> 
     </span>
    </p>
   </div>
   <div class='ocr_carea' id='block_1_53' title="bbox 573 4900 2138 4973">
    <p class='ocr_par' dir='ltr' id='par_1_53' title="bbox 573 4900 2138 4973">
     <span class='ocr_line' id='line_1_53' title="bbox 573 4900 2138 4973; baseline -0.002 -16"><span class='ocrx_word' id='word_1_398' title='bbox 573 4904 866 4957; x_wconf 77' lang='grc' dir='ltr'>συντέλεια.</span> <span class='ocrx_word' id='word_1_399' title='bbox 906 4904 1013 4956; x_wconf 75' lang='grc' dir='ltr'>Καὶ</span> <span class='ocrx_word' id='word_1_400' title='bbox 1046 4901 1332 4954; x_wconf 80' lang='grc' dir='ltr'>ἐπίστευσε</span> <span class='ocrx_word' id='word_1_401' title='bbox 1366 4902 1852 4973; x_wconf 76' lang='grc' dir='ltr'>Ναϐουχοδονόσορ.</span> <span class='ocrx_word' id='word_1_402' title='bbox 1910 4900 1985 4955; x_wconf 78' lang='lat' dir='ltr'><em>O6</em></span> <span class='ocrx_word' id='word_1_403' title='bbox 2031 4904 2138 4972; x_wconf 81' lang='grc' dir='ltr'>γὰρ</span> 
     </span>
    </p>
   </div>
   <div class='ocr_carea' id='block_1_54' title="bbox 573 4989 2137 5062">
    <p class='ocr_par' dir='ltr' id='par_1_54' title="bbox 573 4989 2137 5062">
     <span class='ocr_line' id='line_1_54' title="bbox 573 4989 2137 5062; baseline 0.001 -18"><span class='ocrx_word' id='word_1_404' title='bbox 573 4992 657 5056; x_wconf 84' lang='grc' dir='ltr'>ἃν,</span> <span class='ocrx_word' id='word_1_405' title='bbox 709 4994 755 5044; x_wconf 89' lang='grc' dir='ltr'>εἰ</span> <span class='ocrx_word' id='word_1_406' title='bbox 807 4992 879 5062; x_wconf 86' lang='grc' dir='ltr'>μὴ</span> <span class='ocrx_word' id='word_1_407' title='bbox 929 4991 1264 5052; x_wconf 81' lang='grc' dir='ltr'>ἐπίστευσεν,</span> <span class='ocrx_word' id='word_1_408' title='bbox 1302 4989 1457 5041; x_wconf 77' lang='grc' dir='ltr'>ἔθυσε</span> <span class='ocrx_word' id='word_1_409' title='bbox 1497 4989 1573 5058; x_wconf 82' lang='grc' dir='ltr'>τῷ</span> <span class='ocrx_word' id='word_1_410' title='bbox 1625 4991 1836 5060; x_wconf 72' lang='grc' dir='ltr'>Δανιὴλ.</span> <span class='ocrx_word' id='word_1_411' title='bbox 1889 4991 2137 5045; x_wconf 88' lang='grc' dir='ltr'>Πιστεύει</span> 
     </span>
    </p>
   </div>
   <div class='ocr_carea' id='block_1_55' title="bbox 570 5075 2136 5149">
    <p class='ocr_par' dir='ltr' id='par_1_55' title="bbox 570 5075 2136 5149">
     <span class='ocr_line' id='line_1_55' title="bbox 570 5075 2136 5149; baseline -0.001 -17"><span class='ocrx_word' id='word_1_412' title='bbox 570 5079 1052 5149; x_wconf 84' lang='grc' dir='ltr'>Ναϐουχοδονόσορ,</span> <span class='ocrx_word' id='word_1_413' title='bbox 1080 5077 1222 5139; x_wconf 77' lang='grc' dir='ltr'>τινὲς</span> <span class='ocrx_word' id='word_1_414' title='bbox 1246 5077 1301 5129; x_wconf 83' lang='grc' dir='ltr'>δὲ</span> <span class='ocrx_word' id='word_1_415' title='bbox 1339 5075 1624 5130; x_wconf 84' lang='grc' dir='ltr'>ἀπιστοῦσι</span> <span class='ocrx_word' id='word_1_416' title='bbox 1655 5077 1826 5130; x_wconf 68' lang='grc' dir='ltr'>τοῦτο.</span> <span class='ocrx_word' id='word_1_417' title='bbox 1853 5076 1950 5130; x_wconf 75' lang='grc' dir='ltr'>Διὰ</span> <span class='ocrx_word' id='word_1_418' title='bbox 1977 5077 2136 5132; x_wconf 90' lang='grc' dir='ltr'>τοῦτο</span> 
     </span>
    </p>
   </div>
   <div class='ocr_carea' id='block_1_56' title="bbox 574 5163 2131 5238">
    <p class='ocr_par' dir='ltr' id='par_1_56' title="bbox 574 5163 2131 5238">
     <span class='ocr_line' id='line_1_56' title="bbox 574 5163 2131 5238; baseline -0.003 -16"><span class='ocrx_word' id='word_1_419' title='bbox 574 5168 763 5222; x_wconf 76' lang='grc' dir='ltr'>πολλαὶ</span> <span class='ocrx_word' id='word_1_420' title='bbox 786 5168 1112 5238; x_wconf 78' lang='grc' dir='ltr'>προρρήσεις</span> <span class='ocrx_word' id='word_1_421' title='bbox 1141 5165 1394 5234; x_wconf 84' lang='grc' dir='ltr'>ἐγίνοντο.</span> <span class='ocrx_word' id='word_1_422' title='bbox 1434 5166 1495 5217; x_wconf 88' lang='grc' dir='ltr'>Εἰ</span> <span class='ocrx_word' id='word_1_423' title='bbox 1545 5163 1616 5235; x_wconf 80' lang='grc' dir='ltr'>μὴ</span> <span class='ocrx_word' id='word_1_424' title='bbox 1646 5165 1887 5231; x_wconf 85' lang='grc' dir='ltr'>ἐγένοντο</span> <span class='ocrx_word' id='word_1_425' title='bbox 1911 5166 2131 5230; x_wconf 81' lang='grc' dir='ltr'>ἐκεῖναι,</span> 
     </span>
    </p>
   </div>
   <div class='ocr_carea' id='block_1_57' title="bbox 576 5251 2132 5328">
    <p class='ocr_par' dir='ltr' id='par_1_57' title="bbox 576 5251 2132 5328">
     <span class='ocr_line' id='line_1_57' title="bbox 576 5251 2132 5328; baseline -0.003 -18"><span class='ocrx_word' id='word_1_426' title='bbox 576 5257 707 5328; x_wconf 85' lang='grc' dir='ltr'>μηδὲ</span> <span class='ocrx_word' id='word_1_427' title='bbox 750 5255 971 5317; x_wconf 77' lang='grc' dir='ltr'>ταύταις</span> <span class='ocrx_word' id='word_1_428' title='bbox 1004 5253 1242 5307; x_wconf 80' lang='grc' dir='ltr'>πίστευε.</span> <span class='ocrx_word' id='word_1_429' title='bbox 1290 5252 1405 5306; x_wconf 81' lang='grc' dir='ltr'>Ἵνα</span> <span class='ocrx_word' id='word_1_430' title='bbox 1435 5253 1489 5305; x_wconf 87' lang='grc' dir='ltr'>δὲ</span> <span class='ocrx_word' id='word_1_431' title='bbox 1533 5253 1604 5322; x_wconf 84' lang='grc' dir='ltr'>μὴ</span> <span class='ocrx_word' id='word_1_432' title='bbox 1637 5253 1727 5304; x_wconf 72' lang='grc' dir='ltr'>ἐπὶ</span> <span class='ocrx_word' id='word_1_433' title='bbox 1759 5251 1915 5304; x_wconf 80' lang='grc' dir='ltr'>πλέον</span> <span class='ocrx_word' id='word_1_434' title='bbox 1951 5253 2132 5324; x_wconf 83' lang='grc' dir='ltr'>ἀσαφῆ</span> 
     </span>
    </p>
   </div>
   <div class='ocr_carea' id='block_1_58' title="bbox 573 5338 2131 5410">
    <p class='ocr_par' dir='ltr' id='par_1_58' title="bbox 573 5338 2131 5410">
     <span class='ocr_line' id='line_1_58' title="bbox 573 5338 2131 5410; baseline -0.004 -12"><span class='ocrx_word' id='word_1_435' title='bbox 573 5343 709 5398; x_wconf 89' lang='grc' dir='ltr'>ποιῶ</span> <span class='ocrx_word' id='word_1_436' title='bbox 747 5343 836 5396; x_wconf 85' lang='grc' dir='ltr'>τὸν</span> <span class='ocrx_word' id='word_1_437' title='bbox 891 5341 1065 5409; x_wconf 84' lang='grc' dir='ltr'>λόγον,</span> <span class='ocrx_word' id='word_1_438' title='bbox 1103 5339 1236 5410; x_wconf 84' lang='grc' dir='ltr'>φέρε</span> <span class='ocrx_word' id='word_1_439' title='bbox 1283 5339 1467 5392; x_wconf 86' lang='grc' dir='ltr'>τοῦτον</span> <span class='ocrx_word' id='word_1_440' title='bbox 1517 5339 1644 5409; x_wconf 83' lang='grc' dir='ltr'>ὑμῖν</span> <span class='ocrx_word' id='word_1_441' title='bbox 1692 5338 2131 5410; x_wconf 81' lang='grc' dir='ltr'>ἐρμηνεύσωμεν.</span> 
     </span>
    </p>
   </div>
   <div class='ocr_carea' id='block_1_59' title="bbox 574 5425 2130 5498">
    <p class='ocr_par' dir='ltr' id='par_1_59' title="bbox 574 5425 2130 5498">
     <span class='ocr_line' id='line_1_59' title="bbox 574 5425 2130 5498; baseline -0.004 -12"><span class='ocrx_word' id='word_1_442' title='bbox 574 5433 741 5486; x_wconf 82' lang='grc' dir='ltr'>Πέντε</span> <span class='ocrx_word' id='word_1_443' title='bbox 771 5426 908 5484; x_wconf 74' lang='grc' dir='ltr'>εἶδεν</span> <span class='ocrx_word' id='word_1_444' title='bbox 940 5429 1090 5491; x_wconf 75' lang='grc' dir='ltr'>ὔλας,</span> <span class='ocrx_word' id='word_1_445' title='bbox 1117 5427 1336 5498; x_wconf 86' lang='grc' dir='ltr'>χρυσὸν,</span> <span class='ocrx_word' id='word_1_446' title='bbox 1361 5428 1616 5497; x_wconf 77' lang='grc' dir='ltr'>ἄργυρον,</span> <span class='ocrx_word' id='word_1_447' title='bbox 1651 5425 1867 5497; x_wconf 83' lang='grc' dir='ltr'>χαλκὸν,</span> <span class='ocrx_word' id='word_1_448' title='bbox 1898 5427 2130 5497; x_wconf 84' lang='grc' dir='ltr'>σίδηρον,</span> 
     </span>
    </p>
   </div>
   <div class='ocr_carea' id='block_1_60' title="bbox 571 5513 2133 5589">
    <p class='ocr_par' dir='ltr' id='par_1_60' title="bbox 571 5513 2133 5589">
     <span class='ocr_line' id='line_1_60' title="bbox 571 5513 2133 5589; baseline -0.004 -16"><span class='ocrx_word' id='word_1_449' title='bbox 571 5519 853 5589; x_wconf 69' lang='grc' dir='ltr'>ὄστρακον.</span> <span class='ocrx_word' id='word_1_450' title='bbox 882 5513 1014 5571; x_wconf 76' lang='grc' dir='ltr'>Εῐτα</span> <span class='ocrx_word' id='word_1_451' title='bbox 1037 5515 1196 5569; x_wconf 83' lang='grc' dir='ltr'>εἰκὼν</span> <span class='ocrx_word' id='word_1_452' title='bbox 1225 5515 1372 5567; x_wconf 79' lang='grc' dir='ltr'>πᾶσα</span> <span class='ocrx_word' id='word_1_453' title='bbox 1394 5515 1421 5566; x_wconf 97' lang='lat'>6</span> <span class='ocrx_word' id='word_1_454' title='bbox 1441 5515 1626 5584; x_wconf 83' lang='grc' dir='ltr'>χρόνος</span> <span class='ocrx_word' id='word_1_455' title='bbox 1650 5515 1782 5576; x_wconf 69' lang='grc' dir='ltr'>ἐστὶ,</span> <span class='ocrx_word' id='word_1_456' title='bbox 1813 5513 1903 5564; x_wconf 74' lang='grc' dir='ltr'>καὶ</span> <span class='ocrx_word' id='word_1_457' title='bbox 1941 5515 1973 5583; x_wconf 79' lang='grc' dir='ltr'>ἡ</span> <span class='ocrx_word' id='word_1_458' title='bbox 2009 5516 2133 5567; x_wconf 84' lang='grc' dir='ltr'>ἀκο-</span> 
     </span>
    </p>
   </div>
   <div class='ocr_carea' id='block_1_61' title="bbox 575 5598 2129 5676">
    <p class='ocr_par' dir='ltr' id='par_1_61' title="bbox 575 5598 2129 5676">
     <span class='ocr_line' id='line_1_61' title="bbox 575 5598 2129 5676; baseline -0.003 -16"><span class='ocrx_word' id='word_1_459' title='bbox 575 5608 759 5661; x_wconf 75' lang='grc' dir='ltr'>λουθία</span> <span class='ocrx_word' id='word_1_460' title='bbox 795 5608 888 5660; x_wconf 85' lang='grc' dir='ltr'>τοῦ</span> <span class='ocrx_word' id='word_1_461' title='bbox 917 5608 1129 5676; x_wconf 78' lang='grc' dir='ltr'>χρόνου.</span> <span class='ocrx_word' id='word_1_462' title='bbox 1165 5603 1272 5656; x_wconf 71' lang='grc' dir='ltr'>Καὶ</span> <span class='ocrx_word' id='word_1_463' title='bbox 1306 5602 1480 5665; x_wconf 88' lang='grc' dir='ltr'>καλῶς</span> <span class='ocrx_word' id='word_1_464' title='bbox 1506 5598 1678 5666; x_wconf 82' lang='grc' dir='ltr'>εἶπεν,</span> <span class='ocrx_word' id='word_1_465' title='bbox 1719 5601 1914 5656; x_wconf 84' lang='grc' dir='ltr'>Εῐκών.</span> <span class='ocrx_word' id='word_1_466' title='bbox 1955 5604 2129 5655; x_wconf 79' lang='grc' dir='ltr'>Εἰκόν⁹</span> 
     </span>
    </p>
   </div>
   <div class='ocr_carea' id='block_1_62' title="bbox 574 5690 2131 5769">
    <p class='ocr_par' dir='ltr' id='par_1_62' title="bbox 574 5690 2131 5769">
     <span class='ocr_line' id='line_1_62' title="bbox 574 5690 2131 5769; baseline -0.001 -20"><span class='ocrx_word' id='word_1_467' title='bbox 574 5696 681 5769; x_wconf 78' lang='grc' dir='ltr'>γὰρ</span> <span class='ocrx_word' id='word_1_468' title='bbox 711 5697 846 5751; x_wconf 67' lang='grc' dir='ltr'>ἔοικε</span> <span class='ocrx_word' id='word_1_469' title='bbox 904 5695 969 5750; x_wconf 77' lang='grc' dir='ltr'>τὰ</span> <span class='ocrx_word' id='word_1_470' title='bbox 1015 5694 1275 5766; x_wconf 74' lang='grc' dir='ltr'>ἡμέτερα,</span> <span class='ocrx_word' id='word_1_471' title='bbox 1319 5692 1483 5748; x_wconf 82' lang='grc' dir='ltr'>εἰκόνι</span> <span class='ocrx_word' id='word_1_472' title='bbox 1538 5693 1748 5764; x_wconf 54' lang='grc' dir='ltr'>ἀψύχῳ.</span> <span class='ocrx_word' id='word_1_473' title='bbox 1801 5690 1902 5745; x_wconf 69' lang='grc' dir='ltr'>Καὶ</span> <span class='ocrx_word' id='word_1_474' title='bbox 1956 5690 2131 5755; x_wconf 81' lang='grc' dir='ltr'>καλῶς</span> 
     </span>
    </p>
   </div>
   <div class='ocr_carea' id='block_1_63' title="bbox 1261 313 3111 382">
    <p class='ocr_par' dir='ltr' id='par_1_63' title="bbox 1261 313 3111 382">
     <span class='ocr_line' id='line_1_63' title="bbox 1261 313 3111 382; baseline 0.005 -14"><span class='ocrx_word' id='word_1_475' title='bbox 1261 313 1318 368; x_wconf 87' lang='lat' dir='ltr'>S.</span> <span class='ocrx_word' id='word_1_476' title='bbox 1361 313 1650 370; x_wconf 65' lang='lat' dir='ltr'>JOANNIS</span> <span class='ocrx_word' id='word_1_477' title='bbox 1685 313 2171 372; x_wconf 73' lang='lat' dir='ltr'>CIIRYSOSTOMI</span> <span class='ocrx_word' id='word_1_478' title='bbox 2212 315 2524 376; x_wconf 73' lang='lat' dir='ltr'>ARCIIIEP.</span> <span class='ocrx_word' id='word_1_479' title='bbox 2565 319 3111 382; x_wconf 74' lang='lat' dir='ltr'>CONSTANTINOP.</span> 
     </span>
    </p>
   </div>
   <div class='ocr_carea' id='block_1_64' title="bbox 3722 335 3836 391">
    <p class='ocr_par' dir='ltr' id='par_1_64' title="bbox 3722 335 3836 391">
     <span class='ocr_line' id='line_1_64' title="bbox 3722 335 3836 391; baseline 0.009 -1"><span class='ocrx_word' id='word_1_480' title='bbox 3722 335 3836 391; x_wconf 88' lang='lat'>206</span> 
     </span>
    </p>
   </div>
   <div class='ocr_carea' id='block_1_65' title="bbox 2267 434 3826 519">
    <p class='ocr_par' dir='ltr' id='par_1_65' title="bbox 2267 434 3826 519">
     <span class='ocr_line' id='line_1_65' title="bbox 2267 434 3826 519; baseline 0.009 -32"><span class='ocrx_word' id='word_1_481' title='bbox 2267 434 2427 490; x_wconf 84' lang='grc' dir='ltr'>εἰκὼν</span> <span class='ocrx_word' id='word_1_482' title='bbox 2482 438 2588 493; x_wconf 80' lang='grc' dir='ltr'>ἀπὸ</span> <span class='ocrx_word' id='word_1_483' title='bbox 2641 441 2860 511; x_wconf 87' lang='grc' dir='ltr'>χρυσοῦ.</span> <span class='ocrx_word' id='word_1_484' title='bbox 2916 443 3180 515; x_wconf 82' lang='grc' dir='ltr'>Καθάπερ</span> <span class='ocrx_word' id='word_1_485' title='bbox 3227 444 3334 517; x_wconf 79' lang='grc' dir='ltr'>γάρ</span> <span class='ocrx_word' id='word_1_486' title='bbox 3377 446 3404 499; x_wconf 88' lang='lat'>6</span> <span class='ocrx_word' id='word_1_487' title='bbox 3455 445 3672 519; x_wconf 86' lang='grc' dir='ltr'>χρυσὸς,</span> <span class='ocrx_word' id='word_1_488' title='bbox 3725 451 3826 500; x_wconf 82' lang='grc' dir='ltr'>κᾶν</span> 
     </span>
    </p>
   </div>
   <div class='ocr_carea' id='block_1_66' title="bbox 2263 521 3822 604">
    <p class='ocr_par' dir='ltr' id='par_1_66' title="bbox 2263 521 3822 604">
     <span class='ocr_line' id='line_1_66' title="bbox 2263 521 3822 604; baseline 0.012 -30"><span class='ocrx_word' id='word_1_489' title='bbox 2263 521 2510 594; x_wconf 84' lang='grc' dir='ltr'>λαμπρὸς</span> <span class='ocrx_word' id='word_1_490' title='bbox 2565 522 2620 598; x_wconf 84' lang='grc' dir='ltr'>ᾖ,</span> <span class='ocrx_word' id='word_1_491' title='bbox 2681 529 2787 582; x_wconf 88' lang='grc' dir='ltr'>ἀπὸ</span> <span class='ocrx_word' id='word_1_492' title='bbox 2837 531 2937 600; x_wconf 87' lang='grc' dir='ltr'>γῆς</span> <span class='ocrx_word' id='word_1_493' title='bbox 2978 533 3157 598; x_wconf 89' lang='grc' dir='ltr'>ἐστιν,</span> <span class='ocrx_word' id='word_1_494' title='bbox 3199 533 3339 586; x_wconf 78' lang='grc' dir='ltr'>οὕτω</span> <span class='ocrx_word' id='word_1_495' title='bbox 3371 535 3466 587; x_wconf 72' lang='grc' dir='ltr'>καὶ</span> <span class='ocrx_word' id='word_1_496' title='bbox 3519 536 3552 604; x_wconf 78' lang='grc' dir='ltr'><strong>ὴ</strong></span> <span class='ocrx_word' id='word_1_497' title='bbox 3595 533 3752 602; x_wconf 82' lang='grc' dir='ltr'>φύσις</span> <span class='ocrx_word' id='word_1_498' title='bbox 3791 535 3822 603; x_wconf 80' lang='grc' dir='ltr'><strong>ἡ</strong></span> 
     </span>
    </p>
   </div>
   <div class='ocr_carea' id='block_1_67' title="bbox 2260 610 3822 692">
    <p class='ocr_par' dir='ltr' id='par_1_67' title="bbox 2260 610 3822 692">
     <span class='ocr_line' id='line_1_67' title="bbox 2260 610 3822 692; baseline -0.003 -14"><span class='ocrx_word' id='word_1_499' title='bbox 2260 610 2525 682; x_wconf 72' lang='grc' dir='ltr'>ἡμετέρα,</span> <span class='ocrx_word' id='word_1_500' title='bbox 2549 615 2640 666; x_wconf 78' lang='grc' dir='ltr'>καὶ</span> <span class='ocrx_word' id='word_1_501' title='bbox 2672 616 2738 668; x_wconf 85' lang='grc' dir='ltr'>τὰ</span> <span class='ocrx_word' id='word_1_502' title='bbox 2769 620 3084 688; x_wconf 73' lang='grc' dir='ltr'>πράγματα.</span> <span class='ocrx_word' id='word_1_503' title='bbox 3115 622 3224 674; x_wconf 78' lang='grc' dir='ltr'>Καὶ</span> <span class='ocrx_word' id='word_1_504' title='bbox 3247 622 3343 692; x_wconf 87' lang='grc' dir='ltr'>ὅρα</span> <span class='ocrx_word' id='word_1_505' title='bbox 3385 623 3467 675; x_wconf 83' lang='grc' dir='ltr'>ὅτι</span> <span class='ocrx_word' id='word_1_506' title='bbox 3495 621 3641 685; x_wconf 88' lang='grc' dir='ltr'>κόνις</span> <span class='ocrx_word' id='word_1_507' title='bbox 3675 623 3822 690; x_wconf 90' lang='grc' dir='ltr'>γίνε-</span> 
     </span>
    </p>
   </div>
   <div class='ocr_carea' id='block_1_68' title="bbox 2259 696 3824 775">
    <p class='ocr_par' dir='ltr' id='par_1_68' title="bbox 2259 696 3824 775">
     <span class='ocr_line' id='line_1_68' title="bbox 2259 696 3824 775; baseline 0.007 -26"><span class='ocrx_word' id='word_1_508' title='bbox 2259 713 2370 758; x_wconf 85' lang='grc' dir='ltr'>ται.</span> <span class='ocrx_word' id='word_1_509' title='bbox 2397 698 2534 770; x_wconf 83' lang='grc' dir='ltr'>ὅπερ</span> <span class='ocrx_word' id='word_1_510' title='bbox 2557 696 2624 771; x_wconf 80' lang='grc' dir='ltr'>ἧν</span> <span class='ocrx_word' id='word_1_511' title='bbox 2658 703 2762 775; x_wconf 85' lang='grc' dir='ltr'>πρὸ</span> <span class='ocrx_word' id='word_1_512' title='bbox 2780 705 2991 762; x_wconf 87' lang='grc' dir='ltr'>τούτου.</span> <span class='ocrx_word' id='word_1_513' title='bbox 3027 708 3220 760; x_wconf 78' lang='grc' dir='ltr'>Καίτοι</span> <span class='ocrx_word' id='word_1_514' title='bbox 3253 708 3410 762; x_wconf 90' lang='grc' dir='ltr'>τοῦτο</span> <span class='ocrx_word' id='word_1_515' title='bbox 3442 708 3586 770; x_wconf 86' lang='grc' dir='ltr'>λίθος</span> <span class='ocrx_word' id='word_1_516' title='bbox 3632 709 3731 762; x_wconf 78' lang='grc' dir='ltr'>οὐκ</span> <span class='ocrx_word' id='word_1_517' title='bbox 3757 708 3824 761; x_wconf 82' lang='grc' dir='ltr'>ἂν</span> 
     </span>
    </p>
   </div>
   <div class='ocr_carea' id='block_1_69' title="bbox 2260 784 3824 863">
    <p class='ocr_par' dir='ltr' id='par_1_69' title="bbox 2260 784 3824 863">
     <span class='ocr_line' id='line_1_69' title="bbox 2260 784 3824 863; baseline 0.008 -27"><span class='ocrx_word' id='word_1_518' title='bbox 2260 784 2570 853; x_wconf 86' lang='grc' dir='ltr'>ἐργάσαιτο.</span> <span class='ocrx_word' id='word_1_519' title='bbox 2618 789 2910 862; x_wconf 62' lang='grc' dir='ltr'>Συπρίψαι</span> <span class='ocrx_word' id='word_1_520' title='bbox 2950 793 3048 863; x_wconf 87' lang='grc' dir='ltr'>μέν</span> <span class='ocrx_word' id='word_1_521' title='bbox 3091 793 3308 848; x_wconf 86' lang='grc' dir='ltr'>δύναται</span> <span class='ocrx_word' id='word_1_522' title='bbox 3343 795 3507 858; x_wconf 87' lang='grc' dir='ltr'>λίθος,</span> <span class='ocrx_word' id='word_1_523' title='bbox 3550 795 3736 848; x_wconf 77' lang='grc' dir='ltr'>οὐσίαν</span> <span class='ocrx_word' id='word_1_524' title='bbox 3765 795 3824 848; x_wconf 79' lang='grc' dir='ltr'>δὲ</span> 
     </span>
    </p>
   </div>
   <div class='ocr_carea' id='block_1_70' title="bbox 2263 872 3824 950">
    <p class='ocr_par' dir='ltr' id='par_1_70' title="bbox 2263 872 3824 950">
     <span class='ocr_line' id='line_1_70' title="bbox 2263 872 3824 950; baseline 0.008 -29"><span class='ocrx_word' id='word_1_525' title='bbox 2263 872 2584 940; x_wconf 87' lang='grc' dir='ltr'>μεταϐαλεῖν</span> <span class='ocrx_word' id='word_1_526' title='bbox 2620 877 2680 929; x_wconf 85' lang='grc' dir='ltr'>οὐ</span> <span class='ocrx_word' id='word_1_527' title='bbox 2723 877 2961 932; x_wconf 87' lang='grc' dir='ltr'>δύναται.</span> <span class='ocrx_word' id='word_1_528' title='bbox 2997 880 3158 934; x_wconf 80' lang='grc' dir='ltr'>Ἀλλά</span> <span class='ocrx_word' id='word_1_529' title='bbox 3198 881 3355 934; x_wconf 87' lang='grc' dir='ltr'>τοῦτο</span> <span class='ocrx_word' id='word_1_530' title='bbox 3393 882 3630 950; x_wconf 82' lang='grc' dir='ltr'>γέγονεν.</span> <span class='ocrx_word' id='word_1_531' title='bbox 3671 877 3824 944; x_wconf 79' lang='grc' dir='ltr'>Εἶδες</span> 
     </span>
    </p>
   </div>
   <div class='ocr_carea' id='block_1_71' title="bbox 2257 957 3824 1040">
    <p class='ocr_par' dir='ltr' id='par_1_71' title="bbox 2257 957 3824 1040">
     <span class='ocr_line' id='line_1_71' title="bbox 2257 957 3824 1040; baseline 0.001 -22"><span class='ocrx_word' id='word_1_532' title='bbox 2257 957 2318 1010; x_wconf 81' lang='grc' dir='ltr'>τὸ</span> <span class='ocrx_word' id='word_1_533' title='bbox 2349 961 2642 1033; x_wconf 85' lang='grc' dir='ltr'>μυστήριον</span> <span class='ocrx_word' id='word_1_534' title='bbox 2666 964 2763 1032; x_wconf 83' lang='grc' dir='ltr'>τῆς</span> <span class='ocrx_word' id='word_1_535' title='bbox 2785 967 3146 1032; x_wconf 87' lang='grc' dir='ltr'>ἀναστάσεως.</span> <span class='ocrx_word' id='word_1_536' title='bbox 3167 969 3274 1021; x_wconf 79' lang='grc' dir='ltr'>Καὶ</span> <span class='ocrx_word' id='word_1_537' title='bbox 3299 971 3406 1040; x_wconf 75' lang='grc' dir='ltr'>γὰρ</span> <span class='ocrx_word' id='word_1_538' title='bbox 3427 969 3532 1023; x_wconf 89' lang='grc' dir='ltr'>τῶν</span> <span class='ocrx_word' id='word_1_539' title='bbox 3555 967 3824 1039; x_wconf 87' lang='grc' dir='ltr'>σωμάτων</span> 
     </span>
    </p>
   </div>
   <div class='ocr_carea' id='block_1_72' title="bbox 2258 1047 3824 1128">
    <p class='ocr_par' dir='ltr' id='par_1_72' title="bbox 2258 1047 3824 1128">
     <span class='ocr_line' id='line_1_72' title="bbox 2258 1047 3824 1128; baseline 0.004 -28"><span class='ocrx_word' id='word_1_540' title='bbox 2258 1047 2386 1117; x_wconf 79' lang='grc' dir='ltr'>ἡμῖν</span> <span class='ocrx_word' id='word_1_541' title='bbox 2411 1051 2671 1122; x_wconf 88' lang='grc' dir='ltr'>πρότερον</span> <span class='ocrx_word' id='word_1_542' title='bbox 2700 1055 3166 1125; x_wconf 85' lang='grc' dir='ltr'>στοιχειωθέντων,</span> <span class='ocrx_word' id='word_1_543' title='bbox 3194 1059 3286 1110; x_wconf 75' lang='grc' dir='ltr'>καὶ</span> <span class='ocrx_word' id='word_1_544' title='bbox 3315 1056 3449 1127; x_wconf 83' lang='grc' dir='ltr'>πρὸς</span> <span class='ocrx_word' id='word_1_545' title='bbox 3474 1056 3570 1128; x_wconf 80' lang='grc' dir='ltr'>τὴν</span> <span class='ocrx_word' id='word_1_546' title='bbox 3589 1055 3824 1127; x_wconf 83' lang='grc' dir='ltr'>ἀρχαίαν</span> 
     </span>
    </p>
   </div>
   <div class='ocr_carea' id='block_1_73' title="bbox 2258 1134 3825 1214">
    <p class='ocr_par' dir='ltr' id='par_1_73' title="bbox 2258 1134 3825 1214">
     <span class='ocr_line' id='line_1_73' title="bbox 2258 1134 3825 1214; baseline 0.005 -28"><span class='ocrx_word' id='word_1_547' title='bbox 2258 1134 2654 1192; x_wconf 68' lang='grc' dir='ltr'>ἐπανελθόντων</span> <span class='ocrx_word' id='word_1_548' title='bbox 2701 1140 2880 1210; x_wconf 89' lang='grc' dir='ltr'>φύσιν,</span> <span class='ocrx_word' id='word_1_549' title='bbox 2937 1141 3033 1214; x_wconf 81' lang='grc' dir='ltr'>τὴν</span> <span class='ocrx_word' id='word_1_550' title='bbox 3078 1143 3182 1213; x_wconf 82' lang='grc' dir='ltr'>γῆν</span> <span class='ocrx_word' id='word_1_551' title='bbox 3217 1142 3382 1212; x_wconf 86' lang='grc' dir='ltr'>λέγω,</span> <span class='ocrx_word' id='word_1_552' title='bbox 3407 1144 3526 1197; x_wconf 87' lang='grc' dir='ltr'>τότε</span> <span class='ocrx_word' id='word_1_553' title='bbox 3575 1145 3608 1213; x_wconf 80' lang='grc' dir='ltr'><strong>ή</strong></span> <span class='ocrx_word' id='word_1_554' title='bbox 3647 1141 3825 1212; x_wconf 83' lang='grc' dir='ltr'>φθορά</span> 
     </span>
    </p>
   </div>
   <div class='ocr_carea' id='block_1_74' title="bbox 2257 1222 3826 1295">
    <p class='ocr_par' dir='ltr' id='par_1_74' title="bbox 2257 1222 3826 1295">
     <span class='ocr_line' id='line_1_74' title="bbox 2257 1222 3826 1295; baseline 0.004 -21"><span class='ocrx_word' id='word_1_555' title='bbox 2257 1222 2651 1295; x_wconf 85' lang='grc' dir='ltr'>ἐπεισέρχεται.</span> <span class='ocrx_word' id='word_1_556' title='bbox 2694 1227 2875 1282; x_wconf 88' lang='grc' dir='ltr'>Ταῦτα</span> <span class='ocrx_word' id='word_1_557' title='bbox 2908 1229 2964 1283; x_wconf 79' lang='grc' dir='ltr'>δὲ</span> <span class='ocrx_word' id='word_1_558' title='bbox 3000 1230 3178 1284; x_wconf 83' lang='grc' dir='ltr'>πάντα</span> <span class='ocrx_word' id='word_1_559' title='bbox 3204 1231 3233 1283; x_wconf 85' lang='grc' dir='ltr'>ὁ</span> <span class='ocrx_word' id='word_1_560' title='bbox 3269 1231 3416 1295; x_wconf 88' lang='grc' dir='ltr'>λίθος</span> <span class='ocrx_word' id='word_1_561' title='bbox 3448 1235 3606 1286; x_wconf 84' lang='grc' dir='ltr'>ποιεῖ.</span> <span class='ocrx_word' id='word_1_562' title='bbox 3659 1231 3826 1282; x_wconf 82' lang='grc' dir='ltr'>Ὥστε</span> 
     </span>
    </p>
   </div>
   <div class='ocr_carea' id='block_1_75' title="bbox 2257 1310 3822 1392">
    <p class='ocr_par' dir='ltr' id='par_1_75' title="bbox 2257 1310 3822 1392">
     <span class='ocr_line' id='line_1_75' title="bbox 2257 1310 3822 1392; baseline 0.004 -28"><span class='ocrx_word' id='word_1_563' title='bbox 2257 1310 2384 1365; x_wconf 83' lang='grc' dir='ltr'>ὅταν</span> <span class='ocrx_word' id='word_1_564' title='bbox 2408 1314 2521 1386; x_wconf 76' lang='grc' dir='ltr'>ἴδῃς</span> <span class='ocrx_word' id='word_1_565' title='bbox 2545 1315 2642 1386; x_wconf 75' lang='grc' dir='ltr'>τὴν</span> <span class='ocrx_word' id='word_1_566' title='bbox 2673 1318 2854 1370; x_wconf 88' lang='grc' dir='ltr'>εἰκόνα</span> <span class='ocrx_word' id='word_1_567' title='bbox 2883 1321 2947 1372; x_wconf 88' lang='grc' dir='ltr'>ἐκ</span> <span class='ocrx_word' id='word_1_568' title='bbox 2977 1318 3245 1391; x_wconf 88' lang='grc' dir='ltr'>διαφόρων</span> <span class='ocrx_word' id='word_1_569' title='bbox 3275 1319 3632 1392; x_wconf 74' lang='grc' dir='ltr'>συγκειμένην</span> <span class='ocrx_word' id='word_1_570' title='bbox 3658 1319 3822 1384; x_wconf 79' lang='grc' dir='ltr'>ὑλῶν,</span> 
     </span>
    </p>
   </div>
   <div class='ocr_carea' id='block_1_76' title="bbox 2258 1401 3826 1478">
    <p class='ocr_par' dir='ltr' id='par_1_76' title="bbox 2258 1401 3826 1478">
     <span class='ocr_line' id='line_1_76' title="bbox 2258 1401 3826 1478; baseline 0.005 -27"><span class='ocrx_word' id='word_1_571' title='bbox 2258 1401 2349 1452; x_wconf 75' lang='grc' dir='ltr'>καὶ</span> <span class='ocrx_word' id='word_1_572' title='bbox 2383 1401 2480 1472; x_wconf 83' lang='grc' dir='ltr'>τὴν</span> <span class='ocrx_word' id='word_1_573' title='bbox 2517 1403 2614 1468; x_wconf 80' lang='grc' dir='ltr'>μὲν</span> <span class='ocrx_word' id='word_1_574' title='bbox 2643 1404 2881 1476; x_wconf 82' lang='grc' dir='ltr'>κεφαλὴν</span> <span class='ocrx_word' id='word_1_575' title='bbox 2923 1406 3093 1477; x_wconf 69' lang='grc' dir='ltr'>αὐτῆς</span> <span class='ocrx_word' id='word_1_576' title='bbox 3141 1405 3417 1478; x_wconf 81' lang='grc' dir='ltr'>λαμπρὰν,</span> <span class='ocrx_word' id='word_1_577' title='bbox 3451 1407 3510 1460; x_wconf 86' lang='grc' dir='ltr'>τὸ</span> <span class='ocrx_word' id='word_1_578' title='bbox 3532 1407 3587 1458; x_wconf 84' lang='grc' dir='ltr'>δέ</span> <span class='ocrx_word' id='word_1_579' title='bbox 3628 1406 3826 1478; x_wconf 83' lang='grc' dir='ltr'>στῆθος</span> 
     </span>
    </p>
   </div>
   <div class='ocr_carea' id='block_1_77' title="bbox 2256 1487 3822 1565">
    <p class='ocr_par' dir='ltr' id='par_1_77' title="bbox 2256 1487 3822 1565">
     <span class='ocr_line' id='line_1_77' title="bbox 2256 1487 3822 1565; baseline 0.005 -25"><span class='ocrx_word' id='word_1_580' title='bbox 2256 1487 2599 1560; x_wconf 83' lang='grc' dir='ltr'>φαυλότερον,</span> <span class='ocrx_word' id='word_1_581' title='bbox 2643 1493 2738 1545; x_wconf 73' lang='grc' dir='ltr'>καὶ</span> <span class='ocrx_word' id='word_1_582' title='bbox 2778 1494 2877 1563; x_wconf 86' lang='grc' dir='ltr'>τὴν</span> <span class='ocrx_word' id='word_1_583' title='bbox 2916 1493 3160 1565; x_wconf 84' lang='grc' dir='ltr'>γαστέρα</span> <span class='ocrx_word' id='word_1_584' title='bbox 3211 1494 3558 1565; x_wconf 82' lang='grc' dir='ltr'>ἀτιμοτέραν,</span> <span class='ocrx_word' id='word_1_585' title='bbox 3595 1493 3691 1547; x_wconf 78' lang='grc' dir='ltr'>καὶ</span> <span class='ocrx_word' id='word_1_586' title='bbox 3722 1494 3822 1557; x_wconf 85' lang='grc' dir='ltr'>τάς</span> 
     </span>
    </p>
   </div>
   <div class='ocr_carea' id='block_1_78' title="bbox 2256 1577 3822 1653">
    <p class='ocr_par' dir='ltr' id='par_1_78' title="bbox 2256 1577 3822 1653">
     <span class='ocr_line' id='line_1_78' title="bbox 2256 1577 3822 1653; baseline -0.006 -11"><span class='ocrx_word' id='word_1_587' title='bbox 2256 1578 2467 1648; x_wconf 81' lang='grc' dir='ltr'>κνήμας</span> <span class='ocrx_word' id='word_1_588' title='bbox 2495 1577 2895 1650; x_wconf 72' lang='grc' dir='ltr'>εὐτελεστέρας,</span> <span class='ocrx_word' id='word_1_589' title='bbox 2921 1581 3016 1652; x_wconf 82' lang='grc' dir='ltr'>τὴν</span> <span class='ocrx_word' id='word_1_590' title='bbox 3051 1581 3314 1653; x_wconf 79' lang='grc' dir='ltr'>διαφορὰν</span> <span class='ocrx_word' id='word_1_591' title='bbox 3342 1581 3542 1651; x_wconf 88' lang='grc' dir='ltr'>ταύτην</span> <span class='ocrx_word' id='word_1_592' title='bbox 3566 1580 3692 1652; x_wconf 77' lang='grc' dir='ltr'>περὶ</span> <span class='ocrx_word' id='word_1_593' title='bbox 3719 1581 3822 1649; x_wconf 78' lang='grc' dir='ltr'>τὴν</span> 
     </span>
    </p>
   </div>
   <div class='ocr_carea' id='block_1_79' title="bbox 2254 1662 3823 1739">
    <p class='ocr_par' dir='ltr' id='par_1_79' title="bbox 2254 1662 3823 1739">
     <span class='ocr_line' id='line_1_79' title="bbox 2254 1662 3823 1739; baseline 0.003 -24"><span class='ocrx_word' id='word_1_594' title='bbox 2254 1662 2375 1733; x_wconf 66' lang='grc' dir='ltr'>ὅφιν</span> <span class='ocrx_word' id='word_1_595' title='bbox 2411 1664 2612 1734; x_wconf 77' lang='grc' dir='ltr'>νόμιζε.</span> <span class='ocrx_word' id='word_1_596' title='bbox 2656 1668 2798 1730; x_wconf 64' lang='lat' dir='ltr'>Muci;</span> <span class='ocrx_word' id='word_1_597' title='bbox 2827 1667 2936 1739; x_wconf 80' lang='grc' dir='ltr'>γάρ</span> <span class='ocrx_word' id='word_1_598' title='bbox 2958 1669 3142 1732; x_wconf 86' lang='grc' dir='ltr'>οὐσίας</span> <span class='ocrx_word' id='word_1_599' title='bbox 3171 1669 3238 1722; x_wconf 77' lang='grc' dir='ltr'>τὰ</span> <span class='ocrx_word' id='word_1_600' title='bbox 3263 1669 3440 1722; x_wconf 81' lang='grc' dir='ltr'>πάντα</span> <span class='ocrx_word' id='word_1_601' title='bbox 3458 1686 3471 1700; x_wconf 76' lang='grc' dir='ltr'><strong>ο</strong></span> <span class='ocrx_word' id='word_1_602' title='bbox 3497 1671 3588 1722; x_wconf 72' lang='grc' dir='ltr'>καὶ</span> <span class='ocrx_word' id='word_1_603' title='bbox 3614 1685 3823 1739; x_wconf 86' lang='grc' dir='ltr'>μαρτυ-</span> 
     </span>
    </p>
   </div>
   <div class='ocr_carea' id='block_1_80' title="bbox 2255 1750 3823 1825">
    <p class='ocr_par' dir='ltr' id='par_1_80' title="bbox 2255 1750 3823 1825">
     <span class='ocr_line' id='line_1_80' title="bbox 2255 1750 3823 1825; baseline 0.003 -23"><span class='ocrx_word' id='word_1_604' title='bbox 2255 1753 2340 1820; x_wconf 87' lang='grc' dir='ltr'>ρεῖ</span> <span class='ocrx_word' id='word_1_605' title='bbox 2357 1750 2417 1803; x_wconf 87' lang='grc' dir='ltr'>τὸ</span> <span class='ocrx_word' id='word_1_606' title='bbox 2445 1752 2613 1818; x_wconf 82' lang='grc' dir='ltr'>τέλος,</span> <span class='ocrx_word' id='word_1_607' title='bbox 2658 1756 2735 1816; x_wconf 88' lang='grc' dir='ltr'>εἰς</span> <span class='ocrx_word' id='word_1_608' title='bbox 2774 1755 2918 1807; x_wconf 87' lang='grc' dir='ltr'>κόνιν</span> <span class='ocrx_word' id='word_1_609' title='bbox 2967 1755 3181 1808; x_wconf 76' lang='grc' dir='ltr'>ἅπαντα</span> <span class='ocrx_word' id='word_1_610' title='bbox 3238 1755 3469 1810; x_wconf 86' lang='grc' dir='ltr'>διαλύον.</span> <span class='ocrx_word' id='word_1_611' title='bbox 3524 1755 3596 1808; x_wconf 85' lang='lat'><em>06</em></span> <span class='ocrx_word' id='word_1_612' title='bbox 3648 1752 3823 1825; x_wconf 72' lang='grc' dir='ltr'>μικρά</span> 
     </span>
    </p>
   </div>
   <div class='ocr_carea' id='block_1_81' title="bbox 2254 1836 3819 1912">
    <p class='ocr_par' dir='ltr' id='par_1_81' title="bbox 2254 1836 3819 1912">
     <span class='ocr_line' id='line_1_81' title="bbox 2254 1836 3819 1912; baseline 0.002 -21"><span class='ocrx_word' id='word_1_613' title='bbox 2254 1836 2389 1908; x_wconf 79' lang='grc' dir='ltr'>αὕτη</span> <span class='ocrx_word' id='word_1_614' title='bbox 2423 1839 2721 1909; x_wconf 86' lang='grc' dir='ltr'>φιλοσοφία.</span> <span class='ocrx_word' id='word_1_615' title='bbox 2767 1841 3044 1911; x_wconf 84' lang='grc' dir='ltr'>Ἐννόησον</span> <span class='ocrx_word' id='word_1_616' title='bbox 3082 1842 3189 1912; x_wconf 78' lang='grc' dir='ltr'>γάρ</span> <span class='ocrx_word' id='word_1_617' title='bbox 3218 1842 3316 1912; x_wconf 84' lang='grc' dir='ltr'>τὴν</span> <span class='ocrx_word' id='word_1_618' title='bbox 3349 1841 3658 1912; x_wconf 70' lang='grc' dir='ltr'>φιλοσοφίαν</span> <span class='ocrx_word' id='word_1_619' title='bbox 3682 1843 3819 1894; x_wconf 83' lang='grc' dir='ltr'>ταύ-</span> 
     </span>
    </p>
   </div>
   <div class='ocr_carea' id='block_1_82' title="bbox 2251 1927 3819 2000">
    <p class='ocr_par' dir='ltr' id='par_1_82' title="bbox 2251 1927 3819 2000">
     <span class='ocr_line' id='line_1_82' title="bbox 2251 1927 3819 2000; baseline 0.003 -23"><span class='ocrx_word' id='word_1_620' title='bbox 2251 1942 2351 1994; x_wconf 83' lang='grc' dir='ltr'>την</span> <span class='ocrx_word' id='word_1_621' title='bbox 2401 1927 2494 1978; x_wconf 76' lang='grc' dir='ltr'>καὶ</span> <span class='ocrx_word' id='word_1_622' title='bbox 2544 1927 2650 1980; x_wconf 86' lang='grc' dir='ltr'>ἀπὸ</span> <span class='ocrx_word' id='word_1_623' title='bbox 2697 1928 2804 1979; x_wconf 90' lang='grc' dir='ltr'>τῶν</span> <span class='ocrx_word' id='word_1_624' title='bbox 2837 1930 3120 2000; x_wconf 90' lang='grc' dir='ltr'>παρόντων</span> <span class='ocrx_word' id='word_1_625' title='bbox 3159 1930 3517 2000; x_wconf 79' lang='grc' dir='ltr'>πραγμάτων,</span> <span class='ocrx_word' id='word_1_626' title='bbox 3571 1929 3679 1983; x_wconf 86' lang='grc' dir='ltr'>ἀπὸ</span> <span class='ocrx_word' id='word_1_627' title='bbox 3719 1927 3819 1982; x_wconf 86' lang='grc' dir='ltr'>τοῦ</span> 
     </span>
    </p>
   </div>
   <div class='ocr_carea' id='block_1_83' title="bbox 2252 2012 3817 2085">
    <p class='ocr_par' dir='ltr' id='par_1_83' title="bbox 2252 2012 3817 2085">
     <span class='ocr_line' id='line_1_83' title="bbox 2252 2012 3817 2085; baseline 0.001 -20"><span class='ocrx_word' id='word_1_628' title='bbox 2252 2012 2576 2083; x_wconf 69' lang='grc' dir='ltr'>κρατοῦντος</span> <span class='ocrx_word' id='word_1_629' title='bbox 2598 2016 2922 2084; x_wconf 85' lang='grc' dir='ltr'>καταγαγὼν</span> <span class='ocrx_word' id='word_1_630' title='bbox 2946 2017 3035 2070; x_wconf 88' lang='grc' dir='ltr'>τὸν</span> <span class='ocrx_word' id='word_1_631' title='bbox 3058 2017 3423 2085; x_wconf 84' lang='grc' dir='ltr'>βασιλεύοντα,</span> <span class='ocrx_word' id='word_1_632' title='bbox 3445 2017 3534 2070; x_wconf 87' lang='grc' dir='ltr'>τὸν</span> <span class='ocrx_word' id='word_1_633' title='bbox 3551 2015 3817 2085; x_wconf 78' lang='grc' dir='ltr'>ὕπαρχον,</span> 
     </span>
    </p>
   </div>
   <div class='ocr_carea' id='block_1_84' title="bbox 2250 2100 3821 2173">
    <p class='ocr_par' dir='ltr' id='par_1_84' title="bbox 2250 2100 3821 2173">
     <span class='ocr_line' id='line_1_84' title="bbox 2250 2100 3821 2173; baseline 0.002 -23"><span class='ocrx_word' id='word_1_634' title='bbox 2250 2100 2339 2153; x_wconf 87' lang='grc' dir='ltr'>τὸν</span> <span class='ocrx_word' id='word_1_635' title='bbox 2365 2102 2479 2169; x_wconf 79' lang='grc' dir='ltr'>μετ’</span> <span class='ocrx_word' id='word_1_636' title='bbox 2496 2104 2718 2165; x_wconf 87' lang='grc' dir='ltr'>ἐκεῖνον,</span> <span class='ocrx_word' id='word_1_637' title='bbox 2744 2103 2832 2155; x_wconf 88' lang='grc' dir='ltr'>τὸν</span> <span class='ocrx_word' id='word_1_638' title='bbox 2849 2103 3066 2173; x_wconf 86' lang='grc' dir='ltr'>χαλκὸν,</span> <span class='ocrx_word' id='word_1_639' title='bbox 3086 2106 3209 2167; x_wconf 68' lang='grc' dir='ltr'>τοὺς</span> <span class='ocrx_word' id='word_1_640' title='bbox 3232 2103 3370 2173; x_wconf 83' lang='grc' dir='ltr'>μετά</span> <span class='ocrx_word' id='word_1_641' title='bbox 3383 2103 3552 2156; x_wconf 88' lang='grc' dir='ltr'>ταῦτα</span> <span class='ocrx_word' id='word_1_642' title='bbox 3566 2100 3821 2171; x_wconf 74' lang='grc' dir='ltr'>ὀστρακί-</span> 
     </span>
    </p>
   </div>
   <div class='ocr_carea' id='block_1_85' title="bbox 2252 2188 3820 2262">
    <p class='ocr_par' dir='ltr' id='par_1_85' title="bbox 2252 2188 3820 2262">
     <span class='ocr_line' id='line_1_85' title="bbox 2252 2188 3820 2262; baseline 0 -24"><span class='ocrx_word' id='word_1_643' title='bbox 2252 2202 2394 2251; x_wconf 85' lang='grc' dir='ltr'>νους,</span> <span class='ocrx_word' id='word_1_644' title='bbox 2445 2188 2709 2258; x_wconf 83' lang='grc' dir='ltr'>σιδηροῦς.</span> <span class='ocrx_word' id='word_1_645' title='bbox 2759 2191 2895 2242; x_wconf 86' lang='grc' dir='ltr'>Ἀλλ’</span> <span class='ocrx_word' id='word_1_646' title='bbox 2924 2191 3016 2243; x_wconf 85' lang='grc' dir='ltr'>ἐὰν</span> <span class='ocrx_word' id='word_1_647' title='bbox 3065 2194 3142 2254; x_wconf 82' lang='grc' dir='ltr'>εἰς</span> <span class='ocrx_word' id='word_1_648' title='bbox 3183 2191 3280 2262; x_wconf 81' lang='grc' dir='ltr'>τὴν</span> <span class='ocrx_word' id='word_1_649' title='bbox 3325 2191 3478 2262; x_wconf 83' lang='grc' dir='ltr'>σορὸν</span> <span class='ocrx_word' id='word_1_650' title='bbox 3499 2189 3673 2259; x_wconf 74' lang='grc' dir='ltr'>ἔλθῃς,</span> <span class='ocrx_word' id='word_1_651' title='bbox 3715 2189 3820 2240; x_wconf 75' lang='grc' dir='ltr'>κάν</span> 
     </span>
    </p>
   </div>
   <div class='ocr_carea' id='block_1_86' title="bbox 2255 2274 3823 2350">
    <p class='ocr_par' dir='ltr' id='par_1_86' title="bbox 2255 2274 3823 2350">
     <span class='ocr_line' id='line_1_86' title="bbox 2255 2274 3823 2350; baseline 0 -23"><span class='ocrx_word' id='word_1_652' title='bbox 2255 2274 2505 2344; x_wconf 81' lang='grc' dir='ltr'>μυριάκις</span> <span class='ocrx_word' id='word_1_653' title='bbox 2525 2278 2681 2330; x_wconf 84' lang='grc' dir='ltr'>κάκεῖ</span> <span class='ocrx_word' id='word_1_654' title='bbox 2698 2276 2982 2346; x_wconf 74' lang='grc' dir='ltr'>βιάζωνται</span> <span class='ocrx_word' id='word_1_655' title='bbox 3003 2278 3240 2350; x_wconf 81' lang='grc' dir='ltr'>λάρνακα</span> <span class='ocrx_word' id='word_1_656' title='bbox 3260 2278 3462 2348; x_wconf 83' lang='grc' dir='ltr'>χρυσῆν</span> <span class='ocrx_word' id='word_1_657' title='bbox 3480 2276 3823 2330; x_wconf 84' lang='grc' dir='ltr'>κατασκευά-</span> 
     </span>
    </p>
   </div>
   <div class='ocr_carea' id='block_1_87' title="bbox 2252 2359 3821 2439">
    <p class='ocr_par' dir='ltr' id='par_1_87' title="bbox 2252 2359 3821 2439">
     <span class='ocr_line' id='line_1_87' title="bbox 2252 2359 3821 2439; baseline 0.003 -26"><span class='ocrx_word' id='word_1_658' title='bbox 2252 2359 2452 2426; x_wconf 80' lang='grc' dir='ltr'>ζοντες,</span> <span class='ocrx_word' id='word_1_659' title='bbox 2489 2364 2606 2434; x_wconf 74' lang='grc' dir='ltr'>ὄψει</span> <span class='ocrx_word' id='word_1_660' title='bbox 2642 2366 2739 2436; x_wconf 76' lang='grc' dir='ltr'>τὴν</span> <span class='ocrx_word' id='word_1_661' title='bbox 2779 2366 2939 2435; x_wconf 87' lang='grc' dir='ltr'>φύσιν</span> <span class='ocrx_word' id='word_1_662' title='bbox 2983 2367 3170 2439; x_wconf 74' lang='grc' dir='ltr'>αὐτὴν.</span> <span class='ocrx_word' id='word_1_663' title='bbox 3225 2368 3391 2421; x_wconf 84' lang='grc' dir='ltr'>Πάλιν</span> <span class='ocrx_word' id='word_1_664' title='bbox 3424 2367 3532 2419; x_wconf 92' lang='grc' dir='ltr'>νόει</span> <span class='ocrx_word' id='word_1_665' title='bbox 3597 2381 3684 2434; x_wconf 87' lang='grc' dir='ltr'>μοι</span> <span class='ocrx_word' id='word_1_666' title='bbox 3725 2365 3821 2418; x_wconf 83' lang='grc' dir='ltr'>τὸν</span> 
     </span>
    </p>
   </div>
   <div class='ocr_carea' id='block_1_88' title="bbox 2252 2449 3822 2522">
    <p class='ocr_par' dir='ltr' id='par_1_88' title="bbox 2252 2449 3822 2522">
     <span class='ocr_line' id='line_1_88' title="bbox 2252 2449 3822 2522; baseline 0.001 -21"><span class='ocrx_word' id='word_1_667' title='bbox 2252 2449 2520 2512; x_wconf 87' lang='grc' dir='ltr'>πλούσιον,</span> <span class='ocrx_word' id='word_1_668' title='bbox 2561 2453 2648 2504; x_wconf 87' lang='grc' dir='ltr'>τὸν</span> <span class='ocrx_word' id='word_1_669' title='bbox 2679 2453 2917 2522; x_wconf 80' lang='grc' dir='ltr'>δέσμιον,</span> <span class='ocrx_word' id='word_1_670' title='bbox 2946 2455 3150 2506; x_wconf 86' lang='grc' dir='ltr'>ἐκεῖνον</span> <span class='ocrx_word' id='word_1_671' title='bbox 3185 2453 3274 2507; x_wconf 81' lang='grc' dir='ltr'>τὸν</span> <span class='ocrx_word' id='word_1_672' title='bbox 3305 2453 3576 2515; x_wconf 83' lang='grc' dir='ltr'>πλούσιον,</span> <span class='ocrx_word' id='word_1_673' title='bbox 3601 2452 3692 2504; x_wconf 84' lang='grc' dir='ltr'>τὸν</span> <span class='ocrx_word' id='word_1_674' title='bbox 3721 2453 3822 2502; x_wconf 80' lang='grc' dir='ltr'>πέ-</span> 
     </span>
    </p>
   </div>
   <div class='ocr_carea' id='block_1_89' title="bbox 2250 2539 3817 2612">
    <p class='ocr_par' dir='ltr' id='par_1_89' title="bbox 2250 2539 3817 2612">
     <span class='ocr_line' id='line_1_89' title="bbox 2250 2539 3817 2612; baseline 0.002 -23"><span class='ocrx_word' id='word_1_675' title='bbox 2250 2555 2384 2608; x_wconf 74' lang='grc' dir='ltr'>νητα</span> <span class='ocrx_word' id='word_1_676' title='bbox 2421 2539 2578 2609; x_wconf 84' lang='grc' dir='ltr'>μέχρι</span> <span class='ocrx_word' id='word_1_677' title='bbox 2624 2541 2714 2592; x_wconf 88' lang='grc' dir='ltr'>τοῦ</span> <span class='ocrx_word' id='word_1_678' title='bbox 2763 2541 3049 2612; x_wconf 80' lang='grc' dir='ltr'>ὀστράκου,</span> <span class='ocrx_word' id='word_1_679' title='bbox 3103 2542 3195 2595; x_wconf 79' lang='grc' dir='ltr'>καὶ</span> <span class='ocrx_word' id='word_1_680' title='bbox 3248 2541 3370 2611; x_wconf 68' lang='grc' dir='ltr'>ὄψει</span> <span class='ocrx_word' id='word_1_681' title='bbox 3423 2541 3599 2594; x_wconf 89' lang='grc' dir='ltr'>πάντα</span> <span class='ocrx_word' id='word_1_682' title='bbox 3645 2539 3817 2593; x_wconf 89' lang='grc' dir='ltr'>κόνιν.</span> 
     </span>
    </p>
   </div>
   <div class='ocr_carea' id='block_1_90' title="bbox 2262 2624 3819 2700">
    <p class='ocr_par' dir='ltr' id='par_1_90' title="bbox 2262 2624 3819 2700">
     <span class='ocr_line' id='line_1_90' title="bbox 2262 2624 3819 2700; baseline 0.001 -25"><span class='ocrx_word' id='word_1_683' title='bbox 2262 2624 2396 2676; x_wconf 82' lang='grc' dir='ltr'>Ἀλλ’</span> <span class='ocrx_word' id='word_1_684' title='bbox 2426 2627 2546 2697; x_wconf 83' lang='grc' dir='ltr'>ὅρα.</span> <span class='ocrx_word' id='word_1_685' title='bbox 2587 2629 2658 2680; x_wconf 85' lang='lat' dir='ltr'><em>O6</em></span> <span class='ocrx_word' id='word_1_686' title='bbox 2689 2627 2948 2699; x_wconf 87' lang='grc' dir='ltr'>πρότερον</span> <span class='ocrx_word' id='word_1_687' title='bbox 2977 2629 3146 2700; x_wconf 86' lang='grc' dir='ltr'>ἐφάνη</span> <span class='ocrx_word' id='word_1_688' title='bbox 3176 2628 3349 2682; x_wconf 89' lang='grc' dir='ltr'>πάντα</span> <span class='ocrx_word' id='word_1_689' title='bbox 3370 2627 3516 2691; x_wconf 88' lang='grc' dir='ltr'>κόνις</span> <span class='ocrx_word' id='word_1_690' title='bbox 3535 2627 3681 2689; x_wconf 75' lang='grc' dir='ltr'>ὄντα,</span> <span class='ocrx_word' id='word_1_691' title='bbox 3712 2626 3819 2688; x_wconf 79' lang='grc' dir='ltr'>ἕως</span> 
     </span>
    </p>
   </div>
   <div class='ocr_carea' id='block_1_91' title="bbox 2249 2712 3821 2785">
    <p class='ocr_par' dir='ltr' id='par_1_91' title="bbox 2249 2712 3821 2785">
     <span class='ocr_line' id='line_1_91' title="bbox 2249 2712 3821 2785; baseline 0.008 -20"><span class='ocrx_word' id='word_1_692' title='bbox 2249 2715 2276 2765; x_wconf 92' lang='lat'>6</span> <span class='ocrx_word' id='word_1_693' title='bbox 2312 2712 2456 2775; x_wconf 89' lang='grc' dir='ltr'>λίθος</span> <span class='ocrx_word' id='word_1_694' title='bbox 2481 2715 2795 2768; x_wconf 75' lang='grc' dir='ltr'>κατέπεσεν.</span> <span class='ocrx_word' id='word_1_695' title='bbox 2841 2714 3136 2785; x_wconf 79' lang='grc' dir='ltr'>Ἐθεώρεις</span> <span class='ocrx_word' id='word_1_696' title='bbox 3171 2716 3282 2781; x_wconf 68' lang='grc' dir='ltr'>ἕως</span> <span class='ocrx_word' id='word_1_697' title='bbox 3313 2713 3619 2784; x_wconf 79' lang='grc' dir='ltr'>ἀπετμήθη</span> <span class='ocrx_word' id='word_1_698' title='bbox 3645 2713 3821 2776; x_wconf 76' lang='grc' dir='ltr'>λίθος</span> 
     </span>
    </p>
   </div>
   <div class='ocr_carea' id='block_1_92' title="bbox 2249 2797 3820 2872">
    <p class='ocr_par' dir='ltr' id='par_1_92' title="bbox 2249 2797 3820 2872">
     <span class='ocr_line' id='line_1_92' title="bbox 2249 2797 3820 2872; baseline -0.002 -18"><span class='ocrx_word' id='word_1_699' title='bbox 2249 2800 2368 2854; x_wconf 74' lang='grc' dir='ltr'>ἀπὸ</span> <span class='ocrx_word' id='word_1_700' title='bbox 2396 2801 2501 2854; x_wconf 86' lang='grc' dir='ltr'>τοῦ</span> <span class='ocrx_word' id='word_1_701' title='bbox 2541 2801 2717 2869; x_wconf 79' lang='grc' dir='ltr'>ὄρους</span> <span class='ocrx_word' id='word_1_702' title='bbox 2762 2802 2906 2856; x_wconf 76' lang='grc' dir='ltr'>ἄνευ</span> <span class='ocrx_word' id='word_1_703' title='bbox 2948 2803 3192 2872; x_wconf 77' lang='grc' dir='ltr'>χειρῶν,</span> <span class='ocrx_word' id='word_1_704' title='bbox 3240 2803 3336 2857; x_wconf 81' lang='grc' dir='ltr'>καί</span> <span class='ocrx_word' id='word_1_705' title='bbox 3381 2801 3640 2864; x_wconf 81' lang='grc' dir='ltr'>ἐπάταξε</span> <span class='ocrx_word' id='word_1_706' title='bbox 3698 2797 3820 2867; x_wconf 75' lang='grc' dir='ltr'>τὴν</span> 
     </span>
    </p>
   </div>
   <div class='ocr_carea' id='block_1_93' title="bbox 2249 2887 3823 2958">
    <p class='ocr_par' dir='ltr' id='par_1_93' title="bbox 2249 2887 3823 2958">
     <span class='ocr_line' id='line_1_93' title="bbox 2249 2887 3823 2958; baseline 0 -18"><span class='ocrx_word' id='word_1_707' title='bbox 2249 2889 2468 2953; x_wconf 82' lang='grc' dir='ltr'>εἰκόνα,</span> <span class='ocrx_word' id='word_1_708' title='bbox 2497 2890 2592 2942; x_wconf 79' lang='grc' dir='ltr'>καὶ</span> <span class='ocrx_word' id='word_1_709' title='bbox 2619 2889 2756 2954; x_wconf 89' lang='grc' dir='ltr'>τοὺς</span> <span class='ocrx_word' id='word_1_710' title='bbox 2777 2889 2964 2956; x_wconf 82' lang='grc' dir='ltr'>πόδας</span> <span class='ocrx_word' id='word_1_711' title='bbox 2988 2889 3128 2956; x_wconf 88' lang='grc' dir='ltr'>τοὺς</span> <span class='ocrx_word' id='word_1_712' title='bbox 3156 2888 3440 2958; x_wconf 83' lang='grc' dir='ltr'>σιδηροῦς</span> <span class='ocrx_word' id='word_1_713' title='bbox 3477 2887 3578 2941; x_wconf 83' lang='grc' dir='ltr'>καί</span> <span class='ocrx_word' id='word_1_714' title='bbox 3603 2890 3823 2955; x_wconf 79' lang='grc' dir='ltr'>ὀστραο</span> 
     </span>
    </p>
   </div>
   <div class='ocr_carea' id='block_1_94' title="bbox 2251 2975 3820 3042">
    <p class='ocr_par' dir='ltr' id='par_1_94' title="bbox 2251 2975 3820 3042">
     <span class='ocr_line' id='line_1_94' title="bbox 2251 2975 3820 3042; baseline 0 -14"><span class='ocrx_word' id='word_1_715' title='bbox 2251 2977 2475 3042; x_wconf 82' lang='grc' dir='ltr'>κίνους,</span> <span class='ocrx_word' id='word_1_716' title='bbox 2541 2976 2640 3030; x_wconf 83' lang='grc' dir='ltr'>καί</span> <span class='ocrx_word' id='word_1_717' title='bbox 2687 2977 3017 3031; x_wconf 74' lang='grc' dir='ltr'>ἐλέπτυνεν</span> <span class='ocrx_word' id='word_1_718' title='bbox 3055 2977 3275 3041; x_wconf 88' lang='grc' dir='ltr'>αὐτοὺς</span> <span class='ocrx_word' id='word_1_719' title='bbox 3309 2979 3396 3042; x_wconf 83' lang='grc' dir='ltr'>εἰς</span> <span class='ocrx_word' id='word_1_720' title='bbox 3423 2975 3616 3040; x_wconf 68' lang='grc' dir='ltr'>τέλος.</span> <span class='ocrx_word' id='word_1_721' title='bbox 3679 2976 3820 3028; x_wconf 78' lang='grc' dir='ltr'>Τότε</span> 
     </span>
    </p>
   </div>
   <div class='ocr_carea' id='block_1_95' title="bbox 2248 3061 3822 3132">
    <p class='ocr_par' dir='ltr' id='par_1_95' title="bbox 2248 3061 3822 3132">
     <span class='ocr_line' id='line_1_95' title="bbox 2248 3061 3822 3132; baseline -0.001 -16"><span class='ocrx_word' id='word_1_722' title='bbox 2248 3063 2576 3129; x_wconf 82' lang='grc' dir='ltr'>ἐ.ἰεπτὺνθη</span> <span class='ocrx_word' id='word_1_723' title='bbox 2614 3066 2699 3129; x_wconf 86' lang='grc' dir='ltr'>εἰς</span> <span class='ocrx_word' id='word_1_724' title='bbox 2730 3063 2889 3128; x_wconf 75' lang='grc' dir='ltr'>ἅπαξ</span> <span class='ocrx_word' id='word_1_725' title='bbox 2916 3061 2981 3116; x_wconf 80' lang='grc' dir='ltr'>τὸ</span> <span class='ocrx_word' id='word_1_726' title='bbox 3021 3064 3335 3132; x_wconf 80' lang='grc' dir='ltr'>ὄστρακον,</span> <span class='ocrx_word' id='word_1_727' title='bbox 3384 3064 3418 3116; x_wconf 89' lang='grc' dir='ltr'>ό</span> <span class='ocrx_word' id='word_1_728' title='bbox 3469 3061 3734 3130; x_wconf 80' lang='grc' dir='ltr'>σίδηρος.</span> <span class='ocrx_word' id='word_1_729' title='bbox 3781 3063 3822 3116; x_wconf 80' lang='grc' dir='ltr'>ό</span> 
     </span>
    </p>
   </div>
   <div class='ocr_carea' id='block_1_96' title="bbox 2250 3148 3815 3222">
    <p class='ocr_par' dir='ltr' id='par_1_96' title="bbox 2250 3148 3815 3222">
     <span class='ocr_line' id='line_1_96' title="bbox 2250 3148 3815 3222; baseline -0.002 -18"><span class='ocrx_word' id='word_1_730' title='bbox 2250 3151 2474 3217; x_wconf 78' lang='grc' dir='ltr'>χαλκός</span> <span class='ocrx_word' id='word_1_731' title='bbox 2497 3161 2544 3214; x_wconf 77' lang='grc' dir='ltr'>ει,</span> <span class='ocrx_word' id='word_1_732' title='bbox 2589 3151 2686 3202; x_wconf 78' lang='grc' dir='ltr'>καί</span> <span class='ocrx_word' id='word_1_733' title='bbox 2712 3151 2987 3220; x_wconf 78' lang='grc' dir='ltr'>ἐγένοντο</span> <span class='ocrx_word' id='word_1_734' title='bbox 3017 3150 3157 3204; x_wconf 89' lang='grc' dir='ltr'>ὠσεί</span> <span class='ocrx_word' id='word_1_735' title='bbox 3196 3149 3347 3222; x_wconf 70' lang='grc'>[214]</span> <span class='ocrx_word' id='word_1_736' title='bbox 3373 3149 3675 3217; x_wconf 78' lang='grc' dir='ltr'>κονιορτὸς</span> <span class='ocrx_word' id='word_1_737' title='bbox 3696 3148 3815 3203; x_wconf 74' lang='grc' dir='ltr'>ἀπὸ</span> 
     </span>
    </p>
   </div>
   <div class='ocr_carea' id='block_1_97' title="bbox 2250 3239 3818 3310">
    <p class='ocr_par' dir='ltr' id='par_1_97' title="bbox 2250 3239 3818 3310">
     <span class='ocr_line' id='line_1_97' title="bbox 2250 3239 3818 3310; baseline -0.001 -16"><span class='ocrx_word' id='word_1_738' title='bbox 2250 3240 2479 3307; x_wconf 74' lang='grc' dir='ltr'><em>ἅλωνος</em></span> <span class='ocrx_word' id='word_1_739' title='bbox 2520 3240 2759 3310; x_wconf 72' lang='grc' dir='ltr'>θερινῆς</span> <span class='ocrx_word' id='word_1_740' title='bbox 2805 3257 2818 3271; x_wconf 90' lang='grc'><strong>·</strong></span> <span class='ocrx_word' id='word_1_741' title='bbox 2871 3240 2971 3294; x_wconf 84' lang='grc' dir='ltr'>καί</span> <span class='ocrx_word' id='word_1_742' title='bbox 3014 3240 3231 3308; x_wconf 81' lang='grc' dir='ltr'>ἐξῆρεν</span> <span class='ocrx_word' id='word_1_743' title='bbox 3270 3239 3421 3294; x_wconf 82' lang='grc' dir='ltr'>αὐτὰ</span> <span class='ocrx_word' id='word_1_744' title='bbox 3465 3240 3530 3293; x_wconf 86' lang='grc' dir='ltr'>τὸ</span> <span class='ocrx_word' id='word_1_745' title='bbox 3581 3239 3818 3307; x_wconf 75' lang='grc' dir='ltr'>πλῆθος</span> 
     </span>
    </p>
   </div>
   <div class='ocr_carea' id='block_1_98' title="bbox 2250 3324 3818 3396">
    <p class='ocr_par' dir='ltr' id='par_1_98' title="bbox 2250 3324 3818 3396">
     <span class='ocr_line' id='line_1_98' title="bbox 2250 3324 3818 3396; baseline -0.002 -16"><span class='ocrx_word' id='word_1_746' title='bbox 2250 3327 2354 3380; x_wconf 88' lang='grc' dir='ltr'>τοῦ</span> <span class='ocrx_word' id='word_1_747' title='bbox 2385 3328 2742 3396; x_wconf 76' lang='grc' dir='ltr'>πνεύματος,</span> <span class='ocrx_word' id='word_1_748' title='bbox 2766 3326 2865 3381; x_wconf 81' lang='grc' dir='ltr'>καί</span> <span class='ocrx_word' id='word_1_749' title='bbox 2895 3329 3076 3393; x_wconf 82' lang='grc' dir='ltr'>τόπος</span> <span class='ocrx_word' id='word_1_750' title='bbox 3104 3329 3214 3394; x_wconf 83' lang='grc' dir='ltr'>οὐχ</span> <span class='ocrx_word' id='word_1_751' title='bbox 3240 3325 3448 3394; x_wconf 78' lang='grc' dir='ltr'>εὑρέθη</span> <span class='ocrx_word' id='word_1_752' title='bbox 3478 3324 3702 3391; x_wconf 83' lang='grc' dir='ltr'>αὐτοῖς.</span> <span class='ocrx_word' id='word_1_753' title='bbox 3739 3326 3818 3378; x_wconf 84' lang='lat'><em>06</em></span> 
     </span>
    </p>
   </div>
   <div class='ocr_carea' id='block_1_99' title="bbox 2247 3412 3820 3487">
    <p class='ocr_par' dir='ltr' id='par_1_99' title="bbox 2247 3412 3820 3487">
     <span class='ocr_line' id='line_1_99' title="bbox 2247 3412 3820 3487; baseline -0.001 -19"><span class='ocrx_word' id='word_1_754' title='bbox 2247 3417 2353 3486; x_wconf 68' lang='grc' dir='ltr'>γὰρ</span> <span class='ocrx_word' id='word_1_755' title='bbox 2381 3415 2645 3487; x_wconf 84' lang='grc' dir='ltr'>πρότερον</span> <span class='ocrx_word' id='word_1_756' title='bbox 2686 3415 2856 3485; x_wconf 77' lang='grc' dir='ltr'>ἐφάνη</span> <span class='ocrx_word' id='word_1_757' title='bbox 2879 3415 2983 3467; x_wconf 88' lang='grc' dir='ltr'>τῶν</span> <span class='ocrx_word' id='word_1_758' title='bbox 3011 3415 3349 3484; x_wconf 87' lang='grc' dir='ltr'>πραγμάτων</span> <span class='ocrx_word' id='word_1_759' title='bbox 3385 3415 3418 3484; x_wconf 81' lang='grc' dir='ltr'><strong>ὴ</strong></span> <span class='ocrx_word' id='word_1_760' title='bbox 3445 3412 3625 3482; x_wconf 86' lang='grc' dir='ltr'>φύσις,</span> <span class='ocrx_word' id='word_1_761' title='bbox 3652 3413 3758 3483; x_wconf 63' lang='grc' dir='ltr'>ἕως</span> <span class='ocrx_word' id='word_1_762' title='bbox 3787 3417 3820 3466; x_wconf 83' lang='grc' dir='ltr'><em>ὁ</em></span> 
     </span>
    </p>
   </div>
   <div class='ocr_carea' id='block_1_100' title="bbox 2245 3501 3816 3574">
    <p class='ocr_par' dir='ltr' id='par_1_100' title="bbox 2245 3501 3816 3574">
     <span class='ocr_line' id='line_1_100' title="bbox 2245 3501 3816 3574; baseline -0.002 -18"><span class='ocrx_word' id='word_1_763' title='bbox 2245 3504 2394 3574; x_wconf 76' lang='grc' dir='ltr'>ἥλιος</span> <span class='ocrx_word' id='word_1_764' title='bbox 2435 3503 2534 3574; x_wconf 79' lang='grc' dir='ltr'>τῆς</span> <span class='ocrx_word' id='word_1_765' title='bbox 2583 3502 2923 3572; x_wconf 84' lang='grc' dir='ltr'>δικαιοσύνης</span> <span class='ocrx_word' id='word_1_766' title='bbox 2973 3502 3263 3566; x_wconf 79' lang='grc' dir='ltr'>ἀνέτειλεν,</span> <span class='ocrx_word' id='word_1_767' title='bbox 3303 3501 3383 3554; x_wconf 83' lang='grc' dir='ltr'>ὅτι</span> <span class='ocrx_word' id='word_1_768' title='bbox 3429 3502 3457 3554; x_wconf 90' lang='lat'>6</span> <span class='ocrx_word' id='word_1_769' title='bbox 3505 3501 3708 3572; x_wconf 82' lang='grc' dir='ltr'>χρυσὸς</span> <span class='ocrx_word' id='word_1_770' title='bbox 3752 3501 3816 3553; x_wconf 81' lang='lat' dir='ltr'><em>o6</em></span> 
     </span>
    </p>
   </div>
   <div class='ocr_carea' id='block_1_101' title="bbox 2247 3589 3820 3663">
    <p class='ocr_par' dir='ltr' id='par_1_101' title="bbox 2247 3589 3820 3663">
     <span class='ocr_line' id='line_1_101' title="bbox 2247 3589 3820 3663; baseline 0.002 -21"><span class='ocrx_word' id='word_1_771' title='bbox 2247 3592 2462 3661; x_wconf 89' lang='grc' dir='ltr'>χρυσός.</span> <span class='ocrx_word' id='word_1_772' title='bbox 2513 3592 2651 3663; x_wconf 86' lang='grc' dir='ltr'>Ὅρα</span> <span class='ocrx_word' id='word_1_773' title='bbox 2702 3593 2758 3645; x_wconf 82' lang='grc' dir='ltr'>δὲ</span> <span class='ocrx_word' id='word_1_774' title='bbox 2791 3592 2883 3645; x_wconf 82' lang='grc' dir='ltr'>καὶ</span> <span class='ocrx_word' id='word_1_775' title='bbox 2924 3591 2981 3646; x_wconf 86' lang='grc' dir='ltr'>ἐν</span> <span class='ocrx_word' id='word_1_776' title='bbox 3019 3591 3166 3662; x_wconf 82' lang='grc' dir='ltr'>αὐτῷ</span> <span class='ocrx_word' id='word_1_777' title='bbox 3207 3589 3380 3661; x_wconf 86' lang='grc' dir='ltr'>τούτῳ</span> <span class='ocrx_word' id='word_1_778' title='bbox 3434 3590 3494 3643; x_wconf 82' lang='grc' dir='ltr'>οὒ</span> <span class='ocrx_word' id='word_1_779' title='bbox 3538 3590 3678 3660; x_wconf 78' lang='grc' dir='ltr'>μετὰ</span> <span class='ocrx_word' id='word_1_780' title='bbox 3714 3591 3820 3661; x_wconf 76' lang='grc' dir='ltr'>τὴν</span> 
     </span>
    </p>
   </div>
   <div class='ocr_carea' id='block_1_102' title="bbox 2247 3677 3816 3749">
    <p class='ocr_par' dir='ltr' id='par_1_102' title="bbox 2247 3677 3816 3749">
     <span class='ocr_line' id='line_1_102' title="bbox 2247 3677 3816 3749; baseline 0 -19"><span class='ocrx_word' id='word_1_781' title='bbox 2247 3678 2553 3749; x_wconf 73' lang='grc' dir='ltr'>συντριϐὴν,</span> <span class='ocrx_word' id='word_1_782' title='bbox 2591 3679 2705 3732; x_wconf 86' lang='grc' dir='ltr'>ἀλλ’</span> <span class='ocrx_word' id='word_1_783' title='bbox 2737 3679 2819 3731; x_wconf 77' lang='grc' dir='ltr'>ἔτι</span> <span class='ocrx_word' id='word_1_784' title='bbox 2861 3679 3108 3732; x_wconf 80' lang='grc' dir='ltr'>ἑστώτων</span> <span class='ocrx_word' id='word_1_785' title='bbox 3147 3679 3345 3743; x_wconf 80' lang='grc' dir='ltr'>αὐτῶν,</span> <span class='ocrx_word' id='word_1_786' title='bbox 3377 3677 3525 3731; x_wconf 84' lang='grc' dir='ltr'>οὐδὲν</span> <span class='ocrx_word' id='word_1_787' title='bbox 3561 3677 3618 3730; x_wconf 84' lang='grc' dir='ltr'>δέ</span> <span class='ocrx_word' id='word_1_788' title='bbox 3653 3677 3816 3731; x_wconf 88' lang='grc' dir='ltr'>τοῦτο</span> 
     </span>
    </p>
   </div>
   <div class='ocr_carea' id='block_1_103' title="bbox 2244 3763 3814 3838">
    <p class='ocr_par' dir='ltr' id='par_1_103' title="bbox 2244 3763 3814 3838">
     <span class='ocr_line' id='line_1_103' title="bbox 2244 3763 3814 3838; baseline 0 -21"><span class='ocrx_word' id='word_1_789' title='bbox 2244 3765 2451 3818; x_wconf 84' lang='grc' dir='ltr'>ἐκείνου</span> <span class='ocrx_word' id='word_1_790' title='bbox 2507 3766 2826 3838; x_wconf 83' lang='grc' dir='ltr'>τιμιώτερον</span> <span class='ocrx_word' id='word_1_791' title='bbox 2859 3765 2940 3820; x_wconf 78' lang='grc' dir='ltr'>ὅν.</span> <span class='ocrx_word' id='word_1_792' title='bbox 2983 3767 3125 3836; x_wconf 85' lang='grc' dir='ltr'>Ὅρα</span> <span class='ocrx_word' id='word_1_793' title='bbox 3178 3767 3272 3820; x_wconf 69' lang='grc' dir='ltr'>καὶ</span> <span class='ocrx_word' id='word_1_794' title='bbox 3313 3767 3380 3836; x_wconf 83' lang='grc' dir='ltr'>τῇ</span> <span class='ocrx_word' id='word_1_795' title='bbox 3410 3766 3552 3834; x_wconf 68' lang='grc' dir='ltr'>δψει,</span> <span class='ocrx_word' id='word_1_796' title='bbox 3597 3765 3692 3818; x_wconf 78' lang='grc' dir='ltr'>καὶ</span> <span class='ocrx_word' id='word_1_797' title='bbox 3735 3763 3814 3834; x_wconf 85' lang='grc' dir='ltr'>τῷ</span> 
     </span>
    </p>
   </div>
   <div class='ocr_carea' id='block_1_104' title="bbox 2245 3851 3816 3924">
    <p class='ocr_par' dir='ltr' id='par_1_104' title="bbox 2245 3851 3816 3924">
     <span class='ocr_line' id='line_1_104' title="bbox 2245 3851 3816 3924; baseline 0.001 -22"><span class='ocrx_word' id='word_1_798' title='bbox 2245 3852 2439 3922; x_wconf 87' lang='grc' dir='ltr'>χρόνῳ,</span> <span class='ocrx_word' id='word_1_799' title='bbox 2492 3853 2585 3905; x_wconf 75' lang='grc' dir='ltr'>καὶ</span> <span class='ocrx_word' id='word_1_800' title='bbox 2625 3856 2692 3924; x_wconf 82' lang='grc' dir='ltr'>τῇ</span> <span class='ocrx_word' id='word_1_801' title='bbox 2727 3853 2970 3923; x_wconf 85' lang='grc' dir='ltr'>ποιότητι</span> <span class='ocrx_word' id='word_1_802' title='bbox 2999 3852 3171 3905; x_wconf 86' lang='grc' dir='ltr'>ταῦτα</span> <span class='ocrx_word' id='word_1_803' title='bbox 3197 3852 3418 3906; x_wconf 79' lang='grc' dir='ltr'>ἐκείνων</span> <span class='ocrx_word' id='word_1_804' title='bbox 3462 3851 3674 3922; x_wconf 81' lang='grc' dir='ltr'>βελτίω.</span> <span class='ocrx_word' id='word_1_805' title='bbox 3713 3851 3816 3904; x_wconf 75' lang='grc' dir='ltr'>Διὰ</span> 
     </span>
    </p>
   </div>
   <div class='ocr_carea' id='block_1_105' title="bbox 2244 3938 3813 4010">
    <p class='ocr_par' dir='ltr' id='par_1_105' title="bbox 2244 3938 3813 4010">
     <span class='ocr_line' id='line_1_105' title="bbox 2244 3938 3813 4010; baseline 0 -19"><span class='ocrx_word' id='word_1_806' title='bbox 2244 3938 2352 4008; x_wconf 80' lang='grc' dir='ltr'>γὰρ</span> <span class='ocrx_word' id='word_1_807' title='bbox 2373 3939 2526 3992; x_wconf 84' lang='grc' dir='ltr'>τοῦτο</span> <span class='ocrx_word' id='word_1_808' title='bbox 2551 3940 2644 3992; x_wconf 73' lang='grc' dir='ltr'>καὶ</span> <span class='ocrx_word' id='word_1_809' title='bbox 2680 3940 2897 4010; x_wconf 87' lang='grc' dir='ltr'>χρυσίον</span> <span class='ocrx_word' id='word_1_810' title='bbox 2937 3939 3042 3992; x_wconf 86' lang='grc' dir='ltr'>ἀπὸ</span> <span class='ocrx_word' id='word_1_811' title='bbox 3068 3939 3172 4008; x_wconf 80' lang='grc' dir='ltr'>γῆς</span> <span class='ocrx_word' id='word_1_812' title='bbox 3201 3941 3452 4010; x_wconf 86' lang='grc' dir='ltr'>ἐποίησεν</span> <span class='ocrx_word' id='word_1_813' title='bbox 3476 3939 3505 3991; x_wconf 89' lang='lat'>6</span> <span class='ocrx_word' id='word_1_814' title='bbox 3537 3939 3690 4001; x_wconf 85' lang='grc' dir='ltr'>Θεὸς,</span> <span class='ocrx_word' id='word_1_815' title='bbox 3723 3939 3813 3991; x_wconf 79' lang='grc' dir='ltr'>ἵνα</span> 
     </span>
    </p>
   </div>
   <div class='ocr_carea' id='block_1_106' title="bbox 2247 4025 3813 4098">
    <p class='ocr_par' dir='ltr' id='par_1_106' title="bbox 2247 4025 3813 4098">
     <span class='ocr_line' id='line_1_106' title="bbox 2247 4025 3813 4098; baseline -0.001 -18"><span class='ocrx_word' id='word_1_816' title='bbox 2247 4028 2408 4098; x_wconf 79' lang='grc' dir='ltr'>μηδὲν</span> <span class='ocrx_word' id='word_1_817' title='bbox 2434 4027 2574 4097; x_wconf 87' lang='grc' dir='ltr'>μέγα</span> <span class='ocrx_word' id='word_1_818' title='bbox 2609 4028 2734 4098; x_wconf 77' lang='grc' dir='ltr'>περὶ</span> <span class='ocrx_word' id='word_1_819' title='bbox 2763 4027 2926 4081; x_wconf 84' lang='grc' dir='ltr'>αὐτοῦ</span> <span class='ocrx_word' id='word_1_820' title='bbox 2970 4027 3280 4098; x_wconf 84' lang='grc' dir='ltr'>φαντασθῇς</span> <span class='ocrx_word' id='word_1_821' title='bbox 3348 4026 3504 4090; x_wconf 86' lang='grc' dir='ltr'>Τίνος</span> <span class='ocrx_word' id='word_1_822' title='bbox 3535 4025 3590 4078; x_wconf 81' lang='grc' dir='ltr'>δὲ</span> <span class='ocrx_word' id='word_1_823' title='bbox 3623 4026 3813 4079; x_wconf 70' lang='grc' dir='ltr'>ἕνεκεν</span> 
     </span>
    </p>
   </div>
   <div class='ocr_carea' id='block_1_107' title="bbox 2241 4112 3813 4186">
    <p class='ocr_par' dir='ltr' id='par_1_107' title="bbox 2241 4112 3813 4186">
     <span class='ocr_line' id='line_1_107' title="bbox 2241 4112 3813 4186; baseline -0.001 -19"><span class='ocrx_word' id='word_1_824' title='bbox 2241 4115 2338 4184; x_wconf 82' lang='grc' dir='ltr'>τὴν</span> <span class='ocrx_word' id='word_1_825' title='bbox 2361 4115 2523 4167; x_wconf 82' lang='grc' dir='ltr'>αὑτοῦ</span> <span class='ocrx_word' id='word_1_826' title='bbox 2548 4115 2817 4186; x_wconf 84' lang='grc' dir='ltr'>βασιλείαν</span> <span class='ocrx_word' id='word_1_827' title='bbox 2845 4114 2998 4166; x_wconf 86' lang='grc' dir='ltr'>καλεῖ</span> <span class='ocrx_word' id='word_1_828' title='bbox 3019 4113 3244 4184; x_wconf 81' lang='grc' dir='ltr'>χρυσῆν,</span> <span class='ocrx_word' id='word_1_829' title='bbox 3267 4113 3362 4185; x_wconf 76' lang='grc' dir='ltr'>τὴν</span> <span class='ocrx_word' id='word_1_830' title='bbox 3383 4113 3439 4167; x_wconf 77' lang='grc' dir='ltr'>δὲ</span> <span class='ocrx_word' id='word_1_831' title='bbox 3461 4113 3567 4168; x_wconf 88' lang='grc' dir='ltr'>τῶν</span> <span class='ocrx_word' id='word_1_832' title='bbox 3583 4112 3813 4183; x_wconf 86' lang='grc' dir='ltr'>Περσῶν</span> 
     </span>
    </p>
   </div>
   <div class='ocr_carea' id='block_1_108' title="bbox 2242 4199 3812 4274">
    <p class='ocr_par' dir='ltr' id='par_1_108' title="bbox 2242 4199 3812 4274">
     <span class='ocr_line' id='line_1_108' title="bbox 2242 4199 3812 4274; baseline -0.001 -20"><span class='ocrx_word' id='word_1_833' title='bbox 2242 4203 2504 4273; x_wconf 70' lang='grc' dir='ltr'>ἀργυρᾶν,</span> <span class='ocrx_word' id='word_1_834' title='bbox 2544 4203 2637 4256; x_wconf 71' lang='grc' dir='ltr'>καὶ</span> <span class='ocrx_word' id='word_1_835' title='bbox 2669 4203 2763 4274; x_wconf 78' lang='grc' dir='ltr'>τὴν</span> <span class='ocrx_word' id='word_1_836' title='bbox 2805 4201 2910 4255; x_wconf 84' lang='grc' dir='ltr'>τῶν</span> <span class='ocrx_word' id='word_1_837' title='bbox 2949 4201 3272 4256; x_wconf 81' lang='grc' dir='ltr'>Μακεδόνων</span> <span class='ocrx_word' id='word_1_838' title='bbox 3309 4201 3534 4272; x_wconf 81' lang='grc' dir='ltr'>χαλκῆν,</span> <span class='ocrx_word' id='word_1_839' title='bbox 3580 4202 3676 4254; x_wconf 75' lang='grc' dir='ltr'>καὶ</span> <span class='ocrx_word' id='word_1_840' title='bbox 3709 4199 3812 4271; x_wconf 78' lang='grc' dir='ltr'>τὴν</span> 
     </span>
    </p>
   </div>
   <div class='ocr_carea' id='block_1_109' title="bbox 2241 4287 3813 4361">
    <p class='ocr_par' dir='ltr' id='par_1_109' title="bbox 2241 4287 3813 4361">
     <span class='ocr_line' id='line_1_109' title="bbox 2241 4287 3813 4361; baseline -0.001 -20"><span class='ocrx_word' id='word_1_841' title='bbox 2241 4291 2347 4342; x_wconf 82' lang='grc' dir='ltr'>τῶν</span> <span class='ocrx_word' id='word_1_842' title='bbox 2383 4291 2664 4359; x_wconf 83' lang='grc' dir='ltr'>Ῥωμαίων</span> <span class='ocrx_word' id='word_1_843' title='bbox 2686 4291 2908 4359; x_wconf 79' lang='grc' dir='ltr'>σιδηρᾶν</span> <span class='ocrx_word' id='word_1_844' title='bbox 2930 4290 3021 4342; x_wconf 72' lang='grc' dir='ltr'>καὶ</span> <span class='ocrx_word' id='word_1_845' title='bbox 3046 4288 3404 4361; x_wconf 77' lang='grc' dir='ltr'>ὀστρακίνηνς</span> <span class='ocrx_word' id='word_1_846' title='bbox 3441 4288 3580 4357; x_wconf 88' lang='grc' dir='ltr'>Ὀρα</span> <span class='ocrx_word' id='word_1_847' title='bbox 3608 4287 3813 4341; x_wconf 88' lang='grc' dir='ltr'>καταλ-</span> 
     </span>
    </p>
   </div>
   <div class='ocr_carea' id='block_1_110' title="bbox 2241 4375 3811 4447">
    <p class='ocr_par' dir='ltr' id='par_1_110' title="bbox 2241 4375 3811 4447">
     <span class='ocr_line' id='line_1_110' title="bbox 2241 4375 3811 4447; baseline 0.001 -20"><span class='ocrx_word' id='word_1_848' title='bbox 2241 4376 2433 4447; x_wconf 85' lang='grc' dir='ltr'>λήλους</span> <span class='ocrx_word' id='word_1_849' title='bbox 2467 4378 2563 4438; x_wconf 81' lang='grc' dir='ltr'>τὰς</span> <span class='ocrx_word' id='word_1_850' title='bbox 2601 4375 2749 4439; x_wconf 76' lang='grc' dir='ltr'>ὔλας.</span> <span class='ocrx_word' id='word_1_851' title='bbox 2798 4377 2855 4429; x_wconf 87' lang='lat'>&#39;0</span> <span class='ocrx_word' id='word_1_852' title='bbox 2891 4378 2994 4445; x_wconf 79' lang='grc' dir='ltr'>γάρ</span> <span class='ocrx_word' id='word_1_853' title='bbox 3034 4375 3230 4444; x_wconf 87' lang='grc' dir='ltr'>χρυσὸς</span> <span class='ocrx_word' id='word_1_854' title='bbox 3269 4375 3499 4428; x_wconf 87' lang='grc' dir='ltr'>πλούτου</span> <span class='ocrx_word' id='word_1_855' title='bbox 3547 4375 3643 4444; x_wconf 87' lang='grc' dir='ltr'>μέν</span> <span class='ocrx_word' id='word_1_856' title='bbox 3691 4376 3811 4428; x_wconf 86' lang='grc' dir='ltr'>ἐστι</span> 
     </span>
    </p>
   </div>
   <div class='ocr_carea' id='block_1_111' title="bbox 2244 4461 3812 4533">
    <p class='ocr_par' dir='ltr' id='par_1_111' title="bbox 2244 4461 3812 4533">
     <span class='ocr_line' id='line_1_111' title="bbox 2244 4461 3812 4533; baseline -0.001 -18"><span class='ocrx_word' id='word_1_857' title='bbox 2244 4463 2590 4532; x_wconf 75' lang='grc' dir='ltr'>ἐμφαντικὸν,</span> <span class='ocrx_word' id='word_1_858' title='bbox 2622 4462 2842 4525; x_wconf 84' lang='grc' dir='ltr'>ἀσθενὲς</span> <span class='ocrx_word' id='word_1_859' title='bbox 2871 4463 2949 4525; x_wconf 82' lang='grc' dir='ltr'>δὲ,</span> <span class='ocrx_word' id='word_1_860' title='bbox 2979 4463 3072 4515; x_wconf 79' lang='grc' dir='ltr'>καὶ</span> <span class='ocrx_word' id='word_1_861' title='bbox 3115 4461 3250 4532; x_wconf 87' lang='grc' dir='ltr'>πρὸς</span> <span class='ocrx_word' id='word_1_862' title='bbox 3291 4462 3510 4532; x_wconf 87' lang='grc' dir='ltr'>ἀπάτην</span> <span class='ocrx_word' id='word_1_863' title='bbox 3540 4463 3633 4514; x_wconf 76' lang='grc' dir='ltr'>καὶ</span> <span class='ocrx_word' id='word_1_864' title='bbox 3671 4462 3812 4533; x_wconf 87' lang='grc' dir='ltr'>πρὸς</span> 
     </span>
    </p>
   </div>
   <div class='ocr_carea' id='block_1_112' title="bbox 2243 4549 3810 4621">
    <p class='ocr_par' dir='ltr' id='par_1_112' title="bbox 2243 4549 3810 4621">
     <span class='ocr_line' id='line_1_112' title="bbox 2243 4549 3810 4621; baseline -0.001 -17"><span class='ocrx_word' id='word_1_865' title='bbox 2243 4553 2443 4621; x_wconf 86' lang='grc' dir='ltr'>κόσμον</span> <span class='ocrx_word' id='word_1_866' title='bbox 2477 4552 2671 4620; x_wconf 81' lang='grc' dir='ltr'>μᾶλλον</span> <span class='ocrx_word' id='word_1_867' title='bbox 2697 4552 2788 4604; x_wconf 73' lang='grc' dir='ltr'>καὶ</span> <span class='ocrx_word' id='word_1_868' title='bbox 2815 4551 3121 4620; x_wconf 83' lang='grc' dir='ltr'>φιλοτιμίαν</span> <span class='ocrx_word' id='word_1_869' title='bbox 3159 4551 3476 4621; x_wconf 82' lang='grc' dir='ltr'>ἐπιτήδειος.</span> <span class='ocrx_word' id='word_1_870' title='bbox 3529 4549 3687 4604; x_wconf 78' lang='grc' dir='ltr'>Οὕτω</span> <span class='ocrx_word' id='word_1_871' title='bbox 3713 4551 3810 4603; x_wconf 72' lang='grc' dir='ltr'>καὶ</span> 
     </span>
    </p>
   </div>
   <div class='ocr_carea' id='block_1_113' title="bbox 2242 4636 3810 4709">
    <p class='ocr_par' dir='ltr' id='par_1_113' title="bbox 2242 4636 3810 4709">
     <span class='ocr_line' id='line_1_113' title="bbox 2242 4636 3810 4709; baseline 0.001 -21"><span class='ocrx_word' id='word_1_872' title='bbox 2242 4638 2420 4709; x_wconf 75' lang='grc' dir='ltr'>ἐκείνη</span> <span class='ocrx_word' id='word_1_873' title='bbox 2456 4640 2487 4707; x_wconf 78' lang='grc' dir='ltr'>ἡ</span> <span class='ocrx_word' id='word_1_874' title='bbox 2515 4637 2754 4708; x_wconf 75' lang='grc' dir='ltr'>βασιλεία</span> <span class='ocrx_word' id='word_1_875' title='bbox 2785 4639 2816 4706; x_wconf 82' lang='grc' dir='ltr'><strong>ή</strong></span> <span class='ocrx_word' id='word_1_876' title='bbox 2845 4636 2936 4689; x_wconf 89' lang='grc' dir='ltr'>τοῦ</span> <span class='ocrx_word' id='word_1_877' title='bbox 2970 4637 3262 4708; x_wconf 83' lang='grc' dir='ltr'>βαρϐάρου.</span> <span class='ocrx_word' id='word_1_878' title='bbox 3308 4637 3448 4690; x_wconf 79' lang='grc' dir='ltr'>Πολὺ</span> <span class='ocrx_word' id='word_1_879' title='bbox 3498 4640 3628 4708; x_wconf 84' lang='grc' dir='ltr'>παρ’</span> <span class='ocrx_word' id='word_1_880' title='bbox 3661 4636 3810 4706; x_wconf 84' lang='grc' dir='ltr'>αὐτῷ</span> 
     </span>
    </p>
   </div>
   <div class='ocr_carea' id='block_1_114' title="bbox 2240 4716 3810 4797">
    <p class='ocr_par' dir='ltr' id='par_1_114' title="bbox 2240 4716 3810 4797">
     <span class='ocr_line' id='line_1_114' title="bbox 2240 4716 3810 4797; baseline -0.001 -18"><span class='ocrx_word' id='word_1_881' title='bbox 2240 4728 2299 4779; x_wconf 89' lang='grc' dir='ltr'>τὸ</span> <span class='ocrx_word' id='word_1_882' title='bbox 2336 4728 2550 4797; x_wconf 73' lang='grc' dir='ltr'>χρυσίον</span> <span class='ocrx_word' id='word_1_883' title='bbox 2586 4716 2669 4796; x_wconf 79' lang='grc' dir='ltr'>ἦν’</span> <span class='ocrx_word' id='word_1_884' title='bbox 2699 4727 2790 4779; x_wconf 77' lang='grc' dir='ltr'>καὶ</span> <span class='ocrx_word' id='word_1_885' title='bbox 2829 4727 2937 4788; x_wconf 88' lang='grc' dir='ltr'>τοῖς</span> <span class='ocrx_word' id='word_1_886' title='bbox 2975 4725 3286 4796; x_wconf 84' lang='grc' dir='ltr'>βαρϐάροις,</span> <span class='ocrx_word' id='word_1_887' title='bbox 3327 4726 3512 4797; x_wconf 78' lang='grc' dir='ltr'>ἐπειδὴ</span> <span class='ocrx_word' id='word_1_888' title='bbox 3555 4726 3648 4779; x_wconf 80' lang='grc' dir='ltr'>καὶ</span> <span class='ocrx_word' id='word_1_889' title='bbox 3692 4727 3810 4778; x_wconf 83' lang='grc' dir='ltr'>ἐκεῖ</span> 
     </span>
    </p>
   </div>
   <div class='ocr_carea' id='block_1_115' title="bbox 2239 4812 3809 4886">
    <p class='ocr_par' dir='ltr' id='par_1_115' title="bbox 2239 4812 3809 4886">
     <span class='ocr_line' id='line_1_115' title="bbox 2239 4812 3809 4886; baseline -0.001 -20"><span class='ocrx_word' id='word_1_890' title='bbox 2239 4816 2481 4882; x_wconf 79' lang='grc' dir='ltr'>λέγονται</span> <span class='ocrx_word' id='word_1_891' title='bbox 2515 4812 2648 4867; x_wconf 82' lang='grc' dir='ltr'>εἶναι</span> <span class='ocrx_word' id='word_1_892' title='bbox 2693 4815 2811 4866; x_wconf 80' lang='grc' dir='ltr'>ὗλαι</span> <span class='ocrx_word' id='word_1_893' title='bbox 2854 4814 3186 4884; x_wconf 85' lang='grc' dir='ltr'>μεταλλικαί.</span> <span class='ocrx_word' id='word_1_894' title='bbox 3229 4817 3334 4868; x_wconf 75' lang='grc' dir='ltr'>Καὶ</span> <span class='ocrx_word' id='word_1_895' title='bbox 3368 4815 3475 4886; x_wconf 82' lang='grc' dir='ltr'>γὰρ</span> <span class='ocrx_word' id='word_1_896' title='bbox 3512 4813 3661 4885; x_wconf 76' lang='grc' dir='ltr'>παρὰ</span> <span class='ocrx_word' id='word_1_897' title='bbox 3697 4814 3809 4866; x_wconf 85' lang='grc' dir='ltr'>τῶν</span> 
     </span>
    </p>
   </div>
   <div class='ocr_carea' id='block_1_116' title="bbox 2241 4899 3807 4973">
    <p class='ocr_par' dir='ltr' id='par_1_116' title="bbox 2241 4899 3807 4973">
     <span class='ocr_line' id='line_1_116' title="bbox 2241 4899 3807 4973; baseline 0.001 -21"><span class='ocrx_word' id='word_1_898' title='bbox 2241 4903 2424 4973; x_wconf 76' lang='grc' dir='ltr'>Σήρων</span> <span class='ocrx_word' id='word_1_899' title='bbox 2455 4903 2616 4964; x_wconf 81' lang='grc' dir='ltr'>πολὺς</span> <span class='ocrx_word' id='word_1_900' title='bbox 2648 4904 2674 4955; x_wconf 85' lang='lat'>6</span> <span class='ocrx_word' id='word_1_901' title='bbox 2702 4900 2948 4966; x_wconf 87' lang='grc' dir='ltr'>πλοῦτος,</span> <span class='ocrx_word' id='word_1_902' title='bbox 2984 4902 3094 4954; x_wconf 78' lang='grc' dir='ltr'>ἀλλ’</span> <span class='ocrx_word' id='word_1_903' title='bbox 3135 4899 3421 4972; x_wconf 79' lang='grc' dir='ltr'>ἄχρηστος.</span> <span class='ocrx_word' id='word_1_904' title='bbox 3464 4900 3719 4972; x_wconf 85' lang='grc' dir='ltr'>Κεφαλὴν</span> <span class='ocrx_word' id='word_1_905' title='bbox 3749 4900 3807 4953; x_wconf 75' lang='grc' dir='ltr'>δὲ</span> 
     </span>
    </p>
   </div>
   <div class='ocr_carea' id='block_1_117' title="bbox 2239 4987 3808 5061">
    <p class='ocr_par' dir='ltr' id='par_1_117' title="bbox 2239 4987 3808 5061">
     <span class='ocr_line' id='line_1_117' title="bbox 2239 4987 3808 5061; baseline -0.003 -18"><span class='ocrx_word' id='word_1_906' title='bbox 2239 4991 2442 5060; x_wconf 84' lang='grc' dir='ltr'>ἐπέχει,</span> <span class='ocrx_word' id='word_1_907' title='bbox 2470 4989 2652 5061; x_wconf 82' lang='grc' dir='ltr'>ἐπειδὴ</span> <span class='ocrx_word' id='word_1_908' title='bbox 2678 4989 2865 5059; x_wconf 85' lang='grc' dir='ltr'>πρώτη</span> <span class='ocrx_word' id='word_1_909' title='bbox 2893 4990 3082 5059; x_wconf 81' lang='grc' dir='ltr'>ἐφάνη.</span> <span class='ocrx_word' id='word_1_910' title='bbox 3110 4989 3174 5041; x_wconf 80' lang='grc' dir='ltr'><strong>Ἦ</strong></span> <span class='ocrx_word' id='word_1_911' title='bbox 3197 4989 3250 5040; x_wconf 83' lang='grc' dir='ltr'>δὲ</span> <span class='ocrx_word' id='word_1_912' title='bbox 3270 4988 3492 5060; x_wconf 88' lang='grc' dir='ltr'>Περσῶν</span> <span class='ocrx_word' id='word_1_913' title='bbox 3511 4989 3607 5056; x_wconf 81' lang='grc' dir='ltr'>οὐχ</span> <span class='ocrx_word' id='word_1_914' title='bbox 3630 4987 3808 5051; x_wconf 78' lang='grc' dir='ltr'>οὕτως</span> 
     </span>
    </p>
   </div>
   <div class='ocr_carea' id='block_1_118' title="bbox 2239 5073 3805 5148">
    <p class='ocr_par' dir='ltr' id='par_1_118' title="bbox 2239 5073 3805 5148">
     <span class='ocr_line' id='line_1_118' title="bbox 2239 5073 3805 5148; baseline -0.001 -18"><span class='ocrx_word' id='word_1_915' title='bbox 2239 5079 2486 5148; x_wconf 73' lang='grc' dir='ltr'>εὔπορος,</span> <span class='ocrx_word' id='word_1_916' title='bbox 2509 5077 2694 5147; x_wconf 89' lang='grc' dir='ltr'>ῶσπερ</span> <span class='ocrx_word' id='word_1_917' title='bbox 2719 5073 2810 5130; x_wconf 77' lang='grc' dir='ltr'>οὖν</span> <span class='ocrx_word' id='word_1_918' title='bbox 2840 5075 2955 5128; x_wconf 79' lang='grc' dir='ltr'>οὐδὲ</span> <span class='ocrx_word' id='word_1_919' title='bbox 2981 5075 3301 5129; x_wconf 86' lang='grc' dir='ltr'>Μακεδόνων</span> <span class='ocrx_word' id='word_1_920' title='bbox 3318 5091 3330 5105; x_wconf 93' lang='grc'><strong>·</strong></span> <span class='ocrx_word' id='word_1_921' title='bbox 3361 5078 3393 5145; x_wconf 78' lang='grc' dir='ltr'>ἡ</span> <span class='ocrx_word' id='word_1_922' title='bbox 3415 5076 3472 5128; x_wconf 82' lang='grc' dir='ltr'>δὲ</span> <span class='ocrx_word' id='word_1_923' title='bbox 3515 5074 3805 5144; x_wconf 84' lang='grc' dir='ltr'>Ῥωμαίων</span> 
     </span>
    </p>
   </div>
   <div class='ocr_carea' id='block_1_119' title="bbox 2239 5161 3805 5235">
    <p class='ocr_par' dir='ltr' id='par_1_119' title="bbox 2239 5161 3805 5235">
     <span class='ocr_line' id='line_1_119' title="bbox 2239 5161 3805 5235; baseline -0.003 -18"><span class='ocrx_word' id='word_1_924' title='bbox 2239 5167 2625 5235; x_wconf 83' lang='grc' dir='ltr'>χρησιμωτέρα</span> <span class='ocrx_word' id='word_1_925' title='bbox 2668 5181 2726 5216; x_wconf 89' lang='grc' dir='ltr'>τε</span> <span class='ocrx_word' id='word_1_926' title='bbox 2768 5163 2861 5215; x_wconf 77' lang='grc' dir='ltr'>καὶ</span> <span class='ocrx_word' id='word_1_927' title='bbox 2921 5165 3258 5233; x_wconf 82' lang='grc' dir='ltr'>ἰσχυροτέρα,</span> <span class='ocrx_word' id='word_1_928' title='bbox 3306 5161 3508 5232; x_wconf 79' lang='grc' dir='ltr'>ὑστέρα</span> <span class='ocrx_word' id='word_1_929' title='bbox 3548 5161 3645 5229; x_wconf 78' lang='grc' dir='ltr'>μὲν</span> <span class='ocrx_word' id='word_1_930' title='bbox 3689 5163 3805 5225; x_wconf 88' lang='grc' dir='ltr'>τοῖς</span> 
     </span>
    </p>
   </div>
   <div class='ocr_carea' id='block_1_120' title="bbox 2238 5246 3804 5323">
    <p class='ocr_par' dir='ltr' id='par_1_120' title="bbox 2238 5246 3804 5323">
     <span class='ocr_line' id='line_1_120' title="bbox 2238 5246 3804 5323; baseline -0.002 -22"><span class='ocrx_word' id='word_1_931' title='bbox 2238 5252 2468 5323; x_wconf 75' lang='grc' dir='ltr'>χρόναις,</span> <span class='ocrx_word' id='word_1_932' title='bbox 2499 5252 2576 5305; x_wconf 90' lang='grc' dir='ltr'>διὸ</span> <span class='ocrx_word' id='word_1_933' title='bbox 2598 5252 2689 5304; x_wconf 76' lang='grc' dir='ltr'>καὶ</span> <span class='ocrx_word' id='word_1_934' title='bbox 2729 5250 2901 5303; x_wconf 85' lang='grc' dir='ltr'>ποδῶν</span> <span class='ocrx_word' id='word_1_935' title='bbox 2931 5250 3081 5314; x_wconf 80' lang='grc' dir='ltr'>τάξιν</span> <span class='ocrx_word' id='word_1_936' title='bbox 3109 5249 3311 5320; x_wconf 82' lang='grc' dir='ltr'>ἐπέχει.</span> <span class='ocrx_word' id='word_1_937' title='bbox 3347 5249 3503 5300; x_wconf 85' lang='grc' dir='ltr'>Ἔστι</span> <span class='ocrx_word' id='word_1_938' title='bbox 3534 5246 3592 5298; x_wconf 83' lang='grc' dir='ltr'>δὲ</span> <span class='ocrx_word' id='word_1_939' title='bbox 3629 5247 3804 5315; x_wconf 74' lang='grc' dir='ltr'>αὐτῆς</span> 
     </span>
    </p>
   </div>
   <div class='ocr_carea' id='block_1_121' title="bbox 2235 5332 3804 5409">
    <p class='ocr_par' dir='ltr' id='par_1_121' title="bbox 2235 5332 3804 5409">
     <span class='ocr_line' id='line_1_121' title="bbox 2235 5332 3804 5409; baseline -0.004 -16"><span class='ocrx_word' id='word_1_940' title='bbox 2235 5339 2304 5392; x_wconf 85' lang='grc' dir='ltr'>τὰ</span> <span class='ocrx_word' id='word_1_941' title='bbox 2341 5341 2434 5409; x_wconf 77' lang='grc' dir='ltr'>μὲν</span> <span class='ocrx_word' id='word_1_942' title='bbox 2465 5339 2679 5409; x_wconf 76' lang='grc' dir='ltr'>ἀσθενῆ,</span> <span class='ocrx_word' id='word_1_943' title='bbox 2709 5338 2775 5390; x_wconf 86' lang='grc' dir='ltr'>τά</span> <span class='ocrx_word' id='word_1_944' title='bbox 2806 5337 2861 5391; x_wconf 83' lang='grc' dir='ltr'>δὲ</span> <span class='ocrx_word' id='word_1_945' title='bbox 2899 5337 3230 5409; x_wconf 85' lang='grc' dir='ltr'>ἰσχυρότερα.</span> <span class='ocrx_word' id='word_1_946' title='bbox 3277 5334 3497 5388; x_wconf 88' lang='grc' dir='ltr'>Τοιοῦτο</span> <span class='ocrx_word' id='word_1_947' title='bbox 3537 5333 3599 5386; x_wconf 88' lang='grc' dir='ltr'>τὸ</span> <span class='ocrx_word' id='word_1_948' title='bbox 3640 5332 3804 5386; x_wconf 76' lang='grc' dir='ltr'>ἀλλόο</span> 
     </span>
    </p>
   </div>
   <div class='ocr_carea' id='block_1_122' title="bbox 2238 5418 3799 5497">
    <p class='ocr_par' dir='ltr' id='par_1_122' title="bbox 2238 5418 3799 5497">
     <span class='ocr_line' id='line_1_122' title="bbox 2238 5418 3799 5497; baseline -0.005 -16"><span class='ocrx_word' id='word_1_949' title='bbox 2238 5445 2391 5480; x_wconf 86' lang='grc' dir='ltr'>κοτον</span> <span class='ocrx_word' id='word_1_950' title='bbox 2419 5426 2523 5479; x_wconf 88' lang='grc' dir='ltr'>τῶν</span> <span class='ocrx_word' id='word_1_951' title='bbox 2558 5425 2869 5497; x_wconf 82' lang='grc' dir='ltr'>ἀνθρώπων.</span> <span class='ocrx_word' id='word_1_952' title='bbox 2912 5426 3017 5479; x_wconf 81' lang='grc' dir='ltr'>Καὶ</span> <span class='ocrx_word' id='word_1_953' title='bbox 3052 5424 3197 5478; x_wconf 81' lang='grc' dir='ltr'>ὅταν</span> <span class='ocrx_word' id='word_1_954' title='bbox 3229 5418 3565 5489; x_wconf 69' lang='grc' dir='ltr'>πληθυνθῇ,</span> <span class='ocrx_word' id='word_1_955' title='bbox 3608 5419 3799 5489; x_wconf 74' lang='grc' dir='ltr'>φησὶν,</span> 
     </span>
    </p>
   </div>
   <div class='ocr_carea' id='block_1_123' title="bbox 2238 5506 3796 5583">
    <p class='ocr_par' dir='ltr' id='par_1_123' title="bbox 2238 5506 3796 5583">
     <span class='ocr_line' id='line_1_123' title="bbox 2238 5506 3796 5583; baseline -0.004 -13"><span class='ocrx_word' id='word_1_956' title='bbox 2238 5516 2274 5583; x_wconf 80' lang='grc' dir='ltr'><em>ἠ</em></span> <span class='ocrx_word' id='word_1_957' title='bbox 2321 5515 2555 5583; x_wconf 83' lang='grc' dir='ltr'>ἀνομία,</span> <span class='ocrx_word' id='word_1_958' title='bbox 2616 5512 2949 5582; x_wconf 70' lang='grc' dir='ltr'>ψυγήσεται</span> <span class='ocrx_word' id='word_1_959' title='bbox 3001 5514 3037 5580; x_wconf 78' lang='grc' dir='ltr'><em>ἠ</em></span> <span class='ocrx_word' id='word_1_960' title='bbox 3091 5510 3288 5581; x_wconf 74' lang='grc' dir='ltr'>ἀγάπη</span> <span class='ocrx_word' id='word_1_961' title='bbox 3351 5508 3468 5563; x_wconf 82' lang='grc' dir='ltr'>τῶν·</span> <span class='ocrx_word' id='word_1_962' title='bbox 3523 5506 3796 5563; x_wconf 54' lang='grc' dir='ltr'>πολλῶν.</span> 
     </span>
    </p>
   </div>
   <div class='ocr_carea' id='block_1_124' title="bbox 2297 5682 3450 5752">
    <p class='ocr_par' dir='ltr' id='par_1_124' title="bbox 2297 5682 3450 5752">
     <span class='ocr_line' id='line_1_124' title="bbox 2297 5682 3450 5752; baseline -0.009 -11"><span class='ocrx_word' id='word_1_963' title='bbox 2297 5690 2324 5720; x_wconf 82' lang='grc'><strong><em>⁸</em></strong></span> <span class='ocrx_word' id='word_1_964' title='bbox 2355 5687 2413 5740; x_wconf 84' lang='grc' dir='ltr'>Ὅ</span> <span class='ocrx_word' id='word_1_965' title='bbox 2437 5689 2620 5752; x_wconf 75' lang='grc' dir='ltr'>χαλκός.</span> <span class='ocrx_word' id='word_1_966' title='bbox 2639 5688 2918 5739; x_wconf 70' lang='grc' dir='ltr'>Λόιίιιηιίυω</span> <span class='ocrx_word' id='word_1_967' title='bbox 2942 5689 2964 5735; x_wconf 81' lang='lat'>6</span> <span class='ocrx_word' id='word_1_968' title='bbox 2989 5686 3198 5748; x_wconf 68' lang='grc' dir='ltr'>ἄργυρος,</span> <span class='ocrx_word' id='word_1_969' title='bbox 3221 5686 3245 5733; x_wconf 86' lang='grc' dir='ltr'>ὁ</span> <span class='ocrx_word' id='word_1_970' title='bbox 3265 5682 3450 5747; x_wconf 77' lang='grc' dir='ltr'>χρυσός.</span> 
     </span>
    </p>
   </div>
  </div>
