4032 6220
231 393 340 448 205

224 507 343 551 ante
370 511 664 551 sermonem
696 494 1040 565 aggrediatur,
1064 508 1218 566 quam
1255 509 1429 565 regem
1450 494 1724 550 abduxerit
1750 508 1782 548 a

226 602 409 655 magna
438 603 593 653 quam
617 587 681 640 de
708 586 820 654 ipso
841 585 1033 640 habere
1060 586 1317 654 potuisset
1343 584 1625 655 opinione?
1643 584 1785 650 Quo-

225 677 379 728 modo
401 675 555 744 igitur
583 675 802 743 gloriam
831 684 1105 729 venaretur
1146 674 1348 737 Daniel,
1382 675 1468 741 qui
1496 674 1654 729 etiam
1682 673 1778 728 da-

227 774 331 816 tam
360 764 602 832 repellit?
627 764 694 817 Et.
720 780 824 817 non
858 762 989 817 dixit
1016 782 1029 816 :
1058 764 1311 829 Quoniam
1340 764 1502 817 Deum
1538 777 1778 827 veneror,

221 856 471 923 quoniam
504 856 571 908 illi
598 856 716 923 plus
737 870 889 923 quam
929 854 1105 907 ca:teri
1133 855 1329 917 servio,
1370 853 1495 907 mibi
1531 854 1780 908 revelatio

222 945 358 998 facta
386 957 472 1001 εει
500 964 513 998 :
541 946 652 1007 sed,
682 944 750 1000 Ut
777 954 832 999 tu
862 945 1094 999 disceres
1122 944 1259 1012 quod
1290 944 1621 998 utilissimum
1645 953 1776 998 erat.

223 1035 356 1091 lllud
384 1039 547 1101 enim,
574 1036 727 1090 etiam
768 1036 881 1104 ipso
907 1049 1009 1089 non
1036 1036 1261 1098 dicente,
1291 1039 1341 1088 in
1378 1045 1607 1089 mentem
1633 1035 1781 1088 audi-

222 1139 394 1184 torum
410 1130 623 1183 veniret.
646 1129 731 1183 51.
758 1146 775 1178 ι
801 1128 876 1181 Tu
896 1143 987 1182 rex
1005 1126 1237 1191 videbas,
1253 1136 1305 1181 et
1318 1142 1441 1181 ecce
1462 1128 1631 1193 imago
1650 1141 1772 1191 una,

222 1221 393 1289 imago
411 1219 496 1273 illa
517 1234 720 1288 magna,
740 1228 791 1272 et
806 1226 1045 1286 aspectus
1070 1218 1210 1271 illius
1233 1217 1469 1272 sublimis
1485 1228 1631 1271 stans
1647 1226 1769 1271 ante

222 1312 407 1366 faciem
427 1321 588 1374 tuam,
605 1321 658 1366 et
677 1296 893 1365 intuitus
918 1311 1033 1379 ejus
1054 1310 1316 1364 terribilis.
1332 1309 1419 1364 δε.
1437 1309 1610 1378 Imago
1630 1310 1776 1377 cujus

220 1413 377 1473 caput
400 1420 464 1457 ex
500 1418 630 1457 auro
656 1418 820 1473 puro;
853 1416 1039 1456 manus
1080 1402 1241 1469 ipsius
1269 1410 1323 1456 et
1358 1409 1542 1470 pectus
1573 1409 1621 1454 et
1653 1400 1775 1454 bra-

220 1492 338 1547 cbia
369 1492 482 1562 ejus
506 1502 780 1561 argentea;
813 1500 996 1546 venter
1021 1490 1160 1544 illius
1189 1499 1243 1544 et
1266 1490 1465 1545 femora
1489 1503 1625 1544 terea
1646 1506 1660 1553 ;
1684 1489 1770 1543 55.

222 1584 365 1637 tibia:
404 1582 622 1646 ferrem;
648 1582 839 1651 pedes,
888 1595 1009 1649 pars
1053 1579 1263 1649 quidem
1301 1578 1539 1649 quaedam
1581 1577 1771 1641 ferrea,

219 1689 342 1742 pars
357 1681 531 1727 autem
547 1671 779 1741 quaedam
805 1678 1049 1725 testacea.
1082 1687 1101 1720 ι
1139 1667 1267 1723 Vide
1290 1668 1431 1738 quali
1463 1668 1661 1721 visione
1690 1666 1771 1720 di-

218 1772 409 1831 gnatus
437 1760 593 1814 fuerit
633 1759 1130 1814 Nabuchodonosor.
1172 1756 1605 1825 Quandoquidem
1633 1757 1772 1810 enim

220 1852 272 1904 in
294 1858 475 1921 gentes
500 1849 756 1918 evangelii
783 1848 1095 1918 prteconium
1121 1848 1468 1917 spargendum
1486 1856 1619 1911 erat,
1640 1846 1774 1900 visio

220 1942 385 1995 multo
420 1951 543 1996 ante
570 1940 813 2009 gentilem
856 1940 1189 1993 traditionem
1220 1937 1450 2002 inhibet;
1482 1945 1536 1992 et
1562 1938 1612 1990 in
1635 1945 1771 1991 terra

218 2033 399 2101 gentili
447 2034 705 2087 somnium
752 2031 990 2097 videtur,
1036 2031 1227 2098 templo
1261 2043 1481 2094 everso,
1522 2027 1772 2099 legalibus

220 2122 457 2175 sublatis.
498 2121 866 2175 Verumtamen
910 2136 1002 2190 per
1035 2119 1282 2174 Hebraeos
1319 2119 1627 2188 explicatur.
1660 2118 1773 2174 Etsi

218 2213 358 2265 enim
382 2214 433 2266 in
461 2213 677 2281 gentiles
705 2210 1151 2266 disseminandum
1181 2219 1319 2265 esset
1338 2209 1688 2278 evangelium,
1714 2216 1771 2263 at

218 2316 312 2368 per
341 2301 586 2355 llebrzcos
608 2302 769 2367 viros,
798 2316 985 2369 nempe
1004 2302 1287 2370 apostolos,
1314 2301 1363 2354 id
1386 2300 1614 2354 futurum
1636 2310 1768 2354 erat.

220 2390 333 2444 lloc
358 2398 410 2444 et
448 2390 499 2443 in
546 2390 790 2444 Cornelio
818 2390 1050 2460 contigit.
1096 2390 1404 2444 Praecedunt
1429 2397 1631 2458 gentes,
1665 2405 1769 2442 non

216 2487 397 2535 autem
448 2492 749 2549 sequuntur.
799 2481 870 2535 lta
909 2492 961 2536 et
1000 2481 1083 2535 hic
1119 2482 1394 2551 imaginem
1425 2482 1622 2551 primus
1646 2482 1772 2535 vidit

216 2570 716 2635 Nabuchodonosor,
766 2573 999 2625 notitiam
1043 2587 1164 2625 vero
1208 2573 1406 2640 primus
1446 2571 1643 2641 accepit
1674 2573 1771 2625 Da-

217 2662 344 2715 niel.
379 2662 447 2715 Et
480 2670 536 2714 ut
571 2676 855 2729 cognoscas
896 2662 1031 2729 quod
1070 2670 1123 2715 et
1168 2662 1320 2729 primi
1368 2670 1421 2715 et
1454 2664 1771 2730 posteriores

215 2760 341 2805 sunt
368 2751 533 2805 Judaei
566 2770 578 2804 :
609 2753 759 2819 primi
800 2753 988 2819 quippe
1024 2751 1156 2805 bona
1183 2762 1508 2821 acceperant,
1542 2754 1632 2808 scd
1674 2770 1769 2810 ne-

215 2842 453 2895 sciebant
476 2842 598 2909 quid
625 2843 965 2909 accepissent,
1001 2851 1056 2895 ut
1088 2858 1177 2910 par
1214 2844 1455 2913 utrinque
1499 2845 1666 2899 fieret.
1695 2846 1768 2899 lta

214 2943 268 2983 et
292 2932 399 2985 illic
428 2942 548 2985 ante
573 2932 883 3000 baptismum
911 2932 1107 3001 Spiritu
1136 2934 1330 3000 dignati
1358 2945 1496 2989 sunt.
1525 2935 1613 2991 Sic
1640 2946 1694 2990 et
1720 2938 1771 2990 in

217 3021 521 3075 Abrahamo
560 3023 722 3090 prima
762 3021 856 3075 fuit
889 3022 974 3076 illa
1006 3024 1286 3077 multitudo
1310 3025 1563 3094 gentium,
1592 3036 1769 3095 poste-

217 3111 327 3164 rior
348 3126 477 3165 vero
503 3111 827 3165 circumcisio
857 3130 869 3165 :
898 3111 989 3166 sed
1012 3128 1104 3180 per
1128 3114 1583 3169 circumcisionem
1610 3117 1772 3169 salus.

220 3201 343 3255 llaec
365 3202 550 3255 millies
578 3202 843 3270 praphetm
882 3202 1075 3257 Iudaeis
1107 3204 1368 3268 dixerunt,
1391 3216 1444 3259 et
1476 3206 1575 3259 nisi
1610 3207 1771 3260 multa

216 3290 356 3361 apud
386 3305 483 3345 vos
507 3299 645 3345 esset
670 3291 903 3357 tarditas,
932 3293 1086 3346 etiam
1120 3293 1205 3346 ubi
1232 3302 1284 3347 et
1309 3294 1515 3362 quando
1534 3296 1773 3363 aperuis-

218 3397 353 3435 sem.
401 3380 683 3449 Postquam
726 3391 902 3435 autem
948 3397 1051 3436 non
1096 3383 1450 3449 attendemnt,
1489 3385 1676 3439 transit
1708 3384 1773 3438 ad

217 3482 400 3539 gentes
426 3472 691 3540 deinceps.
720 3471 841 3526 llaec
860 3473 1015 3526 verba
1044 3472 1208 3527 Judaei
1235 3474 1525 3535 audientes.
1550 3474 1775 3545 despue-

219 3563 346 3615 bant
386 3578 399 3613 :
438 3561 650 3630 gentilis
683 3576 801 3614 cum
840 3561 1103 3627 audisset,
1144 3560 1396 3615 adoravit.
1437 3562 1666 3617 Adverte
1711 3577 1773 3618 ea

218 3660 376 3703 etiam
401 3666 515 3719 qua:
543 3650 639 3703 suh
675 3649 881 3703 Christo
906 3650 1235 3718 contigerunt
1258 3650 1483 3705 describi
1522 3666 1615 3719 per
1641 3651 1772 3719 ligu-

219 3755 325 3793 ras.
354 3739 649 3794 Chanancea
684 3738 865 3791 adorat
894 3754 907 3790 :
934 3737 1097 3792 Judaei
1130 3749 1329 3803 contra,
1374 3739 1647 3793 Dominum
1675 3738 1777 3793 sci-

218 3830 341 3883 licet
365 3830 652 3897 expellunt.
690 3828 763 3881 lta
792 3837 845 3882 et
869 3827 953 3881 hic
983 3828 1148 3882 Judtei
1175 3828 1452 3883 Jeremiam
1491 3829 1541 3881 in
1571 3830 1773 3882 vincula

218 3922 611 3990 conjecerunt:
668 3920 1148 3974 Nabuchodonosor
1199 3919 1434 3974 adoravit
1484 3920 1771 3973 Danielem.

220 4013 423 4067 Rursus
473 4011 639 4067 Judaei
681 4012 945 4080 apostolos
978 4010 1229 4080 ejiciunt:
1269 4010 1437 4065 Grzeci
1484 4020 1658 4065 autem
1695 4011 1775 4064 di-

215 4112 345 4156 cunt
363 4101 473 4155 :Dii
494 4102 849 4156 descenderunt
868 4102 935 4155 ad
955 4118 1043 4155 nos
1066 4102 1201 4171 (Act.
1234 4102 1318 4155 Μ.
1349 4102 1455 4171 l0).
1481 4102 1611 4155 Cum
1632 4103 1772 4157 enim

214 4194 473 4263 judicium
499 4194 611 4246 sine
640 4193 826 4247 affectu
848 4194 1032 4257 fertur,
1063 4193 1416 4260 incorruptum
1447 4201 1546 4255 est,
1579 4208 1641 4245 ac
1662 4194 1771 4247 sin-

218 4299 426 4340 cerum.
462 4282 618 4337 Vides
647 4291 797 4352 typos
829 4282 1140 4336 coruscare?
1180 4282 1233 4335 ln
1266 4282 1531 4352 Babylone
1556 4298 1671 4350 quae
1708 4282 1771 4336 ad

218 4375 492 4430 Christum
522 4382 759 4443 spectant
780 4374 1076 4437 audiuntur,
1109 4383 1160 4427 et
1188 4374 1439 4427 barbarus
1462 4374 1668 4427 auditor
1694 4373 1770 4439 lit,

218 4480 271 4523 ut
305 4468 561 4536 intelligas
594 4481 697 4520 non
727 4465 882 4518 modo
915 4465 1152 4533 gentiles,
1190 4464 1281 4518 sed
1320 4474 1372 4519 et
1399 4464 1648 4519 barbaros
1677 4466 1773 4519 ista

217 4574 337 4612 esse
377 4558 665 4619 audituros,
710 4554 1149 4624 quemadmodum
1191 4555 1381 4609 Paulus
1420 4556 1492 4609 ait
1530 4574 1541 4609 :
1573 4556 1775 4609 Debitor

217 4663 329 4700 sum
353 4656 404 4698 ut
428 4645 730 4713 evangelium
760 4645 1020 4711 prwdt'cem
1046 4642 1232 4696 Grtrcis
1261 4661 1318 4695 ac
1346 4644 1567 4696 barbaris
1596 4644 1770 4711 (Rom.

217 4738 272 4791 l.
303 4736 412 4803 14).
466 4736 528 4788 Ει
564 4748 630 4787 ne
671 4734 945 4801 desperes,
1003 4748 1148 4802 spem
1187 4734 1411 4787 delineat
1449 4748 1510 4787 ac
1544 4734 1769 4801 subjicit.

217 4824 372 4889 Quod
412 4825 548 4877 enim
599 4823 779 4876 aberat
825 4822 1289 4891 impedimentum?
1335 4823 1519 4876 Fastus
1560 4823 1769 4891 regalis,

220 4915 428 4972 indoles
468 4914 577 4982 ipsa
615 4913 905 4977 barbarica,
941 4912 1203 4980 loquentis
1246 4912 1446 4976 vilitas;
1475 4923 1588 4966 erat.
1632 4914 1771 4966 enim

220 5006 491 5074 captivus;
524 5013 650 5056 tetas
686 5018 699 5053 :
732 5011 845 5056 erat
873 5001 1109 5070 juvenis;
1151 5001 1333 5069 religio
1368 5000 1555 5054 aliena.
1592 5000 1774 5069 Neque

222 5109 314 5148 rex
345 5092 514 5146 dixit:
550 5090 623 5145 Te
665 5100 746 5142 tua
776 5089 1059 5157 prmvidere
1104 5088 1352 5157 oportuit,
1398 5089 1539 5143 urbis
1569 5098 1669 5141 tuae
1698 5089 1773 5139 vi-

220 5185 413 5238 delicet
436 5182 784 5250 captivitatem
820 5198 832 5233 :
865 5180 948 5232 illa
982 5180 1248 5247 ignorasti,
1280 5187 1332 5232 et
1359 5180 1470 5231 hmc
1497 5179 1773 5247 praedicis?

218 5272 416 5341 Ingrati
452 5273 591 5326 enim
635 5271 703 5323 ita
745 5268 881 5336 loqui
922 5269 1092 5322 solent
1138 5287 1150 5321 :
1190 5268 1472 5334 Oportebat
1508 5266 1771 5320 Christum

222 5364 453 5431 SeipSttm
481 5360 777 5412 suscitasse.
804 5356 952 5422 Quod
982 5356 1173 5409 dictum
1206 5356 1300 5408 fuit
1327 5356 1531 5409 eversio
1553 5363 1663 5408 erat
1690 5370 1775 5408 re-

224 5456 310 5521 gni
340 5450 655 5520 Babylonici,
686 5458 739 5502 et
763 5450 1140 5502 consummatio
1182 5450 1339 5502 totius
1364 5449 1521 5503 orbis.
1563 5448 1629 5501 Et
1655 5463 1771 5502 cre-

223 5543 356 5597 didit
392 5539 891 5594 Nabuchodonosor.
923 5538 1099 5606 Neque
1126 5539 1285 5603 enim,
1328 5538 1425 5592 nisi
1446 5538 1770 5604 credidisset,

222 5633 568 5687 sacrificasset
594 5630 811 5684 Danieli.
838 5628 1017 5683 Credit
1044 5628 1521 5685 Nabuchodonosor
1547 5628 1616 5697 (ιι.
1647 5630 1767 5698 46);

223 5722 432 5791 quidam
453 5729 623 5775 autem
644 5735 746 5775 non
762 5719 991 5777 credunt.
1019 5718 1236 5789 Propter
1263 5719 1359 5775 hoc
1380 5719 1556 5775 multa:
1578 5718 1765 5785 pndi-

1581 380 1645 436 lN
1687 381 2047 440 DANIELEH.

3339 410 3451 467 206

1886 501 2088 557 ctiones
2106 502 2315 558 flebant.
2335 503 2389 563 Si
2412 504 2513 562 illa:
2536 518 2777 565 eventum
2804 526 2906 567 non
2937 512 3249 581 habuerunt,
3282 530 3452 584 neque

1888 590 1969 646 his
1984 592 2160 647 crede.
2176 592 2250 649 Ne
2265 606 2438 651 autem
2458 599 2652 653 diutius
2672 616 2965 657 sermonem
2987 602 3264 657 obscurum
3293 605 3451 657 facin-

1887 697 2024 748 mus,
2046 698 2142 753 age
2166 701 2286 739 cum
2306 689 2449 744 vobis
2478 690 2900 761 interpretemur.
2920 694 3161 764 Quinque
3189 694 3319 749 vidit
3341 712 3450 747 nia-

1889 770 2065 837 terias,
2094 787 2299 840 aurum,
2328 786 2619 845 argentum,
2646 795 2739 841 aes,
2765 781 2979 846 ferrum,
3011 791 3219 837 testam.
3250 784 3447 837 Deinde

1886 870 1993 915 tota
2012 862 2181 932 imago
2200 874 2404 935 tempus
2423 876 2505 921 est
2524 876 2577 923 et
2596 872 2844 940 temporis
2855 874 3245 941 consequentia.
3273 873 3339 927 Et
3360 889 3446 927 re-

1884 962 1966 1008 cte
1982 954 2111 1007 dixit
2132 973 2144 1008 :
2164 953 2361 1024 Imago.
2384 956 2600 1027 Imagini
2621 959 2876 1029 siquidem
2888 962 3084 1017 similes
3105 972 3228 1017 sunt
3249 978 3334 1017 res
3352 977 3447 1017 tto-

1883 1050 2030 1107 stne,
2055 1044 2260 1111 imagini
2289 1045 2603 1100 inanimatae.
2628 1045 2695 1101 Et
2713 1048 2843 1103 bene
2856 1050 3026 1121 imago
3049 1066 3114 1104 ex
3138 1051 3445 1107 auro.Sicut

1884 1132 2023 1184 enim
2049 1147 2233 1186 aurum
2251 1135 2455 1190 etiamsi
2476 1136 2807 1205 splendidum
2838 1140 2926 1205 sit,
2945 1149 3117 1195 tamen
3130 1156 3161 1195 e
3182 1149 3319 1195 terra
3331 1142 3438 1196 ori-

1885 1229 1968 1274 tur
1988 1238 2002 1274 :
2020 1222 2095 1273 sic
2106 1223 2264 1276 etiam
2280 1233 2460 1279 natura
2484 1237 2682 1291 nostra,
2699 1238 2857 1297 atque
2868 1244 2951 1283 res
2967 1229 3227 1287 humanm.
3247 1233 3312 1286 Et
3326 1232 3443 1288 vide

1883 1320 1938 1363 ut
1959 1311 2127 1379 pulvis
2153 1311 2241 1364 flat
2260 1352 2274 1374 ,
2314 1316 2457 1381 quod
2481 1315 2681 1370 scilicet
2704 1326 2817 1371 erat
2844 1327 3017 1373 antea.
3048 1320 3203 1389 Atqui
3230 1322 3282 1375 id
3310 1322 3443 1390 lapis

1882 1416 2165 1471 numquam
2211 1402 2411 1458 fecerit.
2467 1406 2755 1462 Conterere
2801 1410 3014 1478 quidem
3067 1421 3239 1480 potest
3286 1413 3437 1482 lapis,

1879 1491 2222 1548 substantiam
2263 1507 2386 1550 vero
2409 1508 2716 1553 convertere
2746 1514 2847 1554 non
2890 1510 3081 1569 potest.
3128 1502 3239 1558 Hoc
3266 1513 3437 1558 tamen

1878 1583 2116 1652 contigit.
2162 1582 2464 1655 Mysterium
2502 1590 2900 1645 resurrectionis
2927 1590 3093 1646 vides.
3136 1591 3266 1647 Cum
3296 1595 3437 1649 enim

1878 1688 2102 1741 corpora
2126 1684 2305 1729 nostra
2335 1676 2385 1730 iu
2414 1677 2672 1732 elementa
2706 1679 3037 1734 resolvuntur
3059 1721 3074 1745 ,
3119 1692 3172 1735 et
3199 1682 3262 1736 ad
3303 1685 3439 1737 anti-

1876 1778 2032 1832 quam
2078 1763 2300 1817 redeunt
2343 1775 2616 1830 naturam,
2662 1777 2855 1821 terram
2884 1768 3034 1833 dico,
3074 1777 3197 1824 tunc
3226 1770 3438 1825 advenit

1876 1854 2165 1920 corruptio.
2200 1853 2322 1908 llaec
2351 1863 2521 1908 autem
2548 1858 2722 1909 omnia
2750 1858 2881 1925 lapis
2902 1858 3077 1912 efficit.
3110 1859 3287 1929 Itaque
3316 1876 3433 1915 cum

1875 1942 2071 1997 videris
2096 1943 2371 2013 imaginem
2398 1960 2463 1999 ex
2493 1946 2714 2001 diversis
2745 1950 2976 2002 materiis
3004 1958 3349 2017 constantem,
3383 1961 3437 2005 et

1877 2034 2014 2087 illius
2040 2034 2247 2103 quidem
2274 2044 2429 2103 caput
2454 2037 2803 2103 Splendidum,
2837 2048 3016 2106 pectus
3036 2055 3160 2093 vero
3177 2040 3429 2107 deterius,

1874 2132 1928 2177 et
1957 2133 2191 2178 ventrem
2232 2125 2593 2195 ignobiliorem
2613 2168 2627 2193 ,
2670 2137 2725 2181 et
2752 2127 2904 2182 tibias
2933 2129 3141 2183 viliores
3165 2169 3180 2193 ,
3212 2130 3434 2184 diversi-

1874 2220 2033 2269 tatem
2065 2212 2199 2267 hanc
2229 2214 2279 2267 in
2302 2214 2415 2268 solo
2439 2223 2651 2284 aspectu
2678 2216 2828 2269 sitam
2846 2231 2962 2271 esse
2983 2217 3245 2271 existima.
3266 2218 3431 2273 Unius

1873 2302 2064 2370 quippe
2108 2301 2447 2371 ejusdemque
2499 2304 2803 2359 substantiae
2852 2306 3026 2360 omnia
3073 2316 3220 2370 sunt;
3280 2308 3433 2377 idque

1874 2399 2099 2445 testatur
2126 2391 2263 2453 linis,
2291 2392 2379 2461 qui
2411 2392 2461 2447 in
2501 2392 2769 2461 pulverem
2798 2404 2981 2448 cuncta
3012 2393 3268 2448 dissolvit.
3316 2395 3429 2450 Non

1874 2495 2030 2549 parva
2057 2489 2140 2534 est
2163 2482 2261 2536 ista
2289 2482 2638 2551 philoSophia.
2687 2482 2933 2537 Animum
2960 2484 3175 2539 adverte
3204 2484 3270 2538 ad
3297 2487 3431 2541 hanc

1875 2569 2276 2639 philosophiam,
2300 2580 2350 2623 et
2364 2587 2393 2624 a
2410 2572 2566 2625 rebus
2586 2588 2701 2641 qua:
2724 2582 2843 2627 ante
2864 2574 3044 2628 oculos
3065 2576 3429 2637 obversantur,

1872 2661 1939 2714 ab
1967 2661 2255 2729 imperante
2284 2661 2546 2715 deducens
2573 2676 2770 2730 regem,
2801 2662 2991 2717 deinde
3015 2662 3317 2733 prtefectum
3343 2666 3430 2734 qui

1874 2759 1993 2818 post
2018 2764 2192 2818 regem
2210 2758 2356 2804 estet
2377 2751 2467 2804 a:ri
2498 2752 2796 2819 respondet,
2829 2752 2951 2805 item
2978 2767 3069 2806 eos
3089 2752 3176 2821 qui
3204 2768 3432 2823 sequun-

1874 2849 1976 2902 tur,
1996 2840 2186 2910 quique
2208 2848 2263 2894 ut
2286 2841 2471 2895 lietiles
2486 2857 2548 2897 ac
2573 2840 2726 2895 ferrei
2753 2851 3212 2909 repraesentantur.
3240 2844 3427 2898 Verum

1874 2929 1917 2982 si
1942 2930 2007 2982 ad
2033 2929 2327 2998 sepulcrum
2358 2929 2565 2983 veneris
2584 2970 2597 2992 ,
2629 2929 2833 2984 etiamsi
2860 2930 3157 2985 sexcenties
3186 2931 3257 2985 ibi
3296 2948 3430 3001 quo-

1875 3034 1977 3087 que
2002 3020 2105 3073 vim
2136 3019 2309 3073 facere
2335 3020 2607 3074 videantur
2626 3061 2641 3085 ,
2670 3019 2793 3073 dum
2822 3034 3036 3074 auream
3065 3036 3250 3075 urnam
3278 3022 3432 3078 ador-

1876 3122 2035 3178 nant,
2074 3112 2296 3180 aspicies
2322 3122 2494 3166 tamen
2526 3114 2731 3166 illorum
2756 3113 2993 3166 eamdem
3024 3128 3141 3167 esse
3165 3123 3430 3168 naturam.

1876 3203 2070 3257 lterum
2092 3204 2217 3257 mihi
2239 3203 2511 3257 considera
2532 3203 2745 3257 divitem
2774 3204 2917 3257 illum
2946 3213 3000 3258 et
3018 3206 3246 3259 vinctum
3266 3204 3432 3272 (Pau-

1878 3293 1997 3361 lus);
2020 3294 2141 3347 item
2176 3292 2319 3347 illum
2344 3294 2555 3346 divitem
2583 3302 2635 3347 et
2661 3293 2727 3346 ad
2750 3302 2931 3347 testam
2958 3308 3121 3363 usque
3152 3310 3432 3363 pauperem

1876 3384 2079 3452 (lobus)
2111 3402 2123 3436 :
2152 3392 2306 3452 atque
2356 3384 2597 3437 universa
2642 3382 2909 3451 pulverem
2955 3398 3074 3439 esse
3120 3387 3429 3454 conspicies.

1880 3474 2068 3528 Verum
2090 3472 2328 3526 observa.
2346 3471 2457 3525 Non
2482 3473 2623 3541 prius
2637 3479 2825 3527 cuncta
2852 3474 3019 3540 pulvis
3032 3488 3148 3527 esse
3164 3475 3271 3527 visa
3289 3487 3429 3538 sunt,

1875 3577 2032 3631 quam
2072 3560 2201 3629 lapis
2221 3561 2529 3615 decidisset.
2562 3562 2647 3615 54.
2680 3578 2698 3611 ι
2726 3561 2949 3615 Videbas
2977 3561 3147 3615 donec
3170 3562 3434 3617 abscissus

1876 3660 1958 3705 est
1984 3652 2111 3719 lapis
2131 3650 2195 3704 de
2220 3660 2399 3703 monte
2419 3690 2431 3713 ,
2464 3652 2577 3703 sine
2618 3650 2856 3704 manibus
2882 3666 2896 3702 :
2925 3658 2979 3704 et
3006 3652 3266 3719 percussit
3303 3652 3434 3704 ima-

1876 3742 2073 3809 ginem,
2116 3749 2171 3793 et
2196 3740 2357 3809 pedes
2394 3739 2595 3793 ferreos
2624 3755 2685 3794 ac
2709 3749 2966 3794 testaceos
2997 3758 3009 3793 :
3049 3750 3102 3794 et
3126 3740 3435 3795 comminuit

1876 3846 1969 3885 eos
1993 3831 2044 3884 in
2071 3832 2244 3885 finem.
2271 3831 2355 3885 35.
2380 3831 2526 3884 Tunc
2546 3831 2861 3885 comminuta
2892 3840 3013 3884 sunt
3037 3831 3249 3885 omnino
3280 3840 3431 3894 testa,

1878 3918 2109 3984 ferrum,
2148 3934 2255 3985 trs,
2298 3928 2569 3986 argentum
2596 3960 2612 3984 ,
2640 3934 2822 3971 aurum
2857 3935 2869 3971 :
2899 3930 2953 3973 et
2975 3918 3109 3972 facta
3137 3928 3259 3972 sunt
3282 3922 3452 3987 quasi,

1876 4010 2048 4078 pulvis
2079 4008 2146 4061 de
2182 4023 2305 4061 area
2330 4008 2506 4061 :estiva
2538 4014 2631 4060 :et
2665 4007 2851 4059 extulit
2875 4021 2934 4060 ea
2961 4008 3237 4061 multitudo
3266 4009 3431 4072 venti,

1876 4108 1931 4152 et
1972 4099 2114 4150 locus
2155 4111 2257 4149 non
2298 4104 2378 4149 est
2420 4096 2659 4149 inventus
2707 4096 2827 4149 illis.
2862 4114 2880 4148 ι
2926 4096 3040 4151 Non
3069 4098 3210 4151 enim
3251 4113 3431 4154 earum

1876 4202 2051 4241 rerum
2093 4194 2277 4239 natura
2303 4186 2507 4253 cognita
2544 4184 2658 4251 fuit,
2700 4185 2867 4240 donec
2895 4188 2969 4241 sol
2995 4186 3211 4255 justitire
3232 4197 3311 4242 est
3338 4202 3433 4241 ex-

1874 4290 2023 4335 ortus
2054 4299 2066 4331 :
2096 4280 2213 4349 quia
2236 4294 2416 4331 aurum
2446 4293 2547 4331 non
2576 4293 2762 4332 aurum
2788 4287 2885 4333 est.
2938 4278 3065 4332 Vide
3100 4288 3276 4337 autem
3299 4289 3351 4332 ct
3380 4280 3431 4331 in

1876 4370 1973 4423 hac
1995 4370 2103 4437 ipsa
2126 4383 2183 4421 re
2208 4383 2309 4420 non
2327 4376 2445 4435 post
2459 4367 2844 4429 contritioncm,
2874 4366 2965 4419 sed
2986 4367 3243 4425 stantibus
3261 4366 3432 4420 adhuc

1876 4459 2140 4523 omnibus,
2185 4457 2377 4510 nullam
2409 4457 2677 4510 materiam
2706 4456 2808 4511 alia
2844 4471 2961 4510 esse
2988 4457 3427 4526 praastantiorem.

1879 4550 2026 4613 Vide,
2053 4560 2105 4603 et
2133 4556 2367 4615 aspectu,
2398 4556 2451 4601 et
2478 4555 2727 4615 tempore,
2758 4558 2809 4601 et
2833 4548 3077 4617 qualitate
3106 4557 3307 4602 tantum
3338 4548 3432 4602 has

1877 4638 1977 4691 illis
2002 4650 2117 4690 esse
2143 4636 2408 4689 meliores.
2457 4635 2580 4689 ideo
2605 4637 2746 4690 enim
2767 4636 2901 4690 Deus
2927 4652 3109 4695 aurum
3135 4652 3340 4707 quoque
3364 4638 3432 4693 de

1878 4739 2014 4782 terra
2044 4727 2183 4789 fecit,
2206 4727 2409 4781 utnihil
2430 4742 2682 4796 magnum
2701 4728 2766 4783 de
2795 4729 2885 4784 illo
2910 4730 3227 4800 imagineris.
3260 4731 3432 4798 Quare

1876 4828 2048 4872 autem
2075 4833 2289 4887 regnum
2319 4818 2846 4873 Nabuchodonosoris
2866 4830 3017 4874 vocat
3045 4837 3282 4887 aureum,
3306 4822 3407 4875 Per

1876 4923 2049 4961 sarum
2075 4916 2247 4961 autem
2277 4918 2599 4978 argenteum,
2629 4909 2971 4965 Macedonum
2998 4926 3212 4973 aereum,
3240 4912 3429 4964 Romao

1877 5012 2061 5050 norum
2115 4996 2345 5052 ferreum
2403 5008 2561 5067 atque
2607 5002 2929 5053 testaceum?
2977 5000 3104 5053 Vide
3153 5001 3434 5070 dispositas

1876 5087 2251 5141 convenienter
2279 5089 2543 5141 materias.
2594 5087 2722 5141 Nam
2752 5104 2934 5142 aurum
2973 5089 3180 5146 divitias
3218 5092 3430 5160 quidem

1877 5185 2258 5244 reprmsentat:
2292 5178 2573 5230 invalidum
2614 5186 2695 5230 cst
2732 5187 2939 5241 autem,
2983 5188 3039 5233 et
3084 5180 3150 5233 ad
3193 5180 3430 5236 fraudem

1876 5278 2031 5336 atque
2058 5267 2122 5320 ad
2159 5274 2397 5320 ornatum
2426 5281 2489 5320 ac
2530 5266 2972 5335 magnificentiam
3012 5270 3178 5339 magis
3219 5286 3429 5325 accom-

1878 5356 2165 5409 modatum.
2207 5355 2293 5409 Sic
2326 5363 2379 5409 et
2417 5370 2631 5423 regnum
2665 5356 3005 5424 Babylonium
3034 5358 3239 5411 barbari
3270 5360 3428 5413 illius.

1878 5448 2093 5501 Multum
2116 5461 2277 5516 penes
2314 5446 2486 5515 ipsum
2514 5456 2566 5500 et
2595 5448 2733 5515 apud
2762 5449 3009 5503 barbaros
3031 5458 3143 5504 erat
3169 5452 3278 5502 auri
3313 5468 3325 5502 :
3360 5451 3429 5504 ibi

1878 5552 2103 5607 namque
2148 5537 2384 5592 feruntur
2432 5552 2551 5591 esse
2608 5539 2836 5592 metalla.
2894 5539 3093 5593 Etenim
3143 5553 3175 5591 a
3211 5539 3428 5593 Scribus

1878 5630 2071 5683 divitia:
2098 5644 2297 5699 magna:
2328 5636 2631 5697 portantur,
2668 5629 2760 5683 sed
2796 5630 3021 5683 inutiles.
3057 5628 3223 5698 Caput
3253 5639 3429 5684 autem

1883 5726 2139 5785 occupat,
2183 5719 2302 5788 quia
2329 5735 2546 5791 regnum
2586 5718 2711 5777 illud
2740 5719 2831 5774 fuit
2860 5719 3103 5791 primum.
3156 5719 3430 5781 Persarum
