4032 6220
280 354 396 414 209

279 462 541 531 originem
572 464 789 522 duxisse
828 480 892 521 ex
939 480 1136 536 genere
1186 468 1368 538 regio;
1413 467 1668 539 plurimos
1697 469 1852 523 etiam

276 551 440 608 fuisse
463 556 719 612 infideles.
743 559 831 612 44.
861 577 879 609 ι
911 558 978 613 Et
1001 559 1051 612 in
1079 558 1263 613 diebus
1302 576 1484 630 regttm
1508 561 1715 614 illorum
1737 574 1853 613 sns-

274 645 459 699 citabit
500 646 637 702 Deus
675 650 788 703 carli
821 664 1059 718 regnum,
1113 650 1252 720 quod
1294 651 1345 705 in
1386 651 1577 704 saecula
1612 666 1716 704 non
1739 666 1855 705 cor-

273 745 552 805 rumpetur
583 754 596 789 :
629 748 681 793 et
730 754 946 808 regnum
990 740 1104 810 ejus
1149 742 1342 811 populo
1370 742 1523 796 alteri
1562 757 1665 795 non
1694 742 1856 797 relin-

277 835 475 895 quetur
499 844 512 879 :
539 829 865 883 comminuet
914 839 968 883 et
992 831 1265 886 ventilabit
1300 831 1539 888 universa
1570 848 1729 903 regna
1762 849 1775 886 :
1804 842 1858 887 et

277 917 456 983 ipsum
486 927 733 988 exsurget
761 920 813 973 in
852 922 1065 976 sazcula.
1098 940 1118 974 ι
1149 922 1411 982 Adducito
1449 924 1579 979 mihi
1622 926 1725 979 huc
1759 924 1854 980 Ju-

273 1006 445 1061 ὀποῦ.
469 1008 604 1075 Quid
622 1010 687 1064 de
713 1010 811 1064 hac
827 1012 1099 1081 prophetia
1115 1013 1304 1067 dicturi
1321 1016 1475 1069 sunt?
1503 1014 1685 1085 Neque
1713 1018 1855 1071 enim

272 1098 517 1165 profecto
537 1099 602 1155 de
620 1100 848 1156 humano
873 1118 1036 1173 regno
1071 1104 1184 1159 hinc
1212 1105 1288 1159 fas
1314 1114 1394 1160 est
1419 1106 1618 1174 dicere,
1650 1108 1854 1164 scilicet

270 1205 496 1259 regnum
524 1191 785 1247 infinitum
812 1196 960 1249 fore:
992 1195 1088 1251 sed
1113 1207 1322 1266 oportet
1346 1199 1578 1268 aliquem
1606 1216 1725 1256 esse
1742 1242 1757 1266 ,
1781 1202 1849 1257 de

271 1296 383 1350 quo
422 1281 537 1337 haec
563 1285 702 1338 dicta
730 1294 871 1339 sunt.
898 1286 1051 1353 Quod
1092 1290 1135 1342 si
1162 1288 1358 1345 dixeris
1376 1330 1394 1357 ,
1422 1290 1488 1345 de
1519 1291 1672 1346 Patre
1723 1308 1846 1360 pro-

270 1370 377 1425 lata
423 1373 618 1438 fuisse,
644 1385 698 1429 at
725 1376 846 1431 audi
888 1378 1011 1447 quid
1043 1379 1248 1434 dicatur
1282 1380 1391 1435 :ln
1442 1382 1615 1436 diebus
1679 1400 1851 1452 regum

270 1462 476 1517 illorum
506 1481 525 1518 :
556 1465 909 1522 Romanorum
938 1469 1196 1525 videlicet.
1219 1470 1368 1539 Quod
1392 1473 1436 1527 si
1463 1472 1641 1528 dicant
1664 1492 1677 1528 :
1704 1474 1849 1539 Quo-

269 1552 433 1608 modo
475 1569 659 1609 aurum
688 1566 963 1613 conterere
989 1560 1186 1627 potuit,
1213 1574 1403 1631 nempe
1425 1578 1643 1633 regnum
1674 1563 1847 1635 Baby-

269 1642 534 1697 loniorum
555 1685 571 1711 ,
602 1647 741 1715 quod
765 1646 874 1716 jam
896 1648 1023 1702 olim
1044 1658 1158 1704 erat
1182 1650 1553 1706 destructum?
1583 1654 1849 1723 quomodo

267 1736 433 1788 etiam
484 1747 793 1805 argentum,
854 1738 1105 1793 nimirum
1150 1756 1370 1811 regnum
1422 1742 1740 1797 Persarum?
1793 1753 1848 1798 et

266 1825 539 1894 quomodo
562 1841 667 1892 aes,
691 1828 891 1882 scilicet
916 1843 1131 1898 regnum
1151 1830 1532 1886 Macedonum?
1565 1833 1679 1887 haec
1704 1835 1845 1887 enim

268 1916 542 1985 quondam
567 1919 772 1973 fuerant
798 1928 852 1974 et
879 1919 1036 1974 finem
1064 1931 1398 1991 acceperant.
1434 1923 1624 1978 Verum
1658 1939 1724 1977 ne
1750 1925 1847 1977 mi-

266 2008 441 2071 reris,
498 2008 798 2064 carissime.
854 2009 909 2065 Si
960 2011 1100 2066 enim
1154 2012 1347 2066 Paulus
1396 2028 1558 2068 ausus
1606 2030 1712 2070 non
1765 2025 1847 2069 est

266 2107 451 2164 aperte
474 2097 651 2167 loqui;
685 2099 776 2154 sed
816 2101 887 2154 ait
919 2120 932 2155 :
975 2101 1143 2156 Donec
1164 2103 1251 2172 qui
1279 2111 1407 2156 tenet
1437 2104 1500 2157 de
1527 2106 1687 2158 medio
1713 2106 1803 2173 [iat
1826 2122 1845 2160 :

266 2190 439 2242 multo
469 2190 634 2261 magis
664 2192 939 2261 propheta.
980 2193 1231 2261 Quantam
1259 2194 1400 2250 enim
1420 2236 1436 2262 ,
1482 2212 1665 2266 quasso
1685 2239 1698 2263 ,
1732 2199 1839 2251 nti-

269 2276 393 2331 litas
423 2294 493 2332 ex
520 2289 703 2348 aperta
749 2281 1055 2350 loquutione
1081 2292 1194 2336 orta
1223 2282 1442 2339 fuisset?
1469 2284 1524 2339 Si
1554 2295 1728 2341 autem
1759 2287 1842 2339 di-

266 2368 463 2435 xerint,
486 2370 602 2435 Quo
629 2381 781 2441 pacto
797 2374 1043 2427 contrivit
1058 2389 1131 2428 tes
1151 2388 1213 2428 ac
1231 2374 1465 2429 ferrum?
1487 2375 1601 2430 haec
1621 2379 1842 2446 qurestio

265 2459 371 2513 erit
400 2462 722 2517 communis.
774 2462 982 2518 Etenim
1025 2464 1092 2519 de
1140 2464 1265 2533 ipsis
1292 2465 1511 2533 perinde
1554 2477 1840 2536 quaeretur,

265 2550 538 2616 quomodo
553 2551 663 2619 jam
676 2553 935 2607 exstincta
961 2568 1123 2623 regna
1149 2553 1568 2621 destruatiQuia
1593 2557 1841 2611 nimirum

264 2639 499 2696 destruit
519 2643 623 2696 alia
653 2658 815 2713 regna
836 2686 850 2710 ,
882 2645 933 2697 in
958 2646 1148 2714 quibus
1172 2644 1285 2701 hinc
1311 2645 1667 2701 continentur.
1697 2648 1841 2701 Alio-

264 2732 393 2799 quin
418 2740 595 2786 autem
628 2732 679 2786 id
708 2734 935 2788 latenter
964 2735 1303 2803 Operabatur,
1331 2750 1452 2790 cum
1498 2738 1658 2791 etiam
1685 2749 1841 2793 antea

262 2824 411 2877 Deus
438 2833 613 2886 esset,
642 2825 737 2879 sed
768 2827 999 2880 nondum
1028 2827 1148 2882 ideo
1178 2828 1323 2882 visus
1342 2868 1357 2892 ,
1404 2837 1461 2882 ut
1487 2843 1581 2882 vos
1602 2828 1720 2898 jure
1743 2830 1834 2885 du-

266 2911 529 2968 bitaretis.
555 2913 707 2980 Quod
738 2916 779 2969 si
802 2916 919 2985 quis
942 2917 1164 2971 voluerit
1188 2917 1345 2971 etiam
1368 2917 1421 2971 in
1444 2918 1686 2987 priesenti
1712 2929 1841 2973 tem-

265 3017 398 3072 pore
457 3004 700 3073 accipere
754 3006 1086 3075 prophetiam
1116 3049 1132 3072 ,
1179 3023 1508 3077 nequaquam
1555 3008 1836 3063 aberravit.

263 3094 538 3162 Siquidem
586 3110 729 3151 nunc
776 3112 985 3167 quoque
1032 3100 1279 3152 contrivit
1303 3114 1496 3168 regna,
1540 3101 1839 3168 superbiam

265 3180 615 3243 Macedonum
643 3191 719 3260 (et
747 3188 1127 3262 Romanorum)
1177 3191 1489 3259 potentiam.
1538 3192 1667 3245 Cum
1698 3193 1839 3247 enim

265 3279 466 3334 videris
518 3289 780 3351 martyres
825 3280 892 3335 ad
922 3281 1012 3336 Dei
1064 3280 1371 3335 mandatum
1416 3281 1741 3350 implendum
1788 3282 1841 3336 id

266 3367 560 3435 facientes,
609 3371 717 3426 imo
743 3382 798 3427 et
822 3383 1048 3427 mortem
1106 3372 1469 3427 sustinentes:
1514 3373 1715 3428 videbis
1754 3390 1842 3428 re-

264 3476 428 3529 gnum
479 3463 654 3524 illius.
699 3472 756 3519 et
798 3462 1066 3533 quomodo
1112 3472 1305 3519 terram
1352 3464 1656 3535 repleverit.
1693 3464 1843 3521 Nosti

266 3552 595 3620 prophetias.
624 3554 679 3609 Si
709 3570 827 3623 qum
851 3555 918 3609 ab
945 3556 1047 3609 illis
1076 3555 1323 3625 prmdicta
1355 3554 1563 3610 fuerant
1588 3571 1692 3610 non
1720 3572 1843 3611 eve-

267 3652 490 3707 nerunt,
520 3661 618 3700 uec
664 3648 1105 3703 consummationi
1159 3648 1338 3703 crede.
1390 3648 1587 3703 Deinde
1617 3650 1840 3718 adjicit:

266 3732 361 3787 45.
399 3749 416 3782 σ
456 3730 602 3787 Sicut
631 3734 808 3788 vidisti
829 3735 896 3790 de
923 3746 1102 3791 monte
1125 3738 1420 3792 abscissum
1449 3752 1567 3792 esse
1612 3738 1839 3807 lapidem

265 3823 387 3877 sine
440 3824 719 3890 manibus,
756 3826 842 3894 qui
870 3826 1183 3879 comminuit
1212 3836 1397 3881 testam
1420 3867 1434 3890 ,
1467 3825 1663 3880 ferrum
1685 3868 1700 3891 ,
1730 3842 1802 3881 tes
1822 3868 1839 3893 ,

265 3922 577 3982 argentum,
607 3929 794 3969 aurum
819 3954 835 3980 ,
862 3914 1002 3970 Deus
1034 3915 1282 3970 iudicavi:
1313 3917 1421 3985 regi
1452 3932 1571 3986 quae
1600 3925 1843 3987 Oporteat

268 4002 385 4057 ficri
418 4012 541 4073 post
567 4004 700 4059 haec.
730 4004 794 4058 Et
816 4020 998 4061 verum
1021 4015 1100 4060 est
1127 4007 1389 4060 somnium
1407 4049 1419 4071 ,
1444 4015 1497 4061 et
1522 4006 1690 4062 fidelis
1715 4023 1844 4063 con-

261 4095 470 4164 jectura
498 4096 632 4166 ejus.
682 4096 813 4153 Vide
836 4098 1102 4167 quomodo
1140 4097 1294 4152 fidem
1338 4098 1576 4152 adstruat
1620 4100 1683 4153 iis
1724 4114 1842 4168 qnze

265 4184 496 4239 dixerat.
531 4186 612 4240 Ex
655 4185 813 4240 rebus
848 4186 1142 4240 manifestis
1170 4186 1396 4240 obscura
1443 4188 1664 4256 probat,
1689 4188 1840 4256 quasi

265 4274 479 4331 diceret
529 4295 541 4330 :
580 4275 799 4331 Narravi
844 4277 1141 4343 somnium,
1199 4278 1618 4347 interpretationi
1658 4278 1839 4332 crede.

265 4365 404 4432 Quid
430 4365 589 4435 igitur
614 4366 740 4419 rex?
762 4365 849 4421 46.
885 4365 1053 4431 Tunc,
1085 4367 1283 4436 inquit,
1310 4383 1400 4421 rex
1431 4366 1839 4420 Nabuchodono-

264 4472 350 4509 sor
394 4457 571 4509 cecidit
599 4457 651 4510 in
679 4456 859 4529 faciem
894 4473 1063 4522 suam,
1091 4466 1133 4509 et
1172 4456 1430 4510 Danielem
1475 4457 1702 4511 adoravit
1730 4472 1746 4510 :
1792 4465 1838 4510 et

266 4562 458 4599 manna
484 4556 631 4618 atque
658 4547 840 4600 bonum
875 4548 1077 4601 odorem
1124 4548 1249 4601 dixit
1268 4558 1319 4600 ul
1363 4547 1569 4601 libarent
1615 4549 1678 4602 ei.
1709 4548 1840 4602 Tam

266 4638 378 4691 cito
407 4638 612 4691 Danieli
632 4638 893 4692 creditum
925 4646 1023 4691 est.
1055 4640 1130 4691 Ac
1156 4640 1343 4692 merito
1376 4640 1624 4707 praecepit
1650 4654 1841 4693 manna

267 4736 324 4781 et
348 4726 545 4781 bonum
571 4726 787 4782 odorem
822 4727 974 4781 libari
994 4727 1067 4781 ei.
1094 4728 1251 4783 Vides
1289 4729 1573 4783 maximum
1612 4730 1842 4784 miracu-

271 4816 406 4869 lum.
444 4816 601 4871 Vides
624 4826 680 4870 ut
709 4831 824 4871 mos
854 4818 924 4871 sit
964 4818 1246 4887 gentilibus
1274 4834 1337 4872 ex
1370 4818 1670 4872 hominibus
1712 4819 1839 4875 deos

269 4906 469 4962 facere.
518 4906 699 4977 Itaque
727 4907 939 4977 quando
980 4907 1253 4963 dixerint:
1308 4908 1460 4965 Unde
1504 4908 1838 4963 idololatria?

270 4998 589 5067 principium
620 4997 761 5051 illius
791 4997 956 5052 disce.
984 4997 1069 5052 Sic
1095 4999 1362 5068 apostolos
1390 5013 1600 5068 quoque
1643 5014 1706 5053 ex
1740 4999 1839 5054 ho-

269 5088 508 5142 minibus
531 5087 661 5143 deos
700 5086 959 5142 faciebant
986 5088 1119 5157 (Act.
1147 5090 1232 5143 14.
1262 5090 1349 5143 Η.
1390 5088 1539 5144 €128.
1565 5086 1641 5159 6).
1669 5090 1757 5144 Sic
1786 5098 1840 5146 et

270 5177 517 5232 diabolus
551 5178 617 5231 ab
640 5177 788 5231 initio
811 5178 1132 5247 impietatem
1160 5179 1494 5235 introducere
1530 5181 1836 5247 contendit,

270 5266 682 5324 dicenszEritis
706 5269 832 5323 sicut
871 5268 941 5321 dii
968 5268 1117 5338 (Gen.
1159 5271 1210 5324 '5.
1236 5271 1310 5337 5).
1351 5270 1416 5323 Et
1440 5272 1687 5339 quoniam
1717 5268 1840 5324 time

273 5374 383 5414 non
408 5359 608 5424 valuit,
639 5366 760 5428 post
794 5358 882 5412 illa
913 5357 966 5411 id
992 5367 1162 5412 tentat
1181 5400 1194 5427 ,
1224 5360 1416 5429 ubique
1440 5360 1689 5413 obnitens
1713 5358 1842 5413 deo-

274 5465 395 5505 rum
416 5449 807 5504 multitudinem
834 5447 1189 5502 introducere.
1218 5450 1303 5503 47.
1331 5449 1398 5502 Et
1424 5450 1726 5519 respondens
1752 5464 1840 5503 rex

275 5541 404 5594 diaa't
429 5539 632 5594 Danieli
656 5555 673 5592 :
700 5537 767 5592 In
788 5538 989 5591 veritate
1013 5539 1124 5592 novi
1144 5541 1275 5609 quod
1302 5539 1435 5594 Deus
1457 5550 1609 5595 vester
1637 5543 1742 5611 ipse
1768 5550 1839 5595 est

276 5627 418 5683 Deus
458 5629 645 5693 vivens,
690 5636 737 5681 et
764 5626 1004 5681 Dominus
1026 5643 1215 5697 regum.
1257 5628 1367 5685 [loc
1396 5630 1511 5685 solo
1551 5630 1793 5685 inductus
1820 5670 1835 5694 ,

272 5720 452 5775 statim
486 5716 713 5776 credidit
751 5733 883 5775 rex:
912 5717 1077 5774 Ιυάιιιί
1107 5733 1259 5781 vero,
1306 5735 1424 5775 eum
1468 5720 1627 5776 millia
1658 5720 1835 5790 hujus-

1648 354 1711 410 ΙΝ
1754 353 2095 409 DANIELEM

3429 381 3543 440 210

1963 468 2105 521 modi
2127 467 2402 535 audirent,
2422 486 2524 525 non
2543 474 3072 534 attendebattt.Vides
3091 495 3195 549 qua
3212 482 3416 538 ratione
3438 485 3532 537 tibi

1961 559 2205 613 ostendat
2250 562 2479 630 gentium
2523 574 2726 633 gratum
2773 569 3049 625 animum?
3093 572 3535 643 Quandoquidem

1960 652 2100 705 enim
2123 651 2563 717 aderatdeinct-ps
2581 665 2806 727 tempus,
2832 660 2882 713 in
2900 676 3005 729 quo
3021 664 3301 732 oportebat
3319 665 3385 719 ad
3401 681 3539 735 gen-

1960 742 2078 797 tiles
2106 743 2529 811 praedicationem
2553 750 2807 818 evangelii
2832 755 3099 822 exportari
3120 795 3136 821 ,
3158 756 3457 826 anticipans
3476 774 3537 814 se

1960 844 2177 889 excusat
2193 851 2285 905 per
2302 836 2508 891 illorum
2531 841 2910 909 progenitores,
2938 846 3280 916 ostenditque
3298 863 3402 903 non
3429 849 3536 903 fru-

1960 932 2068 978 stra
2088 939 2185 979 nec
2202 934 2402 981 temere
2424 927 2646 996 gentiles
2670 928 2866 985 Judaeis
2889 948 2915 983 a
2932 948 2992 988 se
3008 930 3173 990 fuisse
3193 936 3531 1006 praepositos.

2557 1059 2780 1118 CAPUT
2819 1064 2906 1118 lli.

2030 1190 2083 1243 t.
2121 1208 2140 1241 ‹
2176 1190 2328 1243 Anno
2351 1189 2557 1245 decimo
2580 1203 2767 1248 octavo
2796 1194 2873 1267 (a)
2913 1196 3408 1256 Nabuchodonosor
3435 1218 3531 1258 rex

1958 1278 2087 1335 fecit
2130 1282 2409 1351 imaginem
2439 1297 2651 1338 auream
2690 1303 2706 1339 :
2761 1287 2986 1343 altitudo
3049 1290 3165 1358 ejus
3223 1291 3529 1347 cubitorum

1954 1372 2261 1441 sexaginta,
2295 1382 2351 1428 et
2395 1373 2620 1429 latitudo
2658 1376 2772 1445 ejus
2808 1379 3108 1434 cubitorum
3147 1396 3240 1436 sex
3280 1400 3293 1437 :
3334 1393 3389 1437 et
3422 1394 3534 1439 sta-

1957 1464 2057 1517 tuit
2092 1478 2207 1517 eam
2250 1466 2301 1519 in
2340 1480 2525 1537 campo
2566 1467 2734 1522 Deera
2787 1470 2839 1523 in
2893 1472 3163 1540 provincia
3217 1473 3505 1545 Babylonis

1951 1551 2006 1606 2.
2071 1555 2135 1609 Et
2185 1555 2671 1613 Nabuchodonosor
2708 1561 2850 1614 misit
2909 1572 3287 1633 congregatum
3337 1580 3525 1622 omnes

1953 1653 2260 1710 summates,
2282 1655 2333 1700 et
2358 1655 2629 1715 przetores,
2663 1650 2941 1718 pnesides,
2974 1652 3138 1708 duces
3167 1662 3221 1708 et
3244 1662 3523 1727 tyrannos,

1951 1742 2003 1785 et
2035 1734 2085 1786 in
2132 1734 2482 1803 potestatibus
2526 1738 2880 1800 consututos,
2919 1749 2973 1793 et
3010 1755 3196 1797 omnes
3245 1744 3521 1815 regionum

1954 1825 2307 1892 magistratus,
2338 1835 2395 1880 ut
2439 1829 2677 1881 venirent
2703 1831 2766 1881 ad
2807 1829 3196 1887 dedicationem
3236 1835 3518 1903 imaginis,

1952 1930 2109 1982 quam
2140 1926 2394 1971 statuerat
2417 1917 2904 1975 Nabuchodonosor
2926 1936 3039 1976 rex.
3078 1941 3095 1975 ι
3128 1924 3319 1992 Aspice
3346 1926 3529 1993 splen-

1956 2005 2167 2059 dentem
2201 2023 2378 2061 rerum
2408 2011 2683 2063 veritatem
2710 2027 2721 2059 τ
2758 2019 2811 2063 et
2839 2020 2983 2066 certe
3007 2029 3160 2081 quem
3189 2030 3291 2067 non
3320 2014 3533 2084 puduis-

1947 2104 2030 2149 set
2058 2095 2308 2165 flagitium
2339 2098 2474 2167 regis
2501 2100 2803 2153 revelasse?
2830 2099 2963 2167 Quid
2994 2100 3161 2155 dicis?
3189 2102 3278 2157 ille
3312 2104 3400 2171 qui
3431 2103 3527 2158 ad-

1947 2187 2142 2251 oravit,
2175 2188 2261 2257 qui
2289 2203 2476 2242 manna
2504 2189 2717 2253 libavit,
2746 2191 2833 2259 qui
2876 2192 3038 2246 Deum
3068 2193 3202 2247 adeo
3224 2193 3525 2263 honoravit,

1946 2276 2032 2345 qui
2060 2275 2346 2331 admiratus
2368 2287 2479 2343 est,
2508 2287 2563 2333 et
2587 2293 2744 2348 supra
2774 2279 2987 2334 modum
3014 2281 3310 2351 obstupuit,
3337 2284 3522 2352 illene,

1946 2382 2045 2421 nec
2072 2368 2226 2435 longo
2255 2376 2487 2435 tempore
2528 2368 2709 2436 elapso
2727 2409 2741 2433 ,
2784 2371 2960 2423 statim
2989 2370 3055 2425 ad
3083 2372 3311 2439 priorem
3340 2389 3525 2430 rever-

1947 2460 2073 2512 titur
2112 2460 2391 2514 errorem?
2420 2459 2644 2514 Pulchre
2682 2476 2827 2516 sane.
2860 2462 2976 2518 Non
3017 2463 3158 2517 enim
3200 2479 3321 2519 eum
3360 2467 3527 2535 signis

1945 2548 2365 2618 obstupefecistis
2389 2572 2401 2606 :
2429 2565 2548 2605 nam
2577 2551 2704 2605 nihil
2731 2552 2919 2606 horum
2945 2556 3244 2623 cogitarunt
3258 2555 3521 2622 juvenes;

1944 2649 1997 2691 at
2037 2655 2195 2694 unum
2234 2641 2564 2697 solummodo
2601 2655 2983 2711 respexerunt,
3029 2647 3296 2713 quomodo
3325 2647 3524 2702 verita-

1946 2738 2049 2784 tem
2072 2730 2261 2784 nudam
2285 2730 2628 2802 deponerent.
2651 2734 2934 2802 Postquam
2957 2734 3097 2788 enim
3120 2734 3207 2789 ille
3228 2736 3413 2791 urbem
3436 2752 3528 2792 ce-

1945 2830 2097 2890 perat
2134 2821 2151 2891 (
2177 2829 2300 2875 tunc
2326 2823 2519 2891 quippe
2546 2822 2928 2894 Jerosolymam
2962 2825 3313 2895 expugnavit,
3344 2834 3399 2882 et
3437 2827 3523 2881 illa

1945 2913 2137 2981 potitus
2178 2914 2333 2983 est),
2364 2915 2529 2968 erexit
2572 2914 2850 2984 imaginem
2876 2956 2891 2983 ,
2936 2917 3069 2970 forte
3120 2916 3170 2969 in
3219 2917 3524 2986 superbiam

1943 3004 2129 3058 elatus.
2154 3004 2374 3071 Quidam
2396 3004 2595 3066 dicunt,
2620 3005 2758 3075 quod
2779 3006 3016 3075 imaginis
3035 3007 3176 3061 illius
3194 3006 3521 3073 recordatus,

1943 3106 2061 3159 quae
2090 3093 2188 3161 ipsi
2221 3094 2270 3146 in
2302 3096 2500 3147 somnis
2535 3102 2746 3148 ostensa
2774 3095 2943 3148 fuerat
2970 3112 2984 3149 :
3011 3095 3100 3148 alii
3130 3104 3307 3151 autem
3337 3096 3520 3161 aiunt,

1943 3182 2083 3251 quod
2105 3183 2331 3251 seipsum
2361 3184 2411 3238 in
2439 3182 2567 3238 deos
2597 3185 2795 3238 referre
2815 3185 3016 3238 volens.
3054 3185 3263 3238 Etenim
3292 3185 3394 3240 hoc
3421 3185 3524 3240 de-

1944 3274 2137 3329 siderio
2169 3274 2479 3329 tenebantur
2507 3276 2739 3345 antiqui,
2773 3284 2829 3329 ut
2868 3275 2940 3329 dii
2974 3286 3354 3340 censerentur,
3387 3277 3526 3332 sicut

1942 3363 2201 3418 diabolus.
2236 3363 2303 3418 Et
2330 3364 2449 3419 vide
2500 3365 2718 3420 exitum.
2749 3365 2880 3418 Cum
2909 3366 3177 3421 omisisset
3214 3365 3436 3436 jubere,
3465 3378 3525 3422 ut

1944 3455 2118 3523 ipsum
2145 3454 2453 3519 adorarent,
2481 3456 2654 3510 effecit
2682 3465 2738 3509 nt
2766 3456 2937 3526 imago
2963 3471 3057 3512 sua
3085 3456 3393 3512 adoraretur
3412 3499 3427 3523 ,
3455 3472 3524 3512 ex

1945 3546 2106 3599 multa
2134 3560 2309 3600 rerum
2340 3545 2653 3600 abundantia
2694 3545 2743 3599 id
2775 3547 3038 3602 conficere
3080 3548 3265 3602 volens
3284 3589 3299 3613 ,
3329 3556 3384 3603 et
3411 3564 3526 3603 ma-

1943 3633 2216 3703 gnitudine
2244 3643 2400 3702 atque
2426 3633 2665 3701 corporis
2693 3635 2830 3689 mole
2854 3637 3074 3705 cupiens
3100 3637 3393 3706 percellere
3418 3678 3432 3703 ,
3454 3652 3519 3693 ac

1945 3742 2125 3782 rursus
2145 3742 2174 3780 a
2201 3730 2337 3781 loco.
2364 3726 2429 3780 In
2451 3727 2559 3779 loco
2585 3725 2774 3791 Deera,
2807 3727 2994 3796 inquit.
3021 3727 3252 3799 Campus
3281 3739 3396 3785 erat
3418 3729 3522 3783 for-

1945 3829 2084 3873 tasse
2110 3818 2341 3873 acclivis.
2376 3817 2460 3871 12.
2493 3836 2510 3869 ε
2545 3817 2679 3872 Sunt
2700 3816 2796 3869 viri
2820 3816 2985 3870 Judaei
3004 3859 3017 3880 ,
3043 3833 3175 3886 quos
3200 3819 3522 3873 constituisti

1944 3927 2104 3982 super
2143 3926 2302 3981 opera
2344 3910 2646 3981 Babylonis,
2676 3909 2995 3976 Sedracbus,
3025 3908 3313 3975 Misachus,
3343 3910 3521 3964 Abde-

1943 4018 2098 4072 nago.
2127 4002 2238 4057 Viri
2263 4002 2339 4056 illi
2380 4016 2482 4055 non
2507 4000 2822 4056 obediernnt
2845 4038 2861 4065 ,
2891 4014 2985 4055 rex
3008 4039 3024 4066 ,
3062 4000 3278 4054 decreto
3306 4008 3397 4054 tuo
3419 4041 3435 4065 ,
3466 4008 3521 4055 et

1944 4094 2073 4148 deos
2098 4100 2217 4146 tuos
2242 4106 2343 4145 non
2365 4091 2548 4145 colunt
2574 4130 2589 4153 ,
2615 4099 2669 4144 et
2696 4089 2976 4159 imaginem
3000 4104 3213 4144 auream
3237 4105 3394 4159 quam
3421 4098 3520 4142 sta-

1945 4183 2085 4237 tuisti
2116 4196 2220 4235 non
2244 4181 2483 4235 adorant.
2515 4181 2602 4234 15.
2646 4180 2794 4234 Tunc
2834 4178 3321 4234 Nabuchodonosor
3350 4178 3402 4232 in
3440 4178 3523 4233 fu-

1942 4287 2065 4327 rore
2086 4281 2139 4326 et
2162 4273 2238 4325 ira
2259 4270 2411 4338 dixit,
2435 4279 2492 4325 ut
2511 4270 2835 4325 adducerent
2854 4269 3204 4334 Sedrachum,
3228 4268 3520 4323 Misachum

1942 4374 1996 4417 et
2021 4361 2450 4433 Abdenagonem.
2481 4379 2499 4413 ι
2546 4360 2821 4427 Quomodo
2852 4360 2936 4413 hic
2963 4374 3069 4413 non
3107 4366 3381 4427 comparet
3408 4358 3517 4412 Da-

1943 4454 2078 4507 niel?
2108 4452 2231 4506 Mihi
2269 4452 2509 4515 videtur,
2540 4449 2817 4503 Chaldaeos
2856 4457 3154 4503 metuentes
3183 4462 3289 4501 non
3342 4448 3517 4516 ipsum

1942 4544 2315 4607 denuntiasse,
2359 4541 2440 4595 vel
2484 4553 2660 4609 regem
2704 4538 3000 4594 reverentia
3039 4536 3323 4593 adductum
3368 4536 3518 4591 illum

1944 4650 2047 4688 non
2086 4633 2357 4701 coegisse,
2397 4645 2464 4684 ne
2500 4628 2837 4684 manifestum
2874 4628 3092 4682 haberet
3129 4636 3515 4682 accusatorem.

1943 4723 2162 4790 Quidam
2190 4734 2315 4775 vero
2341 4720 2550 4784 dicunt,
2573 4718 2694 4787 quia
2718 4717 3003 4772 vocabatur
3024 4716 3265 4771 Baltazar
3286 4716 3305 4785 (
3327 4714 3392 4787 b)
3420 4736 3433 4771 :
3463 4716 3518 4771 id

1943 4827 2118 4867 autem
2151 4827 2339 4865 nomen
2383 4820 2494 4864 erat
2524 4810 2646 4863 idoli
2675 4807 2816 4877 quod
2846 4808 2983 4877 apud
3016 4807 3332 4878 Babylonios
3369 4808 3518 4861 cole-

1942 4905 2112 4959 batur.
2147 4903 2283 4957 Deus
2311 4901 2464 4971 igitur
2490 4899 2718 4969 providit
2745 4908 2801 4953 ut
2828 4899 2878 4952 in
2906 4898 3175 4953 fornacem
3203 4912 3310 4950 non
3336 4897 3517 4951 mitte-

1943 5006 2107 5059 retur,
2132 5010 2197 5050 ne
2218 4994 2419 5049 scilicet
2442 4993 2627 5057 virtus,
2651 5006 2751 5061 qua
2777 4990 3066 5058 periculum
3088 4989 3349 5043 vitaturus
3376 4999 3513 5050 erat,

1942 5088 1991 5144 ei
2018 5086 2213 5141 nomini
2234 5084 2641 5140 adscriberetur.
2666 5081 2803 5149 Quid
2828 5078 2983 5150 igitur
3009 5088 3117 5133 tres
3140 5078 3326 5150 pueri?
3351 5077 3514 5133 Maxi-

2009 5235 2079 5304 (al
2093 5234 2235 5304 Αηηρ
2253 5238 2507 5304 nosam
2520 5240 2610 5304 ρει.
2624 5232 3170 5304 "tamenim-Mdu
3189 5233 3321 5304 enim
3344 5249 3503 5304 earl:-

2011 5294 2109 5345 atio
2132 5294 2331 5357 urrbisjin
2351 5295 2832 5357 Nabu‘chodonosoris
2848 5294 2925 5357 l8.
2950 5300 3001 5357 et
3028 5294 3087 5357 1-9
3114 5308 3125 5343 :
3150 5296 3179 5342 4
3206 5296 3323 5357 lleg.
3349 5294 3426 5353 2ΐῇ
3448 5296 3498 5353 8,

2011 5310 2109 5345 atto
2132 5310 2263 5343 urnis
2284 5310 2331 5343 in
2352 5310 2832 5343 nanucnoaonosons
2852 5310 2925 5349 tu,
2950 5310 3001 5342 et
3028 5310 3087 5341 ιθ
3114 5310 3125 5343 :
3150 5310 3179 5342 4
3206 5310 3323 5357 ueg.
3349 5310 3426 5353 2.),
3448 5310 3496 5353 δ,

1945 5310 2128 5406 Ϋὲι-θιη.
2155 5356 2232 5412 52,
2260 5355 2334 5415 12,
2357 5356 2433 5402 29.
2456 5354 2627 5415 Neque
2652 5352 2921 5416 audiendus
2954 5354 3168 5416 Grotius,
3195 5354 3279 5416 qui
3308 5358 3496 5404 Jerem.

1946 5417 2035 5483 5:2,
2062 5418 2152 5483 .29,
2179 5418 2516 5483 corrigendum
2549 5426 2658 5483 esse
2682 5427 2805 5465 anno
2838 5415 2904 5483 19_
2926 5415 3499 5483 suspi_cat_ur._Josephns

1946 5478 2029 5527 lib.
2057 5477 2076 5523 l
2101 5485 2263 5526 contra
2292 5476 2523 5537 A'pionem
2547 5488 2557 5521 :
2580 5476 2837 5537 Γέγραπται
2857 5476 2944 5536 γὰρ
2956 5477 3002 5523 ἐν
3013 5477 3171 5531 αὐταῖς
3188 5476 3495 5537 (Scripturis)

1947 5542 2017 5608 ξτι
2051 5536 2516 5608 Νριὸουχῴρύρσοριξς
2544 5536 2933 5608 ῥκῖωκτιιδειωὶῖιρ
2960 5544 3043 5608 τῇς
3078 5537 3221 5608 auso?)
3240 5536 3500 5608 ‘Qarrtisiae

1947 5602 2039 5661 ἔτει
2059 5600 2138 5646 τὸν
2158 5597 2265 5661 πάρ’
2285 5599 2395 5661 ἡμῖν
2418 5600 2528 5645 ναὸν
2545 5598 2788 5659 ἠρήμωσε,
2810 5599 2888 5644 καὶ
2905 5599 2961 5656 ἦν
2983 5600 3157 5661 ἀφανὴς
3275 5597 3353 5651 ξτη
3379 5597 3498 5645 ἑπτά

1952 5660 2013 5723 (l.
2040 5658 2385 5726 ezdouﬁnovta)
2404 5674 2413 5685 '
2441 5658 2639 5726 Gaurion)
2735 5666 2825 5726 si;
2842 5658 3273 5726 Eupouﬁaatitsiae,
3300 5663 3395 5704 etc.

2012 5724 2078 5783 (ὑ)
2100 5715 2162 5772 ea
2190 5719 2275 5771 fuit
2293 5715 2457 5783 postea
2475 5715 2639 5782 opinio
2664 5721 2834 5770 lsidori
2854 5715 3118 5769 l'e'lus'totas
3142 5717 3229 5768 lib.
3249 5720 3289 5777 ι,
3310 5731 3389 5779 ep.
3414 5715 3489 5766 t9.
