4032 6220
516 382 620 436 211

512 508 598 546 me
623 490 865 561 equidem
896 488 992 559 ipsi
1022 501 1229 558 quoque
1259 499 1372 540 rem
1409 479 1724 537 eonfutaturi
1751 482 1920 530 erant.
1951 471 2071 527 ρω-

511 591 682 635 terum
728 581 778 634 in
831 579 918 633 illa
967 577 1303 646 prazdietione
1336 571 1592 642 superiori
1627 565 1893 638 quomodo
1939 564 2078 618 Deus

512 673 652 727 idem
683 688 786 726 non
815 669 1114 740 disposuit?
1161 667 1588 724 Criminabantur
1635 663 1753 717 illos
1804 658 2074 715 Chaldaei:

512 765 794 832 plurimum
826 763 965 816 enim
1012 769 1183 830 potest
1222 758 1433 812 invidia.
1484 756 1644 810 Ferre
1687 768 1790 807 non
1838 759 2078 820 poterant

512 854 752 920 captivos
780 855 904 921 ipsis
930 854 1249 906 imperantes
1276 848 1529 915 aspicere.
1553 844 1657 898 Sed
1685 843 1821 897 vide.
1853 842 1996 895 Sicut
2024 841 2075 894 in

514 941 730 994 Dunielc
750 981 765 1006 ,
810 944 952 1008 prius
979 939 1273 992 didicerunt
1314 937 1452 989 illius
1480 949 1654 988 mores
1678 947 1740 986 ac
1778 939 2072 986 mansuetu-

514 1031 725 1094 dinem,
757 1039 809 1083 et
839 1040 964 1083 tunc
1003 1030 1150 1097 signa
1177 1026 1453 1080 viderunt:
1484 1026 1551 1078 ita
1579 1023 1734 1077 etiam
1768 1022 1850 1075 hic
1890 1021 1938 1074 in
1967 1035 2078 1073 me-

514 1120 655 1171 dium
703 1119 964 1171 ducuntur
990 1121 1164 1185 pueri,
1191 1125 1243 1169 et
1274 1117 1494 1183 primum
1532 1127 1715 1167 eorum
1757 1109 2079 1180 propositum

515 1207 797 1259 denudavit
826 1207 963 1259 Deus
993 1223 1007 1259 :
1039 1215 1090 1258 et
1120 1205 1193 1257 illi
1223 1205 1292 1257 ita
1325 1202 1596 1272 prmparati
1630 1216 1732 1253 non
1765 1200 1814 1252 in
1849 1198 2078 1251 medium

519 1297 832 1349 insilierunt.
863 1296 1017 1350 Scitis
1047 1305 1220 1347 autem
1250 1293 1547 1354 hominem,
1575 1291 1662 1359 qui
1691 1289 1932 1357 prmsenti
1961 1288 2082 1341 vitce

518 1388 871 1453 renuntiavit,
900 1387 1093 1456 quique
1133 1385 1285 1439 facile
1316 1395 1538 1438 mortem
1565 1383 1819 1447 sustinet,
1851 1396 1954 1436 non
1985 1381 2080 1434 de-

519 1487 861 1532 trectaturum
900 1477 1158 1546 quidlibet
1193 1476 1420 1539 audere,
1462 1475 1619 1528 etiam
1649 1487 1831 1528 eorum
1862 1487 1976 1542 qua:
2009 1480 2084 1526 te-

519 1570 743 1623 meraria
765 1583 883 1624 esse
904 1569 1163 1621 videntur.
1187 1570 1430 1620 Attamen
1453 1566 1572 1630 isti,
1597 1565 1694 1618 etsi
1715 1573 1936 1618 mortem
1957 1579 2084 1618 con-

521 1670 852 1722 temnerent,
885 1661 1140 1714 mansueti
1171 1667 1357 1722 erant;
1389 1672 1485 1711 nec
1515 1658 1631 1711 illos
1658 1655 1918 1710 ullatenus
1950 1655 2086 1709 laesit

521 1750 771 1804 fortitudo
792 1793 805 1815 ,
838 1767 932 1805 nec
957 1751 1008 1804 in
1047 1749 1314 1803 audaciam
1353 1748 1604 1812 adduxit;
1637 1762 1807 1815 neque
1836 1747 1887 1800 id
1917 1746 2086 1799 ambi-

522 1843 664 1895 tione
706 1842 983 1896 faciebant.
1018 1840 1107 1895 23.
1157 1858 1176 1891 ι
1225 1840 1290 1892 Et
1328 1839 1425 1892 viri
1465 1838 1536 1892 illi
1577 1847 1718 1902 tres,
1750 1836 2080 1901 Sedrachus,

523 1929 786 1984 Misachus
845 1941 899 1985 et
923 1929 1206 1998 Abdenago
1227 1967 1242 1991 ,
1269 1927 1570 1982 ceciderunt
1594 1927 1644 1980 in
1672 1925 1896 1980 mediam
1920 1925 2086 1978 forna-

522 2035 637 2074 cem
669 2021 800 2090 ignis
835 2021 1137 2086 ardentem,
1170 2021 1332 2089 ligati.
1371 2020 1460 2074 ει.
1507 2020 1572 2073 Et
1607 2018 2005 2072 deambulabam
2033 2018 2084 2072 in

523 2109 700 2163 medio
751 2110 1006 2174 flamma),
1055 2110 1328 2164 laudantes
1374 2109 1574 2174 Deum,
1616 2117 1670 2163 et
1712 2107 2086 2163 benedicentes

523 2199 823 2253 Dominum.
856 2199 985 2253 Vide
1013 2215 1186 2253 nonne
1212 2199 1464 2252 mirabilis
1493 2213 1554 2252 ac
1579 2198 1840 2266 inopinata
1868 2207 1947 2251 est
1974 2197 2086 2251 hare

523 2302 640 2355 res,
667 2289 934 2342 ambulare
958 2288 1114 2342 simul
1134 2303 1197 2343 ac
1221 2287 1450 2353 laudare,
1475 2287 1624 2357 quasi
1650 2297 1826 2341 essent
1847 2289 1897 2339 in
1920 2301 2086 2355 aqua-

523 2393 639 2433 rum
671 2379 916 2434 lavacro?
953 2379 1276 2449 Quamquam
1307 2379 1434 2432 nihil
1471 2379 1540 2432 ibi
1577 2387 1726 2443 erat,
1756 2377 1891 2447 quod
1922 2378 2089 2446 impe-

528 2468 703 2525 diret:
747 2470 1167 2540 quandoquidem
1203 2471 1340 2524 Deus
1369 2470 1624 2524 voluerat.
1655 2470 1779 2523 Tale
1807 2467 1930 2538 quid
1960 2469 2088 2522 mihi

524 2560 735 2615 videtur
775 2562 940 2616 fuisse
966 2569 1020 2616 ct
1045 2562 1132 2615 ille
1173 2561 1342 2631 ignis,
1377 2575 1482 2630 quo
1505 2560 1760 2616 combusti
1792 2567 1912 2613 sunt
1937 2560 1970 2612 ii
2000 2558 2090 2628 qui

526 2661 672 2705 extra
701 2650 966 2706 fornacem
996 2660 1146 2707 erant
1172 2668 1184 2704 :
1211 2661 1264 2705 et
1290 2649 1376 2704 hic
1402 2650 1534 2718 ignis
1560 2659 1673 2704 erat
1692 2691 1705 2715 ,
1729 2657 1781 2703 et
1808 2649 1894 2702 ille
1920 2648 2087 2717 ignis;

525 2752 578 2796 et
606 2743 718 2797 haec
760 2757 982 2813 corpora
1005 2782 1020 2808 ,
1067 2751 1120 2797 et
1147 2742 1232 2796 illa
1256 2756 1477 2810 corpora
1505 2757 1518 2804 ;
1549 2748 1604 2795 et
1631 2749 1802 2794 tamen
1838 2740 1950 2794 hmc
1977 2740 2090 2793 atti-

525 2832 634 2902 git,
661 2834 763 2887 illis
783 2849 908 2888 vero
927 2835 1197 2888 abstinuit.
1224 2833 1382 2888 Vides
1405 2841 1656 2903 quantum
1683 2833 1749 2885 sit
1776 2832 1971 2885 bonum
1997 2847 2090 2885 vo-

526 2925 700 2978 luntas
729 2926 959 2995 optima?
989 2925 1274 2979 admiratus
1303 2941 1360 2980 es
1387 2940 1571 2978 eorum
1601 2923 1962 2977 voluntatem?
1991 2925 2087 2976 Mi-

524 3031 647 3070 rare
670 3017 875 3070 Domini
901 3016 1346 3080 benevolentiam,
1373 3025 1424 3071 et
1449 3016 1700 3068 honorem
1723 3030 1878 3083 quem
1901 3014 1951 3067 in
1975 3014 2092 3067 illos

525 3108 780 3161 exhibuit.
809 3107 1158 3176 Gloriﬁcantes
1186 3124 1265 3161 me
1286 3107 1575 3176 gloriﬁcabo
1629 3106 1712 3177 (1.
1745 3104 1868 3175 Reg.
1891 3105 1943 3158 2.
1974 3105 2091 3173 50),

526 3200 713 3269 inquit.
743 3200 971 3255 Steterat
1011 3202 1308 3255 universum
1342 3198 1621 3252 theatrum.
1655 3197 1821 3266 Supra
1852 3207 2088 3250 naturam

525 3290 727 3359 loquuti
753 3299 911 3355 sunt;
941 3306 1097 3358 supra
1129 3297 1368 3342 naturam
1397 3289 1514 3342 illos
1546 3288 1785 3341 honorat.
1819 3287 2008 3354 Aspice
2038 3295 2093 3340 ut

527 3380 705 3434 famuli
731 3381 914 3435 eadem
944 3395 1060 3450 qum
1086 3379 1337 3432 Dominus
1366 3378 1584 3447 possint.
1616 3377 1752 3443 Quid
1782 3378 1988 3430 miraris
2007 3416 2020 3439 ,
2048 3377 2092 3430 si

527 3485 706 3541 regem
735 3471 1008 3525 derideant
1031 3511 1045 3537 ,
1073 3485 1192 3524 cum
1220 3470 1338 3522 illos
1378 3469 1637 3523 elementa
1666 3476 2006 3520 revereantur
2032 3481 2094 3520 ac

529 3563 835 3630 suspiciant.
859 3560 1107 3615 Caminus
1134 3559 1301 3614 factus
1343 3567 1423 3612 est
1447 3558 1682 3612 Ecclesia
1713 3556 1789 3627 (a)
1817 3574 1830 3610 :
1862 3557 1957 3626 ipsi
1988 3572 2093 3610 ca:-

530 3650 586 3705 lo
613 3660 728 3705 erat
753 3650 961 3704 similis.
989 3650 1085 3704 Hic
1107 3649 1214 3717 jam
1244 3648 1651 3715 incorruptionis
1675 3647 2092 3715 experimentum

531 3748 806 3809 ceperunt.
853 3739 1285 3807 Quandoquidem
1317 3746 1370 3791 et
1396 3737 1463 3790 ab
1490 3738 1639 3790 initio
1667 3751 1888 3804 corpora
1917 3745 2095 3789 nostra

531 3831 797 3901 passibilia
819 3839 1089 3898 peccatum
1117 3829 1269 3882 fecit:
1300 3842 1418 3882 cum
1446 3826 1600 3896 igitur
1620 3827 1760 3895 justa
1786 3835 2091 3894 operantur,

530 3922 721 3975 iterum
747 3919 1084 3988 impassibilia
1107 3916 1253 3971 fiunt.
1279 3917 1339 3970 Et
1360 3916 1761 3982 deambulabam,
1784 3918 1967 3985 inquit.
1992 3915 2096 3970 Sed

533 4009 804 4062 videamus
823 4007 948 4077 quid
970 4007 1281 4075 loquantur;
1310 4006 1583 4059 audiamus
1611 4019 1792 4059 vocem
1822 4005 2096 4076 mysticam

533 4115 653 4153 cum
683 4100 858 4169 quiete
890 4099 1070 4151 multa.
1100 4097 1287 4149 Vidisti
1309 4111 1490 4150 vocem
1520 4095 1869 4150 inordinatam
1891 4104 1944 4149 et
1967 4109 2093 4148 con-

533 4188 702 4247 fusam
731 4187 998 4242 sambuere
1028 4195 1075 4239 et
1107 4186 1369 4254 psalterii,
1401 4193 1454 4238 et
1478 4185 1729 4238 musicae?
1756 4185 1888 4238 Audi
1913 4197 2095 4239 vocem

533 4279 601 4333 ab
626 4280 745 4347 igne
769 4279 1036 4332 emissam.
1067 4277 1253 4332 Nonne
1278 4277 1469 4330 mirum
1500 4276 1595 4330 tibi
1622 4276 1893 4329 videbatur
1913 4293 2095 4331 vocem

535 4371 629 4424 Dei
658 4371 724 4424 ab
755 4371 873 4440 igne
902 4370 1024 4424 edi?
1057 4371 1188 4424 Ecce
1218 4369 1374 4424 etiam
1404 4369 1572 4422 servis
1600 4369 1708 4421 suis
1738 4367 1840 4421 hoc
1864 4367 2095 4421 donavit.

533 4460 665 4525 Quis
690 4475 782 4514 aer
810 4474 1089 4530 percussus
1129 4475 1311 4513 vocem
1350 4474 1465 4513 eam
1504 4457 1797 4512 efficiebat?
1834 4457 2020 4512 Nonne
2048 4458 2099 4512 id

537 4566 751 4620 semper
773 4565 865 4604 eos
889 4551 978 4620 qui
1004 4548 1348 4603 comburendi
1379 4557 1500 4601 sunt
1542 4548 1858 4613 admonent,
1889 4558 1947 4601 ut
1973 4563 2098 4617 ape-

535 4642 676 4699 riant
721 4655 850 4704 ora,
909 4638 1048 4709 quod
1100 4641 1176 4694 sic
1205 4653 1272 4692 ne
1319 4639 1529 4708 paulum
1574 4639 1781 4706 quidem
1810 4640 1978 4708 possit
2024 4640 2100 4692 vis

537 4732 787 4798 deinceps
825 4732 876 4785 in
931 4746 1152 4800 corpore
1193 4746 1502 4799 permanere
1528 4730 1583 4780 '?
1613 4729 1741 4784 Vide
1786 4741 2098 4784 concentum

539 4821 817 4886 musicum,
845 4835 1031 4874 omnes
1069 4821 1313 4874 nimirum
1353 4821 1497 4888 quasi
1545 4835 1607 4872 ex
1649 4835 1752 4873 uno
1795 4835 1889 4875 ore
1937 4820 2098 4874 Deum

537 4911 834 4966 laudantes.
861 4910 949 4971 25.
984 4909 1049 4962 Et
1075 4921 1212 4962 stans
1242 4910 1448 4961 Azarias
1476 4909 1632 4961 oravit
1657 4910 1726 4961 sic
1757 4925 1774 4961 :
1803 4919 1849 4962 et
1875 4912 2101 4980 aperiens

539 5015 595 5051 os
619 5016 767 5052 suum
792 5000 843 5052 in
869 4998 1032 5052 medio
1059 4999 1189 5068 ignis
1215 4997 1362 5050 dixit.
1388 4998 1454 5052 Ut
1482 5013 1584 5050 non
1615 4999 1885 5053 exiStimes
1911 5013 2003 5052 eos
2036 4998 2100 5052 de

541 5091 890 5160 prtesentibus
920 5089 1075 5143 rebus
1103 5087 1300 5157 gratias
1325 5102 1500 5155 agere,
1537 5088 1656 5142 ideo
1682 5088 1748 5141 de
1775 5088 2098 5156 captivitate,

540 5189 595 5236 et
635 5180 894 5235 molestiis
928 5180 994 5233 iis
1030 5195 1148 5248 qua:
1188 5179 1313 5247 ipsis
1351 5179 1702 5248 contigerant,
1748 5179 1912 5232 Deum
1964 5178 2102 5232 invo-

604 5339 623 5370 ι
656 5343 899 5385 cemimus
919 5333 1054 5382 locus
1082 5334 1130 5380 ln
1161 5334 1393 5394 Parmnesi
1431 5333 1581 5394 prima
1619 5330 1675 5379 ad
1701 5331 1996 5394 Theodorum
2033 5330 2102 5380 la-

541 5410 678 5459 psum
708 5411 815 5459 cap.
839 5397 896 5454 5,
922 5394 1106 5459 T_omo_l
1131 5407 1144 5441 :
1170 5393 1326 5441 Sciunt
1348 5392 1506 5443 autem
1527 5405 1702 5459 oynnes,
1720 5392 1809 5459 gui
1830 5392 2100 5459 adfuerunt,

541 5451 651 5505 cum
669 5451 816 5517 aliqui
839 5451 1363 5517 comburebantur,_eos
1386 5453 1614 5517 quamdiu
1649 5451 1843 5517 quidem
1873 5451 2103 5517 labiaha-

539 5510 928 5578 buerutt'clausa,
945 5514 1185 5578 paulisper
1201 5514 1366 5563 saltem
1391 5510 1620 5578 sustinere
1643 5510 1944 5571 irwendium;
1961 5511 2004 5561 si
2025 5526 2101 5562 ve-

541 5593 595 5688 ἳο
618 5577 855 5688 ἓυηιὶηῃαι
880 5585 928 5626 ut
945 5573 1001 5626 "os
1023 5573 1260 5639 aperiant,
1301 5573 1460 5624 statim
1495 5574 1703 5623 animam
1725 5585 1752 5622 e
1773 5585 1970 5634 corpore
1993 5586 2102 5622 avo-

561 5651 620 5687 ar
652 5675 661 5685 .

561 5649 661 5689 are.

604 5700 675 5760 (a)
705 5698 827 5760 quia
843 5695 1052 5748 Ecclesia
1074 5702 1159 5758 est,
1185 5696 1265 5746 ubi
1283 5700 1394 5756 tm,
1421 5695 1574 5757 inquit
1595 5693 1930 5745 Tertullianus.

1182 367 1238 426 S.
1278 361 1551 423 JOANNIS
1586 349 2058 416 CHRYSOSTOMI
2094 347 2406 406 ARCHIEP.
2446 344 2970 404 CONSTANTINOP.

3624 359 3734 413 212

2185 475 2324 522 eant.
2357 465 2484 521 Vide
2512 473 2570 521 ut
2595 465 2864 534 incipiant.
2899 464 2989 518 26.
3023 480 3042 514 ι
3073 461 3389 517 Benedictus
3416 475 3494 531 es,
3522 460 3744 516 Domine

2187 557 2320 611 Deus
2359 565 2563 625 patrum
2601 564 2923 615 nostrorum,
2956 560 3010 608 et
3035 551 3294 606 laudabile
3317 559 3370 606 et
3395 550 3744 621 glorificatum

2183 662 2374 703 nomen
2404 657 2548 702 tuum
2574 648 2626 701 in
2655 646 2868 701 smcula.
2900 645 2990 699 49.
3037 644 3270 714 Angelus
3311 651 3488 698 autem
3533 641 3744 699 Domini

2183 738 2456 794 descendit
2491 753 2610 792 cum
2648 737 2831 790 Azaria
2861 744 2914 791 et
2944 736 3101 789 sociis
3133 734 3248 804 ejus
3276 734 3326 786 in
3358 733 3624 787 fornacem
3652 749 3666 785 :
3691 739 3749 785 et

2183 827 2414 882 excussit
2441 825 2702 879 flammam
2731 825 2863 893 ignis
2904 823 2971 878 de
3002 822 3234 885 fornace,
3277 821 3360 876 50.
3397 830 3451 875 et
3479 820 3603 873 fecit
3629 833 3746 872 me-

2183 917 2325 970 dium
2366 915 2615 980 fornacis,
2663 914 2814 984 quasi
2867 921 3082 967 ventum
3131 911 3269 964 roris
3316 911 3646 972 sibilantem;
3692 916 3751 962 et

2186 1020 2286 1061 non
2315 1005 2480 1074 tetigit
2512 1018 2604 1057 eos
2638 1003 2853 1057 omnino
2890 1002 3045 1071 ignis,
3072 1009 3126 1055 et
3152 1015 3253 1054 non
3279 998 3603 1053 contristavit
3632 1010 3746 1061 eos,

2185 1107 2238 1152 et
2264 1096 2558 1150 molestiam
2597 1109 2700 1148 non
2734 1093 2928 1147 intulit.
2956 1112 2980 1153 ›
3031 1091 3102 1145 Ita
3133 1106 3236 1144 non
3268 1090 3481 1144 fortuito
3525 1089 3620 1142 ista
3663 1086 3750 1142 fie-

2186 1189 2332 1243 bant.
2367 1187 2433 1241 Et
2457 1202 2562 1240 non
2595 1184 2765 1239 solum
2795 1199 2899 1236 non
2931 1191 3055 1237 sunt
3081 1180 3377 1242 combusti;
3410 1179 3501 1233 sed
3530 1193 3624 1232 nec
3647 1177 3751 1231 illis

2186 1279 2478 1334 molestiam
2516 1275 2753 1330 exhibuit
2793 1274 2950 1344 ignis,
2993 1287 3090 1326 nec
3116 1272 3198 1325 vel
3225 1271 3502 1323 minimum
3546 1269 3746 1332 nocuit,

2185 1383 2359 1438 neque
2402 1367 2629 1422 calorem
2660 1371 2966 1421 senserunt.
3015 1363 3082 1416 Et
3125 1370 3405 1430 caproptcr
3448 1359 3581 1412 adeo
3631 1373 3753 1411 sese

2187 1458 2446 1513 extulerat
2473 1457 2704 1520 flamma,
2733 1464 2787 1508 ut
2820 1464 2872 1508 et
2897 1454 2963 1507 ab
3004 1453 3065 1504 iis
3097 1451 3182 1520 qui
3224 1450 3349 1503 foris
3389 1457 3541 1503 erant
3569 1461 3753 1501 cerne-

2186 1558 2351 1604 retur.
2400 1548 2465 1602 Et
2500 1559 2628 1600 vero
2656 1543 2872 1598 materia
2901 1542 3134 1597 immissa
3164 1537 3458 1593 sufficiebat
3499 1536 3563 1589 ad
3595 1535 3752 1588 fidem

2187 1641 2289 1694 illis
2320 1637 2631 1700 faciendam,
2675 1632 2893 1705 etquod
2922 1633 3058 1703 ignis
3087 1645 3191 1684 non
3217 1628 3490 1694 deficeret,
3520 1635 3572 1681 et
3610 1623 3753 1694 quod

2187 1732 2276 1787 ditt
2311 1730 2504 1784 ardens
2539 1734 2838 1798 appareret,
2884 1733 2938 1779 et
2971 1721 3109 1792 quod
3158 1736 3242 1775 res
3282 1734 3460 1773 coram
3509 1717 3754 1771 omnibus

2189 1822 2356 1876 fieret.
2386 1819 2475 1874 91.
2507 1818 2572 1871 Et
2611 1815 3080 1870 Nabuchodonosor
3120 1811 3310 1864 audivit
3352 1809 3612 1862 laudantes
3641 1823 3754 1871 eos;

2188 1919 2234 1964 et
2266 1911 2543 1963 admiratus
2581 1917 2672 1972 est,
2704 1915 2750 1960 et
2777 1905 2988 1958 surrexit
3028 1919 3254 1973 propere,
3281 1912 3326 1953 et
3353 1900 3474 1953 dixit
3501 1898 3755 1967 optimati-

2188 2001 2277 2056 bus
2304 2002 2428 2056 suis.
2474 2000 2528 2054 ld
2569 1999 2740 2069 ipsum
2770 2005 2944 2050 autem
3007 2004 3064 2048 ut
3100 1993 3324 2052 audiret,
3371 1991 3510 2045 unde
3538 1987 3759 2056 contigit

2189 2089 2726 2146 Nabuchodonosori?
2767 2092 2836 2140 At
2875 2102 2969 2157 per
3011 2095 3179 2139 totum
3218 2093 3424 2151 tempus
3465 2081 3754 2136 assederat.

2191 2179 2314 2236 ideo
2355 2181 2493 2235 Deus
2539 2195 2644 2233 non
2686 2177 2924 2246 permisit
2967 2183 3024 2229 ut
3053 2174 3227 2228 statim
3274 2172 3361 2225 ille
3399 2169 3621 2235 audiret,
3650 2183 3758 2238 quo

2193 2273 2365 2340 ipsum
2417 2271 2576 2325 etiam
2639 2276 2846 2334 tempus
2899 2263 3257 2319 testimonium
3320 2260 3620 2329 perhiberet
3681 2257 3757 2310 rei

2192 2371 2386 2433 gestae;
2416 2360 2554 2429 quod
2581 2358 2782 2413 scilicet
2823 2371 2916 2424 per
2960 2355 3181 2408 multum
3226 2361 3429 2420 tempus
3468 2350 3519 2402 in
3549 2347 3761 2402 camino

2194 2452 2534 2517 commorati,
2583 2449 2712 2503 nihil
2755 2447 2877 2500 mali
2923 2445 3060 2516 passi
3097 2451 3294 2498 essent.
3346 2460 3363 2493 ι
3395 2441 3578 2494 Nonne
3614 2438 3760 2492 viros

2196 2551 2302 2597 tres
2357 2541 2632 2608 injeeimus
2671 2539 2720 2590 in
2753 2535 2982 2591 medium
3017 2533 3150 2603 ignis
3186 2529 3548 2598 compeditos?
3579 2527 3641 2580 Et
3669 2540 3759 2579 re-

2194 2631 2511 2699 spondentes
2533 2630 2710 2682 dicunt
2731 2626 2874 2696 regi:
2904 2625 3057 2688 Vere,
3086 2637 3117 2676 ο
3139 2637 3250 2676 rex.
3276 2620 3362 2675 92.
3391 2620 3451 2673 Et
3475 2618 3603 2671 dixit
3623 2631 3713 2669 rex
3742 2629 3759 2668 :

2196 2721 2291 2777 llic
2315 2735 2413 2790 ego
2440 2719 2595 2774 video
2624 2718 2765 2771 viros
2806 2723 3031 2785 quatuor
3072 2711 3295 2777 solutos,
3339 2718 3393 2763 et
3431 2706 3761 2762 ambulantes

2197 2809 2250 2864 in
2273 2809 2448 2863 medio
2475 2807 2610 2876 ignis
2630 2823 2644 2862 :
2663 2813 2717 2860 et
2743 2804 3011 2872 corruptio
3037 2816 3138 2855 non
3161 2808 3245 2855 est
3269 2799 3321 2852 in
3340 2797 3418 2852 eis
3443 2813 3456 2850 :
3485 2804 3538 2851 et
3557 2794 3765 2863 species

2195 2898 2365 2968 quarti
2387 2897 2570 2951 similis
2593 2895 2696 2949 filio
2720 2894 2830 2948 Dei.
2862 2911 2880 2944 ›
2903 2893 2983 2946 Ab
2998 2892 3131 2945 ostio
3147 2888 3351 2944 viderat
3367 2901 3550 2942 eorum
3569 2883 3755 2938 facies.

2197 2991 2284 3046 93.
2314 3008 2333 3042 ι
2367 2988 2514 3043 Tunc
2539 2985 2762 3041 accessit
2787 2982 3272 3039 Nabuchodonosor
3296 2978 3360 3032 ad
3381 2977 3573 3032 ostium
3593 2975 3762 3028 forna-

2195 3084 2272 3138 cis
2301 3082 2436 3151 ignis
2462 3095 2579 3151 quae
2609 3078 2846 3141 ardebat,
2876 3086 2928 3130 et
2954 3075 3026 3129 ait
3060 3092 3072 3127 :
3109 3073 3152 3129 Ο
3188 3070 3473 3133 Sedrache,
3502 3066 3756 3129 Misache,

2197 3171 2506 3241 Abdenago,
2534 3169 2672 3224 servi
2702 3167 2796 3221 Dei
2836 3165 3099 3228 altissimi,
3141 3160 3470 3232 egredimini,
3510 3167 3564 3213 et
3590 3157 3766 3211 venito

2199 3261 2322 3316 hue.
2351 3261 2417 3315 Et
2440 3259 2639 3330 egressi
2666 3269 2787 3312 sunt
2818 3255 3138 3319 Sedraehus,
3168 3251 3448 3313 Misachus,
3474 3247 3762 3312 Abdenago

2197 3352 2264 3405 dc
2313 3349 2488 3404 medio
2528 3349 2682 3417 ignis.
2720 3364 2738 3396 ι
2784 3345 2959 3412 Quare
3005 3351 3179 3396 autem
3227 3355 3329 3395 non
3377 3339 3522 3408 prius
3566 3334 3764 3404 egressi

2200 3448 2341 3504 sunt,
2371 3453 2527 3508 quam
2555 3437 2767 3491 vocavit
2795 3433 2925 3488 eos?
2960 3434 3025 3488 Et
3056 3433 3274 3502 pulchre
3307 3429 3451 3498 prius
3481 3429 3764 3494 interrogat

2200 3533 2478 3601 primores,
2508 3537 2564 3582 ut
2586 3525 2933 3595 responsione
2962 3537 3053 3577 sua
3079 3518 3448 3592 praeoccupati,
3480 3515 3606 3570 nihil
3637 3529 3765 3568 con-

2202 3620 2348 3675 trarii
2413 3617 2795 3686 respondeant,
2846 3629 3015 3682 neque
3075 3611 3351 3667 occasione
3417 3607 3759 3676 abripiantur.

2199 3708 2651 3776 Quemadmodum
2681 3704 2846 3776 Moysi
2875 3703 3083 3758 dicebat
3121 3701 3260 3755 Deus
3284 3716 3297 3752 :
3332 3697 3464 3762 Quid
3493 3705 3564 3751 est
3592 3696 3682 3748 hoc
3711 3694 3763 3747 in

2200 3818 2352 3856 manu
2377 3809 2460 3853 tua
2488 3797 2677 3870 (Exod.
2701 3798 2753 3852 4.
2774 3795 2830 3864 2)
2849 3797 2870 3847 τ
2893 3795 2969 3849 sic
2987 3793 3146 3848 etiam
3165 3787 3646 3845 Nabuchodonosor
3665 3785 3764 3840 hos

2202 3888 2609 3958 interrogatione
2637 3886 2904 3952 anticipat.
2934 3881 3087 3947 Ecce,
3114 3881 3298 3950 inquit,
3326 3881 3465 3932 uideo
3491 3879 3621 3930 viros
3643 3891 3766 3945 qua-

2207 3991 2317 4034 tuor
2345 3979 2532 4032 solutos
2561 3984 2606 4030 et
2635 3975 2948 4028 ambulantes
2972 3973 3025 4025 in
3050 3972 3211 4024 medio
3241 3970 3370 4039 ignis
3396 3983 3415 4023 :
3442 3978 3487 4022 et
3513 3966 3766 4033 corruptio

2203 4086 2302 4123 non
2326 4077 2399 4122 est
2424 4068 2474 4120 in
2496 4066 2568 4120 eis
2591 4081 2611 4120 :
2633 4074 2678 4119 cl
2705 4072 2932 4131 aspectus
2961 4060 3126 4130 quarti
3151 4058 3329 4112 similis
3356 4057 3461 4125 ﬁlio
3490 4054 3604 4108 Dei.
3632 4055 3768 4108 Plu—

2203 4161 2391 4214 rimam
2421 4157 2555 4211 forte
2586 4151 3025 4224 pulchritudinem
3052 4163 3161 4218 prae
3190 4161 3248 4201 se
3284 4145 3506 4200 ferebat.
3534 4142 3705 4205 Unde,
3733 4156 3768 4195 ο

2204 4249 2708 4312 Nabuchodonosor,
2740 4245 2876 4300 nosti
2908 4242 3074 4298 filium
3101 4241 3234 4296 Dei?
3262 4239 3451 4307 Aspice
3481 4237 3620 4289 hunc
3646 4235 3767 4286 bar-

2203 4342 2387 4396 barum
2415 4338 2728 4407 pr0phetare
2756 4351 2818 4389 ex
2843 4343 3057 4401 aspectu
3083 4331 3215 4385 solo.
3249 4328 3317 4382 Et
3345 4327 3571 4389 accessit,
3602 4335 3647 4383 et
3675 4340 3768 4376 oo-

2205 4435 2328 4487 cavit
2359 4448 2440 4485 eos
2472 4446 2489 4484 :
2523 4429 2566 4482 0
2589 4427 2862 4488 Sedrache,
2902 4424 3146 4484 Misache,
3188 4419 3476 4488 Abdenago,
3507 4415 3631 4469 servi
3671 4412 3769 4466 Dei

2204 4521 2454 4585 altissimi,
2478 4516 2788 4587 egredimini,
2812 4523 2856 4567 et
2877 4513 3053 4565 venite.
3078 4509 3227 4564 Vide.
3256 4507 3369 4562 Non
3387 4504 3544 4575 jussit
3563 4503 3767 4557 exstin-

2203 4611 2291 4680 gui
2331 4610 2593 4664 fornacem
2637 4623 2651 4659 :
2694 4605 2786 4660 sed
2827 4602 2989 4672 quid?
3021 4600 3236 4656 Vocavit
3281 4612 3394 4663 eos,
3431 4607 3489 4650 ut
3531 4595 3760 4650 exirent.

2208 4699 2366 4753 Vides
2381 4695 2683 4751 miraculum
2704 4707 2945 4763 magnum
2965 4699 3015 4746 et
3033 4687 3358 4744 incredibile.
3373 4684 3521 4752 Quod
3540 4684 3769 4736 maxime

2207 4797 2422 4844 noverat
2449 4801 2540 4841 eos
2565 4784 2923 4846 deliniturum,
2961 4780 3012 4834 id
3056 4781 3172 4833 illos
3193 4779 3418 4831 vocavit.
3465 4774 3605 4830 Nihil
3645 4772 3769 4826 huic

2205 4879 2461 4935 nobilitati
2488 4892 2582 4948 par
2609 4885 2708 4931 est.
2742 4873 2874 4928 Audi
2906 4871 3045 4926 enim
3077 4870 3242 4923 Deum
3266 4867 3568 4922 dicentem:
3599 4862 3770 4916 Moses

2205 4987 2371 5023 servus
2395 4985 2531 5022 meus
2560 4974 2782 5019 mortuus
2809 4972 2877 5015 est
2903 4959 3039 5030 (los.
3074 4960 3123 5013 1.
3150 4956 3230 5029 2).
3260 4956 3346 5021 Et,
3376 4954 3545 5018 Isaac,
3584 4951 3769 5019 inquit,

2205 5074 2371 5112 servus
2396 5067 2507 5110 tuus
2533 5053 2684 5123 (Gen.
2713 5052 2801 5107 24.
2834 5050 2942 5116 Μ).
2977 5047 3086 5102 liae
3122 5045 3473 5116 appellatione
3503 5040 3774 5097 exsultant

2207 5147 2399 5217 angeli,
2429 5155 2481 5199 et
2502 5141 2809 5206 Cherubini,
2837 5149 2890 5193 et
2912 5137 3212 5207 Seraphlni.
3239 5135 3347 5190 Nec
3368 5133 3521 5188 sicuti
3548 5140 3774 5185 conten-

2208 5237 2372 5292 tiosus
2397 5234 2584 5304 aliquis
2614 5231 2842 5295 fecisset,
2882 5229 2938 5282 in
2969 5226 3181 5282 fornace
3226 5229 3533 5279 manserunt
3563 5217 3712 5287 pueri
3753 5234 3768 5270 :

2207 5326 2301 5381 sed
2327 5325 2500 5380 statim
2527 5319 2838 5376 obedierunt
2867 5335 2878 5372 :
2907 5326 2961 5373 et
2987 5315 3052 5372 ad
3083 5312 3426 5385 spectandum
3457 5307 3770 5364 miraculum

2207 5431 2392 5473 omnes
2415 5425 2729 5471 convellere.

2809 5541 3030 5600 CAPUT
3069 5540 3156 5595 iV.

2281 5684 2332 5737 l.
2375 5679 2480 5749 Ego
2530 5676 2994 5734 Nabuchodonosor
3036 5671 3295 5728 abundans
3338 5684 3475 5724 erant
3524 5668 3578 5721 in
3637 5671 3776 5726 domo
