4032 6220
288 387 396 441 211

283 496 430 566 άπερ
461 495 551 549 ἐπὶ
581 497 674 550 τοῦ
707 497 936 567 Δανιὴλ,
983 497 1244 568 πρότερον
1275 495 1475 566 ἔμαθον
1505 491 1664 548 αὐτοῦ
1712 493 1835 554 τοὺς

284 583 516 652 τρόπους
555 585 648 637 καὶ
671 585 768 654 τὴν
807 586 1129 650 ἐπιείκειαν,
1159 585 1252 637 καί
1279 585 1398 636 τότε
1426 583 1496 635 τά
1520 584 1717 652 σημεῖα
1739 579 1836 632 ἐώ-

290 685 416 737 ρων·
435 668 574 721 οὕτω
599 672 692 722 καί.
713 669 942 723 ἐνταῦθα
963 671 1182 737 ἄγονται
1205 671 1280 732 εἰς
1308 670 1488 738 μέσον,
1511 669 1604 720 καὶ
1627 666 1836 736 πρῶτον

285 754 464 806 αὐτῶν
494 754 590 824 τὴν
614 756 928 826 προαίρεσιν
954 756 1126 822 ἀπεγύ
1137 771 1345 824 μνωσεν
1367 757 1394 806 ὁ
1418 753 1546 816 Θεός
1565 770 1578 784 °
1597 749 1832 805 κάκεῖνοί

284 856 345 892 τε
373 840 513 893 οὕτω
542 842 1041 911 παρεσκευασμένοι
1069 843 1166 895 οῦκ
1187 841 1531 909 ἐπεπήδησαν
1557 841 1633 902 εἰς
1660 838 1719 890 16
1745 839 1837 908 μέ-

287 942 399 980 σον.
437 927 580 978 ¹Ἰστε
609 927 664 978 δέ
703 928 782 979 ὅτι
830 927 1110 999 ἄνθρωπος
1134 927 1230 995 τῆς
1263 924 1536 996 παρούσης
1566 924 1706 993 ζωῆς
1733 925 1836 974 ἀπ-

286 1010 560 1076 εγνωκὼς,
592 1011 685 1064 καὶ
708 1011 901 1080 ῥᾳδίως
917 1013 1093 1081 φέρων
1122 1011 1218 1080 τὴν
1238 1010 1508 1080 τελευτὴν,
1525 1010 1671 1061 οὐδὲν
1694 1025 1835 1076 παρ-

286 1099 566 1168 αιτήσαιτο
632 1098 924 1167 τολμῆσαι,
975 1099 1068 1150 καί
1131 1096 1238 1150 τῶν
1287 1097 1489 1166 σφόδρα
1547 1093 1834 1148 δοκούντων

289 1181 438 1254 [219]
467 1184 748 1254 τολμηρῶν
781 1181 935 1238 εἶναι.
974 1184 1110 1236 Ἀλλ’
1141 1185 1286 1254 ὅμως
1313 1184 1406 1237 καὶ
1444 1177 1584 1236 οὗτοι
1610 1182 1833 1234 θανάτου

286 1269 660 1339 ὑπερορῶντες
689 1272 945 1331 ἐπιεικεῖς
967 1264 1124 1340 ἦσαν,
1147 1271 1297 1323 οὐδὲν
1330 1269 1436 1322 ἀπὸ
1463 1268 1560 1336 τῆς
1589 1267 1834 1337 ἀνδρείας

285 1355 368 1416 εἰς
407 1354 715 1423 θρασύτητα
754 1355 1210 1424 παραϐλαϐέντες,
1238 1354 1356 1408 οὐδὲ
1386 1354 1660 1423 φιλοτιμίᾳ
1684 1353 1836 1404 τοῦτο

286 1438 583 1501 ποιοῦντες.
614 1439 719 1491 Καί
752 1443 803 1493 οί
838 1440 1051 1506 ἄνδρες
1065 1440 1278 1494 ἐκεῖνοι
1311 1443 1362 1492 οί
1381 1440 1554 1507 τρεῖς,
1587 1438 1828 1506 Σεδρὰχ,

283 1523 508 1592 Μισίιχ,
546 1524 880 1596 Ἀϐδεναγὼ,
899 1527 1119 1580 ἔπεσον
1133 1527 1217 1590 είς
1239 1525 1433 1593 μέσον
1459 1524 1566 1592 τῆς
1585 1524 1832 1592 καμίνου

283 1610 393 1663 τοῦ
421 1610 609 1676 πυρὸς
634 1610 744 1676 τῆς
777 1611 1110 1680 καιομένης,
1146 1610 1560 1678 πεπεδημένοι.
1599 1610 1706 1663 Καί
1737 1623 1832 1661 περ

274 1699 607 1767 ριεπάτουν
647 1700 718 1752 ἐν
759 1701 927 1767 μέσῳ
953 1699 1063 1766 τῆς
1105 1699 1346 1768 φλογὸς,
1372 1696 1698 1767 ὑμνοῦντες
1731 1697 1835 1749 τὸν

287 1788 458 1852 Θεὸν,
488 1787 586 1841 καί
623 1787 1016 1857 εὐλογοῦντες
1041 1787 1146 1840 τὸν
1169 1788 1402 1857 Κύριον.
1437 1787 1595 1856 Ὅρα,
1629 1787 1684 1837 οὐ
1709 1785 1836 1838 θαυ-

290 1876 495 1945 μαστὸν
518 1873 674 1928 τοῦτο
711 1878 802 1928 καὶ
831 1875 1148 1946 παράδοξον,
1181 1875 1241 1927 τὸ
1265 1875 1357 1926 καὶ
1398 1877 1712 1943 περιπατεῖν
1745 1875 1834 1925 καὶ

285 1961 514 2031 ὑμνεῖν,
561 1961 810 2031 καθάπερ
855 1963 912 2014 ἐν
962 1960 1313 2031 κολυμϐήθρᾳ
1359 1959 1595 2019 ὑδάτων;
1647 1960 1834 2012 Καίτοι

283 2046 438 2100 οὐδὲν
489 2047 692 2101 κωλύον
741 2044 808 2118 ἦν
870 2050 1021 2112 ἐκεῖ,
1080 2049 1308 2118 ἐπείπερ
1362 2046 1491 2110 Θεὸς
1543 2046 1830 2116 ἠϐουλήθη.

283 2132 538 2186 Τοιοῦτον
585 2129 724 2186 εἶναι
757 2133 878 2201 ἐμοὶ
912 2133 1054 2184 δοκεῖ
1086 2134 1301 2185 κάκεῖνο
1341 2133 1398 2183 τὸ
1428 2132 1553 2202 πῦρ,
1608 2132 1667 2183 τὸ
1712 2132 1835 2193 τοὺς

283 2217 392 2281 ἔξω
421 2217 769 2271 κατακαῦσαν
793 2232 806 2245 ·
843 2219 934 2269 καὶ
977 2217 1132 2270 τοῦτο
1169 2217 1298 2287 πῦρ,
1345 2219 1560 2269 κάκεῖνο
1597 2217 1656 2269 16
1695 2215 1831 2286 πῦρ·

283 2306 384 2357 καὶ
426 2304 596 2356 ταῦτα
641 2303 888 2372 σώματα,
925 2304 1149 2356 κάκεῖνα
1183 2305 1252 2356 τὰ
1300 2302 1553 2373 σώματαο
1590 2305 1681 2355 καὶ
1729 2303 1836 2355 τῶν

287 2389 391 2458 μὲν
447 2389 640 2459 ἥψατο,
686 2389 792 2442 τῶν
838 2389 894 2441 δὲ
941 2389 1224 2458 ἀπέσχετο.
1277 2384 1427 2451 Εἶδες
1472 2390 1593 2441 ὅσον
1639 2388 1836 2455 ἀγαθὸν

285 2475 602 2545 προαίρεσις
640 2474 932 2543 mulam;
965 2475 1275 2544 ἐθαύμασας
1307 2474 1478 2527 αὐτῶν
1509 2475 1606 2543 τὴν
1651 2475 1837 2543 προαί-

285 2577 472 2632 psam;
507 2561 793 2630 Θαύμασον
820 2561 913 2612 τοῦ
942 2562 1208 2614 Δεσπότου
1233 2561 1328 2630 τὴν
1360 2559 1586 2624 εύνοιαν,
1627 2563 1719 2614 καὶ
1739 2561 1836 2630 τὴν

284 2647 472 2717 τιμὴν,
497 2648 561 2715 ἢν
604 2648 681 2708 εἰς
723 2646 917 2707 αὐτοὺς
943 2645 1270 2711 ἐπεδείξατο.
1303 2645 1447 2710 Τοὺς
1485 2643 1838 2709 δοξάζοντάς

280 2750 362 2802 με
399 2732 651 2795 δοξάσω,
683 2729 832 2800 φησι.
863 2729 1113 2800 Εἰστήκει
1138 2732 1197 2783 τὸ
1230 2731 1450 2801 θέατρον
1482 2730 1641 2783 ἀπαν.
1668 2731 1836 2799 ’Υπὲρ

285 2820 387 2890 τὴν
411 2818 566 2887 φύσιν
596 2816 941 2884 ἐφθέγξαντο,
973 2818 1111 2886 ὑπὲρ
1132 2818 1231 2872 τὴν
1268 2819 1426 2886 φύσιν
1456 2819 1649 2881 αὐτοὺς
1680 2820 1831 2888 τιμᾷ.

289 2909 434 2978 Ὀρα
460 2907 526 2959 τὰ
551 2906 644 2958 τοῦ
681 2903 948 2957 Δεσπότου
988 2904 1313 2974 δυναμένους
1343 2905 1468 2969 τοὺς
1496 2907 1729 2968 οἰκέτας.
1772 2906 1836 2957 Τί

288 2992 607 3063 θαυμάζεις,
652 2991 699 3043 εἰ
751 2989 1010 3059 βασιλέως
1050 2989 1436 3056 καταγελῶσιν,
1473 2991 1600 3042 ὅταν
1645 2991 1838 3052 αὐτοὺς

286 3080 362 3136 τὰ
406 3081 636 3148 στοιχεῖα
675 3077 886 3145 αἰδῆται
927 3077 1017 3128 καί
1063 3076 1347 3145 θαυμάζῃς
1422 3077 1709 3144 Ἐκκλησία
1750 3078 1839 3143 γέ-

288 3183 450 3235 γονεν
472 3169 504 3235 ἡ
538 3165 783 3233 κάμινος.
833 3162 980 3230 αὐτῷ
1012 3161 1171 3230 ἐῴκει
1210 3161 1288 3229 τῷ
1312 3161 1540 3229 οὐρανῷ.
1581 3162 1840 3215 Ἐνταῦθα

291 3254 395 3322 ήδη
433 3251 528 3320 τῆς
566 3248 869 3317 ἀφθαρσίας
900 3250 1089 3314 πεῖραν
1136 3246 1340 3298 ἔλαϐον.
1388 3247 1537 3298 Ἐπεὶ
1569 3248 1660 3300 καὶ
1694 3247 1841 3318 παρά

291 3339 394 3407 τὴν
425 3338 594 3406 ἀρχὴν
622 3335 836 3404 παθητὰ
884 3335 950 3387 τά
991 3332 1212 3403 σώματα
1239 3332 1447 3403 ημῶνή
1484 3334 1721 3405 ἁμαρτία
1751 3351 1841 3385 πεο

295 3424 521 3491 ποίηκεν
546 3439 556 3451 ·
586 3423 713 3474 ὅταν
745 3421 872 3489 γοῦν
912 3420 979 3472 τὰ
999 3420 1179 3474 δίκαια
1208 3422 1440 3491 πράττῃ,
1475 3420 1634 3472 πάλιν
1659 3421 1840 3490 ἀπαθῆ

294 3509 524 3578 γίνεται.
565 3509 674 3562 Καὶ
724 3508 1133 3575 περιεπάτουν,
1184 3506 1334 3575 φησί.
1382 3507 1517 3559 Ἀλλ’
1555 3508 1746 3577 ῐδωμεν
1789 3510 1841 3560 τί

297 3596 640 3665 φθέγγονται·
660 3594 756 3663 τῆς
776 3593 1036 3662 μυστικῆς
1057 3591 1371 3660 ἀκούσωμεν
1394 3592 1572 3661 φωνῆς
1589 3592 1844 3661 μεθ’ήσυ-

297 3683 420 3755 χίας
447 3683 660 3750 πολλῆς.
684 3678 832 3742 Εἶδες
861 3680 1089 3733 ἄτακτον
1118 3679 1296 3750 φωνην
1326 3679 1416 3732 καὶ
1441 3681 1841 3751 συγκεχυμένην

296 3771 399 3839 τῆς
433 3767 733 3837 σαμϐύκης,
752 3765 956 3820 καὶτοῦ
977 3765 1291 3835 ψαλτηρίου,
1319 3766 1523 3833 καὶτῆς
1553 3766 1839 3835 μουσικῆς;

302 3857 569 3908 ’Ἄκουσον
596 3853 774 3921 φωνῆς
803 3853 907 3904 ἀπὸ
933 3851 1120 3920 πυρός.
1145 3851 1218 3903 Ού
1236 3851 1545 3921 θαυμαστὸν
1572 3852 1739 3904 ἐδόκει
1763 3869 1841 3904 σοι

295 3941 364 3994 τδ
393 3939 569 4010 φωνὴν
599 3939 703 3991 ἀπὸ
732 3937 902 4007 πυρὸς
945 3937 1202 4008 φέρεσθαι
1231 3937 1398 4002 Θεοῦ;
1451 3937 1577 3991 Ἰδοὺ
1617 3939 1706 3990 καὶ
1732 3941 1842 4001 τοῖς

297 4026 503 4089 δούλοις
529 4023 691 4078 αὑτοῦ
720 4023 874 4076 τοῦτο
901 4022 1206 4092 ἐχαρίσατο.
1242 4023 1394 4086 Ποῖος
1417 4023 1523 4093 ἀὴρ
1550 4023 1845 4094 πληττόμε-

297 4129 392 4175 νος
425 4113 521 4182 τὴν
563 4109 739 4180 φωνὴν
768 4106 1047 4175 ἀπετέλει;
1074 4108 1206 4178 Ούχί
1242 4108 1396 4160 τοῦτο
1425 4109 1510 4161 ἀεὶ
1532 4122 1557 4149 ει
1578 4113 1687 4170 τοῖς
1719 4111 1846 4180 μέλ-

298 4200 453 4250 λουσι
487 4194 872 4250 κατακαίεσθαι
908 4194 1249 4264 παραινοῦσι,
1300 4194 1583 4262 διανοίγειν
1626 4195 1693 4247 τά
1728 4195 1844 4248 στό-

304 4300 474 4354 ματα,
498 4283 570 4344 ὡς
592 4282 708 4334 οὑδέ
747 4282 937 4350 μικρὸν
977 4279 1275 4350 δυναμένης
1313 4279 1410 4349 τῆς
1455 4279 1730 4350 δυνάμεως
1763 4283 1839 4334 ἐν·

300 4371 589 4438 απομεῖναι
608 4366 685 4436 τῷ
707 4366 912 4434 σώματι
940 4365 1151 4430 λοιπόν;
1175 4366 1309 4436 Ὅρα
1327 4366 1638 4435 συμφωνίαν
1661 4383 1845 4436 μουσι-

299 4456 428 4527 κὴν,
456 4453 640 4522 ὥσπερ
669 4451 726 4514 ἐξ
750 4453 864 4514 ἐνὸς
892 4452 1151 4519 στόματος
1172 4452 1374 4515 πάντας
1401 4450 1715 4522 ὑμνοῦντας.
1737 4453 1848 4506 Kal

301 4542 540 4607 συστὰς
574 4538 824 4606 Ἀζαρίας
840 4538 1222 4605 προσηύξατο
1243 4538 1425 4603 οὕτως
1449 4557 1461 4570 ο
1487 4540 1581 4591 καὶ
1602 4539 1848 4605 ἀνοίξας

301 4630 370 4684 τὸ
402 4630 591 4696 στόμα
617 4625 800 4681 αὐτοῦ
836 4625 903 4677 ἐν
933 4623 1099 4692 μέσῳ
1137 4624 1241 4677 τοῦ
1289 4623 1474 4689 πυρὸς
1512 4621 1698 4677 εἶπεν.
1733 4626 1848 4677 Ἵνα

305 4714 385 4787 μὴ
410 4715 651 4784 νομίσῃς,
679 4714 761 4766 ὅτι
782 4711 920 4781 ὑπὲρ
943 4709 1049 4762 τῶν
1073 4709 1344 4781 παρόντων
1367 4710 1735 4778 εὐχαριστοῦσι
1758 4712 1850 4780 μό-

301 4821 415 4870 νον,
452 4801 585 4869 ὑπὲρ
613 4799 710 4868 τῆς
732 4797 1098 4868 αἰχμαλωσίας
1117 4838 1129 4862 ,
1169 4796 1261 4847 καὶ
1286 4796 1390 4848 τῶν
1422 4795 1604 4850 δεινῶν
1635 4797 1849 4848 ἐκείνων

300 4889 412 4942 τῶν
434 4884 844 4956 συμϐεϐηκότων
864 4885 1040 4945 αὐτοῖς
1059 4880 1426 4952 παρακαλοῦσι
1444 4881 1530 4933 τὸν
1550 4882 1697 4936 Θεόν.
1712 4883 1850 4952 Ὅρα

303 4976 422 5037 πῶς
443 4974 716 5043 ἄρχονται.
736 4970 1066 5037 Εὐλογητὸς
1091 4964 1162 5031 εἴ,
1190 4968 1363 5034 Κύριε
1384 4969 1415 5020 ό
1446 4967 1583 5033 Θεὸς
1603 4967 1718 5020 τῶν
1745 4980 1852 5019 πα-

303 5061 490 5128 τέρων
540 5055 726 5124 ήμῶν,
772 5053 869 5106 καί
906 5052 1142 5105 αἰνετὸν
1173 5052 1271 5104 καί
1311 5050 1744 5120 δεδοξασμένον
1788 5055 1853 5107 τὸ

304 5147 492 5216 ὄνομά
519 5160 633 5199 σου
657 5145 742 5207 εις
761 5141 898 5205 τοὺς
931 5139 1165 5204 αἰῶνας.
1200 5141 1260 5192 ὀ
1289 5139 1354 5192 δὲ
1377 5139 1620 5208 ἅγγελος
1642 5141 1854 5207 Κυρίου

303 5233 638 5305 συγκατέϐη
659 5230 776 5295 τοῖς
801 5229 928 5296 περί
945 5229 1052 5281 τὸν
1081 5225 1342 5295 Ἀζὶιρίαν
1358 5230 1443 5293 εἰς
1458 5227 1569 5295 τὴν
1587 5227 1852 5296 κάμινον,

305 5323 404 5376 ιιιί
431 5317 733 5386 ἐξετίναξε
761 5315 872 5384 τὴν
897 5313 1091 5383 φκόγα
1115 5313 1220 5366 τοῦ
1247 5317 1432 5381 πυρὸς
1460 5314 1526 5367 ἐκ
1553 5313 1662 5382 τῆς
1687 5314 1854 5375 xum-

370 5458 393 5485 "
420 5456 610 5526 ιἐεεη·
646 5465 721 5526 vr.-
746 5450 804 5498 δα
824 5445 1857 5526 11991193382:.5__a_'lg¢:s§§ﬁém<

306 5520 413 5565 ὅσοι
434 5515 530 5570 τοῖς
547 5506 810 5573 καιομένοις
847 5506 1230 5566 παραγεγόνασιν,
1254 5506 1340 5574 {mc
1354 5506 1444 5613 ἐὰν
1468 5507 1522 5552 ἂν
1543 5509 1687 5567 ἔχωσι
1712 5525 1856 5567 μεμυ-

303 5578 423 5624 κότα
449 5574 618 5636 ἐκεῖνοι
646 5571 904 5636 1a_xtlln,_
926 5567 1010 5636 κᾶν
1026 5566 1183 5636 μβραχὺ
1205 5581 1315 5636 γουν
1373 5568 1604 5636 ’γι-έχουσι.
1618 5569 1738 5636 πρὸς.
1751 5568 1855 5636 Δτὸν

304 5635 595 5700 ᾇμπρησμὸν·
628 5633 668 5700 εἰ
688 5625 1174 5700 δέξσυμϐαξηιδιᾰραι
1212 5625 1265 5671 τὸ
1303 5625 1467 5686 στόμα
1482 5625 1666 5686 αὐτῶν,
1697 5627 1859 5681 εὐθέως

305 5688 559 5756 ἐφίπταται
588 5690 674 5740 τοῦ
697 5688 914 5751 σώματος
924 5689 961 5742 ιή
986 5688 1127 5748 ψυχή.

1660 375 1726 430 ΙΝ
1761 373 2114 429 DANIELEM.

3385 393 3500 446 212

1935 509 2063 557 νου,
2086 495 2178 546 καί
2200 495 2445 564 ἐποίησε
2467 505 2529 551 τὸ
2544 502 2736 567 μέσον
2758 500 2861 568 τῆς
2883 501 3132 569 καμίνου
3154 498 3232 563 ὡς
3251 496 3482 564 πνεῦμα

1934 577 2151 644 δρόσου
2172 581 2506 650 διασυρίζον
2525 602 2536 614 ·
2561 586 2656 638 καί
2686 588 2796 653 οὐχ
2828 586 3021 653 ἥψατο
3049 582 3242 638 αὐτῶν
3269 583 3332 635 τὸ
3353 586 3482 636 καθ-

1936 666 2078 720 όλου
2105 670 2167 720 τὸ
2196 671 2312 737 πῦρ
2334 711 2347 734 ,
2386 674 2479 724 καί
2517 675 2626 726 οὐκ
2665 674 2972 739 ἐλύπησεν
3002 671 3220 737 αὐτοὺς
3243 709 3258 734 ,
3285 675 3379 723 καὶ
3408 672 3478 724 οὐ

1935 755 2419 822 παρηνώχλησεν.
2491 758 2670 822 Οὕτως
2741 760 2838 812 οὐκ
2920 760 3235 826 αὐτομάτως
3310 755 3478 808 ταῦτα

1934 840 2164 906 ἐγένετο.
2218 843 2324 894 Kal
2370 845 2428 895 οὐ
2476 844 2630 911 μόνον
2657 845 2716 895 οὐ
2751 844 3177 912 κατεκαύθησαν,
3217 842 3326 895 ἀλλ’
3361 841 3476 894 ούδέ

1937 926 2351 996 παρηνώχλησεν
2383 926 2575 991 αὐτοὺς
2620 931 2679 981 16
2706 929 2831 999 πῦρ,
2861 931 2977 983 ούδέ
3005 928 3155 1000 [920]
3189 928 3473 998 ἐλύπησεν,

1935 1013 2053 1063 οὐδὲ
2095 1013 2156 1063 16
2220 1015 2376 1082 τυχὸν
2432 1010 2570 1081 οἷον,
2655 1015 2773 1068 ούδέ
2833 1017 3036 1086 θέρμην
3090 1014 3331 1084 ᾔσθοντο.
3380 1014 3475 1066 Διά

1934 1097 2087 1148 τοῦτο
2114 1097 2168 1149 δέ
2199 1100 2288 1150 xal
2335 1101 2424 1152 ἐπὶ
2472 1100 2721 1153 τοσοῦτον
2779 1102 2811 1170 ἡ
2863 1101 2992 1168 φλὸξ
3035 1100 3294 1169 ἀνῆλθεν,
3339 1098 3476 1151 ὥστε

1934 1184 2025 1235 καὶ
2070 1186 2180 1245 τοῖς
2224 1184 2416 1248 ἔξωθεν
2457 1187 2754 1253 φαίνεσθαι.
2794 1186 2900 1239 Kal
2935 1188 2966 1256 ἡ
3015 1185 3378 1255 ἐμϐαλλομένη
3421 1184 3477 1236 δέ

1935 1268 2031 1338 ὕλη
2066 1270 2219 1339 ἱκανὴ
2251 1267 2277 1322 ἶ
2347 1274 2548 1339 ,αὐτοὺς
2593 1272 2979 1335 πιστώσασθαι,
3025 1273 3118 1324 καὶ
3150 1271 3207 1322 τὸ
3254 1272 3325 1340 μὴ
3362 1271 3476 1322 δια-

1933 1354 2154 1419 λείπειν,
2183 1357 2274 1407 καὶ
2313 1369 2371 1408 Ὀ
2401 1357 2490 1408 ἐπὶ
2531 1356 2661 1408 πολὺ
2711 1357 2987 1424 φαίνεσθαι
3034 1355 3320 1424 καιομένην
3342 1396 3355 1419 ,
3385 1356 3478 1408 καὶ

1934 1441 2147 1494 πάντων
2173 1443 2342 1511 Εμπρμ
2363 1444 2474 1496 τθεν
2495 1443 2649 1495 τοῦτο
2686 1443 2948 1510 γενέσθαι.
2979 1444 3083 1497 Kal
3109 1442 3479 1510 Ναϐουχοδο-

1934 1530 2114 1595 νόσορ
2142 1529 2216 1596 ἦν
2262 1546 2405 1582 οσεν
2431 1531 2776 1596 ὑμνούντων
2803 1529 3014 1592 αὐτῶν,
3040 1530 3134 1582 καί
3163 1529 3476 1596 ἐθαύμασε,

1934 1616 2026 1666 καί
2055 1615 2176 1666 έὲη.
2259 1630 2344 1681 ἰη
2367 1616 2435 1667 έν
2454 1614 2710 1680 σπουδῇ,
2734 1616 2829 1666 καὶ
2851 1611 2976 1667 εἰπε
2997 1615 3117 1679 τοῖς
3130 1612 3480 1682 μεγιστᾶσιν

1933 1701 2136 1765 αὑτρῦ.
2165 1717 2300 1752 Λυτο
2339 1701 2393 1751 δὲ
2431 1701 2584 1752 τοῦτο
2623 1701 2818 1769 ἐπῆλθε
2849 1700 3008 1753 πόθεν
3046 1700 3119 1769 τῷ
3148 1699 3479 1768 Ναϐουχοδοο

1933 1786 2087 1854 νόσορ
2121 1785 2376 1852 ἀκοῦσαι;
2405 1788 2543 1856 ’Λρα
2567 1787 2740 1839 πάντα
2777 1786 2865 1838 τὸν
2896 1786 3078 1855 χρόνον
3115 1784 3476 1854 παρεκάθητο.

1933 1870 2026 1920 Διά
2050 1870 2154 1938 γὰρ
2194 1869 2347 1922 τοῦτο
2381 1871 2577 1934 εὐθέως
2601 1874 2698 1924 οὐκ
2726 1874 2900 1924 εἴασεν
2927 1871 3086 1923 αὑτὸν
3112 1870 3333 1921 ἀκοῦσαι
3358 1908 3372 1931 ,
3394 1870 3480 1921 ἴνα

1933 1958 2027 2010 καὶ
2058 1960 2084 2010 ὁ
2112 1958 2296 2026 χρόνος
2319 1959 2476 2021 αὐτὸς
2505 1962 2819 2029 μαρτυρήσῃ
2853 1959 2928 2027 τῷ
2950 1957 3238 2027 γενομένῳ,
3268 1958 3348 2009 ὅτι
3387 1956 3480 2009 καί

1934 2043 2096 2096 πολὺν
2121 2044 2487 2112 διατρίψαντες
2508 2044 2713 2114 χρόνον,
2735 2045 2882 2097 οὐδὲν
2910 2044 3103 2096 ἔπαθον
3122 2043 3309 2095 δεινόν.
3335 2040 3481 2108 Οὐχὶ

1933 2130 2152 2196 ἄνδρας
2172 2131 2322 2198 τρεῖς
2345 2133 2699 2201 ἑνεϐάλομεν
2720 2135 2805 2198 εἰς
2823 2131 3013 2199 μέσον
3040 2130 3143 2184 τοῦ
3176 2129 3360 2196 πυρὸς
3384 2143 3484 2182 πε·

1935 2215 2299 2285 πεδημένους
2318 2235 2335 2280 ;
2355 2219 2460 2271 Kal
2492 2217 2905 2285 ἀποκριθέντες
2927 2216 3173 2286 λέγουσι
3205 2215 3284 2280 τῷ
3305 2215 3486 2278 βασι-

1933 2303 2062 2356 λεῖ’
2106 2301 2351 2370 Ἀληθῶς
2372 2343 2385 2364 ,
2418 2303 2697 2366 βασιλεῦ.
2751 2304 2855 2355 Καὶ
2885 2298 3049 2354 εἶπεν
3085 2305 3116 2356 ό
3149 2302 3443 2364 ,ϐασιλεύς
3467 2316 3482 2331 ⁸

1935 2381 2197 2455 Ὦδεὲγὼ
2229 2386 2342 2453 όρῶ
2384 2385 2601 2454 ἄνδρας
2643 2388 2936 2453 τέσσαρας
2966 2384 3349 2454 λελυμένους,
3388 2385 3486 2438 καί

1935 2473 2400 2539 περιπατοῦντας
2428 2473 2495 2524 ἐν
2517 2472 2682 2540 μέσῳ
2704 2471 2806 2525 τοῦ
2839 2474 3052 2538 πυρός·
3086 2471 3180 2524 καί
3205 2471 3488 2539 διαφθορὰ

1937 2559 2045 2610 οὐκ
2079 2557 2244 2610 ἔστιν
2271 2558 2339 2610 ἑν
2371 2557 2600 2622 αὑτοῖς·
2636 2557 2731 2611 καί
2756 2558 2790 2623 ἠ
2831 2558 3036 2624 ὅρασις
3067 2557 3172 2610 τοῦ
3209 2556 3486 2622 τετάρτου

1938 2645 2107 2710 όμοία
2125 2643 2230 2708 υιῷ
2258 2644 2363 2697 τοῦ
2385 2646 2550 2698 Θεοῦ.
2582 2644 2709 2696 Ἀπὸ
2728 2645 2822 2713 τῆς
2851 2643 3018 2713 θύρας
3045 2641 3177 2695 εἶδεν
3200 2643 3295 2703 τάς
3316 2641 3484 2709 ὄψεις.

1944 2733 2076 2784 Τότε
2100 2732 2402 2800 προσῆλθε
2439 2733 2961 2800 Ναϐουχοδονόσορ
2991 2732 3137 2799 πρὸς
3172 2730 3285 2797 τὴν
3304 2731 3488 2797 θύραν

1938 2815 2046 2883 τῆς
2069 2819 2318 2884 καμίνου
2347 2819 2449 2871 τοῦ
2472 2818 2658 2885 πυρὸς
2687 2815 2790 2882 τῆς
2815 2815 3147 2884 καιομένης,
3171 2815 3266 2867 καὶ
3291 2810 3484 2867 εἷπεν*

1938 2903 2160 2971 Σεδρὰχ
2181 2944 2194 2967 ,
2230 2902 2428 2971 Μισὰχ
2449 2943 2462 2964 ,
2506 2903 2816 2971 Ἀϐδεναγὼ
2841 2943 2855 2964 ,
2885 2905 2938 2954 οἰ
2965 2901 3169 2955 δοῦλοι
3199 2901 3304 2954 τοῦ
3341 2899 3486 2953 Θεοῦ

1937 2990 2040 3042 τοῦ
2068 2990 2349 3055 ὑψίστου,
2371 2989 2659 3053 ἐξέλθετε,
2686 2989 2780 3042 καὶ
2813 2988 2981 3041 δεῦτε
3003 2983 3135 3043 ὦδε.
3181 2987 3285 3040 Kal
3309 2985 3489 3053 ἐξῆλ-

1940 3079 2047 3130 θον
2071 3075 2316 3142 Σεδρὰχ.
2345 3076 2562 3141 Μισὰχ,
2606 3074 2924 3141 Ἀϐδεναγὼ
2948 3073 3016 3126 ἐκ
3036 3073 3229 3141 μέσου
3249 3074 3352 3125 τοῦ
3379 3088 3491 3123 πυ·

1931 3162 2060 3226 ρός.
2091 3160 2188 3211 Διὰ
2210 3160 2260 3210 τί
2284 3161 2327 3211 6'
2356 3161 2415 3211 ού
2444 3161 2699 3230 πρότερον
2721 3158 2938 3228 ἐξῆλθον
2967 3159 3066 3220 ἕως
3102 3157 3353 3210 ἐκάλεσεν
3384 3158 3485 3208 αύ-

1940 3245 2063 3307 τούς
2089 3265 2103 3311 ;
2139 3247 2244 3298 Καὶ
2265 3246 2440 3308 καλῶς
2477 3247 2728 3316 πρότερον
2750 3247 2923 3315 ἐρωτᾷ
2951 3245 3072 3303 τοὺς
3100 3245 3378 3313 ἄρχοντας,
3400 3243 3490 3295 ἵνα

1943 3336 2007 3402 τῇ
2043 3334 2322 3402 ἀποκρίσει
2367 3330 2889 3402 προκατασχεθέντες
2928 3329 3089 3398 μηδὲν
3111 3330 3341 3382 ἐναντίον
3364 3330 3490 3381 ἀπο-

1943 3419 2249 3488 κρίνωνται,
2281 3417 2410 3487 μηδὲ
2440 3417 2540 3469 ὑπὸ
2560 3416 2653 3469 τοῦ
2675 3415 2860 3486 καιροῦ
2892 3414 3325 3485 συναρπαγῶσιν.
3359 3415 3492 3465 Ὠσ-

1943 3521 2045 3573 περ
2077 3503 2152 3572 τῷ
2181 3506 2402 3556 Μωῡσεῖ
2429 3503 2606 3570 ἔλεγεν
2624 3505 2650 3554 ό
2677 3504 2804 3563 Θεός
2822 3517 2836 3532 ο
2869 3501 2929 3554 Τί
2957 3502 3129 3553 τοῦτο
3149 3501 3214 3552 ἐν
3242 3499 3316 3566 τῇ
3340 3501 3494 3567 χειρί

1942 3604 2056 3642 σου
2079 3605 2098 3652 ;
2145 3589 2283 3641 οὕτω
2324 3589 2418 3642 καὶ
2457 3589 2677 3650 τούτους
2718 3587 3176 3655 Ναϐουχοδονόσορ
3216 3603 3495 3655 προκατα-

1942 3675 2197 3745 λαμϐάνει
2224 3678 2290 3744 τῇ
2335 3676 2610 3745 ἐρωτήσει.
2663 3672 2857 3735 Ἰδοὺ,
2906 3673 3084 3742 φησὶν,
3113 3671 3226 3739 ὸρώ
3270 3671 3490 3738 ἄνδρας

1941 3762 2234 3828 τέσσαρας
2250 3759 2633 3828 λελυμένους,
2654 3759 2747 3811 καί
2767 3757 3228 3825 περιπατοῦντας
3246 3757 3489 3823 ἐνμέσῳ

1941 3849 2045 3901 τοῦ
2076 3848 2290 3914 πυρός·
2330 3847 2425 3899 καί
2460 3844 2745 3912 διαφθορὰ
2781 3847 2889 3896 οὐκ
2934 3844 3101 3895 ἔστιν
3135 3843 3203 3894 ἐν
3244 3843 3444 3906 αὐτοῖς
3468 3859 3484 3873 ο

1943 3934 2039 3987 καί
2067 3935 2102 4000 ἠ
2131 3933 2336 4000 ὅρασις
2364 3931 2465 3984 τοῦ
2496 3931 2768 3995 τετάρτου
2807 3929 2974 3996 όμοία
3009 3927 3113 3992 υἱῷ
3143 3928 3309 3982 Θεοῦ.
3348 3929 3488 3980 Πολὺ

1945 4022 2134 4082 κάλλος
2161 4021 2284 4081 ἴσως
2301 4020 2564 4086 ἐνέφαινε.
2585 4017 2750 4069 Πόθεν
2766 4012 2929 4081 οἶδας,
2950 4011 2993 4069 ὧ
3012 4017 3487 4086 Ναϐουχοδονόσορ,

1945 4107 2054 4159 υἱὸν
2083 4105 2246 4167 Θεοῦς
2272 4107 2412 4174 Ὅρα
2436 4103 2618 4155 τοῦτον
2649 4102 3049 4171 προφητεύοντα
3082 4102 3169 4155 τὸν
3223 4102 3490 4171 βάρϐαρον

1946 4193 2052 4247 ἀπὸ
2081 4193 2177 4262 τῆς
2200 4191 2372 4259 ὂψεως
2411 4190 2594 4259 μόνης.
2624 4189 2734 4241 Kal
2761 4188 3027 4257 προσῆλθε
3054 4227 3068 4252 ,
3104 4190 3196 4241 καὶ
3238 4189 3491 4241 ἐκάλεσεν

1946 4278 2160 4340 αύτούς·
2189 4278 2431 4344 Σεδρὰχ,
2459 4277 2677 4342 Μισὰχ,
2723 4273 3053 4343 Ἀϐδεναγώ,
3076 4277 3127 4326 οἰ
3155 4273 3354 4326 δοῦλοι
3386 4276 3490 4327 τοῦ

1950 4365 2092 4420 Θεοῦ
2133 4363 2235 4416 τοῦ
2271 4362 2530 4429 ὑψίστου
2554 4400 2568 4423 ,
2611 4358 2876 4422 ἑξέλθετε
2899 4399 2913 4423 ,
2956 4358 3051 4411 καὶ
3082 4359 3277 4411 δεῦτε.
3328 4359 3492 4428 Ὅρα.

1948 4453 2061 4503 Οὐκ
2089 4449 2260 4502 ἐκέλει
2285 4465 2335 4500 τε
2359 4447 2640 4514 σϐεσθῆναι
2667 4445 2762 4515 τὴν
2788 4445 3027 4514 κάμινον,
3055 4444 3185 4497 ἀλλά
3207 4445 3288 4510 τίς
3332 4444 3494 4496 Ἐκά-

1947 4539 2097 4591 λεσεν
2127 4537 2316 4596 αὐτοὺς
2344 4532 2590 4598 ἐξελθεῖν.
2621 4528 2770 4593 Εῐδες
2808 4531 2988 4600 θαῦμα
3018 4532 3155 4600 μέγα
3195 4533 3286 4583 καὶ
3312 4533 3493 4602 παρά-

1949 4624 2112 4687 δοξον.
2159 4623 2221 4674 Ὃ
2256 4620 2487 4690 μάλιστα
2513 4617 2626 4688 ᾔδει
2670 4615 3018 4687 θεραπεῦσον,
3042 4615 3194 4668 τοῦτο
3219 4616 3492 4669 ἐκάλεσεν.

1951 4710 2110 4763 Ούδέν
2125 4707 2323 4773 ταύτης
2341 4706 2439 4773 τῆς
2458 4704 2726 4770 εὐγενείας
2754 4702 2882 4755 ἴσον.
2909 4703 3099 4754 Ἄκουε
3117 4701 3224 4772 γὰρ
3243 4701 3334 4754 τοῦ
3358 4701 3487 4754 Θεοῦ

1949 4797 2215 4863 λέγοντος·
2258 4790 2510 4858 Μωυσῆς
2551 4793 2582 4844 ό
2637 4789 2899 4857 θεράπων
2927 4807 3039 4858 μου
3091 4789 3489 4854 τετελεύτηκε.

1951 4884 2057 4936 Kal
2102 4881 2315 4941 Ἰσαὰκ,
2348 4879 2494 4947 φησὶ,
2545 4879 2576 4929 ό
2618 4875 2832 4939 δοῦλός
2860 4891 2990 4928 σου.
3023 4875 3206 4945 Ταύτῃ
3242 4874 3291 4926 ol
3325 4874 3494 4951 ἄγγεα

1951 4968 2031 5018 λοι
2078 4968 2140 5034 τῇ
2197 4961 2526 5034 προσηγορία
2561 4959 2894 5026 ἀγάλλονται,
2931 4959 3022 5009 καὶ
3075 4958 3141 5009 τά
3193 4954 3496 5026 Χερουϐὶμ,

1953 5060 2044 5110 καὶ
2059 5057 2124 5108 τὰ
2146 5053 2405 5125 Σεραφίμ.
2435 5054 2542 5104 Kal
2580 5051 2677 5119 οὐχ
2709 5051 2782 5111 ὡς
2806 5049 2869 5102 ἄν
2898 5065 2980 5110 τις
3013 5047 3305 5116 φιλόνεικος
3339 5047 3494 5114 ποιη-

1950 5161 2124 5210 στιεν,
2168 5145 2528 5214 ἀναπέμειναν
2570 5141 2633 5210 (1.
2681 5135 3090 5208 ἐναπίμειναν),
3134 5134 3249 5188 ἀλλ’
3292 5133 3498 5194 εὐθέως

1950 5234 2281 5303 ὑπήκουσαν·
2313 5231 2404 5284 καὶ
2434 5227 2690 5298 συνῆλθον
2720 5227 2950 5285 ἅπαντες
2983 5223 3107 5275 ἰδεῖν
3133 5219 3193 5271 τὸ
3217 5218 3419 5286 θαῦμα.

2551 5420 2801 5473 ΚΕΦΑΛ.
2830 5421 2902 5470 ΔΨ.

2039 5581 2199 5650 Ἐγὼ
2243 5575 2766 5643 Ναϐουχοδονόσορ
2799 5572 3063 5639 εύθηνῶν
3111 5572 3271 5638 ἢμην
3309 5571 3379 5623 έν
3420 5568 3503 5637 τῷ

1958 5676 2100 5735 οἴκῳ
2132 5688 2266 5740 μου,
2301 5668 2397 5722 καί
2431 5664 2696 5720 εείνθαλῶν
2728 5665 2819 5718 ἐπὶ
2852 5664 3194 5732 τοῦηθρόνου
3218 5678 3370 5730 μου,
3401 5663 3499 5718 ιιιεί
