4032 6220
514 380 626 432 213

515 487 667 538 πίων
701 487 771 539 ἐν
801 489 879 554 τῷ
917 490 1041 555 λαῷ
1061 509 1199 559 μου.
1232 494 1385 556 Τίνος
1418 494 1600 546 ἕνεκεν
1642 492 1779 547 οὕτω
1819 492 1971 544 τοῦτο
2014 491 2062 542 ἐ-

513 589 746 658 mam.
771 593 863 644 καί
895 593 1016 662 οὐχὶ
1053 595 1304 665 ἔγραψεν·
1327 596 1784 666 Ναϐουχοδονόσορ
1811 590 1876 664 ἦν
1911 593 2068 663 εὐθη-

515 696 643 759 νῶν,
663 697 775 750 ἀλλ’
801 699 875 761 ὡς
898 701 960 753 ἐκ
989 703 1276 772 προσώπου
1298 706 1533 773 ἐκείνους
1565 706 1713 775 Ἐμοὶ
1736 705 1879 757 δοκεῖ
1899 703 2069 757 ταῦτα

514 806 582 859 τά
610 807 760 880 [221]
809 812 1027 880 ῥήματα
1070 813 1229 866 αὐτοῦ
1276 810 1412 868 εἶναι
1441 816 1533 868 τοῦ
1587 816 2062 887 Ναϐουχοδονόσορ.

529 911 742 984 Ἐπειδὴ
765 911 871 984 γάρ
900 916 1189 984 ἀνήνεγκεν
1220 919 1313 970 ἀπ’
1356 918 1568 988 ἐκείνης
1606 919 1704 988 τῆς
1729 918 1960 990 πλάνης,
2009 921 2068 971 ἐν

511 1025 790 1094 δημοσίοις
831 1027 970 1080 αὐτὰ
1008 1027 1261 1080 κατέθετο
1293 1030 1588 1099 γράμματα
1622 1029 1768 1092 ἴσως.
1798 1030 1934 1081 Αὐτὸ
1977 1024 2068 1081 οὖν

520 1130 820 1200 σύνταγμα,
849 1130 986 1184 ὥστε
1021 1133 1323 1196 ἀξιόπιστον
1352 1134 1618 1200 γενέσθαι,
1645 1133 1878 1204 παράγει
1907 1135 1933 1185 6
1971 1135 2069 1184 Δα-

515 1239 654 1308 νιήλ.
681 1241 757 1309 Τῇ
789 1241 897 1311 γάρ
918 1241 1023 1294 τῶν
1045 1242 1340 1311 ἀνθρώπων
1367 1237 1522 1312 φύσεί
1554 1245 1709 1306 αὐτὸς
1733 1246 1760 1296 6
1794 1245 2068 1307 πεπονθὼς

515 1348 838 1416 διαλέγεται.
866 1352 973 1404 Kal
1006 1352 1100 1404 θέα
1126 1371 1215 1422 μοι
1238 1355 1374 1425 πόση
1407 1357 1676 1418 παίδευσις
1699 1356 1901 1422 γίνεται
1931 1357 2069 1408 κατά

515 1448 624 1500 τῶν
673 1450 1051 1519 ὑπερηφάνων.
1101 1454 1229 1506 Ἀπὸ
1269 1456 1374 1526 γὰρ
1400 1457 1766 1526 ὑπερηφανίας
1813 1457 2069 1512 πέπονθεν

517 1559 661 1630 ὅπερ
700 1560 918 1626 ἔπαθεν,
953 1563 1045 1615 καὶ
1076 1565 1306 1618 δείκνυσι
1339 1568 1436 1637 τήν
1470 1569 1642 1620 αἰτίαν
1673 1567 1770 1638 τῆς
1795 1567 2070 1639 ὑπερηφα-

517 1662 635 1725 νίας
655 1664 759 1717 ἀπό
783 1681 840 1717 τε
856 1665 949 1718 τοῦ
973 1667 1156 1730 τέλους
1172 1669 1263 1720 καὶ
1281 1668 1377 1736 τῆς
1396 1669 1566 1739 ἀρχῆς
1586 1686 1598 1698 ο
1641 1670 1695 1721 ἐν
1716 1670 1811 1739 μὲν
1828 1671 1902 1738 τῷ
1927 1671 2069 1724 τέλει

517 1763 715 1833 λέγων,
750 1768 870 1820 Ὀτι
919 1768 1146 1834 πάντας
1188 1769 1329 1835 τοὺς
1368 1771 1784 1838 ὑπερηφάνους
1828 1772 2072 1824 δύναται

517 1872 877 1926 ταπεινῶσαι
896 1891 909 1904 ·
933 1875 991 1926 ἐν
1010 1877 1149 1945 ἀρχῇ
1174 1875 1228 1927 δὲ
1255 1876 1348 1928 καὶ
1369 1877 1434 1928 ἐκ
1460 1877 1752 1946 προοιμίων
1775 1876 1869 1945 τὴν
1895 1877 2071 1928 αἰτίαν

516 1973 616 2042 τῆς
647 1974 1015 2046 ὑπερηφανίας
1052 1976 1332 2029 διδάσκων.
1395 1977 1538 2029 Ἐκεῖ
1576 1978 1671 2047 μὲν
1699 1977 1834 2046 γὰρ,
1872 1979 1952 2030 ὅτι
1985 1978 2072 2030 διὰ

517 2071 672 2125 τοῦτο
703 2074 1055 2144 ἐταπεινώθη,
1088 2075 1348 2145 ἐδήλωσεν
1371 2093 1383 2106 ·
1413 2075 1643 2130 ἐνταῦθα
1686 2077 1741 2128 δὲ
1769 2076 1928 2129 πόθεν
1965 2095 2073 2129 τοι-

517 2172 643 2225 οῦτο
673 2173 919 2241 ἐγένετο,
957 2176 1019 2227 ἐκ
1042 2175 1131 2228 τοῦ
1161 2176 1359 2242 πολλῆς
1408 2175 1708 2230 ἀπολαῦσαι
1733 2178 2068 2247 εὐπραγίας·

518 2277 706 2348 ὥσπερ
734 2278 826 2332 καὶ
850 2281 878 2332 6
901 2279 1058 2332 Δαυῖδ
1087 2279 1228 2346 λέγει
1249 2294 1263 2309 ·
1293 2279 1392 2332 Διὰ
1420 2279 1590 2332 τοῦτο
1617 2279 1944 2347 ἐκράτησεν
1973 2282 2073 2334 αὺ-

518 2379 640 2434 τῶν
669 2382 708 2450 ἠ
744 2383 1118 2450 ὑπερηφανία
1141 2400 1153 2413 ·
1196 2381 1336 2436 οὕτω
1382 2382 1442 2452 δὴ
1471 2384 1563 2435 καί
1609 2382 1836 2436 ἐνταῦθα
1877 2383 2073 2446 πολλὰς

520 2484 731 2553 τίθησιν
775 2485 1099 2555 εὐπραγίας.
1158 2487 1246 2538 Ἐν
1272 2489 1336 2556 τῇ
1388 2488 1526 2555 ἀρχῇ
1579 2504 1762 2556 φησιν’
1792 2487 2076 2554 Εὺθηνῶν

520 2585 683 2654 ἤμην
702 2587 772 2640 ἐν
793 2585 872 2652 τῷ
898 2589 1039 2651 οἴκῳ
1073 2605 1212 2655 μου,
1245 2588 1340 2641 καὶ
1365 2587 1634 2642 εὐθα.ῑῶν
1679 2588 1779 2639 ἐπὶ
1813 2587 1917 2640 τοῦ
1947 2589 2077 2654 θρό-

521 2704 630 2741 νου
649 2706 787 2756 μου,
825 2688 921 2741 καὶ
954 2690 1105 2741 πίων
1133 2690 1200 2742 ἐν
1230 2689 1307 2754 τῷ
1341 2687 1464 2752 λαῷ
1515 2708 1645 2757 μου.
1689 2691 1760 2742 Οὐ
1815 2690 1919 2760 γὰρ
1964 2690 2076 2742 ἔστι

523 2789 699 2843 πάντα
749 2789 884 2854 δμοῦ
954 2792 1290 2859 συνδραμεῖν.
1353 2794 1564 2845 Ἔνεστι
1613 2793 1751 2846 κατὰ
1816 2792 1911 2859 μὲν
1981 2793 2076 2862 τὴν

524 2891 698 2960 ἀρχὴν
725 2892 1038 2961 εὐπραγεῖν,
1074 2894 1215 2945 κατὰ
1253 2894 1308 2945 δέ
1356 2895 1452 2965 τὴν
1502 2895 1675 2946 οἰκίαν
1717 2895 2073 2964 δυσπραγεῖν,

526 2993 776 3062 καθάπερ
838 2994 866 3045 6
924 2993 1198 3062 Ἡρώδης·
1256 2994 1502 3065 καθάπερ
1553 2998 1580 3047 6
1641 2995 1833 3048 Δαυῖδο
1904 2995 2077 3049 ἔνεστι

525 3094 687 3147 πάλιν
728 3095 1028 3149 τούναντίον
1080 3097 1136 3147 ἐν
1192 3097 1287 3164 μὲν
1324 3095 1401 3164 τῷ
1446 3095 1557 3165 λαῷ
1602 3097 1940 3165 δυσπραγεῖν,
1973 3098 2078 3149 ἀπὸ

525 3193 584 3245 δέ
614 3194 710 3262 τῆς
744 3194 919 3256 οἰκίας
959 3195 1120 3264 μηδὲν
1162 3195 1387 3264 πάσχειν
1419 3195 1584 3247 δεινόν
1609 3213 1620 3223 ·
1660 3196 1861 3248 ἔνεστιν
1900 3198 1956 3249 ἐν
1982 3197 2078 3264 μὲν

525 3297 593 3364 τῇ
621 3296 770 3348 πόλει
795 3297 1113 3368 εἰρηνεύειν,
1140 3298 1234 3366 τὴν
1268 3299 1323 3350 δέ
1349 3298 1517 3369 ἀρχὴν
1535 3299 1909 3368 ταράττεσθαι.
1941 3299 2076 3352 Ἀλλ’

527 3389 679 3459 οὗτος
706 3396 962 3448 πάντοθεν
988 3397 1275 3466 εὐπραγεῖν
1316 3393 1488 3466 εῖχεν·
1526 3398 1672 3451 οὐδὲν
1692 3394 1756 3467 ἦν
1791 3401 1948 3452 αὑτὸν
1991 3401 2080 3453 λυ-

529 3494 685 3548 ποῦν.
733 3495 893 3566 Ὀρᾷς
942 3495 1105 3549 πόσον
1143 3496 1307 3552 κακὸν
1348 3497 1526 3561 ἄδειας
1555 3497 1812 3568 Καθάπερ
1841 3498 1947 3569 γὰρ
1989 3501 2074 3552 ἐπὶ

529 3598 638 3650 τῶν
687 3597 972 3667 σωμάτων,
1004 3598 1130 3650 ὅταν
1178 3598 1250 3667 μή
1295 3598 1545 3666 γίνωνται
1574 3601 1622 3651 οί
1662 3600 1799 3652 κατὰ
1841 3601 2079 3669 ἀνάγκην

533 3700 719 3771 μόχθοι
742 3702 835 3754 καὶ
853 3701 1130 3769 ἀσχολίαι,
1165 3703 1537 3772 ἐπιτηδευτούς
1573 3721 1718 3767 τινας
1756 3705 2078 3774 ἐπιχειροῦσι

531 3804 725 3866 ποιεῖν,
759 3801 892 3872 πρὸς
928 3803 1229 3872 γυμνασίαν
1263 3805 1354 3856 τοῦ
1393 3807 1634 3874 σώματος
1663 3821 1676 3835 ο
1726 3804 1864 3858 οὕτω
1913 3808 2003 3858 xal
2051 3809 2079 3858 6

529 3906 660 3969 Θεὸς
689 3909 859 3960 ποιεῖν
884 3907 1057 3969 είωθε,
1087 3906 1224 3958 ὥστε
1257 3908 1314 3960 τὸ
1361 3907 1570 3961 εὔτονον
1610 3910 1897 3979 περιελεῖν.
1948 3911 2079 3962 Ἑν-

528 4007 743 4059 ύπνιον
770 4002 949 4072 εἶδον,
976 4006 1073 4059 καὶ
1091 4006 1434 4074 ἐφοϐέρισέν
1476 4023 1552 4075 με
1571 4045 1585 4071 ,
1606 4007 1702 4060 καί
1750 4008 2080 4075 ἐταράχθην

528 4111 625 4162 ἐπὶ
657 4109 764 4177 τῆς
787 4110 986 4175 κοίτης
1009 4127 1146 4176 μου,
1175 4111 1270 4163 καί
1305 4113 1364 4164 αι
1393 4111 1628 4177 ὁράσεις
1664 4109 1775 4177 τῆς
1811 4111 2079 4178 κεφαλῆς

527 4228 643 4280 μου
688 4211 1100 4280 συνετάραξαν
1150 4230 1244 4281 με.
1305 4213 1414 4266 Kal
1468 4213 1601 4280 παρ’
1650 4213 1794 4281 ἐμοῦ
1842 4214 2076 4282 ἐξετέθη

528 4315 716 4384 δόγμα
737 4357 752 4380 ,
793 4314 944 4369 ὥστε
990 4315 1324 4383 εἰσαγαγεῖν
1364 4315 1615 4368 ἐνώπιον
1657 4315 1799 4382 ἐμοῦ
1855 4315 2079 4381 πάντας

528 4418 674 4480 τοὺς
723 4418 952 4486 σοφοὺς
987 4417 1368 4486 Βαϐυλῶνος,
1417 4418 1573 4485 ὅπως
1615 4416 1727 4485 τὴν
1765 4419 2080 4486 σύγκρισιν

529 4523 637 4576 τοῦ
693 4521 980 4575 ἐνυπνίου
1035 4521 1364 4588 τνωρίσωσί
1415 4539 1536 4589 μοι.
1570 4522 1708 4592 Ὅρα
1759 4520 1874 4583 πῶς
1921 4522 2079 4574 αὑτὸν

530 4622 873 4676 καταστεῖλαι
909 4621 1167 4690 βούλεται,
1204 4623 1322 4691 οὐχὶ
1369 4624 1434 4690 τῇ
1486 4622 1648 4691 πείρα
1693 4621 1800 4673 τῶν
1827 4623 2080 4690 πραγμά-

527 4741 654 4788 των,
701 4723 835 4778 ἀλλὰ
869 4727 934 4794 τῇ
978 4725 1272 4794 προρρήσει
1317 4725 1424 4777 τῶν
1473 4724 1914 4793 συμϐαινομένων
1939 4739 1951 4751 ο
1987 4727 2079 4776 καὶ

527 4828 675 4891 ὅπως
699 4823 766 4897 ἦν
796 4827 1020 4897 φοϐερὸν
1047 4828 1105 4879 τὸ
1140 4829 1415 4893 ἐνύπνιον;
1442 4828 1593 4889 Τίνος
1620 4823 1708 4879 οὖν
1742 4827 1924 4879 ἕνεκεν
1963 4827 2079 4894 οὐχὶ

530 4929 622 4982 καὶ
661 4928 754 4981 νῦν
798 4929 1004 4999 ἀπέστη
1050 4928 1205 4981 αὐτοῦ
1253 4930 1313 4981 τὸ
1352 4928 1581 4998 πνεῦμα,
1609 4928 1725 4979 οὐδὲ
1753 4929 1986 4997 ἠγνόησε
2017 4928 2077 4979 τὸ

531 5033 795 5098 ἐνύπνιον,
818 5032 1063 5102 καθάπερ
1091 5031 1181 5084 καὶ
1213 5032 1502 5099 πρότερον;
1530 5031 1651 5083 ’Ότι
1677 5030 1862 5100 ἱκανὴν
1890 5032 2078 5099 πεῖραν

530 5133 813 5198 δεδωκότος
860 5133 953 5187 τοῦ
987 5132 1178 5202 Δανιὴλ
1225 5132 1516 5201 πρότερον,
1573 5132 1736 5201 ἤγουν
1769 5132 1824 5183 ἐν
1854 5130 1928 5199 τῷ
1974 5130 2079 5199 πρὸ

531 5241 716 5296 τούτου
748 5243 998 5312 ἐνυπνίῳ,
1033 5241 1252 5310 οὐδεμία
1289 5239 1472 5291 λοιπὸν
1515 5238 1668 5306 χρεία
1713 5232 1781 5307 ἦν
1826 5236 2077 5304 δευτέραν

531 5350 949 5421 προσενεχθῆναι
973 5350 1308 5419 δοκιμασίαν.
1333 5348 1515 5400 Πάντα
1547 5344 1649 5412 γὰρ
1669 5345 1853 5414 χρείας
1876 5343 2074 5407 ἕνεκεν,

530 5456 591 5508 οὐ
625 5456 947 5526 φιλοτιμίας,
979 5457 1007 5508 6
1033 5455 1161 5517 Θεὸς
1180 5452 1640 5525 πραγματεύεται.
1669 5449 1872 5511 Ἀλλως
1898 5449 1952 5500 δέ
1984 5450 2076 5499 xal

531 5564 667 5632 πρὸς
697 5565 911 5636 ἔλεγχον
931 5565 1135 5633 γίνεται
1160 5563 1267 5615 τῶν
1290 5563 1498 5632 μάγων.
1518 5562 1633 5613 Ἵνα
1650 5558 1756 5628 γάρ
1785 5558 1859 5627 μὴ
1876 5558 2074 5624 λέγωσι

532 5670 710 5724 πάλινο
741 5671 969 5725 Είπάτω
1007 5674 1040 5725 ὁ
1073 5669 1371 5735 ,βασιλεὺς
1392 5669 1457 5722 τὸ
1483 5667 1787 5731 ἐνύπνιον,
1829 5665 1928 5718 καὶ
1964 5664 2076 5731 τὴν

1194 381 1252 437 S.
1287 378 1565 436 JOANNIS
1599 375 2075 435 CllRl'SOSTOMl
2113 377 2426 438 ARCIIIEP.
2467 383 2998 449 CONSTANTINOP.

3609 415 3716 467 214

2171 496 2488 564 σύγκρισιν
2527 505 2711 558 αὐτοῦ
2764 506 3202 575 ἀναγγελοῦμεν
3252 508 3436 575 ἡμεῖς·
3473 504 3717 572 ἐλέγχον-

2170 613 2258 648 ται
2291 601 2422 668 μηδὲ
2441 602 2594 658 τοῦτο
2626 606 2755 659 αὐτὸ
2785 609 3082 676 δυνάμενοι,
3117 610 3176 662 οὐ
3209 610 3365 677 μόνον
3391 610 3581 660 ἐκεῖνο.
3607 608 3720 666 Ούκ

2174 705 2314 777 είχον
2340 709 2513 778 λέγειν
2542 715 2718 768 πάλιν
2744 718 2812 770 Τὸ
2821 717 3005 785 ρῆμιι,
3032 718 3061 771 ὃ
3087 721 3117 770 ό
3128 718 3415 782 βασιλεὺς
3437 713 3716 784 ἐπερωτᾷ,

2167 811 2346 879 βαρύ·
2383 815 2480 866 καί
2524 818 2633 869 οὐκ
2676 819 2845 871 ἐστιν
2890 820 3225 886 ἄνθρωπος,
3279 820 3346 886 ὃς
3393 820 3720 886 δυνήσεται

2173 913 2462 980 διακρῖναι
2512 919 2697 981 αὐτὸ,
2743 919 2877 972 ἀλλ’
2912 920 2950 988 ἣ
2999 921 3150 986 θεοὶ,
3197 915 3282 974 ὧν
3325 923 3432 974 οὐκ
3482 921 3652 973 ἔστιν
3681 919 3719 984 ή

2172 1019 2439 1070 κατοικία
2460 1021 2607 1087 μετὰ
2645 1021 2845 1088 πάσης
2874 1024 3117 1090 σαρκός.
3153 1024 3474 1092 Ἐμάνθανεν
3511 1025 3575 1075 ἐκ
3603 1022 3724 1074 τού-

2172 1136 2299 1182 των,
2335 1121 2414 1174 ὅτι
2445 1123 2563 1175 οὑδέ
2591 1124 2656 1176 τὰ
2685 1127 2918 1196 πρότερα
2938 1129 2999 1178 ἐκ
3027 1127 3124 1194 τῆς
3145 1127 3330 1195 σοφίας
3354 1126 3552 1195 ταύτης
3573 1122 3724 1179 εἶπεν

2173 1232 2201 1282 6
2230 1234 2444 1302 Δανιὴλ.
2471 1234 2713 1305 Ἐμαθεν
2732 1237 2811 1290 ὅτι
2843 1238 2960 1291 ούδέ
2983 1240 3040 1291 ἐν
3060 1241 3168 1301 τοῖς
3191 1238 3490 1309 ἔμπροσθεν
3511 1238 3725 1307 χρόνοις

2175 1333 2354 1403 έλεγὸν
2381 1354 2433 1388 τι
2463 1338 2630 1405 ὑγιὲς,
2669 1340 2916 1410 καθάπερ
2950 1342 3105 1404 αὑτός
3149 1359 3328 1411 φησιν,
3364 1341 3475 1393 ἀλλ’
3506 1340 3539 1410 ἦ
3586 1339 3724 1393 πάν-

2176 1458 2286 1492 των
2312 1440 2368 1492 ἐν
2391 1441 2598 1512 ἐρημίᾳ.
2632 1442 2737 1495 τῶν
2768 1444 3087 1513 ἐλεγχόντων
3117 1445 3283 1508 δντες.
3329 1443 3475 1516 [222]
3513 1445 3642 1496 Ὀτε
3671 1443 3728 1496 δὲ

2174 1539 2334 1612 ἦλθεν
2361 1545 2540 1608 αὐτοῖς
2567 1547 2835 1613 ἀπόδειξις
2863 1549 2920 1614 ἐξ
2953 1548 3224 1612 Ἰουδαίας,
3249 1548 3275 1598 6
3301 1547 3512 1616 Δανιὴλ,
3543 1546 3729 1598 οὐκέτι

2179 1642 2442 1712 τολμῶσιν
2470 1645 2589 1697 οὐδὲ
2616 1645 2956 1700 πλάττεσθαι.
2991 1647 3148 1698 Ὥστε
3191 1645 3536 1716 οἰκονομικῶς
3568 1645 3728 1698 πάλιν

2177 1747 2459 1801 καλοῦνται
2479 1746 2641 1803 οὗτοι.
2660 1751 2769 1803 Kal
2789 1750 2894 1820 γὰρ
2916 1749 3058 1814 ἄξιον
3076 1750 3369 1819 θαυμάσαι.
3389 1751 3528 1813 τίνος
3547 1750 3730 1803 ἕνεκεν

2175 1855 2351 1907 λαϐὼν
2383 1858 2576 1927 πεῖραν
2605 1859 2702 1928 τῆς
2723 1857 2816 1910 τοῦ
2836 1859 3027 1929 Δανιὴλ
3053 1859 3328 1928 δυνάμεως
3349 1859 3405 1910 ἐν
3431 1856 3727 1922 τοσούτοις,

2176 1968 2235 2019 ού
2269 1968 2478 2038 πρῶτον
2510 1970 2668 2022 αὑτὸν
2699 1971 2970 2028 ἐκάλεσεν.
3006 1975 3064 2025 Ὀ
3086 1972 3214 2034 Θεὸς
3240 1972 3399 2034 αὐτὸς
3436 1973 3543 2040 γὰρ
3570 1972 3724 2024 τοῦτο

2179 2072 2592 2131 κατεσκεύασεν.
2620 2073 2758 2126 ὥστε
2784 2075 2920 2143 μετὰ
2948 2075 3043 2145 τὴν
3065 2075 3282 2127 ἐκείνων
3309 2069 3474 2144 ἧτταν
3502 2075 3733 2143 φανῆναι

2177 2181 2275 2249 τὴν
2326 2183 2497 2251 νίκην.
2549 2183 2919 2250 Ἐεεοὸέρισέν
2945 2201 3052 2252 με,
3084 2184 3249 2254 φησί’
3282 2184 3373 2236 καὶ
3406 2184 3520 2236 οὐδὲ
3563 2183 3734 2245 οὕτως

2181 2288 2393 2355 ἐγένετο
2420 2288 2658 2357 βελτίων,
2691 2287 2803 2342 ἀλλ’
2841 2291 2924 2342 ἐπ’
2959 2288 3124 2358 αὐτὴν
3161 2287 3385 2356 ἠθέλησε
3416 2287 3513 2356 τὴν
3540 2289 3735 2354 πεῖραν

2181 2391 2369 2443 ἐλθεῖν.
2401 2390 2582 2454 Οὕτως
2626 2391 2861 2453 ἀναίτιος
2900 2394 2928 2444 6
2973 2390 3102 2453 Θεὸς
3149 2388 3440 2458 πανταχοῦ.
3473 2387 3581 2441 Καὶ
3609 2390 3733 2441 εἰσ-

2180 2492 2531 2558 επορεύοντο
2562 2493 2616 2543 οί
2657 2490 2935 2553 ἐπαοιδοί,
2975 2491 3167 2559 μάγοι,
3211 2488 3556 2556 Γαζαρηνοὶ,
3581 2490 3734 2541 Χαλ-

2182 2589 2352 2644 δαῖοι·
2386 2592 2479 2644 καί
2511 2598 2574 2644 τὸ
2600 2592 2884 2644 ἐνύπνιον
2911 2588 3080 2645 εἷπον
3103 2591 3356 2644 ἐνώπιον
3383 2590 3599 2645 αὐτῶν*
3639 2590 3737 2643 καί

2181 2693 2294 2758 τὴν
2317 2695 2634 2762 σύγκρισιν
2656 2692 2838 2746 αὑτοῦ
2873 2697 2981 2747 οὐκ
3022 2691 3349 2761 ἐγνώρισάν
3371 2709 3493 2760 μοι,
3530 2691 3642 2757 ἕως
3663 2686 3734 2745 οὗ

2181 2795 2377 2861 ἔτερος
2397 2793 2658 2861 είσῆλθε,
2677 2794 2916 2861 Δανιὴλ,
2943 2793 3195 2846 ἐνώπιόν
3208 2811 3345 2862 μου,
3372 2787 3444 2846 οὗ
3468 2792 3530 2852 τὸ
3555 2792 3740 2858 ὄνομα

2184 2897 2501 2964 Βαλτάσαρ
2520 2897 2666 2949 κατὰ
2692 2897 2755 2949 τὸ
2773 2898 2956 2964 ὄνομα
2973 2898 3076 2949 τοῦ
3104 2896 3240 2950 θεοῦ
3257 2912 3396 2963 μου,
3423 2895 3490 2958 ὃς
3506 2893 3743 2961 πνεῦμα

2187 2999 2331 3051 Θεοῦ
2381 3000 2503 3067 ἔχει
2551 2983 2641 3051 ἐν’
2667 2999 2872 3063 ἐαυτῷ·
2915 2999 3012 3051 καὶ
3049 2999 3114 3051 τὸ
3168 2999 3451 3052 ἐνύπνιον
3486 2997 3744 3050 ἐνώπιον

2184 3101 2365 3153 αὑτοῦ
2424 3097 2612 3154 εἷπον.
2656 3102 2801 3164 Ἕως
2846 3097 2915 3156 οὗ
2965 3101 3195 3168 ἔτερος,
3238 3100 3401 3170 φησὶ,
3452 3098 3744 3166 είσῆλθεν

2183 3203 2434 3256 ἐνώπιόν
2453 3220 2590 3271 μου.
2635 3201 2721 3265 Ὠς
2746 3202 3123 3272 ἐπιλαθόμενος
3148 3200 3287 3253 οὕτω
3317 3199 3469 3270 φησί.
3498 3200 3609 3252 Kal
3636 3199 3745 3267 γὰρ

2185 3304 2352 3355 πολλὰ
2408 3305 2499 3373 ἔτη
2551 3302 2940 3373 παρεληλύθει,
2979 3304 3071 3355 καὶ
3124 3302 3331 3371 ταχέως
3376 3301 3474 3369 τὴν
3522 3301 3744 3370 μνήμην

2184 3405 2468 3469 ἀπέϐαλεν,
2487 3405 2580 3458 ἅτε
2606 3408 2662 3457 ἐν
2685 3406 2964 3467 τοσαύταις
2985 3405 3256 3474 φροντίσιν
3276 3404 3370 3467 ὢν,
3391 3403 3484 3456 καὶ
3504 3401 3744 3471 τοσαύτῃ

2187 3506 2362 3569 συζῶν
2394 3509 2564 3578 τροφῇ
2595 3507 2655 3575 (ί.
2680 3509 2901 3576 τρυφῇ).
2937 3506 3008 3557 Τὸ
3039 3507 3213 3557 εἰπεῖν
3253 3505 3436 3573 ἕτερον
3456 3544 3470 3568 ,
3521 3503 3744 3571 σημεῖόν

2185 3610 2300 3659 ἐστι
2342 3608 2432 3659 τοῦ
2469 3610 2671 3678 σφόδρα
2716 3609 2873 3661 αὑτὸν
2919 3609 3148 3674 ἀγνοεῖν.
3199 3607 3356 3661 Κατὰ
3404 3606 3471 3658 τὸ
3525 3605 3744 3674 ὄνομα,

2187 3709 2341 3778 φησὶ,
2370 3710 2472 3762 τοῦ
2502 3710 2636 3763 θεοῦ
2668 3728 2806 3777 μου.
2836 3705 2911 3761 Ἦ
2950 3709 3105 3761 τοῦτο
3139 3708 3378 3777 βούλεται
3422 3708 3598 3758 εἰπεῖν
3619 3745 3632 3768 ,
3665 3706 3750 3758 ὅτι

2183 3813 2352 3875 οὕτως
2402 3813 2631 3882 ἐτίμησα
2680 3812 2754 3875 ώς
2804 3813 2895 3864 καὶ
2939 3811 3043 3864 ἀπὸ
3093 3811 3183 3862 τοῦ
3231 3810 3349 3863 θεοῦ
3395 3808 3553 3861 τοῦτο
3596 3803 3752 3860 εἶπεν

2185 3915 2250 3984 (Ῑ.
2287 3916 2498 3982 είπεῖν);
2531 3915 2638 3966 Kal
2658 3915 2763 3983 γὰρ
2785 3915 2901 3975 έθος
2923 3914 3102 3975 αὐτοῖς
3123 3915 3208 3965 ἐπ’
3231 3911 3451 3980 ὀνόματι
3477 3910 3588 3964 τῶν
3609 3910 3750 3963 θεῶν

2183 4015 2309 4078 τοὺς
2355 4015 2545 4077 παῖδας
2599 4013 2897 4083 ὀνομάζεινο
2947 4013 3131 4083 ἐπειδὴ
3188 4015 3278 4065 καὶ
3335 4013 3391 4077 ἐξ
3443 4010 3750 4079 ἀνθρώπιον

2181 4118 2394 4170 ἐποίουν
2424 4116 2594 4179 θεούς.
2631 4117 2812 4179 Οὕτως
2845 4119 2873 4169 6
2898 4117 3103 4181 δϐελος,
3144 4116 3284 4168 οὕτω
3329 4116 3421 4168 καὶ
3454 4116 3482 4166 6
3511 4115 3750 4184 Βήλαιος

2182 4220 2384 4289 ἐκλήθη
2414 4237 2499 4280 τις
2526 4220 2653 4289 παρ’
2682 4221 2829 4289 ήμῖν.
2868 4218 3081 4287 Ἐπειδὴ
3113 4217 3218 4287 γὰρ
3254 4212 3390 4271 εἶδον
3418 4218 3466 4268 οί
3494 4217 3751 4286 δαίμονες

2181 4324 2351 4393 ταύτῃ
2377 4324 2706 4392 τιμωμένους
2738 4324 2862 4383 τοὺς
2893 4319 3230 4389 ἀνθρώπους,
3262 4320 3353 4372 καὶ
3376 4319 3529 4382 θεοὺς
3559 4318 3752 4372 καλου-

2187 4426 2400 4495 μένους,
2431 4424 2524 4477 καὶ
2539 4423 2688 4476 αὐτοὶ
2706 4425 2866 4478 τοῦτο
2881 4422 3172 4492 ἐζήλωσαν.
3206 4422 3358 4484 Τίνος
3382 4421 3571 4474 ένεκέν
3594 4437 3751 4490 φησι,

2184 4528 2429 4593 Δανιὴλ,
2457 4522 2527 4581 οὗ
2559 4526 2626 4579 τὸ
2653 4526 2837 4594 ὄνομα
2856 4523 3166 4589 Βαλτάσαρ
3187 4522 3342 4587 ;”οτι
3361 4522 3496 4574 Θεοῦ
3518 4522 3754 4592 δύναμιν

2183 4632 2318 4702 εἶχε.
2364 4631 2532 4683 Τοῦτο
2573 4631 2678 4699 γὰρ
2729 4632 2856 4698 παρ’
2903 4627 3124 4689 ἐκείνοις
3173 4626 3399 4696 μεγίστη
3437 4627 3597 4695 τιμή.
3640 4625 3755 4677 Kal

2182 4734 2425 4804 ἠνείχετο
2455 4731 2643 4800 Δανιὴλ
2667 4731 2731 4782 δι’
2762 4730 2997 4792 ἐκείνους
3041 4727 3194 4779 τοῦτο
3239 4727 3544 4779 καλεῖσθαι·
3587 4726 3750 4778 666a-

2187 4836 2288 4907 μοῦ
2315 4835 2369 4886 δέ
2397 4833 2645 4896 ἐνταῦθα,
2671 4831 2831 4884 αὐτοῦ
2864 4832 3230 4900 μνημονεύων,
3263 4829 3553 4898 Βαλτάσαρ
3588 4827 3755 4880 αὑτὸν

2136 4985 2142 4994 .
2183 4939 2354 4992 καλεῖτ’
2384 4936 2516 4989 ἀλλὰ
2537 4937 2617 4999 τί;
2656 4934 2800 5000 Ἐγὼ
2841 4930 3078 4996 Δανιὴλ.
3115 4931 3285 5000 Ὅσης
3319 4929 3534 4998 ¹ἠξιώθη
3584 4929 3756 4998 τιμῆς

2182 5041 2211 5090 6
2243 5037 2333 5090 τοῦ
2367 5035 2619 5105 βασιλέως
2648 5033 2788 5096 υίὸς,
2818 5033 3076 5100 τοσαύτης
3119 5032 3212 5083 καὶ
3256 5025 3408 5092 οὗτος
3433 5067 3449 5093 ,
3493 5030 3593 5081 καὶ
3643 5029 3756 5100 πρὸ

2184 5141 2285 5208 τῆς
2338 5137 2527 5201 πείρας
2576 5133 2745 5196 ἔδοξεν
2783 5127 2918 5184 εῖναι
2952 5129 3255 5199 θαυμαστὸς
3306 5131 3400 5182 ἀπ’
3445 5128 3623 5197 αὐτῆς
3652 5129 3756 5199 τῆς

2182 5244 2379 5312 ὅψεως,
2424 5238 2496 5290 Οὐ
2532 5236 2722 5305 μὴντῇ
2753 5233 2954 5286 ἐκείνου
3005 5233 3261 5301 δυνάμει,
3315 5229 3480 5298 φησί,
3535 5231 3754 5298 ἔλεγεν,

2184 5345 2320 5398 ἀλλὰ
2345 5341 2577 5406 πνεῦμα
2605 5335 2749 5389 Θεοῦ
2781 5336 2948 5403 ἅγιον
2986 5331 3146 5401 εἶχεν
3175 5333 3245 5385 ἐν
3268 5329 3483 5395 ἐαυτῷ.
3513 5332 3753 5403 Πνεῦμα

2182 5453 2304 5521 οὐχὶ
2336 5448 2515 5511 τοῦτο,
2541 5446 2569 5498 δ
2599 5445 2820 5512 λέγομεν
2858 5444 3016 5512 ἡμεῖς
3066 5441 3158 5492 τὸν
3198 5440 3584 5511 Παράκλητον,
3633 5443 3757 5496 ἀλλ’

2182 5561 2257 5619 ὡς
2289 5556 2353 5609 ἂν
2381 5557 2521 5606 εἴποι
2560 5568 2642 5613 τις
2687 5549 2962 5601 ἐπίπνοιαν
2984 5587 2999 5611 ,
3043 5546 3223 5607 ἔνθους
3270 5540 3358 5614 ἦν.
3394 5548 3758 5615 Βαλτάσαρ,

2190 5661 2373 5729 φησὶν,
2403 5661 2433 5711 ό
2464 5657 2656 5725 ἄρχων
2703 5654 2819 5707 τῶν
2861 5649 3160 5704 ἐπασιδῶν.
3194 5649 3414 5718 Πρῶτος
3449 5654 3638 5707 αὐτῶν
3661 5649 3760 5725 ἦν,
