4032 6220
249 382 361 433 213

246 494 375 540 mea,
409 488 452 531 et
481 477 663 545 ﬂorens
690 477 741 531 in
766 479 890 532 solio
917 492 1043 545 meo,
1080 487 1125 531 et
1156 480 1353 549 pinguis
1379 480 1431 533 in
1457 477 1644 547 populo
1667 491 1797 529 meo.

243 568 349 622 Cur
380 569 451 621 ita
480 568 578 623 hoc
595 568 823 637 scripsit,
845 579 898 624 et
922 585 1026 623 non
1052 569 1261 638 scripsit
1286 588 1299 623 ε
1323 568 1801 624 Nabuchodonosor

244 665 356 709 erat
380 655 649 710 abundans
679 676 691 709 :
722 657 814 711 sed
840 657 988 725 quasi
1016 673 1081 712 ex
1121 674 1343 726 persona
1373 657 1550 712 illius?
1576 657 1700 709 Mihi
1722 657 1800 709 vi-

243 742 435 797 dentur
458 744 571 799 hac
592 746 747 800 verba
770 748 929 815 ipsius
944 746 1473 802 Nabuchodonosoris
1497 761 1632 802 esse.
1651 747 1801 800 Post-

240 850 399 902 quam
426 837 564 890 eniin
594 851 623 889 a
655 837 875 904 pristino
902 852 1085 891 errore
1110 838 1395 906 collegerat
1418 852 1492 901 se,
1519 838 1571 889 in
1592 836 1798 905 publica

233 927 360 977 acta
398 940 490 979 eas
512 926 686 979 literas
713 928 962 981 retulerat
987 927 1143 983 forte.
1171 930 1339 997 Ipsam
1368 929 1523 997 igitur
1547 929 1799 983 constitu-

242 1012 463 1078 tionem,
495 1024 550 1068 ut
575 1016 677 1070 (ide
702 1016 890 1085 dignus
917 1017 1005 1081 sit,
1043 1016 1257 1071 adducit
1288 1019 1488 1071 Daniel.
1532 1018 1662 1071 Nam
1701 1018 1797 1070 ho-

242 1102 444 1156 niinum
473 1114 672 1159 natura:
699 1106 810 1174 ipse
847 1108 934 1175 qui
973 1121 1158 1175 passus
1184 1117 1266 1161 est
1294 1109 1544 1177 loquitur.
1576 1108 1641 1161 Et
1671 1107 1797 1161 mihi

242 1194 417 1258 aspice
451 1203 697 1262 quantum
726 1194 1100 1250 documentum
1135 1198 1204 1250 sit
1245 1197 1497 1251 adversus
1521 1198 1795 1264 superbos.

241 1284 283 1333 Α
311 1283 558 1351 superbia
586 1285 724 1338 enim
756 1300 939 1353 passus
967 1294 1050 1340 est
1088 1301 1431 1354 quaecumque
1458 1300 1640 1354 passus
1664 1295 1743 1339 est
1778 1303 1792 1339 :

238 1379 294 1423 et
322 1373 553 1427 ostendit
580 1390 789 1428 causam
817 1376 1097 1443 superbiai,
1130 1387 1238 1430 tum
1266 1392 1295 1429 a
1331 1376 1435 1430 fine
1453 1418 1470 1441 ,
1498 1386 1605 1431 tum
1631 1377 1698 1431 ab
1720 1377 1797 1430 in-

241 1460 335 1515 itio
364 1479 377 1515 :
408 1463 458 1516 in
490 1463 591 1518 ﬁne
614 1464 821 1532 quidem
850 1465 1053 1529 dicens,
1079 1465 1327 1530 Quoniam
1355 1482 1523 1519 omnes
1561 1466 1798 1536 superbos

243 1562 400 1621 potest
446 1555 707 1608 humiliore
750 1556 819 1625 (υ.
863 1554 990 1622 3t);
1038 1557 1089 1608 in
1132 1557 1388 1626 principio
1423 1565 1599 1611 autem
1638 1566 1691 1611 et
1733 1557 1797 1611 ab

239 1642 467 1696 exordiis
504 1657 717 1696 causam
761 1645 1022 1712 superbia:
1057 1645 1271 1699 docens.
1324 1646 1398 1701 Ibi
1440 1646 1632 1700 etenim
1675 1661 1795 1700 eum

238 1730 356 1784 ideo
394 1731 553 1785 fuisse
592 1731 920 1786 humiliatum
965 1734 1196 1789 declarat
1236 1752 1249 1789 :
1288 1736 1373 1789 hic
1416 1750 1543 1791 vero
1593 1750 1694 1805 qua
1731 1736 1797 1790 de

237 1833 393 1872 causa
422 1822 676 1889 superbus
721 1823 968 1888 evaserit,
1019 1819 1208 1892 nempe
1236 1840 1300 1879 ex
1343 1839 1408 1879 eo
1448 1825 1587 1893 quod
1630 1826 1795 1879 multa

237 1909 498 1969 frueretur
526 1912 808 1977 felicitate;
847 1916 924 1968 sic
950 1922 1003 1968 et
1036 1914 1197 1969 David
1234 1916 1362 1969 dicit
1407 1935 1420 1968 :
1460 1915 1585 1969 Ideo
1609 1932 1691 1969 eos
1717 1926 1791 1971 te-

236 2000 342 2052 nuit
386 2003 615 2069 superbia
641 2001 807 2072 (Psal.
837 2004 921 2056 72.
956 2004 1013 2069 6)
1043 2020 1056 2055 :
1090 2005 1159 2057 ita
1198 2004 1380 2058 et.hic
1418 2005 1613 2059 multas
1650 2007 1794 2073 ponit

235 2092 631 2159 prOSperilates.
683 2093 739 2146 In
784 2094 1039 2161 principio
1085 2094 1159 2147 ait
1204 2094 1520 2148 :Abundans
1562 2111 1698 2147 eram
1742 2096 1793 2147 in

233 2178 382 2230 domo
408 2195 535 2244 mea,
562 2189 607 2231 et
632 2181 817 2248 ﬂorens
842 2181 893 2233 in
920 2182 1046 2234 salio
1074 2198 1198 2245 meo,
1233 2192 1277 2233 et
1307 2183 1505 2251 pinguis
1530 2184 1580 2234 in
1608 2184 1793 2251 populo

233 2282 360 2319 meo.
390 2265 503 2320 Non
526 2268 664 2321 enim
693 2267 804 2322 fieri
833 2278 1004 2337 potest
1028 2279 1085 2323 ut
1113 2271 1288 2324 omnia
1317 2270 1451 2324 bona
1488 2271 1642 2324 simul
1668 2285 1794 2325 con-

235 2365 467 2409 currant.
514 2356 777 2427 Contingit
816 2359 865 2412 in
900 2360 1119 2429 imperio
1147 2360 1357 2430 quidem
1402 2375 1520 2416 esse
1561 2360 1790 2428 felicem,

231 2445 372 2499 domi
401 2460 527 2501 vero
554 2447 831 2515 infelicem,
856 2452 1296 2518 quemadmodum
1326 2454 1580 2520 Herodes,
1607 2470 1790 2524 quem-

231 2535 513 2590 admodum
537 2538 696 2592 David
719 2556 731 2589 :
756 2541 945 2594 accidit
962 2557 1147 2596 rursus
1162 2552 1364 2607 contra,
1393 2546 1445 2597 in
1465 2545 1656 2613 populo
1676 2546 1793 2615 qui-

229 2623 351 2679 dem
383 2624 638 2680 infelicem
660 2641 807 2693 esse;
830 2644 856 2680 a
879 2629 1038 2683 domo
1063 2639 1236 2685 autem
1263 2632 1391 2685 nihil
1415 2647 1573 2701 grave
1592 2647 1654 2686 ac
1677 2649 1791 2687 mo-

228 2714 424 2769 lestum
442 2717 700 2772 sustinere
725 2735 737 2770 :
764 2720 875 2773 ﬁeri
893 2722 1050 2775 etiam
1075 2734 1246 2791 potest
1269 2733 1323 2777 ut
1348 2726 1398 2778 in
1420 2724 1549 2779 urbe
1575 2740 1671 2793 pax
1693 2727 1788 2789 sit;

224 2815 283 2860 at
310 2821 523 2874 regnum
554 2810 857 2864 tumultibus
895 2814 1176 2879 quatiatur.
1222 2814 1413 2868 Verum
1454 2818 1537 2869 isti
1586 2817 1789 2870 felicem

229 2894 459 2963 undique
484 2910 601 2951 esse
628 2899 843 2967 contigit
872 2917 885 2951 :
910 2901 1039 2954 nihil
1056 2911 1171 2955 erat
1190 2903 1329 2971 quod
1359 2904 1524 2973 ipsum
1547 2906 1786 2960 molestia

223 2983 479 3039 afficeret.
509 2985 668 3041 Vides
687 2999 937 3055 quantum
966 2992 1159 3044 malum
1183 2994 1251 3046 sit
1278 2996 1478 3047 vacatio
1501 3009 1565 3047 ac
1592 2996 1789 3049 securi-

228 3074 345 3127 tas‘l
362 3074 511 3128 Sicut
535 3078 674 3130 enim
696 3078 748 3130 in
768 3080 1096 3147 corporibus,
1120 3096 1236 3135 cum
1264 3100 1366 3136 non
1389 3100 1452 3137 ex
1474 3086 1788 3139 necessitate

226 3162 560 3232 fatigationes
575 3174 627 3218 et
648 3168 1016 3235 occupationes
1037 3171 1410 3238 suscipiuntur,
1437 3172 1501 3225 de
1532 3172 1782 3226 industria

225 3252 476 3320 quasdam
508 3255 856 3322 aggredimur,
890 3257 955 3310 ad
982 3261 1218 3328 corporis
1240 3262 1551 3316 exercitium
1580 3280 1594 3316 :
1635 3264 1703 3317 ita
1732 3274 1785 3318 et

225 3343 367 3397 Deus
387 3342 559 3399 facere
579 3346 735 3411 solet,
752 3356 811 3400 ut
830 3348 969 3402 vires
995 3349 1183 3403 nimias
1200 3350 1364 3404 tollat.
1382 3351 1435 3403 2.
1457 3370 1476 3402 ι
1510 3352 1782 3407 Somnium

225 3431 354 3497 vidi,
381 3442 435 3488 et
462 3437 748 3503 perterruit
773 3452 876 3501 me,
898 3446 952 3492 et
981 3440 1219 3494 turbatus
1243 3458 1357 3495 sum
1389 3442 1441 3496 in
1464 3444 1620 3498 cubili
1642 3460 1779 3512 meo,

222 3530 276 3576 et
303 3522 531 3577 visiones
560 3527 747 3595 capitis
768 3529 870 3581 mei
899 3530 1346 3584 conturbaverunt
1377 3547 1482 3585 me.
1509 3534 1561 3586 5.
1598 3534 1659 3587 Ει
1687 3549 1779 3602 per

221 3626 309 3665 me
364 3614 686 3681 propositum
727 3625 810 3669 est
846 3617 1143 3683 decretum,
1172 3631 1237 3673 ut.
1274 3621 1670 3677 introducerent
1722 3625 1775 3677 in

214 3710 507 3769 conspectu
536 3718 655 3757 meo
695 3719 880 3760 omnes
917 3709 1186 3776 sapientes
1227 3709 1533 3781 Babylonis,
1561 3721 1618 3766 ut
1646 3728 1776 3767 con-

219 3788 476 3845 iecturam
526 3795 714 3847 somnii
769 3796 1061 3869 indicarent
1101 3798 1249 3852 mihi.
1288 3820 1309 3851 ι
1342 3801 1471 3856 Vide
1514 3803 1779 3871 quomodo

216 3880 366 3934 illum
390 3886 736 3952 comprimere
760 3886 890 3952 vult,
926 3903 1027 3940 non
1059 3904 1232 3943 rerum
1262 3894 1655 3959 experimento,
1684 3894 1775 3948 sed

218 3971 515 4027 futurorum
564 3976 937 4044 praedictione;
976 3987 1031 4032 et
1081 3983 1345 4048 quomodo
1386 3985 1618 4039 terribile
1664 3994 1777 4039 erat

216 4063 504 4116 somnium.
550 4062 655 4117 Cur
706 4065 863 4133 igitur
910 4083 1049 4120 nunc
1095 4084 1302 4138 quoque
1355 4088 1457 4124 non
1509 4073 1776 4140 obstupuit

212 4151 439 4216 spiritus
465 4151 599 4218 ejus,
638 4168 732 4205 nec
786 4154 979 4206 somnii
1028 4156 1220 4210 oblitus
1252 4168 1353 4224 est,
1406 4160 1539 4213 sicut
1574 4163 1774 4215 antea?

212 4238 351 4303 Quia
379 4240 581 4295 scilicet
607 4257 726 4297 cum
756 4243 937 4297 Daniel
969 4246 1116 4312 prius
1145 4247 1414 4303 sufﬁciens
1441 4252 1774 4319 experimen-

212 4338 330 4381 tum
359 4328 605 4393 dedisset,
637 4331 877 4387 videlicet
904 4334 958 4387 in
988 4336 1195 4388 somnio
1221 4338 1359 4404 quod
1382 4350 1767 4408 praecesserat,

209 4432 323 4469 non
355 4426 470 4471 erat
510 4418 757 4488 deinceps
787 4437 1006 4479 necesse
1047 4427 1334 4481 secundam
1373 4430 1609 4485 adhiberi
1652 4448 1772 4499 pro-

209 4504 501 4560 bationem.
528 4508 710 4562 Omnia
755 4513 947 4581 quippe
994 4516 1133 4569 Deus
1186 4519 1515 4572 necessitatis
1563 4522 1766 4588 gratia,

210 4609 323 4647 non
371 4600 751 4664 ostentationis,
797 4612 1067 4669 operatur.
1121 4605 1364 4675 Alioquin
1407 4618 1581 4661 autem
1616 4619 1668 4662 ct
1718 4610 1768 4664 id

208 4684 271 4737 fit
300 4684 368 4737 ad
403 4686 785 4755 redarguendos
812 4705 1013 4759 magos.
1046 4691 1175 4745 Nam
1222 4710 1286 4747 ne
1330 4698 1516 4750 iterum
1546 4698 1722 4752 dicant
1751 4717 1764 4753 :

209 4772 453 4843 Proferat
480 4791 567 4828 rea:
591 4780 835 4831 somniant
860 4820 873 4842 ,
901 4789 950 4832 et
988 4781 1126 4834 illius
1154 4784 1485 4851 conjecturam
1516 4789 1767 4840 renuntia-

206 4864 374 4916 bimus
427 4880 518 4917 nos
545 4865 697 4933 (Dan.
734 4868 787 4921 2.
816 4870 868 4937 7)
898 4888 910 4924 :
938 4882 1231 4939 arguuntur
1275 4888 1378 4927 non
1434 4875 1602 4928 solum
1640 4877 1764 4931 illud

204 4969 313 5007 non
341 4967 513 5022 posse,
542 4955 635 5009 sed
670 4972 840 5025 neque
864 4958 984 5013 hoc.
1011 4960 1304 5031 Nequibant
1329 4965 1503 5018 dicere
1530 4966 1721 5019 iterum
1747 4986 1759 5021 :

208 5060 225 5093 ι
255 5042 506 5107 Verbum,
526 5044 664 5111 quod
688 5060 777 5099 rex
802 5046 1107 5118 interrogat,
1136 5067 1293 5120 grave
1323 5062 1404 5106 est
1430 5072 1441 5106 :
1471 5062 1523 5107 et
1553 5069 1655 5108 non
1684 5064 1765 5122 est

202 5134 397 5198 homo,
425 5135 513 5203 qui
558 5135 723 5203 possit
758 5135 1049 5203 diiudicare
1100 5140 1244 5205 illud,
1276 5143 1373 5195 nisi
1406 5142 1512 5209 dii,
1541 5158 1760 5211 quorum

202 5240 309 5277 non
334 5233 415 5278 est
434 5224 687 5279 habitatio
708 5240 828 5279 cum
856 5228 999 5279 omni
1024 5243 1183 5283 carne
1204 5250 1222 5280 ι
1252 5230 1410 5300 (Ibid.
1436 5248 1480 5284 υ.
1502 5232 1608 5301 ll).
1638 5232 1761 5286 Inde

195 5313 391 5367 ἀιιιὶεἰι
425 5328 596 5381 neque
626 5315 798 5381 priora
843 5330 908 5369 ex
948 5315 1037 5369 illa
1063 5320 1258 5386 vulgari
1285 5320 1537 5387 sapientia
1568 5321 1759 5375 Danie—

201 5405 306 5458 lem
340 5404 643 5472 protulisse.
676 5404 861 5457 Didicit
888 5405 1165 5459 Chaldaeos
1194 5423 1362 5476 neque
1404 5409 1759 5477 superioribus

200 5494 533 5562 temporibus
557 5496 835 5563 quidquam
859 5498 969 5549 sani
989 5497 1216 5551 dixisse:
1240 5501 1374 5552 sicut
1404 5500 1626 5568 ipsemet
1647 5502 1718 5552 ait
1742 5518 1754 5552 :

201 5593 254 5634 at
284 5584 459 5637 nullus
487 5593 601 5638 erat
622 5585 710 5651 qui
742 5586 862 5639 illos
891 5586 1320 5653 reprehenderet.
1340 5587 1471 5641 Cum
1499 5597 1671 5642 autem
1694 5588 1757 5642 ad

199 5687 295 5727 eos
318 5676 463 5729 venit
485 5689 547 5729 cx
571 5674 748 5731 Judma
776 5676 1176 5743 demonstratio,
1203 5679 1383 5733 Daniel
1406 5695 1615 5749 nempe,
1648 5695 1750 5735 non

1601 363 1667 420 IN
1706 360 2069 419 DANIELEM.

3344 392 3454 447 214

1905 474 2131 542 amplius
2171 474 2365 530 audent
2411 491 2475 531 ne
2501 478 2710 547 quidem
2758 480 2971 550 fingere.
3006 481 3165 550 igitur
3194 497 3296 537 non
3342 488 3457 537 sine

1909 563 2232 630 providentia
2264 581 2443 619 rursus
2469 567 2540 620 illi
2574 579 2843 621 vocantur.
2875 570 3078 624 Etenim
3113 570 3455 630 admiratione

1905 650 2117 721 dignum
2148 661 2246 717 est,
2279 668 2435 722 quam
2464 654 2531 706 ob
2574 671 2682 709 rem
2730 673 2821 710 rex
2871 672 2987 711 cum
3022 660 3073 712 in
3103 661 3255 714 tantis
3300 662 3456 716 rebus

1905 743 2317 809 experimentum
2354 750 2582 812 cepisset
2627 750 2916 816 potestatis,
2948 765 3046 818 qua
3076 752 3299 819 pollebat
3347 754 3453 807 Da-

1906 830 2036 893 niel,
2069 847 2169 884 non
2202 844 2373 885 tamen
2405 836 2630 901 primum
2664 851 2783 888 eum
2808 839 3032 892 vocavit.
3064 840 3287 907 lpsemet
3311 845 3453 897 enim

1907 916 2046 970 Deus
2072 919 2120 971 id
2149 920 2359 972 molitus
2380 931 2479 984 est,
2501 930 2554 974 ut
2576 934 2694 988 post
2721 936 2990 992 magorum
3010 926 3210 981 cladem
3234 930 3452 984 victoria

1905 1017 2197 1074 appareret.
2229 1006 2505 1061 Perterruit
2545 1027 2639 1073 me,
2672 1012 2838 1079 inquit
2872 1031 2884 1065 :
2918 1024 2972 1067 et
3014 1031 3181 1085 neque
3228 1017 3303 1070 sic
3340 1034 3454 1073 me-

1905 1096 2005 1148 lior
2038 1096 2239 1160 evasit;
2275 1099 2368 1151 sed
2419 1100 2581 1152 voluit
2629 1101 2919 1169 periculum
2966 1103 3157 1158 facere.
3207 1106 3276 1158 lta
3315 1106 3455 1161 Deus

1903 1186 2129 1256 undique
2157 1186 2335 1241 insons
2365 1198 2439 1243 est
2467 1188 2564 1260 (a).
2588 1192 2640 1244 4.
2676 1209 2693 1241 ι
2726 1192 2793 1244 Et
2818 1193 3244 1260 ingrediebantur
3273 1196 3453 1249 incan-

1905 1284 2131 1341 tatorcs,
2163 1278 2333 1347 magi,
2366 1279 2641 1345 Gazareni,
2674 1280 2903 1335 Chaldiei
2931 1300 2943 1335 :
2978 1292 3031 1337 et
3056 1284 3313 1338 somnium
3345 1286 3453 1341 dixi

1906 1364 1955 1417 in
1983 1376 2265 1433 conspectu
2304 1381 2484 1420 eorum
2518 1385 2530 1420 :
2560 1379 2613 1424 et
2639 1370 2995 1438 conjecturam
3030 1372 3145 1441 ejus
3184 1388 3287 1428 non
3315 1375 3453 1428 indi-

1906 1464 2157 1507 caverunt
2198 1456 2345 1519 mihi,
2372 1457 2424 1510 5.
2454 1457 2620 1512 donec
2646 1459 2779 1512 alius
2809 1461 3071 1528 ingressus
3099 1472 3179 1517 est
3200 1502 3213 1525 ,
3247 1464 3447 1530 Daniel,

1903 1541 1958 1595 in
1984 1555 2267 1611 conspectu
2301 1560 2419 1599 meo
2440 1586 2455 1610 ,
2486 1546 2635 1614 cujus
2659 1562 2847 1601 nomen
2881 1550 3113 1605 Baltasar
3131 1592 3144 1615 ,
3168 1555 3452 1609 secundum

1902 1646 2092 1686 nomen
2132 1632 2215 1688 dei
2260 1635 2494 1704 mei,qui
2532 1636 2769 1703 spiritum
2816 1638 2907 1691 Dei
2952 1638 3105 1694 habet
3150 1642 3201 1693 in
3246 1654 3454 1697 semet-

1902 1722 2015 1788 ipso
2039 1740 2051 1773 :
2079 1732 2131 1776 et
2159 1725 2416 1778 somnium
2445 1739 2619 1778 coram
2650 1741 2713 1779 eo
2742 1726 2869 1779 dixi.
2900 1726 3084 1794 Donec,
3115 1730 3297 1800 inquit,
3320 1734 3451 1785 alius

1898 1811 2147 1879 ingressus
2187 1822 2259 1866 est
2301 1814 2353 1866 in
2393 1823 2656 1882 conspectu
2696 1829 2822 1867 meo.
2862 1814 3017 1881 Quasi
3065 1818 3338 1873 immemor
3382 1822 3450 1874 ita

1903 1900 2134 1970 loquitur
2162 1902 2255 1971 (b).
2284 1903 2489 1957 Etenim
2518 1905 2666 1957 multi
2692 1906 2813 1957 anni
2843 1906 3206 1973 pranerierant
3225 1950 3239 1973 ,
3266 1918 3319 1963 et
3343 1911 3449 1963 cito

1901 1991 2210 2046 memoriam
2239 1994 2508 2059 amiserat,
2565 2003 2743 2061 utpote
2794 2001 2871 2047 tot
2910 1997 3050 2048 curis
3094 1998 3356 2062 obsessus,
3396 2008 3449 2053 et

1898 2094 2019 2134 cum
2071 2082 2226 2135 tantis
2280 2082 2486 2136 deliciis
2542 2084 2744 2135 vivens.
2802 2084 2967 2137 Porro
3022 2085 3197 2140 dicere
3254 2088 3448 2154 alium,

1899 2172 2103 2240 signum
2133 2181 2213 2226 est
2244 2188 2363 2226 cum
2393 2172 2541 2225 valde
2585 2173 2720 2225 illius
2752 2173 2971 2227 oblitum
2999 2189 3133 2228 esse.
3167 2175 3451 2231 Secundum

1898 2277 2073 2314 nomen
2096 2301 2108 2324 ,
2143 2263 2327 2330 inquit,
2361 2263 2439 2314 dei
2467 2264 2579 2314 mei.
2604 2265 2686 2315 An
2720 2262 2817 2316 hoc
2846 2263 3021 2317 dicere
3044 2266 3183 2317 vult:
3215 2266 3301 2321 Sic
3328 2284 3448 2323 eum

1899 2354 2148 2406 houoravi
2240 2365 2292 2407 ut
2322 2370 2348 2405 a
2379 2354 2479 2407 deo
2509 2369 2698 2406 nomen
2747 2352 2846 2406 hoc
2878 2355 2947 2408 illi
2996 2355 3312 2411 indiderim?
3338 2360 3450 2414 Mos

1897 2443 2034 2495 enim
2066 2452 2177 2495 crat
2208 2443 2307 2494 illis
2331 2484 2344 2505 ,
2377 2442 2443 2495 de
2472 2442 2690 2494 deorum
2732 2444 2945 2495 nomine
2982 2458 3171 2511 pueros
3199 2460 3321 2501 suos
3352 2462 3446 2501 no-

1897 2533 2100 2585 minare
2133 2549 2145 2582 :
2177 2532 2597 2600 quandoquidem
2631 2543 2682 2586 et
2711 2548 2772 2585 cx
2803 2533 3099 2588 hominibus
3128 2536 3253 2590 deos
3288 2537 3447 2592 facie-

1895 2623 2038 2677 bant.
2075 2624 2159 2677 Sic
2202 2624 2374 2689 Belus,
2398 2625 2473 2677 sic
2516 2632 2568 2677 et
2595 2625 2796 2679 Delatus
2830 2625 2899 2693 (c)
2926 2626 3133 2694 quidam
3165 2629 3301 2695 apud
3346 2644 3442 2684 nos

1894 2714 2186 2782 appellatus
2216 2724 2315 2766 est.
2347 2714 2558 2767 Scilicet
2594 2722 2868 2782 postquam
2908 2715 3171 2777 dwtmnes
3197 2718 3440 2772 viderunt

1894 2816 1954 2855 ea
1989 2804 2188 2856 ratione
2217 2803 2455 2856 homines
2479 2802 2723 2856 honorari
2747 2818 2808 2855 ac
2831 2803 3174 2869 deosvocari,
3194 2815 3245 2860 et
3271 2810 3367 2876 ipsi
3395 2809 3445 2862 id

1892 2893 2123 2946 azmulati
2164 2893 2483 2961 sunt.Cujus
2513 2894 2679 2961 gratia
2708 2894 2799 2959 ait,
2847 2894 3058 2959 Daniel,
3086 2897 3229 2964 cujus
3268 2915 3446 2953 nomen

1893 2981 2171 3035 Baltasar?
2195 2982 2323 3049 Quia
2364 2983 2454 3034 Dei
2482 2984 2722 3035 virtutem
2757 2983 3000 3036 habebat.
3041 2983 3094 3036 ld
3121 2987 3261 3039 enim
3307 2989 3445 3057 apud

1892 3072 2010 3124 illos
2036 3073 2261 3124 maximo
2293 3071 2476 3123 honori
2507 3081 2638 3122 erat.
2675 3070 2738 3122 Et
2766 3070 3057 3125 sustinebat
3087 3073 3263 3126 Daniel
3294 3089 3351 3129 se
3378 3075 3443 3127 ab

1890 3162 1994 3215 illis
2018 3177 2080 3217 eo
2108 3163 2317 3215 nomine
2340 3162 2575 3230 insigniri
2618 3178 2633 3214 :
2673 3176 2928 3228 nusquam
2970 3172 3147 3215 autem
3175 3162 3288 3229 hic,
3318 3166 3441 3219 dum

1889 3255 1968 3306 sui
2016 3254 2332 3307 mentionem
2383 3252 2543 3317 facit,
2589 3252 2905 3305 Baltasarem
2972 3254 3201 3321 seipsum
3268 3258 3441 3310 nomi-

1888 3349 1997 3407 nat,
2026 3341 2117 3393 sed
2148 3340 2271 3408 quid
2295 3341 2317 3392 ’ἒ
2346 3338 2456 3409 Ego
2485 3339 2687 3391 Daniel.
2718 3339 2925 3405 Quanto
2970 3341 3170 3397 honore
3197 3344 3439 3413 dignatus

1887 3442 1966 3485 est
1996 3431 2131 3500 regis
2155 3430 2311 3493 filius,
2340 3438 2483 3483 tanto
2511 3438 2563 3483 et
2598 3430 2695 3482 iste
2719 3446 2734 3481 :
2762 3429 2918 3482 etiam
2949 3440 3070 3484 ante
3092 3434 3427 3498 experimen-

1886 3530 2015 3585 tum,
2040 3536 2103 3574 ex
2137 3521 2251 3588 ipso
2281 3527 2492 3587 aspectu
2522 3520 2662 3570 visus
2679 3526 2759 3571 est
2788 3518 3134 3573 admirabilis.
3161 3521 3265 3575 Nec
3286 3539 3432 3589 vero,

1885 3610 2147 3679 inquit,ex
2180 3610 2316 3661 illius
2338 3608 2526 3661 virtute
2556 3607 2855 3675 proferebat
2874 3622 2933 3661 ea
2957 3622 3071 3676 qua:
3098 3610 3433 3678 loquebatur:

1943 3741 2019 3804 (α)
2043 3738 2372 3804 Pulcherrima
2400 3738 2504 3785 haec
2537 3740 2799 3804 sentcntia_
2822 3737 3076 3804 desumpta
3118 3752 3177 3804 ex
3205 3740 3436 3804 _Platone,

1881 3798 1965 3851 lib'.
1995 3798 2062 3850 ⁷10
2107 3801 2285 3865 Repub.
2310 3800 2538 3865 ,_in_ore
2586 3805 2663 3865 est
2704 3798 2865 3865 multis
2907 3798 3241 3865 ecclesiasticis
3288 3798 3435 3865 magi;

1880 3866 2007 3919 stris,
2032 3858 2213 3909 iustitio
2238 3858 2464 3923 Apologia
2486 3861 2711 3923 secunda,
2737 3858 2884 3923 Clem.
2911 3858 3051 3905 Alex.
3080 3860 3260 3923 Ptedag.
3282 3858 3432 3923 ιὼῖι,

1880 3935 1983 3983 cap.
2007 3923 2036 3969 8
2054 3957 2066 3979 ,
2095 3928 2143 3968 et
2165 3928 2331 3967 Strom.
2362 3920 2380 3965 ι
2408 3952 2421 3975 ,
2448 3927 2496 3983 et
2520 3921 2581 3983 5ἒ
2603 3920 2828 3983 Gregorio
2863 3926 2960 3983 Naz.
3002 3925 3126 3983 Orat.
3145 3920 3210 3983 ᾖ,
3235 3920 3435 3983 Eusebio

1881 3975 1980 4030 tuin
2007 3975 2203 4040 Praepar.
2233 3992 2403 4039 evang.
2447 3977 2527 4024 lib.
2554 3977 2584 4024 6
2604 4015 2616 4035 ,
2642 3975 2771 4034 c.'6,
2810 3985 2908 4026 tum
2943 3980 2992 4025 in
3026 3975 3118 4025 [lue
3144 3977 3248 4028 libri
3272 3990 3434 4033 contra

1879 4040 2160 4089 Hieroclem.

2048 4100 2101 4146 ll]
2122 4105 2300 4155 (προσ,
2327 4098 2399 4154 ing
2424 4103 2464 4147 οὗ
2482 4109 2596 4158 In”;
2610 4137 2621 4153 ,
2645 4124 2740 4160 φῃσι,
2758 4110 2919 4156 eieil."
2945 4112 3085 4148 ἰνὺπιόν
3103 4126 3179 4159 μου.
3203 4104 3250 4157 ἀς
3271 4115 3429 4153 ιπιλιοά.

1878 4158 2091 4220 μινέςόῦτω
2114 4174 2207 4221 ﬁeri.
2234 4160 2441 4221 Legebat
2474 4160 2595 4218 apud
2633 4158 3020 4221 'lbeodotionem,
3055 4158 3167 4219 ῖτίρος
3186 4200 3196 4217 ,
3218 4160 3353 4221 alius,
3381 4172 3431 4212 ut

1880 4219 1929 4284 et
1950 4219 2127 4282 legisse
2151 4219 2496 4284 'I‘heodoretum
2519 4226 2716 4284 constat.
2743 4225 2829 4265 Eos
2852 4220 2978 4284 enim
3004 4221 3115 4267 nihil
3140 4234 3295 4284 moror
3310 4258 3322 4280 ,
3342 4219 3426 4284 qui

1876 4281 1986 4328 dum
2002 4278 2250 4328 'conantur
2289 4281 2579 4333 emendare,
2618 4279 2895 4333 depravant.
2922 4278 2989 4326 Ac
3022 4289 3156 4327 certe
3191 4294 3248 4329 ea
3284 4278 3428 4332 lectio

1878 4342 2070 4411 propius
2091 4341 2272 4388 accedit
2292 4340 2347 4386 ad
2375 4340 2624 4407 veritatem
2648 4337 3122 4444 Chaldaicannoﬂuam
3145 4337 3250 4395 alia,
3276 4353 3425 4403 δκῐρος,

1878 4414 2042 4444 socius.
2071 4400 2217 4444 Mirari
2250 4401 2410 4444 itanue
2433 4407 2546 4444 satis
2564 4412 2656 4444 non
2680 4411 2866 4444 possum
2890 4410 2951 4444 au
3037 4398 3111 4444 hic
3134 4400 3353 4444 observat
3376 4410 3424 4444 Η.

1874 4398 2042 4450 socius.
2071 4400 2217 4448 Mirari
2250 4401 2410 4459 itaque
2433 4400 2546 4445 satis
2564 4412 2656 4445 non
2680 4411 2866 4459 possum
2890 4398 3111 4459 quodbic
3134 4398 3424 4450 oliservat'li.

1874 4464 2197 4522 Hieronymus,
2224 4458 2398 4522 praeter
2422 4465 2524 4503 LXX
2552 4458 2856 4522 translator-es
2876 4495 2887 4512 ,
2912 4458 2991 4517 qui
3015 4458 3116 4505 haec
3133 4462 3284 4508 omnia
3306 4474 3426 4522 prae-

1875 4517 2103 4570 terieraht
2121 4554 2133 4577 ,
2162 4517 2262 4565 tres
2293 4519 2503 4577 reliquos
2539 4517 2763 4579 collegam
2801 4519 3136 4579 interpretatos
3160 4532 3284 4569 esse.
3306 4517 3423 4579 'Quid

1874 4581 2052 4643 igitur?
2075 4591 2133 4625 an
2157 4579 2395 4643 codicibus
2414 4579 2645 4643 corruptis
2667 4578 2889 4643 utebatur
2906 4578 3199 4643 doctissimus
3218 4578 3421 4643 Scriptu-

1872 4634 1940 4689 rae
1978 4638 2253 4698 interpres?
2278 4638 2328 4698 Id
2354 4650 2469 4685 vero
2488 4634 2730 4698 aﬂirmare
2761 4637 2931 4683 durum
2968 4634 3145 4698 fuerit,
3188 4653 3293 4689 cum
3316 4634 3420 4692 'dlci

1872 4708 2016 4761 queat
2042 4696 2148 4761 ideo
2171 4697 2414 4761 Danielem
2435 4709 2463 4744 a
2486 4696 2937 4761 Nabuchodonosoro
2958 4697 3243 4761 appellatum
3276 4701 3420 4751 colle-

1871 4757 1997 4818 gam,
2022 4758 2275 4829 quiaalter
2306 4759 2519 4829 ipsech
2546 4757 2783 4829 secundus
2805 4768 2832 4802 a
2855 4770 2977 4818 rege
2992 4766 3149 4826 esset.
3175 4760 3330 4822 Atque
3355 4765 3419 4811 ita

1872 4815 2052 4879 éxponi
2071 4826 2227 4878 potest
2259 4815 2346 4865 vox
2372 4822 2518 4894 imis
2540 4856 2553 4880 ,
2582 4823 2632 4863 et
2654 4823 2698 4863 s.
2726 4815 3283 4878 Hieronymtisacensur'a
3300 4829 3416 4872 Dru-

1870 4913 1926 4959 sii
1952 4911 2490 4967 vindicari.Quamquam
2513 4913 2672 4954 autem
2690 4905 2757 4967 de
2771 4918 2905 4963 voce,
2919 4906 3157 4967 magmic
3173 4908 3416 4962 disserere

1871 4980 2006 5020 extra
2029 4982 2132 5017 rem
2155 4965 2263 5017 esse
2289 4965 2519 5023 videatur,
2546 4965 2751 5027 monebo
2774 4973 2949 5027 tamen,
2977 4965 3098 5013 illius
3120 4968 3414 5027 ignoratione

1868 5030 2040 5079 factum
2065 5041 2200 5087 esse,
2227 5036 2279 5076 ut
2322 5028 2660 5075 disertissimus
2683 5026 2753 5073 vir
2775 5024 3007 5087 Antonius
3032 5024 3233 5076 Muretus
3254 5030 3301 5077 in
3324 5030 3415 5079 Va-

1868 5094 2043 5140 riarum
2064 5085 2320 5151 lectionum
2344 5088 2424 5151 lib.
2442 5087 2472 5151 _l
2500 5121 2513 5143 ,
2537 5100 2639 5145 cap.
2668 5087 2687 5151 l_
2713 5123 2725 5139 .
2752 5085 2943 5151 tertium
2968 5085 3221 5151 Isocratem
3245 5102 3414 5151 magno

1870 5162 2035 5199 errore
2069 5149 2368 5209 procuderet.
2395 5144 2605 5211 Aderam
2626 5146 2765 5191 etiam
2805 5144 2957 5211 locum
2995 5147 3207 5211 Origeuis
3225 5182 3239 5207 ,
3266 5144 3413 5211 Heini-

1867 5210 1929 5257 lia
1955 5210 2026 5275 l8_
2048 5203 2097 5275 iii
2140 5217 2365 5275 Numeros
2388 5219 2399 5252 :
2428 5204 2698 5275 Ifelegamus
2719 5215 2903 5271 eaque:
2934 5203 3202 5275 inﬂa—itide

1866 5277 1971 5319 sunt
1995 5269 2054 5318 de
2077 5265 2391 5332 ipso‘pam'ele
2414 5265 2628 5332 attribus
2649 5265 2815 5312 annois
2837 5266 2954 5323 ejus.
2980 5267 3089 5327 Scrii
3104 5275 3233 5315 serat
3251 5265 3411 5330 Orige-

1865 5343 1970 5387 nes,
1999 5328 2158 5387 ίταῑρὸις,
2180 5328 2223 5375 id
2250 5335 2340 5383 est,

1928 5390 1998 5451 (c)
2031 5389 2085 5436 In
2107 5396 2292 5451 Graeco,
2321 5396 2437 5451 οῖιτυς
2462 5395 2481 5431 ὀ
2505 5396 2642 5451 ξςιλος,
2666 5394 2755 5451 ὡς..
2776 5397 2833 5451 nul
2860 5395 2880 5433 ι
2904 5397 3062 5451 orestes.
3084 5390 3409 5451 Magno_cupe-

1864 5445 1988 5507 rein,"
2000 5451 2147 5509 inQuit
2163 5446 2439 5509 εοιθιενὶιιε»
2464 5445 2521 5491 ad
2546 5446 2683 5509 huius
2704 5446 2791 5493 ¹⁰⁰ί
2815 5445 3286 5509 τθβιίίυζίοπῳωίω
3301 5445 3407 5509 -δ³¹’¹

1864 5501 2105 5573 θηῐὶριιιιὶιι
2125 5507 2339 5573 Codicem
2364 5518 2423 5551 ex
2446 5517 2543 5573 quo
2561 5501 2832 5573 istenoster
2850 5506 3115 5573 descriptus
3132 5501 3232 5573 fuit.
3256 5505 3408 5573 Aliter

1866 5562 1992 5617 enini
2015 5571 2090 5615 vix
2115 5581 2167 5615 ac
2189 5580 2251 5614 ne
2275 5567 2351 5613 vix
2379 5562 2571 5624 quidem
2588 5565 2779 5626 gvidetur
2798 5577 2907 5611 esse
2924 5562 3158 5626 sanabilis.
3178 5562 3406 5626 Conjicie-

1863 5630 1988 5686 bam,
2010 5639 2029 5676 ὁ
2049 5634 2256 5691 mmet,
2284 5623 2599 5691 immotum
2626 5632 2913 5691 postremum
2938 5623 3209 5691 vocabulum
3232 5623 3407 5688 legitur

1863 5682 1987 5750 apud
2008 5682 2365 5747 Tertullianum,
2392 5692 2442 5735 et
2463 5685 2511 5733 in
2534 5682 2942 5745 t‘seudosibylliuis
2963 5684 3261 5735 carminibus.
