4032 6220
553 358 666 412 215

545 461 642 517 sed
673 462 921 533 Spiritum
946 462 1044 518 Dei
1077 470 1303 517 sanctum
1333 458 1546 516 habebat
1589 461 1643 515 in
1688 459 1970 527 semetipso.
2015 454 2129 508 Non

549 555 698 609 illum
730 555 982 624 Spiritum
1008 597 1023 622 ,
1051 571 1206 625 quem
1237 570 1336 610 nos
1376 567 1629 608 vocamus
1671 551 1999 606 Paracletum
2024 548 2127 617 (a),

549 644 644 698 sed
677 647 817 700 velut
847 647 890 701 si
920 646 1039 716 quis
1066 645 1261 701 dixerit
1302 646 1701 716 inspirationem
1724 685 1738 709 ,
1769 653 1882 698 erat
1913 640 2132 695 numine

552 735 780 791 afﬂatus.
827 737 881 792 6.
929 737 1197 803 Baltasar,
1230 739 1431 809 inquit,
1460 739 1691 808 princeps
1735 737 2128 790 incantatorum.

555 830 766 884 Primus
797 832 1031 901 ipsorum
1056 842 1202 897 erat,
1236 832 1428 902 inquit.
1468 832 1600 886 Vide
1629 839 1758 900 quot
1804 831 1994 884 indicia
2038 831 2132 884 de—

548 922 755 976 clarent
799 939 922 978 eum
970 925 1181 979 exteris
1235 925 1662 994 praestantiorem
1711 939 1849 978 esse.
1896 923 2132 978 Baltasar

549 1013 779 1081 princeps
793 1013 1184 1079 incantatorum,
1207 1032 1348 1084 quem
1375 1017 1602 1086 cognovi,
1625 1017 1761 1084 quod
1786 1016 2008 1084 Spiritus
2033 1015 2130 1070 Dei

551 1115 754 1159 sanctus
778 1106 829 1159 in
858 1117 925 1161 te.
954 1107 1054 1173 Qui
1095 1108 1302 1174 melior,
1335 1110 1649 1178 cmterisque
1676 1112 1850 1180 potior
1876 1124 1955 1173 es,
1987 1125 2131 1178 quem

554 1212 643 1266 ego
671 1199 898 1268 cognovi.
929 1199 1062 1254 Nam
1097 1216 1164 1255 ne
1195 1203 1388 1255 iterum
1418 1201 1681 1271 redigeret
1706 1217 1827 1256 eum
1855 1203 1920 1256 ad
1947 1219 2134 1258 neces-

554 1288 770 1341 sitatem
793 1288 1041 1343 dicendi:
1062 1291 1128 1344 Et
1154 1308 1245 1362 ego
1269 1303 1434 1345 autem
1454 1309 1554 1346 non
1583 1296 1632 1346 in
1660 1295 1907 1362 sapientia
1934 1309 2046 1365 quae
2073 1296 2132 1364 ﬁt

553 1379 608 1432 in
638 1397 715 1433 me
741 1381 900 1448 (Dan.
935 1382 989 1435 Ξ.
1023 1384 1114 1453 50)
1149 1403 1161 1438 :
1195 1385 1278 1438 his
1308 1386 1482 1440 verbis
1529 1387 1760 1440 maxime
1807 1402 1927 1440 eum
1969 1397 2134 1441 attra-

553 1484 694 1526 etum
720 1474 781 1527 iri
808 1477 1042 1544 speravit
1061 1517 1074 1536 .
1098 1485 1151 1530 et
1179 1476 1231 1530 id
1259 1486 1384 1532 ante
1415 1477 1516 1531 alia
1543 1477 1696 1532 dixit.
1727 1477 1856 1532 Nam
1890 1495 1975 1543 ne,
2001 1495 2129 1547 quo~

553 1564 695 1617 niam
713 1574 762 1619 te
776 1568 953 1622 vocavi
972 1568 1260 1639 principem
1281 1570 1691 1628 incantatorum.
1710 1571 1986 1625 existimes
2014 1570 2132 1625 ideo

556 1668 642 1708 me
669 1653 887 1723 dixisse,
923 1659 1072 1727 quasi
1101 1668 1326 1713 testarer
1357 1660 1456 1713 ista
1490 1675 1582 1728 per
1606 1660 1890 1714 humanam
1924 1661 2134 1730 sapien-

554 1745 682 1800 tiam
707 1750 989 1804 enarrari:
1033 1752 1280 1821 princeps
1333 1752 1542 1822 quidem
1589 1767 1647 1807 es
1700 1753 2130 1819 incantatornm;

556 1839 678 1893 novi
701 1851 880 1895 autem
916 1856 966 1897 te
1002 1861 1027 1896 a
1055 1845 1235 1898 divina
1268 1845 1317 1899 vi
1347 1855 1572 1910 motum,
1601 1846 1780 1900 omnia
1808 1846 1989 1901 dicere
2019 1864 2032 1900 :
2063 1862 2128 1901 ex

555 1942 734 1983 rerum
769 1934 1097 2001 experientia
1133 1937 1378 2006 cognovi.
1409 1936 1475 1990 Et
1498 1954 1645 1990 omne
1680 1938 2007 2007 mysterium,
2048 1937 2132 1991 iu-

556 2022 695 2090 quit,
725 2040 825 2077 non
867 2035 938 2078 est
985 2028 1293 2097 impossibile
1341 2028 1447 2084 tibi.
1493 2029 1804 2098 H'ujusmodi
1838 2031 1977 2084 enim
2009 2041 2135 2085 sunt

562 2125 652 2164 res
677 2113 895 2168 divime.
941 2116 1197 2172 Humana:
1227 2119 1424 2188 quippe
1460 2136 1547 2176 res
1593 2122 1915 2189 imperfectae
1967 2133 2131 2177 sunt:

564 2199 658 2254 Dei
686 2212 862 2258 autem
893 2221 996 2259 non
1040 2207 1189 2261 item.
1224 2227 1244 2262 ι
1281 2211 1420 2264 Audi
1460 2213 1620 2282 igitur
1647 2214 1904 2268 visionem
1941 2215 2134 2269 somnii

556 2291 684 2355 mei,
715 2294 859 2361 quod
913 2298 1047 2361 vidi,
1091 2307 1146 2352 et
1194 2301 1557 2369 conjecturam
1601 2305 1718 2373 ejus
1765 2305 1850 2358 dic
1903 2304 2053 2369 mihi,
2082 2314 2136 2360 ct

555 2385 791 2443 visiones
828 2391 1016 2460 capitis
1044 2395 1145 2448 mei
1181 2395 1230 2447 iu
1260 2395 1421 2449 cubili
1454 2412 1594 2450 meo.
1622 2416 1640 2449 ι
1677 2399 1810 2465 Quid
1838 2401 1996 2468 igitur
2026 2402 2132 2456 ait:

558 2474 612 2529 7.
644 2494 663 2528 ι
697 2478 974 2548 Videbam,
1007 2492 1062 2538 et
1090 2500 1214 2540 ecce
1239 2488 1400 2542 arbor
1440 2489 1492 2543 in
1525 2491 1702 2544 medio
1731 2501 1905 2558 terrm,
1931 2502 1984 2546 et
2014 2494 2136 2546 alti-

558 2571 688 2627 tudo
705 2574 821 2642 ejus
845 2579 1007 2631 multa
1036 2577 1129 2650 (b).
1157 2581 1209 2634 8.
1231 2581 1559 2652 Magniﬁcata
1588 2595 1671 2640 est
1699 2586 1875 2651 arbor,
1914 2596 1969 2642 et
1991 2590 2142 2643 invao

559 2665 680 2734 luit,
707 2676 761 2721 et
797 2670 1021 2726 altitudo
1078 2671 1193 2740 ejus
1241 2677 1479 2741 pervenit
1511 2691 1676 2747 usque
1714 2677 1779 2732 ad
1827 2678 2015 2734 ert-lum
2041 2724 2055 2746 ,
2086 2692 2140 2738 et

561 2762 730 2816 moles
761 2763 875 2831 ejus
903 2764 966 2817 ad
998 2765 1255 2820 terminos
1296 2767 1562 2823 universae
1607 2781 1794 2835 terrm,
1826 2771 1878 2825 9.
1911 2781 1966 2827 et
2013 2775 2138 2829 folia

563 2853 681 2922 ejus
711 2856 957 2922 pulchra,
982 2866 1038 2911 et
1073 2858 1277 2912 fructus
1307 2859 1424 2927 ejus
1469 2863 1690 2926 multus,
1724 2871 1778 2915 ct
1815 2862 1966 2917 cibus
2018 2866 2139 2918 uni-

564 2960 843 3000 versorum
871 2948 924 3001 in
947 2963 1030 3011 ea,
1060 2959 1112 3003 et
1141 2949 1324 3003 subter
1352 2965 1470 3004 eam
1499 2952 1681 3006 bestiae
1709 2964 1949 3022 agrestes
1970 2955 2137 3028 dege-

556 3032 718 3100 bant,
764 3037 906 3090 etin
951 3039 1115 3092 ramis
1165 3039 1281 3108 ejus
1325 3039 1636 3096 habitabant
1680 3059 1808 3099 aves
1852 3046 1969 3100 οπεΙί
2020 3064 2134 3102 :ex

567 3138 629 3176 ea
658 3126 972 3182 vescebatur
997 3131 1174 3184 omnis
1199 3146 1345 3185 caro.
1369 3150 1389 3184 ι
1415 3133 1548 3198 Quid
1580 3135 1679 3189 sibi
1705 3137 1819 3190 vult
1839 3137 2011 3191 visio?
2038 3139 2143 3194 ite-

565 3230 683 3270 rum
711 3221 1033 3288 temporaria
1064 3237 1241 3276 rerum
1275 3223 1628 3280 humanarum
1666 3228 1903 3283 conditio
1950 3239 2136 3287 osten-

564 3306 728 3362 ditur.
751 3309 807 3363 ln
837 3324 929 3373 ea,
965 3312 1154 3382 inquit,
1182 3314 1427 3368 volucres
1455 3325 1510 3369 et
1549 3316 1734 3371 bestia:
1764 3320 1948 3374 umbra
1989 3321 2138 3376 frue-

566 3397 784 3463 bantur,
819 3410 873 3456 et
903 3402 1253 3470 habitabant;
1280 3415 1330 3459 et
1361 3407 1488 3474 ipsis
1513 3422 1635 3461 esca
1663 3407 1783 3464 inde
1807 3420 1941 3464 erat.
1971 3410 2140 3481 impe-

563 3489 703 3544 rium
735 3492 876 3546 illius
905 3492 1064 3560 dicit,
1098 3497 1240 3564 quod
1289 3498 1598 3552 universum
1643 3508 1901 3555 terrarum
1953 3503 2140 3558 orbem

563 3581 859 3638 obtinebat.
886 3584 1040 3640 Prius
1070 3587 1248 3657 itaque
1274 3604 1368 3657 per
1397 3591 1702 3660 imaginem,
1735 3607 1875 3648 nunc
1896 3609 2023 3649 vero
2045 3611 2142 3665 per

561 3671 808 3729 arborem
833 3677 934 3744 ipsi
965 3678 1138 3733 iutura
1165 3680 1538 3736 ostenduntur.
1567 3683 1676 3737 Cur
1704 3686 1846 3738 enim
1875 3701 1982 3740 non
2013 3689 2140 3742 mis-

562 3774 656 3814 sus
676 3773 758 3817 est
785 3764 991 3833 Daniel,
1020 3770 1110 3836 qui
1139 3769 1252 3824 inec
1279 3771 1522 3826 diceret?
1543 3773 1676 3840 Quia
1702 3775 1778 3830 sic
1806 3776 1906 3830 [ide
1927 3776 2141 3847 dignior

564 3852 773 3908 t‘uturus
803 3866 918 3910 erat
950 3872 1147 3924 sermo,
1178 3870 1232 3914 et
1263 3863 1585 3929 terribilior,
1617 3866 1777 3921 rebus
1806 3877 1930 3923 ante
1957 3872 2141 3924 oculos

563 3945 829 4014 adductis,
855 3959 914 4004 ut
964 3953 1228 4023 intelligas
1258 3970 1379 4011 eum
1406 3999 1421 4022 ,
1451 3959 1540 4027 qui
1589 3960 1783 4028 plantis
1828 3962 1920 4017 dat
1963 3966 2142 4019 incre-

563 4049 824 4106 mentum,
859 4058 1076 4112 regnum
1109 4046 1336 4101 latenter
1370 4063 1434 4103 ac
1464 4066 1569 4103 non
1596 4052 1954 4107 sentientibus
1987 4057 2139 4112 nobis

563 4129 852 4200 adaugere.
885 4135 972 4189 10.
1005 4153 1024 4185 ‹
1055 4136 1305 4192 Videbam
1349 4139 1403 4193 in
1424 4142 1629 4197 visione
1672 4146 1843 4198 noctis
1885 4147 1936 4200 in
1978 4148 2140 4203 cubili

561 4238 708 4292 meo,
735 4235 789 4279 et
834 4242 960 4282 ecce
1009 4229 1083 4294 ir,
1113 4238 1168 4284 et
1207 4241 1426 4286 sanctus
1470 4233 1538 4288 de
1585 4235 1720 4289 ezelo
1759 4237 2039 4294 descendit
2085 4240 2138 4292 in

563 4317 907 4387 fortitudine;
933 4330 987 4376 et
1006 4323 1084 4377 sic
1105 4324 1275 4377 dixit:
1308 4323 1394 4380 11.
1419 4327 1660 4384 Excidite
1689 4331 1959 4400 arborem,
1989 4337 2139 4390 evel-

565 4411 658 4465 lite
689 4427 866 4465 ramos
893 4413 1042 4482 ejus,
1067 4425 1124 4471 et
1152 4419 1384 4474 excutite
1437 4419 1564 4475 folia
1592 4422 1727 4491 ejus,
1761 4434 1815 4479 et
1846 4426 2140 4498 dispergite

564 4501 768 4558 fructus
793 4505 929 4574 ejus.
965 4507 1247 4580 Dill'ugiant
1288 4513 1473 4569 bestite
1523 4532 1641 4586 qua:
1673 4519 1772 4573 sub
1802 4535 1864 4575 ea
1894 4530 2054 4587 sunt,
2081 4532 2141 4578 et

560 4609 691 4650 aves
730 4597 796 4652 de
837 4601 996 4653 ramis
1026 4603 1162 4671 ejus.
1201 4605 1578 4663 Verumtamen
1626 4625 1844 4676 germen
1895 4613 2137 4669 radicum

563 4687 681 4756 ejus
704 4689 756 4744 in
781 4699 921 4746 terra
945 4693 1105 4750 sinite
1130 4713 1144 4750 :
1175 4705 1228 4751 et
1259 4697 1310 4751 in
1331 4699 1546 4754 vinculo
1574 4701 1754 4758 ferreo
1780 4714 1941 4776 atque
1971 4723 2133 4775 tereo,

564 4792 618 4836 et
647 4784 697 4837 iu
722 4784 881 4840 herba
904 4804 1022 4858 qute
1050 4790 1179 4846 foris
1203 4803 1307 4860 est,
1332 4805 1384 4851 et
1408 4798 1458 4852 in
1483 4813 1606 4853 rore
1623 4801 1735 4854 caeli
1764 4803 2137 4870 stabulabitur,

559 4885 620 4928 et
643 4891 762 4930 cum
788 4877 972 4935 bestiis
1002 4899 1124 4951 pars
1147 4887 1262 4953 ejus
1291 4887 1342 4941 in
1375 4889 1538 4946 herba
1564 4899 1718 4947 terra:
1746 4910 1758 4946 :
1791 4894 1875 4949 15.
1903 4909 1997 4948 cor
2021 4895 2138 4964 ejus

560 4966 633 5019 ab
687 4966 992 5026 hominibus
1019 4977 1454 5044 commutabitur,
1484 4989 1538 5036 et
1565 4996 1659 5036 eor
1700 4981 1887 5038 bestiae
1921 4984 2141 5040 dabitur

561 5064 637 5128 ei,
663 5075 716 5120 et
744 5077 945 5134 septem
969 5075 1208 5138 tempora
1227 5073 1573 5127 mutabuntur
1587 5089 1750 5143 super
1770 5091 1913 5130 eum.
1933 5078 2020 5131 14.
2037 5077 2140 5132 Per

566 5157 927 5225 conjecturam
959 5159 1007 5213 lr
1029 5175 1207 5215 sermo
1229 5170 1284 5216 et
1310 5162 1531 5217 verbum
1561 5176 1869 5220 sanctorum
1901 5167 2138 5221 interro-

565 5249 752 5318 gatio:
787 5257 842 5304 ut
877 5262 1203 5320 cognoscant
1251 5253 1523 5321 viventes,
1566 5255 1709 5326 quod
1758 5257 2014 5313 Dominus
2057 5268 2141 5314 est

626 5429 1059 5500 (a)_1:iteodorettrs
1079 5431 1241 5500 hic,_et
1262 5436 1499 5500 Origenes
1520 5435 1604 5500 lib.
1621 5436 1644 5485 1
1660 5435 1725 5485 de
1743 5439 2000 5500 Principiis,
2022 5453 2067 5488 c.
2087 5442 2136 5500 5,

567 5489 631 5562 de
859 5501 1024 5562 sancte
1061 5489 1427 5562 explican_t._1ta_
1467 5499 1515 5546 iu
1552 5489 1954 5559 interpretatione
1977 5489 2135 5560 illius,

565 5561 685 5601 Gen.
714 5553 765 5609 t,
790 5552 851 5623 2,
870 5554 1072 5614 Spiritus
1101 5552 1286 5604 Domini
1306 5557 1545 5619 ferebatur
1569 5552 1714 5622 super
1737 5572 1888 5623 aqum
1907 5595 1922 5620 ,
1945 5552 2138 5611 discrei

568 5624 682 5676 pant
703 5616 854 5663 sancti
879 5623 1042 5664 Patres

627 5675 710 5788 sit).
732 5682 829 5726 non
852 5679 1085 5728 absimilia
1110 5677 1332 5743 Astyagis
1355 5687 1406 5731 et
1430 5678 1607 5732 Xerxis
1637 5693 1820 5732 somnia
1847 5692 2008 5735 retert
2043 5691 2134 5734 He-

627 5766 628 5777 ι
664 5755 694 5787 Ο
721 5756 790 5788 US.

569 5752 710 5789 1⁵0001
721 5756 790 5789 U5.

1296 341 1353 398 S.
1392 340 1670 398 JOANNIS
1708 331 2182 395 CHRYSOSTOMI
2223 330 2542 390 ARCIIIEP.
2573 336 3108 398 CONSTANTINOP.

3715 366 3827 420 216

2238 446 2529 504 altissimus
2575 453 2763 521 regni,
2797 461 2850 508 et
2889 459 3203 525 culcumque
3245 455 3413 512 visum
3455 458 3641 525 fuerit,
3671 461 3815 516 dabit

2239 539 2365 594 illud
2389 555 2404 606 ;
2426 550 2481 595 et
2503 543 2643 610 quod
2669 559 2762 611 pro
2788 544 2953 598 nihilo
2976 545 3201 601 habetur
3224 548 3293 602 ab
3314 548 3629 613 hominibus,
3650 554 3815 622 eriget

2237 646 2399 699 super
2438 632 2586 688 illud.
2625 653 2643 686 ι
2680 635 2807 689 Vide
2841 654 2854 689 :
2885 636 2946 689 1r
2994 647 3149 691 vocat
3200 639 3374 694 lumen
3423 657 3667 710 magnum
3694 684 3709 707 ,
3759 652 3816 700 et

2237 723 2576 789 splendorem
2605 730 2701 793 (α).
2732 725 2800 780 Ει
2826 737 3029 782 sanctus
3055 745 3082 781 ε
3107 731 3230 783 coelo
3259 730 3529 797 descendit,
3555 745 3600 785 et
3624 735 3817 787 clama-

2237 817 2304 866 vit
2346 815 2398 868 in
2452 819 2774 886 fortitudine,
2828 821 2897 874 ita
2947 831 3006 874 ut
3058 821 3204 874 illum
3245 826 3605 892 perterruerit.
3640 825 3704 878 Et
3741 829 3818 880 sic

2237 903 2407 959 dixit:
2440 905 2671 960 Excidite
2697 908 2926 962 arborem
2949 924 2967 962 :
2994 921 3333 964 verumtamen
3361 929 3560 982 germen
3584 915 3812 968 radicum

2237 995 2346 1064 ejus
2372 997 2424 1049 in
2453 1005 2585 1049 terra
2609 999 2773 1052 sinite.
2807 999 2911 1053 Sed
2939 1000 3191 1070 quoniam
3222 1002 3502 1070 plurimum
3543 1009 3813 1076 corrumpi

2237 1089 2373 1142 solet
2407 1104 2645 1159 germen,
2680 1091 2768 1144 Sic
2794 1092 2972 1156 sinite,
3001 1094 3204 1162 inquit,
3230 1102 3284 1147 ut
3326 1095 3380 1148 in
3421 1097 3618 1150 vinculo
3647 1100 3815 1167 ferreo

2236 1187 2281 1231 et
2307 1195 2456 1232 terea.
2485 1179 2550 1232 Et
2588 1191 2775 1248 septem
2796 1223 2810 1247 ,
2844 1182 3041 1250 inquit,
3071 1193 3296 1254 tempora
3321 1202 3470 1254 super
3509 1204 3620 1240 eum
3649 1200 3816 1241 muta—

2236 1268 2439 1334 buntur,
2468 1279 2515 1323 et
2555 1288 2669 1323 cum
2713 1273 2881 1326 bestiis
2910 1273 3152 1328 habitatio
3183 1277 3308 1346 ejus.
3337 1277 3487 1344 Quod
3528 1282 3665 1332 enim
3701 1280 3816 1336 lucc

2236 1360 2304 1415 de
2343 1361 2556 1414 homine
2586 1363 2923 1432 intelligenda
2955 1364 3089 1429 sint,
3123 1365 3395 1420 declarant
3422 1383 3539 1436 qua:
3577 1383 3815 1439 sequun-

2239 1461 2340 1506 tur.
2375 1452 2440 1505 Et
2467 1470 2572 1516 cor,
2604 1454 2797 1523 inquit,
2833 1457 2998 1510 bestia:
3033 1457 3235 1512 dabitur
3274 1461 3339 1512 ei.
3364 1459 3492 1526 Quia
3523 1479 3609 1530 per
3636 1465 3814 1534 conje-

2236 1554 2430 1597 cturam
2459 1543 2514 1597 Ir
2532 1561 2692 1599 sermo
2719 1564 2738 1599 :
2767 1562 2861 1615 per
2881 1562 2940 1602 se
2977 1564 3079 1602 non
3107 1557 3283 1618 potest
3307 1551 3579 1616 illustrari,
3614 1554 3810 1623 inquit;

2238 1633 2331 1688 sed
2355 1634 2646 1704 interprete
2667 1652 2800 1705 opus
2834 1646 2934 1690 est.
2961 1637 3026 1691 Et
3050 1640 3252 1691 verbum
3271 1681 3285 1703 ,
3313 1641 3498 1707 inquit,
3527 1654 3815 1697 sanctorum

2238 1724 2564 1795 interrogatio
2590 1741 2608 1779 :
2635 1737 2688 1781 et
2716 1728 2882 1781 sancti
2927 1737 3172 1795 poterunt
3200 1730 3330 1785 illud
3357 1733 3553 1788 dicere.
3584 1733 3678 1789 Vel
3713 1736 3815 1791 hoc

2238 1814 2408 1880 dicit,
2441 1817 2522 1869 vel
2567 1817 2702 1870 istud
2735 1835 2747 1870 :
2781 1819 2919 1888 quod
2959 1835 3152 1888 nempe
3200 1824 3400 1890 possint
3448 1824 3815 1895 interrogatio-

2240 1922 2360 1959 nem
2382 1907 2625 1970 reddere.
2655 1918 2707 1961 et
2737 1925 2951 1963 causam
2979 1920 3197 1979 propter
3221 1927 3379 1981 quam
3416 1915 3515 1968 ista
3555 1914 3684 1968 fiunt
3707 1958 3722 1980 ,
3759 1926 3816 1971 et

2242 2014 2336 2069 per
2363 2001 2762 2069 responsionem
2795 2003 3112 2072 patefactum
3143 2012 3245 2058 est.
3282 2004 3349 2060 Ut
3378 2019 3707 2076 cognoscant,
3736 2010 3817 2064 iu-

2238 2091 2386 2160 quit,
2419 2092 2631 2146 viventes
2653 2134 2667 2159 ,
2701 2093 2834 2161 quod
2865 2092 3110 2146 Dominus
3147 2104 3219 2148 est
3245 2097 3517 2151 altissimus
3555 2101 3696 2168 regni
3726 2101 3818 2154 ho-

2242 2183 2454 2235 minum.
2486 2183 2607 2237 ll:ec
2637 2193 2719 2238 est
2748 2199 2926 2239 causa.
2954 2186 3114 2240 Vides
3149 2196 3206 2241 ut
3235 2188 3375 2244 Deus
3407 2191 3674 2258 provideat
3715 2193 3815 2246 ho-

2240 2275 2507 2328 minibus?
2558 2285 2717 2345 utque
2769 2292 2874 2330 non
2917 2277 3053 2331 intra
3104 2277 3315 2335 Judmos
3359 2283 3661 2336 conclusum
3703 2294 3819 2338 erat

2241 2366 2406 2434 ipsius
2457 2363 2778 2436 imperium?
2809 2369 2896 2424 15.
2927 2387 2946 2420 ι
2983 2369 3095 2425 [loc
3139 2373 3400 2425 somnium
3447 2373 3551 2427 vidi
3592 2390 3690 2444 ego
3725 2390 3816 2429 rex

2296 2560 2372 2622 (α)
2391 2561 2445 2610 In
2457 2561 2920 2624 ϐιιωοο,ὁρι,ᾳησιν,ειρ
2933 2577 3001 2624 νῦς
3018 2575 3120 2624 μίγα,
3136 2577 3194 2613 ιιι
3207 2571 3427 2624 λαμπηδόνα.
3449 2563 3504 2613 In
3521 2565 3645 2615 hunc
3661 2566 3820 2617 locum

2243 2630 2403 2671 notam
2424 2632 2720 2687 sequentem
2736 2623 2964 2687 Coteierii
2991 2623 3359 2684 exscripsimus,
3387 2631 3604 2687 quamvis
3625 2630 3682 2676 ad
3707 2637 3818 2677 tex-

2243 2692 2342 2748 tum
2353 2685 2823 2748 Graecumprtecipue
2842 2685 3123 2743 ordinatam,
3137 2694 3189 2734 ut
3205 2700 3312 2748 quae
3325 2685 3724 2747 ipsumversiouis
3743 2697 3822 2740 La-

2243 2747 2357 2793 tina:
2383 2745 2578 2795 lectioni
2599 2748 2965 2812 incumbentem
2982 2748 3153 2812 juvare
3179 2745 3388 2807 possit.
3415 2749 3483 2797 ita
3499 2751 3651 2798 Suidae
3677 2764 3726 2812 ιῖρ
3746 2760 3823 2801 est

2241 2815 2448 2865 uanae...
2473 2809 2610 2863 Quasi
2634 2809 2682 2855 in
2705 2807 2928 2856 Chaldaeo
2950 2807 3178 2868 scriptum
3204 2817 3354 2868 esset,
3374 2818 3463 2864 TN
3485 2851 3496 2870 ,
3534 2824 3632 2858 non
3657 2807 3822 2861 autem

2242 2882 2353 2934 Ἶνῖ.
2381 2878 2525 2927 Certe
2564 2886 2607 2925 S.
2643 2880 2900 2938 Gregorius
2933 2880 3139 2926 Nazianz.
3165 2916 3177 2934 ,
3203 2887 3257 2926 ut
3277 2880 3341 2926 de
3365 2880 3468 2928 aliis
3490 2880 3608 2928 nihil
3629 2881 3784 2931 dicam
3803 2917 3820 2941 ,

2243 2946 2446 3009 angelos
2468 2947 2642 2994 lumina
2666 2946 2876 3007 appellat
2899 2948 2945 2995 in
2968 2954 3096 2995 Orat.
3125 2947 3203 3005 40,
3231 2955 3281 2996 et
3303 2949 3378 2996 45.
3406 2949 3479 2996 Ab
3501 2956 3593 3004 Ἴης
3615 2953 3718 3000 Job.
3739 2954 3821 3011 56,

2242 3017 2321 3076 50,
2349 3016 2528 3077 legitur
2550 3022 2662 3072 Tim
2687 3030 2698 3063 :
2725 3016 2847 3077 apud
2873 3023 2979 3064 Lxx
3003 3017 3225 3077 quazdam
3259 3019 3554 3080 exemplaria
3579 3021 3824 3073 habebant

2242 3098 2360 3144 «tot,
2382 3087 2509 3148 quod
2533 3087 2596 3135 de
2622 3099 2733 3134 arcu
2757 3086 2938 3136 caelesti
2963 3095 3214 3148 exponunt
3233 3090 3396 3147 Graeci,
3423 3097 3472 3137 et
3496 3098 3661 3139 auctor
3685 3092 3822 3142 Coni-

2243 3149 2727 3214 mentarii_in_.lobu_m
2749 3148 2873 3214 apud
2894 3148 3188 3214 Origenem_.
3208 3151 3294 3214 Aqui
3329 3157 3389 3214 et
3417 3151 3463 3198 in
3497 3158 3610 3198 Dan.
3637 3152 3697 3209 4,
3727 3155 3785 3204 1ο
3803 3191 3820 3214 ,

2243 3221 2330 3270 pro
2356 3210 2427 3266 ir,
2461 3208 2612 3270 legit,
2634 3209 2736 3268 tris,
2770 3209 2830 3256 ab
2850 3208 3133 3273 ﬁmﬂtnde
3157 3208 3246 3259 Iris
3268 3211 3390 3272 apud
3414 3219 3456 3260 S.
3482 3208 3823 3276 Hieronymum

2243 3280 2337 3329 hic.
2363 3280 2452 3327 Sed
2479 3287 2529 3329 et
2551 3293 2641 3327 vox
2680 3285 2732 3338 ιῐρ
2757 3280 3058 3328 restituenda
3091 3289 3168 3329 est
3204 3282 3252 3328 in
3287 3288 3329 3328 s.
3368 3280 3548 3330 Isidoro
3580 3284 3820 3335 Pelusiota

2244 3341 2554 3401 Epistolarum
2577 3341 2660 3388 lib.
2685 3343 2733 3397 2,
2761 3341 2905 3403 epist.
2933 3340 3040 3398 177,
3067 3354 3163 3403 quo
3187 3340 3275 3389 loci
3302 3343 3542 3403 interpres
3566 3345 3822 3395 admodum

2243 3406 2405 3450 suavis
2429 3411 2522 3451 est.
2546 3410 2688 3465 Porro
2710 3402 2934 3450 seniores
2955 3407 3064 3450 Lxx
3086 3402 3166 3451 hic
3188 3402 3451 3462 verterant,
3465 3411 3626 3465 ἅτγιλςν,
3649 3408 3820 3456 czeteii

2245 3473 2429 3527 ςτρήτορον
2445 3504 2455 3521 ,
2471 3464 2678 3527 cptime.
2702 3468 2768 3510 De
2791 3475 2985 3527 ιτεηγδροις
3008 3465 3166 3527 omnia
3191 3470 3300 3511 uota
3326 3472 3442 3527 sunt
3465 3466 3729 3527 exjt‘hren.
3758 3469 3817 3527 4,

2246 3477 2455 3572 ιτΣνίτορον,
2477 3477 2678 3525 optime.
2702 3477 2768 3510 ue
2791 3477 2985 3523 ιγῃγόροις
3008 3477 3166 3511 omnia
3191 3477 3300 3511 neta
3331 3477 3442 3514 sunt
3465 3477 3527 3513 ex
3552 3477 3729 3515 Turen.
3758 3477 3817 3527 4,

2246 3525 2268 3574 1
2310 3525 2485 3590 _,_apu_d
2507 3531 2614 3590 txx
2632 3559 2647 3582 ,
2673 3531 2810 3590 et_ex
2837 3523 2959 3571 libro
2994 3524 3165 3590 itnochi
3187 3557 3201 3583 ,
3237 3524 3497 3587 Paadagogo
3519 3525 3788 3590 Clementis
3804 3566 3820 3590 ,

2243 3583 2664 3656 _Suida,'_Cedren_o,
2690 3584 3062 3656 chronograth
3083 3599 3334 3656 anonymo,
3359 3583 3504 3656 ciuem
3524 3583 3823 3656 tttpscbelius

2243 3599 2398 3642 surda,
2420 3599 2664 3644 ceareno,
2690 3599 3062 3645 Lnronog'rapno
3083 3599 3334 3695 anoano,
3359 3600 3504 3656 quem
3524 3599 3823 3642 mesenetius

2243 3648 2292 3695 in
2315 3650 2445 3708 notis
2462 3645 2520 3693 ad
2545 3648 2764 3708 Origenis
2788 3645 2934 3694 libros
2957 3655 3120 3695 contra
3147 3645 3211 3697 Ce
3258 3661 3336 3695 um
3356 3656 3495 3708 citat;
3519 3656 3569 3696 et
3588 3662 3650 3698 ex
3670 3653 3823 3702 sacris

2243 3706 2620 3757 ordinationibus
2630 3706 2874 3768 Syrorum,
2895 3720 3004 3756 cum
3029 3709 3370 3765 Maronitarum,
3397 3706 3497 3758 tum
3519 3714 3824 3762 Nestoriano-

2242 3781 2370 3828 rum,
2393 3782 2513 3830 quas
2546 3769 2594 3816 in
2633 3768 2788 3830 lucem
2830 3768 2980 3817 edidit
3013 3771 3085 3816 vir
3125 3768 3390 3830 linguarum
3423 3771 3729 3821 orientalium
3770 3781 3822 3824 et

2244 3829 2548 3894 historiarum
2571 3829 3000 3894 ecclesiasticarum
3025 3829 3338 3890 peritiséimus
3359 3839 3562 3894 Joannes
3587 3836 3820 3894 Morinus,

2245 3891 2301 3938 ad
2325 3894 2463 3953 cujus
2477 3893 2808 3953 adoptationes
2833 3889 3064 3953 lectorem
3087 3894 3391 3942 remittimus.
3416 3892 3503 3940 Sed
3532 3901 3584 3942 et
3605 3894 3701 3944 huc
3724 3889 3821 3944 for;

2245 3964 2330 3999 san
2353 3951 2641 4023 referendus
2674 3952 2920 4023 estumiris
2941 3951 3094 4000 modis
3127 3959 3379 4023 corruptus
3401 3966 3456 4002 ac
3478 3966 3605 4023 pene
3627 3956 3820 4023 conela-

2245 4019 2403 4060 matus
2440 4012 2574 4061 locus
2611 4014 2660 4060 in
2695 4011 2946 4060 utilissimo
2983 4015 3186 4061 Pastoris
3220 4011 3340 4062 libro
3378 4028 3390 4062 :
3427 4011 3549 4063 Misit
3591 4018 3822 4069 Dominus

2245 4074 2468 4144 angelum
2491 4087 2644 4144 suum,
2669 4073 2752 4144 qui
2773 4079 2839 4121 est
2859 4086 3003 4144 super
3026 4074 3212 4144 bestias,
3239 4074 3318 4124 cui
3340 4088 3506 4144 nomen
3523 4081 3591 4144 est
3617 4079 3817 4140 Hegrin.

2244 4133 2359 4191 Quid
2387 4137 2516 4185 enim
2538 4135 2629 4198 sibi
2653 4133 2755 4183 vult
2778 4133 2979 4198 monstri
3001 4135 3169 4193 similis
3193 4149 3302 4198 vox,
3331 4134 3553 4198 Hegi-in?
3585 4133 3785 4188 Hermas
3803 4179 3816 4198 ,

2245 4197 2430 4256 opinor,
2478 4196 2732 4260 angelum,
2775 4209 2931 4260 quem
2969 4197 3137 4245 bestiis
3173 4196 3490 4260 praefecerat,
3531 4196 3818 4260 vocaverat,

2246 4255 2456 4322 ιτίρτςτορν,
2479 4255 2604 4322 quod
2627 4255 2810 4322 scilicet
2835 4255 3034 4317 legisset
3061 4255 3195 4322 apud
3218 4257 3462 4322 Danielem
3481 4297 3493 4318 ,
3519 4272 3705 4322 ιτρητάρῳ
3731 4255 3821 4310 mi;

2245 4318 2446 4367 nisterio
2489 4318 2994 4366 Nabuchodonosorem
3035 4319 3094 4366 ad
3140 4320 3399 4367 bestiarum
3439 4318 3620 4369 sortem
3648 4318 3820 4374 'fuisse

2244 4379 2528 4442 redactum:
2556 4379 2789 4442 idautem
2826 4381 3060 4442 nominis,
3085 4392 3194 4427 cum
3215 4393 3240 4442 a
3260 4379 3551 4441 calligrapho
3585 4395 3820 4442 compen-

2245 4439 2374 4487 diosa
2400 4439 2639 4502 scribendi
2662 4441 2849 4502 ratione
2873 4438 2999 4502 hunc
3039 4441 3087 4487 in
3129 4440 3318 4491 modum
3359 4438 3608 4489 exaratum
3649 4438 3818 4502 esset,

2247 4511 2362 4561 tmy,
2388 4501 2656 4571 exscriptor
2679 4498 2819 4557 alter,
2847 4499 2923 4547 vel
2948 4508 3084 4572 certe
3109 4502 3494 4572 interpresipse,
3521 4515 3614 4572 nou
3639 4498 3821 4572 intellié

2244 4573 2386 4620 gens,
2410 4567 2492 4610 aut
2515 4562 2658 4609 etiam
2683 4573 2938 4621 perperam
2961 4561 3150 4621 legens,
3171 4565 3368 4611 mutavit
3386 4561 3432 4610 iu
3451 4563 3626 4621 uegrin
3650 4575 3668 4611 :
3690 4568 3817 4621 quod

2245 4615 2387 4682 quam
2409 4623 2458 4670 in
2485 4615 2887 4693 proeiivi'fuerit,
2922 4615 3072 4693 nemo
3112 4615 3489 4693 nonintelligit.
3517 4615 3586 4693 ita
3622 4615 3816 4693 malim,

2244 4696 2386 4744 quam
2409 4682 2534 4746 quad
2556 4682 2808 4746 aliquando
2829 4685 3173 4746 conjectabam,
3207 4683 3338 4742 Evin,
3363 4682 3509 4735 id—est
3527 4720 3540 4742 ,
3565 4682 3817 4743 belluinus,

2243 4750 2301 4807 u_t_
2321 4744 2670 4807 interpretatur
2685 4744 2926 4807 (rigentes
2944 4751 3078 4793 Hom.
3102 4745 3164 4794 35
3187 4747 3234 4793 in
3259 4753 3502 4795 Numeros.
3532 4749 3636 4795 Scio
3660 4747 3818 4798 videri

2243 4804 2385 4853 aliter
2409 4804 2567 4878 insue
2585 4806 2752 4878 Codice
2791 4805 3017 4878 habuisse
3046 4814 3095 4876 8..
3123 4807 3478 4878 Hieronymum,
3498 4809 3578 4878 qui
3603 4809 3650 4878 in
3676 4807 3817 4857 Coni-

2244 4868 2482 4936 nientario
2505 4867 2561 4915 ad
2585 4868 2817 4936 Bahaeuci
2851 4869 3232 4936 caputprimum
3269 4867 3333 4915 ita
3374 4867 3587 4936 scribat:
3618 4876 3689 4936 Ea:
3725 4881 3818 4928 qua

2243 4926 2363 4998 liber
2380 4927 2482 4999 Aitle
2518 4927 2817 4999 apocrypltus
2851 4926 3063 4999 stultitia:
3097 4929 3481 4999 cmdemntutdus
3515 4935 3586 4979 est
3615 4941 3633 4976 :
3654 4927 3706 4976 in
3724 4926 3819 4999 quo

2243 4988 2473 5060 ξενίρευῑη
2487 4987 3077 5060 estauémdsmmelmn
3311 4989 3421 5054 utri
3443 5001 3646 5060 ρτωεεδε
3668 4991 3818 5060 tere-

2246 5047 2397 5120 iibus._
2414 5056 2467 5120 ξε
2591 5047 2714 5117 hanc
2737 5047 3538 5120 similitudinempiscibusrguoque
3560 5047 3816 5120 et_arbori-

2243 5109 2828 5180 Methymnaeam
2861 5109 3155 5180 ρνορτέοεεέι
3185 5109 3819 5180 mmmam»

2337 5181 2423 5222 tos.
2449 5172 2634 5222 Verum
2655 5171 2759 5221 haec
2775 5170 2924 5234 lectio
2953 5170 3078 5221 forte
3113 5175 3271 5221 sanior
3295 5185 3388 5234 non
3423 5177 3499 5234 est
3533 5170 3711 5234 priore.
3739 5173 3816 5222 An

2265 5235 2344 5296 egi
2366 5235 2532 5296 possit,
2546 5245 2663 5294 θηρίου
2677 5271 2694 5296 ,_
2710 5230 2806 5291 vel,
2823 5245 2970 5296 suum,
2991 5234 3114 5296 adeo
3130 5242 3183 5284 ut
3198 5235 3244 5282 id
3265 5233 3471 5296 nominis
3491 5230 3732 5296 referatur
3753 5235 3816 5283 ad

2243 5247 2344 5296 tegi
2366 5247 2532 5344 possit,
2546 5247 2687 5294 θηρίου,
2710 5247 2806 5291 vel,
2823 5247 2970 5341 his“,
2991 5247 3114 5304 adeo
3130 5247 3183 5284 ut
3198 5247 3244 5282 ια
3267 5247 3471 5303 nominis
3491 5247 3732 5304 reget-ritur
3753 5247 3816 5304 aa

2243 5299 2367 5356 repti
2391 5298 2434 5344 in
2451 5330 2466 5354 ,
2508 5309 2622 5362 non_
2640 5294 2699 5341 ad
2738 5305 2864 5356 auge
2885 5295 3215 5362 um,_videant
3247 5295 3392 5362 (locu.
3431 5301 3662 5362 suspicari
3703 5307 3816 5362 quis

2243 5352 2407 5418 posset
2447 5352 2510 5404 ex
2549 5352 2927 5418 origeue__t'tom.
2957 5356 3028 5418 _i5
3065 5357 3120 5418 in
3156 5352 3467 5418 Haecineleiu,
3499 5352 3553 5418 et
3584 5352 3669 5418 lib.
3697 5352 3814 5403 {de

2244 5413 2505 5488 i‘rincipiis,
2530 5413 2689 5477 capis
2707 5454 2719 5470 ,
2745 5415 2887 5489 alludi
2913 5416 2971 5464 ad
2995 5417 3254 5465 Ezechielis
3269 5414 3564 5486 .prophetias
3583 5413 3648 5462 de
3671 5422 3813 5524 Ὺο.

2244 5487 2342 5524 nuo
2380 5480 2539 5524 obiter
2577 5483 2791 5524 annoto:
2820 5490 3020 5524 primum
3058 5487 3164 5524 est.
3203 5485 3462 5524 0rntenem
3495 5481 3629 5524 Hom.
3666 5475 3690 5523 1
3760 5476 3813 5524 in

2242 5487 2342 5529 Duo
2380 5475 2791 5547 obiter‘annoto:
2820 5479 3044 5547 primumn
3058 5487 3164 5547 est,
3203 5475 3462 5547 Origenem
3495 5481 3629 5524 Hom.
3666 5475 3726 5524 u
3760 5476 3813 5547 in

2241 5547 2502 5607 Numeros,
2535 5538 2598 5607 25
2627 5540 2674 5586 iu
2700 5545 2918 5607 Josuam,
2945 5539 3046 5607 et_8
3069 5541 3118 5587 in
3141 5539 3433 5607 Jeremiamﬂ,
3450 5548 3729 5607 respexisse
3748 5541 3816 5607 _a_d

2241 5602 2393 5649 verba
2416 5601 2632 5648 Pastoris.
2658 5601 2921 5648 secundum
2940 5639 2952 5657 ,
2979 5600 3038 5646 ab
3061 5599 3655 5658 aocusationeﬂieronymi
3673 5600 3816 5649 facii-

2243 5661 2406 5709 limum
2424 5659 2542 5722 fore
2577 5667 2794 5722 Hermam
2817 5660 3088 5710 defendere
3109 5698 3121 5717 ,
3147 5661 3188 5708 si
3222 5672 3348 5722 nunc
3370 5657 3417 5708 id
3441 5657 3700 5722 agmen-us
3715 5697 3729 5722 ,
3753 5667 3815 5710 et

2241 5724 2333 5772 nisi
2358 5735 2386 5771 e
2407 5719 2688 5772 diverticulo
2719 5722 2765 5770 in
2791 5723 2912 5771 viam
2935 5722 3074 5770 nobis
3095 5727 3227 5771 esset
3249 5719 3562 5772 redeundum.
3595 5735 3620 5765 ιο
