4032 6220
176 407 299 463 215

179 515 342 587 φησί.
373 516 512 587 Ὅρα
540 516 680 570 πόσα
704 518 976 587 τεκμήρια
1016 515 1108 570 τοῦ
1134 516 1290 589 [223]
1321 517 1565 587 βελτίονα
1603 519 1766 572 αὐτὸν

179 618 345 678 εἶναι.
370 626 695 694 Βαλτάσαρ
720 629 752 679 ὁ
772 627 972 695 ἅρχων
995 625 1111 679 τῶν
1132 627 1444 685 ἐπαοιδῶν.
1467 628 1538 681 ὃν
1555 630 1765 696 ἔγνων,

182 730 277 784 ὅτι
311 731 552 801 πνεῦμα
595 732 745 786 Θεοῦ
770 732 940 802 ἅγιον
960 733 1031 786 ἐν
1050 734 1171 788 σοί.
1219 734 1276 787 Ὀ
1307 733 1549 803 βελτίων,
1575 737 1603 787 ὁ
1631 737 1766 787 πάν-

184 856 295 892 των
320 838 599 909 κρείττων,
650 838 724 891 ὃν
768 838 882 909 ἐγὼ
918 840 1167 910 ἔγνωκα.
1206 841 1322 892 Ἵνα
1353 840 1462 911 γὰρ
1495 842 1568 911 μὴ
1608 833 1767 893 πάλιν

191 950 272 1011 εἰς
304 948 549 1019 ἀνάγκην
580 949 898 1020 καταστήσῃ
934 948 1026 1002 τοῦ
1056 951 1247 1001 εἰπεῖν’
1280 949 1387 1003 Kal
1419 949 1534 1018 ἐγὼ
1560 948 1628 1001 δὲ
1654 950 1764 1002 οὐκ

183 1056 258 1109 ἐν
278 1058 463 1126 σοφίᾳ
490 1055 564 1125 τῇ
590 1058 747 1125 οὔσῃ
778 1057 845 1110 ἐν
868 1057 1015 1125 ἐμοί·
1050 1058 1227 1128 τούτῳ
1260 1062 1494 1127 μάλιστα
1528 1057 1766 1110 ἐπισπά-

188 1165 388 1217 σασθαι
423 1165 586 1218 αὐτὸν
617 1167 1012 1236 προσεδόκησεν
1034 1207 1048 1232 ,
1086 1167 1179 1219 καὶ
1217 1166 1372 1219 τοῦτο
1407 1166 1513 1238 πρὸ
1540 1164 1647 1218 τῶν
1672 1164 1765 1216 ἄλ-

185 1274 293 1326 λων
325 1268 491 1326 εἶπεν.
526 1273 615 1344 Μὴ
645 1275 770 1346 γὰρ,
800 1275 986 1345 ἐπειδὴ
1013 1275 1251 1345 ἄρχοντα
1291 1271 1443 1327 εἷπον
1476 1272 1763 1335 ὲπαοιδῶν,

186 1378 413 1452 νομίσῃς
440 1380 527 1432 διὰ
566 1380 721 1433 τοῦτό
751 1398 819 1449 με
847 1382 1125 1451 εἰρηκέναι
1162 1382 1237 1445 ὡς
1272 1382 1647 1451 μαρτυροῦντα
1674 1378 1767 1434 ἀν-

190 1485 434 1556 θρωπίνῃ
466 1487 626 1557 σοφία
658 1488 827 1541 ταῦτα
867 1488 1156 1556 λέγεσθαι·
1202 1488 1382 1559 ἄρχων
1416 1490 1513 1559 μὲν
1557 1483 1609 1540 εἷ
1656 1486 1764 1539 τῶν

196 1596 480 1649 ὲπαοιδῶνο
515 1594 628 1650 οἶδα
655 1598 710 1651 δὲ
734 1602 813 1653 ὃτι
844 1601 946 1653 ὑπὸ
969 1602 1116 1665 θείας
1142 1602 1422 1671 δυνάμεως
1448 1601 1762 1671 κινούμενος

190 1706 401 1759 ἅπαντα
423 1707 617 1776 λέγεις’
639 1708 808 1777 ἔγνων
833 1710 918 1762 διὰ
944 1711 1041 1780 τῆς
1066 1710 1260 1781 πείρας
1278 1710 1384 1763 τῶν
1404 1709 1761 1780 πραγμάτων.

189 1816 299 1869 Καὶ
348 1815 472 1871 πᾶν
522 1818 891 1887 μυστήριον,
927 1819 1096 1889 φησὶ,
1147 1821 1257 1872 οὐκ
1309 1819 1595 1873 ἀδυνατεῖ
1642 1836 1760 1873 σοι.

192 1924 425 1977 Τοιαῦτα
456 1926 552 1994 μὲν
576 1926 643 1977 τὰ
674 1925 809 1981 θεῖα.
845 1926 925 1978 Τὰ
953 1927 1049 1997 μὲν
1084 1927 1190 1997 γὰρ
1219 1926 1535 1997 ἀνθρώπινα
1576 1927 1760 1997 ἀτελῆ’

190 2032 256 2083 τὰ
285 2032 340 2083 δὲ
370 2032 462 2085 τοῦ
494 2033 626 2085 Θεοῦ
664 2033 868 2087 οὐκέτι.
920 2036 1220 2089 Ἄκουσον
1261 2030 1374 2089 οὖν
1410 2034 1525 2103 τὴν
1546 2035 1753 2103 ὅρασιν

190 2137 298 2191 τοῦ
320 2139 608 2192 ἐνυπνίου
635 2158 776 2209 μου,
811 2136 882 2197 οὗ
910 2137 1077 2195 εἶδον
1097 2181 1114 2207 ,
1165 2143 1262 2197 καὶ
1297 2143 1411 2211 τὴν
1443 2144 1767 2212 σύγκρισιν

190 2245 375 2299 αὐτοῦ
418 2246 545 2299 εἰπέ
589 2266 712 2316 μοι,
765 2250 1007 2316 καὶτὰς
1039 2252 1280 2319 δράσεις
1328 2249 1441 2318 τῆς
1492 2248 1766 2318 κεφαλῆς

186 2368 306 2420 μου
324 2353 421 2406 ἐπὶ
442 2353 551 2422 τῆς
579 2356 782 2424 κοίτης
803 2376 940 2426 μου.
968 2359 1031 2410 Τί
1064 2354 1155 2411 οὖν
1182 2376 1344 2429 φησιν
1367 2378 1381 2427 ;
1421 2360 1757 2428 Ἐθεώρουν,

191 2459 289 2512 καὶ
313 2460 441 2514 ιδοὺ
477 2462 729 2530 δένδρον
751 2465 820 2517 ὲν
845 2465 1013 2534 μέσῳ
1058 2466 1167 2534 τῆς
1196 2466 1328 2536 γῆς,
1375 2469 1474 2521 καί
1515 2468 1579 2521 τὸ
1607 2468 1763 2537 ὕψος

192 2567 377 2622 αὐτοῦ
404 2570 581 2623 πολύ.
617 2571 1024 2640 Ἔμεγαλύνθη
1048 2573 1114 2625 τὸ
1134 2572 1386 2641 δένδρον
1402 2575 1497 2627 καί
1518 2575 1760 2643 ἴσχυσε,

194 2672 387 2725 καὶτὸ
426 2674 583 2742 ὕψος
610 2677 796 2730 αὑτοῦ
834 2677 1099 2746 ἔφθασεν
1151 2678 1261 2745 ἔως
1313 2680 1420 2734 τοῦ
1464 2682 1759 2749 οὐρανοῦ,

194 2781 293 2833 καὶ
322 2781 388 2833 τὸ
416 2784 595 2848 κύτος
618 2785 804 2838 αὑτοῦ
829 2788 915 2851 είς
937 2790 1009 2839 τὰ
1030 2787 1253 2853 πέρατα
1269 2789 1471 2856 πάσης
1494 2789 1603 2858 τῆς
1630 2792 1759 2860 γῆς,

197 2887 295 2941 καὶ
324 2888 393 2942 τὰ
421 2891 625 2957 φύλλα
650 2892 833 2945 αὐτοῦ
869 2892 1072 2958 ὡραῖα,
1102 2893 1199 2944 καί
1253 2896 1286 2946 ὁ
1320 2894 1547 2960 καρπὸς
1578 2895 1763 2947 αὐτοῦ

196 2997 409 3063 πολὺς,
444 2997 540 3050 καὶ
560 2997 747 3067 τροφὴ
780 3000 1021 3053 πάντων
1048 3001 1117 3053 ὲν
1145 2998 1323 3065 αὐτῷ,
1352 3001 1450 3053 καί
1485 3001 1764 3056 ὑποκάτω

193 3104 377 3158 αὑτοῦ
414 3104 831 3172 κατεσκήνουν
874 3107 947 3161 τὰ
980 3109 1154 3176 θηρία
1184 3107 1258 3161 τὰ
1302 3108 1509 3178 ἄγρια,
1558 3110 1654 3163 καί
1695 3110 1764 3161 ἐν

194 3212 318 3278 τοῖς
348 3212 589 3280 κλάδοις
630 3214 814 3268 αὑτοῦ
853 3214 1161 3279 κατῴκουν
1197 3217 1269 3270 τὰ
1301 3216 1478 3284 ὄρνεα
1511 3217 1616 3271 τοῦ
1660 3219 1762 3271 οὑ-

187 3323 400 3390 ρανοῦο
422 3322 489 3388 ἐξ
508 3324 692 3378 αὑτοῦ
720 3323 995 3393 ἐτρέφετο
1020 3322 1187 3379 πᾶσα
1211 3324 1387 3393 σάρξ.
1424 3315 1489 3377 Τί
1514 3325 1763 3405 ρούλεται

196 3434 229 3501 ἡ
254 3431 407 3501 ὃψιςς
433 3433 600 3487 Πάλιν
620 3434 679 3487 τὸ
709 3433 1034 3505 πρόσκαιρον
1063 3434 1337 3487 δείκνυται
1367 3434 1475 3486 τῶν
1507 3436 1764 3504 πραγμά-

195 3557 302 3593 των
328 3539 436 3593 τῶν
461 3540 833 3612 ἀνθρωπίνων.
867 3540 949 3594 Τὰ
974 3542 1212 3606 πετεινὰ,
1249 3543 1402 3611 φησὶ,
1442 3543 1536 3594 καὶ
1567 3542 1637 3594 τὰ
1668 3543 1762 3612 θηο

198 3648 287 3719 ρία
311 3650 367 3701 ὲν
400 3650 548 3718 αὐτῷ
576 3650 732 3713 σκιᾶς
775 3650 1063 3716 ἀπέλαυον,
1097 3650 1191 3704 καὶ
1223 3650 1398 3721 ᾤκουν
1418 3668 1431 3682 ο
1466 3651 1559 3703 καὶ
1593 3652 1763 3721 τροφὴ

194 3756 373 3819 αὐτοῖς
400 3756 605 3809 ἐκεῖθεν
634 3752 722 3824 ἦν.
779 3758 888 3828 Τὴν
939 3758 1114 3829 ἀρχὴν
1164 3757 1326 3810 αὑτοῦ
1354 3757 1533 3826 ολέγει,
1584 3760 1764 3812 πᾶσαν

197 3863 526 3933 ἐπισχοῦσαν
577 3865 676 3934 τὴν
721 3866 1061 3937 οἰκουμένην.
1099 3867 1371 3937 Πρότερον
1418 3868 1514 3936 μὲν
1558 3862 1651 3919 οὖν
1696 3869 1761 3921 δι’

194 3973 420 4036 εἰκόνος,
448 3972 543 4026 νῦν
585 3973 641 4026 δὲ
668 3973 757 4026 διὰ
782 3974 998 4045 δένδρου
1026 3975 1299 4027 δείκνυται
1335 3974 1482 4043 αὐτῷ
1510 3974 1579 4026 τὰ
1625 3976 1764 4043 πρά-

194 4097 401 4149 γματα.
433 4082 531 4134 Διὰ
571 4081 621 4133 τί
652 4086 761 4153 γὰρ
798 4082 871 4151 μὴ
905 4081 1114 4151 ἔπεμψε
1162 4084 1253 4135 τὸν
1296 4083 1491 4153 Δανιὴλ
1538 4083 1765 4151 ἐροῦντα

191 4190 402 4255 ταῦτα;
437 4190 560 4243 Ὀτι
602 4189 773 4253 οὕτως
813 4190 1252 4262 ἀξιοπιστότερος
1289 4192 1317 4244 ὁ
1360 4191 1512 4260 λόγος
1540 4191 1765 4262 ἔμελλεν

191 4298 430 4364 ισεσθαι,
462 4301 553 4353 καί
578 4298 963 4371 φοϐερώτερος,
1009 4301 1098 4353 ὑπ’
1130 4300 1251 4369 ὄψιν
1283 4300 1389 4353 τῶν
1424 4300 1765 4371 πραγμάτων

190 4409 495 4479 ἀγομένων,
524 4411 609 4463 ἵνα
641 4409 817 4480 μάθῃς
845 4412 925 4463 ὅτι
951 4412 978 4463 ό
1004 4410 1181 4474 αὔξων
1211 4411 1278 4463 τὰ
1306 4410 1468 4480 φυτὰ,
1498 4405 1651 4473 οὗτος
1673 4413 1767 4464 καί,

188 4518 291 4589 τὴν
326 4518 600 4587 βασιλείαν
641 4518 1032 4583 λανθανόντως,
1070 4522 1162 4572 καί
1198 4520 1299 4572 οὐκ
1335 4520 1551 4573 εἰδότων
1583 4518 1761 4590 ἡμῶν.

204 4626 525 4694 Ἐθεώρουν
553 4626 624 4679 ἐν
649 4627 893 4696 ὁράματι
922 4627 1033 4695 τῆς
1053 4628 1272 4693 νυκτὸς
1299 4628 1396 4681 ἐπὶ
1429 4628 1539 4695 τῆς
1560 4629 1765 4695 κοίτης

178 4752 330 4805 μου,
360 4735 459 4787 καὶ
486 4734 612 4789 ιδοὺ
634 4735 741 4803 εῑρ,
786 4735 883 4789 καὶ
923 4736 1088 4803 ἅγιος
1127 4736 1227 4790 ἀπ’
1253 4736 1513 4804 οὐρανοῦ
1548 4736 1763 4804 κατέϐη

182 4844 261 4896 ὲν
289 4839 485 4906 ἰσχύτει
504 4881 518 4905 ,
533 4840 627 4895 καὶ
643 4839 825 4906 οὕτως
837 4839 1020 4898 εἶπεν·
1054 4844 1385 4912 Ἔκκόψατε
1405 4845 1468 4897 τὸ
1492 4844 1761 4912 δένδρον,

182 4947 468 5001 ἐκτίλατε
490 4947 632 5012 τοὺς
655 4948 919 5014 κλάδους
958 4951 1163 5015 αὐτοῦ,
1202 4953 1299 5004 καὶ
1324 4952 1669 5015 ἐκτινάξατε
1693 4950 1767 5004 τὰ

183 5054 403 5123 φύλλα
448 5054 633 5109 αὐτοῦ
659 5096 674 5120 ,
722 5057 820 5110 καὶ
869 5056 1334 5125 διασκορπίσατε
1381 5060 1486 5111 τὸν
1537 5060 1767 5127 καρπὸν

184 5161 401 5216 αὐτοῦ.
437 5165 705 5224 Σαλευθή
717 5180 910 5218 τωσαν
938 5166 1009 5219 τὰ
1038 5168 1213 5233 θηρία
1252 5168 1634 5221 ὑποκάτωθεν
1662 5172 1767 5221 αὺ-

187 5270 324 5334 τοῦ,
358 5272 452 5325 καί
489 5272 559 5325 τὰ
579 5273 751 5341 ὄρνεα
781 5276 894 5329 ἀπὸ
927 5274 1045 5327 τῶν
1082 5274 1316 5328 κλάδων
1347 5276 1551 5329 αὑτοῦ.
1595 5276 1766 5343 Πλὴν

187 5384 313 5449 τὴν
340 5382 505 5451 φυὴν
528 5384 642 5436 τῶν
658 5385 830 5452 ῥιζῶν
858 5386 1040 5440 αὐτοῦ
1085 5390 1153 5440 ἐν
1188 5389 1260 5456 τῇ
1287 5386 1365 5455 γῇ
1388 5387 1631 5440 ἐάσατε·
1667 5388 1765 5440 καὶ

188 5496 263 5550 ἐν
292 5493 493 5563 δεσμῷ
521 5494 743 5562 σιδηρῷ
773 5497 865 5548 καὶ
900 5497 1123 5564 χαλκῷ,
1155 5498 1247 5550 καὶ
1282 5499 1349 5550 ἐν
1377 5498 1451 5566 τῇ
1498 5499 1648 5567 χλόῃ
1691 5497 1764 5566 τῇ

268 5780 295 5809 ⁸
322 5773 505 5836 Supp'e
525 5776 715 5830 κατέϐη.
741 5777 818 5822 καὶ
839 5776 1071 5834 ἐφώνησεν
1096 5777 1141 5823 ἐν
1160 5778 1304 5839 ἰσχύϊ,
1322 5783 1373 5826 ul
1392 5778 1600 5827 habetur
1624 5775 1745 5827 infra

503 5847 766 5904 ΡΑτιιοι..
809 5842 925 5900 (in.
974 5840 1125 5898 LVI.

1560 403 1624 458 IN
1665 400 2029 458 DANIELEM.

3324 424 3439 483 216

1867 518 2001 583 ἔξω,
2036 520 2131 573 καί
2151 521 2221 572 ἐν
2241 519 2314 588 τῇ
2346 520 2543 588 δρόσῳ
2571 520 2676 575 τοῦ
2704 518 2963 588 οὐρανοῦ
2984 519 3434 582 αὐλιτθήσεται,

1866 631 1963 682 καὶ
1984 629 2135 698 μετὰ
2170 626 2289 680 τῶν
2306 629 2524 695 θηρίων
2549 631 2587 697 ἠ
2610 630 2779 697 μερὶς
2815 627 3000 683 αὑτοῦ
3044 628 3113 680 ἐν
3136 626 3214 691 τῷ
3245 628 3438 694 κί’ρτῳ

1864 738 1973 805 τῆς
1997 738 2128 808 τῆς·
2158 739 2197 805 ἡ
2231 738 2443 805 καρδία
2470 740 2655 793 αὐτοῦ
2687 739 2803 793 ἀπὸ
2828 738 2946 791 τῶν
2984 736 3307 805 ἀνθρώπων
3328 737 3437 790 ἀλ-

1862 848 2270 914 λοιωθήσεται,
2294 847 2394 900 καί
2423 847 2633 914 καρδία
2661 848 2868 914 θηρίου
2897 845 3212 911 δοθήσεται
3253 843 3435 908 αὐτῷ.

1864 957 1961 1008 καὶ
1992 955 2142 1008 ἑπτὰ
2190 954 2378 1022 καιροί
2430 954 2885 1023 ἀλλαγήσονται
2940 954 3031 1007 ἐπ’
3077 954 3280 1006 αὐτόν.
3335 954 3437 1005 Διὰ

1862 1066 2266 1134 συγκρίματος
2314 1064 2403 1133 εἳρ
2445 1066 2477 1117 ὁ
2527 1066 2745 1132 λόγος,
2794 1064 2892 1115 καὶ
2933 1060 3097 1131 ῥῆμα
3138 1062 3320 1131 ἁγίων
3368 1061 3432 1112 τὸ

1864 1174 2226 1242 ἐπερώτημα,
2287 1174 2386 1225 ἵνα
2434 1170 2659 1241 γνῶσιν
2704 1173 2760 1223 οι
2816 1169 3055 1233 ζῶντες,
3108 1168 3195 1220 ὅτι
3222 1166 3433 1232 Κύριός

1861 1282 2033 1337 ἐστιν
2064 1286 2095 1335 d
2119 1282 2373 1349 ὕψιστος
2400 1279 2509 1348 τῆς
2530 1276 2872 1341 βασιλείας,
2914 1276 3010 1329 καί
3043 1269 3090 1340 ᾧ
3112 1274 3220 1327 ἐὰν
3257 1273 3430 1338 δόξῃ.

1862 1391 2037 1445 δώσει
2065 1388 2296 1454 αὐτὴν,
2339 1388 2435 1443 καὶ
2492 1387 2861 1452 ἐξουθένημα
2911 1382 3238 1448 ἀνθρώπων
3291 1380 3432 1432 ἀνα-

1863 1498 2080 1567 στήσει
2102 1495 2194 1548 ἐπ⁸
2220 1494 2434 1562 αὑτήν.
2465 1495 2625 1562 Ὅρα·
2657 1493 2819 1562 φησὶν
2849 1490 2950 1558 Εἳρ
2981 1489 3094 1556 φῶς
3134 1485 3295 1556 μέγα,
3340 1483 3433 1535 καὶ

1862 1603 2194 1676 λαμπηδόνα.
2231 1602 2340 1654 Kal
2375 1601 2540 1670 ἅγιος
2583 1601 2683 1654 ἀπ’
2730 1596 2987 1666 οὐρανοῦ
3045 1596 3280 1659 κατέϐη,
3334 1590 3430 1643 καί

1861 1711 2175 1781 ἐφώνησεν
2209 1707 2359 1781 [Q24]
2384 1709 2454 1761 ἐν
2488 1709 2658 1775 ἴσχύτ
2680 1748 2694 1769 ,
2729 1707 2867 1759 ὥστε
2912 1704 3097 1756 τοῦτον
3144 1698 3428 1767 ἐκπλῆξαι.

1861 1818 1971 1874 Kal
1991 1817 2177 1882 οὕτως
2194 1812 2381 1869 εἷπεν·
2420 1815 2740 1880 Ἐκκόψιιτε
2764 1810 2826 1863 τὸ
2848 1808 3115 1876 δένδρον,
3136 1805 3302 1871 πλὴν
3319 1810 3430 1869 τὴν

1862 1926 2026 1995 φυὴν
2044 1923 2162 1978 τῶν
2173 1921 2357 1991 ῥιζῶν
2373 1920 2555 1975 αὑτοῦ
2570 1921 2638 1973 ἐν
2653 1917 2725 1986 τῇ
2742 1915 2814 1986 γῇ
2835 1915 3066 1969 ἐάσατε.
3088 1913 3221 1965 Ἀλλ’
3246 1911 3427 1980 ἐπειδὴ

1862 2033 2176 2105 φθείρεσθαι
2200 2032 2388 2086 εἴωθεν
2420 2032 2453 2102 ἡ
2488 2030 2596 2101 φυὴ
2631 2028 2908 2090 πολλάκις.
2948 2024 3119 2087 οὕτως
3160 2023 3427 2079 Ἐἁσατε,

1862 2145 2015 2213 φησὶ,
2039 2144 2111 2208 ὠς
2149 2142 2217 2194 ἐν
2243 2138 2443 2210 δεσμῷ
2472 2135 2695 2205 σιδηρῷ
2739 2138 2837 2189 καὶ
2870 2132 3096 2203 χαλκῷ.
3133 2132 3239 2185 Kal
3282 2127 3429 2182 ἑπτὰ

1862 2254 2072 2321 καιροὶ,
2108 2252 2261 2322 φησὶ,
2300 2250 2392 2302 ἐπ’
2440 2248 2628 2301 αὑτὸν
2657 2243 3124 2313 ἀλλαγήσονται,
3158 2239 3254 2292 καί
3281 2236 3431 2306 μετὰ

1862 2361 1979 2415 τῶν
2010 2361 2225 2429 θηρίων
2270 2360 2307 2426 ἡ
2348 2357 2695 2422 κατοίκησις
2741 2353 2946 2408 αὑτοῦ.
2984 2354 3104 2404 Ὅτι
3148 2351 3254 2420 γὰρ
3302 2349 3430 2419 περὶ

1861 2468 2145 2541 ἀνθρώπου
2174 2465 2344 2520 ταῦτα
2376 2462 2464 2537 ἦν,
2492 2463 2559 2517 τὰ
2592 2461 2792 2533 ὕστερα
2822 2460 3086 2532 ἐδήλωσεν
3152 2458 3259 2520 Kal
3292 2473 3430 2524 καρ-

1860 2578 1977 2640 δία,
1996 2578 2146 2647 φησὶ,
2168 2577 2374 2645 θηρίου
2396 2574 2717 2643 δοθήσεται
2735 2569 3044 2635 αὐτῷ.”οτι
3064 2569 3165 2621 Διὰ
3186 2568 3430 2636 συγκρί-

1854 2702 2041 2754 ματος
2063 2685 2090 2723 ιι
2124 2682 2212 2751 εἳρ
2242 2685 2274 2737 ό
2298 2683 2500 2751 λόγος’
2539 2677 2762 2731 αὐτόθεν
2806 2677 2867 2728 οὺ
2912 2674 3131 2733 δυνατὸς
3163 2670 3433 2739 φωτισθῆ-

1860 2816 1967 2858 ναι,
2002 2798 2155 2865 φησὶ,
2208 2795 2341 2847 ἀλλὰ
2384 2795 2465 2845 δεῖ
2505 2793 2597 2845 τοῦ
2648 2791 3058 2861 ὲρμηνεύοντος.
3108 2787 3212 2841 Kal
3241 2784 3428 2855 ῥῆμα,

1861 2905 2012 2974 φησί,
2063 2902 2243 2969 ἁγίων
2286 2901 2353 2953 τὸ
2394 2898 2757 2967 ἐπερώτημα·
2794 2896 2885 2949 καὶ
2926 2896 3069 2963 ἆγιοι
3120 2894 3432 2963 δυνήσονται

1858 3010 2016 3067 τοῦτο
2047 3011 2239 3063 εἰπεῖν.
2270 3010 2341 3061 “Η
2369 3007 2527 3060 τοῦτο
2554 3006 2722 3073 λέγει,
2750 3005 2783 3075 ἢ
2821 3005 3011 3066 ἐκεῖνο,
3047 3003 3129 3054 ὅτι
3169 3000 3264 3070 τὴν
3297 2999 3433 3069 ἐρώ·

1859 3140 2015 3194 τησιν
2053 3120 2258 3186 δοῦναι,
2305 3120 2398 3173 καὶ
2427 3118 2522 3187 τὴν
2552 3116 2749 3181 αἰτίαν,
2789 3115 2855 3166 δι’
2902 3114 2967 3183 ἣν
3003 3111 3171 3163 ταῦτα
3206 3110 3429 3179 γίνεται,

1861 3232 1955 3285 καὶ
1992 3229 2077 3283 διὰ
2106 3227 2449 3299 ἀποκρίσεως
2482 3222 2773 3292 ἐφωτίσθη.
2812 3221 2935 3273 Ἵνα
2964 3217 3168 3286 γνῶσι,
3205 3216 3358 3287 φησὶ,
3380 3218 3433 3268 ol

1858 3337 2088 3401 ζῶντες,
2142 3335 2230 3387 ὅτι
2280 3333 2497 3399 Κύριός
2534 3331 2703 3384 ἐστιν
2746 3331 2777 3381 ό
2834 3328 3090 3394 ὕψιστος
3122 3323 3229 3390 τῆς
3258 3324 3432 3387 ,ϐασι-

1859 3446 2027 3510 λείας
2046 3441 2163 3495 τῶν
2184 3439 2529 3508 ἀνθρώπων.
2557 3438 2704 3507 Αὕτη
2726 3438 2758 3506 ὴ
2778 3435 2944 3488 αἰτία.
2981 3434 3142 3503 Ὁρᾷς
3162 3431 3277 3496 πῶς
3297 3449 3432 3503 προη

1862 3554 1972 3605 νοεῖ
1998 3550 2103 3604 τῶν
2150 3546 2449 3620 ἀνθρώπων
2492 3550 2520 3600 ὁ
2558 3547 2725 3609 Θεόςς
2760 3545 2876 3607 πῶς
2911 3544 3010 3596 οὐκ
3041 3545 3119 3606 είς
3152 3542 3433 3604 Ἰουδαίους

1864 3657 2248 3727 συγκέκλειστο
2302 3651 2465 3708 αὑτοῦ
2512 3655 2545 3723 ἠ
2589 3653 2764 3723 ἀρχή;
2809 3649 2984 3703 Τοῦτο
3032 3646 3097 3699 τὸ
3148 3647 3433 3700 ἐνύπνιον

1861 3771 2023 3825 εἶδον
2049 3769 2161 3834 ἐγὼ
2197 3771 2230 3821 ὀ
2278 3764 2576 3831 βασιλεὺς
2636 3759 3186 3828 Ναϐουχοδονόσορ,
3217 3759 3313 3811 καὶ
3352 3758 3433 3812 σὺ

1860 3876 2181 3941 Βαλτάσαρ
2217 3874 2514 3942 σύγκριμα
2554 3868 2700 3932 εἰπὲ,
2750 3868 2838 3919 ὅτι
2889 3865 3110 3933 πάντες
3170 3869 3223 3920 ol
3257 3866 3435 3934 σοφοί

1863 3982 1972 4051 τῆς
2017 3979 2339 4046 βασιλείας
2370 3995 2488 4047 μου
2548 3977 2618 4029 οὐ
2676 3974 2959 4026 δύνανται
3016 3974 3080 4025 τὸ
3143 3973 3437 4041 σύγκριμα

1862 4089 2047 4144 αὑτοῦ
2081 4086 2350 4156 δηλῶσαί
2383 4101 2504 4154 μοι.
2549 4084 2631 4137 Σὺ
2671 4083 2738 4135 δὲ
2774 4082 3053 4145 δύνασαι,
3078 4081 3164 4132 ὅτι
3202 4080 3438 4148 πνεῦμα

1866 4199 2012 4254 Θεοῦ
2065 4198 2232 4266 ἅγιον
2263 4196 2332 4249 ἐν
2396 4195 2517 4247 σοί.
2549 4194 2668 4244 Ὅτι
2716 4190 2936 4254 πάντες
2998 4191 3051 4243 ol
3106 4189 3283 4256 σοςροί
3326 4187 3436 4254 τῆς

1858 4310 2179 4374 ,Βασιλείας
2215 4322 2333 4374 μου
2381 4306 2453 4357 οὺ
2517 4302 2819 4354 δύνανται.
2860 4298 3013 4369 νῌδει
3068 4298 3222 4349 τοῦτο
3277 4296 3437 4349 πάλιν

1864 4417 2148 4487 εὐφραῖνον
2181 4412 2272 4464 τὸν
2308 4410 2522 4479 Δανιὴλ,
2566 4408 2628 4461 τὺ
2665 4408 2869 4468 πάντας
2911 4405 3237 4475 ὁμολογῆσαι
3276 4404 3439 4475 ἡττῆ-

1868 4526 2013 4583 σθαι.
2043 4523 2101 4575 οὐ
2136 4521 2223 4575 διὰ
2254 4522 2351 4591 τὴν
2386 4517 2546 4571 αὑτοῦ
2590 4517 2767 4582 δόξαν,
2815 4514 2953 4568 ἀλλά
2985 4514 3072 4566 διὰ
3101 4514 3159 4566 τὸ
3202 4515 3300 4582 τὴν
3340 4512 3433 4565 τοῦ

1864 4634 1996 4687 Θεοῦ
2036 4634 2263 4700 δύναμιν
2311 4627 2678 4700 κηρύττεσθαι
2723 4626 2905 4678 πάλιν.
2942 4624 3025 4676 Σὺ
3060 4623 3127 4675 δὲ
3156 4622 3432 4678 δύνασαι,

1866 4744 2017 4813 φησί,
2052 4740 2198 4795 εὶπέ.
2238 4739 2334 4791 Διὰ
2364 4739 2447 4802 τίς
2473 4739 2601 4789 Ὅτι
2620 4734 2852 4802 πνεῦμα
2885 4732 3030 4785 Θεοῦ
3060 4731 3129 4783 ἐν
3156 4729 3274 4783 σοί.
3298 4729 3437 4798 Ὅρα

1865 4854 2110 4905 ἐντεῦθεν
2140 4852 2460 4922 ἀρχόμενον,
2490 4848 2585 4899 καὶ
2616 4844 2863 4898 ἐντεῦθεν
2892 4842 3146 4913 λήξαντα.
3193 4842 3260 4895 Τὸ
3306 4841 3439 4894 δέν-

1864 4960 2026 5028 δρον,
2062 4960 2091 5012 ὃ
2124 4954 2301 5024 εἶδες,
2343 4956 2409 5008 τὸ
2434 4951 2812 5023 μεγαλυνθὲν
2845 4952 2942 5005 καὶ
2967 4952 3032 5004 τὸ
3066 4951 3335 5020 ὶσχυκός,
3364 4943 3436 5003 οὗ

1866 5067 1931 5120 τό
1968 5066 2123 5132 ὕψος
2151 5065 2415 5131 ἔφθασεν
2442 5063 2528 5125 είς
2563 5059 2670 5112 τὸν
2715 5058 2991 5125 οὐρανὸν,
3027 5058 3122 5109 καὶ
3151 5057 3214 5109 τὸ
3260 5058 3440 5120 κύτος

1867 5174 2049 5228 αὑτοῦ
2080 5175 2165 5237 είς
2204 5171 2412 5223 πᾶσαν
2450 5168 2563 5233 τὴν
2609 5165 2745 5235 γῆν,
2779 5168 2875 5218 καὶ
2906 5166 2978 5218 τὰ
3016 5166 3219 5233 φύλλα
3251 5164 3437 5217 αὺτοῦ

1867 5280 2113 5346 εὐθαλῆ,
2153 5279 2249 5331 καὶ
2299 5281 2330 5331 ό
2367 5276 2594 5343 καρπὸς
2630 5275 2814 5327 αὐτοῦ
2854 5274 3066 5338 πολὺς,
3102 5274 3196 5326 καί
3251 5274 3436 5341 τροφὴ

1866 5385 2052 5445 πᾶσιν
2077 5390 2145 5441 ἐν
2174 5384 2332 5451 αὐτῷ
2350 5404 2361 5416 ·
2396 5384 2667 5438 ὑποκάτω
2688 5383 2873 5437 αὐτοῦ
2897 5383 3140 5446 κατῴκει
3172 5383 3240 5435 τὰ
3266 5384 3437 5450 θηρία

1926 5651 1955 5690 ιι
1979 5652 2065 5698 Διὰ
2089 5650 2415 5712 συγκρίματος.
2446 5647 2513 5695 Ex
2537 5646 2760 5712 Chaldmo
2793 5644 3080 5712 vgrlendum
3106 5648 3227 5710 Qrat,
3246 5653 3329 5712 ρςι·
3352 5638 3441 5689 de-

1864 5720 2085 5761 cretum:
2115 5703 2274 5759 se'd'S'.
2318 5711 2686 5766 (‘.hrysoslomus
2728 5710 2786 5753 de
2829 5704 3234 5765 interpretatione
3280 5703 3437 5751 lucum

1867 5768 2073 5835 acccpil',
2100 5780 2153 5821 ut
2180 5772 2295 5821 clS.
2326 5771 2536 5819 Isidorus
2559 5768 2607 5816 in
2631 5768 2839 5827 epistola
2860 5780 2965 5815 mox
2991 5767 3194 5813 laudata.

2990 5837 3059 5897 1!;
