4032 6220
191 430 313 485 217

202 524 719 584 Nabuchodonosor;
745 531 792 574 et
813 529 864 573 ιιι
886 517 1138 582 Baltasar,
1165 515 1514 584 conjecturam
1535 511 1635 572 die,
1655 510 1774 579 quia

202 634 396 672 omnes
421 617 684 685 sapientes
709 613 854 681 regni
894 611 993 664 mei
1022 622 1125 663 non
1168 615 1387 678 possunt
1422 604 1776 674 conjecturam

201 708 604 777 ejusdeclarare
631 703 864 759 tnihi.Tu
886 711 1057 756 autent
1083 711 1252 769 potes,
1282 698 1399 767 quia
1429 697 1652 766 Spiritus
1682 694 1774 747 Dei

203 810 423 854 sanctus
446 800 496 852 in
525 808 573 852 te
605 797 824 850 habitat.
853 794 983 861 Quia
1006 806 1189 846 omnes
1219 791 1483 860 sapientes
1509 787 1654 856 regni
1677 785 1779 840 mei

205 901 590 958 non'possunt.
635 905 652 937 ι
699 885 928 940 Noverat
954 882 1004 937 id
1036 884 1222 935 iterum
1266 880 1442 933 hetitia
1475 877 1779 931 alIecturtnn

210 981 523 1045 Danieletn;
559 992 743 1031 omnes
769 976 973 1029 scilicet
1017 973 1258 1027 conliteri
1305 985 1363 1024 se
1390 971 1557 1022 victos
1600 967 1779 1028 fuisse,

207 1087 317 1125 non
352 1080 567 1138 propter
591 1067 809 1137 gloriam
839 1079 1007 1125 suam,
1028 1062 1119 1116 sed
1151 1071 1207 1114 ut
1225 1060 1314 1114 Dei
1341 1067 1573 1128 potestas
1601 1071 1784 1110 rursus

209 1159 610 1229 praedicaretur.
659 1156 739 1210 Tu
782 1165 964 1216 autem,
1014 1152 1202 1221 inquit,
1238 1161 1394 1219 potes,
1423 1149 1520 1200 dic.
1565 1147 1674 1211 Qua
1717 1145 1784 1199 de

208 1253 410 1307 causa?
443 1252 576 1317 Quia
620 1250 845 1317 Spiritus
889 1245 984 1299 Dei
1025 1247 1149 1298 inte
1176 1253 1264 1297 est.
1295 1242 1424 1296 Vide
1474 1242 1594 1294 hinc
1637 1241 1782 1293 illum

211 1345 469 1412 incipere,
499 1350 552 1395 et
581 1339 652 1394 ibi
681 1339 945 1393 desinere.
992 1336 1078 1389 l7.
1113 1352 1130 1383 ί
1167 1333 1357 1398 Arbor,
1385 1346 1540 1400 quam
1585 1329 1778 1393 vidisti,

210 1435 300 1487 illa
345 1430 678 1501 magniﬁcam
725 1437 778 1483 et
813 1425 1174 1489 corroborata,
1206 1421 1355 1490 cujus
1397 1420 1616 1474 altitudo
1661 1434 1780 1487 per-

209 1526 359 1578 venit
399 1524 448 1576 in
488 1522 692 1584 caelum,
726 1529 776 1573 et
811 1518 977 1571 moles
1007 1516 1119 1585 ejus
1148 1515 1197 1567 in
1229 1514 1522 1567 universam
1556 1521 1780 1565 terram:

210 1618 298 1670 18.
331 1625 384 1668 et
427 1614 550 1667 folia
594 1612 706 1680 ejus
749 1609 1021 1673 ﬂorentia,
1066 1613 1119 1660 et
1166 1606 1363 1658 fructus
1406 1603 1519 1671 ejus
1563 1602 1780 1663 multus,

209 1718 265 1760 et
289 1721 408 1760 esca
435 1704 679 1757 omnibus
708 1702 758 1754 in
781 1716 841 1754 ea
872 1717 882 1750 :
916 1699 1098 1752 subter
1128 1712 1242 1750 eam
1274 1695 1581 1749 habitabant
1604 1693 1784 1748 bestia:

210 1807 472 1866 agrestes.
496 1805 550 1847 et
580 1794 629 1846 in
659 1791 818 1846 ramis
847 1791 961 1857 ejus
990 1787 1249 1856 degebant
1270 1787 1508 1839 volucres
1532 1785 1666 1849 caeli,
1696 1784 1780 1838 19.

213 1897 265 1939 tu
314 1903 392 1947 es,
425 1900 456 1936 ο
485 1899 610 1945 rex;
656 1882 775 1951 quia
818 1877 1180 1948 magnificatus
1222 1893 1278 1929 es
1319 1886 1371 1930 et
1421 1875 1704 1938 invaluisli,
1733 1882 1786 1927 et

211 1975 522 2044 magnitudo
554 1984 638 2026 tua
680 1970 1011 2041 magniﬁcata
1042 1976 1142 2031 est,
1181 1977 1234 2021 et
1260 1967 1503 2036 pervenit
1527 1980 1690 2033 usque
1733 1964 1783 2017 in

211 2069 424 2129 Culum,
459 2076 510 2117 et
539 2062 828 2117 dominatio
873 2069 960 2113 tua
1005 2060 1056 2112 in
1094 2058 1349 2112 terminos
1393 2067 1565 2110 terrm.
1595 2055 1684 2108 20.
1719 2053 1786 2107 Et

212 2159 355 2228 quod
390 2157 516 2210 vidit
545 2172 633 2210 rex
677 2155 745 2221 Ir,
774 2163 828 2209 et
856 2163 1095 2207 sanctum
1123 2151 1528 2206 descendentem
1560 2165 1590 2204 e
1617 2150 1781 2213 caelo;

208 2258 268 2303 et
301 2249 466 2300 dixit:
498 2245 718 2300 Evellite
745 2245 1012 2307 arborem,
1041 2251 1094 2296 ct
1122 2243 1341 2296 evertite
1367 2243 1506 2295 illam
1536 2257 1548 2294 :
1577 2255 1785 2293 verum-

217 2347 394 2390 tamen
440 2351 653 2404 germen
704 2334 938 2387 radieum
982 2332 1098 2400 ejus
1139 2332 1191 2386 in
1236 2341 1375 2386 terra
1421 2333 1594 2394 sinite,
1640 2339 1694 2384 et
1734 2330 1784 2383 in

214 2430 432 2481 vitienlo
465 2428 633 2480 ferreo
660 2435 713 2480 et
738 2441 897 2488 :erco,
927 2433 983 2480 et
1020 2425 1071 2478 in
1106 2423 1266 2478 herba
1295 2438 1412 2492 qure
1454 2422 1580 2476 foris
1609 2429 1708 2484 est,
1736 2429 1789 2474 et

215 2519 268 2571 in
322 2533 440 2569 rore
471 2517 582 2570 cin
626 2516 991 2581 stabttlabitur,
1020 2525 1072 2569 et
1111 2531 1229 2569 cum
1276 2515 1453 2568 bestiis
1496 2514 1787 2582 agrestibus

215 2625 342 2677 pars
389 2609 522 2676 ejus,
572 2608 740 2661 donec
789 2618 990 2675 septem
1039 2616 1274 2674 tempora
1312 2615 1578 2658 mutentur
1630 2618 1787 2672 super

213 2715 337 2752 eum
358 2716 369 2751 :
393 2697 481 2750 21.
513 2697 612 2750 hoc
639 2706 718 2750 est
747 2696 1048 2764 conjectura
1079 2695 1212 2763 ejus,
1243 2710 1274 2748 o
1305 2709 1418 2757 rex,
1449 2701 1501 2747 et
1527 2694 1782 2747 sententia

214 2788 475 2841 Altissimi
519 2795 620 2848 est,
660 2802 776 2854 qua:
826 2786 1066 2854 pervenit
1112 2799 1268 2853 super
1297 2783 1565 2838 dominum
1613 2798 1785 2836 meum

216 2892 401 2946 regem
437 2894 448 2927 :
479 2876 567 2928 22.
616 2887 668 2929 et
707 2886 758 2930 te
794 2875 1060 2944 expellent
1102 2877 1167 2927 ab
1215 2874 1546 2938 hominibus,
1576 2883 1628 2928 et
1669 2888 1786 2928 cum

218 2971 407 3024 bestiis
434 2970 533 3023 erit
565 2969 817 3024 habitatio
850 2977 970 3030 tua;
1020 2978 1071 3022 et
1101 2967 1243 3022 fatuo
1270 2976 1328 3021 ut
1351 2963 1537 3020 bovem
1576 2973 1790 3034 pascent

219 3071 297 3123 te,
335 3071 388 3115 et
427 3076 456 3112 a
499 3076 619 3114 rore
646 3060 760 3114 czeli
791 3060 1018 3129 tingctur
1055 3073 1248 3126 corpus
1297 3067 1462 3121 tuum,
1495 3067 1546 3111 et
1587 3066 1787 3127 septem

221 3163 465 3220 tempora
504 3154 845 3206 mutahttntur
870 3167 1028 3220 super
1052 3162 1121 3217 te,
1151 3151 1320 3206 donec
1349 3153 1483 3205 scias
1509 3150 1646 3219 quod
1691 3150 1789 3202 do-

221 3243 458 3295 minatur
479 3242 777 3295 Altissimus
811 3241 860 3293 in
890 3257 1106 3310 regnum
1131 3241 1420 3302 hominum,
1447 3251 1499 3295 et
1519 3241 1600 3294 cui
1624 3241 1791 3293 visum

222 3331 387 3384 fuerit
414 3331 559 3384 dabit
589 3332 738 3384 illud.
781 3332 870 3385 25.
916 3332 984 3385 Ει
1021 3333 1141 3401 quia
1180 3332 1350 3386 dixit:
1383 3332 1548 3387 Sinite
1578 3347 1791 3400 germen

223 3422 463 3476 radicum
487 3423 692 3476 arboris
725 3440 736 3473 :
771 3438 988 3493 regnum
1020 3434 1162 3478 tuum
1195 3425 1288 3478 tibi
1319 3425 1570 3489 manebit,
1602 3440 1668 3478 ex
1691 3440 1794 3492 quo

222 3515 542 3580 cognoveris
591 3523 905 3582 potestatem
936 3515 1220 3569 czeleslem.
1259 3535 1276 3566 ι
1309 3516 1442 3581 Quid
1489 3516 1642 3584 igitur
1687 3515 1795 3568 ait?

221 3619 333 3670 quo
366 3614 514 3670 pacto
536 3607 848 3659 calamitatis
873 3606 1063 3660 solutio
1086 3608 1389 3675 continget?
1412 3608 1498 3664 24.
1530 3627 1546 3657 ‹
1581 3609 1797 3676 Propter

225 3691 351 3753 hoc,
385 3709 494 3754 rex,
527 3695 806 3748 consilium
835 3712 1011 3750 meum
1057 3699 1260 3766 placeat
1311 3699 1436 3762 tibi;
1485 3709 1537 3751 et
1584 3709 1794 3766 peccata

221 3793 316 3836 tua
357 3784 408 3835 in
439 3784 789 3854 eleetuosynis
820 3787 1039 3851 redime,
1066 3797 1118 3840 et
1143 3787 1442 3855 iniquitates
1472 3798 1584 3841 tuas
1615 3789 1663 3840 in
1695 3789 1794 3841 mi-

223 3872 583 3926 serationibus
613 3889 897 3942 pauperum
918 3874 1273 3946 (a).Forsitan
1304 3879 1402 3930 erit
1432 3879 1797 3948 longanimitas

227 3964 440 4016 delictis
471 3964 594 4015 tuis.
638 3983 654 4014 ι
684 3964 817 4030 Quid
857 3966 956 4030 ais,
988 3964 1224 4020 Forsitan
1262 3968 1396 4020 erit?
1442 3979 1494 4021 et
1525 3969 1798 4023 medicina:

233 4055 334 4106 rint
373 4055 470 4107 sub
495 4055 710 4108 dubiant
746 4057 1006 4124 quoddam
1038 4059 1349 4112 constituis?
1380 4060 1490 4113 Non
1524 4072 1796 4130 propterea

223 4147 360 4211 dixi,
393 4144 650 4207 Forsitan,
687 4162 856 4216 neque
884 4148 1149 4213 dubitans,
1179 4150 1335 4215 absit,
1367 4151 1460 4205 sed
1485 4151 1559 4204 illi
1603 4163 1796 4206 metum

224 4239 472 4290 incutere
502 4237 704 4299 volens,
736 4253 798 4290 ac
827 4239 870 4291 si
898 4253 1052 4306 supra
1075 4254 1285 4293 onmem
1317 4241 1571 4294 medelam
1600 4254 1653 4296 et
1682 4259 1797 4296 om-

225 4343 353 4380 nem
396 4328 600 4381 veniam
644 4339 934 4396 peccasset.
961 4330 1090 4384 Nam
1126 4331 1170 4384 si
1200 4332 1358 4385 etiam
1396 4343 1669 4401 postquam
1702 4336 1800 4388 hoc

229 4417 308 4468 illi
337 4417 535 4468 dictum
569 4416 685 4482 fuit,
715 4419 765 4471 in
798 4419 997 4472 insania
1042 4429 1217 4473 tamen
1262 4424 1548 4490 permansit
1580 4440 1591 4476 :
1637 4425 1801 4478 multo

225 4505 400 4572 magis
437 4506 478 4558 si
511 4506 710 4574 absque
739 4507 1076 4575 ambiguitate
1125 4525 1299 4564 sermo
1349 4511 1548 4566 fuisset.
1592 4512 1798 4567 Etenim

227 4591 284 4644 id
314 4607 522 4660 quoque
554 4594 676 4647 alibi
703 4595 815 4648 vult
849 4597 1011 4661 Deus,
1033 4611 1150 4650 cum
1179 4613 1273 4666 per
1299 4599 1605 4668 prOpltetam
1633 4601 1797 4656 dicit:

226 4682 294 4736 Si
317 4682 497 4734 laveris
525 4684 576 4734 in
608 4685 759 4750 nitro,
780 4687 1029 4738 maculata
1049 4704 1098 4739 es
1115 4704 1282 4740 coram
1305 4705 1400 4756 me,
1421 4690 1538 4742 dicit
1557 4691 1800 4746 Dominus

227 4772 368 4841 (Jer.
401 4771 453 4825 2.
486 4773 597 4842 22).
635 4774 698 4827 Ει
724 4775 911 4828 iterum
941 4793 953 4827 :
978 4777 1049 4829 -Si
1087 4778 1292 4830 mutabit
1321 4779 1562 4849 :Ethiops
1601 4783 1797 4848 pellem,

226 4873 277 4915 et
300 4863 492 4931 pardus
521 4865 782 4917 varietates
808 4881 925 4918 suas
964 4865 1095 4932 (Jer.
1127 4868 1211 4920 l3.
1238 4866 1352 4934 23).
1377 4868 1524 4923 Sicut
1555 4871 1710 4938 igitur
1733 4871 1798 4922 ibi

227 4952 469 5008 excludit
495 4955 877 5022 pmnitentiam,
911 4971 1012 5009 non
1061 4965 1116 5009 ut
1144 4957 1404 5022 excludat,
1428 4959 1517 5012 sed
1550 4969 1604 5012 ut
1635 4960 1800 5028 magis

229 5043 478 5099 homines
506 5054 696 5097 terreat
725 5062 737 5097 :
772 5045 839 5098 ita
869 5054 921 5099 et
965 5046 1051 5100 hic
1077 5049 1258 5101 volens
1285 5049 1563 5103 ostendere
1594 5051 1797 5118 magni-

229 5133 475 5188 tudinem
521 5150 701 5188 eorum
732 5149 850 5202 qua:
883 5147 1210 5204 peccaverat,
1255 5139 1413 5203 dixit,
1446 5138 1679 5193 Forsitan
1703 5140 1797 5210 (b).

299 5282 374 5343 (a)
411 5285 630 5331 Memoria
667 5283 843 5347 labitur
865 5291 1033 5347 Noster
1056 5287 1251 5335 ttomilia
1276 5290 1321 5335 in
1347 5289 1576 5337 Psalmum
1599 5290 1659 5339 95
1678 5329 1689 5347 ,
1717 5291 1798 5339 tibi

231 5344 344 5408 haec
361 5353 598 5408 tamquam
621 5345 677 5392 ad
702 5345 983 5393 Baltasarcm
1007 5346 1132 5395 dicta
1157 5350 1351 5408 profert.
1374 5357 1588 5397 Errorcm
1613 5344 1801 5400 Joannis

220 5400 559 5470 th'sostomi
592 5414 827 5468 sequutus
867 5413 942 5454 est
979 5400 1184 5456 Joannes
1222 5412 1462 5470 Jejunator
1502 5412 1691 5458 Humilia
1738 5413 1801 5459 de

223 5461 554 5530 Etettitentia,
594 5461 891 5530 Continentia
927 5461 1320 5530 etVirginitaté,
1362 5485 1451 5519 nec
1491 5486 1580 5518 non
1617 5473 1799 5520 Gabriel

225 5523 901 5590 PhiladeIphiasrmetropolita
927 5526 1007 5575 lib.
1035 5530 1063 5576 5
1086 5523 1147 5576 de
1172 5523 1498 5581 sacramentis.
1538 5534 1666 5582 Ante
1699 5547 1800 5581 om-

226 5597 323 5653 nes
344 5588 470 5654 idem
502 5588 1014 5679 seripSerat'Origene's
1033 5590 1079 5636 in
1105 5593 1260 5637 Matth.
1289 5593 1375 5648 26,
1401 5597 1448 5651 6,
1476 5601 1567 5641 etc.
1597 5594 1612 5651 (
1642 5594 1800 5642 Homi-

233 5645 352 5679 hnm
376 5647 510 5679 olhnn
535 5648 582 5679 in
615 5650 844 5679 ηοηιηηηυ
886 5650 930 5679 ὶεί
955 5661 1041 5679 nnn
1062 5663 1159 5679 occ.)
1184 5651 1497 5679 ιπΙηαηοηνοηηιὲ
1525 5654 1729 5679 Αἱ...;.......
1753 5656 1800 5679 λ..

231 5645 511 5714 liamIitlum
534 5648 583 5695 in
600 5645 846 5714 'l'salmum
864 5645 930 5698 95
954 5661 1041 5698 non
1061 5663 1159 5699 esse
1184 5645 1497 5714 (‘hrysostoini
1521 5645 1729 5703 diximus
1753 5656 1801 5703 in

233 5706 410 5770 Διοηίιο
429 5703 504 5755 at!
514 5710 771 5770 eamdem.)

297 5768 370 5830 (ὁ)
407 5774 567 5832 Longe
605 5768 842 5821 aliter'de
882 5771 1081 5820 Danielis
1111 5773 1270 5822 verbis
1305 5779 1452 5824 sensit
1485 5784 1526 5823 5.
1566 5777 1802 5826 Salvianus

1617 394 1680 448 IN
1722 389 2083 447 DANIEIJLM.

3345 394 3455 450 218

1889 506 2055 572 Quam
2085 514 2259 558 autem
2297 502 2366 557 ob
2395 517 2603 557 causam
2647 518 2749 557 non
2777 502 2909 558 dixit
2941 523 2953 555 :
2988 499 3261 559 llumilitcr
3291 501 3358 556 de
3403 511 3452 554 te.

1884 597 2056 659 senti;
2091 595 2254 648 Deum
2291 595 2553 664 agnosce?
2578 594 2708 647 Nam
2738 594 2783 648 si
2832 602 3044 664 propter
3070 593 3172 648 hoc
3213 593 3311 647 ista
3358 607 3450 661 pa-

1885 688 2030 750 titur,
2057 694 2188 739 utet
2217 685 2329 754 ipse
2360 685 2452 751 ait,
2494 699 2654 753 quare
2683 685 2781 737 alia
2811 683 3147 738 adhortaris?
3195 683 3353 748 Dixit,
3389 682 3455 737 Ut

1884 785 2184 846 cognoscant
2204 775 2337 845 quod
2367 775 2652 828 dominatur
2671 774 2955 828 Altissimus
2983 776 3033 827 in
3061 790 3268 844 regnum
3295 774 3458 828 Itami-

1885 883 2025 918 nam.
2054 865 2186 931 Quid
2233 865 2399 933 ergo?
2443 875 2502 919 ut
2544 865 2631 918 alii
2672 865 3040 931 emendentur,
3086 880 3184 934 ego
3230 864 3457 934 punior?

1887 955 2043 1010 Nullo
2073 956 2231 1010 modo
2265 975 2277 1010 :
2309 955 2400 1011 sed
2431 956 2482 1009 in
2529 959 2735 1009 somnio
2759 955 2990 1023 quidem,
3021 971 3140 1009 cum
3170 972 3274 1010 non
3300 956 3458 1012 vellet

1887 1057 2070 1115 aperte
2099 1063 2208 1101 rem
2239 1047 2543 1112 ostendere,
2574 1047 2742 1100 dixit:
2779 1045 2844 1102 Ut
2873 1058 3172 1117 cognoscant
3209 1049 3457 1104 viventes:

1889 1138 2070 1192 Daniel
2100 1147 2274 1192 autem
2301 1139 2409 1192 ait:
2447 1136 2614 1190 Donec
2653 1148 2704 1190 tu
2739 1153 3031 1206 cognoscas,
3063 1139 3196 1206 quod
3224 1139 3461 1192 domina-

1889 1241 1969 1284 tur
2002 1231 2285 1284 Altissimus
2311 1233 2364 1284 in
2388 1247 2595 1301 regnum
2622 1231 2901 1294 hominunt,
2931 1240 2978 1283 et
3007 1231 3091 1282 cui
3121 1232 3279 1284 uisum
3309 1232 3458 1300 fuerit

1889 1322 2024 1374 dabit
2064 1320 2213 1374 illud.
2240 1319 2397 1374 Vides
2430 1320 2695 1389 quomodo
2726 1320 2809 1373 hic
2845 1320 2912 1374 de
2953 1319 3251 1374 humilitate
3277 1321 3450 1374 disse-

1888 1410 2095 1465 ruerit?
2143 1412 2210 1463 At
2239 1411 2290 1464 in
2328 1410 2532 1463 sonmio
2556 1410 2788 1478 quidem,
2823 1410 3008 1479 inquit,
3039 1411 3138 1464 hoc
3164 1411 3452 1465 remedium

1889 1502 2082 1559 dictum
2115 1512 2195 1556 est
2228 1519 2240 1554 :
2283 1517 2379 1570 ego
2419 1511 2593 1555 autem
2641 1510 2694 1555 et
2721 1501 2860 1555 aliud
2887 1501 3067 1555 altero.
3095 1501 3453 1567 Quemadmo-

1889 1593 2011 1647 dum
2039 1591 2251 1661 quando
2279 1593 2440 1644 iratns
2464 1600 2544 1645 est
2574 1592 2930 1660 magistratus,
2973 1607 3063 1660 pse
3090 1593 3300 1662 quidem
3330 1592 3458 1646 nihil

1888 1683 2108 1750 dixerit,
2141 1682 2473 1736 familiarium
2517 1689 2692 1736 autem
2751 1681 2891 1735 illius
2941 1683 3152 1750 quidam
3203 1683 3460 1738 accedens

1889 1773 1952 1827 ad
1980 1788 2127 1826 reum
2174 1772 2357 1826 dicet:
2407 1771 2517 1825 Hoc
2565 1771 2663 1836 iac,
2693 1780 2745 1824 et
2792 1769 2924 1834 hoc;
2976 1771 3040 1824 da
3092 1774 3361 1840 pecunias,
3408 1782 3460 1826 et

1889 1879 2051 1933 saepe,
2086 1873 2143 1917 ut
2170 1865 2433 1932 possimus
2461 1863 2666 1931 eripere
2697 1870 2747 1916 te
2775 1861 2840 1914 ab
2881 1861 3305 1930 impendentibus
3347 1878 3458 1916 ma-

1889 1955 1970 2009 lis.
2002 1956 2091 2010 28.
2130 1974 2147 2006 ‹
2194 1954 2326 2008 Cum
2358 1953 2528 2007 adhuc
2577 1968 2752 2007 sermo
2793 1963 2933 2006 esset
2964 1955 3014 2006 in
3044 1968 3136 2007 ore
3166 1954 3324 2022 regis,
3358 1969 3455 2007 vox

1889 2049 1956 2101 de
1981 2047 2113 2100 cmlo
2140 2045 2276 2099 facta
2298 2054 2411 2098 est:
2442 2044 2558 2098 Tibi
2585 2044 2797 2108 dicitur,
2820 2043 3307 2099 Nabuchodonosor
3331 2061 3456 2099 rex:

1890 2152 2109 2206 regnum
2149 2144 2295 2188 tuum
2342 2135 2548 2187 transiit
2573 2149 2601 2185 a
2632 2144 2702 2199 te,
2741 2134 2828 2188 29.
2863 2143 2913 2187 et
2944 2135 3010 2189 ab
3043 2134 3342 2189 hominibus
3367 2150 3460 2189 ex-

1893 2229 2088 2298 pellent
2125 2237 2195 2293 te,
2225 2237 2277 2280 et
2305 2242 2423 2281 cum
2451 2226 2630 2280 bestiis
2673 2228 2772 2281 erit
2800 2226 3052 2281 habitatio
3085 2236 3190 2291 tua,
3223 2235 3275 2282 ct
3312 2225 3460 2281 fama

1893 2330 1951 2374 ut
1978 2321 2167 2374 bovem
2193 2318 2441 2374 cibabunt
2471 2327 2522 2372 te
2553 2335 2566 2372 :
2597 2326 2649 2371 et
2673 2327 2875 2387 septem
2908 2327 3144 2387 tempora
3177 2317 3460 2373 mutabun-

1892 2419 1977 2463 tur
2002 2424 2161 2478 super
2191 2418 2262 2474 te,
2294 2408 2463 2463 donec
2489 2422 2777 2478 cognoscas
2809 2407 2931 2475 quia
2974 2406 3275 2460 dominatur
3299 2406 3460 2460 Altis-

1892 2501 2056 2553 simus
2081 2513 2244 2567 regno
2277 2498 2564 2561 hominum,
2585 2507 2636 2551 et
2665 2497 2748 2551 cui
2769 2498 2937 2551 visum
2965 2495 3123 2551 fuerit
3145 2495 3289 2550 dabit
3309 2496 3456 2550 illud.

1893 2675 1974 2726 lib.
1999 2678 2150 2736 primo
2173 2676 2231 2724 ad
2255 2674 2507 2736 leesiam
2531 2671 2818 2736 Catholicam
2844 2670 3150 2736 :Hocgipsum
3174 2669 3300 2735 quod
3325 2671 3459 2736 dicit,

1894 2731 2116 2794 Forsitan,
2141 2749 2272 2795 spem
2296 2735 2507 2796 indicat,
2515 2747 2607 2796 non
2639 2733 2869 2796 fiduciam
2891 2731 3155 2796 pollicetur.
3175 2731 3255 2796 Ea:
3279 2746 3368 2796 quo
3391 2734 3462 2782 in-

1898 2798 2046 2864 telligi
2063 2793 2228 2864 potest,
2252 2809 2396 2864 quam
2427 2793 2739 2864 dtmcﬂejam
2755 2796 2804 2864 in
2826 2793 3221 2864 supreniisnpositi
3243 2793 3460 2856 peccato.

1894 2871 1971 2920 res
1994 2854 2198 2920 qualibet
2217 2854 2543 2920 munificeniia
2572 2854 2636 2920 ad
2660 2854 2916 2920 perﬁciant
2939 2854 3279 2920 indulgentiam
3299 2869 3460 2920 perre-

1893 2915 2191 2989 nire'possint
2208 2931 2223 2978 ;
2239 2915 2429 2989 quando
2446 2915 2673 2989 propheta
2685 2915 2790 2989 ipse
2807 2918 2884 2978 qui
2902 2915 3464 2989 suadet'propit‘iationem

1897 2980 1985 3029 Dei
2004 2980 2655 3042 inquirendam,promittere
2678 2985 2835 3028 tamen
2869 2990 2960 3027 non
2995 2991 3139 3042 ausus
3176 2983 3246 3042 est
3278 2990 3463 3042 prome-

1894 3037 2113 3090 rendam.
2135 3049 2225 3090 Dat
2245 3037 2490 3089 consilium
2510 3041 2568 3088 de
2589 3046 2715 3100 actu,
2741 3047 2785 3088 et
2809 3045 2963 3087 tamen
2988 3039 3169 3088 dubitat
3188 3037 3249 3100 de
3270 3037 3465 3100 effectu:

1895 3102 2180 3153 hortatorem
2196 3115 2246 3150 se
2263 3100 2434 3162 agendi
2440 3134 2466 3162 ,_
2477 3112 2568 3147 non
2589 3099 2876 3161 impetrandi
2891 3109 3131 3162 auctorem
3153 3099 3284 3162 βιοῦ.
3311 3099 3464 3162 (mare

1894 3162 2001 3212 ita?
2024 3163 2140 3228 Quia
2168 3159 2326 3210 omnes
2356 3160 2542 3228 scilicet
2581 3159 2852 3228 peccatores
2890 3159 3182 3228 debentprb
3219 3172 3270 3209 se
3305 3160 3378 3208 vel
3414 3161 3463 3209 in

1895 3221 2129 3285 supremis
2152 3229 2322 3285 cuncta
2346 3227 2557 3285 tentare,
2578 3221 2666 3270 etsi
2688 3234 2783 3285 non
2816 3228 3007 3285 possunt
3031 3221 3128 3269 ulla
3151 3233 3463 3285 prtesumere.

1895 3280 2101 3346 si'enim
2123 3283 2226 3346 regi
2247 3283 2478 3346 propheta
2493 3281 2582 3346 ille
2605 3294 2691 3346 per
2714 3280 2861 3331 solam
2897 3282 3130 3346 bonorum
3144 3280 3463 3346 cperuntlar-

1896 3345 2087 3408 gitutem
2124 3341 2385 3393 absolutam
2417 3341 2896 3412 indulgentiamhnon.
2923 3341 3182 3412 promittit;
3201 3341 3465 3412 intelligere

1897 3413 2116 3468 peccator
2145 3418 2239 3468 non
2267 3412 2374 3453 acta
2408 3417 2626 3468 errorum
2658 3410 2928 3468 p'ptitentm
2961 3411 3131 3465 potest,
3157 3410 3399 3468 quantum
3419 3411 3466 3468 et

1898 3464 2039 3530 gnam
2062 3465 2200 3530 larga
2223 3465 2273 3530 in
2295 3464 2528 3528 supremis
2550 3464 2872 3530 muniﬁcentia
2903 3464 3020 3526 opus
3043 3473 3110 3513 est
3129 3499 3149 3530 ,_
3168 3465 3246 3526 qui
3271 3465 3362 3513 vult
3383 3466 3465 3514 ob-

1898 3526 2048 3578 tinere
2071 3541 2101 3576 a
2126 3526 2325 3589 Domino
2354 3526 2446 3589 per
2484 3540 2642 3589 seram
2679 3526 2965 3589 devotionem
2987 3563 3000 3582 ,
3025 3526 3149 3589 quod
3188 3538 3282 3589 non
3318 3533 3467 3588 potest

1900 3602 2135 3650 usurpare
2161 3600 2249 3650 per
2269 3587 2437 3650 legem.
2467 3588 2528 3635 At
2552 3587 2911 3649 Chrysostomus
2935 3588 2980 3634 in
3005 3587 3192 3648 scriptis
3215 3587 3466 3650 suissem-

1899 3664 1987 3712 per
2019 3647 2082 3698 'ad
2123 3647 2468 3712 indulgentiam
2507 3647 2788 3712 propensior
2823 3651 3011 3712 videtur
3037 3661 3048 3695 :
3077 3661 3138 3696 ex
3163 3662 3257 3712 quo
3289 3647 3466 3712 factum

1902 3708 1993 3770 est,
2019 3719 2071 3759 ut
2090 3712 2186 3772 jam
2219 3708 2330 3758 olim
2362 3711 2409 3756 in
2450 3708 2730 3757 calumniam
2770 3708 3021 3772 inciderit;
3046 3708 3194 3772 utque
3217 3709 3276 3772 ab
3298 3711 3466 3772 obtre-

1899 3769 2159 3821 ctatoribus
2179 3772 2422 3831 oltjectutn
2449 3772 2533 3831 ipsi
2560 3772 2721 3829 luerit,
2741 3771 2864 3831 quod
2889 3769 3209 3830 peccatoribus
3233 3769 3469 3820 licentiam

1901 3835 2039 3883 daret
2059 3869 2072 3892 ,
2098 3830 2311 3882 docendo
2329 3830 2397 3880 sic
2426 3844 2441 3879 :
2466 3830 2508 3879 si
2529 3832 2700 3894 iterum
2725 3830 2920 3894 pecces,
2945 3831 3116 3879 iterum
3148 3831 3470 3893 pwnitentinm

1900 3895 2026 3956 agito
2045 3891 2066 3954 ;’
2085 3900 2130 3944 et
2151 3894 2327 3956 quoties
2346 3891 2616 3956 peccaueris
2636 3930 2648 3950 ,
2674 3891 2780 3956 ueni
2809 3892 2884 3956 ad
2895 3905 2971 3956 _me_
2992 3926 3006 3948 ,
3032 3898 3075 3940 et
3098 3891 3195 3956 ego
3204 3899 3250 3956 te
3271 3894 3465 3956 curabo.

1902 3951 1972 4003 It'a
1997 3951 2385 4018 iniqua'synodus
2408 3954 2527 4018 apud
2555 3954 2767 4018 Photiutn
2784 3951 3093 4018 bibliotheca:
3116 3951 3157 4000 c.
3183 3953 3269 4018 bii,
3287 3955 3470 4018 quibus

1903 4019 2032 4079 paria
2053 4011 2273 4079 socrates
2294 4011 2509 4079 Historire
2528 4013 2866 4079 ecclesiasticae
2891 4011 2973 4060 lib.
2997 4014 3045 4068 6,
3061 4026 3167 4079 cap.
3193 4013 3267 4062 19.
3287 4011 3468 4062 Verum

1901 4074 1942 4126 id
1985 4078 2092 4146 quis
2131 4077 2278 4145 divini
2325 4074 2541 4146 jtrzesulis
2579 4074 2843 4146 doctrinam
2881 4086 2940 4146 ac
2977 4075 3269 4134 potissimum
3309 4089 3472 4124 mores

1903 4134 2096 4207 penitus
2134 4134 2372 4196 inspicere
2397 4134 2547 4207 velit,
2584 4149 2680 4207 non
2712 4136 2949 4207 dubitabit
2981 4149 3172 4207 mecum
3210 4148 3469 4207 asserere,

1902 4197 2034 4246 illum
2059 4207 2112 4247 ut
2134 4209 2250 4258 erga
2278 4209 2394 4245 vere
2417 4209 2473 4244 ac
2495 4197 2738 4244 humiliter
2763 4198 3055 4258 pmnitentes
3071 4198 3382 4253 mitissimum,
3406 4199 3472 4246 ita

1905 4260 2135 4308 adversus
2157 4265 2464 4306 contumaces
2485 4259 2846 4306 severissimum
2879 4259 3026 4305 luisse
3065 4266 3210 4318 atque
3247 4265 3469 4305 constan-

1909 4322 2140 4368 tissintunt
2159 4352 2172 4376 ,
2199 4330 2404 4379 eamque
2443 4318 2717 4379 adhibuisse
2754 4319 3060 4367 oeconomiam
3081 4351 3095 4375 ,
3120 4329 3213 4377 qua
3245 4331 3381 4364 usttnt
3415 4331 3471 4365 se

1907 4380 2053 4429 fuisse
2079 4377 2587 4440 beatissimusmartyr
2611 4377 2868 4440 Cyprianus
2904 4385 3106 4440 testatur
3130 4379 3177 4424 in
3201 4379 3428 4440 Epist._5_5
3456 4393 3468 4426 :

1906 4448 2024 4503 Opto
2041 4453 2198 4490 onmes
2220 4440 2268 4506 in
2293 4436 2551 4506 Ecclesium
2570 4436 2785 4506 regredi,
2806 4443 2914 4505 opta
2934 4436 3172 4506 universos
3195 4436 3472 4506 commilito-

1906 4498 1987 4551 nes
2009 4508 2191 4551 nostros
2214 4501 2346 4549 intra
2366 4498 2540 4548 (liriin
2563 4504 2719 4546 castra
2742 4503 2786 4546 et
2816 4498 2899 4545 Ut’i
2922 4498 3076 4546 Patris
3099 4498 3338 4548 domicilia
3357 4513 3472 4548 can-

1905 4562 2037 4612 cludi
2065 4575 2080 4611 :
2105 4560 2292 4609 remitto
2313 4557 2486 4615 omnia,
2512 4558 2660 4606 multa
2692 4557 2938 4608 dissimulo
2959 4557 3117 4607 studio
3148 4567 3192 4607 et
3214 4565 3314 4609 toto
3334 4559 3471 4610 colli-

1903 4620 2421 4684 gendtefraternitatis;
2441 4618 2584 4684 etiam
2605 4631 2712 4684 qua:
2729 4619 2779 4667 in
2802 4628 2952 4684 Deum
2965 4619 3210 4684 commissa
3233 4628 3358 4679 sunt,
3382 4635 3474 4671 non

1904 4678 2040 4745 pleno
2059 4678 2247 4745 judicio
2269 4678 2771 4745 religioniseajdmino;
2789 4680 2977 4745 delictis
3001 4678 3105 4743 plus
3131 4694 3272 4744 quant
3293 4678 3474 4745 oportet

1904 4740 2202 4806 i‘eritittendis
2224 4754 2341 4802 pene
2361 4740 2462 4806 ipse
2485 4740 2728 4806 delinquo;
2752 4740 3009 4804 amplector
3029 4740 3244 4804 prompta
3266 4740 3476 4806 expleuit

1905 4802 2152 4865 dilectione
2175 4801 2282 4865 cum
2303 4801 2896 4865 pmtitentiarevertentes
2915 4839 2929 4862 ,
2953 4801 3199 4865 peccatum
3230 4801 3369 4854 suum
3390 4819 3473 4854 sa-

1905 4863 2164 4931 tisfactione
2187 4861 2355 4931 humili
2378 4870 2422 4912 et
2446 4862 2653 4931 simplici
2677 4861 2963 4931 conﬁtentes;
2984 4865 3031 4914 si
3055 4864 3136 4931 qui
3158 4873 3314 4931 autem
3335 4873 3472 4931 sunt,

1904 4921 1984 4986 qui
2007 4931 2171 4987 putant
2194 4937 2243 4973 se
2267 4921 2610 4992 adticclesium
2630 4938 2720 4974 non
2744 4921 2981 4992 precibus,
3007 4921 3092 4992 sed
3116 4925 3255 4992 minis
3279 4921 3473 4992 regredi

1904 4979 2039 5045 posse
2055 5020 2069 5043 ,
2093 4993 2173 5034 aut
2197 4984 2466 5034 existimant
2489 4985 2674 5036 aditum
2696 4979 2754 5036 se"
2769 4987 2856 5036 sibi
2880 4979 2978 5036 non
3001 4979 3406 5037 lamentationibus
3427 4995 3474 5038 et

1904 5046 2301 5109 satis/actionibus
2323 5079 2336 5104 ,
2361 5048 2445 5096 sed
2469 5047 2730 5097 terroribus
2763 5050 2946 5109 facere,
2975 5059 3064 5100 mo
3086 5056 3216 5109 certo
3238 5049 3472 5109 habeant,

1906 5107 2078 5176 contra
2104 5107 2221 5176 tales
2238 5175 2242 5176 ν
2258 5107 2476 5176 clausam
2500 5114 2626 5157 stare
2665 5107 2923 5176 Ecclesium
2964 5107 3151 5157 Domini
3170 5145 3182 5166 ,
3208 5123 3294 5176 nec
3316 5107 3474 5176 castra

1904 5168 2080 5218 Christi
2101 5168 2276 5218 inuicta
2297 5176 2341 5218 et
2363 5168 2535 5230 fortia,
2574 5176 2620 5217 et
2658 5169 2856 5218 nomine
2891 5177 3044 5219 tuente
3083 5173 3295 5229 ntunita,
3337 5171 3476 5223 minis

1905 5231 2074 5279 cedere
2094 5269 2106 5286 ,
2134 5239 2308 5300 etc.__L‘t
2339 5239 2392 5300 ut
2412 5237 2506 5300 est,
2532 5232 2697 5300 negari
2720 5238 2858 5300 certe
2879 5233 3048 5300 nequit
3067 5269 3080 5286 ,
3107 5234 3221 5294 quin
3246 5233 3442 5300 tacililas
3459 5270 3474 5290 .

1905 5304 2046 5352 quam
2069 5292 2298 5340 nonnulla
2323 5294 2471 5354 patris
2493 5292 2629 5339 aurei
2668 5294 2816 5354 verba
2855 5292 3151 5354 praeferunt}
3175 5296 3474 5344 occasionem

1904 5354 2098 5415 dederit
2123 5352 2470 5413 posterioribus
2483 5355 2676 5415 Graecis,
2705 5352 2905 5402 multum
2928 5354 2991 5404 de
3015 5367 3264 5415 prunarum
3288 5369 3313 5402 a
3337 5368 3475 5403 cano-

1907 5414 2048 5462 nibus
2086 5417 2412 5476 impositarum
2450 5414 2615 5476 rigore
2651 5415 2964 5476 remittendi;
3006 5423 3057 5463 ut
3103 5415 3274 5476 legere
3313 5424 3388 5464 est
3425 5417 3474 5464 in

1907 5487 2073 5522 eorum
2086 5473 2514 5537 pmtiitentialibus’
2531 5473 2666 5522 libris
2684 5513 2695 5532 ,
2720 5473 3049 5537 imprimisque
3071 5473 3261 5524 Joannis
3282 5483 3473 5535 Jejuno-

1907 5537 2037 5583 toris.
2085 5536 2221 5584 Idem
2265 5537 2538 5596 generatim
2583 5537 2826 5584 observari
2881 5536 3032 5585 debet
3078 5537 3140 5584 de
3192 5537 3474 5596 quibusdam

1908 5605 2128 5644 veterum
2153 5604 2340 5658 patrum
2364 5596 2520 5655 dictis,
2537 5598 2662 5657 quod
2685 5609 2850 5645 eorum
2874 5605 3087 5644 mentem
3115 5609 3206 5643 non
3229 5597 3476 5658 asequnti

1906 5658 2001 5705 sint
2023 5657 2344 5715 recentiores,
2370 5659 2515 5705 etiam
2533 5659 2715 5719 latini;
2739 5669 2862 5719 quos
2896 5660 3022 5719 inter
3046 5659 3274 5719 inventus
3296 5657 3368 5707 est
3391 5657 3477 5719 qui

1909 5720 2214 5826 ptqpitentias
2248 5720 2497 5768 canonicas
2521 5716 2834 5780 (horrentium
2855 5717 3004 5778 dictu)
3044 5716 3367 5776 carui/tcimmt
3397 5716 3483 5780 ap-

1910 5792 1968 5826 L02
2007 5789 2128 5826 aret.

1909 5789 2128 5839 pettaret.
