4032 6220
549 347 661 402 219

545 450 634 506 50.
686 451 879 506 Eadem
925 450 1052 503 hora
1101 462 1275 502 scrmo
1311 444 1604 514 completus
1641 449 1722 494 est
1744 454 1900 506 super
1923 437 2099 491 Nabu-

547 540 990 600 chodouosorem,
1020 545 1075 592 et
1106 536 1172 589 ab
1201 533 1499 588 hominibus
1523 530 1772 599 expulsus
1797 536 1895 590 est,
1928 535 1981 580 et
2009 525 2104 578 fa:-

549 645 674 682 nnm
715 639 770 682 ut
801 630 896 682 bos
921 625 1171 690 comedit,
1202 633 1255 677 et
1279 638 1309 677 a
1337 636 1456 676 rore
1497 621 1608 674 caeli
1637 633 1828 687 corpus
1873 617 1987 685 ejus
2019 617 2100 668 in-

548 717 745 771 fectum
772 726 873 783 est,
901 715 1069 770 donec
1107 713 1280 781 capilli
1308 711 1421 780 ejus
1447 721 1505 763 ut
1527 710 1736 762 leonum
1786 706 1875 775 pili
1918 720 2102 759 creve-

549 814 692 869 runt,
720 814 774 860 et
817 817 1019 871 ungues
1052 803 1165 871 ejus
1195 802 1358 854 instar
1402 799 1653 867 unguium
1697 795 1829 847 avis.
1864 813 1882 845 ι
1917 793 2105 861 Aspice

548 894 862 948 sententiam
892 909 1007 962 qua:
1033 892 1258 959 desuper
1293 889 1455 944 fertur
1476 887 1541 942 ad
1567 888 1732 955 ipsum
1762 883 2104 937 Nabuchodo-

550 999 816 1039 nosorem.
843 985 908 1038 Et
927 983 991 1037 ad
1019 982 1174 1036 linem
1203 980 1462 1035 devenere
1492 993 1594 1032 res.
1615 975 1890 1045 lgnorasti,
1915 973 2100 1041 inquit,

550 1073 834 1129 humanam
890 1074 1232 1136 nobilitatem,
1281 1072 1330 1124 in
1385 1070 1670 1123 bestiarum
1727 1065 2104 1135 ignobilitatem

552 1164 810 1219 decidisti.
857 1163 996 1217 Nihil
1036 1162 1433 1231 ignominiosius
1476 1160 1574 1213 ista
1627 1172 1683 1211 re
1727 1155 1837 1209 fieri
1881 1163 2102 1224 poterat,

553 1270 725 1326 neque
763 1257 806 1308 si
831 1254 896 1308 ad
920 1261 1298 1324 paupertatem,
1328 1265 1494 1320 neque
1520 1250 1563 1302 si
1591 1248 1655 1301 ad
1683 1246 1908 1311 vincula,
1939 1259 2106 1313 neque

553 1346 596 1399 si
627 1345 692 1399 ad
733 1345 1056 1408 servitutem,
1091 1356 1258 1411 neque
1306 1340 1350 1394 si
1388 1340 1453 1393 ad
1499 1337 1640 1392 aliud
1682 1335 1804 1406 quid
1851 1334 2106 1404 ejusmodi

553 1434 701 1488 illum
733 1434 1038 1502 redegisset.
1081 1432 1245 1486 Porro
1275 1430 1418 1484 nullo
1462 1429 1616 1482 modo
1653 1441 1772 1482 eum
1812 1441 1841 1479 a
1886 1424 2108 1478 naturali

555 1525 826 1579 nobilitate
865 1523 1019 1592 ejecit
1053 1541 1066 1577 :
1110 1537 1206 1576 nec
1246 1535 1435 1590 corpus
1476 1521 1618 1573 illius
1661 1519 1711 1571 in
1750 1517 1930 1572 bestia:
1960 1523 2110 1568 natu-

558 1629 670 1667 ram
711 1614 932 1667 mutavit
961 1631 973 1665 :
1014 1611 1106 1667 sed
1149 1611 1273 1664 illud
1301 1625 1405 1678 quo
1433 1609 1498 1662 ab
1539 1605 1926 1661 irrationalibus
1949 1604 2109 1657 dista-

557 1703 669 1767 bat,
697 1702 748 1756 in
776 1701 1036 1756 feritatem
1069 1700 1367 1755 transtulit?
1397 1697 1671 1764 Quomodo
1716 1695 1912 1764 igitur?
1954 1693 2023 1749 Ut
2057 1701 2112 1748 et

560 1792 748 1860 reliqui
792 1791 996 1846 discant
1023 1807 1088 1845 ex
1137 1791 1273 1844 illius
1315 1789 1453 1854 cibo,
1481 1797 1533 1843 et
1580 1804 1642 1841 ex
1687 1787 1827 1841 illius
1871 1793 2108 1854 aspectu.

557 1882 692 1949 Quid
717 1893 891 1938 autem
923 1897 1017 1953 per
1044 1883 1155 1936 haec
1182 1882 1477 1935 docemur?
1505 1879 1704 1946 Nempe
1732 1876 1871 1946 quod
1899 1875 1996 1930 etsi
2025 1889 2113 1929 ea-

557 1973 680 2028 dem
719 1973 869 2027 nobis
897 1988 999 2027 non
1029 1972 1298 2036 eveniant,
1331 1982 1502 2024 tamen
1544 1968 1734 2023 melius
1775 1967 1864 2020 illo
1893 1981 1996 2020 non
2026 1981 2112 2018 su-

560 2078 679 2119 mus
707 2063 899 2130 allecti,
935 2062 1144 2133 quando
1173 2063 1224 2115 in
1264 2061 1562 2130 superbiam
1608 2067 1698 2112 aut
1739 2059 1792 2112 in
1830 2058 2112 2112 belluinant

559 2157 1005 2226 perturbationem
1033 2157 1343 2212 delabimur.
1375 2156 1512 2221 Quot
1562 2169 1702 2208 nunc
1744 2169 1847 2207 non
1877 2167 2027 2208 secus
2051 2166 2115 2207 ac

560 2244 1041 2301 Nabuchodonosor
1070 2247 1175 2312 ille,
1208 2247 1388 2300 bestia:
1438 2253 1665 2299 mentem
1702 2243 1928 2299 habent!
1981 2243 2114 2297 Audi

562 2334 738 2403 itaque
759 2334 1011 2390 Joannem
1042 2335 1304 2389 dicentem
1337 2352 1350 2386 :
1380 2332 1663 2402 Serpentes,
1686 2333 1936 2402 genimina
1975 2332 2115 2401 vipe-

563 2440 736 2477 rarum
756 2423 963 2494 (Matth.
987 2425 1038 2479 ὅ.
1065 2425 1116 2478 7.
1149 2435 1194 2477 et
1221 2424 1310 2477 25.
1351 2424 1474 2491 53);
1505 2433 1556 2477 et
1586 2435 1767 2476 rursus
1794 2422 1953 2474 alium
1996 2436 2116 2490 pro-

565 2515 780 2583 phetam
810 2516 1034 2571 aientem
1064 2534 1076 2569 :
1111 2514 1241 2584 Equi
1269 2516 1484 2583 {urentes
1514 2515 1565 2566 in
1595 2514 1805 2584 feminas
1826 2514 1945 2583 facti
1971 2522 2117 2578 sunt;

565 2606 901 2674 unusquisque
933 2607 999 2657 ad
1020 2622 1224 2658 uxorem
1259 2606 1472 2674 proximi
1499 2605 1782 2657 [tinniebant
1803 2605 1933 2672 (λετ.
1958 2605 2009 2659 5.
2032 2603 2117 2673 8);

564 2704 620 2748 et
645 2697 802 2748 alium
831 2695 998 2749 adhuc
1023 2713 1034 2748 :
1064 2693 1222 2749 Canes
1251 2695 1372 2746 muti
1403 2711 1499 2746 non
1526 2695 1734 2747 valentes
1756 2694 1939 2747 latrare
1968 2692 2117 2763 (Isai.

565 2786 654 2839 56.
680 2786 802 2856 10):
830 2797 877 2840 et
910 2787 1068 2839 alium
1101 2802 1281 2839 rursus
1307 2785 1487 2854 vulpes
1516 2785 1863 2854 appellantem
1911 2784 2118 2851 (Ezech.

569 2877 656 2931 15.
684 2875 762 2945 4).
790 2886 843 2930 et
865 2877 1020 2929 alium
1051 2877 1307 2930 dracones
1327 2890 1389 2929 ac
1414 2876 1686 2929 basiliscos
1709 2874 1875 2945 (Psat.
1904 2876 1991 2930 90.
2013 2875 2117 2945 l3).

569 2965 733 3019 Multo
759 2974 932 3018 autem
981 2965 1212 3019 deterius
1253 2975 1334 3020 est
1363 2980 1480 3020 cum
1528 2964 1578 3018 in
1623 2964 1720 3019 hac
1768 2965 1874 3019 vita
1917 2980 2120 3032 sumus,

570 3054 795 3119 elTerari,
823 3071 976 3124 quam
998 3056 1184 3110 eadem
1210 3071 1329 3109 cum
1357 3054 1868 3110 Nabuchodonosore
1895 3053 2124 3124 pati.llle

570 3143 828 3211 siquidem
871 3145 1000 3198 nihil
1040 3145 1164 3198 mali
1192 3148 1242 3198 in
1270 3145 1502 3198 animum
1525 3144 1830 3198 admittebat
1862 3162 1875 3198 :
1909 3159 2004 3199 nos
2029 3160 2122 3199 au-

570 3242 674 3287 tem
701 3234 825 3287 dum
879 3235 948 3288 ita
997 3236 1266 3289 innumera
1310 3245 1519 3303 peccata
1568 3237 1880 3304 colligimus,
1930 3246 2125 3306 quanto

573 3324 781 3392 pejores
808 3324 1134 3393 sumusjam,
1163 3326 1298 3378 sicut
1324 3325 1517 3378 dictum
1545 3336 1644 3378 est.
1668 3326 1764 3390 Qui
1792 3337 1964 3379 autem
1987 3325 2123 3394 apud

570 3414 808 3467 ethnicos
832 3415 1094 3483 sapientes
1125 3414 1463 3476 habebantur,
1494 3416 1762 3468 mutabant
1799 3416 2036 3469 homines
2072 3417 2124 3469 in

576 3504 784 3558 bestias.
817 3505 920 3558 Sed
961 3505 1230 3560 videamus
1260 3505 1541 3574 quomodo.
1600 3506 1884 3560 Gentilium
1913 3507 2124 3575 quidem

571 3594 1026 3662 metatnorphoses
1053 3594 1240 3648 fabula:
1267 3605 1450 3658 erant;
1484 3597 1579 3648 ista
1624 3604 1798 3649 autem
1834 3611 1955 3649 vera
1982 3606 2124 3650 sunt.

571 3683 682 3748 Qua
706 3683 843 3738 enim
867 3683 930 3738 de
951 3697 1106 3737 eausa
1130 3684 1369 3738 homines
1392 3687 1510 3739 illos
1545 3689 1915 3741 mutaverunt?
1942 3688 2122 3742 Nulla:

573 3785 624 3827 at
665 3773 930 3842 Scriptura
960 3790 1168 3828 causam
1195 3791 1405 3844 quoque
1450 3775 1684 3845 profert:
1720 3777 1786 3831 Ut
1824 3789 2125 3848 cognoscant

574 3880 760 3925 omnes,
778 3865 894 3934 quia
916 3865 1200 3918 dominatur
1215 3866 1496 3919 Altissimus
1518 3883 1668 3936 regno
1690 3867 2128 3924 hontinuni.Vides

574 3963 633 4008 ut
660 3957 833 4008 omnia
886 3955 993 4009 Deo
1046 3956 1313 4024 possibilia
1343 3957 1485 4010 sint?
1533 3958 1689 4010 etiam
1735 3973 1798 4010 ex
1830 3958 2128 4014 hominibus

575 4045 768 4100 bestias
795 4046 984 4111 facere,
1017 4057 1070 4102 et
1095 4056 1321 4102 mentem
1351 4050 1588 4103 mutare?
1615 4049 1798 4119 Cogita
1827 4060 2017 4119 quanta
2045 4065 2129 4104 res

576 4144 718 4189 esset
742 4151 883 4199 eum,
910 4138 996 4205 qui
1025 4146 1176 4191 antea
1204 4139 1254 4190 in
1278 4145 1422 4192 tanto
1446 4138 1728 4206 Splendore
1759 4140 1990 4204 vixisset,
2015 4156 2129 4194 cer-

577 4239 706 4278 nere
727 4240 841 4279 eum
873 4224 1051 4280 bestiis
1072 4227 1368 4296 degentem,
1403 4228 1618 4284 nudum.
1645 4227 1758 4281 Non
1786 4230 1924 4282 enim
1952 4230 2130 4298 utique

577 4313 801 4368 formam
833 4317 1084 4381 mutavit;
1117 4317 1535 4386 quandoquidem
1573 4318 1623 4371 id
1667 4319 1986 4372 horrendum
2025 4334 2128 4371 non

577 4403 782 4459 fuisset.
823 4406 925 4460 Cor
953 4417 1126 4460 autem
1153 4408 1333 4461 bestia:
1361 4409 1627 4476 accepisse
1674 4425 1776 4462 non
1821 4409 1938 4462 ideo
1981 4409 2128 4472 dicit,

578 4493 717 4560 quod
765 4505 940 4549 mente
991 4497 1147 4550 fuerit
1197 4498 1474 4564 alienatus,
1521 4498 1610 4552 sed
1657 4498 1794 4567 quod
1849 4498 2131 4552 humanum

578 4581 811 4634 animum
845 4582 1058 4646 habens,
1100 4597 1287 4639 cuncta
1332 4591 1566 4641 sentiret.
1611 4586 1739 4640 Nam
1771 4587 1813 4639 si
1845 4603 2132 4641 conversus

580 4669 764 4724 fuisset
791 4671 841 4724 in
871 4671 1110 4733 bestiam,
1139 4689 1197 4725 ea
1227 4691 1341 4740 qua:
1382 4678 1692 4731 eveniebant
1729 4694 1829 4731 non
1853 4680 2129 4748 cognovis-

578 4769 678 4814 set.
703 4761 835 4827 Quid
869 4762 1023 4830 igitur
1050 4763 1326 4831 signiﬁcat,
1356 4764 1453 4816 Cor
1480 4768 1642 4819 bestia:
1669 4768 1838 4820 datum
1864 4777 1935 4821 est
1960 4770 2004 4822 ei
2025 4769 2132 4836 (a)?

580 4847 636 4902 ld
667 4859 767 4914 est,
796 4853 1013 4920 agrestis
1041 4867 1100 4906 ac
1141 4851 1280 4907 ferus
1315 4854 1498 4917 evasit,
1529 4869 1625 4908 nec
1655 4857 1859 4910 volebat
1883 4873 2000 4912 cum
2035 4860 2130 4912 ho-

580 4939 810 4995 minibus
837 4944 1031 4997 versari
1059 4960 1073 5008 ;
1121 4944 1201 4996 vel
1246 4943 1423 5007 etiam,
1450 4944 1664 4997 timebat
1685 4960 1803 4998 cum
1837 4946 2132 5001 hominibus

579 5027 805 5096 degere;
850 5032 957 5096 vel,
986 5031 1224 5085 homines
1260 5041 1318 5085 ut
1345 5031 1482 5086 feras
1512 5035 1796 5088 metuebat.
1842 5033 1976 5100 Quid
2022 5036 2132 5090 fieri

578 5120 745 5187 possit
787 5120 878 5172 illo
906 5121 1220 5175 sublimius?
1245 5123 1367 5191 quid
1395 5123 1580 5177 eodem
1625 5123 1910 5178 humilius?
1954 5124 2022 5177 Et
2047 5143 2132 5179 ea:-

580 5210 754 5276 pulsns
782 5219 853 5262 est
877 5209 936 5261 ab
961 5210 1257 5265 hominibus.
1296 5212 1560 5282 Nusquam
1605 5214 1742 5267 illius
1783 5217 2007 5282 potentia
2039 5217 2132 5270 de-

583 5298 749 5352 fendit
795 5301 957 5353 illum.
1003 5300 1115 5353 Non
1145 5310 1258 5354 erat
1285 5304 1557 5357 carnivora
1602 5305 1786 5369 bestia,
1819 5306 1910 5358 sed
1939 5308 2132 5360 {tantum

579 5389 887 5444 comedebat
938 5399 990 5444 et
1018 5400 1148 5443 erat-
1176 5392 1346 5459 imago
1391 5393 1549 5445 bruti.
1583 5394 1651 5448 Ut
1688 5395 1893 5457 credas,
1936 5397 2130 5464 inquit:

579 5478 724 5532 velut
750 5494 843 5547 pro
865 5488 1116 5533 consueto
1146 5479 1334 5547 pabulo
1365 5479 1579 5534 habebis
1607 5484 1840 5536 herbam.
1863 5484 2136 5548 Quomodo

639 5610 713 5673 (a)
746 5618 852 5661 Haec
874 5614 921 5662 in
957 5616 1187 5677 Scriptura
1228 5625 1320 5661 non
1358 5613 1629 5677 habentur,
1668 5618 1755 5666 sed
1797 5617 1890 5666 huc
1927 5619 2136 5668 traducta

577 5682 688 5721 sunt
710 5686 773 5722 ex
797 5687 939 5724 versu
964 5675 1040 5723 15.

1264 336 1316 390 S.
1355 327 1625 389 JOANNIS
1660 322 2122 383 CllRYSOSTOMI
2163 320 2469 376 ARCHIEP.
2509 318 3022 378 CONSTANTINOP.

3654 330 3766 386 220

2210 434 2332 488 fera:
2375 436 2517 488 illum
2563 452 2666 488 tton
2696 435 3046 488 devorarunt‘!
3087 432 3354 500 quomodo
3400 446 3593 498 corpus
3625 432 3763 484 illius

2204 528 2350 582 cibos
2400 527 2660 595 ejusmodi
2713 528 2877 594 potuit
2933 526 3301 593 concoquere?
3345 524 3610 592 quomodo
3659 538 3761 576 non

2210 619 2399 686 periit?
2441 617 2618 686 Neque
2647 617 2785 670 enim
2830 617 2990 671 breve
3037 627 3245 683 tempus
3289 615 3586 668 intercessit
3615 631 3627 665 :
3655 614 3762 667 cir-

2208 709 2399 770 cuihat,
2429 708 2673 762 omnibus
2704 708 2870 761 factus
2896 709 3191 774 exemplum
3219 705 3546 768 humilitatis,
3581 706 3632 757 in
3676 719 3764 758 se-

2209 799 2324 866 ipso
2355 798 2527 852 ferens
2554 798 2742 852 indicia
2769 798 3076 865 punitionis,
3104 795 3546 863 quemadmodum
3577 807 3763 847 servas

2209 889 2347 942 notis
2381 897 2739 954 compunctus.
2772 891 2839 942 At
2871 895 3013 941 certe
3054 887 3400 956 praestitisset,
3428 884 3618 938 dixerit
3655 883 3764 937 for-

2213 987 2349 1031 tasse
2373 978 2580 1046 aliquis,
2607 993 2723 1031 cum
2760 977 3062 1031 hominibus
3101 975 3242 1028 illum
3270 975 3490 1037 versari,
3519 985 3677 1043 atque
3708 974 3766 1027 id

2211 1070 2314 1138 pati
2341 1087 2353 1122 :
2387 1069 2477 1123 sed
2501 1079 2555 1121 nt
2584 1084 2736 1136 premi
2778 1069 2874 1136 ipsi
2904 1069 3270 1135 adaugeretur,
3303 1066 3404 1118 hoc
3434 1064 3622 1118 factum
3663 1074 3768 1117 est.

2209 1161 2338 1214 Nam
2361 1162 2633 1229 castigatio
2673 1160 2887 1230 perinde
2924 1160 3190 1224 manebat,
3216 1174 3333 1212 cum
3360 1173 3477 1226 qua:
3518 1157 3614 1225 ipsi
3641 1171 3768 1210 eve-

2211 1264 2418 1314 nerant,
2439 1265 2624 1305 omnes
2646 1252 3000 1315 enuntiarent,
3018 1264 3241 1318 cumque
3265 1249 3432 1316 ipsum
3451 1262 3599 1315 atque
3623 1246 3766 1299 vide-

2210 1352 2326 1396 rent
2349 1342 2494 1406 foris,
2514 1341 2562 1394 id
2587 1352 2759 1396 autem
2777 1355 2993 1395 cernere
3018 1340 3182 1393 multo
3209 1338 3494 1392 terribilius
3514 1346 3645 1391 erat.
3661 1336 3769 1390 Nee

2209 1441 2416 1500 tempus
2434 1432 2591 1486 breve
2608 1431 2720 1493 fuit,
2737 1431 2892 1486 sedet
2909 1433 3077 1500 ipsum
3094 1429 3570 1484 sabbaticum.Natn
3585 1437 3768 1497 septem

2211 1531 2452 1589 tempora,
2469 1522 2650 1590 inquit,
2667 1522 3015 1574 mutabuntur:
3038 1521 3088 1574 id
3106 1528 3203 1580 est,
3228 1527 3332 1574 tres
3350 1521 3468 1571 anni
3485 1533 3601 1571 cum
3627 1517 3773 1570 dimi-

2211 1611 2478 1680 dio(a).3l
2493 1651 2506 1663 .
2527 1630 2546 1663 α
2573 1613 2636 1665 Et
2654 1623 2766 1679 post
2787 1611 2938 1664 finem
2959 1610 3162 1665 dierum
3177 1625 3292 1676 ego,
3307 1629 3325 1660 ι
3349 1608 3531 1677 inquit,
3558 1626 3574 1657 ι
3601 1607 3774 1660 Nabu-

2212 1702 2546 1757 chodonosor
2573 1704 2753 1756 oculos
2771 1716 2916 1757 meos
2937 1703 2986 1754 in
3011 1701 3195 1755 caelum
3220 1700 3462 1764 levavi,et
3483 1712 3630 1751 mens
3657 1712 3773 1751 mea

2215 1808 2421 1847 reversa
2436 1804 2516 1848 est
2533 1793 2596 1846 ad
2622 1808 2725 1855 me,
2748 1791 3140 1847 etAltissimum
3166 1791 3429 1855 benedixi,
3446 1789 3773 1843 etviventcm

2218 1885 2272 1938 in
2299 1883 2488 1938 satcula
2521 1883 2746 1948 laudavi,
2777 1891 2830 1936 et
2879 1881 3185 1949 glorificavi,
3226 1881 3344 1948 quia
3399 1887 3631 1948 potestas
3658 1879 3774 1946 ejus

2217 1982 2446 2042 potestas
2467 1981 2684 2037 aeterna,
2699 1982 2751 2027 et
2765 1987 2981 2041 regnum
3001 1971 3113 2039 ejus
3141 1972 3191 2024 in
3217 1972 3602 2039 generationem
3616 1978 3668 2022 et
3683 1984 3777 2036 ge-

2215 2063 2568 2117 nerationem.
2611 2061 2698 2117 52.
2730 2062 2792 2116 Et
2817 2075 3001 2115 omnes
3029 2060 3346 2115 habitatores
3396 2069 3582 2121 terrai,
3623 2057 3774 2125 quasi

2215 2152 2438 2207 nihilum
2464 2152 2691 2221 reputati
2711 2161 2851 2205 sunt.
2877 2151 3103 2219 Etjuxta
3126 2151 3443 2204 voluntatem
3474 2164 3621 2202 suam
3650 2146 3774 2201 facit

2218 2242 2270 2298 in
2293 2243 2486 2297 virtute
2511 2242 2643 2308 cmli,
2667 2250 2721 2297 et
2741 2242 2790 2295 in
2819 2241 3140 2294 habitatione
3159 2250 3342 2294 teme:
3372 2249 3425 2294 et
3453 2254 3555 2293 non
3575 2251 3656 2293 est
3681 2237 3771 2307 qui

2217 2333 2430 2387 resistat
2447 2333 2618 2386 manui
2642 2333 2773 2401 ejus,
2797 2339 2851 2386 et
2873 2331 3012 2386 dicat
3037 2330 3082 2385 ei
3107 2331 3311 2397 :Quare
3341 2329 3549 2384 fecisti?
3584 2346 3599 2380 ι
3635 2328 3773 2382 Ocu-

2218 2424 2294 2479 los
2322 2442 2488 2491 meos,
2523 2424 2721 2494 inquit,
2748 2424 2800 2476 in
2848 2423 3022 2477 caelum
3065 2422 3236 2476 levavi.
3275 2421 3384 2476 Hoc
3427 2431 3539 2482 est.
3571 2421 3698 2475 adiit
3724 2430 3779 2477 et

2220 2527 2464 2587 precatus
2485 2525 2564 2571 est
2589 2516 2772 2578 Deum,
2801 2522 2853 2568 et
2877 2514 2996 2568 inde
3025 2513 3272 2568 auxilium
3293 2513 3546 2582 quaesivit.
3579 2512 3779 2579 Quam-

2221 2621 2378 2675 quam
2400 2615 2603 2675 tempus
2620 2603 3104 2674 completumforet,
3135 2618 3236 2656 non
3264 2601 3558 2656 confidebat
3579 2611 3773 2655 tamen.

2224 2696 2373 2751 Sicut
2397 2697 2534 2750 enim
2569 2697 2618 2750 in
2651 2696 2811 2764 ipsius
2860 2703 3120 2763 potestate
3173 2703 3309 2761 erat,
3342 2703 3396 2747 ut
3445 2708 3548 2746 non
3578 2694 3779 2745 sineret

2229 2802 2314 2840 res
2347 2787 2396 2839 in
2425 2786 2666 2840 effectum
2695 2786 2940 2840 devenire
2973 2804 2984 2839 :
3013 2787 3081 2840 ita
3109 2785 3287 2848 etiam,
3308 2786 3350 2839 si
3377 2794 3611 2852 tempore
3640 2781 3779 2851 quod

2224 2875 2493 2930 definitum
2525 2875 2692 2930 fuerat
2717 2877 2998 2945 completo,
3029 2877 3348 2931 incorrectus
3371 2875 3665 2935 mansisset.
3691 2875 3772 2926 ni-

2227 2966 2300 3020 hil
2337 2967 2432 3038 ipsi
2462 2967 2735 3035 profuisset
2776 2967 2858 3021 illa
2907 2969 3158 3038 temporis
3202 2967 3454 3021 definitio.
3489 2966 3614 3019 Nam
3647 2980 3770 3018 sen-

2229 3059 2389 3110 tentia
2419 3058 2508 3110 Dei
2559 3071 2660 3110 non
2691 3056 2754 3110 ad
2787 3059 3146 3112 necessitatem
3169 3098 3182 3120 ,
3217 3057 3308 3111 sed
3344 3056 3408 3110 ad
3439 3072 3523 3112 res
3569 3066 3780 3109 nostras

2227 3147 2554 3215 exprimitur.
2586 3145 2658 3201 lla
2690 3155 2742 3201 et
2768 3147 2969 3213 Daniel,
2999 3147 3236 3216 quamvis
3266 3158 3467 3212 tempus
3510 3147 3780 3214 impletum

2226 3246 2384 3300 esset,
2419 3238 2605 3290 merito
2635 3244 2769 3301 orat,
2822 3251 2886 3290 ne
2916 3237 3199 3290 accedente
3225 3236 3442 3299 malitia,
3465 3234 3635 3287 adhuc
3659 3249 3777 3302 poe-

2227 3340 2308 3379 na:
2355 3342 2416 3380 ac
2457 3328 2676 3395 tempori
2723 3327 3032 3395 adjungatur
3073 3328 3198 3396 quid
3245 3326 3424 3395 (Dan.
3457 3327 3510 3381 9.
3542 3327 3619 3393 6).
3651 3326 3781 3380 Nam

2229 3418 2365 3470 sicut
2413 3431 2476 3470 ex
2506 3417 2828 3471 humanitate
2861 3417 2908 3470 id
2937 3417 3227 3484 contingit,
3259 3415 3698 3485 quemadmodum
3731 3418 3784 3470 in

2229 3505 2416 3560 Ezekia
2449 3524 2460 3558 :
2491 3507 2556 3560 ita
2597 3506 2720 3560 etin
2749 3507 3016 3574 punitione
3046 3507 3156 3559 fieri
3192 3522 3285 3575 par
3308 3515 3408 3568 est,
3439 3517 3574 3560 utet
3614 3507 3664 3560 in
3692 3506 3786 3561 Ju-

2228 3597 2357 3650 dacis
2384 3616 2396 3649 :
2422 3597 2626 3650 volebat
2646 3611 2739 3651 eos
2771 3597 2907 3651 Deus
2931 3598 3106 3651 statim
3129 3598 3180 3649 in
3210 3596 3543 3650 Palaestinam
3575 3597 3782 3652 redire:

2232 3690 2305 3743 illi
2357 3688 2698 3758 quadraginta
2743 3703 2908 3742 annos
2963 3688 3061 3741 sibi
3114 3688 3266 3754 adjici
3317 3703 3409 3755 per
3455 3688 3786 3756 iniquitatem

2231 3794 2378 3833 suam
2399 3788 2701 3833 meruerunt
2722 3779 2796 3846 (4.
2829 3779 2955 3848 Reg.
2981 3777 3095 3847 90).
3120 3777 3252 3832 Vide
3276 3788 3450 3831 autem
3480 3778 3625 3830 illum
3652 3792 3782 3829 con-

2231 3867 2408 3937 fugere
2436 3867 2498 3921 ad
2530 3869 2709 3921 Deum.
2733 3869 2975 3936 Suspexi,
2999 3868 3187 3938 inquit,
3212 3869 3263 3920 in
3290 3868 3499 3928 ca-lum,
3527 3876 3580 3920 et
3605 3883 3790 3920 rursus

2231 3956 2397 4010 factus
2444 3973 2558 4010 sum
2606 3958 2781 4012 homo.
2837 3956 2902 4011 Et
2931 3961 3090 4028 forma
3125 3974 3234 4010 mea
3260 3973 3449 4010 reuersa
3478 3967 3547 4009 est
3583 3957 3651 4008 ad
3687 3972 3784 4008 me.

2293 4111 2363 4169 (α)
2399 4110 2498 4158 Imo
2515 4117 2702 4171 septem
2724 4113 2850 4159 anni.
2869 4113 3020 4160 Potior
3044 4125 3172 4171 enim
3190 4112 3428 4160 sententia
3444 4110 3654 4171 Josepbt,
3669 4117 3788 4159 Ter-

2233 4171 2410 4221 tulliani
2431 4210 2444 4227 ,
2470 4170 2734 4234 Hieronymi
2758 4210 2770 4229 ,
2795 4175 2972 4234 Severi.
3007 4170 3157 4220 Valde
3192 4174 3335 4219 miror
3363 4171 3427 4234 de
3455 4170 3756 4218 'rheodoreto
3773 4207 3788 4229 ,

2231 4235 2311 4293 qui
2334 4246 2440 4279 cum
2468 4239 2578 4279 Dan.
2603 4232 2655 4290 7,
2673 4233 2749 4290 25,
2783 4241 2833 4280 et
2859 4233 2929 4289 12,
2955 4233 2999 4287 7,
3027 4246 3164 4293 nath
3184 4270 3196 4288 ,
3219 4244 3398 4293 tantos,
3417 4232 3788 4293 interpretetur,

2232 4291 2308 4340 liic
2330 4293 2662 4354 Chrysostomo
2685 4293 2826 4340 favet.
2867 4293 2920 4339 1n
2955 4291 3399 4353 Pseudo-Epiphanii
3433 4291 3559 4339 libro
3587 4291 3648 4339 de
3675 4299 3789 4340 Pro-

2234 4354 2390 4413 phetis
2415 4366 2425 4399 2
2454 4365 2500 4400 τὰ
2523 4364 2610 4400 ἑπτὰ
2633 4364 2706 4410 in,
2728 4363 2752 4401 ἃ
2776 4359 2864 4402 ιῖπιν
2886 4364 2980 4413 αὐτῷ
3003 4364 3130 4410 Δανιὴλ
3153 4364 3240 4401 ἑκτὰ
3263 4363 3400 4413 καιροὺς
3414 4392 3424 4408 ,
3448 4365 3607 4411 ἐποίησιν
3629 4365 3791 4413 γινέσθαι

2233 4425 2321 4461 ἱπτά
2343 4430 2450 4472 μῆνις
2467 4451 2478 4466 .
2501 4420 2662 4472 διόμινος
2684 4426 2760 4474 rupi.
2781 4425 2887 4462 αὑτοῦ
2909 4425 2992 4474 πρὸς
3026 4425 3164 4474 Κὺριον.
3187 4426 3236 4462 Τὸ
3255 4426 3443 4473 μυστήριον
3464 4431 3532 4462 τῦν
3553 4425 3641 4462 kd
3663 4431 3792 4474 ιιι-οὑν

2233 4486 2395 4532 buli.an
2419 4487 2470 4523 ἆτ’
2496 4487 2612 4529 αὺτὸν,
2635 4485 2691 4522 ὅτι
2711 4487 2993 4531 ditantis-mou
3017 4486 3105 4522 ἑπτὰ
3127 4487 3282 4533 pssime.
3307 4474 3353 4528 ἐξ
3378 4479 3441 4522 οὖν
3458 4484 3518 4531 in;
3541 4490 3600 4527 uel
3620 4485 3657 4527 ιε
3679 4489 3792 4532 μῆνις

2233 4543 2418 4584 intimus-4
2443 4550 2556 4596 Kupitp
2577 4553 2626 4596 τῷ
2647 4551 2722 4597 ea;
2739 4575 2748 4590 ,
2771 4549 2831 4583 ul
2851 4546 3096 4595 ιξωμολοτιῖτο
3117 4549 3180 4593 τὴν
3202 4547 3367 4583 damst”
3389 4545 3511 4582 αὐτοῦ’
3534 4547 3594 4584 καὶ
3615 4547 3704 4592 ped
3727 4549 3793 4592 τήν

2233 4603 2354 4655 deum
2376 4612 2438 4653 τῆς
2459 4607 2601 4654 tivath
2625 4609 2746 4650 αὺτοῦ,
2768 4604 2941 4656 ἀπέδωκα
2963 4609 3058 4656 αὐτῷ
3080 4606 3098 4644 ὀ
3122 4609 3207 4652 Θιὸς
3227 4609 3289 4654 τήν
3313 4607 3506 4654 nothi“.
3530 4603 3642 4656 Quae
3663 4607 3794 4656 m-

2234 4654 2481 4704 dttciorum
2511 4654 2824 4716 loquacissimi
2859 4654 3100 4716 scriptoris
3138 4658 3284 4704 verba
3318 4669 3378 4703 eo
3410 4655 3616 4715 protuli,
3640 4664 3693 4703 ut
3719 4655 3790 4703 lo-

2235 4729 2361 4772 cum,
2382 4717 2552 4764 Petavii
2571 4716 2744 4777 judicio
2769 4724 3041 4775 corruptum
3062 4754 3074 4774 ,
3103 4717 3426 4764 emendarem.
3454 4717 3526 4764 sic
3549 4717 3792 4777 interpre-

2235 4784 2358 4824 tatur
2404 4780 2474 4824 vir
2520 4776 2713 4838 ingenio
2757 4785 2808 4837 et
2849 4777 3062 4824 doctrina
3117 4777 3532 4838 praestantissimus
3579 4790 3589 4824 :
3647 4776 3793 4838 Igitur

2235 4845 2408 4897 septem
2431 4837 2559 4892 anni,
2586 4849 2691 4895 quae
2713 4836 2921 4896 tempora
2943 4836 3169 4897 septem’a
3197 4836 3388 4885 Daniele
3412 4836 3724 4893 vocanturfut
3743 4836 3794 4897 in

2235 4896 2428 4958 totidem
2444 4904 2681 4945 menstrua
2703 4897 2853 4958 spatia
2876 4896 3261 4945 contraherentur
3275 4931 3290 4953 ,
3316 4897 3534 4958 precibus
3556 4898 3654 4947 suis
3676 4896 3794 4944 obti-

2235 4957 2350 5003 nuit.
2393 4964 2572 5018 septem
2592 4955 3005 5018 ergo'temporum
3035 4955 3383 5018 mysterium'in
3405 4955 3486 5006 illa
3508 4958 3794 5018 completum

2235 5024 2320 5075 est,
2345 5017 2469 5076 quod
2492 5016 2722 5064 mediator
2745 5016 2920 5074 septem
2956 5016 3174 5066 restituit.
3205 5026 3275 5067 Ita
3295 5031 3381 5067 sex
3404 5031 3547 5066 armos
3572 5016 3792 5065 totidem-

2235 5089 2325 5138 que
2361 5088 2539 5123 menses
2581 5085 2677 5124 Deo
2703 5077 3018 5138 supplicans,
3059 5079 3212 5128 scelus
3247 5093 3385 5128 suum
3426 5079 3663 5138 confessus
3701 5083 3790 5126 est.

2242 5136 2419 5183 Deinde
2442 5148 2658 5201 concessa
2678 5136 2990 5201 detieti_venia
3009 5173 3023 5196 ,
3061 5138 3110 5186 in
3148 5152 3345 5201 regnum
3366 5153 3397 5188 a
3421 5136 3521 5186 Deo
3545 5137 3795 5188 restitutus

2235 5204 2318 5244 est.
2347 5203 2438 5255 Ego
2462 5196 2557 5255 legi
2580 5198 2762 5246 debere
2787 5199 3004 5255 arbitror,
3017 5196 3240 5258 ἀποκατισῆ
3264 5213 3298 5249 ιν
3316 5212 3402 5249 indi
3424 5212 3533 5257 μησιε
3557 5207 3608 5245 et
3626 5207 3795 5258 postea

2236 5268 2271 5309 εξ
2303 5268 2362 5314 tm
2395 5271 2452 5305 mi
2479 5270 2579 5305 πινη
2615 5275 2734 5317 μῆνας.
2773 5259 3124 5308 Correctionem
3160 5261 3400 5309 conﬁrmat
3439 5259 3707 5307 Dorotheus
3746 5263 3796 5308 in

2236 5317 2442 5384 εθνμηοιχεὶ.
2487 5317 2653 5384 Daniel
2690 5319 2861 5384 igitur,
2904 5322 3085 5380 inquit,
3122 5323 3360 5381 precando
3397 5321 3458 5367 ad
3500 5318 3797 5369 Altissimnm

2237 5379 2414 5437 e/fecit,
2453 5382 2502 5425 ut
2534 5379 2722 5444 septeni
2747 5381 2858 5428 anni
2897 5379 3009 5440 quas
3045 5379 3222 5441 septem
3261 5390 3470 5444 tempora
3510 5389 3794 5437 vocaverat,

2237 5444 2524 5503 munirentur
2547 5442 2595 5485 in
2617 5444 2791 5498 septem
2813 5453 3016 5495 menses,
3043 5447 3086 5488 et
3116 5442 3389 5503 mysterium
3409 5445 3586 5503 septem
3610 5449 3796 5501 tempo-

2238 5498 2414 5566 ritmin
2429 5498 2511 5566 illo
2528 5508 2942 5566 consunmzaretur.
2962 5498 3362 5566 Septem‘itamque
3385 5498 3618 5548 mensium
3641 5498 3802 5561 spatio

2238 5559 2324 5625 sibi
2347 5559 2438 5616 ipsi
2460 5559 2724 5617 restitutus,
2749 5573 2834 5625 sea:
2855 5572 2999 5609 annos
3020 5559 3101 5620 ηυξ
3125 5559 3514 5625 desiderabantur
3539 5567 3583 5608 et
3610 5559 3800 5612 menses

2239 5620 2440 5679 quinque
2453 5631 2619 5688 ceram
2641 5620 2834 5688 Domino
2850 5628 3113 5688 prostratus
3136 5623 3222 5683 fuit
3241 5657 3254 5682 ,
3279 5621 3566 5682 impietatem
3593 5635 3735 5672 suam
3759 5632 3810 5675 et

2242 5690 2422 5727 onmem
2445 5681 2731 5740 iniquitatem
2754 5681 3004 5742 confessus,
3027 5690 3118 5731 etc.
