4032 6220
195 365 305 421 221

194 465 648 534 Quemadmodum
699 462 861 516 forma
888 460 1023 514 illius
1051 456 1268 511 multum
1299 452 1508 521 quidem
1535 450 1601 502 ab
1648 446 1746 499 hu-

193 573 358 612 mana
388 566 501 612 erat
525 565 720 608 mutata
746 571 759 617 ;
789 569 890 606 non
923 561 1093 604 tamen
1143 549 1192 599 in
1225 546 1443 598 bestiam
1470 551 1756 594 conversus

195 650 369 704 fuerat
401 668 414 701 :
444 649 512 700 ita
543 657 594 699 et
621 661 768 699 mens
791 645 946 697 illius.
982 642 1044 693 Et
1069 637 1229 708 quid?
1261 634 1490 690 Laudavi
1515 641 1567 686 et
1593 631 1755 700 glori-

201 739 377 791 licavi.
411 737 683 804 Quodnam
715 729 1002 787 indicium?
1033 728 1362 786 Altissimum,
1398 723 1586 791 inquit,
1611 721 1756 772 bene-

202 831 334 894 dixi,
365 838 412 882 et
437 830 671 882 viventem
695 827 745 878 in
765 824 947 878 stecula
973 820 1192 884 laudaui,
1215 834 1272 870 ac
1293 813 1590 885 gloriﬁcavi.
1621 811 1758 865 Nihil

199 922 344 976 enim
392 920 462 972 ita
522 918 735 986 dignum
789 915 895 968 Deo
952 927 1069 967 esse
1111 919 1340 980 putatur,
1393 916 1449 960 ut
1501 912 1759 973 perpetuo

197 1012 478 1064 exsistere.
509 1007 640 1073 Quia
676 1013 888 1074 potestas
916 1003 1044 1070 ejus,
1079 999 1262 1069 inquit,
1293 1007 1509 1065 potestas
1550 1003 1756 1055 (eterna,

199 1113 249 1156 et
287 1117 497 1170 regnum
520 1101 628 1170 ejus
653 1098 702 1149 in
736 1096 1098 1166 generationem
1136 1101 1181 1145 et
1211 1089 1598 1159 generationem.
1622 1084 1762 1150 Quo-

201 1191 343 1244 niam
371 1191 424 1242 in
449 1203 512 1243 eo
535 1185 864 1256 potissimum
907 1183 1063 1235 homo
1092 1181 1158 1234 ab
1183 1179 1274 1232 illo
1302 1177 1634 1245 distinguitur
1667 1193 1680 1228 :
1709 1182 1762 1227 et

202 1281 306 1333 hoc
346 1287 462 1333 erat
489 1277 625 1345 quod
673 1273 810 1343 apud
862 1273 1102 1325 homines
1155 1268 1366 1322 beatum
1442 1266 1756 1319 habebatur.

207 1370 342 1436 Quia
386 1376 597 1434 potestas
627 1366 755 1434 ejus,
803 1362 987 1431 lnquit,
1019 1368 1232 1430 potestas
1267 1366 1473 1418 caterua,
1527 1356 1577 1407 in
1606 1367 1762 1406 omne

216 1473 422 1528 tempus
447 1457 668 1512 exsistit.
700 1455 825 1509 Sine
850 1453 988 1516 cibo,
1011 1453 1105 1512 ait,
1132 1463 1218 1502 me
1248 1446 1463 1501 nutrivit
1490 1463 1502 1499 :
1530 1445 1644 1497 sine
1674 1457 1763 1496 ve-

213 1551 498 1614 stimentis,
529 1549 643 1600 sine
686 1546 801 1598 aliis
829 1542 1075 1596 omnibus
1118 1538 1279 1593 rebus
1321 1543 1626 1604 corruptum
1660 1547 1764 1585 non

206 1652 289 1696 est
315 1655 489 1694 meum
517 1651 726 1706 corpus.
756 1633 936 1703 Cogita
965 1629 1135 1701 qualis
1159 1636 1307 1693 erat,
1336 1626 1460 1679 dum
1482 1639 1511 1676 a
1554 1625 1766 1676 deserto

203 1733 269 1787 ad
299 1745 514 1801 regnum
539 1727 711 1783 rediit.
739 1727 824 1780 55.
863 1741 880 1774 ‹
911 1722 988 1776 Eo
1011 1721 1172 1781 enim,
1215 1737 1232 1770 ι
1266 1715 1452 1786 inquit,
1473 1731 1490 1764 ‹
1529 1721 1767 1780 tempore

211 1839 362 1879 mens
407 1837 522 1876 mea
560 1833 768 1874 reversa
814 1824 896 1870 est
923 1833 935 1867 :
961 1821 1012 1866 et
1065 1811 1130 1864 ad
1170 1813 1427 1863 honorem
1479 1804 1625 1874 regni
1665 1804 1766 1856 mei

210 1913 332 1966 veni
365 1931 378 1966 :
407 1920 460 1965 et
487 1911 651 1964 forma
679 1922 792 1960 mea
818 1904 973 1958 rediit
995 1901 1062 1955 ad
1094 1916 1177 1954 me
1206 1918 1218 1953 :
1242 1908 1295 1952 et
1321 1896 1527 1967 tyranni
1561 1893 1696 1955 mei,
1718 1900 1770 1945 et

213 2005 497 2072 optimates
523 2001 627 2054 mei
654 1997 976 2067 qumsierunt
1005 2008 1088 2046 me
1117 2011 1128 2045 :
1159 2000 1211 2044 et
1236 1991 1287 2042 in
1337 2001 1554 2055 regnum
1593 1998 1768 2038 meum

217 2092 559 2147 conﬁrmatus
601 2095 831 2142 sumzet
874 2081 1175 2152 magnitudo
1201 2079 1422 2147 amplior
1467 2074 1638 2128 addita
1692 2081 1773 2125 cst

216 2184 366 2239 mihi.
402 2201 421 2234 ι
461 2182 520 2234 Et
552 2180 854 2250 quaesierunt
873 2192 968 2236 me,
997 2172 1196 2241 inquit,
1229 2170 1490 2234 aptimates
1521 2165 1654 2228 mei;
1685 2164 1771 2232 qni

208 2274 571 2329 dominantem
620 2284 681 2322 ac
726 2275 1028 2336 regnantem
1079 2260 1387 2329 expulerant
1428 2265 1484 2311 et
1531 2253 1770 2308 oderant.

214 2366 376 2433 quue
405 2378 467 2417 ex
494 2361 704 2415 decreto
732 2358 842 2412 Dei.
873 2355 995 2408 Ideo
1019 2353 1157 2406 enim
1187 2359 1392 2417 tempus
1417 2344 1684 2404 delinitur,
1708 2359 1775 2397 ne

213 2455 486 2510 existimes
501 2451 781 2521 quidquam
807 2446 1024 2500 fortuito
1046 2443 1308 2498 evenisse.
1338 2438 1406 2491 Et
1416 2454 1618 2508 regnum
1642 2435 1776 2487 illius

215 2547 267 2598 iu
312 2543 680 2613 generationem
724 2548 769 2592 et
798 2536 1160 2607 generationem
1196 2547 1213 2584 :
1243 2541 1288 2584 et
1313 2544 1480 2583 omnes
1525 2536 1669 2580 terra:
1701 2525 1776 2575 in-

215 2612 360 2694 colat,
392 2631 532 2699 quasi
584 2627 796 2681 nihilum
835 2625 1047 2694 reputati
1087 2631 1221 2675 sunt.
1265 2618 1396 2672 Nam
1440 2617 1484 2671 si
1539 2629 1637 2683 ego
1688 2612 1776 2680 qui

216 2723 462 2776 onmibus
493 2717 811 2787 imperabam
837 2756 852 2775 ,
881 2713 1027 2783 quasi
1068 2711 1284 2766 nihilum
1338 2714 1610 2776 reputatus
1638 2718 1776 2766 sum,

217 2813 385 2867 multo
414 2809 577 2878 magis
610 2806 814 2875 reliqui.
845 2804 1058 2860 Scilicet
1104 2800 1190 2870 qui
1238 2798 1370 2852 adeo
1398 2805 1664 2866 petentem
1712 2793 1780 2847 de

221 2917 387 2970 regno
429 2899 636 2966 dejecit,
684 2897 848 2950 multo
888 2894 1052 2963 magis
1097 2891 1381 2960 subjectos.
1413 2888 1475 2941 Et
1505 2885 1779 2940 secundum

219 2993 525 3044 voluntatem
551 3005 691 3041 suam
719 2987 837 3056 facit
864 2987 916 3038 in
948 2986 1121 3037 virtute
1148 2983 1280 3046 ca'li,
1313 2991 1356 3033 et
1382 2981 1432 3033 in
1474 2978 1775 3031 habitatione

231 3093 396 3136 terrai.
426 3079 580 3142 Illud,
624 3078 778 3142 Quasi
823 3076 1036 3127 nihilum
1079 3072 1296 3142 reputati
1343 3080 1479 3131 sunt,
1511 3085 1612 3121 non
1641 3067 1780 3135 quod

224 3179 531 3227 contemnat
561 3169 696 3231 illos,
724 3167 878 3227 absit,
902 3165 993 3218 sed
1021 3164 1138 3232 quia
1168 3170 1353 3230 potens
1382 3168 1480 3221 est,
1511 3167 1562 3210 et
1592 3171 1778 3224 quem-

222 3265 504 3319 admodum
533 3262 663 3323 vult,
703 3260 820 3312 illos
842 3257 966 3326 agit.
1013 3255 1121 3308 lloc
1151 3253 1305 3322 igitur
1351 3249 1620 3318 sequentia
1655 3264 1783 3316 quo--

220 3370 326 3422 que
355 3353 621 3407 declarant
654 3369 665 3403 :
697 3348 762 3400 Et
791 3346 1060 3400 secundum
1088 3345 1387 3396 voluntatem
1413 3356 1552 3391 suam
1585 3337 1705 3405 facit
1731 3338 1782 3388 in

222 3449 403 3500 virtute
424 3443 552 3504 ca'li,
571 3451 614 3494 et
636 3442 686 3493 in
710 3438 1012 3491 habitatione
1035 3445 1196 3488 teme.
1220 3431 1345 3484 Esto
1373 3444 1519 3493 sane,
1549 3428 1613 3481 de
1645 3435 1782 3480 terra

224 3538 364 3591 nosti
398 3552 411 3587 :
441 3545 494 3586 at
524 3533 588 3586 de
615 3532 764 3590 eat-lo.
792 3527 929 3582 unde
954 3525 1096 3580 scis?
1120 3526 1160 3577 A
1191 3523 1413 3576 somnio.
1441 3519 1619 3573 Jussit.
1642 3516 1782 3583 Quo—

224 3625 384 3678 modo
432 3620 776 3675 obedicrunt?
822 3617 898 3669 Ex
935 3616 1053 3683 igne
1085 3612 1331 3665 fornacis.
1379 3608 1443 3661 Et
1475 3624 1571 3660 non
1601 3616 1669 3658 est
1699 3606 1784 3674 qui

223 3715 421 3767 resistat
449 3710 621 3762 manui
667 3710 796 3776 ejus,
829 3715 873 3758 et
900 3706 1031 3756 dicat
1081 3703 1124 3754 ei
1159 3717 1174 3753 :
1207 3699 1371 3764 Quare
1415 3697 1614 3766 fecisti?
1663 3695 1774 3748 Non

227 3810 430 3855 tantum
455 3840 469 3864 ,
501 3798 701 3865 inquit,
735 3809 836 3847 non
892 3790 1253 3846 adversabitur
1298 3805 1310 3840 :
1344 3786 1436 3841 scd
1469 3801 1566 3839 nec
1613 3784 1784 3837 verbis

227 3901 382 3945 tenus
407 3885 766 3955 interrogabit.
800 3883 1058 3937 Omnibus
1088 3880 1178 3933 ille
1201 3880 1441 3946 imperat,
1473 3876 1648 3930 omnia
1673 3875 1784 3943 ipse

224 3989 326 4034 est.
359 3977 435 4030 Eo
455 4018 467 4040 ,
508 3976 704 4042 inquit,
734 3983 951 4041 tempore
977 3985 1114 4023 utens
1144 3985 1251 4020 mea
1281 3983 1473 4020 reversa
1501 3975 1570 4018 est
1595 3963 1660 4015 ad
1688 3979 1782 4015 me.

226 4072 306 4124 lio
341 4087 353 4122 :
382 4068 522 4136 quo?
552 4065 666 4134 Quo
697 4065 831 4118 Deus
854 4063 1081 4116 dixerat.
1115 4059 1266 4114 Unde
1306 4059 1448 4110 illum
1499 4065 1552 4109 et
1601 4056 1651 4106 in
1697 4069 1782 4107 re-

223 4174 385 4227 gnum
417 4154 779 4209 reduxerunt?
829 4152 916 4220 qui
947 4151 1088 4204 enim
1116 4148 1247 4200 adeo
1280 4155 1541 4214 potentem
1573 4143 1784 4208 dejece-

222 4259 344 4304 rant
369 4287 383 4308 ,
425 4245 688 4315 quomodo
723 4242 986 4297 inﬁrmum
1041 4241 1230 4292 factum
1284 4234 1638 4289 revocarunt?
1672 4252 1688 4282 ‹
1723 4233 1785 4284 Et

224 4339 291 4392 ad
324 4337 579 4390 honorem
609 4334 754 4404 regni
787 4332 888 4385 mei
915 4330 1033 4383 veni
1071 4348 1082 4382 :
1114 4337 1166 4381 et
1195 4327 1364 4379 forma
1394 4340 1508 4378 mea
1536 4324 1685 4376 rediit
1718 4321 1781 4375 ad

225 4445 311 4483 me
336 4442 350 4480 :
383 4435 436 4480 et
465 4425 669 4496 tyranni
697 4423 797 4476 mei
820 4431 871 4476 et
901 4420 1181 4488 Optimates
1206 4417 1304 4469 mei
1335 4415 1641 4484 quaerebant
1660 4429 1742 4465 me
1769 4427 1781 4464 :

223 4531 278 4576 et
299 4521 350 4573 in
391 4533 553 4586 regno
584 4531 702 4569 meo
725 4513 1061 4568 conﬁrmatus
1083 4525 1218 4570 sum,
1248 4517 1300 4561 et
1339 4507 1641 4576 magnitudo
1667 4521 1782 4559 am-

226 4613 362 4680 plior
386 4608 558 4662 addita
604 4616 686 4660 cst
715 4604 861 4658 mihi.
911 4623 929 4654 ι
969 4602 1126 4655 \‘ides
1157 4609 1210 4653 ut
1240 4601 1374 4653 Deus
1406 4611 1456 4652 et
1482 4607 1709 4652 statuere
1735 4606 1787 4650 ct

223 4707 465 4754 evertere
489 4697 653 4764 possit
681 4693 939 4762 regnem?
970 4691 1255 4759 Oportebat
1280 4689 1536 4756 siquidem
1562 4689 1672 4739 haec
1693 4702 1784 4755 per

223 4808 305 4858 ca,
333 4805 454 4861 qua:
507 4797 659 4841 antea
698 4785 1046 4853 contigerant,
1079 4782 1348 4850 explorata
1403 4779 1595 4832 habere
1628 4797 1640 4831 :
1691 4779 1784 4831 sed

222 4883 472 4953 quoniam
507 4888 559 4932 tu
583 4876 828 4947 ignorasti
859 4890 942 4938 ea,
971 4889 1189 4941 regnum
1222 4873 1468 4926 Dominus
1491 4871 1697 4933 evertit,
1732 4879 1785 4922 et

225 4971 352 5028 illud
380 4971 568 5024 iterum
594 4967 788 5021 erexit.
839 4967 924 5019 54.
957 4982 973 5014 ε
1007 4964 1152 5017 Nune
1202 4964 1353 5031 igitur
1381 4978 1475 5030 ego
1506 4961 1786 5014 Nabucho-

224 5064 459 5117 donosor
489 5059 640 5113 laudo
661 5066 714 5110 et
737 5055 909 5110 exalto
930 5065 980 5108 ct
1008 5053 1242 5124 gloriﬁeo
1275 5052 1470 5120 licgcm
1498 5052 1633 5113 czeli,
1665 5051 1784 5118 quia

221 5153 397 5208 omnia
437 5164 597 5218 opera
650 5148 787 5200 illius
815 5161 955 5208 vera,
997 5153 1049 5196 et
1078 5143 1277 5196 semita:
1314 5142 1426 5209 ejus
1465 5140 1680 5207 judicia,
1734 5147 1786 5190 et

218 5250 406 5298 omnes
435 5238 738 5293 incedentes
766 5236 816 5288 in
839 5233 1078 5301 superbia
1109 5239 1279 5299 potest
1303 5229 1597 5280 humiliare.
1632 5247 1647 5278 ›
1675 5227 1782 5279 Dici

221 5335 440 5402 nequit,
472 5345 593 5385 eum
647 5334 956 5396 potestatem
1001 5323 1208 5391 quidem
1256 5321 1472 5384 habere,
1523 5318 1614 5372 sed
1647 5318 1783 5386 inju-

221 5435 356 5479 stam
391 5441 404 5476 :
438 5421 579 5475 illius
607 5419 799 5488 quippe
827 5429 1011 5482 magna
1037 5422 1116 5466 est
1139 5412 1358 5480 justitia.
1391 5411 1454 5462 Et
1481 5425 1669 5473 omnes,
1701 5407 1784 5474 qui

219 5514 524 5585 gradiuntur
547 5510 599 5560 in
649 5504 909 5571 superbia,
957 5511 1113 5571 potest
1143 5501 1425 5552 humiliare.
1481 5498 1592 5552 Non
1630 5496 1779 5561 dixit,

224 5603 493 5663 llnmiliat,
527 5608 580 5652 ut
607 5593 704 5650 tibi
749 5597 884 5649 illius
913 5595 1067 5648 etiam
1120 5593 1561 5659 auptanimitatcm
1607 5599 1784 5643 osten-

224 5699 388 5764 deret,
424 5702 552 5754 etut
584 5690 928 5760 intelligarcs,
955 5685 1092 5756 quod
1121 5699 1223 5740 non
1255 5700 1318 5739 ex
1344 5684 1663 5750 inﬁrmitate,
1684 5683 1777 5738 sed

1561 337 1622 392 IN
1667 330 2018 389 DANIELEM.

3326 342 3438 382 99‘)

3325 383 3435 399 --.ι

1866 441 2003 509 quod
2029 456 2121 508 per
2148 456 2306 494 unum
2339 441 2471 495 alios
2499 441 2765 495 emendat.
2802 441 2958 494 \‘idcs
2987 440 3273 509 potentiam
3303 440 3326 492 ?
3354 441 3431 494 vi-

1865 534 1961 585 des
2007 532 2298 599 justitiam?
2329 533 2477 587 vides
2523 549 2646 601 erga
2700 534 2941 587 homines
2988 534 3458 591 arnoretn?vidcs-

1864 624 1976 678 haec
1997 624 2062 677 ab
2091 639 2182 678 ore
2209 625 2432 677 barbaro
2463 626 2827 692 pronuntiari?
2859 626 3109 694 Quisnam
3143 625 3212 679 ita
3256 627 3426 694 philo-

1866 714 2116 781 50phatns
2146 714 2265 767 cst?
2287 714 2384 779 Qui
2409 716 2679 782 prophetis
2710 726 2859 768 erant
2889 717 3123 768 innutriti
3151 757 3163 777 ,
3195 716 3324 769 nihil
3352 717 3394 770 si
3413 745 3428 758 -

1867 806 1989 858 mile
2021 805 2394 874 loquebantur,
2445 806 2540 860 sed
2573 809 2837 861 contraria
2868 809 3095 876 penitus.
3131 807 3250 862 Non
3277 809 3429 878 faciet

1865 895 1985 950 bene
2015 897 2279 960 Dominus,
2305 899 2470 961 aiunt,
2498 908 2549 950 et
2569 915 2668 950 non
2689 900 2838 967 faciet
2862 901 2992 953 male
3018 900 3204 968 (Soph.
3231 903 3281 954 l.
3313 899 3423 968 12).

1866 989 1929 1041 Ει
1957 990 2142 1042 iterum
2171 1005 2182 1040 :
2212 988 2394 1041 Nonne
2409 990 2458 1040 in
2471 989 2762 1058 fortitudine
2787 1001 2955 1043 nostra
2969 991 3227 1045 habuimus
3244 1008 3431 1046 cornua

1870 1081 1885 1144 (
1914 1080 2061 1131 .‘lmos
2090 1078 2141 1131 6.
2169 1080 2232 1132 H
2255 1080 2318 1147 )?
2346 1079 2412 1132 Et
2443 1097 2456 1133 :
2488 1079 2662 1133 Omnis
2677 1081 2760 1149 qui
2781 1080 2898 1146 facit
2926 1080 3131 1142 malum,
3159 1081 3339 1133 bonum
3357 1089 3432 1135 cst

1868 1173 1918 1223 in
1944 1183 2208 1241 conspectu
2239 1171 2460 1238 Domini,
2491 1183 2536 1226 et
2560 1174 2612 1225 in
2627 1173 2704 1226 his
2717 1173 3015 1240 complacuit
3034 1172 3337 1240 ei(lllalach.
3368 1173 3426 1225 2.

1869 1265 1979 1331 1⁸1).
2003 1265 2062 1316 lit
2087 1280 2100 1318 :
2132 1264 2279 1329 Quod
2290 1264 2670 1317 emolumentum
2691 1305 2706 1327 ,
2734 1264 2852 1333 quia
2880 1264 3135 1317 serviimus
3162 1262 3239 1317 illi
3267 1262 3428 1332 (Ibid.

1868 1356 1920 1408 3.
1954 1354 2083 1424 ll)?
2111 1353 2273 1409 Vides
2324 1355 2379 1407 in
2425 1355 2706 1409 Palaestina
2756 1355 3000 1423 dogmata
3039 1355 3271 1408 sataniea
3297 1355 3319 1407 7
3345 1355 3427 1408 vi.

1868 1443 1962 1497 des
2003 1443 2055 1496 in
2104 1443 2380 1497 barbarico
2419 1443 2536 1498 solo
2579 1444 2964 1513 philosophiam
3018 1443 3431 1512 prephetlcam?

1871 1534 1994 1588 Πειξο
2018 1535 2195 1602 ﬁgam
2216 1543 2340 1588 sunt
2357 1536 2539 1604 gratiae
2568 1536 2705 1604 apud
2745 1545 2932 1605 gentes
2956 1537 3142 1590 futurae
3167 1554 3181 1601 ;
3213 1545 3266 1591 et
3293 1536 3433 1605 quod

1869 1625 2094 1693 gentiles
2122 1625 2351 1679 debeant
2376 1636 2709 1681 antevertere
2733 1627 2944 1681 Jndzeos
2970 1667 2983 1689 ,
3014 1643 3074 1680 ac
3101 1627 3431 1695 praesullare.

1875 1715 2060 1768 Postea
2091 1715 2330 1770 Baltasar
2359 1717 2461 1785 (α),
2507 1733 2627 1771 cum
2679 1718 2729 1771 in
2758 1717 2846 1770 illo
2877 1718 3118 1772 convivio
3148 1717 3325 1774 ebrius
3353 1732 3434 1773 cs-

1874 1817 1975 1868 set,
2003 1803 2156 1872 jubet
2185 1821 2307 1858 vasa
2336 1806 2488 1860 educi
2522 1826 2533 1859 :
2565 1809 2710 1875 quasi
2751 1807 2809 1861 in
2848 1808 3066 1864 vietoria
3119 1809 3279 1874 patris
3324 1809 3438 1875 glo-

1875 1894 2037 1959 rians,
2070 1896 2236 1964 magis
2262 1911 2387 1950 vero
2408 1897 2702 1965 petulanter
2730 1898 2985 1952 inSultans
3010 1919 3020 1952 :
3051 1913 3164 1962 seu,
3191 1898 3435 1966 quoniam

1874 1984 2109 2038 convivae
2135 2000 2318 2040 eorum
2347 2002 2463 2055 quae
2493 1990 2822 2056 contigerant
2852 1988 3057 2042 fuerant
3082 1997 3437 2058 spectatores;

1875 2084 1930 2126 ut
1956 2075 2166 2129 tolleret
2190 2091 2305 2129 eam
2334 2090 2490 2145 quam
2511 2077 2576 2130 de
2595 2078 2701 2131 Deo
2733 2078 2993 2133 habebant
3017 2080 3438 2138 admirationem.

1879 2165 1943 2218 Et
1975 2163 2075 2218 hoc
2099 2179 2163 2219 ex
2191 2167 2432 2233 superbia
2459 2178 2513 2220 et
2542 2167 2799 2221 ebrietate
2825 2167 3109 2224 faciebant.
3151 2169 3442 2223 Caveatnus

1879 2255 2255 2319 temulentiam,
2311 2256 2506 2312 dilecti.
2560 2257 2716 2310 Multa
2771 2258 2911 2312 enim
2961 2258 3185 2313 absurda
3234 2260 3300 2311 ah
3340 2260 3439 2310 hac

1880 2346 2028 2400 fiunt.
2054 2346 2157 2401 Sed
2179 2355 2233 2400 et
2255 2362 2474 2418 magnos
2495 2349 2631 2402 viros
2661 2360 2872 2418 superat
2903 2350 3152 2405 ebrietas.
3186 2350 3313 2402 Nam
3340 2351 3438 2403 iste

1879 2449 1996 2487 cum
2028 2436 2204 2487 vinum
2221 2446 2505 2504 gustasset,
2538 2453 2660 2491 vasa
2704 2437 2880 2492 eﬂ'erri
2905 2439 3079 2508 jussit.
3112 2440 3311 2505 Quibus
3353 2454 3444 2506 pe-

1887 2536 2126 2596 percerat
2149 2536 2297 2595 pater
2317 2527 2478 2590 illius,
2499 2530 2585 2596 qui
2610 2545 2670 2583 ea
2699 2545 2728 2584 e
2760 2532 2954 2598 templo
2994 2531 3392 2599 deprompscrat
3427 2549 3440 2583 :

1885 2627 1938 2668 et
1969 2617 2011 2668 is
2031 2631 2150 2669 cum
2175 2617 2402 2684 cepisset
2423 2617 2830 2688 Jerosolymam,
2861 2635 2964 2672 non
2991 2635 3149 2673 ausus
3175 2631 3254 2677 (εει
3283 2621 3331 2672 in
3359 2620 3448 2673 hu-

1883 2723 2094 2761 manum
2131 2709 2479 2762 ministerium
2525 2711 2610 2763 illa
2634 2710 2929 2776 deducere;
2958 2715 3057 2766 iste
3104 2728 3205 2765 non
3234 2713 3331 2768 sibi
3355 2726 3444 2765 so-

1885 2798 2171 2861 lummodo,
2218 2800 2310 2854 sed
2340 2811 2393 2854 et
2431 2803 2778 2869 optimatibus
2833 2803 2944 2858 suis
2991 2813 3043 2856 et
3075 2804 3353 2872 pollicibus
3394 2814 3456 2861 et.

1883 2890 2192 2944 concubinis
2221 2891 2270 2943 in
2302 2905 2451 2944 usum
2495 2891 2726 2947 tradidit.

2507 3026 2588 3080 CA
2598 3026 2730 3080 PU'I‘
2784 3026 2846 3082 V.

1957 3164 2007 3218 ‘I.
2054 3181 2072 3212 ι
2111 3162 2351 3219 Baltasar
2382 3179 2470 3217 rex
2497 3164 2620 3218 fecit
2648 3164 2948 3218 convivium
2981 3164 3178 3232 grande
3219 3165 3452 3233 optima-

1886 3254 2024 3306 tibus
2055 3256 2164 3307 suis
2187 3256 2329 3309 mille
2365 3274 2376 3308 :
2407 3264 2459 3309 et
2500 3269 2530 3310 e
2567 3256 2783 3325 regione
2810 3256 3044 3324 ipsorum
3095 3256 3238 3310 mille
3274 3257 3453 3310 vimnn

1886 3353 2017 3398 erat.
2048 3345 2102 3398 2.
2137 3345 2332 3398 Bibens
2354 3345 2595 3398 Baltasar
2616 3360 2706 3399 rex
2732 3347 2980 3413 prtecepit
3013 3345 3061 3398 in
3105 3356 3261 3413 gustu
3299 3348 3402 3399 vini
3431 3388 3447 3410 ,

1886 3447 1946 3490 ιιι
1971 3438 2224 3493 alfcrrcnt
2251 3453 2376 3492 ντὶδῆ
2409 3454 2568 3493 aurea
2609 3449 2661 3493 et
2686 3449 2931 3507 argentea
2955 3479 2969 3497 ,
2994 3454 3109 3505 qua:
3135 3449 3448 3508 aSportave-

1885 3540 1966 3582 rat
1988 3529 2471 3582 Nabuclmdonosor
2502 3539 2648 3597 pater
2673 3530 2788 3596 ejus
2815 3529 2880 3582 de
2934 3529 3146 3597 templo,
3205 3528 3344 3597 quod
3395 3529 3453 3583 in

1886 3618 2341 3688 .lerosolymiszet
2367 3619 2608 3672 biberent
2659 3620 2709 3671 in
2748 3619 2852 3672 illis
2900 3636 2991 3673 rex
3029 3661 3044 3681 ,
3076 3629 3128 3673 et
3175 3620 3458 3687 Optimates

1887 3708 2023 3775 ejus,
2050 3718 2102 3760 et
2128 3708 2408 3761 concubini
2448 3708 2584 3776 ejus,
2629 3717 2684 3762 et
2710 3709 2927 3777 pellices
2955 3709 3090 3776 ejus.
3127 3711 3178 3763 5.
3200 3709 3265 3762 Et
3294 3710 3453 3762 allata

1888 3807 2011 3852 Sunt
2039 3812 2162 3851 V358
2195 3809 2445 3867 argentea
2489 3809 2542 3853 οι
2571 3813 2750 3863 aurea,
2795 3815 2912 3867 quae
2952 3810 3314 3868 asportavcrat
3351 3799 3452 3852 Nll-

1889 3888 2296 3943 buchodonosor
2336 3904 2400 3942 ex
2435 3889 2632 3958 templo
2661 3890 2774 3953 Dei,
2807 3889 2945 3957 quod
2975 3890 3024 3942 in
3065 3889 3410 3960 Jerosolymis
3439 3907 3452 3941 :

1887 3991 1940 4034 et
1966 3982 2213 4036 bibebant
2238 3982 2288 4033 in
2312 3982 2389 4034 eis
2415 3995 2530 4045 rex,
2563 3988 2616 4034 et
2639 3982 2920 4048 optimates
2938 3981 3074 4048 ejus,
3098 3990 3150 4035 et
3176 3982 3455 4034 concubini

1888 4072 2021 4139 ejus,
2046 4081 2097 4124 et
2127 4071 2342 4138 pellices
2367 4070 2503 4139 ejus.
2528 4071 2581 4124 4.
2612 4070 2678 4124 Ει
2707 4070 2959 4124 bibebant
2975 4071 3173 4136 vinum,
3198 4081 3250 4125 et
3276 4071 3457 4128 lauda-

1890 4170 2079 4213 verunt
2107 4159 2236 4213 deos
2265 4173 2474 4221 aureos,
2509 4168 2563 4213 et
2610 4169 2911 4228 argenteos,
2946 4169 2998 4213 et
3027 4177 3226 4226 tenens,
3257 4171 3309 4215 et
3354 4160 3457 4214 fer-

1889 4266 2039 4313 reos,
2067 4258 2119 4302 et
2140 4250 2361 4320 ligneos,
2390 4259 2442 4304 et
2468 4249 2723 4319 lapideos.
2757 4270 2775 4302 ι
2809 4251 2967 4304 Vides
2995 4267 3116 4306 vasa
3152 4253 3307 4319 capi?
3351 4253 3455 4306 Sed

1887 4342 2005 4394 vide
2030 4356 2212 4394 eorum
2246 4342 2513 4402 virtutem,
2540 4342 2698 4393 etiam
2732 4352 3005 4408 postquam
3034 4349 3185 4408 capta
3214 4351 3334 4394 sunt
3356 4382 3368 4401 ,
3397 4357 3457 4395 ac

1890 4433 2060 4501 posita
2094 4438 2145 4484 in
2198 4431 2458 4484 idolorum
2493 4430 2708 4497 templo.
2743 4432 2868 4485 Esto
2893 4431 3040 4485 deiis
3067 4431 3152 4484 ille
3186 4448 3279 4500 pro
3308 4433 3458 4485 libita

1889 4521 2152 4575 statuerit.
2184 4520 2295 4585 Qua
2334 4520 2398 4573 de
2425 4533 2582 4573 causa
2613 4520 2703 4573 id?
2755 4521 2919 4588 Capta
2971 4531 3094 4574 sunt
3121 4532 3335 4590 propter
3367 4522 3458 4574 ,1η-

1889 4611 2122 4664 όιιξοτυιη
2151 4621 2364 4677 peccata
2398 4627 2409 4662 :
2441 4609 2511 4662 illi
2549 4624 2729 4678 ρωπος
2759 4611 3039 4668 dederunt.
3071 4611 3292 4678 Quinam
3336 4611 3458 4666 linis

1889 4707 2046 4760 etiam
2081 4714 2198 4772 post
2223 4705 2469 4758 ostenta?
2496 4720 2600 4773 quo
2648 4712 2803 4772 pacto
2843 4705 2972 4757 nihil
3010 4706 3148 4771 passi
3190 4713 3311 4758 sunt
3357 4704 3460 4758 ma-

1888 4807 2095 4863 gnates,
2119 4794 2212 4848 sed
2237 4794 2380 4848 solus
2409 4794 2544 4847 rex?
2568 4794 2699 4858 Quia
2741 4795 2945 4848 scilicet
2969 4796 3058 4849 ille
3083 4795 3332 4863 jusserat,
3371 4795 3458 4847 ille

1889 4886 2092 4939 cancris
2121 4893 2305 4938 auctor
2335 4883 2528 4937 fuerat.
2562 4884 2878 4948 Laudarunt,
2913 4886 3100 4953 inquit,
3133 4886 3248 4936 deos
3282 4900 3458 4936 aureos

1889 4987 1934 5029 et
1959 4985 2232 5046 argenteos.
2265 4975 2440 5041 Quare
2467 4974 2580 5028 haec
2620 4974 2756 5042 apud
2790 4975 2909 5026 illos
2938 4973 3156 5026 deorum
3205 4973 3457 5026 differen-

1890 5069 1956 5122 tia
1994 5065 2143 5119 erat?
2175 5064 2423 5119 Diabolus
2450 5064 2668 5131 cupiens
2696 5063 2813 5115 illos
2843 5061 2985 5114 omni
3032 5062 3184 5116 venia
3206 5063 3414 5130 privare
3438 5102 3455 5129 ,

1889 5175 2029 5228 saépe
2057 5159 2305 5228 pra-cepit
2331 5168 2388 5211 ut
2417 5157 2544 5210 deos
2588 5156 2787 5225 ligneos
2837 5156 3102 5218 facerent,
3155 5169 3222 5208 ne
3246 5157 3312 5210 ab
3346 5155 3457 5224 ipsa

1952 5317 2020 5376 (ιι)
2058 5313 2129 5360 ΑΙ)
2161 5314 2238 5363 his
2259 5312 2487 5376 vocibus,
2517 5317 2683 5376 Postea
2710 5309 2941 5376 Baltasar,
2969 5311 3282 5361 inchoandum
3316 5321 3460 5376 caput

1888 5373 2103 5440 quintum
2135 5385 2352 5440 putarem
2382 5373 2442 5433 (si
2478 5379 2638 5440 tamen
2675 5373 2738 5419 ita
2762 5373 3077 5440 distribuerat
3099 5381 3291 5440 sanctus
3314 5373 3459 5433 tibiy-

1888 5421 2158 5497 sostomus):
2186 5438 2273 5484 nisi
2299 5421 2406 5496 quae
2432 5439 2702 5497 sequuntur
2724 5433 2782 5481 ad
2807 5421 3115 5497 dosologiam
3136 5435 3284 5492 magis
3314 5421 3460 5497 perfi-

1889 5515 2010 5551 nere
2066 5494 2363 5547 viderentur.
2397 5503 2541 5556 (Sane
2588 5495 2627 5542 is
2671 5509 2697 5542 a
2741 5507 2838 5556 quo
2881 5494 3008 5541 hunc
3055 5495 3458 5556 Commentariun)

1889 5566 2172 5623 aet-opimus,
2193 5559 2304 5607 dum
2332 5555 2407 5605 vel
2434 5554 2957 5623 indiligentius‘dictata
2979 5554 3191 5623 magistri
3217 5556 3456 5614 excerpit,

1890 5627 1964 5674 vel
1994 5615 2296 5683 perorantem
2315 5619 2514 5683 assequi
2540 5615 2631 5683 non
2656 5617 2813 5674 valet,
2841 5615 2919 5683 vel
2947 5619 2992 5683 in
3017 5619 3262 5678 epitomen
3289 5623 3460 5671 cuncta

1890 5677 2082 5749 tedigit,
2110 5698 2229 5746 opus
2256 5680 2391 5730 valde
2418 5677 2751 5741 imperfectum
2785 5678 2993 5739 reliquit.
