4032 6220
565 337 678 395 223

568 441 788 497 materia
816 455 1064 511 magnum
1095 452 1363 513 sumptum
1393 445 1443 495 iu
1471 443 1867 497 excusationem
1896 441 2129 498 adduce-

567 544 703 588 rent.
727 533 993 589 Laudibus
1022 534 1361 589 celebrabant
1377 534 1529 589 deos.
1552 534 1682 589 Vide
1695 534 1859 589 Deum
1879 548 2136 603 nusquam

567 623 819 692 incipere,
851 624 943 677 sed
972 625 1139 694 sequi.
1178 624 1355 690 Quare
1382 640 1539 693 pmna
1567 624 1889 694 subsequuta
1915 633 1996 679 est
2037 638 2134 679 ve-

567 713 778 779 lociter,
809 730 870 769 ac
899 715 1085 771 eadem
1133 716 1308 770 hora?
1338 717 1406 771 Ut
1447 732 1566 786 qua:
1596 732 1662 771 ex
1685 716 1949 785 prioribus
1977 715 2137 770 mira-

569 807 702 860 culis
727 818 842 861 acta
873 807 1082 862 fuerant
1108 824 1212 863 non
1247 809 1687 866 dissolverentur.
1723 811 1857 865 Dum
1901 811 2039 865 Deus
2080 810 2133 864 in

568 899 709 953 vasis
737 897 965 954 afficitur
990 901 1328 968 contumelia,
1355 901 1523 954 voluit
1549 900 1789 958 homines
1815 903 2131 958 contumelia

565 987 796 1042 allicere.
834 988 900 1042 Et
947 989 1068 1042 vide
1112 990 1238 1058 qttid
1274 992 1382 1044 fiat.
1416 991 1591 1060 Cupiit
1614 1007 1738 1047 vasa
1771 1010 1784 1045 :
1815 1001 1870 1048 et
1915 1007 1980 1047 eo
2015 993 2134 1062 ipso

567 1087 808 1147 tempore
829 1078 1033 1147 punitio
1062 1079 1246 1134 adfuit.
1273 1081 1379 1135 Cur
1405 1096 1510 1135 non
1539 1082 1765 1136 mittitur
1792 1081 2050 1151 propheta
2071 1083 2138 1136 il-

567 1167 677 1221 lum
709 1168 1154 1236 reprehensuros,
1203 1170 1297 1224 sed
1322 1172 1577 1226 articulus
1605 1172 1839 1226 manus?
1867 1172 1936 1228 Ut
1965 1173 2134 1243 major

565 1256 794 1310 oriretur
838 1258 1218 1312 consternatio.
1273 1260 1326 1314 5.
1372 1277 1392 1310 ‹
1425 1259 1482 1314 lu
1525 1261 1711 1315 eadem
1761 1262 1892 1315 hora
1933 1261 2134 1331 egressi

564 1354 688 1399 sunt
737 1345 886 1416 digiti
917 1362 1103 1402 manus
1159 1350 1410 1416 hominis,
1440 1358 1498 1405 et
1523 1351 1829 1406 scribebant
1857 1365 1889 1406 e
1918 1351 2134 1421 regione

567 1436 824 1506 lampadis
871 1438 926 1491 in
956 1439 1177 1493 tectorio
1221 1439 1438 1509 parietis
1483 1440 1675 1496 domus
1701 1441 1862 1512 regiae
1891 1459 1904 1496 :
1931 1450 1986 1496 et
2039 1455 2134 1497 rex

565 1529 856 1596 aspiciebat
882 1531 1135 1585 articulos
1175 1547 1362 1586 manus
1392 1533 1696 1589 scribentis.
1729 1552 1748 1585 ι
1779 1533 1928 1589 Adde
1953 1543 2006 1589 et
2036 1549 2132 1589 ve-

566 1635 778 1688 speram
810 1620 992 1676 fuisse.
1024 1621 1316 1693 Oportebat
1336 1632 1600 1678 tumorem
1631 1639 1695 1678 ex
1727 1624 2032 1678 temulentia
2049 1638 2136 1678 or-

565 1719 673 1762 tum
704 1709 1002 1780 comprimi.
1037 1711 1237 1765 Deinde
1275 1711 1539 1766 debebant
1587 1727 1774 1767 omnes
1800 1714 1890 1782 qui
1916 1713 2137 1767 aderant

565 1800 798 1865 edoceri,
836 1815 1013 1869 regem
1040 1815 1223 1869 pinnas
1246 1801 1394 1856 dare.
1421 1799 1531 1855 Cur
1555 1817 1659 1855 non
1702 1801 1840 1856 Deus
1887 1800 2082 1856 fulmen
2105 1815 2138 1856 e

563 1889 694 1942 czelo
732 1890 908 1943 statim
959 1889 1181 1944 emisit?
1224 1891 1289 1945 llt
1339 1891 1528 1944 iterum
1570 1906 1756 1946 servus
1795 1906 1924 1946 suus
1966 1891 2134 1962 gloria

565 1978 871 2033 afﬁceretur
904 1995 917 2031 :
947 1987 1004 2032 ut
1031 1979 1270 2033 Baltasar
1318 1980 1525 2034 audiret
1574 1995 1671 2034 cur
1694 1980 1793 2034 ista
1841 1989 2132 2050 pateretur.

569 2069 701 2123 Nam
751 2071 930 2123 Daniel
959 2070 1227 2139 ingressus
1255 2087 1361 2127 non
1392 2081 1596 2126 tantum
1627 2073 1942 2142 scripturam
1969 2072 2134 2126 inter-

569 2167 827 2227 prctzitur,
856 2159 950 2213 sed
975 2171 1028 2214 et
1055 2160 1241 2230 longos
1265 2161 1422 2216 habet
1445 2175 1741 2226 sermones,
1775 2176 1972 2231 eosque
2008 2175 2132 2216 sua-

564 2253 753 2314 sorios,
787 2267 891 2305 non
919 2261 1188 2320 tamquam
1239 2253 1347 2322 regi
1387 2252 1691 2322 profuturus
1714 2293 1728 2318 ,
1771 2252 1865 2307 sed
1907 2260 1965 2306 ut
2003 2253 2134 2307 alios

567 2341 963 2396 emendaturus.
989 2342 1077 2397 l5.
1106 2360 1124 2392 ι
1157 2341 1307 2396 Tunc
1328 2343 1510 2397 Daniel
1537 2343 1805 2412 ingressus
1828 2351 1910 2398 est
1929 2343 1980 2396 in
2010 2357 2137 2397 con-

565 2441 802 2499 spectum
832 2433 990 2502 regis.
1013 2432 1080 2486 Et
1103 2432 1239 2487 dixit
1264 2449 1356 2488 rex
1386 2433 1589 2487 Danieli
1612 2453 1624 2486 :
1675 2433 1754 2486 Tu
1777 2448 1837 2487 es
1863 2433 2046 2488 Daniel
2070 2449 2136 2488 ex

569 2523 687 2576 filiis
746 2524 1062 2590 captivitatis
1107 2523 1338 2578 Judaicae
1372 2565 1386 2588 ,
1418 2539 1574 2593 quam
1603 2524 1822 2578 deduxit
1851 2539 1943 2578 rex
1989 2533 2141 2592 pater

571 2628 720 2668 meus
750 2629 814 2668 ex
847 2613 1028 2668 Juda-a
1053 2615 1075 2666 ἲ
1121 2614 1292 2668 Veluti
1323 2615 1571 2668 territans
1589 2630 1710 2669 eum
1740 2623 1795 2668 et
1814 2613 1880 2668 ad
1908 2615 2136 2669 necessi-

568 2713 727 2757 tatem
765 2703 1025 2772 redigeus,
1061 2704 1173 2757 hrec
1196 2705 1288 2759 ait.
1319 2704 1450 2758 Cum
1471 2713 1644 2758 autem
1674 2703 1833 2757 dicit:
1862 2703 2020 2771 Quem
2044 2704 2140 2757 ad-

570 2795 712 2847 duxit
738 2810 826 2846 rex
847 2806 987 2861 pater
1011 2811 1145 2848 meus
1172 2811 1234 2847 ea:
1257 2795 1540 2864 captivitate
1562 2794 1779 2860 Iudae,
1813 2793 1927 2848 btec
1951 2804 2138 2849 contra

567 2884 910 2952 semetipsum
946 2885 1108 2938 verba
1156 2884 1404 2953 loquitur,
1441 2886 1484 2937 si
1533 2885 1784 2938 nimirum
1807 2884 2137 2953 captivorum

568 2974 763 3042 ubique
786 2973 1033 3041 indigeat.
1062 2973 1147 3028 Η.
1188 2993 1206 3026 ι
1247 2975 1435 3027 Audivi
1459 2974 1526 3028 de
1547 2972 1777 3041 te,quod
1795 2972 2024 3043 Spiritus
2045 2974 2138 3030 Dei

569 3073 781 3117 sanctus
808 3064 857 3117 in
882 3074 930 3118 te
960 3075 1039 3117 est
1058 3105 1072 3130 ,
1102 3073 1155 3118 et
1176 3064 1463 3133 vigilantia,
1491 3072 1544 3118 et
1572 3065 1934 3134 intelligentia.
1965 3073 2018 3118 et
2037 3078 2127 3118 sa-

571 3154 767 3222 pientia
795 3154 1019 3222 amplior
1047 3154 1256 3208 inventa
1284 3163 1364 3208 est
1393 3155 1443 3207 in
1470 3163 1543 3208 te.
1562 3154 1648 3209 l5.
1664 3154 1731 3208 Et
1750 3168 1891 3208 nunc
1909 3153 2136 3224 ingressi

571 3253 696 3297 sunt
743 3244 796 3296 in
819 3255 1102 3312 conspectu
1144 3258 1263 3297 meo
1293 3243 1582 3310 sapientes,
1621 3243 1780 3313 magi,
1827 3242 2085 3298 Gazareni
2120 3283 2136 3308 ,

571 3335 824 3396 Chaldzei,
845 3345 898 3387 ut
925 3335 1238 3402 scripturam
1265 3334 1400 3387 hanc
1424 3333 1679 3403 legerent,
1701 3342 1755 3387 et
1777 3335 2135 3400 conjecturam

575 3427 693 3495 ejus
746 3425 1041 3480 indicarent
1091 3426 1262 3479 mihi:
1308 3439 1406 3479 nec
1444 3433 1730 3493 potuerunt
1779 3425 2140 3493 conjecturam

573 3520 836 3574 sermonis
867 3520 1006 3573 illius
1026 3520 1326 3573 renuntiare
1353 3518 1503 3574 mihi.
1536 3518 1622 3573 t6.
1655 3519 1721 3572 Et
1745 3533 1845 3588 ego
1872 3518 2046 3572 audivi
2074 3517 2142 3572 de

573 3621 649 3676 te,
676 3611 798 3680 quia
833 3618 983 3680 potes
1011 3610 1347 3680 conjecturas
1373 3611 1661 3679 conjicere,
1692 3620 1748 3665 et
1773 3611 1940 3666 nodos
1966 3611 2140 3665 solve-

574 3715 655 3756 re.
694 3701 760 3754 Et
790 3715 931 3754 nunc
973 3701 1017 3754 si
1063 3701 1261 3769 poteris
1296 3701 1610 3769 scripturam
1648 3702 1844 3771 legere,
1878 3712 1932 3756 et
1957 3701 2139 3771 conje-

573 3801 774 3844 cturam
794 3790 907 3858 ejus
923 3789 1153 3845 indicare
1170 3789 1318 3856 mihi,
1337 3805 1567 3859 purpura
1583 3792 1843 3854 vestieris,
1857 3802 1910 3847 et
1927 3802 2141 3861 torques

573 3895 732 3935 aurea
763 3881 858 3934 erit
889 3880 941 3934 in
970 3881 1106 3935 col.o
1136 3890 1226 3934 tuo
1245 3921 1260 3947 ,
1289 3893 1344 3934 et
1372 3883 1557 3936 tertius
1578 3877 1635 3934 in
1655 3897 1820 3951 regno
1834 3896 1953 3936 meo
1975 3883 2144 3952 impe-

576 3971 716 4026 rabis
739 3970 836 4042 (a).
863 3989 882 4023 ›
912 3970 1126 4028 Fatetur
1149 3985 1276 4026 suos
1297 3971 1461 4025 victos
1477 3985 1614 4034 esse,
1636 3979 1690 4026 et
1705 3974 1808 4025 ait:
1841 3971 1956 4037 Dic,
1985 3981 2143 4042 atque

641 4147 712 4207 (α)
745 4146 837 4209 Vel
857 4149 1148 4209 tertiuspost
1165 4160 1354 4209 regem,
1374 4151 1496 4196 sicut
1512 4148 1639 4197 Fsth.
1662 4148 1737 4196 lO.
1757 4150 1807 4205 5,
1826 4148 2144 4198 ttardochteus

576 4208 818 4256 secundus
842 4215 916 4255 est
937 4209 998 4256 ab
1022 4207 1251 4264 Assuero,
1275 4217 1325 4257 et
1344 4216 1460 4256 Gen.
1488 4209 1563 4256 tl.
1590 4210 1648 4269 45
1667 4243 1680 4267 ,
1706 4209 1939 4269 Josephus
1964 4211 2008 4257 in
2033 4223 2143 4258 cur-

577 4282 683 4316 rum
709 4269 958 4329 Pharaonis
977 4269 1241 4316 secundum
1260 4269 1534 4329 imponitur.
1561 4268 1653 4316 Vel
1680 4268 1868 4324 tertius,
1893 4270 1937 4316 id
1963 4277 2063 4326 est,
2090 4277 2145 4319 ut

579 4331 778 4389 exlionit
797 4336 841 4376 S.
865 4328 1076 4390 Isidorus
1099 4328 1338 4378 Pelusiota’
1358 4329 1438 4378 lib.
1465 4330 1495 4376 2
1514 4368 1527 4385 ,
1563 4331 1704 4390 epist.
1728 4330 1790 4377 96
1806 4365 1820 4387 ,
1849 4337 1952 4390 post
1974 4342 2144 4389 regem

579 4387 892 4450 ae'reginam.
922 4387 1013 4436 Vel
1037 4391 1193 4438 tertia:
1216 4393 1363 4450 partis
1384 4391 1524 4450 regni
1563 4387 1917 4438 administrator
1937 4423 1950 4447 ,
1977 4387 2146 4449 qu‘em-

580 4449 830 4511 admodum
873 4451 1127 4511 .losephum
1176 4449 1363 4498 videtur
1417 4449 1664 4510 explicare
1714 4457 1758 4511 s.
1815 4451 2144 4511 Hieronymus.

583 4510 751 4572 Tertiw
771 4509 897 4572 parti
919 4509 1159 4572 imperans
1179 4545 1193 4568 ,
1217 4512 1282 4559 ait
1306 4511 1433 4558 idem
1457 4509 1691 4571 losephus
1711 4510 1775 4558 de
1807 4509 2147 4572 Jorami‘regls

579 4570 721 4628 duce,
748 4570 779 4618 ί
801 4579 910 4633 neg.
940 4572 985 4618 7.
1012 4570 1103 4620 Vel
1137 4573 1350 4633 denique
1383 4583 1508 4618 unus
1540 4570 1602 4618 ex
1639 4573 1793 4620 tribus
1817 4570 2141 4633 principibus,

581 4634 663 4693 qui
682 4631 885 4693 Satrapis
907 4640 1160 4693 praeerant,
1184 4631 1297 4679 nan.
1323 4631 1368 4678 ti.
1395 4633 1442 4688 2,
1461 4633 1642 4694 quique
1661 4631 2147 4694 gpmagtdicebantur

581 4690 637 4740 ac
660 4690 829 4755 τρεσαρχοιζ
851 4690 1065 4755 ut'patet
1085 4706 1144 4740 ex
1167 4693 1448 4755 Hieronymo
1470 4690 1526 4740 ad
1553 4690 1715 4740 Ezecli.
1741 4693 1819 4755 2.3.
1846 4692 1904 4740 25
1932 4706 1942 4740 :
1976 4690 2149 4741 γῆμα-

581 4752 876 4814 ιαδ,⁷ὶιίῇυίι,
913 4753 1148 4814 principes
1186 4753 1456 4814 principum
1489 4752 1786 4814 interpretati
1818 4766 2010 4814 sumus.
2050 4759 2144 4814 etc.

588 4813 808 4876 tristem
835 4812 990 4876 autem
1027 4812 1195 4876 nomen
1229 4822 1297 4862 est
1333 4815 1485 4876 apud.
1503 4812 1689 4876 Graecos
1728 4813 1927 4876 secundi
1967 4812 2149 4876 gradus

581 4881 683 4936 post
706 4873 888 4934 regiam
911 4873 1220 4936 dignitatem,
1247 4883 1339 4921 etc.
1366 4873 1378 4933 ζ
1405 4883 1455 4922 et
1479 4888 1542 4922 ex
1564 4875 1827 4935 't‘beopbilo
1851 4873 2149 4922 Antiocheno

697 4936 794 4983 Qad
819 4935 1098 4998 Autolycum
1136 4948 1148 4982 ε
1185 4950 1248 4984 τοῦ
1272 4942 1555 5003 δὶ-Σιννιχιριὶμ
1588 4949 1750 4996 wing/.9;
1775 4948 1909 5003 ἰγίνιτρ
1945 4936 2151 5003 napaeas;

584 5007 723 5058 stetit,
746 5008 783 5053 δς
801 5010 858 5046 και
876 4996 1050 5058 teram
1074 5007 1280 5045 ισωίλιυσι
1294 5035 1304 5051 ,
1318 4996 1410 5058 hoc
1433 5005 1525 5052 est,
1544 5003 1709 5058 Factus
1733 4996 1973 5058 astantem
1990 4996 2146 5058 πίω-ς

585 5055 675 5104 clta
695 5054 1076 5114 ‘Sennuclterim,
1104 5055 1412 5106 Adramefeclt
1442 5055 1643 5114 {minam
1663 5094 1676 5110 ,
1711 5055 1794 5116 qui
1816 5054 2001 5117 Algypti
2038 5067 2151 5117 quo-

621 5130 675 5165 ue
710 5128 803 5178 rea;
839 5119 1010 5178 fuerat.
1045 5119 1252 5178 Susticio
1285 5118 1398 5163 mihi
1425 5124 1499 5164 est
1522 5117 1538 5175 (
1560 5125 1611 5164 ut
1648 5118 1692 5164 id
1723 5116 1882 5178 obiter
1916 5116 2146 5176 notem),

628 5176 983 5226 dramelechum
1031 5176 1143 5226 esse
1196 5177 1466 5238 Etliippem
1521 5177 1651 5225 illum
1707 5177 1894 5238 .‘Egypti
1947 5188 2150 5238 regem,

586 5240 667 5299 qui
710 5240 756 5286 iu
794 5238 1038 5289 Chronicis
1074 5239 1260 5287 Eusebii
1302 5237 1495 5286 voeatur
1534 5238 1672 5286 modo
1708 5237 1966 5299 Auterres,
2010 5237 2152 5299 modo

589 5297 796 5359 aterros,
854 5302 992 5348 modo
1046 5302 1201 5358 igua,
1244 5300 1383 5347 modo
1422 5302 1596 5360 Ᾱμμιρνες.
1631 5305 1768 5346 Forte
1814 5298 1957 5360 etiam
2001 5297 2152 5355 (nihil

591 5362 718 5408 enim
742 5363 890 5421 ausim
912 5360 1167 5421 amrmare)
1191 5360 1254 5407 de
1278 5364 1367 5409 isto
1391 5358 1714 5421 exponendus
1733 5368 1809 5407 est
1832 5358 1962 5421 locus
1985 5359 2014 5404 4
2037 5365 2150 5421 1mg.

591 5423 678 5486 il,
703 5423 752 5468 5|
789 5437 799 5469 :
825 5417 1164 5486 Hiuutent‘qui
1199 5429 1333 5486 erant
1369 5420 1428 5469 de
1452 5417 1799 5486 Septem-timur,
1823 5417 2155 5486 conibut'ebnnt

588 5479 712 5544 ﬁlios
735 5495 839 5544 suos
861 5481 980 5543 igni,
1008 5478 1382 5544 Adrtmtetechjet
1409 5478 1689 5530 .mautclerh
1709 5479 1804 5528 diis
1825 5478 2152 5544 Sepharuaim.

591 5540 732 5590 itaret
752 5540 1082 5590 Theodoretus
1104 5547 1282 5598 Qtuest.
1306 5542 1365 5588 48
1389 5544 1434 5588 in
1460 5550 1680 5602 quartum
1705 5548 1902 5599 Regum.
1928 5540 2157 5588 Diodorus

590 5617 783 5672 quoque
806 5602 986 5672 siculus
1005 5642 1017 5659 ,
1041 5603 1123 5650 lib.
1149 5604 1177 5650 ὅ
1196 5638 1218 5672 ,_
1237 5611 1288 5650 et
1318 5604 1481 5672 Strabo
1506 5602 1590 5650 lib.
1620 5603 1694 5672 t7,
1710 5603 2040 5672 conjecturam
2064 5613 2159 5647 non

590 5661 896 5717 titetliocriter
933 5662 1150 5722 firmant,
1191 5663 1302 5709 dum
1341 5665 1558 5711 referunt
1594 5665 1654 5711 ah
1690 5661 1989 5722 Aitbiopibus
2010 5673 2160 5720 rcges

598 5741 708 5776 suos
736 5725 912 5775 adorari
954 5724 1133 5774 solitos.
1178 5724 1513 5775 Adrantelechi
1539 5722 1774 5785 :lit‘niojis
1807 5723 1854 5771 in
1893 5729 2157 5770 tenuiorum

1308 331 1364 386 S.
1404 332 1679 388 JUANNIS
1713 328 2188 388 CIIRYSOSTOMI
2229 330 2538 390 ARCUIEP.
2578 334 3108 396 CONSTANTiNOP.

2247 444 2344 499 ista
2365 447 2564 516 accipe.
2586 447 2689 503 Sed
2708 451 2985 507 considera
3005 451 3333 522 prophetam,
3361 456 3410 509 in
3433 467 3582 526 patre
3599 373 3817 528 quodie:

2245 535 2388 590 illius
2422 539 2686 607 quomodo
2727 542 2958 595 animum
2998 542 3315 613 despondit;
3348 547 3432 600 hic
3469 558 3641 602 autem
3683 553 3810 607 nihil

2246 627 2347 682 tale
2374 643 2387 681 :
2421 629 2512 683 sed
2542 631 2665 699 quid
2695 633 2805 685 ait?
2833 635 2921 688 t7.
2964 653 2983 686 ι
3017 636 3163 689 Tunc
3196 640 3466 706 respondit
3511 641 3690 695 Daniel
3712 685 3726 705 ,
3755 655 3810 698 ct

2243 717 2374 772 dixit
2398 735 2575 774 coram
2607 737 2731 792 rege
2756 742 2769 777 :
2799 725 2986 780 Munus
3012 737 3154 780 tuum
3187 730 3273 783 tibi
3301 731 3387 795 sit,
3413 741 3468 786 et
3493 731 3686 785 donum
3717 735 3810 787 do-

2243 824 2361 865 mus
2391 819 2493 866 tua:
2520 812 2670 867 alteri
2697 814 2763 868 da
2794 831 2807 868 :
2837 830 2936 886 ego
2963 831 3088 871 vero
3127 819 3433 888 scripturam
3464 821 3629 890 legam
3664 825 3802 893 regi,

2242 909 2294 956 et
2317 903 2673 970 conjecturam
2701 904 2816 974 ejus
2844 906 3085 960 indicabo
3116 908 3227 975 tibi,
3253 923 3286 962 ο
3310 925 3420 964 rex.
3450 929 3470 960 ι
3494 911 3666 977 Quare
3692 928 3809 964 mu-

2242 1007 2368 1046 nera
2396 992 2746 1063 deprecatur?
2777 995 2841 1052 Ut
2871 997 3163 1068 intelligas,
3193 1014 3312 1054 eum
3343 1015 3446 1054 non
3477 1012 3690 1071 propter
3719 1003 3806 1058 illa

2243 1083 2501 1153 proloqui.
2542 1084 2692 1150 Quod
2722 1085 2861 1140 enim
2905 1101 3009 1141 non
3044 1087 3208 1141 iratus
3245 1089 3553 1157 simpliciter
3580 1091 3693 1144 haec
3721 1091 3806 1144 di-

2241 1174 2409 1239 xerit,
2437 1173 2543 1245 Ego
2571 1185 2763 1242 autem,
2797 1176 2992 1247 inquit,
3023 1179 3320 1245 srripluram
3351 1180 3540 1250 legam,
3567 1191 3610 1233 et
3637 1197 3805 1246 conje-

2239 1274 2434 1320 cturam
2459 1268 2568 1336 ejus
2592 1269 2886 1322 renuntiabo
2914 1271 3040 1340 regi.
3072 1269 3231 1324 Vides
3265 1272 3410 1325 il!unt
3441 1273 3656 1342 pecunia
3685 1287 3807 1327 esse

2240 1357 2606 1423 superiorem?
2633 1358 2834 1412 honore
2858 1359 3138 1414 altiorem?
3163 1360 3354 1414 nullius
3377 1376 3440 1414 ex
3469 1361 3624 1430 regiis
3649 1361 3805 1416 rebus

2241 1448 2598 1518 indigentem?
2623 1449 2777 1504 Tales
2816 1465 2934 1504 esse
2972 1460 3178 1520 oportet
3203 1465 3295 1507 eos
3320 1454 3404 1520 qui
3434 1453 3717 1522 loquuntur
3741 1469 3805 1508 ea

2240 1552 2358 1608 quae
2388 1539 2480 1593 Dei
2518 1548 2661 1593 sunt.
2704 1540 2782 1594 Ne
2814 1541 3136 1596 existimaret
3172 1557 3264 1595 rex
3309 1542 3454 1596 illum
3489 1558 3549 1596 ea
3580 1543 3658 1596 via
3688 1557 3717 1596 a
3746 1557 3807 1598 se

2239 1643 2358 1684 esse
2386 1639 2686 1691 attractnm,
2715 1631 2794 1685 vel
2827 1630 3018 1698 aliquid
3047 1647 3110 1684 ex
3137 1630 3199 1684 iis
3228 1647 3345 1698 qua:
3373 1631 3438 1686 ab
3465 1647 3529 1684 eo
3554 1633 3804 1687 diceban-

2242 1729 2359 1785 tur,
2391 1720 2676 1774 bumanum
2707 1737 2844 1774 esse.
2876 1721 3008 1786 Quid
3054 1721 3209 1790 igitur
3243 1722 3352 1775 ait?
3380 1723 3640 1776 Omittens
3669 1725 3804 1778 scri-

2239 1819 2447 1880 pturam
2476 1810 2793 1874 edisserere,
2818 1811 2962 1864 illum
2989 1811 3222 1879 pluribus
3249 1813 3424 1866 verbis
3450 1812 3716 1880 admonet,
3739 1829 3806 1869 ex

2243 1899 2369 1968 ipsis
2405 1900 2637 1956 exordiis
2665 1916 2725 1955 ea
2753 1917 2870 1970 quae
2902 1901 3032 1970 patri
3067 1901 3367 1957 acciderant
3402 1903 3454 1956 in
3495 1905 3805 1958 memoriam

2240 1990 2288 2043 ei
2321 2003 2595 2043 revocans.
2634 1991 2720 2044 18.
2756 2008 2772 2040 ε
2810 1991 2945 2044 Deus
2968 1992 3252 2045 altissimus
3281 2007 3496 2060 regnum
3524 2002 3578 2047 et
3602 1996 3806 2063 magni-

2241 2079 2474 2133 tudinem
2494 2121 2510 2145 ,
2541 2089 2593 2134 et
2626 2080 2877 2134 honorem
2899 2122 2914 2142 ,
2944 2089 2997 2135 ct
3028 2083 3247 2150 gloriam
3275 2082 3419 2137 dedit
3456 2083 3806 2138 Nabuchodo-

2242 2171 2419 2224 nosori
2455 2171 2588 2239 patri
2619 2179 2727 2224 tuo.
2764 2172 2848 2226 l9.
2883 2172 2950 2225 Et
2977 2188 3004 2224 a
3036 2174 3416 2242 magnificentia
3437 2215 3452 2238 ,
3482 2191 3636 2244 quam
3665 2175 3808 2229 dedit

2242 2261 2311 2324 ei,
2336 2276 2519 2314 omnes
2550 2262 2746 2330 pupuli,
2773 2263 2958 2326 tribus,
2992 2263 3180 2332 lingme
3208 2266 3503 2319 tremebant
3531 2274 3582 2318 et
3609 2275 3809 2319 metuc-

2245 2346 2422 2405 banta
2450 2351 2580 2406 faeie
2607 2353 2740 2422 ejus.
2771 2353 2915 2419 Quos
2952 2354 3166 2408 volebat
3202 2354 3311 2424 ipse
3350 2355 3724 2418 interficiebat,
3755 2365 3809 2410 et

2242 2457 2374 2509 quos
2403 2444 2614 2498 volebat
2655 2445 2766 2513 ipse
2807 2445 3163 2514 percutiebat,
3195 2457 3248 2501 ct
3284 2462 3418 2516 quos
3455 2446 3660 2500 volt-bat
3696 2447 3808 2515 ipse

2242 2531 2588 2600 deprimebat.
2620 2535 2708 2588 20.
2742 2536 2807 2588 Et
2829 2536 3038 2601 quando
3067 2536 3324 2589 elevatum
3356 2547 3436 2590 est
3459 2553 3551 2591 cor
3578 2538 3726 2606 ejus,
3757 2547 3811 2591 et

2241 2622 2458 2691 spiritus
2487 2625 2601 2693 ejus
2629 2625 2937 2680 ohlirmatns
2965 2637 3045 2681 est
3078 2627 3140 2680 ad
3172 2628 3577 2696 superbiendum
3603 2646 3618 2693 ;
3647 2629 3810 2698 depo-

2242 2709 2374 2763 situs
2401 2721 2481 2765 est
2510 2712 2576 2767 de
2602 2714 2735 2767 solio
2764 2729 2907 2783 regni
2938 2716 3053 2778 sui,
3084 2725 3138 2770 et
3164 2717 3330 2770 honor
3357 2717 3470 2786 ejus
3496 2719 3700 2772 ablatus
3727 2728 3811 2772 est

2241 2798 2309 2853 ab
2337 2813 2421 2865 eo,
2453 2801 2540 2854 2|.
2574 2811 2627 2856 et
2653 2804 2720 2858 ab
2751 2803 3049 2858 hominibus
3086 2807 3334 2874 expulsus
3362 2817 3462 2871 est,
3496 2818 3544 2860 ct
3574 2822 3666 2860 cor
3694 2807 3811 2875 ejus

2242 2902 2362 2942 cum
2392 2889 2577 2945 beSIiis
2603 2892 2782 2945 datum
2816 2903 2915 2954 est,
2947 2904 3139 2948 etcum
3169 2896 3328 2948 asinis
3354 2896 3646 2964 agrestibus
3671 2895 3813 2951 habi-

2245 2977 2372 3030 tatio
2393 2978 2527 3045 eius,
2550 2989 2603 3033 et
2623 2981 2763 3035 faeno
2789 2990 2846 3033 ut
2869 2982 3053 3036 bovem
3079 2983 3384 3037 eihaverunt
3403 2999 3543 3048 eum,
3568 2995 3618 3037 et
3641 3000 3667 3036 a
3691 2999 3811 3039 rore

2241 3067 2356 3120 caeli
2385 3082 2578 3138 corpus
2605 3070 2720 3138 ejus
2746 3071 2961 3124 tinctum
2989 3081 3086 3136 est,
3119 3071 3286 3126 donec
3309 3074 3552 3142 cognovit
3578 3077 3697 3143 quia
3724 3075 3813 3129 do-

2244 3155 2475 3210 minatur
2503 3159 2639 3212 Dcus
2669 3159 2957 3214 altissimus
2981 3175 3140 3229 super
3170 3177 3384 3230 regnum
3424 3161 3727 3226 hominum;
3758 3174 3812 3217 et

2241 3250 2326 3306 cui
2355 3250 2521 3303 visum
2550 3251 2704 3304 fuerit
2727 3251 2872 3305 dabit
2904 3251 3047 3306 illud.
3089 3270 3107 3303 ι
3146 3251 3274 3305 Nam
3303 3253 3344 3305 si
3375 3253 3482 3314 ille,
3507 3253 3694 3321 inquit,
3717 3267 3810 3307 vc-

2245 3341 2329 3395 nia
2353 3341 2595 3410 indiguus
2625 3339 2738 3404 fuit,
2767 3351 2816 3394 tu
2843 3342 2930 3409 qui
2961 3350 3076 3409 post
3101 3341 3358 3409 ejusmodi
3380 3342 3679 3409 exemplum
3705 3358 3809 3395 non

2244 3430 2530 3497 resipuisti,
2552 3446 2706 3500 quam
2731 3445 2956 3498 pmnam,
2980 3445 3180 3498 qumso,
3205 3431 3453 3484 tuereris?
3471 3431 3650 3500 Neque
3669 3433 3810 3485 enim

2245 3520 2310 3574 ad
2357 3522 2703 3590 ignorantiam
2750 3530 2900 3590 potes
2937 3521 3239 3588 confugere.
3269 3520 3453 3575 Nonne
3492 3521 3604 3575 hcce
3634 3522 3811 3575 omnia

2245 3612 2504 3665 noveras?
2529 3612 2792 3678 Quasnam
2823 3611 3032 3664 cuinam
3073 3610 3333 3678 pra-fers?
3359 3625 3450 3665 eos
3478 3612 3563 3679 qui
3593 3626 3696 3664 non
3728 3627 3814 3663 au-

2243 3701 2395 3756 diunt
2415 3741 2430 3765 ,
2460 3717 2630 3770 neque
2660 3700 2875 3754 vident?
2901 3699 2989 3753 22.
3025 3719 3045 3751 ‹
3075 3699 3140 3753 Et
3172 3708 3224 3753 tu
3264 3699 3398 3754 filius
3430 3699 3544 3768 ejus
3574 3699 3812 3754 Baltasar

2246 3809 2348 3847 non
2393 3793 2674 3847 humiliasti
2713 3807 2806 3846 cor
2854 3800 2996 3844 tuum
3039 3805 3215 3845 coram
3252 3791 3375 3845 Deo.
3407 3790 3592 3845 Nonne
3633 3794 3811 3846 omnia

2247 3882 2360 3937 hare
2389 3883 2586 3936 noras?
2610 3882 2700 3935 25.
2727 3882 2792 3936 Et
2817 3896 2976 3949 super
3004 3881 3277 3934 Domimun
3306 3881 3468 3933 Deum
3499 3881 3612 3934 caeli
3639 3881 3811 3934 eleva-

2250 3982 2331 4026 tus
2358 3987 2436 4034 es,
2466 3983 2519 4025 et
2543 3973 2732 4026 domus
2761 3972 2875 4038 ejus
2905 3985 3028 4024 vasa
3069 3969 3286 4024 attulisti
3313 3984 3487 4022 coram
3520 3977 3570 4022 te
3603 3987 3614 4020 :
3648 3982 3701 4022 et
3732 3981 3808 4034 tu,

2247 4071 2302 4117 et
2326 4063 2606 4130 optimates
2637 4061 2733 4128 tui,
2762 4069 2816 4114 et
2849 4060 3126 4114 concubini
3155 4059 3248 4123 tui,
3279 4066 3332 4111 et
3363 4058 3572 4127 pellices
3601 4066 3703 4110 tuae
3731 4057 3813 4111 bi-

2246 4151 2396 4205 bistis
2427 4153 2604 4204 vinum
2637 4152 2686 4203 in
2717 4151 2795 4204 eis
2820 4166 2834 4203 :
2858 4149 3090 4218 deosque
3115 4162 3323 4213 aureos,
3351 4158 3405 4202 et
3432 4156 3731 4217 argenteos,
3759 4157 3814 4213 et

2247 4257 2456 4306 amcos,
2490 4251 2541 4294 et
2580 4240 2811 4304 ferreos,
2843 4248 2892 4294 et
2933 4241 3162 4308 ligneos,
3194 4249 3248 4293 et
3289 4238 3552 4307 lapideos,
3586 4239 3674 4306 qui
3708 4254 3812 4293 non

2250 4334 2447 4396 vident,
2479 4340 2532 4386 et
2561 4347 2667 4384 non
2702 4332 2942 4393 audiunt,
2974 4339 3027 4384 et
3060 4345 3163 4383 non
3191 4338 3532 4397 cognoscunt,
3566 4327 3810 4391 laudasti,

2249 4434 2303 4476 et
2333 4423 2517 4485 Deum,
2549 4422 2698 4489 cujus
2725 4422 2775 4473 in
2802 4435 2956 4472 manu
2984 4430 3064 4472 est
3089 4421 3238 4472 flatus
3263 4429 3398 4481 tuus,
3431 4429 3485 4472 et
3509 4432 3695 4471 omnes
3716 4419 3815 4471 vite

2251 4522 2353 4566 tute
2373 4553 2388 4580 ,
2421 4512 2590 4580 ipsum
2637 4526 2739 4563 non
2781 4509 3104 4578 glorificasti.
3132 4508 3218 4562 24.
3254 4507 3449 4562 Idcirco
3477 4521 3506 4558 a
3539 4507 3672 4559 l'aeie
3700 4505 3816 4573 ejus

2253 4606 2444 4658 missus
2469 4612 2550 4656 est
2586 4602 2840 4656 articulus
2868 4615 3071 4663 manus,
3103 4609 3156 4654 et
3186 4601 3318 4653 hanc
3345 4598 3657 4666 scripturam
3685 4611 3814 4651 exa-

2251 4698 2408 4750 ravit.
2433 4695 2523 4750 25.
2555 4695 2621 4747 Et
2651 4695 2760 4748 lure
2788 4701 2869 4747 est
2893 4700 3109 4746 exarata
3136 4691 3390 4758 scriptura
3421 4706 3433 4742 :
3466 4688 3645 4751 illane,
3673 4687 3817 4741 Thc-

2252 4788 2352 4850 cel,
2384 4786 2582 4840 Phares
2609 4801 2623 4838 :
2647 4785 2734 4837 26.
2761 4793 2812 4838 et
2841 4783 2952 4836 hcce
2976 4793 3057 4836 est
3084 4779 3442 4848 interpretatio
3469 4777 3592 4833 visi:
3619 4778 3773 4830 Mane
3794 4785 3834 4849 ξ

2254 4892 2468 4931 mensus
2493 4885 2571 4929 est
2602 4875 2738 4928 Deus
2782 4889 2998 4941 regnum
3042 4881 3184 4924 tuum
3210 4911 3224 4936 ,
3250 4880 3302 4924 et
3336 4869 3614 4937 complevit
3642 4865 3772 4921 illud
3804 4882 3819 4919 :

2252 4967 2341 5020 27.
2368 4965 2561 5020 Thecel
2588 4980 2600 5014 τ
2623 4977 2913 5031 appensum
2941 4970 3019 5013 est
3049 4961 3097 5012 in
3125 4969 3336 5021 statera,
3365 4967 3417 5012 et
3445 4958 3712 5010 inventum
3737 4963 3826 5008 est

2255 5057 2522 5110 deficiens.
2552 5054 2639 5107 28.
2674 5051 2871 5105 l’hares
2904 5069 2917 5103 :
2947 5049 3170 5103 divisum
3196 5057 3277 5102 est
3302 5062 3518 5116 regnum
3553 5055 3733 5109 tuum,
3769 5054 3828 5100 et

2257 5233 2484 5292 Epitomc,
2510 5241 2652 5291 quam
2671 5226 2819 5292 edidit
2837 5222 3071 5292 scaliger,
3095 5224 3276 5292 mentio
3298 5220 3348 5269 fit
3372 5234 3383 5269 :
3413 5232 3580 5292 verum
3604 5225 3828 5292 tempora

2259 5278 2692 5340 ιὶὸιῖὸοιίνὲιιίιιηι.
2734 5278 3106 5334 Exisllmthel'lm
3146 5284 3191 5332 id
3230 5295 3402 5331 nomen
3427 5278 3829 5339 Ethiopum’deo

2257 5367 2312 5401 ac
2333 5353 2534 5414 regibus
2551 5351 2699 5414 fuisse
2716 5360 2983 5414 commune,
3006 5347 3269 5414 prwsertiin
3285 5356 3392 5391 cum
3408 5352 3578 5414 regem
3598 5351 3828 5414 magnum

2259 5399 2313 5462 ac
2336 5399 2584 5474 potentem
2607 5408 2859 5474 significet.
2887 5399 3029 5474 ρρηά
3052 5407 3171 5474 quia
3194 5404 3305 5451 olim
3344 5399 3830 5474 regesiutfliiiooiei-

2260 5459 2479 5523 bantura
2506 5459 2750 5531 plerisﬁue
2774 5469 3029 5531 gentibus,
3058 5459 3117 5513 eo
3151 5465 3340 5531 facium
3358 5459 3465 5531 est,
3501 5467 3555 5531 ut
3592 5460 3697 5507 haec
3727 5459 3830 5531 duo

2261 5535 2450 5583 nomina
2477 5526 2571 5579 Rea:
2597 5539 2647 5578 et
2672 5526 2808 5576 ’I:eus
2833 5540 2918 5588 pro
2944 5527 3112 5588 eadem
3153 5539 3208 5588 re
3242 5526 3288 5570 in
3323 5526 3574 5588 scripturis
3597 5526 3829 5588 usurpata

2262 5581 2584 5655 reperiantur.
2605 5581 2910 5655 _Confer‘loca
2935 5587 2996 5655 Is.
3023 5589 3082 5634 56
3099 5623 3111 5643 ,
3141 5587 3304 5655 Ιὲξηηρι
3325 5584 3416 5655 ζεῖ..
3431 5583 3485 5654 15
3507 5581 3718 5655 structi:
3743 5581 3826 5655 i7,

2263 5642 2353 5711 δι’,
2381 5660 2431 5701 et
2457 5653 2539 5702 i8.
2560 5651 2650 5698 δι.
2679 5649 2828 5716 e119,
2859 5649 2916 5716 l5_
2931 5662 2942 5701 ;
2969 5650 3084 5693 ίιυιη
3103 5642 3382 5716 inmune-5.
3406 5643 3554 5716 tam
3577 5642 3748 5716 5,29,
3776 5649 3830 5716 ει

2268 5718 2319 5765 ll
2377 5716 2439 5773 ὃς
2466 5721 2609 5773 atque
2633 5712 2882 5760 Selii-simtu
2908 5709 3018 5770 lege
3042 5714 3276 5770 syntagm.
3310 5705 3327 5753 ι
3355 5705 3413 5753 tle
3441 5705 3533 5752 uiis
3554 5705 3697 5766 agris,
3719 5705 3827 5754 αεὶ.
