  <div class='ocr_page' id='page_1' title='image "/cluster/home/n/w/nwhite01/storage/ocr_20150623/56/nnc1.0114695758/228.png"; bbox 0 0 4032 6220; ppageno 0'>
   <div class='ocr_carea' id='block_1_1' title="bbox 264 360 382 419">
    <p class='ocr_par' dir='ltr' id='par_1_1' title="bbox 264 360 382 419">
     <span class='ocr_line' id='line_1_1' title="bbox 264 360 382 419; baseline 0.051 -6"><span class='ocrx_word' id='word_1_1' title='bbox 264 360 382 419; x_wconf 88' lang='lat'>223</span> 
     </span>
    </p>
   </div>
   <div class='ocr_carea' id='block_1_2' title="bbox 257 461 1813 537">
    <p class='ocr_par' dir='ltr' id='par_1_2' title="bbox 257 461 1813 537">
     <span class='ocr_line' id='line_1_2' title="bbox 257 461 1813 537; baseline -0.004 -17"><span class='ocrx_word' id='word_1_2' title='bbox 257 467 557 537; x_wconf 65' lang='lat' dir='ltr'>&#39;Ijrwar,</span> <span class='ocrx_word' id='word_1_3' title='bbox 594 464 754 535; x_wconf 79' lang='grc' dir='ltr'>φησὶ,</span> <span class='ocrx_word' id='word_1_4' title='bbox 812 464 950 529; x_wconf 89' lang='grc' dir='ltr'>τοὺς</span> <span class='ocrx_word' id='word_1_5' title='bbox 995 464 1169 529; x_wconf 84' lang='grc' dir='ltr'>θεοὺς</span> <span class='ocrx_word' id='word_1_6' title='bbox 1215 462 1356 527; x_wconf 84' lang='grc' dir='ltr'>τοὺς</span> <span class='ocrx_word' id='word_1_7' title='bbox 1410 461 1672 530; x_wconf 83' lang='grc' dir='ltr'>χρυσοῦς</span> <span class='ocrx_word' id='word_1_8' title='bbox 1713 461 1813 514; x_wconf 77' lang='grc' dir='ltr'>καὶ</span> 
     </span>
    </p>
   </div>
   <div class='ocr_carea' id='block_1_3' title="bbox 253 551 1815 625">
    <p class='ocr_par' dir='ltr' id='par_1_3' title="bbox 253 551 1815 625">
     <span class='ocr_line' id='line_1_3' title="bbox 253 551 1815 625; baseline -0.004 -14"><span class='ocrx_word' id='word_1_9' title='bbox 253 556 569 625; x_wconf 63' lang='grc' dir='ltr'>ἀργυροῦς.</span> <span class='ocrx_word' id='word_1_10' title='bbox 601 556 752 618; x_wconf 80' lang='grc' dir='ltr'>Τίνος</span> <span class='ocrx_word' id='word_1_11' title='bbox 792 556 975 608; x_wconf 67' lang='grc' dir='ltr'>ἕνεκεν</span> <span class='ocrx_word' id='word_1_12' title='bbox 1019 558 1047 625; x_wconf 81' lang='grc' dir='ltr'>ή</span> <span class='ocrx_word' id='word_1_13' title='bbox 1080 554 1310 624; x_wconf 68' lang='grc' dir='ltr'>διαφορὰ</span> <span class='ocrx_word' id='word_1_14' title='bbox 1354 554 1489 623; x_wconf 78' lang='grc' dir='ltr'>αὕτη</span> <span class='ocrx_word' id='word_1_15' title='bbox 1537 552 1640 605; x_wconf 85' lang='grc' dir='ltr'>τῶν</span> <span class='ocrx_word' id='word_1_16' title='bbox 1681 551 1815 605; x_wconf 80' lang='grc' dir='ltr'>θεῶν</span> 
     </span>
    </p>
   </div>
   <div class='ocr_carea' id='block_1_4' title="bbox 256 641 1815 715">
    <p class='ocr_par' dir='ltr' id='par_1_4' title="bbox 256 641 1815 715">
     <span class='ocr_line' id='line_1_4' title="bbox 256 641 1815 715; baseline -0.004 -17"><span class='ocrx_word' id='word_1_17' title='bbox 256 647 390 715; x_wconf 85' lang='grc' dir='ltr'>παρ’</span> <span class='ocrx_word' id='word_1_18' title='bbox 423 646 600 709; x_wconf 76' lang='grc' dir='ltr'>αὐτοῖς</span> <span class='ocrx_word' id='word_1_19' title='bbox 628 642 728 715; x_wconf 82' lang='grc' dir='ltr'>ἦν;</span> <span class='ocrx_word' id='word_1_20' title='bbox 770 646 826 697; x_wconf 89' lang='lat'>&#39;0</span> <span class='ocrx_word' id='word_1_21' title='bbox 856 644 1096 706; x_wconf 81' lang='grc' dir='ltr'>διάϐολος</span> <span class='ocrx_word' id='word_1_22' title='bbox 1134 644 1449 713; x_wconf 83' lang='grc' dir='ltr'>βουλόμενος</span> <span class='ocrx_word' id='word_1_23' title='bbox 1478 643 1669 704; x_wconf 78' lang='grc' dir='ltr'>αὐτοὺς</span> <span class='ocrx_word' id='word_1_24' title='bbox 1708 641 1815 692; x_wconf 84' lang='grc' dir='ltr'>πά-</span> 
     </span>
    </p>
   </div>
   <div class='ocr_carea' id='block_1_5' title="bbox 258 731 1819 806">
    <p class='ocr_par' dir='ltr' id='par_1_5' title="bbox 258 731 1819 806">
     <span class='ocr_line' id='line_1_5' title="bbox 258 731 1819 806; baseline -0.003 -18"><span class='ocrx_word' id='word_1_25' title='bbox 258 752 360 804; x_wconf 85' lang='grc' dir='ltr'>σης</span> <span class='ocrx_word' id='word_1_26' title='bbox 396 736 758 806; x_wconf 82' lang='grc' dir='ltr'>ἀποστερῆσαι</span> <span class='ocrx_word' id='word_1_27' title='bbox 793 734 1137 803; x_wconf 79' lang='grc' dir='ltr'>συγγνώμης,</span> <span class='ocrx_word' id='word_1_28' title='bbox 1170 734 1421 797; x_wconf 83' lang='grc' dir='ltr'>πολλάκις</span> <span class='ocrx_word' id='word_1_29' title='bbox 1450 734 1698 785; x_wconf 79' lang='grc' dir='ltr'>ἐκέλευσε</span> <span class='ocrx_word' id='word_1_30' title='bbox 1730 731 1819 794; x_wconf 69' lang='lat' dir='ltr'>Eu-</span> 
     </span>
    </p>
   </div>
   <div class='ocr_carea' id='block_1_6' title="bbox 259 825 1815 897">
    <p class='ocr_par' dir='ltr' id='par_1_6' title="bbox 259 825 1815 897">
     <span class='ocr_line' id='line_1_6' title="bbox 259 825 1815 897; baseline -0.003 -19"><span class='ocrx_word' id='word_1_31' title='bbox 259 826 435 888; x_wconf 82' lang='grc' dir='ltr'>λίνους</span> <span class='ocrx_word' id='word_1_32' title='bbox 469 828 735 893; x_wconf 83' lang='grc' dir='ltr'>γενέσθαι,</span> <span class='ocrx_word' id='word_1_33' title='bbox 765 828 848 880; x_wconf 80' lang='grc' dir='ltr'>ἵνα</span> <span class='ocrx_word' id='word_1_34' title='bbox 876 828 1009 896; x_wconf 75' lang='grc' dir='ltr'>μηδὲ</span> <span class='ocrx_word' id='word_1_35' title='bbox 1038 827 1146 879; x_wconf 83' lang='grc' dir='ltr'>ἀπὸ</span> <span class='ocrx_word' id='word_1_36' title='bbox 1173 829 1271 897; x_wconf 88' lang='grc' dir='ltr'>τῆς</span> <span class='ocrx_word' id='word_1_37' title='bbox 1312 825 1439 895; x_wconf 79' lang='grc' dir='ltr'>ὕλης</span> <span class='ocrx_word' id='word_1_38' title='bbox 1469 826 1815 879; x_wconf 79' lang='grc' dir='ltr'>πολυτέλειαν</span> 
     </span>
    </p>
   </div>
   <div class='ocr_carea' id='block_1_7' title="bbox 261 915 1811 987">
    <p class='ocr_par' dir='ltr' id='par_1_7' title="bbox 261 915 1811 987">
     <span class='ocr_line' id='line_1_7' title="bbox 261 915 1811 987; baseline 0 -20"><span class='ocrx_word' id='word_1_39' title='bbox 261 915 457 984; x_wconf 69' lang='grc' dir='ltr'>ἔχωσιν</span> <span class='ocrx_word' id='word_1_40' title='bbox 488 918 573 985; x_wconf 88' lang='grc' dir='ltr'>εἰς</span> <span class='ocrx_word' id='word_1_41' title='bbox 602 916 910 984; x_wconf 80' lang='grc' dir='ltr'>ἀπολογίαν.</span> <span class='ocrx_word' id='word_1_42' title='bbox 935 918 1175 987; x_wconf 83' lang='grc' dir='ltr'>’Ὑμνουν</span> <span class='ocrx_word' id='word_1_43' title='bbox 1211 918 1291 977; x_wconf 82' lang='grc' dir='ltr'>εἰς</span> <span class='ocrx_word' id='word_1_44' title='bbox 1322 915 1533 977; x_wconf 85' lang='grc' dir='ltr'>αὐτούς.</span> <span class='ocrx_word' id='word_1_45' title='bbox 1561 916 1699 984; x_wconf 84' lang='grc' dir='ltr'>Ὅρα</span> <span class='ocrx_word' id='word_1_46' title='bbox 1728 916 1811 967; x_wconf 81' lang='grc' dir='ltr'>ούο</span> 
     </span>
    </p>
   </div>
   <div class='ocr_carea' id='block_1_8' title="bbox 259 1005 1815 1077">
    <p class='ocr_par' dir='ltr' id='par_1_8' title="bbox 259 1005 1815 1077">
     <span class='ocr_line' id='line_1_8' title="bbox 259 1005 1815 1077; baseline 0.001 -20"><span class='ocrx_word' id='word_1_47' title='bbox 259 1005 430 1075; x_wconf 85' lang='grc' dir='ltr'>δαμοῦ</span> <span class='ocrx_word' id='word_1_48' title='bbox 462 1006 552 1058; x_wconf 82' lang='grc' dir='ltr'>τὸν</span> <span class='ocrx_word' id='word_1_49' title='bbox 584 1006 710 1060; x_wconf 78' lang='grc' dir='ltr'>Θεὸν</span> <span class='ocrx_word' id='word_1_50' title='bbox 739 1008 990 1077; x_wconf 76' lang='grc' dir='ltr'>ἄρχοντα,</span> <span class='ocrx_word' id='word_1_51' title='bbox 1016 1008 1129 1060; x_wconf 83' lang='grc' dir='ltr'>ἀλλ’</span> <span class='ocrx_word' id='word_1_52' title='bbox 1161 1008 1607 1077; x_wconf 81' lang='grc' dir='ltr'>ὲπόμενον.Τίνος</span> <span class='ocrx_word' id='word_1_53' title='bbox 1633 1008 1815 1059; x_wconf 74' lang='grc' dir='ltr'>ἕνεκεν</span> 
     </span>
    </p>
   </div>
   <div class='ocr_carea' id='block_1_9' title="bbox 260 1096 1815 1169">
    <p class='ocr_par' dir='ltr' id='par_1_9' title="bbox 260 1096 1815 1169">
     <span class='ocr_line' id='line_1_9' title="bbox 260 1096 1815 1169; baseline -0.001 -19"><span class='ocrx_word' id='word_1_54' title='bbox 260 1096 693 1167; x_wconf 67' lang='grc' dir='ltr'>ἐπηκολούθησεν</span> <span class='ocrx_word' id='word_1_55' title='bbox 718 1102 749 1169; x_wconf 82' lang='grc' dir='ltr'>ή</span> <span class='ocrx_word' id='word_1_56' title='bbox 770 1099 889 1168; x_wconf 88' lang='grc' dir='ltr'>δίκη</span> <span class='ocrx_word' id='word_1_57' title='bbox 914 1099 1140 1169; x_wconf 83' lang='grc' dir='ltr'>ταχέως.</span> <span class='ocrx_word' id='word_1_58' title='bbox 1165 1102 1257 1153; x_wconf 71' lang='grc' dir='ltr'>καὶ</span> <span class='ocrx_word' id='word_1_59' title='bbox 1281 1100 1413 1168; x_wconf 74' lang='grc' dir='ltr'>αὐτῇ</span> <span class='ocrx_word' id='word_1_60' title='bbox 1448 1101 1511 1168; x_wconf 79' lang='grc' dir='ltr'>τῇ</span> <span class='ocrx_word' id='word_1_61' title='bbox 1539 1099 1653 1167; x_wconf 79' lang='grc' dir='ltr'>ὥρᾳ</span> <span class='ocrx_word' id='word_1_62' title='bbox 1673 1099 1815 1162; x_wconf 83' lang='grc' dir='ltr'>;Ἷνα</span> 
     </span>
    </p>
   </div>
   <div class='ocr_carea' id='block_1_10' title="bbox 264 1189 1813 1261">
    <p class='ocr_par' dir='ltr' id='par_1_10' title="bbox 264 1189 1813 1261">
     <span class='ocr_line' id='line_1_10' title="bbox 264 1189 1813 1261; baseline 0.003 -22"><span class='ocrx_word' id='word_1_63' title='bbox 264 1190 339 1258; x_wconf 81' lang='grc' dir='ltr'>μὴ</span> <span class='ocrx_word' id='word_1_64' title='bbox 362 1189 429 1240; x_wconf 80' lang='grc' dir='ltr'>τὰ</span> <span class='ocrx_word' id='word_1_65' title='bbox 463 1190 720 1259; x_wconf 84' lang='grc' dir='ltr'>γενόμενα</span> <span class='ocrx_word' id='word_1_66' title='bbox 762 1194 822 1243; x_wconf 85' lang='grc' dir='ltr'>ἐκ</span> <span class='ocrx_word' id='word_1_67' title='bbox 854 1192 959 1243; x_wconf 86' lang='grc' dir='ltr'>τῶν</span> <span class='ocrx_word' id='word_1_68' title='bbox 997 1191 1274 1261; x_wconf 73' lang='grc' dir='ltr'>προτέρων</span> <span class='ocrx_word' id='word_1_69' title='bbox 1320 1191 1606 1260; x_wconf 80' lang='grc' dir='ltr'>θαυμάτων</span> <span class='ocrx_word' id='word_1_70' title='bbox 1646 1208 1813 1244; x_wconf 82' lang='grc' dir='ltr'>κατα-</span> 
     </span>
    </p>
   </div>
   <div class='ocr_carea' id='block_1_11' title="bbox 261 1280 1817 1351">
    <p class='ocr_par' dir='ltr' id='par_1_11' title="bbox 261 1280 1817 1351">
     <span class='ocr_line' id='line_1_11' title="bbox 261 1280 1817 1351; baseline 0.001 -20"><span class='ocrx_word' id='word_1_71' title='bbox 261 1280 396 1349; x_wconf 84' lang='grc' dir='ltr'>λυθῇ</span> <span class='ocrx_word' id='word_1_72' title='bbox 440 1280 787 1351; x_wconf 81' lang='grc' dir='ltr'>ὑϐριζομένου</span> <span class='ocrx_word' id='word_1_73' title='bbox 822 1282 914 1335; x_wconf 88' lang='grc' dir='ltr'>τοῦ</span> <span class='ocrx_word' id='word_1_74' title='bbox 951 1282 1084 1335; x_wconf 90' lang='grc' dir='ltr'>Θεοῦ</span> <span class='ocrx_word' id='word_1_75' title='bbox 1128 1282 1214 1336; x_wconf 71' lang='grc' dir='ltr'>διὰ</span> <span class='ocrx_word' id='word_1_76' title='bbox 1253 1282 1357 1334; x_wconf 83' lang='grc' dir='ltr'>τῶν</span> <span class='ocrx_word' id='word_1_77' title='bbox 1398 1282 1635 1347; x_wconf 82' lang='grc' dir='ltr'>σκευῶν,</span> <span class='ocrx_word' id='word_1_78' title='bbox 1666 1282 1817 1335; x_wconf 84' lang='grc' dir='ltr'>ὲϐου-</span> 
     </span>
    </p>
   </div>
   <div class='ocr_carea' id='block_1_12' title="bbox 263 1369 1812 1442">
    <p class='ocr_par' dir='ltr' id='par_1_12' title="bbox 263 1369 1812 1442">
     <span class='ocr_line' id='line_1_12' title="bbox 263 1369 1812 1442; baseline 0.003 -21"><span class='ocrx_word' id='word_1_79' title='bbox 263 1369 402 1439; x_wconf 89' lang='grc' dir='ltr'>λήθη</span> <span class='ocrx_word' id='word_1_80' title='bbox 425 1371 617 1440; x_wconf 77' lang='grc' dir='ltr'>ἄνδρας</span> <span class='ocrx_word' id='word_1_81' title='bbox 641 1371 932 1441; x_wconf 75' lang='grc' dir='ltr'>ἐνυϐρίσαι.</span> <span class='ocrx_word' id='word_1_82' title='bbox 958 1374 1181 1442; x_wconf 76' lang='grc' dir='ltr'>Καὶὸρα</span> <span class='ocrx_word' id='word_1_83' title='bbox 1207 1374 1257 1425; x_wconf 88' lang='grc' dir='ltr'>τί</span> <span class='ocrx_word' id='word_1_84' title='bbox 1283 1374 1506 1440; x_wconf 83' lang='grc' dir='ltr'>γίνεταί.</span> <span class='ocrx_word' id='word_1_85' title='bbox 1525 1373 1812 1442; x_wconf 79' lang='grc' dir='ltr'>Ἐϐουλήθη</span> 
     </span>
    </p>
   </div>
   <div class='ocr_carea' id='block_1_13' title="bbox 265 1462 1815 1537">
    <p class='ocr_par' dir='ltr' id='par_1_13' title="bbox 265 1462 1815 1537">
     <span class='ocr_line' id='line_1_13' title="bbox 265 1462 1815 1537; baseline 0.001 -23"><span class='ocrx_word' id='word_1_86' title='bbox 265 1462 471 1532; x_wconf 74' lang='grc' dir='ltr'>σκεύηο</span> <span class='ocrx_word' id='word_1_87' title='bbox 514 1465 605 1515; x_wconf 70' lang='lat' dir='ltr'>ml.</span> <span class='ocrx_word' id='word_1_88' title='bbox 642 1464 773 1534; x_wconf 75' lang='grc' dir='ltr'>αὐτῇ</span> <span class='ocrx_word' id='word_1_89' title='bbox 811 1468 877 1535; x_wconf 80' lang='grc' dir='ltr'>τῇ</span> <span class='ocrx_word' id='word_1_90' title='bbox 911 1466 1029 1537; x_wconf 73' lang='grc' dir='ltr'>ὥρᾳ</span> <span class='ocrx_word' id='word_1_91' title='bbox 1069 1468 1102 1535; x_wconf 85' lang='grc' dir='ltr'>ἡ</span> <span class='ocrx_word' id='word_1_92' title='bbox 1145 1468 1402 1536; x_wconf 87' lang='grc' dir='ltr'>τιμωρία.</span> <span class='ocrx_word' id='word_1_93' title='bbox 1442 1467 1595 1529; x_wconf 80' lang='grc' dir='ltr'>Τίνος</span> <span class='ocrx_word' id='word_1_94' title='bbox 1634 1467 1815 1519; x_wconf 70' lang='grc' dir='ltr'>ἕνεκεν</span> 
     </span>
    </p>
   </div>
   <div class='ocr_carea' id='block_1_14' title="bbox 259 1553 1817 1627">
    <p class='ocr_par' dir='ltr' id='par_1_14' title="bbox 259 1553 1817 1627">
     <span class='ocr_line' id='line_1_14' title="bbox 259 1553 1817 1627; baseline 0.002 -21"><span class='ocrx_word' id='word_1_95' title='bbox 259 1553 360 1606; x_wconf 86' lang='grc' dir='ltr'>οὐκ</span> <span class='ocrx_word' id='word_1_96' title='bbox 380 1555 757 1607; x_wconf 79' lang='grc' dir='ltr'>ἀποστέλλεται</span> <span class='ocrx_word' id='word_1_97' title='bbox 775 1558 802 1608; x_wconf 84' lang='grc' dir='ltr'>ὀ</span> <span class='ocrx_word' id='word_1_98' title='bbox 823 1558 1103 1627; x_wconf 83' lang='grc' dir='ltr'>προφήτης</span> <span class='ocrx_word' id='word_1_99' title='bbox 1128 1557 1451 1625; x_wconf 79' lang='grc' dir='ltr'>ὲγκαλέσων,</span> <span class='ocrx_word' id='word_1_100' title='bbox 1470 1557 1601 1609; x_wconf 78' lang='grc' dir='ltr'>ἀλλὰ</span> <span class='ocrx_word' id='word_1_101' title='bbox 1624 1554 1817 1627; x_wconf 80' lang='grc' dir='ltr'>ἀστρά-</span> 
     </span>
    </p>
   </div>
   <div class='ocr_carea' id='block_1_15' title="bbox 262 1643 1812 1719">
    <p class='ocr_par' dir='ltr' id='par_1_15' title="bbox 262 1643 1812 1719">
     <span class='ocr_line' id='line_1_15' title="bbox 262 1643 1812 1719; baseline 0.004 -24"><span class='ocrx_word' id='word_1_102' title='bbox 262 1643 425 1709; x_wconf 88' lang='grc' dir='ltr'>γαλος</span> <span class='ocrx_word' id='word_1_103' title='bbox 456 1645 670 1714; x_wconf 80' lang='grc' dir='ltr'>χειρός;</span> <span class='ocrx_word' id='word_1_104' title='bbox 705 1647 859 1698; x_wconf 81' lang='grc' dir='ltr'>Ὥστε</span> <span class='ocrx_word' id='word_1_105' title='bbox 897 1648 1065 1715; x_wconf 81' lang='grc' dir='ltr'>μείζω</span> <span class='ocrx_word' id='word_1_106' title='bbox 1110 1648 1359 1715; x_wconf 80' lang='grc' dir='ltr'>γενέσθαι</span> <span class='ocrx_word' id='word_1_107' title='bbox 1396 1648 1493 1719; x_wconf 80' lang='grc' dir='ltr'>τὴν</span> <span class='ocrx_word' id='word_1_108' title='bbox 1535 1648 1812 1718; x_wconf 73' lang='grc' dir='ltr'>ἔκπληξιν.</span> 
     </span>
    </p>
   </div>
   <div class='ocr_carea' id='block_1_16' title="bbox 275 1735 1816 1808">
    <p class='ocr_par' dir='ltr' id='par_1_16' title="bbox 275 1735 1816 1808">
     <span class='ocr_line' id='line_1_16' title="bbox 275 1735 1816 1808; baseline 0.004 -21"><span class='ocrx_word' id='word_1_109' title='bbox 275 1735 371 1787; x_wconf 82' lang='grc' dir='ltr'>Ἐν</span> <span class='ocrx_word' id='word_1_110' title='bbox 403 1736 554 1805; x_wconf 75' lang='grc' dir='ltr'>αὐτῇ</span> <span class='ocrx_word' id='word_1_111' title='bbox 594 1736 668 1804; x_wconf 80' lang='grc' dir='ltr'>τῇ</span> <span class='ocrx_word' id='word_1_112' title='bbox 710 1735 827 1805; x_wconf 82' lang='grc' dir='ltr'>ὥρᾳ</span> <span class='ocrx_word' id='word_1_113' title='bbox 864 1739 1125 1806; x_wconf 77' lang='grc' dir='ltr'>ἐξῆλθον</span> <span class='ocrx_word' id='word_1_114' title='bbox 1166 1739 1447 1795; x_wconf 87' lang='grc' dir='ltr'>δάκτυλοι</span> <span class='ocrx_word' id='word_1_115' title='bbox 1487 1741 1682 1808; x_wconf 88' lang='grc' dir='ltr'>χειρὸς</span> <span class='ocrx_word' id='word_1_116' title='bbox 1712 1742 1816 1794; x_wconf 86' lang='grc' dir='ltr'>ἀν-</span> 
     </span>
    </p>
   </div>
   <div class='ocr_carea' id='block_1_17' title="bbox 262 1824 1814 1898">
    <p class='ocr_par' dir='ltr' id='par_1_17' title="bbox 262 1824 1814 1898">
     <span class='ocr_line' id='line_1_17' title="bbox 262 1824 1814 1898; baseline 0.003 -21"><span class='ocrx_word' id='word_1_117' title='bbox 262 1824 529 1889; x_wconf 82' lang='grc' dir='ltr'>θρώπου,</span> <span class='ocrx_word' id='word_1_118' title='bbox 573 1827 668 1879; x_wconf 79' lang='grc' dir='ltr'>καὶ</span> <span class='ocrx_word' id='word_1_119' title='bbox 709 1827 965 1897; x_wconf 63' lang='grc' dir='ltr'>ἔγραφον</span> <span class='ocrx_word' id='word_1_120' title='bbox 1010 1830 1321 1883; x_wconf 78' lang='grc' dir='ltr'>κατέναντι</span> <span class='ocrx_word' id='word_1_121' title='bbox 1360 1830 1468 1898; x_wconf 81' lang='grc' dir='ltr'>τῆς</span> <span class='ocrx_word' id='word_1_122' title='bbox 1508 1829 1814 1897; x_wconf 87' lang='grc' dir='ltr'>λαμπάδος</span> 
     </span>
    </p>
   </div>
   <div class='ocr_carea' id='block_1_18' title="bbox 262 1916 1816 1989">
    <p class='ocr_par' dir='ltr' id='par_1_18' title="bbox 262 1916 1816 1989">
     <span class='ocr_line' id='line_1_18' title="bbox 262 1916 1816 1989; baseline 0.003 -22"><span class='ocrx_word' id='word_1_123' title='bbox 262 1916 363 1968; x_wconf 80' lang='grc' dir='ltr'>ἐπὶ</span> <span class='ocrx_word' id='word_1_124' title='bbox 400 1918 467 1968; x_wconf 90' lang='grc' dir='ltr'>τὸ</span> <span class='ocrx_word' id='word_1_125' title='bbox 499 1918 749 1986; x_wconf 83' lang='grc' dir='ltr'>κονίαμα</span> <span class='ocrx_word' id='word_1_126' title='bbox 779 1920 882 1973; x_wconf 90' lang='grc' dir='ltr'>τοῦ</span> <span class='ocrx_word' id='word_1_127' title='bbox 909 1922 1113 1989; x_wconf 85' lang='grc' dir='ltr'>τοίχου</span> <span class='ocrx_word' id='word_1_128' title='bbox 1156 1920 1264 1974; x_wconf 86' lang='grc' dir='ltr'>τοῦ</span> <span class='ocrx_word' id='word_1_129' title='bbox 1305 1920 1468 1974; x_wconf 86' lang='grc' dir='ltr'>οτκου</span> <span class='ocrx_word' id='word_1_130' title='bbox 1514 1920 1618 1973; x_wconf 87' lang='grc' dir='ltr'>τοῦ</span> <span class='ocrx_word' id='word_1_131' title='bbox 1643 1922 1816 1985; x_wconf 80' lang='grc' dir='ltr'>βασι-</span> 
     </span>
    </p>
   </div>
   <div class='ocr_carea' id='block_1_19' title="bbox 262 2006 1816 2080">
    <p class='ocr_par' dir='ltr' id='par_1_19' title="bbox 262 2006 1816 2080">
     <span class='ocr_line' id='line_1_19' title="bbox 262 2006 1816 2080; baseline 0.003 -20"><span class='ocrx_word' id='word_1_132' title='bbox 262 2006 414 2073; x_wconf 84' lang='grc' dir='ltr'>λέως</span> <span class='ocrx_word' id='word_1_133' title='bbox 434 2024 448 2039; x_wconf 88' lang='grc'><strong>·</strong></span> <span class='ocrx_word' id='word_1_134' title='bbox 480 2008 575 2061; x_wconf 76' lang='grc' dir='ltr'>καὶ</span> <span class='ocrx_word' id='word_1_135' title='bbox 613 2012 646 2062; x_wconf 87' lang='grc' dir='ltr'>ό</span> <span class='ocrx_word' id='word_1_136' title='bbox 670 2010 963 2077; x_wconf 80' lang='grc' dir='ltr'>,ϐασιλεὺς</span> <span class='ocrx_word' id='word_1_137' title='bbox 989 2012 1217 2079; x_wconf 84' lang='grc' dir='ltr'>ἐθεώρει</span> <span class='ocrx_word' id='word_1_138' title='bbox 1240 2012 1377 2078; x_wconf 90' lang='grc' dir='ltr'>τοὺς</span> <span class='ocrx_word' id='word_1_139' title='bbox 1407 2011 1816 2080; x_wconf 70' lang='grc' dir='ltr'>ἀστραγάλους</span> 
     </span>
    </p>
   </div>
   <div class='ocr_carea' id='block_1_20' title="bbox 267 2097 1815 2174">
    <p class='ocr_par' dir='ltr' id='par_1_20' title="bbox 267 2097 1815 2174">
     <span class='ocr_line' id='line_1_20' title="bbox 267 2097 1815 2174; baseline 0.003 -25"><span class='ocrx_word' id='word_1_140' title='bbox 267 2097 377 2163; x_wconf 78' lang='grc' dir='ltr'>τῆς</span> <span class='ocrx_word' id='word_1_141' title='bbox 407 2099 602 2167; x_wconf 84' lang='grc' dir='ltr'>χειρὸς</span> <span class='ocrx_word' id='word_1_142' title='bbox 638 2099 742 2167; x_wconf 84' lang='grc' dir='ltr'>τῆς</span> <span class='ocrx_word' id='word_1_143' title='bbox 777 2105 1140 2170; x_wconf 63' lang='grc' dir='ltr'>γραφούσης.</span> <span class='ocrx_word' id='word_1_144' title='bbox 1180 2104 1415 2173; x_wconf 80' lang='grc' dir='ltr'>Πρόσθες</span> <span class='ocrx_word' id='word_1_145' title='bbox 1453 2106 1544 2156; x_wconf 74' lang='grc' dir='ltr'>καὶ</span> <span class='ocrx_word' id='word_1_146' title='bbox 1582 2104 1815 2174; x_wconf 80' lang='grc' dir='ltr'>ἑσπέραν</span> 
     </span>
    </p>
   </div>
   <div class='ocr_carea' id='block_1_21' title="bbox 264 2182 1815 2263">
    <p class='ocr_par' dir='ltr' id='par_1_21' title="bbox 264 2182 1815 2263">
     <span class='ocr_line' id='line_1_21' title="bbox 264 2182 1815 2263; baseline 0.004 -25"><span class='ocrx_word' id='word_1_147' title='bbox 264 2182 450 2241; x_wconf 69' lang='grc' dir='ltr'>οὖσαν.</span> <span class='ocrx_word' id='word_1_148' title='bbox 476 2189 619 2241; x_wconf 85' lang='grc' dir='ltr'>Ἔδει</span> <span class='ocrx_word' id='word_1_149' title='bbox 653 2190 748 2260; x_wconf 83' lang='grc' dir='ltr'>τὴν</span> <span class='ocrx_word' id='word_1_150' title='bbox 782 2192 985 2260; x_wconf 78' lang='grc' dir='ltr'>οἴδησιν</span> <span class='ocrx_word' id='word_1_151' title='bbox 1012 2192 1111 2262; x_wconf 80' lang='grc' dir='ltr'>τὴν</span> <span class='ocrx_word' id='word_1_152' title='bbox 1158 2194 1264 2245; x_wconf 84' lang='grc' dir='ltr'>ἀπὸ</span> <span class='ocrx_word' id='word_1_153' title='bbox 1292 2196 1386 2263; x_wconf 77' lang='grc' dir='ltr'>τῆς</span> <span class='ocrx_word' id='word_1_154' title='bbox 1440 2192 1605 2262; x_wconf 83' lang='grc' dir='ltr'>μέθης</span> <span class='ocrx_word' id='word_1_155' title='bbox 1648 2210 1815 2245; x_wconf 87' lang='grc' dir='ltr'>κατα-</span> 
     </span>
    </p>
   </div>
   <div class='ocr_carea' id='block_1_22' title="bbox 268 2276 1813 2354">
    <p class='ocr_par' dir='ltr' id='par_1_22' title="bbox 268 2276 1813 2354">
     <span class='ocr_line' id='line_1_22' title="bbox 268 2276 1813 2354; baseline 0.005 -26"><span class='ocrx_word' id='word_1_156' title='bbox 268 2278 547 2346; x_wconf 81' lang='grc' dir='ltr'>σταλῆναι.</span> <span class='ocrx_word' id='word_1_157' title='bbox 579 2276 706 2333; x_wconf 85' lang='grc' dir='ltr'>Εἶτα</span> <span class='ocrx_word' id='word_1_158' title='bbox 736 2281 837 2334; x_wconf 76' lang='grc' dir='ltr'>ἔδει</span> <span class='ocrx_word' id='word_1_159' title='bbox 875 2283 1065 2351; x_wconf 83' lang='grc' dir='ltr'>μαθεῖν</span> <span class='ocrx_word' id='word_1_160' title='bbox 1092 2286 1216 2346; x_wconf 83' lang='grc' dir='ltr'>τοὺς</span> <span class='ocrx_word' id='word_1_161' title='bbox 1245 2285 1512 2354; x_wconf 74' lang='grc' dir='ltr'>παρόντας</span> <span class='ocrx_word' id='word_1_162' title='bbox 1552 2285 1813 2346; x_wconf 77' lang='grc' dir='ltr'>ἅπαντας,</span> 
     </span>
    </p>
   </div>
   <div class='ocr_carea' id='block_1_23' title="bbox 263 2369 1817 2445">
    <p class='ocr_par' dir='ltr' id='par_1_23' title="bbox 263 2369 1817 2445">
     <span class='ocr_line' id='line_1_23' title="bbox 263 2369 1817 2445; baseline 0.004 -24"><span class='ocrx_word' id='word_1_163' title='bbox 263 2370 348 2421; x_wconf 81' lang='grc' dir='ltr'>ὅτι</span> <span class='ocrx_word' id='word_1_164' title='bbox 382 2369 533 2440; x_wconf 85' lang='grc' dir='ltr'>δίκην</span> <span class='ocrx_word' id='word_1_165' title='bbox 552 2372 778 2426; x_wconf 84' lang='grc' dir='ltr'>δίδωσιν.</span> <span class='ocrx_word' id='word_1_166' title='bbox 807 2376 903 2425; x_wconf 75' lang='grc' dir='ltr'>Διὰ</span> <span class='ocrx_word' id='word_1_167' title='bbox 934 2375 987 2426; x_wconf 86' lang='grc' dir='ltr'>τί</span> <span class='ocrx_word' id='word_1_168' title='bbox 1022 2375 1095 2445; x_wconf 82' lang='grc' dir='ltr'>μὴ</span> <span class='ocrx_word' id='word_1_169' title='bbox 1124 2377 1360 2444; x_wconf 83' lang='grc' dir='ltr'>σκηπτὸν</span> <span class='ocrx_word' id='word_1_170' title='bbox 1385 2376 1592 2444; x_wconf 74' lang='grc' dir='ltr'>ἀφῆκεν</span> <span class='ocrx_word' id='word_1_171' title='bbox 1618 2376 1817 2437; x_wconf 81' lang='grc' dir='ltr'>εὐθέως</span> 
     </span>
    </p>
   </div>
   <div class='ocr_carea' id='block_1_24' title="bbox 264 2458 1817 2535">
    <p class='ocr_par' dir='ltr' id='par_1_24' title="bbox 264 2458 1817 2535">
     <span class='ocr_line' id='line_1_24' title="bbox 264 2458 1817 2535; baseline 0.005 -25"><span class='ocrx_word' id='word_1_172' title='bbox 264 2458 332 2510; x_wconf 86' lang='grc' dir='ltr'>ὲκ</span> <span class='ocrx_word' id='word_1_173' title='bbox 358 2458 451 2511; x_wconf 90' lang='grc' dir='ltr'>τοῦ</span> <span class='ocrx_word' id='word_1_174' title='bbox 489 2462 922 2531; x_wconf 83' lang='grc' dir='ltr'>ούρανοῦ;Ὢστε</span> <span class='ocrx_word' id='word_1_175' title='bbox 957 2464 1115 2517; x_wconf 78' lang='grc' dir='ltr'>πάλιν</span> <span class='ocrx_word' id='word_1_176' title='bbox 1152 2466 1245 2518; x_wconf 74' lang='grc' dir='ltr'>καὶ</span> <span class='ocrx_word' id='word_1_177' title='bbox 1291 2466 1378 2517; x_wconf 80' lang='grc' dir='ltr'>τὸν</span> <span class='ocrx_word' id='word_1_178' title='bbox 1424 2468 1634 2535; x_wconf 77' lang='grc' dir='ltr'>οἰκέτην</span> <span class='ocrx_word' id='word_1_179' title='bbox 1665 2466 1817 2531; x_wconf 78' lang='grc' dir='ltr'>δοξα-</span> 
     </span>
    </p>
   </div>
   <div class='ocr_carea' id='block_1_25' title="bbox 266 2548 1817 2617">
    <p class='ocr_par' dir='ltr' id='par_1_25' title="bbox 266 2548 1817 2617">
     <span class='ocr_line' id='line_1_25' title="bbox 266 2548 1817 2617; baseline 0.006 -18"><span class='ocrx_word' id='word_1_180' title='bbox 266 2548 458 2617; x_wconf 83' lang='grc' dir='ltr'>σθῆναι</span> <span class='ocrx_word' id='word_1_181' title='bbox 488 2550 577 2603; x_wconf 83' lang='grc' dir='ltr'>τὸν</span> <span class='ocrx_word' id='word_1_182' title='bbox 602 2554 761 2605; x_wconf 82' lang='grc' dir='ltr'>αὐτοῦ</span> <span class='ocrx_word' id='word_1_183' title='bbox 780 2571 792 2583; x_wconf 86' lang='grc'><strong>·</strong></span> <span class='ocrx_word' id='word_1_184' title='bbox 834 2555 969 2608; x_wconf 83' lang='grc' dir='ltr'>ὥστε</span> <span class='ocrx_word' id='word_1_185' title='bbox 1006 2557 1165 2609; x_wconf 74' lang='grc' dir='ltr'>αὑτὸν</span> <span class='ocrx_word' id='word_1_186' title='bbox 1193 2557 1417 2610; x_wconf 83' lang='grc' dir='ltr'>ἀκοῦσαι</span> <span class='ocrx_word' id='word_1_187' title='bbox 1452 2559 1537 2610; x_wconf 76' lang='grc' dir='ltr'>διὰ</span> <span class='ocrx_word' id='word_1_188' title='bbox 1565 2558 1616 2608; x_wconf 85' lang='grc' dir='ltr'>τί</span> <span class='ocrx_word' id='word_1_189' title='bbox 1648 2558 1817 2609; x_wconf 83' lang='grc' dir='ltr'>ταῦτα</span> 
     </span>
    </p>
   </div>
   <div class='ocr_carea' id='block_1_26' title="bbox 265 2639 1816 2719">
    <p class='ocr_par' dir='ltr' id='par_1_26' title="bbox 265 2639 1816 2719">
     <span class='ocr_line' id='line_1_26' title="bbox 265 2639 1816 2719; baseline 0.008 -29"><span class='ocrx_word' id='word_1_190' title='bbox 265 2639 483 2709; x_wconf 77' lang='grc' dir='ltr'>πάσχει.</span> <span class='ocrx_word' id='word_1_191' title='bbox 526 2643 580 2693; x_wconf 87' lang='lat' dir='ltr'>&#39;U</span> <span class='ocrx_word' id='word_1_192' title='bbox 615 2643 719 2713; x_wconf 83' lang='grc' dir='ltr'>γὰρ</span> <span class='ocrx_word' id='word_1_193' title='bbox 763 2646 955 2715; x_wconf 80' lang='grc' dir='ltr'>Δανιὴλ</span> <span class='ocrx_word' id='word_1_194' title='bbox 1003 2648 1255 2699; x_wconf 85' lang='grc' dir='ltr'>εἰσελθὼν</span> <span class='ocrx_word' id='word_1_195' title='bbox 1300 2648 1417 2717; x_wconf 65' lang='grc' dir='ltr'>οὐχ).</span> <span class='ocrx_word' id='word_1_196' title='bbox 1468 2648 1563 2718; x_wconf 82' lang='grc' dir='ltr'>τὴν</span> <span class='ocrx_word' id='word_1_197' title='bbox 1602 2649 1816 2719; x_wconf 82' lang='grc' dir='ltr'>γραφὴν</span> 
     </span>
    </p>
   </div>
   <div class='ocr_carea' id='block_1_27' title="bbox 266 2729 1816 2809">
    <p class='ocr_par' dir='ltr' id='par_1_27' title="bbox 266 2729 1816 2809">
     <span class='ocr_line' id='line_1_27' title="bbox 266 2729 1816 2809; baseline 0.006 -26"><span class='ocrx_word' id='word_1_198' title='bbox 266 2729 555 2799; x_wconf 78' lang='grc' dir='ltr'>ἑρμηνεύει</span> <span class='ocrx_word' id='word_1_199' title='bbox 587 2732 762 2799; x_wconf 83' lang='grc' dir='ltr'>μόνον,</span> <span class='ocrx_word' id='word_1_200' title='bbox 781 2735 911 2789; x_wconf 80' lang='grc' dir='ltr'>ἀλλὰ</span> <span class='ocrx_word' id='word_1_201' title='bbox 941 2739 1030 2789; x_wconf 72' lang='grc' dir='ltr'>καὶ</span> <span class='ocrx_word' id='word_1_202' title='bbox 1056 2740 1295 2809; x_wconf 77' lang='grc' dir='ltr'>μακροὺς</span> <span class='ocrx_word' id='word_1_203' title='bbox 1318 2742 1584 2793; x_wconf 80' lang='grc' dir='ltr'>ἀποτείνει</span> <span class='ocrx_word' id='word_1_204' title='bbox 1608 2741 1816 2808; x_wconf 82' lang='grc' dir='ltr'>λόγους,</span> 
     </span>
    </p>
   </div>
   <div class='ocr_carea' id='block_1_28' title="bbox 266 2822 1816 2903">
    <p class='ocr_par' dir='ltr' id='par_1_28' title="bbox 266 2822 1816 2903">
     <span class='ocr_line' id='line_1_28' title="bbox 266 2822 1816 2903; baseline 0.012 -33"><span class='ocrx_word' id='word_1_205' title='bbox 266 2822 361 2871; x_wconf 71' lang='grc' dir='ltr'>καὶ</span> <span class='ocrx_word' id='word_1_206' title='bbox 395 2823 893 2891; x_wconf 75' lang='grc' dir='ltr'>συμϐουλευτικοὺς,</span> <span class='ocrx_word' id='word_1_207' title='bbox 935 2832 1028 2899; x_wconf 77' lang='grc' dir='ltr'>οὐχ</span> <span class='ocrx_word' id='word_1_208' title='bbox 1059 2831 1134 2894; x_wconf 86' lang='grc' dir='ltr'>ὼς</span> <span class='ocrx_word' id='word_1_209' title='bbox 1171 2833 1462 2903; x_wconf 82' lang='grc' dir='ltr'>ὠφελήσων</span> <span class='ocrx_word' id='word_1_210' title='bbox 1491 2837 1670 2901; x_wconf 82' lang='grc' dir='ltr'>αὑτὸν,</span> <span class='ocrx_word' id='word_1_211' title='bbox 1701 2836 1816 2889; x_wconf 81' lang='grc' dir='ltr'>ἀλλ’</span> 
     </span>
    </p>
   </div>
   <div class='ocr_carea' id='block_1_29' title="bbox 265 2911 1821 2994">
    <p class='ocr_par' dir='ltr' id='par_1_29' title="bbox 265 2911 1821 2994">
     <span class='ocr_line' id='line_1_29' title="bbox 265 2911 1821 2994; baseline 0.013 -33"><span class='ocrx_word' id='word_1_212' title='bbox 265 2911 344 2972; x_wconf 81' lang='grc' dir='ltr'>ὡς</span> <span class='ocrx_word' id='word_1_213' title='bbox 363 2912 484 2974; x_wconf 67' lang='grc' dir='ltr'>τοὺς</span> <span class='ocrx_word' id='word_1_214' title='bbox 512 2913 699 2977; x_wconf 73' lang='grc' dir='ltr'>ἄλλους</span> <span class='ocrx_word' id='word_1_215' title='bbox 725 2916 961 2985; x_wconf 84' lang='grc' dir='ltr'>βελτίους</span> <span class='ocrx_word' id='word_1_216' title='bbox 990 2922 1247 2991; x_wconf 83' lang='grc' dir='ltr'>ποιήσων.</span> <span class='ocrx_word' id='word_1_217' title='bbox 1288 2927 1421 2978; x_wconf 87' lang='grc' dir='ltr'>Τότε</span> <span class='ocrx_word' id='word_1_218' title='bbox 1452 2927 1671 2994; x_wconf 72' lang='grc' dir='ltr'>Δανιὴλ</span> <span class='ocrx_word' id='word_1_219' title='bbox 1696 2931 1821 2981; x_wconf 81' lang='grc' dir='ltr'>εισ-</span> 
     </span>
    </p>
   </div>
   <div class='ocr_carea' id='block_1_30' title="bbox 264 2998 1817 3080">
    <p class='ocr_par' dir='ltr' id='par_1_30' title="bbox 264 2998 1817 3080">
     <span class='ocr_line' id='line_1_30' title="bbox 264 2998 1817 3080; baseline 0.014 -29"><span class='ocrx_word' id='word_1_220' title='bbox 264 2998 452 3063; x_wconf 80' lang='grc' dir='ltr'>ῆλθεν</span> <span class='ocrx_word' id='word_1_221' title='bbox 477 3004 726 3058; x_wconf 82' lang='grc' dir='ltr'>ἐνώπιον</span> <span class='ocrx_word' id='word_1_222' title='bbox 744 3008 845 3061; x_wconf 87' lang='grc' dir='ltr'>τοῦ</span> <span class='ocrx_word' id='word_1_223' title='bbox 870 3009 1192 3076; x_wconf 80' lang='grc' dir='ltr'>βασιλέως.</span> <span class='ocrx_word' id='word_1_224' title='bbox 1224 3014 1333 3067; x_wconf 85' lang='lat' dir='ltr'><strong><em>Kal</em></strong></span> <span class='ocrx_word' id='word_1_225' title='bbox 1365 3011 1531 3068; x_wconf 79' lang='grc' dir='ltr'>εἶπεν</span> <span class='ocrx_word' id='word_1_226' title='bbox 1569 3021 1600 3070; x_wconf 84' lang='grc' dir='ltr'>ό</span> <span class='ocrx_word' id='word_1_227' title='bbox 1636 3019 1817 3080; x_wconf 80' lang='grc' dir='ltr'>,βασι-</span> 
     </span>
    </p>
   </div>
   <div class='ocr_carea' id='block_1_31' title="bbox 264 3094 1819 3175">
    <p class='ocr_par' dir='ltr' id='par_1_31' title="bbox 264 3094 1819 3175">
     <span class='ocr_line' id='line_1_31' title="bbox 264 3094 1819 3175; baseline 0.009 -29"><span class='ocrx_word' id='word_1_228' title='bbox 264 3097 306 3147; x_wconf 90' lang='grc' dir='ltr'>λ</span> <span class='ocrx_word' id='word_1_229' title='bbox 332 3094 413 3159; x_wconf 54' lang='grc' dir='ltr'>ηὺς</span> <span class='ocrx_word' id='word_1_230' title='bbox 434 3094 509 3160; x_wconf 84' lang='grc' dir='ltr'>τῷ</span> <span class='ocrx_word' id='word_1_231' title='bbox 524 3099 741 3165; x_wconf 86' lang='grc' dir='ltr'>Δανιήλ</span> <span class='ocrx_word' id='word_1_232' title='bbox 757 3115 769 3127; x_wconf 88' lang='grc'><strong>·</strong></span> <span class='ocrx_word' id='word_1_233' title='bbox 790 3100 871 3153; x_wconf 87' lang='grc' dir='ltr'>Σὺ</span> <span class='ocrx_word' id='word_1_234' title='bbox 890 3098 947 3153; x_wconf 77' lang='grc' dir='ltr'>εἴ</span> <span class='ocrx_word' id='word_1_235' title='bbox 958 3103 1198 3170; x_wconf 84' lang='grc' dir='ltr'>Δανιὴλ,</span> <span class='ocrx_word' id='word_1_236' title='bbox 1218 3109 1249 3158; x_wconf 90' lang='grc' dir='ltr'>ό</span> <span class='ocrx_word' id='word_1_237' title='bbox 1270 3105 1385 3158; x_wconf 78' lang='grc' dir='ltr'>ἀπὸ</span> <span class='ocrx_word' id='word_1_238' title='bbox 1408 3106 1523 3159; x_wconf 84' lang='grc' dir='ltr'>τῶν</span> <span class='ocrx_word' id='word_1_239' title='bbox 1548 3108 1690 3161; x_wconf 70' lang='grc' dir='ltr'>υἱῶν</span> <span class='ocrx_word' id='word_1_240' title='bbox 1710 3108 1819 3175; x_wconf 82' lang='grc' dir='ltr'>τῆς</span> 
     </span>
    </p>
   </div>
   <div class='ocr_carea' id='block_1_32' title="bbox 264 3188 1820 3265">
    <p class='ocr_par' dir='ltr' id='par_1_32' title="bbox 264 3188 1820 3265">
     <span class='ocr_line' id='line_1_32' title="bbox 264 3188 1820 3265; baseline 0.013 -33"><span class='ocrx_word' id='word_1_241' title='bbox 264 3188 669 3253; x_wconf 64' lang='grc' dir='ltr'>αἰχμαλωσίας</span> <span class='ocrx_word' id='word_1_242' title='bbox 693 3188 801 3256; x_wconf 80' lang='grc' dir='ltr'>τῆς</span> <span class='ocrx_word' id='word_1_243' title='bbox 829 3190 1218 3265; x_wconf 77' lang='grc' dir='ltr'>Ἰουδαίας,ἧς</span> <span class='ocrx_word' id='word_1_244' title='bbox 1246 3195 1577 3263; x_wconf 77' lang='grc' dir='ltr'>κατήγαγεν</span> <span class='ocrx_word' id='word_1_245' title='bbox 1597 3202 1627 3250; x_wconf 87' lang='grc' dir='ltr'>ό</span> <span class='ocrx_word' id='word_1_246' title='bbox 1647 3200 1820 3261; x_wconf 75' lang='grc' dir='ltr'>,ϐασι-</span> 
     </span>
    </p>
   </div>
   <div class='ocr_carea' id='block_1_33' title="bbox 264 3276 1820 3359">
    <p class='ocr_par' dir='ltr' id='par_1_33' title="bbox 264 3276 1820 3359">
     <span class='ocr_line' id='line_1_33' title="bbox 264 3276 1820 3359; baseline 0.008 -31"><span class='ocrx_word' id='word_1_247' title='bbox 264 3276 412 3341; x_wconf 73' lang='grc' dir='ltr'>λεὺς</span> <span class='ocrx_word' id='word_1_248' title='bbox 434 3280 465 3329; x_wconf 84' lang='grc' dir='ltr'>ό</span> <span class='ocrx_word' id='word_1_249' title='bbox 480 3279 670 3347; x_wconf 80' lang='grc' dir='ltr'>πατήρ</span> <span class='ocrx_word' id='word_1_250' title='bbox 678 3297 794 3347; x_wconf 88' lang='grc' dir='ltr'>μου</span> <span class='ocrx_word' id='word_1_251' title='bbox 814 3280 928 3335; x_wconf 85' lang='grc' dir='ltr'>ἀπὸ</span> <span class='ocrx_word' id='word_1_252' title='bbox 951 3282 1058 3350; x_wconf 82' lang='grc' dir='ltr'>τῆς</span> <span class='ocrx_word' id='word_1_253' title='bbox 1083 3285 1368 3351; x_wconf 81' lang='grc' dir='ltr'>Ἰουδαίας</span> <span class='ocrx_word' id='word_1_254' title='bbox 1382 3303 1400 3349; x_wconf 88' lang='grc'><em>;</em></span> <span class='ocrx_word' id='word_1_255' title='bbox 1416 3288 1501 3349; x_wconf 78' lang='grc' dir='ltr'>Ὠς</span> <span class='ocrx_word' id='word_1_256' title='bbox 1519 3289 1820 3359; x_wconf 85' lang='grc' dir='ltr'>καταπλητ-</span> 
     </span>
    </p>
   </div>
   <div class='ocr_carea' id='block_1_34' title="bbox 264 3365 1816 3449">
    <p class='ocr_par' dir='ltr' id='par_1_34' title="bbox 264 3365 1816 3449">
     <span class='ocr_line' id='line_1_34' title="bbox 264 3365 1816 3449; baseline 0.012 -35"><span class='ocrx_word' id='word_1_257' title='bbox 264 3365 488 3432; x_wconf 67' lang='grc' dir='ltr'>τόμενος</span> <span class='ocrx_word' id='word_1_258' title='bbox 510 3367 667 3419; x_wconf 73' lang='grc' dir='ltr'>αὑτὸν</span> <span class='ocrx_word' id='word_1_259' title='bbox 683 3370 775 3421; x_wconf 76' lang='grc' dir='ltr'>καὶ</span> <span class='ocrx_word' id='word_1_260' title='bbox 791 3372 865 3433; x_wconf 83' lang='grc' dir='ltr'>εἰς</span> <span class='ocrx_word' id='word_1_261' title='bbox 881 3372 1123 3442; x_wconf 75' lang='grc' dir='ltr'>ἀνάγκην</span> <span class='ocrx_word' id='word_1_262' title='bbox 1140 3375 1423 3438; x_wconf 86' lang='grc' dir='ltr'>καθιστῶν,</span> <span class='ocrx_word' id='word_1_263' title='bbox 1448 3378 1615 3431; x_wconf 77' lang='grc' dir='ltr'>ταῦτά</span> <span class='ocrx_word' id='word_1_264' title='bbox 1637 3397 1816 3449; x_wconf 78' lang='grc' dir='ltr'>φησιν.</span> 
     </span>
    </p>
   </div>
   <div class='ocr_carea' id='block_1_35' title="bbox 268 3455 1818 3539">
    <p class='ocr_par' dir='ltr' id='par_1_35' title="bbox 268 3455 1818 3539">
     <span class='ocr_line' id='line_1_35' title="bbox 268 3455 1818 3539; baseline 0.012 -32"><span class='ocrx_word' id='word_1_265' title='bbox 268 3455 450 3509; x_wconf 81' lang='grc' dir='ltr'>Εἰπὼν</span> <span class='ocrx_word' id='word_1_266' title='bbox 465 3457 657 3517; x_wconf 81' lang='grc' dir='ltr'>δὲ.’ον</span> <span class='ocrx_word' id='word_1_267' title='bbox 676 3460 893 3529; x_wconf 79' lang='grc' dir='ltr'>ἤγαγεν</span> <span class='ocrx_word' id='word_1_268' title='bbox 910 3462 1055 3535; x_wconf 75' lang='grc'>[231]</span> <span class='ocrx_word' id='word_1_269' title='bbox 1077 3469 1109 3519; x_wconf 86' lang='grc' dir='ltr'>ό</span> <span class='ocrx_word' id='word_1_270' title='bbox 1126 3467 1420 3533; x_wconf 73' lang='grc' dir='ltr'>,ϐασιλεὺς</span> <span class='ocrx_word' id='word_1_271' title='bbox 1439 3473 1469 3523; x_wconf 89' lang='grc' dir='ltr'>ό</span> <span class='ocrx_word' id='word_1_272' title='bbox 1488 3470 1678 3538; x_wconf 74' lang='grc' dir='ltr'>πατήρ</span> <span class='ocrx_word' id='word_1_273' title='bbox 1702 3490 1818 3539; x_wconf 86' lang='grc' dir='ltr'>μου</span> 
     </span>
    </p>
   </div>
   <div class='ocr_carea' id='block_1_36' title="bbox 264 3545 1820 3621">
    <p class='ocr_par' dir='ltr' id='par_1_36' title="bbox 264 3545 1820 3621">
     <span class='ocr_line' id='line_1_36' title="bbox 264 3545 1820 3621; baseline 0.008 -22"><span class='ocrx_word' id='word_1_274' title='bbox 264 3545 385 3599; x_wconf 78' lang='grc' dir='ltr'>ἀπὸ</span> <span class='ocrx_word' id='word_1_275' title='bbox 402 3546 508 3614; x_wconf 86' lang='grc' dir='ltr'>τῆς</span> <span class='ocrx_word' id='word_1_276' title='bbox 525 3551 925 3618; x_wconf 73' lang='grc' dir='ltr'>αἰχμαλωσίας</span> <span class='ocrx_word' id='word_1_277' title='bbox 943 3554 1052 3621; x_wconf 86' lang='grc' dir='ltr'>τῆς</span> <span class='ocrx_word' id='word_1_278' title='bbox 1076 3555 1382 3621; x_wconf 85' lang='grc' dir='ltr'>Ἰουδαίας,</span> <span class='ocrx_word' id='word_1_279' title='bbox 1401 3558 1570 3613; x_wconf 86' lang='grc' dir='ltr'>ταῦτα</span> <span class='ocrx_word' id='word_1_280' title='bbox 1589 3563 1702 3612; x_wconf 80' lang='grc' dir='ltr'>κατ’</span> <span class='ocrx_word' id='word_1_281' title='bbox 1726 3562 1820 3612; x_wconf 88' lang='grc' dir='ltr'>αύ-</span> 
     </span>
    </p>
   </div>
   <div class='ocr_carea' id='block_1_37' title="bbox 263 3635 1816 3715">
    <p class='ocr_par' dir='ltr' id='par_1_37' title="bbox 263 3635 1816 3715">
     <span class='ocr_line' id='line_1_37' title="bbox 263 3635 1816 3715; baseline 0.01 -29"><span class='ocrx_word' id='word_1_282' title='bbox 263 3635 360 3687; x_wconf 85' lang='grc' dir='ltr'>τοῦ</span> <span class='ocrx_word' id='word_1_283' title='bbox 383 3637 447 3688; x_wconf 72' lang='grc' dir='ltr'>τὰ</span> <span class='ocrx_word' id='word_1_284' title='bbox 471 3639 683 3707; x_wconf 79' lang='grc' dir='ltr'>ῥήματα</span> <span class='ocrx_word' id='word_1_285' title='bbox 702 3640 901 3708; x_wconf 72' lang='grc' dir='ltr'>ἔλεγεν,</span> <span class='ocrx_word' id='word_1_286' title='bbox 923 3645 971 3694; x_wconf 89' lang='grc' dir='ltr'>εἰ</span> <span class='ocrx_word' id='word_1_287' title='bbox 995 3644 1101 3696; x_wconf 80' lang='grc' dir='ltr'>τῶν</span> <span class='ocrx_word' id='word_1_288' title='bbox 1125 3646 1473 3715; x_wconf 82' lang='grc' dir='ltr'>αἰχμαλώτων</span> <span class='ocrx_word' id='word_1_289' title='bbox 1494 3649 1667 3701; x_wconf 85' lang='grc' dir='ltr'>δέεται</span> <span class='ocrx_word' id='word_1_290' title='bbox 1689 3668 1816 3702; x_wconf 89' lang='grc' dir='ltr'>παν-</span> 
     </span>
    </p>
   </div>
   <div class='ocr_carea' id='block_1_38' title="bbox 264 3725 1820 3807">
    <p class='ocr_par' dir='ltr' id='par_1_38' title="bbox 264 3725 1820 3807">
     <span class='ocr_line' id='line_1_38' title="bbox 264 3725 1820 3807; baseline 0.011 -31"><span class='ocrx_word' id='word_1_291' title='bbox 264 3725 452 3793; x_wconf 79' lang='grc' dir='ltr'>ταχοῦ.</span> <span class='ocrx_word' id='word_1_292' title='bbox 488 3729 744 3783; x_wconf 79' lang='grc' dir='ltr'>Ἤκουσα</span> <span class='ocrx_word' id='word_1_293' title='bbox 775 3733 903 3798; x_wconf 86' lang='grc' dir='ltr'>περί</span> <span class='ocrx_word' id='word_1_294' title='bbox 933 3734 1066 3791; x_wconf 90' lang='grc' dir='ltr'>σοῦ.</span> <span class='ocrx_word' id='word_1_295' title='bbox 1100 3735 1187 3788; x_wconf 83' lang='grc' dir='ltr'>ὅτι</span> <span class='ocrx_word' id='word_1_296' title='bbox 1223 3737 1454 3805; x_wconf 81' lang='grc' dir='ltr'>πνεῦμα</span> <span class='ocrx_word' id='word_1_297' title='bbox 1484 3739 1628 3791; x_wconf 84' lang='grc' dir='ltr'>Θεοῦ</span> <span class='ocrx_word' id='word_1_298' title='bbox 1653 3739 1820 3807; x_wconf 83' lang='grc' dir='ltr'>ἅγιον</span> 
     </span>
    </p>
   </div>
   <div class='ocr_carea' id='block_1_39' title="bbox 261 3811 1819 3895">
    <p class='ocr_par' dir='ltr' id='par_1_39' title="bbox 261 3811 1819 3895">
     <span class='ocr_line' id='line_1_39' title="bbox 261 3811 1819 3895; baseline 0.013 -34"><span class='ocrx_word' id='word_1_299' title='bbox 261 3811 336 3862; x_wconf 80' lang='grc' dir='ltr'>ἐν</span> <span class='ocrx_word' id='word_1_300' title='bbox 358 3813 475 3876; x_wconf 80' lang='grc' dir='ltr'>σοί,</span> <span class='ocrx_word' id='word_1_301' title='bbox 510 3814 605 3866; x_wconf 72' lang='grc' dir='ltr'>καὶ</span> <span class='ocrx_word' id='word_1_302' title='bbox 632 3816 943 3885; x_wconf 58' lang='grc' dir='ltr'>γρήγορσις</span> <span class='ocrx_word' id='word_1_303' title='bbox 968 3822 1065 3874; x_wconf 72' lang='grc' dir='ltr'>καί</span> <span class='ocrx_word' id='word_1_304' title='bbox 1099 3825 1346 3890; x_wconf 79' lang='grc' dir='ltr'>σύνεσις</span> <span class='ocrx_word' id='word_1_305' title='bbox 1382 3828 1478 3879; x_wconf 83' lang='grc' dir='ltr'>καί</span> <span class='ocrx_word' id='word_1_306' title='bbox 1508 3830 1688 3895; x_wconf 73' lang='grc' dir='ltr'>σοφία</span> <span class='ocrx_word' id='word_1_307' title='bbox 1720 3846 1819 3880; x_wconf 85' lang='grc' dir='ltr'>πε-</span> 
     </span>
    </p>
   </div>
   <div class='ocr_carea' id='block_1_40' title="bbox 254 3901 1819 3982">
    <p class='ocr_par' dir='ltr' id='par_1_40' title="bbox 254 3901 1819 3982">
     <span class='ocr_line' id='line_1_40' title="bbox 254 3901 1819 3982; baseline 0.013 -31"><span class='ocrx_word' id='word_1_308' title='bbox 254 3901 450 3969; x_wconf 76' lang='grc' dir='ltr'>ρισσὴ</span> <span class='ocrx_word' id='word_1_309' title='bbox 477 3905 681 3972; x_wconf 85' lang='grc' dir='ltr'>εὑρέθη</span> <span class='ocrx_word' id='word_1_310' title='bbox 715 3907 783 3959; x_wconf 85' lang='grc' dir='ltr'>ἐν</span> <span class='ocrx_word' id='word_1_311' title='bbox 813 3910 929 3962; x_wconf 92' lang='grc' dir='ltr'>σοί.</span> <span class='ocrx_word' id='word_1_312' title='bbox 961 3912 1071 3963; x_wconf 86' lang='lat' dir='ltr'><strong><em>Kal</em></strong></span> <span class='ocrx_word' id='word_1_313' title='bbox 1104 3914 1219 3967; x_wconf 82' lang='grc' dir='ltr'>νῦν</span> <span class='ocrx_word' id='word_1_314' title='bbox 1255 3913 1540 3982; x_wconf 82' lang='grc' dir='ltr'>εἰσῆλθον</span> <span class='ocrx_word' id='word_1_315' title='bbox 1565 3917 1819 3972; x_wconf 82' lang='grc' dir='ltr'>ἐνώπιόν</span> 
     </span>
    </p>
   </div>
   <div class='ocr_carea' id='block_1_41' title="bbox 255 3994 1817 4069">
    <p class='ocr_par' dir='ltr' id='par_1_41' title="bbox 255 3994 1817 4069">
     <span class='ocr_line' id='line_1_41' title="bbox 255 3994 1817 4069; baseline 0.01 -27"><span class='ocrx_word' id='word_1_316' title='bbox 255 4007 379 4058; x_wconf 81' lang='grc' dir='ltr'>μου</span> <span class='ocrx_word' id='word_1_317' title='bbox 428 3994 481 4044; x_wconf 89' lang='lat' dir='ltr'><strong><em>ol</em></strong></span> <span class='ocrx_word' id='word_1_318' title='bbox 514 3994 717 4062; x_wconf 68' lang='grc' dir='ltr'>σοφοὶ,</span> <span class='ocrx_word' id='word_1_319' title='bbox 758 3996 966 4065; x_wconf 82' lang='grc' dir='ltr'>μάγοι,</span> <span class='ocrx_word' id='word_1_320' title='bbox 1002 4000 1352 4069; x_wconf 79' lang='grc' dir='ltr'>Γαζαρηνοί,</span> <span class='ocrx_word' id='word_1_321' title='bbox 1388 4006 1683 4069; x_wconf 81' lang='grc' dir='ltr'>Χαλδαῖοι,</span> <span class='ocrx_word' id='word_1_322' title='bbox 1720 4008 1817 4060; x_wconf 80' lang='grc' dir='ltr'>ἵνα</span> 
     </span>
    </p>
   </div>
   <div class='ocr_carea' id='block_1_42' title="bbox 264 4082 1816 4164">
    <p class='ocr_par' dir='ltr' id='par_1_42' title="bbox 264 4082 1816 4164">
     <span class='ocr_line' id='line_1_42' title="bbox 264 4082 1816 4164; baseline 0.01 -32"><span class='ocrx_word' id='word_1_323' title='bbox 264 4082 379 4147; x_wconf 81' lang='grc' dir='ltr'>τὴν</span> <span class='ocrx_word' id='word_1_324' title='bbox 401 4086 634 4152; x_wconf 75' lang='grc' dir='ltr'>γραφὴν</span> <span class='ocrx_word' id='word_1_325' title='bbox 658 4089 878 4155; x_wconf 87' lang='grc' dir='ltr'>ταύτην</span> <span class='ocrx_word' id='word_1_326' title='bbox 905 4090 1225 4159; x_wconf 84' lang='grc' dir='ltr'>ἀναγνῶσι,</span> <span class='ocrx_word' id='word_1_327' title='bbox 1247 4094 1342 4145; x_wconf 80' lang='grc' dir='ltr'>καὶ</span> <span class='ocrx_word' id='word_1_328' title='bbox 1362 4094 1473 4159; x_wconf 76' lang='grc' dir='ltr'>τὴν</span> <span class='ocrx_word' id='word_1_329' title='bbox 1499 4097 1816 4164; x_wconf 76' lang='grc' dir='ltr'>σύγκρισιν</span> 
     </span>
    </p>
   </div>
   <div class='ocr_carea' id='block_1_43' title="bbox 263 4172 1817 4253">
    <p class='ocr_par' dir='ltr' id='par_1_43' title="bbox 263 4172 1817 4253">
     <span class='ocr_line' id='line_1_43' title="bbox 263 4172 1817 4253; baseline 0.01 -30"><span class='ocrx_word' id='word_1_330' title='bbox 263 4172 454 4239; x_wconf 77' lang='grc' dir='ltr'>αὐτῆς</span> <span class='ocrx_word' id='word_1_331' title='bbox 482 4178 813 4241; x_wconf 83' lang='grc' dir='ltr'>γνωρίσωσί</span> <span class='ocrx_word' id='word_1_332' title='bbox 835 4196 963 4246; x_wconf 88' lang='grc' dir='ltr'>μοι·</span> <span class='ocrx_word' id='word_1_333' title='bbox 1014 4182 1110 4234; x_wconf 75' lang='grc' dir='ltr'>καὶ</span> <span class='ocrx_word' id='word_1_334' title='bbox 1145 4184 1255 4234; x_wconf 85' lang='grc' dir='ltr'>οὐκ</span> <span class='ocrx_word' id='word_1_335' title='bbox 1285 4183 1673 4253; x_wconf 78' lang='grc' dir='ltr'>ἠδυνήθησαν</span> <span class='ocrx_word' id='word_1_336' title='bbox 1704 4187 1817 4253; x_wconf 81' lang='grc' dir='ltr'>τὴν</span> 
     </span>
    </p>
   </div>
   <div class='ocr_carea' id='block_1_44' title="bbox 264 4265 1813 4343">
    <p class='ocr_par' dir='ltr' id='par_1_44' title="bbox 264 4265 1813 4343">
     <span class='ocr_line' id='line_1_44' title="bbox 264 4265 1813 4343; baseline 0.008 -27"><span class='ocrx_word' id='word_1_337' title='bbox 264 4265 585 4331; x_wconf 72' lang='grc' dir='ltr'>σύγκρισιν</span> <span class='ocrx_word' id='word_1_338' title='bbox 611 4266 714 4319; x_wconf 90' lang='grc' dir='ltr'>τοῦ</span> <span class='ocrx_word' id='word_1_339' title='bbox 742 4270 924 4335; x_wconf 82' lang='grc' dir='ltr'>λόγου</span> <span class='ocrx_word' id='word_1_340' title='bbox 952 4272 1163 4327; x_wconf 79' lang='grc' dir='ltr'>τούτου</span> <span class='ocrx_word' id='word_1_341' title='bbox 1192 4274 1533 4341; x_wconf 81' lang='grc' dir='ltr'>ἀναγγεῖλαί</span> <span class='ocrx_word' id='word_1_342' title='bbox 1561 4293 1678 4343; x_wconf 89' lang='grc' dir='ltr'>μοι.</span> <span class='ocrx_word' id='word_1_343' title='bbox 1706 4276 1813 4328; x_wconf 83' lang='lat' dir='ltr'><strong><em>Kal</em></strong></span> 
     </span>
    </p>
   </div>
   <div class='ocr_carea' id='block_1_45' title="bbox 262 4354 1815 4434">
    <p class='ocr_par' dir='ltr' id='par_1_45' title="bbox 262 4354 1815 4434">
     <span class='ocr_line' id='line_1_45' title="bbox 262 4354 1815 4434; baseline 0.008 -27"><span class='ocrx_word' id='word_1_344' title='bbox 262 4354 377 4423; x_wconf 80' lang='grc' dir='ltr'>ἐγὼ</span> <span class='ocrx_word' id='word_1_345' title='bbox 415 4354 649 4423; x_wconf 76' lang='grc' dir='ltr'>ἥκουσα</span> <span class='ocrx_word' id='word_1_346' title='bbox 682 4360 812 4427; x_wconf 78' lang='grc' dir='ltr'>περὶ</span> <span class='ocrx_word' id='word_1_347' title='bbox 843 4361 988 4423; x_wconf 87' lang='grc' dir='ltr'>σοῦ,</span> <span class='ocrx_word' id='word_1_348' title='bbox 1030 4362 1118 4415; x_wconf 84' lang='grc' dir='ltr'>ὅτι</span> <span class='ocrx_word' id='word_1_349' title='bbox 1150 4362 1404 4417; x_wconf 86' lang='grc' dir='ltr'>δύνασαι</span> <span class='ocrx_word' id='word_1_350' title='bbox 1450 4368 1815 4434; x_wconf 76' lang='grc' dir='ltr'>συγκρίματα</span> 
     </span>
    </p>
   </div>
   <div class='ocr_carea' id='block_1_46' title="bbox 262 4448 1815 4521">
    <p class='ocr_par' dir='ltr' id='par_1_46' title="bbox 262 4448 1815 4521">
     <span class='ocr_line' id='line_1_46' title="bbox 262 4448 1815 4521; baseline 0.007 -22"><span class='ocrx_word' id='word_1_351' title='bbox 262 4448 591 4513; x_wconf 74' lang='grc' dir='ltr'>συγκρῖναι,</span> <span class='ocrx_word' id='word_1_352' title='bbox 640 4451 733 4502; x_wconf 78' lang='grc' dir='ltr'>καὶ</span> <span class='ocrx_word' id='word_1_353' title='bbox 767 4451 935 4504; x_wconf 84' lang='grc' dir='ltr'>λύειν</span> <span class='ocrx_word' id='word_1_354' title='bbox 983 4452 1377 4521; x_wconf 83' lang='grc' dir='ltr'>συνδέσμους.</span> <span class='ocrx_word' id='word_1_355' title='bbox 1420 4456 1527 4509; x_wconf 87' lang='lat' dir='ltr'><strong><em>Kal</em></strong></span> <span class='ocrx_word' id='word_1_356' title='bbox 1559 4457 1673 4510; x_wconf 89' lang='grc' dir='ltr'>νῦν</span> <span class='ocrx_word' id='word_1_357' title='bbox 1708 4458 1815 4511; x_wconf 81' lang='grc' dir='ltr'>ἐὰν</span> 
     </span>
    </p>
   </div>
   <div class='ocr_carea' id='block_1_47' title="bbox 261 4534 1814 4615">
    <p class='ocr_par' dir='ltr' id='par_1_47' title="bbox 261 4534 1814 4615">
     <span class='ocr_line' id='line_1_47' title="bbox 261 4534 1814 4615; baseline 0.008 -28"><span class='ocrx_word' id='word_1_358' title='bbox 261 4534 528 4603; x_wconf 75' lang='grc' dir='ltr'>δυνηθῇς</span> <span class='ocrx_word' id='word_1_359' title='bbox 548 4538 877 4608; x_wconf 86' lang='grc' dir='ltr'>ἀναγνῶναι</span> <span class='ocrx_word' id='word_1_360' title='bbox 907 4542 1019 4609; x_wconf 81' lang='grc' dir='ltr'>τὴν</span> <span class='ocrx_word' id='word_1_361' title='bbox 1038 4542 1291 4611; x_wconf 65' lang='grc' dir='ltr'>γραφὴν,</span> <span class='ocrx_word' id='word_1_362' title='bbox 1314 4544 1409 4597; x_wconf 79' lang='grc' dir='ltr'>καί</span> <span class='ocrx_word' id='word_1_363' title='bbox 1430 4546 1541 4610; x_wconf 79' lang='grc' dir='ltr'>τὴν</span> <span class='ocrx_word' id='word_1_364' title='bbox 1576 4548 1814 4615; x_wconf 85' lang='grc' dir='ltr'>σύγκρι-</span> 
     </span>
    </p>
   </div>
   <div class='ocr_carea' id='block_1_48' title="bbox 260 4625 1813 4703">
    <p class='ocr_par' dir='ltr' id='par_1_48' title="bbox 260 4625 1813 4703">
     <span class='ocr_line' id='line_1_48' title="bbox 260 4625 1813 4703; baseline 0.008 -25"><span class='ocrx_word' id='word_1_365' title='bbox 260 4641 366 4678; x_wconf 85' lang='grc' dir='ltr'>σιν</span> <span class='ocrx_word' id='word_1_366' title='bbox 393 4625 577 4691; x_wconf 83' lang='grc' dir='ltr'>αὺτῆς</span> <span class='ocrx_word' id='word_1_367' title='bbox 599 4632 874 4696; x_wconf 78' lang='grc' dir='ltr'>γνωρίσαι</span> <span class='ocrx_word' id='word_1_368' title='bbox 904 4648 1017 4700; x_wconf 82' lang='grc' dir='ltr'>μοι,</span> <span class='ocrx_word' id='word_1_369' title='bbox 1049 4635 1355 4700; x_wconf 81' lang='grc' dir='ltr'>πορφύραν</span> <span class='ocrx_word' id='word_1_370' title='bbox 1372 4636 1617 4703; x_wconf 80' lang='grc' dir='ltr'>ἐνδύσῃ,</span> <span class='ocrx_word' id='word_1_371' title='bbox 1656 4638 1749 4689; x_wconf 79' lang='grc' dir='ltr'>καὶ</span> <span class='ocrx_word' id='word_1_372' title='bbox 1782 4641 1813 4691; x_wconf 82' lang='grc' dir='ltr'>ό</span> 
     </span>
    </p>
   </div>
   <div class='ocr_carea' id='block_1_49' title="bbox 253 4716 1808 4794">
    <p class='ocr_par' dir='ltr' id='par_1_49' title="bbox 253 4716 1808 4794">
     <span class='ocr_line' id='line_1_49' title="bbox 253 4716 1808 4794; baseline 0.011 -29"><span class='ocrx_word' id='word_1_373' title='bbox 253 4716 553 4783; x_wconf 82' lang='grc' dir='ltr'>μανιάκης</span> <span class='ocrx_word' id='word_1_374' title='bbox 583 4720 615 4771; x_wconf 87' lang='grc' dir='ltr'>ό</span> <span class='ocrx_word' id='word_1_375' title='bbox 641 4721 904 4786; x_wconf 85' lang='grc' dir='ltr'>χρυσοῦς</span> <span class='ocrx_word' id='word_1_376' title='bbox 930 4723 1099 4776; x_wconf 80' lang='grc' dir='ltr'>ἔσται</span> <span class='ocrx_word' id='word_1_377' title='bbox 1113 4725 1208 4777; x_wconf 81' lang='grc' dir='ltr'>ἐπὶ</span> <span class='ocrx_word' id='word_1_378' title='bbox 1230 4726 1335 4778; x_wconf 85' lang='grc' dir='ltr'>τὸν</span> <span class='ocrx_word' id='word_1_379' title='bbox 1354 4726 1651 4794; x_wconf 87' lang='grc' dir='ltr'>τράχηλόν</span> <span class='ocrx_word' id='word_1_380' title='bbox 1673 4745 1808 4789; x_wconf 89' lang='grc' dir='ltr'>σου,</span> 
     </span>
    </p>
   </div>
   <div class='ocr_carea' id='block_1_50' title="bbox 260 4809 1814 4889">
    <p class='ocr_par' dir='ltr' id='par_1_50' title="bbox 260 4809 1814 4889">
     <span class='ocr_line' id='line_1_50' title="bbox 260 4809 1814 4889; baseline 0.009 -30"><span class='ocrx_word' id='word_1_381' title='bbox 260 4809 359 4860; x_wconf 79' lang='grc' dir='ltr'>καί</span> <span class='ocrx_word' id='word_1_382' title='bbox 388 4810 580 4875; x_wconf 88' lang='grc' dir='ltr'>τρίτος</span> <span class='ocrx_word' id='word_1_383' title='bbox 607 4811 673 4863; x_wconf 88' lang='grc' dir='ltr'>ἐν</span> <span class='ocrx_word' id='word_1_384' title='bbox 707 4811 782 4879; x_wconf 77' lang='grc' dir='ltr'>τῇ</span> <span class='ocrx_word' id='word_1_385' title='bbox 819 4814 1105 4881; x_wconf 76' lang='grc' dir='ltr'>βασιλείᾳ</span> <span class='ocrx_word' id='word_1_386' title='bbox 1130 4835 1248 4884; x_wconf 88' lang='grc' dir='ltr'>μου</span> <span class='ocrx_word' id='word_1_387' title='bbox 1274 4818 1493 4885; x_wconf 80' lang='grc' dir='ltr'>ἂρξεις.</span> <span class='ocrx_word' id='word_1_388' title='bbox 1537 4821 1814 4889; x_wconf 78' lang='grc' dir='ltr'>Ὁμολογεῖ</span> 
     </span>
    </p>
   </div>
   <div class='ocr_carea' id='block_1_51' title="bbox 260 4898 1811 4979">
    <p class='ocr_par' dir='ltr' id='par_1_51' title="bbox 260 4898 1811 4979">
     <span class='ocr_line' id='line_1_51' title="bbox 260 4898 1811 4979; baseline 0.01 -29"><span class='ocrx_word' id='word_1_389' title='bbox 260 4898 354 4951; x_wconf 77' lang='grc' dir='ltr'>καὶ</span> <span class='ocrx_word' id='word_1_390' title='bbox 380 4898 475 4968; x_wconf 83' lang='grc' dir='ltr'>τὴν</span> <span class='ocrx_word' id='word_1_391' title='bbox 523 4899 628 4952; x_wconf 85' lang='grc' dir='ltr'>τῶν</span> <span class='ocrx_word' id='word_1_392' title='bbox 664 4902 873 4955; x_wconf 77' lang='grc' dir='ltr'>οἰκείων</span> <span class='ocrx_word' id='word_1_393' title='bbox 916 4900 1113 4974; x_wconf 81' lang='grc' dir='ltr'>ἧτταν,</span> <span class='ocrx_word' id='word_1_394' title='bbox 1153 4908 1245 4960; x_wconf 84' lang='grc' dir='ltr'>καί</span> <span class='ocrx_word' id='word_1_395' title='bbox 1292 4926 1482 4979; x_wconf 76' lang='grc' dir='ltr'>φησιν·</span> <span class='ocrx_word' id='word_1_396' title='bbox 1528 4912 1683 4977; x_wconf 85' lang='grc' dir='ltr'>εἰπὲ,</span> <span class='ocrx_word' id='word_1_397' title='bbox 1717 4912 1811 4965; x_wconf 77' lang='grc' dir='ltr'>καὶ</span> 
     </span>
    </p>
   </div>
   <div class='ocr_carea' id='block_1_52' title="bbox 259 4989 1809 5070">
    <p class='ocr_par' dir='ltr' id='par_1_52' title="bbox 259 4989 1809 5070">
     <span class='ocr_line' id='line_1_52' title="bbox 259 4989 1809 5070; baseline 0.01 -30"><span class='ocrx_word' id='word_1_398' title='bbox 259 4989 391 5042; x_wconf 76' lang='grc' dir='ltr'>λαϐὲ</span> <span class='ocrx_word' id='word_1_399' title='bbox 416 4990 558 5043; x_wconf 79' lang='grc' dir='ltr'>τάδε.</span> <span class='ocrx_word' id='word_1_400' title='bbox 596 4989 730 5043; x_wconf 81' lang='grc' dir='ltr'>Ἀλλ’</span> <span class='ocrx_word' id='word_1_401' title='bbox 757 4994 856 5062; x_wconf 85' lang='grc' dir='ltr'>δρα</span> <span class='ocrx_word' id='word_1_402' title='bbox 883 4995 970 5047; x_wconf 82' lang='grc' dir='ltr'>τὸν</span> <span class='ocrx_word' id='word_1_403' title='bbox 1004 5000 1305 5068; x_wconf 85' lang='grc' dir='ltr'>προφήτην,</span> <span class='ocrx_word' id='word_1_404' title='bbox 1330 5002 1421 5053; x_wconf 75' lang='grc' dir='ltr'>ἐπὶ</span> <span class='ocrx_word' id='word_1_405' title='bbox 1456 5001 1553 5070; x_wconf 87' lang='grc' dir='ltr'>μὲν</span> <span class='ocrx_word' id='word_1_406' title='bbox 1579 5002 1669 5054; x_wconf 86' lang='grc' dir='ltr'>τοῦ</span> <span class='ocrx_word' id='word_1_407' title='bbox 1704 5021 1809 5055; x_wconf 82' lang='grc' dir='ltr'>πα-</span> 
     </span>
    </p>
   </div>
   <div class='ocr_carea' id='block_1_53' title="bbox 257 5080 1805 5153">
    <p class='ocr_par' dir='ltr' id='par_1_53' title="bbox 257 5080 1805 5153">
     <span class='ocr_line' id='line_1_53' title="bbox 257 5080 1805 5153; baseline 0.01 -21"><span class='ocrx_word' id='word_1_408' title='bbox 257 5080 383 5150; x_wconf 83' lang='grc' dir='ltr'>τρὸς</span> <span class='ocrx_word' id='word_1_409' title='bbox 412 5080 573 5133; x_wconf 84' lang='grc' dir='ltr'>αὑτοῦ</span> <span class='ocrx_word' id='word_1_410' title='bbox 603 5081 716 5143; x_wconf 81' lang='grc' dir='ltr'>πῶς</span> <span class='ocrx_word' id='word_1_411' title='bbox 741 5082 1032 5153; x_wconf 80' lang='grc' dir='ltr'>ὴθύμησεν,</span> <span class='ocrx_word' id='word_1_412' title='bbox 1053 5088 1283 5141; x_wconf 73' lang='grc' dir='ltr'>ἐνταῦθα</span> <span class='ocrx_word' id='word_1_413' title='bbox 1303 5091 1357 5142; x_wconf 84' lang='grc' dir='ltr'>δὲ</span> <span class='ocrx_word' id='word_1_414' title='bbox 1386 5093 1532 5145; x_wconf 75' lang='grc' dir='ltr'>οὐδὲν</span> <span class='ocrx_word' id='word_1_415' title='bbox 1552 5094 1805 5147; x_wconf 74' lang='grc' dir='ltr'>τοιοῦτονο</span> 
     </span>
    </p>
   </div>
   <div class='ocr_carea' id='block_1_54' title="bbox 258 5169 1809 5249">
    <p class='ocr_par' dir='ltr' id='par_1_54' title="bbox 258 5169 1809 5249">
     <span class='ocr_line' id='line_1_54' title="bbox 258 5169 1809 5249; baseline 0.011 -28"><span class='ocrx_word' id='word_1_416' title='bbox 258 5169 395 5223; x_wconf 81' lang='grc' dir='ltr'>ἀλλὰ</span> <span class='ocrx_word' id='word_1_417' title='bbox 436 5170 487 5222; x_wconf 89' lang='grc' dir='ltr'>τί</span> <span class='ocrx_word' id='word_1_418' title='bbox 526 5188 684 5241; x_wconf 89' lang='grc' dir='ltr'>φησι;</span> <span class='ocrx_word' id='word_1_419' title='bbox 725 5174 857 5226; x_wconf 87' lang='grc' dir='ltr'>Τότε</span> <span class='ocrx_word' id='word_1_420' title='bbox 904 5176 1187 5246; x_wconf 82' lang='grc' dir='ltr'>ἀπεκρίθη</span> <span class='ocrx_word' id='word_1_421' title='bbox 1229 5184 1470 5249; x_wconf 81' lang='grc' dir='ltr'>Δανιὴλ,</span> <span class='ocrx_word' id='word_1_422' title='bbox 1513 5186 1608 5236; x_wconf 83' lang='grc' dir='ltr'>καί</span> <span class='ocrx_word' id='word_1_423' title='bbox 1641 5183 1809 5238; x_wconf 78' lang='grc' dir='ltr'>εἶπεν</span> 
     </span>
    </p>
   </div>
   <div class='ocr_carea' id='block_1_55' title="bbox 255 5261 1805 5341">
    <p class='ocr_par' dir='ltr' id='par_1_55' title="bbox 255 5261 1805 5341">
     <span class='ocr_line' id='line_1_55' title="bbox 255 5261 1805 5341; baseline 0.01 -26"><span class='ocrx_word' id='word_1_424' title='bbox 255 5261 509 5317; x_wconf 79' lang='grc' dir='ltr'>ἐνώπιον</span> <span class='ocrx_word' id='word_1_425' title='bbox 534 5264 637 5317; x_wconf 88' lang='grc' dir='ltr'>τοῦ</span> <span class='ocrx_word' id='word_1_426' title='bbox 682 5266 1016 5332; x_wconf 77' lang='grc' dir='ltr'>βασιλέως’</span> <span class='ocrx_word' id='word_1_427' title='bbox 1071 5272 1141 5323; x_wconf 86' lang='grc' dir='ltr'>Τὸ</span> <span class='ocrx_word' id='word_1_428' title='bbox 1174 5272 1323 5341; x_wconf 79' lang='grc' dir='ltr'>δόμα</span> <span class='ocrx_word' id='word_1_429' title='bbox 1362 5290 1474 5328; x_wconf 90' lang='grc' dir='ltr'>σου</span> <span class='ocrx_word' id='word_1_430' title='bbox 1501 5276 1595 5328; x_wconf 79' lang='grc' dir='ltr'>σοί</span> <span class='ocrx_word' id='word_1_431' title='bbox 1630 5280 1805 5341; x_wconf 77' lang='grc' dir='ltr'>ἔστω,</span> 
     </span>
    </p>
   </div>
   <div class='ocr_carea' id='block_1_56' title="bbox 256 5354 1805 5436">
    <p class='ocr_par' dir='ltr' id='par_1_56' title="bbox 256 5354 1805 5436">
     <span class='ocr_line' id='line_1_56' title="bbox 256 5354 1805 5436; baseline 0.011 -31"><span class='ocrx_word' id='word_1_432' title='bbox 256 5354 354 5407; x_wconf 75' lang='grc' dir='ltr'>καί</span> <span class='ocrx_word' id='word_1_433' title='bbox 382 5354 495 5421; x_wconf 85' lang='grc' dir='ltr'>τὴν</span> <span class='ocrx_word' id='word_1_434' title='bbox 519 5354 737 5422; x_wconf 89' lang='grc' dir='ltr'>δωρεὰν</span> <span class='ocrx_word' id='word_1_435' title='bbox 759 5357 867 5424; x_wconf 83' lang='grc' dir='ltr'>τῆς</span> <span class='ocrx_word' id='word_1_436' title='bbox 890 5362 1076 5425; x_wconf 83' lang='grc' dir='ltr'>οἰκίας</span> <span class='ocrx_word' id='word_1_437' title='bbox 1098 5378 1211 5416; x_wconf 90' lang='grc' dir='ltr'>σου</span> <span class='ocrx_word' id='word_1_438' title='bbox 1239 5365 1412 5431; x_wconf 76' lang='grc' dir='ltr'>ἑτέρῳ</span> <span class='ocrx_word' id='word_1_439' title='bbox 1435 5367 1537 5432; x_wconf 91' lang='grc' dir='ltr'>δός</span> <span class='ocrx_word' id='word_1_440' title='bbox 1558 5385 1569 5395; x_wconf 80' lang='grc'><strong>”</strong></span> <span class='ocrx_word' id='word_1_441' title='bbox 1596 5369 1805 5436; x_wconf 79' lang='grc' dir='ltr'>ὲγὼδέ</span> 
     </span>
    </p>
   </div>
   <div class='ocr_carea' id='block_1_57' title="bbox 256 5446 1804 5527">
    <p class='ocr_par' dir='ltr' id='par_1_57' title="bbox 256 5446 1804 5527">
     <span class='ocr_line' id='line_1_57' title="bbox 256 5446 1804 5527; baseline 0.034 -50"><span class='ocrx_word' id='word_1_442' title='bbox 256 5446 368 5511; x_wconf 61' lang='grc' dir='ltr'>τὴν</span> <span class='ocrx_word' id='word_1_443' title='bbox 411 5446 646 5514; x_wconf 57' lang='grc' dir='ltr'>γραφὴν</span> <span class='ocrx_word' id='word_1_444' title='bbox 694 5448 1104 5517; x_wconf 79' lang='grc' dir='ltr'>ἀναγνώσομαι</span> <span class='ocrx_word' id='word_1_445' title='bbox 1146 5454 1224 5519; x_wconf 85' lang='grc' dir='ltr'>τῷ</span> <span class='ocrx_word' id='word_1_446' title='bbox 1250 5458 1512 5521; x_wconf 78' lang='grc' dir='ltr'>βασιλεῖ,</span> <span class='ocrx_word' id='word_1_447' title='bbox 1555 5460 1646 5514; x_wconf 83' lang='grc' dir='ltr'>καὶ</span> <span class='ocrx_word' id='word_1_448' title='bbox 1692 5461 1804 5527; x_wconf 73' lang='grc' dir='ltr'>τὴν</span> 
     </span>
    </p>
   </div>
   <div class='ocr_carea' id='block_1_58' title="bbox 252 5534 1803 5614">
    <p class='ocr_par' dir='ltr' id='par_1_58' title="bbox 252 5534 1803 5614">
     <span class='ocr_line' id='line_1_58' title="bbox 252 5534 1803 5614; baseline 0.011 -27"><span class='ocrx_word' id='word_1_449' title='bbox 252 5536 570 5601; x_wconf 76' lang='grc' dir='ltr'>σύγκρισιν</span> <span class='ocrx_word' id='word_1_450' title='bbox 616 5534 799 5601; x_wconf 85' lang='grc' dir='ltr'>αὐτῆς</span> <span class='ocrx_word' id='word_1_451' title='bbox 842 5541 1107 5605; x_wconf 85' lang='grc' dir='ltr'>γνωρίσω</span> <span class='ocrx_word' id='word_1_452' title='bbox 1150 5556 1277 5605; x_wconf 88' lang='grc' dir='ltr'>σοι,</span> <span class='ocrx_word' id='word_1_453' title='bbox 1318 5546 1598 5608; x_wconf 80' lang='grc' dir='ltr'>βασιλεῦ.</span> <span class='ocrx_word' id='word_1_454' title='bbox 1651 5551 1803 5614; x_wconf 89' lang='grc' dir='ltr'>Τίνος</span> 
     </span>
    </p>
   </div>
   <div class='ocr_carea' id='block_1_59' title="bbox 252 5626 1801 5703">
    <p class='ocr_par' dir='ltr' id='par_1_59' title="bbox 252 5626 1801 5703">
     <span class='ocr_line' id='line_1_59' title="bbox 252 5626 1801 5703; baseline 0.01 -23"><span class='ocrx_word' id='word_1_455' title='bbox 252 5626 440 5681; x_wconf 73' lang='grc' dir='ltr'>ἕνεκεν</span> <span class='ocrx_word' id='word_1_456' title='bbox 462 5627 837 5699; x_wconf 73' lang='grc' dir='ltr'>παραιτεῖταις</span> <span class='ocrx_word' id='word_1_457' title='bbox 877 5628 987 5683; x_wconf 83' lang='grc' dir='ltr'>Ἵνα</span> <span class='ocrx_word' id='word_1_458' title='bbox 1018 5631 1212 5703; x_wconf 81' lang='grc' dir='ltr'>μάθῃς,</span> <span class='ocrx_word' id='word_1_459' title='bbox 1238 5636 1315 5689; x_wconf 84' lang='grc' dir='ltr'>ὅτι</span> <span class='ocrx_word' id='word_1_460' title='bbox 1346 5638 1404 5690; x_wconf 84' lang='grc' dir='ltr'>οὐ</span> <span class='ocrx_word' id='word_1_461' title='bbox 1431 5638 1494 5691; x_wconf 84' lang='grc' dir='ltr'>δι’</span> <span class='ocrx_word' id='word_1_462' title='bbox 1517 5641 1694 5695; x_wconf 81' lang='grc' dir='ltr'>ἐκεῖνα</span> <span class='ocrx_word' id='word_1_463' title='bbox 1728 5642 1801 5696; x_wconf 84' lang='grc' dir='ltr'>λέ-</span> 
     </span>
    </p>
   </div>
   <div class='ocr_carea' id='block_1_60' title="bbox 1608 344 2072 403">
    <p class='ocr_par' dir='ltr' id='par_1_60' title="bbox 1608 344 2072 403">
     <span class='ocr_line' id='line_1_60' title="bbox 1608 344 2072 403; baseline 0 0"><span class='ocrx_word' id='word_1_464' title='bbox 1608 347 1675 403; x_wconf 79' lang='lat' dir='ltr'><strong>IN</strong></span> <span class='ocrx_word' id='word_1_465' title='bbox 1714 344 2072 403; x_wconf 74' lang='lat' dir='ltr'>DANIELEM.</span> 
     </span>
    </p>
   </div>
   <div class='ocr_carea' id='block_1_61' title="bbox 3352 372 3462 430">
    <p class='ocr_par' dir='ltr' id='par_1_61' title="bbox 3352 372 3462 430">
     <span class='ocr_line' id='line_1_61' title="bbox 3352 372 3462 430; baseline 0.036 -4"><span class='ocrx_word' id='word_1_466' title='bbox 3352 372 3462 430; x_wconf 84' lang='grc'>224</span> 
     </span>
    </p>
   </div>
   <div class='ocr_carea' id='block_1_62' title="bbox 1914 462 3460 536">
    <p class='ocr_par' dir='ltr' id='par_1_62' title="bbox 1914 462 3460 536">
     <span class='ocr_line' id='line_1_62' title="bbox 1914 462 3460 536; baseline 0.01 -26"><span class='ocrx_word' id='word_1_467' title='bbox 1914 476 2020 526; x_wconf 89' lang='grc' dir='ltr'>γει.</span> <span class='ocrx_word' id='word_1_468' title='bbox 2052 462 2172 514; x_wconf 81' lang='grc' dir='ltr'>Ὀτι</span> <span class='ocrx_word' id='word_1_469' title='bbox 2210 463 2317 533; x_wconf 79' lang='grc' dir='ltr'>γὰρ</span> <span class='ocrx_word' id='word_1_470' title='bbox 2356 474 2453 518; x_wconf 81' lang='grc' dir='ltr'>οὐκ</span> <span class='ocrx_word' id='word_1_471' title='bbox 2506 466 2848 536; x_wconf 76' lang='grc' dir='ltr'>ὀργιζόμενος</span> <span class='ocrx_word' id='word_1_472' title='bbox 2880 468 3065 531; x_wconf 83' lang='grc' dir='ltr'>ἁπλῶς</span> <span class='ocrx_word' id='word_1_473' title='bbox 3097 469 3261 523; x_wconf 83' lang='grc' dir='ltr'>ταῦτα</span> <span class='ocrx_word' id='word_1_474' title='bbox 3287 472 3460 535; x_wconf 80' lang='grc' dir='ltr'>εἶπεν,</span> 
     </span>
    </p>
   </div>
   <div class='ocr_carea' id='block_1_63' title="bbox 1928 552 3464 630">
    <p class='ocr_par' dir='ltr' id='par_1_63' title="bbox 1928 552 3464 630">
     <span class='ocr_line' id='line_1_63' title="bbox 1928 552 3464 630; baseline 0.009 -29"><span class='ocrx_word' id='word_1_475' title='bbox 1928 552 2063 618; x_wconf 83' lang='grc' dir='ltr'>Ἐγὼ</span> <span class='ocrx_word' id='word_1_476' title='bbox 2090 552 2176 616; x_wconf 88' lang='grc' dir='ltr'>δὲ,</span> <span class='ocrx_word' id='word_1_477' title='bbox 2214 556 2363 623; x_wconf 72' lang='grc' dir='ltr'>φησὶ,</span> <span class='ocrx_word' id='word_1_478' title='bbox 2387 555 2500 622; x_wconf 83' lang='grc' dir='ltr'>τὴν</span> <span class='ocrx_word' id='word_1_479' title='bbox 2520 557 2754 625; x_wconf 64' lang='grc' dir='ltr'>γραφὴν</span> <span class='ocrx_word' id='word_1_480' title='bbox 2774 559 3206 629; x_wconf 85' lang='grc' dir='ltr'>ἀναγνώσομαι,</span> <span class='ocrx_word' id='word_1_481' title='bbox 3229 563 3325 615; x_wconf 75' lang='grc' dir='ltr'>καί</span> <span class='ocrx_word' id='word_1_482' title='bbox 3351 561 3464 630; x_wconf 83' lang='grc' dir='ltr'>τὴν</span> 
     </span>
    </p>
   </div>
   <div class='ocr_carea' id='block_1_64' title="bbox 1912 644 3461 723">
    <p class='ocr_par' dir='ltr' id='par_1_64' title="bbox 1912 644 3461 723">
     <span class='ocr_line' id='line_1_64' title="bbox 1912 644 3461 723; baseline 0.009 -30"><span class='ocrx_word' id='word_1_483' title='bbox 1912 644 2230 712; x_wconf 75' lang='grc' dir='ltr'>σύγκρισιν</span> <span class='ocrx_word' id='word_1_484' title='bbox 2276 645 2465 712; x_wconf 84' lang='grc' dir='ltr'>αὐτῆς</span> <span class='ocrx_word' id='word_1_485' title='bbox 2511 648 2815 717; x_wconf 77' lang='grc' dir='ltr'>ἀνάγ-γελῶ</span> <span class='ocrx_word' id='word_1_486' title='bbox 2862 649 2940 714; x_wconf 86' lang='grc' dir='ltr'>τῷ</span> <span class='ocrx_word' id='word_1_487' title='bbox 2980 650 3243 714; x_wconf 79' lang='grc' dir='ltr'>βασιλεῖ.</span> <span class='ocrx_word' id='word_1_488' title='bbox 3304 653 3461 723; x_wconf 80' lang='grc' dir='ltr'>Ὁρᾷς</span> 
     </span>
    </p>
   </div>
   <div class='ocr_carea' id='block_1_65' title="bbox 1911 735 3459 812">
    <p class='ocr_par' dir='ltr' id='par_1_65' title="bbox 1911 735 3459 812">
     <span class='ocr_line' id='line_1_65' title="bbox 1911 735 3459 812; baseline 0.008 -28"><span class='ocrx_word' id='word_1_489' title='bbox 1911 735 2071 785; x_wconf 77' lang='grc' dir='ltr'>αὑτὸν</span> <span class='ocrx_word' id='word_1_490' title='bbox 2102 738 2394 803; x_wconf 81' lang='grc' dir='ltr'>χρημάτων</span> <span class='ocrx_word' id='word_1_491' title='bbox 2436 739 2694 808; x_wconf 85' lang='grc' dir='ltr'>κρείττω;</span> <span class='ocrx_word' id='word_1_492' title='bbox 2729 740 2891 810; x_wconf 83' lang='grc' dir='ltr'>τιμῆς</span> <span class='ocrx_word' id='word_1_493' title='bbox 2920 742 3217 812; x_wconf 76' lang='grc' dir='ltr'>ἀνώτερονς</span> <span class='ocrx_word' id='word_1_494' title='bbox 3254 744 3459 808; x_wconf 69' lang='grc' dir='ltr'>οὐδενὸς</span> 
     </span>
    </p>
   </div>
   <div class='ocr_carea' id='block_1_66' title="bbox 1910 822 3457 894">
    <p class='ocr_par' dir='ltr' id='par_1_66' title="bbox 1910 822 3457 894">
     <span class='ocr_line' id='line_1_66' title="bbox 1910 822 3457 894; baseline 0.007 -20"><span class='ocrx_word' id='word_1_495' title='bbox 1910 822 2154 892; x_wconf 87' lang='grc' dir='ltr'>δεόμενον</span> <span class='ocrx_word' id='word_1_496' title='bbox 2186 826 2291 877; x_wconf 84' lang='grc' dir='ltr'>τῶν</span> <span class='ocrx_word' id='word_1_497' title='bbox 2327 826 2654 894; x_wconf 83' lang='grc' dir='ltr'>βασιλικῶν;</span> <span class='ocrx_word' id='word_1_498' title='bbox 2687 829 2838 881; x_wconf 72' lang='grc' dir='ltr'>Οὕτω</span> <span class='ocrx_word' id='word_1_499' title='bbox 2860 830 2939 881; x_wconf 81' lang='grc' dir='ltr'>δεῖ</span> <span class='ocrx_word' id='word_1_500' title='bbox 2962 833 3082 893; x_wconf 82' lang='grc' dir='ltr'>τοὺς</span> <span class='ocrx_word' id='word_1_501' title='bbox 3116 828 3183 885; x_wconf 79' lang='grc' dir='ltr'>τὰ</span> <span class='ocrx_word' id='word_1_502' title='bbox 3206 831 3339 884; x_wconf 84' lang='grc' dir='ltr'>Θεοῦ</span> <span class='ocrx_word' id='word_1_503' title='bbox 3371 832 3457 885; x_wconf 81' lang='grc' dir='ltr'>λέ-</span> 
     </span>
    </p>
   </div>
   <div class='ocr_carea' id='block_1_67' title="bbox 1909 910 3459 991">
    <p class='ocr_par' dir='ltr' id='par_1_67' title="bbox 1909 910 3459 991">
     <span class='ocr_line' id='line_1_67' title="bbox 1909 910 3459 991; baseline 0.008 -27"><span class='ocrx_word' id='word_1_504' title='bbox 1909 929 2099 979; x_wconf 75' lang='grc' dir='ltr'>γοντας</span> <span class='ocrx_word' id='word_1_505' title='bbox 2137 910 2290 968; x_wconf 72' lang='grc' dir='ltr'>εῖναι.</span> <span class='ocrx_word' id='word_1_506' title='bbox 2333 916 2446 967; x_wconf 83' lang='grc' dir='ltr'>Ἵνα</span> <span class='ocrx_word' id='word_1_507' title='bbox 2479 917 2551 987; x_wconf 85' lang='grc' dir='ltr'>μὴ</span> <span class='ocrx_word' id='word_1_508' title='bbox 2581 917 2769 987; x_wconf 79' lang='grc' dir='ltr'>νομίσῃ</span> <span class='ocrx_word' id='word_1_509' title='bbox 2822 920 2901 972; x_wconf 86' lang='grc' dir='ltr'>ὅτι</span> <span class='ocrx_word' id='word_1_510' title='bbox 2942 920 3109 991; x_wconf 83' lang='grc' dir='ltr'>ταύτῃ</span> <span class='ocrx_word' id='word_1_511' title='bbox 3161 923 3319 975; x_wconf 86' lang='grc' dir='ltr'>αὐτὸν</span> <span class='ocrx_word' id='word_1_512' title='bbox 3362 924 3459 975; x_wconf 82' lang='grc' dir='ltr'>ὲπ-</span> 
     </span>
    </p>
   </div>
   <div class='ocr_carea' id='block_1_68' title="bbox 1911 1005 3458 1080">
    <p class='ocr_par' dir='ltr' id='par_1_68' title="bbox 1911 1005 3458 1080">
     <span class='ocr_line' id='line_1_68' title="bbox 1911 1005 3458 1080; baseline 0.008 -27"><span class='ocrx_word' id='word_1_513' title='bbox 1911 1005 2258 1074; x_wconf 77' lang='grc' dir='ltr'>εσπάσατο,ἢ</span> <span class='ocrx_word' id='word_1_514' title='bbox 2293 1005 2626 1075; x_wconf 84' lang='grc' dir='ltr'>ἀνθρώπινόν</span> <span class='ocrx_word' id='word_1_515' title='bbox 2663 1026 2712 1059; x_wconf 91' lang='grc' dir='ltr'>τι</span> <span class='ocrx_word' id='word_1_516' title='bbox 2753 1009 2857 1063; x_wconf 86' lang='grc' dir='ltr'>τῶν</span> <span class='ocrx_word' id='word_1_517' title='bbox 2887 1010 3188 1080; x_wconf 79' lang='grc' dir='ltr'>λεγομένων</span> <span class='ocrx_word' id='word_1_518' title='bbox 3222 1012 3354 1066; x_wconf 74' lang='grc' dir='ltr'>ἐστί.</span> <span class='ocrx_word' id='word_1_519' title='bbox 3394 1014 3458 1065; x_wconf 84' lang='grc' dir='ltr'>Τί</span> 
     </span>
    </p>
   </div>
   <div class='ocr_carea' id='block_1_69' title="bbox 1909 1089 3457 1168">
    <p class='ocr_par' dir='ltr' id='par_1_69' title="bbox 1909 1089 3457 1168">
     <span class='ocr_line' id='line_1_69' title="bbox 1909 1089 3457 1168; baseline 0.005 -23"><span class='ocrx_word' id='word_1_520' title='bbox 1909 1089 2001 1145; x_wconf 77' lang='grc' dir='ltr'>οὖν</span> <span class='ocrx_word' id='word_1_521' title='bbox 2026 1109 2182 1162; x_wconf 77' lang='grc' dir='ltr'>φησι;</span> <span class='ocrx_word' id='word_1_522' title='bbox 2214 1094 2392 1160; x_wconf 70' lang='grc' dir='ltr'>’Δφεὶς</span> <span class='ocrx_word' id='word_1_523' title='bbox 2418 1096 2587 1148; x_wconf 84' lang='grc' dir='ltr'>εἰπεῖν</span> <span class='ocrx_word' id='word_1_524' title='bbox 2612 1097 2709 1165; x_wconf 82' lang='grc' dir='ltr'>τὴν</span> <span class='ocrx_word' id='word_1_525' title='bbox 2738 1098 2968 1166; x_wconf 81' lang='grc' dir='ltr'>γραφὴν,</span> <span class='ocrx_word' id='word_1_526' title='bbox 2993 1097 3296 1168; x_wconf 78' lang='grc' dir='ltr'>συμϐουλήν</span> <span class='ocrx_word' id='word_1_527' title='bbox 3325 1101 3457 1153; x_wconf 80' lang='grc' dir='ltr'>ἀπο-</span> 
     </span>
    </p>
   </div>
   <div class='ocr_carea' id='block_1_70' title="bbox 1908 1183 3456 1259">
    <p class='ocr_par' dir='ltr' id='par_1_70' title="bbox 1908 1183 3456 1259">
     <span class='ocr_line' id='line_1_70' title="bbox 1908 1183 3456 1259; baseline 0.005 -25"><span class='ocrx_word' id='word_1_528' title='bbox 1908 1183 2088 1241; x_wconf 83' lang='grc' dir='ltr'>τείνει,</span> <span class='ocrx_word' id='word_1_529' title='bbox 2114 1183 2171 1248; x_wconf 76' lang='grc' dir='ltr'>ἐξ</span> <span class='ocrx_word' id='word_1_530' title='bbox 2191 1184 2366 1237; x_wconf 83' lang='grc' dir='ltr'>αὐτῶν</span> <span class='ocrx_word' id='word_1_531' title='bbox 2395 1184 2500 1236; x_wconf 83' lang='grc' dir='ltr'>τῶν</span> <span class='ocrx_word' id='word_1_532' title='bbox 2529 1187 2823 1255; x_wconf 86' lang='grc' dir='ltr'>προοιμίων</span> <span class='ocrx_word' id='word_1_533' title='bbox 2850 1187 3008 1239; x_wconf 84' lang='grc' dir='ltr'>αὑτὸν</span> <span class='ocrx_word' id='word_1_534' title='bbox 3034 1189 3456 1259; x_wconf 81' lang='grc' dir='ltr'>ἀναμιμνήσκων</span> 
     </span>
    </p>
   </div>
   <div class='ocr_carea' id='block_1_71' title="bbox 1909 1274 3457 1348">
    <p class='ocr_par' dir='ltr' id='par_1_71' title="bbox 1909 1274 3457 1348">
     <span class='ocr_line' id='line_1_71' title="bbox 1909 1274 3457 1348; baseline 0.005 -22"><span class='ocrx_word' id='word_1_535' title='bbox 1909 1274 2016 1326; x_wconf 83' lang='grc' dir='ltr'>τῶν</span> <span class='ocrx_word' id='word_1_536' title='bbox 2041 1275 2117 1345; x_wconf 85' lang='grc' dir='ltr'>τῷ</span> <span class='ocrx_word' id='word_1_537' title='bbox 2142 1279 2305 1345; x_wconf 71' lang='grc' dir='ltr'>πατρὶ</span> <span class='ocrx_word' id='word_1_538' title='bbox 2329 1293 2390 1329; x_wconf 89' lang='grc' dir='ltr'>συ</span> <span class='ocrx_word' id='word_1_539' title='bbox 2399 1277 2761 1348; x_wconf 82' lang='grc' dir='ltr'>μϐεϐηκότων.</span> <span class='ocrx_word' id='word_1_540' title='bbox 2780 1279 2839 1331; x_wconf 82' lang='lat'>&#39;0</span> <span class='ocrx_word' id='word_1_541' title='bbox 2864 1279 3006 1342; x_wconf 84' lang='grc' dir='ltr'>Θεὸς</span> <span class='ocrx_word' id='word_1_542' title='bbox 3024 1282 3055 1332; x_wconf 86' lang='grc' dir='ltr'>ό</span> <span class='ocrx_word' id='word_1_543' title='bbox 3076 1280 3327 1346; x_wconf 72' lang='grc' dir='ltr'>ὕψιστος</span> <span class='ocrx_word' id='word_1_544' title='bbox 3344 1281 3457 1348; x_wconf 79' lang='grc' dir='ltr'>τὴν</span> 
     </span>
    </p>
   </div>
   <div class='ocr_carea' id='block_1_72' title="bbox 1904 1366 3452 1439">
    <p class='ocr_par' dir='ltr' id='par_1_72' title="bbox 1904 1366 3452 1439">
     <span class='ocr_line' id='line_1_72' title="bbox 1904 1366 3452 1439; baseline 0.005 -23"><span class='ocrx_word' id='word_1_545' title='bbox 1904 1366 2247 1429; x_wconf 79' lang='grc' dir='ltr'>βασιλείαν,</span> <span class='ocrx_word' id='word_1_546' title='bbox 2275 1367 2369 1419; x_wconf 77' lang='grc' dir='ltr'>καὶ</span> <span class='ocrx_word' id='word_1_547' title='bbox 2399 1366 2513 1432; x_wconf 79' lang='grc' dir='ltr'>τὴν</span> <span class='ocrx_word' id='word_1_548' title='bbox 2528 1370 2983 1436; x_wconf 83' lang='grc' dir='ltr'>μεγαλωσύνην,</span> <span class='ocrx_word' id='word_1_549' title='bbox 3007 1371 3102 1422; x_wconf 78' lang='grc' dir='ltr'>καὶ</span> <span class='ocrx_word' id='word_1_550' title='bbox 3129 1371 3240 1436; x_wconf 83' lang='grc' dir='ltr'>τὴν</span> <span class='ocrx_word' id='word_1_551' title='bbox 3259 1369 3452 1439; x_wconf 79' lang='grc' dir='ltr'>τιμὴν,</span> 
     </span>
    </p>
   </div>
   <div class='ocr_carea' id='block_1_73' title="bbox 1910 1455 3455 1527">
    <p class='ocr_par' dir='ltr' id='par_1_73' title="bbox 1910 1455 3455 1527">
     <span class='ocr_line' id='line_1_73' title="bbox 1910 1455 3455 1527; baseline 0.003 -19"><span class='ocrx_word' id='word_1_552' title='bbox 1910 1457 2004 1509; x_wconf 77' lang='grc' dir='ltr'>καὶ</span> <span class='ocrx_word' id='word_1_553' title='bbox 2037 1455 2149 1524; x_wconf 83' lang='grc' dir='ltr'>τὴν</span> <span class='ocrx_word' id='word_1_554' title='bbox 2179 1457 2362 1521; x_wconf 81' lang='grc' dir='ltr'>δόξαν</span> <span class='ocrx_word' id='word_1_555' title='bbox 2400 1458 2580 1510; x_wconf 75' lang='grc' dir='ltr'>ἔδωκε</span> <span class='ocrx_word' id='word_1_556' title='bbox 2622 1459 3143 1527; x_wconf 77' lang='grc' dir='ltr'>Ναϐουχοδονόσορ</span> <span class='ocrx_word' id='word_1_557' title='bbox 3180 1458 3257 1524; x_wconf 84' lang='grc' dir='ltr'>τῷ</span> <span class='ocrx_word' id='word_1_558' title='bbox 3282 1460 3455 1527; x_wconf 81' lang='grc' dir='ltr'>πατρί</span> 
     </span>
    </p>
   </div>
   <div class='ocr_carea' id='block_1_74' title="bbox 1909 1547 3451 1619">
    <p class='ocr_par' dir='ltr' id='par_1_74' title="bbox 1909 1547 3451 1619">
     <span class='ocr_line' id='line_1_74' title="bbox 1909 1547 3451 1619; baseline 0.003 -19"><span class='ocrx_word' id='word_1_559' title='bbox 1909 1563 2042 1600; x_wconf 90' lang='grc' dir='ltr'>σου.</span> <span class='ocrx_word' id='word_1_560' title='bbox 2066 1549 2172 1602; x_wconf 81' lang='grc' dir='ltr'>Καὶ</span> <span class='ocrx_word' id='word_1_561' title='bbox 2198 1548 2313 1603; x_wconf 87' lang='grc' dir='ltr'>ἀπὸ</span> <span class='ocrx_word' id='word_1_562' title='bbox 2328 1548 2437 1616; x_wconf 81' lang='grc' dir='ltr'>τῆς</span> <span class='ocrx_word' id='word_1_563' title='bbox 2463 1552 2911 1617; x_wconf 73' lang='grc' dir='ltr'>μεγαιωσύνης,</span> <span class='ocrx_word' id='word_1_564' title='bbox 2940 1547 3013 1619; x_wconf 77' lang='grc' dir='ltr'>ἧς</span> <span class='ocrx_word' id='word_1_565' title='bbox 3032 1550 3250 1604; x_wconf 76' lang='grc' dir='ltr'>ἔδωκεν</span> <span class='ocrx_word' id='word_1_566' title='bbox 3275 1550 3451 1615; x_wconf 81' lang='grc' dir='ltr'>αὐτῷ,</span> 
     </span>
    </p>
   </div>
   <div class='ocr_carea' id='block_1_75' title="bbox 1909 1637 3450 1709">
    <p class='ocr_par' dir='ltr' id='par_1_75' title="bbox 1909 1637 3450 1709">
     <span class='ocr_line' id='line_1_75' title="bbox 1909 1637 3450 1709; baseline 0.003 -20"><span class='ocrx_word' id='word_1_567' title='bbox 1909 1638 2129 1703; x_wconf 79' lang='grc' dir='ltr'>πάντες</span> <span class='ocrx_word' id='word_1_568' title='bbox 2157 1641 2210 1692; x_wconf 90' lang='grc' dir='ltr'>οί</span> <span class='ocrx_word' id='word_1_569' title='bbox 2242 1642 2399 1704; x_wconf 78' lang='grc' dir='ltr'>λαοὶ,</span> <span class='ocrx_word' id='word_1_570' title='bbox 2425 1642 2625 1707; x_wconf 71' lang='grc' dir='ltr'>φυλαὶ,</span> <span class='ocrx_word' id='word_1_571' title='bbox 2648 1637 2916 1706; x_wconf 75' lang='grc' dir='ltr'>γλῶσσαι</span> <span class='ocrx_word' id='word_1_572' title='bbox 2941 1638 3101 1709; x_wconf 82' lang='grc' dir='ltr'>ἦσαν</span> <span class='ocrx_word' id='word_1_573' title='bbox 3127 1641 3450 1708; x_wconf 87' lang='grc' dir='ltr'>τρέμοντες,</span> 
     </span>
    </p>
   </div>
   <div class='ocr_carea' id='block_1_76' title="bbox 1909 1730 3454 1799">
    <p class='ocr_par' dir='ltr' id='par_1_76' title="bbox 1909 1730 3454 1799">
     <span class='ocr_line' id='line_1_76' title="bbox 1909 1730 3454 1799; baseline 0.001 -15"><span class='ocrx_word' id='word_1_574' title='bbox 1909 1731 2006 1784; x_wconf 75' lang='grc' dir='ltr'>καὶ</span> <span class='ocrx_word' id='word_1_575' title='bbox 2034 1732 2382 1799; x_wconf 77' lang='grc' dir='ltr'>φοϐούμενοι</span> <span class='ocrx_word' id='word_1_576' title='bbox 2420 1732 2535 1785; x_wconf 83' lang='grc' dir='ltr'>ἀπὸ</span> <span class='ocrx_word' id='word_1_577' title='bbox 2570 1730 2885 1798; x_wconf 82' lang='grc' dir='ltr'>προσώπου</span> <span class='ocrx_word' id='word_1_578' title='bbox 2915 1732 3115 1785; x_wconf 87' lang='grc' dir='ltr'>αὑτοῦ.</span> <span class='ocrx_word' id='word_1_579' title='bbox 3150 1733 3264 1797; x_wconf 88' lang='grc' dir='ltr'>Οὓς</span> <span class='ocrx_word' id='word_1_580' title='bbox 3290 1731 3454 1785; x_wconf 79' lang='grc' dir='ltr'>ἐϐού-</span> 
     </span>
    </p>
   </div>
   <div class='ocr_carea' id='block_1_77' title="bbox 1909 1822 3454 1890">
    <p class='ocr_par' dir='ltr' id='par_1_77' title="bbox 1909 1822 3454 1890">
     <span class='ocr_line' id='line_1_77' title="bbox 1909 1822 3454 1890; baseline 0.001 -15"><span class='ocrx_word' id='word_1_581' title='bbox 1909 1825 2045 1875; x_wconf 87' lang='grc' dir='ltr'>λετο</span> <span class='ocrx_word' id='word_1_582' title='bbox 2075 1823 2255 1887; x_wconf 84' lang='grc' dir='ltr'>αὐτὸς</span> <span class='ocrx_word' id='word_1_583' title='bbox 2284 1824 2505 1890; x_wconf 76' lang='grc' dir='ltr'>ἀνῄρει,</span> <span class='ocrx_word' id='word_1_584' title='bbox 2540 1824 2635 1875; x_wconf 74' lang='grc' dir='ltr'>καὶ</span> <span class='ocrx_word' id='word_1_585' title='bbox 2669 1822 2775 1888; x_wconf 83' lang='grc' dir='ltr'>οὓς</span> <span class='ocrx_word' id='word_1_586' title='bbox 2801 1823 3077 1877; x_wconf 80' lang='grc' dir='ltr'>ἐϐούλετο</span> <span class='ocrx_word' id='word_1_587' title='bbox 3113 1824 3290 1887; x_wconf 88' lang='grc' dir='ltr'>αὐτὸς</span> <span class='ocrx_word' id='word_1_588' title='bbox 3321 1824 3454 1877; x_wconf 76' lang='grc' dir='ltr'>ἐτυ-</span> 
     </span>
    </p>
   </div>
   <div class='ocr_carea' id='block_1_78' title="bbox 1910 1912 3456 1978">
    <p class='ocr_par' dir='ltr' id='par_1_78' title="bbox 1910 1912 3456 1978">
     <span class='ocr_line' id='line_1_78' title="bbox 1910 1912 3456 1978; baseline 0.002 -14"><span class='ocrx_word' id='word_1_589' title='bbox 1910 1926 2073 1974; x_wconf 77' lang='grc' dir='ltr'>πτεν,</span> <span class='ocrx_word' id='word_1_590' title='bbox 2100 1912 2194 1964; x_wconf 76' lang='grc' dir='ltr'>καὶ</span> <span class='ocrx_word' id='word_1_591' title='bbox 2214 1913 2318 1976; x_wconf 84' lang='grc' dir='ltr'>οὒς</span> <span class='ocrx_word' id='word_1_592' title='bbox 2342 1913 2616 1965; x_wconf 79' lang='grc' dir='ltr'>ἐϐούλετο</span> <span class='ocrx_word' id='word_1_593' title='bbox 2642 1913 2820 1978; x_wconf 83' lang='grc' dir='ltr'>αὐτὸς</span> <span class='ocrx_word' id='word_1_594' title='bbox 2839 1913 3206 1966; x_wconf 75' lang='grc' dir='ltr'>ἐταπείνουι.</span> <span class='ocrx_word' id='word_1_595' title='bbox 3227 1912 3332 1966; x_wconf 81' lang='lat' dir='ltr'><strong><em>Kal</em></strong></span> <span class='ocrx_word' id='word_1_596' title='bbox 3359 1914 3456 1967; x_wconf 84' lang='grc' dir='ltr'>ὅτε</span> 
     </span>
    </p>
   </div>
   <div class='ocr_carea' id='block_1_79' title="bbox 1910 2001 3455 2071">
    <p class='ocr_par' dir='ltr' id='par_1_79' title="bbox 1910 2001 3455 2071">
     <span class='ocr_line' id='line_1_79' title="bbox 1910 2001 3455 2071; baseline -0.001 -14"><span class='ocrx_word' id='word_1_597' title='bbox 1910 2003 2118 2069; x_wconf 64' lang='grc' dir='ltr'>ὑψώθη</span> <span class='ocrx_word' id='word_1_598' title='bbox 2154 2004 2190 2069; x_wconf 78' lang='grc' dir='ltr'>ἡ</span> <span class='ocrx_word' id='word_1_599' title='bbox 2236 2002 2444 2069; x_wconf 82' lang='grc' dir='ltr'>καρδία</span> <span class='ocrx_word' id='word_1_600' title='bbox 2492 2002 2703 2065; x_wconf 83' lang='grc' dir='ltr'>αὐτοῦ,</span> <span class='ocrx_word' id='word_1_601' title='bbox 2752 2003 2848 2055; x_wconf 80' lang='grc' dir='ltr'>καὶ</span> <span class='ocrx_word' id='word_1_602' title='bbox 2894 2004 2957 2056; x_wconf 87' lang='grc' dir='ltr'>τὸ</span> <span class='ocrx_word' id='word_1_603' title='bbox 3014 2001 3241 2071; x_wconf 81' lang='grc' dir='ltr'>πνεῦμα</span> <span class='ocrx_word' id='word_1_604' title='bbox 3272 2003 3455 2056; x_wconf 85' lang='grc' dir='ltr'>αὑτοῦ</span> 
     </span>
    </p>
   </div>
   <div class='ocr_carea' id='block_1_80' title="bbox 1909 2090 3451 2161">
    <p class='ocr_par' dir='ltr' id='par_1_80' title="bbox 1909 2090 3451 2161">
     <span class='ocr_line' id='line_1_80' title="bbox 1909 2090 3451 2161; baseline 0.001 -18"><span class='ocrx_word' id='word_1_605' title='bbox 1909 2090 2264 2161; x_wconf 78' lang='grc' dir='ltr'>ἐκραταιώθη</span> <span class='ocrx_word' id='word_1_606' title='bbox 2304 2093 2409 2145; x_wconf 90' lang='grc' dir='ltr'>τοῦ</span> <span class='ocrx_word' id='word_1_607' title='bbox 2451 2095 3084 2160; x_wconf 70' lang='grc' dir='ltr'>ύπερηφανεύσασθαι,</span> <span class='ocrx_word' id='word_1_608' title='bbox 3122 2093 3451 2161; x_wconf 80' lang='grc' dir='ltr'>κατηνέχθη</span> 
     </span>
    </p>
   </div>
   <div class='ocr_carea' id='block_1_81' title="bbox 1910 2182 3451 2252">
    <p class='ocr_par' dir='ltr' id='par_1_81' title="bbox 1910 2182 3451 2252">
     <span class='ocr_line' id='line_1_81' title="bbox 1910 2182 3451 2252; baseline -0.001 -15"><span class='ocrx_word' id='word_1_609' title='bbox 1910 2182 2026 2238; x_wconf 80' lang='grc' dir='ltr'>ἀπὸ</span> <span class='ocrx_word' id='word_1_610' title='bbox 2057 2183 2159 2236; x_wconf 86' lang='grc' dir='ltr'>τοῦ</span> <span class='ocrx_word' id='word_1_611' title='bbox 2199 2184 2409 2250; x_wconf 83' lang='grc' dir='ltr'>θρόνου</span> <span class='ocrx_word' id='word_1_612' title='bbox 2437 2183 2543 2250; x_wconf 84' lang='grc' dir='ltr'>τῆς</span> <span class='ocrx_word' id='word_1_613' title='bbox 2560 2185 2874 2249; x_wconf 77' lang='grc' dir='ltr'>,Βασιλείας</span> <span class='ocrx_word' id='word_1_614' title='bbox 2892 2185 3092 2248; x_wconf 79' lang='grc' dir='ltr'>αὑτοῦ,</span> <span class='ocrx_word' id='word_1_615' title='bbox 3122 2186 3218 2237; x_wconf 85' lang='grc' dir='ltr'>καί.</span> <span class='ocrx_word' id='word_1_616' title='bbox 3254 2186 3290 2250; x_wconf 76' lang='grc' dir='ltr'><strong>ἠ</strong></span> <span class='ocrx_word' id='word_1_617' title='bbox 3318 2184 3451 2252; x_wconf 80' lang='grc' dir='ltr'>τιμὴ</span> 
     </span>
    </p>
   </div>
   <div class='ocr_carea' id='block_1_82' title="bbox 1909 2273 3455 2342">
    <p class='ocr_par' dir='ltr' id='par_1_82' title="bbox 1909 2273 3455 2342">
     <span class='ocr_line' id='line_1_82' title="bbox 1909 2273 3455 2342; baseline 0 -16"><span class='ocrx_word' id='word_1_618' title='bbox 1909 2275 2091 2328; x_wconf 82' lang='grc' dir='ltr'>αὑτοῦ</span> <span class='ocrx_word' id='word_1_619' title='bbox 2110 2275 2370 2342; x_wconf 65' lang='grc' dir='ltr'>ἀφῃρέθη</span> <span class='ocrx_word' id='word_1_620' title='bbox 2396 2276 2494 2328; x_wconf 84' lang='grc' dir='ltr'>ἀπ’</span> <span class='ocrx_word' id='word_1_621' title='bbox 2517 2273 2718 2337; x_wconf 86' lang='grc' dir='ltr'>αὑτοῦ,</span> <span class='ocrx_word' id='word_1_622' title='bbox 2741 2274 2835 2326; x_wconf 83' lang='grc' dir='ltr'>καὶ</span> <span class='ocrx_word' id='word_1_623' title='bbox 2863 2275 2979 2327; x_wconf 84' lang='grc' dir='ltr'>ἀπὸ</span> <span class='ocrx_word' id='word_1_624' title='bbox 2999 2274 3113 2327; x_wconf 86' lang='grc' dir='ltr'>τῶν</span> <span class='ocrx_word' id='word_1_625' title='bbox 3139 2274 3455 2342; x_wconf 86' lang='grc' dir='ltr'>ἀνθρώπων</span> 
     </span>
    </p>
   </div>
   <div class='ocr_carea' id='block_1_83' title="bbox 1909 2362 3455 2431">
    <p class='ocr_par' dir='ltr' id='par_1_83' title="bbox 1909 2362 3455 2431">
     <span class='ocr_line' id='line_1_83' title="bbox 1909 2362 3455 2431; baseline 0.001 -17"><span class='ocrx_word' id='word_1_626' title='bbox 1909 2362 2236 2431; x_wconf 81' lang='grc' dir='ltr'>ἐξεδιὼχθη,</span> <span class='ocrx_word' id='word_1_627' title='bbox 2266 2364 2363 2415; x_wconf 78' lang='grc' dir='ltr'>καὶ</span> <span class='ocrx_word' id='word_1_628' title='bbox 2404 2364 2439 2429; x_wconf 80' lang='grc' dir='ltr'>ἠ</span> <span class='ocrx_word' id='word_1_629' title='bbox 2472 2362 2679 2429; x_wconf 83' lang='grc' dir='ltr'>καρδία</span> <span class='ocrx_word' id='word_1_630' title='bbox 2712 2362 2893 2415; x_wconf 85' lang='grc' dir='ltr'>αὐτοῦ</span> <span class='ocrx_word' id='word_1_631' title='bbox 2915 2364 3063 2430; x_wconf 86' lang='grc' dir='ltr'>μετὰ</span> <span class='ocrx_word' id='word_1_632' title='bbox 3101 2362 3217 2415; x_wconf 88' lang='grc' dir='ltr'>τῶν</span> <span class='ocrx_word' id='word_1_633' title='bbox 3241 2364 3455 2430; x_wconf 83' lang='grc' dir='ltr'>θηρίων</span> 
     </span>
    </p>
   </div>
   <div class='ocr_carea' id='block_1_84' title="bbox 1909 2453 3457 2525">
    <p class='ocr_par' dir='ltr' id='par_1_84' title="bbox 1909 2453 3457 2525">
     <span class='ocr_line' id='line_1_84' title="bbox 1909 2453 3457 2525; baseline -0.001 -17"><span class='ocrx_word' id='word_1_634' title='bbox 1909 2456 2103 2521; x_wconf 77' lang='grc' dir='ltr'>ἐδόθη,</span> <span class='ocrx_word' id='word_1_635' title='bbox 2156 2456 2250 2507; x_wconf 81' lang='grc' dir='ltr'>καὶ</span> <span class='ocrx_word' id='word_1_636' title='bbox 2292 2455 2439 2522; x_wconf 80' lang='grc' dir='ltr'>μετὰ</span> <span class='ocrx_word' id='word_1_637' title='bbox 2468 2454 2619 2505; x_wconf 84' lang='grc' dir='ltr'>ὄνων</span> <span class='ocrx_word' id='word_1_638' title='bbox 2657 2454 2869 2521; x_wconf 84' lang='grc' dir='ltr'>ἀγρίων</span> <span class='ocrx_word' id='word_1_639' title='bbox 2912 2454 2948 2518; x_wconf 77' lang='grc' dir='ltr'>η</span> <span class='ocrx_word' id='word_1_640' title='bbox 2996 2453 3144 2525; x_wconf 76' lang='lat'><strong>[252]</strong></span> <span class='ocrx_word' id='word_1_641' title='bbox 3192 2455 3457 2506; x_wconf 83' lang='grc' dir='ltr'>κατοικία</span> 
     </span>
    </p>
   </div>
   <div class='ocr_carea' id='block_1_85' title="bbox 1910 2540 3455 2610">
    <p class='ocr_par' dir='ltr' id='par_1_85' title="bbox 1910 2540 3455 2610">
     <span class='ocr_line' id='line_1_85' title="bbox 1910 2540 3455 2610; baseline -0.001 -16"><span class='ocrx_word' id='word_1_642' title='bbox 1910 2544 2113 2607; x_wconf 83' lang='grc' dir='ltr'>αὑτοῦ,</span> <span class='ocrx_word' id='word_1_643' title='bbox 2142 2544 2233 2596; x_wconf 80' lang='grc' dir='ltr'>καί</span> <span class='ocrx_word' id='word_1_644' title='bbox 2267 2545 2482 2610; x_wconf 86' lang='grc' dir='ltr'>χόρτον</span> <span class='ocrx_word' id='word_1_645' title='bbox 2511 2543 2589 2608; x_wconf 88' lang='grc' dir='ltr'>ὡς</span> <span class='ocrx_word' id='word_1_646' title='bbox 2626 2542 2785 2605; x_wconf 72' lang='grc' dir='ltr'>,βοῦν</span> <span class='ocrx_word' id='word_1_647' title='bbox 2818 2541 3101 2610; x_wconf 71' lang='grc' dir='ltr'>ὲψὼμιζον</span> <span class='ocrx_word' id='word_1_648' title='bbox 3127 2542 3327 2604; x_wconf 90' lang='grc' dir='ltr'>αὐτὸν,</span> <span class='ocrx_word' id='word_1_649' title='bbox 3359 2540 3455 2594; x_wconf 74' lang='grc' dir='ltr'>καὶ</span> 
     </span>
    </p>
   </div>
   <div class='ocr_carea' id='block_1_86' title="bbox 1910 2630 3454 2702">
    <p class='ocr_par' dir='ltr' id='par_1_86' title="bbox 1910 2630 3454 2702">
     <span class='ocr_line' id='line_1_86' title="bbox 1910 2630 3454 2702; baseline -0.001 -15"><span class='ocrx_word' id='word_1_650' title='bbox 1910 2636 2027 2687; x_wconf 80' lang='grc' dir='ltr'>ἀπὸ</span> <span class='ocrx_word' id='word_1_651' title='bbox 2074 2634 2180 2701; x_wconf 82' lang='grc' dir='ltr'>τῆς</span> <span class='ocrx_word' id='word_1_652' title='bbox 2226 2634 2445 2702; x_wconf 69' lang='grc' dir='ltr'>δρόσου</span> <span class='ocrx_word' id='word_1_653' title='bbox 2493 2634 2596 2686; x_wconf 85' lang='grc' dir='ltr'>τοῦ</span> <span class='ocrx_word' id='word_1_654' title='bbox 2645 2633 2898 2699; x_wconf 58' lang='grc' dir='ltr'>οίιρανοῦ</span> <span class='ocrx_word' id='word_1_655' title='bbox 2942 2633 3007 2685; x_wconf 89' lang='grc' dir='ltr'>τὸ</span> <span class='ocrx_word' id='word_1_656' title='bbox 3054 2630 3221 2701; x_wconf 83' lang='grc' dir='ltr'>σῶμα</span> <span class='ocrx_word' id='word_1_657' title='bbox 3272 2631 3454 2685; x_wconf 90' lang='grc' dir='ltr'>αὑτοῦ</span> 
     </span>
    </p>
   </div>
   <div class='ocr_carea' id='block_1_87' title="bbox 1910 2723 3455 2794">
    <p class='ocr_par' dir='ltr' id='par_1_87' title="bbox 1910 2723 3455 2794">
     <span class='ocr_line' id='line_1_87' title="bbox 1910 2723 3455 2794; baseline -0.002 -16"><span class='ocrx_word' id='word_1_658' title='bbox 1910 2725 2116 2793; x_wconf 63' lang='grc' dir='ltr'>ἐδάφη,</span> <span class='ocrx_word' id='word_1_659' title='bbox 2136 2726 2242 2790; x_wconf 84' lang='grc' dir='ltr'>ἕως</span> <span class='ocrx_word' id='word_1_660' title='bbox 2265 2723 2333 2781; x_wconf 84' lang='grc' dir='ltr'>οὗ</span> <span class='ocrx_word' id='word_1_661' title='bbox 2362 2727 2510 2794; x_wconf 79' lang='grc' dir='ltr'>ἔγνω</span> <span class='ocrx_word' id='word_1_662' title='bbox 2534 2726 2620 2777; x_wconf 82' lang='grc' dir='ltr'>ὅτι</span> <span class='ocrx_word' id='word_1_663' title='bbox 2649 2725 2901 2790; x_wconf 86' lang='grc' dir='ltr'>κυριεύει</span> <span class='ocrx_word' id='word_1_664' title='bbox 2930 2726 2959 2777; x_wconf 89' lang='grc' dir='ltr'>ό</span> <span class='ocrx_word' id='word_1_665' title='bbox 2979 2724 3114 2788; x_wconf 82' lang='grc' dir='ltr'>Θεὸς</span> <span class='ocrx_word' id='word_1_666' title='bbox 3147 2727 3178 2777; x_wconf 89' lang='grc' dir='ltr'>ό</span> <span class='ocrx_word' id='word_1_667' title='bbox 3202 2724 3455 2791; x_wconf 71' lang='grc' dir='ltr'>ὕψιστος</span> 
     </span>
    </p>
   </div>
   <div class='ocr_carea' id='block_1_88' title="bbox 1910 2806 3453 2883">
    <p class='ocr_par' dir='ltr' id='par_1_88' title="bbox 1910 2806 3453 2883">
     <span class='ocr_line' id='line_1_88' title="bbox 1910 2806 3453 2883; baseline -0.002 -14"><span class='ocrx_word' id='word_1_668' title='bbox 1910 2816 2020 2883; x_wconf 82' lang='grc' dir='ltr'>τῆς</span> <span class='ocrx_word' id='word_1_669' title='bbox 2054 2817 2369 2879; x_wconf 79' lang='grc' dir='ltr'>βασιλείας</span> <span class='ocrx_word' id='word_1_670' title='bbox 2401 2815 2515 2868; x_wconf 86' lang='grc' dir='ltr'>τῶν</span> <span class='ocrx_word' id='word_1_671' title='bbox 2543 2814 2861 2882; x_wconf 82' lang='grc' dir='ltr'>ἀνθρώπων</span> <span class='ocrx_word' id='word_1_672' title='bbox 2883 2854 2897 2877; x_wconf 91' lang='grc'>,</span> <span class='ocrx_word' id='word_1_673' title='bbox 2936 2814 3030 2866; x_wconf 83' lang='grc' dir='ltr'>καί</span> <span class='ocrx_word' id='word_1_674' title='bbox 3078 2806 3125 2879; x_wconf 84' lang='grc' dir='ltr'>ᾧ</span> <span class='ocrx_word' id='word_1_675' title='bbox 3155 2813 3261 2866; x_wconf 83' lang='grc' dir='ltr'>ἐὰν</span> <span class='ocrx_word' id='word_1_676' title='bbox 3308 2812 3453 2882; x_wconf 82' lang='grc' dir='ltr'>δόξῃ</span> 
     </span>
    </p>
   </div>
   <div class='ocr_carea' id='block_1_89' title="bbox 1912 2902 3453 2973">
    <p class='ocr_par' dir='ltr' id='par_1_89' title="bbox 1912 2902 3453 2973">
     <span class='ocr_line' id='line_1_89' title="bbox 1912 2902 3453 2973; baseline -0.005 -15"><span class='ocrx_word' id='word_1_677' title='bbox 1912 2905 2086 2958; x_wconf 87' lang='grc' dir='ltr'>δώσει</span> <span class='ocrx_word' id='word_1_678' title='bbox 2116 2905 2323 2969; x_wconf 82' lang='grc' dir='ltr'>αὐτήν.</span> <span class='ocrx_word' id='word_1_679' title='bbox 2371 2905 2432 2955; x_wconf 87' lang='grc' dir='ltr'>Εἰ</span> <span class='ocrx_word' id='word_1_680' title='bbox 2469 2903 2575 2973; x_wconf 78' lang='grc' dir='ltr'>γὰρ</span> <span class='ocrx_word' id='word_1_681' title='bbox 2614 2904 2833 2965; x_wconf 77' lang='grc' dir='ltr'>ἐκεῖνος,</span> <span class='ocrx_word' id='word_1_682' title='bbox 2869 2902 3018 2971; x_wconf 76' lang='grc' dir='ltr'>φησὶ,</span> <span class='ocrx_word' id='word_1_683' title='bbox 3061 2902 3453 2967; x_wconf 82' lang='grc' dir='ltr'>ἀσύγγνωστος,</span> 
     </span>
    </p>
   </div>
   <div class='ocr_carea' id='block_1_90' title="bbox 1914 2990 3453 3065">
    <p class='ocr_par' dir='ltr' id='par_1_90' title="bbox 1914 2990 3453 3065">
     <span class='ocr_line' id='line_1_90' title="bbox 1914 2990 3453 3065; baseline -0.003 -18"><span class='ocrx_word' id='word_1_684' title='bbox 1914 2996 1977 3047; x_wconf 81' lang='grc' dir='ltr'>σὺ</span> <span class='ocrx_word' id='word_1_685' title='bbox 2022 2998 2049 3048; x_wconf 86' lang='grc' dir='ltr'>ὁ</span> <span class='ocrx_word' id='word_1_686' title='bbox 2096 2995 2230 3064; x_wconf 80' lang='grc' dir='ltr'>μετὰ</span> <span class='ocrx_word' id='word_1_687' title='bbox 2277 2996 2617 3065; x_wconf 81' lang='grc' dir='ltr'>παράδειγμα</span> <span class='ocrx_word' id='word_1_688' title='bbox 2666 2993 2899 3046; x_wconf 82' lang='grc' dir='ltr'>τοιοῦτον</span> <span class='ocrx_word' id='word_1_689' title='bbox 2934 2994 3006 3061; x_wconf 84' lang='grc' dir='ltr'>μὴ</span> <span class='ocrx_word' id='word_1_690' title='bbox 3041 2990 3453 3061; x_wconf 61' lang='grc' dir='ltr'>σωφρονισθεὶς,</span> 
     </span>
    </p>
   </div>
   <div class='ocr_carea' id='block_1_91' title="bbox 1911 3082 3455 3152">
    <p class='ocr_par' dir='ltr' id='par_1_91' title="bbox 1911 3082 3455 3152">
     <span class='ocr_line' id='line_1_91' title="bbox 1911 3082 3455 3152; baseline -0.005 -14"><span class='ocrx_word' id='word_1_691' title='bbox 1911 3089 2053 3147; x_wconf 82' lang='grc' dir='ltr'>τίνος</span> <span class='ocrx_word' id='word_1_692' title='bbox 2097 3084 2271 3149; x_wconf 80' lang='grc' dir='ltr'>ἄξιος,</span> <span class='ocrx_word' id='word_1_693' title='bbox 2307 3085 2424 3136; x_wconf 83' lang='grc' dir='ltr'>είπέ</span> <span class='ocrx_word' id='word_1_694' title='bbox 2460 3101 2574 3152; x_wconf 88' lang='grc' dir='ltr'>μοι;</span> <span class='ocrx_word' id='word_1_695' title='bbox 2610 3084 2737 3135; x_wconf 82' lang='grc' dir='ltr'>Οὐδὲ</span> <span class='ocrx_word' id='word_1_696' title='bbox 2786 3085 2891 3152; x_wconf 73' lang='grc' dir='ltr'>γὰρ</span> <span class='ocrx_word' id='word_1_697' title='bbox 2938 3086 3014 3144; x_wconf 90' lang='grc' dir='ltr'>εἰς</span> <span class='ocrx_word' id='word_1_698' title='bbox 3058 3083 3272 3149; x_wconf 82' lang='grc' dir='ltr'>ἄγνοιαν</span> <span class='ocrx_word' id='word_1_699' title='bbox 3317 3082 3455 3149; x_wconf 74' lang='grc' dir='ltr'>ἔχεις</span> 
     </span>
    </p>
   </div>
   <div class='ocr_carea' id='block_1_92' title="bbox 1914 3172 3455 3244">
    <p class='ocr_par' dir='ltr' id='par_1_92' title="bbox 1914 3172 3455 3244">
     <span class='ocr_line' id='line_1_92' title="bbox 1914 3172 3455 3244; baseline -0.005 -15"><span class='ocrx_word' id='word_1_700' title='bbox 1914 3180 2264 3244; x_wconf 85' lang='grc' dir='ltr'>καταφυγεῖν.</span> <span class='ocrx_word' id='word_1_701' title='bbox 2323 3175 2454 3227; x_wconf 76' lang='grc' dir='ltr'>Οὐδὲ</span> <span class='ocrx_word' id='word_1_702' title='bbox 2491 3175 2662 3226; x_wconf 83' lang='grc' dir='ltr'>πάντα</span> <span class='ocrx_word' id='word_1_703' title='bbox 2713 3174 2882 3225; x_wconf 79' lang='grc' dir='ltr'>ταῦτα</span> <span class='ocrx_word' id='word_1_704' title='bbox 2933 3172 3102 3241; x_wconf 50' lang='grc' dir='ltr'>ᾔδεις</span> <span class='ocrx_word' id='word_1_705' title='bbox 3147 3172 3276 3223; x_wconf 85' lang='grc' dir='ltr'>Τίνα</span> <span class='ocrx_word' id='word_1_706' title='bbox 3317 3172 3455 3233; x_wconf 85' lang='grc' dir='ltr'>τίνος</span> 
     </span>
    </p>
   </div>
   <div class='ocr_carea' id='block_1_93' title="bbox 1914 3258 3455 3337">
    <p class='ocr_par' dir='ltr' id='par_1_93' title="bbox 1914 3258 3455 3337">
     <span class='ocr_line' id='line_1_93' title="bbox 1914 3258 3455 3337; baseline -0.004 -19"><span class='ocrx_word' id='word_1_707' title='bbox 1914 3268 2213 3337; x_wconf 80' lang='grc' dir='ltr'>προτιμᾷςς</span> <span class='ocrx_word' id='word_1_708' title='bbox 2253 3268 2375 3327; x_wconf 73' lang='grc' dir='ltr'>τοὺς</span> <span class='ocrx_word' id='word_1_709' title='bbox 2398 3266 2493 3315; x_wconf 81' lang='grc' dir='ltr'>οὐκ</span> <span class='ocrx_word' id='word_1_710' title='bbox 2522 3264 2828 3326; x_wconf 77' lang='grc' dir='ltr'>ἀκούοντας,</span> <span class='ocrx_word' id='word_1_711' title='bbox 2853 3262 2971 3314; x_wconf 74' lang='grc' dir='ltr'>οὐδὲ</span> <span class='ocrx_word' id='word_1_712' title='bbox 3004 3262 3317 3330; x_wconf 75' lang='grc' dir='ltr'>βλέπονταςς</span> <span class='ocrx_word' id='word_1_713' title='bbox 3350 3258 3455 3313; x_wconf 75' lang='lat' dir='ltr'><strong><em>Kal</em></strong></span> 
     </span>
    </p>
   </div>
   <div class='ocr_carea' id='block_1_94' title="bbox 1913 3348 3456 3419">
    <p class='ocr_par' dir='ltr' id='par_1_94' title="bbox 1913 3348 3456 3419">
     <span class='ocr_line' id='line_1_94' title="bbox 1913 3348 3456 3419; baseline -0.004 -12"><span class='ocrx_word' id='word_1_714' title='bbox 1913 3356 1993 3407; x_wconf 85' lang='grc' dir='ltr'>σὺ</span> <span class='ocrx_word' id='word_1_715' title='bbox 2018 3359 2047 3407; x_wconf 86' lang='grc' dir='ltr'>ό</span> <span class='ocrx_word' id='word_1_716' title='bbox 2069 3355 2193 3419; x_wconf 81' lang='grc' dir='ltr'>υίὸς</span> <span class='ocrx_word' id='word_1_717' title='bbox 2212 3354 2412 3417; x_wconf 83' lang='grc' dir='ltr'>αὑτοῦ,</span> <span class='ocrx_word' id='word_1_718' title='bbox 2441 3352 2770 3417; x_wconf 65' lang='grc' dir='ltr'>Βίιλτάσαρ,</span> <span class='ocrx_word' id='word_1_719' title='bbox 2800 3353 2905 3403; x_wconf 83' lang='grc' dir='ltr'>οὐκ</span> <span class='ocrx_word' id='word_1_720' title='bbox 2923 3350 3321 3413; x_wconf 85' lang='grc' dir='ltr'>ἐταπείνωσας</span> <span class='ocrx_word' id='word_1_721' title='bbox 3345 3348 3456 3414; x_wconf 83' lang='grc' dir='ltr'>τὴν</span> 
     </span>
    </p>
   </div>
   <div class='ocr_carea' id='block_1_95' title="bbox 1913 3432 3456 3510">
    <p class='ocr_par' dir='ltr' id='par_1_95' title="bbox 1913 3432 3456 3510">
     <span class='ocr_line' id='line_1_95' title="bbox 1913 3432 3456 3510; baseline -0.008 -14"><span class='ocrx_word' id='word_1_722' title='bbox 1913 3444 2161 3510; x_wconf 80' lang='grc' dir='ltr'>καρδίαν</span> <span class='ocrx_word' id='word_1_723' title='bbox 2190 3458 2304 3494; x_wconf 89' lang='grc' dir='ltr'>σου</span> <span class='ocrx_word' id='word_1_724' title='bbox 2352 3444 2473 3493; x_wconf 85' lang='grc' dir='ltr'>κατ’</span> <span class='ocrx_word' id='word_1_725' title='bbox 2523 3440 2772 3492; x_wconf 83' lang='grc' dir='ltr'>ἐνώπιον</span> <span class='ocrx_word' id='word_1_726' title='bbox 2800 3438 2903 3490; x_wconf 89' lang='grc' dir='ltr'>τοῦ</span> <span class='ocrx_word' id='word_1_727' title='bbox 2935 3435 3098 3489; x_wconf 83' lang='grc' dir='ltr'>Θεοῦ.</span> <span class='ocrx_word' id='word_1_728' title='bbox 3145 3435 3224 3486; x_wconf 88' lang='grc' dir='ltr'>Οὐ</span> <span class='ocrx_word' id='word_1_729' title='bbox 3266 3432 3456 3485; x_wconf 84' lang='grc' dir='ltr'>πάντα</span> 
     </span>
    </p>
   </div>
   <div class='ocr_carea' id='block_1_96' title="bbox 1912 3521 3455 3600">
    <p class='ocr_par' dir='ltr' id='par_1_96' title="bbox 1912 3521 3455 3600">
     <span class='ocr_line' id='line_1_96' title="bbox 1912 3521 3455 3600; baseline -0.008 -14"><span class='ocrx_word' id='word_1_730' title='bbox 1912 3534 2095 3587; x_wconf 87' lang='grc' dir='ltr'>ταῦτα</span> <span class='ocrx_word' id='word_1_731' title='bbox 2120 3535 2337 3600; x_wconf 79' lang='grc' dir='ltr'>ἕγνως;</span> <span class='ocrx_word' id='word_1_732' title='bbox 2376 3530 2480 3583; x_wconf 80' lang='lat' dir='ltr'><strong><em>Kal</em></strong></span> <span class='ocrx_word' id='word_1_733' title='bbox 2517 3531 2612 3581; x_wconf 79' lang='grc' dir='ltr'>ἐπὶ</span> <span class='ocrx_word' id='word_1_734' title='bbox 2645 3530 2749 3581; x_wconf 84' lang='grc' dir='ltr'>τὸν</span> <span class='ocrx_word' id='word_1_735' title='bbox 2790 3527 3005 3593; x_wconf 89' lang='grc' dir='ltr'>Κύριον</span> <span class='ocrx_word' id='word_1_736' title='bbox 3040 3524 3145 3577; x_wconf 88' lang='grc' dir='ltr'>τὸν</span> <span class='ocrx_word' id='word_1_737' title='bbox 3176 3523 3322 3576; x_wconf 83' lang='grc' dir='ltr'>Θεὸν</span> <span class='ocrx_word' id='word_1_738' title='bbox 3351 3521 3455 3575; x_wconf 91' lang='grc' dir='ltr'>τοῦ</span> 
     </span>
    </p>
   </div>
   <div class='ocr_carea' id='block_1_97' title="bbox 1914 3614 3453 3693">
    <p class='ocr_par' dir='ltr' id='par_1_97' title="bbox 1914 3614 3453 3693">
     <span class='ocr_line' id='line_1_97' title="bbox 1914 3614 3453 3693; baseline -0.007 -14"><span class='ocrx_word' id='word_1_739' title='bbox 1914 3627 2166 3693; x_wconf 70' lang='grc' dir='ltr'>οὐρανοῦ</span> <span class='ocrx_word' id='word_1_740' title='bbox 2197 3624 2457 3692; x_wconf 67' lang='grc' dir='ltr'>ύψώθης,</span> <span class='ocrx_word' id='word_1_741' title='bbox 2494 3622 2589 3673; x_wconf 79' lang='grc' dir='ltr'>καὶ</span> <span class='ocrx_word' id='word_1_742' title='bbox 2628 3622 2697 3673; x_wconf 82' lang='grc' dir='ltr'>τὰ</span> <span class='ocrx_word' id='word_1_743' title='bbox 2722 3620 2907 3685; x_wconf 87' lang='grc' dir='ltr'>σκεύη</span> <span class='ocrx_word' id='word_1_744' title='bbox 2937 3618 3040 3671; x_wconf 91' lang='grc' dir='ltr'>τοῦ</span> <span class='ocrx_word' id='word_1_745' title='bbox 3079 3616 3245 3670; x_wconf 71' lang='grc' dir='ltr'>οἴκου</span> <span class='ocrx_word' id='word_1_746' title='bbox 3272 3614 3453 3669; x_wconf 87' lang='grc' dir='ltr'>αὑτοῦ</span> 
     </span>
    </p>
   </div>
   <div class='ocr_carea' id='block_1_98' title="bbox 1913 3706 3456 3785">
    <p class='ocr_par' dir='ltr' id='par_1_98' title="bbox 1913 3706 3456 3785">
     <span class='ocr_line' id='line_1_98' title="bbox 1913 3706 3456 3785; baseline -0.007 -16"><span class='ocrx_word' id='word_1_747' title='bbox 1913 3717 2165 3785; x_wconf 75' lang='grc' dir='ltr'>ἤνεγκας</span> <span class='ocrx_word' id='word_1_748' title='bbox 2192 3716 2444 3769; x_wconf 77' lang='grc' dir='ltr'>ἐνώπιόν</span> <span class='ocrx_word' id='word_1_749' title='bbox 2473 3729 2612 3766; x_wconf 89' lang='grc' dir='ltr'>σου·</span> <span class='ocrx_word' id='word_1_750' title='bbox 2655 3710 2746 3763; x_wconf 82' lang='grc' dir='ltr'>καί</span> <span class='ocrx_word' id='word_1_751' title='bbox 2780 3710 2880 3773; x_wconf 88' lang='grc' dir='ltr'>σὺ,</span> <span class='ocrx_word' id='word_1_752' title='bbox 2913 3708 3009 3761; x_wconf 74' lang='grc' dir='ltr'>καὶ</span> <span class='ocrx_word' id='word_1_753' title='bbox 3040 3711 3091 3760; x_wconf 89' lang='grc' dir='ltr'>οί</span> <span class='ocrx_word' id='word_1_754' title='bbox 3106 3706 3456 3776; x_wconf 73' lang='grc' dir='ltr'>μεγιστᾶνες</span> 
     </span>
    </p>
   </div>
   <div class='ocr_carea' id='block_1_99' title="bbox 1913 3798 3454 3872">
    <p class='ocr_par' dir='ltr' id='par_1_99' title="bbox 1913 3798 3454 3872">
     <span class='ocr_line' id='line_1_99' title="bbox 1913 3798 3454 3872; baseline -0.008 -12"><span class='ocrx_word' id='word_1_755' title='bbox 1913 3824 2045 3867; x_wconf 88' lang='grc' dir='ltr'>σου,</span> <span class='ocrx_word' id='word_1_756' title='bbox 2069 3807 2163 3859; x_wconf 84' lang='grc' dir='ltr'>καὶ</span> <span class='ocrx_word' id='word_1_757' title='bbox 2197 3810 2248 3858; x_wconf 80' lang='grc' dir='ltr'>οἱ</span> <span class='ocrx_word' id='word_1_758' title='bbox 2276 3804 2615 3872; x_wconf 82' lang='grc' dir='ltr'>παράκοιτοί</span> <span class='ocrx_word' id='word_1_759' title='bbox 2636 3819 2770 3864; x_wconf 90' lang='grc' dir='ltr'>σου,</span> <span class='ocrx_word' id='word_1_760' title='bbox 2807 3800 2903 3853; x_wconf 78' lang='grc' dir='ltr'>καί</span> <span class='ocrx_word' id='word_1_761' title='bbox 2925 3804 2982 3853; x_wconf 83' lang='lat' dir='ltr'>al</span> <span class='ocrx_word' id='word_1_762' title='bbox 3012 3798 3311 3852; x_wconf 81' lang='grc' dir='ltr'>παλλακαί</span> <span class='ocrx_word' id='word_1_763' title='bbox 3341 3811 3454 3849; x_wconf 74' lang='grc' dir='ltr'>σου</span> 
     </span>
    </p>
   </div>
   <div class='ocr_carea' id='block_1_100' title="bbox 1910 3887 3456 3961">
    <p class='ocr_par' dir='ltr' id='par_1_100' title="bbox 1910 3887 3456 3961">
     <span class='ocr_line' id='line_1_100' title="bbox 1910 3887 3456 3961; baseline 0.002 -11"><span class='ocrx_word' id='word_1_764' title='bbox 1910 3899 2140 3952; x_wconf 85' lang='grc' dir='ltr'>ἐπίνετε</span> <span class='ocrx_word' id='word_1_765' title='bbox 2169 3896 2330 3950; x_wconf 82' lang='grc' dir='ltr'>οἶνον</span> <span class='ocrx_word' id='word_1_766' title='bbox 2350 3901 2416 3951; x_wconf 86' lang='grc' dir='ltr'>ἐν</span> <span class='ocrx_word' id='word_1_767' title='bbox 2436 3896 2655 3961; x_wconf 76' lang='grc' dir='ltr'>αὐτοῖς·</span> <span class='ocrx_word' id='word_1_768' title='bbox 2682 3896 2775 3947; x_wconf 82' lang='grc' dir='ltr'>καὶ</span> <span class='ocrx_word' id='word_1_769' title='bbox 2798 3893 2937 3957; x_wconf 87' lang='grc' dir='ltr'>τοὺς</span> <span class='ocrx_word' id='word_1_770' title='bbox 2956 3891 3122 3955; x_wconf 84' lang='grc' dir='ltr'>θεοὺς</span> <span class='ocrx_word' id='word_1_771' title='bbox 3153 3887 3293 3953; x_wconf 80' lang='grc' dir='ltr'>τοὺς</span> <span class='ocrx_word' id='word_1_772' title='bbox 3316 3904 3456 3954; x_wconf 53' lang='grc' dir='ltr'>γρυτ</span> 
     </span>
    </p>
   </div>
   <div class='ocr_carea' id='block_1_101' title="bbox 1911 3977 3450 4056">
    <p class='ocr_par' dir='ltr' id='par_1_101' title="bbox 1911 3977 3450 4056">
     <span class='ocr_line' id='line_1_101' title="bbox 1911 3977 3450 4056; baseline -0.009 -14"><span class='ocrx_word' id='word_1_773' title='bbox 1911 3991 2079 4053; x_wconf 87' lang='grc' dir='ltr'>σοῦς,</span> <span class='ocrx_word' id='word_1_774' title='bbox 2115 3990 2207 4041; x_wconf 75' lang='grc' dir='ltr'>καὶ</span> <span class='ocrx_word' id='word_1_775' title='bbox 2228 3988 2538 4056; x_wconf 78' lang='grc' dir='ltr'>ἀργυροῦς,</span> <span class='ocrx_word' id='word_1_776' title='bbox 2577 3987 2671 4037; x_wconf 78' lang='grc' dir='ltr'>καὶ</span> <span class='ocrx_word' id='word_1_777' title='bbox 2702 3982 2992 4053; x_wconf 86' lang='grc' dir='ltr'>χαλκοῦς,</span> <span class='ocrx_word' id='word_1_778' title='bbox 3026 3979 3120 4032; x_wconf 74' lang='grc' dir='ltr'>καὶ</span> <span class='ocrx_word' id='word_1_779' title='bbox 3153 3977 3450 4044; x_wconf 86' lang='grc' dir='ltr'>σιδηροῦς,</span> 
     </span>
    </p>
   </div>
   <div class='ocr_carea' id='block_1_102' title="bbox 1912 4067 3451 4139">
    <p class='ocr_par' dir='ltr' id='par_1_102' title="bbox 1912 4067 3451 4139">
     <span class='ocr_line' id='line_1_102' title="bbox 1912 4067 3451 4139; baseline -0.006 -11"><span class='ocrx_word' id='word_1_780' title='bbox 1912 4077 2006 4128; x_wconf 80' lang='grc' dir='ltr'>καί</span> <span class='ocrx_word' id='word_1_781' title='bbox 2039 4077 2350 4139; x_wconf 80' lang='grc' dir='ltr'>ξυλίνους,</span> <span class='ocrx_word' id='word_1_782' title='bbox 2387 4075 2481 4126; x_wconf 80' lang='grc' dir='ltr'>καὶ</span> <span class='ocrx_word' id='word_1_783' title='bbox 2516 4075 2800 4137; x_wconf 88' lang='grc' dir='ltr'>λιθίνους,</span> <span class='ocrx_word' id='word_1_784' title='bbox 2821 4070 2875 4123; x_wconf 78' lang='grc' dir='ltr'>οἳ</span> <span class='ocrx_word' id='word_1_785' title='bbox 2906 4073 2975 4124; x_wconf 84' lang='grc' dir='ltr'>οὺ</span> <span class='ocrx_word' id='word_1_786' title='bbox 3009 4070 3327 4133; x_wconf 79' lang='grc' dir='ltr'>βλέπουσι,</span> <span class='ocrx_word' id='word_1_787' title='bbox 3356 4067 3451 4119; x_wconf 78' lang='grc' dir='ltr'>και</span> 
     </span>
    </p>
   </div>
   <div class='ocr_carea' id='block_1_103' title="bbox 1911 4158 3451 4231">
    <p class='ocr_par' dir='ltr' id='par_1_103' title="bbox 1911 4158 3451 4231">
     <span class='ocr_line' id='line_1_103' title="bbox 1911 4158 3451 4231; baseline -0.006 -12"><span class='ocrx_word' id='word_1_788' title='bbox 1911 4169 2020 4219; x_wconf 82' lang='grc' dir='ltr'>οὐκ</span> <span class='ocrx_word' id='word_1_789' title='bbox 2049 4167 2355 4229; x_wconf 85' lang='grc' dir='ltr'>ἀκούουσι,</span> <span class='ocrx_word' id='word_1_790' title='bbox 2385 4165 2480 4217; x_wconf 79' lang='grc' dir='ltr'>καὶ</span> <span class='ocrx_word' id='word_1_791' title='bbox 2523 4166 2593 4217; x_wconf 86' lang='grc' dir='ltr'>οὐ</span> <span class='ocrx_word' id='word_1_792' title='bbox 2622 4163 3036 4231; x_wconf 84' lang='grc' dir='ltr'>γινώσκουσιν,</span> <span class='ocrx_word' id='word_1_793' title='bbox 3076 4160 3316 4227; x_wconf 73' lang='grc' dir='ltr'>ᾔνεσας.</span> <span class='ocrx_word' id='word_1_794' title='bbox 3356 4158 3451 4210; x_wconf 80' lang='grc' dir='ltr'>καί,</span> 
     </span>
    </p>
   </div>
   <div class='ocr_carea' id='block_1_104' title="bbox 1910 4249 3453 4324">
    <p class='ocr_par' dir='ltr' id='par_1_104' title="bbox 1910 4249 3453 4324">
     <span class='ocr_line' id='line_1_104' title="bbox 1910 4249 3453 4324; baseline -0.007 -14"><span class='ocrx_word' id='word_1_795' title='bbox 1910 4259 2014 4310; x_wconf 88' lang='grc' dir='ltr'>τὸν</span> <span class='ocrx_word' id='word_1_796' title='bbox 2034 4253 2281 4319; x_wconf 86' lang='grc' dir='ltr'>Θεὸν,οὗ</span> <span class='ocrx_word' id='word_1_797' title='bbox 2312 4259 2348 4324; x_wconf 73' lang='grc' dir='ltr'>ἡ</span> <span class='ocrx_word' id='word_1_798' title='bbox 2375 4256 2525 4321; x_wconf 87' lang='grc' dir='ltr'>πνοή</span> <span class='ocrx_word' id='word_1_799' title='bbox 2547 4271 2660 4309; x_wconf 89' lang='grc' dir='ltr'>σου</span> <span class='ocrx_word' id='word_1_800' title='bbox 2681 4255 2748 4307; x_wconf 83' lang='grc' dir='ltr'>ἐν</span> <span class='ocrx_word' id='word_1_801' title='bbox 2769 4253 2913 4322; x_wconf 85' lang='grc' dir='ltr'>χειρί</span> <span class='ocrx_word' id='word_1_802' title='bbox 2935 4252 3136 4313; x_wconf 79' lang='grc' dir='ltr'>αὐτοῦ,</span> <span class='ocrx_word' id='word_1_803' title='bbox 3151 4251 3245 4304; x_wconf 79' lang='grc' dir='ltr'>καί</span> <span class='ocrx_word' id='word_1_804' title='bbox 3269 4249 3453 4303; x_wconf 82' lang='grc' dir='ltr'>πᾶσαι</span> 
     </span>
    </p>
   </div>
   <div class='ocr_carea' id='block_1_105' title="bbox 1909 4341 3453 4410">
    <p class='ocr_par' dir='ltr' id='par_1_105' title="bbox 1909 4341 3453 4410">
     <span class='ocr_line' id='line_1_105' title="bbox 1909 4341 3453 4410; baseline -0.005 -7"><span class='ocrx_word' id='word_1_805' title='bbox 1909 4353 1967 4403; x_wconf 89' lang='lat' dir='ltr'>al</span> <span class='ocrx_word' id='word_1_806' title='bbox 2006 4350 2131 4403; x_wconf 87' lang='grc' dir='ltr'>όδοί</span> <span class='ocrx_word' id='word_1_807' title='bbox 2162 4366 2295 4410; x_wconf 90' lang='grc' dir='ltr'>σου,</span> <span class='ocrx_word' id='word_1_808' title='bbox 2336 4348 2519 4400; x_wconf 77' lang='grc' dir='ltr'>αὑτὸν</span> <span class='ocrx_word' id='word_1_809' title='bbox 2560 4349 2666 4399; x_wconf 82' lang='grc' dir='ltr'>οὐκ</span> <span class='ocrx_word' id='word_1_810' title='bbox 2703 4346 3012 4408; x_wconf 77' lang='grc' dir='ltr'>ὲδόξασας.</span> <span class='ocrx_word' id='word_1_811' title='bbox 3048 4342 3148 4396; x_wconf 84' lang='grc' dir='ltr'>Διὰ</span> <span class='ocrx_word' id='word_1_812' title='bbox 3187 4341 3358 4395; x_wconf 84' lang='grc' dir='ltr'>τοῦτο</span> <span class='ocrx_word' id='word_1_813' title='bbox 3385 4343 3453 4395; x_wconf 77' lang='grc' dir='ltr'>ἐκ</span> 
     </span>
    </p>
   </div>
   <div class='ocr_carea' id='block_1_106' title="bbox 1910 4433 3450 4508">
    <p class='ocr_par' dir='ltr' id='par_1_106' title="bbox 1910 4433 3450 4508">
     <span class='ocr_line' id='line_1_106' title="bbox 1910 4433 3450 4508; baseline -0.007 -14"><span class='ocrx_word' id='word_1_814' title='bbox 1910 4441 2227 4508; x_wconf 79' lang='grc' dir='ltr'>προσώπου</span> <span class='ocrx_word' id='word_1_815' title='bbox 2262 4438 2445 4491; x_wconf 84' lang='grc' dir='ltr'>αὐτοῦ</span> <span class='ocrx_word' id='word_1_816' title='bbox 2484 4435 2792 4501; x_wconf 77' lang='grc' dir='ltr'>ἀπεστάλη</span> <span class='ocrx_word' id='word_1_817' title='bbox 2837 4433 3202 4502; x_wconf 82' lang='grc' dir='ltr'>ἀστράγαλος</span> <span class='ocrx_word' id='word_1_818' title='bbox 3239 4433 3450 4501; x_wconf 83' lang='grc' dir='ltr'>χειρὸς,</span> 
     </span>
    </p>
   </div>
   <div class='ocr_carea' id='block_1_107' title="bbox 1910 4524 3450 4596">
    <p class='ocr_par' dir='ltr' id='par_1_107' title="bbox 1910 4524 3450 4596">
     <span class='ocr_line' id='line_1_107' title="bbox 1910 4524 3450 4596; baseline -0.005 -13"><span class='ocrx_word' id='word_1_819' title='bbox 1910 4532 2006 4583; x_wconf 79' lang='grc' dir='ltr'>καὶ</span> <span class='ocrx_word' id='word_1_820' title='bbox 2048 4531 2160 4596; x_wconf 80' lang='grc' dir='ltr'>τὴν</span> <span class='ocrx_word' id='word_1_821' title='bbox 2204 4528 2438 4596; x_wconf 64' lang='grc' dir='ltr'>γραφὴν</span> <span class='ocrx_word' id='word_1_822' title='bbox 2487 4528 2706 4591; x_wconf 90' lang='grc' dir='ltr'>ταύτην</span> <span class='ocrx_word' id='word_1_823' title='bbox 2761 4525 3019 4589; x_wconf 78' lang='grc' dir='ltr'>ἐνέταξε.</span> <span class='ocrx_word' id='word_1_824' title='bbox 3060 4524 3168 4577; x_wconf 84' lang='lat' dir='ltr'><strong><em>Kal</em></strong></span> <span class='ocrx_word' id='word_1_825' title='bbox 3217 4524 3363 4589; x_wconf 86' lang='grc' dir='ltr'>αῦτη</span> <span class='ocrx_word' id='word_1_826' title='bbox 3413 4526 3450 4591; x_wconf 78' lang='grc' dir='ltr'>ἡ</span> 
     </span>
    </p>
   </div>
   <div class='ocr_carea' id='block_1_108' title="bbox 1910 4612 3455 4688">
    <p class='ocr_par' dir='ltr' id='par_1_108' title="bbox 1910 4612 3455 4688">
     <span class='ocr_line' id='line_1_108' title="bbox 1910 4612 3455 4688; baseline -0.003 -18"><span class='ocrx_word' id='word_1_827' title='bbox 1910 4620 2099 4688; x_wconf 68' lang='grc' dir='ltr'>γραφὴ</span> <span class='ocrx_word' id='word_1_828' title='bbox 2132 4622 2167 4685; x_wconf 78' lang='grc' dir='ltr'><em>ὴ</em></span> <span class='ocrx_word' id='word_1_829' title='bbox 2195 4616 2608 4685; x_wconf 85' lang='grc' dir='ltr'>ἐντεταγμένη·</span> <span class='ocrx_word' id='word_1_830' title='bbox 2633 4615 2824 4681; x_wconf 82' lang='grc' dir='ltr'>Μανὴ,</span> <span class='ocrx_word' id='word_1_831' title='bbox 2866 4614 3069 4677; x_wconf 86' lang='grc' dir='ltr'>Θεκὲλ,</span> <span class='ocrx_word' id='word_1_832' title='bbox 3111 4612 3294 4682; x_wconf 80' lang='grc' dir='ltr'>Φαρές</span> <span class='ocrx_word' id='word_1_833' title='bbox 3316 4630 3329 4643; x_wconf 77' lang='grc'><strong><em>⁸</em></strong></span> <span class='ocrx_word' id='word_1_834' title='bbox 3358 4614 3455 4667; x_wconf 70' lang='grc' dir='ltr'>καὶ</span> 
     </span>
    </p>
   </div>
   <div class='ocr_carea' id='block_1_109' title="bbox 1909 4706 3455 4777">
    <p class='ocr_par' dir='ltr' id='par_1_109' title="bbox 1909 4706 3455 4777">
     <span class='ocr_line' id='line_1_109' title="bbox 1909 4706 3455 4777; baseline -0.003 -16"><span class='ocrx_word' id='word_1_835' title='bbox 1909 4711 2081 4763; x_wconf 86' lang='grc' dir='ltr'>τοῦτο</span> <span class='ocrx_word' id='word_1_836' title='bbox 2120 4711 2183 4762; x_wconf 83' lang='grc' dir='ltr'>τὸ</span> <span class='ocrx_word' id='word_1_837' title='bbox 2214 4712 2504 4777; x_wconf 82' lang='grc' dir='ltr'>σύγκριμα</span> <span class='ocrx_word' id='word_1_838' title='bbox 2524 4708 2628 4761; x_wconf 90' lang='grc' dir='ltr'>τοῦ</span> <span class='ocrx_word' id='word_1_839' title='bbox 2659 4707 2965 4775; x_wconf 84' lang='grc' dir='ltr'>ὁράματος.</span> <span class='ocrx_word' id='word_1_840' title='bbox 2997 4706 3164 4772; x_wconf 55' lang='lat' dir='ltr'>Mam}</span> <span class='ocrx_word' id='word_1_841' title='bbox 3186 4724 3199 4739; x_wconf 88' lang='grc'><strong>·</strong></span> <span class='ocrx_word' id='word_1_842' title='bbox 3220 4706 3455 4774; x_wconf 79' lang='grc' dir='ltr'>ἐμέτρη-</span> 
     </span>
    </p>
   </div>
   <div class='ocr_carea' id='block_1_110' title="bbox 1909 4798 3454 4867">
    <p class='ocr_par' dir='ltr' id='par_1_110' title="bbox 1909 4798 3454 4867">
     <span class='ocr_line' id='line_1_110' title="bbox 1909 4798 3454 4867; baseline -0.005 -12"><span class='ocrx_word' id='word_1_843' title='bbox 1909 4817 2019 4855; x_wconf 90' lang='grc' dir='ltr'>σεν</span> <span class='ocrx_word' id='word_1_844' title='bbox 2049 4805 2079 4854; x_wconf 87' lang='grc' dir='ltr'>ό</span> <span class='ocrx_word' id='word_1_845' title='bbox 2107 4800 2245 4865; x_wconf 89' lang='grc' dir='ltr'>Θεὸς</span> <span class='ocrx_word' id='word_1_846' title='bbox 2277 4800 2387 4867; x_wconf 78' lang='grc' dir='ltr'>τὴν</span> <span class='ocrx_word' id='word_1_847' title='bbox 2426 4800 2748 4863; x_wconf 78' lang='grc' dir='ltr'>βασιλείαν</span> <span class='ocrx_word' id='word_1_848' title='bbox 2787 4815 2921 4860; x_wconf 89' lang='grc' dir='ltr'>σου,</span> <span class='ocrx_word' id='word_1_849' title='bbox 2968 4798 3064 4851; x_wconf 84' lang='grc' dir='ltr'>καί</span> <span class='ocrx_word' id='word_1_850' title='bbox 3108 4798 3454 4863; x_wconf 80' lang='grc' dir='ltr'>ἐπλήρωσεν</span> 
     </span>
    </p>
   </div>
   <div class='ocr_carea' id='block_1_111' title="bbox 1909 4886 3453 4957">
    <p class='ocr_par' dir='ltr' id='par_1_111' title="bbox 1909 4886 3453 4957">
     <span class='ocr_line' id='line_1_111' title="bbox 1909 4886 3453 4957; baseline -0.005 -11"><span class='ocrx_word' id='word_1_851' title='bbox 1909 4891 2114 4956; x_wconf 80' lang='grc' dir='ltr'>αὑτήν.</span> <span class='ocrx_word' id='word_1_852' title='bbox 2144 4894 2325 4944; x_wconf 84' lang='grc' dir='ltr'>Θεκέλ</span> <span class='ocrx_word' id='word_1_853' title='bbox 2348 4905 2361 4919; x_wconf 83' lang='lat'><strong><em>°</em></strong></span> <span class='ocrx_word' id='word_1_854' title='bbox 2392 4890 2611 4957; x_wconf 88' lang='grc' dir='ltr'>ἐστάθη</span> <span class='ocrx_word' id='word_1_855' title='bbox 2640 4890 2708 4941; x_wconf 83' lang='grc' dir='ltr'>ἐν</span> <span class='ocrx_word' id='word_1_856' title='bbox 2733 4887 2899 4956; x_wconf 82' lang='grc' dir='ltr'>ζυγῷ,</span> <span class='ocrx_word' id='word_1_857' title='bbox 2925 4888 3018 4940; x_wconf 81' lang='grc' dir='ltr'>καὶ</span> <span class='ocrx_word' id='word_1_858' title='bbox 3049 4886 3252 4954; x_wconf 80' lang='grc' dir='ltr'>εὑρέθη</span> <span class='ocrx_word' id='word_1_859' title='bbox 3277 4887 3453 4940; x_wconf 80' lang='grc' dir='ltr'>ὑστε-</span> 
     </span>
    </p>
   </div>
   <div class='ocr_carea' id='block_1_112' title="bbox 1899 4978 3454 5048">
    <p class='ocr_par' dir='ltr' id='par_1_112' title="bbox 1899 4978 3454 5048">
     <span class='ocr_line' id='line_1_112' title="bbox 1899 4978 3454 5048; baseline -0.002 -15"><span class='ocrx_word' id='word_1_860' title='bbox 1899 4980 2113 5048; x_wconf 90' lang='grc' dir='ltr'>ροῦσα.</span> <span class='ocrx_word' id='word_1_861' title='bbox 2134 4979 2344 5045; x_wconf 71' lang='grc' dir='ltr'>Φαρές-ο</span> <span class='ocrx_word' id='word_1_862' title='bbox 2370 4980 2602 5045; x_wconf 79' lang='grc' dir='ltr'>διῃρέθη</span> <span class='ocrx_word' id='word_1_863' title='bbox 2638 4982 2674 5045; x_wconf 78' lang='grc' dir='ltr'><em>ὴ</em></span> <span class='ocrx_word' id='word_1_864' title='bbox 2691 4980 2975 5041; x_wconf 80' lang='grc' dir='ltr'>,βασιλεία</span> <span class='ocrx_word' id='word_1_865' title='bbox 2999 4994 3131 5040; x_wconf 88' lang='grc' dir='ltr'>σου,</span> <span class='ocrx_word' id='word_1_866' title='bbox 3157 4978 3250 5031; x_wconf 85' lang='grc' dir='ltr'>καί</span> <span class='ocrx_word' id='word_1_867' title='bbox 3280 4978 3454 5045; x_wconf 79' lang='grc' dir='ltr'>ἐδόθη</span> 
     </span>
    </p>
   </div>
   <div class='ocr_carea' id='block_1_113' title="bbox 1906 5068 3453 5138">
    <p class='ocr_par' dir='ltr' id='par_1_113' title="bbox 1906 5068 3453 5138">
     <span class='ocr_line' id='line_1_113' title="bbox 1906 5068 3453 5138; baseline -0.002 -13"><span class='ocrx_word' id='word_1_868' title='bbox 1906 5071 2129 5136; x_wconf 83' lang='grc' dir='ltr'>Μήδοις</span> <span class='ocrx_word' id='word_1_869' title='bbox 2150 5072 2242 5123; x_wconf 78' lang='grc' dir='ltr'>καί</span> <span class='ocrx_word' id='word_1_870' title='bbox 2277 5071 2546 5138; x_wconf 76' lang='grc' dir='ltr'>Πέρσαις,</span> <span class='ocrx_word' id='word_1_871' title='bbox 2565 5072 2662 5122; x_wconf 80' lang='grc' dir='ltr'>Διὰ</span> <span class='ocrx_word' id='word_1_872' title='bbox 2685 5070 2875 5133; x_wconf 91' lang='grc' dir='ltr'>τοῦτο,</span> <span class='ocrx_word' id='word_1_873' title='bbox 2899 5071 3048 5137; x_wconf 73' lang='grc' dir='ltr'>φησὶ,</span> <span class='ocrx_word' id='word_1_874' title='bbox 3074 5068 3391 5136; x_wconf 79' lang='grc' dir='ltr'>ἐμέτρησεν</span> <span class='ocrx_word' id='word_1_875' title='bbox 3420 5071 3453 5122; x_wconf 87' lang='grc' dir='ltr'>ό</span> 
     </span>
    </p>
   </div>
   <div class='ocr_carea' id='block_1_114' title="bbox 1909 5156 3457 5226">
    <p class='ocr_par' dir='ltr' id='par_1_114' title="bbox 1909 5156 3457 5226">
     <span class='ocr_line' id='line_1_114' title="bbox 1909 5156 3457 5226; baseline -0.005 -12"><span class='ocrx_word' id='word_1_876' title='bbox 1909 5161 2049 5225; x_wconf 87' lang='grc' dir='ltr'>Θεὸς</span> <span class='ocrx_word' id='word_1_877' title='bbox 2080 5160 2190 5226; x_wconf 84' lang='grc' dir='ltr'>τὴν</span> <span class='ocrx_word' id='word_1_878' title='bbox 2225 5160 2548 5223; x_wconf 76' lang='grc' dir='ltr'>,βασιλείαν</span> <span class='ocrx_word' id='word_1_879' title='bbox 2580 5174 2716 5221; x_wconf 90' lang='grc' dir='ltr'>σου,</span> <span class='ocrx_word' id='word_1_880' title='bbox 2745 5157 2839 5209; x_wconf 77' lang='grc' dir='ltr'>καὶ</span> <span class='ocrx_word' id='word_1_881' title='bbox 2869 5156 3126 5223; x_wconf 81' lang='grc' dir='ltr'>διῃρέθη.</span> <span class='ocrx_word' id='word_1_882' title='bbox 3157 5157 3266 5209; x_wconf 66' lang='grc' dir='ltr'>Καὶ</span> <span class='ocrx_word' id='word_1_883' title='bbox 3300 5156 3457 5208; x_wconf 83' lang='grc' dir='ltr'>τοῦτο</span> 
     </span>
    </p>
   </div>
   <div class='ocr_carea' id='block_1_115' title="bbox 1904 5247 3457 5321">
    <p class='ocr_par' dir='ltr' id='par_1_115' title="bbox 1904 5247 3457 5321">
     <span class='ocr_line' id='line_1_115' title="bbox 1904 5247 3457 5321; baseline -0.003 -17"><span class='ocrx_word' id='word_1_884' title='bbox 1904 5254 1983 5315; x_wconf 84' lang='grc' dir='ltr'>είς</span> <span class='ocrx_word' id='word_1_885' title='bbox 2011 5252 2291 5321; x_wconf 81' lang='grc' dir='ltr'>τιμωρίαν,</span> <span class='ocrx_word' id='word_1_886' title='bbox 2338 5251 2395 5302; x_wconf 86' lang='grc' dir='ltr'>τὸ</span> <span class='ocrx_word' id='word_1_887' title='bbox 2427 5250 2778 5319; x_wconf 75' lang='grc' dir='ltr'>διαιρεθῆναι,</span> <span class='ocrx_word' id='word_1_888' title='bbox 2815 5250 2905 5301; x_wconf 75' lang='grc' dir='ltr'>καὶ</span> <span class='ocrx_word' id='word_1_889' title='bbox 2954 5249 3027 5320; x_wconf 79' lang='grc' dir='ltr'>μὴ</span> <span class='ocrx_word' id='word_1_890' title='bbox 3077 5249 3253 5319; x_wconf 82' lang='grc' dir='ltr'>μένειν</span> <span class='ocrx_word' id='word_1_891' title='bbox 3288 5247 3457 5317; x_wconf 81' lang='grc' dir='ltr'>αὐτὴν</span> 
     </span>
    </p>
   </div>
   <div class='ocr_carea' id='block_1_116' title="bbox 1964 5461 3454 5520">
    <p class='ocr_par' dir='ltr' id='par_1_116' title="bbox 1964 5461 3454 5520">
     <span class='ocr_line' id='line_1_116' title="bbox 1964 5461 3454 5520; baseline -0.003 -6"><span class='ocrx_word' id='word_1_892' title='bbox 1964 5470 1989 5497; x_wconf 67' lang='grc'>“</span> <span class='ocrx_word' id='word_1_893' title='bbox 2014 5470 2104 5515; x_wconf 81' lang='grc' dir='ltr'>Καὶ</span> <span class='ocrx_word' id='word_1_894' title='bbox 2129 5467 2206 5520; x_wconf 80' lang='grc' dir='ltr'>οὓς</span> <span class='ocrx_word' id='word_1_895' title='bbox 2244 5465 2457 5511; x_wconf 82' lang='grc' dir='ltr'>ἐϐούλετο</span> <span class='ocrx_word' id='word_1_896' title='bbox 2501 5464 2640 5518; x_wconf 84' lang='grc' dir='ltr'>αὐτὸς</span> <span class='ocrx_word' id='word_1_897' title='bbox 2682 5464 2936 5512; x_wconf 85' lang='grc' dir='ltr'>ἐταπείνου.</span> <span class='ocrx_word' id='word_1_898' title='bbox 2968 5464 3032 5511; x_wconf 79' lang='lat' dir='ltr'>Ita</span> <span class='ocrx_word' id='word_1_899' title='bbox 3071 5461 3341 5518; x_wconf 79' lang='lat' dir='ltr'>explendus</span> <span class='ocrx_word' id='word_1_900' title='bbox 3376 5464 3454 5509; x_wconf 71' lang='lat' dir='ltr'>est</span> 
     </span>
    </p>
   </div>
   <div class='ocr_carea' id='block_1_117' title="bbox 1901 5520 3457 5586">
    <p class='ocr_par' dir='ltr' id='par_1_117' title="bbox 1901 5520 3457 5586">
     <span class='ocr_line' id='line_1_117' title="bbox 1901 5520 3457 5586; baseline -0.007 -8"><span class='ocrx_word' id='word_1_901' title='bbox 1901 5532 1993 5578; x_wconf 78' lang='lat' dir='ltr'>iste</span> <span class='ocrx_word' id='word_1_902' title='bbox 2025 5531 2173 5583; x_wconf 74' lang='lat' dir='ltr'>locus,</span> <span class='ocrx_word' id='word_1_903' title='bbox 2202 5528 2282 5571; x_wconf 79' lang='grc' dir='ltr'>καὶ</span> <span class='ocrx_word' id='word_1_904' title='bbox 2306 5527 2383 5579; x_wconf 81' lang='grc' dir='ltr'>οὓς</span> <span class='ocrx_word' id='word_1_905' title='bbox 2420 5526 2636 5571; x_wconf 79' lang='grc' dir='ltr'>ἐϐούλετο</span> <span class='ocrx_word' id='word_1_906' title='bbox 2660 5526 2798 5586; x_wconf 79' lang='grc' dir='ltr'>ὕψου,</span> <span class='ocrx_word' id='word_1_907' title='bbox 2834 5526 2911 5571; x_wconf 73' lang='grc' dir='ltr'><strong>καί</strong></span> <span class='ocrx_word' id='word_1_908' title='bbox 2932 5525 3027 5586; x_wconf 81' lang='grc' dir='ltr'>οὓς</span> <span class='ocrx_word' id='word_1_909' title='bbox 3059 5523 3273 5570; x_wconf 76' lang='grc' dir='ltr'>ἐϐούλετο</span> <span class='ocrx_word' id='word_1_910' title='bbox 3317 5520 3457 5586; x_wconf 68' lang='grc' dir='ltr'>αύτὸ(</span> 
     </span>
    </p>
   </div>
   <div class='ocr_carea' id='block_1_118' title="bbox 1901 5580 3454 5647">
    <p class='ocr_par' dir='ltr' id='par_1_118' title="bbox 1901 5580 3454 5647">
     <span class='ocr_line' id='line_1_118' title="bbox 1901 5580 3454 5647; baseline -0.003 -10"><span class='ocrx_word' id='word_1_911' title='bbox 1901 5580 2170 5643; x_wconf 66' lang='grc' dir='ltr'>ὲταπείνου,</span> <span class='ocrx_word' id='word_1_912' title='bbox 2198 5589 2253 5633; x_wconf 76' lang='lat' dir='ltr'>Et</span> <span class='ocrx_word' id='word_1_913' title='bbox 2276 5598 2390 5647; x_wconf 72' lang='lat' dir='ltr'>quos</span> <span class='ocrx_word' id='word_1_914' title='bbox 2426 5586 2621 5646; x_wconf 68' lang='lat' dir='ltr'>valebat,</span> <span class='ocrx_word' id='word_1_915' title='bbox 2642 5580 2740 5647; x_wconf 62' lang='lat' dir='ltr'>ipSe</span> <span class='ocrx_word' id='word_1_916' title='bbox 2764 5584 3015 5644; x_wconf 72' lang='lat' dir='ltr'>exultabat,</span> <span class='ocrx_word' id='word_1_917' title='bbox 3054 5589 3097 5634; x_wconf 70' lang='lat' dir='ltr'>et</span> <span class='ocrx_word' id='word_1_918' title='bbox 3121 5594 3234 5646; x_wconf 75' lang='lat' dir='ltr'>quos</span> <span class='ocrx_word' id='word_1_919' title='bbox 3258 5580 3454 5642; x_wconf 72' lang='lat' dir='ltr'>volebat,</span> 
     </span>
    </p>
   </div>
   <div class='ocr_carea' id='block_1_119' title="bbox 1900 5648 2325 5712">
    <p class='ocr_par' dir='ltr' id='par_1_119' title="bbox 1900 5648 2325 5712">
     <span class='ocr_line' id='line_1_119' title="bbox 1900 5648 2325 5712; baseline -0.007 -15"><span class='ocrx_word' id='word_1_920' title='bbox 1900 5649 1999 5711; x_wconf 77' lang='lat' dir='ltr'>ipse</span> <span class='ocrx_word' id='word_1_921' title='bbox 2021 5648 2325 5712; x_wconf 74' lang='lat' dir='ltr'>deprimcbal.</span> 
     </span>
    </p>
   </div>
  </div>
