4032 6220
573 372 683 426 225

564 465 868 537 ὀλόκληρον.
894 468 1069 537 Ὅπερ
1109 464 1200 521 οὖν
1230 468 1324 521 καὶ
1362 468 1457 520 ἐπὶ
1501 466 1835 535 Σολομῶντος
1873 463 2109 531 γέγονεν.

565 571 640 625 οὐ
668 571 824 641 μόνον
852 573 914 624 τὸ
944 575 1017 643 μὴ
1040 573 1222 626 λαϐεῖν
1248 572 1337 626 τὸν
1374 573 1511 632 υἱὸν,
1545 572 1678 626 ἀλλὰ
1710 572 1803 625 καὶ
1828 570 1887 623 τὸ
1916 570 2113 636 διαιρε-

567 675 739 747 θῆναι.
762 679 901 749 Ὅρα
926 679 1350 750 ἀπολογούμενον
1371 679 1516 749 αὑτῷ
1534 679 1628 732 τὸν
1644 678 1774 732 Θεόν
1793 694 1806 709 ·
1830 678 1928 746 ὅρα
1949 675 2110 729 αὑτὸν

564 783 733 834 αῖτιον
761 784 908 840 ὃνται
947 783 1027 841 οὗ
1059 788 1096 855 ἡ
1125 787 1279 853 πνοή
1309 803 1446 845 σου.
1469 788 1620 857 φησὶ,
1640 788 1708 839 ἐν
1736 784 1881 855 χειρί
1903 781 2107 838 αὐτοῦ.

564 882 654 952 Μὴ
671 884 777 956 γάρ
795 887 893 939 οὐκ
913 888 1138 957 ἠδύνατο
1159 890 1356 953 εὐθέως
1376 908 1433 943 σε
1450 891 1686 953 ἀνελεῖνς
1717 889 1854 942 Ἀλλ’
1875 890 2110 959 ὲμακρο-

564 984 820 1059 θύμησεν.
841 991 970 1045 Τίνα
999 994 1096 1047 οὐκ
1123 994 1186 1047 ἂν
1216 995 1476 1065 ἐφόϐησεν
1502 998 1536 1065 ὴ
1557 996 1810 1065 τιμωρία,
1832 994 2110 1048 καὶταῦτα

562 1092 726 1162 ἐγγὺς
758 1091 920 1162 οὔσας
960 1095 1111 1163 Εἶδες
1140 1101 1238 1169 τὴν
1269 1102 1355 1170 ἐφ’
1387 1101 1619 1171 ἐκάτερα
1658 1101 1917 1171 δύναμιν;
1950 1099 2108 1152 πόθεν

560 1200 709 1265 ἄξιος
738 1198 808 1266 εἷ,
835 1204 953 1257 εἰπέ
991 1223 1101 1276 μοι,
1127 1206 1449 1278 συγγνώμης
1473 1226 1489 1275 ;
1522 1209 1617 1264 καὶ
1640 1207 1704 1260 σὺ
1723 1209 1753 1261 ό
1781 1208 1894 1270 υίὸς
1924 1205 2106 1270 αὑτοῦ,

562 1306 662 1359 οὐκ
690 1306 795 1377 ἔχω
825 1311 1017 1378 εἰπεῖν,
1049 1314 1077 1365 ό
1128 1313 1367 1382 ἔκγονος,
1388 1315 1447 1366 οὐ
1497 1315 1672 1368 πάντα
1698 1311 1870 1367 ταῦτα
1907 1311 2107 1381 ἐγνως;

561 1416 821 1489 Καθάπερ
853 1420 945 1473 ἐπὶ
972 1421 1317 1493 δικαστηρίου
1349 1424 1382 1492 ἠ
1410 1422 1680 1491 ἀπόφασις
1701 1422 1988 1492 γράφεται,
2016 1412 2109 1472 οῦ-

560 1536 649 1583 τος
682 1523 966 1593 ἐρμηνεύει
1012 1526 1084 1581 τά
1133 1527 1415 1598 λεγόμενα.
1463 1528 1632 1581 Πόθεν
1679 1527 1909 1597 ἐπῆλθεν
1961 1526 2109 1596 αὐτῷ

560 1627 782 1698 τιμῆσαι
807 1630 897 1683 τὸν
925 1633 1121 1702 Δανιὴλ
1145 1650 1159 1697 ;
1197 1634 1283 1695 Ὡς
1311 1634 1433 1702 ἐμοὶ
1461 1633 1635 1697 δοκεῖ,
1670 1632 1808 1687 ὥστε
1840 1634 1913 1705 μὴ
1944 1648 2109 1687 κατα-

561 1734 860 1806 γνωσθῆναι
889 1739 1035 1809 παρά
1066 1739 1172 1792 τῶν
1193 1741 1495 1811 παρόντων,
1525 1740 1836 1812 προσδοκῶν
1869 1740 1996 1805 ἴσως
2021 1741 2112 1794 εύ-

564 1844 674 1911 ρεῖν
694 1842 846 1897 λύσιν
871 1845 958 1898 διὰ
989 1847 1178 1901 ταῦτα.

1058 1992 1207 2048 12351
1237 1996 1483 2051 ΚΕΦΑΛ.
1527 1997 1617 2063 ς’.

630 2136 737 2189 Kal
758 2141 790 2193 ὁ
818 2137 1115 2206 ,βασιλεὺς
1134 2141 1500 2209 κατέστησεν
1518 2146 1701 2198 αὐτὸν
1720 2144 1811 2214 ἐφ’
1830 2146 1975 2213 ὅλης
2001 2145 2110 2213 τῆς

554 2241 867 2309 ,ϐασιλείας
923 2246 1124 2300 αὑτοῦ.
1180 2249 1285 2301 Kal
1328 2251 1382 2301 οἱ
1435 2250 1697 2303 τακτικοὶ
1748 2251 1844 2303 καὶ
1899 2253 1953 2304 ol
2004 2266 2109 2304 σα-

561 2342 770 2413 τράπαι
789 2346 1031 2413 ἐζήτουν
1068 2353 1368 2420 πρόφασιν
1398 2354 1593 2422 εὑρεῖν
1617 2356 1766 2409 κατὰ
1799 2355 2020 2423 Δανιὴλ
2039 2356 2107 2410 ἐκ

560 2451 667 2520 τῆς
704 2455 1039 2523 βασιλείας.
1082 2457 1193 2511 Καὶ
1228 2459 1430 2515 πᾶσαν
1458 2464 1760 2530 πρόφασιν
1794 2465 1892 2517 καὶ
1936 2463 2109 2531 napa-

559 2575 761 2629 πτωμα
803 2564 912 2631 οὐχ
962 2560 1140 2632 εὗρον
1188 2568 1313 2619 κατ’
1350 2569 1564 2633 αὐτοῦ,
1608 2569 1695 2621 ὅτι
1746 2569 1955 2634 πιστὸς
1990 2566 2102 2638 ἦν’

557 2667 795 2721 τουτέστι
825 2671 917 2722 καὶ
939 2669 1124 2733 εὔνους
1149 2671 1224 2742 τῷ
1250 2670 1455 2741 βασιλεῖ
1482 2669 1547 2743 ἦν
1568 2683 1616 2725 ι.
1644 2674 1733 2735 Ἢ,
1757 2672 1875 2727 Ὅτι
1897 2673 2107 2740 πιστὸς

558 2769 635 2843 ἦν
654 2791 666 2804 ’
691 2776 955 2842 τουτέστι,
996 2779 1215 2850 ἐθάρρει
1242 2777 1319 2850 τῷ
1350 2779 1486 2850 Θεῷ,
1517 2780 1765 2843 κάκεῖνος
1798 2783 1969 2834 πάντα
1992 2784 2107 2835 ἐκυ-

561 2877 751 2948 ϐέρνα⁶
776 2881 908 2935 Θεοῦ
945 2884 1000 2935 δέ
1035 2884 1422 2955 κυϐερνῶντος,
1455 2886 1537 2949 τίς
1570 2887 1635 2940 ἂν
1665 2887 1868 2953 γίνοιτο
1904 2887 2103 2957 βλά6η;

560 2982 624 3033 Τί
650 2978 741 3039 οὖν
762 3002 892 3054 φησι
916 3003 929 3051 ;
960 2984 1149 3041 Εἶπον
1177 2991 1232 3042 οί
1254 2990 1511 3043 τακτικοι
1545 2989 1906 3059 ἐκεῖνοι,οὐχ
1933 2992 2105 3060 εὑρή-

559 3102 746 3157 σομεν
770 3091 917 3144 κατὰ
948 3092 1170 3160 Δανιὴλ
1200 3095 1519 3163 πρόφασιν,
1555 3099 1608 3149 εἰ
1629 3097 1713 3165 μὴ
1747 3099 1817 3150 ἐν
1842 3100 2105 3167 νομίμοις

561 3195 706 3249 Θεοῦ
731 3198 935 3252 αὐτοῦ.
980 3199 1163 3262 Οὐδὲν,
1203 3201 1352 3271 φησὶ,
1401 3200 1617 3255 δυνατὸν
1648 3204 1844 3274 εὑρεῖν.
1885 3205 1980 3258 Διὰ
2015 3206 2101 3271 τί;

559 3301 648 3373 Μὴ
672 3304 770 3357 οὐκ
787 3303 1066 3375 ἄνθρωπός
1087 3309 1261 3372 ἐστιν;
1284 3309 1341 3360 ἐν
1368 3311 1528 3362 πᾶσιν
1546 3311 1832 3375 ἄπταιστος
1854 3313 2068 3379 γέγονεν
2087 3329 2102 3376 ;

559 3409 632 3462 Τὸ
665 3409 852 3479 μέλλον
880 3412 1089 3483 ἄδηλον,
1109 3413 1201 3467 καὶ
1224 3414 1360 3485 ὑπὲρ
1386 3416 1491 3469 τῶν
1515 3416 1807 3486 μελλόντων
1834 3418 1948 3481 πῶς
1974 3420 2106 3472 ἀπο-

560 3515 846 3583 φαίνεσθε;
881 3518 989 3572 Καί
1016 3534 1163 3589 φησι,
1187 3522 1382 3591 Πεῖραν
1409 3521 1671 3593 ἐλάϐομεν
1703 3525 1808 3578 ἀπὸ
1835 3524 1941 3577 τῶν
1969 3543 2106 3596 πρα-

558 3624 800 3694 γμάτων.
839 3628 909 3680 El
948 3627 1032 3695 μὴ
1070 3628 1137 3681 ἐν
1180 3631 1480 3699 νομίμοις,
1514 3634 1665 3702 φησὶ,
1707 3635 1851 3688 Θεοῦ
1898 3636 2100 3701 αὐτοῦ,

558 3732 671 3797 οὐχ
706 3732 1040 3801 εὑρήσομεν
1075 3737 1394 3804 πρόφασιν.
1437 3740 1543 3791 Καὶ
1583 3740 1687 3810 μὴν
1732 3744 1845 3793 ἐκεῖ
1872 3741 2103 3811 ἄληπτος

559 3837 737 3907 πολλῷ
763 3838 943 3893 πλέον.
979 3841 1256 3913 Συγχωρεῖ
1282 3844 1374 3896 τὸν
1403 3847 1707 3916 πειρασμὸν
1742 3849 1768 3899 ό
1804 3847 1935 3911 Θεὸς
1971 3849 2104 3917 πρὸς

554 3946 794 4015 δοκιμήν.
824 3946 914 4015 Μὴ
946 3947 1053 4018 γὰρ
1091 3950 1189 4003 οὐκ
1233 3952 1460 4019 ἠδύνατο
1492 3954 1727 4006 κωλῦσαι
1771 3956 1870 4024 τὴν
1911 3958 2104 4010 κακίαν

556 4050 810 4115 ἐκείνωνς
852 4053 990 4103 Ἀλλ’
1027 4053 1112 4106 ἴνα
1152 4055 1239 4108 διὰ
1300 4058 1487 4111 τούτου
1538 4058 1746 4129 μάθῃς,
1789 4061 1882 4112 καὶ
1921 4061 2104 4115 τοῦτον

552 4156 869 4229 θαυμάσῃς,
916 4161 976 4213 οὑ
1011 4160 1193 4228 φθονεῖ
1231 4164 1322 4216 τοῦ
1372 4158 1631 4233 ἅτεφάνου
1673 4170 1782 4228 τοῖς
1828 4168 2101 4231 οίκέτοιςδ

552 4267 736 4320 αὑτοῦ.
772 4270 909 4322 Τότε
929 4273 984 4324 οἱ
1003 4273 1261 4325 τακτικοί
1290 4275 1384 4326 καί
1409 4277 1463 4327 οἱ
1489 4275 1784 4341 σατράπαι
1810 4276 2105 4342 παρέστη-

551 4390 670 4429 σαν
696 4376 775 4441 τῷ
797 4378 1060 4444 βασιλεῖ,
1082 4381 1178 4435 καί
1205 4378 1374 4435 εἷπον
1389 4381 1545 4447 αὑτῷ
1560 4382 1799 4450 ’Δαρεῖε
1815 4384 2095 4447 βασιλεῦ,

547 4483 633 4546 εις
664 4481 803 4548 τοὺς
838 4483 1053 4550 αἰῶνας
1094 4485 1237 4554 ζῆθι.
1282 4488 1844 4541 Συνεϐουλεύσαντο
1886 4486 2105 4550 πάντες

547 4591 601 4642 οι
623 4590 718 4642 ἐπὶ
751 4590 855 4658 τῆς
884 4593 1204 4659 ,βασιλείας
1240 4610 1355 4648 σου
1393 4594 1715 4663 στρατηγοὶ
1764 4594 1859 4647 καί
1891 4592 2105 4663 σατρά-

546 4698 918 4757 παι,ὕπατοι
991 4700 1089 4752 καὶ
1128 4700 1443 4769 τοπάρχαι,
1487 4701 1589 4753 τοῦ
1623 4700 1846 4766 στῆσαι
1892 4699 2104 4753 στάσει

538 4802 855 4871 βασιλικῇ,
898 4805 998 4857 καὶ
1037 4806 1356 4875 ἐνισχῦσαι
1399 4806 1685 4874 ὁρισμὸν,
1726 4806 1885 4871 ὅπως
1914 4805 1981 4869 ὃς
2028 4804 2105 4857 ἂν

542 4906 761 4976 αίτήσῃ
798 4909 955 4976 παρὰ
992 4911 1215 4975 παντός
1252 4910 1388 4963 θεοῦ
1412 4910 1448 4976 ἢ
1491 4910 1805 4979 ἀνθρώπου
1828 4922 1848 4949 ε
1888 4910 2103 4979 αἴτημα

540 5011 652 5077 ἕως
676 5014 909 5081 ἡμερῶν
944 5016 1277 5084 τριάκοντα,
1314 5018 1448 5071 ἀλλ’
1476 5017 1512 5085 ἢ
1554 5019 1711 5085 παρὰ
1746 5018 1879 5081 σοῦ,
1926 5018 2103 5080 βασι-

540 5120 675 5185 λεῦ,
705 5122 1129 5191 ἐμϐληθήσεται
1147 5129 1233 5193 εἷς
1259 5127 1366 5181 τόν
1396 5127 1625 5181 λάκκον
1660 5126 1777 5178 τῶν
1819 5126 2098 5182 λεόντων.

595 5319 621 5348 ⁸
644 5317 978 5386 ξΪΙιεσάοι-ριυε
991 5335 1002 5368 :
1014 5323 1098 5378 τὴν
1114 5324 1201 5386 γὰρ
1220 5325 1323 5386 περὶ
1342 5322 1426 5386 τόν
1444 5322 1563 5386 θεὸν
1586 5320 1829 5383 φυλάττων
1846 5320 2099 5381 εὐσέϐειαν,

535 5376 689 5443 εὐνοίᾳ
709 5382 855 5443 πολλῇ
877 5384 954 5428 καὶ
976 5376 1079 5443 περὶ
1102 5376 1207 5438 τοῦ(
1228 5376 1445 5445 βσίσιλέας
1468 5376 1714 5444 ἐκέχρητο.

596 5448 622 5487 δ
639 5448 754 5511 Leg.
785 5452 971 5508 οἰκείοις
991 5454 1065 5501 vel
1091 5453 1309 5507 οἰκέταις.

596 5518 912 5582 ‘Josephus:
957 5523 1082 5577 ὅπως
1108 5523 1224 5580 μήτε
1264 5523 1393 5582 αὖτῷ
1434 5538 1520 5576 τις,
1568 5517 1825 5582 μήτε-τοῖς
1855 5518 2100 5582 θεοῖςδεό-

535 5580 853 5643 μινυς-,αὐτῶν
897 5585 975 5629 καί
1010 5584 1256 5643 εὐχόμενος
1284 5579 1376 5643 εἵη.
1422 5579 1577 5643 [τοι-ιο
1619 5580 1880 5637 scripserat
1922 5579 2096 5643 ἀνθρώ-

529 5649 627 5698 πῳ,
650 5636 853 5689 librariis
876 5654 990 5692 vero
1010 5636 1163 5692 {nihili
1187 5641 1276 5693 fuit
1298 5636 1515 5691 bl‘cviala
1536 5636 1790 5702 scriptun.

1246 354 1303 409 S.
1342 351 1621 409 JOANN‘IS
1652 341 2138 405 CIIRYSOSTCMI
2172 338 2487 398 ARCIIIEP.
2527 340 3068 397 CONSTANTINOP.

3652 346 3763 401 226

2218 457 2347 511 Νῦν
2387 454 2533 523 οὖν,
2580 456 2873 523 βασιλεῦ,
2902 456 3137 524 στῆσον
3186 455 3292 508 τὸν
3335 450 3581 522 ὁρισμὸν
3603 488 3620 514 ,
3665 448 3763 505 και

2217 565 2385 630 ἕκθες
2411 562 2665 632 γραφὴν,
2694 563 2850 628 ὅπως
2874 562 2960 631 μὴ
2999 559 3294 627 ἀλλοιωθῇ
3322 558 3386 612 τὸ
3419 557 3607 627 δόγμα
3639 554 3761 623 Μή-

2216 674 2337 726 δων
2370 672 2466 725 καὶ
2515 670 2776 739 Περσῶν,
2808 669 2965 735 ὅπως
3004 669 3079 723 ἂν
3113 668 3197 735 μὴ
3226 662 3578 745 παραγραφῇ
3624 678 3763 715 κατ-

2215 782 2414 836 ἐναντι
2436 781 2667 833 τούτου.
2698 780 2831 831 Τότε
2866 780 2899 831 ό
2928 776 3223 840 βασιλεὺς
3261 771 3492 840 Δαρεῖος
3517 769 3764 831 ἐπέταξε

2216 888 2506 960 γραφῆναι
2526 887 2591 939 τὸ
2615 885 2820 954 δόγμα.
2845 884 2985 954 Ὅρα
3016 883 3068 935 τί
3094 880 3321 943 ποιοῦσι,
3350 878 3464 941 πῶς
3485 878 3762 945 ἀλόγιστον

2214 996 2387 1064 δόγμα
2428 990 2750 1056 ἐσπούδαζον
2788 990 2999 1059 στῆσαι.
3027 987 3137 1041 Καὶ
3171 984 3311 1039 κατὰ
3349 982 3578 1053 σπουδὴν
3606 980 3763 1034 τοῦτο

2213 1103 2440 1159 αἰτοῦσι.
2460 1101 2534 1153 Τὸ
2568 1101 2664 1170 μὶν
2688 1098 2795 1168 γὰρ
2825 1097 3022 1166 λιγειν,
3056 1097 3152 1158 Ὃς
3184 1094 3250 1149 ἀν
3276 1092 3474 1163 αἰτήσῃ
3500 1090 3651 1159 παρά
3666 1089 3763 1141 άν-

2215 1211 2452 1283 θρώπου,
2490 1208 2648 1275 λόγον
2683 1203 2860 1275 εἶχενς
2898 1201 3035 1254 Ἀλλ’
3063 1200 3277 1254 ἐδόκουν
3321 1196 3630 1265 σοφίζεσθαι
3670 1193 3766 1247 τὸν

2214 1317 2367 1383 λόγον
2394 1315 2491 1382 τῆς
2513 1312 2776 1380 αἰτήσεως
2809 1307 2885 1378 τῷ
2916 1306 3104 1378 βραχεῖ
3124 1306 3315 1375 χρόνῳ.
3352 1302 3486 1356 Ποία
3509 1300 3764 1362 ὑπόθεσις

2214 1420 2349 1489 αῦτη
2374 1436 2388 1484 ;
2419 1418 2507 1472 διὰ
2533 1417 2585 1469 τί
2608 1415 2761 1469 τοῦτο
2783 1412 2967 1477 εῐπες;
2992 1412 3196 1477 Ἔδοξε,
3219 1409 3379 1481 φησί·
3411 1408 3607 1470 πάντες
3637 1421 3765 1458 συν-

2215 1527 2454 1588 ελθόντες
2481 1522 2635 1577 τοῦτο
2661 1520 3033 1591 ἐκυρώσαμεν,
3064 1518 3202 1571 ὥστε
3232 1517 3289 1569 ἐν
3312 1515 3598 1586 τριάκοντα
3626 1510 3763 1581 ἠμέ-

2220 1649 2337 1702 ραις
2362 1629 2510 1700 παρὰ
2537 1626 2629 1681 σοῦ
2657 1628 2813 1697 μόνου
2841 1628 3028 1680 αἰτεῖν.
3056 1620 3126 1677 Ὦ
3165 1619 3490 1692 βαρϐαρικὸν
3521 1620 3760 1687 αἴτημα·

2216 1732 2261 1791 ὦ
2282 1737 2475 1807 πολλῆς
2501 1734 2718 1802 ἀλογίας
2745 1734 2982 1803 γέμουσα
3007 1732 3183 1801 χάρις,
3215 1727 3374 1782 αὐτὸν
3401 1726 3490 1779 τὸν
3507 1723 3765 1778 δοκοῦντα

2213 1844 2472 1912 τιμᾶσθαι
2508 1840 2962 1909 καταισχύνουσαι
3000 1840 3062 1891 El
3100 1838 3195 1907 μὲν
3235 1835 3340 1906 γὰρ
3386 1833 3542 1887 τοῦτο
3577 1832 3761 1893 καλὸν,

2218 1954 2321 2008 ἔδει
2351 1953 2591 2023 διηνεκὲς
2633 1950 2789 2003 τοῦτο
2833 1944 3003 2002 εἶναι’
3049 1948 3096 1998 εἰ
3144 1945 3199 1997 δὲ
3229 1942 3457 2010 φαῦλον,
3507 1939 3629 1993 οὐδὲ
3667 1936 3766 1999 τάς

2215 2063 2500 2131 τριάκοντα
2541 2057 2765 2129 ἡμέρας.
2820 2054 2986 2108 Πάλιν
3029 2054 3078 2105 εί
3120 2050 3319 2112 καλὸν,
3366 2049 3417 2100 τί
3457 2048 3519 2100 τὸ
3564 2044 3765 2113 πλῆθος

2216 2162 2609 2237 προϐάλλεσοε;
2655 2160 2761 2213 Kal
2789 2159 2893 2230 γὰρ
2928 2160 3090 2229 χωρὶς
3129 2156 3316 2209 τούτου
3346 2152 3625 2206 ἐπινεῦσαι
3650 2150 3762 2203 δεῖ*

2215 2274 2263 2325 εἰ
2296 2271 2352 2323 δὲ
2380 2268 2597 2338 φαῦλον,
2626 2266 2744 2318 ούδέ
2769 2264 2944 2333 πάσης
2972 2263 3073 2332 τῆς
3098 2260 3414 2329 οἰκουμένης
3441 2253 3767 2322 κελευούσης

2215 2374 2456 2428 ὑπείκειν
2484 2370 2665 2440 ἐχρῆν.
2692 2369 2764 2422 Οὐ
2793 2367 3001 2438 προεῖδε
3022 2367 3113 2419 τὸν
3140 2365 3327 2418 δόλονδ
3348 2360 3598 2432 βασιλεύς
3621 2374 3634 2387 ·
3670 2358 3768 2411 καὶ

2214 2478 2367 2545 δῆλον
2411 2475 2560 2547 [254]
2606 2476 2667 2526 ὲκ
2703 2474 2810 2526 τῶν
2843 2473 2977 2543 μετὰ
3008 2471 3196 2525 ταῦτα.
3244 2471 3427 2539 ’Ὠρισε
3473 2467 3617 2538 γὰρ,
3671 2462 3768 2517 καὶ

2213 2587 2527 2657 γράμμασιν
2573 2583 2729 2636 αὐτὸν
2767 2582 2831 2652 [Ῑ.
2855 2580 3005 2651 αὐτὸ]
3047 2578 3428 2650 ἠσφαλίσαντο,
3462 2575 3601 2627 ὥστε
3634 2571 3771 2641 μηδέ

2215 2692 2516 2764 βουλομένῳ
2548 2691 2680 2761 μετὰ
2717 2688 2885 2742 ταῦτα
2917 2687 3164 2756 γενέσθαι
3207 2683 3393 2755 καιρὸν
3422 2681 3513 2734 τοῦ
3538 2677 3770 2734 ἀνανεῦ-

2215 2816 2322 2853 σαι.
2341 2798 2406 2850 Τί
2437 2793 2527 2849 οὖν
2559 2796 2791 2859 ἀκούσας
2814 2797 2974 2866 φησὶν
3004 2796 3031 2847 ὁ
3064 2793 3285 2864 Δανιήλ;
3326 2792 3439 2843 Οὐκ
3467 2785 3768 2858 ἐταράχθη,

2213 2904 2272 2955 οὐ
2302 2902 2651 2973 προσέθηκεν,
2673 2902 2771 2952 οὐκ
2803 2901 3039 2967 ἀφεῖλεν.
3059 2900 3200 2969 Ὅρα
3226 2898 3315 2950 τὸν
3348 2895 3601 2964 ἐνάρετον
3634 2893 3775 2959 ὁμαο

2213 3008 2319 3070 λῶς
2351 3009 2436 3060 ἀεὶ
2463 3007 2655 3069 ζῶντα,
2681 3005 2864 3073 ὥσπερ
2882 3003 3000 3056 τινὰ
3033 3003 3165 3072 ἄνθη
3193 2999 3608 3070 παρατρέχοντα
3638 2994 3777 3047 πάν⁸

2210 3130 2299 3176 τα,
2336 3112 2519 3181 ῶσπερ
2552 3112 2609 3163 ἐν
2643 3112 2817 3172 σκιαῖς
2844 3109 2935 3161 καὶ
2968 3108 3034 3159 τά
3063 3105 3273 3176 χρηστά
3310 3103 3403 3155 καὶ
3441 3101 3512 3154 τὰ
3549 3098 3778 3169 λυπηρὰ

2212 3218 2493 3289 θεώμενον.
2512 3219 2572 3269 El
2593 3218 2697 3285 γὰρ
2721 3218 2775 3268 ἐν
2800 3216 2937 3285 ἀρχῇ
2959 3213 3128 3275 οὕτως
3151 3209 3566 3279 ἀκατάπληκτος
3588 3205 3776 3275 ἔμενε,

2214 3321 2389 3391 πολλῷ
2426 3321 2619 3391 μᾶλλον
2646 3320 2738 3373 νῦν
2770 3319 2904 3388 μετά
2940 3319 3037 3389 τὴν
3072 3319 3265 3387 πεῖραν
3289 3314 3398 3367 τῶν
3426 3311 3658 3378 ἀγώνων
3688 3326 3782 3362 τοο

2216 3427 2432 3488 σούτους
2476 3425 2874 3495 ἀναδησάμενος
2916 3421 3229 3490 στεφάνους.
3278 3418 3435 3478 Τίνος
3486 3416 3679 3495 ἕνεκεν
3716 3412 3781 3463 οὐ

2216 3533 2477 3604 προσῆλθε
2495 3551 2508 3598 ;
2530 3531 2668 3593 τίνος
2689 3531 2869 3586 ’ἐνεκεν
2888 3529 2987 3581 οὐκ
3005 3527 3304 3597 ἐμέμψατο,
3324 3521 3597 3590 τοσαύτην
3627 3518 3783 3588 παρὰ

2211 3643 2289 3713 τῷ
2319 3641 2524 3712 βασιλεῖ
2544 3639 2848 3711 παρρησίαν
2881 3637 3053 3707 ἔχων;
3090 3636 3201 3687 Οὐκ
3230 3630 3481 3684 ἐϐούλετο
3510 3630 3783 3700 ῥήμασιν,

2210 3748 2345 3802 ἀλλὰ
2375 3747 2661 3816 πράγμασι
2697 3743 2855 3795 τοῦτο
2889 3742 3132 3810 ποιῆσαι.
3156 3738 3365 3798 ’Ἄλλως
3397 3735 3455 3787 δὲ
3494 3727 3786 3798 πανταχοῦ

2212 3856 2372 3907 αὐτὸν
2398 3852 2737 3922 εὑρίσκομεν,
2756 3849 2855 3917 τῆς
2874 3847 3061 3918 χρείας
3086 3843 3375 3911 καλούσης,
3399 3837 3787 3907 ἐπιπηδῶντα,

2214 3960 2309 4012 καὶ
2359 3957 2799 4028 παραγινόμενον.
2833 3952 2939 4006 Kal
2972 3952 3193 4016 Δανιὴλ
3240 3947 3424 4011 ὴνίκα
3471 3944 3633 4011 ἔγνω
3696 3940 3792 3991 ὅτι

2211 4064 2457 4132 ἐνετάγη
2487 4064 2550 4115 τὸ
2584 4062 2785 4129 δόγμα,
2810 4057 3092 4125 εἰσ-ἦλθεν
3113 4057 3197 4120 είς
3225 4053 3330 4106 τόν
3354 4048 3528 4105 οἷκον
3555 4048 3753 4102 αὑτοῦ
3778 4063 3791 4076 ·

2213 4169 2315 4223 καί.
2353 4171 2411 4220 al
2439 4166 2668 4233 θιιρίδες
2696 4161 3051 4231 ἀνεῳγμέναι
3093 4162 3163 4215 ἐν
3190 4161 3311 4224 τοῖς
3343 4155 3647 4224 ὐπερῴοις
3684 4153 3797 4204 αὐ-

2211 4273 2319 4325 τοῦ
2357 4272 2666 4324 κατέναντι
2718 4266 3137 4334 Ἰερουσαλήμ·
3185 4263 3283 4318 καὶ
3327 4260 3580 4329 καιροὺς
3629 4256 3798 4326 τρεῖς

2215 4376 2321 4441 τῆς
2342 4376 2563 4444 ἡμέρας
2585 4372 2662 4443 ἦν
2694 4374 2971 4440 κάμπτων
2990 4372 3087 4423 ἐπὶ
3111 4370 3182 4423 τὰ
3209 4371 3431 4439 γόνατα
3451 4366 3672 4431 αὐτοῦ,
3692 4367 3797 4419 καὶ

2216 4481 2729 4547 προσευχόμενος,
2776 4476 2869 4529 καὶ
2912 4476 3456 4544 ἐξομολογούμενος
3502 4474 3802 4525 ἐναντίον

2216 4587 2321 4640 τοῦ
2368 4587 2512 4640 Θεοῦ
2564 4584 2765 4647 αὐτοῦ,
2815 4583 3006 4648 καθὼς
3058 4579 3135 4651 ἦν
3176 4580 3363 4635 ποιῶν
3413 4582 3799 4651 ἔμπροσθεν.

2216 4693 2371 4753 Τίνος
2401 4693 2580 4743 ἕνεκεν
2607 4690 2711 4742 τῶν
2740 4688 2965 4756 θυρίδων
2988 4689 3135 4757 ἡμᾶς
3155 4687 3482 4756 ἀνέμνησεν..
3509 4687 3599 4743 ὅτι
3622 4687 3803 4755 ἀνεῳ-

2214 4800 2411 4868 γμέναι
2451 4793 2586 4867 ἦσαν
2635 4796 2766 4865 πρὸς
2820 4794 3197 4864 ⁹1ερουσαλήμ;
3232 4793 3473 4863 Σφοδρδν
3512 4796 3619 4863 τῆς
3668 4792 3804 4853 θέας

2214 4900 2357 4973 εἶχον
2382 4902 2561 4954 πόθον.
2584 4900 2843 4969 Καθάπερ
2863 4896 2953 4951 οὖν
2972 4916 3054 4962 τις
3078 4900 3416 4971 ποθουμένην
3448 4899 3596 4969 ἔχων
3625 4898 3804 4952 ἀποῦ-

2216 5029 2335 5073 σαν,
2357 5012 2445 5061 καὶ
2475 5009 2569 5069 τάς
2601 5008 2750 5068 ὁδοὺς
2769 5006 2864 5068 τὰς
2889 5008 3004 5059 ἐκεῖ
3033 5006 3308 5074 φερούσας
3331 5006 3511 5074 φιλεῖ·
3546 5004 3702 5057 οὓτω
3738 5005 3805 5075 δὴ

2214 5118 2308 5172 καὶ
2330 5110 2500 5169 οὗτος.
2527 5113 2857 5181 Ἐπεθύμουν
2878 5113 2931 5165 δὲ
2956 5114 3123 5181 αὐτῆς
3143 5114 3289 5167 ἄλλοι
3313 5114 3422 5165 τῶν
3451 5113 3806 5182 σωματικῶν

2212 5220 2419 5280 ἕνεκεν,
2444 5213 2591 5277 οὗτος
2620 5216 2674 5269 δὲ
2711 5215 2860 5283 οὐχὶ,
2880 5215 3013 5268 ἀλλά
3041 5215 3136 5268 διὰ
3180 5217 3277 5285 τὴν
3314 5216 3474 5278 δόξαν
3504 5214 3605 5267 τοῦ
3636 5214 3804 5269 Θεοῦ.

2226 5323 2380 5375 Ἐπεὶ
2413 5322 2492 5373 ὅτι
2528 5318 2682 5370 τοῦτό
2715 5321 2851 5383 ἐστι,
2889 5318 3044 5387 δῆλον
3085 5319 3325 5371 ἐκεῖθεν·
3359 5320 3422 5371 οὐ
3460 5318 3575 5389 γὰρ
3620 5319 3805 5374 εἵλετο

2212 5422 2471 5486 ἀνελθεῖν,
2508 5420 2597 5472 τοῦ
2625 5420 3052 5490 σπουδαζομένου
3086 5421 3255 5490 πέρας
3290 5420 3586 5489 εἰληφότος
3619 5421 3801 5492 αὐτῷ.

2211 5526 2311 5579 Διὰ
2341 5522 2496 5574 τοῦτο
2525 5521 2616 5573 καὶ
2660 5522 2848 5588 ἡμεῖς,
2875 5520 3054 5582 καθὼς
3095 5524 3143 5572 οἱ
3178 5522 3419 5592 πατέρες
3468 5524 3608 5592 ἡμῖν
3652 5541 3802 5593 παρ-

2217 5632 2440 5693 έδωκαν,
2475 5625 2607 5697 πρὸς
2645 5625 2902 5689 ἀνατολάς
2928 5626 3159 5697 ὁρῶντες
3189 5627 3484 5697 εὐχόμεθα,
3510 5627 3677 5682 πόλιν
3705 5628 3811 5684 καὶ
