4032 6220
254 368 370 418 225

247 463 433 518 datum
467 474 547 518 est
587 465 750 520 Medis
797 483 858 523 ac
904 469 1078 524 Persis
1117 471 1215 540 (a).
1239 499 1256 532 ι
1299 473 1512 539 Idcirco,
1545 476 1633 540 ait,
1667 474 1800 530 Deus

249 569 461 620 regnum
486 565 623 606 tuum
651 572 844 609 mensus
884 569 985 622 est,
1026 571 1070 612 et
1116 562 1324 614 divisum
1361 574 1450 616 est.
1502 565 1566 617 Et
1612 564 1710 617 hoc
1753 565 1804 618 in

248 641 566 709 supplicium
599 642 726 708 fuit,
760 646 898 713 quod
929 648 1149 702 divisum
1177 661 1290 715 est,
1326 667 1420 706 nec
1450 654 1638 706 mansit
1668 655 1804 707 inte-

247 744 423 795 grum.
453 731 599 796 Quod
631 742 682 785 et
712 735 761 786 in
793 734 1074 791 Salomone
1102 742 1334 809 contigit.
1367 741 1479 795 Non
1509 742 1663 796 modo
1687 745 1806 811 quia

249 818 534 874 lialtasaris
563 821 700 876 ﬁlius
735 838 836 877 non
874 829 1081 895 excepit
1109 845 1346 897 regnum,
1377 831 1468 886 sed
1494 841 1546 886 et
1573 833 1692 902 quia
1723 834 1806 888 di-

248 908 421 961 visum
452 921 552 962 est.
583 910 714 964 Vide
747 922 801 966 ut
831 915 967 969 Deus
995 931 1052 970 se
1080 918 1151 970 illi
1181 930 1396 974 excuset
1424 938 1436 973 :
1470 922 1588 976 vide
1624 933 1678 975 ut
1715 939 1806 977 rex

249 997 524 1052 infortunii
564 1001 643 1054 sui
687 1003 756 1055 sit
783 1014 981 1059 auctor.
1023 1005 1087 1058 In
1125 1009 1300 1076 cujus,
1331 1010 1522 1078 inquit,
1554 1028 1704 1064 manu
1738 1023 1807 1066 est

249 1090 405 1155 ﬂatus
425 1099 559 1143 tuus.
586 1091 770 1146 Nonne
799 1095 936 1147 enim
963 1106 1168 1164 poterat
1194 1099 1370 1152 statim
1395 1109 1444 1154 te
1471 1100 1807 1156 interimere?

249 1176 352 1232 Sed
381 1180 582 1247 patiens
612 1181 726 1234 fuit.
755 1182 919 1248 Quem
948 1200 1050 1237 non
1085 1188 1195 1239 [uec
1225 1201 1375 1254 pcena
1415 1190 1805 1256 perterruisset,

247 1281 416 1336 eaque
445 1268 494 1322 in
530 1273 861 1340 propinquo?
889 1272 1045 1327 Vides
1074 1283 1382 1342 potestatem
1409 1278 1471 1330 ad
1500 1279 1808 1348 utrumque?

248 1357 410 1421 unde,
442 1373 640 1426 qumso,
672 1361 822 1414 venia
853 1361 1042 1431 dignus
1067 1364 1164 1416 es?
1191 1374 1244 1418 et
1276 1375 1330 1419 tu
1367 1365 1503 1420 ﬁlius
1539 1367 1672 1435 ejus,
1701 1383 1806 1422 non

247 1445 420 1502 habeo
466 1448 641 1504 dicere
684 1465 844 1519 nepos
885 1453 995 1521 (b),
1033 1469 1206 1508 nonne
1248 1457 1421 1509 omnia
1465 1456 1576 1512 lucc
1617 1459 1809 1512 noras?

246 1535 700 1600 Quemadmodum
730 1540 780 1593 in
810 1539 922 1594 foro
954 1541 1184 1610 judiciali
1231 1545 1488 1597 sententia
1527 1545 1805 1611 scribitur,

249 1626 350 1680 iste
375 1642 437 1680 ea
461 1643 575 1695 qum
604 1630 1005 1696 pronuntiantur
1032 1631 1422 1699 interpretatur.
1451 1632 1599 1688 Unde
1626 1636 1730 1704 regi
1757 1637 1808 1689 in

248 1725 481 1770 mentem
516 1719 661 1771 venit
697 1719 960 1774 Danielem
1001 1721 1295 1779 honorare?
1327 1724 1394 1778 Ut
1426 1725 1550 1778 tttihi
1581 1727 1806 1794 videtur,

248 1825 316 1862 ne
341 1809 407 1863 ab
433 1811 494 1863 iis
520 1812 606 1880 qui
637 1811 852 1865 aderant
876 1814 1332 1880 condemnaretur,
1357 1827 1409 1870 et
1435 1817 1567 1873 forte
1591 1833 1808 1888 sperans

248 1911 308 1951 se
339 1913 432 1966 per
461 1900 573 1954 huic
602 1899 964 1956 liberationem
993 1903 1346 1958 inventurum.

863 2057 1085 2114 CAPUT
1125 2058 1208 2113 Vl.

320 2211 370 2263 4.
420 2227 438 2261 ‹
485 2210 548 2264 Et
594 2225 684 2264 rex
721 2211 992 2265 constituit
1031 2227 1149 2265 eum
1197 2227 1356 2280 super
1395 2229 1551 2270 omne
1592 2230 1808 2284 regnum

249 2313 426 2351 suum.
459 2300 519 2352 Et
547 2299 874 2354 ordinatores
911 2311 963 2354 et
997 2313 1218 2370 satrapa:
1249 2305 1552 2370 quaerebant
1580 2305 1813 2359 invenire

248 2399 432 2441 contra
466 2389 732 2443 Dauielcm
774 2392 1139 2455 occasionem,
1171 2407 1236 2444 ex
1271 2408 1450 2460 regno.
1497 2393 1561 2446 Et
1601 2409 1809 2447 omnem

253 2487 563 2544 pra-textum
591 2495 650 2532 ac
675 2479 926 2532 offensam
957 2495 1056 2533 non
1086 2481 1396 2535 invenerunt
1425 2483 1474 2534 in
1505 2483 1668 2547 illum,
1693 2483 1811 2550 quia

251 2569 422 2623 ﬁdelis
447 2579 560 2622 erat
597 2588 614 2620 ι
651 2588 664 2622 :
695 2569 742 2622 id
769 2577 870 2633 est,
895 2570 1004 2638 regi
1029 2581 1142 2623 erat
1172 2571 1507 2624 benevolus’.
1537 2571 1650 2634 Vel,
1685 2572 1811 2637 Quia

248 2659 415 2722 ﬁdelis
445 2667 548 2710 erat
581 2674 598 2710 :
627 2659 721 2711 hoc
759 2668 868 2722 est,
910 2659 1205 2712 conﬁdebat
1244 2661 1377 2722 Deo;
1418 2670 1471 2713 et
1510 2661 1597 2714 ille
1637 2662 1812 2714 omnia

248 2745 509 2812 gubernat
533 2763 544 2796 ε
573 2745 678 2798 Deo
700 2755 872 2799 autem
893 2748 1238 2815 gubernante,
1264 2748 1400 2816 quod
1424 2749 1670 2802 damnum
1695 2764 1814 2803 eve-

251 2834 367 2887 nire
403 2834 631 2901 poterit?
660 2835 792 2900 Quid
826 2837 980 2905 igitur
1014 2838 1119 2890 ait?
1145 2839 1196 2890 5.
1234 2836 1481 2890 Dixerunt
1510 2841 1813 2892 ordinatores

247 2925 309 2986 ii,
343 2921 460 2976 Non
489 2925 786 2978 inveniemus
809 2937 981 2978 contra
1009 2925 1264 2979 Danieleoi
1293 2928 1615 2991 occasionem,
1643 2928 1736 2980 nisi
1762 2929 1813 2980 in

250 3015 482 3083 legitimis
507 3014 600 3069 Dei
628 3016 722 3067 sui.
753 3015 909 3078 Nibil,
941 3016 1198 3083 inquiunt,
1224 3017 1444 3070 inveniri
1472 3027 1662 3085 potest.
1688 3017 1814 3070 Pro-

250 3116 372 3176 pter
397 3105 558 3177 quid?
585 3105 769 3158 Nonne
808 3107 963 3159 homo
990 3107 1106 3158 est?
1136 3123 1199 3158 au
1233 3106 1283 3158 iu
1315 3108 1555 3160 omnibus
1598 3116 1813 3174 peccato

247 3197 345 3250 fuit
385 3197 668 3248 immunis?
710 3196 962 3249 Futurum
1005 3197 1260 3249 incertum
1300 3205 1380 3249 est
1416 3214 1427 3248 :
1459 3206 1512 3248 et
1548 3196 1614 3249 de
1658 3196 1812 3249 rebus

250 3287 438 3339 futuris
468 3300 569 3353 qua
609 3285 811 3338 ratione
839 3285 1152 3338 afﬁrmatis?
1177 3286 1241 3338 Et
1264 3287 1407 3338 aiunt
1431 3302 1444 3339 :
1471 3286 1810 3352 Experimen-

251 3383 362 3427 ttnn
390 3389 454 3426 ex
489 3373 613 3440 ipsis
655 3374 809 3427 rebus
848 3374 1186 3440 sumpsimus.
1219 3373 1335 3425 Nisi
1361 3373 1412 3425 in
1439 3373 1666 3441 legitimis
1689 3413 1703 3436 ,
1731 3373 1812 3424 ili--

248 3462 458 3528 quinnt,
488 3461 582 3513 Dei
603 3462 698 3523 sui,
734 3477 828 3512 non
853 3462 1149 3513 inveniemus
1175 3461 1498 3513 occasionem.
1522 3461 1676 3526 Atqui
1701 3461 1814 3514 istic

252 3552 421 3604 multo
451 3552 617 3619 magis
646 3560 725 3604 cst
760 3551 1258 3618 irreprebensibilis.
1291 3550 1652 3603 Tentationem
1693 3565 1812 3617 pcr-

251 3641 413 3694 mittit
441 3641 576 3693 Deus
605 3639 671 3692 ad
701 3640 1079 3706 probationem.
1106 3639 1286 3692 Nonne
1313 3640 1450 3691 enim
1482 3648 1682 3706 poterat
1709 3639 1813 3692 illo-

253 3744 370 3781 rum
397 3727 646 3781 cohibere
676 3726 966 3778 malitiam?
994 3725 1188 3778 Verum
1217 3735 1270 3778 ut
1291 3741 1382 3793 per
1407 3725 1457 3778 id
1485 3726 1732 3790 disceres,
1762 3735 1814 3780 et

254 3819 395 3870 hunc
439 3817 740 3882 mirareris,
779 3830 883 3868 non
927 3816 1123 3868 invidet
1162 3815 1369 3868 famulis
1407 3817 1513 3868 suis
1542 3831 1808 3870 coronam.

254 3907 309 3959 6.
345 3924 361 3954 ‹
399 3905 544 3958 Tunc
581 3905 912 3958 ordinatores
949 3914 1001 3958 et
1038 3915 1260 3972 satrapa:
1288 3906 1566 3958 astiterunt
1591 3907 1696 3973 regi
1719 3948 1732 3969 ,
1763 3916 1814 3958 ct

254 3997 501 4048 dixerunt
524 3994 573 4048 ei
601 4011 612 4046 :
645 3995 762 4046 Dari
791 4009 901 4055 rex,
929 3992 979 4045 in
1007 4005 1258 4046 internum
1286 3995 1419 4048 vive.
1449 3995 1502 4048 7.
1530 3996 1814 4048 Consilium

255 4088 489 4141 inierunt
515 4100 696 4139 omnes
725 4085 815 4154 qui
839 4099 997 4152 super
1023 4100 1240 4152 regnum
1275 4094 1415 4137 tuum
1443 4085 1623 4149 duces,
1655 4093 1708 4138 et
1733 4100 1816 4137 sa-

324 4301 338 4330 ι
375 4297 702 4358 Theodoretus
731 4297 800 4343 sic
832 4296 978 4358 habet
1000 4309 1010 4342 :
1034 4295 1261 4358 Pietatem
1283 4295 1406 4358 enim
1427 4293 1676 4344 observans
1700 4309 1816 4358 erga

259 4366 414 4408 Deum
436 4357 583 4406 multa
601 4369 734 4417 reges
759 4353 1070 4404 benevolentia
1094 4354 1498 4417 complectebatur.

322 4422 393 4479 (η)
426 4426 522 4465 Non
543 4415 689 4479 dicit}
717 4418 906 4464 Dabitur
930 4417 1074 4462 Medis
1097 4429 1151 4479 ac
1176 4415 1355 4472 Persis;
1393 4428 1512 4479 nec,
1542 4423 1706 4479 Datum
1739 4425 1815 4465 est

255 4475 566 4537 B‘abonnido;
591 4478 703 4536 sed,
731 4483 901 4525 Datum
922 4483 989 4523 est
1014 4475 1161 4524 Medis
1195 4488 1252 4522 ac
1276 4475 1449 4532 Persis,
1470 4485 1520 4523 ut
1542 4478 1603 4524 de
1640 4491 1696 4537 re
1723 4479 1819 4537 jam

256 4540 436 4596 futura;
464 4536 626 4586 errant
642 4540 786 4599 igitur
811 4538 896 4584 viri
918 4537 1042 4583 docti
1067 4538 1146 4599 qui
1169 4537 1256 4583 hoc
1281 4538 1549 4599 vaticinium
1575 4536 1819 4597 impletum

255 4602 398 4647 annis
421 4595 527 4657 post
551 4595 894 4658 septémdecim
917 4595 1224 4658 contendunt.
1265 4597 1434 4643 Eadem
1457 4595 1649 4656 quippe‘
1681 4605 1820 4644 nocte

469 4666 547 4706 est
571 4654 770 4706 Baltasar
790 4692 803 4714 ,
831 4665 881 4705 et
903 4654 1103 4718 Babylon
1131 4664 1431 4718 expugnata.
1457 4654 1549 4704 Nec
1571 4654 1725 4704 obstat
1741 4657 1819 4718 lo-

255 4732 345 4768 cus
369 4719 392 4765 1
421 4725 536 4778 Beg.
565 4719 638 4772 15,
658 4718 735 4776 ‘28,
755 4729 898 4778 quem
916 4716 1078 4778 objictt
1093 4717 1384 4778 clarissimus
1409 4718 1625 4778 Petavius
1645 4731 1655 4763 :
1675 4716 1819 4778 Scidit

258 4775 709 4838 Dominus'regnum
737 4775 880 4838 Israel
898 4792 927 4825 a
943 4775 988 4825 te
1007 4775 1162 4832 hodie,
1183 4785 1224 4824 et
1245 4775 1445 4838 tradidit
1464 4776 1584 4824 illud
1601 4777 1820 4838 proximo

257 4847 357 4895 tuo,
369 4836 556 4886 meliori
571 4835 630 4897 te.
648 4835 994 4897 Intelligendus
1015 4838 1142 4884 enim
1163 4844 1236 4883 est
1253 4837 1314 4884 de
1331 4835 1814 4896 inunctione‘mvidis,

257 4913 369 4959 qua:
397 4912 490 4945 non
513 4896 662 4944 multo
686 4896 888 4959 postgest
913 4899 1048 4945 facta.
1074 4904 1188 4944 Sunt
1211 4905 1268 4959 et,
1282 4897 1371 4944 alia
1396 4911 1489 4944 non
1507 4911 1658 4957 pauca
1683 4911 1818 4957 argu-

258 4955 422 5007 menta
442 4996 454 5019 ,
480 4959 654 5018 quibus
691 4955 844 5019 fabula
886 4960 1005 5019 Darii
1037 4958 1289 5005 tiabouuidi
1323 4955 1595 5019 iugulatur;
1621 4955 1818 5019 quorum

262 5017 610 5073 nonnulla’nos,
635 5019 672 5063 si
697 5017 880 5064 occasio
902 5017 1053 5071 feret,
1080 5030 1171 5064 non
1195 5017 1483 5065 omittemus.

322 5080 395 5139 (b)
430 5086 526 5126 Una
549 5079 755 5139 omnium
781 5076 1121 5139 verisimillima
1146 5080 1386 5125 sententia
1416 5087 1504 5134 est,
1534 5078 1818 5128 Baltasarem

257 5137 408 5187 fuisse
433 5139 578 5186 tilium
600 5137 962 5184 Evilmcrodacbi
979 5171 991 5191 ,
1018 5145 1241 5196 nepotem
1263 5151 1378 5184 vero
1401 5140 1818 5188 Nabuchodonoso-

256 5203 343 5255 ris,
369 5201 481 5260 quia
502 5206 682 5260 Jerem.
704 5197 779 5252 ‘27,
805 5197 852 5260 7,
877 5201 1324 5260 gentesserviturze
1346 5198 1564 5246 dicuntur
1588 5202 1820 5249 Nabucho-

255 5257 513 5314 donosori,
555 5265 605 5306 et
641 5257 732 5305 ﬁlio
773 5258 908 5318 ejus,
949 5265 998 5303 et
1033 5257 1127 5304 ﬁlio
1166 5257 1246 5305 ﬁlii
1280 5259 1398 5318 ejus.
1433 5262 1628 5306 Omnino
1661 5268 1818 5309 tamen

255 5321 510 5379 rejiciendi
536 5332 629 5366 non
662 5324 770 5380 sunt
795 5317 822 5362 ii
849 5319 1140 5376 interpretes
1151 5355 1168 5380 _,
1195 5317 1390 5366 veteres
1413 5333 1465 5366 ac
1489 5321 1785 5380 recentiores
1803 5356 1816 5380 ,

255 5376 436 5442 quibus
457 5378 957 5442 Nabuchodonosorus
975 5384 1047 5423 est
1088 5376 1183 5442 γει⁸
1205 5392 1406 5437 proavus
1443 5379 1684 5442 Baltasaris
1702 5416 1714 5436 ,
1743 5376 1818 5428 vel

295 5449 399 5500 ater
421 5437 787 5487 Evilmet‘odachi
805 5450 865 5500 ac
887 5435 1128 5500 Baltasaris
1162 5435 1388 5500 fratrum;
1427 5439 1504 5487 vel
1539 5448 1671 5500 pater
1695 5435 1817 5488 unici

295 5456 302 5464 ·
324 5453 399 5488 ter
421 5453 787 5487 nvumerooacm
812 5453 865 5484 ac
887 5453 1128 5483 nauasarts
1162 5453 1388 5497 trait-um;
1427 5453 1504 5487 vet
1539 5453 1671 5500 pater
1695 5454 1817 5488 umet

258 5453 342 5548 iiiii
368 5500 638 5557 binominis,
664 5505 715 5547 et
736 5497 814 5558 qui
840 5498 975 5544 modo
997 5495 1403 5546 Evilmerodachus
1421 5534 1434 5558 ,
1460 5502 1597 5548 modo
1619 5501 1819 5548 Baltasar

257 5563 320 5607 sit
345 5567 660 5620 nuncupatus.
697 5557 852 5615 Quare
890 5557 1196 5620 temerarium
1237 5557 1637 5608 heterodoxorum
1673 5574 1818 5610 sacrte

257 5617 521 5686 scripturi
549 5617 1141 5686 interiretumrconsilium
1177 5620 1362 5686 probari
1397 5632 1489 5668 non
1523 5629 1711 5683 potest,
1737 5626 1818 5686 qui

259 5676 530 5742 boc'captte
554 5681 602 5729 in
626 5676 780 5730 locum
804 5676 970 5740 patris,
995 5690 1132 5726 arum
1155 5676 1462 5730 substituunt.

1610 360 1674 416 IN
1713 359 2072 420 DANIELEM.

3339 402 3450 455 226

1906 484 2084 545 trapaz,
2108 479 2406 548 optimates,
2433 492 2483 536 et
2508 483 2792 553 toparchzc,
2820 493 3049 540 statuere
3065 494 3266 542 statuto
3297 485 3464 554 regio,

1904 578 1956 620 et
1981 572 2290 624 confirmare
2317 574 2743 628 constitutionem
2774 591 2787 626 :
2817 584 2872 629 ut
2896 577 3210 645 quicumque
3248 576 3458 644 petierit

1905 656 1971 709 ab
1999 659 2102 710 ullo
2125 659 2225 713 deo
2254 661 2332 714 vel
2373 661 2584 717 homine
2614 665 2919 732 petitionem
2948 680 3110 734 usque
3137 666 3202 718 ad
3228 665 3341 720 dies
3367 666 3460 718 tri-

1905 749 2044 814 ginta
2069 752 2104 810 ¹,
2135 750 2234 803 nisi
2258 765 2286 804 a
2314 760 2394 834 te,
2423 767 2520 807 rex
2539 793 2553 817 ,
2583 755 2819 807 mittatur
2856 755 2906 808 in
2947 754 3116 810 lacum
3148 755 3378 810 leonum.
3401 755 3455 809 8.

1905 836 2052 891 Nunc
2081 840 2252 907 igitur,
2284 857 2372 894 rex
2397 881 2411 907 ,
2441 850 2610 896 statue
2648 844 3072 898 constitutionem
3093 885 3107 908 ,
3140 855 3193 898 et
3225 859 3459 913 propone

1907 928 2235 996 scripturam,
2267 941 2452 984 utnon
2484 933 2785 986 immutctur
2812 933 3081 988 decretum
3109 934 3374 987 Medorum
3405 944 3460 988 et

1910 1016 2184 1072 Persarum
2216 1018 2308 1088 (a),
2335 1030 2390 1073 ut
2413 1035 2480 1075 ne
2503 1020 2625 1089 quid
2654 1022 3020 1088 prtescribatur
3040 1023 3290 1077 adversus
3311 1023 3457 1076 illud.

1911 1107 1964 1161 9.
1994 1107 2139 1162 Tunc
2169 1124 2259 1163 rex
2288 1110 2472 1164 Darius
2501 1112 2744 1179 prmeepit
2773 1113 2930 1166 scribi
2958 1113 3245 1167 decretum.
3276 1130 3296 1166 ι
3327 1114 3459 1168 Vide

1908 1198 2031 1266 quid
2059 1209 2239 1267 agant,
2267 1208 2426 1267 utque
2454 1201 2805 1255 inconsultum
2834 1203 3058 1256 edictum
3087 1212 3314 1257 statuere
3342 1212 3456 1257 stu-

1908 1288 2085 1344 deant.
2112 1289 2178 1342 Et
2197 1290 2379 1358 cupide
2407 1291 2508 1343 hoc
2539 1300 2736 1360 petunt.
2763 1292 2892 1346 Nam
2918 1293 3091 1347 dicere
3114 1310 3127 1345 :
3155 1294 3461 1362 Quicumque

1910 1379 2100 1446 petierit
2127 1378 2186 1430 ab
2218 1379 2444 1444 homine,
2473 1380 2719 1434 habuitne
2744 1381 2991 1434 causam?
3025 1381 3124 1436 Sed
3153 1383 3462 1436 videbantur

1909 1467 2161 1522 rationem
2210 1468 2472 1536 petitionis
2511 1485 2605 1537 per
2646 1470 2952 1524 brevitatem
2992 1473 3238 1540 temporis
3274 1472 3462 1525 callide

1908 1557 2187 1611 occultare.
2217 1558 2395 1624 Qualis
2413 1567 2493 1612 est
2520 1561 2618 1614 iste
2644 1569 2922 1627 przetextus
2943 1561 2965 1612 ?
2990 1577 3152 1629 quare
3176 1561 3224 1614 id
3245 1561 3420 1615 dixisti
3437 1565 3461 1614 ’ἰ

1909 1646 2087 1701 Visum
2110 1657 2208 1713 est,
2233 1649 2431 1718 inquit;
2451 1664 2632 1704 omnes
2651 1652 3017 1705 convenientes
3041 1652 3091 1705 id
3119 1653 3459 1716 ﬁrmavimus,

1910 1746 1967 1790 ut
2007 1738 2140 1790 intra
2184 1737 2389 1806 triginta
2418 1739 2532 1792 dies
2563 1753 2594 1792 a
2625 1750 2675 1792 te
2707 1739 2819 1792 solo
2850 1749 3040 1807 petant.
3063 1739 3106 1794 Ο
3136 1740 3460 1794 barbaricam

1911 1826 2211 1894 petitionem
2237 1827 2250 1878 !
2281 1841 2312 1880 ο
2341 1828 2515 1880 multa:
2545 1826 2995 1881 inconsiderantite
3026 1829 3233 1896 plenum
3265 1828 3462 1882 beneﬁ-

1910 1917 2068 1976 cium,
2091 1932 2210 1969 eum
2232 1918 2318 1985 qui
2341 1918 2583 1972 honorari
2607 1917 2809 1970 videtur
2827 1918 3060 1973 afﬁciens
3085 1918 3305 1986 probro!
3330 1918 3460 1972 Nam

1909 2007 1953 2060 si
1981 2021 2064 2060 res
2089 2007 2304 2060 honesta
2324 2016 2454 2072 erat,
2477 2008 2747 2076 oportebat
2771 2018 3069 2076 perpetuam
3092 2022 3206 2061 esse
3233 2025 3245 2059 :
3271 2008 3314 2060 si
3336 2022 3460 2061 vero

1911 2099 2164 2166 improba,
2191 2113 2255 2152 ne
2275 2099 2481 2167 quidem
2500 2099 2562 2151 ad
2586 2099 2792 2167 triginta
2813 2098 2924 2152 dies
2945 2098 3150 2150 durare.
3175 2097 3396 2165 Rursus,
3415 2099 3460 2150 si

1910 2187 2044 2240 bona
2065 2228 2078 2251 ,
2109 2202 2204 2240 cur
2243 2186 2627 2240 multitudinem
2667 2186 2983 2240 obtenditis?
3011 2186 3214 2239 Etenim
3255 2186 3366 2238 sine
3397 2199 3461 2239 ea

1911 2289 2142 2329 auuuere
2178 2276 2406 2344 Oportuit
2435 2292 2447 2327 :
2477 2276 2519 2328 si
2549 2290 2674 2328 vero
2709 2276 2842 2327 mala
2864 2314 2878 2336 ,
2920 2289 3016 2327 nec
3054 2275 3294 2327 universo
3331 2273 3461 2326 orbe

1907 2364 2120 2430 jubcnte
2160 2364 2625 2432 obtemperandum
2667 2375 2795 2417 erat.
2845 2363 3029 2416 Dolum
3075 2378 3177 2414 non
3225 2361 3462 2428 praevidit

1913 2469 2000 2506 rex
2033 2469 2044 2504 :
2073 2463 2125 2507 et
2154 2453 2250 2507 hoc
2275 2469 2336 2506 ex
2366 2455 2428 2506 iis
2446 2469 2559 2522 qua:
2579 2461 2754 2521 postea
2777 2453 3104 2519 contigerunt
3129 2450 3457 2502 manifestum

1911 2551 2009 2593 est.
2041 2540 2319 2594 Constituit
2347 2541 2506 2604 enim,
2533 2550 2584 2593 et
2613 2539 3033 2592 constitutionem
3058 2538 3274 2604 publicis
3296 2537 3457 2589 literis

1913 2631 2202 2694 ﬁrmarunt,
2237 2640 2290 2682 ut
2319 2645 2485 2698 neque
2513 2630 2704 2682 volenti
2736 2630 2840 2696 regi
2868 2637 3071 2694 tempus
3100 2626 3348 2680 renuendi
3375 2640 3460 2678 es-

1913 2728 1994 2771 set
2015 2719 2278 2787 deinceps.
2302 2719 2433 2784 Quid
2461 2719 2632 2786 itaque
2651 2717 2721 2770 ait
2745 2717 2939 2780 Daniel,
2968 2731 3084 2769 cum
3110 2717 3201 2767 ista
3230 2715 3460 2784 accepit?

1911 2806 2166 2859 Turbatus
2193 2823 2296 2858 non
2323 2817 2433 2870 est;
2461 2807 2689 2872 pristina
2713 2805 3072 2858 consuetudini
3095 2804 3219 2856 nihil
3248 2802 3459 2870 adjecit,

1912 2895 2039 2947 nihil
2085 2894 2296 2947 ademit.
2343 2894 2529 2961 Aspice
2582 2896 2772 2946 virtute
2820 2894 3090 2961 przeditum
3139 2892 3463 2958 aequabiliter

1912 2997 2118 3050 semper
2147 2983 2428 3046 viventem,
2452 2983 2625 3034 omnia
2649 2984 2785 3035 velut
2808 2990 3178 3049 praetereuntes
3204 2981 3381 3043 flores,
3404 2993 3466 3032 ac

1912 3075 2053 3126 velut
2083 3075 2131 3126 in
2162 3072 2356 3125 umbris
2388 3082 2492 3124 tum
2521 3072 2791 3124 commoda
2822 3082 2926 3123 tum
2961 3071 3121 3123 tristia
3155 3071 3460 3121 intuentem.

1910 3162 2036 3215 Nam
2066 3162 2107 3214 si
2135 3162 2200 3212 ab
2226 3161 2369 3213 initio
2402 3159 2531 3212 adeo
2572 3159 2952 3226 imperterritus
2991 3158 3265 3221 manebat,
3300 3157 3463 3208 multo

1913 3254 2075 3320 magis
2104 3266 2240 3303 nunc
2263 3292 2275 3314 ,
2309 3260 2425 3319 post
2454 3250 2796 3303 certaminum
2839 3249 3125 3318 periculum
3156 3258 3230 3300 tot
3255 3247 3464 3300 coronis

1913 3340 2198 3393 redimitus.
2224 3337 2329 3392 Cur
2353 3355 2455 3391 non
2476 3340 2692 3392 accessit
2715 3339 2734 3386 τ
2755 3354 2847 3390 cur
2869 3349 3080 3406 questus
3101 3346 3323 3401 nonest,
3345 3352 3463 3390 cum

1913 3439 2106 3485 tantam
2151 3428 2395 3497 loquendi
2441 3427 2735 3481 libertatem
2776 3427 2910 3496 apud
2948 3443 3122 3496 regem
3165 3427 3466 3480 obtineret?

1913 3517 2129 3572 Nolebat
2164 3519 2213 3571 id
2252 3532 2406 3586 agere
2443 3517 2615 3571 verbis
2639 3557 2652 3579 ,
2683 3518 2776 3570 sed
2815 3517 2967 3570 rebus
3022 3517 3259 3584 Alioquin
3290 3525 3463 3569 autem

1912 3609 2101 3677 ubique
2129 3623 2246 3662 eum
2277 3607 2587 3672 invenimus,
2616 3622 2732 3660 cum
2760 3621 2883 3660 usus
2914 3617 3079 3668 vocat,
3116 3605 3355 3673 prosilire
3382 3616 3464 3658 at-

1912 3714 2013 3766 que
2041 3697 2307 3752 accedere.
2342 3697 2426 3751 10.
2462 3715 2480 3747 ‹
2516 3696 2580 3749 Et
2609 3696 2789 3748 Daniel
2815 3695 3022 3765 quando
3060 3696 3304 3764 cognovit
3337 3696 3469 3747 scri-

1913 3797 2056 3857 ptum
2087 3803 2203 3842 esse
2230 3787 2500 3842 decretum
2520 3829 2535 3852 ,
2565 3789 2828 3854 ingressus
2852 3795 2931 3840 est
2965 3787 3012 3839 in
3041 3787 3253 3839 domum
3283 3800 3427 3839 suam
3450 3826 3464 3850 ,

1913 3888 1966 3931 et
1993 3879 2234 3931 fenestra:
2261 3886 2457 3944 aperta:
2486 3878 2537 3930 in
2563 3877 2828 3929 caenaculo
2856 3877 2967 3943 ejus
2996 3885 3174 3929 contra
3201 3875 3466 3944 Jerosoly-

1914 3982 2052 4020 mam
2083 3986 2095 4018 :
2124 3977 2176 4020 et
2217 3968 2381 4020 tribus
2416 3967 2738 4034 temporibus
2773 3967 2876 4019 diei
2912 3967 3149 4020 ﬂectebat
3180 3981 3346 4034 genua
3367 4006 3380 4028 ,
3412 3973 3468 4019 et

1915 4058 2095 4110 orabat
2121 4056 2217 4126 (b),
2244 4067 2295 4109 ct
2323 4058 2666 4111 conﬁtebatur
2693 4071 2868 4110 coram
2911 4057 3020 4111 Deo
3058 4073 3152 4110 suo
3171 4098 3185 4121 ,
3226 4067 3283 4110 ut
3314 4068 3464 4110 antea

1914 4145 2094 4198 solitus
2113 4154 2222 4198 erat
2244 4145 2433 4199 facere.
2464 4163 2481 4195 ι
2503 4145 2675 4209 Quare
2697 4159 2790 4197 nos
2809 4145 3075 4198 admonuit
3097 4145 3462 4210 fenestrarum,

1915 4235 2052 4301 quod
2077 4243 2270 4302 aperta:
2305 4243 2482 4287 essent
2513 4251 2691 4288 versus
2711 4234 3128 4304 Jcrosolyntam?
3151 4235 3276 4298 Quia
3299 4228 3467 4288 Judaei

1915 4324 2208 4377 vehementi
2260 4324 2402 4376 urbis
2454 4324 2590 4376 illius
2636 4324 2864 4375 visenda:
2911 4325 3218 4377 tenebantur
3259 4323 3468 4376 deside-

1921 4415 2019 4467 rio.
2051 4413 2195 4468 Sicut
2236 4414 2389 4482 igitur
2414 4416 2500 4481 qui
2531 4423 2752 4466 amatam
2783 4415 2938 4465 habet
2962 4414 3229 4466 absentem
3251 4453 3264 4474 ,
3303 4412 3460 4465 etiam

1919 4506 2102 4557 itinera
2127 4519 2191 4557 eo
2217 4504 2455 4556 ducentia
2494 4505 2662 4572 diligit
2690 4521 2701 4554 :
2732 4504 2797 4554 ita
2830 4517 2957 4555 sane
2986 4512 3038 4554 et
3064 4503 3179 4554 iste.
3209 4504 3307 4554 Alii
3341 4518 3466 4557 vero

1918 4593 2286 4646 desiderabant
2333 4592 2512 4644 urbem
2557 4600 2768 4657 propter
2821 4605 2906 4643 res
2950 4591 3249 4657 corporales
3303 4609 3316 4643 :
3361 4607 3463 4644 non

1919 4690 2091 4733 autem
2120 4681 2238 4743 hic,
2284 4688 2337 4731 at
2379 4688 2592 4748 propter
2631 4679 2848 4747 gloriam
2898 4680 3008 4731 Dei.
3039 4679 3460 4747 Quandoquidem

1920 4770 1968 4822 id
1997 4771 2064 4824 ita
2095 4785 2150 4823 se
2180 4771 2373 4823 habere
2397 4769 2516 4822 inde
2545 4767 2875 4822 manifestum
2904 4779 2982 4822 est
3007 4808 3021 4832 ,
3062 4768 3199 4836 quod
3247 4768 3472 4821 noluerit

1981 4963 1996 4992 ¹
2033 4961 2088 5010 In
2123 4968 2247 5009 Orat.
2281 4962 2432 5021 prima
2454 4960 2516 5007 de
2541 4961 2816 5008 Precatione
2853 4971 3079 5006 numerus
3118 4960 3355 5007 ternarius
3388 4974 3474 5020 pro

1920 5024 2099 5069 triceno
2133 5023 2367 5078 habetur,
2409 5029 2565 5069 errato
2604 5022 2824 5067 nimirum
2855 5021 3152 5080 scriptionis,
3191 5033 3280 5067 seu
3319 5025 3475 5081 potius

1918 5095 2176 5130 memoriae.

1983 5145 2052 5204 (a)
2089 5141 2260 5192 Confer
2298 5154 2404 5189 cum
2441 5141 2648 5204 Estherae
2685 5141 2742 5193 l,
2787 5140 2868 5196 l9,
2912 5147 2963 5186 et
3004 5139 3473 5204 intelligesnnarium

1919 5202 2102 5252 Medum
2127 5205 2386 5264 imperasse
2427 5203 2568 5248 Medis
2598 5214 2653 5248 ac
2685 5205 2871 5264 Persis.
2911 5213 3004 5246 non
3044 5208 3204 5264 autem
3243 5202 3474 5251 Chaldaeis

1918 5265 2056 5318 solis;
2077 5259 2370 5324 proindeque
2387 5275 2478 5308 non
2501 5274 2609 5309 esse
2627 5260 2963 5307 Nabonnidum.
2988 5259 3101 5316 Quid
3127 5264 3271 5319 enim,
3290 5277 3470 5353 quaeso,

1921 5326 1975 5353 ml
2003 5323 2299 5353 Dnhv‘nninnl
2324 5334 2493 5353 ranoln
2539 5321 2776 5353 Morini-nn]
2802 5334 2853 5353 em
2879 5328 3123 5353 Hal-canini
3151 5321 3288 5353 lanna

1920 5326 1975 5372 ad
2003 5321 2303 5383 Babylonium
2324 5334 2510 5379 regem,
2539 5321 2777 5383 medorum
2800 5334 2854 5383 :_i_e
2879 5328 3124 5383 Persarum
3148 5321 3315 5383 leges?

1982 5384 2051 5442 (ιι)
2085 5379 2198 5430 ὴὶιιο
2221 5383 2349 5429 horae
2373 5383 2610 5442 canonica:
2633 5380 2754 5440 apud
2793 5379 3112 5442 Christianos,
3141 5379 3236 5440 jam
3269 5383 3379 5430 inde
3411 5385 3471 5431 ab

1919 5440 2200 5503 ApOStolicis
2224 5441 2528 5503 temporibus.
2551 5440 2694 5501 Cujus
2710 5440 2971 5503 traditionis
2988 5442 3195 5503 rationes
3212 5443 3472 5500 produntur

1919 5518 1943 5550 a
1964 5498 2220 5553 Clemente
2254 5498 2576 5549 Alexandrino
2607 5498 2866 5548 Stromaton
2905 5498 2984 5546 lib.
3012 5502 3056 5557 7,
3087 5509 3136 5548 et
3158 5513 3184 5547 a
3208 5498 3278 5549 SS.
3306 5503 3472 5553 Basilio

1919 5577 1973 5612 ac
1995 5566 2300 5623 Hieronymo.
2325 5559 2639 5609 Tertulliauus
2659 5561 2721 5608 de
2739 5562 2936 5620 Jejuuiis
2952 5560 3164 5623 decimo:
3185 5563 3312 5623 Quod
3331 5564 3472 5613 etiam

1918 5623 2090 5685 suadet
2114 5620 2518 5685 Da'niefisquoque
2541 5628 2864 5685 argumentum
2887 5627 2956 5668 ter
2981 5620 3059 5668 die
3079 5621 3255 5685 orantis
3277 5635 3291 5680 ;
3315 5624 3473 5685 utique

1919 5697 2002 5747 per
2027 5683 2292 5748 aliquarum
2314 5679 2539 5733 librarian
2567 5679 2923 5744 ciceptionem;
2956 5693 3045 5730 non
3077 5679 3284 5733 altarum
3315 5679 3470 5737 autem
