4032 6220
542 366 653 420 227

538 472 714 528 redire
735 510 750 534 ,
776 483 895 523 cum
919 465 1096 523 evenit
1128 463 1266 534 quod
1305 463 1584 531 expetebat
1618 460 1715 530 (a).
1746 459 1966 527 Propter
2003 455 2104 511 hoc

538 573 743 628 etnos,
780 563 916 615 sicut
940 568 1115 628 patres
1145 556 1295 609 nobis
1322 553 1645 608 tradiderunt
1687 550 1790 621 (ὁ),
1833 549 1897 603 ad
1930 551 2103 602 orien-

540 664 644 708 tem
675 651 990 721 aspicientes
1032 661 1310 716 precamur
1340 663 1352 697 :
1384 645 1648 698 civitatem
1678 656 1886 710 quoque
1915 654 2010 693 nos
2040 653 2102 693 ac

537 745 761 814 patriam
805 742 1074 810 antiquam
1116 737 1432 807 requirimus
1476 735 1710 790 :etenim
1745 747 1927 786 revera
1956 746 2102 799 qum-

537 840 643 893 situ
680 837 836 908 digna
867 851 956 892 res
985 845 1083 889 est.
1112 834 1230 901 Quo
1258 842 1408 902 pacto
1427 870 1442 894 ,
1475 845 1594 884 cum
1623 829 1760 881 Deus
1787 827 1979 894 ubique
2006 823 2095 887 sit,

536 930 1042 998 cumquepmplieta
1086 926 1226 980 dicat
1256 943 1268 976 :
1301 923 1365 976 Et
1409 923 1492 991 qui
1530 919 1753 974 ascendit
1789 935 1936 986 super
1956 932 2104 969 occa-

536 1037 642 1074 sum
667 1061 681 1084 ,
710 1019 956 1071 Dominus
981 1033 1159 1070 nomen
1183 1015 1259 1068 illi
1283 1012 1450 1084 (Psal.
1481 1011 1568 1066 67.
1596 1010 1649 1078 5)
1672 1050 1687 1073 ,
1717 1017 1890 1062 tamen
1917 1005 1982 1060 ad
2017 1021 2105 1058 or-

535 1119 645 1164 tum
683 1108 973 1164 vertimnr?
1000 1106 1199 1174 Nempe
1229 1105 1297 1158 ibi
1325 1103 1466 1157 velut
1512 1100 1699 1153 medici
1730 1096 1943 1150 officina
1988 1102 2102 1149 erat

535 1201 678 1253 olim.
704 1201 769 1253 At
793 1199 931 1252 illius
957 1213 1058 1250 non
1085 1195 1267 1263 cepisti
1295 1186 1749 1260 experimentum?
1768 1185 1872 1240 Sed
1899 1197 2100 1254 quaere.

536 1287 589 1343 In
618 1289 922 1356 captivitate
958 1297 1008 1340 et
1044 1299 1141 1339 nos
1178 1281 1779 1336 liahitabamuszverum
1823 1285 2103 1343 antequam

536 1380 766 1434 venisset
795 1377 1054 1432 Christus.
1080 1375 1189 1429 Cur
1213 1382 1390 1425 autem
1414 1370 1581 1425 tribus
1605 1375 1802 1421 tantum
1832 1364 1938 1419 diei
1967 1375 2101 1420 tem-

537 1469 753 1540 poribus
780 1467 1024 1521 liectebat
1059 1462 1265 1533 genua?
1291 1459 1426 1526 Quid
1455 1458 1637 1511 enim?
1665 1471 1840 1510 nonne
1867 1457 1967 1509 hoc
1993 1456 2097 1509 mi-

537 1557 742 1611 rabile?
763 1556 931 1609 Homo
950 1563 1025 1606 tot
1055 1552 1318 1620 tantisque
1341 1547 1694 1603 circumdatus
1719 1547 1878 1609 curis,
1905 1545 2103 1615 quique

535 1663 603 1703 ne
657 1648 871 1717 paulum
916 1645 1128 1714 quidem
1168 1642 1427 1710 respirare
1477 1639 1719 1693 habebat.
1753 1637 1884 1691 Vide
1925 1648 2103 1690 autem

534 1747 588 1792 et
634 1737 837 1806 impleri
886 1735 1013 1789 illud
1069 1733 1292 1802 apostoli
1334 1729 1443 1785 :In
1472 1732 1607 1783 omni
1641 1728 1769 1793 loco,
1815 1727 1998 1795 inquit,
2032 1727 2103 1779 le-

534 1837 702 1880 vantes
731 1843 885 1895 puras
925 1840 1103 1877 manus
1132 1822 1219 1894 (1.
1269 1820 1400 1873 Tim.
1440 1819 1494 1872 2.
1543 1817 1619 1888 8).
1653 1817 1721 1871 Ει
1760 1817 1898 1885 quod
1947 1814 2100 1870 Chri-

532 1927 646 1972 stus
681 1917 874 1987 jussit,
909 1916 1009 1968 lioc
1054 1912 1404 1982 complebant.
1456 1910 1524 1962 Et
1576 1908 1850 1968 claudens,
1894 1906 2096 1974 inquit,

529 2009 712 2063 ostium
755 2016 932 2071 tuum,
959 2021 1050 2058 ora
1095 2002 1302 2056 Patrem
1351 2011 1491 2053 tuum
1529 1997 1737 2067 (Matth.
1769 1997 1821 2050 6.
1853 1994 1948 2066 6).
2012 1995 2097 2050 15.

541 2116 559 2147 ο
595 2098 745 2151 Tunc
794 2095 1216 2163 responderunt,
1260 2099 1312 2146 et
1353 2091 1533 2143 dicunt
1573 2102 1752 2143 coram
1806 2101 1968 2156 rege:
2000 2086 2101 2139 Da-

532 2186 655 2247 niel,
687 2185 774 2254 qui
813 2184 878 2237 de
908 2183 1029 2236 [iliis
1055 2181 1373 2249 captivitatis
1398 2178 1615 2242 Judaete,
1647 2191 1750 2230 non
1777 2176 2007 2230 subdidit
2040 2191 2099 2230 se

532 2278 749 2332 decreto
779 2287 867 2329 tuo
896 2284 948 2329 et
976 2271 1334 2328 constitutioni
1363 2285 1520 2338 quam
1547 2267 1776 2322 statuisti
1808 2285 1821 2320 :
1851 2276 1905 2320 et
1934 2265 2098 2320 tribus

530 2369 635 2423 diei
667 2365 992 2436 temporibus
1023 2364 1203 2432 petita
1233 2363 1341 2416 Deo
1370 2375 1466 2414 suo
1505 2358 1804 2428 petitiones.
1831 2358 1917 2412 14.
1949 2357 2097 2411 Tunc

533 2476 629 2516 rex
653 2503 666 2525 ,
698 2469 756 2514 ut
793 2458 1008 2513 verbum
1036 2454 1252 2517 audivit,
1284 2453 1507 2508 multum
1532 2449 1869 2505 contristatus
1896 2457 1977 2502 est
2005 2462 2096 2502 su-

530 2565 622 2620 per
648 2564 750 2603 eo:
782 2558 835 2602 et
862 2563 955 2616 pro
991 2543 1206 2598 Daniele
1243 2541 1546 2606 contendit,
1569 2538 1891 2594 utliberaret
1917 2552 2038 2591 eum
2074 2556 2087 2592 :

528 2650 582 2694 et
609 2652 776 2708 usque
805 2637 871 2691 ad
897 2650 1142 2691 occasum
1165 2633 1290 2688 solis
1316 2631 1604 2694 dimicavit,
1633 2637 1915 2683 nteruerct
1941 2644 2085 2696 eum,

526 2738 580 2782 et
606 2727 876 2797 satagebat
910 2742 1003 2795 pro
1029 2726 1136 2779 illo.
1168 2725 1251 2778 15.
1283 2723 1430 2776 Tunc
1451 2721 1546 2774 viri
1579 2719 1655 2773 illi
1679 2720 2092 2773 observaverunt

528 2817 578 2871 in
598 2833 795 2886 regem,
814 2825 867 2870 et
891 2815 1070 2868 dicunt
1089 2813 1198 2882 regi
1220 2831 1230 2866 :
1254 2812 1416 2877 Scito,
1436 2826 1548 2873 rex,
1574 2809 1693 2879 quia
1717 2809 1980 2863 decretum
2012 2818 2094 2865 est

530 2906 694 2960 Medis
719 2915 771 2959 et
801 2903 998 2968 Persis,
1030 2917 1240 2956 onmem
1268 2901 1696 2954 constitutionem
1731 2909 1782 2953 et
1809 2908 2088 2966 statutum,

525 2995 664 3066 quod
687 3010 781 3048 rex
810 2992 1070 3055 statuerit,
1123 2990 1377 3057 abrogare
1402 3003 1505 3041 non
1526 2998 1784 3055 oportere.
1817 2987 1902 3041 16.
1942 2987 2091 3042 Tunc

524 3103 618 3143 rex
644 3086 800 3155 jussu
831 3101 844 3136 :
869 3093 919 3137 et
946 3082 1274 3136 abduxerunt
1299 3078 1587 3140 Danielem,
1616 3086 1669 3131 et
1694 3077 2088 3131 miseruntcum

524 3176 579 3231 in
605 3178 774 3230 lacum
798 3174 1030 3226 leonum.
1070 3189 1089 3222 ι
1113 3169 1317 3223 Forsan
1348 3166 1584 3220 nonnulli
1613 3174 1843 3218 vestrum
1872 3165 2086 3219 dicunt:

524 3264 708 3320 Nonne
745 3262 910 3332 potuit
935 3276 1024 3314 rex
1058 3259 1283 3311 liberare
1311 3255 1466 3310 eum?
1509 3254 1733 3308 Maxime
1761 3254 1970 3324 quidem
1997 3268 2090 3323 po-

523 3355 622 3407 tuit
643 3352 779 3405 Deus
810 3364 986 3418 regem
1012 3348 1182 3401 facere
1207 3345 1576 3414 potentiorem,
1607 3342 1699 3397 sed
1723 3343 1788 3396 ad
1813 3353 2082 3398 certamen

526 3442 781 3497 athletam
820 3439 986 3493 ducit.
1031 3437 1259 3491 Noverat
1290 3434 1447 3488 finem
1481 3475 1495 3499 ,
1527 3448 1630 3487 non
1681 3433 1955 3502 ignorabat
1990 3447 2085 3488 ex-

533 3535 686 3587 itum.
715 3533 782 3584 At
808 3545 898 3585 rex
929 3530 974 3583 si
1008 3528 1164 3582 ﬂnem
1193 3526 1332 3580 hunc
1357 3524 1596 3580 scivisset
1619 3531 1950 3588 eventurum,
1981 3539 2085 3578 non

529 3624 820 3677 laborasset
859 3622 1075 3690 utique:
1103 3617 1193 3674 sed
1226 3633 1329 3672 non
1350 3617 1536 3686 potuit.
1569 3615 1868 3670 Laudaliilis
1899 3624 1979 3669 est
2010 3615 2079 3670 ob

522 3711 774 3776 studium,
796 3711 945 3764 venia
978 3709 1164 3777 dignus
1190 3709 1260 3761 ob
1290 3707 1659 3776 ignorantiam.
1688 3705 1836 3759 Adeo
1862 3715 2084 3773 exopta-

523 3811 608 3858 tus
633 3817 694 3856 ac
721 3799 964 3854 amabilis
999 3809 1113 3852 erat
1145 3797 1322 3850 Daniel
1359 3815 1371 3849 :
1418 3796 1510 3850 sed
1541 3795 1732 3848 invidia
1761 3811 1825 3847 ne
1870 3796 2085 3864 pulchra

523 3893 735 3963 quidem
759 3889 947 3944 intueri
977 3889 1104 3943 sinit
1135 3905 1148 3940 :
1177 3889 1284 3942 imo
1310 3887 1500 3940 intueri
1541 3885 1753 3955 quidem
1805 3885 2080 3953 permittit,

528 3992 581 4036 at
626 3996 731 4036 non
770 3980 954 4034 iisdem
997 3979 1185 4032 oculis.
1232 3976 1340 4030 Non
1370 3984 1614 4045 oportet,
1647 3973 1924 4042 inquiunt,
1954 3975 2086 4028 adeo

533 4069 832 4138 languidam
858 4083 974 4121 esse
1000 4082 1179 4121 rerum
1202 4065 1726 4129 administrationem,
1757 4079 1924 4131 neque
1946 4064 2086 4132 leges

527 4168 738 4212 nostras
765 4155 1036 4209 instabiles
1064 4169 1202 4207 esse.
1233 4153 1363 4207 Tota
1388 4168 1516 4222 gens
1554 4153 1874 4206 contumelia
1913 4152 2083 4205 affici-

529 4257 633 4301 tnr.
673 4246 965 4300 linmittunt
990 4245 1262 4298 Danielem
1291 4245 1343 4296 in
1375 4245 1568 4296 fossam
1602 4261 1614 4295 :
1656 4243 1926 4311 imponunt
1952 4241 2085 4311 lapi-

524 4369 665 4419 quam
694 4353 1003 4419 insigniorum
1023 4391 1034 4412 ,
1063 4351 1629 4419 exinde__apostoiicar_um
1645 4352 1878 4419 ,_tertia'_,
1901 4358 2082 4419 rem,

523 4412 675 4466 nona}.
702 4412 970 4477 Magistrum
992 4418 1208 4475 sequitur
1230 4412 1488 4474 discipulus
1512 4412 1630 4460 libro
1650 4412 1714 4477 de
1734 4412 1970 4477 oratione,
1997 4413 2086 4477 nisi

525 4478 652 4540 quod
676 4471 920 4540 memoriae
945 4471 1099 4540 Ιξψδιὶ⁸
1117 4483 1220 4523 tres
1257 4471 1439 4540 pueros
1470 4486 1576 4521 cum
1602 4471 1800 4540 _I)_anie_le
1830 4474 2082 4540 consociat.

524 4533 704 4586 N‘ollem
740 4533 1044 4588 Constantino
1080 4533 1392 4596 Imperatori,
1429 4535 1566 4582 istam
1602 4533 1841 4596 historiam
1869 4534 2085 4596 oratione

523 4599 582 4646 ad
607 4606 875 4647 Sanctorum
913 4604 1086 4644 emtum
1136 4593 1404 4651 referenti,
1451 4603 1544 4642 tam
1584 4593 1726 4640 multa
1773 4593 2081 4641 excidissent.

524 4659 739 4708 Videnda
764 4665 840 4706 est
861 4657 1094 4707 Catholica
1115 4657 1437 4717 apostolorum
1460 4655 1672 4717 doctrina
1694 4657 1739 4702 in
1765 4652 1918 4717 lib._7,
1937 4665 1980 4700 c.
2004 4653 2082 4702 25.

588 4720 658 4779 (a)
692 4719 809 4769 Cum
846 4717 1017 4765 Judaeis
1039 4717 1095 4764 ad
1122 4713 1314 4777 patriam
1347 4715 1579 4779 redeundi
1599 4719 1822 4779 _potcs_tas
1843 4713 1966 4762 facta

526 4774 618 4828 Cur
641 4774 803 4827 autem
822 4779 944 4838 apud
967 4774 1165 4838 exteros
1187 4780 1418 4824 manserit
1438 4774 1613 4838 Daniel
1633 4808 1646 4831 ,
1670 4777 1904 4838 rationem
1929 4775 2087 4838 reddit

523 4836 863 4908 'Il‘lieodoret'us‘
879 4839 962 4888 lib.
991 4839 1050 4887 10
1071 4837 1404 4887 Coninientarii
1432 4837 1480 4883 in
1500 4837 1625 4883 hunc
1645 4836 1943 4896 prophetam,
1963 4837 2085 4884 circa

524 4901 728 4949 initium.

587 4959 656 5021 (ὁ)
688 4967 1026 5021 ῌεηολαυορυθ
1059 4960 1184 5021 inter
1214 4969 1308 5004 non
1341 4958 1548 5021 scriptas
1560 4955 1839 5021 traditiones
1861 4958 2087 5021 recenset

523 5027 567 5067 s.
592 5018 786 5068 Basilius
809 5018 892 5066 lib.
917 5018 979 5067 de
1002 5020 1174 5080 Spiritu
1197 5024 1375 5073 sancto,
1399 5030 1501 5076 cap.
1527 5019 1584 5064 27
1607 5030 1619 5073 ;
1643 5030 1784 5076 quam
1809 5023 1860 5080 et
1882 5018 1942 5064 ab
1975 5028 2086 5080 apo-

523 5080 658 5129 stolis
679 5092 896 5140 manasse
919 5078 1091 5128 asserit
1119 5081 1200 5140 qui
1226 5081 1353 5140 inter
1387 5089 1533 5137 Opera
1572 5085 1625 5140 B._
1657 5079 1826 5124 Justini
1864 5078 2084 5140 martyris

525 5140 701 5203 legitur
741 5139 864 5187 liber
904 5140 959 5186 ad
992 5138 1290 5203 Qrthodoxos
1312 5139 1391 5203 Ade
1424 5138 1705 5199 quibusdam
1743 5138 2087 5197 qnzestionibus

528 5200 927 5264 scriptus,_ttesp.
952 5201 1008 5264 ad
1033 5210 1204 5264 quaest.
1245 5200 1367 5264 118,
1400 5212 1493 5247 nec
1524 5213 1618 5246 non
1648 5205 1690 5245 s.
1721 5204 1979 5264 Qerniantts
2004 5209 2086 5257 pa-

527 5256 1314 5320 triarcha'Coimautinopolitanus
1353 5262 1400 5308 in
1447 5267 1615 5308 lterum
1660 5256 2086 5306 ecclesiasticarum

527 5323 944 5383 contemplatione.
978 5321 1515 5383 tioniineruntﬂctiam
1546 5320 1880 5383 antiquissimi
1925 5324 2089 5383 Patres

525 5379 754 5433 Clemens
775 5381 1126 5430 Alcxandrinus
1143 5388 1310 5428 Strom.
1333 5382 1378 5437 7,
1399 5379 1715 5429 'I‘ertullianns
1731 5380 1984 5442 Apologet.
2009 5379 2083 5435 16,

529 5453 581 5506 et
602 5448 837 5506 Origenes
860 5441 1054 5506 Ilomilia
1079 5443 1108 5489 5
1131 5442 1445 5506 innumeros.
1474 5449 1523 5506 et
1547 5443 1672 5488 inter
1695 5441 1912 5506 Origenis
1933 5451 2086 5506 opera

524 5501 707 5554 Auctor
727 5507 968 5553 Librorum
1008 5503 1056 5549 in
1080 5503 1164 5549 Job
1191 5501 1269 5548 lib.
1295 5503 1337 5548 l.
1356 5503 1441 5547 Adi
1467 5501 1766 5549 Clementem
1789 5501 2086 5549 Constitutio-

525 5577 638 5612 nitm
665 5566 748 5614 lib.
771 5567 820 5622 2,
841 5580 942 5627 cap.
964 5565 1061 5627 57,
1096 5568 1147 5609 et
1172 5561 1253 5608 lib.
1279 5562 1305 5607 7
1326 5596 1336 5616 ,
1363 5574 1466 5621 cap.
1486 5561 1553 5627 Δ46
1573 5595 1585 5618 ,
1613 5562 1878 5627 Dionysium
1904 5560 2080 5627 Eccles.

526 5627 654 5674 uier.
687 5621 840 5681 carni
871 5621 922 5674 et
953 5625 1011 5681 2,
1036 5624 1292 5672 Auctorem
1326 5623 1643 5677 Quwstionum
1676 5621 1732 5667 ad
1771 5621 2052 5667 Antiochum
2071 5654 2085 5678 ,

526 5641 654 5674 uter.
687 5641 740 5675 ca
779 5662 793 5676 .
817 5641 840 5674 1
871 5641 922 5674 et
953 5641 1011 5681 2,
1036 5641 1292 5672 nucwrcm
1326 5641 1643 5677 uuwsttuuum
1676 5641 1732 5667 au
1771 5641 2052 5667 Atiuucuuui
2071 5654 2085 5678 ,

526 5695 696 5746 quaest.
721 5641 812 5742 511,
836 5693 887 5734 et
908 5695 1183 5747 Symeonem
1206 5681 1679 5747 'I'IIOSSZIIO‘IIiCEHSQm
1704 5682 1765 5730 de
1789 5689 2086 5730 sacramento

528 5743 713 5798 Ordinis
735 5762 868 5807 ca”).
897 5743 1064 5804 toi-tio,
1089 5752 1245 5802 sexto,
1277 5743 1540 5790 undecimo.

1269 352 1325 408 S.
1367 348 1640 406 JOANNIS
1677 343 2143 401 CIIRYSOSTOMI
2173 344 2486 402 ARCHIEP.
2517 345 3042 404 CONSTANTINOP.

2219 383 2449 402 ιιυιιιυι
2473 386 2486 400 ο
2519 383 2718 402 υυιῑυι
2735 383 2821 402 nan
2839 383 2858 403 ι
2875 383 3004 404 ιιηυι
3030 389 3042 402 ο

2215 461 2335 512 dem
2396 477 2414 510 ι
2445 459 2510 513 Et
2534 459 2664 513 dixit
2690 477 2780 516 rcx
2810 462 3007 518 Danieli
3035 483 3047 518 :
3076 464 3236 532 Dens,
3267 469 3349 521 cui
3376 477 3428 521 tu
3453 469 3622 525 servis
3647 485 3780 527 con-

2213 549 2376 613 tinue,
2409 550 2519 618 ipse
2563 549 2807 607 liberabit
2845 562 2916 608 te.
2960 555 3047 608 17.
3107 555 3173 609 Et
3219 557 3507 612 attulerunt
3548 561 3779 629 lapidem

2211 655 2370 693 unum
2396 682 2411 706 ,
2444 651 2496 694 et
2525 641 2888 711 imposuerunt
2933 660 3094 712 super
3119 661 3182 700 os
3219 648 3317 701 laci
3347 667 3359 702 :
3391 658 3444 703 et
3471 650 3773 721 obsignavit

2210 744 2300 784 rex
2336 732 2533 786 annulo
2567 747 2697 798 suo,
2739 742 2792 788 et
2821 736 3018 790 annulo
3063 738 3378 804 optimatum
3431 753 3648 794 suorum
3677 760 3689 797 :
3720 754 3777 796 ut

2209 821 2340 873 niliil
2365 822 2726 876 mutareturin
2753 823 2985 880 Daniele.
3018 826 3107 881 18.
3132 827 3200 882 Ει
3225 828 3464 884 abiitrex
3483 831 3532 885 in
3561 831 3777 887 domum

2208 925 2378 976 suam,
2404 923 2455 967 et
2485 915 2667 970 cubuit
2690 915 3006 981 inetenatus,
3032 927 3086 972 et
3105 918 3254 974 cibos
3284 936 3389 976 non
3417 937 3782 992 apposueram

2210 1003 2278 1067 ei,
2310 1012 2366 1058 et
2389 1018 2607 1058 somnus
2653 1007 2875 1062 recessit
2903 1007 2968 1062 ab
2994 1023 3080 1063 eo.
3115 1026 3133 1062 ι
3166 1009 3469 1067 Recordare
3496 1012 3629 1067 mihi
3661 1029 3779 1068 mo-

2209 1105 2518 1149 numentum
2549 1094 2785 1164 Christi,
2816 1097 2905 1152 ubi
2953 1097 3124 1153 ,ιυόωί
3170 1100 3337 1170 sigilla
3389 1101 3757 1171 imposuerunt

2206 1187 2452 1256 Alioquin
2482 1188 2621 1243 enim
2651 1188 2908 1245 dixissent
2935 1205 3049 1245 rem
3083 1206 3178 1259 per
3200 1191 3435 1247 fraudem
3463 1209 3527 1247 ac
3563 1196 3771 1263 praesti-

2204 1278 2315 1346 gias
2344 1293 2462 1334 esse
2483 1279 2692 1334 factam.
2719 1279 2825 1335 Sed
2852 1280 3049 1350 ubique
3073 1297 3191 1351 quae
3216 1281 3283 1336 ab
3313 1283 3541 1339 inimicis
3578 1285 3778 1339 nostris

2208 1377 2498 1435 patrantur,
2530 1385 2626 1440 pro
2652 1372 2804 1427 nobis
2831 1381 2973 1427 sunt.
3005 1372 3135 1428 Nam
3164 1382 3221 1427 ut
3243 1373 3571 1430 delatoribus
3597 1377 3774 1432 omnis

2204 1457 2470 1514 auferatur
2498 1471 2799 1530 prietextus,
2825 1462 2875 1517 id
2901 1463 3075 1518 evenit
3102 1480 3117 1518 :
3146 1473 3200 1520 et
3229 1480 3324 1520 rex
3348 1468 3493 1535 ponit
3513 1467 3660 1536 signa
3682 1509 3696 1532 ,
3716 1476 3776 1522 ut

2205 1548 2309 1604 illis
2336 1548 2557 1606 facultas
2584 1567 2685 1607 non
2716 1561 2859 1608 esset
2899 1554 3182 1625 quidquam
3227 1555 3486 1623 faciendi,
3517 1558 3600 1612 vel
3625 1558 3774 1612 illum

2203 1643 2549 1708 extrahendi,
2579 1653 2634 1700 et
2661 1646 2843 1701 leones
2870 1647 3120 1702 cansandi
3162 1665 3175 1703 :
3205 1647 3277 1701 illi
3318 1662 3446 1704 vero
3486 1651 3644 1704 etiam
3676 1651 3774 1705 im-

2203 1743 2403 1802 ponunt
2428 1735 2596 1803 signa,
2625 1747 2677 1789 ut
2706 1751 2809 1790 non
2842 1736 3023 1791 liceret
3051 1737 3160 1808 regi
3183 1736 3408 1794 liberare
3437 1754 3579 1805 eum,
3606 1750 3768 1811 atque

2203 1825 2279 1878 sic
2321 1825 2376 1879 in
2419 1834 2530 1880 tuto
2555 1826 2824 1882 decretum
2850 1838 3016 1884 esset.
3044 1829 3113 1884 Et
3149 1844 3251 1884 non
3278 1831 3535 1896 coenavit,
3565 1832 3769 1901 inquit,

2202 1929 2325 1978 rex,
2358 1930 2528 1986 neque
2567 1916 2804 1972 dormiit.
2859 1916 2989 1973 Vide
3017 1931 3209 1988 quanta
3255 1920 3335 1974 vis
3358 1921 3433 1974 sit
3459 1922 3672 1976 amoris.
3705 1923 3772 1978 Et

2201 2004 2364 2075 quid?
2393 2006 2628 2061 Primum
2667 2007 2878 2078 quidem
2924 2008 3059 2064 bene
3101 2024 3318 2079 sperare
3340 2009 3492 2080 jubet
3520 2011 3703 2068 dicens
3751 2032 3766 2068 :

2202 2094 2336 2149 Deus
2359 2136 2373 2160 ,
2413 2096 2494 2149 cui
2524 2105 2577 2150 lu
2615 2098 2768 2151 cervis
2803 2098 3050 2152 continue.
3089 2097 3281 2154 lterum
3310 2115 3522 2155 causam
3573 2102 3769 2170 justam

2202 2186 2363 2254 ponit.
2393 2201 2510 2255 quae
2536 2188 2703 2254 possit
2730 2187 2866 2242 illius
2888 2188 3121 2242 animum
3139 2190 3365 2258 erigere.
3393 2189 3593 2244 Forsan
3623 2192 3765 2246 enim

2201 2276 2466 2331 Danielem
2511 2277 2768 2333 audierat.
2807 2277 3008 2333 Deinde
3051 2279 3256 2335 accedit
3295 2282 3548 2351 hymnum
3589 2283 3765 2353 profe-

2201 2379 2341 2420 rens.
2366 2365 2456 2421 25.
2489 2385 2506 2418 ι
2527 2366 2674 2421 Tunc
2700 2383 2790 2422 rex
2821 2369 3040 2422 multum
3065 2370 3274 2439 gavisus
3295 2379 3377 2425 est
3404 2387 3561 2441 super
3582 2387 3681 2427 eo:
3713 2383 3770 2428 et

2200 2459 2448 2526 prtecepit
2489 2467 2547 2511 ut
2572 2457 2837 2512 Danielem
2882 2459 3169 2514 educerent
3198 2460 3263 2514 de
3293 2461 3429 2514 lacu.
3458 2460 3525 2514 Et
3547 2462 3766 2517 eductus

2197 2555 2278 2600 est
2307 2547 2487 2602 Daniel
2513 2546 2581 2601 de
2624 2547 2763 2614 lacu,
2793 2557 2846 2602 et
2871 2549 3012 2602 nulla
3039 2549 3187 2604 Iasio
3215 2550 3424 2604 inventa
3463 2561 3543 2606 est
3571 2553 3622 2606 in
3649 2554 3762 2620 illo,

2197 2637 2316 2706 quia
2357 2637 2583 2691 credidit
2614 2637 2723 2691 Deo
2752 2653 2866 2691 suo.
2894 2637 2985 2692 24.
3017 2638 3082 2692 Et
3109 2638 3240 2692 dixit
3281 2655 3372 2694 rex
3400 2681 3414 2703 ,
3444 2649 3499 2695 et
3525 2641 3761 2697 adduxe-

2195 2735 2320 2781 runt
2347 2727 2488 2782 viros
2514 2727 2600 2796 qui
2628 2736 3006 2782 accusaverant
3045 2728 3313 2784 Danielem
3347 2747 3360 2783 :
3394 2739 3449 2786 et
3487 2733 3540 2786 in
3588 2733 3762 2789 lacum

2194 2817 2402 2872 leonum
2428 2817 2602 2885 injecti
2631 2828 2754 2872 sunt
2782 2819 2902 2887 ipsi,
2933 2829 2984 2872 ct
3007 2818 3099 2872 filii
3128 2833 3335 2884 eorum,
3367 2830 3420 2874 et
3451 2837 3641 2877 uxores
3667 2837 3762 2878 eo-

2194 2925 2309 2962 rum
2339 2926 2352 2961 :
2384 2919 2435 2964 et
2466 2925 2568 2964 non
2596 2919 2948 2978 pervenerant
2979 2911 3045 2964 ad
3086 2911 3439 2979 pavimentum
3473 2913 3607 2978 laci,
3632 2929 3756 2969 cum

2191 2995 2444 3052 dominati
2482 3007 2602 3051 sunt
2635 3013 2816 3052 eorum
2861 2999 3039 3052 leones
3062 3040 3076 3062 ,
3123 3008 3178 3053 et
3213 3001 3387 3053 omnia
3425 3015 3546 3055 ossa
3574 3017 3760 3059 eorum

2191 3088 2632 3142 comminuerunt.
2664 3107 2683 3140 ι
2710 3088 2820 3156 Qua
2868 3089 2936 3144 de
2977 3104 3135 3144 causa
3183 3091 3276 3144 lilii
3304 3101 3358 3145 et
3401 3106 3594 3148 uxores
3636 3109 3760 3164 per-

2191 3186 2317 3231 eunt
2342 3175 2461 3248 (a)?
2498 3178 2621 3248 quid
2659 3189 3015 3248 peccaverunt
3044 3180 3166 3234 isti?
3189 3179 3432 3236 Fortasse
3453 3184 3523 3238 illi
3547 3200 3758 3256 quoque

2190 3267 2424 3320 criminis
2449 3268 2733 3338 participes
2765 3278 2934 3324 erant.
2977 3269 3133 3324 Vides
3161 3270 3518 3339 improborum
3555 3275 3760 3344 supplic

2189 3358 2368 3412 cium?
2397 3359 2545 3413 vides
2565 3359 2826 3432 justorum
2854 3363 3101 3431 praemia?
3125 3362 3365 3433 Undique
3393 3364 3622 3429 erudire,
3656 3382 3758 3422 un-

2189 3447 2347 3518 dique
2383 3448 2667 3504 azdilicare.
2700 3449 2857 3506 Vides
2897 3451 3038 3528 quod
3078 3454 3316 3522 quamvis
3345 3455 3484 3510 Deus
3526 3455 3758 3524 deserat,

2187 3539 2254 3594 ad
2279 3541 2554 3594 utilitatem
2594 3549 2828 3595 nostram
2859 3540 2910 3595 id
2939 3540 3082 3596 facit.
3115 3541 3395 3611 Superavit
3423 3545 3596 3613 ignem
3626 3562 3642 3611 ;
3669 3560 3760 3600 su-

2189 3630 2391 3701 peravit
2424 3629 2579 3686 feras.
2622 3629 2697 3685 Ne
2733 3630 2982 3700 deinceps
3008 3630 3264 3700 inquiras,
3297 3632 3363 3686 ad
3391 3633 3515 3702 quid
3544 3633 3752 3703 leones,

2191 3730 2245 3776 et
2271 3721 2442 3790 pardi,
2471 3731 2524 3776 et
2541 3721 2758 3790 reliqua:
2785 3719 2910 3776 fera:
2925 3720 2949 3774 ?
2963 3719 3101 3776 Sunt
3119 3721 3260 3776 enim
3278 3721 3438 3777 veluti
3465 3723 3749 3779 carnifices

2188 3812 2398 3882 quidam
2429 3811 2494 3867 ad
2529 3811 2696 3866 latera
2733 3811 2966 3866 Danielis
3013 3821 3234 3878 stantes,
3285 3819 3550 3882 tamquam
3593 3813 3646 3868 in
3677 3814 3759 3868 di-

2190 3910 2310 3956 vino
2353 3902 2578 3972 quodam
2629 3916 2692 3956 ac
2739 3900 3004 3955 horrendo
3040 3901 3283 3956 tribunali
3310 3902 3360 3956 id
3401 3912 3657 3973 agentes:
3689 3903 3759 3958 ad

2192 3993 2329 4046 hunc
2356 3991 2567 4046 modum
2594 4007 2698 4044 non
2723 3991 2836 4044 ausi
2856 4001 2972 4044 sunt
2996 3991 3274 4059 perfodere
3294 3992 3454 4047 latera
3482 3993 3608 4061 justi
3631 3994 3754 4049 viri.

2188 4082 2300 4135 Non
2343 4083 2482 4137 enim
2526 4088 2838 4149 acceperant
2869 4080 3060 4148 judicis
3088 4081 3410 4136 mandatum.
3469 4082 3757 4154 Postquam

2191 4186 2315 4226 vero
2340 4171 2425 4225 alii
2453 4173 2502 4226 in
2536 4170 2704 4224 lacum
2737 4169 2882 4224 missi
2907 4179 3047 4234 sunt,
3078 4170 3185 4225 Deo
3206 4171 3444 4240 jnbente,
3473 4187 3565 4228 eos
3584 4174 3754 4228 inter-

2191 4262 2448 4326 fecerunt,
2481 4259 2546 4313 Et
2576 4276 2688 4313 ossa
2727 4277 2921 4326 eorum,
2947 4260 3154 4330 inquit,
3182 4263 3594 4316 comminuerunt.
3628 4264 3758 4330 Quis

2190 4353 2424 4406 frenabat
2453 4351 2685 4420 ipsorum
2715 4350 2845 4404 ora?
2893 4351 3010 4419 quis
3050 4354 3299 4420 prmcepit
3342 4353 3581 4421 apposito
3621 4353 3746 4406 cibo

2188 4443 2488 4499 abstinere?
2545 4442 2663 4511 quis
2718 4442 3064 4510 philosophus
3113 4443 3246 4498 adeo
3305 4454 3641 4510 temperans,
3697 4453 3756 4498 ut

2188 4549 2405 4603 pressus
2433 4532 2588 4598 fame,
2622 4531 2883 4586 solutione
2924 4541 3095 4585 autem
3126 4532 3276 4585 famis
3306 4543 3588 4601 praesente,
3617 4533 3754 4587 nolit

2188 4640 2247 4679 se
2284 4625 2349 4679 ab
2375 4639 2439 4678 eo
2469 4625 2607 4678 malo
2637 4623 2898 4678 liberare?
2925 4622 3126 4676 Rursus
3165 4622 3355 4685 edicta,
3399 4637 3581 4676 rursus
3615 4622 3754 4677 divi-

2190 4731 2312 4769 num
2357 4715 2675 4785 praeconium
2701 4752 2718 4778 ,
2763 4727 2944 4768 rursus
2983 4712 3333 4767 tes1imonium
3362 4727 3457 4782 per
3481 4727 3567 4769 res
3595 4713 3754 4783 ipsas.

2785 4863 3006 4920 CAPUT
3049 4863 3157 4919 VlL

2263 5003 2351 5055 1.(
2381 4999 2436 5053 in
2483 4998 2652 5066 primo
2698 5010 2837 5049 anno
2885 4996 3169 5050 Baltasaris
3211 5002 3353 5066 regis
3381 4997 3751 5054 Clialdzorum

2193 5090 2372 5145 Daniel
2406 5087 2666 5143 somnium
2696 5085 2824 5139 vidit
2854 5103 2866 5138 :
2894 5094 2946 5139 et
2976 5086 3206 5139 visiones
3227 5085 3412 5155 capitis
3443 5087 3556 5154 ejus
3584 5087 3637 5140 in
3663 5102 3740 5141 cu.

2191 5181 2281 5235 bili
2310 5181 2426 5249 ejus
2451 5197 2462 5233 :
2493 5190 2544 5233 et
2568 5179 2828 5232 somnium
2854 5176 3085 5243 scripsit.
3109 5177 3423 5245 Principium
3450 5191 3758 5231 sermonum

2191 5273 2323 5338 ejus.
2365 5270 2428 5324 Et
2467 5267 2793 5337 reSpondens
2821 5266 2951 5320 dixit
2976 5284 2988 5318 :
3010 5267 3066 5318 ﬂ.
3097 5265 3206 5336 Ego
3235 5267 3412 5320 Daniel
3437 5267 3760 5335 aspiciebam

2194 5366 2243 5417 in
2275 5379 2388 5417 mea
2418 5362 2616 5416 visione
2635 5402 2647 5426 ,
2675 5368 2829 5413 nocte
2858 5377 2873 5412 :
2900 5368 2953 5414 et
2975 5374 3097 5413 ecce
3126 5368 3349 5426 quatuor
3369 5361 3514 5413 venti
3541 5359 3657 5414 caeli
3686 5361 3763 5415 ir-

2254 5495 2324 5556 (a)
2357 5493 2485 5556 Vera
2519 5502 2664 5538 causa.
2695 5489 2943 5556 barbarus.
2965 5493 3269 5556 tyrannorum
3300 5490 3510 5556 omnium
3545 5501 3684 5556 mos,
3711 5493 3765 5539 et

2198 5551 2341 5604 etiam
2368 5553 2708 5615 plerarumque
2732 5552 2950 5615 gentium
2990 5551 3143 5610 leges.
3186 5551 3411 5615 [Exempla
3447 5552 3621 5615 passim
3645 5563 3764 5611 sup-

2194 5609 2710 5678 peditabunthistorize
2729 5609 2761 5678 ί
2770 5612 2876 5678 libri
2902 5609 3095 5677 Regum.
3120 5609 3598 5678 Judithaz,.Esthera:,
3622 5609 3764 5678 iere-

2193 5669 2316 5731 iniaz,
2344 5673 2626 5735 Herodotus,
2655 5682 2705 5730 Q.
2729 5672 2937 5732 Curtius,
2960 5669 3490 5732 J'ustinus,.Ammianus
3529 5671 3768 5722 Marcelli-

2198 5750 2306 5795 nus,
2331 5742 2426 5786 etc.
