4032 6220
558 394 664 450 231

547 497 712 552 millia
737 493 1102 549 ministrabant
1128 492 1177 548 ei
1202 533 1217 556 ,
1244 503 1294 546 et
1311 491 1448 546 dena
1477 492 1636 544 millia
1664 489 1860 544 denum
1887 489 2110 542 millium

550 587 867 642 assistebant
898 597 1020 640 ante
1047 599 1190 640 eum.
1217 582 1478 639 Iudicium
1507 580 1645 635 sedit
1663 619 1679 640 .
1713 590 1766 633 et
1793 579 1910 632 libri
1944 579 2111 645 aperti

548 684 693 731 sunt.
753 693 774 728 ο
819 673 1213 729 Contendamus
1259 672 1458 737 animo,
1499 671 1777 725 carissimi.
1815 668 1930 723 Non
1969 669 2111 722 enim

546 767 724 838 parvis
749 765 816 820 de
843 765 1000 819 rebus
1024 765 1214 833 agitur.
1246 762 1461 826 Throni,
1493 761 1694 830 inquit.
1719 761 1870 828 positi
1895 766 2042 822 sunt,
2067 766 2113 810 et

547 857 782 926 antiquus
810 855 1005 908 dierum
1037 853 1182 908 sedit.
1213 851 1345 918 Quis
1370 859 1451 905 est
1479 851 1622 904 iste?
1655 847 1819 906 Sicuti
1859 863 1978 901 cum
2017 861 2111 900 au-

548 946 692 1000 diisti
719 958 894 998 ursum
917 983 934 1008 ,
965 957 1070 997 non
1097 942 1163 996 de
1188 957 1310 996 urso
1342 941 1619 1011 cogitasti,
1648 948 1840 992 etcum
1868 939 2109 1002 lea-nam,

548 1052 656 1091 non
699 1035 751 1090 id
778 1034 972 1089 animal
1009 1033 1385 1103 suspicabaris,
1417 1031 1509 1086 sed
1531 1045 1689 1100 regna
1722 1048 1735 1095 ;
1766 1039 1818 1084 et
1846 1045 1966 1084 cum
1994 1043 2110 1081 ma-

547 1143 639 1193 re,
667 1143 773 1180 non
799 1141 942 1180 mare
966 1165 981 1189 ,
1007 1125 1100 1180 sed
1123 1124 1306 1180 orbem
1335 1133 1630 1186 terrarum,
1661 1122 1714 1174 in
1742 1121 1860 1175 aliis
1886 1121 1987 1174 alia
2016 1134 2112 1172 co-

543 1218 720 1286 gitans
750 1233 763 1270 :
796 1217 864 1271 ita
893 1225 949 1271 et
975 1231 1132 1270 nunc.
1160 1216 1421 1282 Antiquus
1449 1213 1653 1267 dierum
1680 1212 1803 1281 quid
1833 1220 1914 1265 est
1940 1210 1964 1262 τ
1989 1210 2111 1264 Seni

547 1307 756 1361 cuidam
778 1307 964 1360 similis
984 1313 1118 1360 erat.
1138 1304 1267 1358 Nam
1285 1302 1350 1356 ad
1373 1317 1498 1355 usus
1525 1317 1724 1361 rerum,
1748 1309 1965 1371 propter
1984 1313 2115 1366 quas

549 1404 789 1464 apparet,
815 1395 1047 1463 seipsum
1089 1392 1281 1446 format
1309 1409 1323 1448 :
1350 1400 1506 1460 atque
1531 1391 1616 1444 hic
1631 1389 1864 1444 ostendit
1899 1389 2115 1442 senibus

545 1483 736 1554 judicia
757 1498 875 1538 esse
896 1481 1288 1537 committenda.
1316 1480 1467 1536 Sicut
1484 1480 1623 1534 enim
1652 1493 1771 1533 cum
1800 1477 1950 1532 audis
1971 1476 2116 1530 thro-

547 1591 673 1628 num
692 1615 709 1641 ,
733 1589 838 1629 non
863 1573 1164 1630 cathedram
1192 1571 1438 1640 intelligis
1469 1588 1482 1623 :
1515 1585 1700 1624 verum
1727 1569 1844 1637 quis
1876 1567 2008 1621 adeo
2032 1567 2114 1619 vi-

547 1665 651 1720 lem
676 1678 740 1719 ac
765 1663 1030 1733 vulgarem
1059 1676 1270 1718 sensum
1293 1660 1573 1729 arriperet,
1599 1673 1718 1712 cum
1750 1667 1803 1710 et
1829 1657 1951 1710 alibi
1978 1656 2114 1710 Deus

546 1764 781 1808 armatus
824 1754 1082 1816 videatur,
1112 1761 1164 1805 et
1215 1751 1336 1805 alibi
1379 1758 1686 1805 cruentatus
1732 1748 1746 1816 (
1779 1747 1908 1814 Sap.
1938 1747 1992 1800 5.
2023 1747 2110 1800 l8.

546 1843 672 1899 Isai.
691 1843 779 1899 65.
803 1843 1020 1914 3)?Hoc
1049 1843 1224 1911 itaque
1255 1841 1487 1894 indicare
1515 1839 1623 1892 vult
1643 1880 1656 1903 ,
1687 1847 1898 1906 tempus
1932 1836 2111 1905 judicii

545 1949 684 1990 esse.
719 1933 1073 1987 Vestimentum
1116 1934 1248 2003 ejus,
1276 1931 1418 1999 quasi
1444 1931 1553 1993 nix,
1591 1928 1880 1981 candidum.
1905 1927 2114 1993 Quare?

546 2025 802 2093 Quoniam
832 2040 935 2079 non
973 2023 1132 2078 modo
1169 2033 1377 2092 tempus
1399 2029 1481 2076 est
1505 2020 1686 2089 judicii
1714 2061 1730 2085 ,
1758 2019 1851 2073 sed
1887 2019 2116 2074 retribu-

545 2116 706 2169 tionis
730 2129 936 2185 quoque
962 2132 975 2169 :
1003 2113 1248 2183 quoniam
1278 2121 1495 2166 cunctos
1521 2109 1617 2180 ipsi
1647 2109 1857 2162 adstare
1883 2118 2110 2177 oportet:

545 2205 788 2273 quoniam
828 2202 1084 2257 Iudicium
1119 2203 1286 2266 illius,
1331 2201 1531 2270 inquit,
1559 2200 1701 2269 quasi
1727 2199 1816 2254 tua:
1842 2200 2115 2270 egredietur

549 2294 713 2367 (Osee
738 2296 787 2350 6.
815 2296 848 2350 5
875 2296 915 2364 ).
945 2293 1143 2349 Deinde
1171 2292 1366 2346 Throni
1389 2292 1536 2361 positi
1563 2300 1697 2344 sunt.
1726 2291 1911 2345 Nonne
1937 2289 2113 2344 throni

544 2385 600 2441 in
645 2385 834 2456 quibus
876 2383 1141 2448 Sedebitis,
1188 2384 1383 2453 inquit,
1412 2398 1560 2451 super
1609 2382 1870 2434 duodecim
1912 2383 2115 2435 thronos

550 2474 850 2544 (Hattlt.l9.
867 2474 982 2544 28)?
998 2473 1059 2527 Et
1070 2474 1282 2544 capillus
1295 2474 1473 2538 capitis
1486 2474 1593 2542 ejus
1612 2473 1754 2541 quasi
1771 2473 1889 2525 luna
1905 2471 2110 2525 munda.

545 2563 686 2635 ignis
707 2564 837 2619 nihil
857 2564 1218 2628 consumebat,
1253 2562 1677 2632 quandoquidem
1702 2561 1838 2615 lenis
1865 2569 1997 2615 erat.
2020 2561 2113 2614 Vi-

547 2653 643 2709 des
666 2653 850 2710 faciem
875 2663 930 2709 et
948 2653 1181 2708 habitum
1199 2653 1406 2707 civilem
1424 2666 1486 2706 ac
1502 2652 1848 2721 popularem?
1867 2651 2115 2704 Thronus

549 2743 796 2810 terrebat,
813 2742 952 2813 quod
974 2744 1093 2813 igne
1109 2741 1431 2805 abundaret;
1451 2751 1504 2795 et
1524 2756 1625 2795 non
1646 2742 1762 2810 igne
1782 2741 2112 2809 simpliciter,

551 2835 641 2892 sed
669 2837 787 2905 igne
808 2835 1044 2890 ardente.
1073 2833 1203 2888 Nam
1226 2850 1293 2888 nc
1310 2834 1669 2893 existimares,
1693 2848 1787 2901 per
1812 2831 2109 2886 similitudi-

546 2941 668 2981 nem
685 2928 869 2981 factam
886 2940 1005 2981 esse
1023 2927 1489 2994 comparationem,
1509 2923 1706 2978 addidit
1724 2924 1858 2994 ignis
1879 2924 2018 2977 illius
2034 2922 2114 2978 ef-

547 3015 801 3076 ﬁcaciam,
817 3030 920 3067 non
933 3015 1102 3068 solum
1120 3014 1292 3084 ignem
1306 3014 1506 3078 dicens,
1520 3015 1615 3069 sed
1633 3016 1803 3082 ignem
1816 3016 2108 3070 ardentem.

547 3101 754 3156 Flavius
769 3103 896 3172 ignis
913 3103 1146 3156 manabat
1161 3118 1192 3154 a
1207 3111 1470 3170 conspectu
1484 3104 1611 3170 ejus.
1631 3102 1682 3154 M
1688 3104 1772 3155 ille
1788 3104 1946 3156 millia
1959 3105 2112 3157 mini-

545 3193 767 3247 strabant
794 3194 839 3247 ei
859 3234 874 3258 ,
905 3202 950 3246 et
987 3192 1116 3246 dena
1152 3193 1314 3247 millia
1350 3192 1533 3245 denum
1571 3192 1784 3245 millium
1816 3193 2108 3247 assistebant

548 3292 662 3338 ante
687 3301 799 3338 eum
821 3280 917 3355 (a).
959 3282 1216 3337 Judicium
1241 3282 1386 3336 sedit.
1432 3282 1542 3335 Hoc
1567 3290 1648 3335 est
1671 3323 1685 3346 ,
1718 3281 1837 3336 ideo
1866 3282 2110 3348 advenit,

548 3383 606 3428 ut
627 3374 878 3444 judicium
903 3373 1132 3428 daretur.
1159 3373 1220 3428 Et
1245 3374 1356 3427 libri
1379 3373 1539 3442 aperti
1562 3382 1676 3426 sunt
1703 3372 1860 3441 (Dan.
1886 3374 1971 3428 15.
1997 3373 2109 3443 η).

552 3464 686 3531 Quid
717 3463 834 3517 ais?
863 3464 1009 3518 libris
1050 3463 1187 3518 Deus
1215 3463 1440 3532 indiget,
1478 3464 1576 3527 Qui
1605 3465 1774 3517 omnia
1814 3465 1945 3517 novit
1975 3475 2114 3517 ante-

547 3569 696 3622 quam
721 3555 884 3622 ﬁant?
910 3553 1007 3618 Qui
1032 3555 1175 3622 ﬁnxit
1194 3555 1450 3624 stgillatim
1471 3554 1625 3607 corda
1644 3571 1814 3608 eorum
1837 3555 2000 3626 (Psal.
2021 3555 2110 3609 52.

550 3645 678 3712 i5)?
706 3644 805 3698 Sed
831 3645 978 3712 juxta
1008 3643 1439 3698 consuetudinem
1473 3646 1871 3714 magistratuum
1903 3657 2114 3702 nostro-

548 3751 664 3789 rum
693 3734 951 3804 loquitur;
988 3744 1042 3789 et
1067 3735 1142 3789 sic
1167 3745 1283 3789 acta
1310 3735 1438 3788 fiunt
1465 3734 1600 3803 apud
1634 3749 1751 3790 nos.
1797 3735 1944 3790 Sicut
1969 3737 2112 3791 enim

547 3833 663 3878 acta
693 3839 795 3876 non
823 3823 941 3877 ideo
970 3824 1232 3893 leguntur,
1262 3834 1317 3878 ut
1343 3825 1675 3895 magistratus
1700 3827 1871 3880 solum
1893 3826 2115 3882 edocea-

551 3923 668 3977 tur,
697 3913 790 3966 sed
817 3913 973 3966 etiam
1001 3925 1056 3966 ut
1078 3925 1325 3982 appareat
1347 3915 1544 3984 justum
1575 3931 1692 3970 esse
1711 3916 1964 3985 judicium
1997 3935 2010 3968 :
2046 3917 2115 3971 ita

551 4011 604 4058 et
632 4011 754 4057 tunc
776 4003 968 4058 evenit.
1000 4002 1129 4056 Nam
1157 4003 1280 4058 licet
1307 4005 1444 4058 Deus
1468 4006 1599 4059 sciat
1619 4021 1678 4059 se
1698 4006 1838 4073 juste
1857 4006 2113 4074 judicare,

550 4103 778 4149 attamen
807 4095 970 4149 libros
997 4095 1184 4164 aperit.
1217 4094 1378 4164 Cujus
1408 4097 1485 4152 rei
1513 4099 1718 4167 gratia?
1761 4098 1894 4164 Quid
1921 4100 1998 4152 ais
2017 4139 2032 4164 ,
2063 4108 2119 4154 et

550 4184 676 4253 quid
698 4185 789 4239 tibi
812 4186 924 4240 vis?
949 4185 1056 4240 Cur
1075 4202 1177 4240 non
1202 4189 1414 4256 praemia
1439 4205 1646 4259 quoque
1668 4191 1835 4244 dixit?
1856 4194 1924 4244 At
1947 4191 2115 4247 dixit:

553 4273 742 4328 ’Πινοηί
759 4275 904 4344 positi
919 4283 1066 4339 sunt;
1079 4276 1500 4345 quandoquidem
1520 4278 1658 4333 Deus
1673 4289 1724 4334 et
1745 4279 1829 4332 illa
1848 4279 2114 4336 deﬁnivit:

550 4373 824 4434 postquam
853 4378 977 4420 vero
1004 4379 1100 4419 nos
1123 4381 1227 4420 non
1255 4368 1543 4431 audiimus,
1568 4378 1692 4423 tunc
1711 4370 2036 4439 punitionem
2065 4380 2118 4427 et

612 4518 684 4581 (ιι)
715 4525 948 4582 numerus
968 4524 1132 4582 certus
1153 4520 1462 4582 progiucerto.
1491 4527 1644 4578 Quare
1675 4521 1780 4582 inec
1813 4522 1962 4569 verba
1986 4525 2116 4571 varie

551 4579 855 4642 ab‘Ecclesite
889 4579 1168 4642 doctoribus
1198 4580 1338 4629 allata
1377 4583 1630 4640 invenies,
1656 4588 1700 4628 s.
1727 4581 1913 4631 Irenaeo
1937 4583 2019 4631 lib.
2055 4585 2118 4642 2,

551 4640 711 4713 cap.__6
728 4639 1052 4713 ,7'lr'ertuliia’uo
1073 4642 1305 4713 adversus
1326 4649 1559 4713 eraserim.
1575 4655 1677 4713 cap.
1704 4644 1750 4713 ζ),
1777 4642 1983 4713 Auctore
2009 4639 2118 4692 libri

552 4701 612 4748 ad
650 4703 950 4766 Novatiauttm
986 4702 1302 4766 inter__0pera
1341 4709 1385 4750 s.
1413 4701 1643 4766 Cypriani
1663 4737 1677 4759 ,
1704 4704 1905 4751 Eusebio
1943 4710 2114 4766 Evaug.

553 4769 760 4826 Περεῖ.
781 4760 860 4808 lib.
886 4764 934 4819 7,
955 4773 1060 4822 cap.
1086 4763 1159 4820 15,
1186 4760 1332 4826 atque
1357 4760 1507 4826 etiam
1524 4770 1569 4826 Β.
1588 4762 1920 4826 Chrysostomo
1938 4760 2122 4813 Ηοηιῗϐ

552 4821 716 4869 contra
738 4821 991 4871 Anomaeos
1005 4821 1024 4881 ;’
1042 4834 1133 4871 nec
1155 4821 1266 4871 non_
1282 4825 1330 4870 in
1353 4821 1736 4873 Ordinationibus
1771 4827 2114 4874 Maronitarum.

553 4881 616 4929 At
639 4881 875 4945 Editiones
905 4890 948 4931 S.
988 4884 1257 4945 Hieronymi
1296 4884 1372 4945 ad
1395 4885 1521 4932 hunc
1555 4883 1708 4933 locum
1748 4887 1929 4934 vitiosae
1967 4894 2115 4935 sunt:

555 4940 746 5009 Duplea:
778 4948 934 5009 autem
954 4940 1229 5009 angelorum
1250 4941 1457 5009 ofﬁcium
1477 4951 1546 5009 est
1567 4959 1584 4993 :
1621 4946 1827 4994 aliorum
1863 4946 1945 5009 qui
1971 4948 2120 5009 iustis

553 5003 752 5063 prtemia
775 5004 982 5066 tribuunt
997 5017 1014 5064 ;
1032 5003 1234 5066 aliortun
1258 5003 1340 5065 qui
1361 5005 1559 5066 singulis
1581 5015 1790 5066 praesunt
1809 5003 2115 5057 cruciatibus.

552 5068 698 5110 nemo
722 5077 817 5128 non
841 5065 972 5112 videt
1007 5065 1317 5128 scribendum
1338 5079 1465 5125 esse,
1487 5065 1747 5116 civitatibus
1765 5107 1776 5122 ,
1803 5075 1854 5115 ut
1878 5075 1929 5114 et
1952 5077 2116 5128 postea

550 5125 761 5185 comperi
787 5125 956 5185 legere
979 5131 1026 5187 S._
1042 5125 1263 5174 Thomam
1289 5127 1336 5173 in
1360 5131 1663 5187 Exposntione
1688 5130 1733 5175 in
1761 5129 1886 5176 hunc
1907 5125 2119 5187 prophe-

553 5191 666 5249 tatu.
691 5193 830 5233 Porro
853 5185 1076 5249 notabilis
1113 5187 1345 5246 imprimis
1380 5185 1699 5249 discrepantia
1737 5190 1864 5237 inter
1887 5195 1935 5234 Β.
1961 5185 2117 5238 'rbeo-

551 5243 774 5309 doretum
799 5253 850 5309 et
884 5254 926 5291 ξς.
955 5243 1214 5309 Thomam,
1234 5259 1323 5295 seu
1343 5250 1501 5308 potius
1537 5243 1581 5296 ἑ.
1618 5252 1903 5309 Dionysium,
1929 5251 1975 5297 in
2001 5254 2118 5299 assi-

551 5306 738 5373 gnanda
789 5306 1020 5373 dignitate
1075 5306 1388 5373 angelorum,
1445 5310 1529 5369 qui
1583 5306 1884 5366 ministrant,
1943 5320 1992 5360 et
2035 5315 2116 5373 qui

551 5321 738 5363 gnanaa
789 5321 1020 5414 (llgﬂllale
1075 5321 1388 5368 angelorum,
1445 5322 1529 5369 qtll
1583 5321 1884 5366 ministrant,
1943 5321 1992 5360 et
2035 5321 2116 5373 qui

550 5369 821 5434 ass_is_tun_t._
871 5369 902 5415 b
935 5368 1397 5434 utroque__dissentit
1432 5376 1474 5417 s.
1512 5373 1957 5434 Gregoriusrapa;
1984 5374 2119 5434 cujus

548 5426 759 5498 opinioni
797 5425 925 5498 favet
958 5425 1102 5498 verus
1133 5427 1358 5498 Clemens
1391 5425 1631 5498 Romanus
1647 5425 1917 5498 itrtfpistoia
1943 5425 1998 5479 ad
2025 5425 2115 5481 Co-

551 5487 752 5553 rimbios
771 5487 1250 5553 ;_7_Pseudo-Ctemens
1285 5497 1448 5553 autem
1482 5493 1532 5539 in
1555 5487 1983 5553 Constitutionibus
2003 5506 2120 5553 apo-

546 5544 861 5610 stolicis,'lib.
895 5549 952 5606 8,
984 5562 1088 5610 cap.
1126 5549 1184 5597 12
1202 5585 1215 5607 ,
1243 5561 1270 5596 a
1301 5551 1604 5600 Theodoreto
1627 5561 1721 5600 stat
1746 5567 1756 5599 :
1784 5552 1871 5599 sed
1894 5551 1956 5600 de
1980 5544 2121 5604 Va'riis

546 5607 670 5671 circa
692 5607 891 5671 angelos
921 5607 1178 5658 sententiis
1211 5610 1440 5671 praiclare
1473 5612 1668 5660 disserit
1693 5621 1898 5662 Joannes
1917 5615 2121 5663 Morinos

548 5666 603 5773 Ἦ
626 5666 954 5775 ἓὲαιῦηῆιίοηεε
987 5666 1225 5734 Syriacas:
1254 5677 1383 5733 Lege
1415 5675 1671 5735 Origeuem
1702 5675 1761 5723 ad
1789 5687 1893 5735 cap.
1919 5676 1950 5723 5
1972 5677 2118 5736 Epist.

548 5740 569 5773 2
692 5743 751 5774 11].

548 5740 601 5773 au
628 5740 731 5774 11011]
744 5765 751 5774 .

1249 381 1305 437 S.
1344 379 1620 436 JOANNIS
1655 375 2125 435 CllﬂYSOSTOﬂ-l
2162 375 2475 432 ARCHIEP.
2514 375 3040 434 CONSTANTINOP.

3683 390 3793 446 232

2221 489 2533 556 supplicium
2566 491 2792 544 minatus
2819 500 2920 546 est.
2952 492 3015 546 Et
3041 507 3216 547 nonne
3237 493 3388 549 nobis
3408 498 3541 550 hanc
3564 496 3784 564 primam

2221 593 2404 631 vocem
2427 579 2641 632 emisit?
2668 579 2867 635 Exinde
2887 583 3052 650 carpit,
3081 584 3265 652 inquit,
3290 587 3562 651 prtedicare
3579 600 3780 658 regna»;

2219 664 2456 719 calorum
2485 666 2692 736 (Matth.
2725 670 2777 722 4.
2819 671 2926 738 17).
2953 671 3094 726 Nihil
3125 687 3436 741 corporeum
3462 676 3744 743 suspiceris
3767 717 3784 741 ,

2219 754 2428 817 dilecte.
2457 771 2555 810 nec
2582 759 2851 814 existimes
2875 760 3036 814 Deum
3055 803 3069 826 ,
3098 764 3185 832 qui
3218 764 3502 820 immensus
3523 774 3624 833 est,
3653 769 3783 822 solio

2220 859 2339 900 esse
2364 847 2639 900 inclusum.
2684 848 2813 903 Nam
2854 850 2899 904 si
2937 850 3004 906 In
3031 870 3183 906 manu
3209 855 3315 924 ejus
3341 865 3457 910 sunt
3490 857 3614 922 ﬁnes
3642 868 3786 912 terra

2221 934 2391 1000 (Psal.
2422 936 2509 990 94.
2529 938 2582 1006 4)
2607 955 2619 989 :
2646 939 2689 992 si
2719 937 2918 993 Montes
2943 943 3115 995 statuit
3139 953 3320 996 statera
3341 960 3362 1000 .'
3383 945 3427 999 si
3455 945 3638 1000 Omnes
3658 964 3783 1017 gen-

2223 1033 2294 1076 tes
2320 1027 2464 1093 quasi
2488 1029 2644 1080 saliva
2671 1029 2723 1082 in
2751 1039 3016 1100 conspectu
3051 1034 3160 1101 ejus
3201 1045 3442 1104 reputatte
3477 1045 3591 1090 sunt
3613 1079 3626 1100 ,
3657 1049 3704 1091 et
3740 1038 3783 1092 si

2219 1123 2398 1167 cuncta
2435 1117 2560 1169 sicut
2600 1119 2759 1185 pulvis
2796 1138 2968 1174 coram
3007 1139 3066 1176 eo
3108 1124 3128 1191 (
3150 1122 3275 1178 lsai.
3304 1125 3392 1180 40.
3424 1126 3506 1179 12.
3537 1127 3678 1198 15),
3727 1137 3783 1183 ut

2221 1206 2332 1272 ipse
2359 1206 2432 1258 ait
2458 1223 2472 1257 :
2502 1209 2618 1276 quis
2647 1211 2789 1263 locus
2815 1219 2984 1266 totum
3020 1213 3175 1267 simul
3202 1214 3648 1284 comprehendere
3690 1232 3784 1286 po-

2218 1295 2380 1348 terit?
2408 1294 2510 1350 Sed
2541 1299 2706 1366 quid?
2731 1299 2836 1354 Res
2863 1317 2967 1355 non
2995 1302 3065 1357 ita
3088 1318 3145 1356 se
3172 1303 3328 1358 habet
3358 1323 3370 1356 :
3400 1306 3530 1358 solio
3562 1322 3664 1360 non
3696 1309 3773 1361 inc

2219 1386 2447 1440 cluditur
2475 1387 2630 1441 Deus.
2663 1388 2716 1442 Si
2755 1401 2928 1444 autem
2969 1393 3338 1447 vestimentum
3367 1393 3588 1448 habebat
3607 1434 3621 1456 ,
3651 1410 3775 1463 quo-

2219 1475 2376 1529 modo
2424 1476 2556 1546 ignis
2603 1477 2730 1532 illud
2778 1494 2880 1536 non
2929 1484 3297 1552 consumpsit?
3341 1494 3394 1537 et
3432 1499 3532 1553 qua
3581 1485 3781 1540 ratione

2216 1568 2481 1638 Antiquus
2495 1567 2698 1625 dierum
2725 1569 2917 1624 dicitur
2943 1571 3032 1626 ille
3056 1611 3071 1637 ,
3105 1575 3194 1640 qui
3231 1583 3352 1629 ante
3389 1575 3562 1630 omnia
3591 1577 3782 1631 secula

2219 1657 2454 1710 exstitit?
2472 1673 2576 1727 quo
2594 1667 2744 1726 pacto
2761 1667 2932 1714 antem
2949 1667 3002 1714 et
3021 1662 3298 1729 antiquus?
3318 1662 3396 1716 Tu
3415 1666 3573 1731 enim,
3595 1667 3780 1735 inquit,

2217 1744 2346 1798 idem
2369 1746 2474 1815 ipse
2498 1763 2548 1800 es
2569 1746 2738 1816 (Psal.
2771 1749 2890 1804 101.
2915 1749 3029 1819 28).
3061 1749 3166 1805 Cur
3195 1753 3347 1822 igitur
3370 1757 3630 1825 antiquus,
3662 1771 3780 1810 cum

2217 1833 2425 1889 dicatur
2453 1835 2558 1889 :Et
2596 1840 2718 1892 anni
2759 1841 2829 1892 tui
2869 1857 2970 1893 non
2995 1841 3225 1909 deﬁcient
3254 1843 3614 1914 (lbid.)?'Qui
3658 1861 3783 1900 vero

2219 1924 2585 1979 vestimentum
2606 1943 2812 1998 quoque
2837 1928 2993 1984 fuerit
3018 1933 3156 1987 circa
3185 1933 3491 1992 immensum
3518 1951 3581 1990 ac
3609 1937 3784 1991 ineor-

2217 2018 2476 2084 porcum?
2499 2017 2696 2073 Etenim
2717 2022 3075 2089 magnitudinis
3096 2027 3224 2093 ejus,
3250 2026 3432 2096 inquit,
3458 2044 3558 2081 non
3577 2039 3647 2081 est
3666 2030 3783 2097 ﬁnis

2217 2104 2388 2174 (Psal.
2421 2109 2538 2165 144.
2572 2110 2649 2178 5).
2682 2110 2750 2164 Et
2776 2127 2955 2166 rursus
2984 2131 2996 2166 :
3028 2113 3089 2169 Si
3117 2119 3383 2170 ascendero
3409 2120 3458 2171 in
3483 2120 3659 2174 certum
3683 2162 3698 2186 ,
3731 2133 3784 2174 tu

2215 2198 2321 2252 illic
2349 2216 2435 2264 es;
2461 2203 2504 2254 si
2529 2203 2823 2257 descendero
2847 2206 2901 2258 in
2923 2207 3194 2275 infernum,
3217 2209 3335 2264 ades
3356 2209 3521 2280 (Psal.
3551 2215 3672 2267 131.
3701 2213 3780 2283 8).

2217 2291 2494 2357 Quomodo
2515 2293 2670 2362 igitur
2692 2306 2835 2350 veste
2860 2297 3390 2354 circumscribebatur
3415 2302 3661 2362 humana.
3686 2317 3784 2357 nec

2219 2380 2360 2432 illam
2399 2383 2784 2436 consumebat?
2824 2385 2890 2437 At
2935 2401 3062 2440 vero
3099 2397 3152 2441 et
3191 2389 3290 2442 alia
3319 2390 3576 2458 ejusmodi
3618 2393 3784 2445 multa

2220 2468 2402 2522 videre
2429 2485 2490 2523 ac
2520 2472 2691 2541 legere
2731 2483 2934 2541 poterat
2974 2478 3248 2545 pr0pheta.
3294 2481 3568 2547 Quomodo
3605 2493 3784 2538 autem

2218 2559 2393 2626 capilli
2425 2559 2474 2612 in
2507 2561 2623 2630 igne
2654 2579 2754 2615 non
2782 2567 3230 2621 absumebantur?
3261 2569 3479 2639 Propter
3502 2571 3600 2626 hoc
3620 2573 3784 2641 siqui-

2217 2649 2337 2704 dem
2364 2651 2582 2719 snbjecit
2605 2671 2618 2708 :
2645 2653 2875 2709 Tltronus
2895 2659 3006 2727 ejus
3026 2660 3154 2728 ignis
3176 2663 3372 2714 ardens.
3406 2661 3467 2714 Et
3493 2663 3608 2716 libri
3623 2675 3783 2732 aperti

2217 2749 2352 2793 sunt.
2387 2737 2454 2796 Ut
2482 2742 2567 2797 ille
2596 2745 2684 2813 qui
2713 2744 3022 2810 damnatur,
3052 2765 3148 2803 suo
3173 2750 3269 2804 sibi
3289 2750 3488 2819 judicio
3531 2753 3783 2810 condent-

2219 2840 2395 2884 netur.
2428 2833 2512 2887 11.
2549 2851 2568 2884 ε
2597 2835 2924 2902 Aspiciebam
2951 2846 3076 2891 tunc
3101 2853 3129 2891 a
3151 2854 3279 2894 voce
3302 2855 3604 2896 sermonum
3628 2859 3782 2912 gran-

2216 2921 2380 2986 dinm,
2410 2940 2543 2992 quos
2570 2941 2732 2980 cornu
2762 2927 2890 2981 illud
2921 2929 3249 2998 loquebatur.
3277 2934 3585 3001 Spectabam
3612 2935 3782 2989 donec

2218 3011 2490 3067 interfecta
2506 3025 2584 3068 est
2597 3016 2759 3070 bestia
2775 3017 2881 3077 illa,
2898 3022 2954 3067 et
2967 3017 3145 3084 periit,
3159 3021 3252 3074 iob
3266 3023 3780 3092 magniloquentiam.

2217 3101 2544 3171 Quamquam
2586 3105 2884 3159 Alexander
2927 3108 3087 3161 Deum
3136 3110 3389 3164 adorant.
3438 3132 3458 3164 ς
3497 3113 3562 3166 Ει
3591 3130 3786 3184 corpus

2218 3191 2333 3258 ejus
2353 3190 2530 3244 datum
2552 3202 2632 3246 est
2653 3192 2701 3246 in
2726 3195 3142 3250 combustionem
3175 3198 3326 3267 ignis.
3359 3199 3442 3252 12.
3471 3201 3533 3254 Et
3553 3203 3784 3272 reliqua-

2219 3298 2336 3336 rum
2360 3283 2641 3338 bestiarum
2666 3286 2947 3340 trauslatus
2968 3298 3048 3342 est
3071 3290 3386 3358 principatus
3409 3305 3494 3346 :et
3515 3294 3786 3363 longitudo

2219 3375 2340 3428 vita:
2362 3374 2480 3428 data
2508 3384 2587 3429 est
2606 3376 2681 3430 eis
2707 3391 2872 3446 usque
2897 3377 2964 3431 ad
2991 3386 3197 3446 tempus
3217 3391 3270 3434 et
3291 3391 3517 3450 tempus.
3548 3401 3565 3434 ι
3592 3385 3786 3451 Quam-

2219 3467 2299 3520 vis
2319 3467 2472 3521 flnem
2494 3468 2786 3535 habuerint,
2807 3479 3038 3524 attamen
3057 3470 3156 3524 hoc
3173 3473 3361 3526 factum
3379 3484 3478 3528 est.
3500 3472 3566 3527 Et
3583 3478 3786 3530 combu-

2217 3567 2294 3611 sta
2316 3568 2383 3610 est
2413 3559 2638 3622 bestia,et
2654 3576 2831 3629 corpus
2852 3561 2988 3614 illius
3008 3562 3122 3631 igne
3147 3563 3482 3631 absumptum.
3529 3566 3788 3620 Funditus

2218 3651 2440 3718 periisse
2463 3651 2716 3705 declarat.
2749 3653 2834 3706 15.
2867 3652 3176 3721 Aspiciebam
3213 3655 3264 3707 in
3299 3656 3481 3708 uisione
3510 3659 3703 3720 noctis,
3743 3663 3805 3711 er

2218 3758 2332 3796 ecce
2369 3758 2481 3794 cum
2524 3741 2731 3796 nubibus
2772 3745 2882 3796 caeli
2916 3746 3057 3812 quasi
3102 3743 3266 3797 Filius
3305 3745 3519 3800 hominis
3543 3748 3784 3803 ueniebat.

2220 3833 2348 3900 Quis
2375 3837 2486 3888 tunc
2512 3835 2754 3904 ignorat?
2781 3835 2897 3904 quis
2923 3835 3221 3904 perspicere
3248 3838 3477 3905 poterit?
3500 3853 3624 3892 num
3646 3840 3788 3894 enim

2219 3926 2408 3980 Petrus
2435 3935 2518 3980 est
2549 3926 2637 3996 qui
2668 3927 2763 3979 ista
2793 3925 2953 3989 dicit,
2991 3941 3024 3979 ο
3051 3925 3274 3981 Judaze?
3312 3943 3434 3982 num
3461 3927 3695 3982 Paulus?
3721 3927 3791 3981 Et

2219 4031 2350 4079 ecce,
2376 4017 2563 4085 inquit,
2592 4016 2733 4084 quasi
2768 4015 2934 4069 Filius
2959 4017 3173 4071 hominis
3200 4017 3438 4083 veniebat,
3466 4027 3512 4070 et
3538 4035 3692 4087 usque
3719 4021 3792 4072 ad

2221 4106 2480 4171 antiquum
2503 4106 2694 4157 dierum
2714 4107 2951 4174 pervenit.
2987 4107 3122 4160 Ecce
3146 4117 3197 4162 et
3225 4122 3319 4176 par
3343 4108 3567 4176 dignitas
3595 4109 3793 4163 utrius-

2221 4210 2342 4264 que.
2373 4193 2440 4246 Et
2463 4196 2516 4248 in
2545 4204 2809 4262 conspectu
2835 4197 2942 4264 ejus
2969 4196 3163 4249 oblatus
3188 4207 3257 4250 est
3280 4198 3374 4250 illi.
3405 4197 3471 4253 Ut
3497 4214 3616 4252 cum
3643 4199 3793 4254 vide-

2222 4287 2296 4340 ris
2325 4287 2420 4354 ipsi
2448 4302 2666 4356 regnum
2695 4287 2846 4351 tradi,
2878 4287 3027 4354 illud,
3061 4289 3215 4350 tradi,
3241 4288 3471 4345 humano
3496 4291 3656 4346 modo
3683 4307 3790 4346 non

2221 4391 2440 4431 censeas
2481 4377 2861 4445 accipiendum.
2907 4377 3038 4431 Nam
3071 4379 3109 4430 Α
3140 4378 3348 4432 nubibus
3387 4381 3497 4434 ειεΙὶ
3519 4421 3535 4445 ,
3573 4382 3790 4450 inquit:

2222 4466 2393 4520 nubes
2430 4477 2603 4520 autem
2646 4481 2740 4535 pro
2781 4467 2910 4521 caalo
2953 4483 3165 4523 sumere
3199 4470 3332 4523 solet
3360 4470 3651 4538 Scriptura.
3701 4473 3790 4529 14.

2226 4574 2245 4606 α
2279 4556 2344 4610 Et
2374 4556 2468 4625 ipsi
2498 4557 2648 4611 datus
2670 4565 2751 4610 est
2777 4557 3119 4625 principatus,
3149 4567 3203 4610 et
3230 4558 3417 4622 honor,
3445 4569 3498 4613 et
3525 4574 3747 4628 regnum
3773 4579 3790 4616 :

2221 4656 2275 4700 et
2303 4661 2487 4699 omnes
2518 4646 2692 4714 pepuli
2718 4685 2731 4707 ,
2761 4647 2928 4698 tribus
2951 4684 2968 4709 ,
2997 4646 3189 4714 lingua:
3218 4647 3316 4714 ipsi
3346 4649 3597 4702 servient.
3631 4649 3794 4704 Pote-

2222 4745 2330 4789 stas
2361 4737 2474 4802 ejus
2503 4743 2735 4803 pmestas
2763 4744 2964 4789 aeterna
2985 4777 3001 4802 ,
3047 4750 3163 4804 quae
3198 4752 3302 4792 non
3331 4740 3704 4807 pertransibit,
3743 4752 3798 4796 et

2221 4841 2441 4895 regnum
2487 4826 2600 4894 ejus
2629 4842 2732 4880 non
2771 4839 3159 4896 corrumpetur.
3196 4848 3215 4881 ι
3247 4829 3382 4895 Quid
3407 4872 3422 4895 ,
3459 4847 3641 4901 qnmso
3665 4870 3683 4897 ,
3713 4833 3799 4888 bis

2221 4916 2396 4970 verbis
2437 4917 2798 4970 manifestius?
2839 4915 2908 4968 Et
2946 4933 3115 4970 omnes
3154 4920 3346 4986 populi,
3379 4919 3567 4989 inquit,
3602 4921 3798 4988 tribus,

2222 5006 2411 5073 lingua:
2454 5006 2551 5072 ipsi
2594 5011 2820 5057 serrient.
2866 5005 2999 5059 Vide
3043 5016 3098 5057 ut
3144 5022 3351 5060 omnem
3391 5009 3538 5062 orbis
3579 5021 3796 5080 gentem

2221 5096 2530 5161 complexus
2556 5096 2639 5148 sit.
2672 5095 2801 5147 Vide
2827 5105 2882 5148 ut
2908 5105 2961 5150 et
2979 5095 3171 5163 judieis
3194 5098 3456 5165 acceperit
3481 5099 3709 5154 tribunal
3735 5114 3800 5154 ac

2224 5195 2555 5256 potestatem.
2585 5185 2657 5237 Nc
2684 5187 2822 5236 enim
2853 5184 2902 5236 id
2933 5199 3050 5238 esse
3084 5187 3456 5252 temporarium
3488 5189 3796 5253 existimes,

2221 5277 2296 5329 ait
2327 5294 2338 5326 :
2373 5275 2497 5340 Qua:
2535 5291 2632 5327 non
2673 5274 2988 5337 pertransibit
3027 5289 3046 5325 :
3085 5284 3128 5326 et
3155 5290 3361 5344 regnum
3391 5276 3527 5328 illius
3556 5294 3656 5329 non
3683 5294 3799 5330 eor-

2221 5376 2482 5433 rumpetur
2509 5381 2527 5417 :
2552 5364 2643 5416 sed
2672 5371 2772 5414 stat
2799 5377 2861 5416 ac
2889 5372 3085 5415 manet.
3121 5365 3269 5429 Quod
3299 5365 3341 5418 si
3375 5367 3531 5419 tidem
3566 5383 3670 5421 non
3702 5367 3802 5420 b.1-

2224 5458 2317 5511 bes
2339 5499 2353 5517 ,
2385 5471 2410 5506 a
2439 5457 2595 5510 rebus
2627 5453 2962 5521 persuadere.
2992 5453 3151 5507 Vides
3186 5455 3538 5523 aequalitatem
3573 5457 3802 5514 honoris

2222 5562 2342 5604 cum
2376 5546 2567 5599 Patre?
2608 5544 2734 5597 Nam
2763 5544 2884 5611 quia
2919 5544 3086 5597 Filius
3124 5553 3241 5612 post
3271 5545 3476 5600 Patrem
3509 5549 3757 5615 apparuit
3783 5587 3802 5612 ,

2223 5647 2438 5708 propter
2467 5636 2566 5688 hoc
2595 5635 2666 5687 ait
2694 5648 2811 5687 eum
2841 5633 3046 5688 venisse
3075 5648 3194 5687 cum
3222 5635 3466 5690 nubibus.
3515 5637 3673 5704 Quod
3705 5652 3804 5692 au-

2229 5738 2336 5780 tem
2368 5725 2616 5778 existeret
2643 5731 2694 5776 et
2723 5730 2896 5790 antea,
2922 5723 3115 5777 clarum
3146 5734 3227 5778 est
3254 5736 3319 5778 ex
3360 5723 3491 5792 ipsis
3523 5726 3796 5784 nubibus:
