4032 6220
273 355 380 407 231

253 452 447 516 πυρός
478 446 677 504 εἷλκεν
716 454 1177 521 ἐκπορευόμενος
1218 456 1549 523 ἔμπροσθεν
1589 454 1790 507 αὐτοῦ.

254 537 451 586 Χίλιαι
497 536 758 601 χιλιάδες
809 538 1221 605 ἐλειτούργουν
1256 539 1433 601 αὐτῷ,
1463 539 1558 590 και
1597 539 1795 604 μύριαι

250 621 537 686 μυριάδες
567 623 1065 689 παρειστήκεισαν
1086 625 1418 691 ἔμπροσθεν
1441 624 1642 678 αὑτοῦ.
1660 627 1793 689 Κρι-

255 706 459 773 τήριον
478 707 731 769 ἐκάθισε,
751 708 843 759 καὶ
866 710 1062 769 ,ϐίϐλοι
1085 708 1486 775 ἀνεῴχθησαν.
1514 708 1794 759 Συντείνω-

256 812 357 861 μεν
386 795 482 863 τὴν
514 794 769 857 διάνοιαν,
799 795 1082 863 ἀγαπητοί.
1117 796 1188 847 Οὐ
1224 796 1329 864 γὰρ
1369 795 1492 862 περ)⁸
1528 794 1732 861 μικρῶν
1765 794 1793 843 6

252 881 408 946 λόγος
452 882 583 933 ἐστί.
620 884 854 947 Θρόνοι,
896 883 1074 949 φησὶν,
1109 882 1415 945 ἐτέθησαν,
1463 881 1559 932 καὶ
1598 884 1630 934 ό
1678 886 1792 934 Πα-

249 966 423 1030 λαιὸς
469 967 699 1035 ἡμερῶν
742 968 1008 1033 ἐκάθητο.
1062 967 1153 1029 Τίς
1192 970 1337 1019 ἐστιν
1369 963 1552 1029 οὖτοςς
1583 968 1790 1038 ’Ὥσπερ

252 1052 488 1113 ἀκούσας
518 1053 701 1122 ἄρκον,
734 1054 831 1104 οὐκ
864 1055 1026 1122 ἄρκον
1058 1054 1298 1121 ἐνόησας,
1332 1054 1423 1104 καὶ
1455 1053 1686 1114 λέαιναν,
1728 1055 1786 1105 οὐ

251 1135 406 1187 τοῦτο
437 1136 767 1198 ὑπώπτευες,
794 1136 925 1188 ἀλλὰ
955 1135 1251 1203 βασιλείας·
1282 1139 1373 1187 καὶ
1409 1135 1694 1200 Θάλασσαν,
1724 1136 1784 1187 οὐ

252 1219 542 1283 θάλασσαν,
587 1220 716 1271 ἀλλά
742 1221 838 1289 τὴν
881 1218 1219 1288 οἰκουμένην,
1252 1220 1318 1271 δι’
1348 1220 1543 1290 ἑτέρων
1592 1220 1781 1288 ἔτεραο

249 1303 391 1355 οὕτω
433 1306 523 1355 καὶ
559 1304 669 1356 νῦν.
704 1304 929 1364 Παλαιὸς
967 1304 1183 1372 ἡμερῶν
1216 1305 1266 1355 τί
1312 1306 1487 1368 ὲστινς
1534 1305 1776 1372 Γεγηρα-

249 1390 364 1441 κότι
395 1392 498 1440 τινὶ
530 1390 706 1457 ἐῴκει.
738 1389 876 1459 Πρὸς
900 1391 1005 1460 γὰρ
1027 1392 1124 1452 τὰς
1153 1392 1334 1459 χρείας
1372 1392 1477 1442 τῶν
1533 1392 1784 1459 πραγμά-

247 1491 374 1535 των,
409 1475 471 1525 δι’
512 1474 573 1534 ἃς
612 1474 872 1540 φαίνεται,
918 1478 1074 1527 τυποῖ
1115 1477 1321 1537 ἑαυτὸν,
1380 1475 1527 1545 [259]
1576 1475 1783 1535 δεικνυς

246 1560 329 1610 ὅτι
381 1562 490 1619 τοῖς
548 1558 800 1620 τοιούτοις
848 1560 1187 1611 πιστεύεσθαι
1239 1560 1305 1610 τά
1350 1560 1599 1628 κριτήρια
1654 1561 1778 1627 χρή.

248 1644 457 1713 Ὠσπερ
501 1645 607 1713 γὰρ
652 1645 832 1714 θρόνον
878 1645 1083 1697 ἀκούων
1132 1645 1251 1713 οὐχὶ
1300 1645 1563 1714 καθέδραν
1610 1649 1777 1708 νοεῖς*

243 1729 380 1778 ἀλλά
413 1730 525 1789 πῶς
563 1729 651 1782 τὸν
693 1730 947 1797 χυδαῖόν⁸
993 1745 1074 1791 τις
1108 1729 1482 1793 ἐπισπάσαιτο,
1520 1731 1638 1782 ἐπεὶ
1690 1732 1781 1783 καὶ

242 1813 471 1881 ἀλλαχοῦ
498 1815 828 1882 ὡπλισμένος
854 1813 1115 1881 φαίνεται,
1139 1815 1228 1865 καὶ
1257 1815 1513 1883 ἑτέρωθεν
1536 1817 1781 1885 ᾑμαγμέ-

243 1914 367 1959 νος;
400 1898 561 1950 Τοῦτο
588 1896 681 1951 οὖν
720 1898 959 1966 βούλεται
986 1899 1169 1962 δεῖξαι,
1201 1899 1278 1949 ὅτι
1310 1899 1539 1967 κρίσεως
1568 1902 1773 1968 καιρός.

251 1985 321 2033 Τὸ
373 1984 595 2049 ἔνδυμα
646 1986 853 2047 αὑτοῦ,
906 1985 1045 2035 ὡσεί
1098 1983 1262 2051 χιὼν,
1322 1986 1559 2038 λευκόν.
1624 1987 1776 2048 Τίνος

242 2066 464 2128 ’ἐνεκεν;
494 2067 615 2117 ’Ότι
660 2067 778 2134 οὐχὶ
826 2068 1052 2136 κρίσεως
1104 2068 1288 2139 καιρὸς
1320 2069 1493 2136 μόνον,
1525 2070 1657 2122 ἀλλά
1684 2073 1777 2123 καὶ

240 2151 675 2212 ἀνταποδόσεως·
723 2153 801 2203 ὅτι
849 2151 1050 2213 πάντας
1093 2152 1171 2203 δεῖ
1220 2152 1366 2221 αὑτῴ
1411 2154 1775 2222 παραστῆναι*

238 2234 321 2283 ὅτι
360 2234 430 2286 Τὸ
470 2235 642 2302 κρῖμα
679 2235 881 2298 αὑτοῦ,
926 2238 1085 2304 φησὶ,
1119 2238 1199 2301 ὡς
1233 2236 1354 2304 φῶς
1382 2238 1775 2301 ἐξελεύσεται.

238 2315 371 2370 Εἶτα
407 2324 608 2387 Θρόνοι
658 2323 963 2387 ἐτέθησαν.
1000 2324 1073 2375 Οὐ
1124 2325 1319 2393 θρόνοι,
1358 2328 1414 2380 ὲν
1475 2322 1553 2388 οἷς
1592 2330 1779 2390 Καθή-

236 2411 441 2466 σεσθε,
467 2408 615 2475 φησὶ,
642 2409 737 2460 ἐπὶ
765 2409 987 2461 δώδεκα
1015 2410 1292 2475 θρόνους;
1324 2410 1428 2465 Kal
1449 2412 1487 2478 ἠ
1514 2413 1642 2478 θρίξ
1671 2414 1777 2481 τῆς

234 2491 502 2557 κεφαλῆς
532 2493 711 2545 αὑτοῦ
743 2494 882 2545 ὡσεὶ
909 2495 1068 2561 ἔριον
1092 2498 1364 2563 καθαρόν.
1396 2498 1467 2548 Τὸ
1498 2498 1607 2567 πῦρ
1626 2501 1775 2553 οὐδὲν

234 2577 540 2644 ἀνήλισκεν,
569 2577 747 2645 ἐπειδὴ
775 2580 880 2648 γὰρ
907 2581 1131 2650 ἥμερον.
1165 2580 1313 2643 Εἶδες
1336 2581 1455 2649 ὄψιν
1481 2585 1571 2635 καὶ
1594 2587 1773 2655 σχῆμα

233 2661 503 2713 πολιτικὸν
547 2664 638 2714 καὶ
690 2663 1098 2733 δημαγωγικόν;
1139 2667 1195 2718 '0
1229 2666 1408 2736 θρόνος
1453 2670 1667 2736 ἐφόϐει,
1698 2672 1776 2739 τῷ

235 2746 538 2815 πολύπυρος
565 2745 699 2800 εἶναι
718 2765 731 2779 '
764 2749 871 2819 πῦρ
902 2752 997 2818 οὐχ
1026 2752 1226 2814 ἁπλῶς,
1259 2753 1391 2805 ἀλλὰ
1420 2754 1635 2821 φλέγον.
1661 2758 1773 2808 ’Ἰνα

233 2833 342 2898 γὰρ
397 2832 469 2899 μὴ
528 2835 748 2901 νομίσῃς
795 2836 881 2885 διά
930 2837 1028 2904 τὴν
1076 2837 1254 2889 είκόνα
1316 2839 1770 2909 παραϐεϐλῆσθαι,

235 2914 570 2984 προσέθηκεν
596 2918 755 2968 αὑτοῦ
797 2920 894 2986 τὴν
936 2920 1229 2987 ἐνέργειαν,
1262 2922 1426 2974 εἰπὼν
1464 2925 1560 2991 οὐχ
1592 2925 1773 2986 ἁπλῶς

236 3000 368 3067 πῦρ,
414 3000 565 3063 ἀλλὰ,
616 3004 737 3069 Πῦρ
783 3003 1025 3069 φλέγον.
1068 3006 1330 3071 Ποταμός
1360 3008 1544 3073 πυρὸς
1574 3005 1773 3061 εἷλκεν

235 3086 569 3152 ἔμπροσθεν
610 3088 811 3141 αὐτοῦ.
857 3090 1047 3141 Χίλιαι
1080 3090 1339 3156 χιλιάδες
1365 3092 1772 3161 ἐλειτούργουν

230 3170 407 3235 αὐτῷ,
449 3174 545 3224 καί
580 3176 777 3241 μύριαι
823 3176 1100 3241 μυριάδες
1139 3178 1632 3245 παρειστήκεισαν
1676 3181 1772 3248 ἐμ-

230 3263 489 3324 προσθεν
512 3263 712 3315 αὑτοῦ.
737 3264 1039 3330 Κριτήριον
1065 3264 1357 3318 ἐκάθισεν.
1390 3266 1660 3329 Τουτέστι,
1687 3268 1770 3319 διὰ

228 3343 385 3394 τοῦτο
416 3345 755 3414 παρεγένετο,
794 3348 931 3399 ὥστε
969 3350 1240 3417 κριτήριον
1273 3350 1506 3401 καθίσαι.
1540 3352 1641 3403 Kal
1676 3353 1773 3413 ,βί-

229 3429 358 3479 ὅλοι
397 3429 798 3496 ἀνεῴχθησαν.
826 3432 887 3482 Τί
914 3432 1115 3499 λέγεις;
1145 3434 1359 3501 βιϐλίων
1383 3437 1409 3485 6
1434 3435 1559 3496 Θεὸς
1584 3435 1768 3499 δεῖται,

238 3512 301 3562 '0
328 3511 399 3563 τὰ
424 3513 614 3565 πάντα
636 3515 800 3579 εἰδὼς
824 3516 963 3583 πρὶν
984 3516 1264 3585 γενέσεως
1291 3517 1514 3581 αὑτῶν;
1546 3520 1599 3569 '0
1629 3521 1772 3572 πλά-

226 3613 340 3661 σας
375 3599 521 3650 κατὰ
553 3600 741 3665 μόνας
777 3603 881 3664 τὰς
919 3601 1155 3668 καρδίας
1186 3602 1406 3665 αύτῶν;
1447 3604 1600 3656 Ἀλλά
1634 3608 1769 3658 κατὰ

226 3682 314 3732 τὸν
363 3682 521 3749 νόμον
568 3684 673 3735 τῶν
718 3687 986 3753 ἀρχόντων
1027 3688 1223 3739 τούτων
1266 3688 1433 3755 λέγει,
1474 3690 1659 3761 ὥσπερ
1705 3693 1770 3745 τὰ

227 3768 586 3835 ὑπομνήματα
615 3769 902 3837 πράττεται
932 3775 1057 3841 παρ’
1088 3775 1237 3841 ἡμῖν.
1267 3775 1526 3845 Καθάπερ
1556 3778 1657 3848 γὰρ
1682 3780 1765 3828 ὲν-

224 3850 395 3901 ταῦθα
427 3852 486 3901 οὐ
515 3854 601 3903 διὰ
638 3854 790 3904 τοῦτο
818 3855 1249 3920 ἀναγινώσκεται,
1285 3857 1421 3908 ὥστε
1458 3859 1642 3927 μαθεῖν
1676 3861 1765 3912 τὸν

224 3935 453 4001 ἄρχοντα
493 3936 663 4003 μόνον,
697 3938 805 3989 ἀλλ’
828 3938 963 3990 ῶστε
991 3940 1217 4007 φανῆναι
1247 3942 1451 3993 δικαίαν
1478 3938 1637 3995 οὖσαν
1667 3947 1764 4014 τὴν

225 4019 404 4085 κρίσιν
432 4035 444 4049 ·
476 4020 612 4071 οὕτω
647 4024 737 4072 καὶ
763 4023 898 4085 τότε,
931 4027 976 4074 εί
1011 4026 1102 4075 καὶ
1133 4022 1239 4076 οἶδε
1268 4025 1485 4089 δικαίως
1514 4028 1762 4092 δικάζων,

223 4103 333 4153 ἀλλ’
366 4104 512 4171 ὅμως
546 4107 741 4173 ἀνοίγει
770 4108 865 4169 τὰς
899 4110 1122 4177 βίϐλους.
1163 4112 1313 4173 Τίνος
1349 4114 1553 4177 ἓνεκεν;
1592 4116 1653 4165 Τί
1681 4116 1764 4165 λέ-

224 4204 356 4252 γεις,
372 4188 466 4238 καὶ
480 4191 528 4239 τί
547 4189 713 4252 θέλεις
731 4194 896 4245 εἰπεῖν
913 4210 926 4256 ;
945 4195 1095 4255 Τίνος
1110 4197 1287 4249 ’ἐνεκεν
1314 4198 1371 4247 οὐ
1389 4197 1529 4263 λέγει
1559 4200 1647 4250 καὶ
1667 4200 1762 4262 τὰς

222 4272 415 4338 τιμάς;
462 4269 623 4325 Εἶπεν
655 4292 668 4305 σ
702 4278 902 4342 Θρόνοι
944 4279 1249 4344 ἐτέθησαν,
1295 4282 1412 4332 ἐπεὶ
1448 4284 1538 4334 καὶ
1571 4285 1597 4333 6
1634 4284 1761 4345 Θεὸς

221 4355 417 4418 ταύτας
452 4357 644 4427 ῶρισεν
680 4374 693 4388 ·
732 4361 912 4429 ἐπειδὴ
939 4362 992 4412 δὲ
1026 4364 1113 4413 καὶ
1148 4364 1245 4415 οὐκ
1281 4364 1605 4434 ἠκούσαμεν,
1641 4368 1757 4419 τότε

221 4442 318 4511 τὴν
347 4446 605 4511 τιμωρίαν
634 4448 723 4497 καὶ
754 4448 847 4515 τὴν
876 4447 1106 4501 κόλασιν.
1131 4450 1236 4501 Καὶ
1262 4450 1355 4517 οὐχ
1382 4453 1510 4519 ἡμῖν
1542 4452 1757 4521 πρώτην

223 4524 421 4592 ταύτην
446 4528 616 4595 ἀφῆκε
650 4533 855 4598 φωνήν;
902 4532 1038 4584 Ἀπὸ
1060 4535 1187 4585 τότε
1217 4533 1451 4599 ἤρξατο,
1481 4538 1629 4605 φησὶ,
1658 4556 1758 4604 κη-

214 4611 468 4675 ρύσσειν
487 4613 596 4677 τὴν
611 4615 929 4675 βασιλείαν
948 4618 1062 4669 τῶν
1084 4618 1365 4684 οὐρανῶν.
1382 4623 1559 4689 Μηδὲν
1578 4640 1758 4692 σωμα-

218 4698 363 4749 τικὸν
393 4700 678 4770 ὑπολάϐῃς,
696 4703 959 4769 ἀγαπητὲ,
983 4706 1111 4773 μηδὲ
1128 4709 1572 4777 ὲμπεριειλῆφθαι
1590 4712 1756 4781 θρόνῳ

217 4781 305 4833 τὸν
320 4784 538 4853 ἄπειρον
559 4785 684 4836 Θεὸν
703 4786 941 4856 νομίσῃς.
966 4792 1026 4840 El
1055 4791 1159 4859 γὰρ
1188 4795 1284 4845 Ἑν
1312 4792 1382 4859 τῇ
1414 4798 1557 4861 χειρί
1576 4798 1756 4851 αὑτοῦ

217 4867 286 4916 τὰ
326 4867 550 4933 πέρατα
588 4868 694 4935 τῆς
721 4871 831 4938 γῆς
862 4889 876 4903 ο
912 4874 959 4923 εί
991 4872 1067 4925 Τὰ
1100 4874 1202 4941 ὄρη
1240 4877 1459 4942 ἔστησε
1489 4880 1632 4946 ζυγῷ
1661 4899 1672 4910 ·
1710 4884 1756 4933 εί

217 4950 413 5003 Πάντα
451 4957 520 5006 τὰ
559 4955 698 5022 ἔθνη
729 4959 807 5022 ὡς
838 4959 1041 5023 σίελος
1074 4961 1323 5013 ἐνώπιον
1352 4966 1532 5017 αὑτοῦ
1564 4967 1756 5033 ἐλογισ

212 5039 348 5102 σθη,
382 5040 477 5091 καὶ
506 5042 583 5104 ὠς
611 5045 907 5109 κονιορτὸς
944 5044 1194 5097 ἐνώπιον
1229 5050 1410 5101 αὑτοῦ
1442 5052 1513 5102 τὰ
1544 5052 1753 5115 πάντα,

208 5122 283 5184 ὡς
320 5126 479 5186 αὑτός
520 5144 648 5194 φησι
683 5146 696 5160 ·
740 5133 887 5191 ποῖος
922 5132 1081 5193 τόπος
1122 5134 1239 5185 ὅλον
1282 5136 1414 5202 ὁμοῦ
1456 5139 1755 5204 περιϐαλεῖν

202 5207 518 5277 δυνήσεται;
558 5214 712 5266 Ἀλλὰ
740 5217 822 5279 τί;
850 5219 962 5269 Οὐκ
994 5218 1108 5269 ἔστι
1140 5221 1312 5287 τοῦτο,
1348 5226 1443 5276 οὐκ
1478 5227 1755 5295 ὲναπείλη-

268 5486 368 5551 ᾔει
392 5488 610 5551 legamus
627 5490 680 5535 τὸ
702 5491 908 5551 χυδαῖον.
940 5493 1067 5543 clara
1108 5501 1252 5544 erunt
1274 5500 1445 5547 omnia.
1473 5499 1641 5549 Postea
1682 5516 1733 5551 re

203 5546 360 5595 εει-ιδο
384 5546 585 5608 ἑτέρωθι.

513 5621 775 5678 ΡΑτιιοι..
808 5618 923 5677 Gn.
970 5621 1119 5680 LVI.

1615 343 1679 397 IN
1714 342 2075 402 DANIELEM.

3336 358 3448 414 232

1896 473 2022 508 πται
2038 459 2222 528 θρόνῳ.
2248 459 2375 511 Εὶδὲ
2391 459 2585 527 ἔνδυμα
2607 455 2737 527 εἶχε,
2762 459 2875 520 πῶς
2903 461 2998 511 οὐκ
3026 460 3292 528 ἀνήλωσεν
3314 461 3442 512 αὐτὸ

1892 542 1949 592 τὸ
1973 543 2113 610 πῦρ;
2146 544 2261 605 πῶς
2286 541 2334 593 εἷ
2357 544 2411 595 δὲ
2438 544 2500 610 (Ῑ.
2532 544 2637 611 εἴη)
2663 543 2891 605 Παλαιὸς
2920 543 3157 612 ἡμερῶν,
3188 546 3216 595 6
3246 542 3325 612 [Ῑ.
3347 544 3439 612 ὸςι

1890 627 1992 695 πρὸ
2014 631 2222 681 πάντων
2243 630 2349 681 τῶν
2370 630 2576 681 αἰώνων
2601 630 2837 697 ὑπῆρχες
2862 629 2975 689 πῶς
2996 629 3048 679 δὲ
3072 629 3162 679 καὶ
3184 629 3404 688 παλαιός
3423 643 3437 688 ;

1887 711 1968 761 Σὺ
1990 711 2115 780 γὰρ,
2133 713 2281 779 φησὶ,
2302 713 2447 781 [240]
2474 716 2506 764 ό
2525 713 2700 777 αὐτὸς
2716 709 2783 764 εἷ.
2806 712 2926 773 Πῶς
2948 709 3039 763 οὖν
3062 712 3314 776 παλαιός;
3334 712 3439 763 Kal

1888 794 1957 845 τὰ
1980 795 2081 859 ἔτη
2100 809 2214 848 σου
2242 796 2367 864 γὰρ,
2396 797 2545 863 φησὶ,
2572 798 2679 848 οὐκ
2701 797 3105 861 ἐκλείψουσιν.
3134 795 3254 856 Πῶς
3274 793 3439 847 δὲκαὶ

1886 877 2084 946 ἔνδυμα
2120 881 2309 945 γένοιτ’
2348 881 2411 932 ἃν
2450 881 2575 948 περὶ
2612 880 2700 931 τὸν
2740 880 2958 946 ἄπειρον
2994 880 3085 931 καὶ
3117 879 3433 948 ἀσώματον;

1889 960 2038 1011 Οὐδὲ
2064 962 2172 1029 τὰρ
2200 961 2305 1027 τῆς
2324 964 2747 1031 μεγαλωσύνης
2774 963 2975 1025 αὑτοῦ,
3002 964 3151 1033 φησὶ,
3178 964 3304 1016 ἐστι
3329 966 3433 1016 πέ-

1880 1060 2009 1108 ρας.
2043 1048 2148 1097 Kal
2177 1047 2333 1099 πάλιν
2361 1064 2373 1077 ·
2417 1047 2555 1100 Ἐὰν
2580 1048 2773 1103 ἀναϐῶ
2807 1051 2891 1111 εὶς
2924 1050 3025 1099 τὸν
3050 1051 3323 1116 οὐρανόν,
3352 1050 3433 1102 σὺ

1882 1129 2006 1180 ἐκεῖ
2023 1128 2110 1182 εἴ·
2137 1131 2242 1183 ἐὰν
2266 1132 2490 1185 καταϐῶ
2524 1136 2608 1197 εὶς
2639 1133 2741 1184 τὸν
2765 1133 2934 1198 ᾅδην,
2966 1133 3153 1199 πάρει.
3195 1137 3314 1198 Πῶς
3343 1132 3435 1188 οὖν

1886 1216 2078 1283 ίματίῳ
2105 1221 2494 1288 περιεγράφετο
2524 1219 2857 1289 ἀνθρωπίνῳ,
2881 1220 2970 1271 καὶ
3010 1218 3128 1271 οὕτε
3164 1221 3314 1272 τοῦτο
3350 1224 3435 1274 ἀν-

1882 1300 2123 1368 ήλισκενς
2166 1303 2321 1355 Ἀλλά
2352 1306 2454 1373 μὴν
2482 1306 2572 1356 καὶ
2602 1305 2760 1373 ἕτερα
2795 1304 2959 1355 πολλὰ
2981 1305 3207 1373 ἠδύνατο
3246 1305 3369 1356 ἰδεῖν
3405 1310 3434 1358 6

1884 1388 2179 1455 προφήτης.
2226 1390 2345 1450 Πῶς
2372 1391 2426 1441 δὲ
2460 1391 2637 1459 τρίχες
2674 1393 2730 1442 ὲν
2765 1391 2895 1457 πυρὶ
2925 1392 3022 1442 οὐκ
3055 1390 3427 1459 ἀνηλίσκοντος

1879 1472 1977 1523 Διὰ
2018 1473 2125 1541 γὰρ
2165 1472 2317 1525 τοῦτο
2364 1476 2633 1543 ἐπήγαγεν
2677 1492 2689 1506 ·
2732 1477 2795 1527 '0
2837 1476 3047 1542 θρόνος
3091 1476 3273 1527 αὐτοῦ
3314 1476 3432 1541 πῦρ

1877 1557 2115 1623 φλέγον.
2156 1560 2261 1611 Kal
2286 1560 2486 1622 βίϐλοι
2519 1560 2923 1627 ἀνεῴχθησαν.
2952 1562 3113 1611 Ὥστε
3142 1562 3433 1613 αὐτοκατά-

1878 1658 2059 1710 κριτον
2087 1644 2328 1708 γενέσθαι
2352 1645 2438 1695 τὸν
2463 1646 2794 1714 κρινόμενον.
2827 1645 3146 1711 Ἐθεώρουν
3166 1648 3293 1697 τότε
3314 1648 3430 1699 ἀπὸ

1874 1727 2077 1793 φωνῆς
2124 1727 2239 1779 τῶν
2284 1731 2478 1796 λόγων
2519 1728 2636 1781 τῶν
2672 1730 2964 1797 μεγάλων,
3011 1725 3097 1782 ὧν
3141 1730 3207 1781 τὸ
3255 1730 3430 1793 κέρας

1873 1811 2064 1864 ἐκεῖνο
2091 1812 2311 1865 ἐλάλει.
2352 1813 2589 1880 Θεωρῶν
2614 1814 2792 1882 ἤμην,
2819 1815 2926 1879 ἕως
2954 1815 3204 1881 ἀνῃρέθη
3231 1817 3295 1866 τὸ
3328 1819 3428 1880 θη-

1866 1898 2020 1962 ρίον,
2062 1899 2156 1950 καὶ
2202 1897 2485 1962 ἀπώλετο,
2525 1900 2630 1951 ἀπὸ
2662 1900 2757 1968 τῆς
2792 1900 3205 1969 μεγαληγορίας.
3240 1900 3426 1951 Καίτοι

1887 1980 2221 2048 Ἀλέξανδρος
2262 1985 2623 2053 προσεκύνησε
2668 1986 2756 2036 τὸν
2800 1985 2949 2037 Θεόν.
2991 1985 3095 2036 Kal
3145 1983 3209 2035 τὸ
3258 1983 3426 2050 σῶμα

1873 2066 2054 2118 αὑτοῦ
2092 2068 2267 2133 ἐδόθη
2301 2071 2385 2133 είς
2420 2069 2635 2122 καῦσιν
2673 2072 2875 2135 πυρός.
2917 2070 3022 2122 Kal
3057 2069 3172 2120 τῶν
3201 2067 3425 2120 λοιπῶν

1875 2152 2087 2216 θηρίων
2116 2152 2442 2219 μετεστάθη
2478 2156 2516 2219 ἡ
2554 2155 2703 2220 ἀρχή
2731 2170 2743 2183 ·
2783 2155 2876 2206 καὶ
2912 2152 3245 2220 μακρότηςδ
3279 2152 3426 2218 ζωῆς

1873 2235 2045 2300 ἐδόθη
2069 2238 2267 2301 αὺτοῖς
2293 2239 2401 2302 ἓως
2438 2239 2651 2305 καιρῶν
2682 2241 2774 2291 καὶ
2811 2240 3035 2306 καιροῦ.
3061 2239 3121 2289 Εἰ
3153 2239 3244 2289 καὶ
3276 2238 3425 2299 τέλος

1873 2321 2044 2387 ἔσχον,
2082 2322 2190 2373 ἀλλ’
2222 2324 2366 2389 ὅμως
2397 2323 2549 2375 τοῦτο
2589 2324 2816 2391 ἐγένετο.
2861 2325 2967 2377 Kal
3007 2326 3323 2388 κετεκαύθη
3359 2324 3423 2374 τὸ

1874 2408 2096 2471 θηρίον,
2128 2408 2224 2459 καὶ
2250 2410 2314 2460 τὸ
2339 2408 2507 2475 σῶμα
2539 2412 2719 2463 αὐτοῦ
2758 2411 2994 2475 ἐκαύθη.
3039 2411 3110 2461 Τὸ
3150 2408 3425 2470 παντελῶς

1870 2493 2168 2562 ἀνῃρῆσθαι
2184 2495 2344 2563 δηλοῖ.
2365 2497 2675 2563 Ἐθεώρουν
2694 2497 2762 2549 ἑν
2783 2497 3020 2563 ὁράματι
3050 2495 3154 2561 τῆς
3175 2496 3387 2557 νυκτός
3404 2510 3419 2524 ο

1870 2580 1965 2631 καὶ
1995 2579 2120 2631 ἰδοὺ
2147 2581 2293 2648 μετὰ
2323 2583 2435 2633 τῶν
2462 2582 2727 2648 νεφελῶν
2759 2582 2863 2633 τοῦ
2898 2580 3151 2646 οὐρανοῦ
3179 2580 3258 2642 ὡς
3295 2578 3425 2642 Υἱὸς

1868 2664 2174 2729 ἀνθρώπου
2213 2665 2528 2731 ἐρχόμενος
2557 2660 2653 2733 ἦν.
2696 2666 2788 2727 Τίς
2828 2664 2994 2717 ταῦτα
3028 2665 3234 2730 ἀγνοεῖ;
3282 2674 3302 2701 ο
3342 2663 3426 2723 τίς

1869 2746 2143 2813 διαϐλέψαι
2174 2748 2485 2816 δυνήσεται;
2524 2750 2596 2817 μὴ
2625 2750 2730 2815 γὰρ
2757 2749 2958 2819 Πέτρος
2990 2751 3155 2801 ταῦτα
3190 2748 3353 2815 λέγει,
3377 2741 3423 2798 ὦ

1870 2832 2113 2895 Ἰουδαῖε;
2153 2833 2224 2901 μὴ
2260 2832 2365 2902 γὰρ
2392 2834 2629 2898 Παῦλοςς
2662 2833 2765 2886 Kal
2805 2835 2950 2896 ἰδοὺ,
2981 2836 3142 2903 φησὶ,
3176 2834 3255 2899 ὡς
3291 2834 3423 2897 Υίὸς

1869 2916 2173 2981 ἀνθρώπου
2196 2917 2507 2985 ἐρχόμενος
2532 2915 2628 2987 ἦν,
2650 2920 2743 2973 καί
2765 2918 2872 2984 ἓως
2890 2918 2995 2971 τοῦ
3020 2919 3282 2972 Παλαιοῦ
3306 2918 3422 2971 τῶν

1870 3004 2098 3069 ἡμερῶν
2123 3003 2400 3072 ἔφθασεν.
2449 3006 2575 3057 Ἰδοὺ
2608 3007 2696 3057 καὶ
2732 3006 2790 3057 τὸ
2820 3007 3098 3075 ὁμότιμον.
3145 3005 3421 3056 Ἐνώπιον

1867 3089 2048 3142 αὐτοῦ
2078 3090 2452 3157 προσηνέχθη
2493 3090 2667 3155 αὐτῷ.
2694 3093 2807 3143 ’Ἰνα
2836 3093 2961 3143 ὅταν
2994 3092 3105 3159 ἴδῃς
3143 3092 3417 3158 διδομένην

1868 3173 2013 3241 αὐτῷ
2039 3174 2133 3243 τὴν
2162 3173 2449 3241 βασιλείαν,
2483 3174 2557 3243 μὴ
2579 3174 2923 3245 ἀνθρωπίνως
2954 3176 3174 3244 νομίσῃς
3196 3171 3329 3226 εἶναι
3356 3174 3417 3224 τὸ

1866 3257 2122 3310 δεδόσθαι.
2142 3258 2268 3309 Ἀπὸ
2292 3258 2397 3325 γὰρ
2417 3257 2533 3309 τῶν
2552 3259 2815 3325 νεφελῶν
2834 3259 2937 3310 τοῦ
2958 3259 3230 3324 οὐρανοῦ,
3252 3259 3378 3327 φησί
3397 3272 3413 3288 °

1866 3340 1962 3401 τὰς
1978 3340 2030 3391 δὲ
2050 3341 2270 3407 νεφέλας
2296 3342 2412 3392 ἀντὶ
2428 3340 2518 3392 τοῦ
2534 3342 2756 3412 οὐρανοῦ
2776 3343 3214 3411 παραλαμϐάνειν
3232 3342 3415 3393 εἴωθεν

1869 3424 1900 3491 ὴ
1923 3425 2128 3492 Γραφή.
2160 3425 2265 3477 Kal
2292 3424 2447 3489 αὐτῷ
2474 3425 2646 3490 ἐδόθη
2676 3428 2713 3492 ἡ
2744 3426 2917 3494 ἀρχὴ.
2942 3428 3038 3479 καὶ
3064 3427 3101 3492 ἠ
3132 3426 3288 3493 τιμὴ,
3317 3425 3414 3477 καὶ

1867 3511 1904 3575 ἡ
1929 3509 2209 3570 ,ϐασιλεία
2234 3526 2247 3541 ·
2279 3510 2375 3561 καί
2400 3511 2615 3575 πάντες
2644 3513 2697 3562 ol
2728 3514 2880 3574 λαοὶ,
2912 3512 3114 3579 φυλαὶ,
3144 3512 3412 3580 γλῶσσαι

1866 3592 2020 3656 αὐτῷ
2063 3594 2516 3647 δουλεύσουσιν.
2560 3595 2620 3647 Ἠ
2658 3596 2904 3657 ἐξουσία
2943 3597 3126 3648 αὑτοῦ
3165 3596 3412 3658 ἐξουσία

1864 3678 2112 3742 αἰώνιος,
2152 3678 2278 3743 ἣτις
2312 3682 2381 3731 οὺ
2416 3681 2837 3744 παρελεύσεται
2872 3697 2886 3710 ο
2929 3681 3025 3733 καὶ
3058 3680 3095 3746 ἡ
3129 3682 3413 3743 ,βασιλειά

1864 3765 2045 3817 αὑτοῦ
2088 3766 2157 3816 οὺ
2202 3764 2674 3832 διαφθαρήσεται.
2715 3767 2777 3817 Τί
2824 3766 3008 3818 τούτου
3053 3767 3408 3839 σαφέστερονς

1865 3850 1979 3901 εἰπέ
2007 3866 2113 3917 μοι.
2144 3850 2245 3901 Kal
2278 3849 2492 3912 πάντες
2525 3851 2679 3911 λαοὶ,
2716 3851 2864 3919 φησὶ,
2902 3853 3104 3919 φυλαὶ,
3142 3852 3411 3921 γλῶσσαι

1862 3934 2018 3996 αὐτῷ
2054 3935 2505 3988 δουλεύσουσιν.
2536 3937 2673 4005 Ὅρα
2716 3936 2829 3997 πῶς
2868 3937 3010 3989 ἅπαν
3039 3938 3098 3989 τὸ
3136 3938 3282 4000 ἔθνος
3311 3939 3411 4006 τῆς

1861 4022 2175 4089 οἰκουμένης
2209 4022 2587 4090 περιέγραψεν.
2620 4023 2772 4091 ⁴¹Ορα
2803 4024 2893 4075 καὶ
2925 4024 2983 4075 τὸ
3012 4025 3283 4093 κριτήριον
3312 4024 3408 4076 αὺ-

1860 4107 1949 4157 τὸν
1975 4106 2218 4159 λαϐόντα,
2241 4108 2355 4158 ’Ὶνα
2388 4107 2495 4177 γὰρ
2528 4107 2600 4176 μὴ
2625 4109 2811 4177 χρόνου
2833 4110 3056 4180 νομίσῃς
3074 4106 3209 4162 εἶναι
3232 4109 3404 4171 τοῦτο,

1862 4191 1991 4258 φησί
2018 4205 2030 4217 ·
2057 4191 2213 4253 Ἠτις
2234 4193 2303 4243 οὐ
2333 4193 2755 4257 παρελεύσεται
2780 4210 2793 4224 ο
2822 4195 2917 4245 καὶ
2946 4195 2983 4258 ἡ
3006 4196 3285 4257 βασιλεία
3304 4196 3406 4246 αὺ-

1860 4277 1963 4329 τοῦ
1990 4279 2060 4329 οὺ
2091 4277 2547 4343 διαφθαρήσεται
2578 4294 2591 4308 °
2631 4280 2742 4331 ἀλλ’
2780 4280 2972 4349 ἕστηκε
3014 4281 3105 4332 καὶ
3148 4282 3313 4348 μένει.
3341 4278 3402 4330 El

1860 4362 1914 4412 δὲ
1945 4363 2206 4423 ἀπιστεῖς,
2230 4362 2335 4412 ἀπὸ
2365 4362 2694 4430 πραγμάτων
2727 4363 2929 4416 πείθου.
2955 4361 3101 4427 Εἶδες
3121 4366 3405 4434 όμοτιμίαν

1858 4445 2018 4496 αὐτοῦ
2050 4445 2179 4513 πρὸς
2208 4446 2295 4496 τὸν
2330 4446 2569 4515 Πατέρα;
2605 4446 2817 4516 Ἐπειδὴ
2845 4448 2950 4516 γάρ
2986 4448 3205 4519 ὕστερος
3234 4450 3403 4520 ὲφὰνη

1856 4529 1947 4581 τοῦ
1976 4530 2201 4597 Πατρὸς,
2232 4529 2318 4581 διὰ
2346 4530 2496 4581 τοῦτό
2522 4548 2668 4597 φησι,
2700 4533 2779 4583 ὅτι
2803 4529 2931 4600 ἦλθε
2962 4534 3095 4601 μετά
3120 4534 3223 4585 τῶν
3252 4551 3404 4601 νεφε-

1855 4614 1978 4669 λῶν.
2011 4616 2130 4665 Ὂτι
2169 4615 2223 4665 δὲ
2258 4610 2323 4682 ἦν
2359 4615 2448 4667 καὶ
2477 4616 2683 4683 πρώην,
2721 4616 2872 4683 δῆλον
2902 4618 2967 4669 ὲκ
2997 4618 3102 4670 τῶν
3129 4619 3362 4685 νεφελῶν
3383 4634 3401 4651 ·

1855 4698 2067 4749 ἐπὶτῶν
2090 4698 2320 4765 νεφελῶν
2341 4699 2445 4766 γὰρ
2468 4700 2696 4766 ἔρχεται.
2724 4701 2831 4752 Kal
2851 4700 3005 4764 αὐτῷ
3026 4704 3398 4771 προσηνέχθη

1857 4786 1891 4849 ἡ
1919 4784 2070 4851 τιμή.
2100 4786 2196 4833 Ἢν
2219 4780 2347 4851 εἷχε,
2374 4783 2631 4835 τουτέστι.
2658 4786 2763 4836 Καὶ
2787 4787 2940 4847 λαοὶ,
2972 4789 3173 4853 φυλαί,
3209 4788 3399 4857 γλῶσ-

1855 4883 1955 4919 σαι
1986 4866 2141 4929 αὺτῷ
2178 4867 2596 4920 δουλεύσουσι.
2646 4869 2751 4937 Τὴν
2791 4871 2886 4939 μὲν
2922 4872 3026 4940 γὰρ
3060 4875 3229 4943 ἀρχὴν
3258 4871 3399 4944 εἶχεν

1856 4953 1982 5013 ἅνω,
2015 4953 2129 5003 τότε
2160 4952 2214 5003 δὲ
2246 4951 2429 5002 ἔλαϐεν
2460 4952 2627 5021 αὐτὴν
2658 4953 2722 5022 ἢν
2750 4950 2908 5023 εἶχεν.
2941 4958 3142 5027 Ὠσπερ
3176 4960 3279 5030 γὰρ
3309 4963 3400 5013 ἐπὶ

1856 5039 1943 5089 τοῦ
1974 5039 2178 5104 Πατρὸς
2202 5040 2336 5098 νοεῖς
2364 5039 2457 5098 τὰς
2482 5039 2688 5106 τρίχας,
2717 5042 2807 5092 καὶ
2829 5042 2895 5093 τά
2916 5042 3077 5095 λοιπά
3099 5062 3112 5074 ·
3143 5045 3280 5097 οὕτω
3308 5047 3399 5097 καὶ

1853 5123 2024 5173 τοῦτο.
2053 5122 2122 5172 Τὸ
2149 5122 2203 5172 δὲ
2234 5121 2441 5185 Ἐδόθη
2480 5121 2647 5191 [Ἡίᾙ
2677 5126 2766 5177 καὶ
2797 5126 2894 5178 ὅσα
2923 5128 3139 5182 τοιαῦτα
3168 5130 3396 5195 ἀκούων,

1912 5438 1940 5474 ιι
1963 5436 2015 5483 ιη
2034 5437 2341 5506 Τιιεοᾲοιιειο
2359 5450 2609 5506 perpepm
2625 5440 2827 5506 habegur
2837 5446 3130 5506 μακαριότης.
3150 5448 3255 5496 Mox
3274 5452 3393 5500 mal-

1854 5498 1950 5565 ιετῑι
1963 5510 2089 5565 εειω.
2110 5499 2299 5565 calvis
2316 5497 2484 5565 ιεεετε
2503 5499 2591 5552 ιως
2610 5500 2772 5565 διαιροῖ»
2794 5497 2872 5565 κάξ
2894 5497 3071 5565 micon.

1922 5517 1950 5542 ΙΙ
1970 5517 2077 5543 cum
2110 5517 2299 5542 υωιιπιδ
2320 5517 2484 5556 legere
2503 5517 2591 5552 ιως
2610 5517 2687 5545 και
2747 5520 2772 5547 υ
2794 5520 2872 5549 και
2894 5520 3071 5565 καιρου.

1919 5559 1941 5585 ο
1963 5557 2042 5610 Τίς
2065 5557 2305 5616 διαϐλέψαι
2328 5556 2585 5611 δυνήσεται.
2611 5517 2891 5610 Δόὲἒυάυω
2912 5564 3034 5612 forte
3058 5568 3130 5626 οὗ,
3154 5570 3231 5616 vel
3254 5572 3328 5622 μέ.

3004 5652 3075 5711 15
