4032 6220
642 379 755 435 233

639 481 802 550 μηδὲν
841 480 1170 549 ἀνθρώπινον
1199 480 1564 549 ὑποπτεύσῃς,
1611 482 1740 549 μηδὲ
1771 480 2016 532 ταπεινὸν
2053 478 2178 545 περὶ

637 570 729 622 τοῦ
751 571 897 622 Υίοῦ.
918 572 1121 639 Ὠσπερ
1146 571 1251 639 γὰρ
1274 572 1610 639 γεγηρακότα
1634 572 1790 639 ὁρῶν,
1816 572 1932 638 οὐχὶ
1956 570 2178 637 γέροντα

639 659 976 722 ὑποπτεύεις,
1014 659 1151 710 οὕτω
1187 663 1277 709 καὶ
1318 661 1384 710 τὰ
1421 659 1596 711 λοιπά.
1638 659 1726 727 Μὴ
1759 660 1864 727 γὰρ
1904 660 2051 725 ζήτει
2082 658 2179 725 τὴν

641 750 928 816 σαφήνειαν
956 750 1012 799 ὲν
1036 752 1150 810 ταῖς
1181 748 1545 817 προφητείαις,
1572 748 1693 800 ἔνθα
1726 750 1871 799 σκιαὶ
1897 749 1989 799 καὶ
2012 747 2180 812 αἰνίγ-

646 854 787 907 ματα
818 853 831 866 ·
872 837 1056 904 ὥσπερ
1084 838 1172 888 ἐπὶ
1208 837 1306 904 τῆς
1333 838 1608 906 ἀστραπῆς
1635 838 1693 888 οὐ
1726 837 1904 907 ζητεῖς
1942 837 2178 905 διηνεκὲς

644 928 776 993 φῶς,
806 928 936 978 ἀλλὰ
956 929 1111 997 ἀρκεῖ
1132 927 1358 994 φανῆναι
1389 928 1560 994 μόνον.
1588 928 1825 994 Ἕφριξε
1854 926 1917 978 τὸ
1951 926 2180 993 πνεῦμα

639 1033 775 1083 μου,
810 1015 921 1082 ἐγὼ
952 1015 1170 1079 Δανιὴλ
1195 1018 1263 1067 ὲν
1290 1014 1361 1081 τῇ
1387 1016 1501 1077 ἔξει
1528 1033 1643 1083 μου
1667 1031 1679 1043 ·
1713 1017 1810 1069 καὶ
1850 1019 1908 1067 al
1945 1016 2179 1081 όράσεις

644 1102 747 1171 τῆς
780 1102 1039 1169 κεφαλῆς
1061 1121 1176 1169 μου
1207 1104 1539 1169 ἐτάρασσόν
1562 1122 1654 1171 με.
1691 1105 1923 1167 Εἰκότως
1956 1106 2056 1157 ὑπὸ
2081 1109 2176 1174 τῆς

648 1192 814 1259 αμως
837 1192 939 1243 τῶν
959 1192 1258 1261 ὁρωμένων.
1280 1193 1489 1261 Πατέρα
1506 1194 1599 1245 καὶ
1616 1194 1738 1245 Υίὸν
1760 1188 1909 1255 οὗτος
1928 1196 2018 1245 καὶ
2032 1195 2177 1264 πρῶ-

644 1298 732 1345 τος
764 1286 852 1335 καὶ
882 1284 1035 1349 μόνος
1063 1285 1180 1351 ορᾷ,
1205 1284 1277 1344 ὡς
1305 1284 1359 1333 ὲν
1384 1283 1519 1351 ὄψει.
1556 1285 1618 1334 Τί
1652 1284 1716 1335 ἂν
1749 1284 1919 1352 ἔχοιεν
1941 1284 2177 1337 Ἰουδαῖοι

644 1370 777 1439 πρὸς
816 1370 969 1422 τοῦτο
1003 1373 1205 1434 εἰπεῖν,
1248 1371 1554 1439 Μελλούσης
1599 1373 1705 1441 γὰρ
1749 1373 1846 1439 τῆς
1885 1374 2178 1441 παρουσίας

642 1460 802 1513 αὐτοῦ
837 1462 1016 1513 λοιπὸν
1052 1462 1324 1529 ἐγγυτέρω
1359 1456 1514 1525 εἶναι,
1566 1462 1783 1524 εἰκότως
1816 1464 1907 1515 καὶ
1943 1465 1999 1514 al
2031 1463 2177 1530 ὄψεις

642 1548 944 1616 θαυμασταὶ
999 1550 1290 1615 φαίνονται.
1349 1549 1455 1601 Kal
1522 1549 1864 1615 προσῆλθον
1921 1551 2007 1603 ἐνί
2063 1550 2178 1604 τῶν

642 1634 991 1699 ἑστηκότων,
1030 1636 1125 1686 καὶ
1167 1636 1280 1701 τὴν
1313 1636 1610 1701 ἀκρίϐειαν
1652 1634 1893 1699 ἐζήτουν
1917 1637 2048 1702 παρ’
2070 1638 2176 1689 αὐ-

640 1724 745 1777 τοῦ
779 1724 986 1790 μαθεῖν
1025 1727 1153 1791 περὶ
1203 1727 1421 1778 τούτων
1474 1727 1726 1779 πάντων.
1768 1729 1873 1781 Kal
1918 1723 2045 1780 ειπέ
2079 1744 2177 1795 μοι

642 1814 753 1879 τὴν
799 1814 1096 1878 ἀλήθειαν,
1143 1816 1241 1868 καί
1301 1816 1417 1869 τῶν
1472 1819 1665 1884 λόγων
1710 1818 1823 1883 τὴν
1864 1819 2179 1884 σύγκρισιν

640 1903 915 1970 ἐγνώρισε
953 1904 1292 1975 μοι.⁹Ερωτᾷ
1320 1908 1371 1957 τί
1409 1907 1533 1958 ποτέ
1570 1909 1681 1958 ἐστι
1729 1908 1793 1958 τὰ
1844 1908 2135 1977 φαινόμενα
2159 1923 2174 1938 ⁸

642 1994 733 2045 καὶ
774 1994 1022 2061 μανθάνει
1072 1996 1199 2065 περὶ
1238 1995 1330 2047 τοῦ
1377 1997 1752 2065 Ἀντιχρίστου,
1785 1997 1876 2048 καὶ
1924 1997 2177 2065 μανθάνει

643 2081 911 2152 βασιλείαν
932 2084 1075 2148 τέλος
1106 2086 1201 2137 οὐκ
1228 2086 1470 2154 ἔχουσαν.
1506 2087 1711 2149 Ταῦτα,
1738 2088 1887 2155 φησὶ,
1912 2086 1982 2140 τὰ
2007 2088 2179 2154 θηρία

641 2169 712 2223 τὰ
752 2171 998 2239 μεγάλα,
1034 2172 1320 2241 τέσσαρες
1359 2176 1661 2238 ,ϐασιλεῖαι
1715 2176 2174 2244 ἀναστήσονται.

643 2259 749 2311 Kal
773 2260 1218 2327 παραλήψονται
1242 2262 1353 2327 τὴν
1370 2265 1689 2325 βασιλείαν
1707 2264 1855 2331 ἅγιοι
1879 2266 2174 2331 Ὑψίστου,

624 2348 739 2413 ,καί
777 2348 1129 2411 καθέξουσιν
1156 2351 1343 2416 αὐτὴν
1362 2353 1470 2417 ἕως
1488 2352 1714 2418 αίῶνος,
1732 2355 1825 2406 καὶ
1845 2355 1953 2416 ἕως
1969 2354 2179 2419 αιῶνος

640 2434 880 2489 αἰώνων.
923 2437 1031 2490 Kal
1068 2437 1309 2503 ἐζήτουν
1353 2440 1599 2507 ἀκριϐῶς
1645 2444 1770 2509 περὶ
1820 2445 1923 2497 τοῦ
1976 2448 2177 2512 θηρίου

642 2524 745 2577 τοῦ
778 2526 1070 2593 τετάρτου,
1104 2527 1187 2581 ὅτι
1221 2527 1295 2598 ἦν
1326 2529 1599 2599 διαφέρον
1624 2532 1777 2598 παρὰ
1808 2532 1927 2586 πᾶν
1954 2536 2175 2601 θηρίον,

641 2614 740 2667 καί
766 2617 1013 2682 φοϐερὸν
1031 2619 1326 2685 περισσῶς
1346 2637 1357 2649 ·
1393 2624 1445 2672 οί
1468 2622 1702 2687 ὀδόντες
1721 2624 1901 2677 αὑτοῦ
1927 2624 2173 2692 σιδηροῖ,

639 2708 695 2760 al
736 2706 947 2774 ὄνυχες
995 2708 1177 2761 αὐτοῦ
1217 2711 1454 2777 χαλκοῖ·
1490 2712 1693 2765 ἐσθίον
1720 2712 1817 2764 καί
1862 2713 2176 2779 λεπτῦνον,

642 2796 738 2848 καί
784 2798 853 2850 τὰ
898 2798 1173 2852 ἐπίλοιπα
1222 2802 1343 2864 τοῖς
1389 2802 1569 2853 ποσίν
1614 2804 1794 2855 αὐτοῦ
1840 2808 2173 2859 συνεπάτει.

641 2884 747 2936 Kal
775 2886 901 2950 περὶ
928 2888 1045 2937 τῶν
1067 2887 1322 2954 κεράτων
1347 2890 1529 2943 αὐτοῦ
1556 2890 1672 2943 τῶν
1696 2891 1855 2953 δέκα,
1880 2893 1995 2946 τῶν
2011 2895 2080 2947 ὲν
2104 2895 2176 2963 τῇ

642 2971 873 3038 κεφαλῇ’
907 2974 1108 3034 αὐτοῦ,
1149 2976 1243 3026 καὶ
1282 2974 1386 3030 τοῦ
1434 2978 1630 3044 ἐτέρου
1678 2980 1782 3032 τοῦ
1832 2983 2172 3048 ἀναϐάντος,

641 3061 739 3112 καί
782 3061 1192 3128 ἐκτινάξαντος
1214 3065 1331 3117 τῶν
1358 3069 1649 3135 προτέρων
1676 3073 1804 3136 τρία
1826 3089 1839 3101 ·
1868 3072 1965 3126 καὶ
1997 3076 2062 3125 τὸ
2085 3076 2177 3127 κέ-

633 3164 749 3214 ρας
771 3149 981 3212 έκεῖνο,
1007 3145 1055 3216 ᾦ
1087 3154 1369 3221 ὀφθαλμοί
1397 3156 1572 3221 αὐτῷ,
1599 3159 1694 3209 καὶ
1728 3162 1917 3228 στόμα
1950 3164 2179 3217 λαλοῦν

636 3240 883 3305 μεγάλα,
912 3242 1008 3293 καὶ
1044 3242 1080 3307 ἡ
1110 3243 1314 3309 ὅρασις
1344 3246 1524 3297 αὑτοῦ
1548 3246 1753 3314 μείζων
1791 3249 1905 3302 τῶν
1935 3252 2174 3305 λοιπῶν.

657 3330 979 3396 Ἐθεώρουν,
1010 3332 1103 3384 καὶ
1140 3332 1206 3384 τὸ
1244 3334 1416 3399 κέρας
1458 3336 1647 3388 έκεῖνο
1683 3338 1866 3391 ἐποίει
1916 3342 2179 3407 πόλεμον

636 3418 781 3482 μετὰ
804 3419 917 3470 τῶν
944 3422 1141 3487 ἀγίων,
1176 3424 1271 3474 καὶ
1301 3426 1516 3490 ἴσχυσε
1544 3427 1688 3492 πρὸς
1713 3430 1947 3493 αὐτοὺς,
1977 3430 2085 3494 ἓως
2104 3427 2175 3486 οὗ

640 3501 822 3573 ἦλθεν
853 3512 884 3559 ό
915 3510 1169 3573 Παλαιὸς
1196 3510 1311 3562 τῶν
1340 3514 1583 3579 ἡμερῶν,
1619 3516 1713 3566 καὶ
1753 3518 1817 3568 τὸ
1842 3517 2014 3584 κρῖμα
2040 3519 2177 3571 ἕδωο

640 3613 745 3673 κεν
770 3598 973 3673 ἁγίοις,
994 3601 1273 3673 Ὑψίστου
1288 3619 1301 3632 ·
1336 3604 1431 3654 καὶ
1475 3607 1506 3655 ό
1554 3606 1753 3670 καιρὸς
1790 3606 2030 3673 ἔφθασε,
2080 3610 2176 3661 καί

640 3664 753 3732 τὴν
791 3664 1110 3728 βασιλείαν
1137 3669 1431 3737 κατέσχον
1471 3676 1523 3725 οἱ
1553 3664 1859 3739 ἅγιοι.’Κᾰί
1891 3664 2056 3728 εἶπεν
2082 3678 2179 3730 οὗ·

637 3767 776 3817 τως·
828 3755 895 3807 Τὸ
942 3755 1144 3821 θηρίον
1185 3756 1251 3807 τὸ
1293 3757 1567 3826 τέταρτον
1608 3761 1891 3822 ,ϐασιλεία
1937 3763 2176 3830 τετάρτη

638 3842 803 3893 ἔσται
829 3842 898 3891 ἐν
929 3842 1003 3907 τῇ
1042 3842 1137 3910 τῇ,
1167 3844 1295 3908 ἣτις
1323 3847 1589 3912 ὑπερέξει
1622 3848 1818 3914 πάσας
1858 3853 1964 3915 τὰς
1997 3853 2179 3914 ,ϐασι-

638 3930 823 3992 λείας,
852 3929 948 3980 καί
977 3930 1363 3998 καταφάγεται
1389 3932 1591 3987 πᾶσαν
1610 3936 1719 4002 τὴν
1744 3938 1879 4005 γῆν,
1905 3941 2001 3993 καὶ
2027 3956 2179 4009 συμ-

639 4023 889 4088 πατήσει
934 4026 1143 4091 αὐτὴν,
1189 4029 1285 4080 καί
1329 4032 1645 4097 κατακόψει
1697 4033 1904 4097 αὐτήν.
1957 4036 2062 4087 Kal
2108 4036 2179 4088 τὰ

638 4111 783 4163 δέκα
807 4114 1019 4178 κέρατα
1038 4114 1218 4167 αὐτοῦ
1241 4115 1381 4167 δέκα
1398 4116 1676 4182 βασιλεῖς
1700 4120 2139 4187 ἀναστήσονται
2158 4140 2173 4154 ο

640 4199 737 4252 καί
777 4202 962 4253 ὀπίσω
993 4202 1185 4254 αὐτῶν
1215 4203 1611 4270 ἀναστήσεται
1648 4208 1861 4273 ἔτερος,
1896 4210 1961 4275 ὃς
1998 4214 2176 4275 ὑπερ·

641 4290 790 4343 οίσει
826 4291 1027 4355 κακοῖς
1064 4290 1288 4356 πάντας
1330 4294 1466 4357 τοὺς
1498 4296 1847 4362 ἔμπροσθεν,
1888 4300 1982 4351 καὶ
2025 4301 2177 4367 τρεῖς

638 4380 910 4443 ,βασιλεῖς
942 4382 1303 4433 ταπεινώσει.
1328 4384 1432 4435 Καὶ
1465 4387 1678 4450 λόγους
1706 4388 1851 4453 πρὸς
1888 4389 1990 4440 τὸν
2012 4391 2174 4457 ’Υψι-

641 4482 788 4520 στον
810 4467 1082 4532 λαλήσει,
1114 4468 1209 4519 καί
1237 4468 1374 4531 τοὺς
1398 4470 1601 4535 ἁγίους
1632 4472 1904 4537 Ὑψίστου
1927 4476 2176 4528 παλαιῶ-

639 4569 753 4617 σει,
788 4556 883 4607 καὶ
916 4556 1238 4620 ὑπονοήσει
1286 4558 1390 4610 τοῦ
1436 4558 1758 4611 ἀλλοιῶσαι
1802 4564 2037 4629 καιροὺς
2080 4566 2177 4618 καὶ

638 4645 847 4709 νόμον·
874 4644 970 4695 καί
993 4643 1301 4708 δοθήσεται
1325 4645 1393 4697 ἐν
1417 4645 1563 4713 χειρὶ
1590 4648 1772 4699 αὑτοῦ
1793 4649 1899 4713 ἕως
1918 4651 2116 4717 καιροῦ
2135 4654 2172 4701 ⁶.

639 4730 743 4781 Kal
766 4730 832 4783 τὸ
864 4732 1157 4797 κριτήριον
1189 4732 1424 4785 ἐκάθισε
1444 4751 1455 4763 ·
1488 4734 1585 4786 καὶ
1620 4734 1732 4801 τὴν
1763 4737 1956 4803 ἀρχὴν
1995 4739 2176 4792 αὑτοῦ

632 4818 1100 4883 μεταστήσουσι,
1148 4820 1252 4871 τοῦ
1301 4822 1583 4887 ἀφανίσαι
1614 4823 1708 4875 καὶ
1748 4824 2037 4878 ἀπολέσαι
2068 4829 2175 4893 ἓως

638 4902 865 4967 τέλους.
897 4906 1001 4957 Kal
1029 4909 1065 4971 ἠ
1090 4908 1388 4971 βασιλεία,
1417 4912 1509 4962 καὶ
1544 4912 1580 4977 ἡ
1612 4912 1877 4976 ἐξουσία,
1904 4915 1997 4967 καὶ
2022 4916 2059 4982 ὴ
2076 4934 2174 4983 με·

636 4994 948 5057 γαλωσύνη
992 4994 1108 5045 τῶν
1147 4995 1451 5057 ,ϐασιλέων
1494 4998 1608 5051 τῶν
1646 5000 1917 5053 ὑποκάτω
1956 5004 2175 5070 παντὸς

631 5082 737 5134 τοῦ
764 5082 1015 5147 οὐρανοῦ
1047 5083 1219 5150 ἐδόθη
1248 5084 1432 5153 άγίοις
1465 5087 1738 5155 Ὑψίστου
1758 5106 1773 5121 ο
1811 5094 1907 5145 καί
1942 5095 1977 5160 ή
1999 5094 2176 5156 ,βασι-

633 5173 762 5224 λεία
793 5172 995 5233 αὺτοῦ,
1026 5174 1309 5235 ,βασιλεία
1341 5174 1601 5241 αἰώνιος·
1630 5181 1725 5233 καὶ
1768 5180 1955 5235 πᾶσαι
1984 5188 2041 5236 al
2073 5184 2174 5249 ἀρ·

634 5261 731 5327 χαὶ
768 5262 923 5325 αὐτῷ
966 5262 1361 5317 ϐουλεύσωσι
1411 5267 1505 5319 καὶ
1548 5271 2005 5328 ὑπακούσονται.
2029 5276 2176 5339 Ἕως

631 5551 953 5675 "Lagum
970 5561 1082 5602 sum
1100 5570 1243 5606 voces
1261 5568 1544 5619 sequentes,
1557 5566 1633 5611 καὶ
1658 5567 1940 5628 καιρῶν,καί
1959 5584 2010 5629 γε
2034 5571 2179 5631 ἥμισυ

1306 368 1364 426 S.
1402 367 1674 423 JOANNIS
1711 363 2187 421 CIIRYSOSTOMI
2228 365 2539 424 ARCIIIEP.
2577 369 3111 425 CONSTANTINOP.

3706 384 3824 438 234

2279 473 2391 531 ὧδε
2423 481 2488 532 τὸ
2515 481 2695 548 πέρας
2718 481 2823 533 τοῦ
2849 484 3049 548 λόγου.
3068 481 3211 548 Ἐγὼ
3239 480 3481 546 Δανιήλ·
3520 482 3574 533 ol
3620 480 3824 533 διαλο-

2276 567 2473 633 γισμοί
2502 584 2617 635 μου
2652 567 2747 619 ἐπὶ
2781 567 2987 619 πλεῖον
3028 566 3477 633 συνετάρασσόν
3516 582 3612 632 με,
3646 564 3739 616 καὶ
3779 564 3820 628 ἡ

2271 656 2466 725 μορφή
2491 673 2607 725 μου
2642 646 2953 719 auom,
2979 656 3073 707 καί
3110 656 3175 707 τὸ
3206 657 3367 723 ῥῆμα
3407 657 3474 706 ἐν
3504 652 3579 719 τῇ
3608 651 3823 717 καρδίᾳ

2272 764 2388 813 μου
2431 746 2824 814 συνετήρησα.
2854 747 2961 797 Καὶ
2986 747 3126 807 τίνος
3151 746 3329 798 ἕνεκεν
3375 746 3472 797 οὐκ
3515 740 3683 805 εἶπες,
3722 743 3822 793 ἇν-

2277 837 2487 905 θρωπες
2525 838 2644 889 Ὀτι
2669 836 2816 889 οὐδὲν
2847 836 2979 904 πρὸς
3006 836 3283 898 Ἰουδαίους
3305 832 3373 905 ἦν
3392 852 3404 863 ·
3439 834 3571 887 ἀλλὰ
3601 834 3824 884 τούναν-

2275 925 2385 977 τίον
2413 927 2468 976 ὲν
2495 926 2591 993 μὲν
2616 929 2725 986 τοῖς
2757 926 2959 993 ῥήμασι
2986 924 3072 976 διὰ
3113 926 3209 993 τῆς
3236 924 3495 991 ἀσαφείας
3526 920 3661 974 αὐτὰ
3689 936 3822 972 συν-

2275 1013 2586 1077 εκάλυπτεν,
2613 1015 2669 1065 ἐν
2693 1013 2748 1065 δὲ
2775 1012 2852 1082 τῷ
2875 1015 3121 1082 προφήτῃ
3141 1014 3496 1081 συνετήρησεν
3522 1013 3576 1062 ὲν
3595 1012 3657 1078 τῇ
3679 1024 3820 1076 τιαρ-

2274 1103 2379 1171 δία.
2412 1103 2517 1153 Kal
2544 1104 2648 1169 γὰρ
2679 1103 2811 1171 πρὸς
2851 1102 2927 1170 τῷ
2966 1102 3102 1153 τέλει
3136 1102 3322 1169 φησίν’
3366 1101 3517 1154 Ἰδοὺ
3563 1103 3617 1151 οί
3646 1100 3819 1165 λόγοι

2275 1192 2755 1259 ἐσφραγισμένοι·
2788 1192 2884 1244 καὶ
2918 1192 3199 1254 βούλεται
3246 1190 3461 1253 αὐτοὺς
3490 1187 3637 1258 [242]
3664 1189 3820 1239 ἀσα-

2275 1279 2405 1347 φεῖς
2430 1275 2599 1333 εἶναι.
2625 1279 2793 1332 Τοῦτο
2826 1284 2964 1332 ποιεῖ
2988 1281 3080 1332 καὶ
3100 1280 3255 1341 αὐτὸς
3282 1280 3369 1333 διὰ
3395 1277 3708 1348 παραϐολῶν
3734 1276 3826 1327 λέ·

2275 1371 2551 1439 γων.’ορα
2578 1368 2845 1438 πανταχοῦ
2890 1370 3005 1431 πῶς
3036 1372 3130 1439 τὴν
3169 1370 3437 1439 βασιλείαν
3468 1368 3699 1437 ἐπαίρει,
3728 1366 3825 1418 ἵνα

2278 1459 2438 1528 μηδὲν
2465 1459 2791 1529 ἀνθρώπινον
2816 1460 3171 1532 ὑποπτεύσῃς.
3197 1462 3257 1512 El
3283 1461 3387 1530 γὰρ
3408 1460 3499 1512 καὶ
3521 1461 3697 1511 πᾶσαν
3718 1458 3824 1525 τὴν

2275 1548 2377 1615 γῆν
2421 1550 2679 1616 κατέσχον
2722 1550 2771 1600 οι
2818 1549 3105 1620 ἄνθρωποι,
3148 1550 3382 1602 ἀλλὀὐκ
3431 1550 3535 1613 ἀεὶ,
3575 1548 3693 1600 οὐδὲ
3737 1549 3822 1608 είς

2274 1638 2492 1707 ἄπειρον
2536 1638 2720 1692 αἰῶνα.
2752 1640 2858 1693 Καὶ
2893 1641 2967 1709 μή
3003 1657 3091 1709 μοι
3115 1640 3315 1707 λεγέτω
3355 1656 3456 1701 τις,
3486 1641 3566 1691 ὅτι
3614 1638 3823 1707 βραχὺν

2276 1727 2460 1795 χρόνον
2502 1726 2669 1794 λέγει.
2694 1728 2766 1779 Τὸ
2793 1728 3027 1798 γὰρ,οὑ
3061 1731 3497 1796 παρελεύσεται,
3527 1728 3580 1779 τι
3627 1729 3775 1779 ἔστιν
3801 1742 3819 1788 ;

2276 1818 2414 1871 οὐδὲ
2444 1818 2597 1870 ἔθνει
2623 1817 2795 1884 ἑτέρῳ
2819 1818 3156 1883 δοθήσεται;
3204 1817 3306 1871 Kal
3330 1819 3428 1887 ὅρα
3453 1816 3521 1868 τὰ
3547 1816 3685 1868 κατὰ
3713 1819 3819 1867 Δα-

2278 1913 2416 1977 ρεῖον
2446 1910 2538 1961 καὶ
2579 1911 2909 1971 Μακεδόνας.
2945 1909 3098 1971 Τίνος
3127 1908 3307 1960 ἕνεκεν
3336 1906 3537 1969 ταῦτα;
3564 1905 3663 1957 Διά
3692 1906 3822 1964 τοὺς

2289 1998 2584 2060 Ἰουδαίους.
2611 2000 2707 2051 Διὰ
2743 1999 2897 2051 τοῦτο
2939 2000 3030 2050 καὶ
3070 1998 3403 2066 Ἀλέξανδρος
3447 1995 3821 2066 προσεκύνησε

2274 2090 2363 2143 τὸν
2390 2090 2533 2152 ναὸν,
2563 2089 2637 2151 ῶς
2659 2105 2808 2156 φασι,
2836 2088 2896 2140 τὸ
2922 2088 3117 2156 βιϐλίον
3145 2088 3295 2138 τοῦτο
3323 2085 3441 2137 ἰδών
3469 2103 3481 2114 ·
3509 2087 3602 2137 καὶ
3621 2084 3821 2151 Ἕλλη-

2275 2196 2362 2242 νες
2410 2178 2719 2248 ιθαύμασαν
2761 2177 2921 2230 αὑτοῦ
2965 2178 3060 2247 τὴν
3107 2177 3255 2244 ἰσχὺν
3300 2176 3397 2243 τῆς
3440 2176 3819 2245 προρρήσεως,

2276 2270 2408 2339 Περὶ
2430 2267 2630 2321 τούτων
2662 2268 2831 2329 οὐδεὶς
2862 2264 3029 2331 εἶπεν,
3056 2268 3167 2320 ἀλλ’
3195 2268 3227 2336 ἢ
3256 2263 3404 2329 οὗτος
3432 2268 3605 2335 μόνος.

2858 2402 3107 2454 ΚΕΦΛΔ.
3147 2402 3225 2452 H'.

2356 2509 2457 2561 ‘Er
2480 2507 2593 2561 ἔτει
2614 2510 2783 2575 τρίτῳ
2810 2509 2917 2575 τῆς
2938 2509 3254 2573 βασιλείας
3272 2507 3582 2571 Βαλτάσαρ
3612 2511 3829 2572 δρασις

2276 2598 2437 2666 ὤφθη
2475 2601 2622 2667 πρός
2660 2616 2756 2667 με,
2790 2598 2901 2665 ἐγὼ
2932 2598 3171 2662 Δανιὴλ,
3203 2598 3349 2665 μετὰ
3386 2597 3497 2663 τὴν
3535 2596 3832 2662 όφθεῖσάν

2271 2706 2369 2756 μοι
2395 2689 2464 2741 ἐν
2489 2688 2561 2755 τῇ
2587 2688 2759 2755 ἀρχῇ.
2788 2689 2895 2742 Kal
2923 2686 3083 2741 εἶδον
3117 2689 3185 2740 ἐν
3214 2686 3289 2754 τῇ
3314 2687 3515 2754 ὁράσει
3538 2700 3550 2713 ·
3581 2686 3673 2738 καί
3704 2685 3833 2751 ἐγέ-

2277 2794 2410 2832 νετο
2433 2779 2501 2830 ἐν
2522 2778 2598 2842 τῷ
2619 2779 2761 2831 ἰδεῖν
2781 2796 2875 2846 με,
2912 2780 3006 2830 καὶ
3045 2777 3204 2846 ἢμην
3242 2778 3310 2829 ἐν
3338 2779 3583 2841 Σούσοις
3605 2776 3678 2841 τῇ
3702 2776 3801 2838 ,Βά

2268 2884 2380 2932 ρει,
2406 2867 2443 2932 ἧ
2465 2868 2632 2919 ἐστιν
2657 2868 2727 2919 έν
2746 2867 2903 2935 χώρᾳ
2936 2868 3131 2935 Ἐλάμ.
3154 2868 3261 2921 Kal
3284 2864 3445 2921 εἶδον
3463 2868 3530 2919 ἐν
3555 2865 3830 2934 ὁράματι,

2276 2956 2369 3009 καὶ
2394 2955 2551 3023 ἤμην
2577 2956 2669 3007 ἐπὶ
2690 2956 2792 3008 τοῦ
2820 2956 3032 3010 Οῠόάλ.
3058 2956 3161 3009 Kal
3182 2952 3293 3023 ἦρα
3319 2957 3457 3021 τοὺς
3485 2958 3835 3024 ὀφθαλμούς

2272 3062 2408 3113 μου,
2436 3045 2531 3096 καί
2558 3042 2749 3097 εἶδονο
2793 3046 2889 3097 καὶ
2933 3046 3059 3097 ίδοὺ
3088 3046 3247 3113 κριὸς
3280 3042 3367 3109 είς
3405 3046 3663 3110 ἑστηκὼς
3706 3047 3835 3113 πρὸ

2276 3134 2380 3186 τοῦ
2415 3134 2628 3187 Οῠὸάλ·
2648 3134 2741 3185 καί
2771 3133 2927 3196 αὐτῷ
2959 3134 3188 3200 κέρατα,
3213 3136 3307 3186 καὶ
3334 3136 3403 3188 τὰ
3430 3135 3635 3202 κέρατα
3655 3137 3835 3201 ὑψη-

2274 3221 2385 3274 λά·
2443 3222 2538 3273 καί
2581 3221 2646 3273 τὸ
2690 3221 2758 3273 ἐν
2788 3224 3158 3289 ὑψηλότερον
3197 3221 3300 3275 τοῦ
3344 3222 3563 3289 ἐτέρου,
3606 3222 3706 3273 καὶ
3765 3225 3837 3275 τὸ

2276 3312 2643 3377 ὑψηλότερον
2703 3310 3005 3363 ἀνέϐαινεν
3061 3311 3150 3362 ἐπ’
3180 3310 3465 3379 ἐσχάτων.
3508 3310 3607 3363 Kal
3650 3306 3839 3363 εἶδον

2275 3404 2379 3454 τὸν
2417 3402 2583 3467 κριὸν
2611 3400 2975 3468 κερατίζοντα
3010 3400 3157 3453 κατὰ
3200 3402 3530 3466 θάλασσαν,
3557 3400 3647 3451 καί
3666 3401 3837 3468 βοί-

2267 3488 2403 3556 ριἶν,
2431 3490 2525 3542 καὶ
2556 3490 2752 3552 νότον,
2789 3490 2885 3545 καὶ
2914 3490 3049 3542 λίϐα
3068 3506 3081 3519 ⁸
3124 3489 3220 3541 καί
3248 3490 3440 3542 πάντα
3460 3490 3527 3540 τὰ
3546 3490 3721 3554 θηρία
3756 3492 3834 3543 ού

2275 3580 2595 3645 στήσονται
2626 3579 2875 3632 ἐνώπιον
2900 3580 3101 3643 αὑτοῦ,
3132 3581 3225 3631 καὶ
3254 3582 3363 3633 οὐκ
3392 3577 3468 3648 ἦν
3492 3584 3522 3632 ό
3551 3580 3834 3644 ἐξαιρού-

2272 3685 2451 3735 μενος
2479 3668 2546 3719 ἐκ
2575 3667 2767 3733 χειρὸς
2792 3668 2972 3719 αὑτοῦ
2992 3684 3005 3698 ·
3034 3667 3131 3719 καὶ
3155 3667 3399 3733 ἐποίησε
3427 3668 3567 3719 κατὰ
3589 3666 3836 3735 θέλημα

2276 3756 2478 3819 αὑτοῦ,
2512 3757 2607 3809 καὶ
2637 3757 3022 3824 ἐμεγαλύνθη.
3062 3756 3171 3808 Kal
3208 3755 3319 3823 ἐγὼ
3356 3756 3513 3822 ἥμην
3551 3755 3831 3810 συνιιὶιν·

2277 3848 2371 3901 καὶ
2415 3848 2541 3900 ίδοὺ
2594 3846 2803 3914 τράγος
2861 3844 3040 3914 σιγῶν
3086 3845 3297 3913 ἤρχετο
3352 3847 3466 3899 ἀπὸ
3507 3846 3667 3909 λιϐὸς
3724 3847 3835 3899 ἐπὶ

2276 3932 2591 3997 πρόσωπον
2615 3930 2815 3998 πάσης
2838 3930 2945 3997 τῆς
2960 3930 3099 3999 ῆς·
3133 3932 3227 3984 καί
3261 3934 3368 3985 οὐκ
3394 3929 3469 3999 ἦν
3490 3933 3835 3999 ἁπτόμενος

2276 4018 2384 4085 τῆς
2412 4018 2551 4087 γῆς·
2590 4020 2685 4071 καὶ
2726 4017 2804 4082 τῷ
2844 4018 3033 4088 τράγῳ
3070 4020 3275 4081 ἐκείνῳ
3313 4020 3486 4086 κέρας
3528 4022 3836 4085 θεωρητόν

2275 4106 2389 4159 ἀνὰ
2416 4105 2608 4173 μέσον
2655 4105 2772 4158 τῶν
2810 4106 3127 4176 ὀφθαλμῶν
3173 4108 3374 4161 αὑτοῦ.
3421 4108 3526 4160 Kal
3562 4104 3762 4175 ἦλθεν
3802 4115 3835 4163 ὁ

2275 4195 2488 4263 τράγος
2517 4196 2624 4259 ἕως
2650 4196 2755 4248 τοῦ
2786 4196 2951 4262 κριοῦ
2986 4196 3089 4250 τοῦ
3127 4198 3198 4250 τὰ
3221 4196 3432 4263 κέρατα
3462 4199 3731 4266 ἔχοντος,
3758 4201 3836 4253 δν

2276 4281 2436 4336 εῒδον
2476 4283 2702 4337 ἑστῶτα
2737 4285 2988 4339 ἐνώπιον
3033 4286 3136 4339 τοῦ
3183 4286 3376 4339 Οὺϐάλ
3398 4302 3411 4315 ·
3460 4288 3552 4339 καὶ
3602 4287 3835 4357 έδραμε

2275 4374 2423 4439 πρὸς
2447 4374 2630 4426 αὑτὸν
2658 4374 2734 4424 ἐν
2760 4373 2903 4441 όργῆ
2920 4386 2947 4414 ι
2978 4373 3085 4440 τῆς
3112 4375 3319 4440 ισχύος
3342 4374 3541 4428 αὑτοῦ.
3586 4376 3691 4427 Kal
3742 4378 3833 4429 ει-

2275 4462 2382 4514 δον
2396 4462 2577 4513 αὑτὸν
2595 4460 2904 4528 φθάσαντα
2922 4462 3029 4525 ἓως
3050 4462 3152 4515 τοῦ
3172 4462 3357 4529 κριοῦ,
3382 4463 3475 4515 καὶ
3496 4462 3832 4531 ἐξηγριώθη

2275 4551 2422 4617 πρὸς
2445 4551 2645 4613 αὐτὸν,
2676 4551 2771 4602 καὶ
2790 4552 2998 4603 ἔπαισε
3017 4552 3121 4603 τὸν
3139 4553 3322 4616 κριὸν,
3346 4554 3441 4604 καί
3464 4552 3834 4621 συνέτριψεν

2274 4642 2572 4707 ἀμφότερα
2596 4640 2665 4691 τὰ
2704 4640 2916 4705 κέρατα
2937 4640 3146 4693 αὐτοῦ’
3173 4641 3267 4692 καὶ
3291 4643 3398 4693 οὐκ
3427 4638 3503 4709 ἦν
3532 4642 3711 4708 ισχὺς
3748 4645 3834 4710 τῷ

2278 4728 2417 4795 κριῷ
2446 4729 2548 4779 τοῦ
2576 4726 2791 4793 στῆναι
2806 4727 3056 4780 ἐνώπιον
3084 4730 3285 4783 αὐτοῦ.
3314 4731 3421 4781 Kal
3452 4732 3692 4797 ἔρριψεν
3717 4736 3833 4786 αὐ-

2276 4817 2382 4869 τὸν
2411 4817 2507 4868 ἐπὶ
2544 4816 2657 4881 τὴν
2697 4815 2832 4884 γῆν.
2879 4816 2977 4868 καὶ
3017 4817 3436 4883 συνεπάτησεν
3471 4821 3671 4881 αὐτὸν,
3727 4822 3832 4875 και

2277 4906 2385 4956 οὐκ
2414 4900 2491 4970 ἦν
2519 4905 2550 4955 ό
2575 4901 2985 4969 ἐξαιρούμενος
3004 4903 3108 4955 τὸν
3127 4906 3293 4968 κριὸν
3312 4904 3378 4955 ἐκ
3401 4904 3593 4970 χειρὸς
3612 4905 3829 4960 αὐτοῦ.

2277 4990 2384 5042 Kal
2406 4993 2438 5041 ό
2471 4988 2679 5055 τράγος
2706 4987 2820 5039 τῶν
2849 4988 3028 5055 αιγῶν
3050 4988 3417 5056 ἐμεγαλύνθη
3441 4990 3545 5055 ἓως
3566 4992 3828 5059 σφόδρα,

2277 5079 2383 5131 Kal
2424 5079 2491 5129 ἐν
2531 5076 2608 5140 τῷ
2646 5077 2893 5143 ισχῦσαι
2934 5078 3135 5141 αὐτὸν,
3182 5081 3497 5146 συνετρίϐη
3537 5081 3603 5133 τὸ
3646 5082 3833 5149 κέρας

2277 5167 2458 5218 αὑτοῦ
2488 5166 2550 5218 τὸ
2575 5166 2726 5233 μέγα
2745 5182 2757 5194 ο
2791 5166 2888 5218 καί
2928 5166 3108 5231 ἀνέϐη
3137 5167 3398 5234 τέσσαρα
3433 5170 3646 5235 κέρατα
3674 5174 3833 5225 ὐπο-

2280 5256 2535 5309 κάτωθεν
2574 5257 2757 5310 αὐτοῦ
2802 5259 2889 5321 είς
2921 5257 3060 5321 τοὺς
3094 5258 3384 5325 τέσσαρας
3422 5260 3678 5327 ἀνέμους
3723 5265 3839 5317 τοῦ

2343 5514 2368 5541 ⁸
2395 5513 2459 5561 lla
2480 5514 2527 5558 In
2548 5511 2765 5558 Heln-eo;
2793 5514 2855 5559 At
2875 5526 3000 5562 nunc
3022 5518 3071 5563 In
3097 5516 3421 5564 Thendolione
3454 5529 3512 5565 ac
3530 5520 3582 5566 in
3604 5518 3841 5569 Theodo—

2282 5580 2387 5620 τοῖο
2409 5569 2613 5633 legimus
2631 5575 2767 5633 ὁρμῇ.
2795 5571 3099 5632 Frequenter
3119 5589 3180 5624 ex
3205 5578 3309 5624 istis
3329 5577 3517 5625 duobus
3550 5578 3835 5630 nominibus

2283 5645 2429 5681 unum
2449 5630 2535 5693 pro
2556 5632 2648 5681 alio
2661 5630 2879 5680 'scribnnt
2900 5630 3093 5682 librarii.
