4032 6220
293 430 403 486 233

291 523 545 593 siquidem
571 523 623 576 in
650 522 713 575 iis
740 519 897 572 venit.
931 516 996 568 Et
1020 516 1093 568 illi
1121 513 1310 565 delatus
1338 519 1410 564 est
1438 508 1610 560 honor.
1657 504 1823 567 Quem

293 614 514 667 habebat
540 611 753 664 scilicet.
778 609 841 659 Et
869 606 1056 675 populi,
1080 603 1252 663 tribus,
1278 602 1459 667 lingua:
1483 597 1577 664 ipsi
1599 593 1822 647 servient.

291 700 641 768 Principatum
682 698 873 751 etenim
904 695 1126 747 habebat
1167 697 1315 741 antea
1339 726 1354 751 ,
1384 695 1506 738 tunc
1530 697 1655 736 vero
1684 680 1827 733 illum

291 790 458 857 ipsum
486 803 639 856 quem
667 784 931 839 obtinebat
956 780 1170 848 accepit.
1198 778 1324 829 Nam
1351 776 1484 828 sicut
1505 776 1556 825 in
1583 773 1732 823 Patre
1754 771 1832 821 in-

291 878 477 945 telligis
503 878 737 944 capillos,
766 884 817 928 et
842 874 1035 939 reliqua
1065 887 1075 920 :
1104 870 1172 920 ita
1202 876 1253 919 et
1283 864 1416 917 istud
1446 860 1826 927 accipiendum.

288 965 417 1018 Cum
440 973 613 1017 autem
644 963 819 1024 audis,
850 960 1034 1012 Datum
1061 964 1159 1019 est,
1191 963 1244 1007 ct
1268 955 1368 1006 alia
1398 952 1447 1004 id
1476 964 1639 1018 genus
1659 989 1673 1011 ,
1704 947 1831 999 nihil

290 1052 573 1105 humanum
603 1050 902 1118 suspiceris,
933 1061 1028 1100 nec
1052 1045 1246 1097 humile
1270 1043 1334 1095 de
1355 1041 1503 1093 Filio.
1526 1039 1670 1092 Sicut
1692 1037 1827 1090 enim

288 1142 471 1193 videns
497 1156 615 1193 eum
645 1140 732 1207 qui
770 1138 939 1191 senuit
958 1175 971 1196 ,
1005 1150 1107 1187 non
1146 1146 1326 1186 senem
1354 1128 1657 1183 arbitraris:
1687 1128 1756 1180 ita
1781 1136 1835 1179 et

288 1239 499 1283 czetera.
524 1229 635 1281 Noli
657 1228 847 1295 quippe
869 1224 1286 1293 perspicuitatem
1313 1220 1363 1271 in
1385 1216 1667 1285 prophetiis
1688 1230 1831 1284 qure-

289 1331 407 1369 rere
433 1357 447 1378 ,
479 1316 565 1368 ubi
594 1316 792 1367 umbra:
820 1321 940 1365 sunt
965 1326 1025 1363 ac
1053 1310 1323 1376 aenigmata
1354 1324 1367 1357 :
1399 1303 1835 1373 quemadmodum

291 1407 340 1456 in
371 1405 575 1472 fulgure
599 1419 701 1456 non
730 1401 957 1469 exquiris
983 1400 1155 1451 lumen
1182 1403 1504 1464 perpetuum,
1533 1392 1623 1446 sed
1649 1392 1837 1443 sulﬁcit

290 1494 330 1544 si
362 1493 518 1544 modo
546 1500 809 1559 appareat.
841 1490 926 1542 l5.
964 1488 1167 1539 Horruit
1193 1486 1395 1552 spiritus
1423 1498 1558 1533 meus
1578 1523 1591 1545 ,
1620 1497 1707 1549 ego
1736 1480 1836 1530 Da-

291 1581 387 1631 niel
416 1581 467 1631 in
490 1581 659 1632 habitu
685 1595 789 1630 meo
812 1596 829 1630 :
850 1588 894 1630 et
918 1577 1125 1629 visiones
1146 1573 1322 1640 capitis
1343 1573 1435 1623 mei
1460 1568 1719 1621 turbabant
1741 1583 1833 1618 me.

291 1668 477 1719 Merito
522 1669 620 1719 sub
658 1674 868 1734 aspectu
909 1677 1091 1717 eorum
1121 1676 1235 1728 qua:
1262 1660 1522 1712 videntur.
1557 1659 1758 1710 Patrem
1787 1666 1838 1708 et

294 1758 483 1810 Filium
530 1758 625 1808 iste
652 1766 704 1808 et
748 1756 942 1822 primus
968 1762 1019 1804 et
1048 1751 1189 1803 solus
1216 1790 1229 1813 ,
1278 1756 1332 1800 ut
1376 1748 1426 1799 in
1455 1746 1836 1811 visione,videt.

292 1848 424 1913 Quid
450 1847 513 1899 ad
547 1846 646 1898 hoc
686 1843 1034 1912 reSpoudeant
1061 1839 1269 1893 Judmi?
1313 1836 1442 1890 Cum
1469 1837 1605 1889 enim
1638 1834 1838 1886 Domini

295 1934 550 1987 adventus
588 1934 835 1999 deinceps
879 1931 1090 1998 propior
1128 1928 1330 1980 futurus
1362 1935 1534 1988 esset,
1565 1924 1751 1977 merito
1788 1935 1839 1976 et

295 2027 522 2078 visiones
549 2026 812 2077 mirabiles
831 2030 1101 2090 apparent.
1132 2020 1215 2073 16.
1246 2036 1263 2068 ι
1295 2018 1358 2070 Et
1376 2018 1572 2070 accessi
1596 2017 1659 2067 ad
1683 2031 1839 2067 unum

292 2114 666 2178 assistentium,
696 2124 748 2166 et
779 2114 1047 2165 veritatem
1076 2110 1142 2163 de
1173 2110 1253 2162 his
1278 2108 1519 2161 omnibus
1546 2106 1839 2174 quaerebam

294 2202 359 2253 ab
385 2216 447 2253 eo
476 2203 697 2255 discere.
730 2202 796 2254 Et
822 2201 952 2253 dixit
980 2198 1108 2253 mihi
1134 2198 1400 2251 veritatem
1421 2236 1436 2261 ,
1463 2205 1515 2249 et
1541 2210 1840 2248 sermonum

294 2290 775 2357 interpretationem
803 2289 1046 2343 indicavit
1070 2287 1217 2340 mihi.
1248 2303 1266 2335 ι
1294 2287 1581 2352 lnterrogat
1604 2298 1841 2351 quaenam

295 2379 505 2431 tandem
537 2390 714 2432 essent
750 2395 865 2447 quae
902 2378 1222 2446 apparebant
1251 2395 1261 2428 :
1290 2386 1341 2429 et
1366 2376 1613 2428 edocetur
1640 2376 1706 2427 de
1732 2377 1841 2427 An-

296 2466 532 2518 tichristo
556 2508 568 2529 ,
620 2478 672 2519 et
701 2467 855 2519 discit
891 2481 1106 2533 regnum
1136 2464 1271 2533 quod
1304 2479 1404 2515 non
1449 2464 1605 2516 habet
1666 2462 1841 2517 ﬁnem.

296 2556 379 2607 l7.
413 2575 430 2605 ί
466 2557 588 2619 lim,
630 2576 649 2608 ι
685 2558 876 2625 inquit,
916 2576 933 2606 ‹
967 2556 1144 2608 bestiae
1174 2570 1402 2621 magum,
1436 2563 1658 2620 quatuor
1688 2568 1843 2620 regna

294 2659 627 2714 consurgent.
652 2649 733 2701 IS.
763 2649 826 2700 Et
847 2648 1008 2700 sancti
1032 2645 1280 2697 Altissimi
1303 2645 1585 2709 suscipient
1606 2659 1839 2709 regnum,

294 2744 347 2787 et
386 2735 695 2788 obtinebunt
729 2737 851 2788 illud
888 2750 1051 2802 usque
1091 2735 1140 2785 in
1184 2732 1457 2797 smculum,
1499 2740 1551 2783 et
1592 2746 1755 2798 usque
1793 2732 1841 2782 in

293 2824 540 2877 sazculum
576 2824 904 2877 saeculorum.
941 2824 1023 2876 19.
1070 2823 1131 2874 Ει
1157 2823 1452 2889 quaerebam
1480 2819 1754 2888 diligenter
1783 2820 1844 2870 de

294 2914 459 2968 bestia
495 2924 675 2983 quarta
700 2955 713 2979 ,
746 2917 863 2983 quia
895 2921 1006 2966 erat
1042 2913 1246 2966 diversa
1287 2913 1353 2965 ab
1392 2912 1532 2964 omni
1561 2912 1721 2963 bestia
1748 2951 1761 2972 ,
1794 2918 1846 2962 et

296 3004 541 3056 terribilis
588 3003 739 3056 valde
786 3021 797 3055 :
844 3004 1027 3055 dentes
1078 3002 1191 3068 ejus
1240 3000 1431 3062 ferrei,
1490 3012 1687 3066 ungues
1734 2999 1845 3064 ejus

296 3093 429 3145 τεηεί
462 3109 475 3142 :
506 3092 788 3145 comedens
813 3100 862 3144 et
889 3091 1249 3145 comminuens
1274 3130 1287 3151 ,
1318 3098 1370 3141 et
1398 3089 1593 3155 reliqua
1624 3086 1843 3155 pedibus

295 3180 405 3232 suis
445 3181 798 3232 conculcabat.
848 3179 933 3232 20.
981 3179 1045 3231 Et
1086 3178 1151 3230 de
1177 3177 1422 3229 cornibus
1464 3176 1577 3242 ejus
1619 3175 1799 3227 decem
1827 3214 1840 3236 ,

294 3284 411 3334 qua:
442 3269 493 3319 in
524 3268 692 3335 capite
718 3269 886 3330 illius;
912 3267 1053 3320 etde
1075 3267 1177 3318 alio
1202 3304 1215 3327 ,
1248 3264 1386 3331 quod
1417 3263 1761 3326 ascenderat,
1792 3272 1844 3313 et

295 3353 848 3421 excusseratpriorum
881 3354 977 3406 tria
1008 3370 1018 3403 :
1048 3362 1097 3405 et
1127 3367 1287 3405 cornu
1314 3392 1326 3413 ,
1367 3352 1447 3403 cui
1485 3359 1634 3404 erant
1675 3350 1840 3413 oculi,

295 3450 349 3494 et
369 3456 428 3494 os
454 3443 667 3509 loquens
694 3442 927 3509 grandia,
955 3449 1007 3492 et
1028 3450 1269 3507 aspectus
1292 3439 1405 3505 ejus
1431 3439 1597 3505 major
1618 3439 1840 3489 caneris.

294 3529 384 3582 2|.
408 3532 733 3597 Aspiciebam
756 3571 770 3594 ,
801 3537 853 3582 et
889 3544 1049 3582 cornu
1091 3528 1215 3581 illud
1256 3527 1474 3580 faciebat
1500 3527 1692 3579 bellum
1722 3542 1841 3579 cum

295 3619 525 3683 sanctis,
557 3627 611 3671 et
655 3618 924 3686 prmi-aluit
962 3618 1211 3670 adversus
1253 3631 1362 3680 eos,
1393 3616 1480 3667 22.
1511 3615 1676 3668 donec
1700 3618 1843 3669 venit

295 3707 539 3773 antiquus
565 3707 790 3771 dierum,
819 3716 869 3759 et
894 3705 1143 3773 judicium
1172 3704 1312 3756 dedit
1336 3703 1528 3755 sanctis
1551 3703 1801 3756 Altissimi
1828 3720 1838 3753 :

294 3805 348 3847 et
381 3806 583 3863 tempus
612 3796 844 3859 advenit,
877 3802 929 3847 et
957 3808 1177 3860 regnum
1203 3793 1535 3845 obtinuerunt
1563 3792 1748 3844 sancti.
1780 3793 1844 3844 Et

296 3884 430 3937 dixit
464 3887 539 3937 sic
568 3903 581 3937 :
608 3887 697 3939 25.
729 3884 897 3937 Bestia
937 3891 1120 3950 quarta
1150 3896 1365 3949 regnum
1394 3890 1636 3948 quartum
1663 3882 1762 3933 erit
1790 3882 1840 3934 in

296 3982 474 4036 terra,
524 3972 663 4041 quod
706 3971 970 4039 superabit
1013 3970 1186 4023 omnia
1230 3984 1422 4037 regna,
1476 3976 1529 4022 et
1574 3969 1843 4022 devorabit

294 4077 506 4116 omnem
534 4074 749 4127 terram,
774 4070 825 4115 et
846 4060 1170 4115 conculcabit
1195 4076 1331 4123 eam,
1364 4070 1415 4113 et
1442 4060 1680 4113 concidet
1703 4074 1840 4113 eam.

292 4154 384 4207 2L.
418 4154 484 4206 Et
510 4154 690 4208 decem
718 4166 908 4205 cornua
937 4150 1095 4218 ipsius
1120 4150 1301 4202 decem
1329 4164 1476 4217 reges
1496 4158 1841 4217 consurgent;

295 4253 350 4297 et
373 4251 489 4311 post
508 4258 599 4295 eos
619 4248 897 4308 consurget
915 4240 1067 4303 alius,
1094 4239 1179 4306 qui
1207 4239 1473 4305 superabit
1494 4239 1643 4291 malis
1664 4253 1844 4292 omnes

295 4333 531 4402 priores,
564 4339 617 4383 et
659 4338 765 4383 tres
806 4344 955 4397 reges
994 4328 1302 4381 humiliabit.
1344 4328 1431 4380 25.
1481 4327 1547 4380 Et
1574 4342 1845 4381 sermones

295 4430 479 4474 contra
507 4421 831 4473 Altissimum
863 4420 1101 4487 loquetur
1124 4460 1137 4480 ,
1170 4427 1222 4471 et
1251 4426 1457 4470 sanctos
1485 4416 1735 4470 Altissimi
1763 4418 1843 4469 in-

296 4509 554 4562 veterabit
576 4548 590 4572 ,
623 4519 677 4562 et
712 4509 958 4575 cogitabit
988 4518 1188 4560 mutare
1222 4515 1453 4573 tempora
1484 4515 1536 4558 et
1565 4506 1762 4573 legem;
1794 4510 1848 4557 et

295 4597 535 4647 tradetur
576 4597 625 4648 in
658 4612 813 4649 manu
843 4596 955 4663 ejus
985 4610 1145 4662 usque
1185 4594 1247 4646 ad
1285 4604 1487 4661 tempus
1524 4592 1619 4662 (a).
1660 4593 1747 4645 26.
1780 4592 1846 4644 Et

296 4684 551 4750 judicium
588 4686 751 4748 sedit;
793 4695 844 4738 et
878 4685 1219 4751 principatum
1258 4684 1372 4749 ejus
1410 4682 1750 4744 transferent,
1791 4692 1847 4734 ut

295 4772 505 4825 deleant
524 4781 576 4824 et
608 4772 909 4838 disperdant
936 4786 1097 4838 usque
1120 4772 1169 4823 in
1193 4771 1368 4823 linem.
1398 4772 1483 4822 27.
1515 4772 1578 4822 Et
1598 4786 1842 4838 regnum,

296 4870 349 4914 et
382 4869 631 4928 potestas,
656 4868 707 4912 et
735 4859 1031 4927 magnitudo
1054 4874 1229 4925 regum
1256 4858 1345 4924 qui
1367 4858 1546 4910 subter
1566 4872 1720 4910 omne
1745 4873 1846 4910 cte-

297 4952 423 5013 lum,
459 4951 577 5002 data
604 4959 726 5003 sunt
750 4950 941 5001 sanctis
967 4948 1216 5000 Altissimi
1247 4965 1258 4998 :
1282 4958 1335 5000 et
1362 4963 1576 5014 regnum
1603 4948 1733 5014 ejus,
1764 4962 1844 4999 re-

296 5052 455 5105 gnum
504 5040 918 5105 sempiternum:
951 5046 1002 5088 et
1040 5050 1221 5087 omnes
1264 5036 1581 5101 principatus
1621 5036 1848 5088 servient

296 5126 396 5191 ipsi
426 5138 486 5177 ac
512 5124 777 5176 obedient.
814 5125 901 5177 28.
932 5124 1041 5176 lluc
1070 5138 1233 5190 usque
1262 5124 1378 5175 ﬁnis
1410 5124 1570 5176 verbi.
1605 5124 1714 5192 Ego
1746 5125 1845 5176 Da-

295 5212 403 5264 niel
431 5226 445 5262 :
472 5211 813 5279 cogitationes
842 5225 971 5262 mete
1005 5212 1223 5263 multum
1255 5212 1697 5265 conturbaverunt
1724 5229 1805 5266 me
1828 5256 1842 5279 ,

295 5309 349 5351 et
390 5299 553 5351 forma
585 5313 699 5351 mea
739 5307 933 5349 mutata
973 5307 1053 5350 est
1087 5313 1099 5348 :
1128 5307 1181 5351 et
1206 5300 1422 5353 verbum
1466 5302 1515 5352 in
1545 5302 1701 5355 corde
1731 5319 1846 5356 meo

296 5388 627 5440 conservavi.
664 5405 683 5437 ι
716 5386 781 5437 Ει
818 5400 979 5453 quare
1008 5387 1221 5439 verbum
1262 5388 1390 5440 illud
1433 5404 1535 5442 non
1575 5390 1788 5453 dixisti,
1815 5408 1847 5443 ο

296 5476 493 5530 homo?
518 5477 646 5543 Quia
675 5476 739 5529 ad
768 5474 978 5529 Judaaos
1009 5476 1152 5529 nullo
1182 5478 1337 5530 modo
1363 5478 1629 5545 spectabat
1654 5497 1668 5533 :
1698 5482 1789 5533 sed
1818 5499 1847 5535 e

364 5606 437 5666 (α)
471 5605 657 5655 Incuria
688 5605 991 5666 exscriptoris
1024 5603 1193 5666 factum
1230 5606 1417 5666 videtur
1436 5641 1450 5664 ,
1476 5613 1526 5653 ut
1549 5610 1732 5659 omissa:
1755 5613 1848 5660 sint

301 5664 445 5716 voces
468 5674 748 5726 sequentes,
772 5671 818 5715 et
834 5664 1042 5725 tempora
1061 5671 1106 5713 et
1128 5664 1381 5717 dimidium
1402 5669 1639 5728 temporis.

1633 390 1697 446 IN
1737 387 2092 443 DANIELEM.

3362 394 3470 449 234

1937 499 2198 549 contrario
2224 496 2273 547 in
2295 493 2465 547 verbis
2484 492 2689 561 quidem
2717 506 2777 543 ea
2805 504 2897 556 per
2916 486 3280 541 obscuritatem
3302 485 3474 535 occul-

1936 588 2076 640 tabat
2095 626 2109 651 ,
2139 587 2189 638 in
2234 584 2482 653 prOpheta
2512 592 2685 635 autem
2715 579 3043 634 conservavit
3078 578 3128 629 in
3158 574 3333 627 corde.
3378 570 3473 624 Et-

1934 677 2071 730 enim
2099 675 2196 727 sub
2218 675 2369 727 ﬁnem
2391 674 2494 725 ait:
2519 671 2647 724 Ecce
2667 686 2911 723 sermones
2931 668 3110 735 signati
3128 664 3373 733 (Dan.l2.
3395 664 3474 727 9);

1936 774 1989 819 et
2027 767 2133 817 vult
2176 765 2296 817 illos
2338 764 2586 815 obscuros
2611 775 2747 813 esse.
2794 760 2846 811 ld
2893 759 3012 811 iacit
3055 758 3209 809 etiam
3257 754 3364 819 ipse
3404 750 3477 817 (η)

1939 855 2112 922 (Jesus
2138 854 2396 919 Christus)
2426 866 2517 919 per
2542 850 2812 918 parabolas
2842 850 3079 916 loquens.
3110 844 3237 897 Vide
3264 856 3481 909 quomo-

1938 945 2004 995 do
2044 943 2233 1008 ubique
2262 957 2475 1008 regnum
2516 940 2728 992 extollat
2765 936 2976 1001 Daniel,
3008 943 3065 988 ut
3102 932 3230 987 nihil
3269 930 3480 983 humani

1939 1032 2238 1098 suspiceris.
2289 1029 2399 1082 Etsi
2437 1031 2573 1082 enim
2618 1029 2912 1080 universum
2954 1025 3131 1078 orbem
3164 1018 3483 1074 obtinuerint

1940 1119 2205 1178 homines;
2229 1128 2282 1171 at
2302 1135 2403 1171 non
2426 1133 2650 1184 semper,
2673 1132 2839 1183 neque
2856 1116 2905 1167 in
2930 1114 3189 1166 inﬁnitum
3212 1109 3480 1163 sacculum.

1938 1209 2045 1262 Nec
2082 1208 2206 1261 mihi
2237 1210 2508 1276 quisquam
2536 1208 2704 1268 dicat,
2742 1206 2899 1259 breve
2937 1214 3140 1272 tempus
3180 1198 3481 1255 memorari.

1941 1301 2074 1366 Quid
2114 1300 2251 1353 enim
2287 1299 2384 1351 sibi
2426 1300 2535 1351 vult
2576 1299 2701 1350 illud
2740 1313 2752 1347 :
2794 1295 2910 1347 Non
2951 1294 3257 1361 pertransibit
3282 1331 3295 1354 ,
3334 1304 3488 1358 neque

1941 1391 2071 1457 genti
2100 1390 2241 1440 alteri
2270 1388 2489 1439 tradetur
2513 1387 2529 1453 (
2553 1386 2686 1436 Dan.
2716 1386 2768 1436 2.
2796 1385 2864 1436 44
2886 1382 2942 1452 )?
2984 1385 3045 1435 Et
3070 1382 3185 1433 vide
3210 1395 3325 1448 qua:
3353 1379 3488 1430 inter

1944 1477 2153 1530 Darium
2197 1486 2251 1529 et
2288 1475 2592 1527 Macedonas
2630 1482 2772 1541 gesta
2804 1481 2940 1524 sunt.
2988 1471 3150 1534 Quam
3182 1469 3247 1522 ob
3275 1482 3486 1521 causam

1945 1566 2091 1617 lizec?
2133 1565 2354 1630 Propter
2393 1563 2620 1615 Judagos.
2668 1561 2788 1614 Ideo
2830 1569 2883 1613 et
2923 1558 3215 1612 Alexander
3257 1557 3492 1610 adoravit

1944 1653 2193 1720 templum
2223 1651 2315 1719 (ὁ),
2348 1660 2404 1703 ut
2428 1650 2591 1715 aiunt,
2621 1664 2739 1702 cum
2769 1649 2906 1703 hunc
2933 1648 3158 1701 Danielis
3190 1646 3378 1700 librum
3409 1646 3489 1697 iu-

1945 1744 2201 1809 Spexisset
2242 1758 2255 1791 :
2288 1750 2339 1792 et
2365 1740 2528 1791 Graeci
2561 1741 2659 1791 vim
2693 1739 3087 1805 praedictionum
3132 1737 3293 1803 ipsius
3322 1735 3491 1787 adiui-

1946 1833 2041 1883 rati
2084 1840 2222 1883 sunt.
2267 1831 2428 1883 Porro
2466 1831 2530 1882 de
2573 1830 2683 1883 istis
2724 1829 2877 1881 rebus
2919 1842 3070 1881 nemo
3106 1826 3348 1895 loquutus
3377 1833 3490 1884 est,

1946 1922 2043 1973 nisi
2074 1921 2158 1974 hic
2188 1922 2348 1974 solus.

2517 2051 2738 2106 CAPUT
2778 2051 2907 2105 Vlll.

2019 2187 2067 2238 l.
2101 2203 2118 2234 ε
2164 2186 2216 2237 In
2256 2199 2393 2238 anno
2434 2184 2583 2237 tertio
2609 2183 2752 2251 regni
2793 2182 3074 2235 Baltasaris
3104 2183 3233 2235 visio
3259 2182 3496 2249 apparuit

1949 2275 2073 2327 mihi
2096 2274 2162 2344 (c)
2188 2315 2199 2337 ,
2224 2288 2321 2342 ego
2352 2273 2562 2335 Daniel,
2597 2280 2712 2339 post
2741 2286 2855 2324 eam
2892 2286 3007 2338 quae
3033 2270 3161 2323 mihi
3187 2277 3496 2337 apparuerat

1949 2364 1999 2414 in
2031 2362 2298 2429 principio.
2333 2362 2387 2413 2.
2418 2361 2483 2413 Et
2507 2360 2611 2412 vidi
2635 2362 2683 2411 in
2711 2360 2909 2411 visione
2935 2376 2945 2407 :
2970 2368 3022 2411 et
3046 2357 3236 2411 factum
3271 2367 3349 2409 est
3374 2371 3493 2409 cum

1948 2464 2045 2517 ego
2070 2451 2328 2511 viderem,
2358 2458 2411 2502 et
2432 2464 2572 2502 eram
2604 2450 2652 2500 in
2676 2447 2821 2500 Susis
2851 2448 2988 2514 regia
3021 2447 3116 2515 (α),
3146 2462 3260 2514 qua:
3300 2446 3347 2497 in
3378 2459 3496 2511 pro-

1950 2540 2114 2591 vincia
2156 2538 2428 2591 Elamitide
2454 2538 2552 2590 sita
2576 2545 2672 2589 est.
2705 2536 2769 2588 Et
2794 2535 2895 2587 vidi
2936 2538 2985 2587 in
3016 2536 3212 2587 visione
3232 2575 3243 2595 ,
3272 2546 3324 2586 et
3350 2549 3494 2587 eram

1947 2640 2106 2691 super
2149 2626 2297 2678 Ubal.
2340 2626 2390 2676 5.
2434 2626 2500 2676 Et
2537 2624 2699 2675 levavi
2742 2624 2920 2676 oculos
2956 2638 3119 2688 meos,
3168 2631 3220 2676 et
3269 2623 3367 2674 vidi
3402 2634 3495 2676 :et

1947 2729 2073 2767 ecce
2111 2715 2245 2766 aries
2276 2728 2408 2766 unus
2449 2721 2594 2765 stans
2637 2722 2758 2765 ante
2790 2712 2917 2765 Ubal
2947 2727 2959 2762 :
2996 2719 3050 2764 et
3078 2712 3175 2779 ipsi
3200 2720 3348 2764 erant
3372 2726 3493 2763 cor-

1949 2818 2070 2865 nua,
2107 2810 2158 2855 et
2187 2816 2383 2855 cornua
2411 2802 2615 2854 excelsa
2645 2819 2658 2853 :
2690 2810 2743 2853 et
2771 2816 2929 2853 unum
2950 2802 3207 2854 excelsius
3237 2802 3418 2863 altero,
3442 2812 3497 2854 et

1949 2891 2204 2943 excelsius
2237 2890 2548 2942 ascendebat
2568 2891 2618 2941 in
2648 2890 2917 2943 extremis.
2948 2892 2999 2942 4.
3030 2890 3095 2941 Et
3131 2889 3234 2943 vidi
3279 2891 3494 2942 arietem

1950 2995 2113 3033 cornu
2156 2988 2417 3047 petentem
2460 2988 2642 3032 contra
2688 2994 2851 3043 mare,
2875 2987 2929 3031 et
2962 2979 3277 3046 aquilonem,
3309 2989 3360 3031 et
3404 2994 3495 3031 au-

1949 3081 2113 3125 strum
2150 3078 2203 3123 et
2240 3069 2457 3123 africum
2491 3087 2504 3119 :
2535 3077 2586 3123 et
2610 3084 2795 3122 omnes
2819 3070 2999 3123 bestia:
3026 3084 3128 3122 non
3156 3069 3366 3122 stabunt
3405 3084 3492 3121 co-

1949 3176 2060 3214 ram
2100 3177 2164 3214 eo
2199 3179 2209 3212 :
2242 3170 2294 3213 et
2322 3175 2424 3212 non
2453 3168 2565 3212 erat
2602 3161 2688 3227 qui
2729 3170 2933 3213 erueret
2960 3161 3023 3213 de
3051 3176 3205 3213 manu
3245 3161 3357 3227 ejus
3399 3178 3411 3212 :
3443 3170 3495 3214 et

1949 3249 2069 3299 fecit
2089 3247 2370 3299 secundum
2398 3248 2713 3299 voluntatem
2744 3263 2910 3311 suam,
2934 3256 2987 3300 et
3011 3248 3365 3316 magniﬁcatus
3391 3260 3489 3302 est.

1948 3338 2000 3389 5.
2034 3337 2097 3389 Et
2121 3352 2217 3404 ego
2252 3352 2395 3389 eram
2426 3337 2714 3405 intelligens
2746 3347 2834 3391 :et
2868 3352 2988 3391 ecce
3015 3338 3190 3391 hircus
3222 3354 3491 3406 caprarum

1948 3425 2188 3479 veniebat
2217 3425 2281 3476 ab
2307 3424 2467 3477 africo
2495 3440 2650 3493 super
2681 3427 2861 3479 faciem
2904 3428 3058 3480 totius
3090 3437 3240 3480 terra:
3269 3446 3279 3478 :
3309 3439 3358 3480 et
3388 3444 3491 3481 non

1949 3514 2195 3582 tangebat
2236 3522 2427 3568 terram
2474 3532 2485 3565 :
2529 3525 2580 3567 et
2618 3516 2763 3568 hirco
2806 3516 2881 3568 illi
2920 3531 3081 3569 cornu
3124 3517 3404 3584 spectabile
3442 3520 3493 3570 in

1948 3603 2119 3656 medio
2165 3602 2433 3655 oculorum
2480 3603 2609 3669 ejus.
2641 3604 2691 3655 6.
2733 3604 2796 3655 Et
2837 3604 3181 3657 venithircus
3227 3620 3390 3673 usque
3428 3605 3492 3657 ad

1948 3692 2165 3745 arietem
2190 3692 2336 3743 illum
2369 3690 2644 3742 habentem
2669 3705 2883 3755 cornua,
2916 3708 3073 3760 quem
3095 3693 3324 3746 videram
3347 3706 3461 3747 slan

1950 3786 2054 3829 tem
2094 3792 2270 3830 coram
2298 3777 2427 3831 Ubal
2457 3795 2467 3829 :
2492 3787 2543 3830 et
2568 3780 2793 3831 cucurrit
2818 3780 2883 3831 ad
2910 3794 3027 3833 eum
3056 3782 3106 3833 in
3133 3781 3206 3833 ira
3237 3781 3493 3835 fortitudi-

1948 3865 2029 3917 nis
2055 3880 2179 3918 sure.
2211 3866 2259 3916 7.
2286 3866 2349 3917 Et
2378 3867 2480 3919 vidi
2507 3882 2623 3919 eum
2645 3868 2943 3933 pervenisse
2964 3885 3127 3937 usque
3153 3871 3217 3924 ad
3245 3872 3490 3926 arietem:

1947 3962 2001 4006 et
2025 3954 2269 4009 eil‘eratus
2290 3965 2370 4008 est
2391 3957 2439 4007 in
2470 3970 2610 4019 eum,
2639 3957 2995 4025 percussitque
3024 3960 3258 4022 arietem,
3290 3968 3341 4012 et
3362 3975 3490 4012 con-

1948 4043 2092 4095 trivit
2116 4052 2330 4110 utraque
2354 4059 2546 4096 cornua
2578 4045 2726 4108 ejus:
2763 4054 2815 4097 et
2840 4059 2942 4097 non
2976 4054 3087 4099 erat
3126 4047 3284 4099 robur
3318 4050 3490 4111 arieti,

1949 4140 2005 4183 ut
2040 4140 2201 4183 staret
2233 4146 2407 4183 coram
2440 4146 2520 4183 eo.
2556 4131 2621 4182 Et
2658 4131 2872 4198 projecit
2911 4133 3077 4200 ipsum
3110 4135 3159 4186 in
3188 4143 3377 4189 terram
3403 4179 3415 4200 ,
3440 4149 3492 4191 et

1948 4219 2271 4271 conculcavit
2299 4219 2499 4285 ipsum,
2528 4228 2580 4270 et
2611 4234 2712 4271 non
2742 4229 2853 4273 erat
2888 4222 2974 4288 qui
3006 4223 3247 4277 liberaret
3276 4227 3490 4279 arietem

1947 4309 2013 4362 de
2054 4323 2208 4361 manu
2243 4308 2375 4376 ejus.
2413 4309 2464 4362 8.
2494 4309 2560 4362 Et
2599 4309 2777 4363 hircus
2819 4326 3089 4379 caprarum
3137 4314 3492 4380 magniﬁcatus

1949 4409 2028 4452 est
2054 4399 2240 4451 mirum
2265 4398 2315 4450 in
2343 4398 2572 4451 modum.
2604 4400 2803 4453 Etcum
2824 4400 3161 4452 invalesceret
3190 4402 3301 4467 ipse
3321 4442 3335 4464 ,
3365 4418 3489 4456 con-

2008 4507 2190 4571 ta)__I_)e
2229 4507 2427 4571 Christo,
2460 4509 2535 4555 hic
2576 4510 2750 4554 dicitur
2772 4545 2783 4565 ,
2820 4508 2921 4571 ipse
2958 4508 3071 4569 facit
3111 4511 3261 4571 (ποιεῖ
3296 4512 3481 4571 αὐτὸς),

1948 4578 2035 4633 per
2059 4565 2285 4634 ellipsrm_
2305 4570 2622 4634 emphaticam
2638 4604 2649 4623 ,
2688 4582 2783 4627 qua
2814 4565 3076 4634 utebantur
3097 4570 3214 4618 olim
3240 4565 3484 4634 Pythago-l

1946 4627 2047 4680 τεεί,
2071 4627 2129 4672 de
2153 4640 2239 4674 suo
2257 4628 2452 4673 doctore
2480 4627 2701 4675 dicentes
2726 4643 2734 4673 :
2766 4631 2910 4682 Αὐτὸς
2934 4630 3037 4685 Ean.

2009 4686 2076 4742 (ὁ)
2101 4687 2406 4757 Supra._d‘ixit
2436 4698 2447 4731 :
2484 4685 2754 4757 Alemander
2782 4690 2998 4757 adoravit
3040 4692 3185 4757 Deum
3224 4693 3483 4757 (προαξκῦ-

1945 4762 2060 4811 vage
2088 4748 2165 4790 τὸν
2188 4746 2324 4801 Θεὸν)
2342 4782 2365 4811 ,_
2386 4748 2622 4811 quomodo
2642 4748 2719 4796 hic
2744 4764 2938 4810 quoque
2974 4754 3068 4811 legi
3105 4746 3299 4800 debere'
3320 4755 3484 4801 nullus

1946 4804 2115 4851 dubito
2141 4819 2150 4849 :
2177 4817 2265 4851 nec
2288 4804 2417 4851 enim
2449 4807 2643 4855 Macedo
2678 4804 2913 4869 templum
2939 4804 3169 4865 adoravit.
3196 4814 3278 4859 sed
3306 4814 3480 4870 Deum,

1945 4876 2235 4933 seunomen
2266 4870 2717 4933 tetragrammaton,
2747 4872 2873 4930 quod
2904 4874 2951 4917 in
2984 4871 3156 4933 lamina
3190 4872 3482 4933 insculptum

1941 4924 2156 4985 pontifex
2180 4924 2336 4985 fronte
2362 4927 2597 4985 gestabat.
2634 4924 2949 4977 Rem'narrat
2972 4932 3161 4980 Graecus
3192 4924 3360 4979 Livius"
3385 4937 3482 4981 Διι-

1943 4980 2509 5102 ξᾳῂξὲρόῃξὲυξζωρ.
2538 4988 2723 5048 ultimo,
2751 5004 2805 5037 ac
2841 4996 2949 5049 post
2981 4992 3120 5038 illum
3156 4980 3395 5042 Eusebius
3432 5000 3484 5041 et

2010 5104 2077 5164 (c)
2112 5102 2242 5164 [dem
2264 5103 2498 5163 Josephus
2520 5105 2566 5164 iu
2590 5102 2683 5150 ﬁne
2706 5102 2813 5150 libri
2835 5106 3005 5152 decimi
3030 5106 3179 5154 refert
3201 5107 3288 5155 hoc
3315 5110 3491 5164 visum,

1948 5162 2033 5209 sed
2058 5161 2251 5223 c0ufuse
2264 5198 2284 5223 ,Α
2300 5175 2353 5209 ac
2368 5161 2469 5223 [uti
2495 5162 2644 5219 solet,
2670 5176 2829 5223 parum
2852 5173 3085 5212 accurate.
3115 5174 3207 5213 Non
3233 5176 3367 5215 extra
3391 5161 3495 5214 rem

1952 5223 2042 5285 erit
2064 5221 2248 5282 Josephi
2272 5219 2427 5285 locum
2452 5222 2620 5281 legere
2641 5219 2831 5285 quoque
2854 5225 2975 5282 apud
3000 5232 3039 5271 S.
3058 5225 3442 5285 ,Cbrysostomum
3466 5227 3495 5272 3

1951 5280 2252 5343 (nuncho‘m.
2277 5280 2327 5340 Ι)
2353 5280 2579 5343 adversus
2601 5280 2810 5338 Judaeos,
2835 5280 2896 5329 ut
2912 5298 2973 5331 ex
2998 5280 3265 5343 collatione,
3293 5286 3491 5342 mendis,

1950 5341 2075 5401 quod
2098 5341 2219 5388 factu
2245 5341 2486 5400 perfacile,
2512 5350 2813 5400 repurgetur.

2012 5402 2086 5461 (ά)
2123 5401 2173 5447 In
2196 5407 2369 5455 Graeco,
2397 5414 2428 5447 ιν
2453 5414 2591 5455 mam
2614 5418 2656 5459 τῇ
2682 5416 2791 5461 papa.
2820 5402 2920 5449 Vox
2942 5437 2954 5455 ,
2979 5410 3082 5457 mn
3100 5445 3111 5465 ,
3140 5404 3266 5451 unde
3288 5419 3383 5465 se“
3408 5405 3493 5453 de-

1951 5469 2154 5523 ducuur,
2196 5466 2425 5534 significat
2458 5467 2665 5573 (plurima
2710 5471 2754 5515 in
2793 5472 3053 5529 Scripturis.
3094 5474 3172 5518 Hic
3208 5480 3399 5527 autem,
3445 5483 3495 5524 ut

1954 5530 2204 5573 existimo.
2243 5538 2421 5573 reatum
2492 5534 2667 5573 euolat.
2706 5530 2908 5573 Josenbo
2945 5543 2998 5573 ac
3033 5531 3327 5573 Theodoram
3351 5542 3495 5573 atrum

1954 5530 2173 5601 egistitno
2192 5565 2218 5601 ,Δ
2243 5530 2421 5601 regian
2458 5530 2682 5601 denotat._
2706 5530 2915 5601 Josepbo‘
2945 5543 2998 5577 ac
3033 5531 3327 5601 Ibeodoreto
3351 5542 3495 5601 atque

1954 5590 2097 5649 etiam
2120 5594 2281 5633 Nostro
2300 5586 2578 5649 {adversus
2598 5587 2799 5649 Judaeos,
2818 5586 3089 5649 Metropolis
3112 5599 3360 5640 Persarum
3379 5586 3495 5642 dici-

1957 5654 2031 5694 tur
2055 5648 2157 5695 haac
2178 5650 2306 5693 urbs.
2332 5645 2520 5695 Videsis
2547 5646 2564 5695 l
2587 5648 2737 5696 Eadm:
2760 5650 2805 5707 6,
2832 5649 2877 5706 2,
2906 5657 2954 5697 et
2974 5645 3021 5709 2,
3049 5652 3091 5709 l,
3115 5650 3161 5697 1.
