4032 6220
553 374 663 429 237

547 484 784 538 ἐποίουν
802 481 871 534 τὰ
886 482 1023 550 ἔργα
1039 482 1449 549 τοῦβασιλέως
1468 501 1481 514 ’
1510 487 1603 539 καὶ
1634 482 1953 552 ἐθαύμαζον
1974 481 2088 546 τὴν

549 574 785 641 ὅρασιν·
826 572 924 625 καί
961 574 1068 624 οὐκ
1092 568 1168 640 ἦν
1193 576 1225 625 d
1252 574 1493 625 συνιών.
1532 575 1695 626 Πόθεν
1719 570 2083 641 ἐμαλακίσθη;

562 663 696 715 ’Υπδ
727 663 820 731 τῆς
853 661 1083 728 ἀθυμίας
1108 661 1237 722 ῐσως
1266 662 1371 713 τῶν
1401 663 1663 729 ἐσομένων
1708 660 1909 723 δεινῶν,
1942 659 2085 722 λογι-

556 754 779 820 σάμενος
821 752 953 819 πρὸς
986 750 1191 814 ἐαυτὸν,
1225 752 1303 802 ὅτι
1331 752 1535 802 οὐδέπω
1561 752 1626 802 τὰ
1659 751 1897 819 παρόντα
1940 748 2088 808 τέλος

553 842 680 910 ἔχει.
716 840 823 892 Kal
846 840 1095 899 τοσαῦτα,
1124 840 1275 906 φησὶ,
1307 840 1464 891 πάλιν
1493 839 1733 890 δεινά.Ἢ
1765 836 1920 888 πάλιν
1941 834 2089 885 οὐπω

553 928 850 997 κατήλλαξα
884 929 1057 989 αὐτοῖς
1081 930 1167 980 τὸν
1191 929 1337 990 Θεὸν,
1368 930 1458 979 xal
1480 928 1629 979 αὐτοὶ
1658 924 2041 993 ἐκπολεμοῦσιν
2061 934 2088 961 ι

554 1018 729 1071 αὐτόν.
756 1017 861 1071 Kal
892 1018 1169 1081 ἀνέστην,
1203 1017 1296 1068 καί
1328 1018 1569 1068 ἐποίουν
1590 1015 1661 1066 τὰ
1688 1015 1827 1079 ἔργα
1852 1012 1953 1063 τοῦ
1979 1010 2090 1071 βα-

553 1109 783 1171 σιλέως.
819 1106 1119 1167 Τουτέστιν,
1153 1106 1468 1175 ὑπηρέτουν.
1505 1104 1608 1156 Kal
1638 1099 1954 1167 ἐθαύμαζον
1980 1097 2091 1162 τὴν

554 1199 761 1265 ὅρασιν
779 1214 791 1225 ο
822 1196 918 1249 καὶ
943 1192 1146 1262 οὑκξῆν
1171 1198 1202 1247 ό
1228 1192 1469 1248 συνιών.
1500 1192 1745 1244 Μάλιστα
1765 1190 1916 1242 τοῦτο
1937 1186 2089 1255 φέρει

552 1286 672 1340 τινὰ
716 1285 919 1351 ὀδύνην,
946 1284 1070 1335 ὅταν
1106 1282 1236 1351 μηδέ
1266 1282 1561 1348 ἐξενεγκεῖν
1606 1280 1698 1348 ἐξῇ
1749 1280 1825 1341 είς
1870 1292 1986 1329 τινα
2021 1273 2089 1326 τά

554 1373 765 1441 λυπηρά
786 1390 797 1403 ο
827 1373 859 1441 ἢ
889 1372 969 1422 ὃτι
1002 1370 1221 1438 πονηροὶ
1244 1364 1401 1437 ἦσαν.
1430 1367 1537 1421 Καὶ
1561 1367 1823 1427 ἐποίουν,
1850 1363 2000 1431 φησὶ,
2020 1360 2091 1413 τὰ

554 1462 693 1529 ἔργα
740 1459 842 1513 τοῦ
894 1458 1211 1521 βασιλέως.
1247 1456 1545 1519 Τουτέστιν,
1572 1454 1721 1506 οὐδὶν
1749 1451 2087 1521 παρελίμπα-

554 1566 665 1611 νον,
699 1548 812 1601 άλλ*
842 1546 1053 1598 ἐποίουν
1081 1545 1147 1598 τὰ
1176 1545 1327 1614 ἔργα.

1140 1651 1385 1704 ΚΕΦΑΛ.
1426 1650 1502 1703 Θ¹.

637 1759 736 1813 Ἐν
758 1757 836 1821 τῷ
860 1756 1057 1824 πρώτῳ
1082 1756 1195 1807 ἔτει
1216 1756 1476 1822 Δαρείου,
1508 1755 1611 1809 τοῦ
1638 1752 1771 1808 υίοῦ
1800 1749 2091 1813 Ἀσσουή-

551 1864 681 1913 ρου,
715 1847 826 1898 ἀπὸ
854 1844 956 1898 τοῦ
980 1844 1311 1912 σπέρματος
1346 1842 1579 1910 Μήδων,
1615 1838 1680 1904 ὃς
1704 1840 2092 1893 ἐϐασίλευσεν

556 1935 652 1988 ἐπὶ
685 1935 796 2000 τὴν
811 1934 1131 1996 ,ϐασιλείαν
1151 1932 1471 1992 Χαλδαίων,
1506 1931 1573 1981 ἐν
1595 1929 1710 1980 ἔτει
1741 1928 1829 1977 ἐνὶ
1851 1923 1960 1991 τῆς
1979 1924 2092 1986 ,ϐα-

558 2022 786 2086 σιλείας
820 2020 1020 2083 αὑτοῦ,
1053 2019 1164 2087 ἐγὼ
1197 2018 1415 2084 Δανιὴλ
1458 2016 1696 2082 συνῆκα
1735 2016 1801 2066 ἐν
1843 2013 1968 2076 ταῖς
1996 2013 2092 2074 βί-

560 2112 720 2172 ϐλοις
767 2108 872 2161 τὸν
914 2108 1153 2174 ἀριθμόν
1196 2106 1311 2159 τῶν
1345 2106 1523 2168 ἐτῶν,
1564 2104 1690 2170 περὶ
1734 2098 1806 2157 οὗ
1848 2100 2093 2168 ἐγενήθη

556 2196 735 2263 λόγος
765 2195 979 2260 Κυρίου
1024 2197 1168 2260 πρὸς
1206 2191 1471 2259 Ἱερεμίαν
1503 2192 1607 2241 τόν
1636 2187 1961 2255 προφήτην,
2012 2188 2095 2249 εις

557 2282 987 2350 συμπλήρωσιν
1012 2282 1350 2348 ἐρημώσεως
1392 2278 1499 2344 τῆς
1534 2276 1909 2345 Ἰερουσαλὴμ
1937 2274 2095 2326 ἐϐδο-

554 2371 820 2440 μήκοντα
844 2371 964 2435 ἔτη.
993 2370 1101 2422 Kal
1127 2368 1313 2419 ἔδωκα
1356 2368 1421 2419 τὸ
1465 2368 1780 2432 πρόσωπόν
1802 2381 1917 2432 μου
1949 2361 2094 2429 πρὸς

560 2460 775 2524 Κύριον
811 2458 916 2509 τόν
954 2457 1115 2521 Θεὸν,
1150 2455 1253 2507 τοῦ
1292 2454 1604 2521 ἐκζητῆσαι
1629 2452 1971 2521 προσευχὴν
1997 2449 2093 2502 καὶ

559 2547 767 2613 δέησιν
803 2547 870 2598 ἐν
898 2546 1192 2610 νηστείαις
1222 2546 1316 2596 καί
1340 2544 1539 2605 σάκκῳ
1569 2544 1662 2595 καὶ
1688 2540 1905 2604 σποδῷ.
1931 2532 2093 2600 οὗτος

558 2636 590 2686 6
618 2636 794 2703 Μῆδος
826 2638 1058 2702 Δαρεῖος.
1094 2634 1308 2702 Πρῶτον
1341 2634 1394 2684 δέ
1423 2633 1535 2695 ἔτος
1562 2633 1678 2700 οὐχὶ
1702 2632 1797 2699 τῆς
1828 2628 2094 2697 βασιλείας

561 2721 720 2775 αὐτοῦ
765 2739 925 2790 φησι·
974 2722 1031 2771 οὐ
1066 2721 1170 2789 γάρ
1203 2717 1369 2785 εἶπεν,
1398 2722 1452 2771 ἐν
1489 2720 1563 2787 τῷ
1605 2718 1798 2787 πρώτῳ
1822 2718 1919 2784 τῆς
1947 2716 2093 2783 βασι-

560 2810 705 2871 λείας
741 2808 921 2871 αὐτοῦ,
954 2808 1201 2871 ἀλλ’,Ἐν
1232 2805 1309 2871 τῷ
1349 2807 1547 2872 πρώτῳ
1585 2806 1700 2858 ἔτει
1732 2806 1987 2871 Δαρείου,
2027 2803 2093 2854 ἐν

560 2898 649 2950 ἐνί
682 2898 798 2950 ἔτει
833 2896 939 2962 τῆς
956 2896 1267 2960 ,βασιλείας
1294 2896 1494 2959 αὐτοῦ,
1525 2895 1659 2947 ῶστε
1696 2892 1915 2947 δυνατὸν
1940 2892 2092 2958 λέγι-

565 2986 684 3038 σθαι
717 2987 806 3037 καὶ
831 2984 1039 3054 πρῶτον
1063 2984 1197 3047 ἔτος,
1227 2984 1587 3052 βασιλεύοντος
1624 2984 1718 3050 μὲν
1762 2981 1943 3043 αὐτοῦ,
1977 2982 2093 3031 τότε

557 3073 614 3125 δέ
637 3073 907 3134 ἀνελόντος
935 3072 1059 3133 ίσως
1077 3074 1197 3133 τοὺς
1224 3072 1348 3141 περὶ
1376 3072 1673 3139 Βαλτάσαρ.
1694 3071 1831 3137 Ἐγὼ
1870 3069 2091 3134 Δανιὴλ

558 3161 794 3226 συνῆκα
835 3162 903 3213 ἐν
944 3160 1068 3223 ταῖς
1092 3160 1324 3223 βίϐλοις
1355 3160 1460 3210 τόν
1488 3159 1731 3225 ἀριθμὸν
1774 3156 1888 3209 τῶν
1924 3155 2087 3209 ἐτῶν.

557 3250 830 3310 Τουτέστι,
869 3247 963 3317 τὴν
995 3249 1222 3314 σφαγήν.
1269 3248 1374 3299 Kal
1410 3246 1962 3313 ἀνελογισάμην.”ορα
1996 3245 2090 3294 αὐ-

555 3338 645 3389 τὸν
672 3338 775 3405 πρὸ
802 3338 900 3404 τῆς
934 3337 1263 3405 προθεσμίας
1294 3336 1353 3387 οὐ
1384 3336 1655 3403 τολμῶντα
1690 3334 1992 3401 προσελθεῖν
2018 3330 2093 3400 τῷ

556 3427 812 3495 Δεσπότῃ.
834 3424 966 3476 Ἀλλ’
997 3427 1043 3476 οἰ
1088 3426 1182 3493 μὲν
1222 3428 1365 3493 τρεῖς
1403 3424 1586 3485 παῖδες
1615 3422 1852 3475 ποιοῦσιν
1881 3422 2007 3473 αὐτὸ
2038 3423 2093 3473 ἐν

555 3514 620 3580 τῆ
648 3512 854 3580 καμίνῳ
873 3530 885 3542 ·
921 3508 1068 3572 οὗτος
1096 3513 1149 3565 δέ
1176 3514 1231 3563 ἐν
1262 3512 1339 3579 τῷ
1375 3512 1555 3579 λάκκῳ
1585 3512 1730 3563 οὐδὲν
1763 3511 1998 3578 ἐποίησε.
2032 3509 2094 3561 Τί

555 3596 675 3662 οὖνς
722 3599 755 3667 ἢ
804 3600 994 3649 ἐκεῖνοι
1036 3600 1235 3660 κακῶς,
1270 3600 1301 3666 ἢ
1348 3595 1527 3660 0510;;
1564 3598 2094 3663 Οὐδέτεροι.Ἐκεῖνοι

560 3688 656 3755 μὲν
686 3688 791 3755 γὰρ
818 3686 912 3754 τὴν
942 3686 1333 3753 φιλοστοργίαν,
1366 3682 1516 3747 οὗτος
1561 3686 1616 3737 δὲ
1642 3686 1736 3753 τὴν
1772 3685 1978 3737 σύνεσιν
2004 3685 2093 3737 τοῦ

559 3774 749 3844 καιροῦ
802 3776 1233 3844 παραγενομένου
1280 3775 1514 3827 ἐδείκνυ.
1557 3770 1680 3841 ⁷Λρ¹
1721 3769 1810 3825 οὖν
1868 3773 2095 3834 συνετῶς

557 3863 882 3929 ἀνεγίνωσκε
933 3864 999 3914 τά
1051 3863 1392 3931 προφητικά;
1435 3856 1597 3928 Οἶμαι
1634 3861 1675 3912 δ’
1712 3862 1866 3913 αὐτὸν
1902 3862 1998 3912 οὐκ
2035 3863 2097 3913 ἐκ

557 3952 652 4021 τῆς
700 3951 945 4011 ἁλώσεως
992 3951 1266 4017 ἀριθμεῖν,
1317 3951 1427 4002 ἀλλ’
1472 3952 1534 4001 ἐκ
1581 3950 1676 4018 τῆς
1728 3950 2095 4017 αἰχμαλωσίας

560 4042 685 4102 ἴσως
726 4039 814 4091 τοῦ
867 4039 1094 4106 Ἰσραήλ.
1151 4038 1451 4107 Ἐρήμωσιν
1491 4037 1597 4107 γὰρ
1646 4038 1864 4099 εἰκότως
1909 4037 1972 4089 ἄν
2016 4054 2098 4100 τις

558 4131 695 4183 εῖποι
731 4127 1076 4199 Ἰερουσαλὴμ
1110 4126 1202 4178 καὶ
1237 4126 1359 4186 τοὺς
1391 4125 1674 4193 πολέμους.
1709 4125 1846 4193 Ὅρα
1886 4127 1977 4176 καὶ
2008 4124 2097 4177 τὸν

557 4218 780 4286 ἀριθμὸν
831 4214 1167 4267 σαϐϐατικὸν.
1218 4214 1424 4282 Ὥσπερ
1472 4212 1577 4281 γὰρ
1624 4212 1739 4264 τότε
1782 4211 2097 4279 τετρακόσια

556 4305 837 4372 τριάκοντα
885 4304 974 4355 καὶ
1018 4303 1260 4355 διακόσια
1303 4301 1587 4353 δεκαπέντε
1631 4299 1893 4365 ἐποίησεν,
1928 4298 2095 4361 οὕτως

554 4389 702 4459 οἶμαι
731 4392 821 4442 xal
852 4391 943 4443 νῦν
976 4390 1175 4441 ἐλάττω
1206 4383 1357 4439 εῖναι.
1398 4386 1547 4457 [246]
1574 4386 1708 4453 Περί
1732 4382 1801 4440 οὗ
1830 4385 2092 4452 ἐγενήθη,

554 4478 717 4545 φησὶ,
769 4478 945 4543 λόγος
992 4474 1138 4539 πρὸς
1192 4475 1468 4539 Ἰερεμίαν
1512 4474 1615 4525 τὸν
1656 4472 1981 4539 προφήτην,
2015 4474 2101 4535 είς

553 4564 982 4632 συμπλήρωσιν
1033 4561 1373 4627 ἐρημώσεως
1427 4560 1805 4626 Ἰερουσαλὴμ
1858 4557 2097 4624 ἐϐδομή-

554 4669 731 4706 κοντα
758 4654 877 4715 ἕτη.
900 4651 1003 4703 Kal
1034 4649 1219 4701 ἔδωκα
1244 4649 1306 4699 τὸ
1337 4649 1652 4713 πρόσωπόν
1673 4664 1788 4713 μου
1815 4647 1958 4710 πρὸς
1984 4646 2096 4697 Κύ-

546 4759 680 4808 ριον
695 4741 795 4792 τὸν
809 4738 971 4801 Θεὸν,
988 4738 1090 4789 τοῦ
1108 4735 1413 4801 ἐκζητῆσαι
1430 4748 1651 4801 προσευ
1656 4735 1771 4800 χὴν
1784 4734 1876 4785 καὶ
1895 4732 2098 4797 δέησιν

552 4832 621 4882 ἐν
638 4828 936 4893 νηστείαις
953 4826 1055 4878 καὶ
1068 4824 1268 4889 σάκκῳ
1288 4824 1381 4875 καί
1401 4824 1621 4885 σποδῷ.
1643 4824 1781 4889 Ὅρα
1798 4820 2093 4872 εὐλάϐειαν.

555 4916 659 4970 Kal
688 4916 893 4977 ἔδωκα,
919 4913 1068 4981 φησὶ,
1100 4912 1163 4963 τὸ
1184 4912 1499 4977 πρόσωπόν
1518 4927 1651 4975 μου.
1676 4909 1946 4970 Τουτέστι,
1967 4925 2096 4958 κατ-

553 5001 893 5077 ῃσχυμμένος
917 5002 1059 5067 ήμην
1082 4999 1184 5068 πρὸ
1204 4998 1410 5058 τούτου,
1429 4997 1530 5064 πρὸ
1562 4997 1658 5063 τῆς
1690 4995 2061 5055 ταπεινώσεως
2080 5008 2094 5022 ο

552 5092 647 5145 νῦν
674 5089 730 5139 δὲ
754 5088 996 5147 Ἔδωκα,
1023 5087 1138 5137 ἀντὶ
1164 5085 1253 5135 τοῦ
1284 5086 1567 5152 ἐτόλμησα.
1594 5084 1653 5134 Εἰ
1679 5082 1734 5133 δὲ
1764 5081 2100 5149 ὀφειλόμενον

553 5178 776 5248 ἀπῄτει,
807 5176 904 5227 οὐκ
940 5175 1004 5228 ἃν
1036 5173 1211 5239 ἔλεγε,
1249 5173 1470 5225 Ἐδωκα
1504 5172 1567 5223 τὸ
1606 5172 1923 5238 πρόσωπόν
1956 5186 2097 5237 μου,

616 5433 639 5458 ⁸
664 5426 783 5476 Vide
807 5424 1016 5481 Suidam,
1043 5420 1163 5482 apud
1187 5432 1329 5525 Ἥρω
1351 5418 1399 5466 in
1423 5420 1571 5467 verbo
1592 5420 1941 5480 ἐμπολεμῶσαι,
1975 5416 2095 5466 nihil

618 5494 735 5525 mm».
757 5484 989 5525 debuerat
1008 5479 1067 5525 ll.
1091 5481 1209 5525 Sum
1250 5514 1257 5523 .
1306 5478 1567 5525 Eleaanter
1584 5486 1761 5525 autem.
1788 5478 1869 5525 αιιί
1894 5475 2094 5525 Consul.

548 5475 735 5535 mutare
757 5484 989 5533 debuerat
1004 5475 1257 5538 lI.'Steph.
1306 5478 1567 5538 Elegantey
1584 5475 1869 5538 ablgrq.'qul
1888 5475 2094 5538 βοῃξιίι.

551 5534 703 5604 θρόει.
726 5541 1015 5604 collegia};
1038 5534 1329 5604 ⁸πεαρατόιξε-οιές
1365 5534 1639 5596 ἁμαρτάνειν
1663 5537 1709 5578 In
1734 5534 1819 5579 haé
1860 5535 2094 5591 signiﬁca.

551 5595 683 5657 tione
711 5595 917 5659 usurpit,
943 5599 1023 5647 lib.
1055 5595 1226 5657 2,'cap.
1251 5595 1324 5641 25.

1236 372 1293 427 S.
1332 370 1608 428 JOANNIS
1644 367 2119 428 CHRYSOSTOMI
2167 369 2478 429 ABCBIEP.
2514 367 3038 428 CONSTANTINOP.

3611 348 3720 405 238

2193 484 2266 545 ὡς
2284 483 2373 535 ἐπὶ
2396 481 2985 553 παρακεκινδυνευμένῳ
3005 478 3296 548 πράγματι.
3317 472 3381 525 Εἰ
3397 470 3532 537 ὐπέρ
3550 465 3717 520 ἄλλων

2191 574 2421 645 τοσαύτῃ
2458 576 2647 644 χρῆται
2688 574 2906 641 σπουδῇ,
2946 574 2994 644 εἰ
3020 568 3301 627 τοσαύταις
3330 561 3605 616 ἀπολαύων
3631 558 3720 610 καὶ

2194 668 2339 736 παρὰ
2361 669 2451 719 τοῦ
2476 668 2608 720 Θεοῦ
2633 670 2723 721 καὶ
2750 668 2895 737 παρὰ
2917 664 3007 717 τοῦ
3036 660 3289 733 βασιλέως
3309 657 3535 716 εὐνοίαις
3557 654 3609 714 ι’,
3628 652 3723 703 οὐκ

2193 759 2300 826 ἔχει
2321 759 2438 811 τινὰ
2460 759 2701 827 αῐσθησιν
2726 760 2829 811 τῶν
2858 757 3203 826 πραγμάτων,
3232 750 3342 804 ἀλλ’
3372 749 3445 809 ὡς
3475 745 3629 806 αὐτὸς
3654 743 3725 795 ὢν

2192 856 2248 904 ἐν
2284 854 2391 913 τοῖς
2423 853 2627 917 δεινοῖς,
2668 854 2843 904 αὐτῶν
2873 851 2979 904 τῶν
3020 850 3185 900 ὄντων
3215 844 3407 914 μᾶλλον
3437 842 3679 892 ἐδάκνετο
3708 852 3724 861 ⁸

2195 946 2307 1006 πῶς
2345 945 2409 997 ἄν
2449 963 2531 1007 τις
2571 946 2727 997 αὐτὸν
2769 945 2886 997 κατ’
2918 942 3071 1005 ἀξίαν
3104 938 3452 1007 θαυμάσειεν;
3499 933 3634 1001 Ὅρα
3672 930 3729 982 δὲ

2193 1039 2287 1089 καὶ
2330 1039 2464 1107 μετά
2493 1040 2587 1101 τὰς
2620 1039 2823 1106 θλίψεις
2853 1038 3056 1098 ἐκείνας
3084 1036 3143 1087 οὐ
3177 1029 3471 1101 θαρροῦντα
3504 1026 3731 1095 προσελ-

2195 1133 2331 1195 θεῖν,
2373 1132 2476 1194 ἓως
2514 1128 2618 1184 εἰδε
2655 1132 2743 1184 τὸν
2783 1131 2967 1199 χρόνον
3004 1125 3368 1195 πληρωθέντα.
3416 1120 3521 1173 Ποῦ
3560 1119 3733 1173 τοίνυν

2194 1223 2483 1291 κεισόμεθα
2519 1222 2699 1275 λοιπὸν
2737 1225 2893 1290 ἡμεῖς
2923 1223 2970 1274 οἱ
3000 1220 3201 1282 άθλιοι;
3244 1217 3306 1268 Τί
3336 1215 3533 1282 λέγεις,
3563 1208 3607 1265 ὧ
3632 1217 3736 1266 Δα-

2193 1315 2339 1383 νιήλ;
2370 1316 2426 1366 ἐν
2458 1314 2675 1382 ἀγαθοῖς
2702 1311 2749 1366 εἰ
2778 1315 2862 1376 σὺ,
2896 1315 3057 1382 τιμῆς
3090 1309 3372 1371 ἀπολαύεις
3406 1308 3551 1377 παρὰ
3579 1307 3731 1369 Θεοῦ,

2195 1406 2341 1474 παρὰ
2377 1406 2668 1477 ἀνθρώπων
2703 1424 2715 1437 ·
2756 1407 2808 1458 τί
2848 1424 2926 1459 σοι
2969 1405 3143 1475 μέλλει
3175 1403 3232 1474 (ί.
3273 1402 3440 1471 μέλει)
3471 1401 3596 1471 περὶ
3630 1401 3737 1453 τῶν

2194 1498 2393 1563 ἀλλων;
2428 1498 2580 1552 οὕτω
2606 1500 2697 1552 καὶ
2724 1499 2957 1569 Μωύσῆς
2982 1499 3170 1551 ἐποίει.
3206 1497 3313 1549 Kal
3347 1496 3399 1547 τί
3439 1514 3601 1564 φησι;
3644 1496 3739 1549 Ἐν

2197 1594 2496 1658 νηστείαις
2545 1594 2642 1647 καί
2689 1594 2890 1659 σάκκῳ
2940 1595 3033 1646 καὶ
3065 1592 3266 1656 σποδῷ
3313 1592 3379 1645 τὰ
3424 1592 3739 1661 ὀφειλόμενα

2199 1685 2459 1738 ἀπαιτῶν.
2503 1686 2566 1736 Τί
2598 1686 2725 1754 γὰρ,
2764 1687 2809 1737 εί
2847 1685 3131 1751 ὠφείλετο,
3167 1686 3385 1754 Μήποτε
3429 1685 3519 1737 καὶ
3551 1685 3737 1737 τούτου

2198 1777 2443 1840 ἀναξίους
2485 1778 2703 1838 ἐαυτούς
2752 1778 3022 1845 ἐποίησαν.
3074 1776 3148 1831 Οὐ
3198 1779 3305 1845 γάρ
3345 1779 3487 1829 ἐστιν
3531 1778 3739 1848 ἀνάγκη

2200 1871 2345 1939 παρά
2367 1869 2483 1938 Θεῷ
2503 1886 2515 1897 '
2542 1869 2802 1938 ἀνώτερος
2823 1870 2997 1938 νόμων
3016 1870 3146 1921 ἐστί.
3174 1871 3281 1923 Τοῦ
3303 1869 3561 1935 ζητῆσαι,
3588 1874 3737 1940 φησί,

2199 1963 2543 2030 προσευχὴν
2570 1962 2665 2015 καὶ
2702 1963 2923 2028 δέησιν.
2965 1963 3179 2032 Πρῶτον
3206 1962 3360 2013 τοῦτο
3383 1963 3642 2031 ἐπιζητεῖ.
3675 1965 3740 2016 Εἰ

2200 2057 2474 2127 ἐπιτρέπει
2516 2074 2622 2125 μοι,
2653 2057 2800 2125 φησὶ,
2841 2056 3089 2120 εὐξασθαι
3123 2056 3259 2124 ὑπὲρ
3297 2057 3472 2109 αὐτῶν
3506 2072 3519 2084 ⁸
3557 2057 3740 2126 ἐπειδὴ

2200 2154 2421 2221 ἧκουσεν
2452 2152 2705 2220 Ἱερεμίου
2734 2150 2885 2202 τοῦτο
2914 2150 3210 2212 ἀκούοντος,
3240 2151 3319 2202 ὅτι
3364 2150 3460 2217 Μὴ
3494 2154 3741 2217 προσεύ-

2199 2261 2309 2309 χου
2347 2243 2492 2309 ὑπὲρ
2532 2244 2633 2296 τοῦ
2674 2242 2822 2295 λαοῦ
2862 2242 3089 2305 τούτου,
3132 2242 3225 2294 καί
3262 2243 3346 2309 μὴ
3385 2244 3556 2305 ἀξίου
3594 2243 3743 2311 ὑπὲρ

2198 2334 2408 2387 αὐτῶν.
2448 2336 2619 2402 Ἔχων
2654 2335 2725 2403 (Ῑ.
2773 2337 2895 2389 add.
2926 2334 3054 2404 τὴν)
3093 2336 3199 2386 ἀπὸ
3228 2336 3322 2402 τῆς
3351 2337 3738 2404 αἰχμαλωσίας,

2198 2426 2293 2495 τὴν
2342 2426 2447 2479 ἀπὸ
2502 2427 2606 2479 τῶν
2666 2429 2864 2497 χρόνων
2934 2427 3268 2496 συμμαχίαν,
3333 2427 3429 2496 τὴν
3483 2428 3592 2482 ἀπὸ
3646 2429 3744 2498 τῆς

2200 2521 2403 2582 οἰκείας
2426 2522 2637 2589 ἀρετῆς,
2666 2522 2754 2573 καὶ
2777 2521 2867 2573 τοῦ
2894 2522 3057 2591 μυρία
3081 2522 3283 2585 παθεῖν,
3303 2522 3509 2574 οὐδέπω
3534 2523 3741 2595 θαρῥεῖ,

2200 2614 2331 2666 ἀλλὰ
2346 2615 2543 2683 τέφραν
2560 2616 3032 2685 ὐποστρωσάμενος
3044 2616 3133 2667 καὶ
3148 2617 3364 2677 σάκκον,
3379 2616 3548 2677 οὕτως
3561 2617 3743 2671 ἐδεῖτο.

2201 2707 2264 2759 Τί
2292 2709 2579 2776 ποιήσομεν
2601 2710 2754 2776 ἡμεῖς
2779 2709 2828 2759 οἰ
2854 2708 3136 2777 ἀνάλγητοι
3157 2726 3170 2774 ;
3196 2708 3391 2761 Τοῦτον
3414 2711 3559 2778 ἡμᾶς
3581 2710 3747 2781 ἐχρῆν

2204 2799 2496 2868 μιμεῖσθαι.
2532 2799 2641 2850 Ἵνα
2683 2800 2788 2868 γάρ
2829 2801 2901 2868 μή
2935 2817 3016 2862 τις
3048 2800 3198 2871 λέγῃ,
3234 2802 3314 2853 ὅτι
3352 2801 3437 2852 διά
3475 2803 3665 2854 πενίαν
3698 2804 3749 2854 οἰ

2199 2892 2368 2944 λοιποὶ
2406 2895 2670 2962 προφῆται
2707 2892 2875 2945 ταῦτα
2910 2892 3119 2945 ἐποίουν
3149 2908 3167 2925 ο
3202 2894 3230 2944 6
3268 2894 3499 2962 μάλιστα
3536 2895 3750 2947 πάντων

2202 2986 2334 3053 πρὸς
2378 2985 2691 3053 ἀξιωμάτων
2734 2986 2955 3052 μέγεθος
2997 2986 3274 3054 ἀναχθεὶς,
3320 2982 3473 3049 οὗτος
3521 2989 3752 3057 μάλιστα.

2201 3078 2413 3130 πάντων
2434 3076 2787 3130 ταπεινοῦται.
2814 3079 2919 3129 Kal
2944 3077 3049 3129 ἀπὸ
3077 3078 3167 3131 τοῦ
3195 3078 3500 3148 σπέρματος
3530 3081 3631 3148 τῆς
3662 3080 3755 3148 βα-

2202 3172 2397 3233 σιλείας
2419 3170 2502 3240 ἦν,
2526 3174 2615 3223 καὶ
2641 3171 2898 3223 τοσούτων
2923 3172 3237 3226 ἀπέλαυσεν.
3260 3173 3411 3224 Οῦτω
3433 3174 3513 3224 δεῖ
3541 3173 3754 3227 πενθεῖν

2198 3262 2265 3312 τὰ
2284 3264 2449 3314 οἰκεῖα
2467 3263 2629 3323 δεινὰ,
2646 3264 2782 3313 οὕτω
2796 3263 2900 3313 τῶν
2923 3263 3092 3329 μελῶν
3114 3263 3377 3328 φείδεσθαι
3394 3265 3502 3317 τῶν
3518 3266 3749 3317 οἰκείων.

2200 3358 2365 3411 Τοῦτο
2388 3357 2689 3426 συμπάθεια
2711 3356 2812 3407 τῶν
2836 3358 3139 3424 προφητῶν.
3159 3358 3297 3427 Ὅρα
3317 3359 3488 3428 ταύτῃ
3523 3361 3757 3427 μάλιστα

2201 3450 2629 3519 θαυμασιώτερον
2670 3449 2812 3501 ὅντα.
2842 3449 3073 3515 Μωῡσῆς
3105 3450 3284 3515 ἔλεγεν
3316 3464 3329 3478 ·
3358 3452 3426 3501 Εἰ
3454 3450 3575 3517 μὲν
3599 3450 3759 3518 ἀφῇς

2202 3543 2420 3606 αὐτοῖς,
2453 3541 2577 3593 ἐπεὶ
2608 3540 2752 3607 κάμὲ
2778 3540 3096 3606 ὲξάλειψον
3113 3542 3180 3591 ἐκ
3202 3540 3310 3604 τῆς
3326 3542 3571 3603 βίϐλου.
3595 3537 3760 3602 Οὗτος

2202 3637 2261 3688 ἐν
2289 3634 2557 3703 νηστείαις
2584 3628 2649 3700 ἧν
2678 3633 2767 3683 καὶ
2793 3633 3015 3699 δάκρυσι
3042 3632 3315 3700 διηνεκῶς.
3349 3633 3561 3695 Παῦλος
3585 3636 3761 3703 διηνε-

2204 3723 2312 3783 κῶς
2344 3724 2400 3773 ἐν
2440 3721 2684 3789 δάκρυσι,
2732 3720 2822 3770 καὶ
2864 3720 3081 3787 γεέννης
3125 3721 3290 3787 αὐτῆς
3331 3723 3757 3790 κατετόλμησεν.

2203 3817 2387 3877 Οὐδεὶς
2410 3814 2581 3866 αὐτῶν
2608 3813 2715 3881 ἔχει
2738 3812 2840 3862 τῶν
2865 3812 3071 3863 οίκείων
3095 3812 3307 3878 ἀγαθῶν
3333 3813 3588 3880 αἴσθησιν
3609 3831 3622 3843 ·
3650 3815 3763 3867 ἀλλ’

2202 3910 2385 3976 ῶσπερ
2415 3910 2469 3959 ἐν
2502 3906 2725 3974 σώματι,
2754 3903 2843 3955 τοῦ
2881 3904 3151 3972 ὀφθαλμοῦ
3191 3906 3349 3957 καλοῦ
3380 3908 3764 3973 τυγχάνοντος,

2203 4006 2302 4056 οὐκ
2336 4003 2398 4054 ἂν
2434 4002 2581 4054 λάϐοι
2615 3999 2705 4050 τοῦ
2740 3999 2961 4061 κάλλους
2996 3999 3257 4068 αἴσθησιν,
3302 4003 3622 4069 σεσηπότων
3661 4002 3768 4054 τῶν

2207 4098 2379 4151 ποδῶν
2417 4096 2508 4149 καὶ
2543 4094 2941 4162 διεφθαρμένων
2968 4110 2981 4122 ’
3016 4094 3155 4146 οὕτω
3193 4096 3285 4147 καὶ
3319 4096 3440 4147 τότε
3482 4093 3575 4166 ἦν.
3612 4098 3770 4159 Τίνος

2204 4196 2385 4246 ἕνεκεν
2426 4195 2458 4259 ἡ
2500 4192 2717 4254 σποδός;
2767 4191 3185 4260 Ἀνεμίμνησκεν
3223 4192 3382 4243 αὐτὸν
3421 4193 3526 4261 τῆς
3559 4195 3771 4257 οἰκείας

2204 4286 2434 4353 φύσεως.
2459 4284 2609 4344 Τίνος
2638 4284 2816 4334 ἕνεκεν
2844 4284 2871 4332 6
2898 4284 3123 4347 σάκκος;
3152 4285 3228 4351 Τῇ
3256 4285 3557 4352 τραχύτητι
3585 4305 3773 4339 ταπει-

2203 4379 2300 4429 νοῖ.
2334 4376 2485 4435 Τίνος
2509 4376 2688 4425 ἕνεκεν
2722 4375 2753 4441 ή
2787 4374 3031 4442 νηστεία;
3055 4377 3161 4427 Kal
3190 4376 3324 4444 αὓτη
3348 4378 3459 4428 τῶν
3495 4381 3557 4431 ἐν
3590 4398 3773 4451 παρα-

2201 4472 2364 4538 δείσῳ
2385 4468 2797 4537 ἀνεμίμνησκεν.
2830 4466 2995 4518 Τοῦτο
3015 4469 3192 4529 αὐτοῖς
3214 4469 3330 4529 ἔθος
3352 4468 3509 4540 [247]
3539 4474 3681 4536 ἐστὶ,
3708 4474 3777 4527 τά

2208 4563 2556 4635 βασανίζοντα
2580 4561 2808 4613 διώκειν.
2836 4561 2964 4613 Οὐδὲ
2988 4562 3083 4629 τῆς
3111 4562 3208 4630 γῆς
3238 4562 3385 4624 ἄξιός
3413 4565 3554 4631 εἰμι,
3582 4568 3774 4633 φησιν,

2205 4658 2325 4710 οὐδὲ
2353 4655 2456 4707 τῶν
2486 4653 2727 4722 ἱματίων,
2759 4653 2874 4704 οὐδὲ
2906 4652 3010 4704 τῶν
3039 4652 3174 4705 κατά
3206 4653 3363 4720 φύσιν
3397 4659 3773 4725 πραγμάτων,

2205 4749 2341 4803 ἀλλά
2371 4746 2741 4815 χαλεπωτέρας
2770 4743 3057 4812 τιμωρίας,
3091 4746 3118 4795 6
3145 4745 3211 4796 τά
3252 4746 3504 4813 Περσικά
3545 4748 3775 4816 περιϐε-

2207 4842 2468 4909 ϐλημένος
2504 4840 2807 4905 ὑφάσματα,
2851 4839 2878 4889 6
2921 4837 3109 4906 τιάραν
3144 4839 3280 4905 ἔχων
3320 4842 3623 4909 Περσικήν.
3666 4844 3777 4894 Kal

2206 4939 2259 4989 τί
2290 4950 2449 5002 φησι;
2481 4933 2699 4999 Ἵδωμεν
2726 4932 2819 4999 τὴν
2850 4931 3241 5000 ἐξομολόγησιν.
3276 4935 3384 4985 Kal
3412 4936 3778 5000 προσηυξά..

2200 5044 2325 5097 μην
2353 5026 2497 5091 πρὸς
2537 5026 2747 5089 Κύριον
2775 5023 2877 5075 τὸν
2907 5022 3051 5075 Θεόν
3081 5041 3220 5090 μου.
3253 5026 3392 5094 Ὀρα
3434 5027 3498 5077 τὸ
3546 5029 3779 5098 φίλτρον

2205 5124 2265 5175 τὸ
2293 5120 2418 5187 περὶ
2444 5118 2531 5169 τὸν
2555 5116 2842 5185 Δεσπότην.
2887 5116 2996 5167 Τὸν
3021 5118 3167 5168 Θεόν
3192 5136 3330 5183 μου,
3371 5119 3507 5186 φησί
3534 5136 3547 5147 ·
3578 5119 3644 5173 δν
3674 5122 3778 5175 οὐκ

2206 5216 2401 5282 ἐτόλμα
2428 5210 2699 5271 ἱκετεύειν,
2725 5209 2901 5261 τοῦτον
2926 5208 3053 5261 Θεὸν
3076 5209 3237 5261 αὐτοῦ
3265 5210 3437 5263 καλεῖ.
3471 5214 3601 5265 Ἔτι
3627 5213 3779 5281 ἐμοῦ

2264 5465 2292 5500 ι
2317 5462 2448 5530 Lege
2463 5455 3228 5530 Nam“"gférffﬁvﬂﬁt‘ﬁ?
3251 5464 3400 5530 me.
3422 5459 3711 5530 ἀποὶ-σειὲιιςρ
3728 5466 3784 5530 et

2201 5511 2436 5571 τοσούτῶν
2457 5511 2727 5563 ἀπέλαυσεν.
2764 5511 3164 5573 PraivllSegaar.
3195 5511 3452 5565 Aniinddv.
3483 5518 3547 5566 ad
3571 5511 3777 5568 Mcl.

2201 5596 2246 5641 p.
2278 5578 2352 5625 69.
