4032 6220
270 322 380 380 237

257 421 360 483 bui,
387 430 432 474 et
457 421 683 488 aegrotavi
725 423 827 475 dies
857 423 1082 490 aliquot:
1108 430 1153 475 et
1189 423 1379 476 surrexi
1400 461 1414 484 ,
1457 429 1499 472 et
1539 417 1775 489 faciebam

256 521 404 572 opera
442 508 570 575 regis
597 519 680 560 :et
717 509 997 560 admirabar
1045 510 1276 562 visionem
1301 524 1317 560 :
1346 517 1390 560 et
1431 524 1529 560 non
1564 515 1666 558 erat
1706 505 1790 573 qui

256 591 566 661 intelligeret.
613 593 760 647 Unde
788 596 1089 662 a'grotavit?
1113 594 1371 648 Fortassis
1399 610 1462 646 ex
1491 592 1694 645 tristitia
1724 593 1789 646 ob

256 679 453 735 futuras
485 671 826 749 calamitates,
859 699 1034 737 secum
1066 693 1308 751 reputans
1328 723 1342 744 ,
1379 682 1606 734 nondum
1635 681 1786 732 finem

256 769 446 823 habere
487 785 571 823 res
614 781 915 838 praesentes.
946 773 1010 824 Et
1051 780 1152 835 tot,
1183 771 1379 838 inquit,
1406 769 1576 821 adhuc
1603 781 1787 834 super-

251 867 373 908 sunt
400 855 551 909 mala.
581 857 670 910 Vel
699 859 907 922 iterum,
939 858 1174 910 Nondum
1199 857 1389 910 ludatis
1414 857 1576 910 Deum
1601 871 1784 909 recon-

249 944 445 1007 ciliavi,
472 954 525 997 et
553 946 650 1012 ipsi
679 961 795 999 eum
829 947 891 999 ad
920 947 1113 998 bellum
1145 953 1443 1014 provocant,
1468 960 1528 997 ac
1553 944 1647 996 sibi
1670 944 1789 998 red-

249 1029 380 1082 dunt
409 1031 690 1085 inimicum.
722 1032 783 1084 Et
807 1035 1028 1097 surrexi,
1052 1042 1096 1084 et
1127 1034 1364 1102 faciebam
1385 1048 1531 1098 opera
1554 1032 1700 1099 regis.
1733 1031 1785 1083 Id

249 1127 347 1182 est,
384 1119 760 1173 Ministrabam.
794 1121 856 1172 Et
881 1121 1163 1172 admirabar
1189 1122 1456 1182 visionem;
1481 1129 1525 1171 et
1562 1135 1660 1171 non
1683 1129 1786 1172 erat

247 1207 331 1272 qui
375 1207 685 1275 intelligeret.
729 1208 947 1261 Maxime
990 1209 1040 1260 id
1082 1209 1230 1262 affert
1271 1209 1524 1271 dolorem,
1565 1221 1682 1260 cum
1721 1223 1785 1262 ne

247 1292 454 1358 quidem
480 1294 600 1347 licet
641 1309 726 1348 res
770 1297 941 1348 tristes
980 1295 1163 1348 eﬂ'erre
1195 1296 1243 1347 in
1268 1296 1496 1363 aliquem
1527 1313 1538 1347 :
1571 1309 1636 1347 an
1666 1297 1783 1362 quia

248 1378 470 1446 improbi
511 1391 681 1434 erant.
717 1381 779 1433 Et
823 1383 1080 1448 faciebam,
1108 1382 1292 1449 inquit,
1325 1399 1472 1448 Opera
1502 1383 1645 1450 regis.
1676 1382 1784 1434 Hoc

245 1477 344 1528 est,
370 1465 509 1520 Nihil
541 1470 1022 1535 prtetermittebam,
1052 1469 1141 1522 sed
1170 1469 1420 1536 fungebar
1445 1469 1615 1522 ofﬁcio
1644 1484 1778 1522 meo.

840 1597 1060 1650 CAPUT
1098 1597 1186 1650 IX.

315 1733 364 1784 l.
398 1749 416 1782 ‹
447 1732 498 1783 In
543 1733 708 1798 primo
740 1745 874 1783 anno
912 1731 1068 1794 Darii,
1101 1731 1192 1783 filii
1231 1732 1464 1795 Assueri,
1496 1731 1560 1785 de
1586 1732 1781 1786 semine

243 1819 506 1874 “edorum
536 1819 629 1888 (a),
661 1820 746 1887 qui
786 1819 1021 1887 regnavit
1063 1833 1219 1885 super
1261 1834 1473 1887 regnum
1514 1819 1782 1871 Chaldaeo-

245 1923 359 1961 rum
382 1949 397 1973 ,
424 1909 477 1960 2.
511 1909 559 1959 in
588 1923 723 1960 anno
746 1924 849 1960 uno
873 1907 1016 1975 regni
1042 1908 1155 1974 ejus
1178 1948 1192 1970 ,
1221 1922 1316 1974 ego
1344 1907 1522 1959 Daniel
1549 1907 1779 1960 intellexi

245 1995 293 2046 in
317 1995 463 2048 libris
491 2010 762 2048 numerum
784 2010 1033 2047 annorum
1060 2034 1072 2055 ,
1102 1996 1166 2047 de
1190 2009 1293 2062 quo
1319 1993 1480 2047 factus
1507 2004 1584 2047 est
1610 2009 1780 2047 sermo

245 2083 446 2135 Domini
467 2084 530 2134 ad
546 2083 817 2136 Jeremiam
834 2084 1154 2150 prophetam,
1175 2084 1223 2135 in
1240 2083 1671 2150 complementum
1687 2085 1778 2136 de-

242 2172 508 2224 solationis
530 2172 864 2241 Jerosolymze
892 2174 1206 2240 septuaginta
1228 2174 1347 2225 anni
1375 2173 1513 2242 (Jer.
1537 2174 1622 2227 25.
1645 2175 1697 2227 ll
1736 2174 1773 2240 ).

241 2259 292 2312 3.
328 2260 392 2311 Et
416 2259 533 2312 dedi
565 2261 743 2313 faciem
779 2276 946 2314 meam
985 2261 1048 2312 ad
1084 2261 1356 2314 Dominum
1387 2263 1567 2324 Deum,
1596 2273 1650 2315 ut
1677 2279 1776 2316 ex-

241 2351 500 2412 quirerem
531 2350 816 2403 oratiouem
856 2359 909 2402 et
952 2349 1368 2417 deprecationem
1409 2353 1456 2403 in
1492 2352 1701 2419 jejuniis
1728 2361 1778 2405 et

240 2447 394 2487 sacco
438 2445 491 2487 et
531 2437 723 2488 cinere.
754 2453 772 2485 ι
820 2436 920 2489 istc
963 2447 1042 2489 est
1086 2437 1268 2490 Darius
1304 2438 1498 2490 Medus.
1549 2439 1776 2490 Primum

240 2531 414 2576 autem
446 2540 637 2577 annum
669 2541 768 2576 non
808 2527 949 2592 regni
993 2526 1151 2592 ipsius
1188 2527 1258 2576 ait
1289 2543 1300 2576 :
1331 2541 1430 2578 non
1461 2527 1598 2579 enim
1627 2528 1772 2591 dixit,

241 2611 295 2663 In
325 2613 491 2680 primo
517 2614 657 2680 regni
688 2612 816 2680 ejus,
847 2613 956 2674 sed,
986 2612 1050 2663 In
1076 2613 1232 2680 primo
1253 2629 1382 2664 anno
1411 2613 1568 2678 Darii,
1598 2616 1645 2665 in
1679 2631 1775 2666 uno

239 2717 370 2753 anno
387 2703 523 2769 regni
543 2703 646 2770 ejus
669 2717 686 2753 :
705 2703 768 2753 ita
798 2711 850 2754 ut
874 2710 924 2754 et
948 2702 1044 2754 dici
1074 2703 1234 2760 possit
1256 2703 1448 2768 primus
1469 2718 1653 2767 annus,
1675 2718 1777 2770 quo

238 2789 447 2855 quidem
473 2789 558 2841 ille
583 2789 847 2856 regnabat,
881 2799 999 2841 tunc
1027 2805 1148 2842 vero
1175 2789 1306 2842 forte
1333 2790 1628 2842 occiderant
1655 2790 1774 2842 Bal-

239 2885 480 2928 tasaretn.
514 2875 618 2945 Ego
656 2875 834 2928 Daniel
859 2877 1075 2928 intellexi
1100 2878 1150 2928 in
1172 2877 1308 2929 libris
1334 2895 1589 2930 numerum
1614 2895 1772 2930 anno-

235 2981 364 3015 rum.
396 2963 447 3016 Id
476 2974 586 3026 est,
617 2964 894 3017 Baltasaris
923 2965 1138 3018 caedem.
1183 2965 1246 3016 Et
1282 2967 1534 3033 reputavi.
1563 2966 1691 3019 Vide
1721 2974 1774 3020 ut

235 3060 357 3103 ante
393 3053 703 3117 prtelinitum
731 3062 932 3118 tempus
959 3068 1060 3105 non
1086 3052 1272 3104 audeat
1304 3054 1550 3106 accedere
1578 3055 1638 3108 ad
1667 3054 1774 3106 Do-

237 3139 455 3191 minum.
485 3140 550 3190 At
574 3149 675 3191 tres
697 3140 902 3206 quidem
933 3141 1073 3206 pueri
1094 3140 1142 3192 id
1159 3151 1314 3210 agunt
1340 3142 1387 3192 in
1412 3141 1652 3204 fornace;
1679 3144 1774 3196 iste

235 3242 362 3281 vero
387 3227 436 3279 in
466 3227 576 3279 lacu
607 3242 708 3278 non
735 3226 874 3279 fecit.
915 3227 1046 3292 Quid
1073 3228 1259 3294 igitur?
1289 3228 1366 3280 vel
1399 3229 1469 3279 illi
1497 3229 1629 3281 male
1649 3269 1662 3291 ,
1690 3230 1773 3282 vel

233 3316 356 3370 hic?
380 3316 578 3369 Neutri.
603 3316 682 3368 Illi
702 3316 952 3383 siquidem
974 3331 1201 3368 amorem
1222 3333 1338 3384 erga
1365 3319 1578 3384 patriam
1600 3328 1773 3372 osten-

233 3406 446 3468 debant,
480 3405 564 3457 hic
599 3420 724 3458 vero
762 3405 1149 3472 intelligentiam
1184 3408 1426 3472 temporis
1455 3407 1590 3473 quod
1617 3407 1773 3460 adve-

233 3503 403 3547 nerat.
456 3493 638 3547 Nonne
663 3509 786 3561 ergo
811 3494 1156 3560 intelligenter
1182 3494 1378 3561 legebat
1407 3496 1769 3562 prophetarum

232 3582 478 3635 oracula?
507 3582 756 3634 Existimo
777 3591 947 3635 autem
973 3583 1116 3633 illum
1139 3597 1237 3634 non
1263 3583 1326 3634 ab
1354 3585 1478 3636 urbe
1502 3594 1648 3651 capta
1679 3602 1771 3637 nu-

230 3684 458 3730 merare,
481 3668 573 3720 sed
605 3669 735 3721 forte
761 3682 788 3720 a
817 3667 1112 3734 captivitate
1137 3667 1337 3720 lsraelis
1364 3669 1452 3736 (b).
1482 3670 1604 3724 Jure
1629 3673 1766 3724 enim

229 3757 602 3810 desolationem
632 3758 747 3822 quis
773 3757 1029 3808 vocaverit
1069 3756 1404 3825 Jerosolymze
1433 3759 1584 3811 etiam
1615 3761 1764 3812 bella.

229 3845 362 3898 Vide
404 3854 456 3897 et
493 3858 763 3896 numerum
793 3843 1128 3895 sabbaticum.
1158 3843 1283 3894 Nam
1326 3846 1456 3897 sicut
1495 3849 1767 3914 aliquando

225 3934 633 4003 quadringentos
654 3942 705 3985 et
726 3932 930 3999 triginta
960 3946 1123 3983 annos
1153 3932 1338 3998 (Exod.
1365 3935 1447 3986 η.
1477 3935 1564 4002 40)
1595 3937 1642 3988 in
1668 3937 1766 3988 du-

225 4032 408 4078 centos
429 4032 481 4074 et
503 4022 794 4088 quindecim
824 4021 1054 4084 mutavit,
1084 4022 1151 4072 ita
1197 4031 1317 4088 puto
1344 4032 1394 4074 et
1437 4040 1570 4075 nunc
1604 4039 1765 4079 annos

222 4112 500 4180 pauciores
520 4123 655 4162 esse.
681 4126 697 4158 ‹
721 4109 791 4160 De
814 4122 915 4174 quo
941 4107 1103 4160 factus
1119 4117 1213 4170 est,
1230 4127 1247 4158 ι
1271 4109 1450 4175 inquit,
1477 4125 1674 4163 «sermo
1699 4111 1764 4164 ad

287 4300 360 4360 (a)
394 4301 502 4360 Quis
523 4296 1030 4360 assentiatur_.tosepho
1047 4295 1280 4355 Scaliger-0
1293 4300 1538 4360 Aassegrenti
1556 4311 1760 4360 progna-

219 4356 326 4408 tum
342 4356 482 4406 'Medo
505 4369 687 4417 genere
718 4356 903 4417 Medum
929 4368 1039 4417 esse
1061 4369 1150 4401 non
1177 4356 1418 4417 potuisse?
1450 4356 1762 4410 Mardbch'mus

217 4420 371 4479 igitur
394 4415 612 4479 nouerat
642 4415 848 4479 gudaeus,
875 4415 982 4479 quia
1009 4415 1078 4479 de
1104 4416 1293 4479 semine
1309 4415 1572 4479 Judteorum
1589 4417 1613 4465 τ
1632 4419 1757 4479 Esth.

216 4473 270 4534 6',
296 4479 372 4525 15.
395 4476 506 4534 Quid
532 4473 654 4535 quod
691 4474 850 4535 Darius
871 4475 961 4518 iste
992 4474 1354 4535 d_icitt_tr_Medus
1391 4482 1497 4522 Dan.
1523 4478 1568 4532 5,
1592 4478 1668 4534 31,
1709 4486 1762 4526 et

219 4531 300 4592 ii,
331 4538 392 4584 17
414 4531 570 4584 Ὀθιιιέ
602 4545 696 4597 non
725 4532 872 4590 majus
913 4531 1089 4597 pondus
1111 4532 1288 4597 habent
1317 4540 1504 4597 uetera:
1532 4531 1757 4597 scaligerl

216 4590 645 4658 prebationes,_qui
668 4591 779 4658 dtun
801 4590 1084 4658 sententiam
1102 4602 1234 4658 suam
1256 4591 1317 4636 de
1334 4593 1605 4658 _.\’abonnido
1622 4590 1758 4644 nobis

215 4648 599 4717 persuadeatﬁd
615 4651 784 4717 quibus
805 4648 952 4717 modis
971 4653 1263 4717 assequatur,
1283 4651 1522 4717 minimum
1547 4661 1694 4717 curat.

283 4714 354 4773 (b)
390 4707 932 4773 captivitatemjsraelis
968 4707 1407 4773 interpretor._non_
1440 4709 1757 4760 lsraelitarum

212 4767 600 4843 deportationem
624 4783 649 4843 a
666 4767 986 4843 salmapasare
1010 4767 1192 4836 factam,
1218 4767 1304 4813 sed
1325 4767 1590 4843 Jnudtportun
1609 4778 1757 4819 trans-

214 4825 448 4882 lationem
484 4829 573 4875 sub
603 4825 1046 4887 Nabucbodonosoro
1088 4827 1318 4887 primam,
1340 4833 1481 4887 necte
1512 4829 1654 4887 igitur
1675 4843 1754 4877 se-

211 4894 464 4954 ptuaginta
485 4887 727 4954 servitutis
747 4896 891 4954 annos
912 4885 1051 4954 ordiri
1079 4886 1260 4931 videtur
1283 4886 1341 4954 ab
1359 4886 1487 4954 initio
1505 4885 1752 4954 bellorum,

211 4945 271 5000 et
305 4945 511 5009 a'prima
531 4946 815 5009 captivitate,
834 4955 925 5009 seu
947 4945 1006 5009 at)
1028 4956 1148 4990 anno
1159 4950 1335 5009 “quarto
1355 4946 1560 5009 Joacimi.
1598 4945 1754 5008 Atque

211 5014 279 5060 ita
305 5001 507 5057 censent
529 5001 608 5063 qui
645 5005 767 5050 inter
804 5001 1112 5063 chronologos
1155 5001 1370 5048 fan'iiliam
1403 5005 1593 5051 ducunt.
1629 5001 1752 5061 Quod

207 5069 379 5118 subdit
410 5067 473 5113 de
512 5061 646 5111 annis
683 5063 728 5107 in
774 5061 1016 5117 pauciores
1053 5065 1316 5118 contractis,
1351 5065 1508 5122 imagis
1550 5070 1752 5115 oratorie

207 5130 398 5177 aestimo
415 5126 605 5176 dictum,
629 5131 768 5180 quam
793 5131 937 5183 vere;
961 5132 1107 5183 quare
1138 5121 1531 5183 verisimilius’est
1558 5125 1681 5183 quod
1705 5129 1752 5173 in

205 5176 244 5236 δέ
260 5189 492 5234 adversus
511 5176 710 5233 Judaeos,
727 5183 776 5241 et
795 5176 909 5222 infra
924 5176 1099 5235 scribit,
1112 5180 1330 5238 quodque
1355 5180 1463 5227 alibi
1483 5176 1750 5241 scripserat,

206 5256 404 5304 ,empus
437 5242 583 5304 fuisse
606 5236 887 5304 completum
912 5249 922 5281 :
967 5250 1071 5304 qua;
1096 5236 1171 5284 est
1195 5236 1333 5284 etiam
1358 5242 1514 5298 Opinio
1535 5236 1748 5301 Origenis

206 5295 347 5352 Itoni.
387 5303 417 5349 4
456 5303 502 5348 in
538 5295 826 5359 Ezechielem
853 5308 862 5340 :
889 5297 1118 5359 quamvis
1141 5309 1232 5342 una
1266 5295 1648 5359 vera'sententia
1671 5305 1747 5359 sit,

205 5359 670 5425 quodseptuagint‘a
709 5354 816 5425 anni
849 5353 1232 5425 tunicati-tinem
1270 5358 1546 5425 vergebant.
1588 5353 1748 5406 locum

206 5412 356 5471 Exodi
385 5412 454 5474 12',
480 5412 566 5472 A1):
583 5415 739 5468 aliter,
763 5424 818 5458 ac
838 5424 944 5458 mea
970 5412 1159 5470 quidem
1180 5412 1418 5475 senteniia
1458 5416 1599 5475 longe
1621 5431 1747 5467 com-

205 5483 396 5529 modius
418 5473 649 5535 accepere
681 5484 791 5530 Lxx,
816 5483 868 5518 ac
893 5477 994 5529 [ost
1025 5482 1109 5517 eos
1139 5473 1381 5532 Josephus,
1405 5473 1644 5533 Eusebius,
1670 5487 1745 5526 ste.

211 5553 376 5598 verus,
398 5537 702 5598 Augustinus.

1611 308 1674 360 IN
1716 306 2048 363 DANIELEM
2060 347 2072 362 .

3311 328 3419 384 238

1897 415 2171 470 Jcremiam
2198 417 2523 484 prOphetam,
2556 418 2604 470 in
2633 417 3065 486 complementum
3097 417 3431 471 desolationis

1893 503 2227 572 JerOsolymte
2253 505 2576 572 septuaginta
2605 507 2745 556 anni.
2796 505 2859 556 Et
2894 505 3010 556 dedi
3044 505 3224 557 faciem
3259 519 3428 557 meam

1892 591 1955 643 ad
1985 592 2253 643 Dominum
2287 593 2446 644 Deum
2469 631 2482 655 ,
2512 601 2565 644 ut
2589 593 2914 658 exquirerem
2941 593 3229 643 orationem
3257 601 3310 644 et
3334 591 3426 643 de-

1893 680 2238 745 precationem
2278 678 2328 729 in
2364 679 2568 746 jejuniis
2607 688 2660 732 et
2701 693 2852 730 sacco
2890 687 2939 730 et
2980 680 3170 730 cinere.
3202 696 3220 728 ι
3263 679 3431 731 Cerne

1892 767 2189 834 religionem
2230 766 2512 832 prophetat.
2557 765 2624 817 Et
2662 766 2794 829 dedi,
2829 767 3008 832 inquit,
3042 766 3217 833 faciem
3250 782 3427 818 meam.

1891 852 1999 904 lloc
2042 861 2138 914 est,
2186 852 2391 904 Rubore
2434 853 2655 904 suffusus
2693 868 2834 904 eram
2878 861 3026 905 antea
3052 893 3067 916 ,
3096 867 3282 918 nempe
3312 863 3430 905 ante

1891 939 2330 1001 humiliationem;
2364 955 2500 990 nunc
2529 954 2651 992 vero
2679 939 2822 1000 Dedi,
2852 940 2900 991 id
2948 949 3046 1002 est,
3082 941 3254 991 Ausus
3290 954 3425 990 sum.

1889 1026 2034 1090 Quod
2065 1027 2106 1078 si
2145 1043 2253 1079 rem
2289 1027 2512 1080 debitam
2555 1028 2882 1094 postulasset,
2911 1043 3035 1080 sane
3062 1045 3163 1080 non
3190 1030 3424 1093 dixisset,

1888 1110 2018 1165 Dedi
2044 1113 2216 1180 [aciem
2245 1130 2420 1174 meam,
2445 1116 2590 1180 quasi
2613 1114 2661 1164 in
2692 1114 2824 1166 facto
2851 1116 3134 1181 periculose
3164 1127 3424 1184 suscepto.

1887 1199 1940 1252 Si
1968 1215 2059 1267 pro
2084 1201 2197 1252 aliis
2220 1209 2359 1253 tanto
2384 1203 2542 1253 utitur
2568 1201 2759 1264 studio,
2790 1202 2832 1254 si
2858 1211 2995 1254 tanta
3026 1217 3140 1255 cum
3168 1204 3428 1258 frueretur

1889 1297 1989 1341 tam
2022 1289 2154 1355 apud
2187 1290 2369 1352 Deum,
2397 1304 2550 1357 quam
2593 1291 2727 1357 apud
2768 1306 2940 1358 regem
2969 1333 2982 1356 ,
3027 1293 3381 1347 benevolentia
3407 1336 3422 1358 ,

1888 1376 2067 1427 harum
2092 1385 2258 1429 tamen
2288 1392 2458 1430 rerum
2487 1379 2682 1430 nullum
2712 1392 2918 1430 sensum
2949 1380 3137 1445 habet,
3163 1383 3249 1435 sed
3277 1385 3423 1451 quasi

1887 1463 1998 1529 ipse
2021 1465 2068 1515 in
2101 1464 2248 1517 malis
2270 1474 2563 1517 versaretur
2587 1505 2601 1530 ,
2630 1467 2791 1534 magis
2830 1467 3093 1519 mordetur
3119 1483 3178 1521 ac
3208 1471 3424 1524 moleste

1885 1548 2002 1614 fert,
2037 1566 2188 1618 quam
2230 1550 2262 1603 ii
2308 1553 2395 1618 qui
2440 1553 2505 1605 ab
2543 1567 2602 1605 ea
2647 1553 2941 1607 calamitate
2967 1565 3115 1607 erant
3145 1560 3377 1624 oppressi
3408 1576 3420 1610 :

1885 1639 2142 1706 quomodo
2184 1639 2298 1706 quis
2337 1655 2452 1691 eum
2495 1641 2647 1707 digne
2689 1641 2938 1694 miretur?
2977 1641 3104 1695 Vide
3129 1654 3334 1708 autem,
3369 1656 3425 1700 ut

1885 1727 2036 1778 etiam
2075 1736 2190 1792 post
2229 1727 2342 1778 illas
2383 1726 2710 1790 afflictiones,
2742 1744 2843 1780 non
2875 1743 3028 1782 ausus
3056 1731 3122 1782 sit
3149 1732 3415 1798 accedere,

1885 1813 2052 1866 donec
2073 1814 2196 1865 vidit
2221 1822 2421 1881 tempus
2441 1830 2554 1867 esse
2584 1816 2917 1881 completum.
2949 1817 3044 1869 Ubi
3069 1833 3191 1885 ergo
3221 1819 3422 1873 deside-

1886 1903 2051 1954 bimus
2081 1902 2345 1968 deinceps,
2390 1917 2483 1953 nos
2521 1903 2731 1955 miseri?
2775 1904 2907 1967 Quid
2936 1905 3028 1967 ais,
3063 1920 3093 1957 o
3121 1907 3338 1960 Daniel?
3369 1910 3420 1962 in

1883 1992 2143 2058 prosperis
2175 2001 2224 2042 lu
2253 2006 2335 2052 es;
2369 1991 2619 2043 honorem
2647 1992 2806 2046 habes
2842 2008 2870 2044 a
2912 1994 3019 2046 Deo
3039 2035 3051 2057 ,
3080 2004 3132 2046 ct
3162 1996 3223 2048 ab
3253 1996 3419 2050 homi-

1884 2080 2067 2141 nibus;
2101 2080 2219 2145 quid
2249 2080 2337 2132 tibi
2363 2095 2500 2133 curae
2532 2082 2693 2134 estde
2723 2083 2960 2135 caeteris?
3004 2084 3089 2137 Sic
3126 2095 3178 2138 et
3217 2087 3418 2155 Moyses

1882 2170 2085 2237 agebat.
2113 2170 2176 2222 Et
2200 2171 2320 2236 quid
2350 2171 2454 2222 ait?
2483 2171 2546 2222 In
2565 2173 2770 2240 jejuniis
2801 2183 2846 2224 et
2882 2191 3022 2227 sacco
3047 2185 3090 2227 et
3113 2177 3292 2239 cinere,
3322 2179 3416 2232 de-

1883 2257 1984 2310 bita
2019 2259 2248 2324 exigens.
2277 2258 2407 2322 Quid
2449 2259 2608 2322 enim,
2641 2260 2682 2310 si
2712 2260 3032 2314 debebatur?
3058 2263 3129 2316 Nc
3159 2264 3292 2316 forte
3319 2265 3411 2318 Ju-

1881 2346 1978 2398 daei
2017 2359 2072 2398 se
2107 2346 2205 2398 hoc
2241 2361 2445 2414 quoque
2487 2348 2722 2415 indignos
2764 2348 3022 2403 fecissent.
3070 2354 3216 2420 Apud
3251 2354 3412 2410 Deum

1881 2434 2070 2502 quippe
2109 2449 2209 2485 non
2257 2443 2336 2486 est
2375 2438 2687 2498 necessitas;
2717 2438 2956 2502 superior
2983 2438 3176 2505 legibus
3205 2449 3300 2492 est.
3349 2441 3413 2494 Ut

1880 2539 2161 2591 qumrerem,
2192 2523 2372 2590 inquit,
2401 2526 2670 2577 orationem
2696 2534 2740 2575 et
2769 2525 3176 2592 deprecationem.
3223 2528 3274 2580 ld
3307 2530 3412 2595 pri-

1880 2629 2018 2666 mum
2042 2614 2226 2680 poscit.
2254 2612 2308 2666 Si
2329 2615 2592 2679 permittat
2613 2613 2757 2677 mihi,
2785 2615 2966 2680 inquit,
2991 2630 3082 2680 pro
3106 2616 3204 2668 illis
3226 2630 3406 2681 orare;

1879 2701 2118 2768 quoniam
2147 2700 2379 2753 audierat
2406 2700 2681 2753 Jeremiam
2711 2701 2806 2753 ista
2835 2701 2991 2754 verba
3020 2717 3048 2753 a
3079 2702 3293 2757 Domino
3324 2719 3408 2758 re-

1880 2790 2059 2842 tulisse
2087 2806 2098 2840 :
2130 2789 2207 2840 Ne
2233 2805 2339 2841 ores
2365 2805 2453 2858 pro
2485 2790 2664 2856 populo
2691 2791 2803 2852 ista,
2837 2800 2880 2841 et
2906 2806 2964 2842 ne
2987 2792 3199 2859 postules
3228 2810 3316 2859 pro
3339 2795 3407 2846 eis

1881 2876 2021 2948 (Jer.
2045 2880 2096 2931 7.
2123 2878 2186 2931 16
2208 2880 2246 2946 ).
2295 2879 2619 2931 Auxiliantur
2665 2879 2760 2946 ipsi
2807 2881 3074 2947 captivilas
3099 2923 3112 2944 ,
3142 2892 3370 2950 tempora
3393 2927 3406 2948 ,

1878 2968 2081 3034 propria
2112 2969 2288 3026 virtus,
2314 2974 2365 3017 et
2393 2967 2528 3033 quod
2551 2968 2815 3019 innumera
2848 2983 2939 3034 pro
2970 2969 3076 3021 Deo
3099 2984 3277 3035 passus
3304 2973 3404 3033 sit;

1876 3065 1929 3108 et
1972 3064 2140 3107 tamen
2175 3053 2400 3106 nondum
2429 3054 2660 3117 conlidit,
2692 3054 2780 3106 sed
2821 3055 3047 3108 cinerem
3077 3058 3408 3110 substernens

1877 3155 1928 3196 et
1957 3158 2181 3206 saccum,
2214 3145 2281 3194 ita
2311 3141 2631 3209 precabatur.
2662 3140 2793 3204 Quid
2822 3141 3066 3194 faciemus
3095 3157 3188 3194 nos
3214 3145 3298 3210 qui
3332 3145 3408 3195 in-

1875 3232 2099 3285 dolentia
2129 3245 2306 3282 sumus
2332 3230 2570 3295 pra‘diti?
2598 3229 2743 3281 Hunc
2771 3229 2997 3295 oportuit
3026 3229 3172 3281 nobis
3198 3231 3404 3282 imitan—

1874 3322 1994 3374 dum
2020 3334 2320 3388 proponere.
2340 3319 2467 3371 Nam
2489 3334 2553 3370 ne
2575 3319 2687 3384 quis
2710 3317 2864 3380 dicat,
2887 3318 3110 3384 reliquos
3128 3319 3405 3384 prophetas

1875 3422 2081 3478 propter
2105 3417 2454 3477 paupertatem
2478 3410 2570 3459 ista
2595 3408 2774 3459 fecisse
2801 3407 2912 3472 :qui
2938 3408 3158 3457 maxime
3179 3408 3402 3459 ontttium

1874 3506 2078 3550 evectus
2092 3497 2250 3548 fuerat
2267 3496 2328 3546 ad
2344 3495 2642 3560 dignitatum
2656 3492 3064 3560 amplitudinem,
3085 3493 3168 3545 ille
3190 3492 3410 3546 maxime

1874 3586 2100 3637 omnium
2122 3598 2176 3636 se
2196 3583 2457 3649 deprimit.
2487 3582 2552 3633 Et
2571 3582 2635 3633 de
2656 3581 2850 3633 semine
2882 3581 3044 3648 regni,
3067 3596 3126 3632 ac
3154 3585 3218 3637 de
3243 3585 3402 3646 stirpe

1872 3675 2010 3742 regia
2049 3682 2176 3736 erat,
2219 3681 2270 3725 et
2315 3681 2387 3723 tot
2434 3680 2673 3737 tantaque
2715 3671 2876 3722 fuerat
2923 3680 3286 3738 consequutus.
3331 3672 3399 3723 Ita

1871 3770 2074 3830 oportet
2093 3762 2266 3829 lugere
2286 3774 2375 3812 sua
2399 3760 2552 3821 mala,
2573 3759 2644 3810 sic
2665 3760 2883 3824 propriis
2903 3759 3144 3810 membris
3167 3774 3395 3826 parcere.

1871 3853 1991 3906 Haec
2010 3859 2089 3905 est
2110 3849 2487 3903 commiseratio
2514 3846 2899 3914 prophetarum.
2932 3847 3055 3898 \‘ide
3084 3858 3316 3899 nostrum
3339 3863 3399 3900 ea

1871 3950 2015 4007 parte
2062 3937 2320 4004 praecipue
2361 3949 2476 3987 esse
2515 3933 2885 3985 admirabilem.
2930 3933 3130 4002 Moyses
3156 3935 3351 3989 dicebat
3385 3953 3396 3984 :

1869 4028 2123 4097 Siquidem
2159 4026 2374 4076 remittas
2416 4025 2481 4074 eis
2512 4024 2626 4073 :st'n
2667 4024 2859 4082 minus,
2903 4025 3046 4074 etiam
3084 4039 3156 4074 me
3191 4019 3298 4072 dele
3339 4025 3398 4075 de

1866 4117 1989 4169 libro
2017 4113 2204 4182 (Exod.
2234 4113 2318 4166 52.
2351 4113 2458 4180 32).
2490 4112 2580 4163 Hic
2611 4112 2659 4163 in
2685 4111 2894 4177 jejuniis
2920 4122 2969 4162 et
2995 4112 3232 4179 lacrymis
3259 4127 3396 4164 con-

1869 4207 2008 4258 tinue
2032 4204 2268 4269 degebat.
2311 4202 2496 4254 Paulus
2534 4201 2739 4253 assidue
2781 4202 2827 4250 in
2873 4201 3189 4268 lacrymis,ct
3217 4211 3393 4255 contra

1863 4293 2149 4360 gehennam
2177 4292 2338 4357 ipsam
2365 4304 2519 4341 ausus
2546 4297 2640 4341 est.
2684 4287 2912 4353 Ipsorum
2943 4289 3111 4340 nullus
3135 4304 3286 4343 sensu
3317 4292 3395 4341 af-

1865 4380 2033 4432 ficitur
2056 4378 2378 4444 pr0priorum
2414 4378 2694 4435 honorum;
2727 4374 2814 4426 sed
2840 4383 2893 4425 ut
2923 4375 2969 4425 in
2998 4390 3230 4442 corpore,
3267 4391 3390 4428 ocu-

1863 4469 1942 4520 lus
1962 4468 2078 4518 licet
2100 4466 2314 4532 pulcher
2333 4463 2414 4524 sit,
2443 4478 2543 4514 non
2568 4472 2736 4514 tamen
2764 4465 3004 4528 percipiet
3027 4479 3131 4515 sum
3153 4465 3394 4518 bonitatis

1861 4571 1921 4608 ac
1951 4552 2343 4622 pulchritudinis
2381 4565 2611 4614 sensum,
2648 4551 2690 4602 si
2730 4550 2884 4616 pedes
2912 4551 3177 4617 putrefacti
3207 4553 3310 4605 sint
3332 4568 3394 4605 ac

1860 4640 2123 4707 corrupti;
2154 4639 2218 4690 ita
2236 4648 2287 4691 et
2309 4647 2428 4690 tunc
2451 4646 2579 4688 erat.
2612 4638 2713 4689 Cur
2734 4639 2897 4690 cinis?
2924 4639 3246 4690 Admonebat
3272 4657 3388 4690 eum

1859 4731 2079 4799 propria:
2097 4737 2309 4779 naturae.
2331 4727 2434 4779 Cur
2453 4727 2665 4779 saccus?
2691 4727 2980 4793 Asperitate
3002 4728 3262 4793 deprimit.
3290 4729 3392 4782 Cur

1857 4820 2147 4889 jejunium?
2177 4818 2239 4868 Et
2266 4817 2431 4883 ipsum
2461 4831 2520 4868 ea
2547 4832 2660 4882 qua:
2682 4816 2730 4867 in
2756 4817 2992 4882 paradiso
3014 4827 3153 4883 gesta
3180 4822 3315 4871 «unt,
3338 4816 3388 4867 in

1857 4908 2156 4962 memoriam
2201 4906 2491 4958 revocabat.
2534 4905 2626 4956 llic
2661 4905 2782 4956 viris
2820 4906 3011 4955 sanctis
3052 4917 3161 4955 mos
3203 4913 3302 4968 est,
3331 4920 3396 4958 ea

1855 5011 1969 5064 quas
2009 4994 2239 5061 afﬂigunt
2277 4993 2584 5045 consectari.
2633 4991 2809 5056 Neque
2849 4999 2981 5043 terra
3027 4991 3213 5062 dignus
3250 5003 3379 5052 sum,

1855 5087 2035 5152 inquit,
2066 5098 2231 5148 neque
2271 5083 2514 5140 vestibus,
2543 5095 2714 5148 neque
2755 5079 2908 5130 rebus
2950 5093 3064 5144 qure
3103 5078 3383 5130 secundum

1856 5183 2088 5227 naturam
2131 5184 2270 5231 sunt,
2311 5171 2399 5223 sed
2443 5170 2662 5235 graviori
2705 5169 2990 5235 supplicio,
3038 5170 3122 5234 qui
3165 5169 3382 5220 Persicis

1852 5263 2067 5314 amictus
2092 5277 2205 5312 sum
2239 5259 2485 5322 vestibus,
2519 5259 2604 5325 qui
2633 5259 2811 5310 tiaram
2838 5267 2984 5326 gesto
3006 5257 3284 5310 Persicam.
3319 5255 3379 5306 Et

1851 5351 1970 5418 quid
1997 5351 2101 5402 ait?
2125 5349 2400 5401 Videamus
2427 5346 2827 5399 confessiooem.
2859 5348 2908 5398 4.
2945 5346 3004 5397 Et
3029 5345 3163 5396 oravi
3189 5343 3252 5393 ad
3282 5342 3383 5392 Do-

1850 5442 2033 5492 minum
2075 5439 2231 5490 Deum
2274 5454 2448 5488 meum.
2491 5435 2656 5488 Cerne
2684 5450 2913 5489 amorem
2942 5449 3058 5500 erga
3091 5432 3379 5484 Dominum.

1854 5530 2007 5581 Deum
2030 5543 2206 5586 meum,
2233 5526 2414 5591 inquit.
2445 5523 2539 5577 Cui
2559 5537 2658 5576 non
2681 5523 2898 5578 audebat
2919 5522 3225 5589 supplicare.
3250 5521 3382 5570 hunc
