4032 6220
139 372 242 424 241

150 476 340 528 urbem
363 487 464 526 non
483 472 746 539 remigrat,
772 478 824 526 ut
845 480 994 526 antea
1018 471 1111 542 (a).
1141 471 1267 538 Quis
1288 477 1461 524 autem
1483 470 1697 522 omnino

154 562 214 615 de
247 563 417 616 reditu
445 562 688 630 loquutus
716 563 831 616 est?
857 562 1042 616 Nemo.

797 694 946 748 CAP.
986 693 1050 747 X.

227 822 252 875 1
319 838 336 871 ι
373 820 424 873 In
449 835 586 876 anno
613 822 765 875 tertio
785 822 902 891 Cyri
923 823 1056 890 regis
1083 821 1357 875 Persarum
1386 818 1456 889 (ὁ)
1486 818 1698 873 verbum

159 911 447 963 revelatum
474 921 552 962 est
579 911 795 974 Danieli,
823 912 907 978 qui
932 912 1227 962 nominatus
1248 918 1326 962 cst
1353 909 1604 961 Baltasar.
1636 908 1701 961 Et

160 1013 340 1052 verum
368 1009 478 1052 erat
503 1000 715 1052 verbum
741 1016 755 1064 ;
787 1009 839 1053 et
861 1000 1090 1068 potentia
1116 1013 1300 1066 magna
1325 1008 1379 1052 et
1407 998 1703 1064 intelligen-

159 1093 224 1142 tia
252 1090 372 1143 data
398 1099 477 1143 est
499 1092 544 1145 ei
575 1093 624 1143 in
649 1091 863 1144 visione.
891 1091 943 1142 2.
973 1091 1029 1143 ln
1052 1089 1232 1143 diebus
1261 1089 1362 1141 illis
1390 1103 1486 1156 ego
1515 1087 1694 1140 Daniel

159 1179 208 1230 in
232 1180 373 1231 luctu
402 1194 542 1232 eram
573 1187 673 1232 tres
702 1178 1070 1232 hebdomadas.
1096 1179 1146 1230 5.
1187 1178 1378 1230 Panem
1413 1175 1700 1228 desiderio-

158 1284 276 1320 rum
303 1283 406 1321 non
438 1270 666 1332 comedi,
694 1280 746 1322 ct
779 1283 963 1322 carnes
990 1283 1050 1321 ac
1071 1269 1244 1320 vinum
1266 1281 1368 1319 non
1393 1266 1704 1318 introierunt

160 1359 212 1411 in
254 1376 315 1411 os
340 1375 512 1412 meum
543 1399 558 1423 ,
590 1371 642 1412 et
671 1368 931 1427 unguento
969 1373 1071 1410 non
1101 1366 1285 1410 unctus
1311 1370 1425 1408 sum
1458 1369 1618 1421 usque
1640 1353 1703 1405 ad

160 1455 270 1500 tres
299 1447 653 1500 hebdomadas
683 1445 881 1499 dierum
920 1464 938 1495 ι
975 1445 1067 1512 (c).
1098 1444 1269 1508 Quare
1303 1442 1492 1494 iterum
1521 1441 1705 1508 luget?

160 1535 292 1588 Nam
330 1536 374 1589 si
405 1537 601 1603 primus
631 1551 796 1589 annus
828 1536 947 1604 Cyri
989 1535 1304 1597 advenerat,
1335 1547 1427 1586 cur
1455 1530 1708 1599 lnget?et

161 1640 347 1679 omnes
371 1625 482 1678 dies
503 1667 519 1690 ,
549 1640 663 1678 cum
701 1641 856 1677 unum
892 1625 1159 1676 dumtaxat
1189 1624 1366 1690 lugere
1405 1618 1708 1674 debuisset?

163 1713 368 1766 Rursus
397 1713 523 1764 nillil
552 1711 692 1764 audit
714 1712 775 1764 de
801 1713 862 1763 iis
888 1712 1060 1774 rebus,
1098 1726 1191 1778 pro
1221 1709 1406 1777 quibus
1427 1715 1562 1759 orat.
1582 1706 1708 1758 Mihi

165 1802 373 1854 videtur
411 1800 548 1868 quod
581 1815 671 1867 pro
709 1800 965 1852 solutione
999 1799 1346 1851 calamitatum
1375 1795 1708 1864 prresentium

166 1898 428 1958 precatur.
459 1890 522 1941 At
546 1889 678 1942 Deus
700 1889 824 1940 nihil
856 1890 977 1953 tale,
1010 1888 1102 1941 sed
1128 1888 1350 1954 idipsum
1379 1884 1513 1952 quod
1532 1897 1706 1950 supra,

164 1989 324 2046 atque
349 1981 577 2046 apertius
602 1981 742 2032 dicit.
770 1980 875 2030 lmo
898 1987 951 2028 ut
971 1991 1154 2029 omnes
1179 1976 1428 2034 redeant,
1456 1981 1572 2026 orat
1605 1972 1710 2024 Da~

166 2069 295 2120 niel.
349 2069 491 2120 Licet
528 2069 664 2120 enim
694 2082 877 2134 magna
906 2074 1082 2118 essent
1123 2066 1257 2117 mala
1283 2104 1295 2124 ,
1326 2063 1511 2130 quibus
1543 2060 1709 2113 Jud:ei

166 2158 585 2225 premebantur,
647 2173 750 2209 non
806 2166 975 2208 tamen
1048 2156 1164 2207 ideo
1223 2153 1427 2206 volebat
1488 2150 1708 2219 patriam

165 2253 428 2300 amittere.
471 2247 570 2300 lste
613 2256 784 2300 autem
827 2247 1038 2314 angelus
1081 2245 1269 2297 clarius
1306 2259 1365 2296 ac
1395 2242 1625 2296 exactius
1660 2239 1709 2291 id

166 2335 316 2387 dicit.
343 2335 473 2388 Vide
497 2345 667 2387 autem
700 2335 886 2402 ubique
908 2334 1172 2386 Danielem
1200 2346 1301 2385 non
1328 2330 1629 2397 simpliciter
1651 2343 1711 2380 ac

167 2426 286 2476 sine
314 2424 489 2477 labore
509 2425 743 2476 obtinere
766 2425 1010 2483 visiones,
1040 2421 1131 2475 sed
1148 2420 1509 2488 cumjejuniis.
1537 2419 1713 2484 Quatt-

166 2513 238 2564 do
282 2513 510 2578 0|)0l'l'iil
555 2513 814 2564 somnium
859 2511 1096 2572 discere,
1139 2510 1390 2576 jejunium
1423 2508 1707 2574 praecessit.

166 2599 298 2653 Cum
322 2600 527 2652 Gabriel
556 2601 813 2666 apparuit,
834 2599 1086 2666 jejunium
1125 2598 1310 2650 iterum
1337 2637 1352 2660 ,
1388 2606 1441 2648 et
1469 2596 1597 2648 cinis
1617 2636 1629 2656 ,
1661 2603 1712 2648 et

167 2703 356 2742 saccus
388 2707 398 2740 :
425 2703 541 2741 cum
573 2691 668 2742 iste
696 2689 1012 2756 conspicitur
1036 2727 1050 2750 ,
1090 2697 1139 2740 et
1161 2687 1416 2754 jejunium
1443 2697 1494 2739 et
1521 2687 1708 2738 oratio.

167 2779 276 2833 Sed
301 2779 416 2832 vide
441 2779 678 2846 angelum
717 2794 775 2831 se
817 2778 1191 2846 propemodum
1218 2790 1465 2830 excusare
1493 2777 1709 2829 Danieli.

167 2870 224 2921 4.
255 2886 274 2916 ‹
311 2868 373 2920 Ει
394 2868 441 2919 in
473 2868 556 2920 die
585 2868 826 2935 vigesima
851 2877 1032 2935 quarta
1061 2868 1252 2920 mensis
1277 2869 1426 2934 primi
1454 2883 1546 2935 ego
1570 2883 1710 2920 eram

162 2956 314 3021 juxta
349 2955 558 3007 fluvium
591 2971 829 3021 magnum
851 2996 865 3018 ,
900 2956 982 3008 hic
1012 2966 1092 3008 est
1122 2956 1306 3022 Tigris.
1349 2956 1400 3008 5.
1445 2957 1506 3007 Et
1550 2956 1712 3008 levavi

167 3046 354 3098 oculos
382 3059 525 3097 meos
544 3085 558 3107 ,
584 3053 635 3096 et
658 3044 757 3097 vidi
787 3061 799 3096 :
832 3053 884 3096 et
924 3059 1047 3098 ecce
1075 3045 1153 3096 vir
1175 3044 1382 3096 indutus
1408 3043 1584 3095 Badim
1615 3085 1626 3105 ,
1661 3052 1713 3096 et

166 3133 381 3186 lumbus
401 3133 512 3200 ejus
535 3135 837 3200 praecinctus
856 3148 982 3186 auro
1005 3135 1196 3201 Ophaz,
1220 3134 1270 3186 6.
1301 3141 1352 3186 et
1368 3148 1556 3201 corpus
1578 3134 1709 3200 ejus,

165 3224 320 3290 quasi
350 3223 583 3286 Tharsis,
612 3232 662 3275 et
690 3223 847 3277 facies
868 3224 980 3290 ejus
1001 3264 1014 3286 ,
1039 3233 1095 3275 nt
1118 3231 1359 3290 aspectus
1383 3222 1595 3292 fulguris
1616 3262 1631 3288 ,
1661 3231 1714 3275 et

165 3312 306 3363 oculi
351 3311 495 3378 ejus,
528 3313 669 3365 velut
704 3313 966 3380 lampades
993 3313 1124 3381 ignis
1145 3354 1158 3377 ,
1191 3322 1244 3366 et
1271 3313 1478 3366 brachia
1510 3315 1623 3380 ejus
1650 3329 1712 3366 ac

163 3414 347 3463 crura,
371 3401 503 3452 sicut
530 3401 659 3453 visio
684 3402 802 3454 :nris
827 3403 1144 3456 coruscantis
1169 3444 1182 3468 ,
1205 3413 1254 3456 et
1285 3418 1380 3456 vox
1413 3419 1710 3456 sermonum

163 3489 305 3556 ejus,
339 3489 484 3556 quasi
507 3505 604 3543 vox
633 3492 814 3544 turbae.
845 3493 893 3543 7.
922 3494 984 3545 Et
1011 3493 1111 3545 vidi
1138 3509 1234 3562 ego
1265 3495 1441 3547 Daniel
1464 3496 1605 3548 solus
1637 3497 1712 3548 vi-

162 3580 372 3630 sionem
396 3619 409 3641 ,
445 3588 496 3631 et
534 3582 627 3632 viri
654 3583 738 3648 qui
772 3593 919 3635 erant
954 3599 1156 3636 mecum
1198 3585 1446 3638 visionem
1489 3602 1590 3638 non
1635 3587 1713 3638 vi-

163 3665 380 3727 derunt,
413 3667 504 3718 sed
529 3677 694 3720 terror
717 3673 886 3736 gravis
914 3671 1059 3722 irruit
1081 3688 1237 3738 super
1259 3688 1368 3736 eos,
1397 3685 1451 3726 et
1473 3674 1712 3742 fugerunt

162 3755 216 3808 in
249 3756 456 3808 timore.
479 3757 530 3810 8.
564 3757 629 3809 Et
658 3774 752 3825 ego
774 3761 983 3812 relictus
1006 3775 1120 3814 sum
1143 3764 1305 3828 solus,
1330 3775 1382 3816 et
1407 3763 1510 3816 vidi
1542 3765 1707 3818 visio-

160 3859 287 3898 nem
321 3860 558 3914 magnam
584 3848 732 3910 hanc,
763 3858 814 3901 et
843 3865 942 3902 non
971 3854 1219 3905 remansit
1249 3855 1298 3905 in
1329 3869 1411 3906 me
1438 3854 1705 3921 fortitudo,

160 3942 217 3987 et
248 3933 416 4001 gloria
463 3950 575 3988 mea
601 3951 849 3990 cooversa
879 3948 958 3991 est
988 3941 1036 3991 in
1075 3943 1459 4008 corruptionem
1486 3983 1498 4003 ,
1527 3953 1579 3997 et
1603 3960 1705 3998 non

159 4023 362 4075 retinui
391 4023 566 4075 robur.
591 4025 642 4077 9.
670 4025 733 4077 Et
753 4026 922 4078 audivi
946 4043 1123 4081 vocem
1150 4043 1448 4082 sermonum
1479 4032 1624 4097 ejus:
1656 4042 1708 4084 et

157 4126 282 4164 cum
311 4126 411 4178 ego
451 4114 680 4165 audirem
712 4154 726 4178 ,
764 4131 903 4167 eram
946 4129 1286 4184 compunctus
1325 4134 1480 4187 super
1521 4121 1704 4175 faciem

157 4216 336 4254 meam
364 4242 378 4265 ,
410 4211 462 4254 et
493 4201 650 4255 facies
677 4219 787 4257 mea
815 4220 969 4270 super
997 4214 1208 4257 terram.
1240 4209 1321 4260 10.
1354 4210 1415 4260 Ει
1441 4225 1560 4262 ecce
1591 4226 1704 4262 ma-

156 4305 264 4342 nus
289 4291 454 4356 tetigit
487 4306 589 4354 me,
619 4306 679 4343 ac
706 4295 873 4345 erexit
896 4310 977 4345 me
1003 4309 1156 4360 super
1184 4311 1349 4362 genua
1373 4313 1509 4360 mea,
1537 4309 1587 4350 et
1612 4315 1704 4352 su-

155 4393 257 4445 per
304 4379 516 4446 vestigia
562 4381 751 4446 pedum
799 4397 1028 4434 ineorum
1063 4384 1099 4432 ¹.
1128 4385 1210 4435 11.
1243 4385 1306 4437 Et
1332 4385 1460 4438 dixit
1485 4387 1548 4439 ad
1578 4403 1659 4440 me
1688 4405 1700 4440 :

154 4466 387 4528 Daniel,
433 4467 510 4518 vir
537 4468 912 4521 desideriorum
942 4509 956 4532 ,
1005 4471 1230 4539 intellige
1277 4472 1328 4524 in
1377 4476 1704 4529 sermonibus

151 4569 296 4623 quos
331 4570 427 4621 ego
458 4556 640 4623 loquor
677 4557 739 4609 ad
775 4568 850 4616 te,
884 4571 935 4611 et
971 4568 1045 4611 sta
1083 4561 1133 4612 in
1180 4564 1400 4614 statione
1433 4571 1514 4614 tua
1538 4604 1551 4627 ,
1581 4565 1702 4632 quia

217 4730 232 4758 ί
281 4726 605 4774 Theodoretus
627 4727 760 4789 legit,
780 4743 997 4777 manuum
1021 4743 1246 4790 mearum,
1262 4745 1364 4792 pro,
1385 4732 1558 4794 pedum
1576 4748 1701 4783 meo-

147 4801 264 4835 flﬂ"
273 4822 286 4833 .

213 4849 295 4907 (α)
327 4846 880 4918 interdixerantquippe
920 4853 1100 4897 Romani
1132 4851 1317 4918 Judaeis,
1367 4866 1427 4900 ne
1467 4854 1699 4918 Jerosoly-

145 4920 295 4975 r_nam_
319 4906 707 4975 ingrederentur.
747 4906 916 4975 Testes
945 4919 1055 4975 sunt
1094 4913 1326 4968 Justinus,
1367 4906 1695 4975 Tertullianus,

145 4967 408 5036 Eusebius,
430 4965 640 5024 Hilarius,
665 4970 914 5026 Gregorius
947 4971 1271 5031 Nazianzenus,
1313 4965 1516 5021 Severus
1553 4965 1700 5036 atqué

143 5032 482 5082 Hieronymus.

210 5085 293 5144 (ὁ)
325 5096 420 5131 :.oc
442 5086 584 5145 igitur
607 5091 818 5144 tempore
841 5085 889 5132 in
906 5095 1119 5137 extrema
1142 5097 1372 5139 senectute
1393 5101 1494 5140 erat
1517 5095 1696 5143 Daniel.

139 5151 192 5193 Et
211 5152 389 5214 tamen
412 5143 844 5214 S.'Cliry§osttnnus,
875 5151 1014 5195 tertio
1036 5151 1097 5214 de
1131 5152 1588 5214 incomprehensibili
1616 5157 1696 5202 Dei

140 5212 343 5273 natura,
355 5205 728 5273 juvenemllacit.
745 5205 762 5262 (
781 5213 948 5266 Nempe
977 5217 1021 5254 T.
1051 5211 1093 5273 l_.
1122 5217 1175 5258 .4t
1208 5208 1560 5273 Chrysostomus
1583 5227 1696 5273 par-

139 5277 275 5330 turn,
299 5271 492 5330 ιιι-ωερε
515 5262 970 5330 nullamtemporian
994 5271 1218 5317 rationem
1239 5262 1414 5330 habet.)

203 5324 278 5392 (Vc)
310 5322 636 5392 Theodoretus
661 5323 751 5380 hic,
770 5322 814 5370 si
832 5324 1230 5392 Basiliustlomilia
1254 5322 1472 5390 prima'de
1495 5333 1692 5392 Jejunio,

137 5390 190 5449 c_t
217 5389 391 5430 Noster
411 5385 619 5430 secunda
642 5385 1024 5449 contraJudreos.
1047 5388 1147 5435 cibo
1181 5385 1369 5448 penitus
1393 5399 1444 5438 et
1467 5385 1572 5446 potu
1591 5385 1694 5439 abs;

134 5444 367 5512 liuentem
418 5456 499 5512 per“
545 5451 644 5512 tres
692 5444 1271 5512 hebdomadasmansisse
1313 5444 1552 5512 Danielem
1591 5456 1687 5512 Opi-

137 5511 319 5548 nantur
348 5513 359 5545 :
387 5510 438 5564 _nt
460 5501 520 5564 de
546 5509 669 5549 Mose
692 5502 865 5564 legitur
889 5506 1029 5552 Exodi
1051 5508 1127 5562 54,
1155 5509 1230 5554 28.
1260 5511 1385 5564 Quod
1407 5523 1513 5558 cum
1536 5501 1693 5559 divino

137 5560 660 5633 Sententuiadversari
685 5563 913 5624 videatur,
942 5564 989 5612 'm
1018 5560 1305 5618 sententiam
1340 5578 1382 5619 S.
1423 5572 1690 5633 Hieronymi

135 5619 343 5667 discedo
370 5619 538 5667 libens.

1503 357 1567 411 IN
1605 357 1945 413 DANIEI.EM

3250 374 3359 428 242

1810 485 1947 523 nunc
1975 484 2072 537 ego
2097 469 2287 523 missus
2314 486 2427 523 sum
2455 471 2518 525 ad
2548 479 2618 524 te.
2647 470 2885 537 Cumque
2920 471 3218 540 loqueretur
3245 474 3355 538 ipse

1805 558 1868 610 ad
1897 573 1980 612 me.
1998 573 2299 612 sermonem
2330 560 2505 621 istum,
2534 561 2736 613 sur-rexi
2765 569 3010 612 tremens.
3068 559 3152 612 12.
3182 558 3248 611 Et
3274 560 3354 610 di-

1809 647 1882 698 xit
1909 646 1973 698 ad
1997 661 2078 698 me
2104 664 2116 698 :
2147 647 2222 700 Ne
2251 648 2449 710 timeas,
2493 648 2690 708 Daniel,
2718 649 2837 715 quia
2866 662 2893 699 a
2916 647 3000 700 die
3023 647 3186 714 prima
3208 685 3222 709 ,
3253 662 3351 713 qua

1807 735 1994 788 dedisti
2024 750 2118 788 cor
2142 743 2283 786 tuum
2311 735 2375 786 ad
2407 735 2821 801 intelligendum,
2854 744 2904 787 et
2932 735 2996 787 ad
3026 734 3356 802 affligendum

1813 835 1862 877 te
1885 839 2059 876 coram
2097 825 2314 876 Domino
2347 825 2452 877 Deo
2484 833 2571 876 tuo
2591 865 2606 886 ,
2637 825 2809 876 audita
2831 834 2951 876 sunt
2980 824 3134 876 verba
3167 834 3270 884 tua,
3305 833 3359 875 ct

1809 930 1907 983 ego
1928 915 2042 967 veni
2070 916 2119 966 in
2140 915 2314 968 verbis
2348 915 2468 967 tuis.
2499 932 2518 964 ι
2551 914 2710 967 Vides
2739 914 2874 980 quod
2903 914 3046 976 dixi,
3081 915 3217 966 hunc
3241 925 3353 965 tan-

1809 1013 1916 1057 tum
1939 1019 2041 1056 non
2081 1019 2139 1056 sc
2175 1019 2424 1057 excusare
2454 1004 2649 1056 Danieli
2679 1004 2700 1055 ?
2733 1003 2773 1055 Α
2803 1004 2961 1071 prima
2989 1003 3068 1054 die
3090 1043 3105 1066 ,
3151 1003 3315 1070 inquit
3341 1041 3357 1064 ,

1809 1094 1984 1145 missus
2010 1109 2137 1144 sum.
2167 1093 2336 1156 Quare
2365 1107 2490 1161 ergo
2516 1102 2749 1145 moratus
2775 1092 2873 1145 es?
2904 1092 2984 1143 15.
3016 1090 3082 1142 Et
3123 1092 3351 1158 princeps

1810 1184 1948 1250 regni
1975 1181 2242 1233 Persarum
2281 1183 2411 1234 stetit
2458 1199 2518 1234 ea:
2554 1181 2761 1233 adverso
2789 1182 2883 1232 mei
2927 1197 3079 1231 unum
3116 1191 3159 1231 et
3185 1182 3356 1247 viginti

1812 1270 1935 1322 dies.
1955 1270 2156 1322 Audisti
2189 1270 2336 1334 illud,
2371 1269 2546 1323 Posuit
2590 1271 2821 1322 tenninos
2846 1271 3063 1338 gentium
3089 1271 3356 1322 secundum

1812 1375 2069 1410 numerum
2087 1361 2372 1426 angelorum
2390 1376 2591 1412 suorum
2613 1359 2782 1429 (Deut.
2807 1358 2894 1412 32.
2919 1358 3009 1428 8)?
3031 1359 3093 1411 Et
3120 1374 3358 1426 unaqute-

1812 1462 1914 1516 que
1940 1463 2065 1515 gens
2088 1448 2386 1514 praefectum
2415 1447 2570 1500 habet
2605 1449 2844 1514 angelum
2869 1487 2883 1511 ,
2922 1449 3006 1515 qui
3039 1447 3145 1499 vult
3174 1455 3358 1514 poten-

1815 1541 1914 1593 tior
1940 1555 2058 1593 esse
2087 1541 2315 1607 reliquis.
2341 1539 2403 1592 Et
2423 1540 2742 1607 intelligentia
2772 1539 2890 1590 data
2914 1549 2983 1590 est
3010 1541 3053 1590 ei
3076 1541 3126 1590 in
3153 1539 3356 1590 visione.

1814 1628 1924 1682 Non
1971 1630 2110 1682 enim
2162 1628 2454 1681 sufficiebat
2497 1628 2739 1681 docuisse
2781 1643 2840 1681 ea
2880 1643 2995 1695 qua:
3033 1627 3351 1680 dicebautur.

1815 1718 1994 1772 Cernis
2023 1721 2172 1772 aliter
2200 1720 2392 1772 institui
2438 1718 2758 1786 prophetas?
2789 1717 2856 1769 Et
2889 1720 3043 1770 virtus
3075 1734 3258 1786 magna
3279 1719 3358 1768 vi-

1816 1811 1998 1862 sionis.
2025 1809 2158 1862 Vere
2184 1811 2320 1862 enim
2345 1825 2544 1876 magna:
2575 1810 2848 1877 poteSIatis
2875 1808 2986 1871 fuit,
3017 1809 3153 1875 quod
3181 1808 3350 1860 homi-

1816 1916 1908 1952 nes
1934 1900 2125 1952 inlirmi
2157 1899 2373 1951 vicerint
2405 1899 2548 1949 illum
2593 1897 2907 1950 Antiochum
2931 1937 2944 1959 ,
2978 1898 3062 1963 qui
3089 1905 3161 1947 tot
3187 1906 3357 1947 tauta-

1816 2003 1917 2055 que
1958 1996 2311 2054 superaverat.
2357 1988 2420 2038 Et
2460 2004 2624 2039 verum
2669 1986 2886 2038 verbum.
2931 1985 3359 2050 Quandoquidem

1820 2077 2051 2129 nonnulli
2082 2076 2327 2128 credituri
2369 2090 2469 2127 non
2500 2084 2670 2128 erant.
2712 2073 2867 2142 Cujus
2895 2090 3070 2125 nomen
3107 2072 3358 2125 Baltasar.

1817 2169 2203 2219 Commemorat
2231 2167 2317 2218 lilii
2361 2168 2566 2234 priora,
2615 2176 2668 2217 ut
2713 2166 2812 2218 fide
2856 2166 3044 2232 dignus
3087 2165 3358 2217 habeatur.

1821 2260 1897 2311 En
1943 2269 1995 2312 et
2049 2259 2244 2312 Pascl-a
2287 2259 2448 2310 Solvit
2492 2259 2587 2324 (a).
2646 2256 2772 2308 Nam
2830 2256 3030 2309 Pascha
3086 2256 3137 2307 in
3193 2254 3358 2321 primo

1818 2347 2112 2398 celebratur
2138 2361 2314 2398 mense
2341 2362 2356 2408 ;
2383 2347 2479 2398 iste
2509 2360 2632 2397 vero
2656 2359 2818 2411 usque
2849 2344 2910 2395 ad
2939 2354 3175 2411 quartam
3209 2352 3262 2395 ct
3287 2343 3362 2394 vi-

1817 2437 2062 2490 cesimam
2104 2437 2296 2488 mensis
2318 2435 2589 2500 jejunavit.
2624 2434 2806 2486 Incidit
2829 2442 2998 2484 autem
3029 2434 3076 2483 in
3103 2433 3359 2483 decimam

1817 2535 2050 2591 quartam
2077 2524 2328 2590 jejunium
2361 2523 2495 2573 illius
2515 2561 2528 2582 ,
2557 2529 2610 2573 et
2635 2536 2663 2571 a
2691 2520 2891 2573 decima
2916 2530 3098 2586 quarta
3128 2518 3188 2570 ad
3217 2519 3360 2571 vice-

1817 2616 2001 2666 simam
2027 2614 2262 2680 primam,
2291 2622 2343 2664 et
2363 2611 2493 2664 duos
2523 2612 2650 2662 alios
2680 2610 2793 2662 dies
2819 2610 2986 2662 durat.
3021 2608 3148 2660 Vide
3173 2607 3357 2674 legalia

1814 2705 1917 2770 jam
1937 2711 2058 2755 tunc
2085 2703 2239 2755 fuisse
2268 2702 2532 2769 abrogata.
2564 2701 2744 2752 Nonne
2773 2715 2874 2767 pne
2898 2698 3172 2750 formidine
3197 2698 3245 2748 in
3277 2697 3360 2749 fu—

1817 2809 1930 2861 gain
1953 2806 2236 2846 conversus
2260 2806 2336 2852 es,
2364 2806 2394 2842 ο
2427 2790 2634 2842 Daniel?
2665 2790 2891 2849 Minime,
2921 2788 3101 2854 inquit.
3134 2786 3362 2838 Advorte

1819 2896 1921 2947 quo
1950 2881 2049 2932 loci
2077 2880 2241 2932 visum
2270 2879 2443 2931 videat
2481 2896 2494 2930 ;
2528 2878 2579 2929 in
2609 2876 2819 2929 deserto
2846 2917 2859 2939 ,
2888 2877 3023 2927 sicut
3055 2883 3108 2926 ct
3136 2874 3358 2940 Moyses.

1822 2969 1986 3023 Urbes
2006 2984 2227 3036 namque
2249 2967 2556 3020 tumultibus
2582 2974 2634 3018 et
2656 2965 3041 3030 perturbatione
3067 2963 3228 3030 plenm
3241 2971 3362 3014 sunt

1818 3056 1937 3127 (ὁ).
1967 3058 2054 3110 Sic
2080 3057 2233 3108 etiam
2264 3053 2502 3106 Christus
2533 3055 2584 3105 in
2616 3062 2791 3105 monte
2822 3051 3241 3118 transfiguratur.
3275 3052 3358 3103 15.

1824 3166 1841 3197 ‹
1879 3149 1944 3200 Et
1980 3162 2102 3200 ecce
2140 3146 2357 3198 Michael
2395 3160 2530 3198 unus
2556 3145 2622 3197 dc
2664 3144 2986 3211 principibus
3015 3142 3196 3208 primis
3222 3141 3362 3192 vcuit

1818 3237 1881 3290 ad
1919 3237 2270 3289 auxiliandum
2309 3234 2434 3287 mihi
2468 3243 2560 3288 :et
2598 3249 2682 3286 me
2727 3233 3050 3301 reliquerunt
3085 3231 3152 3284 ibi
3195 3231 3205 3258 '
3237 3244 3355 3282 cum

1819 3327 2050 3394 principe
2077 3327 2212 3391 regis
2233 3325 2528 3376 Persarum.
2569 3324 2652 3376 14.
2690 3323 2754 3374 Et
2787 3323 2902 3374 veni
2941 3330 2995 3373 ut
3037 3321 3280 3373 docerem
3309 3329 3360 3373 te

1818 3429 2155 3483 quaecumque
2194 3423 2440 3467 eventura
2485 3421 2605 3464 sunt
2636 3411 2825 3479 populo
2861 3419 2947 3462 tuo
2979 3411 3027 3462 in
3068 3410 3361 3463 novissimis

1817 3507 2034 3571 diebus,
2061 3507 2177 3572 quia
2203 3521 2325 3557 ecce
2355 3505 2482 3557 visio
2515 3504 2565 3555 in
2597 3504 2728 3554 dies.
2757 3502 2840 3554 15.
2877 3502 2938 3553 Ει
2963 3517 3078 3555 cum
3110 3502 3351 3568 loquere—

1817 3606 1900 3648 tur
1923 3596 2031 3662 ipse
2054 3609 2255 3648 mecum
2282 3594 2456 3646 omnia
2483 3591 2637 3643 verba
2668 3590 2796 3653 hmc,
2831 3589 2948 3642 dedi
2978 3589 3158 3641 faciem
3188 3604 3356 3640 meam

1815 3699 1971 3750 super
1997 3693 2209 3742 terram.
2241 3693 2292 3734 et
2316 3688 2660 3747 compunctus
2685 3693 2820 3731 sum.
2855 3679 2938 3730 16.
2975 3677 3038 3730 Et
3065 3692 3187 3730 ecce
3212 3678 3359 3743 quasi

1814 3771 2100 3825 similitudo
2129 3771 2216 3822 filii
2240 3771 2464 3822 hominis
2493 3768 2658 3833 tetigit
2690 3767 2820 3818 labia
2853 3782 2987 3818 mea.
3023 3767 3081 3818 Et
3104 3767 3280 3831 aperui
3300 3781 3359 3818 os

1813 3864 2066 3916 meum,et
2081 3854 2327 3920 loquutus
2341 3859 2536 3913 sum,et
2551 3849 2654 3903 dixi
2672 3849 2734 3900 ad
2751 3864 2871 3900 eum
2890 3849 2976 3914 qui
2993 3850 3353 3904 stabatcoram

1811 3960 1925 3996 me:
1951 3943 2185 4002 Domine,
2221 3942 2275 3992 in
2304 3940 2509 3992 visione
2546 3946 2630 3988 tua
2657 3951 2912 3988 conversa
2945 3947 3070 3990 sunt
3101 3937 3349 3992 interiora

1811 4049 1926 4086 mea
1953 4034 2004 4083 in
2034 4047 2134 4091 me,
2171 4038 2225 4083 et
2256 4044 2379 4082 ecce
2407 4043 2513 4079 non
2551 4027 2719 4078 habeo
2753 4025 3136 4079 fortitudinem.
3174 4028 3257 4081 17.
3286 4028 3352 4084 Et

1811 4125 2072 4195 quomodo
2101 4124 2288 4192 poterit
2311 4136 2493 4176 servus
2515 4129 2652 4184 tuus,
2679 4121 2915 4180 Domine,
2943 4120 3080 4186 loqui
3104 4134 3221 4171 eum
3252 4119 3356 4170 Do-

1812 4217 1952 4268 mino
1971 4229 2085 4266 meo
2115 4214 2250 4265 isto?
2275 4213 2336 4264 Et
2365 4227 2425 4262 ex
2453 4225 2588 4262 nunc
2608 4225 2707 4262 non
2731 4208 2886 4263 stabit
2908 4209 2955 4260 in
2980 4224 3061 4260 lllC
3088 4205 3356 4268 fortitudo,

1810 4313 1865 4358 et
1887 4306 2078 4357 halitus
2107 4319 2207 4354 non
2234 4312 2314 4355 est
2341 4303 2552 4354 relictus
2592 4302 2642 4352 in
2684 4316 2784 4352 me.
2815 4300 2899 4352 18.
2944 4299 3009 4350 Et
3049 4298 3278 4363 addidit,
3307 4305 3362 4350 ct

1812 4396 1977 4463 tetigit
2003 4410 2085 4446 me
2113 4393 2260 4460 quasi
2289 4392 2421 4443 visio
2457 4390 2682 4442 hominis
2715 4429 2728 4452 ,
2767 4399 2819 4441 et
2849 4388 3205 4440 corroboravit
3248 4402 3352 4440 me.

1816 4489 1893 4541 t9.
1930 4488 1991 4540 Et
2011 4487 2141 4538 dixit
2168 4485 2325 4536 mihi:
2351 4483 2426 4536 Ne
2458 4484 2660 4544 timeas,
2694 4483 2772 4534 vir
2799 4483 3175 4535 desideriorum
3204 4521 3219 4546 ,
3249 4497 3353 4549 pax

1812 4577 1898 4628 tibi
1931 4616 1944 4638 ,
1987 4575 2201 4626 viriliter
2229 4589 2344 4641 age,
2383 4589 2444 4626 ac
2472 4580 2585 4626 esto
2617 4572 2782 4624 fortis.
2817 4571 3022 4624 Etcum
3054 4572 3356 4638 loqueretur

1809 4665 1921 4732 ipse
1949 4679 2152 4716 mecum
2177 4702 2192 4726 ,
2222 4663 2593 4715 corroboratus
2625 4677 2738 4713 sum
2773 4701 2786 4722 ,
2818 4670 2870 4712 et
2895 4660 2998 4712 dixi
3034 4679 3045 4710 :
3087 4660 3354 4728 Loquatur

1813 4753 2060 4805 Dominus
2088 4767 2235 4804 meus
2261 4791 2275 4815 ,
2310 4752 2428 4819 quia
2466 4751 2816 4804 corroborasti
2845 4766 2945 4802 mc.
2974 4749 3063 4803 20.
3093 4750 3158 4802 Et
3177 4751 3304 4802 dixit
3334 4768 3347 4802 :

1809 4843 1886 4895 An
1916 4843 2048 4894 nosti
2076 4856 2169 4894 cur
2187 4841 2304 4892 veni
2332 4840 2396 4892 ad
2426 4841 2512 4893 te?
2535 4840 2600 4892 Et
2629 4855 2765 4891 nunc
2786 4851 3038 4902 revertar,
3071 4849 3122 4891 ut
3143 4840 3350 4906 pradicr

1809 4948 1923 4985 cum
1953 4931 2184 4998 principe
2212 4931 2507 4984 Persarum.
2537 4933 2704 4998 Atque
2729 4931 3069 4999 egrediebar;
3106 4931 3342 4999 princeps

1808 5037 1932 5075 vero
1955 5022 2254 5075 ercorum
2273 5021 2526 5074 veniebat.
2541 5021 2601 5072 21
2617 5059 2628 5071 .
2650 5021 3013 5074 Verumtamen
3030 5021 3349 5074 annuntiabo

1867 5154 1880 5183 ι
1919 5151 1971 5198 In
1991 5154 2190 5199 Hebraeo
2213 5160 2261 5199 et
2285 5152 2328 5198 in
2351 5151 2552 5211 Vulgata
2577 5150 2770 5211 legitur,
2795 5157 2840 5200 et
2860 5164 2944 5212 ego
2969 5153 3176 5201 remansi
3196 5152 3276 5201 ibi.

1865 5213 1934 5270 (η)
1969 5214 2111 5272 Hujus
2132 5213 2396 5272 argumenti
2430 5213 2760 5271 interpretatio
2801 5213 3005 5272 petenda
3033 5222 3107 5261 est
3129 5228 3188 5260 ex
3218 5215 3349 5261 liliris

1802 5271 2247 5328 adverStts’Juda‘Os,
2275 5272 2320 5318 in
2344 5272 2515 5331 quibus
2539 5274 2624 5319 ista
2647 5275 2800 5319 omnia
2823 5271 2971 5321 quius
2990 5282 3264 5321 tractantur.

1862 5331 1931 5394 (b)
1969 5334 2154 5378 L‘rhium
2194 5331 2419 5394 tumultus
2456 5345 2511 5394 ac
2550 5334 2841 5394 incommoda
2886 5333 3224 5394 pereleganter
3256 5334 3345 5394 tle-

1799 5393 1973 5452 scripta
2001 5401 2050 5438 et
2069 5394 2169 5438 suis
2192 5393 2427 5438 coloribus
2449 5393 2636 5452 depicta
2659 5393 2808 5441 habes
2830 5394 2952 5452 apud
2974 5395 3130 5441 suada;
3158 5393 3346 5438 medul-

1801 5451 1909 5497 lam
1931 5455 2203 5511 Gregorium
2235 5451 2558 5499 Nazianzenuin
2603 5454 2822 5501 Oratione
2863 5451 2948 5509 ⁷28,
2984 5453 3346 5502 Christianorum

1799 5512 2163 5557 Demosthenem
2190 5512 2401 5558 Basilitun
2433 5511 2626 5560 tlomilia
2664 5513 2726 5560 de
2753 5513 2918 5560 Gordio
2942 5521 3172 5572 martyre;
3198 5525 3344 5572 atque

1799 5572 1958 5677 otiati;
1998 5571 2036 5618 si
2062 5575 2249 5632 promna
2295 5573 2441 5624 sacris
2477 5573 2715 5622 miscenda
2755 5581 2880 5631 sunt,
2907 5573 3029 5632 apud
3066 5571 3344 5621 iuvenalem

1799 5640 1851 5677 sa
1877 5665 1889 5677 .
1948 5663 1959 5677 .

1798 5639 1889 5679 δίλι.
1914 5639 1959 5677 ὂ.
