  <div class='ocr_page' id='page_1' title='image "/cluster/home/n/w/nwhite01/storage/ocr_20150623/56/nnc1.0114695758/243.png"; bbox 0 0 4032 6220; ppageno 0'>
   <div class='ocr_carea' id='block_1_1' title="bbox 675 382 785 435">
    <p class='ocr_par' dir='ltr' id='par_1_1' title="bbox 675 382 785 435">
     <span class='ocr_line' id='line_1_1' title="bbox 675 382 785 435; baseline 0.009 -1"><span class='ocrx_word' id='word_1_1' title='bbox 675 382 785 435; x_wconf 86' lang='lat'><strong>243</strong></span> 
     </span>
    </p>
   </div>
   <div class='ocr_carea' id='block_1_2' title="bbox 669 486 2210 555">
    <p class='ocr_par' dir='ltr' id='par_1_2' title="bbox 669 486 2210 555">
     <span class='ocr_line' id='line_1_2' title="bbox 669 486 2210 555; baseline -0.004 -17"><span class='ocrx_word' id='word_1_2' title='bbox 669 487 757 538; x_wconf 88' lang='lat' dir='ltr'><strong>tibi</strong></span> <span class='ocrx_word' id='word_1_3' title='bbox 783 486 920 554; x_wconf 93' lang='lat' dir='ltr'><strong>quod</strong></span> <span class='ocrx_word' id='word_1_4' title='bbox 941 487 1279 540; x_wconf 86' lang='lat' dir='ltr'><strong>constitutum</strong></span> <span class='ocrx_word' id='word_1_5' title='bbox 1302 496 1382 540; x_wconf 90' lang='lat' dir='ltr'><strong>est</strong></span> <span class='ocrx_word' id='word_1_6' title='bbox 1397 488 1447 539; x_wconf 94' lang='lat' dir='ltr'><strong>in</strong></span> <span class='ocrx_word' id='word_1_7' title='bbox 1469 488 1721 555; x_wconf 88' lang='lat' dir='ltr'><strong>scriptura</strong></span> <span class='ocrx_word' id='word_1_8' title='bbox 1747 487 2012 540; x_wconf 91' lang='lat' dir='ltr'><strong>veritatis:</strong></span> <span class='ocrx_word' id='word_1_9' title='bbox 2038 495 2092 538; x_wconf 86' lang='lat' dir='ltr'><strong>et</strong></span> <span class='ocrx_word' id='word_1_10' title='bbox 2107 496 2210 535; x_wconf 89' lang='lat' dir='ltr'><strong>non</strong></span> 
     </span>
    </p>
   </div>
   <div class='ocr_carea' id='block_1_3' title="bbox 662 576 2212 643">
    <p class='ocr_par' dir='ltr' id='par_1_3' title="bbox 662 576 2212 643">
     <span class='ocr_line' id='line_1_3' title="bbox 662 576 2212 643; baseline 0.001 -17"><span class='ocrx_word' id='word_1_11' title='bbox 662 583 744 627; x_wconf 89' lang='lat' dir='ltr'><strong>est</strong></span> <span class='ocrx_word' id='word_1_12' title='bbox 772 590 926 637; x_wconf 89' lang='lat' dir='ltr'><strong>unus,</strong></span> <span class='ocrx_word' id='word_1_13' title='bbox 955 577 1043 643; x_wconf 90' lang='lat' dir='ltr'><strong>qui</strong></span> <span class='ocrx_word' id='word_1_14' title='bbox 1071 591 1098 626; x_wconf 92' lang='lat' dir='ltr'><strong>a</strong></span> <span class='ocrx_word' id='word_1_15' title='bbox 1131 591 1214 628; x_wconf 89' lang='lat' dir='ltr'><strong>me</strong></span> <span class='ocrx_word' id='word_1_16' title='bbox 1243 585 1344 629; x_wconf 91' lang='lat' dir='ltr'><strong>stet</strong></span> <span class='ocrx_word' id='word_1_17' title='bbox 1367 576 1432 629; x_wconf 92' lang='lat' dir='ltr'><strong>de</strong></span> <span class='ocrx_word' id='word_1_18' title='bbox 1458 576 1537 629; x_wconf 89' lang='lat' dir='ltr'><strong>his</strong></span> <span class='ocrx_word' id='word_1_19' title='bbox 1562 617 1576 639; x_wconf 92' lang='lat'><strong>,</strong></span> <span class='ocrx_word' id='word_1_20' title='bbox 1603 579 1699 628; x_wconf 86' lang='lat' dir='ltr'><strong>nisi</strong></span> <span class='ocrx_word' id='word_1_21' title='bbox 1729 576 1944 629; x_wconf 81' lang='lat' dir='ltr'><strong>Michael</strong></span> <span class='ocrx_word' id='word_1_22' title='bbox 1974 576 2212 643; x_wconf 88' lang='lat' dir='ltr'><strong>princeps</strong></span> 
     </span>
    </p>
   </div>
   <div class='ocr_carea' id='block_1_4' title="bbox 664 662 2213 718">
    <p class='ocr_par' dir='ltr' id='par_1_4' title="bbox 664 662 2213 718">
     <span class='ocr_line' id='line_1_4' title="bbox 664 662 2213 718; baseline 0.002 -5"><span class='ocrx_word' id='word_1_23' title='bbox 664 671 855 715; x_wconf 79' lang='lat' dir='ltr'><strong>vester.</strong></span> <span class='ocrx_word' id='word_1_24' title='bbox 882 662 946 715; x_wconf 84' lang='lat' dir='ltr'><strong>Et</strong></span> <span class='ocrx_word' id='word_1_25' title='bbox 972 679 1095 716; x_wconf 91' lang='lat' dir='ltr'><strong>ecce</strong></span> <span class='ocrx_word' id='word_1_26' title='bbox 1126 665 1206 716; x_wconf 88' lang='lat' dir='ltr'><strong>vir</strong></span> <span class='ocrx_word' id='word_1_27' title='bbox 1234 665 1441 717; x_wconf 91' lang='lat' dir='ltr'><strong>indutus</strong></span> <span class='ocrx_word' id='word_1_28' title='bbox 1467 667 1673 718; x_wconf 92' lang='lat' dir='ltr'><strong>stolam.</strong></span> <span class='ocrx_word' id='word_1_29' title='bbox 1705 684 1723 716; x_wconf 69' lang='grc' dir='ltr'><em>υ</em></span> <span class='ocrx_word' id='word_1_30' title='bbox 1761 665 2019 718; x_wconf 74' lang='lat' dir='ltr'><strong>Fortassis</strong></span> <span class='ocrx_word' id='word_1_31' title='bbox 2039 680 2213 718; x_wconf 88' lang='lat' dir='ltr'><strong>sacer-</strong></span> 
     </span>
    </p>
   </div>
   <div class='ocr_carea' id='block_1_5' title="bbox 665 751 2212 821">
    <p class='ocr_par' dir='ltr' id='par_1_5' title="bbox 665 751 2212 821">
     <span class='ocr_line' id='line_1_5' title="bbox 665 751 2212 821; baseline 0.002 -18"><span class='ocrx_word' id='word_1_32' title='bbox 665 751 911 804; x_wconf 89' lang='lat' dir='ltr'><strong>dotalem.</strong></span> <span class='ocrx_word' id='word_1_33' title='bbox 937 768 955 801; x_wconf 78' lang='grc' dir='ltr'><strong>ι</strong></span> <span class='ocrx_word' id='word_1_34' title='bbox 990 753 1244 818; x_wconf 80' lang='lat' dir='ltr'><strong>Aspectus</strong></span> <span class='ocrx_word' id='word_1_35' title='bbox 1262 753 1374 820; x_wconf 91' lang='lat' dir='ltr'><strong>ejus</strong></span> <span class='ocrx_word' id='word_1_36' title='bbox 1395 755 1540 821; x_wconf 91' lang='lat' dir='ltr'><strong>quasi</strong></span> <span class='ocrx_word' id='word_1_37' title='bbox 1564 755 1731 821; x_wconf 78' lang='lat' dir='ltr'><strong>fulgur</strong></span> <span class='ocrx_word' id='word_1_38' title='bbox 1745 764 1856 806; x_wconf 87' lang='lat' dir='ltr'><strong>erat</strong></span> <span class='ocrx_word' id='word_1_39' title='bbox 1880 755 2041 821; x_wconf 77' lang='lat' dir='ltr'><strong>ignea:</strong></span> <span class='ocrx_word' id='word_1_40' title='bbox 2068 753 2212 806; x_wconf 85' lang='lat' dir='ltr'><strong>llam-</strong></span> 
     </span>
    </p>
   </div>
   <div class='ocr_carea' id='block_1_6' title="bbox 663 840 2210 912">
    <p class='ocr_par' dir='ltr' id='par_1_6' title="bbox 663 840 2210 912">
     <span class='ocr_line' id='line_1_6' title="bbox 663 840 2210 912; baseline 0.002 -20"><span class='ocrx_word' id='word_1_41' title='bbox 663 855 762 892; x_wconf 73' lang='lat' dir='ltr'><strong>ma:</strong></span> <span class='ocrx_word' id='word_1_42' title='bbox 777 840 1019 893; x_wconf 82' lang='lat' dir='ltr'><strong>aboculis</strong></span> <span class='ocrx_word' id='word_1_43' title='bbox 1031 841 1161 907; x_wconf 84' lang='lat' dir='ltr'><strong>ejus.</strong></span> <span class='ocrx_word' id='word_1_44' title='bbox 1185 859 1203 892; x_wconf 73' lang='grc' dir='ltr'><strong>ι</strong></span> <span class='ocrx_word' id='word_1_45' title='bbox 1222 842 1492 908; x_wconf 86' lang='lat' dir='ltr'><strong>Quomodo</strong></span> <span class='ocrx_word' id='word_1_46' title='bbox 1510 843 1558 894; x_wconf 91' lang='lat' dir='ltr'><strong>in</strong></span> <span class='ocrx_word' id='word_1_47' title='bbox 1578 844 1776 912; x_wconf 89' lang='lat' dir='ltr'><strong>fulgure</strong></span> <span class='ocrx_word' id='word_1_48' title='bbox 1792 845 1893 898; x_wconf 89' lang='lat' dir='ltr'><strong>illis</strong></span> <span class='ocrx_word' id='word_1_49' title='bbox 1908 845 2210 912; x_wconf 90' lang='lat' dir='ltr'><strong>apparebat?</strong></span> 
     </span>
    </p>
   </div>
   <div class='ocr_carea' id='block_1_7' title="bbox 664 932 2211 1005">
    <p class='ocr_par' dir='ltr' id='par_1_7' title="bbox 664 932 2211 1005">
     <span class='ocr_line' id='line_1_7' title="bbox 664 932 2211 1005; baseline 0.003 -23"><span class='ocrx_word' id='word_1_50' title='bbox 664 945 759 983; x_wconf 87' lang='lat' dir='ltr'><strong>cur</strong></span> <span class='ocrx_word' id='word_1_51' title='bbox 774 932 848 983; x_wconf 87' lang='lat' dir='ltr'><strong>sic</strong></span> <span class='ocrx_word' id='word_1_52' title='bbox 873 942 1088 999; x_wconf 88' lang='lat' dir='ltr'><strong>apparet</strong></span> <span class='ocrx_word' id='word_1_53' title='bbox 1111 933 1208 984; x_wconf 89' lang='lat' dir='ltr'><strong>iste</strong></span> <span class='ocrx_word' id='word_1_54' title='bbox 1229 934 1482 1000; x_wconf 82' lang='lat' dir='ltr'><strong>angelus?</strong></span> <span class='ocrx_word' id='word_1_55' title='bbox 1509 950 1573 986; x_wconf 91' lang='lat' dir='ltr'><strong>an</strong></span> <span class='ocrx_word' id='word_1_56' title='bbox 1599 942 1654 986; x_wconf 92' lang='lat' dir='ltr'><strong>ut</strong></span> <span class='ocrx_word' id='word_1_57' title='bbox 1671 934 1914 1002; x_wconf 90' lang='lat' dir='ltr'><strong>populum</strong></span> <span class='ocrx_word' id='word_1_58' title='bbox 1938 935 2211 1005; x_wconf 78' lang='lat' dir='ltr'><strong>percellat?</strong></span> 
     </span>
    </p>
   </div>
   <div class='ocr_carea' id='block_1_8' title="bbox 663 1018 2210 1093">
    <p class='ocr_par' dir='ltr' id='par_1_8' title="bbox 663 1018 2210 1093">
     <span class='ocr_line' id='line_1_8' title="bbox 663 1018 2210 1093; baseline 0.005 -23"><span class='ocrx_word' id='word_1_59' title='bbox 663 1026 717 1070; x_wconf 92' lang='lat' dir='ltr'><strong>et</strong></span> <span class='ocrx_word' id='word_1_60' title='bbox 743 1018 1002 1086; x_wconf 76' lang='lat' dir='ltr'><strong>quodnam</strong></span> <span class='ocrx_word' id='word_1_61' title='bbox 1033 1019 1152 1071; x_wconf 92' lang='lat' dir='ltr'><strong>inde</strong></span> <span class='ocrx_word' id='word_1_62' title='bbox 1190 1021 1599 1075; x_wconf 88' lang='lat' dir='ltr'><strong>emolumentum</strong></span> <span class='ocrx_word' id='word_1_63' title='bbox 1629 1023 1650 1074; x_wconf 88' lang='lat'><strong>?</strong></span> <span class='ocrx_word' id='word_1_64' title='bbox 1681 1023 1883 1092; x_wconf 88' lang='lat' dir='ltr'><strong>Nempe</strong></span> <span class='ocrx_word' id='word_1_65' title='bbox 1914 1035 1968 1076; x_wconf 93' lang='lat' dir='ltr'><strong>ut</strong></span> <span class='ocrx_word' id='word_1_66' title='bbox 1993 1039 2210 1093; x_wconf 85' lang='lat' dir='ltr'><strong>persua-</strong></span> 
     </span>
    </p>
   </div>
   <div class='ocr_carea' id='block_1_9' title="bbox 665 1109 2210 1182">
    <p class='ocr_par' dir='ltr' id='par_1_9' title="bbox 665 1109 2210 1182">
     <span class='ocr_line' id='line_1_9' title="bbox 665 1109 2210 1182; baseline 0.004 -20"><span class='ocrx_word' id='word_1_67' title='bbox 665 1109 786 1162; x_wconf 89' lang='lat' dir='ltr'><strong>deat</strong></span> <span class='ocrx_word' id='word_1_68' title='bbox 815 1123 918 1162; x_wconf 89' lang='lat' dir='ltr'><strong>non</strong></span> <span class='ocrx_word' id='word_1_69' title='bbox 949 1111 1171 1176; x_wconf 87' lang='lat' dir='ltr'><strong>amplius</strong></span> <span class='ocrx_word' id='word_1_70' title='bbox 1201 1111 1377 1179; x_wconf 88' lang='lat' dir='ltr'><strong>lugere</strong></span> <span class='ocrx_word' id='word_1_71' title='bbox 1409 1153 1423 1176; x_wconf 94' lang='lat'><strong>,</strong></span> <span class='ocrx_word' id='word_1_72' title='bbox 1453 1114 1590 1180; x_wconf 92' lang='lat' dir='ltr'><strong>quod</strong></span> <span class='ocrx_word' id='word_1_73' title='bbox 1623 1115 1806 1167; x_wconf 90' lang='lat' dir='ltr'><strong>eadem</strong></span> <span class='ocrx_word' id='word_1_74' title='bbox 1847 1129 2210 1182; x_wconf 59' lang='lat' dir='ltr'><strong>sarpenumero</strong></span> 
     </span>
    </p>
   </div>
   <div class='ocr_carea' id='block_1_10' title="bbox 661 1197 2208 1269">
    <p class='ocr_par' dir='ltr' id='par_1_10' title="bbox 661 1197 2208 1269">
     <span class='ocr_line' id='line_1_10' title="bbox 661 1197 2208 1269; baseline 0.003 -19"><span class='ocrx_word' id='word_1_75' title='bbox 661 1197 799 1252; x_wconf 88' lang='lat' dir='ltr'><strong>dicta</strong></span> <span class='ocrx_word' id='word_1_76' title='bbox 861 1197 1054 1252; x_wconf 91' lang='lat' dir='ltr'><strong>fuerint</strong></span> <span class='ocrx_word' id='word_1_77' title='bbox 1086 1218 1098 1251; x_wconf 89' lang='lat'><strong>:</strong></span> <span class='ocrx_word' id='word_1_78' title='bbox 1129 1210 1182 1252; x_wconf 91' lang='lat' dir='ltr'><strong>et</strong></span> <span class='ocrx_word' id='word_1_79' title='bbox 1236 1201 1588 1253; x_wconf 82' lang='lat' dir='ltr'><strong>testiinonium</strong></span> <span class='ocrx_word' id='word_1_80' title='bbox 1630 1201 1864 1269; x_wconf 90' lang='lat' dir='ltr'><strong>perhibet</strong></span> <span class='ocrx_word' id='word_1_81' title='bbox 1915 1201 2208 1254; x_wconf 91' lang='lat' dir='ltr'><strong>futurorum</strong></span> 
     </span>
    </p>
   </div>
   <div class='ocr_carea' id='block_1_11' title="bbox 661 1291 2208 1363">
    <p class='ocr_par' dir='ltr' id='par_1_11' title="bbox 661 1291 2208 1363">
     <span class='ocr_line' id='line_1_11' title="bbox 661 1291 2208 1363; baseline 0.003 -21"><span class='ocrx_word' id='word_1_82' title='bbox 661 1291 874 1343; x_wconf 88' lang='lat' dir='ltr'><strong>virtuti:</strong></span> <span class='ocrx_word' id='word_1_83' title='bbox 902 1307 967 1343; x_wconf 90' lang='lat' dir='ltr'><strong>an</strong></span> <span class='ocrx_word' id='word_1_84' title='bbox 990 1301 1044 1342; x_wconf 90' lang='lat' dir='ltr'><strong>ut</strong></span> <span class='ocrx_word' id='word_1_85' title='bbox 1070 1292 1139 1343; x_wconf 92' lang='lat' dir='ltr'><strong>illi</strong></span> <span class='ocrx_word' id='word_1_86' title='bbox 1164 1291 1317 1344; x_wconf 88' lang='lat' dir='ltr'><strong>fidem</strong></span> <span class='ocrx_word' id='word_1_87' title='bbox 1340 1291 1509 1344; x_wconf 90' lang='lat' dir='ltr'><strong>faciat.</strong></span> <span class='ocrx_word' id='word_1_88' title='bbox 1531 1293 1597 1344; x_wconf 87' lang='lat' dir='ltr'><strong>Et</strong></span> <span class='ocrx_word' id='word_1_89' title='bbox 1617 1309 1712 1345; x_wconf 74' lang='lat' dir='ltr'><strong>vos:</strong></span> <span class='ocrx_word' id='word_1_90' title='bbox 1732 1310 1929 1363; x_wconf 88' lang='lat' dir='ltr'><strong>magna.</strong></span> <span class='ocrx_word' id='word_1_91' title='bbox 1959 1294 2027 1348; x_wconf 88' lang='lat' dir='ltr'><strong>Ut</strong></span> <span class='ocrx_word' id='word_1_92' title='bbox 2053 1296 2208 1347; x_wconf 89' lang='lat' dir='ltr'><strong>etiam</strong></span> 
     </span>
    </p>
   </div>
   <div class='ocr_carea' id='block_1_12' title="bbox 660 1380 2207 1449">
    <p class='ocr_par' dir='ltr' id='par_1_12' title="bbox 660 1380 2207 1449">
     <span class='ocr_line' id='line_1_12' title="bbox 660 1380 2207 1449; baseline 0.001 -17"><span class='ocrx_word' id='word_1_93' title='bbox 660 1394 719 1432; x_wconf 90' lang='lat' dir='ltr'><strong>ea</strong></span> <span class='ocrx_word' id='word_1_94' title='bbox 746 1393 802 1432; x_wconf 91' lang='lat' dir='ltr'><strong>re</strong></span> <span class='ocrx_word' id='word_1_95' title='bbox 829 1380 1190 1447; x_wconf 89' lang='lat' dir='ltr'><strong>perterruerit.</strong></span> <span class='ocrx_word' id='word_1_96' title='bbox 1223 1380 1404 1433; x_wconf 88' lang='lat' dir='ltr'><strong>Daniel</strong></span> <span class='ocrx_word' id='word_1_97' title='bbox 1433 1381 1750 1449; x_wconf 83' lang='lat' dir='ltr'><strong>obstupescit</strong></span> <span class='ocrx_word' id='word_1_98' title='bbox 1775 1423 1788 1447; x_wconf 93' lang='lat'><strong>,</strong></span> <span class='ocrx_word' id='word_1_99' title='bbox 1817 1391 1870 1436; x_wconf 90' lang='lat' dir='ltr'><strong>et</strong></span> <span class='ocrx_word' id='word_1_100' title='bbox 1898 1383 2083 1436; x_wconf 89' lang='lat' dir='ltr'><strong>iterum</strong></span> <span class='ocrx_word' id='word_1_101' title='bbox 2112 1397 2207 1435; x_wconf 86' lang='lat' dir='ltr'><strong>an-</strong></span> 
     </span>
    </p>
   </div>
   <div class='ocr_carea' id='block_1_13' title="bbox 659 1467 2208 1540">
    <p class='ocr_par' dir='ltr' id='par_1_13' title="bbox 659 1467 2208 1540">
     <span class='ocr_line' id='line_1_13' title="bbox 659 1467 2208 1540; baseline 0.005 -24"><span class='ocrx_word' id='word_1_102' title='bbox 659 1469 776 1535; x_wconf 77' lang='lat' dir='ltr'><strong>gelo</strong></span> <span class='ocrx_word' id='word_1_103' title='bbox 826 1467 1153 1536; x_wconf 89' lang='lat' dir='ltr'><strong>colloquente</strong></span> <span class='ocrx_word' id='word_1_104' title='bbox 1180 1469 1550 1538; x_wconf 84' lang='lat' dir='ltr'><strong>obstupescit,</strong></span> <span class='ocrx_word' id='word_1_105' title='bbox 1584 1470 1738 1540; x_wconf 85' lang='lat' dir='ltr'><strong>idque</strong></span> <span class='ocrx_word' id='word_1_106' title='bbox 1781 1472 2078 1540; x_wconf 89' lang='lat' dir='ltr'><strong>indulgente</strong></span> <span class='ocrx_word' id='word_1_107' title='bbox 2120 1472 2208 1524; x_wconf 94' lang='lat' dir='ltr'><strong>illo</strong></span> 
     </span>
    </p>
   </div>
   <div class='ocr_carea' id='block_1_14' title="bbox 660 1556 2208 1628">
    <p class='ocr_par' dir='ltr' id='par_1_14' title="bbox 660 1556 2208 1628">
     <span class='ocr_line' id='line_1_14' title="bbox 660 1556 2208 1628; baseline 0.006 -22"><span class='ocrx_word' id='word_1_108' title='bbox 660 1556 835 1608; x_wconf 78' lang='lat' dir='ltr'><strong>forsan</strong></span> <span class='ocrx_word' id='word_1_109' title='bbox 864 1595 877 1615; x_wconf 87' lang='lat'><strong>,</strong></span> <span class='ocrx_word' id='word_1_110' title='bbox 902 1565 954 1608; x_wconf 92' lang='lat' dir='ltr'><strong>et</strong></span> <span class='ocrx_word' id='word_1_111' title='bbox 983 1571 1083 1609; x_wconf 93' lang='lat' dir='ltr'><strong>non</strong></span> <span class='ocrx_word' id='word_1_112' title='bbox 1129 1558 1467 1625; x_wconf 92' lang='lat' dir='ltr'><strong>impotentem</strong></span> <span class='ocrx_word' id='word_1_113' title='bbox 1503 1560 1725 1615; x_wconf 88' lang='lat' dir='ltr'><strong>faciente</strong></span> <span class='ocrx_word' id='word_1_114' title='bbox 1764 1575 1857 1614; x_wconf 92' lang='lat' dir='ltr'><strong>seu</strong></span> <span class='ocrx_word' id='word_1_115' title='bbox 1897 1561 2208 1628; x_wconf 87' lang='lat' dir='ltr'><strong>impediente</strong></span> 
     </span>
    </p>
   </div>
   <div class='ocr_carea' id='block_1_15' title="bbox 661 1645 2208 1720">
    <p class='ocr_par' dir='ltr' id='par_1_15' title="bbox 661 1645 2208 1720">
     <span class='ocr_line' id='line_1_15' title="bbox 661 1645 2208 1720; baseline 0.007 -27"><span class='ocrx_word' id='word_1_116' title='bbox 661 1647 740 1712; x_wconf 81' lang='grc' dir='ltr'>(ιι)</span> <span class='ocrx_word' id='word_1_117' title='bbox 771 1645 1223 1714; x_wconf 86' lang='lat' dir='ltr'><strong>:qnandoquidem</strong></span> <span class='ocrx_word' id='word_1_118' title='bbox 1261 1650 1403 1716; x_wconf 90' lang='lat' dir='ltr'><strong>prius</strong></span> <span class='ocrx_word' id='word_1_119' title='bbox 1440 1649 1683 1703; x_wconf 79' lang='lat' dir='ltr'><strong>dixerat:</strong></span> <span class='ocrx_word' id='word_1_120' title='bbox 1723 1649 1937 1702; x_wconf 85' lang='lat' dir='ltr'><strong>Viriliter</strong></span> <span class='ocrx_word' id='word_1_121' title='bbox 1973 1667 2082 1720; x_wconf 82' lang='lat' dir='ltr'><strong>age.</strong></span> <span class='ocrx_word' id='word_1_122' title='bbox 2142 1651 2208 1704; x_wconf 89' lang='lat' dir='ltr'><strong>Et</strong></span> 
     </span>
    </p>
   </div>
   <div class='ocr_carea' id='block_1_16' title="bbox 662 1733 2206 1808">
    <p class='ocr_par' dir='ltr' id='par_1_16' title="bbox 662 1733 2206 1808">
     <span class='ocr_line' id='line_1_16' title="bbox 662 1733 2206 1808; baseline 0.006 -22"><span class='ocrx_word' id='word_1_123' title='bbox 662 1734 826 1786; x_wconf 64' lang='lat' dir='ltr'><strong>sti-tit.</strong></span> <span class='ocrx_word' id='word_1_124' title='bbox 866 1733 1020 1788; x_wconf 87' lang='lat' dir='ltr'><strong>Vides</strong></span> <span class='ocrx_word' id='word_1_125' title='bbox 1049 1736 1171 1803; x_wconf 90' lang='lat' dir='ltr'><strong>quid</strong></span> <span class='ocrx_word' id='word_1_126' title='bbox 1216 1738 1283 1790; x_wconf 90' lang='lat' dir='ltr'><strong>sit</strong></span> <span class='ocrx_word' id='word_1_127' title='bbox 1319 1749 1557 1807; x_wconf 89' lang='lat' dir='ltr'><strong>aspectus</strong></span> <span class='ocrx_word' id='word_1_128' title='bbox 1593 1740 1802 1808; x_wconf 87' lang='lat' dir='ltr'><strong>angeli?</strong></span> <span class='ocrx_word' id='word_1_129' title='bbox 1829 1741 1903 1794; x_wconf 84' lang='lat' dir='ltr'><strong>Ne</strong></span> <span class='ocrx_word' id='word_1_130' title='bbox 1938 1742 2206 1796; x_wconf 79' lang='lat' dir='ltr'><strong>existimes</strong></span> 
     </span>
    </p>
   </div>
   <div class='ocr_carea' id='block_1_17' title="bbox 659 1826 2205 1898">
    <p class='ocr_par' dir='ltr' id='par_1_17' title="bbox 659 1826 2205 1898">
     <span class='ocr_line' id='line_1_17' title="bbox 659 1826 2205 1898; baseline 0.006 -23"><span class='ocrx_word' id='word_1_131' title='bbox 659 1841 732 1876; x_wconf 82' lang='lat' dir='ltr'><strong>a-s</strong></span> <span class='ocrx_word' id='word_1_132' title='bbox 752 1840 869 1879; x_wconf 87' lang='lat' dir='ltr'><strong>esse</strong></span> <span class='ocrx_word' id='word_1_133' title='bbox 899 1826 949 1882; x_wconf 91' lang='lat' dir='ltr'><strong>id</strong></span> <span class='ocrx_word' id='word_1_134' title='bbox 975 1828 1112 1895; x_wconf 91' lang='lat' dir='ltr'><strong>quod</strong></span> <span class='ocrx_word' id='word_1_135' title='bbox 1144 1829 1345 1882; x_wconf 88' lang='lat' dir='ltr'><strong>videtur</strong></span> <span class='ocrx_word' id='word_1_136' title='bbox 1372 1870 1386 1894; x_wconf 93' lang='lat'><strong>,</strong></span> <span class='ocrx_word' id='word_1_137' title='bbox 1417 1846 1513 1884; x_wconf 89' lang='lat' dir='ltr'><strong>nec</strong></span> <span class='ocrx_word' id='word_1_138' title='bbox 1538 1845 1740 1885; x_wconf 92' lang='lat' dir='ltr'><strong>aurum.</strong></span> <span class='ocrx_word' id='word_1_139' title='bbox 1775 1832 1904 1898; x_wconf 87' lang='lat' dir='ltr'><strong>Quis</strong></span> <span class='ocrx_word' id='word_1_140' title='bbox 1931 1833 2071 1886; x_wconf 92' lang='lat' dir='ltr'><strong>enim</strong></span> <span class='ocrx_word' id='word_1_141' title='bbox 2101 1847 2205 1885; x_wconf 94' lang='lat' dir='ltr'><strong>non</strong></span> 
     </span>
    </p>
   </div>
   <div class='ocr_carea' id='block_1_18' title="bbox 661 1914 2203 1990">
    <p class='ocr_par' dir='ltr' id='par_1_18' title="bbox 661 1914 2203 1990">
     <span class='ocr_line' id='line_1_18' title="bbox 661 1914 2203 1990; baseline 0.004 -24"><span class='ocrx_word' id='word_1_142' title='bbox 661 1914 818 1969; x_wconf 73' lang='lat' dir='ltr'><strong>ferret</strong></span> <span class='ocrx_word' id='word_1_143' title='bbox 845 1931 1024 1968; x_wconf 85' lang='lat' dir='ltr'><strong>earum</strong></span> <span class='ocrx_word' id='word_1_144' title='bbox 1052 1918 1386 1971; x_wconf 80' lang='lat' dir='ltr'><strong>materiarum</strong></span> <span class='ocrx_word' id='word_1_145' title='bbox 1421 1929 1685 1986; x_wconf 87' lang='lat' dir='ltr'><strong>aspectum</strong></span> <span class='ocrx_word' id='word_1_146' title='bbox 1712 1921 1734 1972; x_wconf 88' lang='lat'><strong>?</strong></span> <span class='ocrx_word' id='word_1_147' title='bbox 1758 1922 1884 1974; x_wconf 90' lang='lat' dir='ltr'><strong>Cum</strong></span> <span class='ocrx_word' id='word_1_148' title='bbox 1913 1921 2100 1990; x_wconf 89' lang='lat' dir='ltr'><strong>ubique</strong></span> <span class='ocrx_word' id='word_1_149' title='bbox 2125 1922 2203 1973; x_wconf 86' lang='lat' dir='ltr'><strong>lu-</strong></span> 
     </span>
    </p>
   </div>
   <div class='ocr_carea' id='block_1_19' title="bbox 659 2007 2207 2078">
    <p class='ocr_par' dir='ltr' id='par_1_19' title="bbox 659 2007 2207 2078">
     <span class='ocr_line' id='line_1_19' title="bbox 659 2007 2207 2078; baseline 0.004 -21"><span class='ocrx_word' id='word_1_150' title='bbox 659 2020 777 2058; x_wconf 86' lang='lat' dir='ltr'><strong>men</strong></span> <span class='ocrx_word' id='word_1_151' title='bbox 815 2007 1036 2072; x_wconf 90' lang='lat' dir='ltr'><strong>positum</strong></span> <span class='ocrx_word' id='word_1_152' title='bbox 1065 2008 1149 2059; x_wconf 91' lang='lat' dir='ltr'><strong>sit.</strong></span> <span class='ocrx_word' id='word_1_153' title='bbox 1186 2009 1438 2073; x_wconf 85' lang='lat' dir='ltr'><strong>Quoniam</strong></span> <span class='ocrx_word' id='word_1_154' title='bbox 1469 2011 1626 2078; x_wconf 87' lang='lat' dir='ltr'><strong>igitur</strong></span> <span class='ocrx_word' id='word_1_155' title='bbox 1658 2011 1847 2064; x_wconf 88' lang='lat' dir='ltr'><strong>missus</strong></span> <span class='ocrx_word' id='word_1_156' title='bbox 1884 2027 1997 2063; x_wconf 91' lang='lat' dir='ltr'><strong>sum</strong></span> <span class='ocrx_word' id='word_1_157' title='bbox 2029 2051 2042 2072; x_wconf 95' lang='lat'><strong>,</strong></span> <span class='ocrx_word' id='word_1_158' title='bbox 2075 2026 2207 2078; x_wconf 66' lang='lat' dir='ltr'><strong>pra:-</strong></span> 
     </span>
    </p>
   </div>
   <div class='ocr_carea' id='block_1_20' title="bbox 657 2092 2201 2164">
    <p class='ocr_par' dir='ltr' id='par_1_20' title="bbox 657 2092 2201 2164">
     <span class='ocr_line' id='line_1_20' title="bbox 657 2092 2201 2164; baseline 0.005 -20"><span class='ocrx_word' id='word_1_159' title='bbox 657 2092 896 2155; x_wconf 73' lang='lat' dir='ltr'><strong>significo</strong></span> <span class='ocrx_word' id='word_1_160' title='bbox 926 2094 1021 2146; x_wconf 92' lang='lat' dir='ltr'><strong>hoc</strong></span> <span class='ocrx_word' id='word_1_161' title='bbox 1053 2096 1222 2147; x_wconf 87' lang='lat' dir='ltr'><strong>solum</strong></span> <span class='ocrx_word' id='word_1_162' title='bbox 1254 2135 1270 2161; x_wconf 92' lang='lat'><strong>,</strong></span> <span class='ocrx_word' id='word_1_163' title='bbox 1302 2097 1464 2164; x_wconf 84' lang='lat' dir='ltr'><strong>inquit</strong></span> <span class='ocrx_word' id='word_1_164' title='bbox 1492 2139 1505 2162; x_wconf 91' lang='lat'><strong>,</strong></span> <span class='ocrx_word' id='word_1_165' title='bbox 1539 2112 1599 2150; x_wconf 91' lang='lat' dir='ltr'><strong>ne</strong></span> <span class='ocrx_word' id='word_1_166' title='bbox 1635 2112 1940 2164; x_wconf 85' lang='lat' dir='ltr'><strong>corrumpas</strong></span> <span class='ocrx_word' id='word_1_167' title='bbox 1965 2100 2201 2164; x_wconf 81' lang='lat' dir='ltr'><strong>gratiam.</strong></span> 
     </span>
    </p>
   </div>
   <div class='ocr_carea' id='block_1_21' title="bbox 659 2183 2202 2254">
    <p class='ocr_par' dir='ltr' id='par_1_21' title="bbox 659 2183 2202 2254">
     <span class='ocr_line' id='line_1_21' title="bbox 659 2183 2202 2254; baseline 0.005 -20"><span class='ocrx_word' id='word_1_168' title='bbox 659 2183 845 2234; x_wconf 80' lang='lat' dir='ltr'><strong>Audita</strong></span> <span class='ocrx_word' id='word_1_169' title='bbox 865 2192 979 2234; x_wconf 88' lang='lat' dir='ltr'><strong>sunt</strong></span> <span class='ocrx_word' id='word_1_170' title='bbox 1003 2186 1145 2236; x_wconf 85' lang='lat' dir='ltr'><strong>verba</strong></span> <span class='ocrx_word' id='word_1_171' title='bbox 1177 2194 1261 2236; x_wconf 89' lang='lat' dir='ltr'><strong>tua</strong></span> <span class='ocrx_word' id='word_1_172' title='bbox 1286 2227 1298 2248; x_wconf 93' lang='lat'><strong>,</strong></span> <span class='ocrx_word' id='word_1_173' title='bbox 1324 2196 1368 2238; x_wconf 88' lang='lat' dir='ltr'><strong>ct</strong></span> <span class='ocrx_word' id='word_1_174' title='bbox 1393 2203 1481 2254; x_wconf 88' lang='lat' dir='ltr'><strong>ego</strong></span> <span class='ocrx_word' id='word_1_175' title='bbox 1519 2188 1627 2238; x_wconf 85' lang='lat' dir='ltr'><strong>veni</strong></span> <span class='ocrx_word' id='word_1_176' title='bbox 1667 2189 1716 2239; x_wconf 88' lang='lat' dir='ltr'><strong>in</strong></span> <span class='ocrx_word' id='word_1_177' title='bbox 1747 2189 1898 2240; x_wconf 81' lang='lat' dir='ltr'><strong>verbis</strong></span> <span class='ocrx_word' id='word_1_178' title='bbox 1924 2191 2038 2240; x_wconf 89' lang='lat' dir='ltr'><strong>tuis.</strong></span> <span class='ocrx_word' id='word_1_179' title='bbox 2070 2190 2202 2254; x_wconf 87' lang='lat' dir='ltr'><strong>Quid</strong></span> 
     </span>
    </p>
   </div>
   <div class='ocr_carea' id='block_1_22' title="bbox 658 2272 2203 2346">
    <p class='ocr_par' dir='ltr' id='par_1_22' title="bbox 658 2272 2203 2346">
     <span class='ocr_line' id='line_1_22' title="bbox 658 2272 2203 2346; baseline 0.007 -24"><span class='ocrx_word' id='word_1_180' title='bbox 658 2272 798 2322; x_wconf 90' lang='lat' dir='ltr'><strong>enim</strong></span> <span class='ocrx_word' id='word_1_181' title='bbox 845 2272 1100 2339; x_wconf 89' lang='lat' dir='ltr'><strong>rogabat,</strong></span> <span class='ocrx_word' id='word_1_182' title='bbox 1144 2282 1197 2326; x_wconf 90' lang='lat' dir='ltr'><strong>et</strong></span> <span class='ocrx_word' id='word_1_183' title='bbox 1226 2274 1349 2340; x_wconf 90' lang='lat' dir='ltr'><strong>quid</strong></span> <span class='ocrx_word' id='word_1_184' title='bbox 1389 2276 1742 2342; x_wconf 84' lang='lat' dir='ltr'><strong>precabatur?</strong></span> <span class='ocrx_word' id='word_1_185' title='bbox 1785 2279 1849 2330; x_wconf 86' lang='lat' dir='ltr'><strong>Et</strong></span> <span class='ocrx_word' id='word_1_186' title='bbox 1881 2279 2089 2346; x_wconf 92' lang='lat' dir='ltr'><strong>quidem</strong></span> <span class='ocrx_word' id='word_1_187' title='bbox 2118 2281 2203 2333; x_wconf 89' lang='lat' dir='ltr'><strong>illa</strong></span> 
     </span>
    </p>
   </div>
   <div class='ocr_carea' id='block_1_23' title="bbox 659 2357 2206 2431">
    <p class='ocr_par' dir='ltr' id='par_1_23' title="bbox 659 2357 2206 2431">
     <span class='ocr_line' id='line_1_23' title="bbox 659 2357 2206 2431; baseline 0.007 -22"><span class='ocrx_word' id='word_1_188' title='bbox 659 2357 756 2423; x_wconf 63' lang='lat' dir='ltr'><strong>ipsi</strong></span> <span class='ocrx_word' id='word_1_189' title='bbox 785 2374 886 2411; x_wconf 91' lang='lat' dir='ltr'><strong>non</strong></span> <span class='ocrx_word' id='word_1_190' title='bbox 909 2359 1057 2425; x_wconf 93' lang='lat' dir='ltr'><strong>dicis,</strong></span> <span class='ocrx_word' id='word_1_191' title='bbox 1083 2376 1178 2414; x_wconf 90' lang='lat' dir='ltr'><strong>nec</strong></span> <span class='ocrx_word' id='word_1_192' title='bbox 1207 2362 1484 2430; x_wconf 88' lang='lat' dir='ltr'><strong>quidquam</strong></span> <span class='ocrx_word' id='word_1_193' title='bbox 1515 2364 1790 2431; x_wconf 91' lang='lat' dir='ltr'><strong>ejusmodi.</strong></span> <span class='ocrx_word' id='word_1_194' title='bbox 1824 2365 1979 2419; x_wconf 90' lang='lat' dir='ltr'><strong>Forte</strong></span> <span class='ocrx_word' id='word_1_195' title='bbox 2001 2367 2206 2420; x_wconf 91' lang='lat' dir='ltr'><strong>volebat</strong></span> 
     </span>
    </p>
   </div>
   <div class='ocr_carea' id='block_1_24' title="bbox 657 2446 2198 2520">
    <p class='ocr_par' dir='ltr' id='par_1_24' title="bbox 657 2446 2198 2520">
     <span class='ocr_line' id='line_1_24' title="bbox 657 2446 2198 2520; baseline 0.008 -22"><span class='ocrx_word' id='word_1_196' title='bbox 657 2446 859 2499; x_wconf 78' lang='lat' dir='ltr'><strong>discere</strong></span> <span class='ocrx_word' id='word_1_197' title='bbox 883 2458 1062 2501; x_wconf 78' lang='lat' dir='ltr'><strong>exacte</strong></span> <span class='ocrx_word' id='word_1_198' title='bbox 1094 2458 1316 2518; x_wconf 85' lang='lat' dir='ltr'><strong>tempus,</strong></span> <span class='ocrx_word' id='word_1_199' title='bbox 1347 2460 1400 2506; x_wconf 91' lang='lat' dir='ltr'><strong>et</strong></span> <span class='ocrx_word' id='word_1_200' title='bbox 1427 2451 1549 2519; x_wconf 89' lang='lat' dir='ltr'><strong>quid</strong></span> <span class='ocrx_word' id='word_1_201' title='bbox 1582 2462 1757 2520; x_wconf 88' lang='lat' dir='ltr'><strong>postea</strong></span> <span class='ocrx_word' id='word_1_202' title='bbox 1788 2456 2010 2508; x_wconf 83' lang='lat' dir='ltr'><strong>futurum</strong></span> <span class='ocrx_word' id='word_1_203' title='bbox 2042 2467 2198 2510; x_wconf 89' lang='lat' dir='ltr'><strong>esset.</strong></span> 
     </span>
    </p>
   </div>
   <div class='ocr_carea' id='block_1_25' title="bbox 661 2537 2202 2610">
    <p class='ocr_par' dir='ltr' id='par_1_25' title="bbox 661 2537 2202 2610">
     <span class='ocr_line' id='line_1_25' title="bbox 661 2537 2202 2610; baseline 0.006 -20"><span class='ocrx_word' id='word_1_204' title='bbox 661 2537 725 2590; x_wconf 86' lang='lat' dir='ltr'><strong>Et</strong></span> <span class='ocrx_word' id='word_1_205' title='bbox 746 2539 970 2606; x_wconf 80' lang='lat' dir='ltr'><strong>princeps</strong></span> <span class='ocrx_word' id='word_1_206' title='bbox 999 2580 1012 2601; x_wconf 90' lang='lat'><strong>,</strong></span> <span class='ocrx_word' id='word_1_207' title='bbox 1041 2540 1209 2610; x_wconf 87' lang='lat' dir='ltr'><strong>inquit</strong></span> <span class='ocrx_word' id='word_1_208' title='bbox 1239 2582 1254 2603; x_wconf 92' lang='lat'><strong>,</strong></span> <span class='ocrx_word' id='word_1_209' title='bbox 1284 2545 1423 2610; x_wconf 84' lang='lat' dir='ltr'><strong>regni</strong></span> <span class='ocrx_word' id='word_1_210' title='bbox 1455 2543 1719 2596; x_wconf 87' lang='lat' dir='ltr'><strong>Persarum</strong></span> <span class='ocrx_word' id='word_1_211' title='bbox 1753 2548 1883 2598; x_wconf 83' lang='lat' dir='ltr'><strong>stetit</strong></span> <span class='ocrx_word' id='word_1_212' title='bbox 1917 2563 1977 2598; x_wconf 78' lang='lat' dir='ltr'><strong>ex</strong></span> <span class='ocrx_word' id='word_1_213' title='bbox 2000 2546 2202 2599; x_wconf 80' lang='lat' dir='ltr'><strong>adverso</strong></span> 
     </span>
    </p>
   </div>
   <div class='ocr_carea' id='block_1_26' title="bbox 663 2627 2201 2700">
    <p class='ocr_par' dir='ltr' id='par_1_26' title="bbox 663 2627 2201 2700">
     <span class='ocr_line' id='line_1_26' title="bbox 663 2627 2201 2700; baseline 0.007 -24"><span class='ocrx_word' id='word_1_214' title='bbox 663 2627 789 2678; x_wconf 84' lang='lat' dir='ltr'><strong>mei.</strong></span> <span class='ocrx_word' id='word_1_215' title='bbox 838 2629 988 2682; x_wconf 86' lang='lat' dir='ltr'><strong>Anne</strong></span> <span class='ocrx_word' id='word_1_216' title='bbox 1031 2629 1301 2684; x_wconf 89' lang='lat' dir='ltr'><strong>hominum</strong></span> <span class='ocrx_word' id='word_1_217' title='bbox 1335 2634 1621 2700; x_wconf 89' lang='lat' dir='ltr'><strong>principem</strong></span> <span class='ocrx_word' id='word_1_218' title='bbox 1663 2635 1826 2687; x_wconf 83' lang='lat' dir='ltr'><strong>dicit?</strong></span> <span class='ocrx_word' id='word_1_219' title='bbox 1851 2635 2077 2687; x_wconf 86' lang='lat' dir='ltr'><strong>Minime.</strong></span> <span class='ocrx_word' id='word_1_220' title='bbox 2111 2636 2201 2687; x_wconf 87' lang='lat' dir='ltr'><strong>Et-</strong></span> 
     </span>
    </p>
   </div>
   <div class='ocr_carea' id='block_1_27' title="bbox 658 2718 2202 2790">
    <p class='ocr_par' dir='ltr' id='par_1_27' title="bbox 658 2718 2202 2790">
     <span class='ocr_line' id='line_1_27' title="bbox 658 2718 2202 2790; baseline 0.005 -21"><span class='ocrx_word' id='word_1_221' title='bbox 658 2718 798 2769; x_wconf 86' lang='lat' dir='ltr'><strong>enim</strong></span> <span class='ocrx_word' id='word_1_222' title='bbox 831 2730 880 2770; x_wconf 90' lang='lat' dir='ltr'><strong>et</strong></span> <span class='ocrx_word' id='word_1_223' title='bbox 911 2720 1031 2773; x_wconf 90' lang='lat' dir='ltr'><strong>alibi</strong></span> <span class='ocrx_word' id='word_1_224' title='bbox 1059 2720 1131 2773; x_wconf 85' lang='lat' dir='ltr'><strong>ait</strong></span> <span class='ocrx_word' id='word_1_225' title='bbox 1156 2734 1169 2773; x_wconf 89' lang='lat'><strong>:</strong></span> <span class='ocrx_word' id='word_1_226' title='bbox 1196 2721 1439 2790; x_wconf 75' lang='lat' dir='ltr'><strong>Princeps</strong></span> <span class='ocrx_word' id='word_1_227' title='bbox 1466 2722 1751 2776; x_wconf 68' lang='lat' dir='ltr'><strong>Graecorum</strong></span> <span class='ocrx_word' id='word_1_228' title='bbox 1771 2726 1939 2778; x_wconf 75' lang='lat' dir='ltr'><strong>exivit.</strong></span> <span class='ocrx_word' id='word_1_229' title='bbox 1974 2726 2094 2777; x_wconf 86' lang='lat' dir='ltr'><strong>Mihi</strong></span> <span class='ocrx_word' id='word_1_230' title='bbox 2122 2727 2202 2777; x_wconf 85' lang='lat' dir='ltr'><strong>vi—</strong></span> 
     </span>
    </p>
   </div>
   <div class='ocr_carea' id='block_1_28' title="bbox 657 2804 2203 2880">
    <p class='ocr_par' dir='ltr' id='par_1_28' title="bbox 657 2804 2203 2880">
     <span class='ocr_line' id='line_1_28' title="bbox 657 2804 2203 2880; baseline 0.006 -23"><span class='ocrx_word' id='word_1_231' title='bbox 657 2804 811 2857; x_wconf 89' lang='lat' dir='ltr'><strong>detur</strong></span> <span class='ocrx_word' id='word_1_232' title='bbox 848 2806 945 2858; x_wconf 87' lang='lat' dir='ltr'><strong>iste</strong></span> <span class='ocrx_word' id='word_1_233' title='bbox 974 2809 1058 2874; x_wconf 91' lang='lat' dir='ltr'><strong>qui</strong></span> <span class='ocrx_word' id='word_1_234' title='bbox 1090 2809 1322 2875; x_wconf 79' lang='lat' dir='ltr'><strong>loquitur</strong></span> <span class='ocrx_word' id='word_1_235' title='bbox 1346 2827 1447 2862; x_wconf 91' lang='lat' dir='ltr'><strong>non</strong></span> <span class='ocrx_word' id='word_1_236' title='bbox 1479 2827 1596 2865; x_wconf 91' lang='lat' dir='ltr'><strong>esse</strong></span> <span class='ocrx_word' id='word_1_237' title='bbox 1623 2813 1688 2864; x_wconf 93' lang='lat' dir='ltr'><strong>de</strong></span> <span class='ocrx_word' id='word_1_238' title='bbox 1718 2814 2038 2880; x_wconf 89' lang='lat' dir='ltr'><strong>principibus</strong></span> <span class='ocrx_word' id='word_1_239' title='bbox 2065 2855 2078 2878; x_wconf 95' lang='lat'><strong>,</strong></span> <span class='ocrx_word' id='word_1_240' title='bbox 2113 2829 2203 2866; x_wconf 83' lang='lat' dir='ltr'><strong>ne-</strong></span> 
     </span>
    </p>
   </div>
   <div class='ocr_carea' id='block_1_29' title="bbox 656 2896 2200 2965">
    <p class='ocr_par' dir='ltr' id='par_1_29' title="bbox 656 2896 2200 2965">
     <span class='ocr_line' id='line_1_29' title="bbox 656 2896 2200 2965; baseline 0.008 -23"><span class='ocrx_word' id='word_1_241' title='bbox 656 2909 755 2960; x_wconf 91' lang='lat' dir='ltr'><strong>que</strong></span> <span class='ocrx_word' id='word_1_242' title='bbox 783 2910 846 2946; x_wconf 83' lang='lat' dir='ltr'><strong>ex</strong></span> <span class='ocrx_word' id='word_1_243' title='bbox 876 2896 937 2948; x_wconf 90' lang='lat' dir='ltr'><strong>iis</strong></span> <span class='ocrx_word' id='word_1_244' title='bbox 961 2899 1046 2962; x_wconf 90' lang='lat' dir='ltr'><strong>qui</strong></span> <span class='ocrx_word' id='word_1_245' title='bbox 1079 2897 1307 2965; x_wconf 74' lang='lat' dir='ltr'><strong>przcl‘ecti</strong></span> <span class='ocrx_word' id='word_1_246' title='bbox 1338 2907 1460 2952; x_wconf 91' lang='lat' dir='ltr'><strong>sunt</strong></span> <span class='ocrx_word' id='word_1_247' title='bbox 1488 2901 1627 2964; x_wconf 84' lang='lat' dir='ltr'><strong>genti</strong></span> <span class='ocrx_word' id='word_1_248' title='bbox 1667 2901 1820 2953; x_wconf 92' lang='lat' dir='ltr'><strong>alicui</strong></span> <span class='ocrx_word' id='word_1_249' title='bbox 1852 2941 1864 2962; x_wconf 91' lang='lat'><strong>,</strong></span> <span class='ocrx_word' id='word_1_250' title='bbox 1896 2902 1986 2954; x_wconf 89' lang='lat' dir='ltr'><strong>sed</strong></span> <span class='ocrx_word' id='word_1_251' title='bbox 2017 2917 2079 2955; x_wconf 79' lang='lat' dir='ltr'><strong>ex</strong></span> <span class='ocrx_word' id='word_1_252' title='bbox 2110 2916 2200 2954; x_wconf 88' lang='lat' dir='ltr'><strong>su-</strong></span> 
     </span>
    </p>
   </div>
   <div class='ocr_carea' id='block_1_30' title="bbox 657 2982 2201 3055">
    <p class='ocr_par' dir='ltr' id='par_1_30' title="bbox 657 2982 2201 3055">
     <span class='ocr_line' id='line_1_30' title="bbox 657 2982 2201 3055; baseline 0.008 -24"><span class='ocrx_word' id='word_1_253' title='bbox 657 2982 834 3046; x_wconf 86' lang='lat' dir='ltr'><strong>pernis</strong></span> <span class='ocrx_word' id='word_1_254' title='bbox 864 2982 1156 3038; x_wconf 82' lang='lat' dir='ltr'><strong>virtutibus.</strong></span> <span class='ocrx_word' id='word_1_255' title='bbox 1191 2985 1386 3039; x_wconf 84' lang='lat' dir='ltr'><strong>Deinde</strong></span> <span class='ocrx_word' id='word_1_256' title='bbox 1407 2987 1524 3055; x_wconf 83' lang='lat' dir='ltr'><strong>quia</strong></span> <span class='ocrx_word' id='word_1_257' title='bbox 1547 2990 1713 3055; x_wconf 80' lang='lat' dir='ltr'><strong>angeli</strong></span> <span class='ocrx_word' id='word_1_258' title='bbox 1731 2989 1816 3042; x_wconf 91' lang='lat' dir='ltr'><strong>alii</strong></span> <span class='ocrx_word' id='word_1_259' title='bbox 1838 3005 1940 3043; x_wconf 91' lang='lat' dir='ltr'><strong>non</strong></span> <span class='ocrx_word' id='word_1_260' title='bbox 1963 2991 2201 3044; x_wconf 89' lang='lat' dir='ltr'><strong>valebant</strong></span> 
     </span>
    </p>
   </div>
   <div class='ocr_carea' id='block_1_31' title="bbox 655 3069 2201 3148">
    <p class='ocr_par' dir='ltr' id='par_1_31' title="bbox 655 3069 2201 3148">
     <span class='ocr_line' id='line_1_31' title="bbox 655 3069 2201 3148; baseline 0.008 -27"><span class='ocrx_word' id='word_1_261' title='bbox 655 3069 727 3121; x_wconf 91' lang='lat' dir='ltr'><strong>illi</strong></span> <span class='ocrx_word' id='word_1_262' title='bbox 763 3072 1030 3135; x_wconf 89' lang='lat' dir='ltr'><strong>resistere,</strong></span> <span class='ocrx_word' id='word_1_263' title='bbox 1066 3073 1186 3128; x_wconf 90' lang='lat' dir='ltr'><strong>huic</strong></span> <span class='ocrx_word' id='word_1_264' title='bbox 1208 3075 1418 3129; x_wconf 88' lang='lat' dir='ltr'><strong>dicitur.</strong></span> <span class='ocrx_word' id='word_1_265' title='bbox 1448 3078 1686 3131; x_wconf 82' lang='lat' dir='ltr'><strong>AbSoluti</strong></span> <span class='ocrx_word' id='word_1_266' title='bbox 1710 3091 1831 3132; x_wconf 89' lang='lat' dir='ltr'><strong>sunt</strong></span> <span class='ocrx_word' id='word_1_267' title='bbox 1855 3121 1868 3143; x_wconf 87' lang='lat'><strong>,</strong></span> <span class='ocrx_word' id='word_1_268' title='bbox 1906 3081 2070 3148; x_wconf 82' lang='lat' dir='ltr'><strong>inquit</strong></span> <span class='ocrx_word' id='word_1_269' title='bbox 2096 3120 2110 3144; x_wconf 93' lang='lat'><strong>,</strong></span> <span class='ocrx_word' id='word_1_270' title='bbox 2140 3097 2201 3135; x_wconf 91' lang='lat' dir='ltr'><strong>ac</strong></span> 
     </span>
    </p>
   </div>
   <div class='ocr_carea' id='block_1_32' title="bbox 655 3159 2206 3233">
    <p class='ocr_par' dir='ltr' id='par_1_32' title="bbox 655 3159 2206 3233">
     <span class='ocr_line' id='line_1_32' title="bbox 655 3159 2206 3233; baseline 0.006 -23"><span class='ocrx_word' id='word_1_271' title='bbox 655 3159 856 3212; x_wconf 89' lang='lat' dir='ltr'><strong>liberati</strong></span> <span class='ocrx_word' id='word_1_272' title='bbox 878 3160 1077 3226; x_wconf 68' lang='lat' dir='ltr'><strong>Judiei;</strong></span> <span class='ocrx_word' id='word_1_273' title='bbox 1107 3164 1228 3231; x_wconf 92' lang='lat' dir='ltr'><strong>quid</strong></span> <span class='ocrx_word' id='word_1_274' title='bbox 1259 3165 1428 3218; x_wconf 91' lang='lat' dir='ltr'><strong>adhuc</strong></span> <span class='ocrx_word' id='word_1_275' title='bbox 1453 3169 1686 3233; x_wconf 73' lang='lat' dir='ltr'><strong>qumris?</strong></span> <span class='ocrx_word' id='word_1_276' title='bbox 1724 3169 1955 3221; x_wconf 74' lang='lat' dir='ltr'><strong>«Etecce</strong></span> <span class='ocrx_word' id='word_1_277' title='bbox 1970 3167 2206 3231; x_wconf 81' lang='lat' dir='ltr'><strong>Michael,</strong></span> 
     </span>
    </p>
   </div>
   <div class='ocr_carea' id='block_1_33' title="bbox 655 3251 2199 3319">
    <p class='ocr_par' dir='ltr' id='par_1_33' title="bbox 655 3251 2199 3319">
     <span class='ocr_line' id='line_1_33' title="bbox 655 3251 2199 3319; baseline 0.008 -22"><span class='ocrx_word' id='word_1_278' title='bbox 655 3264 788 3300; x_wconf 82' lang='lat' dir='ltr'><strong>unus</strong></span> <span class='ocrx_word' id='word_1_279' title='bbox 833 3251 1122 3317; x_wconf 88' lang='lat' dir='ltr'><strong>principum</strong></span> <span class='ocrx_word' id='word_1_280' title='bbox 1177 3254 1505 3319; x_wconf 90' lang='lat' dir='ltr'><strong>primorum,</strong></span> <span class='ocrx_word' id='word_1_281' title='bbox 1559 3258 1699 3310; x_wconf 82' lang='lat' dir='ltr'><strong>venit</strong></span> <span class='ocrx_word' id='word_1_282' title='bbox 1739 3256 1804 3309; x_wconf 90' lang='lat' dir='ltr'><strong>ad</strong></span> <span class='ocrx_word' id='word_1_283' title='bbox 1849 3258 2199 3310; x_wconf 82' lang='lat' dir='ltr'><strong>auxiliandum</strong></span> 
     </span>
    </p>
   </div>
   <div class='ocr_carea' id='block_1_34' title="bbox 654 3337 2199 3415">
    <p class='ocr_par' dir='ltr' id='par_1_34' title="bbox 654 3337 2199 3415">
     <span class='ocr_line' id='line_1_34' title="bbox 654 3337 2199 3415; baseline 0.006 -28"><span class='ocrx_word' id='word_1_284' title='bbox 654 3337 778 3388; x_wconf 90' lang='lat' dir='ltr'><strong>mihi</strong></span> <span class='ocrx_word' id='word_1_285' title='bbox 804 3353 818 3400; x_wconf 90' lang='lat'><strong>;</strong></span> <span class='ocrx_word' id='word_1_286' title='bbox 843 3348 996 3393; x_wconf 90' lang='lat' dir='ltr'><strong>etme</strong></span> <span class='ocrx_word' id='word_1_287' title='bbox 1023 3341 1343 3408; x_wconf 89' lang='lat' dir='ltr'><strong>reliquerunt</strong></span> <span class='ocrx_word' id='word_1_288' title='bbox 1366 3343 1431 3395; x_wconf 90' lang='lat' dir='ltr'><strong>ibi</strong></span> <span class='ocrx_word' id='word_1_289' title='bbox 1454 3359 1572 3397; x_wconf 92' lang='lat' dir='ltr'><strong>cum</strong></span> <span class='ocrx_word' id='word_1_290' title='bbox 1600 3346 1830 3414; x_wconf 90' lang='lat' dir='ltr'><strong>principe</strong></span> <span class='ocrx_word' id='word_1_291' title='bbox 1851 3347 1986 3415; x_wconf 89' lang='lat' dir='ltr'><strong>regis</strong></span> <span class='ocrx_word' id='word_1_292' title='bbox 2014 3346 2199 3398; x_wconf 83' lang='lat' dir='ltr'><strong>Persa-</strong></span> 
     </span>
    </p>
   </div>
   <div class='ocr_carea' id='block_1_35' title="bbox 654 3425 2201 3503">
    <p class='ocr_par' dir='ltr' id='par_1_35' title="bbox 654 3425 2201 3503">
     <span class='ocr_line' id='line_1_35' title="bbox 654 3425 2201 3503; baseline 0.008 -28"><span class='ocrx_word' id='word_1_293' title='bbox 654 3441 789 3476; x_wconf 87' lang='lat' dir='ltr'><strong>rum.</strong></span> <span class='ocrx_word' id='word_1_294' title='bbox 819 3425 882 3478; x_wconf 88' lang='lat' dir='ltr'><strong>Et</strong></span> <span class='ocrx_word' id='word_1_295' title='bbox 912 3429 1028 3479; x_wconf 89' lang='lat' dir='ltr'><strong>veni</strong></span> <span class='ocrx_word' id='word_1_296' title='bbox 1069 3429 1258 3483; x_wconf 86' lang='lat' dir='ltr'><strong>docere</strong></span> <span class='ocrx_word' id='word_1_297' title='bbox 1289 3441 1338 3484; x_wconf 92' lang='lat' dir='ltr'><strong>te</strong></span> <span class='ocrx_word' id='word_1_298' title='bbox 1364 3447 1703 3501; x_wconf 71' lang='lat' dir='ltr'><strong>qurecnmque</strong></span> <span class='ocrx_word' id='word_1_299' title='bbox 1746 3436 1987 3487; x_wconf 85' lang='lat' dir='ltr'><strong>evenient</strong></span> <span class='ocrx_word' id='word_1_300' title='bbox 2011 3436 2201 3503; x_wconf 90' lang='lat' dir='ltr'><strong>populo</strong></span> 
     </span>
    </p>
   </div>
   <div class='ocr_carea' id='block_1_36' title="bbox 654 3517 2195 3589">
    <p class='ocr_par' dir='ltr' id='par_1_36' title="bbox 654 3517 2195 3589">
     <span class='ocr_line' id='line_1_36' title="bbox 654 3517 2195 3589; baseline 0.006 -25"><span class='ocrx_word' id='word_1_301' title='bbox 654 3525 743 3565; x_wconf 84' lang='lat' dir='ltr'><strong>tuo</strong></span> <span class='ocrx_word' id='word_1_302' title='bbox 783 3517 833 3568; x_wconf 92' lang='lat' dir='ltr'><strong>in</strong></span> <span class='ocrx_word' id='word_1_303' title='bbox 863 3517 1162 3571; x_wconf 83' lang='lat' dir='ltr'><strong>novissimis</strong></span> <span class='ocrx_word' id='word_1_304' title='bbox 1187 3518 1373 3572; x_wconf 88' lang='lat' dir='ltr'><strong>diebus</strong></span> <span class='ocrx_word' id='word_1_305' title='bbox 1401 3561 1416 3584; x_wconf 90' lang='lat'><strong>,</strong></span> <span class='ocrx_word' id='word_1_306' title='bbox 1468 3523 1588 3589; x_wconf 88' lang='lat' dir='ltr'><strong>quia</strong></span> <span class='ocrx_word' id='word_1_307' title='bbox 1614 3538 1736 3576; x_wconf 89' lang='lat' dir='ltr'><strong>ecce</strong></span> <span class='ocrx_word' id='word_1_308' title='bbox 1767 3523 1896 3576; x_wconf 81' lang='lat' dir='ltr'><strong>visio</strong></span> <span class='ocrx_word' id='word_1_309' title='bbox 1923 3525 1971 3575; x_wconf 92' lang='lat' dir='ltr'><strong>in</strong></span> <span class='ocrx_word' id='word_1_310' title='bbox 2003 3524 2136 3576; x_wconf 88' lang='lat' dir='ltr'><strong>dies.</strong></span> <span class='ocrx_word' id='word_1_311' title='bbox 2178 3543 2195 3574; x_wconf 78' lang='grc' dir='ltr'><strong>ι</strong></span> 
     </span>
    </p>
   </div>
   <div class='ocr_carea' id='block_1_37' title="bbox 650 3603 2198 3673">
    <p class='ocr_par' dir='ltr' id='par_1_37' title="bbox 650 3603 2198 3673">
     <span class='ocr_line' id='line_1_37' title="bbox 650 3603 2198 3673; baseline 0.007 -20"><span class='ocrx_word' id='word_1_312' title='bbox 650 3603 824 3667; x_wconf 86' lang='lat' dir='ltr'><strong>Quare</strong></span> <span class='ocrx_word' id='word_1_313' title='bbox 852 3615 974 3658; x_wconf 89' lang='lat' dir='ltr'><strong>ante</strong></span> <span class='ocrx_word' id='word_1_314' title='bbox 1004 3606 1182 3673; x_wconf 84' lang='lat' dir='ltr'><strong>viginti</strong></span> <span class='ocrx_word' id='word_1_315' title='bbox 1212 3607 1324 3661; x_wconf 90' lang='lat' dir='ltr'><strong>dies</strong></span> <span class='ocrx_word' id='word_1_316' title='bbox 1373 3625 1476 3661; x_wconf 89' lang='lat' dir='ltr'><strong>non</strong></span> <span class='ocrx_word' id='word_1_317' title='bbox 1509 3611 1650 3662; x_wconf 90' lang='lat' dir='ltr'><strong>venit</strong></span> <span class='ocrx_word' id='word_1_318' title='bbox 1678 3611 1895 3664; x_wconf 85' lang='lat' dir='ltr'><strong>Michael</strong></span> <span class='ocrx_word' id='word_1_319' title='bbox 1925 3611 1948 3662; x_wconf 78' lang='lat' dir='ltr'><strong>‘l</strong></span> <span class='ocrx_word' id='word_1_320' title='bbox 1978 3611 2045 3666; x_wconf 90' lang='lat' dir='ltr'><strong>Ut</strong></span> <span class='ocrx_word' id='word_1_321' title='bbox 2072 3613 2198 3664; x_wconf 90' lang='lat' dir='ltr'><strong>mihi</strong></span> 
     </span>
    </p>
   </div>
   <div class='ocr_carea' id='block_1_38' title="bbox 652 3694 2203 3768">
    <p class='ocr_par' dir='ltr' id='par_1_38' title="bbox 652 3694 2203 3768">
     <span class='ocr_line' id='line_1_38' title="bbox 652 3694 2203 3768; baseline 0.006 -25"><span class='ocrx_word' id='word_1_322' title='bbox 652 3694 1173 3758; x_wconf 86' lang='lat' dir='ltr'><strong>videtur,ostendere</strong></span> <span class='ocrx_word' id='word_1_323' title='bbox 1199 3699 1307 3750; x_wconf 88' lang='lat' dir='ltr'><strong>vult</strong></span> <span class='ocrx_word' id='word_1_324' title='bbox 1329 3699 1616 3765; x_wconf 77' lang='lat' dir='ltr'><strong>pr0pbctac,</strong></span> <span class='ocrx_word' id='word_1_325' title='bbox 1644 3701 1783 3752; x_wconf 91' lang='lat' dir='ltr'><strong>illum</strong></span> <span class='ocrx_word' id='word_1_326' title='bbox 1809 3717 1892 3753; x_wconf 90' lang='lat' dir='ltr'><strong>res</strong></span> <span class='ocrx_word' id='word_1_327' title='bbox 1917 3701 2203 3768; x_wconf 90' lang='lat' dir='ltr'><strong>probibitas</strong></span> 
     </span>
    </p>
   </div>
   <div class='ocr_carea' id='block_1_39' title="bbox 650 3785 2197 3853">
    <p class='ocr_par' dir='ltr' id='par_1_39' title="bbox 650 3785 2197 3853">
     <span class='ocr_line' id='line_1_39' title="bbox 650 3785 2197 3853; baseline 0.002 -17"><span class='ocrx_word' id='word_1_328' title='bbox 650 3794 704 3836; x_wconf 91' lang='lat' dir='ltr'><strong>et</strong></span> <span class='ocrx_word' id='word_1_329' title='bbox 732 3785 936 3852; x_wconf 91' lang='lat' dir='ltr'><strong>iniquas</strong></span> <span class='ocrx_word' id='word_1_330' title='bbox 959 3795 1118 3853; x_wconf 89' lang='lat' dir='ltr'><strong>atque</strong></span> <span class='ocrx_word' id='word_1_331' title='bbox 1147 3795 1355 3838; x_wconf 85' lang='lat' dir='ltr'><strong>coactas</strong></span> <span class='ocrx_word' id='word_1_332' title='bbox 1387 3788 1652 3852; x_wconf 88' lang='lat' dir='ltr'><strong>postulare</strong></span> <span class='ocrx_word' id='word_1_333' title='bbox 1684 3828 1696 3848; x_wconf 91' lang='lat'><strong>,</strong></span> <span class='ocrx_word' id='word_1_334' title='bbox 1731 3803 1792 3840; x_wconf 91' lang='lat' dir='ltr'><strong>ac</strong></span> <span class='ocrx_word' id='word_1_335' title='bbox 1822 3789 2197 3853; x_wconf 76' lang='lat' dir='ltr'><strong>propemodum</strong></span> 
     </span>
    </p>
   </div>
   <div class='ocr_carea' id='block_1_40' title="bbox 651 3874 2200 3942">
    <p class='ocr_par' dir='ltr' id='par_1_40' title="bbox 651 3874 2200 3942">
     <span class='ocr_line' id='line_1_40' title="bbox 651 3874 2200 3942; baseline 0.001 -17"><span class='ocrx_word' id='word_1_336' title='bbox 651 3874 852 3942; x_wconf 86' lang='lat' dir='ltr'><strong>angelis</strong></span> <span class='ocrx_word' id='word_1_337' title='bbox 880 3875 980 3926; x_wconf 89' lang='lat' dir='ltr'><strong>vim</strong></span> <span class='ocrx_word' id='word_1_338' title='bbox 1014 3876 1202 3928; x_wconf 82' lang='lat' dir='ltr'><strong>facere.</strong></span> <span class='ocrx_word' id='word_1_339' title='bbox 1244 3875 1464 3941; x_wconf 84' lang='lat' dir='ltr'><strong>Propter</strong></span> <span class='ocrx_word' id='word_1_340' title='bbox 1511 3875 1608 3927; x_wconf 86' lang='lat' dir='ltr'><strong>hoc</strong></span> <span class='ocrx_word' id='word_1_341' title='bbox 1648 3893 1813 3942; x_wconf 82' lang='lat' dir='ltr'><strong>neque</strong></span> <span class='ocrx_word' id='word_1_342' title='bbox 1843 3876 2061 3929; x_wconf 83' lang='lat' dir='ltr'><strong>Michael</strong></span> <span class='ocrx_word' id='word_1_343' title='bbox 2091 3887 2200 3929; x_wconf 86' lang='lat' dir='ltr'><strong>sta-</strong></span> 
     </span>
    </p>
   </div>
   <div class='ocr_carea' id='block_1_41' title="bbox 654 3965 2203 4032">
    <p class='ocr_par' dir='ltr' id='par_1_41' title="bbox 654 3965 2203 4032">
     <span class='ocr_line' id='line_1_41' title="bbox 654 3965 2203 4032; baseline 0.002 -17"><span class='ocrx_word' id='word_1_344' title='bbox 654 3966 744 4017; x_wconf 89' lang='lat' dir='ltr'><strong>tim</strong></span> <span class='ocrx_word' id='word_1_345' title='bbox 773 3965 837 4018; x_wconf 88' lang='lat' dir='ltr'><strong>ab</strong></span> <span class='ocrx_word' id='word_1_346' title='bbox 869 3965 1014 4016; x_wconf 88' lang='lat' dir='ltr'><strong>initio</strong></span> <span class='ocrx_word' id='word_1_347' title='bbox 1041 3965 1342 4028; x_wconf 83' lang='lat' dir='ltr'><strong>auxiliatur,</strong></span> <span class='ocrx_word' id='word_1_348' title='bbox 1377 3965 1469 4017; x_wconf 88' lang='lat' dir='ltr'><strong>sed</strong></span> <span class='ocrx_word' id='word_1_349' title='bbox 1502 3975 1676 4032; x_wconf 55' lang='lat' dir='ltr'><strong>postea</strong></span> <span class='ocrx_word' id='word_1_350' title='bbox 1699 4005 1712 4028; x_wconf 95' lang='lat'><strong>,</strong></span> <span class='ocrx_word' id='word_1_351' title='bbox 1747 3975 1801 4017; x_wconf 91' lang='lat' dir='ltr'><strong>ut</strong></span> <span class='ocrx_word' id='word_1_352' title='bbox 1834 3965 2095 4018; x_wconf 89' lang='lat' dir='ltr'><strong>discerent</strong></span> <span class='ocrx_word' id='word_1_353' title='bbox 2126 3966 2203 4017; x_wconf 90' lang='lat' dir='ltr'><strong>in-</strong></span> 
     </span>
    </p>
   </div>
   <div class='ocr_carea' id='block_1_42' title="bbox 649 4053 2201 4121">
    <p class='ocr_par' dir='ltr' id='par_1_42' title="bbox 649 4053 2201 4121">
     <span class='ocr_line' id='line_1_42' title="bbox 649 4053 2201 4121; baseline 0.001 -16"><span class='ocrx_word' id='word_1_354' title='bbox 649 4055 836 4121; x_wconf 90' lang='lat' dir='ltr'><strong>dignos</strong></span> <span class='ocrx_word' id='word_1_355' title='bbox 863 4053 1030 4105; x_wconf 91' lang='lat' dir='ltr'><strong>reditu</strong></span> <span class='ocrx_word' id='word_1_356' title='bbox 1071 4069 1187 4105; x_wconf 85' lang='lat' dir='ltr'><strong>esse</strong></span> <span class='ocrx_word' id='word_1_357' title='bbox 1217 4069 1307 4105; x_wconf 78' lang='lat' dir='ltr'><strong>eos</strong></span> <span class='ocrx_word' id='word_1_358' title='bbox 1337 4054 1422 4119; x_wconf 89' lang='lat' dir='ltr'><strong>qui</strong></span> <span class='ocrx_word' id='word_1_359' title='bbox 1447 4063 1625 4120; x_wconf 89' lang='lat' dir='ltr'><strong>postea</strong></span> <span class='ocrx_word' id='word_1_360' title='bbox 1664 4055 1712 4105; x_wconf 92' lang='lat' dir='ltr'><strong>in</strong></span> <span class='ocrx_word' id='word_1_361' title='bbox 1756 4055 1972 4121; x_wconf 89' lang='lat' dir='ltr'><strong>patriam</strong></span> <span class='ocrx_word' id='word_1_362' title='bbox 2005 4055 2201 4108; x_wconf 86' lang='lat' dir='ltr'><strong>reversi</strong></span> 
     </span>
    </p>
   </div>
   <div class='ocr_carea' id='block_1_43' title="bbox 651 4141 2198 4211">
    <p class='ocr_par' dir='ltr' id='par_1_43' title="bbox 651 4141 2198 4211">
     <span class='ocr_line' id='line_1_43' title="bbox 651 4141 2198 4211; baseline -0.001 -15"><span class='ocrx_word' id='word_1_363' title='bbox 651 4152 792 4196; x_wconf 86' lang='lat' dir='ltr'><strong>sunt.</strong></span> <span class='ocrx_word' id='word_1_364' title='bbox 817 4142 1008 4210; x_wconf 91' lang='lat' dir='ltr'><strong>lnjuria</strong></span> <span class='ocrx_word' id='word_1_365' title='bbox 1041 4142 1342 4194; x_wconf 84' lang='lat' dir='ltr'><strong>afficiuntur</strong></span> <span class='ocrx_word' id='word_1_366' title='bbox 1359 4143 1549 4208; x_wconf 85' lang='lat' dir='ltr'><strong>angeli.</strong></span> <span class='ocrx_word' id='word_1_367' title='bbox 1583 4141 1648 4192; x_wconf 86' lang='lat' dir='ltr'><strong>Et</strong></span> <span class='ocrx_word' id='word_1_368' title='bbox 1671 4159 1746 4194; x_wconf 88' lang='lat' dir='ltr'><strong>me</strong></span> <span class='ocrx_word' id='word_1_369' title='bbox 1764 4145 2062 4211; x_wconf 81' lang='lat' dir='ltr'><strong>reliquerunt</strong></span> <span class='ocrx_word' id='word_1_370' title='bbox 2085 4145 2151 4196; x_wconf 88' lang='lat' dir='ltr'><strong>ibi</strong></span> <span class='ocrx_word' id='word_1_371' title='bbox 2183 4183 2198 4206; x_wconf 90' lang='lat'><strong>,</strong></span> 
     </span>
    </p>
   </div>
   <div class='ocr_carea' id='block_1_44' title="bbox 649 4231 2200 4300">
    <p class='ocr_par' dir='ltr' id='par_1_44' title="bbox 649 4231 2200 4300">
     <span class='ocr_line' id='line_1_44' title="bbox 649 4231 2200 4300; baseline -0.002 -14"><span class='ocrx_word' id='word_1_372' title='bbox 649 4244 707 4286; x_wconf 88' lang='lat' dir='ltr'><strong>ut</strong></span> <span class='ocrx_word' id='word_1_373' title='bbox 727 4233 810 4286; x_wconf 90' lang='lat' dir='ltr'><strong>vel</strong></span> <span class='ocrx_word' id='word_1_374' title='bbox 844 4231 1234 4300; x_wconf 87' lang='lat' dir='ltr'><strong>persnadcrem,</strong></span> <span class='ocrx_word' id='word_1_375' title='bbox 1266 4232 1345 4284; x_wconf 87' lang='lat' dir='ltr'><strong>vel</strong></span> <span class='ocrx_word' id='word_1_376' title='bbox 1384 4232 1671 4284; x_wconf 74' lang='lat' dir='ltr'><strong>inhiberent</strong></span> <span class='ocrx_word' id='word_1_377' title='bbox 1698 4233 1715 4298; x_wconf 96' lang='lat'>(</span> <span class='ocrx_word' id='word_1_378' title='bbox 1748 4233 2032 4298; x_wconf 88' lang='lat' dir='ltr'><strong>principem</strong></span> <span class='ocrx_word' id='word_1_379' title='bbox 2063 4232 2200 4298; x_wconf 90' lang='lat' dir='ltr'><strong>regis</strong></span> 
     </span>
    </p>
   </div>
   <div class='ocr_carea' id='block_1_45' title="bbox 648 4322 2201 4390">
    <p class='ocr_par' dir='ltr' id='par_1_45' title="bbox 648 4322 2201 4390">
     <span class='ocr_line' id='line_1_45' title="bbox 648 4322 2201 4390; baseline -0.003 -13"><span class='ocrx_word' id='word_1_380' title='bbox 648 4325 931 4377; x_wconf 73' lang='lat' dir='ltr'><strong>Persarum</strong></span> <span class='ocrx_word' id='word_1_381' title='bbox 965 4325 1000 4390; x_wconf 93' lang='lat'><strong>).</strong></span> <span class='ocrx_word' id='word_1_382' title='bbox 1030 4324 1092 4374; x_wconf 82' lang='lat' dir='ltr'><strong>Et</strong></span> <span class='ocrx_word' id='word_1_383' title='bbox 1122 4322 1238 4388; x_wconf 87' lang='lat' dir='ltr'><strong>quis</strong></span> <span class='ocrx_word' id='word_1_384' title='bbox 1263 4323 1476 4390; x_wconf 86' lang='lat' dir='ltr'><strong>angelus</strong></span> <span class='ocrx_word' id='word_1_385' title='bbox 1497 4322 1770 4388; x_wconf 88' lang='lat' dir='ltr'><strong>ejusmodi,</strong></span> <span class='ocrx_word' id='word_1_386' title='bbox 1795 4322 1882 4390; x_wconf 91' lang='lat' dir='ltr'><strong>qui</strong></span> <span class='ocrx_word' id='word_1_387' title='bbox 1909 4337 2027 4374; x_wconf 94' lang='lat' dir='ltr'><strong>cum</strong></span> <span class='ocrx_word' id='word_1_388' title='bbox 2057 4322 2201 4373; x_wconf 90' lang='lat' dir='ltr'><strong>audit</strong></span> 
     </span>
    </p>
   </div>
   <div class='ocr_carea' id='block_1_46' title="bbox 650 4413 2198 4481">
    <p class='ocr_par' dir='ltr' id='par_1_46' title="bbox 650 4413 2198 4481">
     <span class='ocr_line' id='line_1_46' title="bbox 650 4413 2198 4481; baseline -0.002 -14"><span class='ocrx_word' id='word_1_389' title='bbox 650 4417 815 4468; x_wconf 81' lang='lat' dir='ltr'><strong>Deum</strong></span> <span class='ocrx_word' id='word_1_390' title='bbox 838 4416 1070 4481; x_wconf 56' lang='lat' dir='ltr'><strong>praebere</strong></span> <span class='ocrx_word' id='word_1_391' title='bbox 1101 4415 1341 4480; x_wconf 84' lang='lat' dir='ltr'><strong>gratiam,</strong></span> <span class='ocrx_word' id='word_1_392' title='bbox 1371 4413 1616 4465; x_wconf 89' lang='lat' dir='ltr'><strong>resistat?</strong></span> <span class='ocrx_word' id='word_1_393' title='bbox 1643 4413 1772 4466; x_wconf 81' lang='lat' dir='ltr'><strong>Rem</strong></span> <span class='ocrx_word' id='word_1_394' title='bbox 1803 4452 1817 4473; x_wconf 90' lang='lat'><strong>,</strong></span> <span class='ocrx_word' id='word_1_395' title='bbox 1845 4421 1901 4464; x_wconf 89' lang='lat' dir='ltr'><strong>ut</strong></span> <span class='ocrx_word' id='word_1_396' title='bbox 1927 4413 2153 4464; x_wconf 88' lang='lat' dir='ltr'><strong>arbitror</strong></span> <span class='ocrx_word' id='word_1_397' title='bbox 2184 4453 2198 4474; x_wconf 90' lang='lat'><strong>,</strong></span> 
     </span>
    </p>
   </div>
   <div class='ocr_carea' id='block_1_47' title="bbox 649 4500 2200 4569">
    <p class='ocr_par' dir='ltr' id='par_1_47' title="bbox 649 4500 2200 4569">
     <span class='ocr_line' id='line_1_47' title="bbox 649 4500 2200 4569; baseline -0.001 -15"><span class='ocrx_word' id='word_1_398' title='bbox 649 4505 719 4554; x_wconf 89' lang='lat' dir='ltr'><strong>ita</strong></span> <span class='ocrx_word' id='word_1_399' title='bbox 768 4503 1014 4569; x_wconf 84' lang='lat' dir='ltr'><strong>exprimit</strong></span> <span class='ocrx_word' id='word_1_400' title='bbox 1062 4517 1122 4554; x_wconf 89' lang='lat' dir='ltr'><strong>ac</strong></span> <span class='ocrx_word' id='word_1_401' title='bbox 1166 4501 1210 4554; x_wconf 95' lang='lat' dir='ltr'><strong>si</strong></span> <span class='ocrx_word' id='word_1_402' title='bbox 1257 4511 1396 4554; x_wconf 89' lang='lat' dir='ltr'><strong>esset</strong></span> <span class='ocrx_word' id='word_1_403' title='bbox 1443 4516 1691 4568; x_wconf 88' lang='lat' dir='ltr'><strong>corporea</strong></span> <span class='ocrx_word' id='word_1_404' title='bbox 1721 4520 1733 4554; x_wconf 90' lang='lat'><strong>:</strong></span> <span class='ocrx_word' id='word_1_405' title='bbox 1761 4500 2200 4569; x_wconf 89' lang='lat' dir='ltr'><strong>quemadmodum</strong></span> 
     </span>
    </p>
   </div>
   <div class='ocr_carea' id='block_1_48' title="bbox 648 4591 2200 4659">
    <p class='ocr_par' dir='ltr' id='par_1_48' title="bbox 648 4591 2200 4659">
     <span class='ocr_line' id='line_1_48' title="bbox 648 4591 2200 4659; baseline 0 -18"><span class='ocrx_word' id='word_1_406' title='bbox 648 4609 769 4644; x_wconf 78' lang='lat' dir='ltr'><strong>cum</strong></span> <span class='ocrx_word' id='word_1_407' title='bbox 814 4592 885 4643; x_wconf 90' lang='lat' dir='ltr'><strong>ait</strong></span> <span class='ocrx_word' id='word_1_408' title='bbox 913 4608 925 4646; x_wconf 88' lang='lat'><strong>:</strong></span> <span class='ocrx_word' id='word_1_409' title='bbox 958 4592 1082 4655; x_wconf 83' lang='lat' dir='ltr'><strong>Quis</strong></span> <span class='ocrx_word' id='word_1_410' title='bbox 1121 4592 1396 4659; x_wconf 83' lang='lat' dir='ltr'><strong>egredietur</strong></span> <span class='ocrx_word' id='word_1_411' title='bbox 1439 4601 1485 4644; x_wconf 85' lang='lat' dir='ltr'><strong>et</strong></span> <span class='ocrx_word' id='word_1_412' title='bbox 1523 4593 1731 4658; x_wconf 84' lang='lat' dir='ltr'><strong>decipiet</strong></span> <span class='ocrx_word' id='word_1_413' title='bbox 1766 4592 1886 4642; x_wconf 87' lang='lat' dir='ltr'><strong>mihi</strong></span> <span class='ocrx_word' id='word_1_414' title='bbox 1913 4591 2200 4642; x_wconf 79' lang='lat' dir='ltr'><strong>Achaabum</strong></span> 
     </span>
    </p>
   </div>
   <div class='ocr_carea' id='block_1_49' title="bbox 648 4678 2204 4746">
    <p class='ocr_par' dir='ltr' id='par_1_49' title="bbox 648 4678 2204 4746">
     <span class='ocr_line' id='line_1_49' title="bbox 648 4678 2204 4746; baseline 0 -16"><span class='ocrx_word' id='word_1_415' title='bbox 648 4683 669 4746; x_wconf 84' lang='lat'>(</span> <span class='ocrx_word' id='word_1_416' title='bbox 695 4681 752 4732; x_wconf 73' lang='lat'><strong>2.</strong></span> <span class='ocrx_word' id='word_1_417' title='bbox 783 4678 959 4733; x_wconf 89' lang='lat' dir='ltr'><strong>Paral.</strong></span> <span class='ocrx_word' id='word_1_418' title='bbox 991 4680 1074 4732; x_wconf 83' lang='grc'><strong>18.</strong></span> <span class='ocrx_word' id='word_1_419' title='bbox 1104 4680 1167 4731; x_wconf 85' lang='grc'><strong>19</strong></span> <span class='ocrx_word' id='word_1_420' title='bbox 1195 4679 1212 4746; x_wconf 94' lang='grc'>)</span> <span class='ocrx_word' id='word_1_421' title='bbox 1237 4680 1257 4728; x_wconf 73' lang='lat' dir='ltr'><strong>‘I</strong></span> <span class='ocrx_word' id='word_1_422' title='bbox 1278 4690 1328 4732; x_wconf 91' lang='lat' dir='ltr'><strong>et</strong></span> <span class='ocrx_word' id='word_1_423' title='bbox 1356 4680 1542 4732; x_wconf 89' lang='lat' dir='ltr'><strong>iterum</strong></span> <span class='ocrx_word' id='word_1_424' title='bbox 1572 4696 1585 4731; x_wconf 92' lang='lat'><strong>:</strong></span> <span class='ocrx_word' id='word_1_425' title='bbox 1616 4680 1816 4731; x_wconf 85' lang='lat' dir='ltr'><strong>Dimitte</strong></span> <span class='ocrx_word' id='word_1_426' title='bbox 1837 4695 1934 4740; x_wconf 91' lang='lat' dir='ltr'><strong>me,</strong></span> <span class='ocrx_word' id='word_1_427' title='bbox 1962 4689 2006 4730; x_wconf 89' lang='lat' dir='ltr'><strong>et</strong></span> <span class='ocrx_word' id='word_1_428' title='bbox 2038 4679 2204 4730; x_wconf 82' lang='lat' dir='ltr'><strong>delebo</strong></span> 
     </span>
    </p>
   </div>
   <div class='ocr_carea' id='block_1_50' title="bbox 649 4768 2203 4839">
    <p class='ocr_par' dir='ltr' id='par_1_50' title="bbox 649 4768 2203 4839">
     <span class='ocr_line' id='line_1_50' title="bbox 649 4768 2203 4839; baseline -0.002 -16"><span class='ocrx_word' id='word_1_429' title='bbox 649 4787 734 4824; x_wconf 85' lang='lat' dir='ltr'><strong>eos</strong></span> <span class='ocrx_word' id='word_1_430' title='bbox 766 4768 975 4839; x_wconf 71' lang='lat' dir='ltr'><strong>(Exod.</strong></span> <span class='ocrx_word' id='word_1_431' title='bbox 1009 4768 1094 4822; x_wconf 76' lang='grc'><strong>52.</strong></span> <span class='ocrx_word' id='word_1_432' title='bbox 1129 4769 1193 4822; x_wconf 89' lang='grc'><strong>10</strong></span> <span class='ocrx_word' id='word_1_433' title='bbox 1219 4770 1255 4835; x_wconf 93' lang='grc'><strong>).</strong></span> <span class='ocrx_word' id='word_1_434' title='bbox 1288 4769 1399 4824; x_wconf 87' lang='lat' dir='ltr'><strong>Non</strong></span> <span class='ocrx_word' id='word_1_435' title='bbox 1442 4772 1746 4837; x_wconf 86' lang='lat' dir='ltr'><strong>prohibetur</strong></span> <span class='ocrx_word' id='word_1_436' title='bbox 1777 4771 1910 4821; x_wconf 88' lang='lat' dir='ltr'><strong>Deus</strong></span> <span class='ocrx_word' id='word_1_437' title='bbox 1938 4810 1952 4832; x_wconf 88' lang='lat'><strong>,</strong></span> <span class='ocrx_word' id='word_1_438' title='bbox 1977 4784 2073 4822; x_wconf 88' lang='lat' dir='ltr'><strong>nec</strong></span> <span class='ocrx_word' id='word_1_439' title='bbox 2099 4771 2203 4822; x_wconf 87' lang='lat' dir='ltr'><strong>vim</strong></span> 
     </span>
    </p>
   </div>
   <div class='ocr_carea' id='block_1_51' title="bbox 653 4857 2202 4927">
    <p class='ocr_par' dir='ltr' id='par_1_51' title="bbox 653 4857 2202 4927">
     <span class='ocr_line' id='line_1_51' title="bbox 653 4857 2202 4927; baseline -0.001 -19"><span class='ocrx_word' id='word_1_440' title='bbox 653 4862 846 4927; x_wconf 72' lang='lat' dir='ltr'><strong>patitur</strong></span> <span class='ocrx_word' id='word_1_441' title='bbox 867 4899 880 4923; x_wconf 94' lang='lat'><strong>,</strong></span> <span class='ocrx_word' id='word_1_442' title='bbox 906 4857 1149 4910; x_wconf 82' lang='lat' dir='ltr'><strong>detentus</strong></span> <span class='ocrx_word' id='word_1_443' title='bbox 1176 4873 1203 4908; x_wconf 92' lang='lat' dir='ltr'><strong>a</strong></span> <span class='ocrx_word' id='word_1_444' title='bbox 1236 4859 1507 4924; x_wconf 82' lang='lat' dir='ltr'><strong>prOpheta.</strong></span> <span class='ocrx_word' id='word_1_445' title='bbox 1543 4860 1614 4910; x_wconf 83' lang='lat' dir='ltr'><strong>Ita</strong></span> <span class='ocrx_word' id='word_1_446' title='bbox 1638 4874 1764 4912; x_wconf 88' lang='lat' dir='ltr'><strong>sane</strong></span> <span class='ocrx_word' id='word_1_447' title='bbox 1785 4867 1838 4910; x_wconf 81' lang='lat' dir='ltr'><strong>et</strong></span> <span class='ocrx_word' id='word_1_448' title='bbox 1864 4858 1967 4909; x_wconf 90' lang='lat' dir='ltr'><strong>hic.</strong></span> <span class='ocrx_word' id='word_1_449' title='bbox 2004 4857 2202 4908; x_wconf 80' lang='lat' dir='ltr'><strong>Rursus</strong></span> 
     </span>
    </p>
   </div>
   <div class='ocr_carea' id='block_1_52' title="bbox 650 4945 2205 5014">
    <p class='ocr_par' dir='ltr' id='par_1_52' title="bbox 650 4945 2205 5014">
     <span class='ocr_line' id='line_1_52' title="bbox 650 4945 2205 5014; baseline -0.001 -18"><span class='ocrx_word' id='word_1_450' title='bbox 650 4962 774 5001; x_wconf 71' lang='lat' dir='ltr'><strong>vero</strong></span> <span class='ocrx_word' id='word_1_451' title='bbox 810 4948 933 5000; x_wconf 90' lang='lat' dir='ltr'><strong>alibi</strong></span> <span class='ocrx_word' id='word_1_452' title='bbox 966 4947 1041 4999; x_wconf 87' lang='lat' dir='ltr'><strong>ait</strong></span> <span class='ocrx_word' id='word_1_453' title='bbox 1073 4963 1084 4997; x_wconf 89' lang='lat'><strong>:</strong></span> <span class='ocrx_word' id='word_1_454' title='bbox 1115 4945 1318 4998; x_wconf 85' lang='lat' dir='ltr'><strong>Dimitte</strong></span> <span class='ocrx_word' id='word_1_455' title='bbox 1343 4964 1420 4998; x_wconf 90' lang='lat' dir='ltr'><strong>me</strong></span> <span class='ocrx_word' id='word_1_456' title='bbox 1451 4987 1464 5009; x_wconf 95' lang='lat'><strong>,</strong></span> <span class='ocrx_word' id='word_1_457' title='bbox 1509 4948 1625 5014; x_wconf 83' lang='lat' dir='ltr'><strong>quia</strong></span> <span class='ocrx_word' id='word_1_458' title='bbox 1662 4947 1883 4997; x_wconf 87' lang='lat' dir='ltr'><strong>ascendit</strong></span> <span class='ocrx_word' id='word_1_459' title='bbox 1926 4945 2205 4996; x_wconf 86' lang='lat' dir='ltr'><strong>diluculum</strong></span> 
     </span>
    </p>
   </div>
   <div class='ocr_carea' id='block_1_53' title="bbox 649 5032 2203 5105">
    <p class='ocr_par' dir='ltr' id='par_1_53' title="bbox 649 5032 2203 5105">
     <span class='ocr_line' id='line_1_53' title="bbox 649 5032 2203 5105; baseline -0.004 -18"><span class='ocrx_word' id='word_1_460' title='bbox 649 5037 797 5102; x_wconf 65' lang='lat' dir='ltr'><strong>(lien.</strong></span> <span class='ocrx_word' id='word_1_461' title='bbox 824 5037 909 5089; x_wconf 73' lang='lat'><strong>32.</strong></span> <span class='ocrx_word' id='word_1_462' title='bbox 944 5037 1055 5105; x_wconf 76' lang='grc'><strong>26).</strong></span> <span class='ocrx_word' id='word_1_463' title='bbox 1090 5038 1150 5089; x_wconf 85' lang='grc' dir='ltr'>Ει</span> <span class='ocrx_word' id='word_1_464' title='bbox 1172 5036 1343 5089; x_wconf 90' lang='lat' dir='ltr'><strong>adhuc</strong></span> <span class='ocrx_word' id='word_1_465' title='bbox 1369 5037 1432 5088; x_wconf 89' lang='lat' dir='ltr'><strong>de</strong></span> <span class='ocrx_word' id='word_1_466' title='bbox 1454 5037 1640 5100; x_wconf 87' lang='lat' dir='ltr'><strong>angelo</strong></span> <span class='ocrx_word' id='word_1_467' title='bbox 1670 5046 1721 5086; x_wconf 93' lang='lat' dir='ltr'><strong>ct</strong></span> <span class='ocrx_word' id='word_1_468' title='bbox 1750 5035 1893 5085; x_wconf 85' lang='lat' dir='ltr'><strong>asina</strong></span> <span class='ocrx_word' id='word_1_469' title='bbox 1932 5050 1943 5084; x_wconf 95' lang='lat'><strong>:</strong></span> <span class='ocrx_word' id='word_1_470' title='bbox 1980 5032 2096 5084; x_wconf 81' lang='lat' dir='ltr'><strong>Nisi</strong></span> <span class='ocrx_word' id='word_1_471' title='bbox 2122 5034 2203 5098; x_wconf 81' lang='lat' dir='ltr'><strong>fa-</strong></span> 
     </span>
    </p>
   </div>
   <div class='ocr_carea' id='block_1_54' title="bbox 646 5122 2205 5196">
    <p class='ocr_par' dir='ltr' id='par_1_54' title="bbox 646 5122 2205 5196">
     <span class='ocr_line' id='line_1_54' title="bbox 646 5122 2205 5196; baseline -0.004 -19"><span class='ocrx_word' id='word_1_472' title='bbox 646 5130 768 5177; x_wconf 70' lang='lat' dir='ltr'><strong>cium</strong></span> <span class='ocrx_word' id='word_1_473' title='bbox 816 5136 951 5177; x_wconf 85' lang='lat' dir='ltr'><strong>tuam</strong></span> <span class='ocrx_word' id='word_1_474' title='bbox 979 5127 1411 5194; x_wconf 84' lang='lat' dir='ltr'><strong>apprehendissem</strong></span> <span class='ocrx_word' id='word_1_475' title='bbox 1444 5126 1514 5196; x_wconf 91' lang='lat' dir='ltr'><strong>(b)</strong></span> <span class='ocrx_word' id='word_1_476' title='bbox 1549 5167 1563 5190; x_wconf 94' lang='lat'><strong>,</strong></span> <span class='ocrx_word' id='word_1_477' title='bbox 1593 5123 1780 5192; x_wconf 66' lang='lat' dir='ltr'><strong>inquit.</strong></span> <span class='ocrx_word' id='word_1_478' title='bbox 1811 5122 1864 5175; x_wconf 97' lang='lat' dir='ltr'><strong>Id</strong></span> <span class='ocrx_word' id='word_1_479' title='bbox 1897 5122 2072 5187; x_wconf 86' lang='lat' dir='ltr'><strong>itaque</strong></span> <span class='ocrx_word' id='word_1_480' title='bbox 2103 5136 2205 5172; x_wconf 86' lang='lat' dir='ltr'><strong>non</strong></span> 
     </span>
    </p>
   </div>
   <div class='ocr_carea' id='block_1_55' title="bbox 711 5284 2212 5354">
    <p class='ocr_par' dir='ltr' id='par_1_55' title="bbox 711 5284 2212 5354">
     <span class='ocr_line' id='line_1_55' title="bbox 711 5284 2212 5354; baseline -0.004 -14"><span class='ocrx_word' id='word_1_481' title='bbox 711 5293 782 5353; x_wconf 75' lang='grc'><strong>((1)</strong></span> <span class='ocrx_word' id='word_1_482' title='bbox 817 5292 868 5339; x_wconf 83' lang='lat' dir='ltr'><strong>Il‘l</strong></span> <span class='ocrx_word' id='word_1_483' title='bbox 893 5299 1068 5346; x_wconf 50' lang='lat' dir='ltr'><strong>Gl&#39;ﬂCO,</strong></span> <span class='ocrx_word' id='word_1_484' title='bbox 1095 5307 1348 5354; x_wconf 60' lang='grc' dir='ltr'><strong>Συγχωροῖητος</strong></span> <span class='ocrx_word' id='word_1_485' title='bbox 1373 5300 1472 5354; x_wconf 57' lang='grc' dir='ltr'><strong>ἴσωςἰ</strong></span> <span class='ocrx_word' id='word_1_486' title='bbox 1509 5301 1570 5338; x_wconf 68' lang='grc' dir='ltr'><strong>οὒκ</strong></span> <span class='ocrx_word' id='word_1_487' title='bbox 1601 5297 1872 5342; x_wconf 68' lang='grc' dir='ltr'><strong>ἀδυνατοΰγης.</strong></span> <span class='ocrx_word' id='word_1_488' title='bbox 1898 5285 2102 5354; x_wconf 52' lang='lat' dir='ltr'><strong>UiIPOIUI</strong></span> <span class='ocrx_word' id='word_1_489' title='bbox 2135 5284 2212 5354; x_wconf 52' lang='grc' dir='ltr'><strong>ξη-</strong></span> 
     </span>
    </p>
   </div>
   <div class='ocr_carea' id='block_1_56' title="bbox 647 5344 2207 5422">
    <p class='ocr_par' dir='ltr' id='par_1_56' title="bbox 647 5344 2207 5422">
     <span class='ocr_line' id='line_1_56' title="bbox 647 5344 2207 5422; baseline -0.003 -21"><span class='ocrx_word' id='word_1_490' title='bbox 647 5344 940 5422; x_wconf 64' lang='lat' dir='ltr'><strong>terpretatus</strong></span> <span class='ocrx_word' id='word_1_491' title='bbox 962 5344 1091 5422; x_wconf 77' lang='lat' dir='ltr'><strong>sum;</strong></span> <span class='ocrx_word' id='word_1_492' title='bbox 1109 5344 1179 5398; x_wconf 69' lang='lat' dir='ltr'><strong>aii</strong></span> <span class='ocrx_word' id='word_1_493' title='bbox 1195 5344 1414 5422; x_wconf 62' lang='lat' dir='ltr'><strong>feliciter,</strong></span> <span class='ocrx_word' id='word_1_494' title='bbox 1433 5344 1552 5422; x_wconf 73' lang='lat' dir='ltr'><strong>clam</strong></span> <span class='ocrx_word' id='word_1_495' title='bbox 1577 5362 1656 5422; x_wconf 63' lang='lat' dir='ltr'><strong>me</strong></span> <span class='ocrx_word' id='word_1_496' title='bbox 1681 5355 1772 5395; x_wconf 85' lang='lat' dir='ltr'><strong>est.</strong></span> <span class='ocrx_word' id='word_1_497' title='bbox 1799 5344 2207 5422; x_wconf 40' lang='grc' dir='ltr'><strong>ξθιιιςξιιξιιξωςξξξν</strong></span> 
     </span>
    </p>
   </div>
   <div class='ocr_carea' id='block_1_57' title="bbox 642 5402 2214 5475">
    <p class='ocr_par' dir='ltr' id='par_1_57' title="bbox 642 5402 2214 5475">
     <span class='ocr_line' id='line_1_57' title="bbox 642 5402 2214 5475; baseline -0.008 -18"><span class='ocrx_word' id='word_1_498' title='bbox 642 5402 847 5462; x_wconf 59' lang='lat' dir='ltr'><strong>viriliter</strong></span> <span class='ocrx_word' id='word_1_499' title='bbox 870 5426 972 5475; x_wconf 76' lang='lat' dir='ltr'><strong>age,</strong></span> <span class='ocrx_word' id='word_1_500' title='bbox 990 5402 1246 5475; x_wconf 40' lang='lat' dir='ltr'><strong>ah&#39;angclo</strong></span> <span class='ocrx_word' id='word_1_501' title='bbox 1271 5402 1569 5475; x_wconf 72' lang='lat' dir='ltr'><strong>pronuntiata</strong></span> <span class='ocrx_word' id='word_1_502' title='bbox 1596 5407 1735 5475; x_wconf 54' lang='lat' dir='ltr'><strong>fdere</strong></span> <span class='ocrx_word' id='word_1_503' title='bbox 1760 5413 1866 5475; x_wconf 74' lang='lat' dir='ltr'><strong>post</strong></span> <span class='ocrx_word' id='word_1_504' title='bbox 1891 5402 2095 5475; x_wconf 28' lang='lat' dir='ltr'><strong>Danieli-sl</strong></span> <span class='ocrx_word' id='word_1_505' title='bbox 2119 5409 2214 5475; x_wconf 57' lang='lat' dir='ltr'><strong>stu:</strong></span> 
     </span>
    </p>
   </div>
   <div class='ocr_carea' id='block_1_58' title="bbox 652 5463 2213 5530">
    <p class='ocr_par' dir='ltr' id='par_1_58' title="bbox 652 5463 2213 5530">
     <span class='ocr_line' id='line_1_58' title="bbox 652 5463 2213 5530; baseline -0.009 -10"><span class='ocrx_word' id='word_1_506' title='bbox 652 5482 821 5530; x_wconf 68' lang='lat' dir='ltr'><strong>pores;</strong></span> <span class='ocrx_word' id='word_1_507' title='bbox 846 5463 1072 5528; x_wconf 34' lang='lat' dir='ltr'><strong>sedfnoli</strong></span> <span class='ocrx_word' id='word_1_508' title='bbox 1097 5463 1316 5528; x_wconf 44' lang='lat' dir='ltr'><strong>m‘Z’tuer&#39;e,</strong></span> <span class='ocrx_word' id='word_1_509' title='bbox 1347 5471 1472 5516; x_wconf 87' lang='lat' dir='ltr'><strong>idem</strong></span> <span class='ocrx_word' id='word_1_510' title='bbox 1502 5463 1907 5526; x_wconf 54' lang='lat' dir='ltr'><strong>significatftmge</strong></span> <span class='ocrx_word' id='word_1_511' title='bbox 1931 5465 1977 5508; x_wconf 90' lang='lat' dir='ltr'><strong>in</strong></span> <span class='ocrx_word' id='word_1_512' title='bbox 2003 5463 2213 5507; x_wconf 76' lang='lat' dir='ltr'><strong>bditionc</strong></span> 
     </span>
    </p>
   </div>
   <div class='ocr_carea' id='block_1_59' title="bbox 645 5533 2103 5593">
    <p class='ocr_par' dir='ltr' id='par_1_59' title="bbox 645 5533 2103 5593">
     <span class='ocr_line' id='line_1_59' title="bbox 645 5533 2103 5593; baseline 0.008 -12"><span class='ocrx_word' id='word_1_513' title='bbox 645 5541 804 5581; x_wconf 65' lang='lat' dir='ltr'><strong>Graeca</strong></span> <span class='ocrx_word' id='word_1_514' title='bbox 831 5541 940 5579; x_wconf 85' lang='lat' dir='ltr'><strong>Dan.</strong></span> <span class='ocrx_word' id='word_1_515' title='bbox 966 5533 1010 5588; x_wconf 77' lang='grc'><strong>4,</strong></span> <span class='ocrx_word' id='word_1_516' title='bbox 1038 5534 1082 5580; x_wconf 79' lang='lat' dir='ltr'><strong>t3.</strong></span> <span class='ocrx_word' id='word_1_517' title='bbox 1248 5590 1260 5593; x_wconf 92' lang='lat'><em>_</em></span> <span class='ocrx_word' id='word_1_518' title='bbox 1447 5590 1454 5593; x_wconf 90' lang='lat'>_</span> <span class='ocrx_word' id='word_1_519' title='bbox 1560 5589 1567 5593; x_wconf 92' lang='lat'>_</span> <span class='ocrx_word' id='word_1_520' title='bbox 1739 5586 1746 5593; x_wconf 89' lang='lat'><strong>_</strong></span> <span class='ocrx_word' id='word_1_521' title='bbox 1801 5591 1815 5593; x_wconf 87' lang='lat'><strong><em>_</em></strong></span> <span class='ocrx_word' id='word_1_522' title='bbox 1881 5583 1938 5593; x_wconf 86' lang='lat'><strong>._</strong></span> <span class='ocrx_word' id='word_1_523' title='bbox 2008 5581 2016 5589; x_wconf 91' lang='lat'><strong>.</strong></span> <span class='ocrx_word' id='word_1_524' title='bbox 2077 5587 2103 5593; x_wconf 89' lang='lat'><strong>_.</strong></span> 
     </span>
    </p>
   </div>
   <div class='ocr_carea' id='block_1_60' title="bbox 710 5585 2215 5652">
    <p class='ocr_par' dir='ltr' id='par_1_60' title="bbox 710 5585 2215 5652">
     <span class='ocr_line' id='line_1_60' title="bbox 710 5585 2215 5652; baseline -0.011 -12"><span class='ocrx_word' id='word_1_525' title='bbox 710 5593 782 5651; x_wconf 88' lang='lat' dir='ltr'><strong>(b)</strong></span> <span class='ocrx_word' id='word_1_526' title='bbox 817 5601 910 5639; x_wconf 70' lang='lat' dir='ltr'><strong>Non</strong></span> <span class='ocrx_word' id='word_1_527' title='bbox 935 5585 1123 5639; x_wconf 80' lang='lat' dir='ltr'><strong>memini</strong></span> <span class='ocrx_word' id='word_1_528' title='bbox 1147 5604 1224 5637; x_wconf 87' lang='lat' dir='ltr'><strong>me</strong></span> <span class='ocrx_word' id='word_1_529' title='bbox 1248 5589 1602 5652; x_wconf 72' lang='lat' dir='ltr'><strong>legere_i_sta_i_n</strong></span> <span class='ocrx_word' id='word_1_530' title='bbox 1629 5586 1774 5652; x_wconf 72' lang='lat' dir='ltr'><strong>sacris</strong></span> <span class='ocrx_word' id='word_1_531' title='bbox 1797 5585 2215 5652; x_wconf 37' lang='lat' dir='ltr'><strong>Sct‘iplut&#39;is..l:m&#39;lc</strong></span> 
     </span>
    </p>
   </div>
   <div class='ocr_carea' id='block_1_61' title="bbox 646 5640 2211 5706">
    <p class='ocr_par' dir='ltr' id='par_1_61' title="bbox 646 5640 2211 5706">
     <span class='ocr_line' id='line_1_61' title="bbox 646 5640 2211 5706; baseline -0.012 -4"><span class='ocrx_word' id='word_1_532' title='bbox 646 5640 847 5703; x_wconf 67' lang='lat' dir='ltr'><strong>allusion</strong></span> <span class='ocrx_word' id='word_1_533' title='bbox 872 5653 928 5700; x_wconf 82' lang='lat' dir='ltr'><strong>ad</strong></span> <span class='ocrx_word' id='word_1_534' title='bbox 953 5660 1081 5700; x_wconf 72' lang='lat' dir='ltr'><strong>bum.</strong></span> <span class='ocrx_word' id='word_1_535' title='bbox 1107 5652 1182 5704; x_wconf 55' lang='grc' dir='ltr'>ΞΕ,</span> <span class='ocrx_word' id='word_1_536' title='bbox 1206 5652 1282 5706; x_wconf 77' lang='grc'><strong>25,</strong></span> <span class='ocrx_word' id='word_1_537' title='bbox 1300 5640 1383 5705; x_wconf 54' lang='grc' dir='ltr'><strong>Ξῖ,</strong></span> <span class='ocrx_word' id='word_1_538' title='bbox 1412 5649 1486 5704; x_wconf 81' lang='grc'><strong>51,</strong></span> <span class='ocrx_word' id='word_1_539' title='bbox 1523 5648 1602 5693; x_wconf 73' lang='lat'><strong>5&#39;2.</strong></span> <span class='ocrx_word' id='word_1_540' title='bbox 1630 5645 1808 5691; x_wconf 74' lang='lat' dir='ltr'><strong>Verum</strong></span> <span class='ocrx_word' id='word_1_541' title='bbox 1843 5654 1953 5700; x_wconf 81' lang='lat' dir='ltr'><strong>quia</strong></span> <span class='ocrx_word' id='word_1_542' title='bbox 1997 5640 2108 5698; x_wconf 88' lang='lat' dir='ltr'><strong>quid</strong></span> <span class='ocrx_word' id='word_1_543' title='bbox 2148 5640 2211 5684; x_wconf 73' lang='lat' dir='ltr'><strong>si-</strong></span> 
     </span>
    </p>
   </div>
   <div class='ocr_carea' id='block_1_62' title="bbox 1373 361 3136 426">
    <p class='ocr_par' dir='ltr' id='par_1_62' title="bbox 1373 361 3136 426">
     <span class='ocr_line' id='line_1_62' title="bbox 1373 361 3136 426; baseline -0.002 0"><span class='ocrx_word' id='word_1_544' title='bbox 1373 373 1426 426; x_wconf 90' lang='lat' dir='ltr'><strong>S.</strong></span> <span class='ocrx_word' id='word_1_545' title='bbox 1467 371 1736 426; x_wconf 79' lang='lat' dir='ltr'><strong>JO.\NNIS</strong></span> <span class='ocrx_word' id='word_1_546' title='bbox 1772 362 2231 425; x_wconf 68' lang='grc' dir='ltr'>ειιιιγςοδτοιιι</span> <span class='ocrx_word' id='word_1_547' title='bbox 2272 361 2579 418; x_wconf 73' lang='lat' dir='ltr'><strong>ARUIIIEI’.</strong></span> <span class='ocrx_word' id='word_1_548' title='bbox 2620 369 3136 425; x_wconf 54' lang='lat' dir='ltr'><strong>(IONSTARTINOP.</strong></span> 
     </span>
    </p>
   </div>
   <div class='ocr_carea' id='block_1_63' title="bbox 3759 383 3872 437">
    <p class='ocr_par' dir='ltr' id='par_1_63' title="bbox 3759 383 3872 437">
     <span class='ocr_line' id='line_1_63' title="bbox 3759 383 3872 437; baseline 0.018 -2"><span class='ocrx_word' id='word_1_549' title='bbox 3759 383 3872 437; x_wconf 75' lang='lat'><strong>244</strong></span> 
     </span>
    </p>
   </div>
   <div class='ocr_carea' id='block_1_64' title="bbox 2323 478 3857 552">
    <p class='ocr_par' dir='ltr' id='par_1_64' title="bbox 2323 478 3857 552">
     <span class='ocr_line' id='line_1_64' title="bbox 2323 478 3857 552; baseline 0.01 -24"><span class='ocrx_word' id='word_1_550' title='bbox 2323 478 2574 546; x_wconf 89' lang='lat' dir='ltr'><strong>ostendit,</strong></span> <span class='ocrx_word' id='word_1_551' title='bbox 2603 482 2768 549; x_wconf 90' lang='lat' dir='ltr'><strong>ipsum</strong></span> <span class='ocrx_word' id='word_1_552' title='bbox 2796 486 2903 539; x_wconf 91' lang='lat' dir='ltr'><strong>Deo</strong></span> <span class='ocrx_word' id='word_1_553' title='bbox 2929 488 3201 552; x_wconf 86' lang='lat' dir='ltr'><strong>obsistere,</strong></span> <span class='ocrx_word' id='word_1_554' title='bbox 3218 491 3308 543; x_wconf 90' lang='lat' dir='ltr'><strong>sed</strong></span> <span class='ocrx_word' id='word_1_555' title='bbox 3335 490 3432 543; x_wconf 81' lang='lat' dir='ltr'><strong>hoc</strong></span> <span class='ocrx_word' id='word_1_556' title='bbox 3462 506 3619 543; x_wconf 88' lang='lat' dir='ltr'><strong>unum</strong></span> <span class='ocrx_word' id='word_1_557' title='bbox 3653 502 3857 544; x_wconf 88' lang='lat' dir='ltr'><strong>tantum</strong></span> 
     </span>
    </p>
   </div>
   <div class='ocr_carea' id='block_1_65' title="bbox 2316 567 3859 638">
    <p class='ocr_par' dir='ltr' id='par_1_65' title="bbox 2316 567 3859 638">
     <span class='ocr_line' id='line_1_65' title="bbox 2316 567 3859 638; baseline 0.01 -21"><span class='ocrx_word' id='word_1_558' title='bbox 2316 567 2501 633; x_wconf 88' lang='lat' dir='ltr'><strong>injuria</strong></span> <span class='ocrx_word' id='word_1_559' title='bbox 2531 572 2745 638; x_wconf 88' lang='lat' dir='ltr'><strong>angelos</strong></span> <span class='ocrx_word' id='word_1_560' title='bbox 2770 574 2926 628; x_wconf 85' lang='lat' dir='ltr'><strong>affici.</strong></span> <span class='ocrx_word' id='word_1_561' title='bbox 2969 575 3189 630; x_wconf 85' lang='lat' dir='ltr'><strong>Tantum</strong></span> <span class='ocrx_word' id='word_1_562' title='bbox 3219 579 3376 632; x_wconf 90' lang='lat' dir='ltr'><strong>valuit</strong></span> <span class='ocrx_word' id='word_1_563' title='bbox 3405 581 3600 632; x_wconf 85' lang='lat' dir='ltr'><strong>Daniel.</strong></span> <span class='ocrx_word' id='word_1_564' title='bbox 3634 581 3859 633; x_wconf 79' lang='lat' dir='ltr'><strong>Descen-</strong></span> 
     </span>
    </p>
   </div>
   <div class='ocr_carea' id='block_1_66' title="bbox 2315 655 3855 733">
    <p class='ocr_par' dir='ltr' id='par_1_66' title="bbox 2315 655 3855 733">
     <span class='ocr_line' id='line_1_66' title="bbox 2315 655 3855 733; baseline 0.012 -29"><span class='ocrx_word' id='word_1_565' title='bbox 2315 655 2366 706; x_wconf 89' lang='lat' dir='ltr'><strong>di</strong></span> <span class='ocrx_word' id='word_1_566' title='bbox 2394 666 2444 706; x_wconf 88' lang='lat' dir='ltr'><strong>ut</strong></span> <span class='ocrx_word' id='word_1_567' title='bbox 2473 657 2696 711; x_wconf 86' lang='lat' dir='ltr'><strong>docerem</strong></span> <span class='ocrx_word' id='word_1_568' title='bbox 2738 671 2783 714; x_wconf 86' lang='lat' dir='ltr'><strong>te</strong></span> <span class='ocrx_word' id='word_1_569' title='bbox 2806 679 3118 731; x_wconf 71' lang='lat' dir='ltr'><strong>qutccumque</strong></span> <span class='ocrx_word' id='word_1_570' title='bbox 3142 669 3324 733; x_wconf 89' lang='lat' dir='ltr'><strong>populo</strong></span> <span class='ocrx_word' id='word_1_571' title='bbox 3351 677 3434 720; x_wconf 90' lang='lat' dir='ltr'><strong>tuo</strong></span> <span class='ocrx_word' id='word_1_572' title='bbox 3463 679 3573 720; x_wconf 86' lang='lat' dir='ltr'><strong>sunt</strong></span> <span class='ocrx_word' id='word_1_573' title='bbox 3599 679 3855 722; x_wconf 72' lang='lat' dir='ltr'><strong>eventura.</strong></span> 
     </span>
    </p>
   </div>
   <div class='ocr_carea' id='block_1_67' title="bbox 2317 741 3860 822">
    <p class='ocr_par' dir='ltr' id='par_1_67' title="bbox 2317 741 3860 822">
     <span class='ocr_line' id='line_1_67' title="bbox 2317 741 3860 822; baseline 0.011 -30"><span class='ocrx_word' id='word_1_574' title='bbox 2317 741 2445 794; x_wconf 82' lang='lat' dir='ltr'><strong>Vide</strong></span> <span class='ocrx_word' id='word_1_575' title='bbox 2480 747 2743 811; x_wconf 91' lang='lat' dir='ltr'><strong>quomodo</strong></span> <span class='ocrx_word' id='word_1_576' title='bbox 2763 788 2776 811; x_wconf 94' lang='lat'><strong>,</strong></span> <span class='ocrx_word' id='word_1_577' title='bbox 2816 765 2874 802; x_wconf 91' lang='lat' dir='ltr'><strong>re</strong></span> <span class='ocrx_word' id='word_1_578' title='bbox 2900 754 3187 804; x_wconf 90' lang='lat' dir='ltr'><strong>necessaria</strong></span> <span class='ocrx_word' id='word_1_579' title='bbox 3219 753 3428 806; x_wconf 89' lang='lat' dir='ltr'><strong>dimissa</strong></span> <span class='ocrx_word' id='word_1_580' title='bbox 3460 794 3474 816; x_wconf 94' lang='lat'><strong>,</strong></span> <span class='ocrx_word' id='word_1_581' title='bbox 3506 755 3775 822; x_wconf 66' lang='lat' dir='ltr'><strong>propheta:</strong></span> <span class='ocrx_word' id='word_1_582' title='bbox 3798 770 3860 808; x_wconf 84' lang='lat' dir='ltr'><strong>se</strong></span> 
     </span>
    </p>
   </div>
   <div class='ocr_carea' id='block_1_68' title="bbox 2313 835 3859 915">
    <p class='ocr_par' dir='ltr' id='par_1_68' title="bbox 2313 835 3859 915">
     <span class='ocr_line' id='line_1_68' title="bbox 2313 835 3859 915; baseline 0.01 -30"><span class='ocrx_word' id='word_1_583' title='bbox 2313 845 2544 888; x_wconf 79' lang='lat' dir='ltr'><strong>excuset.</strong></span> <span class='ocrx_word' id='word_1_584' title='bbox 2572 835 2762 891; x_wconf 90' lang='lat' dir='ltr'><strong>lterum</strong></span> <span class='ocrx_word' id='word_1_585' title='bbox 2787 839 2965 895; x_wconf 89' lang='lat' dir='ltr'><strong>Daniel</strong></span> <span class='ocrx_word' id='word_1_586' title='bbox 2987 857 3349 899; x_wconf 87' lang='lat' dir='ltr'><strong>consternatur</strong></span> <span class='ocrx_word' id='word_1_587' title='bbox 3383 864 3396 899; x_wconf 90' lang='lat'><strong>:</strong></span> <span class='ocrx_word' id='word_1_588' title='bbox 3426 847 3611 899; x_wconf 89' lang='lat' dir='ltr'><strong>iterum</strong></span> <span class='ocrx_word' id='word_1_589' title='bbox 3636 848 3859 915; x_wconf 87' lang='lat' dir='ltr'><strong>angelus</strong></span> 
     </span>
    </p>
   </div>
   <div class='ocr_carea' id='block_1_69' title="bbox 2314 921 3859 1004">
    <p class='ocr_par' dir='ltr' id='par_1_69' title="bbox 2314 921 3859 1004">
     <span class='ocr_line' id='line_1_69' title="bbox 2314 921 3859 1004; baseline 0.008 -30"><span class='ocrx_word' id='word_1_590' title='bbox 2314 921 2457 975; x_wconf 94' lang='lat' dir='ltr'><strong>illum</strong></span> <span class='ocrx_word' id='word_1_591' title='bbox 2491 925 2660 993; x_wconf 87' lang='lat' dir='ltr'><strong>erigit,</strong></span> <span class='ocrx_word' id='word_1_592' title='bbox 2691 936 2741 982; x_wconf 91' lang='lat' dir='ltr'><strong>et</strong></span> <span class='ocrx_word' id='word_1_593' title='bbox 2768 930 2877 983; x_wconf 90' lang='lat' dir='ltr'><strong>ait:</strong></span> <span class='ocrx_word' id='word_1_594' title='bbox 2909 933 3019 1001; x_wconf 85' lang='lat' dir='ltr'><strong>Ego</strong></span> <span class='ocrx_word' id='word_1_595' title='bbox 3044 936 3329 1002; x_wconf 80' lang='lat' dir='ltr'><strong>proﬁciscor</strong></span> <span class='ocrx_word' id='word_1_596' title='bbox 3419 945 3474 987; x_wconf 86' lang='lat' dir='ltr'><strong>ut</strong></span> <span class='ocrx_word' id='word_1_597' title='bbox 3518 938 3713 1004; x_wconf 71' lang='lat' dir='ltr'><strong>prwlier</strong></span> <span class='ocrx_word' id='word_1_598' title='bbox 3738 953 3859 989; x_wconf 80' lang='lat' dir='ltr'><strong>cum</strong></span> 
     </span>
    </p>
   </div>
   <div class='ocr_carea' id='block_1_70' title="bbox 2314 1011 3860 1092">
    <p class='ocr_par' dir='ltr' id='par_1_70' title="bbox 2314 1011 3860 1092">
     <span class='ocr_line' id='line_1_70' title="bbox 2314 1011 3860 1092; baseline 0.01 -31"><span class='ocrx_word' id='word_1_599' title='bbox 2314 1011 2535 1079; x_wconf 83' lang='lat' dir='ltr'><strong>principe</strong></span> <span class='ocrx_word' id='word_1_600' title='bbox 2556 1013 2842 1070; x_wconf 82' lang='lat' dir='ltr'><strong>Persarum.</strong></span> <span class='ocrx_word' id='word_1_601' title='bbox 2871 1021 3028 1089; x_wconf 80' lang='lat' dir='ltr'><strong>Atque</strong></span> <span class='ocrx_word' id='word_1_602' title='bbox 3054 1039 3142 1090; x_wconf 72' lang='lat' dir='ltr'><strong>ego</strong></span> <span class='ocrx_word' id='word_1_603' title='bbox 3170 1024 3465 1092; x_wconf 84' lang='lat' dir='ltr'><strong>egrediebar,</strong></span> <span class='ocrx_word' id='word_1_604' title='bbox 3494 1027 3720 1092; x_wconf 79' lang='lat' dir='ltr'><strong>princeps</strong></span> <span class='ocrx_word' id='word_1_605' title='bbox 3741 1041 3860 1077; x_wconf 81' lang='lat' dir='ltr'><strong>vero</strong></span> 
     </span>
    </p>
   </div>
   <div class='ocr_carea' id='block_1_71' title="bbox 2315 1099 3864 1182">
    <p class='ocr_par' dir='ltr' id='par_1_71' title="bbox 2315 1099 3864 1182">
     <span class='ocr_line' id='line_1_71' title="bbox 2315 1099 3864 1182; baseline 0.012 -31"><span class='ocrx_word' id='word_1_606' title='bbox 2315 1099 2596 1155; x_wconf 64' lang='lat' dir='ltr'><strong>Grecorum</strong></span> <span class='ocrx_word' id='word_1_607' title='bbox 2624 1107 2860 1161; x_wconf 75' lang='lat' dir='ltr'><strong>veniebat.</strong></span> <span class='ocrx_word' id='word_1_608' title='bbox 2891 1110 3047 1166; x_wconf 88' lang='lat' dir='ltr'><strong>Forte</strong></span> <span class='ocrx_word' id='word_1_609' title='bbox 3072 1128 3190 1166; x_wconf 93' lang='lat' dir='ltr'><strong>cum</strong></span> <span class='ocrx_word' id='word_1_610' title='bbox 3219 1130 3318 1166; x_wconf 87' lang='lat' dir='ltr'><strong>uno</strong></span> <span class='ocrx_word' id='word_1_611' title='bbox 3342 1114 3725 1168; x_wconf 90' lang='lat' dir='ltr'><strong>adversantium</strong></span> <span class='ocrx_word' id='word_1_612' title='bbox 3756 1117 3864 1182; x_wconf 80' lang='lat' dir='ltr'><strong>ipsi</strong></span> 
     </span>
    </p>
   </div>
   <div class='ocr_carea' id='block_1_72' title="bbox 2313 1185 3859 1270">
    <p class='ocr_par' dir='ltr' id='par_1_72' title="bbox 2313 1185 3859 1270">
     <span class='ocr_line' id='line_1_72' title="bbox 2313 1185 3859 1270; baseline 0.011 -31"><span class='ocrx_word' id='word_1_613' title='bbox 2313 1185 2379 1240; x_wconf 93' lang='lat' dir='ltr'><strong>de</strong></span> <span class='ocrx_word' id='word_1_614' title='bbox 2402 1189 2558 1243; x_wconf 88' lang='lat' dir='ltr'><strong>rebus</strong></span> <span class='ocrx_word' id='word_1_615' title='bbox 2585 1192 2791 1259; x_wconf 90' lang='lat' dir='ltr'><strong>futuris,</strong></span> <span class='ocrx_word' id='word_1_616' title='bbox 2817 1198 3008 1265; x_wconf 90' lang='lat' dir='ltr'><strong>quique</strong></span> <span class='ocrx_word' id='word_1_617' title='bbox 3037 1211 3218 1253; x_wconf 88' lang='lat' dir='ltr'><strong>contra</strong></span> <span class='ocrx_word' id='word_1_618' title='bbox 3246 1202 3550 1255; x_wconf 82' lang='lat' dir='ltr'><strong>Macedonas</strong></span> <span class='ocrx_word' id='word_1_619' title='bbox 3576 1212 3859 1270; x_wconf 85' lang='lat' dir='ltr'><strong>pugnaret.</strong></span> 
     </span>
    </p>
   </div>
   <div class='ocr_carea' id='block_1_73' title="bbox 2312 1276 3856 1359">
    <p class='ocr_par' dir='ltr' id='par_1_73' title="bbox 2312 1276 3856 1359">
     <span class='ocr_line' id='line_1_73' title="bbox 2312 1276 3856 1359; baseline 0.012 -33"><span class='ocrx_word' id='word_1_620' title='bbox 2312 1276 2389 1327; x_wconf 82' lang='lat' dir='ltr'><strong>Ac</strong></span> <span class='ocrx_word' id='word_1_621' title='bbox 2415 1277 2644 1332; x_wconf 90' lang='lat' dir='ltr'><strong>nondum</strong></span> <span class='ocrx_word' id='word_1_622' title='bbox 2671 1283 3028 1348; x_wconf 89' lang='lat' dir='ltr'><strong>persuadetur.</strong></span> <span class='ocrx_word' id='word_1_623' title='bbox 3048 1287 3317 1342; x_wconf 88' lang='lat' dir='ltr'><strong>Bellumne</strong></span> <span class='ocrx_word' id='word_1_624' title='bbox 3337 1300 3417 1343; x_wconf 89' lang='lat' dir='ltr'><strong>est</strong></span> <span class='ocrx_word' id='word_1_625' title='bbox 3443 1291 3576 1343; x_wconf 91' lang='lat' dir='ltr'><strong>inter</strong></span> <span class='ocrx_word' id='word_1_626' title='bbox 3605 1292 3824 1359; x_wconf 89' lang='lat' dir='ltr'><strong>angelos</strong></span> <span class='ocrx_word' id='word_1_627' title='bbox 3841 1331 3856 1354; x_wconf 96' lang='lat'><strong>,</strong></span> 
     </span>
    </p>
   </div>
   <div class='ocr_carea' id='block_1_74' title="bbox 2312 1369 3866 1448">
    <p class='ocr_par' dir='ltr' id='par_1_74' title="bbox 2312 1369 3866 1448">
     <span class='ocr_line' id='line_1_74' title="bbox 2312 1369 3866 1448; baseline 0.012 -32"><span class='ocrx_word' id='word_1_628' title='bbox 2312 1373 2364 1417; x_wconf 89' lang='lat' dir='ltr'><strong>et</strong></span> <span class='ocrx_word' id='word_1_629' title='bbox 2393 1380 2561 1434; x_wconf 89' lang='lat' dir='ltr'><strong>pugna</strong></span> <span class='ocrx_word' id='word_1_630' title='bbox 2589 1369 2654 1422; x_wconf 91' lang='lat' dir='ltr'><strong>de</strong></span> <span class='ocrx_word' id='word_1_631' title='bbox 2681 1369 2976 1428; x_wconf 87' lang='lat' dir='ltr'><strong>hominibus</strong></span> <span class='ocrx_word' id='word_1_632' title='bbox 3007 1376 3030 1427; x_wconf 72' lang='grc' dir='ltr'><em>ἲ</em></span> <span class='ocrx_word' id='word_1_633' title='bbox 3062 1378 3220 1431; x_wconf 91' lang='lat' dir='ltr'><strong>Sane.</strong></span> <span class='ocrx_word' id='word_1_634' title='bbox 3249 1379 3523 1432; x_wconf 81' lang='lat' dir='ltr'><strong>Maximam</strong></span> <span class='ocrx_word' id='word_1_635' title='bbox 3552 1381 3745 1448; x_wconf 88' lang='lat' dir='ltr'><strong>quippe</strong></span> <span class='ocrx_word' id='word_1_636' title='bbox 3767 1395 3866 1433; x_wconf 82' lang='lat' dir='ltr'><strong>eo-</strong></span> 
     </span>
    </p>
   </div>
   <div class='ocr_carea' id='block_1_75' title="bbox 2312 1465 3863 1535">
    <p class='ocr_par' dir='ltr' id='par_1_75' title="bbox 2312 1465 3863 1535">
     <span class='ocr_line' id='line_1_75' title="bbox 2312 1465 3863 1535; baseline 0.01 -29"><span class='ocrx_word' id='word_1_637' title='bbox 2312 1469 2426 1507; x_wconf 90' lang='lat' dir='ltr'><strong>rum</strong></span> <span class='ocrx_word' id='word_1_638' title='bbox 2474 1473 2652 1511; x_wconf 90' lang='lat' dir='ltr'><strong>curam</strong></span> <span class='ocrx_word' id='word_1_639' title='bbox 2683 1471 2889 1528; x_wconf 82' lang='lat' dir='ltr'><strong>gerunt.</strong></span> <span class='ocrx_word' id='word_1_640' title='bbox 2921 1465 3156 1519; x_wconf 87' lang='lat' dir='ltr'><strong>Nondum</strong></span> <span class='ocrx_word' id='word_1_641' title='bbox 3186 1483 3465 1535; x_wconf 89' lang='lat' dir='ltr'><strong>persuasus</strong></span> <span class='ocrx_word' id='word_1_642' title='bbox 3493 1480 3591 1523; x_wconf 62' lang='lat' dir='ltr'><strong>esu</strong></span> <span class='ocrx_word' id='word_1_643' title='bbox 3625 1470 3785 1533; x_wconf 87' lang='lat' dir='ltr'><strong>Quasi</strong></span> <span class='ocrx_word' id='word_1_644' title='bbox 3817 1470 3863 1522; x_wconf 91' lang='lat' dir='ltr'><strong>si</strong></span> 
     </span>
    </p>
   </div>
   <div class='ocr_carea' id='block_1_76' title="bbox 2310 1545 3528 1620">
    <p class='ocr_par' dir='ltr' id='par_1_76' title="bbox 2310 1545 3528 1620">
     <span class='ocr_line' id='line_1_76' title="bbox 2310 1545 3528 1620; baseline 0.014 -25"><span class='ocrx_word' id='word_1_645' title='bbox 2310 1549 2425 1612; x_wconf 92' lang='lat' dir='ltr'><strong>quis</strong></span> <span class='ocrx_word' id='word_1_646' title='bbox 2451 1545 2650 1602; x_wconf 87' lang='lat' dir='ltr'><strong>diceret</strong></span> <span class='ocrx_word' id='word_1_647' title='bbox 2677 1567 2693 1603; x_wconf 85' lang='lat'><strong>:</strong></span> <span class='ocrx_word' id='word_1_648' title='bbox 2719 1550 2891 1620; x_wconf 82' lang='lat' dir='ltr'><strong>Cogor</strong></span> <span class='ocrx_word' id='word_1_649' title='bbox 2917 1569 3034 1606; x_wconf 90' lang='lat' dir='ltr'><strong>cum</strong></span> <span class='ocrx_word' id='word_1_650' title='bbox 3065 1556 3163 1610; x_wconf 92' lang='lat' dir='ltr'><strong>hoc</strong></span> <span class='ocrx_word' id='word_1_651' title='bbox 3189 1559 3528 1612; x_wconf 88' lang='lat' dir='ltr'><strong>contendere.</strong></span> 
     </span>
    </p>
   </div>
   <div class='ocr_carea' id='block_1_77' title="bbox 2893 1685 3263 1745">
    <p class='ocr_par' dir='ltr' id='par_1_77' title="bbox 2893 1685 3263 1745">
     <span class='ocr_line' id='line_1_77' title="bbox 2893 1685 3263 1745; baseline 0.011 -5"><span class='ocrx_word' id='word_1_652' title='bbox 2893 1685 3113 1743; x_wconf 84' lang='lat' dir='ltr'><strong>CAPUT</strong></span> <span class='ocrx_word' id='word_1_653' title='bbox 3174 1690 3263 1745; x_wconf 80' lang='lat' dir='ltr'><strong>XI.</strong></span> 
     </span>
    </p>
   </div>
   <div class='ocr_carea' id='block_1_78' title="bbox 2382 1810 3864 1891">
    <p class='ocr_par' dir='ltr' id='par_1_78' title="bbox 2382 1810 3864 1891">
     <span class='ocr_line' id='line_1_78' title="bbox 2382 1810 3864 1891; baseline 0.01 -29"><span class='ocrx_word' id='word_1_654' title='bbox 2382 1810 2429 1863; x_wconf 87' lang='lat' dir='ltr'><strong>I.</strong></span> <span class='ocrx_word' id='word_1_655' title='bbox 2474 1811 2536 1863; x_wconf 81' lang='lat' dir='ltr'><strong>Et</strong></span> <span class='ocrx_word' id='word_1_656' title='bbox 2561 1817 2745 1882; x_wconf 79' lang='lat' dir='ltr'><strong>factum</strong></span> <span class='ocrx_word' id='word_1_657' title='bbox 2775 1825 2844 1869; x_wconf 88' lang='lat' dir='ltr'><strong>est</strong></span> <span class='ocrx_word' id='word_1_658' title='bbox 2869 1817 2920 1869; x_wconf 88' lang='lat' dir='ltr'><strong>in</strong></span> <span class='ocrx_word' id='word_1_659' title='bbox 2945 1834 3073 1870; x_wconf 86' lang='lat' dir='ltr'><strong>anno</strong></span> <span class='ocrx_word' id='word_1_660' title='bbox 3103 1822 3263 1885; x_wconf 88' lang='lat' dir='ltr'><strong>primo</strong></span> <span class='ocrx_word' id='word_1_661' title='bbox 3289 1822 3422 1891; x_wconf 83' lang='lat' dir='ltr'><strong>Cyri,</strong></span> <span class='ocrx_word' id='word_1_662' title='bbox 3456 1838 3545 1890; x_wconf 84' lang='lat' dir='ltr'><strong>ego</strong></span> <span class='ocrx_word' id='word_1_663' title='bbox 3564 1826 3676 1876; x_wconf 87' lang='lat' dir='ltr'><strong>steti</strong></span> <span class='ocrx_word' id='word_1_664' title='bbox 3701 1825 3752 1876; x_wconf 87' lang='lat' dir='ltr'><strong>in</strong></span> <span class='ocrx_word' id='word_1_665' title='bbox 3776 1841 3864 1877; x_wconf 88' lang='lat' dir='ltr'><strong>ro-</strong></span> 
     </span>
    </p>
   </div>
   <div class='ocr_carea' id='block_1_79' title="bbox 2308 1900 3864 1970">
    <p class='ocr_par' dir='ltr' id='par_1_79' title="bbox 2308 1900 3864 1970">
     <span class='ocr_line' id='line_1_79' title="bbox 2308 1900 3864 1970; baseline 0.01 -19"><span class='ocrx_word' id='word_1_666' title='bbox 2308 1900 2398 1952; x_wconf 89' lang='lat' dir='ltr'><strong>bur</strong></span> <span class='ocrx_word' id='word_1_667' title='bbox 2424 1912 2466 1953; x_wconf 89' lang='lat' dir='ltr'><strong>et</strong></span> <span class='ocrx_word' id='word_1_668' title='bbox 2492 1906 2846 1970; x_wconf 81' lang='lat' dir='ltr'><strong>fortitudinem.</strong></span> <span class='ocrx_word' id='word_1_669' title='bbox 2879 1908 2930 1960; x_wconf 75' lang='lat'><strong>2.</strong></span> <span class='ocrx_word' id='word_1_670' title='bbox 2961 1909 3025 1960; x_wconf 88' lang='lat' dir='ltr'><strong>Et</strong></span> <span class='ocrx_word' id='word_1_671' title='bbox 3054 1927 3184 1962; x_wconf 87' lang='lat' dir='ltr'><strong>nunc</strong></span> <span class='ocrx_word' id='word_1_672' title='bbox 3220 1915 3526 1965; x_wconf 88' lang='lat' dir='ltr'><strong>annuntiabo</strong></span> <span class='ocrx_word' id='word_1_673' title='bbox 3557 1915 3645 1967; x_wconf 87' lang='lat' dir='ltr'><strong>tibi</strong></span> <span class='ocrx_word' id='word_1_674' title='bbox 3677 1917 3864 1966; x_wconf 80' lang='lat' dir='ltr'><strong>verito-</strong></span> 
     </span>
    </p>
   </div>
   <div class='ocr_carea' id='block_1_80' title="bbox 2309 1993 3861 2073">
    <p class='ocr_par' dir='ltr' id='par_1_80' title="bbox 2309 1993 3861 2073">
     <span class='ocr_line' id='line_1_80' title="bbox 2309 1993 3861 2073; baseline 0.01 -31"><span class='ocrx_word' id='word_1_675' title='bbox 2309 2000 2422 2044; x_wconf 87' lang='lat' dir='ltr'><strong>tem.</strong></span> <span class='ocrx_word' id='word_1_676' title='bbox 2456 1993 2520 2046; x_wconf 76' lang='lat' dir='ltr'><strong>Et</strong></span> <span class='ocrx_word' id='word_1_677' title='bbox 2551 2005 2702 2060; x_wconf 86' lang='lat' dir='ltr'><strong>tunc,</strong></span> <span class='ocrx_word' id='word_1_678' title='bbox 2736 2013 2832 2065; x_wconf 88' lang='lat' dir='ltr'><strong>ego</strong></span> <span class='ocrx_word' id='word_1_679' title='bbox 2877 2015 2988 2052; x_wconf 90' lang='lat' dir='ltr'><strong>sum</strong></span> <span class='ocrx_word' id='word_1_680' title='bbox 3015 2003 3100 2068; x_wconf 90' lang='lat' dir='ltr'><strong>qui</strong></span> <span class='ocrx_word' id='word_1_681' title='bbox 3135 2005 3357 2055; x_wconf 86' lang='lat' dir='ltr'><strong>servavi.</strong></span> <span class='ocrx_word' id='word_1_682' title='bbox 3387 2005 3516 2056; x_wconf 85' lang='lat' dir='ltr'><strong>Nam</strong></span> <span class='ocrx_word' id='word_1_683' title='bbox 3559 2021 3624 2058; x_wconf 91' lang='lat' dir='ltr'><strong>ne</strong></span> <span class='ocrx_word' id='word_1_684' title='bbox 3667 2006 3861 2073; x_wconf 88' lang='lat' dir='ltr'><strong>aliquis</strong></span> 
     </span>
    </p>
   </div>
   <div class='ocr_carea' id='block_1_81' title="bbox 2307 2079 3863 2160">
    <p class='ocr_par' dir='ltr' id='par_1_81' title="bbox 2307 2079 3863 2160">
     <span class='ocr_line' id='line_1_81' title="bbox 2307 2079 3863 2160; baseline 0.008 -26"><span class='ocrx_word' id='word_1_685' title='bbox 2307 2079 2444 2135; x_wconf 88' lang='lat' dir='ltr'><strong>dicat</strong></span> <span class='ocrx_word' id='word_1_686' title='bbox 2472 2101 2482 2133; x_wconf 95' lang='lat'><strong>:</strong></span> <span class='ocrx_word' id='word_1_687' title='bbox 2510 2085 2615 2138; x_wconf 90' lang='lat' dir='ltr'><strong>Cur</strong></span> <span class='ocrx_word' id='word_1_688' title='bbox 2645 2087 2799 2153; x_wconf 83' lang='lat' dir='ltr'><strong>igitur</strong></span> <span class='ocrx_word' id='word_1_689' title='bbox 2819 2091 3067 2154; x_wconf 61' lang='lat' dir='ltr'><strong>prailiaris</strong></span> <span class='ocrx_word' id='word_1_690' title='bbox 3090 2093 3110 2142; x_wconf 68' lang='lat'><strong>.9</strong></span> <span class='ocrx_word' id='word_1_691' title='bbox 3134 2093 3254 2159; x_wconf 90' lang='lat' dir='ltr'><strong>quid</strong></span> <span class='ocrx_word' id='word_1_692' title='bbox 3281 2095 3476 2160; x_wconf 85' lang='lat' dir='ltr'><strong>ergo,si</strong></span> <span class='ocrx_word' id='word_1_693' title='bbox 3500 2109 3602 2147; x_wconf 93' lang='lat' dir='ltr'><strong>non</strong></span> <span class='ocrx_word' id='word_1_694' title='bbox 3629 2096 3816 2148; x_wconf 86' lang='lat' dir='ltr'><strong>viceris</strong></span> <span class='ocrx_word' id='word_1_695' title='bbox 3837 2095 3863 2146; x_wconf 66' lang='grc' dir='ltr'><strong><em>τ</em></strong></span> 
     </span>
    </p>
   </div>
   <div class='ocr_carea' id='block_1_82' title="bbox 2308 2176 3857 2249">
    <p class='ocr_par' dir='ltr' id='par_1_82' title="bbox 2308 2176 3857 2249">
     <span class='ocr_line' id='line_1_82' title="bbox 2308 2176 3857 2249; baseline 0.008 -27"><span class='ocrx_word' id='word_1_696' title='bbox 2308 2187 2650 2241; x_wconf 76' lang='lat' dir='ltr'><strong>nequaquam,</strong></span> <span class='ocrx_word' id='word_1_697' title='bbox 2676 2176 2862 2244; x_wconf 91' lang='lat' dir='ltr'><strong>inquit.</strong></span> <span class='ocrx_word' id='word_1_698' title='bbox 2884 2179 2947 2230; x_wconf 88' lang='lat' dir='ltr'><strong>Et</strong></span> <span class='ocrx_word' id='word_1_699' title='bbox 2965 2189 3087 2232; x_wconf 89' lang='lat' dir='ltr'><strong>tunc</strong></span> <span class='ocrx_word' id='word_1_700' title='bbox 3106 2196 3202 2248; x_wconf 91' lang='lat' dir='ltr'><strong>ego</strong></span> <span class='ocrx_word' id='word_1_701' title='bbox 3226 2183 3324 2233; x_wconf 89' lang='lat' dir='ltr'><strong>illis</strong></span> <span class='ocrx_word' id='word_1_702' title='bbox 3346 2184 3700 2249; x_wconf 82' lang='lat' dir='ltr'><strong>patrocinatns</strong></span> <span class='ocrx_word' id='word_1_703' title='bbox 3717 2197 3857 2235; x_wconf 90' lang='lat' dir='ltr'><strong>sum.</strong></span> 
     </span>
    </p>
   </div>
   <div class='ocr_carea' id='block_1_83' title="bbox 2307 2260 3862 2336">
    <p class='ocr_par' dir='ltr' id='par_1_83' title="bbox 2307 2260 3862 2336">
     <span class='ocr_line' id='line_1_83' title="bbox 2307 2260 3862 2336; baseline 0.008 -26"><span class='ocrx_word' id='word_1_704' title='bbox 2307 2260 2503 2313; x_wconf 83' lang='lat' dir='ltr'><strong>Etenim</strong></span> <span class='ocrx_word' id='word_1_705' title='bbox 2533 2281 2628 2316; x_wconf 87' lang='lat' dir='ltr'><strong>non</strong></span> <span class='ocrx_word' id='word_1_706' title='bbox 2651 2275 2740 2329; x_wconf 86' lang='lat' dir='ltr'><strong>est,</strong></span> <span class='ocrx_word' id='word_1_707' title='bbox 2769 2268 2966 2334; x_wconf 90' lang='lat' dir='ltr'><strong>inquit,</strong></span> <span class='ocrx_word' id='word_1_708' title='bbox 2995 2286 3122 2322; x_wconf 90' lang='lat' dir='ltr'><strong>unus</strong></span> <span class='ocrx_word' id='word_1_709' title='bbox 3148 2272 3231 2336; x_wconf 82' lang='lat' dir='ltr'><strong>qui</strong></span> <span class='ocrx_word' id='word_1_710' title='bbox 3256 2287 3284 2320; x_wconf 90' lang='lat' dir='ltr'><strong>a</strong></span> <span class='ocrx_word' id='word_1_711' title='bbox 3321 2288 3394 2322; x_wconf 88' lang='lat' dir='ltr'><strong>me</strong></span> <span class='ocrx_word' id='word_1_712' title='bbox 3421 2281 3512 2322; x_wconf 86' lang='lat' dir='ltr'><strong>stet</strong></span> <span class='ocrx_word' id='word_1_713' title='bbox 3536 2272 3597 2323; x_wconf 88' lang='lat' dir='ltr'><strong>de</strong></span> <span class='ocrx_word' id='word_1_714' title='bbox 3627 2272 3705 2322; x_wconf 84' lang='lat' dir='ltr'><strong>his</strong></span> <span class='ocrx_word' id='word_1_715' title='bbox 3724 2313 3738 2334; x_wconf 93' lang='lat'><strong>,</strong></span> <span class='ocrx_word' id='word_1_716' title='bbox 3763 2272 3862 2323; x_wconf 82' lang='lat' dir='ltr'><strong>nisi</strong></span> 
     </span>
    </p>
   </div>
   <div class='ocr_carea' id='block_1_84' title="bbox 2311 2351 3865 2428">
    <p class='ocr_par' dir='ltr' id='par_1_84' title="bbox 2311 2351 3865 2428">
     <span class='ocr_line' id='line_1_84' title="bbox 2311 2351 3865 2428; baseline 0.006 -25"><span class='ocrx_word' id='word_1_717' title='bbox 2311 2351 2529 2404; x_wconf 68' lang='lat' dir='ltr'><strong>illic/mel</strong></span> <span class='ocrx_word' id='word_1_718' title='bbox 2555 2357 2781 2424; x_wconf 89' lang='lat' dir='ltr'><strong>princeps</strong></span> <span class='ocrx_word' id='word_1_719' title='bbox 2803 2358 3022 2425; x_wconf 86' lang='lat' dir='ltr'><strong>ipsorum</strong></span> <span class='ocrx_word' id='word_1_720' title='bbox 3059 2359 3211 2424; x_wconf 88' lang='lat' dir='ltr'><strong>(Dan.</strong></span> <span class='ocrx_word' id='word_1_721' title='bbox 3238 2361 3320 2413; x_wconf 86' lang='grc'><strong>10.</strong></span> <span class='ocrx_word' id='word_1_722' title='bbox 3351 2361 3461 2428; x_wconf 81' lang='grc'><strong>91).</strong></span> <span class='ocrx_word' id='word_1_723' title='bbox 3496 2361 3617 2413; x_wconf 63' lang='grc' dir='ltr'>Ηςιθε</span> <span class='ocrx_word' id='word_1_724' title='bbox 3644 2362 3770 2413; x_wconf 91' lang='lat' dir='ltr'><strong>dicit</strong></span> <span class='ocrx_word' id='word_1_725' title='bbox 3804 2369 3865 2412; x_wconf 88' lang='lat' dir='ltr'><strong>ut</strong></span> 
     </span>
    </p>
   </div>
   <div class='ocr_carea' id='block_1_85' title="bbox 2309 2441 3864 2514">
    <p class='ocr_par' dir='ltr' id='par_1_85' title="bbox 2309 2441 3864 2514">
     <span class='ocr_line' id='line_1_85' title="bbox 2309 2441 3864 2514; baseline 0.006 -23"><span class='ocrx_word' id='word_1_726' title='bbox 2309 2441 2504 2494; x_wconf 88' lang='lat' dir='ltr'><strong>Danieli</strong></span> <span class='ocrx_word' id='word_1_727' title='bbox 2538 2445 2874 2509; x_wconf 84' lang='lat' dir='ltr'><strong>persuadeat,</strong></span> <span class='ocrx_word' id='word_1_728' title='bbox 2904 2460 2960 2497; x_wconf 90' lang='lat' dir='ltr'><strong>se</strong></span> <span class='ocrx_word' id='word_1_729' title='bbox 3002 2462 3100 2498; x_wconf 92' lang='lat' dir='ltr'><strong>non</strong></span> <span class='ocrx_word' id='word_1_730' title='bbox 3143 2463 3260 2501; x_wconf 77' lang='lat' dir='ltr'><strong>e~se</strong></span> <span class='ocrx_word' id='word_1_731' title='bbox 3307 2449 3400 2514; x_wconf 91' lang='lat' dir='ltr'><strong>ipsi</strong></span> <span class='ocrx_word' id='word_1_732' title='bbox 3444 2451 3648 2500; x_wconf 71' lang='lat' dir='ltr'><strong>bo~tem</strong></span> <span class='ocrx_word' id='word_1_733' title='bbox 3678 2449 3864 2501; x_wconf 90' lang='lat' dir='ltr'><strong>acini-</strong></span> 
     </span>
    </p>
   </div>
   <div class='ocr_carea' id='block_1_86' title="bbox 2311 2533 3860 2603">
    <p class='ocr_par' dir='ltr' id='par_1_86' title="bbox 2311 2533 3860 2603">
     <span class='ocr_line' id='line_1_86' title="bbox 2311 2533 3860 2603; baseline 0.003 -21"><span class='ocrx_word' id='word_1_734' title='bbox 2311 2533 2535 2593; x_wconf 91' lang='lat' dir='ltr'><strong>micnm,</strong></span> <span class='ocrx_word' id='word_1_735' title='bbox 2579 2543 2769 2586; x_wconf 84' lang='lat' dir='ltr'><strong>etcum</strong></span> <span class='ocrx_word' id='word_1_736' title='bbox 2813 2550 2896 2587; x_wconf 84' lang='lat' dir='ltr'><strong>res</strong></span> <span class='ocrx_word' id='word_1_737' title='bbox 2925 2536 3109 2589; x_wconf 80' lang='lat' dir='ltr'><strong>vetitas</strong></span> <span class='ocrx_word' id='word_1_738' title='bbox 3160 2548 3355 2603; x_wconf 86' lang='lat' dir='ltr'><strong>petere.</strong></span> <span class='ocrx_word' id='word_1_739' title='bbox 3401 2537 3505 2589; x_wconf 68' lang='lat' dir='ltr'><strong>Nec</strong></span> <span class='ocrx_word' id='word_1_740' title='bbox 3535 2538 3654 2590; x_wconf 85' lang='lat' dir='ltr'><strong>ideo</strong></span> <span class='ocrx_word' id='word_1_741' title='bbox 3695 2538 3860 2601; x_wconf 87' lang='lat' dir='ltr'><strong>dicit,</strong></span> 
     </span>
    </p>
   </div>
   <div class='ocr_carea' id='block_1_87' title="bbox 2306 2622 3862 2692">
    <p class='ocr_par' dir='ltr' id='par_1_87' title="bbox 2306 2622 3862 2692">
     <span class='ocr_line' id='line_1_87' title="bbox 2306 2622 3862 2692; baseline 0.002 -21"><span class='ocrx_word' id='word_1_742' title='bbox 2306 2622 2441 2687; x_wconf 88' lang='lat' dir='ltr'><strong>quod</strong></span> <span class='ocrx_word' id='word_1_743' title='bbox 2473 2623 2796 2689; x_wconf 88' lang='lat' dir='ltr'><strong>adjutoribus</strong></span> <span class='ocrx_word' id='word_1_744' title='bbox 2823 2626 3067 2692; x_wconf 87' lang='lat' dir='ltr'><strong>indigeat.</strong></span> <span class='ocrx_word' id='word_1_745' title='bbox 3100 2627 3368 2691; x_wconf 84' lang='lat' dir='ltr'><strong>Quomodo</strong></span> <span class='ocrx_word' id='word_1_746' title='bbox 3398 2628 3537 2679; x_wconf 90' lang='lat' dir='ltr'><strong>enim</strong></span> <span class='ocrx_word' id='word_1_747' title='bbox 3561 2627 3583 2677; x_wconf 88' lang='lat'><strong>?</strong></span> <span class='ocrx_word' id='word_1_748' title='bbox 3609 2627 3862 2678; x_wconf 81' lang='lat' dir='ltr'><strong>Ostendi-</strong></span> 
     </span>
    </p>
   </div>
   <div class='ocr_carea' id='block_1_88' title="bbox 2307 2713 3864 2780">
    <p class='ocr_par' dir='ltr' id='par_1_88' title="bbox 2307 2713 3864 2780">
     <span class='ocr_line' id='line_1_88' title="bbox 2307 2713 3864 2780; baseline 0.001 -19"><span class='ocrx_word' id='word_1_749' title='bbox 2307 2719 2388 2761; x_wconf 87' lang='lat' dir='ltr'><strong>tur</strong></span> <span class='ocrx_word' id='word_1_750' title='bbox 2410 2713 2564 2764; x_wconf 90' lang='lat' dir='ltr'><strong>istum</strong></span> <span class='ocrx_word' id='word_1_751' title='bbox 2609 2713 2850 2780; x_wconf 84' lang='lat' dir='ltr'><strong>angelum</strong></span> <span class='ocrx_word' id='word_1_752' title='bbox 2894 2728 2996 2766; x_wconf 94' lang='lat' dir='ltr'><strong>non</strong></span> <span class='ocrx_word' id='word_1_753' title='bbox 3024 2728 3139 2767; x_wconf 89' lang='lat' dir='ltr'><strong>esse</strong></span> <span class='ocrx_word' id='word_1_754' title='bbox 3185 2714 3249 2767; x_wconf 90' lang='lat' dir='ltr'><strong>de</strong></span> <span class='ocrx_word' id='word_1_755' title='bbox 3280 2714 3624 2780; x_wconf 87' lang='lat' dir='ltr'><strong>principibus.</strong></span> <span class='ocrx_word' id='word_1_756' title='bbox 3672 2713 3864 2765; x_wconf 80' lang='lat' dir='ltr'><strong>Postea</strong></span> 
     </span>
    </p>
   </div>
   <div class='ocr_carea' id='block_1_89' title="bbox 2304 2801 3860 2870">
    <p class='ocr_par' dir='ltr' id='par_1_89' title="bbox 2304 2801 3860 2870">
     <span class='ocr_line' id='line_1_89' title="bbox 2304 2801 3860 2870; baseline 0.001 -18"><span class='ocrx_word' id='word_1_757' title='bbox 2304 2803 2476 2854; x_wconf 89' lang='lat' dir='ltr'><strong>omnia</strong></span> <span class='ocrx_word' id='word_1_758' title='bbox 2505 2803 2662 2855; x_wconf 90' lang='lat' dir='ltr'><strong>refert</strong></span> <span class='ocrx_word' id='word_1_759' title='bbox 2689 2812 2952 2870; x_wconf 88' lang='lat' dir='ltr'><strong>accurate,</strong></span> <span class='ocrx_word' id='word_1_760' title='bbox 2985 2812 3036 2858; x_wconf 91' lang='lat' dir='ltr'><strong>et</strong></span> <span class='ocrx_word' id='word_1_761' title='bbox 3056 2805 3127 2857; x_wconf 91' lang='lat' dir='ltr'><strong>ait</strong></span> <span class='ocrx_word' id='word_1_762' title='bbox 3154 2804 3287 2857; x_wconf 88' lang='lat' dir='ltr'><strong>unde</strong></span> <span class='ocrx_word' id='word_1_763' title='bbox 3310 2803 3507 2857; x_wconf 87' lang='lat' dir='ltr'><strong>clades.</strong></span> <span class='ocrx_word' id='word_1_764' title='bbox 3542 2801 3744 2854; x_wconf 84' lang='lat' dir='ltr'><strong>Deinde</strong></span> <span class='ocrx_word' id='word_1_765' title='bbox 3772 2815 3860 2854; x_wconf 86' lang='lat' dir='ltr'><strong>sa-</strong></span> 
     </span>
    </p>
   </div>
   <div class='ocr_carea' id='block_1_90' title="bbox 2304 2889 3870 2961">
    <p class='ocr_par' dir='ltr' id='par_1_90' title="bbox 2304 2889 3870 2961">
     <span class='ocr_line' id='line_1_90' title="bbox 2304 2889 3870 2961; baseline 0.001 -19"><span class='ocrx_word' id='word_1_766' title='bbox 2304 2890 2461 2943; x_wconf 88' lang='lat' dir='ltr'><strong>lutem</strong></span> <span class='ocrx_word' id='word_1_767' title='bbox 2501 2891 2676 2958; x_wconf 93' lang='lat' dir='ltr'><strong>populi</strong></span> <span class='ocrx_word' id='word_1_768' title='bbox 2708 2891 2905 2960; x_wconf 89' lang='lat' dir='ltr'><strong>ipsius,</strong></span> <span class='ocrx_word' id='word_1_769' title='bbox 2954 2901 3005 2947; x_wconf 93' lang='lat' dir='ltr'><strong>ct</strong></span> <span class='ocrx_word' id='word_1_770' title='bbox 3043 2895 3399 2961; x_wconf 86' lang='lat' dir='ltr'><strong>acceptionem</strong></span> <span class='ocrx_word' id='word_1_771' title='bbox 3433 2894 3483 2944; x_wconf 91' lang='lat' dir='ltr'><strong>in</strong></span> <span class='ocrx_word' id='word_1_772' title='bbox 3516 2889 3870 2960; x_wconf 83' lang='lat' dir='ltr'><strong>sequentibus</strong></span> 
     </span>
    </p>
   </div>
   <div class='ocr_carea' id='block_1_91' title="bbox 2303 2991 2496 3034">
    <p class='ocr_par' dir='ltr' id='par_1_91' title="bbox 2303 2991 2496 3034">
     <span class='ocr_line' id='line_1_91' title="bbox 2303 2991 2496 3034; baseline 0.005 -1"><span class='ocrx_word' id='word_1_773' title='bbox 2303 2991 2496 3034; x_wconf 88' lang='lat' dir='ltr'><strong>narrat.</strong></span> 
     </span>
    </p>
   </div>
   <div class='ocr_carea' id='block_1_92' title="bbox 2883 3115 3270 3172">
    <p class='ocr_par' dir='ltr' id='par_1_92' title="bbox 2883 3115 3270 3172">
     <span class='ocr_line' id='line_1_92' title="bbox 2883 3115 3270 3172; baseline -0.013 0"><span class='ocrx_word' id='word_1_774' title='bbox 2883 3116 3105 3172; x_wconf 82' lang='lat' dir='ltr'><strong>CAPUT</strong></span> <span class='ocrx_word' id='word_1_775' title='bbox 3159 3115 3270 3170; x_wconf 81' lang='lat' dir='ltr'><strong>XII.</strong></span> 
     </span>
    </p>
   </div>
   <div class='ocr_carea' id='block_1_93' title="bbox 2374 3244 3872 3318">
    <p class='ocr_par' dir='ltr' id='par_1_93' title="bbox 2374 3244 3872 3318">
     <span class='ocr_line' id='line_1_93' title="bbox 2374 3244 3872 3318; baseline -0.004 -16"><span class='ocrx_word' id='word_1_776' title='bbox 2374 3251 2428 3303; x_wconf 87' lang='lat'><strong>7.</strong></span> <span class='ocrx_word' id='word_1_777' title='bbox 2474 3268 2492 3300; x_wconf 82' lang='grc' dir='ltr'><strong>ι</strong></span> <span class='ocrx_word' id='word_1_778' title='bbox 2528 3249 2657 3303; x_wconf 90' lang='lat' dir='ltr'><strong>Cum</strong></span> <span class='ocrx_word' id='word_1_779' title='bbox 2683 3250 2939 3318; x_wconf 91' lang='lat' dir='ltr'><strong>completa</strong></span> <span class='ocrx_word' id='word_1_780' title='bbox 2973 3249 3127 3302; x_wconf 91' lang='lat' dir='ltr'><strong>fuerit</strong></span> <span class='ocrx_word' id='word_1_781' title='bbox 3155 3247 3412 3314; x_wconf 79' lang='lat' dir='ltr'><strong>uiSpersio</strong></span> <span class='ocrx_word' id='word_1_782' title='bbox 3455 3260 3646 3298; x_wconf 90' lang='lat' dir='ltr'><strong>manus</strong></span> <span class='ocrx_word' id='word_1_783' title='bbox 3689 3244 3872 3312; x_wconf 87' lang='lat' dir='ltr'><strong>populi</strong></span> 
     </span>
    </p>
   </div>
   <div class='ocr_carea' id='block_1_94' title="bbox 2305 3335 3876 3410">
    <p class='ocr_par' dir='ltr' id='par_1_94' title="bbox 2305 3335 3876 3410">
     <span class='ocr_line' id='line_1_94' title="bbox 2305 3335 3876 3410; baseline -0.007 -17"><span class='ocrx_word' id='word_1_784' title='bbox 2305 3342 2641 3406; x_wconf 86' lang='lat' dir='ltr'><strong>sanetilicati,</strong></span> <span class='ocrx_word' id='word_1_785' title='bbox 2670 3349 2984 3410; x_wconf 82' lang='lat' dir='ltr'><strong>cognoscent</strong></span> <span class='ocrx_word' id='word_1_786' title='bbox 3025 3348 3258 3392; x_wconf 85' lang='lat' dir='ltr'><strong>sanctum</strong></span> <span class='ocrx_word' id='word_1_787' title='bbox 3295 3378 3310 3401; x_wconf 89' lang='lat'><strong>,</strong></span> <span class='ocrx_word' id='word_1_788' title='bbox 3338 3345 3392 3390; x_wconf 91' lang='lat' dir='ltr'><strong>et</strong></span> <span class='ocrx_word' id='word_1_789' title='bbox 3415 3335 3876 3389; x_wconf 75' lang='lat' dir='ltr'><strong>consummaban-</strong></span> 
     </span>
    </p>
   </div>
   <div class='ocr_carea' id='block_1_95' title="bbox 2307 3421 3874 3496">
    <p class='ocr_par' dir='ltr' id='par_1_95' title="bbox 2307 3421 3874 3496">
     <span class='ocr_line' id='line_1_95' title="bbox 2307 3421 3874 3496; baseline -0.007 -15"><span class='ocrx_word' id='word_1_790' title='bbox 2307 3441 2389 3482; x_wconf 88' lang='lat' dir='ltr'><strong>tur</strong></span> <span class='ocrx_word' id='word_1_791' title='bbox 2417 3431 2529 3484; x_wconf 71' lang='lat' dir='ltr'><strong>hme</strong></span> <span class='ocrx_word' id='word_1_792' title='bbox 2558 3432 2748 3484; x_wconf 92' lang='lat' dir='ltr'><strong>omnia.</strong></span> <span class='ocrx_word' id='word_1_793' title='bbox 2784 3431 2835 3484; x_wconf 90' lang='lat'><strong>8.</strong></span> <span class='ocrx_word' id='word_1_794' title='bbox 2870 3432 2930 3481; x_wconf 80' lang='lat' dir='ltr'><strong>Et</strong></span> <span class='ocrx_word' id='word_1_795' title='bbox 2957 3444 3052 3496; x_wconf 89' lang='lat' dir='ltr'><strong>ego</strong></span> <span class='ocrx_word' id='word_1_796' title='bbox 3077 3427 3283 3489; x_wconf 85' lang='lat' dir='ltr'><strong>audivi,</strong></span> <span class='ocrx_word' id='word_1_797' title='bbox 3305 3435 3488 3478; x_wconf 91' lang='lat' dir='ltr'><strong>etnon</strong></span> <span class='ocrx_word' id='word_1_798' title='bbox 3518 3421 3790 3479; x_wconf 61' lang='lat' dir='ltr'><strong>intellexi,</strong></span> <span class='ocrx_word' id='word_1_799' title='bbox 3818 3431 3874 3473; x_wconf 86' lang='lat' dir='ltr'><strong>et</strong></span> 
     </span>
    </p>
   </div>
   <div class='ocr_carea' id='block_1_96' title="bbox 2305 3508 3872 3584">
    <p class='ocr_par' dir='ltr' id='par_1_96' title="bbox 2305 3508 3872 3584">
     <span class='ocr_line' id='line_1_96' title="bbox 2305 3508 3872 3584; baseline -0.008 -14"><span class='ocrx_word' id='word_1_800' title='bbox 2305 3518 2410 3570; x_wconf 83' lang='lat' dir='ltr'><strong>dixi</strong></span> <span class='ocrx_word' id='word_1_801' title='bbox 2445 3535 2456 3569; x_wconf 92' lang='lat'><strong>:</strong></span> <span class='ocrx_word' id='word_1_802' title='bbox 2492 3519 2741 3581; x_wconf 86' lang='lat' dir='ltr'><strong>Domine,</strong></span> <span class='ocrx_word' id='word_1_803' title='bbox 2792 3516 2915 3584; x_wconf 90' lang='lat' dir='ltr'><strong>quid</strong></span> <span class='ocrx_word' id='word_1_804' title='bbox 2960 3526 3197 3568; x_wconf 80' lang='lat' dir='ltr'><strong>extrema</strong></span> <span class='ocrx_word' id='word_1_805' title='bbox 3246 3511 3470 3564; x_wconf 84' lang='lat' dir='ltr'><strong>horum?</strong></span> <span class='ocrx_word' id='word_1_806' title='bbox 3500 3510 3557 3562; x_wconf 91' lang='lat'><strong>9.</strong></span> <span class='ocrx_word' id='word_1_807' title='bbox 3605 3508 3872 3560; x_wconf 67' lang='lat' dir='ltr'><strong>Etdixit:</strong></span> 
     </span>
    </p>
   </div>
   <div class='ocr_carea' id='block_1_97' title="bbox 2310 3595 3876 3672">
    <p class='ocr_par' dir='ltr' id='par_1_97' title="bbox 2310 3595 3876 3672">
     <span class='ocr_line' id='line_1_97' title="bbox 2310 3595 3876 3672; baseline -0.01 -13"><span class='ocrx_word' id='word_1_808' title='bbox 2310 3607 2468 3670; x_wconf 88' lang='lat' dir='ltr'><strong>Vade,</strong></span> <span class='ocrx_word' id='word_1_809' title='bbox 2503 3606 2710 3670; x_wconf 89' lang='lat' dir='ltr'><strong>Daniel,</strong></span> <span class='ocrx_word' id='word_1_810' title='bbox 2741 3606 2856 3672; x_wconf 90' lang='lat' dir='ltr'><strong>quia</strong></span> <span class='ocrx_word' id='word_1_811' title='bbox 2886 3613 2936 3656; x_wconf 90' lang='lat' dir='ltr'><strong>et</strong></span> <span class='ocrx_word' id='word_1_812' title='bbox 2957 3603 3118 3655; x_wconf 89' lang='lat' dir='ltr'><strong>clausi</strong></span> <span class='ocrx_word' id='word_1_813' title='bbox 3149 3611 3270 3653; x_wconf 86' lang='lat' dir='ltr'><strong>sunt</strong></span> <span class='ocrx_word' id='word_1_814' title='bbox 3298 3612 3576 3652; x_wconf 88' lang='lat' dir='ltr'><strong>sermones</strong></span> <span class='ocrx_word' id='word_1_815' title='bbox 3608 3611 3780 3663; x_wconf 83' lang='lat' dir='ltr'><strong>usque</strong></span> <span class='ocrx_word' id='word_1_816' title='bbox 3807 3595 3876 3646; x_wconf 83' lang='lat' dir='ltr'><strong>ad</strong></span> 
     </span>
    </p>
   </div>
   <div class='ocr_carea' id='block_1_98' title="bbox 2309 3686 3880 3762">
    <p class='ocr_par' dir='ltr' id='par_1_98' title="bbox 2309 3686 3880 3762">
     <span class='ocr_line' id='line_1_98' title="bbox 2309 3686 3880 3762; baseline -0.01 -14"><span class='ocrx_word' id='word_1_817' title='bbox 2309 3705 2511 3762; x_wconf 86' lang='lat' dir='ltr'><strong>tempus</strong></span> <span class='ocrx_word' id='word_1_818' title='bbox 2561 3695 2694 3746; x_wconf 86' lang='lat' dir='ltr'><strong>linis.</strong></span> <span class='ocrx_word' id='word_1_819' title='bbox 2746 3694 2826 3746; x_wconf 88' lang='lat' dir='ltr'><strong>l0.</strong></span> <span class='ocrx_word' id='word_1_820' title='bbox 2868 3691 3047 3756; x_wconf 90' lang='lat' dir='ltr'><strong>Quoad</strong></span> <span class='ocrx_word' id='word_1_821' title='bbox 3094 3691 3351 3756; x_wconf 90' lang='lat' dir='ltr'><strong>eligantur</strong></span> <span class='ocrx_word' id='word_1_822' title='bbox 3388 3697 3441 3739; x_wconf 89' lang='lat' dir='ltr'><strong>et</strong></span> <span class='ocrx_word' id='word_1_823' title='bbox 3471 3686 3797 3737; x_wconf 86' lang='lat' dir='ltr'><strong>dealbentur</strong></span> <span class='ocrx_word' id='word_1_824' title='bbox 3823 3691 3880 3734; x_wconf 91' lang='lat' dir='ltr'><strong>et</strong></span> 
     </span>
    </p>
   </div>
   <div class='ocr_carea' id='block_1_99' title="bbox 2309 3773 3876 3851">
    <p class='ocr_par' dir='ltr' id='par_1_99' title="bbox 2309 3773 3876 3851">
     <span class='ocr_line' id='line_1_99' title="bbox 2309 3773 3876 3851; baseline -0.009 -15"><span class='ocrx_word' id='word_1_825' title='bbox 2309 3788 2425 3851; x_wconf 85' lang='lat' dir='ltr'><strong>igne</strong></span> <span class='ocrx_word' id='word_1_826' title='bbox 2466 3785 2748 3850; x_wconf 75' lang='lat' dir='ltr'><strong>probentur</strong></span> <span class='ocrx_word' id='word_1_827' title='bbox 2793 3783 2935 3834; x_wconf 81' lang='lat' dir='ltr'><strong>niu‘ti</strong></span> <span class='ocrx_word' id='word_1_828' title='bbox 2983 3800 2994 3831; x_wconf 93' lang='lat'><strong>:</strong></span> <span class='ocrx_word' id='word_1_829' title='bbox 3041 3783 3215 3847; x_wconf 91' lang='lat' dir='ltr'><strong>inique</strong></span> <span class='ocrx_word' id='word_1_830' title='bbox 3259 3786 3431 3829; x_wconf 89' lang='lat' dir='ltr'><strong>autem</strong></span> <span class='ocrx_word' id='word_1_831' title='bbox 3456 3785 3621 3843; x_wconf 81' lang='lat' dir='ltr'><strong>agent</strong></span> <span class='ocrx_word' id='word_1_832' title='bbox 3669 3773 3876 3839; x_wconf 89' lang='lat' dir='ltr'><strong>iniqui,</strong></span> 
     </span>
    </p>
   </div>
   <div class='ocr_carea' id='block_1_100' title="bbox 2308 3863 3880 3941">
    <p class='ocr_par' dir='ltr' id='par_1_100' title="bbox 2308 3863 3880 3941">
     <span class='ocr_line' id='line_1_100' title="bbox 2308 3863 3880 3941; baseline -0.007 -15"><span class='ocrx_word' id='word_1_833' title='bbox 2308 3891 2474 3941; x_wconf 83' lang='lat' dir='ltr'><strong>neque</strong></span> <span class='ocrx_word' id='word_1_834' title='bbox 2498 3875 2783 3939; x_wconf 85' lang='lat' dir='ltr'><strong>intelligent</strong></span> <span class='ocrx_word' id='word_1_835' title='bbox 2809 3886 2990 3924; x_wconf 82' lang='lat' dir='ltr'><strong>ttllllteS</strong></span> <span class='ocrx_word' id='word_1_836' title='bbox 3008 3871 3148 3937; x_wconf 78' lang='lat' dir='ltr'><strong>impii</strong></span> <span class='ocrx_word' id='word_1_837' title='bbox 3175 3887 3186 3922; x_wconf 91' lang='lat'><strong>:</strong></span> <span class='ocrx_word' id='word_1_838' title='bbox 3212 3878 3264 3921; x_wconf 89' lang='lat' dir='ltr'><strong>at</strong></span> <span class='ocrx_word' id='word_1_839' title='bbox 3289 3868 3648 3934; x_wconf 89' lang='lat' dir='ltr'><strong>intelligentes</strong></span> <span class='ocrx_word' id='word_1_840' title='bbox 3674 3863 3880 3916; x_wconf 88' lang='lat' dir='ltr'><strong>intelli-</strong></span> 
     </span>
    </p>
   </div>
   <div class='ocr_carea' id='block_1_101' title="bbox 2307 3954 3882 4030">
    <p class='ocr_par' dir='ltr' id='par_1_101' title="bbox 2307 3954 3882 4030">
     <span class='ocr_line' id='line_1_101' title="bbox 2307 3954 3882 4030; baseline -0.008 -16"><span class='ocrx_word' id='word_1_841' title='bbox 2307 3972 2448 4030; x_wconf 84' lang='lat' dir='ltr'><strong>gent.</strong></span> <span class='ocrx_word' id='word_1_842' title='bbox 2477 3963 2559 4014; x_wconf 82' lang='lat' dir='ltr'><strong>ll.</strong></span> <span class='ocrx_word' id='word_1_843' title='bbox 2595 3963 2656 4014; x_wconf 79' lang='lat' dir='ltr'><strong>Et</strong></span> <span class='ocrx_word' id='word_1_844' title='bbox 2685 3978 2712 4013; x_wconf 93' lang='lat' dir='ltr'><strong>a</strong></span> <span class='ocrx_word' id='word_1_845' title='bbox 2741 3971 2974 4026; x_wconf 87' lang='lat' dir='ltr'><strong>tempore</strong></span> <span class='ocrx_word' id='word_1_846' title='bbox 3001 3975 3103 4027; x_wconf 90' lang='lat' dir='ltr'><strong>quo</strong></span> <span class='ocrx_word' id='word_1_847' title='bbox 3139 3965 3394 4011; x_wconf 88' lang='lat' dir='ltr'><strong>mutatum</strong></span> <span class='ocrx_word' id='word_1_848' title='bbox 3435 3954 3601 4008; x_wconf 88' lang='lat' dir='ltr'><strong>fuerit</strong></span> <span class='ocrx_word' id='word_1_849' title='bbox 3627 3955 3759 4020; x_wconf 82' lang='lat' dir='ltr'><strong>juge</strong></span> <span class='ocrx_word' id='word_1_850' title='bbox 3792 3967 3882 4002; x_wconf 90' lang='lat' dir='ltr'><strong>sa-</strong></span> 
     </span>
    </p>
   </div>
   <div class='ocr_carea' id='block_1_102' title="bbox 2310 4045 3887 4113">
    <p class='ocr_par' dir='ltr' id='par_1_102' title="bbox 2310 4045 3887 4113">
     <span class='ocr_line' id='line_1_102' title="bbox 2310 4045 3887 4113; baseline -0.009 -8"><span class='ocrx_word' id='word_1_851' title='bbox 2310 4053 2580 4113; x_wconf 83' lang='lat' dir='ltr'><strong>crificium,</strong></span> <span class='ocrx_word' id='word_1_852' title='bbox 2604 4061 2654 4104; x_wconf 91' lang='lat' dir='ltr'><strong>et</strong></span> <span class='ocrx_word' id='word_1_853' title='bbox 2674 4052 2788 4103; x_wconf 85' lang='lat' dir='ltr'><strong>data</strong></span> <span class='ocrx_word' id='word_1_854' title='bbox 2809 4050 2961 4102; x_wconf 91' lang='lat' dir='ltr'><strong>fuerit</strong></span> <span class='ocrx_word' id='word_1_855' title='bbox 2982 4047 3301 4101; x_wconf 88' lang='lat' dir='ltr'><strong>abominatio</strong></span> <span class='ocrx_word' id='word_1_856' title='bbox 3321 4045 3698 4106; x_wconf 90' lang='lat' dir='ltr'><strong>desolationis,</strong></span> <span class='ocrx_word' id='word_1_857' title='bbox 3723 4050 3887 4095; x_wconf 87' lang='lat' dir='ltr'><strong>erunt</strong></span> 
     </span>
    </p>
   </div>
   <div class='ocr_carea' id='block_1_103' title="bbox 2310 4132 3887 4204">
    <p class='ocr_par' dir='ltr' id='par_1_103' title="bbox 2310 4132 3887 4204">
     <span class='ocr_line' id='line_1_103' title="bbox 2310 4132 3887 4204; baseline -0.008 -10"><span class='ocrx_word' id='word_1_858' title='bbox 2310 4142 2421 4194; x_wconf 89' lang='lat' dir='ltr'><strong>dies</strong></span> <span class='ocrx_word' id='word_1_859' title='bbox 2450 4143 2590 4194; x_wconf 91' lang='lat' dir='ltr'><strong>mille</strong></span> <span class='ocrx_word' id='word_1_860' title='bbox 2621 4140 2825 4192; x_wconf 86' lang='lat' dir='ltr'><strong>ducenti</strong></span> <span class='ocrx_word' id='word_1_861' title='bbox 2857 4138 3154 4204; x_wconf 90' lang='lat' dir='ltr'><strong>nonaginta.</strong></span> <span class='ocrx_word' id='word_1_862' title='bbox 3187 4135 3272 4187; x_wconf 77' lang='grc'><strong>12.</strong></span> <span class='ocrx_word' id='word_1_863' title='bbox 3315 4134 3512 4187; x_wconf 87' lang='lat' dir='ltr'><strong>Beatus</strong></span> <span class='ocrx_word' id='word_1_864' title='bbox 3557 4132 3652 4199; x_wconf 89' lang='lat' dir='ltr'><strong>qui</strong></span> <span class='ocrx_word' id='word_1_865' title='bbox 3688 4145 3887 4198; x_wconf 64' lang='lat' dir='ltr'><strong>empe-</strong></span> 
     </span>
    </p>
   </div>
   <div class='ocr_carea' id='block_1_104' title="bbox 2311 4220 3888 4296">
    <p class='ocr_par' dir='ltr' id='par_1_104' title="bbox 2311 4220 3888 4296">
     <span class='ocr_line' id='line_1_104' title="bbox 2311 4220 3888 4296; baseline -0.008 -14"><span class='ocrx_word' id='word_1_866' title='bbox 2311 4239 2417 4282; x_wconf 89' lang='lat' dir='ltr'><strong>ctat</strong></span> <span class='ocrx_word' id='word_1_867' title='bbox 2441 4242 2490 4282; x_wconf 88' lang='lat' dir='ltr'><strong>et</strong></span> <span class='ocrx_word' id='word_1_868' title='bbox 2519 4229 2752 4296; x_wconf 59' lang='lat' dir='ltr'><strong>pst-venit</strong></span> <span class='ocrx_word' id='word_1_869' title='bbox 2772 4227 2834 4279; x_wconf 88' lang='lat' dir='ltr'><strong>ad</strong></span> <span class='ocrx_word' id='word_1_870' title='bbox 2857 4227 2966 4278; x_wconf 83' lang='lat' dir='ltr'><strong>dies</strong></span> <span class='ocrx_word' id='word_1_871' title='bbox 3004 4226 3145 4277; x_wconf 90' lang='lat' dir='ltr'><strong>mille</strong></span> <span class='ocrx_word' id='word_1_872' title='bbox 3175 4231 3437 4276; x_wconf 88' lang='lat' dir='ltr'><strong>trecentos</strong></span> <span class='ocrx_word' id='word_1_873' title='bbox 3479 4222 3700 4288; x_wconf 88' lang='lat' dir='ltr'><strong>triginta</strong></span> <span class='ocrx_word' id='word_1_874' title='bbox 3725 4220 3888 4286; x_wconf 87' lang='lat' dir='ltr'><strong>quin-</strong></span> 
     </span>
    </p>
   </div>
   <div class='ocr_carea' id='block_1_105' title="bbox 2311 4309 3889 4384">
    <p class='ocr_par' dir='ltr' id='par_1_105' title="bbox 2311 4309 3889 4384">
     <span class='ocr_line' id='line_1_105' title="bbox 2311 4309 3889 4384; baseline -0.007 -14"><span class='ocrx_word' id='word_1_875' title='bbox 2311 4334 2429 4384; x_wconf 87' lang='lat' dir='ltr'><strong>que.</strong></span> <span class='ocrx_word' id='word_1_876' title='bbox 2460 4320 2539 4369; x_wconf 80' lang='grc'><strong>15.</strong></span> <span class='ocrx_word' id='word_1_877' title='bbox 2575 4318 2635 4367; x_wconf 84' lang='lat' dir='ltr'><strong>Et</strong></span> <span class='ocrx_word' id='word_1_878' title='bbox 2667 4327 2717 4367; x_wconf 93' lang='lat' dir='ltr'><strong>tu</strong></span> <span class='ocrx_word' id='word_1_879' title='bbox 2747 4316 2874 4366; x_wconf 90' lang='lat' dir='ltr'><strong>vade</strong></span> <span class='ocrx_word' id='word_1_880' title='bbox 2895 4355 2906 4376; x_wconf 92' lang='lat'><strong>,</strong></span> <span class='ocrx_word' id='word_1_881' title='bbox 2935 4329 2995 4366; x_wconf 92' lang='lat' dir='ltr'><strong>ac</strong></span> <span class='ocrx_word' id='word_1_882' title='bbox 3023 4314 3292 4379; x_wconf 88' lang='lat' dir='ltr'><strong>requiesce</strong></span> <span class='ocrx_word' id='word_1_883' title='bbox 3317 4328 3328 4360; x_wconf 94' lang='lat'><strong>:</strong></span> <span class='ocrx_word' id='word_1_884' title='bbox 3357 4311 3535 4361; x_wconf 84' lang='lat' dir='ltr'><strong>adhuc</strong></span> <span class='ocrx_word' id='word_1_885' title='bbox 3585 4310 3736 4361; x_wconf 84' lang='lat' dir='ltr'><strong>enim</strong></span> <span class='ocrx_word' id='word_1_886' title='bbox 3771 4309 3889 4360; x_wconf 88' lang='lat' dir='ltr'><strong>dies</strong></span> 
     </span>
    </p>
   </div>
   <div class='ocr_carea' id='block_1_106' title="bbox 2312 4399 3893 4471">
    <p class='ocr_par' dir='ltr' id='par_1_106' title="bbox 2312 4399 3893 4471">
     <span class='ocr_line' id='line_1_106' title="bbox 2312 4399 3893 4471; baseline -0.008 -13"><span class='ocrx_word' id='word_1_887' title='bbox 2312 4408 2362 4458; x_wconf 93' lang='lat' dir='ltr'><strong>in</strong></span> <span class='ocrx_word' id='word_1_888' title='bbox 2385 4407 2781 4471; x_wconf 90' lang='lat' dir='ltr'><strong>completioncm</strong></span> <span class='ocrx_word' id='word_1_889' title='bbox 2804 4400 3268 4453; x_wconf 78' lang='lat' dir='ltr'><strong>consummationis</strong></span> <span class='ocrx_word' id='word_1_890' title='bbox 3300 4417 3311 4450; x_wconf 93' lang='lat'><strong>:</strong></span> <span class='ocrx_word' id='word_1_891' title='bbox 3341 4407 3394 4451; x_wconf 90' lang='lat' dir='ltr'><strong>et</strong></span> <span class='ocrx_word' id='word_1_892' title='bbox 3416 4399 3732 4464; x_wconf 82' lang='lat' dir='ltr'><strong>requiesces</strong></span> <span class='ocrx_word' id='word_1_893' title='bbox 3758 4410 3893 4449; x_wconf 84' lang='lat' dir='ltr'><strong>tem-</strong></span> 
     </span>
    </p>
   </div>
   <div class='ocr_carea' id='block_1_107' title="bbox 2313 4486 3890 4561">
    <p class='ocr_par' dir='ltr' id='par_1_107' title="bbox 2313 4486 3890 4561">
     <span class='ocr_line' id='line_1_107' title="bbox 2313 4486 3890 4561; baseline -0.006 -17"><span class='ocrx_word' id='word_1_894' title='bbox 2313 4509 2407 4561; x_wconf 90' lang='lat' dir='ltr'><strong>pus</strong></span> <span class='ocrx_word' id='word_1_895' title='bbox 2451 4503 2590 4544; x_wconf 91' lang='lat' dir='ltr'><strong>tuum</strong></span> <span class='ocrx_word' id='word_1_896' title='bbox 2640 4492 2687 4543; x_wconf 92' lang='lat' dir='ltr'><strong>in</strong></span> <span class='ocrx_word' id='word_1_897' title='bbox 2734 4490 3239 4542; x_wconf 87' lang='lat' dir='ltr'><strong>consummationem</strong></span> <span class='ocrx_word' id='word_1_898' title='bbox 3269 4487 3474 4540; x_wconf 89' lang='lat' dir='ltr'><strong>dierum</strong></span> <span class='ocrx_word' id='word_1_899' title='bbox 3503 4505 3521 4535; x_wconf 72' lang='grc' dir='ltr'><strong>ι</strong></span> <span class='ocrx_word' id='word_1_900' title='bbox 3565 4486 3671 4554; x_wconf 74' lang='grc' dir='ltr'><strong>(τι).</strong></span> <span class='ocrx_word' id='word_1_901' title='bbox 3719 4487 3890 4543; x_wconf 85' lang='lat' dir='ltr'><strong>Ettu,</strong></span> 
     </span>
    </p>
   </div>
   <div class='ocr_carea' id='block_1_108' title="bbox 2313 4573 3892 4647">
    <p class='ocr_par' dir='ltr' id='par_1_108' title="bbox 2313 4573 3892 4647">
     <span class='ocr_line' id='line_1_108' title="bbox 2313 4573 3892 4647; baseline -0.007 -13"><span class='ocrx_word' id='word_1_902' title='bbox 2313 4581 2512 4647; x_wconf 88' lang='lat' dir='ltr'><strong>inquit,</strong></span> <span class='ocrx_word' id='word_1_903' title='bbox 2545 4580 2687 4632; x_wconf 92' lang='lat' dir='ltr'><strong>sede.</strong></span> <span class='ocrx_word' id='word_1_904' title='bbox 2719 4578 2845 4630; x_wconf 87' lang='lat' dir='ltr'><strong>Nam</strong></span> <span class='ocrx_word' id='word_1_905' title='bbox 2873 4586 2990 4644; x_wconf 90' lang='lat' dir='ltr'><strong>post</strong></span> <span class='ocrx_word' id='word_1_906' title='bbox 3014 4576 3232 4628; x_wconf 92' lang='lat' dir='ltr'><strong>multum</strong></span> <span class='ocrx_word' id='word_1_907' title='bbox 3279 4585 3488 4641; x_wconf 90' lang='lat' dir='ltr'><strong>tempus</strong></span> <span class='ocrx_word' id='word_1_908' title='bbox 3534 4573 3658 4628; x_wconf 67' lang='lat' dir='ltr'><strong>haec</strong></span> <span class='ocrx_word' id='word_1_909' title='bbox 3709 4582 3892 4626; x_wconf 87' lang='lat' dir='ltr'><strong>erunt.</strong></span> 
     </span>
    </p>
   </div>
   <div class='ocr_carea' id='block_1_109' title="bbox 2317 4666 3894 4741">
    <p class='ocr_par' dir='ltr' id='par_1_109' title="bbox 2317 4666 3894 4741">
     <span class='ocr_line' id='line_1_109' title="bbox 2317 4666 3894 4741; baseline -0.006 -16"><span class='ocrx_word' id='word_1_910' title='bbox 2317 4676 2476 4741; x_wconf 88' lang='lat' dir='ltr'><strong>Igitur</strong></span> <span class='ocrx_word' id='word_1_911' title='bbox 2521 4673 2714 4725; x_wconf 89' lang='lat' dir='ltr'><strong>nonde</strong></span> <span class='ocrx_word' id='word_1_912' title='bbox 2757 4671 2928 4723; x_wconf 87' lang='lat' dir='ltr'><strong>reditu</strong></span> <span class='ocrx_word' id='word_1_913' title='bbox 2970 4670 3320 4730; x_wconf 88' lang='lat' dir='ltr'><strong>lamentatur,</strong></span> <span class='ocrx_word' id='word_1_914' title='bbox 3346 4666 3441 4718; x_wconf 87' lang='lat' dir='ltr'><strong>sed</strong></span> <span class='ocrx_word' id='word_1_915' title='bbox 3483 4675 3611 4732; x_wconf 88' lang='lat' dir='ltr'><strong>post</strong></span> <span class='ocrx_word' id='word_1_916' title='bbox 3654 4666 3894 4718; x_wconf 87' lang='lat' dir='ltr'><strong>reditum</strong></span> 
     </span>
    </p>
   </div>
   <div class='ocr_carea' id='block_1_110' title="bbox 2314 4761 2922 4834">
    <p class='ocr_par' dir='ltr' id='par_1_110' title="bbox 2314 4761 2922 4834">
     <span class='ocr_line' id='line_1_110' title="bbox 2314 4761 2922 4834; baseline -0.01 -19"><span class='ocrx_word' id='word_1_917' title='bbox 2314 4781 2409 4834; x_wconf 86' lang='lat' dir='ltr'><strong>pro</strong></span> <span class='ocrx_word' id='word_1_918' title='bbox 2441 4766 2501 4817; x_wconf 88' lang='lat' dir='ltr'><strong>iis</strong></span> <span class='ocrx_word' id='word_1_919' title='bbox 2531 4765 2614 4832; x_wconf 90' lang='lat' dir='ltr'><strong>qui</strong></span> <span class='ocrx_word' id='word_1_920' title='bbox 2644 4761 2922 4814; x_wconf 90' lang='lat' dir='ltr'><strong>redierant.</strong></span> 
     </span>
    </p>
   </div>
   <div class='ocr_carea' id='block_1_111' title="bbox 2592 4887 3594 4957">
    <p class='ocr_par' dir='ltr' id='par_1_111' title="bbox 2592 4887 3594 4957">
     <span class='ocr_line' id='line_1_111' title="bbox 2592 4887 3594 4957; baseline -0.01 -9"><span class='ocrx_word' id='word_1_921' title='bbox 2592 4892 2809 4948; x_wconf 86' lang='lat' dir='ltr'><strong>CAI‘UT</strong></span> <span class='ocrx_word' id='word_1_922' title='bbox 2854 4891 2988 4943; x_wconf 81' lang='lat' dir='ltr'><strong>XIII.</strong></span> <span class='ocrx_word' id='word_1_923' title='bbox 3042 4889 3145 4957; x_wconf 92' lang='lat' dir='ltr'><strong>(In</strong></span> <span class='ocrx_word' id='word_1_924' title='bbox 3193 4889 3344 4956; x_wconf 83' lang='lat' dir='ltr'><strong>Vulg.</strong></span> <span class='ocrx_word' id='word_1_925' title='bbox 3399 4887 3594 4955; x_wconf 76' lang='lat' dir='ltr'><strong>XIV.)</strong></span> 
     </span>
    </p>
   </div>
   <div class='ocr_carea' id='block_1_112' title="bbox 2391 5022 3907 5094">
    <p class='ocr_par' dir='ltr' id='par_1_112' title="bbox 2391 5022 3907 5094">
     <span class='ocr_line' id='line_1_112' title="bbox 2391 5022 3907 5094; baseline -0.007 -11"><span class='ocrx_word' id='word_1_926' title='bbox 2391 5034 2435 5084; x_wconf 90' lang='lat' dir='ltr'><strong>l.</strong></span> <span class='ocrx_word' id='word_1_927' title='bbox 2479 5051 2494 5080; x_wconf 80' lang='grc' dir='ltr'><strong>ι</strong></span> <span class='ocrx_word' id='word_1_928' title='bbox 2526 5033 2590 5081; x_wconf 81' lang='lat' dir='ltr'><strong>Et</strong></span> <span class='ocrx_word' id='word_1_929' title='bbox 2619 5045 2705 5080; x_wconf 81' lang='lat' dir='ltr'><strong>rex</strong></span> <span class='ocrx_word' id='word_1_930' title='bbox 2736 5028 2986 5094; x_wconf 76' lang='lat' dir='ltr'><strong>Astyages</strong></span> <span class='ocrx_word' id='word_1_931' title='bbox 3015 5025 3284 5091; x_wconf 86' lang='lat' dir='ltr'><strong>appositus</strong></span> <span class='ocrx_word' id='word_1_932' title='bbox 3313 5033 3394 5076; x_wconf 92' lang='lat' dir='ltr'><strong>est</strong></span> <span class='ocrx_word' id='word_1_933' title='bbox 3415 5022 3479 5073; x_wconf 87' lang='lat' dir='ltr'><strong>ad</strong></span> <span class='ocrx_word' id='word_1_934' title='bbox 3516 5032 3709 5088; x_wconf 83' lang='lat' dir='ltr'><strong>patres</strong></span> <span class='ocrx_word' id='word_1_935' title='bbox 3732 5037 3864 5075; x_wconf 80' lang='lat' dir='ltr'><strong>suos</strong></span> <span class='ocrx_word' id='word_1_936' title='bbox 3892 5037 3907 5072; x_wconf 83' lang='lat'><strong>:</strong></span> 
     </span>
    </p>
   </div>
   <div class='ocr_carea' id='block_1_113' title="bbox 2319 5109 3896 5186">
    <p class='ocr_par' dir='ltr' id='par_1_113' title="bbox 2319 5109 3896 5186">
     <span class='ocr_line' id='line_1_113' title="bbox 2319 5109 3896 5186; baseline -0.007 -13"><span class='ocrx_word' id='word_1_937' title='bbox 2319 5133 2370 5173; x_wconf 88' lang='lat' dir='ltr'><strong>ct</strong></span> <span class='ocrx_word' id='word_1_938' title='bbox 2401 5119 2599 5186; x_wconf 75' lang='lat' dir='ltr'><strong>acet-pit</strong></span> <span class='ocrx_word' id='word_1_939' title='bbox 2625 5116 2790 5182; x_wconf 81' lang='lat' dir='ltr'><strong>Cyrus</strong></span> <span class='ocrx_word' id='word_1_940' title='bbox 2819 5115 2974 5164; x_wconf 64' lang='lat' dir='ltr'><strong>I‘crsa</strong></span> <span class='ocrx_word' id='word_1_941' title='bbox 3006 5127 3220 5177; x_wconf 85' lang='lat' dir='ltr'><strong>regnum</strong></span> <span class='ocrx_word' id='word_1_942' title='bbox 3265 5112 3379 5175; x_wconf 86' lang='lat' dir='ltr'><strong>ejus</strong></span> <span class='ocrx_word' id='word_1_943' title='bbox 3409 5109 3509 5174; x_wconf 91' lang='lat' dir='ltr'><strong>(b).</strong></span> <span class='ocrx_word' id='word_1_944' title='bbox 3563 5111 3617 5160; x_wconf 74' lang='lat'><strong>2.</strong></span> <span class='ocrx_word' id='word_1_945' title='bbox 3681 5110 3750 5160; x_wconf 87' lang='lat' dir='ltr'><strong>Et</strong></span> <span class='ocrx_word' id='word_1_946' title='bbox 3777 5121 3896 5162; x_wconf 76' lang='lat' dir='ltr'><strong>erat</strong></span> 
     </span>
    </p>
   </div>
   <div class='ocr_carea' id='block_1_114' title="bbox 2320 5258 3909 5321">
    <p class='ocr_par' dir='ltr' id='par_1_114' title="bbox 2320 5258 3909 5321">
     <span class='ocr_line' id='line_1_114' title="bbox 2320 5258 3909 5321; baseline -0.009 -1"><span class='ocrx_word' id='word_1_947' title='bbox 2320 5272 2430 5321; x_wconf 89' lang='lat' dir='ltr'><strong>mile</strong></span> <span class='ocrx_word' id='word_1_948' title='bbox 2466 5272 2665 5316; x_wconf 78' lang='lat' dir='ltr'><strong>habetur</strong></span> <span class='ocrx_word' id='word_1_949' title='bbox 2700 5267 2798 5311; x_wconf 86' lang='lat' dir='ltr'><strong>Jobi</strong></span> <span class='ocrx_word' id='word_1_950' title='bbox 2834 5264 2908 5315; x_wconf 68' lang='grc'><strong>42,</strong></span> <span class='ocrx_word' id='word_1_951' title='bbox 2934 5262 2979 5314; x_wconf 82' lang='lat'><strong>8,</strong></span> <span class='ocrx_word' id='word_1_952' title='bbox 3008 5261 3228 5321; x_wconf 74' lang='lat' dir='ltr'><strong>existimo</strong></span> <span class='ocrx_word' id='word_1_953' title='bbox 3260 5266 3304 5321; x_wconf 75' lang='lat' dir='ltr'><strong>s.</strong></span> <span class='ocrx_word' id='word_1_954' title='bbox 3346 5258 3751 5321; x_wconf 64' lang='lat' dir='ltr'><strong>Chrysostomum</strong></span> <span class='ocrx_word' id='word_1_955' title='bbox 3797 5273 3909 5307; x_wconf 88' lang='lat' dir='ltr'><strong>eum</strong></span> 
     </span>
    </p>
   </div>
   <div class='ocr_carea' id='block_1_115' title="bbox 2321 5317 3910 5383">
    <p class='ocr_par' dir='ltr' id='par_1_115' title="bbox 2321 5317 3910 5383">
     <span class='ocr_line' id='line_1_115' title="bbox 2321 5317 3910 5383; baseline -0.008 -4"><span class='ocrx_word' id='word_1_956' title='bbox 2321 5317 2471 5381; x_wconf 66' lang='lat' dir='ltr'><strong>locum</strong></span> <span class='ocrx_word' id='word_1_957' title='bbox 2498 5332 2541 5374; x_wconf 89' lang='lat' dir='ltr'><strong>in</strong></span> <span class='ocrx_word' id='word_1_958' title='bbox 2566 5335 2728 5374; x_wconf 89' lang='lat' dir='ltr'><strong>mente</strong></span> <span class='ocrx_word' id='word_1_959' title='bbox 2753 5325 2990 5383; x_wconf 82' lang='lat' dir='ltr'><strong>habuisse.</strong></span> <span class='ocrx_word' id='word_1_960' title='bbox 3017 5321 3094 5383; x_wconf 71' lang='lat' dir='ltr'><strong>Sic</strong></span> <span class='ocrx_word' id='word_1_961' title='bbox 3116 5320 3243 5364; x_wconf 88' lang='lat' dir='ltr'><strong>enim</strong></span> <span class='ocrx_word' id='word_1_962' title='bbox 3271 5317 3910 5383; x_wconf 76' lang='lat' dir='ltr'><strong>interdum_hallucina_nt::r</strong></span> 
     </span>
    </p>
   </div>
   <div class='ocr_carea' id='block_1_116' title="bbox 2321 5377 3914 5440">
    <p class='ocr_par' dir='ltr' id='par_1_116' title="bbox 2321 5377 3914 5440">
     <span class='ocr_line' id='line_1_116' title="bbox 2321 5377 3914 5440; baseline 0.016 -37"><span class='ocrx_word' id='word_1_963' title='bbox 2321 5377 2537 5440; x_wconf 43' lang='grc' dir='ltr'><strong>ἀσιθδίὶε</strong></span> <span class='ocrx_word' id='word_1_964' title='bbox 2570 5389 2790 5432; x_wconf 62' lang='grc' dir='ltr'><strong>ιιοριοι-εε</strong></span> <span class='ocrx_word' id='word_1_965' title='bbox 2819 5381 3114 5429; x_wconf 74' lang='lat' dir='ltr'><strong>sanctissimi.</strong></span> <span class='ocrx_word' id='word_1_966' title='bbox 3142 5385 3304 5424; x_wconf 77' lang='lat' dir='ltr'><strong>Posset</strong></span> <span class='ocrx_word' id='word_1_967' title='bbox 3330 5377 3478 5423; x_wconf 84' lang='lat' dir='ltr'><strong>etiam</strong></span> <span class='ocrx_word' id='word_1_968' title='bbox 3506 5377 3604 5423; x_wconf 86' lang='lat' dir='ltr'><strong>dici</strong></span> <span class='ocrx_word' id='word_1_969' title='bbox 3630 5379 3914 5438; x_wconf 76' lang='lat' dir='ltr'><strong>exscripto-</strong></span> 
     </span>
    </p>
   </div>
   <div class='ocr_carea' id='block_1_117' title="bbox 2321 5440 3203 5500">
    <p class='ocr_par' dir='ltr' id='par_1_117' title="bbox 2321 5440 3203 5500">
     <span class='ocr_line' id='line_1_117' title="bbox 2321 5440 3203 5500; baseline -0.017 -4"><span class='ocrx_word' id='word_1_970' title='bbox 2321 5465 2425 5500; x_wconf 80' lang='lat' dir='ltr'><strong>rem</strong></span> <span class='ocrx_word' id='word_1_971' title='bbox 2447 5452 2538 5494; x_wconf 86' lang='lat' dir='ltr'><strong>duo</strong></span> <span class='ocrx_word' id='word_1_972' title='bbox 2564 5447 2660 5491; x_wconf 88' lang='lat' dir='ltr'><strong>loca</strong></span> <span class='ocrx_word' id='word_1_973' title='bbox 2684 5442 2950 5490; x_wconf 69' lang='lat' dir='ltr'><strong>conl&#39;udisse</strong></span> <span class='ocrx_word' id='word_1_974' title='bbox 2969 5440 3014 5484; x_wconf 89' lang='lat' dir='ltr'><strong>in</strong></span> <span class='ocrx_word' id='word_1_975' title='bbox 3041 5449 3203 5482; x_wconf 89' lang='lat' dir='ltr'><strong>unum.</strong></span> 
     </span>
    </p>
   </div>
   <div class='ocr_carea' id='block_1_118' title="bbox 2386 5495 3635 5566">
    <p class='ocr_par' dir='ltr' id='par_1_118' title="bbox 2386 5495 3635 5566">
     <span class='ocr_line' id='line_1_118' title="bbox 2386 5495 3635 5566; baseline -0.01 -12"><span class='ocrx_word' id='word_1_976' title='bbox 2386 5510 2454 5566; x_wconf 84' lang='lat' dir='ltr'><strong>(n)</strong></span> <span class='ocrx_word' id='word_1_977' title='bbox 2489 5503 2776 5566; x_wconf 64' lang='grc' dir='ltr'><strong>ιῖοιιςιιιριιᾱίΔ</strong></span> <span class='ocrx_word' id='word_1_978' title='bbox 2796 5508 2838 5546; x_wconf 78' lang='grc' dir='ltr'><strong>Β.</strong></span> <span class='ocrx_word' id='word_1_979' title='bbox 2866 5499 3173 5566; x_wconf 50' lang='grc' dir='ltr'>ιιὶθιριιξιῃιιε</span> <span class='ocrx_word' id='word_1_980' title='bbox 3196 5495 3635 5566; x_wconf 52' lang='grc' dir='ltr'><strong>τιοςῑιιροόοτξξῑιιε.</strong></span> 
     </span>
    </p>
   </div>
   <div class='ocr_carea' id='block_1_119' title="bbox 2384 5555 3917 5625">
    <p class='ocr_par' dir='ltr' id='par_1_119' title="bbox 2384 5555 3917 5625">
     <span class='ocr_line' id='line_1_119' title="bbox 2384 5555 3917 5625; baseline -0.006 -15"><span class='ocrx_word' id='word_1_981' title='bbox 2384 5555 2451 5625; x_wconf 61' lang='grc'><strong>(05</strong></span> <span class='ocrx_word' id='word_1_982' title='bbox 2490 5567 2535 5611; x_wconf 89' lang='lat' dir='ltr'><strong>Id</strong></span> <span class='ocrx_word' id='word_1_983' title='bbox 2564 5565 2715 5622; x_wconf 88' lang='lat' dir='ltr'><strong>primo</strong></span> <span class='ocrx_word' id='word_1_984' title='bbox 2738 5561 2958 5607; x_wconf 87' lang='lat' dir='ltr'><strong>observo,</strong></span> <span class='ocrx_word' id='word_1_985' title='bbox 2985 5563 3027 5600; x_wconf 83' lang='lat' dir='ltr'><strong>S.</strong></span> <span class='ocrx_word' id='word_1_986' title='bbox 3050 5555 3441 5625; x_wconf 52' lang='lat' dir='ltr'><strong>illirysostoniiini</strong></span> <span class='ocrx_word' id='word_1_987' title='bbox 3472 5555 3917 5625; x_wconf 34' lang='lat' dir='ltr'><strong>.crzecospali‘ceet</strong></span> 
     </span>
    </p>
   </div>
   <div class='ocr_carea' id='block_1_120' title="bbox 2327 5614 3914 5686">
    <p class='ocr_par' dir='ltr' id='par_1_120' title="bbox 2327 5614 3914 5686">
     <span class='ocr_line' id='line_1_120' title="bbox 2327 5614 3914 5686; baseline -0.008 -13"><span class='ocrx_word' id='word_1_988' title='bbox 2327 5614 2593 5686; x_wconf 70' lang='lat' dir='ltr'><strong>seqtiutuiii,</strong></span> <span class='ocrx_word' id='word_1_989' title='bbox 2629 5626 2714 5668; x_wconf 84' lang='lat' dir='ltr'><strong>ista</strong></span> <span class='ocrx_word' id='word_1_990' title='bbox 2759 5630 2863 5664; x_wconf 87' lang='lat' dir='ltr'><strong>cum</strong></span> <span class='ocrx_word' id='word_1_991' title='bbox 2900 5615 3224 5674; x_wconf 83' lang='lat' dir='ltr'><strong>superioribus</strong></span> <span class='ocrx_word' id='word_1_992' title='bbox 3253 5614 3572 5673; x_wconf 80' lang='lat' dir='ltr'><strong>conjunxissc</strong></span> <span class='ocrx_word' id='word_1_993' title='bbox 3604 5628 3618 5661; x_wconf 94' lang='lat'><strong>:</strong></span> <span class='ocrx_word' id='word_1_994' title='bbox 3659 5615 3914 5662; x_wconf 76' lang='lat' dir='ltr'><strong>librarium</strong></span> 
     </span>
    </p>
   </div>
  </div>
