4032 6220
172 397 286 448 243

165 500 381 567 ϐρίζου.
408 497 514 549 Kal
546 496 691 562 ἔστη.
734 489 882 554 Εἶδες
912 494 963 546 τί
1007 494 1151 546 ἔστιν
1176 492 1295 560 ὄψις
1329 492 1587 559 ἀγγέλους
1619 492 1708 561 Μὴ

165 587 392 654 νομίσῃς
430 586 622 654 χαλκὸν
648 579 780 636 εἶναι
805 584 862 634 τὸ
882 584 1172 653 ὁρώμενον,
1207 583 1339 651 μηδὲ
1365 582 1598 650 χρυσίον.
1616 582 1710 643 Τίς

166 673 274 741 γάρ
298 673 397 723 οὐκ
426 674 489 723 ἂν
511 672 719 737 ἐνέγκοι
748 670 947 721 τούτων
976 671 1074 739 τὴν
1107 670 1227 737 δψιν
1251 687 1265 733 ;
1292 668 1567 735 Πανταχοῦ
1604 669 1710 737 γάρ

166 759 223 809 τὸ
262 758 376 822 φῶς
401 760 590 809 κεῖται.
625 756 776 807 Ἐπεὶ
810 755 985 806 τοίνυν
1012 755 1334 822 ἀπεστάλην,
1362 752 1713 822 προσημαίνω

165 844 321 894 τοῦτο
348 844 523 910 μόνον,
549 843 699 911 φησὶ,
732 841 803 910 μὴ
829 841 1139 913 διαφθείρῃς
1172 842 1268 910 τὴν
1306 840 1484 909 χάριν.
1522 842 1712 894 Ἠκού-

166 936 406 997 σθησαν
426 934 477 983 οί
492 934 657 999 λόγοι
677 946 811 995 σου,
830 930 925 982 καὶ
947 929 1058 997 ἐγὼ
1082 926 1268 997 ἦλθον
1281 930 1349 981 ἐν
1369 928 1489 992 τοῖς
1512 929 1711 995 λόγοις

166 1036 299 1072 σου.
329 1020 393 1070 Τί
422 1018 526 1088 γὰρ
556 1018 865 1087 παρεκάλει,
900 1018 991 1069 καὶ
1021 1017 1071 1069 τί
1105 1016 1299 1079 ὲδείτο;
1336 1018 1442 1067 Kal
1470 1018 1573 1085 μὴν
1592 1016 1710 1086 οὐχὶ

164 1110 334 1161 ταῦτα
355 1108 499 1175 αὐτῷ
531 1106 722 1173 λέγεις,
756 1107 873 1158 οὐδὲ
904 1105 1137 1158 τοιοῦτον
1172 1106 1340 1157 οὐδέν.
1378 1106 1527 1171 Τάχα
1553 1106 1702 1155 ἐϐού-

166 1196 285 1247 λετο
312 1197 500 1264 μαθεῖν
526 1194 760 1264 ἀκριϐῶς
786 1194 876 1265 τὸν
900 1194 1105 1263 χρόνον,
1131 1195 1223 1245 καὶ
1256 1193 1316 1244 τὸ
1350 1195 1486 1261 μετά
1515 1193 1706 1246 ταῦτα.

165 1288 269 1338 Kal
288 1290 319 1338 ὁ
340 1285 536 1351 ἅρχων
550 1285 656 1350 τῆς
675 1285 1011 1346 βασιλείας,
1030 1284 1179 1351 φησὶ,
1198 1281 1440 1348 Περσῶν
1453 1282 1709 1347 εἱστήκει

163 1375 230 1437 ἐξ
259 1374 531 1437 ἐναντίας
550 1392 684 1440 μου.
707 1370 849 1440 Ἀρα
880 1373 952 1441 μὴ
977 1373 1065 1423 τὸν
1092 1371 1195 1423 τῶν
1216 1371 1510 1440 ἀνθρώπων
1539 1372 1710 1437 λέγων

164 1466 399 1532 ἄρχοντα
419 1482 430 1528 ;
448 1465 723 1532 Οὐδαμῶς.
747 1464 853 1515 Kal
875 1462 980 1530 γάρ
1001 1462 1229 1530 ἀλλαχοῦ
1247 1462 1409 1528 λέγει·
1442 1464 1501 1514 '0
1515 1462 1710 1529 ἅρχων

164 1554 279 1606 τῶν
314 1554 612 1633 Ἑλλήνων
640 1552 907 1617 ἐξῆλθεν.
942 1553 1089 1619 Ἐμοὶ
1116 1552 1260 1602 δοκεῖ
1281 1547 1428 1613 οὗτος
1450 1552 1547 1604 οὐκ
1575 1549 1710 1604 εἶναι

163 1639 269 1689 τῶν
293 1640 583 1706 ἀρχόντων,
614 1638 729 1688 οὐδὲ
761 1638 867 1688 τῶν
907 1638 1341 1705 ἐπιτεταγμένων
1374 1638 1543 1700 ἔθνος,
1576 1639 1709 1691 ἀλλά

163 1727 270 1779 τῶν
307 1728 416 1778 ἅνω
437 1727 729 1793 δυνάμεων.
763 1722 892 1777 Εἶτα
913 1726 1127 1776 ἐπειδὰν
1148 1728 1247 1777 οὐκ
1274 1726 1453 1794 ἴσχυον
1475 1731 1522 1778 οί
1545 1728 1709 1794 ἀγγε-

163 1822 243 1872 λοι
276 1822 420 1871 ἄλλοι
471 1822 779 1887 ἀντιστῆναι
810 1818 986 1887 αὐτῷ,
1021 1819 1189 1887 τούτῳ
1221 1819 1453 1885 λέγεται.
1494 1821 1709 1873 Ἀπελύ-

164 1912 354 1979 θησαν,
383 1911 540 1980 φησί·
566 1912 616 1963 τί
648 1911 806 1962 πάλιν
838 1909 1045 1979 ζητεῖς;
1079 1910 1186 1962 Kal
1223 1911 1349 1963 ίδοὺ
1376 1912 1612 1979 Μιχαὴλ
1628 1909 1712 1977 εἷς

161 2004 279 2056 τῶν
300 2006 604 2071 ἀρχόντων
645 2002 756 2055 τῶν
781 2002 1025 2069 πρώτων
1058 2000 1204 2072 ἦλθε
1233 2004 1539 2071 βοηθῆσαί
1562 2023 1663 2072 μοι
1697 2023 1705 2035 ·

163 2100 257 2150 καί
284 2099 467 2149 αὐτόν
483 2095 799 2148 κατέλιπον
828 2094 954 2147 ἐκεῖ
972 2097 1121 2163 μετὰ
1151 2099 1255 2149 τοῦ
1288 2097 1572 2164 ἄρχοντος
1596 2098 1710 2159 βα-

163 2193 379 2256 σιλέως
429 2191 690 2257 Περσῶν.
740 2192 845 2243 Kal
894 2186 1082 2259 ἦλθον
1119 2191 1430 2242 συνετίσαι
1480 2206 1551 2242 σε
1598 2190 1713 2241 ὅσα

161 2286 566 2352 ἀπαντήσεται
585 2284 663 2347 τῷ
693 2283 818 2347 λαῷ
854 2300 967 2337 σου
1011 2284 1103 2335 ἐπ’
1135 2282 1405 2350 ἐσχάτων
1424 2282 1540 2335 τῶν
1567 2285 1711 2352 ἠμε-

154 2380 298 2448 ρῶν,
333 2380 421 2430 ὅτι
465 2377 591 2430 ίδοὺ
624 2379 662 2443 ή
714 2377 917 2442 ὅρασις
946 2378 1029 2440 εὶς
1060 2376 1299 2443 ἡμέρας·
1352 2377 1503 2438 Τίνος
1532 2377 1712 2432 ἕνεκεν

162 2474 267 2543 πρὸ
295 2474 402 2525 τῶν
436 2472 602 2523 είκοσι
634 2470 848 2540 ἡμερῶν
884 2471 981 2521 οὐκ
1010 2466 1168 2539 ἦλθεν
1199 2470 1227 2519 ὁ
1257 2470 1506 2538 Μιχαήλ;
1555 2471 1714 2539 Ἐμοὶ

159 2568 323 2629 δοκεῖ,
355 2566 521 2629 δεῖξαι
555 2565 795 2632 βούλεται
826 2563 902 2631 τῷ
933 2564 1203 2632 προφήτῃ,
1240 2563 1319 2613 ὅτι
1365 2563 1712 2631 κεκωλυμένα

160 2662 462 2729 πράγματα
493 2662 630 2711 αίτεί
658 2660 746 2709 καὶ
768 2658 1052 2726 παράνομα
1085 2658 1175 2707 καὶ
1202 2658 1709 2725 κατηναγκασμένα,

163 2754 442 2823 μονονουχὶ
471 2753 563 2803 καὶ
591 2754 699 2811 τοῖς
743 2749 990 2814 ἀγγέλοις
1046 2748 1164 2816 βίαν
1216 2748 1401 2801 ποιῶν.
1430 2749 1527 2800 Διά
1558 2750 1713 2802 τοῦτο

159 2848 282 2900 οὐδὲ
314 2845 530 2913 Μιχαὴλ
567 2843 766 2903 εὐθέως
798 2845 853 2893 ὲν
884 2843 1021 2910 ἀρχῇ
1062 2840 1261 2909 βοηθεῖ,
1310 2840 1423 2892 ἀλλ’
1464 2840 1707 2912 ὕστερον,

161 2940 249 2992 ἵνα
290 2938 531 3007 μάθωσιν
568 2938 646 2989 ὃτι
679 2936 777 2987 οὐκ
822 2929 960 3001 ἦσαν
995 2933 1131 2996 ἄξιοι
1182 2932 1419 2986 ἀνελθεῖν
1471 2934 1519 2984 ol
1578 2934 1711 3002 μετά

158 3033 354 3085 ταῦτα.
395 3030 720 3083 Ἀδικοῦνται
750 3029 797 3080 ol
834 3028 1071 3095 ἄγγελοι.
1113 3028 1220 3080 Kal
1255 3028 1443 3080 αὑτὸν
1472 3026 1713 3095 ἀφῆκαν

158 3126 303 3190 ἐκεῖ,
334 3126 474 3177 ὥστε
516 3124 548 3193 ἢ
595 3126 798 3185 πεῖσαι,
838 3122 871 3190 ἢ
924 3121 1179 3173 κωλῦσαι.
1223 3122 1331 3173 Καὶ
1364 3121 1447 3182 τίς
1486 3120 1712 3187 ἄγγελος

160 3219 429 3278 τοιοῦτος,
474 3218 547 3278 ὡς
591 3215 825 3277 ἀκούσας
856 3214 948 3265 τοῦ
1000 3214 1132 3267 Θεοῦ
1178 3214 1354 3278 δόντος
1398 3215 1493 3284 τὴν
1524 3216 1710 3284 χάριν,

159 3310 508 3376 ἀντιστῆναι;
556 3309 955 3377 Σωματοποιεῖ,
990 3309 1064 3369 ὡς
1111 3303 1281 3376 οἶμαι,
1338 3308 1395 3359 τὸ
1447 3310 1711 3376 πρᾶγμα,

162 3404 353 3472 ῶσπερ
384 3405 497 3454 ἐκεῖ
523 3403 587 3473 [ί.
630 3400 774 3470 ἐπεὶ]
822 3400 1003 3466 ἔλεγε·
1038 3402 1131 3465 Τίς
1170 3400 1579 3464 ἐξελεύσεται,
1616 3402 1713 3453 καί

170 3502 470 3562 ἀπατήσει
491 3514 589 3565 μοι
620 3496 724 3548 τὸν
774 3494 982 3561 Ἁχαάϐ
1000 3510 1017 3557 ;
1042 3494 1148 3544 Kal
1180 3495 1335 3547 πάλιν
1362 3510 1376 3523 ·
1413 3496 1593 3563 ’Ἄφες
1614 3512 1711 3562 με,

161 3593 261 3645 καί
301 3592 597 3658 ἐξαλείψω
641 3591 877 3654 αὐτούς.
933 3589 1006 3641 Οὐ
1058 3589 1321 3641 κωλύεται
1350 3591 1377 3642 ὁ
1406 3588 1565 3652 Θεὸς,
1597 3590 1713 3641 οὐδὲ

162 3687 411 3754 ἀνάγκην
460 3685 688 3753 πάσχει,
730 3682 1084 3750 κατεχόμενος
1126 3682 1228 3733 ὑπὸ
1273 3680 1365 3733 τοῦ
1413 3685 1709 3751 προφήτου.

162 3783 323 3835 Οῦτω
374 3780 437 3849 δὴ
488 3780 580 3831 καὶ
614 3776 861 3830 ἐνταῦθα.
911 3777 1018 3827 Kal
1066 3776 1220 3829 πάλιν
1261 3775 1490 3843 ἀλλαχοῦ
1535 3792 1708 3845 φησι·

164 3877 353 3943 ’Δφες
370 3890 465 3941 με,
502 3872 588 3924 ὅτι
611 3872 789 3938 ἀνέϐη
816 3874 847 3924 ό
873 3870 1095 3937 ὄρθρος.
1124 3866 1276 3938 [252]
1300 3869 1408 3920 Kal
1438 3868 1596 3919 πάλιν
1622 3870 1714 3920 ἐπὶ

159 3971 257 4023 τοῦ
295 3968 524 4035 ἀγγέλου
568 3968 660 4019 καὶ
691 3966 786 4036 τῆς
826 3965 974 4016 δνου·
1022 3966 1090 4015 El
1124 3962 1209 4029 μὴ
1246 3964 1566 4029 πρόσωπόν
1599 3978 1713 4015 σου

158 4065 404 4123 ἔλαϐον,
429 4060 605 4129 φησίν.
634 4060 743 4111 Οὐκ
771 4058 875 4128 ἀρα
913 4056 1068 4108 τοῦτο
1110 4056 1373 4107 δείκνυσιν
1400 4056 1556 4108 αὐτὸν
1590 4056 1714 4108 ἀνθ-

164 4158 455 4226 ιστάμενον
496 4154 572 4223 τῷ
617 4152 754 4221 Θεῷ,
792 4152 905 4203 ἀλλ’
932 4151 987 4202 ἓν
1025 4151 1216 4218 μόνον,
1264 4150 1344 4201 ὅτι
1386 4150 1708 4203 ἀδικοῦνται.

159 4250 415 4305 Τοσαῦτα
445 4249 656 4317 ἴσχυσεν
680 4247 709 4297 ό
735 4245 944 4314 Δανιὴλ.
975 4242 1281 4310 Κατῆλθον
1297 4244 1608 4296 συνετίσαι
1643 4256 1714 4294 σε

159 4346 283 4399 ὅσα
309 4342 710 4407 ἀπαντήσεται
724 4338 801 4403 τῷ
825 4337 949 4403 λαῷ
979 4353 1113 4391 σου.
1131 4339 1268 4406 Ὅρα
1298 4338 1411 4400 πῶς
1427 4338 1716 4403 ἀναγκαῖον

163 4440 401 4508 πρᾶγμα
451 4435 643 4502 ἀφεὶς,
693 4432 1034 4499 ἀπολογεῖται
1088 4430 1165 4499 τῷ
1216 4432 1487 4502 προφήτῃ.
1551 4432 1715 4484 Πάλιν

157 4532 473 4594 ἀξίσταται·
513 4529 669 4582 πάλιν
702 4528 861 4579 αὐτὸν
899 4527 1161 4594 ἀνίστησι,
1220 4527 1311 4579 καί
1368 4542 1529 4597 φησι·
1581 4528 1717 4596 Ἐγὼ

158 4626 486 4693 πορεύομαι
534 4622 637 4674 τοῦ
705 4620 1038 4688 πολεμῆσαι
1074 4621 1221 4688 μετὰ
1274 4621 1379 4674 τοῦ
1431 4622 1717 4689 ἄρχοντος

161 4718 433 4786 Περσῶν.
460 4716 566 4768 Kal
589 4714 699 4781 ἐγὼ
721 4713 1173 4779 έξεπορευόμην,
1216 4715 1311 4765 καὶ
1345 4717 1376 4765 ό
1393 4715 1587 4781 ἅρχων
1603 4716 1717 4766 τῶν

172 4811 490 4876 Ἑλλήνων
520 4809 753 4876 ἤρχετο.
796 4809 953 4867 Ἴσως
987 4807 1100 4869 ἑνὸς
1149 4808 1255 4857 τῶν
1300 4808 1717 4874 ἐναντιουμένων

159 4907 259 4961 ἐπὶ
317 4907 428 4965 τοῖς
473 4904 746 4972 ἐσομένοις
775 4940 789 4963 ,
848 4901 987 4952 ὥστε
1041 4902 1150 4961 τοῖς
1185 4899 1323 4951 κατά
1385 4900 1716 4951 Μακεδονίαν

159 4998 494 5066 πολεμῆσαι.
518 4997 625 5047 Kal
655 4994 805 5047 οῦπω
824 4994 1087 5047 πείθεται.
1126 4994 1361 5062 Πόλεμος
1390 4995 1445 5045 ὲν
1472 4994 1719 5059 ἀγγέλοις

157 5094 301 5154 ἐστὶ,
342 5090 486 5159 μάχη
519 5088 644 5156 περὶ
680 5086 1010 5155 ἀνθρώπων;
1061 5089 1185 5140 Ναί.
1218 5088 1362 5141 Πάνυ
1403 5087 1507 5156 γὰρ
1545 5087 1721 5139 αὐτῶν

158 5188 444 5256 κήδονται.
492 5182 656 5235 Οὔπω
719 5181 962 5250 ἐπείσθη.
1019 5182 1224 5248 Ὥσπερ
1277 5182 1342 5234 ἂν
1398 5183 1537 5234 εἴποι
1605 5200 1717 5244 τις·

162 5277 712 5349 Ἀναγκάζομαιτῷδε
747 5274 1133 5345 φιλονεικῆσαι.

728 5397 969 5449 ΚΕΦΑΛ.
998 5398 1099 5450 IA'.

237 5532 351 5585 Kal
367 5530 599 5599 ἐγένετο
621 5530 689 5582 έν
708 5529 822 5582 ἔτει
845 5528 1045 5595 πρώτῳ
1065 5528 1280 5593 Κύρου,
1293 5526 1405 5594 ἐγὼ
1426 5528 1609 5596 ἔστην
1638 5534 1720 5594 είς

166 5624 388 5691 κρότος
406 5623 502 5678 καί
518 5624 717 5689 ἰσχύν.
731 5623 833 5677 Kal
851 5622 965 5676 νῦν
984 5620 1286 5688 ἀναγγελὼ
1303 5637 1397 5675 σοι
1418 5623 1715 5690 ἀλήθειαν.

1521 385 1585 439 IN
1623 384 1981 441 DANIELEM.

3228 402 3335 455 244

1811 493 1917 544 Kal
1956 491 2093 557 τότε,
2142 493 2293 562 φησὶ,
2326 492 2500 556 σώσας
2530 494 2639 560 ἐγώ
2664 496 2795 564 είμι.
2836 497 2951 549 Ἵνα
2978 497 3083 569 γάρ
3106 499 3179 569 μὴ
3211 502 3342 575 λέγῃ

1804 602 1916 647 τις·
1944 586 2009 637 Τί
2051 584 2142 640 οὖν
2178 589 2444 657 πολεμεῖς;
2477 590 2527 640 τί
2556 584 2667 653 οῦν,
2704 591 2769 643 ἂν
2799 592 2871 662 μὴ
2904 596 3154 664 νικήσῃς;
3190 598 3341 667 Οὐχὶ,

1806 683 1956 753 φησί.
1982 685 2091 738 Καὶ
2117 687 2235 738 τότε
2274 686 2381 752 ἐγὼ
2405 687 2581 739 αὐτῶν
2602 689 2886 758 προέστην.
2938 692 3044 743 Kal
3075 695 3184 745 οὐκ
3213 693 3346 745 ἔστι

1807 784 1932 850 γὰρ,
1966 784 2116 852 φησὶ,
2149 779 2235 849 εἷς
2252 786 2641 852 ἀντεχόμενός
2662 803 2761 852 μοι
2784 789 2912 854 περὶ
2950 791 3188 856 τούτων,
3207 792 3345 844 ἀλλ’

1805 880 1844 945 ἢ
1876 882 2115 948 Μιχαὴλ
2144 885 2176 935 ό
2208 883 2403 949 ἀρχων
2432 882 2645 934 αὐτῶν.
2695 884 2875 935 Ταῦτα
2905 885 3046 951 λέγει
3073 887 3156 939 ἵνα
3182 889 3344 959 πείσῃ

1804 980 1964 1031 αὐτὸν
1984 1022 1997 1045 ,
2038 980 2117 1031 ὅτι
2149 980 2209 1030 οὐ
2240 980 2492 1048 πολέμιός
2543 981 2688 1034 ἐστιν
2717 983 2861 1051 αὐτῷ
2886 984 2975 1034 καὶ
3011 984 3214 1052 ἐχθρὸς,
3251 987 3343 1035 καὶ

1806 1079 1886 1131 ὄτι
1920 1081 2213 1148 πράγματα
2266 1083 2405 1132 αίτεῖ
2451 1080 2817 1149 κεκωλυμένα.
2864 1083 2973 1149 Οὐχ
3018 1082 3096 1132 ὅτι
3136 1082 3343 1150 βοηθῶν

1803 1179 1986 1230 δεῖται.
2026 1178 2146 1239 Πῶς
2177 1178 2321 1247 γὰρ;
2360 1178 2637 1230 Δείκνυται
2678 1180 2758 1229 ὅτι
2809 1174 2957 1241 οὗτος
2998 1180 3095 1231 οὐκ
3129 1175 3195 1248 ἦν
3234 1180 3342 1231 τῶν

1803 1276 2089 1344 ἀρχόντων.
2109 1270 2239 1327 Εἶτα
2260 1276 2401 1342 λέγει
2427 1279 2600 1329 πάντα
2617 1277 2752 1345 μετὰ
2768 1278 3064 1347 ἀκριϐείας,
3087 1281 3177 1330 καὶ
3199 1278 3341 1345 λέγει

1804 1372 1963 1422 πόθεν
1987 1371 2041 1421 αἱ
2069 1365 2247 1438 ἧτται.
2298 1368 2427 1422 Εῐτα
2471 1373 2613 1438 λέγει
2642 1373 2738 1441 τὴν
2771 1374 3039 1442 σωτηρίαν
3084 1376 3176 1427 τοῦ
3212 1375 3341 1428 λαοῦ

1803 1467 1965 1519 αὑτοῦ
1994 1469 2050 1519 ἐν
2086 1470 2193 1529 τοῖς
2224 1468 2345 1536 ἑξῆς
2385 1470 2477 1521 καὶ
2502 1470 2559 1520 τὸ
2584 1470 2816 1537 ὁοκιμον.

2397 1631 2641 1683 ΚΕΦΑΛ.
2696 1632 2791 1686 ΙΒΡ.

1886 1751 1984 1802 Ἑν
2021 1749 2098 1814 τῷ
2131 1750 2598 1818 συντελεσθῆναι
2636 1752 3106 1821 διασκορπισμὸν
3149 1759 3346 1824 χειρὸς

1803 1848 1951 1899 λαοῦ
1977 1847 2353 1914 ἠγιασμένου,
2384 1847 2710 1916 γνώσονται
2732 1850 2916 1917 ἅγιον,
2946 1854 3037 1903 καὶ
3063 1859 3345 1907 συντελε-

1805 1945 2089 2009 σθήσεται
2114 1943 2296 1996 ταῦτα
2329 1942 2539 1996 πάντα.
2566 1945 2674 1995 Καὶ
2703 1945 2814 2012 ἐγὼ
2843 1946 3095 2011 ἤκουσα,
3128 1950 3223 1999 καὶ
3272 1952 3343 2002 οὐ

1804 2040 2063 2107 συνῆκα,
2094 2040 2188 2091 καὶ
2216 2036 2406 2092 εἷπον·
2437 2041 2629 2105 Κύριε,
2659 2042 2714 2092 τί
2747 2042 2815 2093 τὰ
2835 2042 3058 2109 ἔσχατα
3087 2045 3345 2108 τούτων;

1804 2141 1911 2190 Kal
1928 2134 2055 2189 εἷπε
2082 2153 2096 2167 ·
2121 2137 2319 2203 Δεῦρο,
2360 2136 2601 2202 Δανιὴλ,
2632 2136 2718 2189 ὅτι
2755 2139 2849 2189 καί
2883 2139 3345 2207 ἐμπεφραγμένοι

1805 2238 1858 2287 οί
1892 2236 2056 2302 λόγοι
2104 2234 2212 2299 ἕως
2258 2234 2457 2300 καιροῦ
2501 2234 2765 2300 πέρατος.
2809 2235 2959 2300 Ἕως
2997 2237 3346 2305 ἐκλεγῶσιν,

1806 2333 1897 2384 καί
1934 2332 2424 2397 ἐκλευκανθῶσιν,
2470 2331 2569 2383 καί
2612 2332 2917 2397 πιῳωθῶσι
2965 2338 3199 2398 πολλοὶ,
3249 2338 3346 2389 καί

1806 2431 2187 2497 ἀνομήσωσιν
2212 2430 2435 2497 ἄνομοι,
2489 2429 2587 2481 καὶ
2634 2432 2705 2482 οὐ
2767 2430 3078 2495 συνήσωσι
3128 2433 3346 2497 πάντες

1805 2530 2055 2592 ἀσεϐεῖς,
2104 2529 2200 2580 καὶ
2247 2531 2300 2581 οί
2350 2528 2639 2594 νοήμονες
2672 2528 3041 2592 συνήσωσιν.
3090 2532 3195 2583 Kal
3227 2533 3342 2585 ἀπὸ

1805 2627 2009 2694 καιροῦ
2030 2626 2452 2693 παραλλάξεως
2471 2627 2575 2679 τοῦ
2597 2627 3041 2695 ένδελεχισμοῦ.
3059 2630 3154 2680 καί
3171 2630 3346 2697 δοθῆ-

1806 2742 1904 2778 ναι
1947 2724 2257 2791 βδέλυγμα
2298 2725 2660 2791 ἐρημώσεως,
2690 2725 2893 2792 ἡμέραι
2929 2728 3111 2793 χίλιαι
3144 2728 3343 2780 διακό-

1808 2836 1933 2875 σιαι
1987 2820 2406 2888 ἐννενήκοντα.
2458 2823 2754 2889 Μακάριος
2808 2827 2840 2877 ό
2894 2825 3203 2892 ὑπομένων
3247 2829 3345 2879 καί

1806 2920 2041 2988 φθάσας
2094 2921 2180 2983 είς
2243 2920 2462 2986 ἡμέρας
2541 2924 2735 2987 χιλίας
2794 2924 3129 2988 τριακοσίας
3194 2941 3347 2991 τρια·

1806 3020 2186 3071 κωταπέντε.
2237 3017 2345 3069 Kal
2388 3017 2468 3069 σὺ
2512 3018 2705 3084 δεῦρο,
2741 3020 2836 3071 καί
2866 3022 3174 3074 ἀναπαύου
3198 3039 3211 3052 ο
3260 3022 3347 3074 ἔτι

1804 3116 1915 3184 τὰρ
1960 3117 2167 3183 ἡμέραι
2211 3119 2297 3181 είς
2348 3118 2772 3184 ἀναπλήρωσιν
2818 3119 3200 3181 συντελείας·
3249 3121 3347 3172 καὶ

1807 3216 2175 3276 ἀναπαύσεις
2208 3216 2311 3266 τὸν
2340 3218 2543 3281 καιρόν
2571 3231 2683 3269 σου
2712 3218 2796 3281 είς
2824 3217 3175 3270 συντέλειαν
3206 3218 3348 3284 ήμε-

1800 3314 1942 3381 ρῶν.
1975 3316 2080 3366 Kal
2107 3316 2189 3376 σὺ,
2221 3317 2369 3382 φησὶ,
2396 3316 2642 3367 κάθισον·
2681 3318 2815 3385 μετὰ
2839 3318 2943 3387 γάρ
2976 3320 3159 3387 χρόνον
3183 3319 3349 3370 πολὺν

1807 3419 1978 3471 ταῦτά
2008 3420 2171 3471 ἐστιν.
2216 3421 2355 3487 ’Λρα
2381 3420 2439 3470 οὐ
2480 3421 2604 3489 περὶ
2644 3421 2739 3489 τῆς
2772 3422 2955 3473 ἀνόδου
2986 3422 3188 3493 θρηνεῖ,
3216 3423 3353 3475 ἀλλά

1810 3518 1945 3587 μετά
1981 3516 2040 3568 τὸ
2072 3516 2307 3569 ἀνελθεῖν
2336 3518 2460 3585 περὶ
2486 3518 2591 3568 τῶν
2628 3519 2967 3572 ἀνελθόντων.

2299 3629 2447 3699 [253]
2478 3632 2720 3682 ΚΕΦΑΛ.
2752 3632 2848 3684 ll".

1879 3748 1983 3800 Kal
2034 3749 2066 3799 ὁ
2117 3745 2410 3809 ,βασιλεὺς
2452 3746 2779 3813 Ἀστυάγης
2831 3747 3152 3815 προσετέθη
3204 3751 3352 3817 πρὸς

1809 3848 1946 3910 τοὺς
1986 3844 2238 3911 πατέρας
2288 3844 2503 3897 αὐτοῦ·
2548 3845 2643 3897 καὶ
2708 3846 3040 3912 παρέλαϐεν
3077 3848 3268 3915 Κῦρος
3319 3851 3352 3901 d

1810 3945 2042 4013 Πέρσης
2092 3944 2203 4011 τὴν
2244 3945 2565 4007 βασιλείαν
2613 3946 2816 3999 αὐτοῦ,
2850 3946 2955 3998 Kal
3013 3943 3090 4014 ἦν
3132 3947 3352 4014 Δανιὴλ

1810 4048 2140 4115 συμϐιώτης
2206 4046 2309 4098 τοῦ
2352 4047 2647 4111 βασιλέως
2674 4086 2687 4109 ,
2752 4049 2849 4099 καί
2901 4048 3145 4114 ἔνδοξος
3206 4052 3354 4119 ὑπὲρ

1811 4146 2037 4208 ,πάντας
2056 4145 2192 4209 τοὺς
2219 4146 2431 4213 φίλους
2468 4146 2672 4199 αὐτοῦ.
2702 4145 2781 4198 Τά
2804 4147 2942 4199 κατά
2965 4148 3054 4200 τὸν
3089 4149 3193 4219 Βὴλ
3224 4152 3355 4220 ἡμῖν

1811 4243 2110 4313 ἀνέγραψεν
2136 4243 2163 4294 ό
2188 4244 2403 4312 Δανιήλ.
2441 4246 2564 4311 Οὐχ
2594 4243 2756 4310 ὁρᾷς,
2804 4248 2954 4315 φησὶ,
2986 4249 3145 4299 πόσα
3168 4248 3353 4299 ἐσθίει

1813 4342 1908 4395 καί
1941 4344 2137 4402 πίνει;
2185 4340 2373 4405 Ba6al,
2404 4342 2585 4411 ἡλίκον
2615 4344 2909 4411 τεκμήριον
2936 4342 3074 4404 θεοῦ,
3105 4344 3195 4395 καὶ
3221 4343 3357 4410 γνώ-

1816 4459 2003 4512 ρισμα,
2021 4442 2081 4494 τὸ
2108 4441 2273 4493 πολλά
2292 4440 2486 4493 ἐσθίειν
2506 4445 2596 4492 καὶ
2619 4441 2807 4492 πίνειν.
2828 4442 2883 4491 ’0
2899 4441 3090 4510 Δανιὴλ
3120 4444 3214 4494 οὐκ
3234 4439 3352 4495 εἷπε

3000 4540 3224 4610 ἀσθενὴς
3248 4541 3359 4613 γὰρ

1813 4633 1879 4707 ἦν
1913 4640 2145 4699 ἐκεῖνος·
2200 4638 2313 4690 ἀλλ’
2342 4639 2404 4687 ὲκ
2437 4634 2743 4703 περιουσίας
2774 4636 3037 4707 ἐνίκησεν.
3081 4639 3219 4705 Ἐγὼ
3274 4656 3356 4693 σοι

1815 4736 1903 4787 τὸν
1934 4736 2063 4787 Θεὸν
2107 4734 2237 4805 [τὸν]
2274 4734 2529 4785 κτίσαντα
2560 4736 2649 4787 τὸν
2687 4734 2911 4804 οὐρανὸν
2945 4736 3088 4803 ’λέγω
3139 4738 3229 4790 καὶ
3258 4740 3358 4807 τὴν

1813 4541 1966 4592 τοῦτο
1993 4551 2020 4580 ι
2046 4556 2059 4570 ·
2143 4538 2309 4592 Τοῦτο
2336 4537 2426 4591 οὖν
2463 4538 2609 4595 Θεὸς.
2638 4538 2756 4589 είπέ
2786 4555 2870 4607 μοι
2895 4556 2908 4603 ;

1815 4835 1951 4901 γῆν·
1984 4838 2047 4886 σὺ
2076 4835 2130 4885 δέ
2173 4851 2259 4901 μοι
2298 4834 2531 4902 γαστέρα
2589 4834 2915 4903 μαινομένην
2965 4835 3228 4904 παράγεις
3280 4838 3359 4897 είς

1822 4934 1979 5002 μέσον
2004 4951 2017 4996 ;
2042 4933 2207 4984 Τοῦτο
2242 4932 2469 5001 μάλιστα
2484 4933 2580 4983 οὐκ
2602 4932 2667 4983 ἂν
2687 4933 2770 4999 εἴη
2802 4932 2963 4983 Θεοῦ·
2998 4932 3125 4993 Θεὺς
3158 4932 3262 5002 γὰρ
3297 4934 3358 4985 οὐ

1821 5032 2077 5093 πεινάσει,
2091 5030 2151 5081 οὑ
2169 5030 2435 5083 κοπιάσει.
2454 5030 2587 5081 Ἀλλ’
2604 5032 2662 5081 οὑ
2688 5030 2926 5097 βούλεται
2940 5030 3044 5081 ἀπὸ
3065 5030 3357 5099 λογισμῶν,

1819 5133 1949 5185 ἁλλά
1981 5130 2085 5184 ἀπὸ
2135 5131 2467 5199 πραγμάτων
2499 5131 2669 5198 νικᾷν.
2716 5130 2822 5181 Kal
2861 5129 3126 5198 τιμωρίαν
3165 5129 3359 5199 ὥρισεν

1821 5229 1976 5289 αὐτὸς
2001 5229 2027 5279 ὁ
2058 5226 2320 5294 βασιλεύς.
2348 5228 2500 5287 Τίνος
2527 5226 2705 5276 ἕνεκεν
2730 5225 2849 5294 οὐχὶ
2874 5225 3151 5295 παρόντων
3172 5224 3359 5285 ἐσθίει,

1820 5328 1929 5379 ἀλλ’
1960 5329 2015 5377 έν
2032 5326 2181 5378 νυκτί
2200 5342 2211 5389 ;
2231 5325 2351 5385 Πῶς
2368 5326 2557 5375 ἐκεῖνοι
2576 5323 2729 5375 τοῦτο
2741 5325 2797 5376 οὐ
2820 5324 3069 5388 συνεῖδον,
3091 5325 3169 5376 ὅτι
3191 5321 3358 5391 ἠμελ-

1887 5634 1908 5660 θ
1937 5631 2101 5679 Τοῦτο.
2135 5628 2233 5679 Vox
2254 5626 2455 5683 inutilis,
2476 5624 2634 5673 forsan
2656 5624 2877 5673 delenda.
