4032 6220
250 400 363 451 245

244 495 428 545 Daniel
458 491 675 545 conviva
705 490 842 558 regis
862 532 875 553 ,
901 498 953 544 et
980 491 1237 559 gloriosus
1264 504 1419 557 super
1447 510 1630 548 omnes
1657 499 1791 548 ami—

242 594 334 633 cos
362 584 494 645 ejus.
534 598 551 630 ι
588 580 715 644 Qure
742 582 804 632 ad
838 580 1016 634 Belum
1060 590 1297 648 spectant
1327 580 1602 653 descripsit
1647 586 1797 638 nobis

247 672 447 724 Daniel.
482 672 531 723 5.
566 670 745 723 Nonne
770 672 921 734 vides,
957 671 1158 738 inquit,
1188 683 1374 737 quanta
1402 674 1622 724 comedat
1644 686 1687 725 et
1718 675 1794 725 bi-

245 759 367 810 bat?
392 760 563 825 Papae,
587 760 736 827 quale
757 766 1117 825 argumentum
1137 774 1198 812 ac
1218 760 1464 813 indicium
1487 761 1789 827 divinitatis,

246 849 409 899 multa
441 847 596 900 edere
626 862 686 899 ac
729 846 942 899 bibere!
982 846 1158 901 Daniel
1191 862 1291 900 non
1327 848 1457 900 dixit
1488 865 1500 899 :
1534 849 1793 915 lioccine,

245 950 424 1003 quzcso
444 978 458 1000 ,
487 946 566 987 est
596 935 767 987 Deus?
794 934 1086 987 imbecillus
1112 936 1252 988 enim
1286 945 1398 988 erat
1441 952 1536 989 rex
1567 954 1578 989 :
1611 937 1703 989 sed
1731 952 1795 991 ex

243 1022 528 1075 abundanti
556 1024 697 1075 vicit.
731 1023 837 1090 Ego
868 1023 957 1075 tibi
1005 1024 1162 1075 Deum
1189 1022 1328 1088 dico,
1356 1024 1443 1091 qui
1469 1026 1662 1078 creavit
1691 1040 1798 1079 eae-

246 1111 353 1163 lum
383 1121 435 1165 et
458 1121 681 1173 terrain;
716 1120 768 1163 tu
799 1126 924 1163 vero
953 1110 1077 1162 mihi
1111 1120 1346 1163 ventrem
1376 1112 1583 1164 avidum
1612 1114 1797 1180 produ-

246 1202 325 1253 cis
365 1201 416 1253 in
467 1200 729 1254 medium?
759 1200 866 1252 Hoc
916 1200 1139 1253 maxime
1170 1199 1259 1252 Dei
1288 1215 1405 1253 esse
1452 1216 1552 1254 non
1581 1210 1751 1270 potest
1779 1216 1793 1254 :

246 1290 386 1342 Deus
430 1290 681 1358 siquidem
728 1304 831 1341 non
860 1288 1074 1354 esuriet,
1107 1306 1210 1342 non
1254 1290 1569 1358 fatigabitur.
1604 1292 1795 1345 Verum

250 1379 538 1430 rationibus
568 1377 883 1431 contendere
926 1393 1027 1429 non
1054 1378 1163 1430 vult
1187 1420 1201 1441 ,
1232 1379 1320 1431 sed
1347 1380 1501 1433 rebus
1532 1382 1708 1434 vincit.
1736 1383 1799 1436 Et

252 1467 560 1533 supplicium
606 1466 717 1533 ipse
761 1480 852 1519 rex
901 1465 1155 1519 deﬁnivit.
1198 1465 1311 1530 Qua
1354 1468 1419 1521 de
1447 1484 1602 1521 causa
1644 1469 1797 1524 Belus

248 1607 365 1642 vero
387 1608 446 1642 ex
474 1594 673 1655 Vulgata
694 1607 753 1655 ap

841 1598 969 1658 uisse
993 1602 1150 1643 notam
1173 1598 1381 1658 capitis;
1410 1596 1457 1658 id
1492 1598 1635 1643 etiam
1668 1605 1801 1658 patet

248 1668 312 1701 ex
340 1668 398 1701 eo
416 1657 539 1715 quod
564 1657 701 1715 capiti
730 1657 745 1702 1

806 1656 1048 1713 praeﬁxum
1067 1664 1141 1703 est
1164 1658 1209 1702 iu
1224 1655 1334 1702 meo
1351 1655 1539 1715 Codice,
1554 1670 1615 1715 ιβ’.
1635 1655 1698 1712 ut",
1713 1660 1801 1707 hoc

249 1723 342 1769 est,
382 1714 455 1761 l2.
495 1715 569 1761 14.
613 1714 871 1761 Secundum
911 1716 1037 1776 quod
1073 1723 1281 1762 notatum
1305 1714 1466 1771 velim,
1498 1718 1541 1762 in
1570 1730 1625 1763 ea
1649 1718 1799 1767 videri

248 1787 360 1820 esse
383 1776 620 1821 sententia
644 1784 853 1821 nostrum
876 1782 1117 1830 Joannem,
1141 1781 1194 1821 ut
1239 1776 1480 1822 existimet
1504 1776 1627 1822 hunc
1650 1780 1799 1825 versi-

246 1833 405 1905 culum
428 1835 674 1905 pertinere
702 1835 1027 1905 -ad_histo_riam
1066 1833 1180 1891 Beli,
1209 1840 1280 1905 _et
1304 1836 1375 1905 ‘ad
1408 1835 1524 1905 Cyri.
1550 1844 1797 1902 tempora;

246 1902 522 1939 nouantem
546 1893 601 1939 ad
626 1894 863 1939 historiam
902 1900 1138 1949 Susanna,
1175 1901 1225 1940 et
1262 1894 1319 1939 ad
1351 1893 1554 1941 Danielis
1571 1893 1798 1949 juventu-l

246 1957 347 2021 t_em
373 1966 383 1998 :
406 1953 538 2021 atqui
562 1964 699 2021 supra
723 1952 933 2021 't'om.__2,
961 1960 1011 1999 et
1035 1953 1227 1999 Humilia
1251 1954 1467 2021 primani‘n
1492 1952 1717 2021 Psalmum
1740 1958 1800 2005 50

247 2017 377 2081 Tum.
405 2013 457 2081 5,
476 2012 521 2058 in
548 2012 777 2081 contraria
796 2013 907 2081 abit,
933 2024 989 2081 _ac
1010 2025 1176 2081 parum
1200 2013 1517 2081 verisimiliter
1537 2017 1699 2081 scribit
1718 2024 1801 2081 Da-_

252 2070 427 2133 uielein
446 2078 557 2116 tunc
576 2072 800 2133 temjoris
821 2070 1148 2133 duodecimum
1171 2072 1322 2118 aetatis
1336 2085 1509 2119 annum
1528 2076 1799 2133 egisse,qui

252 2090 427 2115 HICICHI
448 2090 557 2116 tunc
576 2090 800 2129 [CUIIUI‘IS
821 2090 1148 2118 υυυυευιιιιυιιι
1171 2090 1322 2118 acutus
1336 2090 1509 2119 uuuum
1528 2090 1706 2133 831558,
1752 2090 1799 2122 ω

248 2136 326 2191 est
350 2130 492 2191 etiam
516 2130 882 2188 Pseudo-fgnatit
902 2142 1050 2177 error.
1079 2139 1169 2178 Nec
1191 2143 1475 2191 quemquam
1500 2146 1694 2182 movere
1716 2090 1801 2183 3c-

249 2188 334 2235 bet
356 2189 459 2238 haec
478 2191 749 2246 diversitas,
776 2192 823 2235 in
845 2202 902 2237 re
925 2191 1167 2251 pracipue
1186 2188 1311 2238 adeo
1328 2188 1553 2239 obscura.

1657 388 1720 442 IN
1760 390 2119 447 DANIELEM.

3348 420 3456 472 246

1904 500 2071 566 palam
2095 510 2146 554 et
2166 510 2288 555 ante
2311 503 2489 556 oculos
2513 505 2744 559 omnium
2768 522 2870 561 non
2888 511 3131 576 comedit,
3158 515 3249 568 sed
3268 518 3447 571 noctu?

1902 588 2172 651 Quomodo
2195 591 2493 644 sacerdotes
2535 608 2638 646 non
2673 596 3053 662 perspiciebant
3097 614 3154 654 se
3182 616 3275 669 per
3302 617 3443 659 suam

1903 678 2153 730 fallaciam
2181 680 2471 733 convictum
2496 681 2593 733 iri?
2617 682 2835 747 Quando
2858 685 2991 739 Deus
3008 688 3293 757 diSpensat,
3316 693 3444 747 nihil

1901 766 2125 819 mireris.
2157 767 2243 820 21.
2273 767 2338 819 Et
2364 769 2539 820 occidit
2560 770 2691 832 illos,
2725 772 2908 840 inquit.
2936 774 3068 839 Quid
3097 778 3252 844 igitur
3278 780 3446 833 adhuc

1901 853 1965 904 de
1993 854 2255 906 dracone?
2303 855 2528 909 belluam
2575 858 2761 925 aliquis
2809 860 3028 913 adorat?
3068 863 3215 919 Illum
3264 867 3443 921 Daniel

1902 942 2179 997 interfecit.
2211 943 2369 998 Vides
2395 960 2550 1013 quam
2593 946 2897 1011 dementes,
2944 968 3097 1019 quam
3128 955 3297 1022 ignavi
3340 960 3445 1010 sint

1901 1044 2049 1097 reges
2067 1032 2339 1087 Persarum
2354 1038 2375 1084 τ’
2390 1036 2476 1090 29.
2508 1034 2729 1087 Tradidit
2749 1036 3019 1091 Danielem.
3039 1043 3201 1105 Quam
3222 1045 3287 1097 ob
3309 1061 3442 1110 rem,

1902 1130 2019 1187 post
2044 1122 2311 1175 victoriam
2335 1124 2463 1178 adeo
2488 1126 2775 1179 illustrem?
2797 1128 2880 1180 35.
2914 1130 3237 1184 Ambacumus
3257 1143 3441 1199 autem,

1903 1209 2101 1275 inquit,
2136 1214 2399 1278 prandium
2427 1215 2588 1265 attulit
2627 1214 2842 1267 Danieti.
2894 1215 3062 1269 Cerne
3108 1222 3438 1275 miraculum.

1901 1296 2083 1352 Nonne
2110 1303 2247 1352 enim
2280 1312 2478 1368 poterat
2506 1303 2579 1355 illi
2608 1303 2814 1357 aliunde
2858 1304 3027 1357 all‘erri
3057 1307 3201 1359 cibus
3220 1348 3233 1369 ,
3274 1326 3426 1376 quam

1903 1405 1931 1441 a
1962 1390 2185 1443 Judara?
2230 1392 2337 1445 Hoc
2380 1401 2583 1460 gratum
2631 1404 2743 1446 erat
2798 1394 3101 1460 prophetae,
3149 1412 3213 1450 ne
3262 1398 3442 1451 eadem

1905 1480 2090 1532 iterum
2114 1491 2291 1549 ageret
2316 1524 2328 1547 ,
2354 1498 2468 1550 quae
2495 1484 2591 1536 sub
2616 1483 2855 1536 eunucho
2877 1484 3090 1549 fecerat,
3116 1501 3247 1538 neve
3268 1488 3446 1539 existi-

1904 1582 2053 1622 mans
2103 1584 2336 1622 mensam
2389 1572 2635 1637 pollutam
2682 1586 2842 1634 esse,
2894 1574 3081 1625 famem
3130 1575 3444 1629 intenderet.

1905 1656 2054 1709 Unde
2080 1659 2292 1724 agnovit
2319 1659 2722 1711 Ambacumutn?
2752 1660 2825 1711 Ex
2870 1659 3122 1712 affinitate
3154 1661 3340 1728 lingua:
3385 1677 3445 1715 ac

1906 1744 2071 1797 vocis.
2102 1744 2325 1797 Futurus
2351 1753 2464 1799 erat
2494 1746 2580 1798 ille
2604 1747 2830 1798 maxime
2856 1747 3089 1799 miraculi
3116 1764 3285 1815 praeco
3311 1751 3444 1816 apud

1904 1848 1994 1887 eos
2037 1835 2123 1901 qui
2171 1836 2219 1886 in
2248 1834 2427 1887 Judtea
2476 1834 2799 1887 habitabant.
2834 1835 2929 1901 Qui
2960 1837 3123 1903 potuit
3161 1837 3317 1891 homo
3344 1855 3444 1892 non

1904 1924 2088 1977 timere
2116 1923 2290 1977 feras?
2317 1923 2411 1976 Hic
2439 1922 2646 1989 quidem
2675 1925 2997 1986 comedebat,
3034 1926 3135 1977 illa:
3162 1941 3282 1979 vero
3304 1928 3445 1994 jeju-

1904 2012 2115 2064 nabant.
2147 2012 2309 2074 Esto,
2339 2026 2557 2078 corpore
2587 2012 2684 2063 viri
2708 2012 2832 2077 justi
2876 2013 3257 2065 abstinuerint:
3286 2030 3447 2080 quare

1904 2100 2059 2151 etiam
2106 2098 2437 2151 abstinebant
2483 2100 2640 2150 cibo?
2692 2098 2861 2150 Veluti
2910 2114 3092 2152 camus
3142 2100 3350 2167 quidam
3381 2116 3442 2152 ac

1904 2185 2106 2239 frenum
2137 2187 2249 2239 illas
2284 2186 2601 2239 continebat.

262 2330 3401 2366 Μ

1295 2672 1393 2730 AD
1444 2672 1649 2732 ΗΟΜΙ
1662 2674 1852 2732 LIAM
1901 2674 2390 2745 SEQUENTEM.

246 2912 357 2977 ille,
385 2914 540 2981 cujus
582 2914 977 2975 strenuitatetn,
1021 2926 1248 2965 acumen
1275 2912 1495 2980 ingenii,
1542 2921 1700 2979 atque
1724 2912 2063 2981 διαλεκτικὴν
2090 2913 2295 2980 experti
2333 2928 2473 2981 sepe
2510 2913 2737 2966 fuerant.
2769 2912 2919 2967 Unde
2956 2913 3166 2967 mireris
3196 2912 3428 2967 Flaviani

246 3047 581 3115 modestiam,
616 3050 888 3117 pietatem,
940 3047 1101 3101 animi
1133 3048 1533 3117 ingenuitatem,
1581 3045 1671 3113 qui
1710 3061 1766 3099 se
1795 3061 1825 3098 a
1865 3048 2172 3117 presbytero
2213 3064 2309 3102 suo
2340 3048 2440 3103 sibi
2471 3049 2684 3102 subdito
2727 3050 2798 3101 ita
2828 3049 3054 3103 libenter
3091 3049 3347 3103 fateretur
3375 3061 3429 3105 et

243 3182 486 3234 doctrina
513 3190 567 3234 et
594 3181 895 3249 eloquentia
926 3193 1185 3247 superari.
1223 3176 1630 3245 Chrysostomus
1662 3190 1809 3238 vero,
1845 3186 1901 3228 ut
1926 3186 2040 3230 erat
2066 3178 2390 3240 moderatus,
2422 3185 2477 3230 et
2502 3191 2531 3229 a
2563 3176 2773 3244 propria
2818 3177 2972 3230 laude
2996 3178 3224 3243 alienus,
3273 3180 3427 3232 initio

247 3314 591 3369 vehementer
613 3314 853 3383 queritur
895 3311 997 3365 sibi
1022 3311 1256 3365 delatum
1304 3326 1499 3363 munus
1533 3325 1650 3363 esse
1685 3326 1715 3363 a
1745 3311 1963 3364 doctore
2002 3326 2120 3375 suo,
2149 3312 2239 3379 qui
2266 3327 2391 3365 vere
2422 3312 2541 3365 fons
2567 3310 2822 3364 doctrina:
2862 3321 3022 3373 esset,
3055 3320 3109 3363 et
3136 3313 3273 3365 hanc
3300 3329 3428 3381 pru-

242 3450 477 3502 vinciam
510 3452 672 3519 probe
701 3454 972 3521 suscipere
1001 3462 1200 3522 posset.
1234 3452 1435 3505 Deinde
1464 3465 1589 3503 vero
1619 3459 1989 3519 argumentum
2018 3449 2443 3503 adversariorum
2472 3459 2579 3504 tam
2614 3458 2852 3514 strenue,
2884 3457 2991 3502 tam
3016 3450 3158 3504 clare
3189 3450 3425 3519 depellit,

244 3595 303 3638 ut
342 3586 550 3639 nescias
584 3596 756 3639 utram
788 3588 952 3657 magis
986 3588 1216 3651 mireris,
1246 3587 1604 3654 eloquentiam
1629 3601 1693 3637 an
1719 3586 2009 3639 dialectica:
2041 3586 2171 3639 vim.

308 3720 526 3774 Certum
554 3722 713 3791 igitur
756 3733 839 3777 est
868 3725 1005 3777 hanc
1050 3724 1364 3777 concionem
1396 3722 1692 3780 Antiochia:
1735 3722 1787 3774 in
1817 3737 2003 3791 magna
2031 3722 2277 3784 ecclesia,
2320 3731 2379 3775 ut
2405 3721 2507 3775 fert
2540 3722 2745 3788 titulus,
2780 3733 3149 3790 prazsenteque
3176 3722 3427 3774 Flaviano

240 3856 474 3909 habitam
503 3855 686 3916 fuisse.
719 3873 837 3911 cum
860 3860 966 3925 jam
992 3858 1401 3927 Chrysostomus
1434 3858 1487 3909 in
1515 3870 1701 3923 magna
1727 3864 1869 3909 esset
1899 3858 2037 3923 apud
2072 3857 2434 3909 Antiochenos
2460 3856 2868 3908 existimatione.
2896 3856 3029 3908 Hinc
3058 3864 3138 3909 est
3169 3855 3308 3923 quod
3339 3854 3423 3907 illa

238 3991 340 4042 alia
373 3991 588 4044 homilia
622 3992 1005 4061 Chrysostomi,
1036 4006 1154 4057 quae
1194 3990 1355 4056 hujus
1386 3989 1645 4041 habenda:
1677 3987 1887 4040 occasio
1913 3987 2031 4051 fuit,
2073 3987 2331 4054 cujusque
2361 3994 2514 4037 notas
2542 3984 2740 4051 aliquot
2784 3985 2837 4036 in
2889 3986 2987 4038 hac
3014 3987 3425 4054 Chrysostomus

238 4128 479 4193 exhibet,
508 4139 566 4183 ut
592 4144 691 4184 nos
719 4146 877 4199 supra
901 4130 1152 4193 diximus,
1192 4129 1301 4197 jam
1329 4143 1436 4181 non
1466 4138 1769 4196 compareat
1798 4129 1935 4181 inter
1978 4128 2091 4179 illas
2118 4126 2362 4179 homilias
2394 4140 2524 4192 quas
2567 4134 2750 4177 contra
2796 4124 3083 4178 Anomaaos
3125 4125 3249 4177 Anti
3264 4126 3423 4180 )chize

238 4266 601 4334 pronuntiavit
650 4264 1055 4334 Cbrysostomus
1113 4265 1298 4317 decem
1361 4277 1633 4314 numero:
1680 4276 1915 4328 quasque
1956 4260 2218 4312 edidimus
2276 4258 2448 4323 primo
2504 4255 2704 4319 Tomo,
2768 4256 2961 4309 additis
3028 4257 3304 4309 undecima
3370 4266 3423 4310 et

238 4406 574 4470 duodecima,
605 4420 721 4473 qua
750 4400 1230 4471 Constantinopoli,
1262 4400 1387 4453 item
1421 4408 1603 4452 contra
1628 4398 1933 4460 Anommos,
1977 4396 2171 4448 habitae
2214 4402 2355 4447 sunt.
2399 4393 2503 4445 Illae
2537 4393 2676 4445 enim
2710 4392 2893 4445 decem
2932 4392 3159 4445 homilia:
3188 4408 3250 4445 eo
3281 4408 3423 4445 anno

242 4550 401 4603 dicta:
433 4554 560 4601 sunt
587 4558 693 4614 quo
719 4545 831 4611 ipse
860 4542 1138 4612 presbyter
1169 4539 1341 4592 factus
1367 4545 1466 4598 est,
1493 4546 1546 4589 et
1576 4534 1878 4589 concionari
1907 4532 2086 4598 coepit,
2120 4545 2309 4597 nempe
2344 4545 2484 4583 anno
2507 4527 2628 4589 586,
2670 4535 2721 4579 et
2748 4543 2889 4581 anno
2919 4528 3162 4595 sequenti
3202 4529 3321 4581 387.
3358 4529 3425 4579 At

238 4675 356 4728 hac
381 4676 618 4740 homilia,
645 4686 701 4729 ut
728 4686 782 4729 et
811 4690 872 4728 ea
919 4687 1037 4741 quae
1081 4672 1249 4739 ipsam
1282 4667 1635 4739 praecedebat,
1668 4676 1788 4734 post
1816 4666 1930 4718 illas
1973 4664 2151 4716 habita
2200 4662 2317 4723 fuit,
2354 4675 2473 4713 cum
2504 4674 2568 4712 ex
2618 4657 2835 4711 assiduo
2862 4653 3217 4708 concionandi
3254 4652 3427 4705 omcio

236 4822 485 4875 magnum
528 4807 628 4863 sibi
655 4807 945 4862 Antiochiae
974 4822 1170 4861 nomen
1210 4806 1505 4874 peperisset
1525 4804 1955 4872 Chrysostomus.
1988 4802 2056 4854 De
2084 4814 2223 4853 anno
2253 4808 2431 4850 autem
2453 4796 2585 4848 nihil
2620 4808 2837 4863 prorsus
2863 4794 3139 4845 habemus.

303 4941 800 5011 [interpretationem
827 4948 1065 4996 nostram
1087 4940 1329 4994 Latinam
1353 4939 1417 4993 ad
1444 4938 1602 4993 tidem
1633 4936 1976 4991 Ottoboniani
2006 4933 2323 5003 exemplaris
2353 4930 2634 4985 edidimus.
