4032 6220
600 356 708 410 247

1287 340 1341 397 S.
1377 338 1648 397 JOANNIS
1682 333 2143 395 οῐιιιγεοετοω
2179 334 2493 392 ARCHIEP.
2529 333 3055 391 CONSTANTINOP.

1093 561 1365 575 -ἱ-Ξ-υ
1390 561 1737 572 —-——-——

1562 695 1929 768 SANCTI
1992 689 2377 762 PATRIS
2417 689 2556 759 ΝΟ
2573 689 2823 759 STRI

979 878 1813 1031 JOANNIS
1905 835 3389 1029 CHRYSOSTOMI,

604 1161 664 1204 IN
710 1159 924 1203 κιαιυ
970 1151 1254 1196 ECCLESIA
1265 1175 1281 1203 ,

1326 1145 1455 1189 CUM
1496 1135 1693 1182 PAUCA
1735 1126 2067 1174 PREFATUS
2109 1123 2293 1167 ESSET
2337 1120 2682 1172 EPISCOPUS,
2728 1119 2791 1161 IN
2835 1119 3020 1162 ILLUD
3063 1121 3417 1166 BVANGBLU.
3467 1122 3667 1164 FILIUS
3715 1121 3798 1164 ιεί

881 1197 954 1295 sn
994 1248 1127 1292 IPSO
1169 1197 1344 1289 nutu.
1382 1237 1590 1290 non,
1632 1229 1753 1273 ms:
1795 1225 1962 1278 QUOD
2003 1220 2261 1266 thnmr
2303 1217 2553 1259 ωηιξη
2596 1217 2955 1259 FACIENTBM
3001 1197 3211 1274 (Joan.
3259 1199 3316 1258 5.
3367 1202 3487 1280 19).

1992 1409 2385 1443 W—

671 1578 724 1633 Ι.
767 1574 812 1630 ο
846 1568 1182 1626 violentiam!
1226 1581 1259 1619 o
1289 1562 1650 1635 tyrannidem!
1695 1558 1890 1612 Doctor
1933 1560 2142 1613 noster,

599 1667 688 1735 qui
713 1680 759 1718 at
783 1674 837 1719 te
862 1677 957 1715 nos
998 1657 1239 1726 praefatus
1260 1663 1358 1714 est,
1389 1652 1590 1718 plenam
1618 1662 1735 1702 cum
1766 1643 1979 1696 haberet
2000 1640 2144 1708 phia-

600 1756 738 1815 lam,
767 1751 982 1806 summis
1029 1755 1226 1800 tantum
1271 1743 1431 1795 labris
1475 1739 1716 1807 poculum
1765 1729 2141 1800 degustandum

603 1842 752 1896 nobis
777 1838 1066 1908 propinavit
1089 1852 1100 1886 :
1132 1835 1181 1886 id
1203 1841 1375 1885 autem
1403 1829 1521 1884 fecit
1547 1843 1648 1879 non
1677 1826 1745 1879 ob
1771 1822 2021 1876 doctrina:
2048 1832 2144 1885 pe-

604 1931 837 1985 nariam:
866 1942 984 1980 nam
1011 1923 1166 1977 fontis
1189 1924 1348 1974 instar
1367 1918 1620 1971 scaturire
1643 1915 1808 1976 solet;
1840 1911 1929 1965 sed
1956 1923 2141 1977 quem-

602 2019 878 2075 admodum
905 2016 1009 2070 dixi
1032 2055 1046 2076 ,
1079 2021 1132 2066 ut
1153 2019 1337 2065 vestra:
1360 2006 1588 2060 caritatis
1618 2000 1941 2074 tyrannidem
1973 1996 2141 2065 palam

602 2109 828 2169 faceret,
852 2119 1004 2172 quam
1027 2115 1147 2169 erga
1175 2098 1475 2151 tenuitatem
1506 2103 1738 2147 nostram
1784 2087 2032 2142 exhibere
2053 2099 2141 2136 so-

603 2199 752 2250 letis:
780 2211 838 2247 ea
864 2194 928 2246 de
945 2205 1100 2244 causa
1129 2189 1232 2240 cito
1263 2185 1419 2238 tacuit
1440 2191 1838 2245 sermonemque
1862 2172 2138 2235 conclusit,

600 2292 655 2336 ut
677 2291 851 2334 vestro
873 2278 1132 2332 desiderio
1153 2273 1523 2342 gratiﬁcaretur
1545 2286 1558 2331 ;
1587 2278 1639 2322 et
1664 2267 1755 2320 toti
1781 2262 2028 2319 solvendo
2052 2261 2145 2314 de-

602 2373 710 2426 bito
750 2383 846 2423 nos
881 2364 1132 2419 obnoxios
1157 2360 1443 2416 constituit.
1473 2358 1602 2423 Quia
1629 2355 1785 2422 igitur
1813 2360 1865 2404 et
1903 2351 1946 2403 is
1992 2349 2142 2401 nobis

601 2458 804 2512 dicendi
832 2457 946 2509 loco
974 2451 1167 2517 cessit,
1190 2459 1242 2504 et
1282 2462 1377 2501 vos
1404 2454 1582 2500 nostro
1609 2444 1674 2497 ab
1702 2456 1791 2495 ore
1813 2437 2040 2509 pendere
2066 2435 2144 2488 vi-

599 2548 717 2600 deo.
748 2557 961 2598 necesse
1000 2541 1206 2593 tandem
1243 2546 1323 2590 est
1358 2545 1415 2588 ut
1454 2534 1516 2586 ad
1555 2530 1837 2585 certamina
1868 2539 1962 2578 nos
1987 2537 2144 2577 exua-

602 2648 716 2687 nms
754 2650 766 2684 :
797 2648 889 2684 vos
912 2639 1084 2683 autem
1117 2627 1240 2680 mihi
1272 2638 1423 2692 opem
1466 2621 1616 2681 ferte,
1643 2627 1696 2672 et
1733 2629 1944 2670 manum
1974 2611 2140 2681 porri-

599 2721 739 2788 gite,
781 2718 1023 2788 precibus
1053 2723 1285 2768 nostram
1311 2709 1595 2764 excitantes
1615 2705 1861 2772 linguam,
1890 2710 1943 2754 et
1969 2707 2140 2752 atten-

601 2787 741 2863 tione
762 2787 918 2861 animi
948 2805 1146 2858 facilem
1179 2809 1419 2870 parantes
1443 2796 1692 2852 doctrinae
1714 2793 1869 2845 viam.
1899 2787 2141 2856 Quando-

597 2896 806 2965 quidem
823 2893 1074 2962 pr0pheta
1095 2905 1194 2944 non
1212 2886 1569 2941 admirabilem
1588 2881 1744 2936 modo
1760 2877 2135 2939 consiliarium,

597 2963 691 3039 sed
720 2985 874 3038 etiam
902 2981 1205 3050 prudentem
1236 2977 1525 3030 auditorem
1549 2972 1775 3041 postulat
1802 2967 1958 3037 (Isai.
1984 2967 2035 3019 5.
2059 2963 2135 3032 5).

598 3074 710 3126 Νοη
738 3073 875 3125 enim
925 3070 1035 3122 leve
1087 3067 1234 3119 nobis
1265 3074 1531 3117 certamen
1563 3060 1717 3113 hodie
1762 3067 1992 3126 paratum
2021 3063 2134 3118 est,

598 3161 689 3216 sed
723 3160 859 3228 quod
892 3158 1066 3210 multis
1087 3163 1236 3222 egeat
1262 3151 1530 3220 precibus,
1558 3149 1717 3202 multa
1744 3145 2038 3199 auditorum
2064 3143 2141 3194 vi-

596 3249 844 3320 gilantia,
879 3246 1038 3299 multa
1081 3240 1438 3297 concionantis
1484 3237 1778 3305 diligentia,
1825 3242 1879 3286 ut
1915 3247 2028 3301 qua:
2055 3229 2138 3284 di-

595 3337 760 3392 cenda
786 3345 906 3390 sunt
926 3341 1232 3387 etaccurate
1255 3329 1598 3398 proferantur,
1623 3338 1674 3379 et
1697 3333 1806 3378 tuto
1832 3325 1880 3376 in
1907 3321 2139 3375 caritatis

597 3435 786 3478 vestra:
802 3423 989 3475 animis
1015 3422 1329 3473 inserantur.
1362 3416 1526 3483 Cupio
1551 3426 1776 3480 namque
1805 3424 1896 3464 vos
1920 3423 2020 3462 non
2050 3423 2139 3459 an-

597 3514 709 3566 dire
749 3521 947 3565 tantum
969 3551 983 3575 ,
1027 3509 1118 3562 sed
1143 3509 1298 3561 etiam
1326 3503 1554 3566 institui;
1587 3518 1687 3556 non
1713 3501 1914 3555 discere
1949 3497 2133 3550 modo.

597 3600 688 3654 sed
713 3603 867 3653 etiam
895 3597 1118 3659 dueere;
1149 3609 1250 3647 non
1281 3594 1515 3659 accipere
1539 3591 1703 3643 solum
1725 3629 1740 3654 ,
1769 3587 1859 3641 sed
1901 3587 2055 3639 etiam
2088 3585 2137 3637 in

596 3692 724 3742 alios
752 3689 1122 3742 transmittere.
1142 3684 1228 3738 Sic
1251 3685 1388 3736 enim
1413 3691 1464 3735 ct
1484 3679 1806 3748 splendidius
1829 3677 1974 3730 nobis
1992 3677 2138 3729 thea-

600 3790 732 3831 trum
755 3817 768 3840 ,
800 3786 852 3831 et
893 3776 1059 3842 major
1101 3784 1267 3828 caelus
1304 3772 1430 3835 erit,
1464 3769 1669 3838 quando
1697 3783 1787 3820 vos
1817 3781 1909 3834 per
1937 3780 1994 3818 ea
2024 3779 2139 3832 qua).

599 3867 864 3919 audieritis
888 3905 902 3926 ,
944 3865 1075 3916 alios
1114 3864 1269 3915 etiam
1311 3860 1557 3913 inducere
1600 3856 1854 3924 poteritis.
1886 3854 1940 3907 ln
1969 3855 2138 3920 priore

600 3957 772 4020 itaque
807 3952 1059 4005 concione
1079 3950 1178 4002 hoc
1207 3949 1345 3999 dicto
1385 3946 1682 4013 evangelico
1711 3945 1760 3997 in
1796 3943 2019 3996 medium
2042 3941 2135 3994 ad-

596 4045 752 4097 ducto
772 4084 786 4108 ,
818 4041 969 4094 Pater
992 4056 1127 4093 meus
1151 4055 1301 4106 usque
1329 4037 1472 4088 modo
1496 4044 1746 4102 operatur,
1776 4043 1820 4086 et
1846 4047 1932 4100 ego
1962 4047 2138 4099 aperor

602 4129 778 4198 (Joan.
812 4129 863 4182 5.
894 4128 1021 4197 Π),
1052 4141 1170 4178 cum
1219 4125 1338 4175 hinc
1367 4123 1711 4176 ostendissent
1742 4119 1853 4185 ejus
1891 4133 2009 4171 cum
2040 4117 2140 4170 Ge-

598 4220 768 4273 nitore
815 4218 1160 4283 mqualitatem
1181 4253 1196 4276 ,
1224 4213 1359 4280 quod
1388 4221 1438 4266 et
1468 4225 1622 4278 supra
1663 4209 1892 4264 declarat
1917 4221 2141 4274 evange-

600 4309 718 4363 lista
745 4308 827 4361 his
857 4307 1026 4360 verbis
1043 4345 1056 4368 ,
1092 4304 1360 4370 Propterea
1381 4302 1534 4368 magis
1563 4299 1973 4368 persequebantur
1993 4312 2100 4349 eum
2123 4334 2138 4358 ,

598 4415 695 4450 non
720 4397 880 4450 solum
900 4396 1014 4464 quia
1041 4394 1251 4447 solvebat
1270 4391 1523 4442 sabbatum
1545 4429 1559 4449 ,
1587 4387 1671 4440 sed
1699 4395 1744 4439 et
1773 4387 1971 4439 Patrem
2000 4399 2140 4437 suam

598 4486 792 4539 dicebat
839 4484 1021 4548 Deum,
1051 4482 1287 4548 aequalem
1311 4496 1362 4532 se
1383 4478 1567 4546 faciens
1603 4475 1708 4528 Deo
1740 4474 1916 4542 (Joan.
1949 4474 1999 4527 5.
2028 4472 2138 4538 18),

599 4579 667 4630 ita
711 4590 1008 4630 sermonem
1051 4573 1231 4625 clausi.
1286 4569 1448 4622 llodie
1474 4577 1648 4619 autem
1681 4579 1814 4633 Opus
1841 4574 1921 4617 est
1945 4577 2005 4616 ea
2045 4562 2142 4614 sol-

597 4682 717 4720 vere
738 4706 751 4729 ,
785 4680 900 4734 quae
921 4663 1169 4715 adversus
1203 4660 1314 4711 haec
1341 4657 1592 4726 objiciunt
1619 4653 1870 4707 haeretici.
1898 4651 2141 4716 Quamvis

597 4757 736 4807 enim
768 4755 902 4806 inter
928 4755 1124 4803 amicos
1150 4758 1442 4806 certemus.
1481 4753 1622 4797 tanta
1654 4750 1823 4794 tamen
1852 4738 2142 4793 adhibenda

597 4843 862 4910 diligentia
894 4847 1008 4903 est,
1038 4849 1092 4891 ut
1121 4837 1344 4905 undique
1367 4851 1394 4886 a
1424 4834 1605 4887 fraude
1636 4842 1740 4885 tuta
1779 4839 1829 4884 et
1863 4831 2047 4883 invicta
2077 4829 2144 4882 sit

598 4933 768 4986 oratio
788 4970 802 4994 ,
832 4929 1035 4983 etiamsi
1077 4929 1127 4980 iu
1153 4925 1338 4980 mediis
1369 4923 1604 4977 hostibus
1625 4932 1882 4976 versetur.
1912 4919 1976 4975 Ut
2004 4919 2142 4972 enim

598 5031 719 5074 ante
746 5020 1004 5082 dicebam,
1034 5032 1136 5069 non
1165 5016 1345 5068 audire
1368 5024 1562 5067 tantum
1587 5028 1679 5066 vos
1701 5013 1840 5077 volo,
1873 5011 1964 5066 sed
1987 5011 2142 5065 etiam

598 5110 727 5161 alios
755 5109 1044 5161 instituere.
1076 5104 1197 5158 ldeo
1240 5103 1461 5157 sollicite
1501 5103 1674 5156 studui
1721 5117 1818 5155 vos
1847 5101 2006 5155 armis
2035 5101 2144 5168 spi-

606 5197 879 5251 ritualibus
907 5193 1350 5255 circummunire,
1394 5200 1448 5245 ut
1475 5191 1670 5244 nullum
1714 5190 2004 5244 membrum
2048 5206 2145 5244 nu-

600 5287 725 5339 dum
761 5293 1026 5355 appareat,
1060 5283 1145 5336 vel
1175 5281 1317 5334 letali
1347 5281 1562 5334 vulnere
1587 5279 1928 5334 confodiatur.
1960 5279 2147 5332 Armo-

605 5391 717 5428 rum
745 5375 936 5442 quippe
966 5372 1080 5425 loco
1109 5371 1258 5424 nobis
1287 5379 1367 5422 est
1397 5384 1590 5430 sermo,
1620 5369 1705 5437 qui
1731 5377 1936 5422 nostros
1957 5368 2144 5432 munit,

602 5476 653 5520 et
677 5468 854 5519 hostes
884 5464 1020 5526 ferit;
1050 5462 1196 5526 ferit,
1230 5462 1438 5529 inquam
1461 5500 1475 5523 ,
1508 5474 1611 5513 non
1638 5469 1693 5512 ut
1718 5459 1947 5527 dejiciat,
1976 5456 2066 5511 sed
2095 5465 2150 5509 ut

603 5558 838 5623 jarentes
870 5556 1052 5623 erigat.
1085 5551 1389 5621 llnjusmodi
1427 5552 1566 5604 enim
1608 5564 1792 5617 pugna:
1829 5562 1994 5617 genus
2031 5556 2145 5613 est,

605 5646 744 5714 quod
772 5647 822 5698 in
847 5644 1067 5698 salutem
1094 5650 1273 5696 contra
1305 5640 1642 5710 pugnantium
1678 5649 1929 5708 tr0pa3um
1959 5637 2144 5705 erigat.

2253 1543 2321 1598 Ut
2354 1544 2508 1611 igitur
2533 1543 2634 1596 hoc
2664 1542 2781 1608 fiat,
2807 1552 3006 1599 attento
3031 1544 3212 1602 adeste
3230 1545 3404 1600 animo
3423 1587 3438 1612 ,
3461 1547 3601 1601 omni
3633 1549 3795 1616 ejecta

2249 1632 2483 1684 saeculari
2509 1646 2634 1684 cura
2656 1632 2886 1685 animum
2910 1633 3150 1698 excitate,
3175 1644 3326 1687 acute
3345 1644 3646 1689 cernentem
3675 1653 3796 1690 ocu-

2249 1719 2353 1771 lum
2379 1719 2606 1786 przebete
2633 1720 2782 1772 mihi.
2812 1721 2964 1774 Dives
2986 1736 3051 1775 ne
3077 1723 3312 1775 socordia
3335 1722 3536 1776 difﬂuat
3559 1742 3571 1776 :
3597 1739 3794 1792 pauper

2248 1822 2314 1859 ne
2339 1808 2583 1875 egestatis
2626 1808 2768 1861 curis
2811 1809 3277 1876 opprimatur;sed
3321 1812 3478 1863 missa
3507 1812 3646 1865 omni
3673 1813 3798 1866 vita:

2247 1896 2628 1963 inmqualitate,
2678 1898 2895 1965 quisque
2936 1913 2995 1952 se
3039 1908 3274 1966 paratum
3319 1899 3608 1955 auditorem
3651 1916 3794 1969 prae-

2247 1983 2366 2037 beat
2400 1999 2412 2035 :
2445 1998 2611 2052 neque
2650 1985 2788 2036 enim
2832 1986 2973 2052 parvi
3002 1987 3150 2053 pretii
3191 1996 3341 2051 sunt,
3371 2003 3486 2056 qu:e
3514 2004 3649 2042 nunc
3677 1998 3793 2042 tra-

2245 2081 2470 2125 ctantur.
2521 2072 2641 2125 Ideo
2689 2073 2802 2126 haec
2848 2072 3144 2141 frequenter
3186 2089 3374 2129 moneo
3407 2091 3420 2128 :
3452 2077 3570 2130 novl
3597 2078 3791 2145 quippe

2244 2175 2397 2229 quam
2423 2161 2677 2229 profundo
2699 2161 2748 2213 in
2773 2162 2953 2229 pelago
2974 2163 3293 2230 navigemus.
3325 2164 3398 2218 Ne
3423 2165 3647 2218 turberis
3667 2180 3794 2233 pro-

2245 2252 2458 2306 fundum
2507 2252 2986 2321 audiens:Spiritu
3035 2269 3260 2323 namque
3301 2255 3467 2320 duce,
3513 2271 3615 2310 non
3665 2267 3790 2313 sunt

2242 2355 2391 2407 aquae
2417 2340 2626 2407 caligini
2653 2341 2914 2404 obnoxiae,
2943 2342 3037 2396 sed
3064 2342 3314 2398 facillima
3337 2345 3440 2398 erit
3461 2345 3564 2409 via,
3595 2348 3635 2401 si
3659 2362 3777 2400 eam

2244 2427 2626 2490 tantummodo,
2663 2445 2818 2495 quam
2855 2431 3036 2497 jubeo.
3073 2432 3317 2486 teneatis.
3349 2431 3425 2486 Ne
3470 2435 3774 2499 turbemiui,

2241 2531 2415 2584 neque
2437 2517 2772 2570 moveamini.
2792 2516 2920 2580 Quae
2941 2519 3081 2571 enim
3104 2521 3260 2573 hodie
3279 2523 3562 2590 agitantur,
3582 2524 3779 2576 audito-

2245 2616 2354 2656 rem
2381 2604 2530 2657 initio
2551 2605 2782 2668 turbant,
2807 2605 2965 2674 inque
2985 2607 3368 2661 dubitationem
3389 2609 3705 2677 conjiciunt:
3731 2611 3777 2664 si

2241 2705 2368 2744 vero
2397 2692 2554 2744 finem
2578 2702 2871 2759 exspectet,
2896 2694 2984 2746 ubi
3013 2705 3422 2749 eonsentaneam
3460 2697 3777 2752 solutionem

2241 2778 2456 2843 videbit,
2483 2781 2714 2848 jucunda
2742 2781 2946 2834 fruetur
2981 2783 3376 2851 tranquillitate,
3403 2792 3456 2838 et
3485 2786 3538 2838 in
3566 2797 3779 2855 portum

2241 2869 2399 2922 nullis
2415 2869 2666 2936 agitatum
2685 2868 2933 2923 fluctibus
2948 2871 3182 2924 animum
3203 2875 3464 2942 appellere
3483 2876 3693 2942 poterit.
3711 2874 3781 2929 Ut

2241 2973 2365 3027 ergo
2391 2959 2502 3013 haec
2532 2959 2602 3010 ita
2628 2973 2684 3011 se
2717 2959 2962 3022 habeant,
3000 2975 3066 3012 ne
3101 2962 3408 3026 turbetnini,
3445 2978 3511 3016 ne
3541 2978 3780 3016 commo-

2241 3048 2491 3112 veamini,
2533 3048 2624 3100 sed
2658 3062 2775 3100 cum
2817 3047 2962 3100 omni
3009 3049 3260 3115 patientia
3300 3059 3353 3102 et
3384 3050 3780 3118 perseverantia

2241 3136 2379 3189 viam
2401 3136 2702 3203 sequimini,
2740 3150 2898 3202 quam
2930 3135 3074 3187 verbi
3103 3137 3342 3189 doctrina
3363 3139 3614 3192 ostendit.

2311 3227 2651 3278 Anomworum
2667 3226 2889 3294 objectio,
2911 3240 3020 3292 qua
3038 3228 3206 3294 fucum
3230 3229 3388 3294 facere
3408 3233 3615 3291 poterat,
3638 3225 3790 3290 refel-

2241 3317 2377 3370 litur.
2395 3347 2464 3356 -——
2490 3319 2615 3382 Quae
2643 3326 2762 3370 sunt
2781 3332 2904 3385 ergo
2928 3332 3043 3385 qua:
3069 3315 3218 3370 nobis
3239 3315 3302 3369 ab
3320 3315 3416 3368 illis
3441 3314 3786 3384 objiciuntur?

2245 3405 2391 3458 Nihil
2421 3415 2599 3472 potest,
2642 3406 2896 3473 inquiunt,
2937 3409 3099 3474 facere
3138 3403 3320 3465 Filius,
3355 3403 3449 3456 nisi
3475 3403 3648 3456 viderit
3684 3402 3789 3455 Pa-

2242 3507 2364 3549 trem
2412 3497 2670 3564 [acientem
2719 3495 2890 3564 (Joan.
2923 3496 2974 3549 5.
3020 3496 3130 3561 19).
3176 3497 3330 3561 Atqui
3375 3493 3484 3545 haec
3524 3492 3789 3560 Scriptum

2241 3587 2388 3640 dixit.
2414 3586 2670 3652 Quorsum
2699 3601 2822 3652 ergo
2843 3585 2954 3637 haec
2979 3585 3126 3638 nobis
3147 3582 3427 3651 objiciunt?
3447 3581 3558 3634 Non
3582 3595 3646 3635 eo
3670 3595 3793 3633 seu-

2241 3692 2323 3739 sn,
2354 3689 2456 3742 quo
2479 3690 2510 3727 a
2535 3675 2800 3740 Scriptura
2823 3673 2959 3726 dicta
2977 3681 3117 3734 sunt,
3146 3671 3452 3724 afferuntur.
3475 3668 3609 3734 Quid
3645 3668 3786 3725 hinc.

2241 3765 2408 3828 aiunt,
2431 3762 2747 3817 concludere
2774 3761 2989 3814 volunt?
3019 3761 3176 3816 Vides
3200 3759 3460 3827 quomodo
3495 3758 3654 3811 Filius
3677 3757 3790 3819 Dei,

2244 3853 2499 3921 inquiunt,
2532 3853 2669 3904 illam
2694 3851 3004 3919 mqualitatis
3033 3851 3382 3918 suspicionem
3412 3848 3642 3902 auferat?
3662 3847 3793 3914 Quia

2241 3947 2379 3998 enim
2406 3944 2571 3998 Judmi
2597 3944 2646 3997 id
2675 3943 3089 4010 suiSpicabantur,
3120 3956 3306 4008 nempe
3333 3957 3450 3994 eum
3480 3940 3586 3994 Deo
3613 3953 3792 4008 aequa-

2245 4036 2342 4087 lem
2375 4050 2431 4088 se
2459 4035 2648 4096 facere,
2673 4034 2788 4086 ideo
2828 4034 2996 4084 intulit
3027 4033 3104 4085 his
3129 4032 3324 4096 verbis,
3355 4030 3472 4084 Non
3499 4038 3655 4097 potest
3694 4027 3789 4080 Fi-

2245 4123 2340 4175 lius
2369 4140 2397 4174 a
2418 4125 2576 4189 seipse
2600 4126 2761 4190 facere
2784 4123 2951 4189 quidq:
2971 4137 3095 4176 am..

2312 4211 2364 4262 2.
2407 4209 2536 4262 Num
2568 4210 2758 4262 frustra
2801 4209 3057 4274 dicebam,
3108 4208 3221 4262 lucc
3263 4208 3418 4263 verba
3452 4222 3546 4262 vos
3585 4208 3794 4262 turbare

2245 4314 2418 4365 posse,
2447 4308 2602 4364 atque
2631 4298 2778 4350 initio
2806 4298 3098 4350 auditorem
3129 4298 3446 4365 percellere?
3480 4296 3669 4349 Verum
3699 4312 3792 4350 ex-

2245 4393 2492 4453 spectate,
2521 4393 2573 4438 et
2597 4385 2834 4437 videbitis
2854 4399 2944 4437 eos
2975 4385 3194 4452 propriis
3220 4383 3485 4438 confectos
3507 4385 3642 4438 telis.
3664 4384 3792 4439 Cum

2247 4475 2425 4541 primis
2450 4475 2587 4527 enim
2616 4474 2994 4526 observandum
3020 4473 3091 4538 id,
3113 4472 3251 4540 quod
3272 4472 3484 4536 dicitur,
3509 4487 3610 4524 non
3635 4473 3795 4527 fuisse

2245 4566 2538 4619 Judteorum
2583 4563 2930 4629 suspicionem
2957 4581 2968 4614 :
2995 4562 3132 4630 quod
3176 4562 3331 4615 etiam
3376 4563 3428 4614 in
3480 4561 3790 4629 prtecedenti

2245 4655 2594 4724 disputatioae
2609 4669 2725 4706 cum
2743 4653 2884 4704 omni
2913 4652 3276 4721 perspicuitate
3301 4652 3629 4705 ostendimus
3646 4667 3660 4715 ;
3678 4664 3794 4719 qua

2248 4762 2313 4798 ne
2335 4746 2519 4797 iterum
2539 4742 2818 4808 agitentur,
2838 4756 2901 4794 eo
2921 4740 3233 4794 remittimus
3257 4739 3567 4802 auditorem,
3591 4750 3642 4793 et
3659 4739 3794 4807 quod

2248 4850 2384 4889 nunc
2411 4833 2655 4902 objicitur
2671 4833 2875 4884 solvere
2890 4831 3215 4888 conabimur,
3231 4829 3609 4898 ostendereque
3628 4830 3794 4899 ipsum

2250 4939 2351 4978 non
2382 4931 2438 4975 ut
2462 4930 2717 4975 everteret
2745 4935 2923 4973 eorum
2955 4919 3301 4986 suspicionem
3331 4917 3442 4972 haec
3466 4918 3680 4981 dixisse,
3705 4917 3794 4971 sed

2248 5026 2305 5068 ut
2327 5029 2441 5067 eam
2468 5009 2857 5063 accuratissime
2885 5007 3118 5060 firmaret
3148 5021 3210 5059 ac
3238 5007 3510 5069 stabiliret,
3544 5006 3796 5074 nobisque

2249 5109 2611 5170 argumentum
2643 5096 2899 5164 preeberet
2918 5110 3025 5148 suae
3050 5109 3168 5149 cum
3195 5094 3348 5149 Patre
3376 5094 3794 5164 propinquitatis,

2254 5187 2502 5243 naturalis
2529 5185 2938 5254 conjunctionis,
2981 5191 3138 5251 atque
3177 5183 3492 5237 concordim.
3541 5183 3611 5236 lta
3657 5183 3794 5237 enim

2255 5280 2373 5332 huic
2393 5278 2531 5330 dicto
2551 5274 2777 5334 confido,
2803 5282 2859 5325 ut
2887 5273 2975 5325 illo
3001 5274 3227 5327 maxime
3255 5273 3421 5326 dicam
3447 5271 3795 5328 demonstrari

2254 5368 2366 5435 ejus
2391 5381 2507 5419 cum
2541 5365 2692 5417 Patre
2729 5363 3170 5428 eonjunctionem,
3201 5372 3254 5416 et
3278 5362 3582 5418 substantia!
3622 5363 3798 5416 unita-

2257 5463 2379 5507 tem.
2413 5453 2589 5520 Neque
2617 5449 2991 5519 perturbemini
3015 5464 3078 5503 ex
3103 5449 3385 5503 ratiociniis
3409 5449 3796 5506 haereticorum.

2254 5545 2432 5614 Neque
2456 5544 2594 5597 enim
2616 5540 2770 5609 gladii
2802 5540 2850 5592 in
2880 5540 3041 5593 muris
3067 5539 3272 5607 depicti,
3303 5555 3470 5611 neque
3495 5540 3674 5602 hastae.
3708 5555 3800 5595 ne-

2257 5650 2357 5703 que
2384 5632 2577 5701 spicula
2600 5629 2774 5684 hostes
2797 5629 3004 5682 turbare
3034 5636 3263 5696 pOSsent,
3291 5637 3493 5684 torvum
3518 5641 3572 5686 et
3595 5630 3798 5687 terribi-
