4032 6220
319 404 434 457 249

316 508 419 563 lem
445 517 709 576 aspectum
730 507 1083 578 praaferentes.
1118 506 1376 575 Quidquid
1400 508 1537 561 enim
1560 505 1852 573 huiusmodi

319 603 425 656 est,
450 598 634 650 umbra
655 597 895 665 quiedatn
911 607 963 653 et
985 597 1158 665 imago
1176 601 1279 660 est,
1318 610 1421 650 non
1441 610 1616 649 rerum
1644 595 1854 647 veritas.

312 683 458 736 Talia
477 699 601 739 sunt
623 685 984 742 haereticorum
1012 684 1277 738 ratiocmia
1302 705 1312 737 :
1334 701 1449 754 quae
1470 696 1524 739 ut
1551 684 1853 746 refutemus,

312 775 467 828 dictis
492 791 521 828 e
550 776 767 844 vestigio
811 776 1123 841 litereamus,
1171 776 1378 830 assidue
1416 777 1500 829 illa
1541 785 1809 829 versantes
1841 796 1851 829 :

312 863 628 933 interimque
654 867 719 919 ab
748 865 847 919 illis
875 878 1189 934 quaeramus,
1217 866 1477 933 quomodo
1517 866 1679 918 veliut
1721 865 1856 919 hunc

312 955 484 1008 locum
514 956 864 1022 interpretari.
897 954 1072 1021 Neque
1115 956 1252 1008 enim
1300 956 1408 1007 sola
1457 955 1612 1007 lectio
1642 954 1852 1007 sufficit.

309 1042 439 1095 Nam
467 1044 509 1097 si
539 1044 691 1097 lectio
721 1043 1000 1106 sufficeret,
1035 1058 1128 1096 cur
1155 1043 1420 1112 Philippus
1449 1043 1688 1096 eunucho
1716 1042 1856 1097 dice-

309 1131 417 1192 bat,
446 1131 581 1183 Num
600 1133 831 1201 intelligis
854 1148 961 1197 qua:
985 1134 1103 1201 legis
1128 1134 1260 1198 (Act.
1291 1133 1341 1185 8.
1374 1132 1493 1199 50)?
1524 1132 1668 1186 Unde
1695 1133 1855 1200 liquet

309 1236 429 1274 eum
461 1222 557 1275 etsi
585 1222 801 1290 legeret,
834 1223 957 1275 nihil
984 1238 1045 1275 ex
1086 1222 1293 1291 scriptis
1338 1222 1681 1276 intellexisse:
1713 1223 1855 1275 ideo-

307 1326 410 1378 que
436 1312 672 1368 dicebat:
702 1313 777 1365 De
802 1330 915 1379 quo,
944 1329 1128 1381 quaeso,
1162 1314 1375 1380 loquitur
1404 1318 1662 1381 prapheta,
1684 1315 1744 1365 de
1776 1329 1852 1365 se-

306 1402 438 1467 ipso,
468 1417 529 1453 an
556 1402 614 1452 de
637 1403 736 1454 alio
760 1400 913 1469 (Ibid.
939 1416 983 1453 υ.
1010 1400 1201 1468 54)ῗ²5ἱ
1232 1402 1383 1454 lectio
1404 1401 1708 1463 sufficiebat,
1727 1413 1853 1465 quo-

306 1492 466 1543 modo
486 1492 650 1544 Judaei
681 1491 801 1543 dum
829 1491 988 1544 Vetus
1013 1492 1402 1545 Testamentum
1436 1494 1629 1559 legunt,
1660 1506 1718 1542 ea
1735 1506 1850 1556 qua:

305 1578 376 1633 de
403 1580 590 1632 Christi
622 1580 899 1645 natalibus,
923 1581 987 1634 de
1014 1582 1193 1649 signis,
1224 1582 1287 1635 de
1316 1582 1595 1644 miraculis,
1626 1582 1690 1633 de
1710 1582 1845 1645 loco,

304 1669 373 1723 de
400 1679 653 1738 tempore,
676 1670 740 1724 de
761 1685 933 1736 cruce,
958 1671 1022 1724 de
1042 1671 1325 1739 sepultura,
1355 1671 1419 1724 de
1446 1670 1845 1733 resurrectione,

304 1759 373 1813 de
400 1762 775 1827 assumptione,
822 1762 887 1815 de
935 1762 1166 1815 sessione
1205 1778 1234 1814 a
1263 1762 1508 1824 dexteris,
1538 1761 1603 1813 de
1626 1761 1847 1828 Spiritus

304 1850 466 1901 sancti
493 1850 765 1916 descensu,
789 1850 853 1903 de
881 1852 1233 1919 apostolorum
1265 1856 1410 1904 exitu
1440 1866 1530 1918 per
1553 1852 1844 1905 universam

304 1945 517 2000 terram,
541 1938 606 1991 de
631 1940 885 2005 ejectione
905 1953 1198 2007 synagogte,
1228 1939 1293 1992 de
1314 1939 1559 1992 Ecclesiae
1582 1941 1845 1994 nobilitate

301 2024 565 2092 dicuntur,
592 2027 820 2081 nondum
849 2027 1000 2081 hodie
1028 2027 1389 2081 crediderunt?
1418 2028 1531 2081 Non
1556 2044 1677 2097 ergo
1703 2029 1845 2082 suffi-

301 2116 373 2167 cit
401 2116 573 2179 lectio,
608 2118 702 2170 nisi
730 2118 865 2171 adsit
892 2127 943 2171 et
966 2118 1211 2185 cognitio.
1244 2118 1687 2185 Quemadmodum
1705 2120 1841 2173 enim

300 2207 345 2259 si
374 2207 487 2273 quis
514 2207 632 2259 edat
674 2208 906 2276 quidem,
939 2207 1029 2261 sed
1061 2208 1234 2261 cibum
1272 2223 1376 2261 non
1416 2218 1622 2277 coquat,
1666 2210 1709 2261 is
1737 2224 1841 2263 non

297 2296 469 2349 vivet:
501 2297 576 2350 sic
601 2298 643 2350 si
673 2299 792 2364 quis
812 2298 968 2368 legat,
986 2295 1117 2348 nihil
1132 2309 1255 2351 vero
1284 2298 1536 2351 dictorum
1566 2299 1837 2367 intelligat,

296 2384 342 2437 is
370 2385 441 2437 rei
483 2386 749 2439 veritatem
779 2402 881 2440 non
916 2389 1181 2456 percipiet.
1213 2388 1289 2441 Ne
1328 2388 1453 2440 mihi
1497 2404 1622 2455 ergo
1668 2389 1835 2444 locum

296 2477 649 2542 evangelicum
683 2479 955 2546 proponite
984 2488 1203 2541 tantum,
1234 2479 1323 2532 sed
1351 2479 1492 2531 illum
1529 2479 1838 2548 interprete-

294 2567 442 2619 mini.
477 2568 582 2621 lloc
606 2577 775 2622 autem
802 2570 866 2623 ab
896 2570 1020 2637 ipsis
1050 2570 1278 2638 postulo,
1309 2581 1359 2623 ut
1388 2585 1504 2624 cum
1537 2586 1719 2637 pravas
1749 2587 1837 2625 eo-

294 2672 408 2708 rum
432 2658 806 2725 explicationes
835 2661 1189 2723 coufutavero,
1222 2670 1328 2713 tum
1369 2660 1603 2714 veritatis
1646 2660 1831 2714 funda-

291 2758 524 2800 mentum
569 2748 775 2816 jaciam.
824 2750 909 2803 Sic
953 2750 1107 2802 etiam
1154 2750 1429 2803 architecti
1478 2752 1687 2811 faciunt,
1730 2766 1831 2803 non

291 2838 440 2903 prius
480 2837 820 2889 aedificiorum
870 2837 1205 2889 fundamenta
1248 2839 1471 2903 jaciunt,
1520 2853 1672 2905 quam
1715 2852 1831 2891 sor-

290 2926 386 2977 des
412 2926 679 2991 ejecerint,
710 2934 764 2977 ut
796 2933 903 2977 tuto
933 2925 1210 2978 aedificent.
1259 2926 1364 2979 llos
1402 2934 1455 2980 et
1495 2941 1590 2980 nos
1628 2942 1831 2996 quoque

290 3017 572 3069 imitemur.

362 3108 634 3176 Responsio
657 3106 990 3179 Chrysostomi
1019 3111 1082 3162 ad
1107 3112 1443 3163 haereticorum
1469 3121 1823 3179 argumentum.

286 3227 358 3237 —
378 3199 470 3252 Dic
496 3214 641 3267 ergo,
668 3200 866 3252 nihilne
896 3207 1065 3266 potest
1093 3199 1260 3252 Filius
1289 3214 1317 3252 a
1343 3200 1515 3267 seipso
1541 3198 1730 3263 facere,
1752 3200 1830 3251 ni-

286 3288 428 3341 hilne
458 3288 697 3355 prorsus?
737 3287 914 3356 Neque
941 3289 1079 3341 enim
1122 3287 1272 3352 dixit,
1319 3302 1375 3341 se
1421 3288 1627 3356 quidem
1671 3286 1836 3355 posse

285 3377 526 3429 homines
554 3377 743 3439 facere,
773 3377 863 3429 sed
894 3377 1104 3443 angelos
1134 3392 1236 3428 non
1270 3390 1449 3444 posse;
1482 3392 1647 3444 neque
1674 3392 1829 3443 ange-

283 3466 366 3519 los
392 3480 565 3534 posse,
595 3467 685 3519 sed
710 3467 1045 3535 archangelos
1074 3481 1172 3519 non
1206 3480 1384 3533 posse;
1410 3482 1587 3520 verum
1614 3469 1827 3519 omnino

282 3557 436 3610 nihil.
467 3557 875 3611 lmbecillitatem
927 3572 1050 3624 ergo
1096 3556 1196 3609 hoc
1231 3557 1423 3611 dictum
1485 3555 1826 3611 testificatur?

278 3652 323 3703 si
350 3649 562 3718 quidem
595 3648 878 3702 secundum
910 3648 1207 3715 Opinionem
1241 3656 1378 3700 tuam
1421 3662 1522 3700 non
1554 3655 1742 3715 potest,
1778 3648 1825 3701 vi

278 3750 332 3793 et
362 3740 672 3792 necessitate
702 3740 989 3800 cohibitus;
1023 3738 1063 3791 si
1110 3753 1296 3806 nempe
1321 3753 1350 3791 a
1388 3739 1561 3806 seipso
1592 3739 1719 3791 nihil
1746 3739 1822 3790 fa-

277 3828 373 3889 cit,
406 3828 503 3881 nisi
532 3840 646 3894 qute
675 3828 865 3881 viderit
892 3827 1097 3880 Patrem
1127 3827 1422 3881 facientem.
1452 3828 1526 3882 En
1552 3828 1646 3882 hac
1680 3840 1823 3897 post-

276 3918 492 3969 modum
532 3928 737 3985 reperta
781 3918 1039 3981 doctrina,
1081 3932 1196 3983 quae
1243 3925 1414 3970 tamen
1443 3918 1619 3969 omnia
1651 3918 1821 3970 aliena

276 4014 403 4058 sunt
432 4005 497 4057 ab
523 4006 826 4057 intemerata
852 4005 955 4067 illa,
989 4004 1287 4069 immortali,
1321 4005 1668 4069 inenarrabili,
1695 4005 1825 4058 inef-

276 4095 442 4158 fabili,
488 4102 541 4147 et
579 4094 1089 4161 incomprehensibili
1134 4093 1441 4146 substantia.
1485 4095 1547 4146 Et
1590 4095 1712 4162 quid
1757 4096 1821 4149 de

272 4184 487 4237 Christo
515 4184 729 4251 loquor?
757 4183 933 4249 Neque
974 4184 1109 4235 enim
1139 4183 1203 4235 de
1249 4183 1448 4251 meipso
1478 4183 1672 4247 infimo,
1709 4184 1815 4246 vili,

274 4285 494 4328 terreno
520 4273 630 4325 hinc
651 4273 768 4325 licet
794 4272 956 4333 elfari,
987 4289 1087 4324 non
1118 4286 1269 4339 posse
1298 4287 1379 4325 me
1399 4287 1427 4323 a
1455 4274 1653 4339 meipso
1674 4274 1821 4339 quid-

266 4377 433 4431 quam
474 4362 672 4414 facere:
702 4375 795 4412 nec
822 4360 887 4413 de
919 4370 966 4413 te
1011 4360 1109 4412 hoc
1141 4358 1242 4411 dici
1282 4367 1472 4427 potest,
1506 4375 1601 4412 nec
1628 4360 1693 4412 de
1719 4360 1819 4413 alio

270 4450 518 4520 quopiam
551 4450 838 4502 hominum.
880 4448 1005 4501 Nam
1036 4449 1076 4501 si
1120 4448 1218 4500 hoc
1263 4463 1440 4501 verum
1484 4458 1582 4511 est,
1632 4448 1818 4501 frustra

269 4541 511 4607 gehenna
541 4548 592 4593 et
621 4540 926 4607 supplicium
945 4548 995 4592 ct
1020 4553 1201 4606 paena;
1224 4539 1413 4591 frustra
1436 4553 1665 4602 coronce,
1688 4555 1823 4606 prin-

271 4632 401 4692 mia,
433 4630 586 4682 bona.
619 4629 795 4698 Neque
831 4631 967 4683 enim
1017 4629 1101 4681 illa
1145 4629 1536 4691 sustinebimus,
1566 4628 1608 4681 si
1641 4643 1820 4696 pecce-

268 4734 424 4781 mus;
454 4735 623 4787 neque
651 4720 728 4772 his
758 4720 1006 4781 fruemur,
1032 4719 1073 4771 si
1102 4729 1243 4773 recte
1261 4720 1537 4787 egerimus,
1563 4720 1814 4786 siquidem

263 4824 296 4863 a
319 4811 613 4877 nobisipsis
640 4810 765 4862 nihil
790 4809 1023 4862 facimus.
1052 4809 1265 4861 Prarmia
1290 4810 1429 4861 enim
1454 4824 1553 4861 non
1576 4809 1816 4876 operibus

266 4900 505 4969 proprie,
538 4900 629 4953 sed
647 4900 896 4952 voluntati
918 4900 1139 4966 reposita
1172 4910 1311 4952 sunt.
1348 4899 1584 4965 Exempli
1615 4913 1766 4951 causa
1800 4917 1812 4950 ε

265 5004 393 5042 cum
420 4990 533 5053 quis
557 5004 584 5041 a
614 4989 786 5056 seipso
813 4988 1003 5041 bonum
1024 4999 1286 5054 operatur.
1318 4998 1437 5040 tunc
1463 4996 1743 5040 coronatur
1758 5003 1816 5039 ac

265 5077 601 5138 celebratur;
642 5091 743 5128 non
785 5090 900 5127 cum
933 5077 1096 5142 egerit
1124 5076 1447 5142 simpliciter,
1490 5076 1579 5127 scd
1611 5075 1815 5142 quando

264 5180 393 5216 cum
422 5164 683 5217 voluntate
708 5174 759 5217 et
790 5165 1078 5233 proposito.
1113 5166 1280 5231 Atque
1311 5173 1365 5216 ut
1414 5165 1522 5216 lucc
1549 5179 1667 5215 vera
1700 5178 1816 5217 esse

265 5252 519 5305 iliseatis:
546 5252 675 5306 Sunt
703 5256 931 5319 eunuchi,
961 5255 1142 5322 inquit,
1174 5256 1254 5320 qui
1275 5255 1476 5307 castrati
1500 5265 1614 5305 sunt
1638 5253 1697 5305 ab
1727 5254 1815 5304 ho-

266 5343 516 5403 minibus;
541 5351 588 5394 et
613 5353 724 5395 sunt
750 5345 975 5404 eunuchi,
1005 5346 1087 5411 qui
1115 5344 1297 5410 δείρεοε
1327 5352 1660 5394 castraverunt
1696 5359 1814 5410 pro-

266 5442 380 5499 pter
407 5447 611 5499 regnum
646 5432 874 5483 caelorum
915 5430 1118 5499 (Matth.
1162 5432 1243 5484 19.
1292 5431 1396 5493 1'2).
1432 5430 1709 5483 Eunuchos
1734 5430 1814 5482 hic

264 5529 423 5571 \ocat
450 5535 551 5572 non
581 5535 670 5573 cos
697 5521 779 5588 qui
809 5521 903 5573 sibi
934 5521 1163 5573 membra
1210 5520 1557 5581 absciderunt,
1589 5520 1677 5572 sed
1728 5520 1813 5586 qui

262 5607 642 5675 Cogitatiouem
665 5624 873 5675 pravam
898 5624 957 5662 ac
987 5610 1198 5663 libidine
1230 5610 1432 5677 plenam
1456 5616 1810 5666 resecuerunt.

266 5710 377 5749 non
402 5697 575 5765 gladio
600 5696 791 5764 ferreo,
815 5697 905 5753 sed
932 5698 1202 5753 ratiocinio
1221 5708 1270 5751 et
1296 5696 1644 5768 philosophia,
1670 5705 1718 5749 ct
1747 5696 1809 5748 ad

1252 395 1314 448 lN
1356 394 1571 462 lLLUl),
1615 394 1829 449 FILIUS
1869 392 1954 445 EX
1996 392 2075 447 sn
2118 394 2301 447 sum.
2341 395 2556 453 FACtT.

3387 422 3501 481 250

1968 504 2090 556 illud
2120 504 2207 559 Dei
2238 507 2430 561 auxilio
2458 510 2533 561 usi
2563 520 2701 562 sunt.
2735 509 2870 565 Ecce
2901 511 3004 565 duo
3030 513 3387 569 cunuchorum
3414 531 3505 584 ge-

1964 608 2106 659 nera,
2140 611 2359 663 quorum
2402 599 2490 651 alii
2531 600 2597 651 ab
2642 599 2936 655 hominibus
2982 606 3176 659 exsccti
3227 617 3367 670 sunt,
3418 609 3505 661 alii

1964 684 2149 749 pietate
2202 686 2421 751 permoti
2470 701 2681 755 pravam
2728 691 3098 758 cogitationem
3151 704 3501 762 amputarunt.

1965 772 2328 828 Verumtamen
2361 778 2459 829 etsi
2500 777 2706 832 diverso
2735 780 2889 833 modo
2922 784 3134 835 castrati
3182 795 3320 847 sunt,
3350 785 3505 839 ambo

1962 871 2131 917 tamen
2159 866 2397 919 similiter
2422 881 2449 919 a
2479 868 2753 922 mulierum
2792 872 3068 925 concubitu
3111 872 3390 926 abstinent.
3423 874 3505 928 Si—

1959 954 2152 1009 militer
2195 956 2323 1021 dixi,
2374 972 2475 1010 non
2524 960 2806 1013 secundum
2838 964 3157 1029 propositum
3200 964 3499 1025 voluntatis.

1958 1044 2045 1096 sed
2068 1046 2350 1100 secundum
2378 1048 2449 1101 rei
2470 1058 2727 1102 naturam.
2746 1050 2922 1118 Neque
2945 1053 3080 1104 enim
3100 1054 3365 1107 eunuchus
3382 1070 3498 1108 cum

1958 1135 2176 1188 muliere
2222 1152 2331 1189 rem
2376 1139 2567 1193 habere
2611 1142 2791 1208 possit,
2842 1156 3009 1209 neque
3057 1144 3362 1209 monachus,
3411 1148 3497 1212 qui

1957 1226 2184 1293 scipsum
2211 1230 2472 1282 castravit.
2496 1230 2597 1282 Res
2617 1231 2822 1298 quidem
2848 1246 2946 1284 una
2964 1231 3247 1302 eademque
3272 1241 3369 1300 est,
3396 1251 3497 1288 non

1956 1315 2076 1368 item
2109 1318 2243 1371 finis.
2294 1319 2412 1371 ldeo
2458 1334 2575 1372 cum
2616 1320 2679 1373 de
2723 1322 2823 1374 illis
2852 1322 3088 1385 dixisset,
3121 1323 3256 1391 quod
3286 1328 3496 1378 castrati

1954 1406 2059 1457 sint
2096 1407 2160 1459 ab
2192 1407 2505 1472 hominibus,
2555 1412 2751 1464 nullum
2798 1413 2864 1464 ob
2896 1412 2943 1465 id
2976 1413 3101 1479 ipsis
3130 1413 3332 1467 addidit
3359 1431 3495 1482 prte-

1954 1492 2145 1545 mium:
2180 1505 2376 1548 natum
2406 1497 2613 1565 quippe,
2663 1514 2763 1551 non
2805 1501 3188 1555 exercitationis
3232 1504 3357 1556 illud
3385 1514 3496 1556 erat

1952 1594 2100 1648 Opus.
2134 1583 2237 1635 Hos
2262 1593 2433 1637 autem
2462 1585 2510 1637 in
2541 1586 2768 1639 medium
2790 1588 3039 1641 adductos
3067 1605 3225 1658 regno
3247 1592 3490 1644 carlorum

1951 1674 2235 1735 coronavit,
2260 1674 2459 1738 dicens,
2489 1674 2694 1743 PrOptet
2721 1694 2923 1745 regnum
2944 1680 3194 1730 ca’lorum.
3224 1682 3378 1747 Atqui
3404 1698 3494 1733 ne-

1949 1776 2050 1830 que
2078 1762 2181 1825 hic,
2207 1778 2373 1831 neque
2401 1765 2485 1817 ille
2510 1779 2626 1817 cum
2650 1767 2867 1819 muliere
2893 1782 3001 1819 rem
3025 1767 3212 1820 habet:
3242 1767 3332 1820 scd
3354 1769 3487 1821 alter

1950 1853 2277 1917 necessitate,
2302 1853 2437 1907 alter
2457 1870 2580 1909 vero
2602 1857 2867 1924 proposito
2889 1867 3028 1912 recte
3049 1859 3169 1926 agit,
3195 1868 3246 1911 et
3267 1877 3292 1909 a
3320 1861 3491 1927 seipso

1948 1942 2068 1993 illud
2093 1952 2318 2010 praestat.
2340 1944 2673 2009 liominesne,
2698 1947 2779 2000 dic
2800 1946 2946 2011 mihi,
2966 1962 2994 1998 a
3016 1948 3201 2016 seipsis
3222 1947 3318 2000 hoc
3339 1964 3492 2016 agere

1945 2038 2183 2097 possunt,
2223 2040 2277 2084 et
2320 2032 2695 2101 philosophari,
2728 2045 2780 2089 et
2809 2036 2969 2103 loqui,
3015 2046 3360 2102 sexcentaque
3384 2038 3485 2091 ala

1945 2122 2229 2188 perlicere:
2257 2123 2558 2189 angelorum
2590 2140 2711 2179 vero
2740 2127 2987 2178 Dominus
3016 2142 3111 2179 nec
3149 2142 3361 2193 parvum
3392 2142 3489 2180 nec

1944 2226 2187 2277 magnum
2218 2212 2338 2280 quid
2362 2227 2389 2264 a
2414 2214 2585 2281 seipso
2613 2230 2766 2283 agere
2793 2216 3017 2284 poterit?
3042 2216 3102 2268 Et
3130 2216 3244 2283 quis
3276 2217 3386 2270 lucc
3408 2219 3485 2270 fe-

1942 2303 2059 2354 rat?
2087 2302 2197 2354 Non
2227 2303 2374 2355 audis
2406 2304 2620 2356 Paulum
2652 2305 2908 2358 dicentem
2935 2321 2948 2356 :
2984 2323 3000 2355 ι
3035 2304 3087 2357 In
3120 2320 3303 2374 magna
3330 2306 3485 2361 domo

1943 2407 2046 2445 non
2074 2394 2241 2446 solum
2272 2404 2394 2447 sunt
2422 2409 2543 2447 vasa
2565 2409 2718 2447 aurea
2748 2404 2800 2447 et
2827 2404 3091 2463 argentea,
3126 2396 3213 2448 sed
3240 2398 3394 2448 etiam
3419 2397 3481 2447 li-

1940 2496 2068 2550 gnea
2098 2491 2149 2535 et
2172 2484 2365 2547 fictilia,
2390 2484 2623 2551 qucedam
2657 2485 2704 2535 in
2736 2484 3005 2548 honorem,
3030 2484 3265 2551 qumdam
3307 2495 3478 2539 autem

1937 2573 1988 2625 in
2018 2574 2401 2627 contumeliam.
2431 2574 2483 2625 Si
2511 2574 2623 2642 quis
2645 2589 2766 2641 ergo
2786 2574 3141 2627 emundaverit
3170 2591 3225 2627 se
3244 2576 3308 2626 ab
3335 2577 3477 2641 ipsis.

1936 2663 2035 2713 erit
2061 2666 2220 2715 vasin
2248 2663 2517 2725 honorem,
2550 2664 2921 2715 sanctificatum
2942 2664 3158 2717 Domino
3194 2682 3211 2714 ι
3241 2664 3315 2733 (2.
3348 2664 3477 2718 Tini.

1934 2752 2245 2820 2.20.21).

2005 2842 2055 2895 5.
2100 2839 2254 2893 Vides
2281 2840 2373 2893 hos
2399 2841 2551 2894 etiam
2596 2857 2651 2895 se
2677 2857 2738 2894 ex
2782 2842 2965 2910 seipsis
2992 2842 3305 2897 emendare?
3346 2844 3477 2897 Illud

1934 2930 2072 2982 enim
2118 2930 2411 2998 significant
2460 2929 2599 2982 ltch:
2627 2930 2684 2983 Si
2714 2932 2819 2997 quis
2866 2932 3081 2995 scipsum
3123 2932 3471 2984 emundaveril.

1931 3018 2064 3084 Quid
2092 3033 2216 3086 ergo
2244 3018 2368 3070 illud
2400 3029 2478 3071 est
2500 3018 2636 3086 quod
2662 3018 2884 3071 dicitur?
2906 3018 2959 3072 Si
2990 3035 3105 3072 cum
3136 3020 3473 3074 familiaribus

1932 3117 2132 3161 tantum
2161 3118 2212 3163 et
2252 3110 2429 3162 amicis
2458 3123 2628 3162 sermo
2659 3118 2816 3173 esset,
2857 3114 2962 3176 jam
3006 3111 3313 3163 solutionem
3340 3122 3473 3163 attito

1931 3197 2104 3250 lissem
2127 3216 2138 3249 :
2163 3198 2279 3265 quia
2305 3213 2427 3250 vero
2449 3213 2568 3250 cum
2600 3199 2820 3250 inimicis
2861 3208 2911 3251 et
2951 3199 3186 3253 hostibus
3213 3215 3297 3252 res
3327 3201 3473 3253 nobs

1929 3295 2026 3350 cst,
2060 3302 2237 3339 eorum
2269 3302 2473 3354 quoque
2515 3296 2815 3353 argumenta
2857 3287 3171 3339 confutanda
3209 3298 3347 3351 sunt,
3376 3291 3469 3339 atl-

1930 3374 2081 3425 ducta
2114 3373 2285 3426 denuo
2314 3374 2362 3426 in
2388 3374 2613 3426 medium
2644 3375 2892 3439 clausula,
2920 3385 2973 3427 ut
3010 3391 3122 3428 eam
3167 3378 3240 3428 sic
3271 3381 3469 3444 perSpi-

1929 3479 2076 3515 cuam
2101 3463 2397 3516 reddamus.
2430 3464 2577 3527 Quod
2600 3465 2736 3516 enim
2766 3466 3024 3532 possimus
3062 3481 3122 3519 ex
3165 3466 3313 3518 nobis
3343 3467 3471 3532 ipsis

1928 3552 2097 3605 facere
2120 3560 2171 3604 et
2208 3552 2400 3615 dicere,
2429 3553 2553 3605 satis
2580 3563 3041 3605 commonstratum
3069 3563 3165 3605 cst.
3196 3553 3303 3607 Nisi
3333 3556 3469 3607 enim

1929 3640 2052 3694 illud
2083 3650 2238 3702 esset,
2264 3656 2586 3710 nequaquam
2615 3657 2708 3709 pro
2738 3641 2885 3693 bonis
2921 3642 3162 3708 operibus
3189 3656 3469 3695 coronare-

1927 3746 2060 3783 mur.
2104 3730 2502 3797 lnterrogandus
2544 3732 2727 3783 iterum
2758 3741 2837 3783 est
2864 3729 3328 3793 ha:reticus:Quid
3370 3742 3468 3793 est,

1927 3819 2041 3873 Nisi
2070 3822 2187 3888 quid
2213 3822 2383 3873 viderit
2412 3820 2611 3871 Patrem
2654 3820 2927 3887 facientem,
2962 3819 3085 3870 nihil
3127 3835 3156 3869 a
3200 3819 3358 3886 seipso
3390 3822 3468 3887 fu-

1926 3925 2032 3960 cere
2058 3910 2251 3976 potest?
2276 3909 2353 3959 Ab
2395 3908 2491 3959 hoc
2516 3907 2651 3958 enim
2693 3906 2852 3969 dicto,
2880 3907 3107 3973 inquam,
3134 3923 3235 3958 non
3262 3907 3324 3957 ab
3356 3907 3468 3973 ejus

1928 3999 2383 4066 interpretatione;
2417 3999 2519 4048 imo
2550 3998 2720 4063 potius
2750 4010 2917 4063 neque
2940 4010 2966 4047 a
2995 3995 3153 4057 dicto,
3178 3994 3269 4047 sed
3296 4012 3321 4045 a
3348 4011 3467 4061 pra-

1925 4106 1983 4141 va
2030 4090 2391 4141 haereticorum
2438 4088 2881 4154 interpretatione,
2930 4087 3119 4152 duplex
3170 4088 3467 4139 necessario

1922 4180 2193 4234 statuenda
2223 4180 2416 4233 creatio
2447 4179 2567 4231 erit.
2598 4177 2867 4242 Quomodo
2899 4185 2949 4229 et
2972 4192 3069 4244 qua
3096 4177 3329 4230 ratione?
3355 4176 3469 4228 Nisi

1920 4271 2038 4337 quid
2061 4271 2250 4329 viderit,
2283 4269 2467 4335 inquit,
2498 4265 2698 4319 Patrem
2724 4264 3000 4334 facientem,
3031 4266 3153 4317 nihil
3179 4270 3341 4333 facere
3373 4284 3464 4333 po-

1924 4369 2029 4411 test.
2061 4358 2197 4424 Ergo
2224 4370 2438 4409 necesse
2462 4368 2670 4422 prorsus
2699 4356 2817 4417 erit,
2839 4368 2957 4406 esse
2981 4368 3136 4420 opera
3161 4353 3326 4406 Patris
3348 4368 3464 4420 per-

1923 4446 2085 4508 fecta;
2109 4454 2158 4498 et
2180 4459 2294 4497 esse
2316 4444 2412 4495 alia
2436 4442 2569 4506 Filii,
2597 4458 2709 4509 qua:
2734 4443 2842 4509 ipse
2863 4443 2923 4494 ad
2948 4452 3155 4507 paterna
3182 4442 3466 4509 respiciens

1923 4536 2193 4588 creaverit.
2225 4534 2330 4586 Nisi
2376 4532 2659 4599 quidpiam,
2707 4532 2890 4598 inquit,
2935 4531 3206 4582 facientem
3258 4530 3460 4591 viderit,

1923 4640 2025 4677 non
2058 4623 2194 4675 facit.
2220 4623 2285 4676 Ut
2302 4637 2424 4689 ergo
2447 4621 2635 4684 videat,
2664 4633 2877 4672 necesse
2894 4628 2973 4671 est
2998 4634 3153 4686 opera
3173 4632 3309 4670 esse.
3333 4618 3464 4681 Quid

1921 4716 2081 4783 ergo?
2105 4728 2279 4782 qumso
2300 4723 2378 4765 te:
2406 4727 2560 4764 unum
2586 4710 2817 4761 videmus
2841 4712 3025 4768 solem,
3053 4724 3172 4760 num
3192 4708 3320 4759 duos
3338 4707 3461 4759 mihi

1921 4814 2209 4856 monstrare
2251 4812 2418 4869 potes,
2462 4810 2514 4853 ut
2552 4814 2709 4851 unum
2738 4814 2764 4850 a
2802 4799 2950 4850 Patre
2998 4798 3204 4859 factum,
3235 4797 3390 4848 alium
3435 4812 3461 4847 a

1921 4892 2051 4945 Filio
2089 4889 2354 4957 su5picer?
2385 4904 2503 4940 num
2534 4889 2663 4939 duas
2705 4887 2874 4948 lunas,
2913 4884 2995 4938 vel
3040 4894 3222 4946 terras,
3252 4885 3332 4937 vel
3360 4886 3461 4936 duo

1920 4983 2117 5035 maria?
2146 4991 2196 5034 et
2227 4982 2302 5032 sic
2330 4980 2392 5032 de
2422 4979 2624 5031 caeteris
2663 4977 2902 5030 omnibus
2920 4976 2941 5025 ’ἰ
2972 4976 3157 5027 Verum
3188 4976 3285 5027 hoc
3313 4991 3463 5026 num-

1918 5090 2069 5143 quam
2116 5070 2343 5124 dixeris:
2366 5082 2499 5121 unus
2538 5068 2728 5135 quippe
2758 5066 2835 5118 sol
2879 5074 2977 5119 est.
3010 5065 3279 5130 Quomodo
3310 5065 3463 5131 igitur

1919 5163 2041 5215 nihil
2073 5161 2210 5222 facit,
2241 5158 2335 5211 nisi
2358 5158 2543 5210 viderit
2563 5157 2767 5208 Patrem
2798 5155 3102 5207 facientem?
3123 5153 3295 5205 Solem
3318 5153 3463 5219 cujus

1920 5266 2047 5319 opus
2074 5265 2189 5303 esse
2216 5248 2325 5298 vis?
2353 5262 2418 5299 an
2450 5246 2648 5298 Patris?
2678 5244 2774 5297 Ubi
2806 5259 2930 5311 ergo
2967 5244 3081 5295 Filii
3109 5243 3219 5293 snl?
3264 5243 3340 5293 An
3375 5243 3459 5293 Fi-

1919 5340 2005 5391 lii?
2034 5338 2127 5391 Ubi
2160 5350 2282 5403 crgo
2309 5336 2382 5386 sol
2412 5334 2599 5396 Patris,
2622 5347 2771 5400 quem
2806 5331 2983 5383 videns
3004 5330 3186 5392 Filius,
3218 5329 3373 5380 alium
3395 5332 3462 5381 si-

1918 5428 2091 5480 milem
2120 5425 2331 5478 fecerit?
2354 5421 2621 5487 Quomodo
2645 5421 2801 5472 stabit
2823 5419 2965 5478 illud,
2994 5417 3172 5469 Omnia
3200 5419 3459 5484 prripsum

1920 5522 2049 5587 facta
2080 5524 2211 5577 sunt,
2241 5524 2283 5567 et
2306 5515 2408 5565 sine
2427 5513 2533 5578 ipso
2564 5516 2747 5579 factum
2774 5519 2840 5561 est
2868 5508 2991 5559 nihil
3022 5506 3192 5575 (Joan.
3221 5509 3266 5558 l.
3297 5508 3384 5571 5)?
3405 5506 3458 5557 Si

1919 5606 2054 5655 enim
2084 5605 2256 5654 omnia
2286 5616 2377 5667 per
2425 5600 2613 5667 ipsum,
2644 5597 2777 5662 quod
2808 5608 3011 5662 tempus
3038 5594 3259 5647 adscribi
3294 5603 3461 5660 potest

1922 5694 2037 5747 huic
2096 5690 2385 5744 divisioni?
2439 5686 2614 5740 Viden‘
2661 5684 2974 5739 ratiocinia?
3036 5682 3293 5751 quomodo
3370 5693 3462 5732 vos
