4032 6220
545 368 649 422 251

542 475 684 542 ipsus
717 471 1027 542 implicatis,
1070 485 1130 525 ac
1173 471 1502 527 mendacium
1548 475 1779 543 seipsum
1824 476 2090 544 coarguit?

609 564 760 617 Aliud
788 573 1129 634 argumentum
1166 573 1338 616 contra
1383 563 1664 618 Anommos.
1715 564 1826 629 Quo
1865 567 1918 618 in
1961 576 2096 620 statu

539 656 668 709 orbis
690 655 837 724 fuerit
864 665 978 707 ante
1008 654 1189 707 Christi
1218 655 1624 708 incarnationem.
1654 685 1725 695 —
1748 656 1884 710 Ecce
1912 671 2092 712 eorum

537 746 693 799 allata
738 745 1182 813 interpretatione,
1227 745 1488 812 quomodo
1516 746 2092 815 demonstravi,ipsam

538 851 566 886 a
596 836 767 903 seipsa
797 834 998 904 impeti.
1025 833 1126 888 Sed
1154 843 1206 889 et
1233 834 1356 888 illud
1381 835 1546 890 libens
1575 836 1743 890 adhuc
1768 852 2089 906 quaererem:

537 927 664 993 Quis
711 941 919 981 carnem
969 936 1198 980 nostram
1248 929 1548 995 assumpsit,
1596 937 1648 982 et
1696 929 1748 982 in
1788 930 2092 998 virginalem

536 1020 739 1071 vulvam
765 1018 1364 1073 descendit?Paternean
1389 1019 1686 1074 FlllUS?diC
1712 1021 1860 1073 mihi.
1885 1020 2090 1086 Nonne,

536 1119 593 1162 ut
621 1111 860 1164 omnibus
882 1111 1048 1177 palam
1077 1120 1174 1173 est,
1216 1112 1513 1180 unigenitus
1540 1112 1630 1165 Dei
1659 1111 1855 1166 Filius?
1885 1112 2089 1166 Etenim

537 1199 724 1252 l‘anlus
752 1201 825 1254 sic
851 1193 923 1254 ait
953 1218 964 1254 :
999 1219 1017 1252 ‹
1056 1201 1166 1255 lloe
1198 1208 1385 1255 sentite
1434 1201 1482 1254 in
1528 1201 1705 1262 vobis,
1749 1199 1886 1270 quod
1935 1210 1988 1253 et
2041 1203 2088 1252 in

533 1291 743 1343 Christo
787 1289 932 1354 Jesu,
964 1292 1052 1360 qui
1079 1307 1198 1345 cmn
1236 1293 1285 1346 in
1316 1292 1476 1345 forma
1508 1292 1596 1345 Dei
1629 1301 1785 1353 esset,
1820 1307 1923 1345 non
1953 1293 2090 1360 rapi-

535 1395 654 1434 nam
681 1382 960 1436 arbitratus
980 1391 1059 1436 est
1081 1398 1197 1437 esse
1221 1398 1277 1437 se
1310 1383 1561 1452 mqualem
1595 1382 1733 1445 Deo;
1779 1382 1868 1435 sed
1892 1391 2086 1436 semet-

534 1472 700 1538 ipsum
729 1473 1011 1526 exinanivit
1036 1472 1252 1526 formam
1282 1475 1417 1528 servi
1443 1473 1702 1541 accipiens
1731 1493 1748 1523 ι
1784 1472 2007 1543 (Philip.
2031 1473 2083 1526 2.

531 1562 704 1632 5-7).
739 1563 821 1627 Et,
860 1582 878 1614 ‹
908 1563 1202 1618 MisitDeus
1223 1564 1408 1617 Filimn
1441 1579 1588 1617 suum
1619 1565 1960 1634 unigenitum,
2011 1563 2089 1617 fa-

530 1661 669 1705 ctum
719 1668 784 1706 ex
827 1653 1062 1716 muliere,
1107 1653 1298 1707 factum
1344 1653 1441 1708 sub
1493 1655 1605 1723 lege
1639 1673 1656 1705 ι
1710 1654 1863 1725 (σαι.
1911 1655 1965 1708 4.
1993 1651 2080 1720 4).

529 1743 812 1810 Omnisque
836 1743 1121 1812 Scriptura,
1152 1753 1259 1798 tum
1284 1753 1435 1800 vetus
1464 1755 1569 1798 tum
1598 1761 1752 1810 nova,
1787 1743 2086 1812 hujusmodi

530 1833 844 1886 testimoniis
867 1834 1018 1902 plena
1052 1843 1153 1900 est,
1184 1836 1399 1905 ipsaque
1427 1851 1584 1903 Opera
1613 1837 1861 1899 clamant,
1895 1836 2086 1905 Unige-

529 1924 696 1976 nilum
737 1924 1062 1978 incarnatum
1103 1940 1241 1991 esse,
1296 1940 1398 1978 non
1426 1925 1652 1980 Patrem.
1708 1926 1892 1981 Utrum
1930 1926 2085 1995 igitur

526 2013 710 2078 Filius,
744 2019 856 2069 viso
884 2015 1033 2070 Patre
1051 2017 1318 2071 incarnato
1339 2019 1635 2072 incarnatus
1662 2029 1713 2073 et
1739 2019 1851 2087 ipse
1871 2019 2077 2088 est‘!(a)

529 2101 549 2174 [
578 2105 755 2174 Neque
781 2107 918 2160 enim
952 2107 1248 2162 incarnatus
1275 2109 1497 2181 fuisset],
1538 2111 1637 2164 nisi
1667 2111 1880 2164 vidisset
1913 2111 2080 2181 ipsum

525 2196 848 2249 incarnatmn
881 2214 893 2249 :
920 2198 1174 2265 siquidem
1199 2197 1312 2252 Non
1342 2209 1498 2267 potest
1515 2217 1545 2252 a
1565 2202 1726 2269 seipso
1751 2201 1915 2268 facere
1939 2202 2084 2267 quid-

523 2301 693 2350 quam,
725 2287 821 2339 nisi
844 2287 1017 2339 viderit
1059 2287 1259 2340 Patrem
1288 2291 1568 2358 facientem.
1613 2291 1954 2356 Quandonam
1984 2291 2081 2345 hoc

525 2372 732 2427 Patrem
772 2376 1046 2430 facientem
1092 2378 1298 2445 viderit,
1355 2381 1531 2435 dicere
1582 2397 1686 2434 non
1737 2383 1923 2450 possis.
1972 2383 2080 2437 Nec

522 2477 648 2516 vero
695 2475 843 2532 putes
886 2481 1101 2534 parvum
1155 2466 1205 2519 id
1259 2482 1394 2533 esse,
1436 2469 1573 2537 quod
1603 2470 1794 2524 factum
1824 2481 1920 2525 est.
1949 2473 2077 2527 Nam

519 2565 674 2623 caput
698 2556 876 2610 salutis
903 2567 1094 2612 nostrae
1130 2558 1415 2613 incarnatio
1445 2559 1705 2630 Unigeniti
1736 2571 1834 2628 est,
1867 2573 1919 2616 et
1966 2564 2078 2632 ejus

518 2647 583 2699 ad
615 2663 709 2701 nos
734 2663 894 2717 usque
922 2649 1186 2704 demissio.
1231 2654 1521 2721 Antequam
1554 2655 1690 2707 enim
1718 2653 1875 2709 homo
1907 2657 2075 2720 fieret,

519 2739 714 2792 malitia
739 2741 1065 2810 tyrannidem
1090 2743 1384 2808 exercebat,
1424 2752 1477 2797 et
1522 2745 1925 2813 profundissima
1973 2763 2074 2801 nox

518 2831 690 2882 omnia
717 2832 1021 2899 occupabat,
1047 2842 1203 2902 atque
1234 2834 1424 2903 ubique
1467 2850 1571 2889 arte
1597 2845 1648 2890 et
1689 2838 1879 2905 templa
1914 2837 2078 2891 idolo-

519 2936 656 2987 rum,
685 2922 853 2985 nidor,
888 2922 1061 2976 fumus
1089 2934 1142 2977 et
1189 2933 1448 2978 torrentes
1470 2927 1754 2994 sanguinis,
1790 2944 1889 2981 non
1921 2929 2076 2983 modo

516 3011 689 3063 ovium
714 3010 994 3080 boumque,
1027 3013 1119 3066 sed
1155 3013 1307 3065 etiam
1334 3014 1623 3069 hominum.
1649 3017 1776 3070 Nam
1801 3019 2075 3086 Sacriﬁca-

517 3109 690 3152 veruut
719 3101 848 3167 ﬁlios
871 3118 984 3153 suos
1028 3112 1075 3155 et
1120 3103 1252 3170 ﬁlias
1295 3120 1409 3157 suas
1438 3105 1693 3159 dmutouiis
1736 3107 1752 3174 (
1781 3107 1918 3162 Psal.
1951 3112 2071 3164 105.

515 3189 624 3259 57)
659 3207 669 3242 :
703 3202 749 3244 et
778 3191 890 3245 hmc
916 3193 1152 3261 populus,
1194 3196 1281 3263 qui
1327 3197 1606 3266 pr0phetas
1646 3199 1869 3254 habebat
1919 3210 2074 3269 atque

516 3280 703 3349 legem,
736 3283 822 3350 qui
855 3283 943 3335 Dei
975 3283 1085 3336 visu
1128 3283 1415 3350 fruebatur,
1460 3289 1547 3356 qui
1601 3288 1650 3341 in
1694 3298 1768 3342 tot
1810 3293 2072 3346 miraculis

516 3373 793 3426 innutritus
841 3383 971 3427 erat.
1027 3375 1174 3440 Quod
1217 3378 1258 3429 si
1303 3377 1354 3428 hi
1383 3378 1508 3431 tales
1535 3389 1702 3444 erant,
1745 3383 1910 3450 cogita
1945 3398 2074 3450 qun-

515 3466 669 3518 modo
699 3467 912 3535 reliqua:
957 3468 1098 3522 orbis
1129 3479 1299 3536 partes
1326 3469 1524 3524 aﬁ'ecta:
1552 3470 1764 3537 fuerint,
1814 3489 1841 3525 a
1872 3473 2070 3526 dzemo-

516 3555 668 3607 nibus
693 3558 982 3623 exagitata,
1035 3558 1132 3609 sub
1163 3561 1403 3626 nequitia:
1436 3562 1760 3627 tyrannidem
1815 3562 2068 3629 redactm,

515 3646 672 3702 animi
703 3647 896 3700 morbis
919 3648 1160 3700 omnibus
1181 3649 1446 3716 subjecttc,
1475 3651 1606 3719 ligna
1638 3654 1888 3720 colentes,
1938 3657 2070 3724 lapi-

513 3734 606 3787 des
634 3735 932 3799 adnrantes,
959 3749 1181 3803 mentes,
1209 3741 1389 3805 colles,
1423 3743 1604 3807 saltus,
1637 3746 1870 3808 arbores,
1906 3747 2068 3814 lacus,

515 3826 701 3890 fontes,
735 3828 938 3881 ﬁuvios.
988 3830 1180 3898 Ecquid
1209 3841 1396 3885 emtcra
1425 3839 1941 3891 commcmoremus?
1988 3840 2069 3893 Ex

516 3915 818 3969 Judzeorum
845 3919 982 3970 enim
1011 3921 1158 3972 malis
1185 3932 1372 3988 quanta
1392 3935 1567 3977 essent
1599 3927 1818 3980 aliorum
1842 3927 2069 3983 facinora

514 4007 692 4060 videre
722 4019 821 4062 est.
862 4027 878 4060 ‹
917 4009 1044 4078 Equi
1091 4011 1320 4065 furentes
1367 4014 1416 4066 in
1462 4014 1680 4068 feminas
1704 4027 1873 4083 erant,
1907 4035 2069 4074 unus-

513 4097 729 4166 quisque
747 4099 808 4151 ad
834 4115 1048 4153 uxorem
1075 4103 1291 4168 proximi
1315 4103 1395 4155 sui
1420 4103 1684 4159 hinniebat
1705 4124 1722 4156 ι
1743 4105 1880 4177 (Jer.
1904 4109 1954 4162 5.
1977 4110 2068 4180 8).

522 4209 539 4238 ι
563 4189 820 4257 Cognovit.
843 4190 936 4243 bos
971 4206 1324 4259 possessorem
1356 4209 1526 4259 suum,
1556 4205 1607 4248 et
1633 4199 1809 4251 asinus
1839 4214 2071 4268 przesepe

513 4278 711 4332 domini
743 4279 842 4346 sui,
872 4280 1029 4336 Israel
1052 4293 1222 4336 autem
1253 4300 1336 4339 me
1362 4301 1462 4339 non
1489 4290 1727 4355 cognovit
1764 4309 1780 4338 ι
1810 4288 1968 4360 (Isai.
2016 4294 2066 4346 1.

515 4373 590 4440 5).
614 4390 631 4421 ι
657 4371 826 4426 Canes
852 4373 1000 4437 muti,
1024 4374 1110 4442 qui
1134 4384 1528 4444 nonpotnerunt
1550 4379 1740 4432 latrare
1762 4397 1779 4428 ι
1805 4379 1952 4449 (lsai.
1977 4381 2066 4435 56.

517 4463 584 4516 10
612 4464 649 4531 ).
678 4482 695 4514 ι
735 4463 917 4518 Facies
948 4467 1237 4520 meretricis
1281 4468 1416 4521 facta
1439 4478 1518 4522 est
1546 4469 1657 4534 tibi,
1708 4472 1843 4538 apud
1888 4488 2068 4528 omnes

515 4552 844 4620 impudenter
862 4555 1052 4623 agebas
1082 4574 1100 4606 ιι
1135 4556 1276 4627 (Jer.
1307 4557 1358 4610 '5.
1385 4559 1416 4611 5
1434 4559 1471 4626 ).
1509 4576 1528 4608 ι
1552 4558 1662 4612 Νοη
1681 4569 1760 4615 est
1779 4563 2069 4632 intelligens

511 4651 595 4694 aut
647 4644 916 4711 requirens
961 4644 1168 4699 Deum:
1208 4662 1390 4701 omnes
1438 4648 1848 4716 declinaverunt,
1914 4656 2067 4707 simul

515 4734 720 4786 inutiles
749 4734 866 4788 facti
898 4746 1019 4789 sunt
1050 4757 1066 4788 ι
1101 4739 1288 4808 (Psal.
1323 4741 1404 4794 15.
1437 4741 1490 4794 2.
1516 4743 1601 4809 5).
1640 4742 1864 4798 Rursum
1887 4745 2020 4799 alius
2052 4765 2066 4802 :

518 4841 535 4872 ‹
578 4823 786 4877 Frustra
819 4828 1140 4894 argentarius
1170 4839 1440 4898 argentum
1467 4831 1657 4885 conﬁat
1686 4852 1699 4887 :
1742 4837 1951 4889 malitiae
1976 4852 2069 4891 eo-

514 4930 627 4968 rum
687 4932 787 4970 non
836 4928 955 4971 sunt
1007 4932 1328 4990 consumptaa
1365 4942 1382 4974 ι
1423 4923 1563 4993 (Jer.
1613 4925 1664 4981 6.
1699 4927 1824 4998 29).
1877 4927 2070 4983 lterum

511 5007 686 5060 alius:
724 5029 737 5055 ι
778 5008 1098 5074 Exsecratio,
1149 5023 1202 5066 et
1245 5015 1593 5081 mendacium,
1652 5026 1705 5070 et
1749 5018 1964 5084 furtum,
2018 5030 2071 5075 et

511 5096 681 5149 credes
703 5137 715 5157 ,
743 5106 795 5150 et
829 5097 1138 5152 adulterium
1169 5102 1328 5155 effusa
1376 5114 1497 5157 sunt
1543 5121 1702 5173 super
1745 5116 1933 5162 terram
1960 5151 1973 5173 ,
2018 5119 2070 5164 et

510 5186 811 5252 sanguinem
843 5187 892 5239 in
924 5189 1176 5257 sanguine
1214 5192 1432 5246 miscent
1463 5213 1480 5244 ι
1531 5197 1547 5263 (
1575 5196 1697 5249 Osee
1735 5199 1785 5252 4.
1809 5199 1842 5250 2
1863 5201 1898 5267 ).
1934 5199 2071 5253 Rur-

510 5290 624 5326 sum
683 5276 813 5328 alius
848 5296 859 5329 :
897 5278 990 5332 «Si
1026 5282 1508 5352 mutabitEthiops
1562 5287 1746 5354 pellem
1800 5305 1968 5355 suam,
2015 5300 2071 5344 et

513 5365 703 5430 pardus
745 5369 977 5422 maculas
1007 5386 1147 5436 suas,
1173 5382 1224 5426 et
1247 5376 1466 5442 populus
1497 5377 1578 5430 hic
1609 5381 2069 5448 poteritjudicium

509 5457 697 5523 facere,
715 5474 833 5513 cum
848 5461 1086 5516 didicerit
1103 5465 1232 5518 mala
1256 5485 1272 5516 ι
1298 5466 1429 5535 (Jer.
1449 5469 1530 5522 13.
1550 5469 1662 5540 25).
1684 5472 1827 5525 Alius
1847 5475 2029 5526 iterum
2053 5490 2067 5526 :

569 5630 1067 5716 (rt).t7netmsliqclusa
1093 5652 1153 5687 ex
1178 5643 1452 5704 conjectura
1471 5647 1778 5706 adjiciuntur;
1800 5650 1872 5699 his
1895 5655 2072 5716 quippe

505 5692 712 5751 demptis
738 5710 825 5742 non
852 5705 935 5742 stat
965 5712 1152 5748 sensus.

1249 358 1306 412 S.
1338 359 1609 414 JOANNIS
1644 359 2116 418 CHRYSOSTOMI
2144 363 2455 418 ARCIIIEP.
2495 363 3022 423 CONSTANTINOI‘.

3662 391 3770 444 252

2208 491 2226 525 α
2267 476 2354 528 Va:
2381 476 2527 544 mihi,
2551 493 2583 530 ο
2612 479 2806 546 anima,
2844 479 2962 548 quia
2991 478 3142 548 periit
3172 478 3285 547 pius
3312 478 3378 532 de
3409 487 3564 544 terra,
3587 491 3639 536 et
3668 486 3750 552 qni

2201 575 2343 620 recte
2372 566 2525 622 faciat
2542 569 2590 621 in
2611 568 2906 624 hominibus
2927 585 3029 624 non
3051 581 3130 624 est
3150 589 3161 622 :
3181 585 3363 624 omnes
3385 572 3432 623 in
3449 575 3749 640 sanguinem

2195 655 2430 725 judicant
2460 677 2478 709 ι
2513 659 2532 728 (
2550 657 2706 712 Mich.
2739 661 2790 713 7.
2819 661 2910 730 2).
2942 662 3079 715 Deus
3105 663 3290 715 iterum
3319 680 3332 714 :
3363 680 3381 715 ι
3416 662 3547 716 0dio
3574 664 3749 724 habnt,

2204 749 2371 817 repuli
2397 749 2708 806 festivitates
2753 761 2974 817 vestras,
3016 760 3070 807 et
3118 769 3219 807 non
3263 752 3523 807 odorabor
3557 752 3748 807 hostias

2200 839 2250 892 in
2280 841 2622 896 conventibus
2652 843 2837 898 vestris
2866 863 2884 894 ι
2915 843 3104 913 (Amos
3133 845 3186 898 5.
3213 843 3274 897 2t
3302 842 3340 912 ).
3371 844 3511 898 Elias
3540 852 3710 897 autem
3734 861 3747 897 :

2204 947 2221 978 ι
2257 929 2452 984 Altaria
2481 941 2565 985 tua
2584 933 2969 998 subverterunt,
2998 944 3050 988 et
3085 934 3363 1003 prophetas
3405 943 3521 989 tuos
3543 936 3748 990 occide-

2196 1029 2346 1079 runt;
2380 1029 2430 1071 et
2448 1035 2548 1086 ego
2586 1022 2800 1075 relictus
2821 1037 2935 1076 sum
2961 1025 3122 1086 solus,
3167 1032 3220 1077 et
3261 1011 3500 1091 quarunt
3526 1024 3747 1077 animam

2197 1121 2364 1158 meam
2403 1128 2420 1159 ι
2458 1112 2544 1177 (3.
2579 1112 2702 1181 Reg.
2734 1113 2818 1167 19.
2857 1112 2978 1184 10).
3030 1113 3256 1168 Rursum
3287 1115 3458 1168 Deus:
3491 1131 3510 1164 ι
3547 1111 3747 1182 Reliqui

2194 1195 2406 1249 domum
2431 1214 2621 1266 meam,
2663 1202 2834 1255 dimisi
2867 1201 3210 1258 hereditatem
3239 1218 3427 1269 meam,
3456 1204 3575 1258 dedi
3619 1204 3746 1259 dile-

2195 1293 2330 1335 ctam
2351 1288 2578 1340 animam
2595 1305 2761 1344 meam
2782 1291 2832 1344 in
2858 1307 3042 1346 manus
3068 1293 3392 1346 inimicorum
3419 1293 3531 1360 ejus
3557 1313 3574 1345 ι
3605 1295 3743 1362 (Jer.

2197 1373 2279 1424 l2.
2315 1375 2402 1441 7).
2460 1377 2621 1430 David
2665 1381 2898 1434 iterum:
2951 1381 3398 1436 «Immolaverunt
3443 1383 3578 1437 ﬁlios
3623 1401 3745 1437 suos

2193 1471 2246 1514 et
2275 1463 2406 1516 ﬁlias
2449 1480 2568 1519 suas
2593 1467 2885 1536 daemoniis,
2910 1481 2963 1524 et
3001 1471 3296 1527 effuderunt
3319 1473 3621 1542 sanguinem
3663 1476 3744 1527 in-

2193 1563 2496 1620 nocentem,
2547 1561 2852 1627 sanguinem
2890 1562 3111 1617 ﬁliorum
3153 1579 3366 1618 suorum
3397 1574 3449 1619 et
3469 1563 3686 1620 ﬁliarum
3717 1586 3739 1617 ι

2193 1642 2367 1710 (Psal.
2394 1646 2513 1699 106.
2543 1648 2628 1700 s7.
2648 1649 2714 1702 38
2732 1651 2771 1718 ).

2264 1733 2315 1785 4.
2348 1733 2588 1788 Vidistin‘
2625 1738 2838 1791 malitiae
2869 1741 3234 1809 tyrannidem?
3263 1741 3434 1797 Canes
3461 1741 3669 1797 fuerunt
3695 1756 3746 1799 et

2190 1825 2330 1893 equi.
2361 1835 2415 1879 et
2434 1828 2594 1881 asinis
2626 1830 2961 1898 stupidiores,
2999 1832 3265 1901 bobusque
3311 1833 3740 1899 insensibiliores,

2190 1911 2243 1966 in
2275 1913 2540 1984 ipsamque
2567 1929 2803 1972 naturam
2845 1921 3184 1975 insanierunt.
3208 1921 3311 1976 Sed
3359 1936 3476 1992 p05t
3503 1924 3742 1978 incarna-

2192 2005 2386 2058 tionem
2413 2006 2605 2061 Christi
2629 2011 2754 2078 quid
2779 2011 2853 2064 ait
2875 2012 3140 2079 Scriptura
3163 2014 3185 2067 ?
3211 2013 3364 2066 Pater
3384 2025 3568 2080 noster,
3590 2016 3674 2084 qui
3692 2033 3742 2069 es

2187 2095 2239 2146 in
2261 2098 2392 2148 uelis
2434 2098 2658 2167 (Matth.
2690 2102 2741 2153 6.
2773 2102 2865 2172 9).
2915 2104 3147 2157 Antehac
3185 2106 3389 2158 dicebat
3421 2105 3682 2174 Scriptura
3723 2124 3738 2158 :

2200 2186 2334 2238 Vade
2352 2189 2418 2238 ad
2439 2192 2717 2256 formicam,
2745 2193 2883 2261 piger
2907 2193 2924 2261 (
2949 2191 3100 2246 Prov.
3139 2196 3189 2247 6.
3220 2195 3286 2264 6)
3309 2212 3322 2255 ;
3349 2206 3467 2264 post
3486 2197 3598 2249 hate
3620 2212 3742 2249 vero

2187 2277 2342 2330 etiam
2373 2279 2657 2348 adoptione
2697 2281 2891 2350 dignati
2941 2297 3140 2345 smnus,
3187 2294 3240 2338 et
3284 2286 3413 2337 exulo
3462 2285 3738 2354 adscripti,

2185 2383 2302 2422 cum
2325 2371 2523 2438 angelis
2543 2371 2732 2425 choros
2761 2374 2981 2442 agimus,
3009 2384 3061 2427 et
3092 2377 3320 2443 ipsorum
3362 2383 3544 2430 cantus
3585 2377 3741 2444 parti-

2183 2460 2326 2527 cipes
2353 2475 2551 2526 sumus,
2574 2477 2636 2516 ac
2665 2478 2782 2517 cum
2817 2463 3134 2532 incurporcis
3160 2467 3500 2534 potestatibus
3527 2482 3742 2520 concer-

2184 2559 2376 2603 tamus.
2405 2552 2602 2606 Sublati
2632 2563 2751 2607 sunt
2786 2556 2968 2620 colles,
2999 2555 3167 2609 diruta
3196 2567 3317 2609 sunt
3348 2559 3558 2627 templa.
3588 2558 3740 2625 Lapis

2185 2653 2302 2693 esse
2327 2639 2458 2709 lapis
2482 2642 2620 2695 visus
2646 2652 2741 2707 est,
2775 2653 2826 2697 et
2855 2645 3050 2713 lignum
3079 2661 3198 2700 esse
3227 2647 3418 2715 lignum
3445 2648 3741 2717 deprehen-

2183 2745 2297 2782 sum
2338 2740 2452 2796 est,
2504 2734 2824 2804 arboresque
2863 2737 3109 2801 arbores;
3161 2739 3328 2793 fontes
3376 2739 3497 2792 item
3547 2740 3736 2794 fontes.

2182 2820 2312 2886 Quia
2343 2825 2479 2876 enim
2530 2824 2619 2878 Sol
2665 2826 2882 2894 justitize
2927 2829 3093 2882 illuxit
3139 2831 3305 2898 (Mal.
3336 2833 3388 2884 4.
3423 2832 3511 2900 2),
3563 2849 3736 2887 rerum

2180 2913 2409 2966 Ostendit
2435 2924 2694 2982 naturam,
2719 2934 2872 2986 quam
2895 2921 3036 2987 prius
3061 2922 3436 2977 obtcnebrabat
3459 2939 3559 2977 nox
3586 2939 3736 2979 erro-

2181 3004 2274 3068 ris,
2323 3013 2376 3058 et
2402 3006 2708 3074 ignorantiae
2737 3010 2988 3076 profunda
3039 3014 3240 3081 caligo,
3286 3030 3402 3082 qua“:
3442 3031 3622 3068 eorum
3649 3018 3735 3085 qui

2180 3093 2381 3163 decepti
2413 3107 2563 3149 erant
2615 3100 2795 3151 oculos
2824 3099 3127 3155 offuscabat.
3166 3101 3266 3156 Sed
3299 3113 3572 3172 postquam
3603 3105 3733 3159 den-

2180 3200 2292 3238 sam
2321 3187 2517 3240 erroris
2545 3189 2733 3243 nubem
2781 3190 2919 3245 Solis
2944 3191 3158 3260 justitia:
3205 3194 3383 3246 radius
3433 3193 3732 3263 dissipavit,

2180 3278 2370 3345 ubique
2397 3278 2482 3331 lux
2507 3291 2588 3332 est
2610 3291 2663 3332 et
2685 3281 2817 3345 d—ies,
2860 3283 2964 3334 imo
2993 3283 3259 3351 splendida
3297 3285 3602 3354 stabilisque
3648 3287 3732 3339 lux

2181 3368 2487 3421 meridiana.
2536 3369 2710 3423 Persa:
2748 3372 2926 3437 etiam,
2959 3375 3045 3441 qui
3081 3385 3271 3428 matres
3319 3390 3440 3429 suas
3469 3377 3519 3428 in
3546 3392 3735 3430 uxores

2177 3459 2470 3526 ducebant,
2527 3463 2872 3530 virginitatem
2918 3479 3055 3519 nunc
3099 3479 3361 3519 exercent.
3409 3467 3474 3520 Et
3499 3468 3586 3537 qui
3614 3479 3734 3521 ante

2179 3551 2312 3604 ﬁlios
2334 3568 2459 3606 suos
2487 3557 2634 3621 quasi
2656 3570 2755 3608 non
2785 3567 3124 3624 agnoscentes
3151 3561 3466 3620 mactabam,
3499 3562 3730 3614 omnium

2177 3645 2580 3697 mansuetissimi
2613 3655 2666 3697 et
2711 3647 2973 3701 mitissimi
3013 3658 3152 3699 sunt.
3187 3650 3314 3717 Lupi
3343 3652 3514 3703 ovium
3570 3652 3734 3704 instar

2178 3732 2434 3784 mansueti
2483 3743 2792 3799 evaserunt;
2839 3736 2943 3788 imo
2993 3738 3148 3789 etiam
3200 3739 3231 3789 ii
3282 3739 3370 3806 qui
3417 3738 3554 3807 lupis
3607 3740 3732 3809 ipsis

2177 3820 2512 3876 immaninres
2542 3835 2709 3878 erant.
2742 3825 2916 3895 Lupus
2943 3829 3080 3881 enim
3121 3837 3357 3882 naturam
3382 3845 3483 3884 non
3507 3833 3728 3900 ignorat,

2176 3911 2266 3963 sed
2289 3914 2522 3979 agnoscit
2550 3913 2713 3968 fetum
2748 3936 2762 3970 :
2795 3917 3035 3972 homines
3055 3929 3226 3972 autem
3264 3922 3420 3974 etiam
3461 3923 3564 3976 illis
3591 3922 3728 3977 fero-

2174 4002 2346 4056 ciores
2372 4013 2540 4057 erant.
2568 4005 2669 4058 Sed
2711 4017 2828 4074 post
2867 4009 3274 4064 incarnationem
3301 4011 3562 4081 Unigeniti
3592 4015 3732 4083 ejus-

2176 4105 2276 4159 que
2306 4092 2768 4161 dispensationem,
2797 4097 2961 4165 ejecta
3004 4098 3227 4165 feritate,
3270 4102 3332 4154 ad
3364 4104 3591 4169 priorem
3642 4120 3727 4158 rc-

2176 4181 2311 4232 vcrsi
2343 4190 2464 4235 sunt
2490 4184 2991 4250 nobilitatem;imo
3038 4189 3102 4242 ad
3150 4191 3436 4259 angelicam
3484 4193 3727 4248 virtutem

2176 4271 2340 4323 evecti
2364 4282 2502 4324 sunt.
2531 4271 2596 4324 Et
2621 4274 2841 4327 antehac
2865 4276 3018 4330 urbes
3047 4279 3254 4345 quidem
3286 4289 3436 4333 erant
3461 4282 3730 4350 impietate

2177 4359 2345 4427 plenae
2396 4380 2408 4414 :
2458 4361 2612 4416 hodie
2653 4374 2825 4417 autem
2854 4367 3008 4419 etiam
3047 4368 3271 4422 solitudo
3298 4370 3727 4439 philosophatur,

2176 4464 2379 4502 necnon
2407 4452 2607 4519 tuguria
2638 4454 3013 4508 monachorum
3042 4457 3090 4509 in
3119 4459 3380 4512 montibus
3407 4469 3460 4513 et
3485 4462 3726 4527 saltibus,

2177 4539 2485 4593 imitantium
2535 4542 2696 4609 ipsam
2736 4546 3038 4612 angelorum
3072 4547 3556 4618 vitam,.postquam
3595 4568 3730 4620 prae-

2173 4639 2370 4682 sentem
2397 4643 2670 4685 exuerunt.
2700 4634 2763 4686 At
2805 4633 2927 4702 quid
2954 4650 3085 4704 opus
3127 4647 3206 4691 est
3260 4640 3533 4692 verborum
3564 4657 3730 4710 appa-

2175 4730 2311 4784 ratu,
2339 4736 2457 4775 eum
2491 4738 2576 4775 res
2608 4723 2734 4790 ipsa:
2771 4724 3067 4792 loquantur,
3095 4737 3148 4780 et
3176 4729 3285 4782 sole
3313 4729 3502 4784 clarius
3545 4743 3726 4786 osten-

2174 4811 2301 4864 dant
2329 4813 2602 4877 beneﬁcia,
2627 4830 2742 4883 qua:
2773 4825 2885 4883 post
2920 4816 3279 4871 admirandum
3325 4819 3466 4873 illum
3519 4832 3570 4876 et
3623 4824 3731 4889 Spi-

2175 4902 2414 4955 ritualem
2461 4904 2674 4971 virginis
2723 4917 2926 4974 partum
2953 4947 2966 4969 ,
3021 4923 3082 4961 ac
3129 4918 3245 4976 post
3288 4909 3726 4979 dispensationem

2178 4990 2709 5062 incarnationemque,
2732 5004 2896 5048 totum
2918 4997 3093 5050 orbem
3117 5011 3429 5068 occuparunt
3447 5001 3469 5051 ?
3486 5004 3727 5056 Attamen

2177 5089 2372 5133 tantum
2407 5090 2612 5150 tamque
2642 5087 2944 5150 praeclarum
2976 5102 3106 5154 opus
3128 5105 3155 5140 a
3183 5090 3354 5158 seipse
3405 5091 3542 5148 chit.
3591 5094 3726 5160 quod

2175 5177 2226 5221 et
2251 5170 2439 5222 clamat
2469 5172 2655 5225 Paulus
2684 5173 2863 5228 dicens
2891 5193 2903 5226 :
2937 5175 3032 5239 Qui
3056 5195 3165 5229 cum
3187 5179 3236 5229 in
3258 5183 3417 5247 forma
3453 5179 3550 5232 Dei
3581 5193 3726 5247 esset,

2176 5275 2274 5312 non
2312 5263 2540 5328 rapinam
2575 5263 2841 5317 arbitratus
2875 5275 2947 5317 est
2993 5283 3097 5319 esse
3128 5285 3178 5320 se
3216 5271 3450 5337 aequalem
3491 5270 3614 5333 Deo,
3643 5274 3730 5323 sed

2175 5350 2492 5417 semetipsum
2513 5352 2798 5418 exinanivit,
2826 5354 3039 5422 formam
3069 5359 3196 5410 servi
3222 5360 3462 5427 accipiens
3491 5359 3508 5427 (
3534 5359 3728 5428 Philip.

2175 5437 2224 5489 2.
2257 5438 2308 5490 G.
2339 5438 2369 5490 7
2389 5438 2427 5505 ).
2453 5439 2637 5505 Audis,
2664 5439 2926 5508 hzcretice,
2953 5443 3088 5512 quod
3108 5447 3734 5513 seipsumexinaniverit?

2178 5530 2253 5583 Ac
2279 5546 2459 5583 rursus
2482 5533 2599 5585 alibi
2628 5549 2639 5584 :
2688 5551 2706 5584 ι
2744 5534 2890 5588 Sicut
2916 5543 2968 5588 et
3016 5535 3254 5590 Christus
3305 5537 3487 5592 dilexit
3530 5555 3647 5604 nos,
3680 5553 3735 5596 et

2179 5618 2388 5671 tradidit
2416 5621 2753 5689 semetipsum
2789 5637 2882 5690 pro
2912 5623 3059 5677 nobis
3084 5625 3397 5680 oblationem
3429 5637 3479 5680 et
3505 5627 3729 5684 hostiam

2183 5708 2288 5761 Deo
2313 5709 2362 5762 in
2389 5710 2600 5764 odorem
2631 5711 2899 5766 suavitatis
2936 5731 2953 5762 ι
2990 5711 3206 5784 (Ep/tes.
3238 5715 3290 5770 5.
3317 5715 3406 5787 2).
3437 5717 3534 5782 Qui
3569 5719 3726 5774 etiam
