4032 6220
300 418 408 472 251

293 525 398 594 ἴδῃ,
441 521 648 592 ἀνάγκη
685 520 904 576 εἶναιτὰ
936 524 1089 595 ἔργα.
1129 519 1337 591 Τίοῦν;
1373 526 1491 577 εἰπέ
1527 544 1634 594 μοι·
1675 527 1766 577 ἕνα
1793 527 1940 593 ἥλιον

289 606 525 675 ὁρῶμεν,
555 606 627 675 μὴ
651 605 742 658 δύο
768 607 932 670 δεῖξαί
970 624 1057 676 μοι
1080 607 1305 679 δυνήσῃ,
1346 607 1430 660 ἵνα
1462 609 1552 660 τὸν
1579 610 1676 678 μὲν
1707 610 1797 659 τοῦ
1837 612 1944 661 Πα-

289 689 439 755 τρὸς,
459 688 551 741 τὸν
579 689 636 741 66
655 689 748 742 τοῦ
781 690 908 742 Υἰοῦ
937 691 1296 756 ὑποπτεύσω;
1333 693 1426 745 καὶ
1466 693 1688 761 σελήνας
1717 691 1827 753 δύο,
1851 694 1943 744 καὶ

290 771 415 840 γῆν,
451 773 544 824 xal
571 771 836 824 θάλατταν
857 788 871 836 ;
894 772 1034 824 οὕτω
1058 774 1152 826 καὶ
1185 773 1251 825 τὰ
1273 773 1404 826 ἄλλα
1444 775 1650 838 πάντας
1688 775 1824 826 Ἀλλ’
1845 776 1944 827 οὐκ

292 855 360 905 ἂν
382 854 524 922 ἔχοις
561 855 751 906 εἰπεῖν·
781 853 860 918 είς
881 857 988 924 γάρ
1017 859 1211 910 ἐστινὸ
1240 857 1407 924 ἥλιος.
1439 857 1562 920 Πῶς
1588 855 1700 922 οὖν,
1740 858 1832 910 ἐὰν
1871 862 1940 928 μή

287 954 343 987 τι
375 935 542 1006 βλέπῃ
587 937 838 990 ποιοῦντα
883 939 1060 1000 αὐτὸν,
1099 940 1157 991 οὐ
1198 942 1371 1003 ποιεῖς
1408 939 1559 1003 Τίνος
1612 940 1769 1011 ἔργον
1808 935 1943 993 εἶναι

292 1018 466 1085 βούλει
492 1020 579 1071 τὸν
619 1019 795 1088 ἧλιον;
847 1020 937 1072 τοῦ
984 1021 1223 1090 Πατρόςς
1281 1022 1390 1074 Ποῦ
1429 1018 1522 1076 οὖν
1575 1024 1604 1075 6
1653 1022 1746 1075 τοῦ
1782 1023 1940 1088 Υίοῦ;

302 1098 464 1150 Ἀλλὰ
490 1099 583 1151 τοῦ
615 1099 778 1164 Υίοῦ;
816 1100 924 1154 Ποῦ
970 1097 1060 1155 οὖν
1084 1104 1112 1154 6
1131 1102 1222 1155 τοῦ
1264 1103 1494 1174 Πατρδς,
1537 1104 1595 1157 ὃν
1621 1103 1742 1158 ἰδὼν
1771 1100 1942 1168 οὗτος,

287 1184 446 1236 ἄλλον
493 1183 726 1236 τοιοῦτον
757 1186 1045 1256 ἐποίησεν;
1094 1188 1218 1250 Πῶς
1248 1188 1304 1241 δὲ
1347 1190 1520 1241 ἐκεῖνο
1561 1192 1814 1259 στήσεται
1861 1191 1940 1252 τδ,

288 1265 493 1318 Πάντα
534 1265 606 1318 δι’
655 1268 838 1321 αὐτοῦ
869 1269 1121 1336 ἐγένετο,
1157 1270 1255 1322 καί
1281 1271 1459 1338 χωρίς
1504 1271 1687 1324 αὑτοῦ
1711 1271 1943 1339 ἐγένετο

286 1348 430 1400 οὐδὲ
461 1349 561 1413 Er;
603 1351 664 1402 Εἰ
698 1350 804 1420 γὰρ
844 1352 1020 1404 πάντα
1056 1353 1120 1405 δι’
1169 1353 1350 1417 αὑτοῦ,
1387 1357 1534 1405 ποῖον
1578 1353 1641 1406 ἂν
1684 1353 1794 1423 ἔχοι
1828 1372 1947 1407 και-

289 1428 382 1495 ρὸν
416 1430 552 1500 αὕτη
598 1433 628 1501 ἡ
672 1432 964 1502 διαίρεσις;
1018 1435 1179 1504 Ὁρᾷς
1221 1434 1291 1486 τὰ
1329 1434 1437 1486 τῶν
1485 1436 1784 1504 λογισμῶν;
1832 1437 1946 1499 πῶς

287 1510 512 1573 ἑαυτοὺς
552 1513 928 1583 περιπείρετε,
983 1515 1075 1567 καὶ
1138 1516 1296 1568 ἑαυτὸ
1347 1515 1556 1585 ἐλέγχει
1605 1518 1664 1569 τὸ
1718 1517 1942 1585 ψεῦδοςς

339 1586 935 1664 Ἰδοῦτὴναέρμηνείαν
980 1593 1156 1646 αὐτῶν
1203 1597 1282 1657 εἰς
1327 1596 1489 1664 μέσον
1542 1596 1781 1663 ἀγαγὼν,
1831 1600 1946 1661 πῶς

286 1673 460 1736 ἔδειξα
496 1677 663 1746 αὐτὴν
689 1679 776 1746 ὑφ’
805 1679 1003 1747 ἑαυτῆς
1038 1679 1388 1749 βαλλομένην.
1449 1680 1589 1743 Ἐγὼ
1632 1683 1689 1735 66
1731 1685 1947 1735 κάκεῖνο

285 1762 455 1827 ἡδέως
480 1762 544 1814 ἂν
568 1765 791 1834 ἐροίμην
814 1781 827 1795 ·
863 1766 943 1827 τίς
976 1769 1002 1817 6
1031 1765 1128 1834 τὴν
1157 1768 1332 1836 σάρκα
1362 1767 1645 1820 ἀναλαϐὼν
1679 1768 1777 1838 τὴν
1813 1771 1948 1838 ἠμε-

285 1848 470 1913 τέραν,
503 1851 595 1900 καὶ
622 1852 700 1912 εἰς
726 1852 934 1920 μήτραν
968 1851 1135 1903 ἐλθὼν
1163 1853 1525 1923 παρθενικήν;
1569 1854 1598 1905 6
1638 1855 1824 1925 Πατὴρ
1854 1855 1885 1924 ἢ
1922 1859 1948 1908 6

291 1933 444 1995 116;;
487 1937 623 1987 εἰπέ.
675 1939 747 1989 Οὐ
795 1938 956 1990 παντί
987 1956 1085 1990 που
1114 1939 1266 2007 δῆλον
1288 1980 1301 2002 ,
1334 1941 1414 1992 ὅτι
1441 1942 1468 1992 6
1507 1942 1796 2010 μονογενὴς
1822 1942 1949 2005 Υἱὸς

284 2019 378 2070 τοῦ
414 2020 587 2085 Θεοῦ;
637 2024 746 2075 Καὶ
804 2025 909 2093 γὰρ
963 2025 988 2075 ὁ
1039 2024 1244 2087 Παῦλος
1295 2025 1466 2088 οὕτως
1520 2030 1682 2096 φησίν
1713 2044 1726 2058 ·
1767 2029 1947 2082 Τοῦτο

283 2109 615 2172 φρονείσθω
651 2110 720 2161 ὲν
746 2111 906 2176 ὑμῖν,
945 2111 975 2163 ὃ
1020 2112 1117 2164 καί
1156 2114 1224 2164 ἐν
1253 2114 1483 2180 Χριστῷ
1526 2115 1739 2182 Ἰησοῦ,
1771 2116 1838 2182 ὃς
1880 2117 1949 2168 έν

282 2194 481 2261 μορφῇ
543 2196 689 2248 Θεοῦ
733 2197 1016 2266 ὑπάρχων
1062 2201 1171 2267 οὑχ
1216 2199 1528 2268 ἁρπαγμὸν
1566 2202 1835 2270 ἡγήσατο
1881 2203 1947 2255 τὸ

282 2275 434 2331 εἶναι
455 2282 560 2333 ῖσα
586 2281 725 2346 Θεῷ,
757 2285 893 2336 ἀλλ’
933 2285 1148 2338 ἑαυτὸν
1177 2287 1434 2340 ἐκένωσε
1454 2289 1697 2356 μορφὴν
1724 2289 1945 2343 δούλου

281 2367 500 2419 λαϐών.
538 2368 665 2425 Kal.
711 2368 1168 2431 Ἐξαπέστειλεν
1207 2376 1240 2425 ό
1263 2373 1404 2438 Θεὸς
1442 2375 1546 2427 τὸν
1592 2375 1727 2428 Υίὸν
1762 2379 1945 2430 αὑτοῦ

281 2451 390 2503 τὸν
414 2453 744 2522 μονογενῆ,
791 2457 1110 2523 γενόμενον
1157 2459 1224 2511 ἐκ
1273 2461 1577 2528 γυναικὸς,
1626 2465 1946 2532 γενόμενον

280 2540 398 2594 ὑπὸ
425 2542 628 2608 νόμον.
657 2544 763 2594 Καὶ
792 2545 938 2595 πᾶσα
973 2545 1178 2614 Γραφὴ,
1211 2547 1318 2598 εἴτε
1353 2548 1575 2612 παλαιὰ,
1630 2550 1738 2602 εἴτε
1765 2553 1942 2621 καινὴ,

278 2627 482 2677 τούτων
515 2628 890 2696 ἐμπέπλησται
923 2631 1029 2679 τῶν
1057 2633 1370 2700 μαρτυριῶν
1391 2649 1404 2662 ·
1435 2634 1527 2685 καὶ
1555 2635 1620 2685 τά
1650 2637 1944 2704 πράγματα

281 2710 398 2779 βοᾷ,
429 2712 508 2762 ὅτι
537 2713 564 2763 ὁ
597 2713 902 2782 Μονογενὴς
933 2717 1236 2785 ἐσαρκώθη,
1271 2719 1365 2786 οὐχ
1402 2720 1430 2769 6
1462 2721 1669 2789 Πατήρ.
1714 2722 1946 2790 Πότερον

277 2792 372 2848 οῦν
403 2796 524 2849 ἰδὼν
549 2798 637 2850 τὸν
661 2799 874 2870 Πατέρα
905 2801 1249 2870 σαρκωθέντα
1275 2805 1302 2854 6
1326 2805 1452 2868 Υἱὸς
1485 2806 1768 2876 ἐσαρκώθη
1791 2825 1804 2872 ;
1831 2807 1942 2878 [ού

277 2883 386 2951 γὰρ
411 2883 476 2934 ἂν
504 2884 828 2956 ἐσαρκώθη],
871 2887 917 2937 εἰ
961 2886 1033 2955 μὴ
1069 2887 1095 2926 b
1131 2888 1462 2957 θεασάμενος
1489 2892 1667 2943 αὐτόν.
1714 2894 1795 2945 Οὐ
1836 2891 1944 2960 γὰρ

277 2967 526 3020 δύναται
565 2970 665 3037 ἀφ’
710 2971 925 3025 ἑαυτοῦ
963 2973 1153 3026 ποιεῖν
1182 2976 1379 3038 οὐδὲν,
1421 2976 1529 3029 ἐὰν
1547 2979 1630 3045 μή
1657 2995 1710 3031 τι
1736 2979 1941 3049 ,ϐλέπῃ

277 3055 384 3106 τὸν
420 3056 648 3121 Πατέρα
680 3059 981 3110 ποιοῦντα.
1026 3060 1160 3113 Πότε
1216 3061 1281 3114 ἂν
1313 3062 1475 3131 ἴδοιμι
1517 3063 1672 3116 τοῦτο
1707 3066 1942 3135 ἐργασά-

279 3156 439 3207 μενον
466 3141 556 3192 τὸν
585 3143 824 3212 Πατέρα;
859 3146 969 3196 Οὐκ
995 3144 1058 3197 ἂν
1080 3146 1222 3216 ἔχοις
1243 3149 1434 3199 εἰπεῖν.
1460 3151 1566 3202 Καὶ
1593 3152 1724 3219 μήτε
1752 3151 1943 3220 μικρὸν

276 3224 414 3280 εἶναι
446 3229 670 3300 νομίσῃς
701 3233 760 3282 τὸ
797 3234 1172 3303 γεγενημένον.
1239 3235 1310 3287 Τὸ
1355 3237 1462 3304 γὰρ
1508 3238 1799 3306 κεφάλαιον
1845 3240 1943 3308 τῆς

277 3317 551 3386 σωτηρίας
613 3320 834 3390 ἡμῶνή
886 3321 1155 3391 σάρκωσίς
1204 3326 1315 3376 ἐστι
1360 3324 1451 3376 τοῦ
1505 3327 1858 3394 Μονογενοῦς,
1909 3330 1941 3398 ἡ

275 3405 680 3470 συγκατάϐασις
721 3407 903 3461 αὐτοῦ.
946 3410 1082 3478 Πρὶν
1124 3410 1154 3480 ἦ
1189 3413 1294 3481 γάρ
1345 3413 1592 3478 γενέσθαι
1640 3415 1939 3485 ἄνθρωπον,

270 3489 340 3540 τὰ
385 3491 486 3558 τῆς
550 3493 744 3556 κακίας
801 3495 1097 3563 ἐτυράννει,
1150 3499 1242 3550 καὶ
1295 3498 1563 3568 βαθυτάτη
1617 3501 1710 3566 νὺξ
1766 3502 1942 3554 πάντα

271 3576 548 3642 κατεῖχεν,
591 3579 684 3628 καὶ
709 3579 979 3648 πανταχοῦ
1012 3583 1180 3650 βωμοὶ
1220 3584 1314 3634 καὶ
1345 3585 1460 3637 ναοὶ
1485 3596 1507 3622 ο
1537 3588 1647 3647 τοίς
1683 3586 1938 3653 εἰδώλοις,

271 3661 366 3711 καὶ
411 3661 645 3725 κνίσσαι,
690 3665 780 3716 καὶ
814 3667 1035 3728 καπνὸς,
1082 3669 1174 3720 καὶ
1213 3671 1459 3737 αἰμάτων
1507 3673 1810 3741 χείμαρροι,
1842 3675 1941 3726 οὐκ

268 3745 380 3799 ἀπὸ
407 3749 692 3816 προϐάτων
719 3751 809 3800 καὶ
846 3751 981 3816 βοῶν
1016 3753 1190 3821 μόνον,
1224 3755 1356 3806 ἀλλὰ
1387 3757 1477 3806 καὶ
1503 3757 1608 3809 ἀπὸ
1639 3758 1940 3828 ἀνθρώπων

273 3833 506 3902 ῥέοντες.
573 3836 843 3888 Ἕθυσαν
890 3837 995 3906 γὰρ
1040 3838 1181 3904 τοὺς
1236 3840 1404 3903 υἱοὺς
1450 3843 1646 3895 αὐτῶν
1690 3846 1787 3897 καί
1834 3847 1940 3911 τὰς

269 3921 598 3987 θυγατέρας
629 3924 827 3975 αὐτῶν
855 3924 979 3988 τοῖς
1021 3924 1372 3993 δαιμονίοις·
1415 3930 1507 3979 καὶ
1535 3929 1684 4000 [260]
1715 3931 1886 3984 ταῦτα
1911 3935 1939 3984 6

266 4007 438 4075 δῆμος
463 4009 490 4059 6
528 4011 806 4078 προφήτας
827 4011 983 4079 ἔχων,
1009 4015 1036 4064 ὁ
1058 4013 1220 4082 νόμου
1252 4015 1557 4086 μετασχὼν,
1592 4019 1619 4069 6
1646 4018 1938 4083 θεοπτίαςά

270 4094 609 4157 ἀπολαύσας,
641 4098 667 4148 6
695 4097 966 4158 τοσούτοις
994 4099 1274 4168 ἐντραφεὶς
1297 4102 1585 4171 θαύμασιν.
1620 4105 1680 4155 Εἰ
1717 4105 1772 4156 δέ
1797 4099 1942 4157 οῦτοι

265 4175 520 4237 τοιοῦτοι,
559 4177 806 4246 ἐννόησον
839 4178 906 4229 τὰ
946 4180 1105 4232 λοιπὰ
1145 4183 1282 4251 μέρη
1317 4182 1414 4251 τῆς
1458 4184 1780 4254 οἰκουμένης
1823 4187 1938 4248 πῶς

263 4261 565 4324 διέκειντο,
618 4265 719 4315 ὑπὸ
771 4264 1038 4332 δαιμόνων
1089 4268 1509 4336 βακχευόμενοι,
1587 4271 1691 4321 ὑπὸ
1743 4273 1938 4336 κακίας

265 4349 712 4417 τυραννούμενοι,
774 4353 884 4414 τοῖς
948 4353 1230 4422 παθήμασι
1282 4356 1443 4405 πᾶσιν
1505 4357 1933 4427 ὑποκλινόμενοι,

265 4434 405 4498 ξύλα
465 4435 872 4504 θεραπεύοντες,
927 4439 1103 4501 λίθους
1157 4441 1606 4510 προσκυνοῦντες,
1673 4443 1792 4515 ὄρη,
1845 4446 1938 4499 καὶ

263 4521 513 4590 βουνοὺς,
537 4524 630 4574 καὶ
657 4523 854 4585 νάπας,
880 4525 970 4576 καὶ
1001 4525 1209 4596 δένδρα,
1243 4527 1336 4578 καὶ
1375 4527 1584 4596 λίμνας,
1613 4531 1707 4581 καὶ
1734 4531 1933 4600 πηγὰς,

261 4609 364 4660 καὶ
403 4608 698 4675 ποταμούς.
728 4612 833 4662 Kal
865 4612 915 4662 τί
955 4611 1034 4663 δεῖ
1069 4623 1091 4650 θ
1120 4612 1187 4664 τὰ
1216 4613 1321 4664 τῶν
1350 4614 1522 4665 ἄλλων
1557 4615 1768 4682 λέγειν;
1806 4620 1936 4670 Ἀπὸ

260 4695 377 4763 γὰρ
412 4693 519 4744 τῶν
545 4695 602 4744 ἐν
651 4696 922 4759 Ἰουδαίοις
957 4698 1142 4749 κακῶν
1175 4698 1372 4766 ὄψομαι
1397 4701 1492 4767 τὴν
1532 4703 1590 4752 ἐν
1622 4706 1731 4763 τοῖς
1760 4705 1936 4768 ἄλλοις

259 4779 592 4848 ὑπερϐολήν.
621 4781 823 4834 Ἵπποι
852 4783 1213 4850 θηλυμανεῖς
1232 4783 1529 4851 ἐγένοντο,
1556 4787 1809 4854 ἕκαστος
1837 4792 1933 4843 ἐπὶ

258 4869 384 4935 τὴν
419 4868 669 4936 γυναῖκα
715 4870 818 4923 τοῦ
859 4872 1125 4936 πλησίον
1146 4871 1528 4940 ἐχρεμέτιζον.
1570 4876 1753 4941 Ἔγνω
1781 4878 1935 4943 ,Βοῦς

261 4953 376 5007 τὸν
404 4956 799 5022 κτησάμενον,
837 4957 930 5010 καὶ
968 4957 1104 5022 ὄνος
1140 4957 1252 5022 τὴν
1299 4959 1530 5026 φάτνην
1582 4961 1686 5013 τοῦ
1724 4965 1933 5026 κυρίου

258 5041 476 5104 αὑτοῦ,
525 5042 761 5107 Ἰσραὴλ
819 5041 884 5093 δέ
929 5058 1000 5108 με
1051 5046 1160 5096 οὐκ
1195 5043 1365 5111 ἔγνω.
1402 5047 1590 5109 Κύνες
1654 5047 1805 5101 ἐνεοί
1862 5051 1932 5101 οὑ

256 5127 588 5194 δυνάμενοι
641 5127 938 5180 ὑλακτεῖν.
998 5129 1174 5194 Ὅψις
1240 5131 1464 5198 πόρνης
1514 5133 1749 5200 ἐγένετό
1809 5152 1929 5199 σοι,

255 5216 827 5282 (ἱπιηνῃσχύντησας
851 5215 997 5281 πρὸς
1026 5214 1254 5278 πάντας
1295 5218 1413 5269 Οὑκ
1435 5217 1605 5270 ἔστιν
1628 5221 1658 5271 0'
1680 5221 1928 5281 συνιὼν,

332 5301 358 5365 f'
389 5300 451 5345 Ita
476 5299 812 5365 Ollpll.‘l‘el:l_t'._.
845 5301 1053 5365 I§enzel._
1077 5309 1243 5347 autem
1265 5307 1317 5348 et
1373 5302 1565 5365 Anglic.
1621 5308 1699 5352 καὶ
1752 5309 1929 5353 ἑαυτῶν

257 5361 448 5422 ἐλέγχει
471 5362 524 5422 τρ
547 5360 741 5422 ψεῦδος;
766 5361 867 5406 ἰδοὺ
890 5363 976 5422 γὰρ
1002 5361 1102 5417 τήν.

328 5413 464 5468 ἰδ”ἓίο
497 5413 682 5469 Οιὶυὺ..
707 5413 909 5480 Anglic.-
955 5413 1068 5469 'verb
1107 5422 1212 5470 cod.
1240 5424 1366 5470 male
1407 5426 1520 5472 πότε
1555 5425 1634 5474 οὖν
1686 5428 1796 5475 ἰδὼν
1846 5430 1926 5476 τὸν

259 5483 460 5552 Πατέρα
479 5485 503 5530 ὁ
526 5483 983 5552 Υἱὸςιέσαρκώθηηεί
1005 5483 1098 5552 μή.
1127 5484 1239 5552 Har?
1270 5497 1432 5552 porro,
1465 5488 1625 5552 013369
1679 5490 1732 5534 ἂν
1789 5492 1927 5552 ἐσαρ-

254 5545 414 5596 κωθη.
445 5544 820 5612 exuconjeclpra
862 5545 1182 5612 _adjj1iunlgr.
1211 5545 1335 5592 Inl'ra
1371 5561 1456 5606 pro
1511 5544 1677 5609 ἱδοίμι,
1728 5544 1920 5612 melius,

255 5610 317 5652 ul
342 5610 480 5661 pulo,
503 5605 611 5651 ῐδοι·
635 5611 685 5652 el
704 5606 773 5650 sic
793 5609 929 5652 notat
959 5605 1150 5653 Benzcl.

331 5664 355 5692 ο
388 5663 578 5712 Benzel.
607 5665 773 5711 καινοί.

325 5724 355 5762 d
382 5724 462 5771 Sic
486 5724 629 5773 Οιιυι›
673 5726 900 5779 θεοπτίας.
928 5725 1117 5772 Benzel.
1157 5728 1436 5783 θεοπιστίας.

331 5786 356 5814 ⁸
385 5784 463 5835 Sic
488 5785 630 5834 0110b
657 5822 670 5845 ,
695 5790 883 5849 Anglic.
910 5799 1027 5833 vero
1053 5787 1126 5841 δή.

1361 409 1429 463 IN
1466 409 1694 474 ILLUD,
1733 410 1954 466 FILIUS
1988 409 2077 465 EX
2110 409 2192 466 SE
2228 410 2412 467 NIIIIL
2445 412 2667 478 FACIT,
2703 412 2852 467 ETC.

3579 433 3692 487 252

2050 529 2160 580 οὐκ
2185 530 2354 581 ἐστιν
2387 533 2419 583 ό
2446 527 2698 596 ἐκζητῶν
2747 529 2852 581 τὸν
2884 528 3030 580 Θεόν
3057 542 3068 556 ’
3108 528 3326 590 πάντες
3360 525 3695 593 ἐξέκλιναν,

2046 613 2165 681 ἅμα
2195 614 2623 682 ὴχρειώθησαν.
2655 615 2819 668 Πάλιν
2845 614 3027 683 ἔτερος
3046 631 3061 646 ·
3095 614 3303 679 Μάτην
3342 611 3700 683 [ἀργυροκό-

2045 696 2190 767 πος]
2219 698 2625 765 ἀργυροκοπεῖ·
2657 700 2713 750 αί
2734 698 3004 764 πονηρίαι
3024 696 3218 750 αὐτῶν
3248 698 3355 750 οὑκ
3377 695 3695 761 ἐτάκησαν.

2047 784 2270 854 Ἕτερος
2317 785 2512 838 πάλιν·
2567 787 2712 853 Ἀρὰ,
2747 787 2843 838 καί
2900 785 3140 852 ψεῦδος,
3187 785 3283 838 καὶ
3334 784 3552 849 κλοπὴ,
3602 783 3700 835 καὶ

2046 872 2248 939 φόνος,
2272 873 2368 924 καί
2393 874 2624 940 μοιχεία
2651 871 2887 940 κέχυται
2917 871 3013 923 ἐπὶ
3051 870 3155 938 τῆς
3186 871 3317 938 γῆς,
3354 870 3453 922 καὶ
3486 871 3702 936 αἵματα

2044 957 2134 1024 ἐφ’
2175 958 2381 1023 αἵμασι
2428 960 2772 1026 μίσγουσιν.
2821 958 3042 1026 Ἕτερος
3090 957 3282 1010 πάλιν·
3326 958 3392 1008 Εἰ
3452 955 3701 1017 ἀλλάξει

2037 1044 2251 1110 Αἰθίοψ
2277 1043 2339 1096 τὸ
2364 1043 2548 1113 δέρμα
2586 1043 2769 1098 αὑτοῦ
2820 1042 2862 1109 τ,
2898 1044 2995 1096 καί
3046 1042 3334 1110 πάρδαλις
3372 1043 3446 1096 τὰ
3473 1043 3696 1094 ποικίλ-

2042 1146 2198 1198 ματα
2227 1130 2436 1197 αὑτῆς,
2482 1130 2582 1182 καὶ
2619 1132 2651 1184 ό
2686 1130 2834 1196 λαὸς
2882 1125 3056 1194 οὗτος
3095 1128 3418 1197 δυνήσεται
3458 1127 3700 1194 ποιῆσαι

2047 1217 2268 1284 κρίσιν,
2328 1216 2678 1286 μεμαθηκὼς
2728 1216 2898 1270 κακά.
2974 1217 3195 1285 Ἕτερος
3254 1216 3444 1269 πάλιν·
3515 1215 3680 1282 Οἵμοι

2047 1299 2240 1366 ψυχὴ,
2284 1300 2377 1352 ὅτι
2414 1299 2729 1352 ἀπόλωλεν
2760 1299 3021 1365 εὐλαϐὴς
3068 1299 3183 1352 ἀπὸ
3228 1297 3337 1363 τῆς
3369 1297 3501 1367 γῆς,
3546 1295 3642 1350 καὶ
3671 1299 3704 1350 ό

2049 1384 2350 1453 κατορθῶν
2406 1386 2474 1438 ὲν
2520 1383 2845 1452 ἀνθρώποις
2887 1388 2998 1453 οὑχ
3033 1383 3310 1451 ὑπάρχει·
3375 1384 3592 1447 πάντες
3621 1385 3706 1448 είς

2048 1473 2264 1538 αἵματα
2290 1472 2648 1532 δικάζουσιν.
2712 1474 2769 1524 '0
2795 1473 2922 1535 Θεὸς
2957 1472 3115 1525 πάλιν
3139 1489 3151 1503 ·
3217 1473 3549 1540 Μεμίσηκα,
3595 1471 3707 1524 ἀπ·-

2049 1556 2242 1626 ῶσμαι
2262 1559 2367 1622 τὰς
2390 1559 2598 1626 ἑορτὰς
2622 1558 2807 1627 ὑμῶν,
2827 1559 2924 1610 καί
2948 1560 3018 1611 οὑ
3043 1561 3126 1626 μὴ
3151 1557 3463 1624 όσφρανθῶ
3495 1557 3708 1619 θυσίας

2050 1643 2118 1695 έν
2142 1642 2272 1706 ταῖς
2291 1645 2700 1710 πανηγύρεσιν
2732 1643 2914 1712 ὑμῶν.
2953 1644 3009 1697 Ὁ
3054 1643 3255 1704 Ἠλίας·
3288 1641 3363 1695 Τὰ
3392 1640 3708 1704 θυσιαστή-

2041 1727 2144 1794 ριά
2168 1744 2283 1782 σου
2343 1730 2752 1798 κατέσκαψαν,
2782 1729 2877 1782 καί
2926 1729 3066 1794 τοὺς
3104 1727 3413 1796 προφήτας
3441 1744 3556 1781 σου
3596 1727 3705 1780 ἀπο

2049 1814 2322 1872 ἐκτειναν
2349 1835 2360 1847 ·
2398 1817 2495 1870 καί
2522 1819 2890 1884 ὑπελείφθην
2921 1816 3033 1885 ἐγὼ
3063 1818 3267 1885 μόνος,
3324 1815 3421 1869 καί
3472 1815 3704 1882 ζητοῦσι

2050 1901 2164 1968 τὴν
2185 1904 2396 1972 ψυχήν
2439 1923 2578 1973 μου.
2631 1906 2794 1957 Πάλιν
2845 1906 2871 1955 6
2903 1905 3058 1966 Θεός·
3130 1902 3548 1971 Ἐ’γκατέλιπον
3604 1901 3709 1954 τὸν

2050 1981 2218 2039 οἶκόν
2242 2005 2380 2054 μου,
2407 1988 2609 2056 ἀφῆκα
2634 1987 2746 2054 τὴν
2778 1988 3181 2055 κληρονομίαν
3204 2004 3342 2055 μου,
3372 1986 3558 2039 ἔδωκα
3597 1985 3709 2052 τὴν

2049 2072 2442 2141 ἠγαπημένην
2473 2073 2682 2142 ψυχήν
2714 2092 2831 2142 μου
2875 2076 2958 2139 είς
2987 2073 3186 2142 χεῖρας
3227 2071 3452 2140 ἐχθρῶν
3499 2071 3706 2137 αὐτῆς.

2065 2159 2120 2211 Ὀ
2151 2158 2309 2211 Δαυῒδ
2339 2160 2495 2212 πάλιν
2521 2177 2533 2189 ·
2573 2163 2840 2214 Ἐθυσαν
2870 2160 3007 2224 τοὺς
3035 2160 3202 2225 υίοὺς
3227 2158 3442 2221 αὑτῶν,
3481 2160 3576 2211 καί
3607 2160 3710 2224 τὰς

2053 2245 2373 2312 θυγατέρας
2405 2245 2603 2298 αὐτῶν
2637 2246 2758 2310 τοῖς
2798 2246 3141 2313 δαιμονίοις,
3179 2247 3274 2298 καὶ
3306 2245 3553 2314 ἐξέχεαν
3571 2239 3709 2314 αἷμα

2051 2330 2264 2395 ἀθῷον,
2287 2331 2427 2400 αἷμα
2451 2331 2594 2385 υἱῶν
2615 2332 2812 2385 αὑτῶν
2849 2332 2945 2384 καί
2983 2331 3336 2401 θυγατέρων.

2120 2418 2179 2470 δ’.
2203 2413 2356 2482 Εἶδες
2386 2420 2580 2482 κακίας
2604 2420 2888 2490 τυραννίδα
2911 2436 2925 2483 ;
2954 2419 3128 2482 Κύνες
3158 2419 3399 2486 ἐγένοντο
3420 2421 3511 2470 καὶ
3533 2418 3705 2478 ἵπποι,

2052 2504 2145 2558 καὶ
2179 2506 2314 2558 ὄνων
2343 2507 2684 2575 άλογώτεροι,
2721 2507 2812 2558 καὶ
2842 2505 2977 2574 βοῶν
3022 2504 3476 2574 ἀναισθητότεροι,
3509 2505 3600 2558 καὶ
3629 2504 3708 2564 εἰς

2051 2592 2217 2659 αὐτὴν
2245 2591 2342 2660 τὴν
2369 2592 2526 2658 φύσιν
2558 2593 2854 2660 ἐμάνησαν.
2917 2590 3074 2642 Ἀλλὰ
3113 2590 3250 2659 μετὰ
3298 2590 3393 2658 τὴν
3437 2591 3709 2658 σάρκωσιν

2049 2675 2141 2727 τοῦ
2166 2677 2398 2747 Χριστοῦ
2427 2678 2479 2728 τί
2504 2694 2663 2745 φησιν
2686 2679 2716 2745 ή
2750 2677 2969 2747 Γραφής
3001 2677 3188 2743 Πάτερ
3218 2676 3404 2745 ἡμῶν,
3429 2679 3460 2730 ό
3493 2677 3561 2729 ἐν
3587 2677 3710 2741 τοῖς

2049 2763 2342 2829 οὐρανοῖς.
2370 2765 2478 2816 Kal
2503 2764 2606 2833 πρὸ
2639 2767 2735 2832 μὲν
2765 2764 2950 2816 τούτου
2979 2764 3159 2832 ἐλεγεν
3183 2767 3215 2832 ἡ
3242 2764 3428 2833 Γραφή
3447 2781 3460 2794 ·
3493 2765 3710 2830 Πορεύ-

2050 2852 2180 2915 θητι
2217 2850 2364 2916 πρὸς
2413 2850 2518 2903 τὸν
2549 2852 2850 2919 μύρμηκα,
2890 2847 2937 2904 ὦ
2981 2849 3230 2918 ὀκνηρέ·
3276 2850 3411 2920 μετὰ
3446 2850 3501 2902 δὲ
3538 2850 3710 2903 ταῦτα

2051 2938 2143 2988 καὶ
2170 2937 2437 2999 υἱοθεσίας
2463 2937 2790 3006 ἠξιώθημεν,
2825 2939 2918 2990 καὶ
2959 2939 3037 3001 εἰς
3070 2938 3160 2991 τὸν
3198 2938 3422 3008 οὐρανὸν
3467 2939 3710 3006 ἀπεγρά-

2050 3039 2248 3093 φημεν,
2281 3027 2372 3077 καὶ
2406 3027 2543 3094 μετὰ
2569 3025 2676 3077 τῶν
2704 3025 2949 3092 ἀγγέλων
2976 3025 3291 3094 χορεύομεν,
3318 3025 3410 3077 καὶ
3445 3024 3543 3094 τῆς
3589 3025 3707 3093 μελ-

2049 3111 2208 3178 ῳδίας
2235 3113 2416 3173 αὐτοῖς
2443 3109 2822 3180 κοινωνοῦμεν,
2858 3112 2948 3162 καὶ
2969 3111 3102 3180 πρὸς
3118 3111 3438 3181 ἀσωμάτους
3454 3111 3710 3180 δυνάμεις

2047 3199 2145 3269 τὴν
2190 3199 2418 3268 ἅμιλλαν
2450 3200 2699 3269 ἐθέμεθα.
2735 3201 2842 3253 Καὶ
2868 3201 3161 3271 ἀνῄρηνται
3202 3200 3399 3269 βουνοὶ,
3439 3202 3532 3254 καὶ
3584 3220 3710 3255 κατ-

2049 3287 2365 3355 εσκάφησαν
2390 3287 2526 3338 ναοί.
2560 3287 2668 3339 Kal
2696 3289 2722 3339 6
2754 3286 2894 3349 λίθος
2917 3289 3086 3356 ἐφάνη
3120 3287 3282 3350 λίθος,
3318 3289 3408 3340 καὶ
3435 3289 3494 3341 τὸ
3535 3287 3708 3352 ξύλον,

2050 3372 2222 3436 ξύλον,
2253 3375 2345 3426 καὶ
2382 3373 2447 3426 τὰ
2486 3373 2694 3444 δένδρα.
2737 3374 2944 3444 δένδρα,
3006 3376 3099 3427 καὶ
3151 3375 3205 3427 αἱ
3268 3377 3459 3445 πηγαὶ,
3515 3376 3708 3445 πηγαί.

2061 3460 2275 3530 Ἐπειδὴ
2318 3460 2426 3530 γὰρ
2464 3463 2492 3513 6
2521 3460 2621 3528 τῆς
2656 3460 2998 3530 δικαιοσύνης
3028 3461 3177 3530 ἥλιος
3235 3462 3494 3530 ἔλαμψεν,
3543 3461 3708 3525 ἔδειξε

2048 3547 2154 3600 τῶν
2178 3550 2511 3616 πραγμάτων
2538 3549 2633 3617 τὴν
2679 3549 2857 3614 φύσιν,
2899 3550 2964 3618 ἢν
2994 3550 3120 3616 πρὶν
3148 3549 3517 3601 ἐπεκάλυπτεν
3549 3552 3581 3618 ἡ
3611 3550 3709 3618 τῆς

2048 3635 2253 3703 πλάνης
2281 3635 2390 3698 νὺξ,
2425 3635 2517 3686 καὶ
2546 3634 2605 3686 τὸ
2633 3633 2764 3702 βαθὺ
2788 3635 2885 3703 τῆς
2915 3635 3185 3700 ἀγνωσίας
3224 3635 3429 3698 σκότος,
3480 3638 3708 3706 συγχέειν

2047 3721 2143 3788 τὴν
2175 3721 2293 3786 ὄψιν
2322 3721 2428 3771 τῶν
2455 3721 2848 3790 ἀπατωμένων.
2895 3721 3030 3773 Ἀλλ’
3064 3721 3246 3788 ἐπειδὴ
3274 3723 3585 3775 διεσκέδασε
3607 3725 3707 3792 τὴν

2048 3807 2258 3876 πυκνὴν
2307 3806 2533 3875 νεφέλην
2576 3807 2674 3875 τῆς
2722 3807 2927 3876 πλάνης
2969 3810 3002 3878 ἠ
3043 3809 3198 3870 ἀκτὶς
3230 3810 3264 3878 ἡ
3305 3809 3396 3861 τοῦ
3429 3809 3580 3880 ἡλίου
3609 3815 3708 3879 τῆς

2047 3893 2406 3962 δικαιοσύνης,
2438 3892 2585 3964 [ῗϐί]
2618 3893 2887 3963 πανταχοῦ
2920 3893 3036 3962 φῶς
3086 3896 3179 3946 καὶ
3223 3895 3421 3963 ἡμέρα,
3486 3896 3708 3965 λαμπρὰ

2050 3980 2140 4031 καὶ
2194 3979 2438 4049 σταθηρὰ
2487 3980 2816 4050 μεσημϐρία.
2862 3981 2970 4031 Kal
3028 3981 3074 4031 οἱ
3117 3980 3356 4050 μητέρας
3406 3981 3707 4050 γαμοῦντες

2049 4067 2251 4134 Πέρσαι
2312 4065 2604 4135 παρθενίαν
2641 4064 2866 4118 ἀσκοῦσι
2931 4064 3042 4119 νῦν.
3105 4067 3211 4118 Kal
3273 4067 3319 4117 οἰ
3380 4069 3504 4130 τοὺς
3561 4070 3705 4130 υἱοὺς

2046 4151 2362 4217 ἀγνοοῦντες
2384 4152 2507 4213 τοὺς
2535 4150 2741 4203 ἑαυτῶν
2783 4150 2877 4203 καὶ
2918 4152 3260 4219 σφάττοντες,
3303 4152 3516 4205 πάντων
3548 4155 3706 4220 γεγό-

2048 4253 2198 4287 νασιν
2220 4236 2557 4306 ἡμερώτεροι
2586 4237 2678 4289 καὶ¹
2705 4237 3015 4307 πραότεροι.
3048 4238 3110 4290 Ol
3139 4235 3288 4290 λύκοι
3321 4237 3453 4307 πρὸς
3482 4239 3576 4307 τὴν
3600 4241 3705 4291 τῶν

2047 4323 2332 4393 προϐάτων
2383 4324 2716 4393 μετέστησαν
2757 4324 3107 4395 ἡμερότητα·
3163 4324 3358 4394 μᾶλλον
3405 4326 3460 4377 66
3511 4327 3602 4378 καὶ
3653 4329 3703 4380 οἰ

2047 4411 2223 4463 λύκων
2250 4411 2483 4480 χείρους.
2521 4412 2698 4473 Λύκος
2733 4411 2839 4479 γὰρ
2875 4411 2973 4463 οὐκ
3013 4413 3197 4479 ἀγνοεῖ
3233 4411 3330 4479 τὴν
3375 4412 3553 4478 φύσιν,
3589 4413 3701 4465 ἀλλ’

2045 4497 2392 4564 ἐπιγινώσκει
2421 4498 2481 4548 τὸ
2501 4497 2689 4565 τεχθέν
2706 4513 2719 4525 ·
2746 4497 3016 4566 ἄνθρωποι
3045 4497 3209 4548 δὲκαὶ
3230 4497 3430 4549 τούτων
3458 4498 3703 4564 ἐγένοντο

2044 4583 2386 4653 ἀγριώτεροι.
2433 4583 2589 4635 Ἀλλὰ
2635 4582 2774 4651 μετὰ
2801 4581 2894 4650 τὴν
2928 4582 3198 4651 σάρκωσιν
3238 4582 3329 4633 τοῦ
3368 4585 3702 4652 Μονογενοῦς

2045 4671 2135 4722 καὶ
2155 4670 2250 4739 τὴν
2273 4670 2598 4738 οἰκονομίαν,
2631 4668 2947 4730 ἐκϐαλόντες
2974 4668 3069 4737 τὴν
3099 4668 3409 4736 θηριωδίαν,
3443 4672 3578 4741 πρὸς
3605 4672 3701 4742 τὴν

2042 4757 2244 4808 οἰκείαν
2278 4755 2575 4824 ἐπανῆλθον
2613 4753 2886 4819 εὐγένειαν
2910 4769 2924 4784 ·
2980 4756 3176 4823 μᾶλλον
3209 4755 3264 4806 66
3304 4755 3437 4826 πρὸς
3466 4759 3560 4827 τὴν
3594 4759 3699 4810 τῶν

2042 4843 2285 4911 ἀγγέλων
2312 4841 2577 4909 ἀνέϐησαν
2607 4841 2824 4909 ἀρετήν.
2853 4841 2962 4892 Kal
2997 4841 3101 4910 πρὸ
3146 4842 3332 4893 τούτου
3367 4843 3462 4911 μὲν
3500 4845 3554 4895 al
3603 4844 3700 4896 πό-

2039 4929 2150 4990 λεις
2187 4925 2326 4999 ἦσαν
2381 4925 2630 4988 ἀσεϐείας
2678 4925 3076 4994 πεπλησμέναι,
3141 4928 3376 4995 σήμερον
3419 4927 3474 4980 δὲ
3525 4928 3616 4981 καὶ
3663 4931 3696 5000 ή

2039 5015 2240 5085 ἕρημος
2281 5012 2573 5081 φιλοσοφεῖ,
2611 5012 2704 5063 καὶ
2746 5012 2974 5064 καλύϐαι
3022 5012 3267 5080 μοναχῶν
3307 5015 3361 5064 ἐν
3417 5013 3564 5082 ὄρεσι
3605 5017 3697 5068 καὶ

2036 5104 2251 5163 νάπαις,
2277 5099 2520 5166 ἀγγέλων
2545 5099 2889 5168 μιμουμένων
2919 5099 3211 5161 πολιτείαν,
3231 5099 3430 5152 καὶτὸν
3457 5118 3528 5152 πα
3539 5101 3696 5169 ρόντα

2038 5187 2428 5254 ἀποδυσάμενοι
2464 5184 2594 5252 βίον.
2641 5183 2704 5234 Τί
2744 5184 2849 5252 γάρ
2887 5182 2965 5234 δεῖ
3007 5183 3104 5252 τῆς
3155 5183 3262 5235 τῶν
3306 5185 3475 5250 λόγων
3526 5203 3696 5237 κατα-

2038 5271 2258 5338 σκευῆς,
2300 5271 2406 5323 τῶν
2448 5270 2785 5340 πραγμάτων
2829 5268 3093 5336 βοώντων,
3133 5271 3225 5322 καὶ
3264 5270 3412 5339 ἡλίου
3450 5272 3692 5339 φανερώ-

2033 5375 2185 5428 τερον
2209 5359 2526 5409 δεικνύντων
2557 5357 2622 5408 τά
2654 5354 2848 5422 ἀγαθὰ,
2882 5354 2917 5407 δι
2954 5356 3090 5424 μετὰ
3124 5355 3218 5426 τὴν
3244 5357 3403 5408 ώδῖνα
3433 5358 3528 5426 τῆς
3555 5359 3695 5425 Παρ-

2034 5446 2184 5498 θένου
2224 5444 2321 5513 τὴν
2344 5443 2658 5512 θαυμαστὴν
2679 5442 2913 5511 ἐκείνην,
2940 5443 3034 5494 καὶ
3064 5443 3457 5513 πνευματικὴν,
3483 5444 3572 5494 καὶ
3596 5444 3691 5512 τὴν

2031 5533 2358 5601 οἰκονομίαν,
2382 5529 2584 5598 καὶτήν
2612 5530 2905 5598 σάρκωσιν,
2936 5528 3033 5597 τὴν
3060 5529 3378 5597 οἰκουμένην
3402 5527 3693 5580 κατέλαϐεν

2033 5619 2284 5678 ἆπασαν;
2343 5617 2479 5668 Ἀλλ’
2518 5618 2663 5685 ὅμως
2711 5615 2960 5669 τοσοῦτον
3008 5617 3100 5670 καὶ
3151 5615 3461 5684 τηλικοῦτον
3495 5613 3693 5682 κατόρ-

2031 5704 2188 5773 θωμα
2219 5706 2308 5769 ἀφ’
2355 5701 2546 5756 ἐαυτοῦ
2587 5701 2881 5768 πεποίηκεν
2907 5716 2920 5729 ⁸
2976 5704 3069 5756 καὶ
3116 5702 3210 5772 βοᾷ
3248 5701 3453 5764 Παῦλος
3487 5700 3688 5768 λέγων·

2100 5790 2116 5827 ί
2157 5793 2345 5853 Anglic.
2372 5791 2424 5840 τὸ
2450 5789 2563 5849 αἷμα
2585 5786 2748 5848 αὐτοῦ,
2779 5790 2922 5837 male.
