  <div class='ocr_page' id='page_1' title='image "/cluster/home/n/w/nwhite01/storage/ocr_20150623/56/nnc1.0114695758/254.png"; bbox 0 0 4032 6220; ppageno 0'>
   <div class='ocr_carea' id='block_1_1' title="bbox 297 368 411 423">
    <p class='ocr_par' dir='ltr' id='par_1_1' title="bbox 297 368 411 423">
     <span class='ocr_line' id='line_1_1' title="bbox 297 368 411 423; baseline 0.018 -2"><span class='ocrx_word' id='word_1_1' title='bbox 297 368 411 423; x_wconf 81' lang='grc'><strong>253</strong></span> 
     </span>
    </p>
   </div>
   <div class='ocr_carea' id='block_1_2' title="bbox 294 462 1865 533">
    <p class='ocr_par' dir='ltr' id='par_1_2' title="bbox 294 462 1865 533">
     <span class='ocr_line' id='line_1_2' title="bbox 294 462 1865 533; baseline 0.001 -17"><span class='ocrx_word' id='word_1_2' title='bbox 294 479 323 516; x_wconf 87' lang='lat' dir='ltr'><strong>a</strong></span> <span class='ocrx_word' id='word_1_3' title='bbox 346 470 520 531; x_wconf 76' lang='lat' dir='ltr'><strong>seipse</strong></span> <span class='ocrx_word' id='word_1_4' title='bbox 555 462 838 518; x_wconf 82' lang='lat' dir='ltr'><strong>cruciﬁxus</strong></span> <span class='ocrx_word' id='word_1_5' title='bbox 861 472 911 518; x_wconf 90' lang='lat' dir='ltr'><strong>ct</strong></span> <span class='ocrx_word' id='word_1_6' title='bbox 938 479 967 517; x_wconf 92' lang='lat' dir='ltr'><strong>a</strong></span> <span class='ocrx_word' id='word_1_7' title='bbox 998 464 1171 533; x_wconf 87' lang='lat' dir='ltr'><strong>seipso</strong></span> <span class='ocrx_word' id='word_1_8' title='bbox 1200 464 1495 518; x_wconf 76' lang='lat' dir='ltr'><strong>immolatus</strong></span> <span class='ocrx_word' id='word_1_9' title='bbox 1526 473 1606 518; x_wconf 88' lang='lat' dir='ltr'><strong>est</strong></span> <span class='ocrx_word' id='word_1_10' title='bbox 1635 482 1646 515; x_wconf 90' lang='lat'>:</span> <span class='ocrx_word' id='word_1_11' title='bbox 1682 480 1865 533; x_wconf 83' lang='lat' dir='ltr'><strong>quam-</strong></span> 
     </span>
    </p>
   </div>
   <div class='ocr_carea' id='block_1_3' title="bbox 293 552 1864 620">
    <p class='ocr_par' dir='ltr' id='par_1_3' title="bbox 293 552 1864 620">
     <span class='ocr_line' id='line_1_3' title="bbox 293 552 1864 620; baseline 0.001 -16"><span class='ocrx_word' id='word_1_12' title='bbox 293 555 476 606; x_wconf 85' lang='lat' dir='ltr'><strong>obrem</strong></span> <span class='ocrx_word' id='word_1_13' title='bbox 500 554 608 619; x_wconf 92' lang='lat' dir='ltr'><strong>ipse</strong></span> <span class='ocrx_word' id='word_1_14' title='bbox 626 552 833 606; x_wconf 86' lang='lat' dir='ltr'><strong>dicebat</strong></span> <span class='ocrx_word' id='word_1_15' title='bbox 863 570 874 604; x_wconf 91' lang='lat'>:</span> <span class='ocrx_word' id='word_1_16' title='bbox 906 571 922 602; x_wconf 74' lang='grc' dir='ltr'>ι</span> <span class='ocrx_word' id='word_1_17' title='bbox 954 554 1272 607; x_wconf 86' lang='lat' dir='ltr'><strong>Potestatem</strong></span> <span class='ocrx_word' id='word_1_18' title='bbox 1307 554 1472 606; x_wconf 89' lang='lat' dir='ltr'><strong>habeo</strong></span> <span class='ocrx_word' id='word_1_19' title='bbox 1504 554 1729 620; x_wconf 88' lang='lat' dir='ltr'><strong>ponendi</strong></span> <span class='ocrx_word' id='word_1_20' title='bbox 1753 554 1864 606; x_wconf 83' lang='lat' dir='ltr'><strong>ani-</strong></span> 
     </span>
    </p>
   </div>
   <div class='ocr_carea' id='block_1_4' title="bbox 291 644 1863 713">
    <p class='ocr_par' dir='ltr' id='par_1_4' title="bbox 291 644 1863 713">
     <span class='ocr_line' id='line_1_4' title="bbox 291 644 1863 713; baseline -0.001 -15"><span class='ocrx_word' id='word_1_21' title='bbox 291 661 433 699; x_wconf 84' lang='lat' dir='ltr'><strong>mam</strong></span> <span class='ocrx_word' id='word_1_22' title='bbox 480 660 674 709; x_wconf 82' lang='lat' dir='ltr'><strong>meam,</strong></span> <span class='ocrx_word' id='word_1_23' title='bbox 721 655 773 699; x_wconf 91' lang='lat' dir='ltr'><strong>et</strong></span> <span class='ocrx_word' id='word_1_24' title='bbox 818 654 1127 713; x_wconf 86' lang='lat' dir='ltr'><strong>potestatem</strong></span> <span class='ocrx_word' id='word_1_25' title='bbox 1173 644 1341 698; x_wconf 83' lang='lat' dir='ltr'><strong>habeo</strong></span> <span class='ocrx_word' id='word_1_26' title='bbox 1384 646 1572 698; x_wconf 91' lang='lat' dir='ltr'><strong>itcrum</strong></span> <span class='ocrx_word' id='word_1_27' title='bbox 1624 644 1863 698; x_wconf 63' lang='lat' dir='ltr'><strong>sumendi</strong></span> 
     </span>
    </p>
   </div>
   <div class='ocr_carea' id='block_1_5' title="bbox 292 734 1863 802">
    <p class='ocr_par' dir='ltr' id='par_1_5' title="bbox 292 734 1863 802">
     <span class='ocr_line' id='line_1_5' title="bbox 292 734 1863 802; baseline 0 -15"><span class='ocrx_word' id='word_1_28' title='bbox 292 748 435 787; x_wconf 83' lang='lat' dir='ltr'><strong>eam.</strong></span> <span class='ocrx_word' id='word_1_29' title='bbox 485 734 651 787; x_wconf 82' lang='lat' dir='ltr'><strong>Nemo</strong></span> <span class='ocrx_word' id='word_1_30' title='bbox 695 734 832 787; x_wconf 92' lang='lat' dir='ltr'><strong>tollit</strong></span> <span class='ocrx_word' id='word_1_31' title='bbox 868 749 983 788; x_wconf 87' lang='lat' dir='ltr'><strong>eam</strong></span> <span class='ocrx_word' id='word_1_32' title='bbox 1014 750 1041 787; x_wconf 84' lang='lat' dir='ltr'><strong>a</strong></span> <span class='ocrx_word' id='word_1_33' title='bbox 1082 749 1166 788; x_wconf 89' lang='lat' dir='ltr'><strong>me</strong></span> <span class='ocrx_word' id='word_1_34' title='bbox 1201 750 1213 785; x_wconf 91' lang='lat'><strong>:</strong></span> <span class='ocrx_word' id='word_1_35' title='bbox 1247 748 1343 802; x_wconf 92' lang='lat' dir='ltr'><strong>ego</strong></span> <span class='ocrx_word' id='word_1_36' title='bbox 1372 748 1513 802; x_wconf 90' lang='lat' dir='ltr'><strong>pono</strong></span> <span class='ocrx_word' id='word_1_37' title='bbox 1538 749 1652 788; x_wconf 90' lang='lat' dir='ltr'><strong>eam</strong></span> <span class='ocrx_word' id='word_1_38' title='bbox 1692 750 1720 786; x_wconf 91' lang='lat' dir='ltr'><strong>a</strong></span> <span class='ocrx_word' id='word_1_39' title='bbox 1749 750 1863 787; x_wconf 90' lang='lat' dir='ltr'><strong>me-</strong></span> 
     </span>
    </p>
   </div>
   <div class='ocr_carea' id='block_1_6' title="bbox 292 822 1863 895">
    <p class='ocr_par' dir='ltr' id='par_1_6' title="bbox 292 822 1863 895">
     <span class='ocr_line' id='line_1_6' title="bbox 292 822 1863 895; baseline 0.001 -19"><span class='ocrx_word' id='word_1_40' title='bbox 292 822 410 891; x_wconf 90' lang='lat' dir='ltr'><strong>ipso</strong></span> <span class='ocrx_word' id='word_1_41' title='bbox 442 842 461 874; x_wconf 75' lang='grc' dir='ltr'>ι</span> <span class='ocrx_word' id='word_1_42' title='bbox 509 823 692 892; x_wconf 85' lang='lat' dir='ltr'><strong>(Joan.</strong></span> <span class='ocrx_word' id='word_1_43' title='bbox 743 824 829 877; x_wconf 89' lang='grc'><strong>10.</strong></span> <span class='ocrx_word' id='word_1_44' title='bbox 862 824 988 892; x_wconf 88' lang='grc'><strong>18).</strong></span> <span class='ocrx_word' id='word_1_45' title='bbox 1018 824 1151 890; x_wconf 86' lang='lat' dir='ltr'><strong>Quid</strong></span> <span class='ocrx_word' id='word_1_46' title='bbox 1180 823 1264 876; x_wconf 91' lang='lat' dir='ltr'><strong>hic</strong></span> <span class='ocrx_word' id='word_1_47' title='bbox 1293 824 1445 890; x_wconf 91' lang='lat' dir='ltr'><strong>dicis,</strong></span> <span class='ocrx_word' id='word_1_48' title='bbox 1485 824 1749 889; x_wconf 65' lang='lat' dir='ltr'><strong>hazretice,</strong></span> <span class='ocrx_word' id='word_1_49' title='bbox 1777 826 1863 895; x_wconf 86' lang='lat' dir='ltr'><strong>qui</strong></span> 
     </span>
    </p>
   </div>
   <div class='ocr_carea' id='block_1_7' title="bbox 294 912 1862 983">
    <p class='ocr_par' dir='ltr' id='par_1_7' title="bbox 294 912 1862 983">
     <span class='ocr_line' id='line_1_7' title="bbox 294 912 1862 983; baseline 0.003 -18"><span class='ocrx_word' id='word_1_50' title='bbox 294 912 394 967; x_wconf 85' lang='lat' dir='ltr'><strong>hoc</strong></span> <span class='ocrx_word' id='word_1_51' title='bbox 414 913 607 967; x_wconf 88' lang='lat' dir='ltr'><strong>dictum</strong></span> <span class='ocrx_word' id='word_1_52' title='bbox 633 914 1000 982; x_wconf 87' lang='lat' dir='ltr'><strong>Evangelicum</strong></span> <span class='ocrx_word' id='word_1_53' title='bbox 1051 914 1366 982; x_wconf 86' lang='lat' dir='ltr'><strong>detorques,</strong></span> <span class='ocrx_word' id='word_1_54' title='bbox 1419 913 1584 967; x_wconf 84' lang='lat' dir='ltr'><strong>Filius</strong></span> <span class='ocrx_word' id='word_1_55' title='bbox 1628 932 1657 967; x_wconf 93' lang='lat' dir='ltr'><strong>a</strong></span> <span class='ocrx_word' id='word_1_56' title='bbox 1700 917 1862 983; x_wconf 87' lang='lat' dir='ltr'><strong>seipso</strong></span> 
     </span>
    </p>
   </div>
   <div class='ocr_carea' id='block_1_8' title="bbox 292 1001 1861 1072">
    <p class='ocr_par' dir='ltr' id='par_1_8' title="bbox 292 1001 1861 1072">
     <span class='ocr_line' id='line_1_8' title="bbox 292 1001 1861 1072; baseline 0.002 -18"><span class='ocrx_word' id='word_1_57' title='bbox 292 1004 419 1056; x_wconf 86' lang='lat' dir='ltr'><strong>nihil</strong></span> <span class='ocrx_word' id='word_1_58' title='bbox 447 1004 648 1071; x_wconf 80' lang='lat' dir='ltr'><strong>potest?</strong></span> <span class='ocrx_word' id='word_1_59' title='bbox 674 1004 807 1057; x_wconf 86' lang='lat' dir='ltr'><strong>Ecce</strong></span> <span class='ocrx_word' id='word_1_60' title='bbox 837 1003 947 1071; x_wconf 85' lang='lat' dir='ltr'><strong>ipse</strong></span> <span class='ocrx_word' id='word_1_61' title='bbox 965 1003 1055 1067; x_wconf 90' lang='lat' dir='ltr'><strong>ait,</strong></span> <span class='ocrx_word' id='word_1_62' title='bbox 1089 1001 1195 1071; x_wconf 84' lang='lat' dir='ltr'><strong>Ego</strong></span> <span class='ocrx_word' id='word_1_63' title='bbox 1221 1019 1349 1070; x_wconf 87' lang='lat' dir='ltr'><strong>pono</strong></span> <span class='ocrx_word' id='word_1_64' title='bbox 1370 1018 1477 1055; x_wconf 86' lang='lat' dir='ltr'><strong>eam</strong></span> <span class='ocrx_word' id='word_1_65' title='bbox 1520 1019 1550 1054; x_wconf 91' lang='lat' dir='ltr'><strong>a</strong></span> <span class='ocrx_word' id='word_1_66' title='bbox 1588 1003 1792 1072; x_wconf 83' lang='lat' dir='ltr'><strong>meipso,</strong></span> <span class='ocrx_word' id='word_1_67' title='bbox 1818 1012 1861 1057; x_wconf 87' lang='lat' dir='ltr'><strong>et</strong></span> 
     </span>
    </p>
   </div>
   <div class='ocr_carea' id='block_1_9' title="bbox 291 1094 1862 1165">
    <p class='ocr_par' dir='ltr' id='par_1_9' title="bbox 291 1094 1862 1165">
     <span class='ocr_line' id='line_1_9' title="bbox 291 1094 1862 1165; baseline 0.004 -20"><span class='ocrx_word' id='word_1_68' title='bbox 291 1110 490 1148; x_wconf 86' lang='lat' dir='ltr'><strong>assumo</strong></span> <span class='ocrx_word' id='word_1_69' title='bbox 520 1112 630 1148; x_wconf 90' lang='lat' dir='ltr'><strong>eam</strong></span> <span class='ocrx_word' id='word_1_70' title='bbox 660 1113 689 1148; x_wconf 91' lang='lat' dir='ltr'><strong>a</strong></span> <span class='ocrx_word' id='word_1_71' title='bbox 710 1096 916 1165; x_wconf 80' lang='lat' dir='ltr'><strong>meipso.</strong></span> <span class='ocrx_word' id='word_1_72' title='bbox 960 1094 1139 1163; x_wconf 82' lang='lat' dir='ltr'><strong>Neque</strong></span> <span class='ocrx_word' id='word_1_73' title='bbox 1168 1110 1291 1148; x_wconf 79' lang='lat' dir='ltr'><strong>vero</strong></span> <span class='ocrx_word' id='word_1_74' title='bbox 1324 1095 1467 1161; x_wconf 84' lang='lat' dir='ltr'><strong>parvi</strong></span> <span class='ocrx_word' id='word_1_75' title='bbox 1506 1096 1754 1148; x_wconf 81' lang='lat' dir='ltr'><strong>momenti</strong></span> <span class='ocrx_word' id='word_1_76' title='bbox 1782 1105 1862 1151; x_wconf 91' lang='lat' dir='ltr'><strong>est</strong></span> 
     </span>
    </p>
   </div>
   <div class='ocr_carea' id='block_1_10' title="bbox 290 1184 1859 1254">
    <p class='ocr_par' dir='ltr' id='par_1_10' title="bbox 290 1184 1859 1254">
     <span class='ocr_line' id='line_1_10' title="bbox 290 1184 1859 1254; baseline 0.001 -16"><span class='ocrx_word' id='word_1_77' title='bbox 290 1184 392 1240; x_wconf 92' lang='lat' dir='ltr'><strong>hoc</strong></span> <span class='ocrx_word' id='word_1_78' title='bbox 435 1186 654 1250; x_wconf 83' lang='lat' dir='ltr'><strong>dictum,</strong></span> <span class='ocrx_word' id='word_1_79' title='bbox 691 1187 784 1241; x_wconf 82' lang='lat' dir='ltr'><strong>sed</strong></span> <span class='ocrx_word' id='word_1_80' title='bbox 828 1187 1061 1240; x_wconf 81' lang='lat' dir='ltr'><strong>maximi.</strong></span> <span class='ocrx_word' id='word_1_81' title='bbox 1118 1186 1192 1240; x_wconf 89' lang='lat' dir='ltr'><strong>De</strong></span> <span class='ocrx_word' id='word_1_82' title='bbox 1233 1186 1387 1240; x_wconf 90' lang='lat' dir='ltr'><strong>Patre</strong></span> <span class='ocrx_word' id='word_1_83' title='bbox 1430 1202 1637 1254; x_wconf 82' lang='lat' dir='ltr'><strong>quoque</strong></span> <span class='ocrx_word' id='word_1_84' title='bbox 1663 1188 1859 1241; x_wconf 87' lang='lat' dir='ltr'><strong>dictum</strong></span> 
     </span>
    </p>
   </div>
   <div class='ocr_carea' id='block_1_11' title="bbox 287 1274 1859 1343">
    <p class='ocr_par' dir='ltr' id='par_1_11' title="bbox 287 1274 1859 1343">
     <span class='ocr_line' id='line_1_11' title="bbox 287 1274 1859 1343; baseline 0.001 -16"><span class='ocrx_word' id='word_1_85' title='bbox 287 1282 386 1338; x_wconf 89' lang='lat' dir='ltr'><strong>est,</strong></span> <span class='ocrx_word' id='word_1_86' title='bbox 414 1275 584 1343; x_wconf 91' lang='lat' dir='ltr'><strong>ipsum</strong></span> <span class='ocrx_word' id='word_1_87' title='bbox 610 1275 803 1329; x_wconf 89' lang='lat' dir='ltr'><strong>habere</strong></span> <span class='ocrx_word' id='word_1_88' title='bbox 829 1283 1137 1343; x_wconf 88' lang='lat' dir='ltr'><strong>potestatem</strong></span> <span class='ocrx_word' id='word_1_89' title='bbox 1188 1275 1307 1327; x_wconf 73' lang='lat' dir='ltr'><strong>vita:</strong></span> <span class='ocrx_word' id='word_1_90' title='bbox 1340 1283 1391 1327; x_wconf 90' lang='lat' dir='ltr'><strong>et</strong></span> <span class='ocrx_word' id='word_1_91' title='bbox 1423 1276 1624 1327; x_wconf 87' lang='lat' dir='ltr'><strong>mortis.</strong></span> <span class='ocrx_word' id='word_1_92' title='bbox 1677 1274 1859 1328; x_wconf 84' lang='lat' dir='ltr'><strong>Viden’</strong></span> 
     </span>
    </p>
   </div>
   <div class='ocr_carea' id='block_1_12' title="bbox 286 1365 1855 1432">
    <p class='ocr_par' dir='ltr' id='par_1_12' title="bbox 286 1365 1855 1432">
     <span class='ocr_line' id='line_1_12' title="bbox 286 1365 1855 1432; baseline 0.001 -16"><span class='ocrx_word' id='word_1_93' title='bbox 286 1365 551 1431; x_wconf 91' lang='lat' dir='ltr'><strong>quomodo</strong></span> <span class='ocrx_word' id='word_1_94' title='bbox 588 1366 638 1418; x_wconf 91' lang='lat' dir='ltr'><strong>in</strong></span> <span class='ocrx_word' id='word_1_95' title='bbox 676 1366 805 1419; x_wconf 83' lang='lat' dir='ltr'><strong>retia</strong></span> <span class='ocrx_word' id='word_1_96' title='bbox 834 1365 1098 1420; x_wconf 89' lang='lat' dir='ltr'><strong>incidisti?</strong></span> <span class='ocrx_word' id='word_1_97' title='bbox 1120 1366 1251 1432; x_wconf 87' lang='lat' dir='ltr'><strong>Quid</strong></span> <span class='ocrx_word' id='word_1_98' title='bbox 1283 1366 1422 1418; x_wconf 91' lang='lat' dir='ltr'><strong>enim</strong></span> <span class='ocrx_word' id='word_1_99' title='bbox 1445 1366 1509 1419; x_wconf 89' lang='lat' dir='ltr'><strong>ad</strong></span> <span class='ocrx_word' id='word_1_100' title='bbox 1538 1366 1637 1419; x_wconf 93' lang='lat' dir='ltr'><strong>hoc</strong></span> <span class='ocrx_word' id='word_1_101' title='bbox 1662 1366 1855 1418; x_wconf 91' lang='lat' dir='ltr'><strong>dictum</strong></span> 
     </span>
    </p>
   </div>
   <div class='ocr_carea' id='block_1_13' title="bbox 286 1454 1855 1524">
    <p class='ocr_par' dir='ltr' id='par_1_13' title="bbox 286 1454 1855 1524">
     <span class='ocr_line' id='line_1_13' title="bbox 286 1454 1855 1524; baseline 0.001 -17"><span class='ocrx_word' id='word_1_102' title='bbox 286 1454 672 1522; x_wconf 81' lang='lat' dir='ltr'><strong>rCSpondebis?</strong></span> <span class='ocrx_word' id='word_1_103' title='bbox 698 1454 810 1524; x_wconf 85' lang='lat' dir='ltr'><strong>Ego</strong></span> <span class='ocrx_word' id='word_1_104' title='bbox 833 1471 962 1522; x_wconf 85' lang='lat' dir='ltr'><strong>pono</strong></span> <span class='ocrx_word' id='word_1_105' title='bbox 991 1472 1098 1508; x_wconf 87' lang='lat' dir='ltr'><strong>eam</strong></span> <span class='ocrx_word' id='word_1_106' title='bbox 1133 1472 1161 1506; x_wconf 87' lang='grc' dir='ltr'><em>α</em></span> <span class='ocrx_word' id='word_1_107' title='bbox 1189 1456 1395 1524; x_wconf 86' lang='lat' dir='ltr'><strong>meipso,</strong></span> <span class='ocrx_word' id='word_1_108' title='bbox 1428 1465 1473 1508; x_wconf 87' lang='lat' dir='ltr'><strong>et</strong></span> <span class='ocrx_word' id='word_1_109' title='bbox 1521 1472 1720 1508; x_wconf 83' lang='lat' dir='ltr'><strong>assumo</strong></span> <span class='ocrx_word' id='word_1_110' title='bbox 1749 1472 1855 1508; x_wconf 82' lang='lat' dir='ltr'><strong>eam</strong></span> 
     </span>
    </p>
   </div>
   <div class='ocr_carea' id='block_1_14' title="bbox 284 1544 1855 1613">
    <p class='ocr_par' dir='ltr' id='par_1_14' title="bbox 284 1544 1855 1613">
     <span class='ocr_line' id='line_1_14' title="bbox 284 1544 1855 1613; baseline 0.002 -19"><span class='ocrx_word' id='word_1_111' title='bbox 284 1560 319 1594; x_wconf 79' lang='grc' dir='ltr'><em>α</em></span> <span class='ocrx_word' id='word_1_112' title='bbox 344 1545 547 1612; x_wconf 83' lang='lat' dir='ltr'><strong>meipso.</strong></span> <span class='ocrx_word' id='word_1_113' title='bbox 572 1544 681 1609; x_wconf 89' lang='lat' dir='ltr'><strong>Qua</strong></span> <span class='ocrx_word' id='word_1_114' title='bbox 711 1559 837 1613; x_wconf 90' lang='lat' dir='ltr'><strong>ergo</strong></span> <span class='ocrx_word' id='word_1_115' title='bbox 864 1545 1067 1598; x_wconf 89' lang='lat' dir='ltr'><strong>ratione</strong></span> <span class='ocrx_word' id='word_1_116' title='bbox 1097 1544 1271 1597; x_wconf 84' lang='lat' dir='ltr'><strong>dixisti</strong></span> <span class='ocrx_word' id='word_1_117' title='bbox 1298 1544 1465 1612; x_wconf 89' lang='lat' dir='ltr'><strong>ipsum</strong></span> <span class='ocrx_word' id='word_1_118' title='bbox 1496 1545 1626 1597; x_wconf 86' lang='lat' dir='ltr'><strong>nihil</strong></span> <span class='ocrx_word' id='word_1_119' title='bbox 1686 1546 1855 1598; x_wconf 85' lang='lat' dir='ltr'><strong>facere</strong></span> 
     </span>
    </p>
   </div>
   <div class='ocr_carea' id='block_1_15' title="bbox 282 1634 1853 1703">
    <p class='ocr_par' dir='ltr' id='par_1_15' title="bbox 282 1634 1853 1703">
     <span class='ocr_line' id='line_1_15' title="bbox 282 1634 1853 1703; baseline -0.001 -16"><span class='ocrx_word' id='word_1_120' title='bbox 282 1648 314 1687; x_wconf 81' lang='lat' dir='ltr'><strong>a</strong></span> <span class='ocrx_word' id='word_1_121' title='bbox 337 1636 547 1702; x_wconf 89' lang='lat' dir='ltr'><strong>seipso?</strong></span> <span class='ocrx_word' id='word_1_122' title='bbox 583 1634 794 1700; x_wconf 86' lang='lat' dir='ltr'><strong>Verum,</strong></span> <span class='ocrx_word' id='word_1_123' title='bbox 829 1644 883 1688; x_wconf 93' lang='lat' dir='ltr'><strong>ut</strong></span> <span class='ocrx_word' id='word_1_124' title='bbox 911 1634 1185 1699; x_wconf 90' lang='lat' dir='ltr'><strong>dicebam,</strong></span> <span class='ocrx_word' id='word_1_125' title='bbox 1231 1636 1273 1687; x_wconf 91' lang='lat' dir='ltr'><strong>si</strong></span> <span class='ocrx_word' id='word_1_126' title='bbox 1308 1636 1517 1703; x_wconf 79' lang='lat' dir='ltr'><strong>quidem</strong></span> <span class='ocrx_word' id='word_1_127' title='bbox 1545 1635 1609 1687; x_wconf 93' lang='lat' dir='ltr'><strong>ad</strong></span> <span class='ocrx_word' id='word_1_128' title='bbox 1643 1635 1853 1688; x_wconf 60' lang='lat' dir='ltr'><strong>haereti-</strong></span> 
     </span>
    </p>
   </div>
   <div class='ocr_carea' id='block_1_16' title="bbox 283 1724 1852 1792">
    <p class='ocr_par' dir='ltr' id='par_1_16' title="bbox 283 1724 1852 1792">
     <span class='ocr_line' id='line_1_16' title="bbox 283 1724 1852 1792; baseline -0.001 -14"><span class='ocrx_word' id='word_1_129' title='bbox 283 1739 375 1778; x_wconf 91' lang='lat' dir='ltr'><strong>cos</strong></span> <span class='ocrx_word' id='word_1_130' title='bbox 402 1724 554 1777; x_wconf 88' lang='lat' dir='ltr'><strong>nohis</strong></span> <span class='ocrx_word' id='word_1_131' title='bbox 581 1740 756 1779; x_wconf 86' lang='lat' dir='ltr'><strong>sermo</strong></span> <span class='ocrx_word' id='word_1_132' title='bbox 782 1733 942 1787; x_wconf 86' lang='lat' dir='ltr'><strong>esset,</strong></span> <span class='ocrx_word' id='word_1_133' title='bbox 968 1724 1094 1792; x_wconf 85' lang='lat' dir='ltr'><strong>ipsis</strong></span> <span class='ocrx_word' id='word_1_134' title='bbox 1132 1725 1183 1777; x_wconf 91' lang='lat' dir='ltr'><strong>in</strong></span> <span class='ocrx_word' id='word_1_135' title='bbox 1207 1726 1474 1792; x_wconf 82' lang='lat' dir='ltr'><strong>angustias</strong></span> <span class='ocrx_word' id='word_1_136' title='bbox 1524 1733 1575 1776; x_wconf 89' lang='lat' dir='ltr'><strong>et</strong></span> <span class='ocrx_word' id='word_1_137' title='bbox 1624 1725 1673 1775; x_wconf 90' lang='lat' dir='ltr'><strong>in</strong></span> <span class='ocrx_word' id='word_1_138' title='bbox 1722 1725 1852 1777; x_wconf 84' lang='lat' dir='ltr'><strong>retia</strong></span> 
     </span>
    </p>
   </div>
   <div class='ocr_carea' id='block_1_17' title="bbox 282 1814 1850 1883">
    <p class='ocr_par' dir='ltr' id='par_1_17' title="bbox 282 1814 1850 1883">
     <span class='ocr_line' id='line_1_17' title="bbox 282 1814 1850 1883; baseline 0 -16"><span class='ocrx_word' id='word_1_139' title='bbox 282 1814 559 1881; x_wconf 87' lang='lat' dir='ltr'><strong>conjectis,</strong></span> <span class='ocrx_word' id='word_1_140' title='bbox 612 1815 687 1868; x_wconf 86' lang='lat' dir='ltr'><strong>sic</strong></span> <span class='ocrx_word' id='word_1_141' title='bbox 740 1814 1065 1879; x_wconf 90' lang='lat' dir='ltr'><strong>resiliissem,</strong></span> <span class='ocrx_word' id='word_1_142' title='bbox 1117 1814 1243 1867; x_wconf 89' lang='lat' dir='ltr'><strong>satis</strong></span> <span class='ocrx_word' id='word_1_143' title='bbox 1285 1814 1553 1883; x_wconf 83' lang='lat' dir='ltr'><strong>splendida</strong></span> <span class='ocrx_word' id='word_1_144' title='bbox 1588 1823 1850 1883; x_wconf 85' lang='lat' dir='ltr'><strong>reportata</strong></span> 
     </span>
    </p>
   </div>
   <div class='ocr_carea' id='block_1_18' title="bbox 283 1905 1850 1974">
    <p class='ocr_par' dir='ltr' id='par_1_18' title="bbox 283 1905 1850 1974">
     <span class='ocr_line' id='line_1_18' title="bbox 283 1905 1850 1974; baseline 0.003 -19"><span class='ocrx_word' id='word_1_145' title='bbox 283 1905 522 1969; x_wconf 84' lang='lat' dir='ltr'><strong>victoria,</strong></span> <span class='ocrx_word' id='word_1_146' title='bbox 547 1913 595 1960; x_wconf 91' lang='lat' dir='ltr'><strong>et</strong></span> <span class='ocrx_word' id='word_1_147' title='bbox 628 1905 815 1974; x_wconf 81' lang='lat' dir='ltr'><strong>insigni</strong></span> <span class='ocrx_word' id='word_1_148' title='bbox 850 1912 1028 1958; x_wconf 90' lang='lat' dir='ltr'><strong>erecto</strong></span> <span class='ocrx_word' id='word_1_149' title='bbox 1076 1914 1298 1972; x_wconf 85' lang='lat' dir='ltr'><strong>trop:eo,</strong></span> <span class='ocrx_word' id='word_1_150' title='bbox 1332 1905 1663 1973; x_wconf 89' lang='lat' dir='ltr'><strong>maximoque</strong></span> <span class='ocrx_word' id='word_1_151' title='bbox 1693 1906 1850 1959; x_wconf 92' lang='lat' dir='ltr'><strong>allato</strong></span> 
     </span>
    </p>
   </div>
   <div class='ocr_carea' id='block_1_19' title="bbox 281 1994 1848 2063">
    <p class='ocr_par' dir='ltr' id='par_1_19' title="bbox 281 1994 1848 2063">
     <span class='ocr_line' id='line_1_19' title="bbox 281 1994 1848 2063; baseline 0 -15"><span class='ocrx_word' id='word_1_152' title='bbox 281 2009 464 2048; x_wconf 63' lang='lat' dir='ltr'><strong>eorum</strong></span> <span class='ocrx_word' id='word_1_153' title='bbox 508 1996 725 2048; x_wconf 67' lang='lat' dir='ltr'><strong>insaniae</strong></span> <span class='ocrx_word' id='word_1_154' title='bbox 769 2005 1110 2063; x_wconf 90' lang='lat' dir='ltr'><strong>argumento;</strong></span> <span class='ocrx_word' id='word_1_155' title='bbox 1139 2004 1187 2046; x_wconf 93' lang='lat' dir='ltr'><strong>at</strong></span> <span class='ocrx_word' id='word_1_156' title='bbox 1218 1995 1334 2062; x_wconf 85' lang='lat' dir='ltr'><strong>quia</strong></span> <span class='ocrx_word' id='word_1_157' title='bbox 1362 2010 1463 2046; x_wconf 93' lang='lat' dir='ltr'><strong>non</strong></span> <span class='ocrx_word' id='word_1_158' title='bbox 1496 1996 1653 2049; x_wconf 91' lang='lat' dir='ltr'><strong>modo</strong></span> <span class='ocrx_word' id='word_1_159' title='bbox 1683 1994 1848 2048; x_wconf 91' lang='lat' dir='ltr'><strong>hosti-</strong></span> 
     </span>
    </p>
   </div>
   <div class='ocr_carea' id='block_1_20' title="bbox 283 2082 1849 2152">
    <p class='ocr_par' dir='ltr' id='par_1_20' title="bbox 283 2082 1849 2152">
     <span class='ocr_line' id='line_1_20' title="bbox 283 2082 1849 2152; baseline 0.001 -15"><span class='ocrx_word' id='word_1_160' title='bbox 283 2083 381 2137; x_wconf 85' lang='lat' dir='ltr'><strong>bus</strong></span> <span class='ocrx_word' id='word_1_161' title='bbox 409 2096 465 2135; x_wconf 93' lang='lat' dir='ltr'><strong>os</strong></span> <span class='ocrx_word' id='word_1_162' title='bbox 487 2082 765 2137; x_wconf 85' lang='lat' dir='ltr'><strong>occludere</strong></span> <span class='ocrx_word' id='word_1_163' title='bbox 793 2084 913 2136; x_wconf 90' lang='lat' dir='ltr'><strong>volo</strong></span> <span class='ocrx_word' id='word_1_164' title='bbox 935 2123 949 2147; x_wconf 92' lang='lat'><strong>,</strong></span> <span class='ocrx_word' id='word_1_165' title='bbox 1000 2082 1093 2137; x_wconf 88' lang='lat' dir='ltr'><strong>scd</strong></span> <span class='ocrx_word' id='word_1_166' title='bbox 1138 2084 1295 2137; x_wconf 87' lang='lat' dir='ltr'><strong>etiam</strong></span> <span class='ocrx_word' id='word_1_167' title='bbox 1326 2098 1435 2149; x_wconf 89' lang='lat' dir='ltr'><strong>eos,</strong></span> <span class='ocrx_word' id='word_1_168' title='bbox 1461 2085 1547 2152; x_wconf 89' lang='lat' dir='ltr'><strong>qui</strong></span> <span class='ocrx_word' id='word_1_169' title='bbox 1579 2086 1849 2139; x_wconf 88' lang='lat' dir='ltr'><strong>nobiscum</strong></span> 
     </span>
    </p>
   </div>
   <div class='ocr_carea' id='block_1_21' title="bbox 281 2175 1849 2243">
    <p class='ocr_par' dir='ltr' id='par_1_21' title="bbox 281 2175 1849 2243">
     <span class='ocr_line' id='line_1_21' title="bbox 281 2175 1849 2243; baseline 0.001 -16"><span class='ocrx_word' id='word_1_170' title='bbox 281 2185 423 2238; x_wconf 82' lang='lat' dir='ltr'><strong>sunt,</strong></span> <span class='ocrx_word' id='word_1_171' title='bbox 450 2175 741 2238; x_wconf 87' lang='lat' dir='ltr'><strong>instituere,</strong></span> <span class='ocrx_word' id='word_1_172' title='bbox 773 2176 1109 2243; x_wconf 78' lang='lat' dir='ltr'><strong>membraque</strong></span> <span class='ocrx_word' id='word_1_173' title='bbox 1141 2185 1320 2227; x_wconf 88' lang='lat' dir='ltr'><strong>nostra</strong></span> <span class='ocrx_word' id='word_1_174' title='bbox 1366 2177 1596 2239; x_wconf 86' lang='lat' dir='ltr'><strong>erudire,</strong></span> <span class='ocrx_word' id='word_1_175' title='bbox 1631 2192 1733 2228; x_wconf 92' lang='lat' dir='ltr'><strong>non</strong></span> <span class='ocrx_word' id='word_1_176' title='bbox 1766 2176 1849 2229; x_wconf 89' lang='lat' dir='ltr'><strong>hic</strong></span> 
     </span>
    </p>
   </div>
   <div class='ocr_carea' id='block_1_22' title="bbox 281 2264 1847 2335">
    <p class='ocr_par' dir='ltr' id='par_1_22' title="bbox 281 2264 1847 2335">
     <span class='ocr_line' id='line_1_22' title="bbox 281 2264 1847 2335; baseline 0.002 -18"><span class='ocrx_word' id='word_1_177' title='bbox 281 2264 440 2318; x_wconf 81' lang='lat' dir='ltr'><strong>finem</strong></span> <span class='ocrx_word' id='word_1_178' title='bbox 472 2265 677 2319; x_wconf 87' lang='lat' dir='ltr'><strong>dicendi</strong></span> <span class='ocrx_word' id='word_1_179' title='bbox 708 2266 915 2330; x_wconf 80' lang='lat' dir='ltr'><strong>faciam,</strong></span> <span class='ocrx_word' id='word_1_180' title='bbox 949 2266 1038 2319; x_wconf 91' lang='lat' dir='ltr'><strong>sed</strong></span> <span class='ocrx_word' id='word_1_181' title='bbox 1070 2266 1291 2319; x_wconf 89' lang='lat' dir='ltr'><strong>ulterius</strong></span> <span class='ocrx_word' id='word_1_182' title='bbox 1317 2266 1558 2335; x_wconf 81' lang='lat' dir='ltr'><strong>progredi</strong></span> <span class='ocrx_word' id='word_1_183' title='bbox 1582 2269 1847 2334; x_wconf 89' lang='lat' dir='ltr'><strong>conabor,</strong></span> 
     </span>
    </p>
   </div>
   <div class='ocr_carea' id='block_1_23' title="bbox 281 2354 1850 2426">
    <p class='ocr_par' dir='ltr' id='par_1_23' title="bbox 281 2354 1850 2426">
     <span class='ocr_line' id='line_1_23' title="bbox 281 2354 1850 2426; baseline 0.001 -19"><span class='ocrx_word' id='word_1_184' title='bbox 281 2354 423 2408; x_wconf 82' lang='lat' dir='ltr'><strong>aliud</strong></span> <span class='ocrx_word' id='word_1_185' title='bbox 448 2355 619 2409; x_wconf 90' lang='lat' dir='ltr'><strong>denuo</strong></span> <span class='ocrx_word' id='word_1_186' title='bbox 650 2370 780 2425; x_wconf 84' lang='lat' dir='ltr'><strong>Opus</strong></span> <span class='ocrx_word' id='word_1_187' title='bbox 806 2356 854 2408; x_wconf 92' lang='lat' dir='ltr'><strong>in</strong></span> <span class='ocrx_word' id='word_1_188' title='bbox 883 2356 1111 2409; x_wconf 91' lang='lat' dir='ltr'><strong>medium</strong></span> <span class='ocrx_word' id='word_1_189' title='bbox 1140 2356 1424 2421; x_wconf 88' lang='lat' dir='ltr'><strong>adducens,</strong></span> <span class='ocrx_word' id='word_1_190' title='bbox 1454 2358 1592 2426; x_wconf 90' lang='lat' dir='ltr'><strong>quod</strong></span> <span class='ocrx_word' id='word_1_191' title='bbox 1636 2368 1850 2411; x_wconf 84' lang='lat' dir='ltr'><strong>contra-</strong></span> 
     </span>
    </p>
   </div>
   <div class='ocr_carea' id='block_1_24' title="bbox 282 2442 1847 2514">
    <p class='ocr_par' dir='ltr' id='par_1_24' title="bbox 282 2442 1847 2514">
     <span class='ocr_line' id='line_1_24' title="bbox 282 2442 1847 2514; baseline 0.002 -19"><span class='ocrx_word' id='word_1_192' title='bbox 282 2442 570 2497; x_wconf 83' lang='lat' dir='ltr'><strong>dicentium</strong></span> <span class='ocrx_word' id='word_1_193' title='bbox 615 2444 991 2513; x_wconf 90' lang='lat' dir='ltr'><strong>impudentiam</strong></span> <span class='ocrx_word' id='word_1_194' title='bbox 1040 2455 1305 2514; x_wconf 90' lang='lat' dir='ltr'><strong>coarguat.</strong></span> <span class='ocrx_word' id='word_1_195' title='bbox 1361 2444 1496 2509; x_wconf 87' lang='lat' dir='ltr'><strong>Quid</strong></span> <span class='ocrx_word' id='word_1_196' title='bbox 1542 2445 1680 2499; x_wconf 91' lang='lat' dir='ltr'><strong>enim</strong></span> <span class='ocrx_word' id='word_1_197' title='bbox 1732 2446 1847 2498; x_wconf 85' lang='lat' dir='ltr'><strong>ait?</strong></span> 
     </span>
    </p>
   </div>
   <div class='ocr_carea' id='block_1_25' title="bbox 269 2533 1843 2606">
    <p class='ocr_par' dir='ltr' id='par_1_25' title="bbox 269 2533 1843 2606">
     <span class='ocr_line' id='line_1_25' title="bbox 269 2533 1843 2606; baseline 0.002 -21"><span class='ocrx_word' id='word_1_198' title='bbox 269 2533 439 2585; x_wconf 81' lang='lat' dir='ltr'><strong>.Pater</strong></span> <span class='ocrx_word' id='word_1_199' title='bbox 458 2535 697 2587; x_wconf 83' lang='lat' dir='ltr'><strong>neminem</strong></span> <span class='ocrx_word' id='word_1_200' title='bbox 711 2534 931 2602; x_wconf 80' lang='lat' dir='ltr'><strong>judicat,</strong></span> <span class='ocrx_word' id='word_1_201' title='bbox 960 2536 1045 2588; x_wconf 89' lang='lat' dir='ltr'><strong>sed</strong></span> <span class='ocrx_word' id='word_1_202' title='bbox 1066 2551 1235 2587; x_wconf 81' lang='lat' dir='ltr'><strong>omnes</strong></span> <span class='ocrx_word' id='word_1_203' title='bbox 1262 2534 1427 2588; x_wconf 83' lang='lat' dir='ltr'><strong>Filius</strong></span> <span class='ocrx_word' id='word_1_204' title='bbox 1454 2535 1628 2606; x_wconf 82' lang='lat' dir='ltr'><strong>(Joan.</strong></span> <span class='ocrx_word' id='word_1_205' title='bbox 1653 2537 1705 2589; x_wconf 81' lang='lat'><strong>5.</strong></span> <span class='ocrx_word' id='word_1_206' title='bbox 1726 2536 1843 2605; x_wconf 66' lang='lat'><strong>22).</strong></span> 
     </span>
    </p>
   </div>
   <div class='ocr_carea' id='block_1_26' title="bbox 350 2622 1840 2691">
    <p class='ocr_par' dir='ltr' id='par_1_26' title="bbox 350 2622 1840 2691">
     <span class='ocr_line' id='line_1_26' title="bbox 350 2622 1840 2691; baseline -0.002 -14"><span class='ocrx_word' id='word_1_207' title='bbox 350 2625 400 2677; x_wconf 86' lang='lat'><strong>5.</strong></span> <span class='ocrx_word' id='word_1_208' title='bbox 424 2624 579 2675; x_wconf 80' lang='lat' dir='ltr'><strong>Aliud</strong></span> <span class='ocrx_word' id='word_1_209' title='bbox 608 2633 785 2675; x_wconf 86' lang='lat' dir='ltr'><strong>contra</strong></span> <span class='ocrx_word' id='word_1_210' title='bbox 814 2625 1080 2677; x_wconf 71' lang='lat' dir='ltr'><strong>Anontazos</strong></span> <span class='ocrx_word' id='word_1_211' title='bbox 1109 2633 1492 2691; x_wconf 81' lang='lat' dir='ltr'><strong>argumentum.</strong></span> <span class='ocrx_word' id='word_1_212' title='bbox 1521 2622 1711 2676; x_wconf 79' lang='lat' dir='ltr'><strong>Christi</strong></span> <span class='ocrx_word' id='word_1_213' title='bbox 1744 2639 1840 2690; x_wconf 83' lang='lat' dir='ltr'><strong>p0-</strong></span> 
     </span>
    </p>
   </div>
   <div class='ocr_carea' id='block_1_27' title="bbox 278 2710 1843 2783">
    <p class='ocr_par' dir='ltr' id='par_1_27' title="bbox 278 2710 1843 2783">
     <span class='ocr_line' id='line_1_27' title="bbox 278 2710 1843 2783; baseline 0 -18"><span class='ocrx_word' id='word_1_214' title='bbox 278 2724 457 2766; x_wconf 80' lang='lat' dir='ltr'><strong>testas.</strong></span> <span class='ocrx_word' id='word_1_215' title='bbox 492 2743 558 2751; x_wconf 93' lang='lat'><strong>——</strong></span> <span class='ocrx_word' id='word_1_216' title='bbox 603 2713 795 2777; x_wconf 64' lang='lat' dir='ltr'><strong>Quaero</strong></span> <span class='ocrx_word' id='word_1_217' title='bbox 839 2714 998 2783; x_wconf 87' lang='lat' dir='ltr'><strong>igitur</strong></span> <span class='ocrx_word' id='word_1_218' title='bbox 1048 2716 1115 2767; x_wconf 88' lang='lat' dir='ltr'><strong>ab</strong></span> <span class='ocrx_word' id='word_1_219' title='bbox 1158 2714 1409 2767; x_wconf 66' lang='lat' dir='ltr'><strong>haeretico</strong></span> <span class='ocrx_word' id='word_1_220' title='bbox 1441 2731 1451 2764; x_wconf 93' lang='lat'><strong>:</strong></span> <span class='ocrx_word' id='word_1_221' title='bbox 1486 2710 1538 2764; x_wconf 89' lang='lat' dir='ltr'><strong>Si</strong></span> <span class='ocrx_word' id='word_1_222' title='bbox 1572 2713 1843 2766; x_wconf 83' lang='lat' dir='ltr'><strong>neminem</strong></span> 
     </span>
    </p>
   </div>
   <div class='ocr_carea' id='block_1_28' title="bbox 274 2803 1849 2875">
    <p class='ocr_par' dir='ltr' id='par_1_28' title="bbox 274 2803 1849 2875">
     <span class='ocr_line' id='line_1_28' title="bbox 274 2803 1849 2875; baseline -0.001 -19"><span class='ocrx_word' id='word_1_223' title='bbox 274 2806 483 2875; x_wconf 88' lang='lat' dir='ltr'><strong>judicat</strong></span> <span class='ocrx_word' id='word_1_224' title='bbox 525 2806 702 2867; x_wconf 89' lang='lat' dir='ltr'><strong>Pater,</strong></span> <span class='ocrx_word' id='word_1_225' title='bbox 739 2807 832 2857; x_wconf 87' lang='lat' dir='ltr'><strong>sed</strong></span> <span class='ocrx_word' id='word_1_226' title='bbox 861 2803 1029 2857; x_wconf 86' lang='lat' dir='ltr'><strong>Filius</strong></span> <span class='ocrx_word' id='word_1_227' title='bbox 1051 2804 1277 2873; x_wconf 89' lang='lat' dir='ltr'><strong>judicat,</strong></span> <span class='ocrx_word' id='word_1_228' title='bbox 1311 2805 1578 2871; x_wconf 89' lang='lat' dir='ltr'><strong>quomodo</strong></span> <span class='ocrx_word' id='word_1_229' title='bbox 1606 2804 1849 2872; x_wconf 88' lang='lat' dir='ltr'><strong>judicat?</strong></span> 
     </span>
    </p>
   </div>
   <div class='ocr_carea' id='block_1_29' title="bbox 280 2893 1851 2963">
    <p class='ocr_par' dir='ltr' id='par_1_29' title="bbox 280 2893 1851 2963">
     <span class='ocr_line' id='line_1_29' title="bbox 280 2893 1851 2963; baseline 0.001 -19"><span class='ocrx_word' id='word_1_230' title='bbox 280 2894 338 2945; x_wconf 75' lang='lat' dir='ltr'><strong>Si</strong></span> <span class='ocrx_word' id='word_1_231' title='bbox 375 2894 519 2947; x_wconf 87' lang='lat' dir='ltr'><strong>enim</strong></span> <span class='ocrx_word' id='word_1_232' title='bbox 558 2910 665 2948; x_wconf 89' lang='lat' dir='ltr'><strong>non</strong></span> <span class='ocrx_word' id='word_1_233' title='bbox 694 2901 873 2963; x_wconf 82' lang='lat' dir='ltr'><strong>potest</strong></span> <span class='ocrx_word' id='word_1_234' title='bbox 912 2894 1091 2947; x_wconf 83' lang='lat' dir='ltr'><strong>facere</strong></span> <span class='ocrx_word' id='word_1_235' title='bbox 1130 2894 1420 2962; x_wconf 84' lang='lat' dir='ltr'><strong>quidquam</strong></span> <span class='ocrx_word' id='word_1_236' title='bbox 1449 2910 1477 2945; x_wconf 88' lang='lat' dir='ltr'><strong>a</strong></span> <span class='ocrx_word' id='word_1_237' title='bbox 1518 2893 1713 2961; x_wconf 90' lang='lat' dir='ltr'><strong>seipso,</strong></span> <span class='ocrx_word' id='word_1_238' title='bbox 1747 2893 1851 2945; x_wconf 84' lang='lat' dir='ltr'><strong>nisi</strong></span> 
     </span>
    </p>
   </div>
   <div class='ocr_carea' id='block_1_30' title="bbox 278 2981 1853 3051">
    <p class='ocr_par' dir='ltr' id='par_1_30' title="bbox 278 2981 1853 3051">
     <span class='ocr_line' id='line_1_30' title="bbox 278 2981 1853 3051; baseline 0 -16"><span class='ocrx_word' id='word_1_239' title='bbox 278 2984 475 3037; x_wconf 89' lang='lat' dir='ltr'><strong>viderit</strong></span> <span class='ocrx_word' id='word_1_240' title='bbox 516 2984 727 3037; x_wconf 82' lang='lat' dir='ltr'><strong>Patrem</strong></span> <span class='ocrx_word' id='word_1_241' title='bbox 762 2983 1072 3043; x_wconf 88' lang='lat' dir='ltr'><strong>facientem.</strong></span> <span class='ocrx_word' id='word_1_242' title='bbox 1098 2994 1151 3037; x_wconf 93' lang='lat' dir='ltr'><strong>et</strong></span> <span class='ocrx_word' id='word_1_243' title='bbox 1190 2984 1343 3037; x_wconf 86' lang='lat' dir='ltr'><strong>Pater</strong></span> <span class='ocrx_word' id='word_1_244' title='bbox 1372 2999 1477 3036; x_wconf 87' lang='lat' dir='ltr'><strong>non</strong></span> <span class='ocrx_word' id='word_1_245' title='bbox 1511 2984 1735 3051; x_wconf 91' lang='lat' dir='ltr'><strong>judicat,</strong></span> <span class='ocrx_word' id='word_1_246' title='bbox 1759 2981 1853 3035; x_wconf 88' lang='lat' dir='ltr'><strong>sed</strong></span> 
     </span>
    </p>
   </div>
   <div class='ocr_carea' id='block_1_31' title="bbox 279 3069 1855 3141">
    <p class='ocr_par' dir='ltr' id='par_1_31' title="bbox 279 3069 1855 3141">
     <span class='ocr_line' id='line_1_31' title="bbox 279 3069 1855 3141; baseline -0.002 -15"><span class='ocrx_word' id='word_1_247' title='bbox 279 3075 398 3140; x_wconf 86' lang='lat' dir='ltr'><strong>ipse</strong></span> <span class='ocrx_word' id='word_1_248' title='bbox 448 3088 635 3126; x_wconf 89' lang='lat' dir='ltr'><strong>omnes</strong></span> <span class='ocrx_word' id='word_1_249' title='bbox 684 3073 909 3140; x_wconf 87' lang='lat' dir='ltr'><strong>judicat,</strong></span> <span class='ocrx_word' id='word_1_250' title='bbox 962 3073 1231 3141; x_wconf 88' lang='lat' dir='ltr'><strong>quomodo</strong></span> <span class='ocrx_word' id='word_1_251' title='bbox 1293 3073 1342 3125; x_wconf 88' lang='lat' dir='ltr'><strong>id</strong></span> <span class='ocrx_word' id='word_1_252' title='bbox 1383 3074 1525 3141; x_wconf 90' lang='lat' dir='ltr'><strong>quod</strong></span> <span class='ocrx_word' id='word_1_253' title='bbox 1567 3087 1675 3124; x_wconf 91' lang='lat' dir='ltr'><strong>non</strong></span> <span class='ocrx_word' id='word_1_254' title='bbox 1722 3069 1855 3124; x_wconf 82' lang='lat' dir='ltr'><strong>vidit</strong></span> 
     </span>
    </p>
   </div>
   <div class='ocr_carea' id='block_1_32' title="bbox 282 3163 1850 3232">
    <p class='ocr_par' dir='ltr' id='par_1_32' title="bbox 282 3163 1850 3232">
     <span class='ocr_line' id='line_1_32' title="bbox 282 3163 1850 3232; baseline -0.003 -15"><span class='ocrx_word' id='word_1_255' title='bbox 282 3164 459 3218; x_wconf 88' lang='lat' dir='ltr'><strong>facere</strong></span> <span class='ocrx_word' id='word_1_256' title='bbox 504 3164 716 3232; x_wconf 88' lang='lat' dir='ltr'><strong>potest?</strong></span> <span class='ocrx_word' id='word_1_257' title='bbox 762 3164 839 3217; x_wconf 84' lang='lat' dir='ltr'><strong>Ne</strong></span> <span class='ocrx_word' id='word_1_258' title='bbox 887 3179 1015 3216; x_wconf 88' lang='lat' dir='ltr'><strong>vero</strong></span> <span class='ocrx_word' id='word_1_259' title='bbox 1058 3164 1159 3216; x_wconf 91' lang='lat' dir='ltr'><strong>hoc</strong></span> <span class='ocrx_word' id='word_1_260' title='bbox 1205 3163 1395 3215; x_wconf 87' lang='lat' dir='ltr'><strong>leviter</strong></span> <span class='ocrx_word' id='word_1_261' title='bbox 1430 3169 1850 3230; x_wconf 83' lang='lat' dir='ltr'><strong>praetercurras;</strong></span> 
     </span>
    </p>
   </div>
   <div class='ocr_carea' id='block_1_33' title="bbox 280 3251 1849 3324">
    <p class='ocr_par' dir='ltr' id='par_1_33' title="bbox 280 3251 1849 3324">
     <span class='ocr_line' id='line_1_33' title="bbox 280 3251 1849 3324; baseline 0.001 -18"><span class='ocrx_word' id='word_1_262' title='bbox 280 3270 456 3322; x_wconf 83' lang='lat' dir='ltr'><strong>neque</strong></span> <span class='ocrx_word' id='word_1_263' title='bbox 490 3256 634 3307; x_wconf 87' lang='lat' dir='ltr'><strong>enim</strong></span> <span class='ocrx_word' id='word_1_264' title='bbox 675 3256 775 3309; x_wconf 90' lang='lat' dir='ltr'><strong>hoc</strong></span> <span class='ocrx_word' id='word_1_265' title='bbox 815 3270 1037 3324; x_wconf 86' lang='lat' dir='ltr'><strong>parvum</strong></span> <span class='ocrx_word' id='word_1_266' title='bbox 1080 3262 1185 3317; x_wconf 87' lang='lat' dir='ltr'><strong>est,</strong></span> <span class='ocrx_word' id='word_1_267' title='bbox 1217 3256 1307 3309; x_wconf 88' lang='lat' dir='ltr'><strong>sed</strong></span> <span class='ocrx_word' id='word_1_268' title='bbox 1344 3255 1583 3308; x_wconf 73' lang='lat' dir='ltr'><strong>maximze</strong></span> <span class='ocrx_word' id='word_1_269' title='bbox 1617 3251 1849 3307; x_wconf 82' lang='lat' dir='ltr'><strong>virtutis.</strong></span> 
     </span>
    </p>
   </div>
   <div class='ocr_carea' id='block_1_34' title="bbox 281 3343 1855 3415">
    <p class='ocr_par' dir='ltr' id='par_1_34' title="bbox 281 3343 1855 3415">
     <span class='ocr_line' id='line_1_34' title="bbox 281 3343 1855 3415; baseline 0.001 -21"><span class='ocrx_word' id='word_1_270' title='bbox 281 3344 467 3413; x_wconf 76' lang='lat' dir='ltr'><strong>Cogita</strong></span> <span class='ocrx_word' id='word_1_271' title='bbox 506 3356 765 3413; x_wconf 90' lang='lat' dir='ltr'><strong>quantum</strong></span> <span class='ocrx_word' id='word_1_272' title='bbox 803 3347 871 3399; x_wconf 89' lang='lat' dir='ltr'><strong>sit</strong></span> <span class='ocrx_word' id='word_1_273' title='bbox 910 3361 1098 3399; x_wconf 89' lang='lat' dir='ltr'><strong>omnes</strong></span> <span class='ocrx_word' id='word_1_274' title='bbox 1138 3348 1226 3415; x_wconf 88' lang='lat' dir='ltr'><strong>qui</strong></span> <span class='ocrx_word' id='word_1_275' title='bbox 1265 3347 1331 3399; x_wconf 87' lang='lat' dir='ltr'><strong>ab</strong></span> <span class='ocrx_word' id='word_1_276' title='bbox 1366 3346 1570 3399; x_wconf 81' lang='lat' dir='ltr'><strong>Adamo</strong></span> <span class='ocrx_word' id='word_1_277' title='bbox 1609 3343 1673 3397; x_wconf 90' lang='lat' dir='ltr'><strong>ad</strong></span> <span class='ocrx_word' id='word_1_278' title='bbox 1722 3358 1855 3396; x_wconf 90' lang='lat' dir='ltr'><strong>con-</strong></span> 
     </span>
    </p>
   </div>
   <div class='ocr_carea' id='block_1_35' title="bbox 282 3433 1854 3506">
    <p class='ocr_par' dir='ltr' id='par_1_35' title="bbox 282 3433 1854 3506">
     <span class='ocr_line' id='line_1_35' title="bbox 282 3433 1854 3506; baseline 0.001 -22"><span class='ocrx_word' id='word_1_279' title='bbox 282 3436 697 3489; x_wconf 79' lang='lat' dir='ltr'><strong>summationem</strong></span> <span class='ocrx_word' id='word_1_280' title='bbox 742 3453 911 3506; x_wconf 90' lang='lat' dir='ltr'><strong>usque</strong></span> <span class='ocrx_word' id='word_1_281' title='bbox 953 3439 1131 3492; x_wconf 66' lang='lat' dir='ltr'><strong>szeculi</strong></span> <span class='ocrx_word' id='word_1_282' title='bbox 1168 3438 1417 3499; x_wconf 76' lang='lat' dir='ltr'><strong>vixerint,</strong></span> <span class='ocrx_word' id='word_1_283' title='bbox 1462 3435 1714 3505; x_wconf 83' lang='lat' dir='ltr'><strong>gentiles,</strong></span> <span class='ocrx_word' id='word_1_284' title='bbox 1756 3433 1854 3488; x_wconf 80' lang='lat' dir='ltr'><strong>Ju-</strong></span> 
     </span>
    </p>
   </div>
   <div class='ocr_carea' id='block_1_36' title="bbox 281 3524 1853 3597">
    <p class='ocr_par' dir='ltr' id='par_1_36' title="bbox 281 3524 1853 3597">
     <span class='ocr_line' id='line_1_36' title="bbox 281 3524 1853 3597; baseline 0 -20"><span class='ocrx_word' id='word_1_285' title='bbox 281 3524 448 3588; x_wconf 65' lang='lat' dir='ltr'><strong>dmos,</strong></span> <span class='ocrx_word' id='word_1_286' title='bbox 492 3526 799 3594; x_wconf 70' lang='lat' dir='ltr'><strong>haereticos,</strong></span> <span class='ocrx_word' id='word_1_287' title='bbox 832 3545 1021 3584; x_wconf 88' lang='lat' dir='ltr'><strong>omnes</strong></span> <span class='ocrx_word' id='word_1_288' title='bbox 1047 3531 1306 3597; x_wconf 87' lang='lat' dir='ltr'><strong>denique,</strong></span> <span class='ocrx_word' id='word_1_289' title='bbox 1335 3529 1423 3596; x_wconf 92' lang='lat' dir='ltr'><strong>qui</strong></span> <span class='ocrx_word' id='word_1_290' title='bbox 1461 3528 1527 3579; x_wconf 89' lang='lat' dir='ltr'><strong>ab</strong></span> <span class='ocrx_word' id='word_1_291' title='bbox 1558 3525 1853 3579; x_wconf 77' lang='lat' dir='ltr'><strong>orthodoxa</strong></span> 
     </span>
    </p>
   </div>
   <div class='ocr_carea' id='block_1_37' title="bbox 282 3613 1855 3683">
    <p class='ocr_par' dir='ltr' id='par_1_37' title="bbox 282 3613 1855 3683">
     <span class='ocr_line' id='line_1_37' title="bbox 282 3613 1855 3683; baseline 0.002 -19"><span class='ocrx_word' id='word_1_292' title='bbox 282 3613 389 3665; x_wconf 86' lang='lat' dir='ltr'><strong>ﬁde</strong></span> <span class='ocrx_word' id='word_1_293' title='bbox 450 3616 805 3683; x_wconf 88' lang='lat' dir='ltr'><strong>aberrarunt,</strong></span> <span class='ocrx_word' id='word_1_294' title='bbox 867 3620 950 3672; x_wconf 84' lang='lat' dir='ltr'><strong>illa</strong></span> <span class='ocrx_word' id='word_1_295' title='bbox 1002 3620 1089 3675; x_wconf 90' lang='lat' dir='ltr'><strong>die</strong></span> <span class='ocrx_word' id='word_1_296' title='bbox 1146 3619 1445 3679; x_wconf 86' lang='lat' dir='ltr'><strong>adducere,</strong></span> <span class='ocrx_word' id='word_1_297' title='bbox 1506 3616 1855 3681; x_wconf 85' lang='lat' dir='ltr'><strong>omniumque</strong></span> 
     </span>
    </p>
   </div>
   <div class='ocr_carea' id='block_1_38' title="bbox 280 3702 1850 3778">
    <p class='ocr_par' dir='ltr' id='par_1_38' title="bbox 280 3702 1850 3778">
     <span class='ocr_line' id='line_1_38' title="bbox 280 3702 1850 3778; baseline 0.008 -25"><span class='ocrx_word' id='word_1_298' title='bbox 280 3716 478 3754; x_wconf 84' lang='lat' dir='ltr'><strong>arcana</strong></span> <span class='ocrx_word' id='word_1_299' title='bbox 508 3704 562 3755; x_wconf 90' lang='lat' dir='ltr'><strong>in</strong></span> <span class='ocrx_word' id='word_1_300' title='bbox 599 3707 835 3759; x_wconf 90' lang='lat' dir='ltr'><strong>medium</strong></span> <span class='ocrx_word' id='word_1_301' title='bbox 877 3708 1087 3772; x_wconf 70' lang='lat' dir='ltr'><strong>efferre,</strong></span> <span class='ocrx_word' id='word_1_302' title='bbox 1138 3717 1303 3778; x_wconf 75' lang='lat' dir='ltr'><strong>gesta,</strong></span> <span class='ocrx_word' id='word_1_303' title='bbox 1354 3707 1511 3765; x_wconf 81' lang='lat' dir='ltr'><strong>dicta,</strong></span> <span class='ocrx_word' id='word_1_304' title='bbox 1550 3706 1721 3765; x_wconf 68' lang='lat' dir='ltr'><strong>dolos.</strong></span> <span class='ocrx_word' id='word_1_305' title='bbox 1766 3702 1850 3753; x_wconf 68' lang='lat' dir='ltr'><strong>in-</strong></span> 
     </span>
    </p>
   </div>
   <div class='ocr_carea' id='block_1_39' title="bbox 282 3790 1848 3866">
    <p class='ocr_par' dir='ltr' id='par_1_39' title="bbox 282 3790 1848 3866">
     <span class='ocr_line' id='line_1_39' title="bbox 282 3790 1848 3866; baseline 0.001 -23"><span class='ocrx_word' id='word_1_306' title='bbox 282 3790 466 3852; x_wconf 85' lang='lat' dir='ltr'><strong>sidias,</strong></span> <span class='ocrx_word' id='word_1_307' title='bbox 495 3804 702 3848; x_wconf 89' lang='lat' dir='ltr'><strong>secreta</strong></span> <span class='ocrx_word' id='word_1_308' title='bbox 734 3799 960 3863; x_wconf 89' lang='lat' dir='ltr'><strong>mentis;</strong></span> <span class='ocrx_word' id='word_1_309' title='bbox 992 3816 1094 3851; x_wconf 92' lang='lat' dir='ltr'><strong>non</strong></span> <span class='ocrx_word' id='word_1_310' title='bbox 1125 3798 1345 3866; x_wconf 84' lang='lat' dir='ltr'><strong>prolatis</strong></span> <span class='ocrx_word' id='word_1_311' title='bbox 1378 3794 1713 3856; x_wconf 88' lang='lat' dir='ltr'><strong>testimoniis,</strong></span> <span class='ocrx_word' id='word_1_312' title='bbox 1739 3808 1848 3845; x_wconf 90' lang='lat' dir='ltr'><strong>non</strong></span> 
     </span>
    </p>
   </div>
   <div class='ocr_carea' id='block_1_40' title="bbox 282 3880 1846 3957">
    <p class='ocr_par' dir='ltr' id='par_1_40' title="bbox 282 3880 1846 3957">
     <span class='ocr_line' id='line_1_40' title="bbox 282 3880 1846 3957; baseline 0.003 -26"><span class='ocrx_word' id='word_1_313' title='bbox 282 3880 713 3947; x_wconf 85' lang='lat' dir='ltr'><strong>probationibus,</strong></span> <span class='ocrx_word' id='word_1_314' title='bbox 771 3903 877 3940; x_wconf 93' lang='lat' dir='ltr'><strong>non</strong></span> <span class='ocrx_word' id='word_1_315' title='bbox 938 3889 1278 3957; x_wconf 86' lang='lat' dir='ltr'><strong>imaginibus,</strong></span> <span class='ocrx_word' id='word_1_316' title='bbox 1328 3901 1438 3938; x_wconf 88' lang='lat' dir='ltr'><strong>non</strong></span> <span class='ocrx_word' id='word_1_317' title='bbox 1490 3883 1846 3944; x_wconf 89' lang='lat' dir='ltr'><strong>documentis,</strong></span> 
     </span>
    </p>
   </div>
   <div class='ocr_carea' id='block_1_41' title="bbox 280 3972 1853 4047">
    <p class='ocr_par' dir='ltr' id='par_1_41' title="bbox 280 3972 1853 4047">
     <span class='ocr_line' id='line_1_41' title="bbox 280 3972 1853 4047; baseline 0.003 -27"><span class='ocrx_word' id='word_1_318' title='bbox 280 3984 395 4022; x_wconf 87' lang='lat' dir='ltr'><strong>non</strong></span> <span class='ocrx_word' id='word_1_319' title='bbox 419 3972 534 4025; x_wconf 89' lang='lat' dir='ltr'><strong>aliis</strong></span> <span class='ocrx_word' id='word_1_320' title='bbox 557 3974 891 4042; x_wconf 82' lang='lat' dir='ltr'><strong>hujusmodi;</strong></span> <span class='ocrx_word' id='word_1_321' title='bbox 920 3980 1012 4032; x_wconf 90' lang='lat' dir='ltr'><strong>sed</strong></span> <span class='ocrx_word' id='word_1_322' title='bbox 1036 3979 1248 4047; x_wconf 90' lang='lat' dir='ltr'><strong>propria</strong></span> <span class='ocrx_word' id='word_1_323' title='bbox 1269 3977 1346 4030; x_wconf 86' lang='lat' dir='ltr'><strong>uti</strong></span> <span class='ocrx_word' id='word_1_324' title='bbox 1368 3984 1631 4047; x_wconf 85' lang='lat' dir='ltr'><strong>potestate</strong></span> <span class='ocrx_word' id='word_1_325' title='bbox 1652 3973 1715 4026; x_wconf 86' lang='lat' dir='ltr'><strong>ad</strong></span> <span class='ocrx_word' id='word_1_326' title='bbox 1735 3986 1853 4025; x_wconf 86' lang='lat' dir='ltr'><strong>om-</strong></span> 
     </span>
    </p>
   </div>
   <div class='ocr_carea' id='block_1_42' title="bbox 278 4062 1852 4133">
    <p class='ocr_par' dir='ltr' id='par_1_42' title="bbox 278 4062 1852 4133">
     <span class='ocr_line' id='line_1_42' title="bbox 278 4062 1852 4133; baseline 0.002 -24"><span class='ocrx_word' id='word_1_327' title='bbox 278 4074 382 4111; x_wconf 85' lang='lat' dir='ltr'><strong>nes</strong></span> <span class='ocrx_word' id='word_1_328' title='bbox 421 4066 803 4131; x_wconf 86' lang='lat' dir='ltr'><strong>coarguendos.</strong></span> <span class='ocrx_word' id='word_1_329' title='bbox 840 4068 1093 4121; x_wconf 87' lang='lat' dir='ltr'><strong>Attamen</strong></span> <span class='ocrx_word' id='word_1_330' title='bbox 1143 4079 1348 4122; x_wconf 89' lang='lat' dir='ltr'><strong>tantum</strong></span> <span class='ocrx_word' id='word_1_331' title='bbox 1384 4078 1597 4133; x_wconf 88' lang='lat' dir='ltr'><strong>tamque</strong></span> <span class='ocrx_word' id='word_1_332' title='bbox 1632 4062 1852 4131; x_wconf 71' lang='lat' dir='ltr'><strong>praecla~</strong></span> 
     </span>
    </p>
   </div>
   <div class='ocr_carea' id='block_1_43' title="bbox 274 4142 1842 4208">
    <p class='ocr_par' dir='ltr' id='par_1_43' title="bbox 274 4142 1842 4208">
     <span class='ocr_line' id='line_1_43' title="bbox 274 4142 1842 4208; baseline 0.001 -14"><span class='ocrx_word' id='word_1_333' title='bbox 274 4157 394 4194; x_wconf 86' lang='lat' dir='ltr'><strong>rmn</strong></span> <span class='ocrx_word' id='word_1_334' title='bbox 423 4156 555 4207; x_wconf 81' lang='lat' dir='ltr'><strong>Opus</strong></span> <span class='ocrx_word' id='word_1_335' title='bbox 576 4157 686 4208; x_wconf 79' lang='lat' dir='ltr'><strong>Ipse</strong></span> <span class='ocrx_word' id='word_1_336' title='bbox 712 4145 958 4207; x_wconf 87' lang='lat' dir='ltr'><strong>perliciet,</strong></span> <span class='ocrx_word' id='word_1_337' title='bbox 986 4143 1326 4194; x_wconf 82' lang='lat' dir='ltr'><strong>licetPatretn</strong></span> <span class='ocrx_word' id='word_1_338' title='bbox 1350 4143 1399 4193; x_wconf 93' lang='lat' dir='ltr'><strong>id</strong></span> <span class='ocrx_word' id='word_1_339' title='bbox 1422 4152 1541 4194; x_wconf 90' lang='lat' dir='ltr'><strong>aute</strong></span> <span class='ocrx_word' id='word_1_340' title='bbox 1565 4142 1842 4195; x_wconf 83' lang='lat' dir='ltr'><strong>facientem</strong></span> 
     </span>
    </p>
   </div>
   <div class='ocr_carea' id='block_1_44' title="bbox 276 4229 1843 4295">
    <p class='ocr_par' dir='ltr' id='par_1_44' title="bbox 276 4229 1843 4295">
     <span class='ocr_line' id='line_1_44' title="bbox 276 4229 1843 4295; baseline 0.001 -13"><span class='ocrx_word' id='word_1_341' title='bbox 276 4246 387 4282; x_wconf 90' lang='lat' dir='ltr'><strong>non</strong></span> <span class='ocrx_word' id='word_1_342' title='bbox 418 4230 624 4295; x_wconf 89' lang='lat' dir='ltr'><strong>viderit,</strong></span> <span class='ocrx_word' id='word_1_343' title='bbox 654 4246 749 4283; x_wconf 92' lang='lat' dir='ltr'><strong>nec</strong></span> <span class='ocrx_word' id='word_1_344' title='bbox 781 4231 925 4283; x_wconf 89' lang='lat' dir='ltr'><strong>illunt</strong></span> <span class='ocrx_word' id='word_1_345' title='bbox 953 4232 1016 4284; x_wconf 90' lang='lat' dir='ltr'><strong>sit</strong></span> <span class='ocrx_word' id='word_1_346' title='bbox 1046 4233 1274 4283; x_wconf 88' lang='lat' dir='ltr'><strong>imitatus</strong></span> <span class='ocrx_word' id='word_1_347' title='bbox 1313 4248 1324 4281; x_wconf 91' lang='lat'>:</span> <span class='ocrx_word' id='word_1_348' title='bbox 1356 4246 1476 4282; x_wconf 88' lang='lat' dir='ltr'><strong>nam</strong></span> <span class='ocrx_word' id='word_1_349' title='bbox 1504 4229 1657 4283; x_wconf 90' lang='lat' dir='ltr'><strong>Pater</strong></span> <span class='ocrx_word' id='word_1_350' title='bbox 1684 4232 1843 4285; x_wconf 88' lang='lat' dir='ltr'><strong>nemi-</strong></span> 
     </span>
    </p>
   </div>
   <div class='ocr_carea' id='block_1_45' title="bbox 275 4320 1844 4387">
    <p class='ocr_par' dir='ltr' id='par_1_45' title="bbox 275 4320 1844 4387">
     <span class='ocr_line' id='line_1_45' title="bbox 275 4320 1844 4387; baseline 0.003 -17"><span class='ocrx_word' id='word_1_351' title='bbox 275 4335 395 4371; x_wconf 84' lang='lat' dir='ltr'><strong>nem</strong></span> <span class='ocrx_word' id='word_1_352' title='bbox 430 4320 649 4386; x_wconf 86' lang='lat' dir='ltr'><strong>judicat.</strong></span> <span class='ocrx_word' id='word_1_353' title='bbox 695 4320 825 4372; x_wconf 75' lang='lat' dir='ltr'><strong>Vide</strong></span> <span class='ocrx_word' id='word_1_354' title='bbox 874 4335 1080 4387; x_wconf 86' lang='lat' dir='ltr'><strong>quoque</strong></span> <span class='ocrx_word' id='word_1_355' title='bbox 1131 4320 1273 4371; x_wconf 91' lang='lat' dir='ltr'><strong>illum</strong></span> <span class='ocrx_word' id='word_1_356' title='bbox 1326 4320 1450 4372; x_wconf 91' lang='lat' dir='ltr'><strong>alibi</strong></span> <span class='ocrx_word' id='word_1_357' title='bbox 1504 4321 1675 4372; x_wconf 90' lang='lat' dir='ltr'><strong>omnia</strong></span> <span class='ocrx_word' id='word_1_358' title='bbox 1726 4337 1844 4374; x_wconf 91' lang='lat' dir='ltr'><strong>cum</strong></span> 
     </span>
    </p>
   </div>
   <div class='ocr_carea' id='block_1_46' title="bbox 275 4409 1840 4480">
    <p class='ocr_par' dir='ltr' id='par_1_46' title="bbox 275 4409 1840 4480">
     <span class='ocr_line' id='line_1_46' title="bbox 275 4409 1840 4480; baseline 0.004 -19"><span class='ocrx_word' id='word_1_359' title='bbox 275 4417 541 4478; x_wconf 87' lang='lat' dir='ltr'><strong>potestate</strong></span> <span class='ocrx_word' id='word_1_360' title='bbox 562 4417 887 4476; x_wconf 89' lang='lat' dir='ltr'><strong>operantem,</strong></span> <span class='ocrx_word' id='word_1_361' title='bbox 917 4409 965 4459; x_wconf 92' lang='lat' dir='ltr'><strong>in</strong></span> <span class='ocrx_word' id='word_1_362' title='bbox 990 4409 1277 4472; x_wconf 89' lang='lat' dir='ltr'><strong>miraculis,</strong></span> <span class='ocrx_word' id='word_1_363' title='bbox 1302 4410 1351 4461; x_wconf 93' lang='lat' dir='ltr'><strong>in</strong></span> <span class='ocrx_word' id='word_1_364' title='bbox 1378 4409 1602 4463; x_wconf 83' lang='lat' dir='ltr'><strong>ferendis</strong></span> <span class='ocrx_word' id='word_1_365' title='bbox 1620 4412 1840 4480; x_wconf 88' lang='lat' dir='ltr'><strong>legibus,</strong></span> 
     </span>
    </p>
   </div>
   <div class='ocr_carea' id='block_1_47' title="bbox 273 4496 1841 4567">
    <p class='ocr_par' dir='ltr' id='par_1_47' title="bbox 273 4496 1841 4567">
     <span class='ocr_line' id='line_1_47' title="bbox 273 4496 1841 4567; baseline 0.003 -18"><span class='ocrx_word' id='word_1_366' title='bbox 273 4498 508 4565; x_wconf 84' lang='lat' dir='ltr'><strong>aliisque</strong></span> <span class='ocrx_word' id='word_1_367' title='bbox 531 4496 797 4550; x_wconf 91' lang='lat' dir='ltr'><strong>omnibus.</strong></span> <span class='ocrx_word' id='word_1_368' title='bbox 829 4496 957 4549; x_wconf 85' lang='lat' dir='ltr'><strong>Cum</strong></span> <span class='ocrx_word' id='word_1_369' title='bbox 991 4498 1128 4550; x_wconf 84' lang='lat' dir='ltr'><strong>enim</strong></span> <span class='ocrx_word' id='word_1_370' title='bbox 1153 4498 1482 4551; x_wconf 89' lang='lat' dir='ltr'><strong>ascendisset</strong></span> <span class='ocrx_word' id='word_1_371' title='bbox 1510 4501 1559 4552; x_wconf 89' lang='lat' dir='ltr'><strong>in</strong></span> <span class='ocrx_word' id='word_1_372' title='bbox 1591 4510 1841 4567; x_wconf 90' lang='lat' dir='ltr'><strong>montem,</strong></span> 
     </span>
    </p>
   </div>
   <div class='ocr_carea' id='block_1_48' title="bbox 277 4585 1844 4657">
    <p class='ocr_par' dir='ltr' id='par_1_48' title="bbox 277 4585 1844 4657">
     <span class='ocr_line' id='line_1_48' title="bbox 277 4585 1844 4657; baseline 0.002 -18"><span class='ocrx_word' id='word_1_373' title='bbox 277 4601 474 4639; x_wconf 87' lang='lat' dir='ltr'><strong>novum</strong></span> <span class='ocrx_word' id='word_1_374' title='bbox 506 4594 879 4639; x_wconf 88' lang='lat' dir='ltr'><strong>testamentum</strong></span> <span class='ocrx_word' id='word_1_375' title='bbox 919 4585 1134 4638; x_wconf 89' lang='lat' dir='ltr'><strong>daturus</strong></span> <span class='ocrx_word' id='word_1_376' title='bbox 1157 4587 1230 4638; x_wconf 87' lang='lat' dir='ltr'><strong>ait</strong></span> <span class='ocrx_word' id='word_1_377' title='bbox 1280 4604 1292 4639; x_wconf 92' lang='lat'><strong>:</strong></span> <span class='ocrx_word' id='word_1_378' title='bbox 1342 4604 1358 4636; x_wconf 76' lang='grc' dir='ltr'>ι</span> <span class='ocrx_word' id='word_1_379' title='bbox 1422 4589 1670 4653; x_wconf 81' lang='lat' dir='ltr'><strong>Audistis,</strong></span> <span class='ocrx_word' id='word_1_380' title='bbox 1723 4590 1844 4657; x_wconf 88' lang='lat' dir='ltr'><strong>quia</strong></span> 
     </span>
    </p>
   </div>
   <div class='ocr_carea' id='block_1_49' title="bbox 273 4674 1845 4744">
    <p class='ocr_par' dir='ltr' id='par_1_49' title="bbox 273 4674 1845 4744">
     <span class='ocr_line' id='line_1_49' title="bbox 273 4674 1845 4744; baseline 0.001 -16"><span class='ocrx_word' id='word_1_381' title='bbox 273 4675 478 4728; x_wconf 89' lang='lat' dir='ltr'><strong>dictum</strong></span> <span class='ocrx_word' id='word_1_382' title='bbox 500 4686 582 4729; x_wconf 90' lang='lat' dir='ltr'><strong>est</strong></span> <span class='ocrx_word' id='word_1_383' title='bbox 608 4677 836 4743; x_wconf 90' lang='lat' dir='ltr'><strong>antiquis</strong></span> <span class='ocrx_word' id='word_1_384' title='bbox 863 4693 875 4727; x_wconf 88' lang='lat'><strong>:</strong></span> <span class='ocrx_word' id='word_1_385' title='bbox 899 4674 1012 4728; x_wconf 88' lang='lat' dir='ltr'><strong>Non</strong></span> <span class='ocrx_word' id='word_1_386' title='bbox 1039 4676 1250 4729; x_wconf 89' lang='lat' dir='ltr'><strong>occides</strong></span> <span class='ocrx_word' id='word_1_387' title='bbox 1278 4697 1292 4729; x_wconf 86' lang='lat'><strong>:</strong></span> <span class='ocrx_word' id='word_1_388' title='bbox 1324 4677 1412 4744; x_wconf 87' lang='lat' dir='ltr'><strong>qui</strong></span> <span class='ocrx_word' id='word_1_389' title='bbox 1439 4686 1608 4728; x_wconf 89' lang='lat' dir='ltr'><strong>autem</strong></span> <span class='ocrx_word' id='word_1_390' title='bbox 1641 4679 1845 4730; x_wconf 79' lang='lat' dir='ltr'><strong>occide-</strong></span> 
     </span>
    </p>
   </div>
   <div class='ocr_carea' id='block_1_50' title="bbox 274 4765 1846 4833">
    <p class='ocr_par' dir='ltr' id='par_1_50' title="bbox 274 4765 1846 4833">
     <span class='ocr_line' id='line_1_50' title="bbox 274 4765 1846 4833; baseline 0 -13"><span class='ocrx_word' id='word_1_391' title='bbox 274 4766 371 4829; x_wconf 82' lang='lat' dir='ltr'><strong>rit,</strong></span> <span class='ocrx_word' id='word_1_392' title='bbox 404 4779 523 4817; x_wconf 88' lang='lat' dir='ltr'><strong>reus</strong></span> <span class='ocrx_word' id='word_1_393' title='bbox 551 4766 650 4818; x_wconf 90' lang='lat' dir='ltr'><strong>erit</strong></span> <span class='ocrx_word' id='word_1_394' title='bbox 690 4766 917 4833; x_wconf 89' lang='lat' dir='ltr'><strong>judicio;</strong></span> <span class='ocrx_word' id='word_1_395' title='bbox 951 4765 1039 4833; x_wconf 91' lang='lat' dir='ltr'><strong>qui</strong></span> <span class='ocrx_word' id='word_1_396' title='bbox 1076 4776 1248 4818; x_wconf 91' lang='lat' dir='ltr'><strong>autem</strong></span> <span class='ocrx_word' id='word_1_397' title='bbox 1282 4766 1490 4830; x_wconf 85' lang='lat' dir='ltr'><strong>dixerit,</strong></span> <span class='ocrx_word' id='word_1_398' title='bbox 1514 4766 1694 4829; x_wconf 84' lang='lat' dir='ltr'><strong>Fatue,</strong></span> <span class='ocrx_word' id='word_1_399' title='bbox 1725 4782 1846 4821; x_wconf 90' lang='lat' dir='ltr'><strong>reus</strong></span> 
     </span>
    </p>
   </div>
   <div class='ocr_carea' id='block_1_51' title="bbox 275 4855 1842 4924">
    <p class='ocr_par' dir='ltr' id='par_1_51' title="bbox 275 4855 1842 4924">
     <span class='ocr_line' id='line_1_51' title="bbox 275 4855 1842 4924; baseline -0.001 -15"><span class='ocrx_word' id='word_1_400' title='bbox 275 4858 382 4912; x_wconf 80' lang='lat' dir='ltr'><strong>erit</strong></span> <span class='ocrx_word' id='word_1_401' title='bbox 409 4855 663 4923; x_wconf 65' lang='lat' dir='ltr'><strong>gehennae</strong></span> <span class='ocrx_word' id='word_1_402' title='bbox 694 4856 844 4923; x_wconf 90' lang='lat' dir='ltr'><strong>ignis.</strong></span> <span class='ocrx_word' id='word_1_403' title='bbox 889 4856 963 4924; x_wconf 91' lang='lat' dir='ltr'><strong>(a)</strong></span> <span class='ocrx_word' id='word_1_404' title='bbox 1008 4857 1115 4924; x_wconf 86' lang='lat' dir='ltr'><strong>Ego</strong></span> <span class='ocrx_word' id='word_1_405' title='bbox 1146 4867 1319 4908; x_wconf 88' lang='lat' dir='ltr'><strong>autem</strong></span> <span class='ocrx_word' id='word_1_406' title='bbox 1366 4856 1483 4908; x_wconf 89' lang='lat' dir='ltr'><strong>dico</strong></span> <span class='ocrx_word' id='word_1_407' title='bbox 1510 4857 1676 4921; x_wconf 90' lang='lat' dir='ltr'><strong>vobis,</strong></span> <span class='ocrx_word' id='word_1_408' title='bbox 1708 4858 1842 4923; x_wconf 90' lang='lat' dir='ltr'><strong>quod</strong></span> 
     </span>
    </p>
   </div>
   <div class='ocr_carea' id='block_1_52' title="bbox 274 4945 1841 5013">
    <p class='ocr_par' dir='ltr' id='par_1_52' title="bbox 274 4945 1841 5013">
     <span class='ocr_line' id='line_1_52' title="bbox 274 4945 1841 5013; baseline -0.001 -16"><span class='ocrx_word' id='word_1_409' title='bbox 274 4946 519 5013; x_wconf 79' lang='lat' dir='ltr'><strong>quisquis</strong></span> <span class='ocrx_word' id='word_1_410' title='bbox 557 4945 800 4997; x_wconf 90' lang='lat' dir='ltr'><strong>irascitur</strong></span> <span class='ocrx_word' id='word_1_411' title='bbox 824 4945 968 4997; x_wconf 89' lang='lat' dir='ltr'><strong>fratri</strong></span> <span class='ocrx_word' id='word_1_412' title='bbox 991 4960 1087 4998; x_wconf 88' lang='lat' dir='ltr'><strong>suo</strong></span> <span class='ocrx_word' id='word_1_413' title='bbox 1117 4956 1332 5008; x_wconf 88' lang='lat' dir='ltr'><strong>temere,</strong></span> <span class='ocrx_word' id='word_1_414' title='bbox 1369 4961 1488 4998; x_wconf 90' lang='lat' dir='ltr'><strong>reus</strong></span> <span class='ocrx_word' id='word_1_415' title='bbox 1513 4946 1841 5012; x_wconf 89' lang='lat' dir='ltr'><strong>eritjudicio.</strong></span> 
     </span>
    </p>
   </div>
   <div class='ocr_carea' id='block_1_53' title="bbox 278 5033 1844 5103">
    <p class='ocr_par' dir='ltr' id='par_1_53' title="bbox 278 5033 1844 5103">
     <span class='ocr_line' id='line_1_53' title="bbox 278 5033 1844 5103; baseline -0.003 -13"><span class='ocrx_word' id='word_1_416' title='bbox 278 5035 517 5090; x_wconf 82' lang='lat' dir='ltr'><strong>Audistis</strong></span> <span class='ocrx_word' id='word_1_417' title='bbox 542 5034 663 5103; x_wconf 86' lang='lat' dir='ltr'><strong>quia</strong></span> <span class='ocrx_word' id='word_1_418' title='bbox 703 5033 899 5087; x_wconf 89' lang='lat' dir='ltr'><strong>dictum</strong></span> <span class='ocrx_word' id='word_1_419' title='bbox 927 5044 1025 5099; x_wconf 90' lang='lat' dir='ltr'><strong>est,</strong></span> <span class='ocrx_word' id='word_1_420' title='bbox 1061 5034 1277 5087; x_wconf 90' lang='lat' dir='ltr'><strong>Oculum</strong></span> <span class='ocrx_word' id='word_1_421' title='bbox 1318 5049 1411 5102; x_wconf 91' lang='lat' dir='ltr'><strong>pro</strong></span> <span class='ocrx_word' id='word_1_422' title='bbox 1441 5035 1612 5097; x_wconf 89' lang='lat' dir='ltr'><strong>oculo,</strong></span> <span class='ocrx_word' id='word_1_423' title='bbox 1642 5043 1693 5087; x_wconf 90' lang='lat' dir='ltr'><strong>et</strong></span> <span class='ocrx_word' id='word_1_424' title='bbox 1714 5034 1844 5087; x_wconf 75' lang='lat' dir='ltr'><strong>deu~</strong></span> 
     </span>
    </p>
   </div>
   <div class='ocr_carea' id='block_1_54' title="bbox 279 5123 1845 5191">
    <p class='ocr_par' dir='ltr' id='par_1_54' title="bbox 279 5123 1845 5191">
     <span class='ocr_line' id='line_1_54' title="bbox 279 5123 1845 5191; baseline -0.001 -13"><span class='ocrx_word' id='word_1_425' title='bbox 279 5136 391 5178; x_wconf 84' lang='lat' dir='ltr'><strong>tem</strong></span> <span class='ocrx_word' id='word_1_426' title='bbox 425 5138 516 5191; x_wconf 91' lang='lat' dir='ltr'><strong>pro</strong></span> <span class='ocrx_word' id='word_1_427' title='bbox 544 5123 701 5176; x_wconf 77' lang='lat' dir='ltr'><strong>dente</strong></span> <span class='ocrx_word' id='word_1_428' title='bbox 734 5141 745 5174; x_wconf 90' lang='lat'>:</span> <span class='ocrx_word' id='word_1_429' title='bbox 774 5138 868 5191; x_wconf 87' lang='lat' dir='ltr'><strong>ego</strong></span> <span class='ocrx_word' id='word_1_430' title='bbox 912 5132 1084 5176; x_wconf 90' lang='lat' dir='ltr'><strong>autem</strong></span> <span class='ocrx_word' id='word_1_431' title='bbox 1127 5123 1245 5177; x_wconf 90' lang='lat' dir='ltr'><strong>dico</strong></span> <span class='ocrx_word' id='word_1_432' title='bbox 1276 5124 1441 5187; x_wconf 84' lang='lat' dir='ltr'><strong>vobis,</strong></span> <span class='ocrx_word' id='word_1_433' title='bbox 1471 5138 1572 5175; x_wconf 90' lang='lat' dir='ltr'><strong>non</strong></span> <span class='ocrx_word' id='word_1_434' title='bbox 1600 5124 1845 5177; x_wconf 88' lang='lat' dir='ltr'><strong>resistere</strong></span> 
     </span>
    </p>
   </div>
   <div class='ocr_carea' id='block_1_55' title="bbox 280 5211 1843 5280">
    <p class='ocr_par' dir='ltr' id='par_1_55' title="bbox 280 5211 1843 5280">
     <span class='ocr_line' id='line_1_55' title="bbox 280 5211 1843 5280; baseline 0 -14"><span class='ocrx_word' id='word_1_435' title='bbox 280 5214 450 5275; x_wconf 85' lang='lat' dir='ltr'><strong>malo,</strong></span> <span class='ocrx_word' id='word_1_436' title='bbox 469 5211 560 5265; x_wconf 89' lang='lat' dir='ltr'><strong>sed</strong></span> <span class='ocrx_word' id='word_1_437' title='bbox 581 5213 626 5265; x_wconf 91' lang='lat' dir='ltr'><strong>si</strong></span> <span class='ocrx_word' id='word_1_438' title='bbox 646 5212 760 5280; x_wconf 91' lang='lat' dir='ltr'><strong>quis</strong></span> <span class='ocrx_word' id='word_1_439' title='bbox 777 5220 826 5263; x_wconf 91' lang='lat' dir='ltr'><strong>te</strong></span> <span class='ocrx_word' id='word_1_440' title='bbox 848 5214 1165 5279; x_wconf 85' lang='lat' dir='ltr'><strong>percusserit</strong></span> <span class='ocrx_word' id='word_1_441' title='bbox 1186 5214 1233 5265; x_wconf 90' lang='lat' dir='ltr'><strong>in</strong></span> <span class='ocrx_word' id='word_1_442' title='bbox 1267 5213 1531 5265; x_wconf 83' lang='lat' dir='ltr'><strong>maxillam</strong></span> <span class='ocrx_word' id='word_1_443' title='bbox 1553 5212 1843 5279; x_wconf 72' lang='lat' dir='ltr'><strong>dexteram,</strong></span> 
     </span>
    </p>
   </div>
   <div class='ocr_carea' id='block_1_56' title="bbox 280 5301 1845 5375">
    <p class='ocr_par' dir='ltr' id='par_1_56' title="bbox 280 5301 1845 5375">
     <span class='ocr_line' id='line_1_56' title="bbox 280 5301 1845 5375; baseline -0.001 -17"><span class='ocrx_word' id='word_1_444' title='bbox 280 5305 465 5375; x_wconf 62' lang='lat' dir='ltr'><strong>prtebe</strong></span> <span class='ocrx_word' id='word_1_445' title='bbox 493 5304 566 5356; x_wconf 92' lang='lat' dir='ltr'><strong>illi</strong></span> <span class='ocrx_word' id='word_1_446' title='bbox 588 5313 640 5357; x_wconf 88' lang='lat' dir='ltr'><strong>et</strong></span> <span class='ocrx_word' id='word_1_447' title='bbox 664 5304 877 5355; x_wconf 87' lang='lat' dir='ltr'><strong>alteram</strong></span> <span class='ocrx_word' id='word_1_448' title='bbox 899 5319 916 5351; x_wconf 75' lang='grc' dir='ltr'><strong><em>ι</em></strong></span> <span class='ocrx_word' id='word_1_449' title='bbox 942 5303 957 5370; x_wconf 91' lang='grc'>(</span> <span class='ocrx_word' id='word_1_450' title='bbox 981 5301 1161 5354; x_wconf 76' lang='grc' dir='ltr'><strong>Μαιιιι.</strong></span> <span class='ocrx_word' id='word_1_451' title='bbox 1190 5304 1347 5357; x_wconf 76' lang='lat'><strong>5.21.</strong></span> <span class='ocrx_word' id='word_1_452' title='bbox 1366 5303 1453 5355; x_wconf 72' lang='lat'><strong>22.</strong></span> <span class='ocrx_word' id='word_1_453' title='bbox 1475 5304 1691 5373; x_wconf 78' lang='lat'><strong>58.59).</strong></span> <span class='ocrx_word' id='word_1_454' title='bbox 1712 5305 1845 5370; x_wconf 89' lang='lat' dir='ltr'><strong>Quid</strong></span> 
     </span>
    </p>
   </div>
   <div class='ocr_carea' id='block_1_57' title="bbox 282 5391 1851 5461">
    <p class='ocr_par' dir='ltr' id='par_1_57' title="bbox 282 5391 1851 5461">
     <span class='ocr_line' id='line_1_57' title="bbox 282 5391 1851 5461; baseline 0.001 -14"><span class='ocrx_word' id='word_1_455' title='bbox 282 5395 393 5449; x_wconf 77' lang='lat' dir='ltr'><strong>hoc</strong></span> <span class='ocrx_word' id='word_1_456' title='bbox 410 5394 519 5446; x_wconf 87' lang='lat' dir='ltr'><strong>est?</strong></span> <span class='ocrx_word' id='word_1_457' title='bbox 536 5394 622 5461; x_wconf 90' lang='lat' dir='ltr'><strong>qui</strong></span> <span class='ocrx_word' id='word_1_458' title='bbox 641 5392 767 5445; x_wconf 90' lang='lat' dir='ltr'><strong>nihil</strong></span> <span class='ocrx_word' id='word_1_459' title='bbox 790 5408 817 5444; x_wconf 88' lang='lat' dir='ltr'><strong>a</strong></span> <span class='ocrx_word' id='word_1_460' title='bbox 837 5391 1011 5459; x_wconf 91' lang='lat' dir='ltr'><strong>seipso</strong></span> <span class='ocrx_word' id='word_1_461' title='bbox 1029 5392 1149 5443; x_wconf 86' lang='lat' dir='ltr'><strong>facit</strong></span> <span class='ocrx_word' id='word_1_462' title='bbox 1166 5394 1323 5445; x_wconf 89' lang='lat' dir='ltr'><strong>etiam</strong></span> <span class='ocrx_word' id='word_1_463' title='bbox 1343 5394 1511 5447; x_wconf 90' lang='lat' dir='ltr'><strong>Patris</strong></span> <span class='ocrx_word' id='word_1_464' title='bbox 1530 5404 1718 5448; x_wconf 91' lang='lat' dir='ltr'><strong>statuta</strong></span> <span class='ocrx_word' id='word_1_465' title='bbox 1738 5410 1851 5448; x_wconf 91' lang='lat' dir='ltr'><strong>cor-</strong></span> 
     </span>
    </p>
   </div>
   <div class='ocr_carea' id='block_1_58' title="bbox 282 5480 1840 5551">
    <p class='ocr_par' dir='ltr' id='par_1_58' title="bbox 282 5480 1840 5551">
     <span class='ocr_line' id='line_1_58' title="bbox 282 5480 1840 5551; baseline 0.003 -18"><span class='ocrx_word' id='word_1_466' title='bbox 282 5484 434 5551; x_wconf 77' lang='lat' dir='ltr'><strong>rigit,</strong></span> <span class='ocrx_word' id='word_1_467' title='bbox 465 5491 517 5535; x_wconf 89' lang='lat' dir='ltr'><strong>et</strong></span> <span class='ocrx_word' id='word_1_468' title='bbox 536 5482 703 5551; x_wconf 87' lang='lat' dir='ltr'><strong>legem</strong></span> <span class='ocrx_word' id='word_1_469' title='bbox 730 5483 780 5534; x_wconf 93' lang='lat' dir='ltr'><strong>in</strong></span> <span class='ocrx_word' id='word_1_470' title='bbox 805 5481 988 5534; x_wconf 89' lang='lat' dir='ltr'><strong>melius</strong></span> <span class='ocrx_word' id='word_1_471' title='bbox 1013 5480 1289 5548; x_wconf 86' lang='lat' dir='ltr'><strong>provehit?</strong></span> <span class='ocrx_word' id='word_1_472' title='bbox 1326 5483 1455 5537; x_wconf 88' lang='lat' dir='ltr'><strong>Cum</strong></span> <span class='ocrx_word' id='word_1_473' title='bbox 1484 5493 1658 5538; x_wconf 92' lang='lat' dir='ltr'><strong>autem</strong></span> <span class='ocrx_word' id='word_1_474' title='bbox 1689 5484 1806 5537; x_wconf 91' lang='lat' dir='ltr'><strong>dico</strong></span> <span class='ocrx_word' id='word_1_475' title='bbox 1827 5525 1840 5547; x_wconf 92' lang='lat'><strong>,</strong></span> 
     </span>
    </p>
   </div>
   <div class='ocr_carea' id='block_1_59' title="bbox 283 5570 1846 5643">
    <p class='ocr_par' dir='ltr' id='par_1_59' title="bbox 283 5570 1846 5643">
     <span class='ocr_line' id='line_1_59' title="bbox 283 5570 1846 5643; baseline -0.002 -15"><span class='ocrx_word' id='word_1_476' title='bbox 283 5571 524 5640; x_wconf 85' lang='lat' dir='ltr'><strong>corrigit,</strong></span> <span class='ocrx_word' id='word_1_477' title='bbox 555 5586 618 5625; x_wconf 89' lang='lat' dir='ltr'><strong>ne</strong></span> <span class='ocrx_word' id='word_1_478' title='bbox 646 5570 1007 5641; x_wconf 89' lang='lat' dir='ltr'><strong>blasphemum</strong></span> <span class='ocrx_word' id='word_1_479' title='bbox 1030 5570 1152 5639; x_wconf 89' lang='lat' dir='ltr'><strong>quid</strong></span> <span class='ocrx_word' id='word_1_480' title='bbox 1189 5573 1492 5642; x_wconf 89' lang='lat' dir='ltr'><strong>suspiceris,</strong></span> <span class='ocrx_word' id='word_1_481' title='bbox 1520 5575 1666 5643; x_wconf 85' lang='lat' dir='ltr'><strong>quasi</strong></span> <span class='ocrx_word' id='word_1_482' title='bbox 1693 5574 1846 5627; x_wconf 78' lang='lat' dir='ltr'><strong>Pater</strong></span> 
     </span>
    </p>
   </div>
   <div class='ocr_carea' id='block_1_60' title="bbox 361 5676 1321 5738">
    <p class='ocr_par' dir='ltr' id='par_1_60' title="bbox 361 5676 1321 5738">
     <span class='ocr_line' id='line_1_60' title="bbox 361 5676 1321 5738; baseline 0 -13"><span class='ocrx_word' id='word_1_483' title='bbox 361 5678 435 5738; x_wconf 80' lang='lat' dir='ltr'><strong>(a)</strong></span> <span class='ocrx_word' id='word_1_484' title='bbox 468 5679 550 5727; x_wconf 83' lang='lat' dir='ltr'><strong>Hic</strong></span> <span class='ocrx_word' id='word_1_485' title='bbox 574 5684 735 5727; x_wconf 83' lang='lat' dir='ltr'><strong>textus</strong></span> <span class='ocrx_word' id='word_1_486' title='bbox 757 5678 912 5727; x_wconf 84' lang='lat' dir='ltr'><strong>deﬁcit</strong></span> <span class='ocrx_word' id='word_1_487' title='bbox 928 5682 973 5727; x_wconf 87' lang='lat' dir='ltr'><strong>in</strong></span> <span class='ocrx_word' id='word_1_488' title='bbox 996 5678 1109 5724; x_wconf 82' lang='lat' dir='ltr'><strong>Edit.</strong></span> <span class='ocrx_word' id='word_1_489' title='bbox 1137 5676 1321 5725; x_wconf 83' lang='lat' dir='ltr'><strong>Benzcl.</strong></span> 
     </span>
    </p>
   </div>
   <div class='ocr_carea' id='block_1_61' title="bbox 1234 348 2547 417">
    <p class='ocr_par' dir='ltr' id='par_1_61' title="bbox 1234 348 2547 417">
     <span class='ocr_line' id='line_1_61' title="bbox 1234 348 2547 417; baseline 0.006 -13"><span class='ocrx_word' id='word_1_490' title='bbox 1234 348 1299 405; x_wconf 74' lang='lat' dir='ltr'><strong>IN</strong></span> <span class='ocrx_word' id='word_1_491' title='bbox 1334 349 1557 417; x_wconf 86' lang='lat' dir='ltr'><strong>ILLUD,</strong></span> <span class='ocrx_word' id='word_1_492' title='bbox 1598 349 1817 406; x_wconf 84' lang='lat' dir='ltr'><strong>FILIUS</strong></span> <span class='ocrx_word' id='word_1_493' title='bbox 1858 350 1953 407; x_wconf 81' lang='lat' dir='ltr'><strong>EX</strong></span> <span class='ocrx_word' id='word_1_494' title='bbox 1989 351 2070 409; x_wconf 87' lang='lat' dir='ltr'><strong>SE</strong></span> <span class='ocrx_word' id='word_1_495' title='bbox 2105 353 2290 410; x_wconf 83' lang='lat' dir='ltr'><strong>NIHIL</strong></span> <span class='ocrx_word' id='word_1_496' title='bbox 2328 356 2547 412; x_wconf 72' lang='lat' dir='ltr'><strong>FACI&#39;I‘.</strong></span> 
     </span>
    </p>
   </div>
   <div class='ocr_carea' id='block_1_62' title="bbox 3427 376 3536 434">
    <p class='ocr_par' dir='ltr' id='par_1_62' title="bbox 3427 376 3536 434">
     <span class='ocr_line' id='line_1_62' title="bbox 3427 376 3536 434; baseline 0.037 -4"><span class='ocrx_word' id='word_1_497' title='bbox 3427 376 3536 434; x_wconf 83' lang='lat'><strong>254</strong></span> 
     </span>
    </p>
   </div>
   <div class='ocr_carea' id='block_1_63' title="bbox 1974 467 3528 547">
    <p class='ocr_par' dir='ltr' id='par_1_63' title="bbox 1974 467 3528 547">
     <span class='ocr_line' id='line_1_63' title="bbox 1974 467 3528 547; baseline 0.012 -27"><span class='ocrx_word' id='word_1_498' title='bbox 1974 467 2231 521; x_wconf 77' lang='lat' dir='ltr'><strong>infirmior</strong></span> <span class='ocrx_word' id='word_1_499' title='bbox 2260 470 2345 523; x_wconf 91' lang='lat' dir='ltr'><strong>sit.</strong></span> <span class='ocrx_word' id='word_1_500' title='bbox 2369 471 2619 538; x_wconf 88' lang='lat' dir='ltr'><strong>Quamvis</strong></span> <span class='ocrx_word' id='word_1_501' title='bbox 2644 474 2783 528; x_wconf 88' lang='lat' dir='ltr'><strong>enim</strong></span> <span class='ocrx_word' id='word_1_502' title='bbox 2828 476 2909 531; x_wconf 82' lang='lat' dir='ltr'><strong>lex</strong></span> <span class='ocrx_word' id='word_1_503' title='bbox 2937 478 3107 534; x_wconf 86' lang='lat' dir='ltr'><strong>minor</strong></span> <span class='ocrx_word' id='word_1_504' title='bbox 3126 482 3225 547; x_wconf 89' lang='lat' dir='ltr'><strong>sit,</strong></span> <span class='ocrx_word' id='word_1_505' title='bbox 3261 480 3311 537; x_wconf 89' lang='lat' dir='ltr'><strong>id</strong></span> <span class='ocrx_word' id='word_1_506' title='bbox 3358 494 3528 541; x_wconf 88' lang='lat' dir='ltr'><strong>tamen</strong></span> 
     </span>
    </p>
   </div>
   <div class='ocr_carea' id='block_1_64' title="bbox 1970 560 3530 638">
    <p class='ocr_par' dir='ltr' id='par_1_64' title="bbox 1970 560 3530 638">
     <span class='ocr_line' id='line_1_64' title="bbox 1970 560 3530 638; baseline 0.013 -28"><span class='ocrx_word' id='word_1_507' title='bbox 1970 574 2074 611; x_wconf 88' lang='lat' dir='ltr'><strong>non</strong></span> <span class='ocrx_word' id='word_1_508' title='bbox 2107 560 2231 624; x_wconf 62' lang='lat' dir='ltr'><strong>Deo,</strong></span> <span class='ocrx_word' id='word_1_509' title='bbox 2263 562 2355 616; x_wconf 88' lang='lat' dir='ltr'><strong>sed</strong></span> <span class='ocrx_word' id='word_1_510' title='bbox 2380 565 2752 632; x_wconf 90' lang='lat' dir='ltr'><strong>recipientibus</strong></span> <span class='ocrx_word' id='word_1_511' title='bbox 2780 568 2943 638; x_wconf 83' lang='lat' dir='ltr'><strong>legem</strong></span> <span class='ocrx_word' id='word_1_512' title='bbox 2966 570 3389 629; x_wconf 84' lang='lat' dir='ltr'><strong>adscribendum.</strong></span> <span class='ocrx_word' id='word_1_513' title='bbox 3421 576 3530 630; x_wconf 80' lang='lat' dir='ltr'><strong>lino</strong></span> 
     </span>
    </p>
   </div>
   <div class='ocr_carea' id='block_1_65' title="bbox 1970 649 3527 730">
    <p class='ocr_par' dir='ltr' id='par_1_65' title="bbox 1970 649 3527 730">
     <span class='ocr_line' id='line_1_65' title="bbox 1970 649 3527 730; baseline 0.013 -31"><span class='ocrx_word' id='word_1_514' title='bbox 1970 649 2127 701; x_wconf 88' lang='lat' dir='ltr'><strong>etiam</strong></span> <span class='ocrx_word' id='word_1_515' title='bbox 2166 649 2330 706; x_wconf 76' lang='lat' dir='ltr'><strong>Vetus</strong></span> <span class='ocrx_word' id='word_1_516' title='bbox 2378 652 2774 710; x_wconf 86' lang='lat' dir='ltr'><strong>Testamentum</strong></span> <span class='ocrx_word' id='word_1_517' title='bbox 2806 658 3065 730; x_wconf 88' lang='lat' dir='ltr'><strong>Unigeniti</strong></span> <span class='ocrx_word' id='word_1_518' title='bbox 3098 670 3197 729; x_wconf 87' lang='lat' dir='ltr'><strong>est,</strong></span> <span class='ocrx_word' id='word_1_519' title='bbox 3242 672 3295 718; x_wconf 87' lang='lat' dir='ltr'><strong>et</strong></span> <span class='ocrx_word' id='word_1_520' title='bbox 3326 665 3527 721; x_wconf 87' lang='lat' dir='ltr'><strong>Novum</strong></span> 
     </span>
    </p>
   </div>
   <div class='ocr_carea' id='block_1_66' title="bbox 1969 735 3528 822">
    <p class='ocr_par' dir='ltr' id='par_1_66' title="bbox 1969 735 3528 822">
     <span class='ocr_line' id='line_1_66' title="bbox 1969 735 3528 822; baseline 0.011 -34"><span class='ocrx_word' id='word_1_521' title='bbox 1969 735 2157 789; x_wconf 85' lang='lat' dir='ltr'><strong>Patris.</strong></span> <span class='ocrx_word' id='word_1_522' title='bbox 2191 738 2470 804; x_wconf 85' lang='lat' dir='ltr'><strong>Quomodo</strong></span> <span class='ocrx_word' id='word_1_523' title='bbox 2510 744 2684 812; x_wconf 82' lang='lat' dir='ltr'><strong>igitur,</strong></span> <span class='ocrx_word' id='word_1_524' title='bbox 2716 762 2915 814; x_wconf 66' lang='lat' dir='ltr'><strong>quaeso,</strong></span> <span class='ocrx_word' id='word_1_525' title='bbox 2943 749 3071 804; x_wconf 89' lang='lat' dir='ltr'><strong>nihil</strong></span> <span class='ocrx_word' id='word_1_526' title='bbox 3097 765 3127 822; x_wconf 82' lang='lat' dir='ltr'><strong>a</strong></span> <span class='ocrx_word' id='word_1_527' title='bbox 3172 752 3347 822; x_wconf 85' lang='lat' dir='ltr'><strong>seipso</strong></span> <span class='ocrx_word' id='word_1_528' title='bbox 3376 754 3528 817; x_wconf 82' lang='lat' dir='ltr'><strong>facit,</strong></span> 
     </span>
    </p>
   </div>
   <div class='ocr_carea' id='block_1_67' title="bbox 1966 825 3531 911">
    <p class='ocr_par' dir='ltr' id='par_1_67' title="bbox 1966 825 3531 911">
     <span class='ocr_line' id='line_1_67' title="bbox 1966 825 3531 911; baseline 0.016 -36"><span class='ocrx_word' id='word_1_529' title='bbox 1966 825 2055 892; x_wconf 90' lang='lat' dir='ltr'><strong>qui</strong></span> <span class='ocrx_word' id='word_1_530' title='bbox 2079 829 2239 881; x_wconf 89' lang='lat' dir='ltr'><strong>veteri</strong></span> <span class='ocrx_word' id='word_1_531' title='bbox 2267 829 2366 898; x_wconf 85' lang='lat' dir='ltr'><strong>legi</strong></span> <span class='ocrx_word' id='word_1_532' title='bbox 2388 831 2598 899; x_wconf 88' lang='lat' dir='ltr'><strong>adjecit,</strong></span> <span class='ocrx_word' id='word_1_533' title='bbox 2621 836 2709 903; x_wconf 92' lang='lat' dir='ltr'><strong>qui</strong></span> <span class='ocrx_word' id='word_1_534' title='bbox 2730 844 2925 891; x_wconf 86' lang='lat' dir='ltr'><strong>tantam</strong></span> <span class='ocrx_word' id='word_1_535' title='bbox 2952 838 3164 896; x_wconf 79' lang='lat' dir='ltr'><strong>exhibet</strong></span> <span class='ocrx_word' id='word_1_536' title='bbox 3189 848 3531 911; x_wconf 76' lang='lat' dir='ltr'><strong>potestatem?</strong></span> 
     </span>
    </p>
   </div>
   <div class='ocr_carea' id='block_1_68' title="bbox 1968 913 3531 991">
    <p class='ocr_par' dir='ltr' id='par_1_68' title="bbox 1968 913 3531 991">
     <span class='ocr_line' id='line_1_68' title="bbox 1968 913 3531 991; baseline 0.016 -25"><span class='ocrx_word' id='word_1_537' title='bbox 1968 913 2163 969; x_wconf 79' lang='lat' dir='ltr'><strong>Verum</strong></span> <span class='ocrx_word' id='word_1_538' title='bbox 2192 918 2313 985; x_wconf 92' lang='lat' dir='ltr'><strong>quid</strong></span> <span class='ocrx_word' id='word_1_539' title='bbox 2344 921 2604 977; x_wconf 65' lang='lat' dir='ltr'><strong>haereticis</strong></span> <span class='ocrx_word' id='word_1_540' title='bbox 2634 925 2945 985; x_wconf 89' lang='lat' dir='ltr'><strong>imbecillius</strong></span> <span class='ocrx_word' id='word_1_541' title='bbox 2966 930 3162 986; x_wconf 80' lang='lat' dir='ltr'><strong>fuerit?</strong></span> <span class='ocrx_word' id='word_1_542' title='bbox 3186 932 3352 990; x_wconf 68' lang='lat' dir='ltr'><strong>Judaei</strong></span> <span class='ocrx_word' id='word_1_543' title='bbox 3380 951 3531 991; x_wconf 83' lang='lat' dir='ltr'><strong>nam-</strong></span> 
     </span>
    </p>
   </div>
   <div class='ocr_carea' id='block_1_69' title="bbox 1966 1010 3527 1096">
    <p class='ocr_par' dir='ltr' id='par_1_69' title="bbox 1966 1010 3527 1096">
     <span class='ocr_line' id='line_1_69' title="bbox 1966 1010 3527 1096; baseline 0.015 -38"><span class='ocrx_word' id='word_1_544' title='bbox 1966 1021 2068 1075; x_wconf 89' lang='lat' dir='ltr'><strong>que</strong></span> <span class='ocrx_word' id='word_1_545' title='bbox 2096 1010 2393 1079; x_wconf 86' lang='lat' dir='ltr'><strong>stupebant,</strong></span> <span class='ocrx_word' id='word_1_546' title='bbox 2424 1016 2564 1083; x_wconf 92' lang='lat' dir='ltr'><strong>quod</strong></span> <span class='ocrx_word' id='word_1_547' title='bbox 2592 1015 2701 1071; x_wconf 64' lang='lat' dir='ltr'><strong>haec</strong></span> <span class='ocrx_word' id='word_1_548' title='bbox 2724 1017 2937 1075; x_wconf 83' lang='lat' dir='ltr'><strong>doceret</strong></span> <span class='ocrx_word' id='word_1_549' title='bbox 2963 1036 3055 1078; x_wconf 89' lang='lat' dir='ltr'><strong>eos</strong></span> <span class='ocrx_word' id='word_1_550' title='bbox 3101 1024 3259 1091; x_wconf 80' lang='lat' dir='ltr'><strong>Quasi</strong></span> <span class='ocrx_word' id='word_1_551' title='bbox 3306 1037 3527 1096; x_wconf 83' lang='lat' dir='ltr'><strong>potesta-</strong></span> 
     </span>
    </p>
   </div>
   <div class='ocr_carea' id='block_1_70' title="bbox 1967 1101 3526 1186">
    <p class='ocr_par' dir='ltr' id='par_1_70' title="bbox 1967 1101 3526 1186">
     <span class='ocr_line' id='line_1_70' title="bbox 1967 1101 3526 1186; baseline 0.015 -36"><span class='ocrx_word' id='word_1_552' title='bbox 1967 1108 2063 1151; x_wconf 89' lang='lat' dir='ltr'><strong>tem</strong></span> <span class='ocrx_word' id='word_1_553' title='bbox 2084 1101 2287 1169; x_wconf 79' lang='lat' dir='ltr'><strong>habens,</strong></span> <span class='ocrx_word' id='word_1_554' title='bbox 2317 1115 2362 1157; x_wconf 83' lang='lat' dir='ltr'><strong>et</strong></span> <span class='ocrx_word' id='word_1_555' title='bbox 2387 1122 2485 1158; x_wconf 88' lang='lat' dir='ltr'><strong>non</strong></span> <span class='ocrx_word' id='word_1_556' title='bbox 2507 1107 2632 1159; x_wconf 81' lang='lat' dir='ltr'><strong>sicut</strong></span> <span class='ocrx_word' id='word_1_557' title='bbox 2657 1110 2832 1162; x_wconf 69' lang='lat' dir='ltr'><strong>scribat</strong></span> <span class='ocrx_word' id='word_1_558' title='bbox 2855 1119 2903 1164; x_wconf 85' lang='lat' dir='ltr'><strong>et</strong></span> <span class='ocrx_word' id='word_1_559' title='bbox 2941 1111 3191 1168; x_wconf 72' lang='lat' dir='ltr'><strong>Pharisai</strong></span> <span class='ocrx_word' id='word_1_560' title='bbox 3219 1116 3239 1186; x_wconf 90' lang='lat'><strong>(</strong></span> <span class='ocrx_word' id='word_1_561' title='bbox 3263 1117 3446 1171; x_wconf 78' lang='lat' dir='ltr'><strong>Matth.</strong></span> <span class='ocrx_word' id='word_1_562' title='bbox 3476 1120 3526 1174; x_wconf 89' lang='lat'><strong>7.</strong></span> 
     </span>
    </p>
   </div>
   <div class='ocr_carea' id='block_1_71' title="bbox 1964 1186 3529 1270">
    <p class='ocr_par' dir='ltr' id='par_1_71' title="bbox 1964 1186 3529 1270">
     <span class='ocr_line' id='line_1_71' title="bbox 1964 1186 3529 1270; baseline 0.015 -30"><span class='ocrx_word' id='word_1_563' title='bbox 1964 1186 2065 1257; x_wconf 74' lang='lat'><strong>28)</strong></span> <span class='ocrx_word' id='word_1_564' title='bbox 2098 1189 2299 1244; x_wconf 77' lang='lat' dir='ltr'><strong>:Judcei</strong></span> <span class='ocrx_word' id='word_1_565' title='bbox 2330 1203 2641 1262; x_wconf 87' lang='lat' dir='ltr'><strong>potestatem</strong></span> <span class='ocrx_word' id='word_1_566' title='bbox 2672 1200 2785 1266; x_wconf 87' lang='lat' dir='ltr'><strong>ejus</strong></span> <span class='ocrx_word' id='word_1_567' title='bbox 2825 1202 3198 1270; x_wconf 80' lang='lat' dir='ltr'><strong>testificantur;</strong></span> <span class='ocrx_word' id='word_1_568' title='bbox 3248 1207 3301 1260; x_wconf 88' lang='lat' dir='ltr'><strong>hi</strong></span> <span class='ocrx_word' id='word_1_569' title='bbox 3346 1210 3529 1263; x_wconf 78' lang='lat' dir='ltr'><strong>testifi-</strong></span> 
     </span>
    </p>
   </div>
   <div class='ocr_carea' id='block_1_72' title="bbox 1964 1280 3523 1366">
    <p class='ocr_par' dir='ltr' id='par_1_72' title="bbox 1964 1280 3523 1366">
     <span class='ocr_line' id='line_1_72' title="bbox 1964 1280 3523 1366; baseline 0.017 -38"><span class='ocrx_word' id='word_1_570' title='bbox 1964 1286 2151 1366; x_wconf 83' lang='lat' dir='ltr'><strong>cantur</strong></span> <span class='ocrx_word' id='word_1_571' title='bbox 2175 1280 2341 1348; x_wconf 87' lang='lat' dir='ltr'><strong>ipsum</strong></span> <span class='ocrx_word' id='word_1_572' title='bbox 2370 1297 2397 1335; x_wconf 91' lang='lat' dir='ltr'><strong>a</strong></span> <span class='ocrx_word' id='word_1_573' title='bbox 2445 1298 2502 1339; x_wconf 85' lang='lat' dir='ltr'><strong>se</strong></span> <span class='ocrx_word' id='word_1_574' title='bbox 2539 1286 2669 1340; x_wconf 91' lang='lat' dir='ltr'><strong>nihil</strong></span> <span class='ocrx_word' id='word_1_575' title='bbox 2716 1303 2890 1356; x_wconf 90' lang='lat' dir='ltr'><strong>posse.</strong></span> <span class='ocrx_word' id='word_1_576' title='bbox 2923 1290 3105 1362; x_wconf 83' lang='lat' dir='ltr'><strong>Neque</strong></span> <span class='ocrx_word' id='word_1_577' title='bbox 3146 1296 3388 1353; x_wconf 88' lang='lat' dir='ltr'><strong>dixerunt</strong></span> <span class='ocrx_word' id='word_1_578' title='bbox 3417 1301 3523 1366; x_wconf 92' lang='lat' dir='ltr'><strong>illi,</strong></span> 
     </span>
    </p>
   </div>
   <div class='ocr_carea' id='block_1_73' title="bbox 1964 1365 3525 1457">
    <p class='ocr_par' dir='ltr' id='par_1_73' title="bbox 1964 1365 3525 1457">
     <span class='ocr_line' id='line_1_73' title="bbox 1964 1365 3525 1457; baseline 0.018 -41"><span class='ocrx_word' id='word_1_579' title='bbox 1964 1365 2120 1457; x_wconf 89' lang='lat' dir='ltr'><strong>Quasi</strong></span> <span class='ocrx_word' id='word_1_580' title='bbox 2164 1378 2476 1437; x_wconf 90' lang='lat' dir='ltr'><strong>potestatem</strong></span> <span class='ocrx_word' id='word_1_581' title='bbox 2532 1374 2826 1443; x_wconf 81' lang='lat' dir='ltr'><strong>habiturus,</strong></span> <span class='ocrx_word' id='word_1_582' title='bbox 2862 1380 2974 1445; x_wconf 86' lang='lat' dir='ltr'><strong>sed,</strong></span> <span class='ocrx_word' id='word_1_583' title='bbox 3032 1383 3190 1446; x_wconf 75' lang='lat' dir='ltr'><strong>Quasi</strong></span> <span class='ocrx_word' id='word_1_584' title='bbox 3238 1365 3525 1457; x_wconf 80' lang='lat' dir='ltr'><strong>potestatem</strong></span> 
     </span>
    </p>
   </div>
   <div class='ocr_carea' id='block_1_74' title="bbox 1963 1455 3525 1544">
    <p class='ocr_par' dir='ltr' id='par_1_74' title="bbox 1963 1455 3525 1544">
     <span class='ocr_line' id='line_1_74' title="bbox 1963 1455 3525 1544; baseline 0.02 -39"><span class='ocrx_word' id='word_1_585' title='bbox 1963 1455 2163 1511; x_wconf 80' lang='lat' dir='ltr'><strong>habens.</strong></span> <span class='ocrx_word' id='word_1_586' title='bbox 2190 1459 2301 1512; x_wconf 85' lang='lat' dir='ltr'><strong>Non</strong></span> <span class='ocrx_word' id='word_1_587' title='bbox 2326 1462 2465 1515; x_wconf 81' lang='lat' dir='ltr'><strong>enim</strong></span> <span class='ocrx_word' id='word_1_588' title='bbox 2489 1474 2667 1532; x_wconf 90' lang='lat' dir='ltr'><strong>postea</strong></span> <span class='ocrx_word' id='word_1_589' title='bbox 2688 1467 2801 1521; x_wconf 66' lang='lat' dir='ltr'><strong>haec</strong></span> <span class='ocrx_word' id='word_1_590' title='bbox 2822 1470 2894 1523; x_wconf 90' lang='lat' dir='ltr'><strong>illi</strong></span> <span class='ocrx_word' id='word_1_591' title='bbox 2913 1481 3142 1538; x_wconf 88' lang='lat' dir='ltr'><strong>potestas</strong></span> <span class='ocrx_word' id='word_1_592' title='bbox 3162 1455 3401 1544; x_wconf 77' lang='lat' dir='ltr'><strong>accessit,</strong></span> <span class='ocrx_word' id='word_1_593' title='bbox 3433 1483 3525 1535; x_wconf 91' lang='lat' dir='ltr'><strong>scd</strong></span> 
     </span>
    </p>
   </div>
   <div class='ocr_carea' id='block_1_75' title="bbox 1962 1546 3524 1628">
    <p class='ocr_par' dir='ltr' id='par_1_75' title="bbox 1962 1546 3524 1628">
     <span class='ocr_line' id='line_1_75' title="bbox 1962 1546 3524 1628; baseline 0.019 -30"><span class='ocrx_word' id='word_1_594' title='bbox 1962 1546 2193 1613; x_wconf 87' lang='lat' dir='ltr'><strong>perfecta</strong></span> <span class='ocrx_word' id='word_1_595' title='bbox 2232 1553 2459 1617; x_wconf 88' lang='lat' dir='ltr'><strong>potentia</strong></span> <span class='ocrx_word' id='word_1_596' title='bbox 2499 1563 2616 1608; x_wconf 89' lang='lat' dir='ltr'><strong>erat</strong></span> <span class='ocrx_word' id='word_1_597' title='bbox 2657 1557 2802 1610; x_wconf 89' lang='lat' dir='ltr'><strong>nullo</strong></span> <span class='ocrx_word' id='word_1_598' title='bbox 2850 1574 3030 1628; x_wconf 85' lang='lat' dir='ltr'><strong>egens.</strong></span> <span class='ocrx_word' id='word_1_599' title='bbox 3060 1562 3411 1628; x_wconf 88' lang='lat' dir='ltr'><strong>Quamobrem</strong></span> <span class='ocrx_word' id='word_1_600' title='bbox 3459 1571 3524 1627; x_wconf 85' lang='lat' dir='ltr'><strong>de</strong></span> 
     </span>
    </p>
   </div>
   <div class='ocr_carea' id='block_1_76' title="bbox 1960 1638 3521 1718">
    <p class='ocr_par' dir='ltr' id='par_1_76' title="bbox 1960 1638 3521 1718">
     <span class='ocr_line' id='line_1_76' title="bbox 1960 1638 3521 1718; baseline 0.017 -31"><span class='ocrx_word' id='word_1_601' title='bbox 1960 1651 2121 1705; x_wconf 86' lang='lat' dir='ltr'><strong>regno</strong></span> <span class='ocrx_word' id='word_1_602' title='bbox 2152 1638 2501 1708; x_wconf 86' lang='lat' dir='ltr'><strong>interrogatus</strong></span> <span class='ocrx_word' id='word_1_603' title='bbox 2542 1644 2749 1699; x_wconf 89' lang='lat' dir='ltr'><strong>dicebat</strong></span> <span class='ocrx_word' id='word_1_604' title='bbox 2781 1665 2794 1700; x_wconf 94' lang='lat'><strong>:</strong></span> <span class='ocrx_word' id='word_1_605' title='bbox 2834 1647 2944 1718; x_wconf 80' lang='lat' dir='ltr'><strong>Ego</strong></span> <span class='ocrx_word' id='word_1_606' title='bbox 2989 1652 3044 1704; x_wconf 87' lang='lat' dir='ltr'><strong>in</strong></span> <span class='ocrx_word' id='word_1_607' title='bbox 3086 1653 3179 1707; x_wconf 81' lang='lat' dir='ltr'><strong>hoc</strong></span> <span class='ocrx_word' id='word_1_608' title='bbox 3219 1665 3366 1711; x_wconf 87' lang='lat' dir='ltr'><strong>natus</strong></span> <span class='ocrx_word' id='word_1_609' title='bbox 3411 1675 3521 1713; x_wconf 83' lang='lat' dir='ltr'><strong>sum</strong></span> 
     </span>
    </p>
   </div>
   <div class='ocr_carea' id='block_1_77' title="bbox 1960 1723 3517 1818">
    <p class='ocr_par' dir='ltr' id='par_1_77' title="bbox 1960 1723 3517 1818">
     <span class='ocr_line' id='line_1_77' title="bbox 1960 1723 3517 1818; baseline 0.019 -42"><span class='ocrx_word' id='word_1_610' title='bbox 1960 1723 2147 1795; x_wconf 83' lang='lat' dir='ltr'><strong>(Joan.</strong></span> <span class='ocrx_word' id='word_1_611' title='bbox 2177 1729 2265 1784; x_wconf 88' lang='grc'><strong>18.</strong></span> <span class='ocrx_word' id='word_1_612' title='bbox 2313 1731 2436 1799; x_wconf 82' lang='grc'><strong>57).</strong></span> <span class='ocrx_word' id='word_1_613' title='bbox 2467 1732 2693 1788; x_wconf 85' lang='lat' dir='ltr'><strong>Rursum</strong></span> <span class='ocrx_word' id='word_1_614' title='bbox 2719 1737 2924 1793; x_wconf 87' lang='lat' dir='ltr'><strong>oblatus</strong></span> <span class='ocrx_word' id='word_1_615' title='bbox 2948 1749 3028 1795; x_wconf 89' lang='lat' dir='ltr'><strong>est</strong></span> <span class='ocrx_word' id='word_1_616' title='bbox 3073 1744 3120 1798; x_wconf 91' lang='lat' dir='ltr'><strong>ei</strong></span> <span class='ocrx_word' id='word_1_617' title='bbox 3172 1748 3484 1818; x_wconf 84' lang='lat' dir='ltr'><strong>paralyticos</strong></span> <span class='ocrx_word' id='word_1_618' title='bbox 3504 1795 3517 1815; x_wconf 87' lang='lat'><strong>,</strong></span> 
     </span>
    </p>
   </div>
   <div class='ocr_carea' id='block_1_78' title="bbox 1954 1818 3518 1897">
    <p class='ocr_par' dir='ltr' id='par_1_78' title="bbox 1954 1818 3518 1897">
     <span class='ocr_line' id='line_1_78' title="bbox 1954 1818 3518 1897; baseline 0.015 -26"><span class='ocrx_word' id='word_1_619' title='bbox 1954 1822 2116 1885; x_wconf 87' lang='lat' dir='ltr'><strong>atque</strong></span> <span class='ocrx_word' id='word_1_620' title='bbox 2131 1818 2561 1894; x_wconf 79' lang='lat' dir='ltr'><strong>dixit,postquam</strong></span> <span class='ocrx_word' id='word_1_621' title='bbox 2579 1838 2793 1896; x_wconf 91' lang='lat' dir='ltr'><strong>peccata</strong></span> <span class='ocrx_word' id='word_1_622' title='bbox 2806 1828 2920 1897; x_wconf 89' lang='lat' dir='ltr'><strong>ejus</strong></span> <span class='ocrx_word' id='word_1_623' title='bbox 2931 1840 3237 1888; x_wconf 86' lang='lat' dir='ltr'><strong>curaverat:</strong></span> <span class='ocrx_word' id='word_1_624' title='bbox 3264 1834 3330 1889; x_wconf 85' lang='lat' dir='ltr'><strong>Ut</strong></span> <span class='ocrx_word' id='word_1_625' title='bbox 3357 1851 3518 1894; x_wconf 86' lang='lat' dir='ltr'><strong>autem</strong></span> 
     </span>
    </p>
   </div>
   <div class='ocr_carea' id='block_1_79' title="bbox 1957 1906 3518 1986">
    <p class='ocr_par' dir='ltr' id='par_1_79' title="bbox 1957 1906 3518 1986">
     <span class='ocr_line' id='line_1_79' title="bbox 1957 1906 3518 1986; baseline 0.017 -29"><span class='ocrx_word' id='word_1_626' title='bbox 1957 1906 2146 1971; x_wconf 77' lang='lat' dir='ltr'><strong>sciatis,</strong></span> <span class='ocrx_word' id='word_1_627' title='bbox 2169 1908 2284 1975; x_wconf 91' lang='lat' dir='ltr'><strong>quia</strong></span> <span class='ocrx_word' id='word_1_628' title='bbox 2305 1907 2469 1963; x_wconf 86' lang='lat' dir='ltr'><strong>Filius</strong></span> <span class='ocrx_word' id='word_1_629' title='bbox 2489 1911 2702 1966; x_wconf 83' lang='lat' dir='ltr'><strong>hominis</strong></span> <span class='ocrx_word' id='word_1_630' title='bbox 2744 1916 2888 1969; x_wconf 80' lang='lat' dir='ltr'><strong>habet</strong></span> <span class='ocrx_word' id='word_1_631' title='bbox 2909 1908 3197 1986; x_wconf 84' lang='lat' dir='ltr'><strong>potestatem</strong></span> <span class='ocrx_word' id='word_1_632' title='bbox 3242 1927 3518 1983; x_wconf 81' lang='lat' dir='ltr'><strong>dimittendi</strong></span> 
     </span>
    </p>
   </div>
   <div class='ocr_carea' id='block_1_80' title="bbox 1956 1998 3515 2076">
    <p class='ocr_par' dir='ltr' id='par_1_80' title="bbox 1956 1998 3515 2076">
     <span class='ocr_line' id='line_1_80' title="bbox 1956 1998 3515 2076; baseline 0.017 -30"><span class='ocrx_word' id='word_1_633' title='bbox 1956 2006 2158 2061; x_wconf 85' lang='lat' dir='ltr'><strong>peccata</strong></span> <span class='ocrx_word' id='word_1_634' title='bbox 2186 1998 2238 2049; x_wconf 88' lang='lat' dir='ltr'><strong>in</strong></span> <span class='ocrx_word' id='word_1_635' title='bbox 2266 2008 2415 2062; x_wconf 75' lang='lat' dir='ltr'><strong>terra,</strong></span> <span class='ocrx_word' id='word_1_636' title='bbox 2448 2002 2518 2052; x_wconf 85' lang='lat' dir='ltr'><strong>ait</strong></span> <span class='ocrx_word' id='word_1_637' title='bbox 2556 2003 2633 2054; x_wconf 85' lang='lat' dir='ltr'><strong>illi</strong></span> <span class='ocrx_word' id='word_1_638' title='bbox 2673 2020 2692 2056; x_wconf 91' lang='lat'><strong><em>:</em></strong></span> <span class='ocrx_word' id='word_1_639' title='bbox 2724 2004 2863 2059; x_wconf 79' lang='lat' dir='ltr'><strong>Tolle</strong></span> <span class='ocrx_word' id='word_1_640' title='bbox 2890 2008 3090 2076; x_wconf 84' lang='lat' dir='ltr'><strong>lectum,</strong></span> <span class='ocrx_word' id='word_1_641' title='bbox 3128 2023 3173 2066; x_wconf 87' lang='lat' dir='ltr'><strong>et</strong></span> <span class='ocrx_word' id='word_1_642' title='bbox 3202 2016 3324 2069; x_wconf 85' lang='lat' dir='ltr'><strong>vade</strong></span> <span class='ocrx_word' id='word_1_643' title='bbox 3347 2018 3399 2071; x_wconf 86' lang='lat' dir='ltr'><strong>in</strong></span> <span class='ocrx_word' id='word_1_644' title='bbox 3427 2024 3515 2072; x_wconf 86' lang='lat' dir='ltr'><strong>do-</strong></span> 
     </span>
    </p>
   </div>
   <div class='ocr_carea' id='block_1_81' title="bbox 1954 2087 3513 2175">
    <p class='ocr_par' dir='ltr' id='par_1_81' title="bbox 1954 2087 3513 2175">
     <span class='ocr_line' id='line_1_81' title="bbox 1954 2087 3513 2175; baseline 0.017 -40"><span class='ocrx_word' id='word_1_645' title='bbox 1954 2100 2087 2136; x_wconf 89' lang='lat' dir='ltr'><strong>mum</strong></span> <span class='ocrx_word' id='word_1_646' title='bbox 2114 2094 2246 2137; x_wconf 89' lang='lat' dir='ltr'><strong>tuam</strong></span> <span class='ocrx_word' id='word_1_647' title='bbox 2272 2087 2485 2155; x_wconf 81' lang='lat' dir='ltr'><strong>(Matth.</strong></span> <span class='ocrx_word' id='word_1_648' title='bbox 2506 2090 2559 2144; x_wconf 87' lang='lat'><strong>9.</strong></span> <span class='ocrx_word' id='word_1_649' title='bbox 2588 2090 2676 2161; x_wconf 90' lang='lat'><strong>6).</strong></span> <span class='ocrx_word' id='word_1_650' title='bbox 2708 2094 3142 2167; x_wconf 88' lang='lat' dir='ltr'><strong>Vulgusdicebat,</strong></span> <span class='ocrx_word' id='word_1_651' title='bbox 3170 2103 3341 2172; x_wconf 90' lang='lat' dir='ltr'><strong>ipsum</strong></span> <span class='ocrx_word' id='word_1_652' title='bbox 3365 2111 3513 2175; x_wconf 86' lang='lat' dir='ltr'><strong>quasi</strong></span> 
     </span>
    </p>
   </div>
   <div class='ocr_carea' id='block_1_82' title="bbox 1954 2179 3511 2258">
    <p class='ocr_par' dir='ltr' id='par_1_82' title="bbox 1954 2179 3511 2258">
     <span class='ocr_line' id='line_1_82' title="bbox 1954 2179 3511 2258; baseline 0.016 -32"><span class='ocrx_word' id='word_1_653' title='bbox 1954 2185 2270 2242; x_wconf 88' lang='lat' dir='ltr'><strong>potestatem</strong></span> <span class='ocrx_word' id='word_1_654' title='bbox 2315 2179 2593 2235; x_wconf 89' lang='lat' dir='ltr'><strong>habentem</strong></span> <span class='ocrx_word' id='word_1_655' title='bbox 2622 2185 2797 2238; x_wconf 93' lang='lat' dir='ltr'><strong>omnia</strong></span> <span class='ocrx_word' id='word_1_656' title='bbox 2826 2186 2997 2242; x_wconf 89' lang='lat' dir='ltr'><strong>facere</strong></span> <span class='ocrx_word' id='word_1_657' title='bbox 3030 2190 3182 2258; x_wconf 87' lang='lat' dir='ltr'><strong>:ipse</strong></span> <span class='ocrx_word' id='word_1_658' title='bbox 3226 2209 3371 2250; x_wconf 90' lang='lat' dir='ltr'><strong>vero.</strong></span> <span class='ocrx_word' id='word_1_659' title='bbox 3421 2197 3511 2250; x_wconf 87' lang='lat' dir='ltr'><strong>Fi-</strong></span> 
     </span>
    </p>
   </div>
   <div class='ocr_carea' id='block_1_83' title="bbox 1953 2264 3511 2353">
    <p class='ocr_par' dir='ltr' id='par_1_83' title="bbox 1953 2264 3511 2353">
     <span class='ocr_line' id='line_1_83' title="bbox 1953 2264 3511 2353; baseline 0.017 -37"><span class='ocrx_word' id='word_1_660' title='bbox 1953 2264 2078 2317; x_wconf 90' lang='lat' dir='ltr'><strong>lium</strong></span> <span class='ocrx_word' id='word_1_661' title='bbox 2107 2266 2337 2321; x_wconf 91' lang='lat' dir='ltr'><strong>hominis</strong></span> <span class='ocrx_word' id='word_1_662' title='bbox 2382 2278 2691 2337; x_wconf 89' lang='lat' dir='ltr'><strong>potestatem</strong></span> <span class='ocrx_word' id='word_1_663' title='bbox 2722 2274 2918 2331; x_wconf 87' lang='lat' dir='ltr'><strong>habere</strong></span> <span class='ocrx_word' id='word_1_664' title='bbox 2965 2279 3261 2337; x_wconf 87' lang='lat' dir='ltr'><strong>dimittendi</strong></span> <span class='ocrx_word' id='word_1_665' title='bbox 3301 2300 3511 2353; x_wconf 84' lang='lat' dir='ltr'><strong>peccata</strong></span> 
     </span>
    </p>
   </div>
   <div class='ocr_carea' id='block_1_84' title="bbox 1953 2355 3503 2443">
    <p class='ocr_par' dir='ltr' id='par_1_84' title="bbox 1953 2355 3503 2443">
     <span class='ocr_line' id='line_1_84' title="bbox 1953 2355 3503 2443; baseline 0.015 -36"><span class='ocrx_word' id='word_1_666' title='bbox 1953 2355 2005 2407; x_wconf 93' lang='lat' dir='ltr'><strong>in</strong></span> <span class='ocrx_word' id='word_1_667' title='bbox 2033 2364 2198 2421; x_wconf 84' lang='lat' dir='ltr'><strong>terra;</strong></span> <span class='ocrx_word' id='word_1_668' title='bbox 2224 2365 2294 2420; x_wconf 90' lang='lat' dir='ltr'><strong>et,</strong></span> <span class='ocrx_word' id='word_1_669' title='bbox 2329 2356 2627 2414; x_wconf 82' lang='lat' dir='ltr'><strong>Potestatem</strong></span> <span class='ocrx_word' id='word_1_670' title='bbox 2657 2362 2812 2417; x_wconf 89' lang='lat' dir='ltr'><strong>habeo</strong></span> <span class='ocrx_word' id='word_1_671' title='bbox 2834 2370 3048 2433; x_wconf 87' lang='lat' dir='ltr'><strong>ponendi</strong></span> <span class='ocrx_word' id='word_1_672' title='bbox 3076 2372 3293 2425; x_wconf 78' lang='lat' dir='ltr'><strong>animam</strong></span> <span class='ocrx_word' id='word_1_673' title='bbox 3317 2393 3503 2443; x_wconf 86' lang='lat' dir='ltr'><strong>meam,</strong></span> 
     </span>
    </p>
   </div>
   <div class='ocr_carea' id='block_1_85' title="bbox 1952 2449 3509 2534">
    <p class='ocr_par' dir='ltr' id='par_1_85' title="bbox 1952 2449 3509 2534">
     <span class='ocr_line' id='line_1_85' title="bbox 1952 2449 3509 2534; baseline 0.017 -38"><span class='ocrx_word' id='word_1_674' title='bbox 1952 2453 1995 2496; x_wconf 88' lang='lat' dir='ltr'><strong>et</strong></span> <span class='ocrx_word' id='word_1_675' title='bbox 2045 2456 2331 2513; x_wconf 85' lang='lat' dir='ltr'><strong>potestatem</strong></span> <span class='ocrx_word' id='word_1_676' title='bbox 2372 2449 2526 2502; x_wconf 88' lang='lat' dir='ltr'><strong>habeo</strong></span> <span class='ocrx_word' id='word_1_677' title='bbox 2572 2454 2799 2505; x_wconf 81' lang='lat' dir='ltr'><strong>sumendi</strong></span> <span class='ocrx_word' id='word_1_678' title='bbox 2847 2472 2961 2507; x_wconf 85' lang='lat' dir='ltr'><strong>eam</strong></span> <span class='ocrx_word' id='word_1_679' title='bbox 3002 2457 3189 2528; x_wconf 83' lang='lat' dir='ltr'><strong>(Joan.</strong></span> <span class='ocrx_word' id='word_1_680' title='bbox 3242 2463 3329 2517; x_wconf 90' lang='grc'><strong>10.</strong></span> <span class='ocrx_word' id='word_1_681' title='bbox 3385 2467 3509 2534; x_wconf 88' lang='grc'><strong>18).</strong></span> 
     </span>
    </p>
   </div>
   <div class='ocr_carea' id='block_1_86' title="bbox 1953 2536 3508 2624">
    <p class='ocr_par' dir='ltr' id='par_1_86' title="bbox 1953 2536 3508 2624">
     <span class='ocr_line' id='line_1_86' title="bbox 1953 2536 3508 2624; baseline 0.016 -37"><span class='ocrx_word' id='word_1_682' title='bbox 1953 2536 2118 2604; x_wconf 81' lang='lat' dir='ltr'><strong>Leges</strong></span> <span class='ocrx_word' id='word_1_683' title='bbox 2162 2537 2264 2591; x_wconf 88' lang='lat' dir='ltr'><strong>fert</strong></span> <span class='ocrx_word' id='word_1_684' title='bbox 2304 2554 2425 2591; x_wconf 91' lang='lat' dir='ltr'><strong>cum</strong></span> <span class='ocrx_word' id='word_1_685' title='bbox 2471 2550 2749 2608; x_wconf 90' lang='lat' dir='ltr'><strong>potestate,</strong></span> <span class='ocrx_word' id='word_1_686' title='bbox 2777 2554 2990 2612; x_wconf 87' lang='lat' dir='ltr'><strong>peccata</strong></span> <span class='ocrx_word' id='word_1_687' title='bbox 3024 2549 3179 2604; x_wconf 83' lang='lat' dir='ltr'><strong>solvit</strong></span> <span class='ocrx_word' id='word_1_688' title='bbox 3206 2566 3324 2607; x_wconf 90' lang='lat' dir='ltr'><strong>cum</strong></span> <span class='ocrx_word' id='word_1_689' title='bbox 3360 2565 3508 2624; x_wconf 85' lang='lat' dir='ltr'><strong>pote—</strong></span> 
     </span>
    </p>
   </div>
   <div class='ocr_carea' id='block_1_87' title="bbox 1951 2627 3511 2712">
    <p class='ocr_par' dir='ltr' id='par_1_87' title="bbox 1951 2627 3511 2712">
     <span class='ocr_line' id='line_1_87' title="bbox 1951 2627 3511 2712; baseline 0.017 -37"><span class='ocrx_word' id='word_1_690' title='bbox 1951 2636 2084 2680; x_wconf 73' lang='lat' dir='ltr'><strong>svate</strong></span> <span class='ocrx_word' id='word_1_691' title='bbox 2103 2666 2116 2686; x_wconf 92' lang='lat'><strong>.</strong></span> <span class='ocrx_word' id='word_1_692' title='bbox 2146 2627 2330 2681; x_wconf 89' lang='lat' dir='ltr'><strong>mortis</strong></span> <span class='ocrx_word' id='word_1_693' title='bbox 2358 2638 2411 2681; x_wconf 90' lang='lat' dir='ltr'><strong>et</strong></span> <span class='ocrx_word' id='word_1_694' title='bbox 2440 2629 2560 2683; x_wconf 86' lang='lat' dir='ltr'><strong>vitae</strong></span> <span class='ocrx_word' id='word_1_695' title='bbox 2601 2641 2910 2699; x_wconf 85' lang='lat' dir='ltr'><strong>potestatem</strong></span> <span class='ocrx_word' id='word_1_696' title='bbox 2950 2636 3135 2703; x_wconf 87' lang='lat' dir='ltr'><strong>habet,</strong></span> <span class='ocrx_word' id='word_1_697' title='bbox 3164 2651 3216 2695; x_wconf 90' lang='lat' dir='ltr'><strong>et</strong></span> <span class='ocrx_word' id='word_1_698' title='bbox 3247 2647 3511 2712; x_wconf 87' lang='lat' dir='ltr'><strong>quomodo</strong></span> 
     </span>
    </p>
   </div>
   <div class='ocr_carea' id='block_1_88' title="bbox 1950 2714 3509 2805">
    <p class='ocr_par' dir='ltr' id='par_1_88' title="bbox 1950 2714 3509 2805">
     <span class='ocr_line' id='line_1_88' title="bbox 1950 2714 3509 2805; baseline 0.015 -39"><span class='ocrx_word' id='word_1_699' title='bbox 1950 2714 2103 2776; x_wconf 71' lang='lat' dir='ltr'><strong>dicis,</strong></span> <span class='ocrx_word' id='word_1_700' title='bbox 2124 2717 2291 2784; x_wconf 87' lang='lat' dir='ltr'><strong>ipsum</strong></span> <span class='ocrx_word' id='word_1_701' title='bbox 2321 2732 2348 2770; x_wconf 90' lang='lat' dir='ltr'><strong>a</strong></span> <span class='ocrx_word' id='word_1_702' title='bbox 2387 2721 2561 2787; x_wconf 85' lang='lat' dir='ltr'><strong>seipse</strong></span> <span class='ocrx_word' id='word_1_703' title='bbox 2600 2721 2729 2774; x_wconf 91' lang='lat' dir='ltr'><strong>nihil</strong></span> <span class='ocrx_word' id='word_1_704' title='bbox 2772 2718 3102 2782; x_wconf 78' lang='lat' dir='ltr'><strong>facere?llac</strong></span> <span class='ocrx_word' id='word_1_705' title='bbox 3131 2730 3344 2787; x_wconf 87' lang='lat' dir='ltr'><strong>victoria</strong></span> <span class='ocrx_word' id='word_1_706' title='bbox 3387 2739 3509 2805; x_wconf 88' lang='lat' dir='ltr'><strong>quid</strong></span> 
     </span>
    </p>
   </div>
   <div class='ocr_carea' id='block_1_89' title="bbox 1953 2805 2314 2858">
    <p class='ocr_par' dir='ltr' id='par_1_89' title="bbox 1953 2805 2314 2858">
     <span class='ocr_line' id='line_1_89' title="bbox 1953 2805 2314 2858; baseline 0.008 -3"><span class='ocrx_word' id='word_1_707' title='bbox 1953 2805 2314 2858; x_wconf 73' lang='lat' dir='ltr'><strong>manifestius?</strong></span> 
     </span>
    </p>
   </div>
   <div class='ocr_carea' id='block_1_90' title="bbox 2028 2898 3516 2975">
    <p class='ocr_par' dir='ltr' id='par_1_90' title="bbox 2028 2898 3516 2975">
     <span class='ocr_line' id='line_1_90' title="bbox 2028 2898 3516 2975; baseline 0.006 -24"><span class='ocrx_word' id='word_1_708' title='bbox 2028 2898 2079 2952; x_wconf 90' lang='lat'><strong>6.</strong></span> <span class='ocrx_word' id='word_1_709' title='bbox 2095 2900 2428 2970; x_wconf 80' lang='lat' dir='ltr'><strong>Difﬁcultatis</strong></span> <span class='ocrx_word' id='word_1_710' title='bbox 2439 2902 2644 2960; x_wconf 87' lang='lat' dir='ltr'><strong>solutio,</strong></span> <span class='ocrx_word' id='word_1_711' title='bbox 2663 2912 2708 2955; x_wconf 88' lang='lat' dir='ltr'><strong>et</strong></span> <span class='ocrx_word' id='word_1_712' title='bbox 2721 2904 2843 2956; x_wconf 83' lang='lat' dir='ltr'><strong>dicti</strong></span> <span class='ocrx_word' id='word_1_713' title='bbox 2860 2905 3139 2975; x_wconf 83' lang='lat' dir='ltr'><strong>evangelici</strong></span> <span class='ocrx_word' id='word_1_714' title='bbox 3151 2908 3516 2972; x_wconf 75' lang='lat' dir='ltr'><strong>explicatio.—</strong></span> 
     </span>
    </p>
   </div>
   <div class='ocr_carea' id='block_1_91' title="bbox 1958 2988 3515 3064">
    <p class='ocr_par' dir='ltr' id='par_1_91' title="bbox 1958 2988 3515 3064">
     <span class='ocr_line' id='line_1_91' title="bbox 1958 2988 3515 3064; baseline 0.008 -22"><span class='ocrx_word' id='word_1_715' title='bbox 1958 2988 2065 3043; x_wconf 92' lang='lat' dir='ltr'><strong>Sed</strong></span> <span class='ocrx_word' id='word_1_716' title='bbox 2093 2992 2136 3043; x_wconf 91' lang='lat' dir='ltr'><strong>si</strong></span> <span class='ocrx_word' id='word_1_717' title='bbox 2161 2991 2336 3044; x_wconf 89' lang='lat' dir='ltr'><strong>velitis</strong></span> <span class='ocrx_word' id='word_1_718' title='bbox 2364 2992 2636 3060; x_wconf 90' lang='lat' dir='ltr'><strong>deinceps,</strong></span> <span class='ocrx_word' id='word_1_719' title='bbox 2669 2993 2735 3046; x_wconf 91' lang='lat' dir='ltr'><strong>ab</strong></span> <span class='ocrx_word' id='word_1_720' title='bbox 2766 2994 3035 3048; x_wconf 72' lang='lat' dir='ltr'><strong>haareticis</strong></span> <span class='ocrx_word' id='word_1_721' title='bbox 3067 2997 3318 3064; x_wconf 88' lang='lat' dir='ltr'><strong>expediti,</strong></span> <span class='ocrx_word' id='word_1_722' title='bbox 3358 3000 3515 3055; x_wconf 91' lang='lat' dir='ltr'><strong>dictis</strong></span> 
     </span>
    </p>
   </div>
   <div class='ocr_carea' id='block_1_92' title="bbox 1948 3078 3502 3157">
    <p class='ocr_par' dir='ltr' id='par_1_92' title="bbox 1948 3078 3502 3157">
     <span class='ocr_line' id='line_1_92' title="bbox 1948 3078 3502 3157; baseline 0.01 -28"><span class='ocrx_word' id='word_1_723' title='bbox 1948 3078 2261 3132; x_wconf 77' lang='lat' dir='ltr'><strong>snlutionem</strong></span> <span class='ocrx_word' id='word_1_724' title='bbox 2289 3080 2567 3134; x_wconf 77' lang='lat' dir='ltr'><strong>offeramus</strong></span> <span class='ocrx_word' id='word_1_725' title='bbox 2596 3098 2608 3133; x_wconf 91' lang='lat'><strong>:</strong></span> <span class='ocrx_word' id='word_1_726' title='bbox 2643 3083 2969 3151; x_wconf 90' lang='lat' dir='ltr'><strong>primumque</strong></span> <span class='ocrx_word' id='word_1_727' title='bbox 3010 3102 3313 3153; x_wconf 88' lang='lat' dir='ltr'><strong>monemus,</strong></span> <span class='ocrx_word' id='word_1_728' title='bbox 3358 3090 3502 3157; x_wconf 88' lang='lat' dir='ltr'><strong>illud,</strong></span> 
     </span>
    </p>
   </div>
   <div class='ocr_carea' id='block_1_93' title="bbox 1952 3168 3507 3244">
    <p class='ocr_par' dir='ltr' id='par_1_93' title="bbox 1952 3168 3507 3244">
     <span class='ocr_line' id='line_1_93' title="bbox 1952 3168 3507 3244; baseline 0.01 -25"><span class='ocrx_word' id='word_1_729' title='bbox 1952 3168 2069 3220; x_wconf 85' lang='lat' dir='ltr'><strong>Non</strong></span> <span class='ocrx_word' id='word_1_730' title='bbox 2112 3178 2285 3237; x_wconf 82' lang='lat' dir='ltr'><strong>potest,</strong></span> <span class='ocrx_word' id='word_1_731' title='bbox 2317 3171 2383 3223; x_wconf 91' lang='lat' dir='ltr'><strong>de</strong></span> <span class='ocrx_word' id='word_1_732' title='bbox 2422 3172 2529 3223; x_wconf 84' lang='lat' dir='ltr'><strong>Deo</strong></span> <span class='ocrx_word' id='word_1_733' title='bbox 2572 3172 2787 3234; x_wconf 90' lang='lat' dir='ltr'><strong>dictum,</strong></span> <span class='ocrx_word' id='word_1_734' title='bbox 2836 3188 2938 3227; x_wconf 91' lang='lat' dir='ltr'><strong>non</strong></span> <span class='ocrx_word' id='word_1_735' title='bbox 2983 3175 3374 3244; x_wconf 88' lang='lat' dir='ltr'><strong>imbecillitatis,</strong></span> <span class='ocrx_word' id='word_1_736' title='bbox 3414 3183 3507 3235; x_wconf 89' lang='lat' dir='ltr'><strong>scd</strong></span> 
     </span>
    </p>
   </div>
   <div class='ocr_carea' id='block_1_94' title="bbox 1948 3261 3509 3326">
    <p class='ocr_par' dir='ltr' id='par_1_94' title="bbox 1948 3261 3509 3326">
     <span class='ocr_line' id='line_1_94' title="bbox 1948 3261 3509 3326; baseline 0.011 -19"><span class='ocrx_word' id='word_1_737' title='bbox 1948 3261 2192 3326; x_wconf 64' lang='lat' dir='ltr'><strong>potentiae</strong></span> <span class='ocrx_word' id='word_1_738' title='bbox 2221 3268 2584 3326; x_wconf 80' lang='lat' dir='ltr'><strong>argumentum</strong></span> <span class='ocrx_word' id='word_1_739' title='bbox 2617 3275 2751 3314; x_wconf 88' lang='lat' dir='ltr'><strong>esse.</strong></span> <span class='ocrx_word' id='word_1_740' title='bbox 2781 3261 2893 3316; x_wconf 86' lang='lat' dir='ltr'><strong>Hoc</strong></span> <span class='ocrx_word' id='word_1_741' title='bbox 2923 3262 3045 3317; x_wconf 89' lang='lat' dir='ltr'><strong>licet</strong></span> <span class='ocrx_word' id='word_1_742' title='bbox 3070 3280 3261 3320; x_wconf 90' lang='lat' dir='ltr'><strong>novum</strong></span> <span class='ocrx_word' id='word_1_743' title='bbox 3288 3267 3509 3324; x_wconf 88' lang='lat' dir='ltr'><strong>fortasse</strong></span> 
     </span>
    </p>
   </div>
   <div class='ocr_carea' id='block_1_95' title="bbox 1947 3346 3509 3411">
    <p class='ocr_par' dir='ltr' id='par_1_95' title="bbox 1947 3346 3509 3411">
     <span class='ocr_line' id='line_1_95' title="bbox 1947 3346 3509 3411; baseline 0.009 -13"><span class='ocrx_word' id='word_1_744' title='bbox 1947 3346 2203 3408; x_wconf 87' lang='lat' dir='ltr'><strong>videatur,</strong></span> <span class='ocrx_word' id='word_1_745' title='bbox 2245 3356 2298 3400; x_wconf 93' lang='lat' dir='ltr'><strong>at</strong></span> <span class='ocrx_word' id='word_1_746' title='bbox 2326 3348 2472 3400; x_wconf 89' lang='lat' dir='ltr'><strong>vobis</strong></span> <span class='ocrx_word' id='word_1_747' title='bbox 2509 3350 2702 3401; x_wconf 88' lang='lat' dir='ltr'><strong>claram</strong></span> <span class='ocrx_word' id='word_1_748' title='bbox 2732 3350 2807 3402; x_wconf 87' lang='lat' dir='ltr'><strong>rei</strong></span> <span class='ocrx_word' id='word_1_749' title='bbox 2850 3351 3347 3410; x_wconf 81' lang='lat' dir='ltr'><strong>demonstrationem</strong></span> <span class='ocrx_word' id='word_1_750' title='bbox 3377 3358 3509 3411; x_wconf 73' lang='lat' dir='ltr'><strong>atie-</strong></span> 
     </span>
    </p>
   </div>
   <div class='ocr_carea' id='block_1_96' title="bbox 1948 3436 3507 3509">
    <p class='ocr_par' dir='ltr' id='par_1_96' title="bbox 1948 3436 3507 3509">
     <span class='ocr_line' id='line_1_96' title="bbox 1948 3436 3507 3509; baseline 0.006 -20"><span class='ocrx_word' id='word_1_751' title='bbox 1948 3452 2141 3489; x_wconf 84' lang='lat' dir='ltr'><strong>remus.</strong></span> <span class='ocrx_word' id='word_1_752' title='bbox 2172 3436 2225 3490; x_wconf 90' lang='lat' dir='ltr'><strong>Si</strong></span> <span class='ocrx_word' id='word_1_753' title='bbox 2257 3436 2458 3500; x_wconf 79' lang='lat' dir='ltr'><strong>dixero,</strong></span> <span class='ocrx_word' id='word_1_754' title='bbox 2489 3439 2649 3490; x_wconf 87' lang='lat' dir='ltr'><strong>Deum</strong></span> <span class='ocrx_word' id='word_1_755' title='bbox 2679 3453 2779 3490; x_wconf 91' lang='lat' dir='ltr'><strong>non</strong></span> <span class='ocrx_word' id='word_1_756' title='bbox 2811 3454 2965 3506; x_wconf 89' lang='lat' dir='ltr'><strong>posse</strong></span> <span class='ocrx_word' id='word_1_757' title='bbox 2994 3456 3232 3509; x_wconf 89' lang='lat' dir='ltr'><strong>peccare,</strong></span> <span class='ocrx_word' id='word_1_758' title='bbox 3272 3460 3375 3498; x_wconf 89' lang='lat' dir='ltr'><strong>non</strong></span> <span class='ocrx_word' id='word_1_759' title='bbox 3408 3446 3507 3499; x_wconf 89' lang='lat' dir='ltr'><strong>im-</strong></span> 
     </span>
    </p>
   </div>
   <div class='ocr_carea' id='block_1_97' title="bbox 1948 3526 3511 3600">
    <p class='ocr_par' dir='ltr' id='par_1_97' title="bbox 1948 3526 3511 3600">
     <span class='ocr_line' id='line_1_97' title="bbox 1948 3526 3511 3600; baseline 0.01 -23"><span class='ocrx_word' id='word_1_760' title='bbox 1948 3526 2243 3578; x_wconf 87' lang='lat' dir='ltr'><strong>becillitatis</strong></span> <span class='ocrx_word' id='word_1_761' title='bbox 2283 3527 2425 3577; x_wconf 90' lang='lat' dir='ltr'><strong>illum</strong></span> <span class='ocrx_word' id='word_1_762' title='bbox 2462 3541 2643 3595; x_wconf 87' lang='lat' dir='ltr'><strong>arguo,</strong></span> <span class='ocrx_word' id='word_1_763' title='bbox 2682 3527 2773 3581; x_wconf 90' lang='lat' dir='ltr'><strong>sed</strong></span> <span class='ocrx_word' id='word_1_764' title='bbox 2812 3531 3092 3585; x_wconf 81' lang='lat' dir='ltr'><strong>maximam</strong></span> <span class='ocrx_word' id='word_1_765' title='bbox 3122 3534 3218 3600; x_wconf 86' lang='lat' dir='ltr'><strong>ipsi</strong></span> <span class='ocrx_word' id='word_1_766' title='bbox 3260 3536 3511 3592; x_wconf 82' lang='lat' dir='ltr'><strong>testiﬁcor</strong></span> 
     </span>
    </p>
   </div>
   <div class='ocr_carea' id='block_1_98' title="bbox 1948 3617 3508 3693">
    <p class='ocr_par' dir='ltr' id='par_1_98' title="bbox 1948 3617 3508 3693">
     <span class='ocr_line' id='line_1_98' title="bbox 1948 3617 3508 3693; baseline 0.01 -26"><span class='ocrx_word' id='word_1_767' title='bbox 1948 3626 2281 3684; x_wconf 84' lang='lat' dir='ltr'><strong>potestatem.</strong></span> <span class='ocrx_word' id='word_1_768' title='bbox 2306 3617 2360 3673; x_wconf 91' lang='lat' dir='ltr'><strong>Si</strong></span> <span class='ocrx_word' id='word_1_769' title='bbox 2388 3619 2588 3683; x_wconf 90' lang='lat' dir='ltr'><strong>dixero,</strong></span> <span class='ocrx_word' id='word_1_770' title='bbox 2619 3634 2724 3672; x_wconf 92' lang='lat' dir='ltr'><strong>non</strong></span> <span class='ocrx_word' id='word_1_771' title='bbox 2753 3635 2909 3689; x_wconf 90' lang='lat' dir='ltr'><strong>posse</strong></span> <span class='ocrx_word' id='word_1_772' title='bbox 2933 3624 3144 3677; x_wconf 89' lang='lat' dir='ltr'><strong>mentiri</strong></span> <span class='ocrx_word' id='word_1_773' title='bbox 3177 3626 3361 3693; x_wconf 90' lang='lat' dir='ltr'><strong>Deum,</strong></span> <span class='ocrx_word' id='word_1_774' title='bbox 3386 3636 3508 3683; x_wconf 91' lang='lat' dir='ltr'><strong>tunc</strong></span> 
     </span>
    </p>
   </div>
   <div class='ocr_carea' id='block_1_99' title="bbox 1949 3707 3506 3776">
    <p class='ocr_par' dir='ltr' id='par_1_99' title="bbox 1949 3707 3506 3776">
     <span class='ocr_line' id='line_1_99' title="bbox 1949 3707 3506 3776; baseline 0.01 -18"><span class='ocrx_word' id='word_1_775' title='bbox 1949 3707 2173 3776; x_wconf 85' lang='lat' dir='ltr'><strong>idipsum</strong></span> <span class='ocrx_word' id='word_1_776' title='bbox 2214 3708 2536 3762; x_wconf 88' lang='lat' dir='ltr'><strong>demonstro.</strong></span> <span class='ocrx_word' id='word_1_777' title='bbox 2567 3709 3015 3774; x_wconf 88' lang='lat' dir='ltr'><strong>Quemadmodum</strong></span> <span class='ocrx_word' id='word_1_778' title='bbox 3046 3722 3101 3767; x_wconf 92' lang='lat' dir='ltr'><strong>et</strong></span> <span class='ocrx_word' id='word_1_779' title='bbox 3142 3715 3332 3769; x_wconf 88' lang='lat' dir='ltr'><strong>Paulus</strong></span> <span class='ocrx_word' id='word_1_780' title='bbox 3360 3718 3506 3773; x_wconf 87' lang='lat' dir='ltr'><strong>dice-</strong></span> 
     </span>
    </p>
   </div>
   <div class='ocr_carea' id='block_1_100' title="bbox 1950 3798 3508 3870">
    <p class='ocr_par' dir='ltr' id='par_1_100' title="bbox 1950 3798 3508 3870">
     <span class='ocr_line' id='line_1_100' title="bbox 1950 3798 3508 3870; baseline 0.009 -22"><span class='ocrx_word' id='word_1_781' title='bbox 1950 3798 2035 3851; x_wconf 87' lang='lat' dir='ltr'><strong>bat</strong></span> <span class='ocrx_word' id='word_1_782' title='bbox 2067 3814 2079 3855; x_wconf 88' lang='lat'><strong>;</strong></span> <span class='ocrx_word' id='word_1_783' title='bbox 2113 3798 2172 3852; x_wconf 85' lang='lat' dir='ltr'><strong>Si</strong></span> <span class='ocrx_word' id='word_1_784' title='bbox 2202 3800 2564 3865; x_wconf 72' lang='lat' dir='ltr'><strong>sustinebimus,</strong></span> <span class='ocrx_word' id='word_1_785' title='bbox 2593 3810 2637 3852; x_wconf 88' lang='lat' dir='ltr'><strong>et</strong></span> <span class='ocrx_word' id='word_1_786' title='bbox 2664 3803 3109 3870; x_wconf 85' lang='lat' dir='ltr'><strong>conregnabimus;</strong></span> <span class='ocrx_word' id='word_1_787' title='bbox 3139 3806 3180 3856; x_wconf 85' lang='lat' dir='ltr'><strong>si</strong></span> <span class='ocrx_word' id='word_1_788' title='bbox 3215 3822 3312 3859; x_wconf 87' lang='lat' dir='ltr'><strong>non</strong></span> <span class='ocrx_word' id='word_1_789' title='bbox 3348 3809 3508 3861; x_wconf 82' lang='lat' dir='ltr'><strong>credi-</strong></span> 
     </span>
    </p>
   </div>
   <div class='ocr_carea' id='block_1_101' title="bbox 1951 3888 3509 3963">
    <p class='ocr_par' dir='ltr' id='par_1_101' title="bbox 1951 3888 3509 3963">
     <span class='ocr_line' id='line_1_101' title="bbox 1951 3888 3509 3963; baseline 0.008 -25"><span class='ocrx_word' id='word_1_790' title='bbox 1951 3905 2079 3953; x_wconf 87' lang='lat' dir='ltr'><strong>mus,</strong></span> <span class='ocrx_word' id='word_1_791' title='bbox 2128 3889 2212 3941; x_wconf 88' lang='lat' dir='ltr'><strong>ille</strong></span> <span class='ocrx_word' id='word_1_792' title='bbox 2250 3888 2412 3954; x_wconf 77' lang='lat' dir='ltr'><strong>ﬁdelis</strong></span> <span class='ocrx_word' id='word_1_793' title='bbox 2452 3898 2747 3956; x_wconf 86' lang='lat' dir='ltr'><strong>permanet:</strong></span> <span class='ocrx_word' id='word_1_794' title='bbox 2778 3907 2893 3943; x_wconf 90' lang='lat' dir='ltr'><strong>nam</strong></span> <span class='ocrx_word' id='word_1_795' title='bbox 2935 3909 3115 3961; x_wconf 83' lang='lat' dir='ltr'><strong>negare</strong></span> <span class='ocrx_word' id='word_1_796' title='bbox 3155 3896 3371 3963; x_wconf 87' lang='lat' dir='ltr'><strong>seipsum</strong></span> <span class='ocrx_word' id='word_1_797' title='bbox 3410 3914 3509 3952; x_wconf 83' lang='lat' dir='ltr'><strong>non</strong></span> 
     </span>
    </p>
   </div>
   <div class='ocr_carea' id='block_1_102' title="bbox 1951 3978 3502 4054">
    <p class='ocr_par' dir='ltr' id='par_1_102' title="bbox 1951 3978 3502 4054">
     <span class='ocr_line' id='line_1_102' title="bbox 1951 3978 3502 4054; baseline 0.006 -23"><span class='ocrx_word' id='word_1_798' title='bbox 1951 3986 2107 4047; x_wconf 87' lang='lat' dir='ltr'><strong>potest</strong></span> <span class='ocrx_word' id='word_1_799' title='bbox 2137 3978 2227 4048; x_wconf 73' lang='lat'><strong>(2.</strong></span> <span class='ocrx_word' id='word_1_800' title='bbox 2258 3978 2389 4031; x_wconf 85' lang='lat' dir='ltr'><strong>Tim.</strong></span> <span class='ocrx_word' id='word_1_801' title='bbox 2424 3980 2477 4030; x_wconf 70' lang='lat'><strong>2.</strong></span> <span class='ocrx_word' id='word_1_802' title='bbox 2513 3979 2596 4032; x_wconf 69' lang='grc'><strong>12.</strong></span> <span class='ocrx_word' id='word_1_803' title='bbox 2632 3981 2756 4049; x_wconf 69' lang='grc'><strong>13).</strong></span> <span class='ocrx_word' id='word_1_804' title='bbox 2788 3981 2966 4035; x_wconf 85' lang='lat' dir='ltr'><strong>Viden&#39;</strong></span> <span class='ocrx_word' id='word_1_805' title='bbox 2997 3984 3145 4046; x_wconf 84' lang='lat' dir='ltr'><strong>illud,</strong></span> <span class='ocrx_word' id='word_1_806' title='bbox 3180 3984 3297 4037; x_wconf 88' lang='lat' dir='ltr'><strong>Non</strong></span> <span class='ocrx_word' id='word_1_807' title='bbox 3328 3995 3502 4054; x_wconf 84' lang='lat' dir='ltr'><strong>potest,</strong></span> 
     </span>
    </p>
   </div>
   <div class='ocr_carea' id='block_1_103' title="bbox 1951 4069 3507 4139">
    <p class='ocr_par' dir='ltr' id='par_1_103' title="bbox 1951 4069 3507 4139">
     <span class='ocr_line' id='line_1_103' title="bbox 1951 4069 3507 4139; baseline 0.006 -19"><span class='ocrx_word' id='word_1_808' title='bbox 1951 4069 2192 4135; x_wconf 81' lang='lat' dir='ltr'><strong>potentiae</strong></span> <span class='ocrx_word' id='word_1_809' title='bbox 2235 4082 2351 4121; x_wconf 87' lang='lat' dir='ltr'><strong>esse</strong></span> <span class='ocrx_word' id='word_1_810' title='bbox 2395 4069 2638 4137; x_wconf 87' lang='lat' dir='ltr'><strong>signum?</strong></span> <span class='ocrx_word' id='word_1_811' title='bbox 2690 4070 2886 4137; x_wconf 88' lang='lat' dir='ltr'><strong>Ecquid</strong></span> <span class='ocrx_word' id='word_1_812' title='bbox 2915 4071 3099 4139; x_wconf 90' lang='lat' dir='ltr'><strong>loquor</strong></span> <span class='ocrx_word' id='word_1_813' title='bbox 3135 4074 3200 4127; x_wconf 92' lang='lat' dir='ltr'><strong>de</strong></span> <span class='ocrx_word' id='word_1_814' title='bbox 3242 4074 3390 4128; x_wconf 77' lang='lat' dir='ltr'><strong>Deo?</strong></span> <span class='ocrx_word' id='word_1_815' title='bbox 3435 4077 3507 4130; x_wconf 89' lang='lat' dir='ltr'><strong>De</strong></span> 
     </span>
    </p>
   </div>
   <div class='ocr_carea' id='block_1_104' title="bbox 1950 4158 3503 4229">
    <p class='ocr_par' dir='ltr' id='par_1_104' title="bbox 1950 4158 3503 4229">
     <span class='ocr_line' id='line_1_104' title="bbox 1950 4158 3503 4229; baseline 0.005 -18"><span class='ocrx_word' id='word_1_816' title='bbox 1950 4158 2130 4211; x_wconf 87' lang='lat' dir='ltr'><strong>scnsili</strong></span> <span class='ocrx_word' id='word_1_817' title='bbox 2171 4159 2310 4211; x_wconf 90' lang='lat' dir='ltr'><strong>enim</strong></span> <span class='ocrx_word' id='word_1_818' title='bbox 2352 4160 2566 4212; x_wconf 89' lang='lat' dir='ltr'><strong>materia</strong></span> <span class='ocrx_word' id='word_1_819' title='bbox 2606 4160 2905 4227; x_wconf 86' lang='lat' dir='ltr'><strong>exemplum</strong></span> <span class='ocrx_word' id='word_1_820' title='bbox 2950 4176 3173 4214; x_wconf 89' lang='lat' dir='ltr'><strong>sumam.</strong></span> <span class='ocrx_word' id='word_1_821' title='bbox 3211 4162 3265 4218; x_wconf 87' lang='lat' dir='ltr'><strong>Si</strong></span> <span class='ocrx_word' id='word_1_822' title='bbox 3300 4164 3503 4229; x_wconf 81' lang='lat' dir='ltr'><strong>dixem,</strong></span> 
     </span>
    </p>
   </div>
   <div class='ocr_carea' id='block_1_105' title="bbox 1950 4249 3502 4322">
    <p class='ocr_par' dir='ltr' id='par_1_105' title="bbox 1950 4249 3502 4322">
     <span class='ocr_line' id='line_1_105' title="bbox 1950 4249 3502 4322; baseline 0.005 -22"><span class='ocrx_word' id='word_1_823' title='bbox 1950 4249 2278 4302; x_wconf 91' lang='lat' dir='ltr'><strong>adamantem</strong></span> <span class='ocrx_word' id='word_1_824' title='bbox 2325 4265 2426 4301; x_wconf 91' lang='lat' dir='ltr'><strong>non</strong></span> <span class='ocrx_word' id='word_1_825' title='bbox 2470 4264 2622 4317; x_wconf 90' lang='lat' dir='ltr'><strong>posse</strong></span> <span class='ocrx_word' id='word_1_826' title='bbox 2659 4252 2850 4318; x_wconf 89' lang='lat' dir='ltr'><strong>rumpi,</strong></span> <span class='ocrx_word' id='word_1_827' title='bbox 2892 4266 2955 4304; x_wconf 91' lang='lat' dir='ltr'><strong>an</strong></span> <span class='ocrx_word' id='word_1_828' title='bbox 2998 4251 3325 4320; x_wconf 86' lang='lat' dir='ltr'><strong>fragilitatem</strong></span> <span class='ocrx_word' id='word_1_829' title='bbox 3367 4257 3502 4322; x_wconf 88' lang='lat' dir='ltr'><strong>ejus,</strong></span> 
     </span>
    </p>
   </div>
   <div class='ocr_carea' id='block_1_106' title="bbox 1952 4337 3507 4412">
    <p class='ocr_par' dir='ltr' id='par_1_106' title="bbox 1952 4337 3507 4412">
     <span class='ocr_line' id='line_1_106' title="bbox 1952 4337 3507 4412; baseline 0.006 -23"><span class='ocrx_word' id='word_1_830' title='bbox 1952 4352 2016 4389; x_wconf 88' lang='lat' dir='ltr'><strong>an</strong></span> <span class='ocrx_word' id='word_1_831' title='bbox 2057 4337 2217 4391; x_wconf 92' lang='lat' dir='ltr'><strong>robur</strong></span> <span class='ocrx_word' id='word_1_832' title='bbox 2245 4337 2359 4406; x_wconf 91' lang='lat' dir='ltr'><strong>ejus</strong></span> <span class='ocrx_word' id='word_1_833' title='bbox 2390 4340 2669 4391; x_wconf 86' lang='lat' dir='ltr'><strong>maximum</strong></span> <span class='ocrx_word' id='word_1_834' title='bbox 2718 4338 3052 4407; x_wconf 66' lang='lat' dir='ltr'><strong>depratdico?</strong></span> <span class='ocrx_word' id='word_1_835' title='bbox 3079 4340 3206 4395; x_wconf 90' lang='lat' dir='ltr'><strong>Cum</strong></span> <span class='ocrx_word' id='word_1_836' title='bbox 3251 4358 3375 4412; x_wconf 87' lang='lat' dir='ltr'><strong>ergo</strong></span> <span class='ocrx_word' id='word_1_837' title='bbox 3412 4359 3507 4397; x_wconf 85' lang='lat' dir='ltr'><strong>au-</strong></span> 
     </span>
    </p>
   </div>
   <div class='ocr_carea' id='block_1_107' title="bbox 1952 4427 3503 4501">
    <p class='ocr_par' dir='ltr' id='par_1_107' title="bbox 1952 4427 3503 4501">
     <span class='ocr_line' id='line_1_107' title="bbox 1952 4427 3503 4501; baseline 0.006 -23"><span class='ocrx_word' id='word_1_838' title='bbox 1952 4427 2131 4491; x_wconf 84' lang='lat' dir='ltr'><strong>dieris,</strong></span> <span class='ocrx_word' id='word_1_839' title='bbox 2166 4442 2267 4479; x_wconf 90' lang='lat' dir='ltr'><strong>non</strong></span> <span class='ocrx_word' id='word_1_840' title='bbox 2311 4442 2470 4495; x_wconf 87' lang='lat' dir='ltr'><strong>posse</strong></span> <span class='ocrx_word' id='word_1_841' title='bbox 2497 4428 2658 4481; x_wconf 89' lang='lat' dir='ltr'><strong>Deum</strong></span> <span class='ocrx_word' id='word_1_842' title='bbox 2688 4444 2924 4497; x_wconf 83' lang='lat' dir='ltr'><strong>peccare,</strong></span> <span class='ocrx_word' id='word_1_843' title='bbox 2957 4446 3053 4484; x_wconf 89' lang='lat' dir='ltr'><strong>nec</strong></span> <span class='ocrx_word' id='word_1_844' title='bbox 3080 4446 3234 4500; x_wconf 86' lang='lat' dir='ltr'><strong>posse</strong></span> <span class='ocrx_word' id='word_1_845' title='bbox 3274 4434 3503 4501; x_wconf 84' lang='lat' dir='ltr'><strong>mentiri,</strong></span> 
     </span>
    </p>
   </div>
   <div class='ocr_carea' id='block_1_108' title="bbox 1951 4516 3505 4586">
    <p class='ocr_par' dir='ltr' id='par_1_108' title="bbox 1951 4516 3505 4586">
     <span class='ocr_line' id='line_1_108' title="bbox 1951 4516 3505 4586; baseline 0.005 -17"><span class='ocrx_word' id='word_1_846' title='bbox 1951 4532 2050 4569; x_wconf 92' lang='lat' dir='ltr'><strong>nec</strong></span> <span class='ocrx_word' id='word_1_847' title='bbox 2078 4530 2229 4583; x_wconf 88' lang='lat' dir='ltr'><strong>posse</strong></span> <span class='ocrx_word' id='word_1_848' title='bbox 2258 4516 2516 4583; x_wconf 85' lang='lat' dir='ltr'><strong>abnegare</strong></span> <span class='ocrx_word' id='word_1_849' title='bbox 2537 4518 2787 4584; x_wconf 84' lang='lat' dir='ltr'><strong>seipsum,</strong></span> <span class='ocrx_word' id='word_1_850' title='bbox 2822 4534 2887 4571; x_wconf 91' lang='lat' dir='ltr'><strong>ne</strong></span> <span class='ocrx_word' id='word_1_851' title='bbox 2910 4530 3058 4586; x_wconf 89' lang='lat' dir='ltr'><strong>putes</strong></span> <span class='ocrx_word' id='word_1_852' title='bbox 3084 4520 3205 4573; x_wconf 92' lang='lat' dir='ltr'><strong>hinc</strong></span> <span class='ocrx_word' id='word_1_853' title='bbox 3231 4521 3505 4577; x_wconf 65' lang='lat' dir='ltr'><strong>imbecilli.</strong></span> 
     </span>
    </p>
   </div>
   <div class='ocr_carea' id='block_1_109' title="bbox 1954 4606 3502 4679">
    <p class='ocr_par' dir='ltr' id='par_1_109' title="bbox 1954 4606 3502 4679">
     <span class='ocr_line' id='line_1_109' title="bbox 1954 4606 3502 4679; baseline 0.005 -22"><span class='ocrx_word' id='word_1_854' title='bbox 1954 4615 2112 4658; x_wconf 80' lang='lat' dir='ltr'><strong>tatem</strong></span> <span class='ocrx_word' id='word_1_855' title='bbox 2143 4606 2257 4672; x_wconf 90' lang='lat' dir='ltr'><strong>ejus</strong></span> <span class='ocrx_word' id='word_1_856' title='bbox 2288 4606 2579 4671; x_wconf 76' lang='lat' dir='ltr'><strong>prmdicari,</strong></span> <span class='ocrx_word' id='word_1_857' title='bbox 2613 4606 2703 4659; x_wconf 88' lang='lat' dir='ltr'><strong>sed</strong></span> <span class='ocrx_word' id='word_1_858' title='bbox 2735 4621 2979 4673; x_wconf 89' lang='lat' dir='ltr'><strong>perquam</strong></span> <span class='ocrx_word' id='word_1_859' title='bbox 3012 4609 3289 4661; x_wconf 78' lang='lat' dir='ltr'><strong>maximam</strong></span> <span class='ocrx_word' id='word_1_860' title='bbox 3317 4621 3502 4679; x_wconf 85' lang='lat' dir='ltr'><strong>poten-</strong></span> 
     </span>
    </p>
   </div>
   <div class='ocr_carea' id='block_1_110' title="bbox 1952 4692 3504 4764">
    <p class='ocr_par' dir='ltr' id='par_1_110' title="bbox 1952 4692 3504 4764">
     <span class='ocr_line' id='line_1_110' title="bbox 1952 4692 3504 4764; baseline 0.006 -19"><span class='ocrx_word' id='word_1_861' title='bbox 1952 4695 2106 4756; x_wconf 84' lang='lat' dir='ltr'><strong>tiam;</strong></span> <span class='ocrx_word' id='word_1_862' title='bbox 2152 4694 2270 4760; x_wconf 90' lang='lat' dir='ltr'><strong>quia</strong></span> <span class='ocrx_word' id='word_1_863' title='bbox 2298 4693 2410 4759; x_wconf 87' lang='lat' dir='ltr'><strong>ejus</strong></span> <span class='ocrx_word' id='word_1_864' title='bbox 2434 4692 2723 4744; x_wconf 87' lang='lat' dir='ltr'><strong>substantia</strong></span> <span class='ocrx_word' id='word_1_865' title='bbox 2763 4694 2954 4745; x_wconf 90' lang='lat' dir='ltr'><strong>nullam</strong></span> <span class='ocrx_word' id='word_1_866' title='bbox 2993 4696 3274 4764; x_wconf 84' lang='lat' dir='ltr'><strong>nequitiam</strong></span> <span class='ocrx_word' id='word_1_867' title='bbox 3314 4699 3504 4753; x_wconf 85' lang='lat' dir='ltr'><strong>admit—</strong></span> 
     </span>
    </p>
   </div>
   <div class='ocr_carea' id='block_1_111' title="bbox 1953 4780 3501 4855">
    <p class='ocr_par' dir='ltr' id='par_1_111' title="bbox 1953 4780 3501 4855">
     <span class='ocr_line' id='line_1_111' title="bbox 1953 4780 3501 4855; baseline 0.007 -23"><span class='ocrx_word' id='word_1_868' title='bbox 1953 4791 2063 4833; x_wconf 86' lang='lat' dir='ltr'><strong>tere</strong></span> <span class='ocrx_word' id='word_1_869' title='bbox 2106 4790 2296 4848; x_wconf 90' lang='lat' dir='ltr'><strong>potest,</strong></span> <span class='ocrx_word' id='word_1_870' title='bbox 2347 4780 2482 4847; x_wconf 91' lang='lat' dir='ltr'><strong>quod</strong></span> <span class='ocrx_word' id='word_1_871' title='bbox 2532 4780 2795 4834; x_wconf 87' lang='lat' dir='ltr'><strong>inaccessa</strong></span> <span class='ocrx_word' id='word_1_872' title='bbox 2844 4782 2929 4847; x_wconf 90' lang='lat' dir='ltr'><strong>sit,</strong></span> <span class='ocrx_word' id='word_1_873' title='bbox 2971 4798 3119 4850; x_wconf 85' lang='lat' dir='ltr'><strong>pura,</strong></span> <span class='ocrx_word' id='word_1_874' title='bbox 3165 4795 3218 4839; x_wconf 91' lang='lat' dir='ltr'><strong>et</strong></span> <span class='ocrx_word' id='word_1_875' title='bbox 3258 4801 3501 4855; x_wconf 87' lang='lat' dir='ltr'><strong>superna.</strong></span> 
     </span>
    </p>
   </div>
   <div class='ocr_carea' id='block_1_112' title="bbox 1952 4869 3499 4945">
    <p class='ocr_par' dir='ltr' id='par_1_112' title="bbox 1952 4869 3499 4945">
     <span class='ocr_line' id='line_1_112' title="bbox 1952 4869 3499 4945; baseline 0.005 -25"><span class='ocrx_word' id='word_1_876' title='bbox 1952 4870 2081 4934; x_wconf 91' lang='lat' dir='ltr'><strong>Quia</strong></span> <span class='ocrx_word' id='word_1_877' title='bbox 2110 4884 2232 4935; x_wconf 84' lang='lat' dir='ltr'><strong>ergo</strong></span> <span class='ocrx_word' id='word_1_878' title='bbox 2262 4869 2361 4921; x_wconf 90' lang='lat' dir='ltr'><strong>hoc</strong></span> <span class='ocrx_word' id='word_1_879' title='bbox 2400 4879 2540 4922; x_wconf 91' lang='lat' dir='ltr'><strong>recte</strong></span> <span class='ocrx_word' id='word_1_880' title='bbox 2569 4870 2858 4923; x_wconf 90' lang='lat' dir='ltr'><strong>discussum</strong></span> <span class='ocrx_word' id='word_1_881' title='bbox 2891 4872 3004 4935; x_wconf 90' lang='lat' dir='ltr'><strong>fuit,</strong></span> <span class='ocrx_word' id='word_1_882' title='bbox 3036 4889 3131 4941; x_wconf 88' lang='lat' dir='ltr'><strong>age</strong></span> <span class='ocrx_word' id='word_1_883' title='bbox 3166 4876 3229 4928; x_wconf 92' lang='lat' dir='ltr'><strong>ad</strong></span> <span class='ocrx_word' id='word_1_884' title='bbox 3263 4882 3499 4945; x_wconf 84' lang='lat' dir='ltr'><strong>proposi-</strong></span> 
     </span>
    </p>
   </div>
   <div class='ocr_carea' id='block_1_113' title="bbox 1956 4959 3506 5021">
    <p class='ocr_par' dir='ltr' id='par_1_113' title="bbox 1956 4959 3506 5021">
     <span class='ocr_line' id='line_1_113' title="bbox 1956 4959 3506 5021; baseline 0.007 -11"><span class='ocrx_word' id='word_1_885' title='bbox 1956 4968 2061 5010; x_wconf 88' lang='lat' dir='ltr'><strong>tum</strong></span> <span class='ocrx_word' id='word_1_886' title='bbox 2105 4959 2363 5010; x_wconf 88' lang='lat' dir='ltr'><strong>sermonis</strong></span> <span class='ocrx_word' id='word_1_887' title='bbox 2390 4959 2818 5012; x_wconf 85' lang='lat' dir='ltr'><strong>exercitationem</strong></span> <span class='ocrx_word' id='word_1_888' title='bbox 2856 4974 3241 5017; x_wconf 89' lang='lat' dir='ltr'><strong>convertamus.</strong></span> <span class='ocrx_word' id='word_1_889' title='bbox 3280 4965 3442 5020; x_wconf 82' lang='lat' dir='ltr'><strong>Filius</strong></span> <span class='ocrx_word' id='word_1_890' title='bbox 3476 4986 3506 5021; x_wconf 91' lang='lat' dir='ltr'><strong>a</strong></span> 
     </span>
    </p>
   </div>
   <div class='ocr_carea' id='block_1_114' title="bbox 1952 5048 3503 5122">
    <p class='ocr_par' dir='ltr' id='par_1_114' title="bbox 1952 5048 3503 5122">
     <span class='ocr_line' id='line_1_114' title="bbox 1952 5048 3503 5122; baseline 0.008 -24"><span class='ocrx_word' id='word_1_891' title='bbox 1952 5048 2111 5113; x_wconf 86' lang='lat' dir='ltr'><strong>seipso</strong></span> <span class='ocrx_word' id='word_1_892' title='bbox 2148 5062 2246 5097; x_wconf 87' lang='lat' dir='ltr'><strong>non</strong></span> <span class='ocrx_word' id='word_1_893' title='bbox 2287 5056 2443 5114; x_wconf 81' lang='lat' dir='ltr'><strong>potest</strong></span> <span class='ocrx_word' id='word_1_894' title='bbox 2474 5052 2636 5115; x_wconf 81' lang='lat' dir='ltr'><strong>facere</strong></span> <span class='ocrx_word' id='word_1_895' title='bbox 2674 5049 2962 5118; x_wconf 86' lang='lat' dir='ltr'><strong>quidquam.</strong></span> <span class='ocrx_word' id='word_1_896' title='bbox 3004 5052 3138 5117; x_wconf 91' lang='lat' dir='ltr'><strong>Quid</strong></span> <span class='ocrx_word' id='word_1_897' title='bbox 3176 5053 3299 5107; x_wconf 87' lang='lat' dir='ltr'><strong>illttd</strong></span> <span class='ocrx_word' id='word_1_898' title='bbox 3330 5067 3431 5122; x_wconf 86' lang='lat' dir='ltr'><strong>est,</strong></span> <span class='ocrx_word' id='word_1_899' title='bbox 3463 5060 3503 5109; x_wconf 85' lang='grc' dir='ltr'><em>Α</em></span> 
     </span>
    </p>
   </div>
   <div class='ocr_carea' id='block_1_115' title="bbox 1952 5136 3504 5214">
    <p class='ocr_par' dir='ltr' id='par_1_115' title="bbox 1952 5136 3504 5214">
     <span class='ocr_line' id='line_1_115' title="bbox 1952 5136 3504 5214; baseline 0.009 -26"><span class='ocrx_word' id='word_1_900' title='bbox 1952 5136 2147 5203; x_wconf 72' lang='lat' dir='ltr'><strong>seipso?</strong></span> <span class='ocrx_word' id='word_1_901' title='bbox 2177 5136 2286 5189; x_wconf 85' lang='lat' dir='ltr'><strong>Hoc</strong></span> <span class='ocrx_word' id='word_1_902' title='bbox 2315 5137 2357 5188; x_wconf 85' lang='lat' dir='ltr'><strong>si</strong></span> <span class='ocrx_word' id='word_1_903' title='bbox 2388 5138 2548 5204; x_wconf 90' lang='lat' dir='ltr'><strong>probe</strong></span> <span class='ocrx_word' id='word_1_904' title='bbox 2600 5138 2908 5203; x_wconf 88' lang='lat' dir='ltr'><strong>didiceritis,</strong></span> <span class='ocrx_word' id='word_1_905' title='bbox 2938 5146 3226 5209; x_wconf 78' lang='lat' dir='ltr'><strong>aguoscetis</strong></span> <span class='ocrx_word' id='word_1_906' title='bbox 3274 5146 3385 5214; x_wconf 85' lang='lat' dir='ltr'><strong>ejus</strong></span> <span class='ocrx_word' id='word_1_907' title='bbox 3415 5163 3504 5201; x_wconf 82' lang='lat' dir='ltr'><strong>ar-</strong></span> 
     </span>
    </p>
   </div>
   <div class='ocr_carea' id='block_1_116' title="bbox 1952 5227 3504 5297">
    <p class='ocr_par' dir='ltr' id='par_1_116' title="bbox 1952 5227 3504 5297">
     <span class='ocr_line' id='line_1_116' title="bbox 1952 5227 3504 5297; baseline 0.008 -16"><span class='ocrx_word' id='word_1_908' title='bbox 1952 5239 2087 5281; x_wconf 89' lang='lat' dir='ltr'><strong>ctam</strong></span> <span class='ocrx_word' id='word_1_909' title='bbox 2115 5242 2232 5281; x_wconf 88' lang='lat' dir='ltr'><strong>cum</strong></span> <span class='ocrx_word' id='word_1_910' title='bbox 2260 5227 2505 5282; x_wconf 83' lang='lat' dir='ltr'><strong>Genitore</strong></span> <span class='ocrx_word' id='word_1_911' title='bbox 2528 5229 2966 5297; x_wconf 87' lang='lat' dir='ltr'><strong>conjunctionem,</strong></span> <span class='ocrx_word' id='word_1_912' title='bbox 3000 5235 3190 5287; x_wconf 89' lang='lat' dir='ltr'><strong>nullam</strong></span> <span class='ocrx_word' id='word_1_913' title='bbox 3234 5251 3350 5291; x_wconf 87' lang='lat' dir='ltr'><strong>esse</strong></span> <span class='ocrx_word' id='word_1_914' title='bbox 3381 5240 3504 5293; x_wconf 91' lang='lat' dir='ltr'><strong>sub-</strong></span> 
     </span>
    </p>
   </div>
   <div class='ocr_carea' id='block_1_117' title="bbox 1953 5319 3499 5389">
    <p class='ocr_par' dir='ltr' id='par_1_117' title="bbox 1953 5319 3499 5389">
     <span class='ocr_line' id='line_1_117' title="bbox 1953 5319 3499 5389; baseline 0.009 -19"><span class='ocrx_word' id='word_1_915' title='bbox 1953 5320 2157 5371; x_wconf 74' lang='lat' dir='ltr'><strong>stantia:</strong></span> <span class='ocrx_word' id='word_1_916' title='bbox 2182 5319 2588 5383; x_wconf 83' lang='lat' dir='ltr'><strong>distinctionem,</strong></span> <span class='ocrx_word' id='word_1_917' title='bbox 2616 5319 2953 5389; x_wconf 88' lang='lat' dir='ltr'><strong>ejusdemque</strong></span> <span class='ocrx_word' id='word_1_918' title='bbox 2978 5337 3097 5375; x_wconf 90' lang='lat' dir='ltr'><strong>eum</strong></span> <span class='ocrx_word' id='word_1_919' title='bbox 3125 5339 3239 5378; x_wconf 82' lang='lat' dir='ltr'><strong>esse</strong></span> <span class='ocrx_word' id='word_1_920' title='bbox 3262 5328 3499 5385; x_wconf 85' lang='lat' dir='ltr'><strong>substan-</strong></span> 
     </span>
    </p>
   </div>
   <div class='ocr_carea' id='block_1_118' title="bbox 1955 5406 3503 5479">
    <p class='ocr_par' dir='ltr' id='par_1_118' title="bbox 1955 5406 3503 5479">
     <span class='ocr_line' id='line_1_118' title="bbox 1955 5406 3503 5479; baseline 0.007 -20"><span class='ocrx_word' id='word_1_921' title='bbox 1955 5409 2039 5459; x_wconf 70' lang='lat' dir='ltr'><strong>tia:</strong></span> <span class='ocrx_word' id='word_1_922' title='bbox 2081 5407 2229 5474; x_wconf 92' lang='lat' dir='ltr'><strong>cujus</strong></span> <span class='ocrx_word' id='word_1_923' title='bbox 2266 5407 2437 5459; x_wconf 84' lang='lat' dir='ltr'><strong>Pater.</strong></span> <span class='ocrx_word' id='word_1_924' title='bbox 2470 5406 2602 5471; x_wconf 90' lang='lat' dir='ltr'><strong>Quid</strong></span> <span class='ocrx_word' id='word_1_925' title='bbox 2642 5408 2796 5475; x_wconf 88' lang='lat' dir='ltr'><strong>igitur</strong></span> <span class='ocrx_word' id='word_1_926' title='bbox 2830 5409 2955 5462; x_wconf 89' lang='lat' dir='ltr'><strong>illud</strong></span> <span class='ocrx_word' id='word_1_927' title='bbox 2995 5420 3094 5476; x_wconf 91' lang='lat' dir='ltr'><strong>est,</strong></span> <span class='ocrx_word' id='word_1_928' title='bbox 3128 5410 3244 5463; x_wconf 73' lang='lat' dir='ltr'><strong>Non</strong></span> <span class='ocrx_word' id='word_1_929' title='bbox 3288 5424 3443 5479; x_wconf 83' lang='lat' dir='ltr'><strong>potest</strong></span> <span class='ocrx_word' id='word_1_930' title='bbox 3473 5434 3503 5470; x_wconf 91' lang='lat' dir='ltr'><strong>a</strong></span> 
     </span>
    </p>
   </div>
   <div class='ocr_carea' id='block_1_119' title="bbox 1952 5496 3501 5568">
    <p class='ocr_par' dir='ltr' id='par_1_119' title="bbox 1952 5496 3501 5568">
     <span class='ocr_line' id='line_1_119' title="bbox 1952 5496 3501 5568; baseline 0.008 -21"><span class='ocrx_word' id='word_1_931' title='bbox 1952 5497 2145 5561; x_wconf 76' lang='lat' dir='ltr'><strong>seipso?</strong></span> <span class='ocrx_word' id='word_1_932' title='bbox 2180 5496 2291 5548; x_wconf 86' lang='lat' dir='ltr'><strong>Non</strong></span> <span class='ocrx_word' id='word_1_933' title='bbox 2319 5504 2486 5562; x_wconf 91' lang='lat' dir='ltr'><strong>potest</strong></span> <span class='ocrx_word' id='word_1_934' title='bbox 2517 5498 2775 5562; x_wconf 90' lang='lat' dir='ltr'><strong>peculiare</strong></span> <span class='ocrx_word' id='word_1_935' title='bbox 2814 5498 2934 5566; x_wconf 93' lang='lat' dir='ltr'><strong>quid</strong></span> <span class='ocrx_word' id='word_1_936' title='bbox 2964 5510 3153 5568; x_wconf 75' lang='lat' dir='ltr'><strong>prmter</strong></span> <span class='ocrx_word' id='word_1_937' title='bbox 3190 5502 3395 5558; x_wconf 74' lang='lat' dir='ltr'><strong>Patrem</strong></span> <span class='ocrx_word' id='word_1_938' title='bbox 3423 5506 3501 5559; x_wconf 78' lang='lat' dir='ltr'><strong>fa-</strong></span> 
     </span>
    </p>
   </div>
   <div class='ocr_carea' id='block_1_120' title="bbox 1954 5587 3496 5660">
    <p class='ocr_par' dir='ltr' id='par_1_120' title="bbox 1954 5587 3496 5660">
     <span class='ocr_line' id='line_1_120' title="bbox 1954 5587 3496 5660; baseline 0.008 -23"><span class='ocrx_word' id='word_1_939' title='bbox 1954 5600 2091 5644; x_wconf 87' lang='lat' dir='ltr'><strong>cere,</strong></span> <span class='ocrx_word' id='word_1_940' title='bbox 2126 5600 2227 5637; x_wconf 91' lang='lat' dir='ltr'><strong>non</strong></span> <span class='ocrx_word' id='word_1_941' title='bbox 2256 5593 2424 5652; x_wconf 79' lang='lat' dir='ltr'><strong>potest</strong></span> <span class='ocrx_word' id='word_1_942' title='bbox 2447 5587 2773 5654; x_wconf 86' lang='lat' dir='ltr'><strong>peregrinum</strong></span> <span class='ocrx_word' id='word_1_943' title='bbox 2800 5590 2922 5657; x_wconf 90' lang='lat' dir='ltr'><strong>quid</strong></span> <span class='ocrx_word' id='word_1_944' title='bbox 2950 5601 3001 5645; x_wconf 90' lang='lat' dir='ltr'><strong>ct</strong></span> <span class='ocrx_word' id='word_1_945' title='bbox 3021 5604 3316 5660; x_wconf 88' lang='lat' dir='ltr'><strong>separatum</strong></span> <span class='ocrx_word' id='word_1_946' title='bbox 3348 5613 3374 5647; x_wconf 88' lang='lat' dir='ltr'><strong>a</strong></span> <span class='ocrx_word' id='word_1_947' title='bbox 3399 5598 3496 5649; x_wconf 78' lang='lat' dir='ltr'><strong>Pa—</strong></span> 
     </span>
    </p>
   </div>
   <div class='ocr_carea' id='block_1_121' title="bbox 1958 5671 3521 5755">
    <p class='ocr_par' dir='ltr' id='par_1_121' title="bbox 1958 5671 3521 5755">
     <span class='ocr_line' id='line_1_121' title="bbox 1958 5671 3521 5755; baseline 0.01 -30"><span class='ocrx_word' id='word_1_948' title='bbox 1958 5683 2033 5725; x_wconf 90' lang='lat' dir='ltr'><strong>trc</strong></span> <span class='ocrx_word' id='word_1_949' title='bbox 2063 5671 2253 5738; x_wconf 85' lang='lat' dir='ltr'><strong>facere,</strong></span> <span class='ocrx_word' id='word_1_950' title='bbox 2287 5688 2452 5742; x_wconf 85' lang='lat' dir='ltr'><strong>neque</strong></span> <span class='ocrx_word' id='word_1_951' title='bbox 2475 5672 2697 5729; x_wconf 86' lang='lat' dir='ltr'><strong>alienum</strong></span> <span class='ocrx_word' id='word_1_952' title='bbox 2727 5677 2849 5747; x_wconf 88' lang='lat' dir='ltr'><strong>quid</strong></span> <span class='ocrx_word' id='word_1_953' title='bbox 2876 5679 3069 5747; x_wconf 81' lang='lat' dir='ltr'><strong>facere,</strong></span> <span class='ocrx_word' id='word_1_954' title='bbox 3099 5682 3176 5736; x_wconf 80' lang='lat' dir='ltr'><strong>vel</strong></span> <span class='ocrx_word' id='word_1_955' title='bbox 3198 5684 3336 5738; x_wconf 86' lang='lat' dir='ltr'><strong>aliud</strong></span> <span class='ocrx_word' id='word_1_956' title='bbox 3358 5686 3521 5755; x_wconf 77' lang='lat' dir='ltr'><strong>quid-</strong></span> 
     </span>
    </p>
   </div>
  </div>
