4032 6220
517 395 628 451 255

516 497 656 566 piam
686 496 824 566 quod
851 510 955 550 non
976 495 1128 548 faciat
1163 495 1315 548 Pater
1339 511 1353 549 :
1381 509 1497 564 qure
1522 493 1662 548 enim
1693 492 1780 546 hic
1807 491 1946 555 facit,
1973 490 2088 544 htcc

514 598 568 642 nt
606 588 696 643 ille
733 586 875 642 facit.
919 586 1047 640 Illud
1084 587 1258 656 igitur,
1290 587 1334 638 Α
1371 586 1531 655 seipso
1552 601 1650 638 non
1694 592 1851 654 potest
1891 583 2074 651 facere,

515 691 615 731 acc
641 676 958 738 libertatem,
990 690 1086 729 nec
1116 676 1400 744 potentiam
1434 675 1591 738 tollit,
1633 672 1725 727 sed
1746 672 2080 726 concordiam

513 764 860 830 demonstrat,
909 779 1249 831 consensum,
1294 774 1347 819 et
1389 774 1588 818 arctam
1630 763 2076 831 conjunctionem,

513 865 697 924 estque
722 853 930 908 unionis
952 852 1200 922 perfecta:
1228 853 1454 923 signum.
1483 852 1616 905 Cum
1639 852 1779 905 enim
1806 851 2080 906 sabbatum

514 945 762 1010 solveret,
803 952 858 999 et
886 945 1330 1014 praevaricationis
1356 943 1504 997 illum
1534 951 1864 1006 accusarent,
1897 942 2078 997 dicen-

518 1047 636 1091 tes:
672 1037 784 1091 Alia
817 1037 954 1091 Deus
1002 1037 1269 1105 praecepit,
1299 1035 1402 1089 alia
1430 1043 1483 1089 tn
1522 1033 1685 1098 facis;
1732 1034 1868 1088 hanc
1897 1048 2080 1088 eorum

513 1129 888 1199 impudentiam
917 1129 1270 1197 comprimens
1319 1126 1409 1181 ille
1455 1126 1528 1180 ait
1561 1143 1573 1178 :
1602 1125 1715 1180 Non
1744 1125 1883 1179 aliud
1919 1141 1946 1178 a
1973 1141 2077 1191 me,

515 1234 668 1287 quant
696 1216 835 1287 quod
875 1232 904 1270 a
932 1217 1106 1283 Patre,
1137 1215 1328 1270 facth
1354 1225 1462 1282 est;
1495 1229 1663 1285 neque
1686 1215 1785 1284 ipsi
1809 1230 1925 1269 sum
1949 1230 2080 1269 con-

515 1310 707 1364 trarius
738 1309 821 1364 vel
864 1307 1054 1363 hostis.
1081 1307 1232 1374 Quod
1259 1308 1303 1362 si
1331 1322 1437 1362 non
1464 1307 1532 1361 ita
1575 1307 1820 1376 loquutus
1845 1315 1957 1370 est,
1986 1305 2080 1361 sed

517 1401 812 1456 humaniori
841 1409 894 1455 et
917 1401 1163 1455 crassiori
1205 1399 1362 1454 modo
1385 1413 1684 1454 sermonem
1715 1397 2044 1452 adumbravit
2063 1438 2078 1463 ,

510 1493 708 1561 cogites
725 1506 844 1546 eum
865 1505 984 1545 cum
1005 1489 1202 1545 ludatis
1222 1503 1518 1543 senmonem
1542 1487 1806 1553 habuisse,
1825 1487 1914 1556 qui
1933 1486 2078 1541 illum

513 1583 621 1638 Deo
666 1583 987 1638 contrarium
1038 1595 1159 1636 esse
1201 1579 1471 1650 putabant.
1512 1578 1656 1644 Ideo,
1703 1593 1770 1631 ne
1808 1579 1924 1647 quis
1977 1577 2080 1631 tale

510 1674 778 1744 quidpiam
828 1672 1202 1743 suspicaretur,
1232 1671 1405 1725 statim
1444 1668 1643 1723 addidit
1672 1687 1685 1721 :
1717 1668 1883 1738 Opera
1927 1668 2076 1731 enim,

509 1778 620 1832 qua:
655 1761 743 1816 ille
768 1761 905 1829 facit,
944 1770 990 1814 et
1014 1758 1182 1813 Filius
1200 1759 1428 1813 similiter
1457 1759 1576 1826 facit
1597 1756 1770 1829 (Joan.
1798 1758 1851 1811 5.
1885 1756 1994 1826 19).
2025 1755 2080 1810 Si

510 1866 642 1907 vero
663 1851 790 1905 nihil
821 1866 850 1904 a
876 1851 1050 1920 seipso
1071 1849 1213 1913 facit,
1242 1847 1506 1918 quomodo
1527 1847 1767 1901 similiter
1788 1845 1948 1900 facit?
1966 1845 2080 1900 Non

509 1941 650 2001 enim
679 1939 851 1995 facere
875 1954 1122 2010 magnum
1151 1947 1235 1994 est
1265 1955 1279 1992 :
1311 1937 1437 1991 illud
1466 1937 1606 1991 enim
1637 1936 1861 2006 agebant
1884 1943 1934 1990 et
1954 1949 2083 2004 apo.

509 2033 653 2100 stoli,
699 2041 935 2086 mortuos
960 2031 1280 2096 excitabant,
1328 2030 1565 2098 leprosos
1605 2028 1958 2091 mandabant;
1987 2026 2078 2081 sed

509 2138 614 2177 non
640 2123 882 2176 Similiter
903 2131 958 2175 ut
985 2123 1115 2190 ipse.
1139 2122 1207 2174 At
1233 2119 1498 2188 quomodo
1526 2119 1640 2171 illi?
1671 2117 1805 2183 Quid
1833 2117 1974 2170 nobis
1993 2127 2077 2168 at-

515 2210 734 2274 tenditis,
766 2209 913 2276 quasi
937 2211 1139 2278 propria
1182 2209 1360 2260 uirtute
1400 2216 1486 2260 aut
1532 2215 1768 2275 yotestate
1817 2206 2081 2273 fecerimus

515 2302 646 2353 hunc
684 2298 942 2351 ambulare
968 2296 1099 2368 (Act.
1132 2297 1185 2351 3.
1219 2295 1342 2365 ii)?
1383 2295 1657 2360 Quomodo
1683 2304 1854 2347 autem
1892 2293 2082 2347 Jesus?

515 2387 583 2443 Ut
612 2389 778 2441 sciatis
819 2389 935 2456 quia
974 2395 1259 2456 potestatem
1289 2385 1433 2439 habet
1469 2384 1633 2438 Filius
1661 2385 1875 2437 hominis
1914 2384 2082 2436 dimit-

513 2478 650 2534 tendi
685 2486 884 2546 peccata
907 2478 960 2529 in
1002 2488 1133 2530 terra
1182 2476 1368 2546 (Marc.
1406 2476 1461 2530 2.
1498 2477 1579 2529 10.
1612 2475 1738 2528 Luc.
1777 2476 1831 2529 5.
1877 2475 1990 2542 24);
2019 2489 2081 2527 ac

515 2583 723 2624 rursum
745 2568 811 2623 de
835 2567 1218 2622 resurrectione
1241 2575 1567 2620 mortuorum
1595 2583 1606 2616 :
1636 2565 1778 2618 Sicut
1807 2563 1961 2617 Pater
1980 2581 2082 2618 sus-

512 2657 632 2712 citat
669 2665 887 2710 mortuos
907 2697 920 2719 ,
951 2665 998 2709 et
1027 2656 1261 2723 uiuiﬁcat,
1285 2657 1355 2707 ita
1376 2663 1421 2708 et
1451 2653 1498 2706 F
1500 2655 1618 2707 ilius
1636 2670 1759 2722 quos
1788 2653 1891 2705 uult
1915 2653 2078 2721 viviﬁ-

514 2757 594 2802 cat
618 2747 794 2818 (Joan.
819 2747 872 2803 5.
899 2745 1012 2814 21).
1043 2746 1188 2800 Licet
1220 2745 1347 2798 satis
1376 2743 1562 2799 fuisset
1585 2743 1799 2807 dixisse,
1831 2741 1955 2806 Ita;
1987 2743 2080 2798 sed

511 2854 578 2893 cx
601 2837 905 2901 abundanti,
939 2845 994 2888 ut
1018 2835 1391 2905 impudentiam
1422 2835 1628 2888 illorum
1656 2834 1963 2888 retunderet
1991 2839 2077 2903 qni

510 2927 870 2982 contradicere
896 2926 1109 2990 vellent,
1149 2923 1273 2978 illud
1302 2923 1501 2977 addidit
1528 2939 1541 2976 :
1575 2923 1710 2988 Quos
1737 2923 1862 2988 uult,
1892 2937 2080 2992 nempe

512 3031 630 3073 cum
661 3017 802 3069 omni
835 3017 1086 3084 potentia.
1114 3013 1317 3069 Idcirco
1342 3014 1416 3066 ait
1440 3030 1452 3065 :
1485 3012 1650 3081 Opera
1678 3015 1828 3078 enim,
1857 3029 1969 3082 qute
1993 3012 2080 3066 ille

513 3109 672 3179 facit:
711 3121 814 3160 non
842 3105 988 3169 dicit,
1014 3105 1216 3160 Similia
1245 3112 1299 3158 et
1333 3102 1496 3156 Filius
1540 3101 1695 3166 facit;
1741 3101 1853 3168 sed,
1882 3100 2078 3155 Eadem

511 3199 623 3265 ipsa
655 3195 821 3249 Filius
845 3195 986 3264 facit.
1018 3194 1202 3250 Omnia
1223 3195 1351 3247 enim
1384 3209 1470 3261 per
1496 3193 1659 3262 ipsum
1699 3193 1834 3260 facta
1872 3201 2006 3257 sunt,
2035 3201 2080 3244 et

511 3288 617 3342 sine
641 3287 747 3355 ipso
775 3289 964 3355 factum
989 3295 1059 3338 est
1078 3284 1204 3337 nihil
1232 3282 1409 3351 (Joan.
1439 3283 1489 3336 1.
1515 3281 1592 3351 5).
1620 3281 1781 3336 Vides
1806 3280 2076 3350 quomodo

511 3392 577 3433 eo
606 3377 840 3432 intendat
868 3377 1181 3440 orationem,
1212 3384 1268 3429 ut
1315 3375 1511 3428 indicet
1551 3373 1896 3427 arctissimam
1927 3371 2078 3424 unio-

513 3484 653 3533 nem,
690 3467 1111 3538 conjunctionem
1157 3475 1213 3519 et
1237 3479 1574 3528 consensum,
1615 3479 1717 3517 non
1764 3462 1962 3517 Similia
2001 3462 2083 3515 di.

512 3576 658 3624 cens,
680 3560 794 3624 sed,
829 3558 905 3612 Ea
926 3560 1054 3627 ipsa,
1079 3565 1131 3612 et
1155 3556 1412 3618 Similiter,
1439 3563 1494 3608 ut
1521 3554 1713 3607 Pater?
1744 3552 1941 3606 Idcirco
1963 3567 2082 3606 sese

513 3661 872 3719 attemperans
893 3664 953 3703 ac
975 3648 1276 3711 demittens,
1297 3646 1402 3700 illic
1425 3645 1580 3699 etiam
1607 3658 1725 3697 eum
1755 3656 1940 3712 magna
1960 3656 2083 3695 cauc

511 3740 615 3795 tela
641 3740 781 3792 dicto
825 3738 1121 3807 hujnsmodi
1149 3752 1274 3790 usus
1301 3743 1399 3789 est.
1444 3734 1561 3788 Non
1603 3733 1744 3786 enim
1780 3731 1930 3797 dixit,
1971 3730 2080 3785 Nisi

511 3829 776 3899 quidpiam
803 3827 1054 3881 doceatur
1077 3840 1104 3878 a
1134 3825 1307 3890 Patre,
1339 3838 1403 3877 ne
1434 3832 1488 3876 tu
1520 3823 1664 3875 illum
1687 3821 1976 3874 discentem
2004 3820 2083 3873 in-

513 3920 767 3983 duceres;
795 3932 964 3986 neque
983 3915 1136 3981 dixit,
1165 3914 1276 3968 Nisi
1299 3912 1420 3982 quid
1438 3911 1701 3980 jubealur,
1731 3923 1797 3963 ne
1827 3909 1876 3961 in
1908 3923 2082 3962 servo-

513 4024 630 4062 rum
671 4007 854 4062 ordine
894 4006 1064 4073 ipsum
1094 4018 1211 4059 esse
1238 4002 1620 4071 suspicareris:
1652 3999 1768 4063 sed,
1810 3996 1926 4052 Nisi
1963 3997 2084 4065 quid

514 4098 690 4153 uiderit
723 4096 925 4149 Patrent
952 4095 1232 4163 facientem.
1275 4093 1340 4147 Et
1377 4093 1476 4145 hoc
1505 4091 1662 4144 etiam
1691 4088 1778 4142 illo
1809 4087 1966 4141 modo
2001 4085 2086 4139 di-

513 4201 680 4256 ctum,
713 4203 953 4258 magnam
986 4185 1177 4240 indicat
1205 4199 1323 4239 cum
1363 4183 1517 4237 Patre
1553 4180 1999 4250 conjunctionem.
2031 4175 2085 4230 Si

513 4283 656 4336 enim
690 4286 864 4348 potest
892 4278 1098 4331 Patrem
1121 4274 1301 4328 videre
1326 4280 1629 4342 operantem
1656 4311 1669 4333 ,
1698 4279 1752 4323 et
1781 4269 1918 4323 scire
1955 4281 2088 4335 quo-

518 4370 676 4424 modo
702 4375 968 4438 operetur,
991 4365 1226 4434 ejusdem
1266 4371 1348 4418 est
1386 4361 1715 4415 substantiae.
1744 4358 1896 4427 Smpe
1936 4370 2084 4409 nam-

520 4473 623 4530 que
641 4455 965 4512 ostendimus
984 4464 1160 4520 antea,
1182 4451 1522 4507 substantiam
1543 4450 1633 4503 Dci
1652 4453 1912 4504 neminem
1935 4458 2090 4514 posse

517 4555 758 4602 accurate
781 4544 982 4611 videre,
1008 4559 1178 4614 neque
1198 4543 1339 4597 clare
1362 4554 1702 4610 cognoscere,
1726 4538 1827 4591 nisi
1849 4534 2086 4604 ejusdem

516 4639 585 4691 sit
612 4645 834 4693 naturas.
875 4636 1128 4704 Angelum
1158 4643 1302 4691 certe
1349 4631 1488 4690 nuda
1527 4629 1818 4688 substantia
1859 4640 2090 4698 praesen-

1247 383 1298 437 S.
1338 380 1611 437 JOANNIS
1647 376 2111 436 CIIRYSOSTOMI
2148 377 2458 435 ARClllEP.
2498 380 3026 438 CONSTANTINUP.

3651 402 3758 457 256

2197 498 2298 543 tem
2331 489 2509 556 homo,
2551 493 2673 548 licet
2701 508 2885 564 magna
2925 497 3114 551 virtute
3155 506 3392 565 ornatus,
3439 498 3617 554 videre
3648 517 3748 556 non

2189 582 2377 648 potuit,
2427 597 2615 652 nempe
2658 584 2860 637 Daniel.
2905 584 3028 640 ideo
3069 586 3203 641 hanc
3239 589 3387 657 quasi
3435 590 3745 660 singularem

2187 680 2386 724 natura:
2416 685 2526 726 suae
2567 675 2965 742 praerogativam
3015 675 3287 742 efl'ercbat,
3333 677 3516 732 dicens
3545 692 3561 736 :
3591 678 3748 733 Deum

2185 775 2329 812 nemo
2364 761 2487 813 vidit
2528 778 2798 831 umquam;
2825 765 3104 833 unigenitus
3143 765 3324 831 Filius,
3352 770 3435 836 qui
3460 777 3531 822 est
3561 770 3614 822 in
3639 771 3750 824 sinu

2190 845 2377 912 Patris,
2406 850 2512 919 ipse
2537 854 2785 906 enarravit
2827 853 3004 922 (Joan.
3031 856 3081 908 1.
3108 855 3215 924 18).
3241 856 3307 910 Εῑ
3351 873 3557 911 rursum
3585 876 3598 910 :
3634 858 3751 911 Non

2185 939 2318 1007 quod
2357 938 2563 995 Patrem
2609 943 2782 996 uiderit
2809 945 3088 1014 quisquam,
3121 948 3215 998 nisi
3259 947 3301 999 is
3326 949 3410 1015 qui
3451 958 3520 1001 est
3548 966 3580 1001 a
3624 949 3749 1014 Deo,

2185 1031 2270 1084 ille
2297 1031 2416 1085 uidit
2455 1031 2658 1086 Patrem
2700 1035 2876 1102 (Joan.
2904 1035 2955 1089 6.
2986 1034 3095 1104 46).
3137 1035 3246 1090 Etsi
3292 1038 3439 1090 multi
3485 1038 3590 1101 alii,
3626 1054 3751 1106 pro-

2189 1120 2377 1189 pheta,
2422 1121 2752 1190 patriarchae,
2787 1125 2912 1192 justi
2943 1134 2995 1178 et
3023 1126 3193 1193 angeli
3239 1127 3464 1180 viderint
3495 1143 3508 1178 :
3537 1128 3630 1182 sed
3686 1129 3754 1182 de

2187 1210 2418 1280 perfecta
2455 1215 2750 1281 cegnitione
2779 1216 3022 1284 loquitur.
3057 1215 3133 1270 Nc
3159 1218 3332 1285 itaque
3359 1218 3591 1271 dicamus
3630 1233 3752 1271 eum

2188 1309 2311 1356 tunc
2342 1302 2536 1368 facere,
2566 1320 2684 1360 eum
2716 1306 2857 1360 videt
2891 1323 3009 1361 eum
3057 1325 3071 1360 :
3107 1323 3225 1361 nam
3253 1324 3353 1378 qua
3381 1310 3581 1364 ratione
3626 1309 3750 1363 illud

2185 1402 2466 1460 constaret,
2515 1395 2694 1449 Omnia
2738 1414 2824 1466 per
2849 1399 3013 1466 ipsum
3050 1399 3188 1466 facta
3227 1409 3362 1462 sunt,
3412 1409 3458 1452 et
3489 1401 3596 1452 sine
3643 1400 3750 1468 ipso

2186 1485 2374 1553 factum
2398 1494 2469 1537 est
2499 1485 2626 1538 nihil
2652 1485 2824 1555 (loan.
2856 1489 2906 1540 1.
2930 1486 3026 1553 '5)?
3049 1501 3251 1541 necnon
3276 1487 3423 1550 illud,
3455 1487 3621 1557 Opera
3639 1504 3751 1556 qua:

2184 1575 2268 1627 ille
2291 1576 2428 1643 facit,
2461 1575 2566 1629 htec
2607 1586 2652 1628 et
2700 1575 2865 1630 Filius
2893 1578 3121 1630 similiter
3161 1579 3281 1645 facit
3313 1576 3485 1646 (Joan.
3511 1578 3563 1632 5.
3610 1577 3745 1645 i9)?

2185 1667 2314 1721 Nam
2344 1668 2388 1721 si
2432 1669 2670 1722 similiter
2717 1670 2858 1733 facit,
2899 1669 3182 1739 quomodo,
3228 1685 3345 1722 cum
3379 1671 3520 1738 prius
3563 1669 3752 1722 viderit

2185 1756 2353 1819 illum,
2388 1766 2511 1810 tunc
2541 1756 2700 1811 facit?
2739 1757 2966 1812 Necesse
2991 1759 3133 1811 enim
3176 1758 3277 1812 erit
3313 1772 3377 1811 ex
3414 1757 3514 1811 hoc
3553 1767 3640 1810 tuo
3673 1757 3751 1810 di-

2185 1858 2270 1900 cto
2315 1848 2472 1900 etiam
2517 1847 2725 1903 Patrem
2766 1857 2891 1904 tunc
2941 1849 3146 1918 operari
3191 1863 3309 1902 cum
3357 1849 3549 1902 viderit
3591 1848 3750 1901 alium

2186 1949 2526 2007 Operantem;
2568 1939 2617 1994 id
2657 1939 2794 2010 quod
2841 1950 3091 1995 extrema:
3118 1939 3396 1994 dementiae
3436 1939 3753 2008 insanizeque

2187 2026 2361 2083 fuerit.

2256 2119 2309 2172 7.
2349 2118 2454 2174 Sed
2499 2133 2566 2173 ne
2612 2118 2727 2174 haec
2770 2119 3028 2174 imbecilla
3066 2128 3118 2173 et
3155 2118 3380 2173 absurda
3407 2117 3740 2172 confutantes

2185 2223 2482 2263 sermonem
2515 2208 2721 2277 longius
2747 2209 3122 2278 producamus,
3173 2208 3275 2263 hoc
3299 2209 3553 2262 addemus
3582 2224 3598 2262 :
3628 2208 3748 2276 quia

2183 2311 2300 2351 cum
2329 2297 2522 2352 Judazis
2561 2313 2859 2352 sermonem
2891 2298 3135 2361 habebat,
3177 2299 3262 2366 qui
3303 2298 3449 2350 illum
3488 2297 3597 2352 Deo
3622 2313 3751 2352 con-

2186 2388 2403 2441 trariutn
2444 2387 2727 2453 dicebant,
2774 2399 2827 2440 et
2866 2388 3154 2456 legislatori
3183 2386 3481 2447 inimicum,
3523 2385 3664 2456 quod
3687 2402 3752 2440 cx

2184 2478 2249 2530 iis
2290 2492 2407 2546 qua:
2446 2477 2580 2530 facta
2608 2478 2816 2532 fuerant
2845 2478 2916 2532 illi
2946 2477 3293 2546 colligebant,
3327 2478 3403 2530 sic
3430 2478 3515 2531 ille
3544 2491 3750 2531 sermo-

2185 2581 2302 2620 nem
2359 2565 2667 2620 humaniore
2694 2575 2748 2620 et
2775 2567 3038 2621 crassiore
3065 2567 3221 2622 modo
3246 2567 3592 2631 concinnavit,
3631 2581 3754 2635 pru-

2184 2658 2324 2712 dcnti
2369 2657 2593 2710 auditori
2636 2658 2956 2726 relinquens,
2991 2658 3057 2712 de
3085 2657 3168 2711 his
3195 2659 3264 2710 ita
3291 2658 3518 2720 sentire,
3561 2665 3616 2709 ut
3646 2656 3755 2709 Deo

2184 2759 2594 2804 consentaneum
2624 2761 2755 2814 erat,
2786 2760 2838 2803 et
2867 2766 2958 2804 eos
2988 2751 3074 2818 qni
3106 2751 3349 2803 crassiori
3397 2748 3553 2803 modo
3595 2748 3752 2801 intel-

2183 2843 2413 2912 ligebant
2436 2842 2737 2911 corrigens;
2784 2842 3122 2909 quamobrem
3152 2841 3360 2895 dicebat
3392 2857 3406 2895 :
3437 2840 3602 2910 Opera
3622 2840 3754 2893 enim

2182 2947 2290 3002 qua:
2312 2932 2397 2985 ille
2417 2933 2556 3002 facit,
2588 2933 2692 2985 lucc
2725 2941 2770 2985 et
2793 2930 2956 2984 Filius
2979 2931 3204 2984 similiter
3231 2931 3372 3001 facit.
3403 2930 3581 2999 Neque
3611 2931 3752 2984 enim

2183 3032 2474 3094 exspectat,
2507 3023 2674 3077 donec
2703 3022 3109 3076 videritPatrem
3139 3023 3432 3086 facientem,
3456 3032 3508 3073 ut
3533 3029 3656 3074 tunc
3679 3020 3754 3073 fa-

2183 3116 2306 3178 ciat,
2338 3129 2508 3183 neque
2533 3113 2807 3182 disciplina
2835 3126 2966 3181 opus
2992 3111 3147 3166 habet
3176 3127 3191 3165 :
3221 3110 3313 3164 sed
3337 3109 3478 3163 videt
3498 3109 3610 3177 ejus
3631 3109 3754 3162 sub-

2184 3205 2454 3269 stantiam,
2486 3205 2756 3274 ipsamquc
2783 3203 2924 3256 clare
2951 3202 3094 3255 novit
3122 3218 3135 3254 :
3178 3201 3321 3255 Sicut
3343 3199 3482 3254 enim
3517 3199 3650 3251 nouit
3678 3214 3756 3252 me

2185 3296 2358 3360 Pater,
2394 3305 2440 3348 et
2486 3310 2576 3364 ego
2605 3309 2818 3364 agnosco
2847 3293 3055 3345 Patrem
3092 3291 3268 3361 (Joan.
3296 3292 3380 3346 l0.
3413 3289 3499 3358 15)
3528 3307 3540 3354 ;
3575 3290 3751 3343 omnia

2184 3394 2358 3439 autem
2389 3395 2637 3451 operatur
2657 3394 2711 3438 et
2738 3382 2896 3437 efficit
2937 3398 3054 3436 cum
3106 3389 3363 3451 potestate
3406 3381 3504 3450 ipsi
3549 3394 3751 3434 conve-

2185 3473 2369 3539 nienti,
2412 3487 2534 3527 cum
2581 3472 2926 3542 intelligentia
2973 3481 3027 3525 et
3069 3471 3323 3539 sapientia
3369 3471 3537 3538 ipsum
3586 3468 3754 3522 comi-

2187 3572 2357 3630 tante,
2388 3563 2471 3616 cui
2504 3561 2634 3615 nihil
2659 3571 2750 3615 aut
2774 3561 2976 3614 discere
3004 3568 3094 3613 aut
3121 3559 3298 3612 videre
3325 3573 3458 3626 opus
3493 3557 3578 3610 sit.
3608 3557 3753 3622 Quo-

2188 3654 2347 3708 modo
2378 3652 2515 3706 enim
2541 3666 2673 3720 opus
2692 3650 2866 3715 fuerit,
2894 3665 3014 3703 cum
3037 3649 3104 3702 sit
3125 3647 3351 3717 perfecta
3369 3647 3537 3700 Patris
3557 3646 3752 3714 imago,

2186 3753 2239 3799 et
2263 3744 2458 3808 omnia,
2488 3756 2605 3810 qu:e
2636 3741 2745 3806 ille,
2775 3740 3018 3795 similiter
3045 3739 3202 3793 faciat
3225 3747 3276 3790 et
3298 3751 3416 3790 cum
3447 3735 3632 3790 eadem
3660 3749 3755 3802 po-

2186 3833 2412 3889 testate?
2457 3833 2529 3886 De
2576 3840 2836 3902 potestate
2865 3831 3004 3884 enim
3034 3830 3254 3898 loquens
3294 3828 3406 3880 haec
3428 3825 3700 3895 subjunxit
3735 3841 3750 3880 :

2189 3923 2297 3993 Ego
2323 3934 2368 3976 et
2403 3921 2554 3974 Pater
2582 3937 2735 3973 unum
2772 3937 2940 3974 sumus
2981 3918 3158 3988 (Joan.
3191 3917 3276 3972 10.
3303 3917 3414 3987 50).
3448 3917 3569 3970 [hec
3597 3915 3754 3984 igitur

2187 4013 2397 4077 omnia,
2448 4026 2565 4080 qua:
2614 4010 2752 4064 dicta
2806 4018 2965 4075 sunt,
3018 4010 3242 4063 scientes
3275 4017 3327 4061 et
3365 4006 3750 4074 intelligentes,

2189 4116 2492 4157 aversemur
2521 4101 2886 4155 haereticorum
2908 4108 3096 4163 ccetus,
3127 4106 3386 4165 rectaeque
3411 4096 3531 4153 fidei
3560 4107 3752 4166 perpe-

2190 4204 2282 4248 tuo
2310 4195 2621 4260 itaareamus,
2653 4201 2707 4247 et
2751 4201 3046 4245 accuratam
3079 4203 3360 4259 paremque
3387 4187 3639 4240 doctrina:
3678 4183 3756 4236 vi-

2190 4295 2297 4341 tam
2327 4286 2679 4349 instituamus,
2722 4293 2778 4337 ut
2808 4283 2974 4336 futura
3005 4282 3141 4336 bona
3180 4293 3585 4349 consequamur,
3629 4289 3754 4345 gra-

2189 4377 2260 4432 tia
2291 4385 2344 4431 et
2371 4374 2794 4430 miserationibus
2825 4373 3033 4427 Domini
3063 4371 3224 4425 nostri
3253 4370 3376 4424 Jesu
3409 4367 3625 4430 Christi,
3669 4363 3755 4418 cui

2190 4467 2357 4538 gloria
2385 4476 2436 4522 e:
2461 4466 2759 4535 imperium,
2792 4480 2892 4518 una
2923 4479 3041 4519 cum
3073 4463 3224 4516 Patre
3252 4471 3305 4516 et
3329 4459 3526 4529 Spiritu
3549 4466 3754 4523 sancto,

2193 4573 2335 4614 nunc
2360 4565 2413 4613 et
2441 4571 2672 4628 semper,
2702 4563 2756 4612 et
2785 4556 2837 4610 in
2861 4555 3054 4610 saecula
3082 4552 3412 4607 saeculorum.
3450 4551 3644 4605 Amen.

531 5122 3723 5159 mm

1932 5270 2306 5330 MONITUM

596 5394 982 5472 fiam-quoque
1031 5394 1306 5472 homiliam
1340 5397 1482 5449 eruit
1523 5394 1923 5472 lau_datissimus
1955 5393 2036 5444 vir
2079 5393 2266 5472 Ericus
2300 5390 2580 5444 Benzelius
2619 5406 2682 5472 ex
2728 5391 3017 5472 Qodicibus
3053 5393 3360 5472 Anglicanis
3401 5404 3456 5453 et
3499 5395 3730 5472 Upsalitn

525 5464 710 5518 edidit.
745 5460 841 5517 Est
876 5460 1053 5515 autem
1077 5501 1089 5519 .
1126 5463 1266 5530 quod
1313 5474 1521 5531 spectat
1566 5465 1684 5532 ejus
1717 5472 1924 5531 partem
1954 5461 2366 5532 noniminimam
2393 5499 2408 5522 ,
2451 5460 2773 5532 praecedenti
2805 5477 2914 5514 non
2961 5460 3256 5516 dissimilis.
3287 5465 3436 5518 Licet
3478 5460 3620 5518 enim
3659 5467 3728 5520 de

527 5532 958 5601 Melchisedeco,
987 5540 1045 5584 ut
1076 5533 1178 5586 fert
1208 5530 1485 5600 inscriptio
1509 5575 1524 5598 ,
1556 5530 1762 5601 agatur,
1797 5547 1922 5601 non
1949 5530 2377 5601 minimatatnen
2412 5544 2535 5601 pars
2575 5530 3031 5601 homiligcontra
3068 5532 3357 5586 Anomoeos
3393 5543 3493 5586 est.
3526 5535 3730 5588 Deinde

527 5616 657 5655 vero
688 5609 874 5670 contra
912 5597 1726 5670 Melchisedecitas'disputatur.
1755 5601 1844 5666 qui
1876 5600 2125 5670 dicebant
2155 5598 2600 5670 Melchisedecttm
2625 5613 2743 5670 esse
2758 5597 2901 5670 Filio
2932 5599 3186 5670 majorem
3215 5616 3237 5670 :7
3260 5601 3346 5653 alii
3370 5611 3546 5655 autem
3575 5613 3730 5669 puta-

524 5670 658 5723 bant
686 5685 807 5724 esse
836 5669 1093 5738 Spiritum
1128 5678 1369 5738 sanctum
1395 5687 1415 5738 ;
1450 5665 1509 5722 ui
1550 5672 1707 5724 docet
1743 5665 2270 5738 etiamEpiphanius
2308 5665 2505 5720 Hairesi
2529 5667 2616 5730 46,
2645 5668 2716 5721 al.
2753 5669 2842 5730 55,
2873 5665 3097 5738 quodin
3129 5669 3271 5723 notis
3300 5670 3527 5738 dicimus
3566 5665 3725 5725 infra.

529 5738 669 5798 Cave
689 5736 1051 5811 autem’putes
1073 5740 1210 5796 hanc
1239 5738 1292 5794 in
1319 5737 1769 5795 Mclchisedecum
1794 5737 2064 5793 homiliam
2081 5750 2196 5793 eam
2221 5750 2360 5801 esse,
2385 5750 2544 5806 quam
2568 5744 2952 5793 commemorat
2984 5736 3398 5808 Cbrysostomns
3424 5737 3478 5793 in
3500 5740 3728 5796 Homilia
