4032 6220
183 373 291 426 255

175 465 475 534 ἀκριδείας,
498 463 614 516 τότε
641 465 846 517 εἴσεσθε
869 463 1030 516 αὑτοῦ
1063 464 1159 533 τὴν
1189 465 1383 533 πολλὴν
1423 463 1693 532 ἐγγύτητα
1721 465 1818 531 τὴν

177 550 308 619 πρὸς
335 551 425 602 τὸν
453 551 833 618 γεγεννηκότα,
859 550 917 602 τὸ
941 551 1351 616 ἀπαράλλακτον
1389 550 1488 618 τῆς
1517 549 1718 610 οὐσίας,
1760 550 1820 600 τὸ

175 636 427 706 τοιαύτης
467 636 622 687 αὑτὸν
652 633 789 687 εἶναι
834 635 1036 698 οὐσίας,
1072 638 1186 698 οἵας
1211 637 1300 688 καὶ
1326 639 1352 688 ό
1395 637 1601 704 Πατήρ.
1638 635 1700 685 Τί
1731 631 1821 688 οῦν

178 725 291 774 ἐστι
327 735 353 760 ι
383 722 459 782 τὸ,
486 725 566 774 Οὺ
593 720 835 774 δύναται
859 722 956 789 ἀφ’
987 722 1232 784 ἐαυτοῦ;
1264 723 1422 774 Ἵδιόν
1467 740 1518 772 τι
1560 721 1708 789 παρὰ
1733 722 1818 772 τὸν

181 809 396 877 Πατέρα
449 810 637 868 ποιεῖν,
697 808 755 858 οὐ
805 807 1020 859 δύναται
1072 807 1216 870 ξένον
1279 808 1370 859 καὶ
1424 806 1821 878 κεχωρισμένον

180 895 328 964 παρά
374 895 462 946 τὸν
504 895 715 964 Πατέρα
765 897 952 955 ποιεῖν,
987 895 1111 946 οὐδὲν
1131 895 1554 964 ἠλλοτριωμένον
1589 911 1639 945 τι
1667 894 1823 962 ποιῆ-

181 998 288 1045 σαι,
307 983 426 1034 οὐδὲ
443 982 566 1034 ἀλλο
581 1000 629 1034 τι
649 1000 721 1033 πα
732 985 774 1050 ρ’
791 982 818 1033 ὂ
833 985 973 1033 ποιεῖ
991 985 1016 1034 ό
1034 984 1238 1050 Πατήρ·
1263 981 1296 1034 ἆ
1318 983 1424 1050 γάρ
1439 984 1640 1035 ἐκεῖνος
1659 984 1818 1045 ποιεῖ,

177 1063 347 1119 ταῦτα
377 1068 467 1121 καὶ
492 1064 642 1130 οὗτος
668 1071 825 1120 ποιεῖ.
852 1069 921 1119 Τὸ
943 1065 1055 1131 οὖν,
1099 1068 1221 1135 Ἀφ’
1254 1068 1466 1120 ἑαυτοῦ
1485 1071 1554 1120 οὺ
1577 1067 1820 1121 δύναται

181 1154 393 1214 ποιεῖν,
430 1154 527 1206 οὐκ
569 1154 874 1223 ἐλευθερίας
909 1155 1200 1222 ἀναίρεσις,
1225 1155 1340 1205 οὐδὲ
1371 1155 1612 1216 ἐξουσίας
1637 1155 1825 1221 ἀφανι-

183 1241 338 1308 σμὸς,
373 1240 484 1291 ἀλλ’
507 1241 752 1308 ὁμονοίας
769 1239 1056 1303 ἀπόδειξις,
1085 1242 1174 1293 καὶ
1198 1243 1506 1310 συμφωνίας
1532 1242 1820 1309 μαρτυρία,

183 1328 275 1379 καὶ
332 1327 588 1397 ἀκριϐοῦς
625 1327 938 1394 ἐγγύτητος,
993 1327 1086 1378 καὶ
1135 1326 1535 1395 ἀπαραλλαξίας
1582 1331 1821 1396 σημεῖον.

194 1411 412 1481 Ἐπειδὴ
439 1412 539 1482 γὰρ
569 1412 628 1463 τὸ
656 1412 918 1464 σάϐϐατον
947 1411 1120 1474 ἔλυσε,
1166 1413 1256 1464 καὶ
1297 1414 1637 1483 παρανομίαν
1679 1413 1825 1482 αύτῷ

183 1498 467 1551 ἐνεκάλουν
491 1497 732 1563 λέγοντες
752 1514 765 1526 '
786 1494 949 1549 Ἀλλα
970 1495 1067 1564 μέν
1085 1500 1110 1550 ό
1136 1497 1266 1558 Θεὸς
1296 1498 1570 1559 ἐπέταξεν,
1611 1498 1742 1550 ἄλλα
1769 1499 1824 1550 δέ

185 1584 250 1635 σὺ
284 1585 453 1644 ποιεῖς
480 1598 492 1610 ·
524 1583 723 1650 ταύτην
747 1585 1071 1652 ἐμφράττων
1110 1583 1285 1635 αὐτῶν
1324 1582 1418 1652 τὴν
1445 1585 1824 1652 ἀναισχυντίαν

183 1668 331 1736 λέγει
354 1682 368 1697 ⁸
389 1670 498 1724 Οὐκ
519 1668 661 1721 ἐστιν
691 1669 779 1721 ὑπ’
811 1667 941 1737 ἐμοῦ
966 1667 1089 1720 ἄλλο
1120 1686 1168 1720 τι
1203 1669 1560 1736 γεγενημένον
1591 1671 1737 1738 παρὰ
1766 1672 1826 1720 τὸ

183 1757 468 1824 γενόμενον
495 1755 598 1807 ὑπὸ
620 1754 712 1807 τοῦ
743 1755 950 1821 Πατρός
969 1771 982 1784 ·
1013 1754 1129 1806 ούδέ
1151 1756 1384 1816 ἐναντίος
1405 1755 1563 1806 αὑτοῦ
1590 1757 1702 1823 εἰμι
1737 1759 1827 1808 καὶ

185 1839 459 1908 πολέμιος.
491 1840 551 1892 EI
579 1839 635 1891 δέ
672 1840 743 1908 μὴ
770 1838 940 1902 οὕτως
981 1834 1152 1904 εἶπεν,
1199 1839 1312 1891 ἀλλ’
1357 1839 1826 1910 ἀνθρωπινώτερον

184 1925 278 1976 καὶ
299 1925 598 1995 παχύτερον
629 1927 716 1977 τὸν
745 1925 896 1993 λόγον
917 1926 1292 1996 ἐσχημάτιζεν,
1320 1928 1566 1996 ἐννόησον
1592 1929 1670 1979 ὃτι
1697 1927 1829 1995 πρὸς

198 2011 481 2072 Ἰουδαίους
519 2011 801 2078 διελέγετο,
846 2014 968 2074 τοὺς
1003 2013 1238 2066 ἀντίθεον
1285 2013 1443 2065 αὑτὸν
1493 2014 1824 2082 νομίζοντας.

185 2098 283 2150 Διά
305 2114 387 2149 τοι
422 2097 576 2149 τοῦτο
607 2099 699 2150 καὶ
732 2099 937 2167 ταχέως
977 2101 1267 2170 ἐπήγαγεν,
1314 2101 1394 2152 ἵνα
1438 2101 1620 2168 μηδεὶς
1667 2101 1830 2170 μηδὲν

183 2185 418 2236 τοιοῦτον
442 2185 748 2254 ὑποπτεύσῃ
769 2201 780 2212 ·
807 2184 955 2255 [264]
980 2188 1052 2240 Τὰ
1073 2187 1178 2254 γὰρ
1191 2187 1348 2254 ἔργα,
1363 2185 1398 2238 ἁ
1417 2186 1641 2250 ἐκεῖνος
1657 2185 1826 2248 ποιεῖ,

187 2270 369 2323 ταῦτα
395 2271 492 2323 καὶ
531 2275 562 2325 ό
597 2273 725 2336 Υἱὸς
754 2276 963 2340 ὁμοίως
1002 2273 1166 2326 ποιεῖ.
1213 2274 1273 2324 Et
1301 2273 1357 2324 δὲ
1393 2273 1555 2342 μηδὲν
1581 2275 1671 2340 αφ’
1703 2275 1830 2324 ἐαυ-

184 2357 276 2407 τοῦ
311 2359 474 2418 ποιεῖ,
509 2358 620 2419 πῶς
647 2359 844 2426 ὁμοίως
877 2359 1048 2422 ποιεῖ;
1080 2359 1151 2415 Ού
1183 2359 1288 2428 γὰρ
1314 2359 1372 2411 τὸ
1406 2360 1621 2428 ποιῆσαι
1655 2359 1793 2427 μέγα
1813 2373 1827 2387 °

185 2441 341 2494 τοῦτο
370 2443 478 2511 γάρ
521 2443 612 2494 καὶ
647 2445 692 2494 οί
723 2442 1002 2494 ἀπόστολοι
1046 2443 1276 2504 ἐποίουν,
1327 2443 1550 2510 νεκροὺς
1594 2442 1829 2510 ἧγειρον,

185 2528 418 2597 λεπροὺς
443 2529 725 2598 ἐκάθηρον,
756 2529 868 2582 ἀλλ’
911 2530 1006 2597 οὐχ
1065 2531 1292 2598 Ὁμοίως
1330 2529 1402 2590 ῶς
1438 2529 1616 2589 αὑτός.
1676 2526 1833 2578 Ἀλλά

187 2614 301 2675 πῶς
332 2617 556 2680 ἐκεῖνοι;
595 2618 654 2668 Τί
686 2616 827 2683 ἡμῖν
855 2617 1195 2683 προσέχετε,
1234 2617 1311 2679 ὡς
1348 2616 1462 2680 ἰδίῃ
1501 2613 1744 2681 δυνάμει
1793 2614 1830 2679 ἢ

186 2699 436 2765 ἐξουσίᾳ
471 2705 821 2768 πεποιηκόσι
853 2701 954 2754 τοῦ
981 2702 1319 2768 περιπατεῖν
1353 2704 1574 2762 αὺτόν;
1617 2702 1736 2762 Πῶς
1778 2699 1832 2754 δὲ

199 2785 434 2855 Ἰησοῦς;
478 2787 610 2839 Ἵνα
650 2787 862 2852 εἰδῆτε,
896 2787 982 2840 ὅτι
1017 2788 1306 2852 ἐξουσίαν
1336 2789 1459 2856 ἔχει
1489 2791 1519 2839 ὀ
1562 2787 1689 2852 Υἱὸς
1727 2786 1834 2840 τοῦ

186 2872 495 2938 ἀνθρώπου
528 2875 1064 2971 ἀφιέναιιὰμαρτίας
1092 2875 1186 2926 ἐπὶ
1222 2874 1328 2940 τῆς
1361 2873 1470 2941 γῆς
1490 2889 1502 2902 ·
1543 2875 1634 2925 καὶ
1677 2874 1834 2926 πάλιν

187 2958 279 3008 ἐπὶ
327 2958 424 3026 τῆς
476 2958 581 3008 τῶν
621 2958 828 3028 νεκρῶν
868 2961 1208 3024 ἀναστάσεως
1234 2977 1247 2990 ·
1283 2961 1503 3026 Ὥσπερ
1538 2963 1568 3012 ό
1634 2960 1833 3026 Πατὴρ

188 3042 394 3108 ἐγείρει
425 3043 564 3107 τοὺς
597 3046 843 3111 νεκροὺς
877 3046 972 3098 ναὶ
1005 3045 1280 3106 ζωοποιεῖ,
1310 3045 1492 3107 οὕτως
1519 3045 1612 3096 καὶ
1643 3047 1675 3096 ὀ
1708 3045 1836 3107 Υἱὸς

190 3127 291 3192 οὓς
318 3128 773 3188 θέλειζωοπτιεῖ.
813 3133 1003 3183 Καίτοι
1043 3133 1198 3202 ἢρκει
1227 3132 1307 3191 τὸ,
1347 3130 1528 3190 Οῦτως
1553 3148 1564 3160 ’
1615 3129 1726 3181 ἀλλ’
1774 3133 1834 3181 ἐκ

192 3216 506 3282 περιουσίας
535 3215 628 3283 τὴν
651 3216 1022 3284 ἀναισχυντίαν
1037 3218 1142 3268 τῶν
1160 3218 1474 3284 φιλονεικεῖν
1507 3215 1835 3283 βουλομένων

193 3300 548 3360 ἀναστέλλων,
583 3302 674 3353 καὶ
703 3301 782 3364 τὸ,
814 3302 977 3354 Θέλει
1000 3343 1013 3364 ,
1056 3303 1360 3374 προσέθηκε
1387 3344 1399 3365 ,
1428 3303 1582 3372 δῆλον
1614 3305 1692 3354 ὅτι
1722 3304 1835 3371 μετ’

193 3385 440 3449 ἐξουσίας
488 3388 716 3457 ἀπάσης.
775 3390 869 3442 Διά
914 3388 1067 3440 τοῦτό
1106 3405 1266 3457 φησι·
1320 3390 1392 3443 Τὰ
1451 3389 1557 3456 γὰρ
1593 3391 1752 3456 ἔργα.
1802 3387 1840 3441 d

193 3469 424 3534 ἐκεῖνος
462 3473 638 3524 ποιεῖ·
689 3474 785 3525 οὐκ
825 3470 962 3537 εἶπε,
1017 3475 1238 3528 τοιαῦτα
1294 3477 1382 3527 καὶ
1420 3479 1452 3528 ό
1509 3477 1637 3540 Υἱὸς
1667 3475 1838 3538 ποιεῖ,

193 3556 308 3609 ἀλλ’
339 3558 476 3609 αὒτά
502 3560 678 3611 ἐκεῖνα
708 3562 739 3612 d
771 3560 899 3624 Υἱὸς
942 3562 1109 3614 ποιεῖ.
1159 3562 1358 3613 Πάντα
1403 3563 1508 3628 γὰρ
1552 3561 1624 3613 δι’
1657 3562 1840 3614 αὑτοῦ

191 3642 449 3710 ἐγένετο,
492 3645 585 3696 καὶ
627 3647 799 3712 χωρὶς
850 3649 1031 3700 αὐτοῦ
1077 3648 1309 3716 ἐγένετο
1357 3648 1496 3701 οὐδὲ
1534 3649 1620 3700 ἓν.
1681 3650 1840 3718 Ὁρᾷς

196 3728 317 3790 πῶς
365 3730 589 3783 συνωθεῖ
631 3731 720 3784 τὸν
764 3731 915 3799 λόγον
956 3735 1034 3794 είς
1076 3735 1274 3803 ἀκριϐῆ
1303 3736 1329 3775 δ
1353 3752 1468 3787 τινα
1495 3736 1716 3804 ἐνότητα
1751 3737 1841 3787 καὶ

196 3814 490 3879 συνάφειαν
520 3816 611 3867 καὶ
638 3816 927 3886 ἐγγύτητα,
953 3821 1010 3869 ού
1047 3821 1266 3872 τοιαῦτα
1301 3820 1485 3885 λέγων,
1519 3821 1836 3884 ἁλλ’,Αὺτὰ,

193 3899 314 3960 καὶ,
364 3899 611 3966 Ὁμοίως,
651 3901 838 3968 λέγων,
879 3904 950 3966 ὼς
992 3904 1205 3975 Πατήρς
1242 3908 1337 3958 Διὰ
1368 3907 1428 3976 δὴ
1467 3907 1618 3958 τοῦτο
1659 3910 1749 3959 καὶ
1785 3910 1841 3959 ἐν

191 3987 266 4052 τῇ
325 3987 716 4052 συγκαταϐάσει
764 3990 854 4041 τοῦ
914 3991 1066 4057 λόγου
1125 3993 1469 4061 σχηματίζων
1514 3996 1692 4058 αὑτὸν,
1751 3995 1842 4045 καὶ

195 4072 318 4122 ἐκεῖ
353 4074 486 4140 μετά
538 4076 830 4143 ἀσφαλείας
877 4079 1072 4148 πολλῆς
1126 4081 1387 4149 ἐχρήσατο
1439 4084 1500 4150 τῇ
1535 4084 1706 4150 ῥήσει.
1768 4083 1838 4133 Οὐ

191 4157 309 4226 γάρ
349 4153 515 4222 εἷπεν,
561 4162 652 4213 ἐὰν
703 4167 773 4231 μή
826 4181 874 4215 τι
927 4166 1231 4234 διδάσκηται
1277 4171 1424 4236 παρὰ
1468 4168 1558 4219 τοῦ
1612 4169 1837 4236 Πατρδς,

196 4243 289 4294 τνα
360 4245 432 4314 μὴ
517 4247 880 4315 μαθητεύοντα
963 4254 1120 4304 αὑτὸν
1193 4256 1522 4323 είσαγάγης’
1569 4256 1684 4305 οὐδὲ
1762 4252 1841 4307 εί-

195 4345 323 4391 πεν,
355 4331 445 4382 ἐὰν
475 4336 545 4404 μή
571 4351 620 4385 τι
649 4336 952 4405 κελεύηται,
979 4340 1060 4390 ἴνα
1086 4340 1159 4410 μὴ
1182 4341 1276 4408 τῆς
1299 4342 1400 4392 τῶν
1424 4342 1618 4392 δούλων
1641 4343 1842 4407 τάξεως

196 4419 551 4494 ὑποπτεύσῃς
576 4438 589 4452 ·
621 4422 774 4487 ἀλλὰ,
801 4426 898 4476 Ἂν
930 4425 1007 4491 μή
1031 4443 1083 4478 τι
1110 4427 1313 4494 ,βλέπῃ
1341 4429 1444 4479 τὸν
1475 4430 1699 4495 Πατέρα
1726 4447 1844 4482 ποι⁹

197 4503 409 4557 οῦι-οτα.
459 4508 566 4558 Καὶ
596 4509 749 4561 τοῦτο
789 4510 844 4564 δέ
895 4511 1024 4564 αὐτὸ
1072 4512 1270 4581 πολλῆς
1306 4514 1438 4581 πρὸς
1487 4516 1575 4566 τὸν
1629 4517 1843 4584 Πατέρα

196 4590 522 4659 ἐγγύτητος,
568 4597 658 4647 καὶ
702 4595 869 4658 οὕτως
909 4599 1210 4668 εἰρημένον.
1251 4602 1310 4650 EI
1354 4602 1457 4668 γάρ
1496 4602 1711 4654 δύναται
1754 4603 1844 4653 τὸν

268 4677 408 4748 inc
429 4681 643 4748 quaedam
669 4683 873 4732 deenant
909 4683 958 4730 in
998 4685 1282 4733 Benzeliana
1306 4687 1444 4744 edin,
1479 4700 1588 4746 quae
1640 4699 1700 4734 ex
1759 4687 1847 4737 Οι-

199 4738 307 4787 tob.
340 4743 559 4788 restituta
583 4750 713 4790 sunt.

194 4800 646 4923 plzni'ﬂiquwdam
686 4805 865 4852 desunt
899 4807 947 4852 In
970 4805 1185 4866 BenzeI.,
1227 4819 1337 4866 qua
1391 4819 1450 4854 ex
1514 4807 1679 4858 Ottob.
1736 4822 1848 4871 sup-

1123 372 1190 426 ΙΝ
1224 371 1448 436 ILLUD,
1489 370 1708 426 FILIUS
1743 371 1833 425 EX
1873 371 1955 425 SE
1989 369 2170 424 NIHIL
2219 371 2440 438 FACIT,
2475 372 2627 428 ETC.

3433 365 3546 420 256

1923 465 2136 533 Πατέρα
2165 467 2294 534 όρᾷν
2325 463 2707 533 ἐργαζόμενον,
2749 461 2842 515 καὶ
2876 462 3072 514 εἰδέναι
3101 460 3214 521 πῶς
3245 459 3566 529 ἐργάζηται,

1921 552 2014 618 τῆς
2052 551 2218 618 αὐτῆς
2257 552 2402 601 ἐστιν
2427 551 2629 612 οὐσίας.
2663 549 2924 612 Πολλάκις
2969 550 3076 616 γὰρ
3119 549 3210 599 καὶ
3259 547 3566 616 ἔμπροσθεν

1920 636 2293 704 ἀπεδείξαμεν,
2343 637 2422 687 ὅτι
2467 637 2651 686 οὐσίαν
2698 636 2867 696 οὐδεὶς
2921 635 3048 686 ίδεῖν
3099 635 3377 685 δύναταιε
3430 634 3568 702 μετά

1922 721 2221 790 ἀκριϐείας,
2270 721 2387 771 ούδέ
2437 720 2636 786 γνῶναι
2667 721 2869 786 σαφῶς,
2899 721 2995 772 ἐὰν
3035 719 3107 788 μὴ
3141 720 3237 788 τῆς
3267 718 3436 787 αὐτῆς
3472 717 3566 783 φύ-

1924 819 2058 862 σεως
2173 803 2432 869 Ἀγγελον
2462 802 2592 869 γοῦν
2630 805 2806 870 γυμνῇ
2841 805 2907 870 τῇ
2943 802 3097 868 οὐσία
3127 799 3564 868 παραγενόμενον

1922 887 2202 953 ἄνθρωπος
2237 887 2361 939 ἰδεῖν
2395 888 2492 938 οὐκ
2525 887 2758 955 ἠδυνήθη
2780 927 2793 943 .
2838 886 2929 937 καὶ
2978 885 3148 937 ταῦτα
3189 884 3352 952 πολλῇ
3396 885 3559 953 ἀρετῇ

1921 973 2326 1041 κεκοσμημένος
2355 975 2381 1024 ὁ
2408 973 2620 1040 Δανιὴλ.
2649 972 2745 1022 Διά
2762 970 2823 1039 δὴ
2846 971 3000 1021 τοῦτο
3021 970 3095 1029 ὡς
3121 969 3390 1037 ἐξαίρετον
3413 969 3569 1021 τοῦτο

1922 1057 1979 1110 ὃν
2005 1060 2161 1110 αύτοτ
2159 1081 2166 1102 ι
2197 1059 2293 1127 τῆς
2314 1059 2523 1126 φύσεως
2545 1058 2707 1110 ἐτίθει
2727 1057 2897 1124 λέγων
2917 1073 2930 1085 ·
2963 1055 3108 1108 Θεὸν
3127 1055 3322 1119 οὐδεὶς
3352 1053 3572 1120 ἑώρακε

1925 1145 2155 1199 πώποτε
2178 1164 2190 1176 ·
2223 1150 2254 1198 ὀ
2279 1145 2612 1213 μονογενὴς
2632 1144 2778 1207 Υἱὸς,
2808 1147 2839 1195 ό
2861 1140 2945 1193 ὢν
2969 1144 3054 1204 εις
3081 1141 3186 1192 τὸν
3207 1143 3438 1192 κόλπον
3467 1140 3569 1192 τοῦ

1928 1234 2169 1298 Πατρός,
2201 1233 2426 1296 ἐκεῖνος
2446 1230 2801 1298 ἐξηγήσατο.
2837 1229 2945 1281 Καὶ
2976 1227 3135 1278 πάλιν
3155 1243 3167 1256 ο
3197 1229 3319 1294 Οὐχ
3349 1226 3435 1278 ὅτι
3464 1225 3572 1279 τὸν

1926 1317 2152 1384 Πατέρα
2184 1335 2271 1381 τις
2297 1318 2573 1384 ἑώρακεν,
2604 1321 2652 1369 εί
2677 1316 2760 1384 μὴ
2789 1319 2819 1367 ό
2851 1315 2932 1366 ὢν
2955 1315 3111 1381 παρὰ
3138 1313 3241 1366 τοῦ
3267 1313 3432 1369 Θεοῦ.
3468 1314 3572 1365 αὑ-

1925 1405 2025 1466 τὸς
2054 1403 2271 1468 ἑώρακε
2291 1404 2394 1455 τὸν
2421 1402 2669 1470 Πατέρα.
2692 1401 2883 1454 Καίτοι
2915 1399 3096 1452 πολλοὶ
3126 1394 3263 1450 εῐδον
3287 1399 3378 1450 καὶ
3400 1397 3569 1462 ἄλλοι,

1927 1489 2221 1558 προφῆται,
2275 1490 2368 1542 καὶ¹
2410 1489 2762 1559 πατριάρχαι,
2813 1488 2905 1539 καὶ¹
2938 1487 3152 1547 δίκαιοι,
3189 1484 3283 1536 καὶ
3316 1484 3567 1550 ἄγγελοι·

1927 1574 2061 1626 ἀλλὰ
2089 1576 2186 1644 τὴν
2220 1575 2418 1646 ἀκριϐῆ
2451 1576 2594 1642 λέγει
2619 1574 2838 1642 γνῶσιν.
2883 1572 2957 1624 oo
2995 1573 3100 1640 μὴν
3138 1569 3291 1622 τοῦτο
3322 1568 3570 1637 ἐροῦμεν,

1928 1662 2007 1712 ὅτι
2041 1660 2248 1729 βλέπων
2270 1662 2427 1712 αὑτὸν
2460 1661 2578 1712 τότε
2605 1661 2747 1710 ποιεῖ
2765 1675 2777 1687 ο
2812 1658 2934 1710 ἐπεὶ
2958 1658 3036 1722 τὸ,
3068 1656 3268 1709 Πάντα
3293 1656 3364 1706 δι’
3387 1652 3573 1707 αὑτοῦ

1928 1747 2179 1814 ἐγένετο,
2220 1747 2315 1799 καὶ
2363 1747 2535 1814 χωρὶς
2567 1744 2750 1798 αὑτοῦ
2787 1744 3018 1812 ἐγένετο
3056 1741 3192 1795 οὐδὲ
3221 1741 3309 1802 ἓν,
3358 1740 3474 1802 πῶς
3508 1740 3574 1792 ἂν

1929 1833 2038 1901 ἔχοι
2087 1831 2267 1898 λόγον;
2310 1833 2400 1884 καί¹
2436 1832 2516 1894 τὸ,
2554 1831 2628 1883 Τὰ
2667 1831 2826 1897 ἔργα,
2857 1828 2893 1881 ἀ
2918 1827 3147 1891 ἐκεῖνος
3187 1825 3356 1887 ποιεῖ,
3389 1825 3575 1878 ταῦτα

1928 1918 2025 1971 καί
2061 1920 2093 1969 ό
2136 1915 2262 1981 Υἱὸς
2292 1918 2500 1984 ὁμοίως
2538 1915 2726 1977 ποιεῖ;
2767 1916 2827 1966 EE
2863 1914 2970 1982 γάρ
3021 1913 3220 1982 ὁμοίως
3262 1913 3423 1972 ποιεῖ,
3459 1910 3572 1973 πῶς

1932 2003 2138 2073 βλέπων
2174 2002 2332 2056 αὑτὸν
2363 2002 2627 2072 πρότερον
2652 2001 2772 2053 τότε
2801 2003 2942 2052 ποιεῖ
2968 2017 2981 2063 ;
3025 2000 3261 2067 Ἀνάγκη
3288 1999 3394 2068 γὰρ
3424 1997 3574 2048 ἔσται

1930 2089 2071 2142 κατά
2115 2091 2203 2142 τὸν
2240 2090 2328 2141 σὸν
2358 2087 2534 2154 λόγον,
2581 2087 2674 2138 καὶ
2707 2086 2794 2137 τὸν
2828 2085 3046 2152 Πατέρα
3089 2083 3348 2151 βλέποντα
3389 2083 3574 2152 ἕτερον

1931 2174 2290 2246 ἐργαζόμενον
2337 2172 2506 2235 οῦτως
2536 2175 2740 2224 ποιεῖν·
2787 2171 2920 2240 ὅπερ
2964 2169 3196 2239 ἐσχάτης
3239 2169 3433 2238 μανίας
3480 2166 3577 2219 καὶ

1931 2260 2112 2321 ἀνοίας
2136 2259 2299 2311 ἐστίν.

2013 2345 2150 2397 Ἀλλ’
2179 2345 2262 2396 ἵνα
2297 2342 2369 2414 μὴ
2393 2341 2459 2394 τὰ
2482 2341 2675 2411 ἀσθενῆ
2701 2341 2869 2393 ταῦτα
2897 2340 3253 2410 διελέγχοντες
3277 2340 3368 2392 καὶ
3381 2340 3572 2400 ἄτοπα,

1935 2429 2259 2498 μηκύνωμεν
2292 2426 2380 2480 τὸν
2411 2426 2585 2494 λόγον,
2623 2428 2794 2479 ἐκεῖνο
2824 2425 3082 2496 ἐροῦμεν·
3118 2427 3195 2477 ὅτι
3235 2425 3418 2493 ἐπειδὴ
3444 2424 3576 2492 πρὸς

1945 2516 2228 2578 Ἰουδαίους
2255 2515 2282 2566 ὁ
2320 2514 2474 2581 λόγος
2507 2509 2573 2583 ἧν
2607 2512 2775 2580 αὐτῷ,
2810 2515 2932 2574 τοὺς
2960 2512 3202 2564 ἀντίθεον
3241 2512 3400 2562 αὐτὸν
3440 2506 3578 2561 εἶναι

1932 2601 2189 2668 λέγοντας
2218 2601 2312 2653 καὶ
2337 2601 2590 2668 πολέμιον
2619 2598 2694 2666 τῷ
2725 2598 3006 2667 νομοθέτῃ,
3044 2599 3134 2649 καὶ
3161 2597 3265 2648 ἀπὸ
3296 2598 3402 2648 τῶν
3433 2612 3579 2662 γινο-

1937 2690 2111 2757 μένων
2139 2688 2294 2740 τοῦτο
2337 2686 2708 2752 συλλέγοντας,
2745 2685 2832 2736 διὰ
2864 2683 3018 2735 τοῦτο
3043 2681 3191 2753 [265]
3220 2683 3390 2744 οὕτως
3416 2684 3578 2750 ἐσχη-

1938 2777 2132 2845 μάτισε
2170 2775 2260 2826 τὸν
2307 2774 2461 2840 λόγον
2497 2771 2972 2840 ἀνθρωπινώτερον
3012 2771 3103 2820 καὶ
3135 2769 3452 2836 παχύτερον,
3501 2767 3580 2836 τῷ

1938 2858 2138 2926 συνετῷ
2183 2859 2420 2926 ἀκροατῇ
2473 2857 2890 2923 καταλιμπάνων
2926 2854 3118 2904 είδέναι
3169 2853 3264 2920 τὴν
3304 2852 3578 2920 θεοπρεπῆ

1935 2945 2160 3008 ἐννοιαν,
2188 2945 2279 2994 καὶ
2306 2943 2429 3003 τοὺς
2451 2941 2751 3010 παχύτερόν
2770 2957 2820 2990 τι
2849 2937 3156 2998 ἐννοοῦντας
3171 2936 3547 3007 διορθούμενος
3565 2954 3577 2966 ·

1934 3027 2014 3079 διὸ
2053 3028 2219 3094 ἔφησε
2241 3041 2254 3055 ·
2295 3025 2368 3077 Τὰ
2396 3023 2503 3089 γὰρ
2523 3023 2664 3088 ἔργα
2687 3023 2722 3072 ἃ
2755 3019 2981 3083 ἐκεῖνος
3009 3019 3180 3080 ποιεῖ,
3213 3019 3393 3070 ταῦτα
3424 3018 3519 3069 καὶ
3549 3019 3582 3068 ό

1945 3114 2075 3176 Υἱὸς
2109 3113 2314 3179 ὁμοίως
2345 3109 2514 3161 ποιεῖ.
2564 3108 2636 3160 Οὐ
2671 3107 2777 3174 γάρ
2825 3106 2886 3174 δὴ
2930 3107 3183 3172 ἀναμένει
3228 3105 3316 3155 τὸν
3364 3104 3582 3174 Πατέρα

1943 3196 2067 3248 ίδεῖν
2085 3194 2465 3265 ἐργαζόμενον,
2489 3192 2579 3242 καὶ
2601 3189 2719 3240 τότε
2743 3190 2902 3250 ποιεῖ,
2922 3186 3358 3265 ούδέᾲμαθητείας
3380 3185 3547 3265 δεῖται
3564 3198 3579 3212 ⁶

1938 3275 2052 3327 ἀλλ’
2074 3261 2174 3344 δρᾷ
2209 3274 2306 3342 μὲν
2340 3270 2501 3323 αὑτοῦ
2527 3279 2620 3339 την
2653 3269 2856 3330 οὐσίαν,
2883 3267 2973 3318 καὶ
3012 3261 3149 3318 οἶδεν
3179 3266 3342 3334 αὐτὴν
3365 3264 3545 3331 σαφῶς
3564 3280 3579 3295 ·

1938 3358 2210 3422 Καθάπερ
2238 3356 2345 3424 γὰρ
2369 3353 2639 3423 γινώσκει
2659 3368 2754 3419 με,
2791 3351 2972 3419 φησιν,
3006 3353 3036 3402 ὸ
3063 3348 3284 3414 Πατὴρ,
3313 3347 3470 3416 κάγὼ
3498 3364 3584 3413 τι·

1939 3444 2148 3497 νώσκω
2171 3442 2275 3494 τὸν
2297 3439 2522 3505 Πατέρα
2543 3456 2554 3467 ·
2583 3437 2866 3507 ἐργάζεται
2893 3435 2947 3487 δὲ
2973 3438 3181 3486 ἅπαντα
3209 3435 3302 3485 καὶ
3324 3434 3582 3502 δημιουρ-

1939 3533 2025 3598 γεῖ
2059 3528 2174 3598 μετ’
2219 3524 2463 3590 ἐξουσίας
2509 3524 2604 3592 τῆς
2647 3522 2790 3590 αὐτῷ
2832 3520 3225 3589 προσηκούσης,
3290 3518 3424 3587 μετά
3465 3533 3587 3568 συν-

1941 3616 2104 3674 έσεως
2135 3611 2228 3664 καὶ
2248 3611 2434 3678 σοφίας
2462 3610 2560 3676 τῆς
2588 3607 2732 3676 αὐτῷ
2753 3605 3295 3674 συγκεκληρωμένης,
3313 3605 3371 3654 ού
3399 3603 3587 3669 δεόμε-

1941 3712 2028 3756 νος
2063 3693 2367 3764 μανθάνειν,
2400 3691 2460 3742 οὐ
2502 3691 2748 3758 δεόμενος
2782 3689 2924 3740 ίδεῖν.
2977 3687 3099 3748 Πῶς
3129 3688 3234 3755 γάρ
3268 3685 3583 3754 ἀπηκριεῖω⁴

1946 3782 2078 3849 μένη
2113 3779 2267 3831 είκὼν
2299 3778 2434 3847 πρὸς
2457 3776 2545 3828 τὸν
2575 3775 2933 3842 γεγεννηκότα
2959 3771 3032 3824 ῶν
3057 3773 3148 3824 καὶ
3178 3772 3376 3839 ὁμοίως
3411 3771 3586 3822 πάντα

1942 3868 2130 3936 ἐκείνῳ
2162 3865 2347 3925 ποιῶν,
2376 3866 2468 3916 καὶ
2500 3862 2632 3931 μετά
2662 3864 2758 3930 τῆς
2789 3860 2954 3926 αὐτῆς
2981 3859 3255 3926 δυνάμεως
3277 3874 3290 3921 ;
3316 3856 3449 3926 Περὶ
3479 3856 3586 3924 γὰρ

1941 3955 2214 4021 δυνάμεως
2263 3951 2636 4017 διαλεγόμενος
2673 3947 2842 3998 ταῦτα
2887 3947 3129 4013 ἐπήγαγε
3171 3944 3376 4008 λέγων·
3441 3940 3586 4008 Ἐγὼ

1944 4040 2040 4092 καὶ
2069 4042 2098 4090 ὀ
2125 4037 2324 4102 Πατὴρ
2353 4036 2420 4086 ἓν
2443 4035 2646 4100 ἐσμεν.
2684 4030 2866 4083 Ταῦτα
2901 4027 2990 4081 οὖν
3023 4029 3231 4082 ἅπαντα
3264 4028 3459 4088 είδότες
3493 4027 3586 4078 καὶ

1945 4123 2396 4187 ἀποσυλλέξαντες
2416 4119 2484 4171 τὰ
2513 4123 2630 4187 είρη
2642 4118 2796 4186 μένα,
2822 4113 3283 4183 ἀποστρεφώμεθα
3307 4114 3413 4164 τῶν
3438 4115 3587 4181 αἱρε-

1946 4211 2109 4262 τικῶν
2139 4211 2262 4270 τοὺς
2305 4206 2611 4272 συλλόγους,
2652 4204 2901 4272 ἐχώμεθα
2932 4202 2986 4253 δὲ
3012 4201 3269 4267 διηνεκῶς
3297 4200 3393 4266 τῆς
3423 4200 3586 4267 ὀρθῆς

1945 4295 2198 4354 πίστεως,
2233 4293 2324 4344 καὶ
2359 4291 2472 4358 βίον
2505 4288 2702 4357 ἀκριϐῆ
2739 4289 2829 4338 καὶ
2871 4285 3139 4336 πολιτείαν
3172 4286 3281 4344 τοῖς
3327 4282 3586 4350 δόγμασιν

1946 4380 2064 4444 ἴσην
2115 4373 2539 4441 ἐπιδειξώμεθα,
2598 4371 2682 4420 ἴνα
2727 4367 2833 4418 τῶν
2901 4366 3195 4435 μελλόντων
3243 4363 3587 4432 ἐπιτύχωμεν

1946 4463 2182 4531 ἀγαθῶν,
2217 4461 2395 4529 χάριτι
2429 4457 2522 4508 καὶ
2543 4456 2842 4522 οἰκτιρμοῖς
2867 4451 2956 4504 τοῦ
2985 4452 3188 4520 Κυρίου
3221 4449 3374 4518 ἡμῶν
3412 4448 3586 4517 Ἰησοῦ

1944 4549 2200 4620 Χριστοῦ,
2230 4543 2273 4614 ᾧ
2319 4549 2351 4616 ἠ
2378 4546 2523 4611 δόξα,
2552 4547 2644 4596 καὶ
2681 4544 2742 4595 τὸ
2773 4541 2990 4610 κράτος,
3029 4540 3142 4608 ἅμα
3169 4538 3245 4607 τῷ
3286 4540 3456 4609 Πατρὶ
3495 4541 3588 4592 καὶ

1944 4637 2020 4706 τῷ
2052 4637 2190 4703 ἀγίῳ
2241 4633 2536 4700 Πνεύματι,
2584 4629 2676 4682 νῦν
2720 4629 2813 4681 καὶ
2857 4627 2961 4689 ἀεὶ,
2999 4627 3091 4679 καὶ
3125 4628 3202 4688 είς
3238 4628 3362 4689 τοὺς
3389 4626 3589 4690 αἰῶνας

1945 4725 2050 4776 τῶν
2088 4722 2314 4775 αἰώνων.
2355 4721 2410 4771 ’Λ
2423 4719 2547 4787 μὴν.

2009 4811 2032 4838 ο
2059 4808 2137 4855 Sic
2157 4811 2291 4854 recte
2313 4804 2476 4855 Ottob.
2506 4804 2558 4852 In
2577 4803 2764 4865 Anglic.
2798 4803 2868 4849 ὅτι
2889 4802 3053 4849 οὐσίαν
3087 4803 3188 4848 οταν
3235 4802 3348 4850 ἰδεῖν
3397 4801 3451 4849 οὐ
3505 4797 3588 4849 δύο

1946 4885 2094 4918 ναται.

319 5071 3486 5113 Mm

1224 5225 1330 5284 AD
1372 5221 1780 5281 HOMILIAM
1821 5221 1923 5280 DE
1958 5221 2581 5283 MELCHISEDECO.

309 5347 365 5401 in
397 5346 663 5401 Psalmum
700 5344 788 5407 41,
823 5359 941 5416 quae
967 5346 1114 5416 inter
1139 5343 1518 5416 Expoailiones
1541 5341 1594 5393 in
1629 5340 1866 5416 Psalmos
1890 5357 2046 5408 supra
2081 5357 2182 5416 suo_
2209 5342 2396 5416 ordine
2427 5341 2569 5394 edita
2601 5341 2717 5396 fuit.
2745 5341 2873 5397 Nam
2902 5353 2960 5397 ut
2987 5346 3058 5400 ibi
3086 5349 3329 5416 pluribus
3361 5365 3505 5406 com-

309 5423 661 5475 monstratur,
688 5428 749 5466 ea
784 5410 936 5478 cujus
967 5413 1037 5464 ibi
1069 5415 1271 5465 mentio
1298 5413 1543 5473 habetur,
1572 5418 1654 5462 est
1683 5411 1908 5476 septima
1943 5421 2129 5462 contra
2159 5410 2388 5463 Judzeos.

385 5483 500 5547 Quo
532 5490 771 5549 tempore
804 5481 940 5555 hano
968 5481 1162 5533 dixerit
1198 5481 1612 5555 Chryaostomu§
1635 5479 1836 5555 ,"nullo
1871 5493 2157 5555 pnasumus
2205 5479 2400 5555 indicio
2428 5481 2661 5555 assoqui.
2697 5481 2837 5555 Nihil
2877 5483 3021 5536 enim
3055 5484 3153 5555 pic
3194 5499 3503 5555 comparet,

313 5546 753 5628 ςτιίςιυομιοίεηι
809 5549 933 5628 anni
983 5563 1176 5628 eruerg
1212 5546 1500 5628 possimus:
1526 5546 1907 5628 .Siniiliterque
1945 5547 2211 5628 incolrtmp
2263 5548 2473 5626 videtur
2521 5546 2889 5628 Aiitiochiaene
2932 5568 2998 5604 an
3035 5546 3506 5628 _Constantihopoli

315 5615 496 5672 habita
540 5619 747 5674 fuerit:
784 5619 1006 5673 credere
1055 5615 1238 5671 malim
1287 5615 1587 5671 Antiochia:
1620 5615 1834 5683 dictam,
1867 5618 1992 5685 quia
2043 5617 2114 5670 ibi
2171 5615 2564 5686 frequentiores
2599 5617 2750 5673 fuere
2791 5629 2973 5674 contra
3022 5622 3310 5678 Anomoeus
3370 5615 3506 5681 v'cli-

315 5686 567 5741 ultiones.
