4032 6220
571 562 3707 600 MM

1245 360 1301 416 S.
1336 359 1619 416 JOANNIS
1655 353 2141 416 CIIRYSOSTOMI
2194 352 2510 410 ARCIIIEP.
2550 348 3085 409 CONSTANTINOP.

1656 908 1990 1023 ΤΟΥ
2094 905 2646 1021 ΑΥΤΟΥ

1824 1182 1924 1244 Εἰς
1961 1179 2064 1231 τὸν
2104 1175 2488 1245 Μελχισεδέκ.

518 1711 584 1757 α’.
637 1705 1015 1775 Ἀποστολικὴν
1047 1707 1172 1776 ὑμῖν
1207 1707 1447 1777 σήμερον
1490 1708 1747 1779 βουλομαι
1782 1711 2100 1781 παραθεῖναι

445 1795 743 1865 τράπεζαν.
781 1792 873 1845 καὶ
909 1793 1045 1863 πρὸς
1077 1794 1137 1847 τὸ
1166 1795 1399 1862 πέλαγος
1433 1796 1532 1865 τῆς
1557 1797 1767 1850 Παύλου
1789 1799 1969 1867 φωνῆς
1996 1800 2105 1852 δια-

446 1880 725 1932 τεῖναιτὸν
742 1879 896 1946 λόγον
929 1882 1438 1951 παρασκευάζομαι.
1466 1884 1626 1936 Ἀλλά
1642 1886 1693 1936 τί
1713 1885 1901 1951 πάθως
1936 1886 2107 1937 ⁸οκνῶ

448 1968 540 2018 καὶ
566 1966 774 2017 δέδοικα
807 1968 1014 2034 μήποτε
1040 1966 1129 2019 τὸν
1160 1968 1354 2036 λιμένα
1395 1968 1717 2033 ἐξελθόντες,
1751 1972 1846 2024 καὶ
1885 1975 2021 2042 πρὸς
2047 1972 2107 2024 τὸ

450 2047 610 2117 βάθος
642 2050 1079 2117 καταντήσαντες
1097 2048 1205 2100 τῶν
1231 2051 1597 2103 άποστολικῶν
1635 2049 1783 2124 [266]
1824 2054 2106 2123 νοημάτων

451 2134 859 2203 ίλιγγιάσωμεν,
879 2136 1015 2205 ὅπερ
1046 2135 1344 2205 πάσχουσιν
1366 2139 1410 2190 οί
1437 2138 1544 2190 τῶν
1579 2140 1877 2212 πλωτήρων
1897 2142 2100 2211 ἀήθεις.

449 2222 557 2273 Καὶ
584 2221 689 2291 γὰρ
722 2222 916 2273 ἐκεῖνοι
962 2222 1179 2274 ὲπειδάν
1214 2224 1310 2292 τὴν
1337 2226 1437 2293 γῆν
1487 2227 1740 2293 ἀφέντες,
1760 2229 1819 2292 ἐξ
1844 2230 2103 2298 ἐκατέρου

452 2304 648 2373 μέρους
676 2305 773 2371 τῆς
801 2304 925 2372 νηὸς
950 2305 1181 2372 πέλαγος
1210 2306 1411 2370 ίδωσιν,
1444 2310 1535 2359 καὶ
1564 2310 1711 2362 οὐδὲν
1736 2311 1918 2380 ἕτερον
1952 2312 1983 2381 ἢ
2011 2311 2107 2363 θά-

446 2390 647 2443 λατταν
678 2392 771 2442 καὶ
797 2391 1042 2461 οὐρανὸν,
1078 2392 1377 2463 σκοτοδινία
1398 2394 1739 2463 κατέχονται,
1768 2398 1859 2449 καὶ
1880 2396 2105 2466 περιφέ-

453 2474 641 2545 ρεσθαι
686 2477 869 2538 αὐτοῖς
897 2476 957 2529 τὸ
983 2476 1163 2529 πλοῖον
1190 2477 1371 2546 κύκλῳ
1404 2480 1680 2548 νομίζουσι
1728 2481 1862 2551 μετά
1888 2483 1983 2551 τῆς
2012 2481 2106 2533 θα-

446 2562 663 2631 λάττης.
711 2563 849 2615 Ἀλλ’
891 2563 949 2615 οὑ
982 2563 1129 2631 παρά
1164 2563 1259 2631 τὴν
1302 2564 1461 2630 φύσιν
1500 2567 1597 2634 τῆς
1637 2567 1922 2633 θαλάττης,
1972 2568 2105 2620 ἀλλά

450 2648 600 2717 παρὰ
632 2648 728 2716 τὴν
772 2647 1024 2713 ἀπειρίαν
1063 2648 1169 2699 τῶν
1205 2649 1479 2703 πλούντων
1518 2653 1566 2703 οἰ
1613 2652 1810 2720 ίλιγγοι
1845 2654 2102 2719 γίνονται.

450 2734 665 2803 ’Έτεροι
696 2729 786 2786 οὖν
821 2745 846 2773 ι
877 2733 984 2786 τῶν
1014 2733 1225 2786 ναυτῶν
1255 2738 1478 2803 γυμνοῖς
1504 2740 1612 2800 τοῖς
1658 2738 1901 2807 σώμασιν
1945 2742 2103 2790 ἐκκυ-

448 2819 674 2871 ϐιστῶσι
722 2818 862 2871 κατά
914 2818 1022 2871 τῶν
1067 2820 1343 2888 κυμάτων,
1395 2824 1487 2873 καὶ
1542 2822 1691 2874 οὐδὲν
1744 2824 2007 2892 πάσχουσί
2053 2842 2104 2876 τι

446 2904 682 2956 τοιοῦτον
707 2921 717 2931 ·
749 2904 883 2955 ἀλλὰ
911 2904 1045 2973 πρὸς
1076 2905 1134 2955 τὸ
1166 2904 1325 2971 βάθος
1355 2908 1688 2969 καταϐάντες
1718 2909 1869 2970 αὑτὸ,
1902 2910 2005 2960 τῶν
2046 2912 2103 2960 ὲν

447 2991 633 3059 ἐδάφει
678 2990 1002 3058 καθημένων
1041 2990 1440 3060 ἀσφαλέστερον
1490 2991 1842 3061 διατρίϐουσι,
1880 2995 1972 3046 καὶ
2025 2994 2102 3064 τῷ

450 3078 695 3146 στόματι,
749 3077 841 3129 κα)⁵
892 3078 1003 3137 τοῖς
1056 3076 1371 3145 ὀφθαλμοῖς,
1425 3078 1517 3129 καὶ
1549 3081 1711 3131 παντὶ
1764 3079 1838 3148 τῷ
1892 3079 2102 3151 σώματι

446 3163 724 3231 δεχόμενοι
752 3161 849 3231 τὴν
877 3162 1075 3230 ἅλμην,
1104 3162 1163 3212 ού
1200 3161 1656 3231 δυσχεραίνουσιν.
1690 3164 1953 3218 Τοσοῦτόν
1989 3168 2102 3219 ὲστι

451 3248 650 3318 μᾶλλον
686 3249 779 3300 καὶ
807 3246 1047 3299 τοιοῦτον
1082 3248 1306 3316 ἀπειρία
1330 3249 1496 3299 κακόν
1528 3250 1575 3303 b.
1606 3247 1794 3312 Οῦτως
1841 3250 1976 3320 αὕτη
2011 3252 2103 3304 καὶ

445 3336 552 3387 τῶν
596 3332 842 3402 φοϐερῶν
882 3336 1239 3402 καταφρονεῖν
1290 3333 1498 3385 πείθει·
1562 3335 1741 3406 ἐκείνη
1789 3337 1845 3389 δὲ
1896 3340 1990 3391 καὶ
2035 3340 2101 3391 τὰ

445 3420 660 3489 ἀσφαλῆ
716 3420 1042 3471 ὑποπτεύειν
1092 3420 1184 3471 καὶ
1224 3418 1515 3473 δεδοικέναι
1564 3424 1991 3492 παρασκευάζει.
2032 3426 2095 3477 Ol

447 3510 547 3579 μὲν
573 3509 679 3577 γὰρ
710 3507 793 3572 ἐφ’
825 3507 1044 3575 ὑψηλῶν
1062 3507 1167 3559 τῶν
1194 3508 1379 3576 ἰκρίων
1404 3509 1697 3578 καθήμενοι
1726 3513 1822 3580 τῆς
1840 3513 1984 3581 νηὸς,
2008 3515 2101 3566 καὶ

445 3594 579 3662 πρὸς
596 3596 694 3663 τὴν
715 3592 842 3645 θέαν
875 3592 1006 3658 ἰλιγγ
1025 3592 1197 3655 ιῶσιν,
1226 3595 1271 3643 οἱ
1294 3592 1349 3643 δὲ
1377 3596 1433 3644 ὲν
1461 3595 1643 3662 μέσοις
1664 3597 1723 3647 οὑ
1750 3596 2099 3666 θορυϐοῦνται

441 3684 554 3743 τοῖς
583 3680 838 3749 κύμασιν.
891 3680 1059 3730 Τοῦτο
1086 3678 1179 3730 καὶ
1210 3680 1301 3731 ἐπὶ
1349 3681 1445 3749 τῆς
1476 3681 1711 3744 διανοίας
1751 3682 1957 3748 γίνεται
2001 3687 2099 3753 τῆς

443 3768 734 3837 ήμετέρας.
774 3766 881 3817 Καὶ
907 3766 1014 3833 γάρ
1048 3766 1139 3817 καὶ
1168 3765 1374 3834 ταύτην
1400 3768 1661 3831 πολλάκις
1692 3768 2097 3838 καταλαμϐάνει

442 3853 662 3923 κύματα
705 3851 911 3914 παθῶν,
958 3850 1255 3903 θαλαττίων
1298 3852 1627 3922 ἀγριώτερα,
1660 3849 1771 3905 οἷον
1812 3854 1968 3924 ζάλη,
2002 3855 2097 3907 θυ-

447 3941 543 4009 μδν
571 3952 592 3978 ο
634 3938 875 3991 κάτωθεν
911 3938 1206 4007 στρέφοντα
1242 3938 1340 4007 τὴν
1372 3939 1617 4007 καρδίαν,
1649 3940 1933 4010 πνεύματα
1976 3943 2096 3995 ἐπι-

444 4022 642 4090 θυμίας
696 4021 955 4088 πονηρᾶς,
1012 4018 1266 4072 ποιοῦντα
1312 4021 1509 4090 πολλὴν
1560 4022 1657 4092 τῆς
1714 4022 1951 4085 διανοίας
1999 4023 2096 4094 τὴν

443 4104 725 4174 σύγχυσιν.
771 4103 908 4155 Ἀλλ’
934 4106 961 4155 6
987 4104 1081 4172 μὲν
1111 4104 1334 4173 ἄπειρος
1365 4107 1458 4159 καὶ
1490 4107 1842 4176 ἀμελέτητος.
1871 4111 2097 4179 ἀρχομέ-

442 4207 534 4244 νου
559 4189 652 4241 τοῦ
680 4189 942 4259 χειμῶνος
968 4189 1064 4258 τῆς
1088 4188 1278 4257 ὀργῆς,
1314 4192 1515 4253 εὐθέως
1546 4193 1874 4264 θορυϐεῖται,
1904 4198 2099 4266 ταράτ-

441 4297 615 4342 τεται,
651 4278 948 4330 κλονεῖταιο
1010 4277 1109 4346 ὁρᾷ
1129 4278 1415 4347 γινομένην
1445 4280 1772 4349 ὑποϐρύχιον
1797 4282 1893 4353 τὴν
1920 4284 2096 4353 ψυχὴν

443 4365 547 4420 ὑπὸ
575 4364 683 4417 τῶν
710 4362 915 4425 παθῶν,
941 4378 1035 4415 και
1062 4363 1317 4430 ναυάγιον
1350 4365 1721 4434 ὑπομένουσαν
1742 4383 1755 4396 ⁸
1780 4371 1806 4421 6
1823 4370 1877 4421 δὲ
1908 4371 2097 4438 ἔμπειο

443 4469 534 4523 ρος
560 4452 650 4504 καὶ
684 4448 1083 4519 μεμελετηκὼς,
1103 4448 1170 4500 τὰ
1188 4448 1408 4502 τοιαῦτα
1431 4451 1583 4519 φέρει
1599 4454 1858 4518 γενναίως
1884 4470 1897 4484 °
1931 4454 2098 4508 καθά-

440 4557 546 4610 περ
590 4538 928 4607 κυϐερνήτης
969 4538 1059 4588 ἐπὶ
1096 4536 1201 4590 τῶν
1242 4540 1461 4599 οἰάκων,
1507 4539 1679 4603 οὕτως
1718 4543 1808 4595 τὸν
1842 4542 2095 4613 λογισμὸν

440 4626 624 4678 δπάνω
671 4624 777 4675 τῶν
825 4622 1011 4675 παθῶν
1064 4624 1324 4686 καθίσας,
1380 4623 1439 4676 οὺ
1489 4626 1754 4696 πρότερον
1803 4630 2094 4696 ἀφίσταται

441 4712 617 4763 πάντα
664 4709 851 4769 ποιῶν,
918 4709 1021 4771 ἕως
1056 4710 1120 4761 ἂν
1163 4709 1460 4780 κατευθύνῃ
1494 4710 1553 4762 τὸ
1588 4713 1793 4780 σκάφος
1828 4716 1962 4782 πρὸς
2006 4721 2096 4768 τὸν

440 4795 610 4848 εὔδιον
632 4796 728 4863 τῆς
755 4794 1069 4862 φιλοσοφίας
1094 4794 1300 4864 λιμένα.
1338 4797 1514 4866 Ὅπερ
1542 4793 1634 4849 οὖν
1664 4799 1754 4850 ἐπὶ
1774 4800 1871 4869 τῆς
1903 4801 2093 4854 θαλάτ-

438 4898 537 4950 της
569 4882 796 4947 γίνεται,
830 4882 922 4933 καὶ
954 4883 1046 4933 ἐπὶ
1075 4880 1173 4949 τῆς
1200 4881 1433 4944 διανοίας
1474 4883 1782 4952 συμϐαίνει,
1816 4885 1974 4937 τοῦτο
2004 4888 2095 4938 καὶ

438 4967 495 5018 ὲν
528 4969 593 5035 τῇ
628 4966 880 5037 ἐξηγήσει
909 4968 1015 5020 τῶν
1043 4967 1273 5037 Γραφῶν
1296 4970 1629 5038 συμπίπτειν
1659 4972 1892 5040 ἀνάγκη,
1934 4973 2091 5043 θορυ-

440 5052 670 5114 δεῖσθαι,
727 5054 1120 5121 ταράττεσθαι·
1158 5054 1379 5107 ἐπειδάν
1407 5055 1463 5107 δὲ
1493 5055 1520 5094 ά
1555 5056 1858 5127 ἐξέλθωμεν
1902 5060 1982 5120 εἰς
2034 5060 2093 5111 τὸ

438 5139 697 5205 πέλαγος*
730 5139 828 5189 οὑκ
858 5141 1041 5210 ἐπειδὴ
1082 5140 1140 5193 τὸ
1179 5140 1412 5208 πέλαγος
1455 5141 1702 5211 φοϐερὸν,
1750 5143 1863 5196 ἀλλ’
1909 5147 2091 5217 ἐπειδὴ

437 5227 595 5295 ἡμεῖς
624 5224 671 5275 οἱ
709 5223 957 5286 πλέοντες
977 5228 1210 5296 ἄπειροι.
1236 5229 1482 5298 Ὄτιγάρ
1508 5229 1906 5291 ὲστιν,εὖκολον
1935 5231 2091 5298 φύσει

500 5310 1413 5388 1ξρὺνιίιίοριςογάρ*ιιιιιτὶρὶιεηαιηη,,ιιι
1452 5318 1738 5388 βεκςθηιῖεε
1789 5316 1911 5388 _alibi
1965 5321 2090 5378 apud

436 5371 825 5436 Clgrxspslomum
847 5371 1001 5418 οὖνεί
1020 5371 1131 5436 γοῦν
1151 5387 1262 5422 nam
1287 5378 1363 5422 vel
1386 5373 1511 5423 enim
1531 5377 1821 5436 significant.

498 5432 525 5470 b
552 5432 666 5479 Hec
704 5432 915 5479 clausula
940 5442 1013 5480 est
1068 5434 1193 5481 haud
1232 5436 1380 5483 dubie
1435 5432 1598 5484 auterd
1622 5438 1842 5484 membro
1892 5439 2078 5489 mulila.

436 5493 508 5559 Ρο
534 5497 555 5539 ι
574 5492 691 5559 il_|ud
716 5494 843 5559 qnjm
866 5492 1075 5559 τοιοῦτον
1095 5495 1282 5559 ἀπειρία
1338 5497 1501 5556 κακόν,
1560 5496 1821 5559 legebatur
1869 5497 2082 5548 τοιοῦτον

436 5552 649 5613 ἐμπειρία
670 5554 833 5610 καλόν,
857 5554 931 5600 vel
955 5553 1069 5613 quid
1102 5552 1279 5602 simile.

499 5616 520 5642 ο
545 5613 825 5673 Legendum
849 5614 1041 5661 videtur
1058 5616 1209 5675 ἡμῶν,
1244 5617 1385 5675 θυμόν
1408 5624 1571 5666 autem
1622 5619 1703 5666 hic
1757 5620 1894 5666 nullo
1944 5624 2085 5673 modo

432 5682 566 5743 stay-0
590 5678 779 5743 pggesl:
810 5682 973 5734 posset
992 5677 1136 5743 quam
1162 5675 1359 5743 («grtasw
1380 5679 1481 5740 legi
1504 5680 1602 5727 οἱον
1624 5681 1736 5738 ζάλη
1760 5680 1925 5741 θυμοῦ.

492 5732 520 5771 ἀ
541 5731 602 5780 Δέ
625 5731 703 5782 hic
726 5731 1102 5797 cxﬁungoudum
1130 5737 1336 5785 videtur.

2210 1713 2364 1783 λόγον
2392 1715 2539 1781 ὄντα,
2570 1718 2822 1771 δύσκολον
2862 1720 3113 1789 γενέσθαι
3156 1722 3305 1791 παρά
3342 1720 3440 1791 τὴν
3469 1721 3726 1793 ἀπειρίαν
3756 1719 3869 1775 τῶν

2209 1803 2532 1868 ἀκουόντων,
2564 1805 2773 1858 Παῦλον
2796 1808 2921 1877 ὑμῖν
2939 1808 3359 1878 παραστήσομαι
3383 1810 3653 1879 μάρτυρα.
3676 1806 3865 1860 Εἰπὼν

2207 1894 2333 1963 γάρ,
2366 1895 2444 1946 ὅτι
2488 1897 2515 1947 6
2548 1896 2777 1966 Χριστὸς
2811 1898 3027 1963 ἐγένετο
3063 1898 3352 1967 ἀρχιερεὺς
3386 1896 3525 1950 κατά
3563 1895 3661 1965 τὴν
3714 1894 3868 1959 τάξιν

2208 1978 2559 2047 Μελχισεδὲκ,
2603 1982 2694 2033 καὶ
2743 1980 2920 2050 ζητῶν
2946 1980 3027 2044 τίς
3072 1983 3218 2033 ἐστιν
3252 1976 3403 2043 οὗτος
3449 1983 3475 2033 6
3506 1981 3866 2050 Μελχισεδὲκ,

2207 2066 2481 2135 ἐπήγαγεν
2506 2085 2516 2096 ·
2546 2069 2682 2134 Περί
2704 2064 2774 2122 οὗ
2805 2068 2997 2133 πολὺς
3013 2068 3156 2135 ἡμῖν
3177 2070 3209 2120 ό
3234 2069 3416 2135 λόγος
3443 2069 3539 2120 καὶ
3567 2065 3868 2134 δυσερμή·

2206 2169 2435 2217 νευτος.
2472 2154 2513 2204 Τ
2520 2153 2535 2204 ί
2556 2153 2752 2218 λέγεις,
2787 2150 3060 2219 ὧΠαῦλε;
3089 2153 3527 2223 Δυσερμήνευτός
3560 2171 3642 2206 σοι
3674 2154 3752 2223 τῷ
3773 2153 3870 2221 τὴν

2207 2240 2577 2306 πνευματικήν
2618 2239 2790 2307 ἔχοντι
2808 2240 2996 2308 σοφίαν
3016 2238 3123 2308 ςτῷ
3146 2238 3211 2290 τά
3230 2239 3514 2309 ἀπόρρητα
3531 2238 3830 2291 ἀκούσαντι
3849 2259 3865 2300 ;

2204 2323 2280 2392 τῷ
2310 2325 2440 2395 πρὸς
2469 2326 2647 2394 τρίτον
2689 2327 2986 2395 ἀρπαγέντι
3008 2326 3260 2396 οὑρανόνς
3298 2324 3357 2377 Et
3383 2325 3463 2376 σοὶ
3492 2324 3869 2393 δυσερμήνευ-

2204 2427 2316 2473 τος,
2360 2412 2463 2463 τίνι
2492 2413 2860 2482 καταληπτός;
2905 2413 3058 2482 Ἐμοὶ
3090 2412 3542 2481 δυσερμήνευτος,
3576 2412 3766 2479 φησὶν,
3806 2410 3869 2462 οὑ

2208 2499 2360 2570 παρά
2387 2500 2484 2570 τὴν
2506 2500 2709 2553 οἰκείαν
2740 2517 2838 2569 μου
2872 2499 3175 2562 ἀσθένειαν,
3214 2496 3350 2551 ἀλλά
3372 2498 3522 2568 παρά
3546 2497 3645 2565 τὴν
3673 2497 3869 2549 δυσκο-

2205 2586 2320 2637 λίαν
2367 2586 2473 2637 τῶν
2523 2587 2846 2639 ἀκουόντων.
2894 2585 3076 2639 Είπὼν
3124 2584 3291 2653 γοῦν,
3341 2583 3866 2652 Δυσερμήνευτος,

2207 2671 2500 2740 ἐπήγαγενο
2528 2670 2758 2736 Ἐπειδὴ
2778 2670 2987 2737 νωθροὶ
3004 2670 3281 2739 γεγόνατε
3300 2669 3426 2733 ταῖς
3451 2667 3677 2732 ἀκοαῖς.
3706 2668 3868 2737 Ὁρᾷς

2204 2758 2284 2808 ὅτι
2308 2759 2405 2825 οὑχ
2430 2760 2461 2825 ή
2495 2757 2654 2823 φύσις
2681 2757 2771 2809 τοῦ
2799 2757 2979 2824 λόγου,
3008 2756 3122 2809 ἀλλ’
3144 2759 3175 2827 ή
3194 2756 3417 2825 ἀπειρία
3431 2754 3539 2807 τῶν
3558 2755 3868 2805 ἀκουόντων

2205 2841 2459 2894 δύσκολον
2488 2842 2548 2894 τὸ
2580 2845 2639 2894 οὑ
2678 2841 2824 2913 [26η
2860 2842 3117 2895 δύσκολον
3156 2842 3483 2913 πεποίηκεν;
3512 2840 3586 2892 Οὑ
3624 2840 3785 2907 μόνον
3811 2838 3868 2890 δὲ

2205 2928 2477 2987 δύσκολον,
2510 2928 2645 2980 ἀλλά
2681 2910 2774 2979 καὶ
2814 2910 2989 2980 πολὺν
3024 2931 3167 2980 ποιεῖ
3207 2910 3367 2980 αι’τὸν
3403 2926 3611 2995 βραχὺν
3653 2926 3685 2995 ή
3728 2922 3867 2993 αὑτὴ

2205 3012 2367 3065 αἰτία.
2401 3012 2490 3064 Διὸ
2514 3013 2631 3064 οὐδὲ
2661 3014 3091 3083 δυσερμήνευτον
3124 3013 3322 3083 ἔφησεν
3348 3008 3486 3064 εἶναι
3526 3011 3708 3080 μόνον,
3732 3010 3867 3063 ἀλλά

2204 3100 2297 3151 καὶ
2320 3099 2504 3162 πολὺν,
2530 3099 2622 3149 καὶ
2650 3098 2739 3150 τοῦ
2768 3100 2974 3167 μήκους
2998 3100 3199 3169 καὶτῆς
3222 3099 3507 3160 δυσκολίας
3526 3097 3746 3158 ἀναθεὶς
3768 3096 3867 3163 τὴν

2204 3185 2381 3239 αἰτίαν
2406 3188 2469 3254 τῇ
2505 3185 2802 3255 νωθρότητι
2844 3185 2943 3253 τῆς
2972 3186 3160 3254 ἀκοῆς.
3195 3185 3462 3254 Καθάπερ
3492 3183 3604 3251 γὰρ
3636 3183 3729 3235 ὲπὶ
3758 3181 3866 3233 τῶν

2203 3271 2629 3341 ἀρρωστούντων
2659 3272 2756 3323 οὑκ
2785 3272 3077 3338 ἀναγκαῖον
3104 3271 3365 3339 σύντομον
3392 3271 3485 3322 καὶ
3514 3265 3867 3337 ἐσχεδιασμέ-

2202 3375 2298 3424 νην
2341 3357 2660 3426 παραθεῖναι
2710 3357 3008 3427 τράπεζαν,
3052 3357 3187 3410 ἀλλὰ
3219 3357 3297 3409 δεῖ
3330 3355 3753 3427 παρασκευάσαι
3797 3351 3866 3403 τὰ

2205 3444 2345 3496 σιτία
2374 3444 2621 3512 διάφορα,
2654 3444 2740 3496 ἵνα
2771 3445 2835 3496 ἂν
2870 3444 3028 3495 τοῦτο
3059 3447 3085 3497 6
3132 3445 3352 3513 κάμνων
3391 3443 3463 3513 μὴ
3510 3439 3771 3509 βουληθῇ.
3802 3436 3864 3489 τδ

2201 3529 2384 3596 ἕτερον
2413 3530 2570 3598 λάϐῃ,
2601 3533 2617 3550 ⁸
2643 3530 2859 3580 κάκεῖνο
2890 3531 3195 3597 προσίεται,
3230 3528 3291 3579 τὸ
3330 3528 3457 3579 ἄλλο
3483 3526 3731 3593 δέξηται,
3764 3521 3864 3576 κᾶν

2199 3614 2353 3666 τοῦτο
2381 3614 2791 3684 διακρούσηται,
2820 3613 3048 3684 θατέρου
3082 3614 3429 3683 ἐπιλάϐηται,
3461 3614 3555 3664 καὶ
3584 3614 3653 3681 τῇ
3688 3626 3865 3661 ποικι-

2200 3700 2289 3769 λία
2324 3699 2421 3769 τὴν
2451 3699 2735 3752 δυσκολίαν
2767 3702 3095 3768 νικήσωμεν,
3135 3700 3226 3751 καὶ
3274 3698 3350 3766 τῷ
3386 3696 3716 3765 πολυτρόπῳ
3764 3694 3860 3763 τῆς

2201 3786 2474 3855 τραπέζης
2507 3786 2566 3837 τὸ
2612 3785 2936 3854 δυσάρεστον
2986 3786 3410 3855 θεραπεύσωμεν
3453 3784 3555 3851 τῆς
3600 3780 3860 3850 γνώμης’

2200 3870 2341 3921 οὕτω
2366 3869 2621 3932 πολλάκις
2642 3871 2731 3923 καὶ
2762 3872 2853 3923 ἐπὶ
2886 3871 3202 3941 ἀκροάσεως
3228 3872 3309 3923 δεῖ
3329 3872 3523 3929 ποιεῖν,
3556 3868 3689 3920 ὅταν
3711 3864 3865 3918 ἀσθε-

2202 3958 2307 4016 νεῖς
2356 3950 2522 4025 ὦμεν,
2575 3957 2667 4008 καὶ
2713 3956 2878 4009 πολὺν
2920 3956 3338 4024 παρασκευάσαι
3384 3953 3489 4025 χρὴ
3537 3953 3721 4019 λόγον,
3778 3950 3861 4003 καὶ

2200 4041 2447 4104 ποικίλας
2495 4042 2801 4111 παραϐολάς
2858 4042 2951 4093 καὶ
2984 4042 3398 4113 παραδείγματα
3447 4040 3665 4109 ἔχοντα,
3700 4052 3866 4091 κατα-

2202 4127 2400 4190 σκευὰς
2438 4130 2531 4180 καὶ
2563 4129 2858 4197 περιόδους,
2890 4128 2983 4180 καὶ
3010 4128 3170 4197 ἕτερα
3200 4126 3370 4179 πολλά
3395 4125 3646 4186 τοιαῦτα,
3692 4124 3781 4175 ἴνα
3810 4124 3867 4175 ὲκ

2202 4214 2419 4266 πάντων
2444 4215 2603 4283 ῥᾳδία
2619 4215 2843 4283 γένηται
2874 4216 3003 4282 ἡμῖν
3025 4215 3131 4266 τῶν
3157 4214 3545 4283 συμφερόντων
3566 4213 3599 4279 ή
3635 4210 3865 4279 αἵρεσις.

2201 4299 2346 4369 Πλὴν
2377 4300 2488 4351 ἀλλ’
2520 4302 2566 4351 εί
2595 4301 2687 4351 καὶ
2719 4300 2882 4360 πολὺς
2904 4301 2931 4350 6
2964 4299 3119 4365 λόγος
3148 4301 3240 4352 καὶ
3270 4297 3737 4366 δυσερμήνευτος,
3776 4294 3868 4345 οὐκ

2199 4386 2567 4453 ἀπεστέρησεν
2608 4386 2801 4445 αὐτοὺς
2840 4384 2939 4451 τῆς
2976 4383 3318 4444 διδασκαλίας
3360 4381 3453 4434 τοῦ
3495 4379 3863 4449 Μελχισεδέκ³

2196 4472 2259 4522 τὸ
2288 4471 2381 4539 μὲν
2410 4472 2602 4531 εἰπεῖν,
2640 4469 2839 4531 Πολὺς
2866 4470 2964 4521 καὶ
3001 4468 3507 4535 δυσερμήνευτος,
3551 4467 3868 4534 ἀναστήσας

2199 4556 2377 4608 αὑτῶν
2402 4554 2496 4622 τὴν
2528 4554 2783 4620 σπουδὴν,
2819 4554 2905 4605 ἵνα
2936 4554 3009 4622 μὴ
3038 4553 3398 4623 ῥαθυμότεροι
3445 4552 3715 4618 γίνωνται
3747 4548 3867 4617 περὶ

2198 4642 2296 4710 τὴν
2330 4641 2593 4709 ἀκρόασιν
2614 4656 2625 4667 ο
2657 4639 2715 4689 τὸ
2742 4637 2796 4688 δὲ
2832 4639 3133 4708 παρασχεῖν
3165 4638 3262 4706 τὴν
3296 4635 3602 4705 τράπεζαν,
3641 4634 3867 4705 χαρισά-

2201 4742 2360 4795 μενος
2391 4724 2567 4775 αὑτῶν
2594 4725 2693 4791 τὴν
2728 4721 3040 4792 ἐπιθυμίαν.

2274 4810 2336 4879 β’.
2358 4810 2399 4859 Τ
2402 4809 2525 4859 οῦτο
2548 4807 2610 4876 δὴ
2633 4807 2895 4874 καὶήμεῖς
2918 4806 3248 4875 ποιήσωμεν.
3267 4804 3333 4857 Εἰ
3350 4803 3442 4856 καὶ
3465 4802 3602 4873 πρὸς
3618 4802 3686 4854 τὸ
3709 4802 3869 4854 πέλα-

2196 4911 2291 4961 γος
2322 4896 2413 4945 καὶ
2445 4893 2604 4961 βάθος
2638 4891 2743 4943 τῶν
2778 4890 3060 4958 νοημάτων
3093 4889 3486 4958 ἀδυνατοῦμεν,
3513 4888 3865 4956 κατατολμή-

2200 4992 2380 5043 σωμεν
2428 4976 2523 5043 τῆς
2568 4972 2855 5039 θαλάττης,
2886 4972 2943 5022 ού
2986 4970 3125 5023 κατὰ
3156 4972 3254 5041 τήν
3303 4970 3581 5041 ἡμετέραν
3612 4969 3864 5036 δύναμιν,

2197 5059 2330 5111 ἀλλὰ
2356 5061 2493 5110 κατά
2525 5058 2621 5125 τὴν
2650 5055 2852 5108 ἀνωθεν
2874 5055 3155 5124 διδομένην
3184 5057 3315 5124 ἡμῖν
3336 5056 3497 5127 χάριν
3521 5071 3534 5083 ·
3562 5053 3626 5105 οὐ
3663 5053 3753 5105 διὰ
3773 5050 3864 5120 τὴν

2197 5144 2465 5214 ἡμετέραν
2480 5142 2805 5211 παρρησίαν,
2825 5140 2959 5192 ἀλλά
2974 5139 3060 5191 διά
3083 5139 3179 5209 τὴν
3208 5140 3362 5208 ὑμῶν
3388 5138 3667 5206 ὠφέλειαν
3700 5152 3862 5189 κατα-

2194 5231 2550 5299 τολμήσωμεν
2580 5228 2680 5294 τῆς
2713 5226 2999 5295 θαλάττης,
3028 5226 3122 5279 καὶ
3142 5229 3197 5277 ὲν
3215 5225 3384 5294 τούτῳ
3416 5223 3635 5277 Παῦλον
3665 5220 3860 5293 μιμού-

2199 5334 2368 5386 μενοι.
2402 5317 2520 5367 Ὅτι
2554 5313 2660 5382 γάρ
2698 5314 2797 5364 οὐκ
2821 5313 3193 5383 ἀπεστέρησεν
3226 5312 3425 5372 αὑτοὶ-ς
3454 5309 3549 5362 τοῦ
3586 5306 3855 5376 λόγου.τοῦ

2196 5402 2323 5469 περὶ
2366 5400 2454 5450 τὸν
2487 5397 2831 5466 Μελχισεδὲκ,
2882 5398 3107 5449 ἄκουσον
3136 5395 3245 5448 τῶν
3291 5396 3437 5464 ἑξῆς.
3475 5393 3669 5447 Εἰπὼν
3709 5392 3854 5460 γοῦν,

2192 5485 2331 5552 Περὶ
2351 5481 2421 5539 οὗ
2440 5483 2631 5547 πολὺς
2649 5486 2683 5534 d
2700 5484 2880 5550 λόγος
2901 5484 2994 5535 καὶ
3017 5482 3523 5550 δυσερμήνευτος,
3553 5481 3851 5549 ἐπήγαγεν

2196 5568 2381 5635 Οὗτος
2424 5571 2531 5638 γὰρ
2572 5573 2602 5621 ό
2639 5568 3006 5634 Μελχισεδὲκ
3098 5567 3398 5632 βασιλεὺς
3431 5566 3845 5630 δικαιοσύνης,

2188 5657 2390 5709 ἔπειτα
2419 5652 2487 5704 δὲ
2522 5652 2620 5703 καί
2647 5651 2944 5716 ,βασιλεὺς
2982 5651 3208 5718 Σαλήμ,
3241 5650 3273 5702 ὅ
3314 5650 3507 5713 ἐστιν,
3550 5645 3849 5711 ,ϐασιλεὺς

2258 5741 2276 5761 ⁸
2301 5740 2415 5797 Haec
2435 5736 2602 5787 vilium
2626 5750 2681 5785 ac
2705 5737 3050 5800 repelilioucm
3074 5737 3327 5797 quamdam
3342 5748 3449 5790 pra
3482 5747 3537 5784 sc
3571 5734 3758 5783 rerum.
