4032 6220
180 396 211 449 2

219 397 251 451 5

259 398 291 451 7

1591 549 3275 572 ________________________________________

1458 362 1545 417 DE
1591 358 2127 416 MELCIIISEDECO.
3296 366 3405 423 258

1154 844 1770 959 EJUSDEM
1853 836 2453 951 HOMILIA

1513 1097 1598 1154 Dc
1643 1091 2104 1155 Mclcht'sedcco.

1689 1315 1915 1329 ——-

235 1614 281 1665 l.
301 1611 585 1681 Scriptura:
601 1630 761 1667 sacra?
777 1616 1059 1684 difﬁcultas
1080 1625 1127 1669 et
1151 1617 1451 1669 obscuritas.
1465 1613 1749 1683 —-Aposlo-

181 1705 343 1759 licam
364 1708 522 1760 hodie
540 1708 690 1760 vobis
721 1723 955 1761 mensam
978 1724 1248 1776 apponere
1266 1709 1406 1771 volo,
1446 1706 1577 1759 etad
1607 1705 1749 1774 pela-

180 1812 280 1865 gus
294 1798 442 1851 vocis
459 1798 598 1851 illius
614 1799 673 1850 D.
691 1796 836 1850 Pauli
850 1814 1153 1852 sermonem
1170 1799 1462 1851 extendere
1479 1811 1626 1865 paro.
1644 1793 1749 1846 Sed

185 1884 309 1951 quid
340 1882 561 1935 faciam?
592 1881 775 1934 Haereo
800 1883 1061 1948 timeoque
1084 1896 1148 1932 ne
1175 1895 1202 1931 a
1235 1890 1382 1945 portu
1410 1879 1671 1930 solventes
1699 1887 1747 1928 et

186 1973 251 2025 ad
275 1972 591 2040 profundum
617 1971 1024 2038 apostolicarum
1056 1971 1432 2023 sententiarum
1463 1968 1745 2035 progressi,

185 2062 406 2129 caligine
431 2062 793 2128 corripiamur,
823 2072 877 2113 ut
906 2061 1037 2112 solet
1064 2058 1303 2111 accidere
1334 2068 1604 2108 vectormn
1656 2058 1749 2107 im—

193 2152 542 2219 peritioribus.
570 2151 646 2204 llli
679 2165 901 2217 namque
925 2161 1193 2216 postquam
1223 2148 1400 2200 relicta
1427 2147 1747 2208 continente,

185 2242 253 2294 ab
298 2251 515 2308 utraque
560 2241 705 2291 navis
753 2250 898 2306 parte
949 2240 1160 2305 pelagus
1202 2236 1463 2298 viderint,
1518 2235 1751 2301 nihilque

187 2330 328 2384 aliud
352 2345 502 2398 quam
536 2338 747 2397 pentum
776 2338 827 2380 et
853 2328 1057 2391 caelum,
1091 2327 1340 2393 vertigine
1366 2326 1741 2392 corripiuntur,

189 2436 250 2474 ac
278 2421 450 2473 navim
493 2434 608 2473 cum
656 2418 781 2470 mari
830 2418 879 2469 in
926 2416 1105 2469 orbem
1155 2416 1285 2467 verti
1331 2424 1529 2480 putant.
1560 2414 1750 2465 Verum

188 2526 294 2565 non
328 2525 390 2564 ex
424 2510 580 2563 maris
606 2520 791 2563 natura
814 2548 826 2571 ,
879 2507 970 2559 sed
1012 2522 1072 2559 ex
1106 2506 1459 2574 navigantium
1495 2504 1754 2572 imperitia

190 2600 474 2667 \ertigines
518 2601 775 2651 oriuntur.
829 2598 929 2650 Alii
962 2597 1100 2648 enim
1132 2603 1332 2655 natiue,
1379 2594 1530 2646 nudis
1565 2608 1751 2661 corpo-

189 2690 336 2742 ribus
375 2702 490 2740 sese
535 2688 831 2755 prazeipites
868 2685 995 2738 dant
1025 2686 1074 2736 in
1120 2683 1305 2748 undas,
1351 2698 1447 2736 nec
1472 2683 1752 2750 quidquam

192 2774 491 2844 lmjusmodi
540 2775 803 2842 patiuntur
853 2790 865 2823 :
913 2772 1006 2825 sed
1049 2782 1322 2839 postquam
1352 2773 1403 2825 in
1433 2772 1605 2839 ipsum
1635 2786 1755 2839 pro-

189 2868 406 2921 fundum
452 2868 793 2929 devenerunt,
843 2864 1078 2917 securius
1123 2861 1339 2930 degunt,
1387 2877 1540 2929 quam
1592 2863 1623 2913 ii
1669 2861 1755 2929 qui

189 2960 241 3013 in
275 2959 388 3026 ipso
415 2957 526 3009 solo
554 2956 755 3019 sedent,
798 2954 1219 3021 salsuginemque
1254 2967 1365 3009 ore.
1400 2952 1586 3013 oculis,
1624 2960 1754 3003 toto-

189 3064 293 3117 que
324 3062 541 3113 corpore
569 3047 907 3113 excipientes,
942 3044 990 3096 id
1026 3058 1124 3096 non
1154 3058 1289 3110 aegre
1318 3041 1507 3094 ferunt.
1534 3041 1755 3093 Tantum

192 3138 402 3204 taleque
437 3147 516 3189 est
560 3136 833 3204 imperitiae
873 3136 1105 3195 malum;
1150 3142 1347 3185 tantum
1392 3134 1619 3185 vicissim
1665 3148 1757 3201 pe-

191 3229 326 3283 ritia:
358 3228 569 3281 bonum.
626 3228 743 3279 llaec
768 3226 1015 3278 terribilia
1047 3239 1265 3292 quaeque
1294 3224 1615 3290 parvifacere
1641 3239 1759 3275 sua-

190 3320 313 3381 det;
364 3319 447 3370 illa
495 3332 642 3383 vero,
679 3319 835 3370 etiam
881 3331 961 3380 ea,
1010 3331 1125 3383 quae
1178 3324 1285 3367 tuta
1328 3326 1467 3371 sunt.
1514 3324 1754 3380 suspecta

191 3409 387 3461 habere
418 3417 469 3459 et
498 3406 797 3460 formidare.
831 3406 930 3457 Alii
954 3406 1089 3457 enim
1121 3405 1170 3456 in
1204 3405 1328 3471 ipsis
1361 3401 1588 3469 prmaltis
1612 3404 1759 3455 tabu-

194 3501 313 3554 latis
345 3499 489 3550 navis
519 3498 759 3549 sedentes
786 3496 1005 3563 caligine
1036 3494 1410 3560 corripiuntur,
1444 3493 1530 3544 alii
1565 3494 1612 3544 in
1647 3507 1758 3544 me-

191 3590 293 3641 diis
340 3587 495 3640 etiam
556 3586 799 3639 ﬂuctibus
855 3600 957 3637 non
1024 3585 1409 3652 perturbantur.
1478 3584 1585 3635 lloe
1636 3582 1758 3635 item

192 3678 357 3729 menti
405 3685 598 3728 nostrze
648 3675 855 3728 accidit.
922 3674 1048 3727 Nam
1101 3674 1240 3725 illam
1290 3687 1431 3739 Stepe
1479 3672 1758 3724 affectuum

189 3767 383 3819 ﬂuctus
410 3764 678 3827 invadunt,
726 3765 851 3831 ipsis
894 3764 1107 3815 marinis
1136 3763 1378 3816 fluetibus
1407 3764 1763 3815 vehementio-

192 3872 301 3918 res,
347 3856 457 3919 qui,
503 3854 827 3921 tempestatis
855 3853 1039 3915 instar,
1089 3854 1315 3905 animum
1357 3853 1661 3920 deprimunt
1703 3866 1762 3905 ac

190 3948 444 3999 deorsum
487 3943 715 4003 trahunt,
746 3944 957 4010 spiritus
986 3944 1240 3996 malarum
1266 3945 1627 4011 cupiditatum,
1676 3941 1763 4012 qui

191 4049 440 4101 magnam
492 4033 681 4087 animis
728 4033 1169 4100 perturbationem
1217 4034 1467 4086 inferunt.
1519 4033 1620 4087 Sed
1674 4034 1759 4101 qui

192 4126 474 4193 imperitus
524 4125 911 4190 imparatusque
959 4132 1060 4182 est,
1112 4123 1393 4190 incipiente
1436 4123 1525 4175 irte
1565 4132 1764 4191 tempe-

193 4226 361 4277 state,
395 4214 569 4266 statim
605 4213 955 4280 perturbatur,
989 4214 1303 4277 concutitur,
1335 4215 1575 4280 agitatur.
1608 4213 1762 4266 Videt

191 4307 425 4359 animam
474 4302 747 4355 affectibus
797 4301 1055 4369 demergi,
1107 4310 1157 4353 et
1188 4301 1511 4369 naufragium
1540 4302 1677 4369 pati;
1709 4310 1761 4354 at

192 4396 282 4463 qui
317 4400 530 4462 paratus
561 4392 947 4459 meditatusque
977 4400 1076 4455 est,
1112 4391 1223 4443 haec
1254 4402 1466 4444 strenue
1493 4392 1715 4445 sustinet
1744 4408 1757 4455 ;

193 4494 465 4550 tamquam
514 4479 788 4533 nauclerus
836 4478 900 4530 ad
948 4478 1358 4545 gubernaculum
1404 4480 1622 4543 sedens,
1688 4481 1761 4532 sic

192 4580 431 4626 mentem
486 4584 639 4637 supra
683 4579 856 4620 motus
905 4568 1062 4618 animi
1109 4569 1452 4631 constituens,
1493 4585 1593 4621 non
1620 4569 1762 4635 prius

192 4653 394 4708 desinit
418 4652 593 4704 omnia
624 4651 817 4714 moliri,
850 4649 1019 4702 donec
1047 4649 1293 4717 scapham
1336 4650 1400 4703 ad
1432 4653 1762 4718 tranquillum

194 4742 545 4813 pliilOSOphirc
578 4750 780 4808 portum
810 4739 1103 4792 deduxerit.
1153 4740 1283 4791 Illud
1331 4740 1502 4806 itaque
1540 4741 1677 4807 quod
1715 4743 1763 4794 in

196 4834 330 4885 mari
360 4832 569 4893 accidit,
598 4840 650 4884 et
679 4830 817 4898 quod
848 4830 1023 4880 animo
1050 4831 1322 4898 contingit,
1356 4832 1512 4883 etiam
1545 4832 1593 4883 in
1626 4832 1763 4885 Scri-

194 4932 468 4991 pturarum
502 4921 826 4989 expositione
855 4918 1091 4970 accidere
1124 4934 1337 4973 necesse
1372 4932 1470 4982 est,
1496 4930 1552 4971 ut
1580 4935 1765 4987 nempe

192 5027 626 5067 commoveantur
651 5023 701 5065 et
730 5018 1093 5079 perturbemur
1122 5019 1329 5085 quando
1359 5021 1408 5071 in
1439 5020 1598 5072 altum
1623 5021 1765 5071 veni-

194 5116 347 5162 mus;
400 5116 502 5153 non
531 5102 667 5169 quod
693 5102 1074 5157 formidandum
1105 5107 1167 5157 sit
1200 5107 1443 5173 pelagus,
1490 5110 1580 5163 sed
1628 5110 1762 5177 quod

193 5207 310 5252 nos,
347 5191 433 5259 qui
464 5192 782 5258 navigamus,
817 5194 1041 5261 imperiti
1073 5199 1256 5248 simus.
1299 5197 1446 5262 Quod
1490 5200 1627 5251 enim
1679 5216 1765 5252 ac-

191 5280 375 5334 cidere
402 5280 583 5347 possit,
614 5291 666 5332 ut
691 5295 864 5335 sermo
888 5292 1069 5336 natura
1102 5300 1192 5336 sna
1224 5286 1407 5341 facilis.
1446 5288 1763 5341 audientium

194 5369 458 5438 imperitia
486 5368 713 5423 difficilis
754 5372 959 5435 evadat,
997 5374 1211 5426 Paulum
1246 5378 1394 5428 vobis
1428 5387 1611 5430 teStem
1639 5382 1735 5429 all'e

193 5475 331 5513 ram.
367 5457 495 5512 Cum
541 5458 758 5513 dixisset
799 5465 937 5512 enim
969 5462 1238 5514 Christum
1275 5464 1433 5517 fuisse
1470 5467 1763 5533 pontificem

192 5547 487 5601 secundum
514 5548 748 5601 ordinem
782 5549 1145 5613 Melchisedec,
1182 5562 1233 5605 et
1256 5553 1589 5622 disquireret,
1624 5558 1736 5622 quis

194 5652 318 5690 nam
350 5646 492 5690 esset
518 5636 604 5690 ille
638 5636 1004 5705 Melchisedec,
1056 5642 1231 5693 intulit
1284 5659 1295 5692 :
1347 5642 1421 5694 De
1445 5661 1537 5711 quo
1562 5645 1766 5714 grandis

195 5727 340 5779 nobis
400 5735 470 5779 est
517 5741 674 5781 sermo
717 5736 758 5781 cf
807 5730 1054 5798 explicant
1099 5732 1310 5801 diﬁcifis
1354 5729 1533 5803 (Hebr.
1566 5734 1616 5789 5.
1654 5736 1762 5804 ll).

1852 1606 1985 1669 Quid
2036 1607 2195 1669 dicis,
2243 1609 2444 1664 Paule?
2492 1613 2570 1664 Au
2616 1615 2877 1681 explicata
2918 1615 3145 1669 difﬁcilis
3179 1618 3295 1686 tibi,
3328 1622 3412 1688 qui

1852 1697 2104 1761 spirituali
2134 1699 2385 1767 sapientia
2409 1703 2658 1769 praeditus
2690 1706 2780 1756 es?
2802 1706 2890 1773 qui
2922 1721 3106 1759 arcana
3134 1709 3415 1763 audivisti?

1852 1787 1937 1852 qui
1982 1787 2043 1838 ad
2092 1789 2299 1841 tertium
2342 1792 2525 1844 cadum
2577 1802 2752 1859 raptus
2796 1795 2894 1847 es?
2932 1795 2982 1849 Si
3029 1798 3116 1849 tibi
3158 1799 3415 1865 explieatu

1854 1875 2100 1941 difﬁcilis,
2153 1881 2234 1930 cui
2285 1883 2769 1949 comprehensibilis
2818 1885 2958 1939 erit?
3008 1887 3416 1954 lllilricxplicatu

1853 1967 2094 2031 difficilis,
2147 1970 2327 2038 inquit.
2361 1982 2457 2036 est,
2506 1988 2607 2024 non
2652 1973 2719 2025 ob
2760 1989 2922 2026 meam
2971 1976 3415 2039 imbecillitatem,

1854 2056 1944 2109 sed
1995 2058 2061 2109 ob
2115 2058 2425 2126 imperitiam
2476 2063 2792 2115 auditorum.
2846 2067 2973 2117 Cum
3016 2082 3139 2134 ergo
3163 2068 3416 2131 dixisset,

1856 2145 2123 2213 Explicalu
2178 2149 2407 2217 difficilis,
2460 2151 2727 2219 subjunxit
2779 2171 2791 2206 :
2854 2154 3098 2215 Quoniam
3155 2156 3421 2209 imbecilles

1856 2237 1974 2304 facti
1998 2237 2111 2288 estis
2142 2237 2206 2287 ad
2232 2239 2554 2290 audiendum.
2612 2241 2794 2294 Videu‘
2828 2258 2927 2294 non
2958 2254 3192 2295 naturam
3222 2260 3422 2298 sermo-

1858 2326 1956 2384 nis,
2006 2326 2095 2377 sed
2129 2326 2453 2379 audientimn
2498 2330 2806 2397 imperitiam
2837 2347 2944 2384 rem
2974 2349 3087 2400 qute
3118 2350 3208 2401 per
3234 2350 3289 2387 se
3319 2334 3420 2387 dif-

1858 2412 2006 2466 ﬁcilis
2046 2432 2145 2467 non
2192 2426 2323 2479 erat,
2372 2418 2636 2472 difficilem
2669 2421 2993 2476 reddidisse?
3041 2424 3230 2477 Eadem
3263 2440 3420 2493 porro

1856 2517 2009 2555 causa
2060 2520 2160 2555 non
2213 2506 2475 2558 difﬁcilem
2528 2510 2718 2571 modo,
2754 2512 2841 2563 sed
2873 2512 3028 2563 etiam
3069 2528 3208 2576 eum,
3244 2514 3418 2567 brevis

1856 2606 1973 2643 cum
2004 2594 2088 2656 sit,
2134 2595 2341 2661 longum
2385 2595 2577 2648 reddit.
2630 2598 2957 2665 Quapmpter
3008 2618 3108 2652 non
3160 2603 3421 2670 explicata

1857 2679 2118 2735 difﬁcilem
2154 2683 2308 2736 modo
2335 2685 2481 2748 dixit,
2516 2685 2607 2738 sed
2638 2689 2789 2738 etiam
2822 2690 3092 2755 grandem,
3126 2702 3176 2743 et
3200 2692 3425 2760 longitu-

1858 2771 1994 2824 dinis
2030 2782 2080 2824 et
2110 2772 2425 2827 difficultatis
2455 2790 2665 2829 causam
2698 2776 2966 2841 adjicieus,
3010 2780 3211 2832 aurium
3258 2782 3423 2835 imbe-

1859 2861 2148 2914 cillitatem.
2193 2863 2642 2928 Quemadmodum
2690 2867 2830 2919 enim
2870 2870 3077 2936 aegrotis
3122 2886 3225 2922 non
3267 2886 3427 2939 appo-

1860 2950 2027 3002 nenda
2069 2960 2147 3003 est
2197 2968 2373 3004 mensa
2414 2953 2559 3006 facile
2604 2956 2868 3022 parabilis,
2918 2958 3007 3009 sed
3048 2960 3203 3011 variis
3232 2960 3424 3013 referta

1860 3039 2006 3101 cibis,
2042 3050 2095 3091 ut
2126 3040 2168 3092 si
2198 3056 2335 3111 inger
2364 3044 2499 3095 hunc
2524 3054 2773 3112 respuat,
2806 3046 3029 3098 alterum
3060 3049 3319 3115 accipiat,
3374 3059 3426 3103 et

1860 3130 1901 3179 si
1931 3128 2028 3180 hoe
2060 3146 2161 3181 non
2189 3130 2446 3195 admittat,
2478 3133 2615 3183 aliud
2646 3142 2849 3195 sumat,
2900 3136 2941 3186 si
2995 3136 3132 3189 hunc
3170 3139 3421 3205 repellat,

1861 3219 2080 3271 alterum
2121 3219 2331 3287 deligat,
2372 3232 2426 3273 ut
2450 3222 2701 3275 varietate
2729 3222 3092 3279 difficultatem
3124 3227 3423 3292 vincamus,

1862 3322 1922 3359 ac
1965 3308 2267 3360 diversitate
2319 3309 2620 3379 lautitiaque
2659 3327 2853 3365 mensa:
2880 3315 3038 3366 animi
3070 3314 3278 3369 fastidio
3307 3334 3421 3370 rne-

1862 3397 2076 3448 deamur
2125 3415 2137 3449 :
2185 3400 2254 3449 ita
2295 3414 2431 3466 saepe
2474 3402 2523 3452 iu
2570 3404 2823 3455 concione
2859 3402 3172 3465 faciendum,
3206 3408 3416 3473 quando

1864 3488 2148 3542 imbecilles
2180 3503 2378 3553 sumus,
2412 3490 2564 3558 longa
2596 3493 2902 3558 apponenda
2936 3504 3013 3546 est
3040 3496 3236 3554 oratio,
3268 3498 3426 3549 variis

1864 3578 2287 3630 similitudinibus
2319 3588 2370 3630 et
2398 3582 2653 3648 exemplis
2686 3584 2955 3645 instructa,
2996 3592 3244 3651 apparatu
3270 3586 3425 3639 etiam

1864 3680 1925 3718 ac
1965 3667 2208 3733 periodis,
2241 3668 2459 3735 aliisque
2488 3670 2764 3734 similibus,
2815 3682 2868 3723 ut
2894 3688 2956 3725 ex
2982 3675 3224 3728 oumibus
3263 3677 3426 3729 facilis

1863 3756 2014 3808 nobis
2043 3757 2109 3809 sit
2138 3757 2399 3811 utiliorum
2430 3758 2683 3813 delectus.
2735 3761 2927 3814 Verum
2971 3764 3173 3818 etiamsi
3214 3767 3427 3833 grandis

1866 3858 2039 3897 sermo
2069 3854 2212 3898 esset
2240 3848 2606 3917 explicatuque
2634 3848 2859 3903 difﬁcilis
2878 3892 2890 3913 ,
2920 3868 3021 3904 non
3052 3863 3221 3907 tamen
3251 3856 3425 3923 priva-

1866 3934 1938 3986 vit
1965 3950 2054 3987 eos
2083 3935 2316 3989 doctrina
2347 3938 2411 3991 de
2439 3938 2819 3993 Melchisedeco
2865 3959 2880 3994 :
2927 3957 3043 3994 cum
3080 3945 3220 3996 enim
3261 3946 3385 3998 dicit
3408 3987 3422 4009 ,

1868 4025 2085 4079 Grandis
2113 4037 2155 4080 et
2186 4030 2433 4097 explicata
2466 4031 2695 4099 diﬁicilis,
2748 4046 2927 4084 eorum
2956 4034 3184 4087 studium
3210 4038 3424 4100 excitat,

1866 4132 1932 4170 ne
1959 4118 2021 4170 ad
2052 4118 2369 4172 audiendum
2393 4123 2660 4189 segniores
2686 4122 2790 4174 sint
2816 4140 2828 4173 :
2852 4138 2969 4176 cum
2998 4133 3172 4177 autem
3190 4142 3423 4181 mensam

1866 4210 2100 4276 apponit,
2130 4226 2312 4263 eorum
2342 4212 2602 4265 desiderio
2631 4212 2969 4280 gratiﬁcatur.

1934 4300 1987 4350 2.
2023 4300 2130 4353 Hoc
2168 4309 2219 4353 et
2258 4315 2350 4353 nos
2387 4302 2653 4355 faciamus.
2707 4301 2927 4355 Etiamsi
2978 4304 3044 4356 ad
3111 4305 3324 4375 pelagus
3373 4316 3425 4361 et

1866 4388 2182 4455 profundum
2230 4392 2605 4442 sententiarum
2655 4392 2949 4459 pertingere
2989 4408 3090 4445 non
3127 4397 3418 4462 possimus,

1866 4492 1963 4530 nos
2014 4478 2337 4531 confidenter
2383 4480 2509 4532 mari
2567 4481 2990 4545 committamus,
3059 4499 3162 4535 non
3231 4486 3424 4540 nostris

1866 4566 1979 4619 freti
2026 4567 2255 4631 viribus,
2314 4567 2403 4620 sed
2446 4571 2609 4636 gratia
2661 4570 2808 4621 nobis
2851 4585 3073 4638 superne
3113 4573 3229 4625 data
3271 4593 3284 4627 :
3319 4592 3423 4630 non

1870 4658 2053 4711 fiducia
2102 4668 2298 4722 nostra,
2342 4658 2432 4709 sed
2481 4658 2548 4710 ob
2597 4659 2874 4711 utilitatem
2919 4671 3142 4713 vestram
3174 4666 3300 4716 mari
3332 4681 3427 4718 nos

1866 4750 2273 4807 committamus,
2326 4746 2423 4799 hac
2467 4748 2516 4799 in
2568 4764 2624 4800 re
2671 4750 2884 4802 Paulum
2940 4752 3221 4806 imitantes.
3278 4756 3427 4819 Quod

1866 4842 2005 4892 enim
2049 4855 2147 4891 non
2180 4840 2457 4907 privaverit
2481 4856 2571 4893 eos
2598 4856 2840 4894 sermone
2889 4843 2953 4895 de
2997 4844 3377 4899 Mclchisedeco
3404 4887 3420 4912 ,

1867 4930 1984 4982 audi
2034 4930 2319 4997 sequentia.
2372 4929 2504 4983 Cum
2549 4946 2672 4997 ergo
2717 4931 2971 4995 dixisset,
3002 4952 3018 4983 (
3048 4935 3117 4987 De
3145 4951 3247 5003 quo
3278 4937 3429 4990 nobis

1866 5019 2075 5087 grandis
2096 5028 2173 5071 est
2194 5033 2389 5083 sermo,
2406 5030 2455 5071 et
2476 5020 2737 5086 explicato
2756 5020 2978 5073 difﬁcilis
3002 5041 3018 5071 ι
3042 5022 3222 5093 (Hebr.
3242 5026 3291 5078 5.
3318 5027 3425 5095 ll),

1868 5109 2131 5173 subjunxit
2184 5124 2194 5157 :
2248 5125 2265 5157 ‹
2297 5107 2388 5159 llic
2434 5108 2571 5160 enim
2615 5108 2991 5173 Melchisedec,
3046 5127 3134 5164 rex
3182 5113 3417 5180 justitiae,

1871 5197 2098 5261 itemque
2128 5211 2217 5246 rex
2256 5195 2448 5259 Solem,
2473 5195 2522 5247 id
2550 5206 2631 5249 est
2660 5212 2747 5248 rex
2782 5198 2942 5265 pacis,
2976 5199 3088 5252 sine
3114 5210 3279 5265 patre,
3313 5204 3428 5256 sine

1870 5297 2053 5347 matre,
2087 5287 2197 5338 sine
2219 5288 2539 5354 genealogia,
2572 5303 2741 5355 neque
2774 5289 2973 5340 initium
3003 5290 3227 5355 dierum,
3258 5307 3426 5360 neque

1800 5440 1803 5441 ν
1872 5381 2022 5430 linem
2073 5380 2189 5429 vitae
2238 5379 2451 5439 habens,
2498 5379 2812 5431 assimilatas
2838 5390 3010 5432 autem
3049 5380 3198 5443 Filio,
3250 5394 3429 5437 manet

1870 5468 2112 5518 ~.aeerdos
2139 5467 2188 5517 in
2212 5477 2514 5532 perpetuum
2550 5485 2566 5517 ι
2601 5466 2778 5534 (Ilcbr.
2805 5468 2856 5521 7.
2889 5470 3024 5535 1-4).
3055 5468 3238 5522 Nonne
3268 5484 3427 5525 aures

1872 5569 2069 5607 vestras
2115 5556 2286 5617 feriit,
2333 5556 2455 5608 dum
2490 5556 2553 5609 de
2585 5557 2795 5611 homine
2843 5559 3058 5627 loquens
3102 5561 3250 5625 dixit,
3305 5561 3428 5615 Sine

1871 5655 2023 5713 patre,
2054 5645 2158 5695 sine
2198 5654 2371 5709 nmtre,
2416 5646 2521 5697 siue
2557 5647 2882 5716 gertcafogia?
2934 5648 3129 5717 Ecquid
3170 5650 3310 5713 dico,
3360 5651 3427 5705 de

1871 5734 2123 5789 homine?
2154 5735 2279 5789 Nam
2306 5736 2435 5791 side
2471 5736 2601 5791 Filio
2650 5736 2932 5807 diceretur,
2984 5755 3156 5793 annon
3186 5755 3424 5807 magnam
