4032 6220
588 369 699 424 259

587 475 825 521 moveret
850 463 1237 534 quaestionem?
1283 461 1412 515 Nam
1457 459 1500 512 si
1530 458 1643 512 sine
1676 462 1846 524 patre,
1892 450 2157 521 quomodo

586 557 792 612 Filius?
835 557 889 611 Si
924 557 1039 609 sine
1069 565 1257 619 matre,
1299 550 1564 620 quomodo
1612 544 1965 615 Unigenitus?
1996 542 2160 595 Filius

589 649 728 701 enim
775 657 976 714 patrem
1022 645 1212 698 habeat
1259 649 1488 710 oportet,
1534 638 1662 691 alias
1702 649 1831 689 vero
1876 633 2013 686 ﬁlius
2054 645 2158 683 non

587 737 762 790 fuerit.
786 734 890 789 Sed
935 736 1048 788 sine
1091 743 1237 801 patre
1283 741 1338 785 et
1376 731 1492 784 sine
1528 737 1696 781 matre
1720 734 1802 780 est
1827 724 1991 778 Filius
2024 721 2154 782 Dei;

587 828 703 879 sine
733 837 904 893 patre,
934 823 1219 878 secundum
1247 820 1526 883 infernam,
1572 818 1684 871 sine
1723 824 1912 878 matre,
1962 827 2156 867 secun-

585 916 712 968 dum
738 930 1022 982 supernam
1060 913 1475 982 generationem.
1523 908 1652 961 Nam
1702 921 1871 974 neque
1917 905 1966 956 in
2020 912 2155 956 terra

585 1015 788 1074 patrem
819 1006 1017 1068 habuit,
1065 1020 1234 1072 neque
1263 1005 1314 1056 in
1342 1003 1484 1055 cadis
1523 1009 1765 1052 matrem.
1815 997 1937 1050 Sine
1981 1009 2159 1064 genea-

587 1098 744 1166 logia.
792 1097 1020 1150 Audiant
1050 1096 1102 1159 ii,
1146 1095 1235 1163 qui
1287 1091 1631 1146 substantiam
1677 1089 1792 1155 ejus
1828 1085 2033 1140 curiose
2066 1099 2157 1136 ex-

586 1187 815 1254 plorant.
847 1187 1003 1254 Atqui
1047 1184 1195 1247 illud,
1230 1184 1354 1237 Sine
1385 1179 1694 1251 genealogia,
1727 1185 1912 1246 putant
1939 1174 2154 1244 quidam

584 1276 650 1328 de
679 1290 906 1343 superna
935 1275 1048 1340 ejus
1076 1273 1410 1341 generatione
1435 1270 1630 1323 dictum
1662 1284 1807 1322 esse.

656 1364 841 1418 Contra
868 1366 1150 1417 Anommos.
1184 1361 1410 1414 Christus
1434 1359 1678 1428 quomodo
1713 1360 1817 1411 sine
1846 1355 2153 1426 genealogia.

581 1488 655 1502 ---
684 1457 926 1511 llmretici
967 1470 1122 1524 porro
1160 1469 1330 1522 neque
1375 1455 1473 1505 hoc
1518 1451 1735 1514 volunt;
1766 1465 1886 1502 nam
1921 1458 1974 1501 et
2015 1449 2156 1500 illam

586 1547 796 1600 curiose
822 1545 1092 1612 inquirunt
1115 1558 1176 1596 ac
1213 1551 1542 1606 scrutantur,-
1580 1539 1960 1593 moderatiores
1983 1547 2156 1591 autem

585 1653 652 1691 ex
687 1636 821 1699 illis,
852 1636 936 1688 illa
964 1649 1215 1688 concessa
1240 1677 1253 1697 ,
1283 1632 1349 1686 de
1376 1632 1472 1685 hac
1501 1641 1707 1685 terrena
1738 1629 1838 1681 dici
1878 1637 2061 1696 putant
2093 1628 2156 1679 il-

585 1725 696 1791 lud,
727 1725 852 1777 Sine
873 1724 1181 1794 genealogia.
1209 1722 1558 1776 Ostendamus
1578 1735 1703 1788 ergo
1728 1719 1794 1772 de
1820 1729 2044 1785 utraque
2068 1732 2160 1785 ge-

585 1815 856 1868 neratione
888 1814 986 1866 hoc
1018 1813 1215 1865 dixisse
1241 1813 1480 1875 Paulum,
1511 1810 1577 1862 de
1601 1823 1824 1876 superna
1853 1822 2039 1874 nempe
2064 1845 2081 1868 ,
2106 1814 2159 1858 et

583 1906 650 1958 de
679 1915 910 1958 terrena.
937 1903 1065 1956 Nam
1095 1911 1148 1956 et
1177 1902 1264 1955 illa
1295 1901 1565 1954 tremenda
1599 1941 1622 1964 ,
1642 1908 1695 1952 et
1732 1898 1844 1951 hac
1874 1896 2156 1950 admodum

583 2011 773 2048 arcana
822 2004 925 2048 est.
951 1994 1280 2061 Quapropter
1320 1992 1478 2046 Isaias
1504 1993 1576 2044 ait
1602 2009 1615 2043 :
1647 1990 2023 2044 Generationem
2051 1990 2159 2050 eius

584 2087 693 2152 quis
721 2085 969 2136 enarrabit
996 2082 1146 2150 (Isai.
1181 2083 1266 2135 55.
1303 2081 1357 2151 8)
1380 2082 1401 2132 ?
1430 2081 1651 2143 Verum,
1685 2080 1889 2147 inquies
1913 2120 1928 2144 ,
1956 2079 2022 2132 de
2050 2093 2158 2131 εξε-

585 2175 701 2228 lesti
734 2174 819 2226 illa
847 2174 953 2241 agit
982 2172 1252 2241 propheta.
1283 2171 1415 2238 Quid
1443 2186 1566 2239 ergo
1610 2170 1846 2223 dicemus
1867 2169 1930 2222 de
1958 2168 2117 2220 Paulo
2138 2208 2154 2234 ,

583 2266 672 2333 qui
717 2276 989 2333 postquam
1030 2265 1159 2317 duas
1205 2262 1572 2332 generationes
1615 2268 2160 2322 commemoraverat,

584 2357 710 2410 illud
740 2356 1006 2423 subjunxit
1031 2374 1041 2407 :
1067 2354 1191 2408 Sine
1211 2354 1540 2423 genealogia?
1565 2351 1634 2406 Ut
1662 2367 1764 2405 non
1791 2351 1946 2403 modo
1971 2365 2158 2403 secun-

583 2445 710 2498 dum
740 2445 881 2498 illam
926 2444 1320 2512 generationem
1344 2481 1358 2506 ,
1391 2456 1491 2510 qua
1521 2442 1635 2494 sine
1676 2449 1844 2493 matre
1885 2449 1996 2493 erat
2020 2479 2034 2499 ,
2063 2437 2163 2492 sed

585 2537 744 2590 etiam
766 2535 1053 2588 secundum
1084 2535 1220 2587 hanc
1251 2543 1512 2587 terrenam
1533 2572 1547 2596 ,
1571 2547 1671 2600 qua
1696 2533 1809 2585 sine
1833 2541 1980 2599 patre
2004 2539 2155 2595 erat,

583 2626 728 2679 illum
759 2628 873 2678 sine
898 2624 1203 2693 genealogia
1229 2638 1346 2676 esse
1374 2623 1622 2676 crederes
1649 2639 1659 2672 :
1686 2621 1803 2676 ideo
1829 2637 1948 2674 cum
1976 2621 2156 2673 ambas

584 2717 882 2784 posuisset,
912 2724 1035 2768 tunc
1078 2715 1243 2779 dixit,
1273 2713 1396 2766 Sine
1441 2712 1750 2782 genealogia.
1794 2711 1999 2764 Etenim
2045 2711 2158 2764 haec

585 2815 792 2859 terrena
833 2804 1378 2872 incomprehensibilis
1405 2812 1484 2857 est
1508 2845 1521 2866 ,
1546 2812 1602 2854 ut
1629 2803 1890 2855 carieslem
1923 2802 2062 2853 illam
2091 2815 2156 2853 ne

583 2897 798 2965 quidem
831 2895 1090 2962 inspicere
1116 2893 1422 2946 audeamus.
1454 2890 1584 2944 Nam
1614 2892 1656 2944 si
1688 2891 1944 2944 vestibula
1976 2890 2154 2956 templi

585 2988 653 3040 ita
685 2986 954 3040 tremenda
978 2995 1030 3038 et
1055 2987 1320 3037 inaccessa
1346 2991 1513 3045 erant,
1536 2981 1601 3033 ad
1627 2981 1783 3049 adyta
1812 2981 1928 3049 quis
1955 2980 2157 3049 ingredi

581 3092 744 3130 ausus
770 3077 946 3130 esset?
972 3076 1120 3141 Quod
1149 3091 1176 3126 a
1211 3076 1365 3127 Patre
1390 3074 1598 3143 genitus
1627 3073 1695 3126 sit
1722 3074 1862 3136 novi,
1891 3073 2156 3141 quomodo

583 3177 758 3219 autem
791 3167 988 3220 nescio.
1019 3165 1167 3232 Quod
1195 3180 1224 3217 a
1251 3164 1452 3232 virgine
1477 3172 1631 3216 natus
1658 3163 1725 3215 sit
1752 3162 1872 3216 novi
1891 3203 1907 3223 ,
1943 3163 2155 3216 modum

583 3269 758 3310 autem
787 3274 956 3326 neque
983 3257 1068 3310 hic
1095 3261 1265 3324 capio.
1289 3255 1517 3324 Utraque
1536 3255 1808 3324 generatio
1833 3255 1885 3308 in
1913 3255 2157 3309 confesso

582 3355 682 3405 cst.
710 3355 762 3398 et
785 3346 1054 3413 utriusque
1082 3345 1268 3397 modus
1295 3353 1512 3396 tacetur.
1543 3343 1610 3395 Et
1633 3344 1767 3395 sicut
1795 3343 1878 3396 hic
1899 3343 1965 3395 de
1995 3344 2158 3411 virgi-

582 3451 670 3497 ne,
691 3437 937 3503 ignorans
961 3435 1223 3502 quomodo
1250 3449 1315 3488 ex
1336 3433 1534 3502 virgine
1564 3442 1717 3488 natus
1738 3433 1825 3497 sit,
1849 3432 2016 3500 ipsum
2038 3447 2156 3486 esse

582 3537 760 3580 natum
793 3527 1047 3580 conﬁteor
1071 3568 1084 3591 ,
1116 3541 1287 3593 neque
1331 3541 1442 3578 rem
1489 3525 1614 3577 tollo
1659 3533 1872 3592 propter
1911 3525 2156 3592 ignoran-

583 3621 707 3671 tiam
735 3639 746 3671 :
774 3619 842 3670 ita
874 3628 927 3671 et
958 3627 1011 3670 tu
1040 3617 1120 3670 fac
1147 3617 1211 3669 de
1241 3617 1414 3676 Patre,
1437 3616 1534 3669 etsi
1565 3632 1666 3668 non
1699 3614 1909 3667 noveris
1935 3628 2156 3682 quomo-

582 3708 650 3760 do
676 3709 880 3775 genitus
906 3708 973 3760 sit
1000 3708 1066 3759 ab
1092 3721 1155 3759 eo
1177 3705 1359 3767 Filius,
1386 3705 1639 3758 conﬁtere
1669 3713 1858 3757 tamen.
1889 3703 1942 3758 Si
1967 3704 2159 3757 dixerit

585 3797 677 3849 tibi
711 3796 1010 3858 hazreticus,
1039 3795 1314 3862 Quomodo
1340 3795 1548 3863 genitus
1574 3802 1653 3847 est
1681 3809 1746 3846 ex.
1769 3793 1923 3846 Patre
1950 3793 2156 3846 Filius?

585 3889 700 3956 ejus
731 3889 920 3940 fastum
950 3888 1002 3938 in
1030 3894 1223 3938 terram
1248 3885 1484 3953 deprime
1509 3925 1527 3948 ,
1554 3892 1608 3937 et
1633 3884 1717 3936 dic
1746 3885 1817 3936 illi
1844 3903 1856 3936 :
1887 3883 2156 3938 Descende

585 3979 652 4033 de
696 3979 874 4041 caelis,
905 3988 956 4032 et
985 3977 1205 4030 ostende
1244 3977 1505 4043 quomodo
1548 3986 1698 4028 natus
1741 3990 1805 4029 ex
1836 3975 2036 4043 virgine
2062 4018 2074 4039 ,
2105 3983 2160 4030 et

586 4078 710 4122 tunc
747 4068 813 4120 ad
855 4067 938 4119 illa
967 4067 1190 4134 respit-e.
1225 4065 1408 4119 Detine
1449 4066 1617 4132 ipsum
1643 4104 1657 4126 ,
1689 4075 1741 4118 et
1770 4065 2026 4118 conclude
2049 4106 2063 4129 ,
2093 4079 2158 4118 ne

584 4151 728 4212 sinas
763 4158 984 4221 resilire,
1010 4165 1064 4209 et
1091 4158 1142 4210 in
1175 4155 1528 4225 labyrinthum
1557 4155 1952 4210 ratiociniorum
1982 4171 2160 4225 regre-

585 4248 673 4309 di,
702 4247 793 4299 sed
823 4245 1000 4300 detine
1038 4254 1090 4299 et
1118 4245 1313 4299 suﬁ‘oca
1338 4286 1352 4309 ,
1385 4260 1489 4298 non
1519 4259 1674 4298 manu
1699 4285 1714 4308 ,
1745 4245 1840 4298 sed
1878 4248 2057 4300 verbo.
2084 4246 2160 4300 Ne

585 4338 682 4391 des
729 4338 797 4390 illi
837 4337 1139 4390 dilationem
1183 4343 1239 4388 ut
1276 4335 1490 4404 eﬁ‘ugiat
1531 4350 1634 4402 quo
1678 4336 1820 4388 velit.
1855 4335 1984 4389 Hinc
2018 4336 2157 4388 enim

589 4427 868 4480 tumultum
898 4427 1127 4479 excitant
1148 4426 1282 4480 inter
1301 4425 1694 4492 disputandum,
1722 4427 1841 4493 quia
1870 4441 1965 4478 nos
1986 4427 2158 4493 sequi-

585 4531 702 4569 mur
729 4518 844 4569 illos
865 4557 878 4580 ,
909 4531 1080 4585 neque
1109 4515 1416 4570 abducimus
1440 4531 1530 4569 eos
1558 4515 1656 4569 sub
1684 4517 1827 4583 leges
1868 4517 2159 4569 divinarum

589 4600 1002 4667 Scripturat-um.
1027 4600 1230 4654 Murum
1258 4602 1356 4670 ipsi
1379 4601 1607 4671 undique
1633 4601 1992 4669 circumpone,
2018 4602 2162 4654 testi-

588 4692 761 4745 monia
782 4691 1187 4759 Scripturarum,
1201 4708 1261 4747 ac
1282 4708 1347 4746 ne
1367 4693 1570 4746 hiscere
1589 4693 1796 4761 quidem
1822 4693 2037 4762 poterit.
2049 4693 2158 4756 Dic,

585 4780 849 4851 quomodo
888 4789 1038 4834 natus
1067 4791 1147 4834 est
1176 4797 1240 4835 ex
1269 4783 1469 4853 virgine
1489 4784 1510 4835 ?
1530 4781 1645 4836 Non
1670 4784 1888 4852 gradum
1931 4797 2120 4837 revoco
2143 4823 2157 4847 ,

588 4888 691 4925 non
715 4871 922 4925 recedo.
949 4871 1138 4924 Verum
1157 4885 1258 4924 non
1281 4874 1468 4942 poterit
1488 4873 1639 4928 nobis
1659 4874 1869 4928 modum
1889 4889 2160 4940 enarrare,

587 4966 686 5018 etsi
709 4966 1004 5019 sexcenties
1029 4963 1080 5017 id
1105 4964 1400 5017 contendat.
1432 4965 1565 5018 Cum
1589 4967 1730 5019 enim
1759 4967 1894 5019 Dcus
1923 4966 2164 5020 occluse-

589 5055 676 5111 rit.
699 5055 814 5122 quis
834 5062 1016 5122 postea
1038 5054 1273 5122 aperiat?
1296 5054 1417 5107 ΙΙωο
1441 5055 1550 5107 sola
1580 5064 1801 5122 possunt
1817 5055 1918 5110 ﬁde
1940 5056 2158 5125 percipi.

589 5144 642 5198 Si
679 5159 831 5212 porro
856 5159 1105 5212 nequeas,
1128 5143 1220 5198 sed
1241 5143 1506 5197 ratiocinia
1527 5159 1752 5213 quaeras,
1776 5144 1826 5197 id
1855 5145 1945 5197 tibi
1966 5144 2159 5209 dicam,

591 5236 728 5305 quod
759 5234 1000 5287 Christus
1030 5233 1316 5287 Nicodcmo
1339 5255 1349 5286 :
1374 5235 1432 5289 Si
1456 5244 1649 5288 terrena
1672 5235 1778 5286 dixi
1805 5235 1958 5298 vobis,
1987 5247 2033 5288 et
2063 5254 2162 5289 non

588 5327 789 5379 creditis
815 5366 829 5389 ,
860 5324 1108 5393 quomodo
1149 5324 1191 5376 si
1218 5324 1392 5377 dixero
1419 5325 1636 5378 caelestia
1663 5325 1870 5377 credetis
1897 5323 2075 5391 (Joan.
2104 5326 2157 5378 5.

593 5417 719 5486 l2)?
749 5417 818 5469 De
860 5426 976 5468 ortn
1006 5431 1069 5468 ex
1099 5415 1299 5483 virgine
1340 5415 1448 5468 dixi
1473 5456 1488 5480 ,
1518 5425 1571 5470 et
1601 5430 1704 5468 non
1749 5415 1996 5484 intelligis
2017 5456 2031 5479 ,
2062 5431 2163 5474 nec

589 5508 796 5561 hiscere
821 5507 983 5560 audes
1008 5547 1022 5572 ,
1055 5516 1106 5560 et
1134 5515 1308 5560 tamen
1339 5521 1617 5574 supernam
1647 5507 2037 5576 generationem
2067 5521 2162 5561 cu-

593 5602 733 5652 riose
773 5597 1041 5667 exploras.
1071 5599 1241 5667 Atque
1277 5598 1474 5650 utinam
1510 5599 1697 5651 crelum
1727 5607 1961 5663 tantum;
1991 5598 2081 5652 sed
2111 5609 2164 5652 tu

592 5684 751 5743 ﬂiam
778 5689 1026 5744 casiorum
1059 5687 1339 5743 Dominum
1368 5687 1571 5742 curiose
1606 5673 1831 5744 rimaris.
1873 5690 1934 5745 Si
1971 5700 2166 5745 terrena

1033 345 1089 399 S.
1130 341 1318 397 JOAN.
1359 337 1728 394 CllliYSOST.
1772 333 2084 390 ARCHIEP.
2126 329 2656 386 CONSTANTINOP.
2697 330 2781 383 DE
2821 330 3353 390 MELCIIISEDECO.

3723 360 3840 410 2(ῑο

2271 448 2380 502 dixi
2404 449 2538 503 vobis
2557 490 2571 514 ,
2597 461 2643 502 et
2673 467 2770 502 non
2796 452 3013 504 creditis.
3040 452 3152 504 Non
3192 451 3358 518 dixit,
3389 451 3503 507 Non
3544 470 3826 522 persuade-

2265 539 2428 603 mini,
2459 540 2550 593 sed
2576 579 2592 605 ,
2623 539 2744 593 Non
2774 541 2998 606 creditis;
3020 541 3300 595 ostendens
3326 543 3477 597 nobis
3501 581 3515 607 ,
3547 542 3589 595 si
3619 553 3831 597 terrena

2265 629 2367 683 ﬁde
2410 647 2542 699 opus
2569 631 2834 696 habeant,
2860 633 3024 687 multo
3073 633 3237 703 magis
3274 634 3522 688 caelestia.
3567 634 3674 688 Etsi
3704 643 3831 690 tunc

2262 721 2548 775 Nicodemo
2576 721 2643 776 de
2671 733 2822 790 partu
2851 723 3153 790 loqueretur
3185 724 3337 792 longe
3370 724 3608 789 minore;
3635 725 3701 778 de
3731 725 3829 778 hao

2263 811 2507 877 ptismate
2547 825 2775 879 namque
2820 825 2995 865 sermo
3039 820 3182 874 erat,
3231 822 3285 866 et
3323 811 3390 865 de
3431 815 3830 881 regeneratione

2262 900 2516 967 spirituali
2544 921 2555 954 :
2582 901 2673 953 sed
2707 901 2878 969 palam
2907 912 3069 956 estea
3111 904 3268 956 etiam
3312 903 3413 956 ﬁde
3447 918 3562 956 esse
3591 918 3832 972 compre-

2263 988 2558 1044 liensibilia.
2588 990 2809 1043 Terrena
2835 1001 3009 1045 autem
3041 993 3126 1048 illa
3156 995 3387 1058 vocavit,
3419 996 3520 1047 non
3547 995 3685 1063 quod
3715 1005 3829 1050 ter-

2262 1094 2388 1133 rena
2417 1096 2541 1134 vere
2567 1081 2668 1133 sint
2689 1122 2703 1145 ,
2733 1081 2824 1135 sed
2865 1083 3000 1150 quod
3033 1083 3083 1135 in
3119 1092 3255 1136 terra
3283 1092 3744 1148 consummentur,
3779 1095 3832 1137 et

2262 1171 2655 1238 comparatione
2684 1171 2822 1224 illius
2848 1171 3143 1238 ineffabilis,
3167 1181 3222 1226 et
3247 1189 3459 1228 omnem
3486 1184 3711 1229 mentem
3735 1190 3829 1229 sn-

2262 1261 2494 1327 perantis
2520 1262 2875 1329 generationis
2899 1303 2913 1324 ,
2948 1264 3060 1316 haec
3088 1263 3194 1316 sint
3223 1272 3449 1318 terrena.
3484 1263 3536 1318 Si
3567 1280 3690 1335 ergo
3721 1282 3827 1320 non

2262 1359 2436 1418 potest
2461 1352 2676 1420 intelligi
2703 1392 2717 1415 ,
2745 1367 2848 1420 quo
2877 1361 3027 1420 pacto
3057 1368 3122 1406 ex
3145 1356 3294 1422 aquis
3319 1369 3706 1423 regeneremur,
3737 1357 3829 1409 sed

2262 1441 2370 1492 sola
2401 1441 2500 1493 ﬁde
2527 1441 2576 1494 id
2602 1442 2871 1510 percipere
2895 1451 3155 1511 oporteat,
3187 1458 3358 1512 neque
3383 1444 3595 1498 modum
3621 1448 3830 1500 curiose

2263 1532 2537 1598 explorare
2561 1549 2574 1585 :
2599 1541 2807 1600 quantm
2839 1532 3055 1586 insaniae
3085 1533 3242 1588 fuerit
3270 1534 3334 1588 de
3360 1549 3586 1602 superna
3611 1551 3833 1605 genera-

2264 1622 2404 1673 tione
2426 1622 2676 1690 unigeniti
2695 1621 2810 1674 Filii
2837 1621 3060 1675 humana
3079 1624 3347 1677 ratiocinia
3368 1641 3602 1692 movere,
3617 1639 3669 1681 et
3689 1628 3829 1682 modi

2262 1713 2619 1781 generationis
2635 1715 2866 1767 rationes
2886 1715 3166 1781 expetere?
3188 1715 3460 1782 Quomodo
3481 1718 3593 1771 sine
3617 1727 3761 1786 patre
3779 1730 3835 1772 et

2262 1805 2378 1856 sine
2408 1813 2573 1857 matre
2601 1803 2690 1857 Dei
2721 1803 2904 1868 Filius,
2924 1812 2977 1858 et
3000 1806 3263 1874 quomodo
3283 1806 3395 1862 sine
3416 1807 3719 1877 genealogis
3739 1808 3828 1871 sit,

2262 1897 2390 1949 satis
2416 1895 2836 1950 demonstratum
2865 1907 2964 1950 est.

2332 1987 2382 2040 3.
2416 1985 2518 2042 Sed
2562 1990 2808 2056 quoniam
2856 1987 3005 2040 multi
3057 2002 3161 2041 non
3210 1989 3561 2059 intelligentes
3605 2005 3720 2058 quae
3763 1990 3832 2045 de

2262 2075 2643 2132 Melcliisedcco
2663 2079 2854 2145 scripta
2886 2087 3025 2140 sunt,
3051 2079 3221 2146 ipsum
3247 2080 3402 2131 etiam
3434 2077 3644 2132 Christo
3668 2078 3832 2147 majo-

2261 2183 2372 2221 rem
2403 2182 2519 2222 esse
2547 2168 2810 2231 dixerunt,
2844 2167 3190 2236 lueresimque
3216 2170 3626 2232 constituerunt,
3655 2178 3708 2223 et
3731 2184 3838 2222 vo-

2262 2267 2448 2310 cantur
2485 2257 2921 2312 Melchisedecita:
2953 2257 3027 2328 (α)
3053 2300 3067 2324 ,
3101 2261 3356 2328 nobisque
3384 2260 3746 2325 contendunt,
3778 2269 3834 2314 et

2265 2359 2532 2418 pugnant,
2567 2350 2736 2418 ipsum
2780 2365 2898 2404 esse
2940 2349 3149 2405 Christo
3187 2352 3438 2419 majorem
3464 2393 3478 2416 ,
3503 2352 3632 2406 illud
3667 2351 3842 2405 addu-

2261 2450 2441 2495 centes
2462 2482 2475 2502 ,
2508 2441 2582 2493 Tu
2613 2459 2663 2495 es
2686 2443 2916 2495 sacerdos
2953 2443 3006 2495 in
3042 2452 3279 2496 azternum
3312 2445 3583 2498 secundum
3609 2446 3832 2498 ordinem

2263 2531 2597 2585 Melchisedec
2642 2533 2660 2600 (
2685 2533 2827 2587 Psat.
2859 2535 2978 2589 109.
3008 2536 3063 2603 4)
3099 2554 3110 2588 :
3155 2535 3254 2590 illis
3299 2551 3506 2604 quoque
3552 2551 3834 2592 occurrere

2262 2633 2492 2689 Oportet.
2525 2623 2713 2676 Dicunt
2737 2625 2876 2677 enim
2907 2623 3221 2689 :Quomodo
3250 2640 3353 2678 non
3385 2624 3539 2680 fuerit
3567 2627 3652 2680 ille
3676 2625 3828 2684 Chri-

2261 2721 2344 2765 sto
2387 2713 2596 2779 major,
2625 2713 2915 2767 secundum
2965 2715 3116 2783 cujus
3161 2715 3441 2784 imaginem
3489 2727 3544 2769 et
3591 2717 3828 2770 ordinem

2260 2801 2498 2855 Christus
2521 2803 2870 2860 sacerdotium
2888 2807 3134 2860 exercet?
3151 2806 3259 2861 Nos
3275 2821 3400 2876 ergo
3421 2807 3642 2861 dicimus
3661 2808 3829 2874 ipsum

2262 2892 2526 2946 hominem
2575 2909 2693 2947 esse
2716 2935 2730 2958 ,
2768 2897 2985 2962 perinde
3029 2907 3190 2966 atque
3229 2913 3326 2952 nos
3364 2899 3693 2966 passionihns
3731 2899 3831 2952 ob-

2262 2983 2473 3035 noxium
2497 3025 2510 3043 ,
2542 2999 2638 3037 nec
2667 2986 2923 3053 majorem
2950 2985 3158 3042 Christo
3179 3029 3193 3051 ,
3229 2990 3334 3042 imo
3373 3004 3470 3043 nec
3494 2990 3695 3044 Joanne
3733 2991 3833 3045 Ba-

2261 3074 2451 3142 ptista:
2481 3075 2651 3145 Major
2677 3078 2819 3130 enim
2860 3078 2947 3130 illo
2971 3118 2986 3142 ,
3020 3079 3186 3147 inquit
3222 3077 3462 3134 Christus
3487 3120 3503 3144 ,
3535 3081 3665 3133 inter
3689 3089 3831 3134 natos

2262 3166 2528 3217 mulierum
2569 3182 2669 3218 non
2709 3168 2925 3219 surrexit
2965 3167 3172 3237 (Matth.
3206 3170 3436 3239 1L“).
3479 3171 3580 3224 Alii
3624 3185 3830 3226 rursum

2261 3265 2501 3308 errantes
2528 3257 2707 3309 dicunt
2737 3258 2905 3324 ipsum
2931 3273 3048 3312 esse
3074 3259 3325 3327 Spiritum
3349 3272 3587 3314 sanctum
3616 3262 3711 3331 (b);
3739 3262 3830 3315 sed

2261 3343 2362 3396 hoc
2408 3358 2511 3396 non
2552 3345 2779 3398 dicimus
2823 3361 2940 3399 nos.
2979 3347 3108 3401 Nam
3153 3363 3270 3415 qua:
3313 3350 3602 3404 necessitas
3646 3351 3833 3405 fuisset

2261 3431 2490 3487 Verbum
2522 3434 2614 3487 Dei
2655 3434 2914 3488 incarnari
2941 3475 2955 3499 ,
2987 3436 3030 3489 si
3054 3437 3160 3504 jam
3201 3439 3326 3491 olim
3365 3438 3591 3507 Spiritus
3618 3449 3837 3494 sanctus

2261 3523 2419 3577 homo
2449 3523 2617 3577 factus
2648 3523 2871 3578 fuisset?
2900 3526 3028 3589 Quia
3077 3543 3203 3580 vero
3247 3542 3343 3582 nec
3387 3528 3555 3597 major
3579 3529 3794 3584 Christo
3816 3572 3832 3594 ,

2264 3631 2359 3668 nec
2381 3617 2607 3683 Spiritus
2634 3627 2850 3671 sanctus
2879 3629 2959 3670 est
2983 3659 2998 3684 ,
3027 3619 3203 3673 dicant
3231 3621 3488 3674 nobisilli.
3509 3664 3523 3686 ,
3553 3622 3702 3690 cujus
3731 3623 3833 3677 loci

2263 3707 2434 3775 ipsum
2475 3723 2594 3763 csse
2640 3717 2871 3763 statuant
2896 3728 2907 3762 :
2938 3725 3002 3764 an
3033 3711 3302 3766 czielestis?
3329 3728 3396 3766 an
3436 3715 3742 3768 terreSIris?
3767 3731 3835 3770 an

2261 3798 2634 3852 subterranei?
2663 3798 2718 3851 Si
2747 3814 2872 3868 ergo
2895 3801 3074 3854 dicant
3100 3801 3536 3857 Melchisedecum
3567 3805 3649 3858 vel
3670 3819 3702 3858 e
3728 3819 3835 3859 ca:-

2264 3888 2474 3942 lcstium
2521 3904 2780 3956 numero,
2812 3892 2894 3945 vel
2941 3893 3074 3946 alius
3113 3893 3487 3962 cujuscumque
3532 3896 3628 3948 loci
3676 3910 3832 3961 esse,

2261 3978 2478 4031 audiant
2516 3977 2662 4032 illum
2706 3994 2842 4047 genu
2883 3980 3095 4036 ﬂectere
3131 3983 3342 4036 Christo
3365 4024 3379 4048 ,
3402 3983 3490 4051 qui
3531 3984 3832 4039 incarnatus

2263 4077 2344 4122 est
2371 4084 2436 4123 ex
2478 4069 2697 4137 Deipara
2739 4070 2918 4124 Maria.
2950 4072 3034 4125 Ait
3060 4073 3199 4128 enim
3216 4075 3491 4142 Apostolus
3513 4093 3524 4126 :
3549 4074 3576 4126 1
3585 4076 3664 4142 psi
3689 4090 3833 4128 omne

2263 4176 2390 4227 genu
2420 4161 2780 4228 ﬂectetur,etc.
2812 4161 3065 4233 (PJiiiipp.
3092 4164 3144 4216 2.
3172 4164 3287 4232 10).
3305 4164 3360 4218 Si
3390 4178 3547 4217 omne
3575 4179 3712 4232 genu
3743 4164 3834 4219 ﬂe-

2264 4252 2442 4316 ctitur,
2478 4268 2605 4306 sane
2633 4252 2984 4307 Melchisedec
3012 4255 3220 4308 Christo
3251 4256 3422 4307 minor
3445 4255 3619 4319 fuerit,
3648 4254 3834 4308 adorat

2265 4343 2402 4393 enim
2435 4341 2726 4395 Christum.
2753 4344 2806 4396 Si
2838 4343 3071 4396 infelices
3101 4343 3175 4395 illi
3203 4358 3266 4397 ac
3293 4344 3469 4397 miseri
3505 4359 3565 4397 ea
3594 4360 3713 4412 quae
3748 4360 3835 4398 se-

2264 4439 2495 4496 quuntur
2514 4431 2876 4496 considerent;
2899 4445 3018 4484 nam
3047 4431 3330 4501 subjungit,
3357 4433 3674 4485 Assimilatus
3701 4431 3835 4486 Filio

2264 4522 2357 4575 Dei
2384 4521 2562 4591 (Hebr.
2586 4523 2636 4575 7.
2663 4524 2718 4592 ὃ)
2743 4541 2754 4574 :
2782 4521 2850 4575 ita
2878 4523 3272 4590 intelligendum
3295 4530 3394 4587 est,
3424 4523 3591 4590 ipsum
3620 4537 3835 4592 nempe,

2263 4612 2484 4681 perinde
2511 4622 2668 4680 atque
2698 4627 2812 4677 nos,
2833 4612 2896 4665 ad
2929 4614 3208 4682 imaginem
3238 4622 3288 4666 et
3311 4612 3714 4666 similitudinem
3746 4612 3834 4666 Dei

2265 4702 2459 4754 factum
2489 4703 2668 4756 fuisse.
2697 4703 2863 4756 Judaei
2908 4718 3066 4771 porro
3091 4704 3270 4756 dicunt
3306 4704 3475 4772 ipsum
3503 4717 3567 4756 ex
3612 4704 3836 4755 fornica-

2266 4793 2410 4847 tione
2439 4788 2617 4848 natum
2649 4809 2766 4848 esse
2809 4795 2878 4864 (ε)
2906 4835 2923 4861 ,
2952 4795 3173 4863 ideoque
3203 4796 3316 4849 sine
3338 4795 3640 4864 genealogia
3674 4810 3792 4849 esse
3820 4811 3833 4857 ;

2265 4886 2456 4953 quibus
2481 4901 2578 4938 nos
2606 4885 2843 4939 dicemus
2865 4926 2879 4948 ,
2911 4885 3048 4953 quod
3086 4885 3180 4954 ipsi
3212 4901 3488 4955 perperam
3532 4887 3831 4955 loquantur.

2267 4976 2474 5030 Etenim
2498 4976 2815 5038 Salomonis,
2843 4977 2932 5044 qui
2957 4991 3026 5029 ex
3057 4976 3293 5031 adultera
3325 4977 3463 5032 Uriae
3492 4993 3657 5030 uxore
3683 4987 3833 5029 natus

2331 5087 2403 5148 (τι)
2437 5093 2511 5148 ne
2527 5085 2941 5148 Melchisedecitis,
2965 5098 3089 5146 quos
3104 5096 3436 5148 Μἰλχισιδαιανοῖκ
3460 5095 3600 5135 vocat
3640 5084 3832 5147 Epipha-

2266 5150 2394 5205 nius,
2440 5147 2550 5197 vide
2590 5148 2726 5209 apud
2759 5147 2912 5206 ipsum
2947 5149 3129 5209 t-tzeresi
3173 5147 3252 5202 35,
3284 5148 3348 5195 at.
3501 5162 3549 5209 p.
3584 5149 3674 5195 468
3716 5149 3832 5209 edit.

2269 5218 2450 5263 Petam,
2475 5221 2583 5269 qua:
2606 5206 2797 5255 omnino
2815 5221 2920 5253 cum
2946 5208 3024 5255 his
3042 5217 3298 5257 consonant
3317 5224 3328 5267 ;
3345 5210 3409 5258 de
3433 5206 3515 5257 illo
3529 5210 3672 5255 etiam
3683 5206 3831 5254 't'heo-

2267 5271 2483 5355 dor-ctus,
2521 5271 2739 5317 llzL-retic.
2773 5269 2932 5316 Fabul.
2974 5269 3006 5316 L
3042 5271 3113 5326 11,
3153 5283 3195 5317 c.
3221 5272 3277 5328 6,.
3302 5279 3432 5318 Joan.
3479 5277 3684 5316 Itarnasc.
3734 5274 3833 5315 Ha:-

2269 5344 2364 5362 mu
2407 5333 2449 5362 κ

2269 5346 2519 5452 mugitui
2543 5389 2735 5438 dicebat
2769 5391 3162 5439 Melchisedecum
3207 5405 3320 5441 esse
3357 5391 3573 5453 spiritum
3619 5394 3833 5453 sanctum

2272 5451 2589 5510 erat’ttierax,
2619 5457 2748 5499 teste
2771 5453 3022 5513 Epiphanio
3057 5454 3107 5500 in
3144 5461 3265 5501 HZBI'.
3302 5451 3832 5500 Melchisedecianorum

2270 5528 2318 5576 μ
2335 5514 2571 5635 (ﬁgouod
2587 5585 2698 5619 mox
2723 5572 2912 5633 dicitur,
2948 5587 3126 5635 nempe
3158 5573 3557 5635 .tudzeos_disisse
3580 5571 3838 5635 Melchise.

2273 5632 2444 5684 deeum
2465 5647 2527 5681 ex
2551 5633 2865 5697 fornicatione
2902 5632 3251 5697 natum'fiii§e,
3286 5632 3442 5697 refert
3461 5637 3602 5686 etiam
3632 5633 3832 5697 rlzij'ba.

2277 5700 2384 5748 nius
2406 5699 2452 5746 in
2481 5694 2657 5744 ttzcresi
2679 5694 3208 5745 Melchisedecianorum
3225 5710 3272 5758 ιι.
3300 5695 3402 5742 473.
