4032 6220
178 373 294 428 259

176 475 446 541 ειρήνης,
494 474 765 542 ἀπάτωρ,
809 476 1076 544 ἀμήτωρ,
1135 475 1624 544 ἀγενεαλόγητος,
1668 472 1819 540 μήτε

175 557 376 626 ἀρχὴν
405 557 634 625 ἡμερῶν
655 560 827 626 ἔχων,
854 559 1003 626 μήτε
1025 559 1197 620 τέλος
1236 555 1403 622 ζωῆς,
1447 553 1819 626 ἀφωμοιωμέ-

174 643 287 689 νος
316 625 383 677 δὲ
410 626 487 690 τῷ
515 624 629 690 ί)Ἶῴ
654 624 756 678 τοῦ
793 624 960 690 Θεοῦ,
995 628 1162 695 μένει
1202 627 1392 692 ἱερεὺς
1422 629 1506 690 εὶς
1535 626 1599 676 τὸ
1626 624 1821 686 διηνεο

177 711 302 774 κές.
331 707 452 778 'Ap'
478 713 535 763 οὐ
569 713 852 776 κατέξανεν
878 714 1027 783 ὐμῶν
1044 713 1140 774 τὰς
1169 713 1357 773 ἀκοὰς,
1383 711 1508 780 περ).
1538 709 1820 780 ἀνθρώπου

175 797 555 866 διαλεγόμενος
583 802 672 852 καὶ
694 800 884 866 λέγων,
930 799 1200 865 Ἁπάτωρ,
1225 798 1479 866 ἀμήτωρ,
1505 799 1822 864 ἀγενεαλό-

173 900 392 950 σιητοςς
429 887 532 936 Καὶ
560 887 610 937 τί
635 886 775 953 λέγω
815 887 943 956 περὶ
985 885 1302 953 ἀνθρώπου;
1333 886 1392 934 Εἰ
1435 884 1542 952 γὰρ
1577 883 1700 951 περὶ
1732 882 1822 934 τοῦ

181 968 313 1022 Υίοῦ
341 972 548 1038 λέγοιτο
581 973 756 1034 τοῦτο,
803 974 900 1024 οὐκ
926 974 989 1024 ἂν
1020 972 1214 1041 πολλὴν
1255 973 1344 1023 καὶ
1369 970 1536 1032 οῦτως
1573 969 1824 1037 παράσχῃ

179 1057 437 1125 ζήτησινς
471 1061 528 1112 Εἰ
556 1061 657 1131 γάρ
679 1061 922 1128 ἀπάτωρ,
947 1061 1061 1122 πῶς
1090 1061 1244 1122 Υἰός;
1279 1061 1338 1110 Εἰ
1357 1060 1411 1111 δὲ
1435 1061 1682 1128 ἀμήτωρ,
1713 1059 1825 1119 πῶς

179 1143 521 1212 Noveram;
565 1148 621 1197 '0
645 1148 748 1217 γὰρ
777 1147 886 1209 υίὸς
925 1147 1124 1215 ὀφείλει
1148 1148 1359 1216 πατέρα
1390 1146 1550 1214 ἔχειν,
1582 1146 1702 1195 ἐπεὶ
1731 1145 1826 1196 οὐκ

179 1230 247 1280 ἂν
275 1231 360 1298 εἴη
391 1232 522 1294 υἰός.
573 1233 728 1285 ’Δλλά
767 1235 858 1286 καὶ
887 1235 1113 1302 ἀπάτωρ
1144 1234 1287 1284 ἐστὶν
1318 1236 1344 1283 ὀ
1387 1233 1511 1292 Υἱὸς
1550 1229 1642 1282 τοῦ
1671 1229 1822 1294 Θεοῦ,

178 1316 273 1367 καὶ
312 1318 537 1387 ἀμήτωρ
559 1336 572 1348 ο
614 1321 838 1388 ἀπάτωρ
865 1320 961 1386 τὴν
999 1320 1149 1370 κάτω
1174 1318 1444 1387 γέννησιν,
1478 1318 1704 1386 ἀμήτωρ
1732 1315 1828 1385 τὴν

177 1403 313 1456 ἄνω.
345 1405 479 1457 Οὔτε
507 1407 613 1476 γὰρ
641 1408 729 1458 ἐπί
758 1406 860 1474 γῆς
887 1407 1040 1472 ἔσχεν
1078 1406 1302 1474 πατέρα,
1336 1405 1457 1456 οῦτε
1491 1407 1545 1455 ἐν
1585 1405 1828 1472 οὐρανοῖς

170 1489 416 1559 μητέρα.
465 1493 975 1560 Ἀγενεαλόγητοᾳ
1023 1492 1388 1543 Ἀκουέτωσαν
1419 1494 1465 1543 οί
1507 1491 1605 1560 τὴν
1645 1491 1828 1541 οὐσίαν

177 1575 352 1627 αὐτοῦ
387 1577 973 1646 πολυπραγμονοῦντες.
1011 1579 1200 1630 Καίτοι
1231 1579 1372 1640 τινὲς
1417 1577 1724 1646 νομίζουσιν
1749 1579 1828 1629 ὃτι

177 1661 240 1712 τὸ
283 1663 758 1731 Ἄγενεαιόγητος
789 1665 961 1727 τοῦτο,
992 1665 1232 1733 περὶτῆς
1269 1664 1380 1716 ἄνω
1413 1665 1716 1734 γεννήσεως
1753 1663 1830 1714 εῖ-

181 1765 369 1818 ρηται.

254 1837 317 1887 Ol
354 1835 450 1905 μὲν
478 1836 583 1908 γὰρ
616 1839 878 1908 αῖρετικοὶ
906 1838 1028 1892 οὔτε
1061 1838 1216 1891 τοῦτο
1251 1837 1564 1907 βούλονται·
1601 1836 1698 1889 καὶ
1726 1835 1830 1905 γὰρ

181 1921 277 1970 καὶ
317 1923 529 1991 ἐκείνην
573 1925 1082 1994 πολυπραγμονοῦσι
1127 1925 1220 1977 καὶ
1250 1924 1702 1994 περιεργάζονται
1731 1940 1743 1951 ·
1783 1922 1830 1972 οἱ

181 2005 239 2056 δὲ
261 2008 645 2075 ἐπιεικέστεροι
673 2011 872 2061 τούτων
901 2010 1114 2076 ἐκείνην
1147 2011 1244 2078 μὲν
1267 2010 1674 2079 παραχωροῦσι,
1706 2007 1832 2074 περ)⁵

180 2091 236 2142 δὲ
259 2093 460 2159 ταύτης
492 2095 637 2146 κάτω
682 2095 987 2163 νομίζουσιν
1016 2096 1260 2164 είρῆσθαι
1290 2097 1366 2158 τὸ,
1413 2095 1830 2163 Ἀγενεαλόγη-

181 2195 307 2242 τος.
349 2179 615 2249 Δείξωμεν
657 2177 747 2232 οὖν
794 2182 872 2232 ὅτι
923 2182 1046 2249 περὶ
1077 2182 1340 2250 ἑκατέρας
1390 2184 1486 2248 τῆς
1532 2181 1832 2246 γεννήσεως

181 2267 342 2319 τοῦτο
391 2268 598 2330 Παῦλος
643 2266 782 2329 εἷπε,
832 2270 924 2321 καὶ
955 2270 1080 2338 περὶ
1113 2269 1212 2336 τῆς
1244 2268 1390 2338 [968]
1416 2270 1544 2330 ἅνω,
1583 2269 1674 2320 καὶ
1708 2268 1833 2336 περὶ

181 2354 284 2421 τῆς
316 2355 482 2407 κάτω.
521 2358 627 2407 Καὶ
658 2357 762 2424 γὰρ
812 2356 1036 2419 κάκείνη
1080 2357 1299 2425 φρικτὴ,
1335 2358 1425 2408 καὶ
1456 2356 1591 2424 αὐτη
1639 2371 1830 2424 μυστιο

183 2440 422 2509 κωτάτη.
457 2441 555 2492 Διά
575 2442 730 2494 τοῦτο
756 2443 849 2494 καὶ
880 2442 1108 2504 Ἡσαΐας
1135 2442 1295 2510 φησίν
1313 2457 1329 2471 ⁸
1366 2441 1482 2506 Τὴν
1499 2442 1711 2508 γενεὰν
1729 2441 1833 2492 αὐ-

183 2527 292 2579 τοῦ
323 2528 412 2592 τίς
443 2527 818 2596 διηγήσεταις
855 2529 1013 2580 Ἀλλά
1042 2528 1167 2597 περὶ
1200 2528 1432 2594 ἐκείνης,
1469 2529 1651 2596 φησὶν,
1683 2523 1832 2577 εἶπεν

180 2612 283 2683 τῆς
315 2613 439 2666 ἀνω.
477 2615 539 2667 Τί
573 2610 664 2666 οῦν
693 2615 919 2684 ἐροῦμεν
956 2614 1032 2682 τῷ
1065 2613 1259 2682 Παύλῳ
1293 2614 1600 2682 ἀμφοτέρας
1631 2614 1831 2665 εἰπόντι

181 2698 280 2759 τὰς
303 2701 601 2768 γεννήσεις,
625 2701 712 2752 καὶ
728 2700 1184 2766 τότεὲπαγαγόντι
1206 2701 1286 2760 τὸ,
1312 2701 1359 2751 Ἀ
1370 2701 1616 2766 γενεαλό
1622 2717 1794 2765 γητος
1816 2717 1829 2763 ;

186 2785 306 2836 Ἵνα
337 2786 408 2853 μὴ
447 2787 601 2853 μόνον
634 2787 750 2838 κατ’
781 2787 991 2853 ἐκείνην
1017 2787 1112 2855 τὴν
1140 2787 1408 2853 γέννησιν,
1447 2787 1566 2836 καθ’
1594 2788 1657 2853 ἣν
1687 2787 1832 2853 ἀμή-

183 2887 300 2956 τωρ
322 2873 485 2936 ἐστὶν,
511 2871 646 2922 ἀλλὰ
675 2873 765 2924 καὶ
793 2872 931 2924 κατὰ
960 2871 1180 2940 ταύτην,
1206 2871 1324 2922 καθ’
1347 2871 1412 2939 ἢν
1442 2873 1667 2940 ἀπάτωρ
1698 2872 1830 2932 ἐστὶ,

183 2955 286 3028 τήν
340 2959 487 3012 κάτω
529 2959 689 3024 λέγω,
726 2960 1149 3028 ἀγενεαλόγητον
1200 2955 1338 3009 εἶναι
1373 2959 1699 3028 πιστεύσῃς·
1749 2958 1835 3009 διὰ

184 3046 342 3097 τοῦτο
374 3047 650 3117 ἀμφότερα
673 3046 804 3108 θεὶς,
833 3047 948 3098 τότε
977 3041 1148 3108 εἶπεν,
1189 3044 1690 3112 Ἁγενεαλόγητος.
1727 3044 1835 3095 Καὶ

185 3133 296 3200 γὰρ
326 3134 417 3184 καὶ
463 3132 653 3202 αῦτηή
702 3134 850 3184 κάτω
883 3133 1282 3200 ἀκατάληπτος,
1337 3132 1420 3185 ἵνα
1460 3132 1593 3201 πρὸς
1625 3131 1835 3197 ἐκείνην

189 3221 324 3289 μηδὲ
353 3220 667 3290 παρακύψαι
710 3220 1084 3289 τολμήσωμεν.
1126 3221 1187 3273 EE
1213 3219 1319 3288 γὰρ
1351 3219 1418 3270 τὰ
1453 3219 1714 3288 προαύλια
1742 3216 1834 3268 τοῦ

185 3307 316 3359 ναοῦ
339 3308 478 3358 οῦτω
500 3307 701 3375 φοϐερά
733 3309 821 3358 καὶ
853 3307 1137 3375 ἀπρόσιτα,
1172 3307 1305 3374 πρὸς
1333 3306 1401 3356 τὰ
1431 3306 1594 3356 ἄδυτα
1621 3306 1700 3364 τίς
1729 3307 1837 3354 είσο

187 3393 360 3444 ελθεῖν
421 3395 792 3462 ἐπιχειρήσει;
838 3395 954 3444 Ὀτι
998 3393 1256 3461 ἐγεννήθη
1302 3393 1450 3459 παρά
1489 3389 1580 3441 τοῦ
1631 3389 1838 3458 Πατρὸς

187 3475 322 3539 οἶδα,
352 3480 410 3530 τὸ
426 3479 481 3530 δὲ
512 3478 648 3542 πῶς,
675 3479 771 3530 οὐκ
793 3475 923 3530 οἶδα.
944 3478 1064 3530 Ὀτι
1089 3477 1281 3546 ἐτέχθη
1309 3477 1411 3529 ὑπὸ
1434 3475 1532 3543 τῆς
1558 3475 1837 3544 Παρθένου

188 3565 515 3633 ἐπίσταμαι,
557 3566 648 3617 τὸν
686 3564 740 3616 δὲ
781 3564 977 3633 τρόπον
1010 3564 1126 3614 οὐδὲ
1159 3563 1389 3615 ἐνταῦθα
1419 3560 1836 3628 καταλαμϐάνω.

202 3652 468 3720 Ἐκατέρα
504 3652 608 3719 γὰρ
699 3651 946 3717 γέννησις
989 3649 1351 3718 ὡμολόγηται,
1385 3649 1475 3699 καὶ
1512 3647 1774 3715 ἑκατέρας
1811 3647 1839 3696 6

186 3738 385 3810 τρόπος
415 3737 712 3807 σεσίγηται.
745 3738 850 3788 Καὶ
881 3739 1014 3804 ὅπερ
1039 3736 1268 3787 ἐνταῦθα
1296 3735 1384 3786 ἐπὶ
1414 3735 1510 3800 τῆς
1543 3733 1836 3802 Παρθένου,

191 3828 295 3878 οὐκ
326 3825 480 3888 εἰδὼς
515 3826 629 3887 πῶς
659 3827 718 3876 ἐκ
748 3825 844 3891 τῆς
879 3823 1150 3891 παρθένου
1180 3821 1463 3888 ἐγεννήθη,
1492 3819 1736 3886 ὁμόλογῶ
1759 3820 1839 3870 ὅτι

189 3911 472 3980 ἐγεννήθη,
505 3911 597 3962 καὶ
625 3910 721 3960 οὐκ
751 3908 956 3976 ἀναιρῶ
998 3907 1057 3957 τὸ
1092 3907 1319 3974 πρᾶγμα
1348 3905 1434 3956 διὰ
1461 3905 1557 3972 τὴν
1590 3904 1837 3969 ἄγνοιαν’

190 3998 336 4049 οὕτω
374 3996 466 4048 καὶ
505 3997 566 4047 σὺ
599 3996 819 4062 ποίησον
847 3995 936 4045 ἐπὶ⁵
969 3992 1060 4046 τοῦ
1101 3993 1328 4060 Πατρὸς,
1371 3991 1418 4041 εί
1450 3993 1542 4041 καὶ
1567 3991 1663 4041 οὐκ
1696 3986 1841 4053 οἶδας

193 4084 314 4144 πῶς
341 4082 622 4152 ἐγεννήθη,
658 4081 1002 4150 ὁμολόγησον.
1040 4080 1156 4132 Κᾶν
1191 4080 1316 4150 εῐπῃ
1343 4095 1422 4130 σοι
1462 4078 1489 4128 6
1532 4079 1802 4146 αίρετικός
1825 4095 1838 4109 ·

191 4166 322 4228 Πῶς
345 4169 602 4238 ἐγεννήθη
633 4169 696 4219 ἐκ
725 4167 814 4218 τοῦ
839 4168 1044 4236 Πατρὸς
1072 4170 1098 4219 6
1125 4167 1249 4227 Υίός
1275 4182 1287 4227 ;
1310 4166 1660 4217 κατάσπασον
1679 4165 1840 4218 αὐτοῦ

193 4259 255 4308 τὸ
283 4256 544 4326 φρύαγμα
563 4258 641 4317 εἰς
668 4255 765 4324 τὴν
786 4259 908 4325 γῆν,
938 4256 1030 4306 καὶ
1053 4255 1170 4306 εἱπέ
1195 4253 1331 4324 πρὸς
1357 4253 1540 4304 αὐτόν·
1564 4253 1842 4321 Κατάὄηθι

200 4345 266 4394 ἐκ
289 4342 398 4394 τῶν
423 4341 682 4412 οὐρανῶν,
712 4342 804 4391 καὶ
819 4341 985 4404 δεῖξον
1012 4340 1126 4401 πῶς
1152 4338 1410 4405 ἐγεννήθη
1434 4339 1495 4388 ἐκ
1515 4341 1610 4406 τῆς
1631 4339 1840 4407 Παρθέ-

197 4447 312 4491 νου.
347 4429 439 4480 καὶ
467 4429 584 4479 τότε
622 4430 800 4480 ἐκεῖνα
829 4429 947 4496 ὅρα.
992 4428 1241 4494 Κάτασχε
1276 4425 1435 4476 αὐτον
1468 4425 1560 4476 καὶ
1591 4426 1843 4494 περίστη-

200 4535 313 4578 σον,
349 4517 422 4586 μὴ
446 4517 586 4584 ἀφῇς
617 4515 981 4585 ἀποπηδῆσαι,
1014 4514 1142 4582 μηδέ
1171 4513 1514 4582 ἀναχωρῆσαι
1545 4514 1622 4574 είς
1637 4513 1726 4564 τὸν
1753 4512 1844 4564 λα-

199 4604 450 4674 ϐύρινθον
494 4603 601 4656 τῶν
633 4602 922 4671 λογισμῶν,
957 4601 1089 4654 ἀλλά
1119 4601 1353 4668 κάτασχε
1402 4601 1494 4651 καὶ
1528 4599 1841 4664 ἀπόπνιξον,

205 4693 278 4761 μὴ
315 4693 376 4760 τῇ
407 4689 568 4758 χειρὶ,
605 4688 737 4740 ἀλλά
767 4688 844 4756 τῷ
884 4689 1104 4756 ῥήματι.
1137 4687 1225 4755 Μὴ
1261 4686 1434 4756 δώσῃς
1463 4687 1607 4755 αὐτῴ
1637 4685 1844 4738 διαστο-

197 4778 320 4848 λὴν,
371 4778 464 4827 καὶ
493 4776 724 4844 διαφύγῃ
756 4774 827 4836 ὡς
874 4773 1136 4841 βρύλεται.
1188 4772 1423 4824 Ἐκεῖθεν
1463 4775 1568 4841 γὰρ
1621 4772 1846 4842 θόρυῦον

202 4861 491 4933 ἐμποιοῦσι
524 4866 632 4924 τοῖς
662 4861 1078 4928 διαλεγομένοις,
1105 4858 1285 4928 ἐπειδὴ
1315 4861 1472 4928 ἡμεῖς
1504 4861 1682 4920 αὐτοῖς
1720 4861 1849 4912 ἀκοο

199 4949 518 5016 λουθοῦμεν,
565 4948 657 5000 καὶ
704 4948 800 4998 οὐκ
851 4949 1130 5016 ἀπάγομεν
1179 4946 1282 4997 ὑπὸ
1319 4946 1443 5006 τούς
1491 4947 1687 5014 νόμους
1739 4946 1847 4998 τῶν

205 5037 362 5089 θείων
394 5035 642 5106 Γραφῶν.
695 5035 918 5102 Περίθες
950 5034 1124 5084 τοίνυν
1172 5030 1318 5100 αὐτῷ
1361 5031 1617 5083 πάντοθεν
1655 5031 1850 5100 τειχίον

203 5125 305 5183 τὰς
337 5121 441 5173 ἀπὸ
472 5120 578 5171 τῶν
607 5119 829 5188 Γραφῶν
866 5118 1184 5188 μαρτυρίας,
1222 5118 1311 5168 καὶ⁸
1343 5117 1462 5168 οὐδέ
1495 5119 1652 5185 χᾶνας.
1688 5120 1848 5187 δυνή-

208 5225 378 5262 σεται.
404 5207 556 5268 Εἰπὲ,
588 5205 706 5266 Πῶς
736 5205 993 5273 ἐγεννήθη
1026 5208 1088 5255 ἐκ
1118 5205 1214 5272 τῆς
1263 5203 1536 5272 Παρθένου
1562 5221 1574 5267 ;
1605 5207 1716 5256 Οὐκ
1750 5206 1852 5273 ἀφ-

210 5294 433 5362 ίσταμαί
471 5309 584 5350 σου,
613 5291 729 5343 οὐδέ
765 5290 1047 5359 ἀναχωρῶ.
1098 5289 1234 5340 Ἀλλ’
1260 5290 1357 5340 οὐκ
1385 5291 1449 5340 ἀν
1477 5289 1587 5358 ἐχοι
1615 5292 1702 5343 τὸν
1731 5293 1852 5360 τρό-

207 5399 309 5434 πον
331 5383 457 5448 ἡμῖν
481 5380 672 5439 εἰπεῖν,
697 5379 798 5429 κᾶν
833 5378 995 5446 μυρία
1028 5376 1320 5444 φιλονεικῇ.
1355 5377 1520 5428 Ὅταν
1549 5377 1652 5446 γὰρ
1677 5380 1703 5429 ὁ
1723 5379 1853 5439 Θεὸς

208 5467 530 5536 ἀποκλείσῃ,
549 5466 630 5526 τίς
655 5462 837 5534 ἀνοίξῃ
861 5463 1041 5513 λοιπόν
1059 5479 1072 5524 ;
1093 5462 1241 5530 Μόνη
1259 5462 1320 5528 τῇ
1343 5461 1519 5512 πίστει
1546 5461 1611 5511 τὰ
1634 5463 1854 5514 τοιαῦτα

211 5554 543 5624 παράδεκιια.
579 5552 634 5601 Et
677 5549 730 5600 δέ
762 5551 858 5600 οὐκ
892 5548 952 5600 ἂν
974 5548 1134 5615 ἔχοις,
1178 5549 1310 5598 ἀλλά
1342 5552 1632 5615 λογισμους
1668 5551 1854 5618 ἐπιζη-

206 5649 338 5704 τεῖς,
369 5641 476 5710 ἐρῶ
507 5638 638 5706 πρὸς
669 5635 746 5696 σὲ,
777 5634 804 5686 ὂ
836 5636 966 5704 πρὸς
1000 5635 1303 5702 Νικόδημον
1337 5636 1362 5684 ὁ
1393 5633 1622 5700 Χριστός
1656 5652 1816 5702 φησιν
1839 5655 1852 5667 ο

206 5733 272 5783 Εἰ
318 5729 387 5782 τὰ
430 5725 655 5793 ἐπίγεια
695 5719 864 5776 εἷπον
892 5721 1049 5790 ὑμῖν,
1089 5723 1182 5775 καί
1224 5723 1293 5774 οὐ
1336 5722 1661 5786 πιστεύετε,
1710 5721 1852 5789 πῶς,

1553 360 1636 413 DE
1665 358 2205 415 MELCJHSEDECO.

3448 366 3560 419 260

1920 470 2033 524 ἐὰν
2061 471 2131 524 τὰ
2150 468 2468 536 ἐπουράνια
2499 468 2661 532 εἴπω,
2685 467 3024 530 mandas;
3047 463 3182 536 Περὶ
3208 465 3302 534 τῆς
3334 466 3396 516 ἐκ
3412 465 3560 533 Παρ-

1928 556 2080 609 θένου
2109 557 2409 623 γεννήσεως
2427 551 2600 615 εἷπον,
2619 555 2711 608 καὶ
2736 554 2833 606 οὐκ
2850 549 3011 615 οἶδας,
3032 552 3148 604 οὐδὲ
3168 553 3324 620 χᾶναι
3339 551 3564 623 τολμᾷς,

1924 644 2019 696 καὶ
2045 643 2141 712 τὴν
2165 643 2413 712 οὐράνιον
2437 640 2799 710 περιεργάζῃ;
2833 640 2940 690 Καὶ
2961 639 3068 690 είθε
3102 639 3200 707 μὲν
3224 637 3312 690 τὸν
3339 638 3396 688 οὐ
3408 635 3562 706 pa.va

1927 729 2103 796 μόνον,
2138 726 2270 777 ἀλλά
2309 726 2399 778 καὶ
2432 727 2522 777 τὸν
2547 727 2820 794 Δεσπότην
2853 724 2958 775 τῶν
3002 723 3241 790 οὐρανῶν
3285 721 3563 789 πολυπρα-

1923 815 2158 881 γμονεῖς.
2196 813 2262 862 Εἰ
2291 812 2358 863 τὰ
2385 812 2610 876 ἐπίγεια
2636 807 2806 862 εἷπον
2837 808 2995 876 ὑμῖν,
3018 808 3113 860 καὶ
3136 810 3205 860 οἱ»
3233 808 3559 860 πιστεύετε.

1924 899 2038 952 Οὐκ
2076 893 2244 961 εἶπεν,
2277 898 2337 948 οὐ
2387 896 2656 959 πείθεσθε,
2702 897 2813 947 ἀλλ’
2853 897 2933 948 Οὐ
2977 896 3284 948 πιστεύετε
3307 912 3318 923 ’
3353 893 3564 952 δεικνὺς

1923 986 2074 1052 ἡμῖν,
2107 983 2184 1033 ὅτι
2211 985 2257 1034 εἰ
2290 983 2380 1033 καὶ
2409 981 2476 1032 τά
2502 981 2714 1047 ἐπίγεια
2747 983 2975 1043 πίστεως
3004 981 3190 1039 δεῖται,
3222 977 3395 1046 πολλῷ
3429 977 3566 1045 μᾶλ-

1926 1070 2011 1120 λον
2040 1069 2104 1119 τὰ
2125 1070 2365 1137 οὐράνια.
2399 1069 2589 1120 Καίτοι
2621 1068 2739 1119 τότε
2769 1067 2843 1135 τῷ
2879 1068 3170 1135 Νικοδήμῳ
3198 1065 3324 1134 περί
3349 1062 3566 1116 τοκετοῦ

1926 1155 2191 1220 διελέγετο
2217 1155 2348 1208 πολὺ
2377 1155 2657 1215 ἐλάττονος
2676 1167 2688 1180 ·
2719 1154 2843 1222 περὶ
2881 1153 2970 1203 τοῦ
2999 1151 3371 1220 βαπτίσματος
3407 1149 3513 1218 γὰρ
3541 1151 3570 1202 6

1927 1241 2079 1306 λόγος
2105 1236 2191 1307 ἦν,
2215 1242 2304 1292 καὶ
2333 1243 2426 1309 τῆς
2455 1240 2858 1307 ἀναγεννήσεως
2885 1238 2980 1304 τῆς
3001 1237 3370 1305 πνευματικῆς
3391 1253 3402 1263 ·
3437 1234 3570 1286 ἀλλά

1927 1327 2081 1395 δῆλον
2119 1327 2198 1377 ὅτι
2229 1326 2515 1378 καὶταῦτα
2562 1325 2735 1376 πίστει
2777 1325 2890 1374 ἐστὶ
2922 1322 3261 1391 καταληπτά.
3324 1320 3569 1385 Ἐπίγεια

1925 1413 1984 1464 δὲ
2021 1412 2158 1464 αὐτά
2185 1413 2458 1474 ἐκάλεσεν,
2489 1412 2586 1462 οὐκ
2619 1410 2801 1471 ἐπειδὴ
2831 1410 3043 1474 ἐπίγειά
3069 1410 3237 1468 ἐστιν,
3270 1406 3383 1458 ἀλλ’
3421 1405 3566 1476 [9.69]

1930 1499 2114 1567 ἐπειδὴ
2140 1501 2196 1550 ὲν
2218 1502 2281 1568 τῇ
2315 1503 2381 1568 γῇ
2411 1499 2768 1560 τελεῖται,κο.)⁸
2801 1499 2862 1565 τῇ
2897 1497 3176 1564 συγκρίσει
3203 1497 3296 1563 τῆς
3320 1496 3428 1547 ἄνω
3451 1513 3572 1560 γεν-

1930 1587 2138 1654 νήσεως
2166 1587 2262 1652 τῆς
2292 1587 2599 1656 ἀπορρήτου
2635 1585 2726 1636 καὶ
2751 1584 2924 1635 πάντα
2956 1582 3384 1650 ὐπερδαινούσης
3427 1581 3570 1643 νοῦν,

1932 1673 2146 1738 ἐπίγεια
2189 1671 2360 1723 ταῦτά
2398 1672 2560 1722 ἐστιν.
2600 1672 2660 1721 El
2691 1670 2866 1721 τοίνυν
2897 1667 3012 1729 πῶς
3046 1666 3459 1734 ἀναγεννώμεθα
3511 1669 3575 1718 ἐκ

1930 1758 2036 1808 τῶν
2062 1757 2266 1810 ὑδάτων
2295 1758 2354 1809 οὐ
2382 1756 2602 1808 δυνατὸν
2629 1756 2842 1815 εἰδέναι,
2871 1753 3004 1805 ἀλλὰ
3037 1753 3214 1804 πίστει
3242 1752 3373 1822 μόνη
3403 1768 3575 1820 παρα-

1930 1845 2177 1913 δέχεσθαι
2209 1845 2312 1915 χρὴ
2343 1846 2400 1897 τὸ
2418 1845 2713 1913 γινόμενον,
2739 1844 2832 1896 καὶ
2853 1843 2940 1894 τὸν
2971 1843 3167 1910 τρόπον
3194 1840 3266 1910 μὴ
3289 1840 3578 1909 περιεργά-

1933 1931 2148 1992 ζεσθαιο
2187 1932 2358 1999 πόσης
2393 1931 2457 1984 ἂν
2510 1931 2593 1999 εἴη
2635 1931 2826 1999 μανίας
2860 1930 2950 1980 ἐπὶ
2987 1930 3084 1997 τῆς
3133 1926 3243 1980 ἄνω
3278 1929 3578 1996 γεννήσεως

1930 2017 2024 2068 τοῦ
2059 2015 2372 2084 μονογενοῦς
2405 2016 2531 2067 Υἰοῦ
2565 2016 2850 2084 λογισμοὺς
2878 2015 3241 2082 ἀνθρωπίνους
3269 2015 3455 2075 κινεῖν,
3485 2013 3578 2064 κα)⁸

1933 2104 2131 2172 τρόπου
2167 2103 2469 2170 γεννήσεως
2504 2101 2728 2162 εὐθύνας
2763 2105 3041 2160 ἁπαιτείν;
3079 2100 3199 2162 Πῶς
3230 2100 3453 2168 ἀπάτωρ
3484 2099 3578 2150 καὶ

1933 2190 2162 2257 ἀμήτωρ
2191 2191 2217 2240 ὁ
2246 2189 2371 2250 Tib;
2392 2188 2484 2240 τοῦ
2510 2187 2664 2251 Θεοῦ,
2697 2187 2892 2248 ἱκανῶς
2919 2187 3306 2247 ἀποδέδεικται,
3338 2185 3430 2238 καὶ
3461 2184 3576 2248 πῶς

1934 2276 2374 2343 ἀγενεαλόγητος.

2002 2368 2071 2428 γ’.
2125 2361 2262 2412 Ἀλλ’
2296 2361 2477 2432 ἐπειδὴ
2514 2361 2696 2412 πολλοὶ
2737 2359 2809 2429 μὴ
2837 2361 3119 2428 νοήσαντες
3167 2359 3232 2411 τὰ
3257 2360 3378 2426 περὶ
3410 2355 3573 2410 αὐτοῦ

1935 2449 2310 2518 γεγραμμένα,
2341 2450 2430 2499 καὶ
2459 2447 2672 2514 μείζονα
2698 2447 2788 2498 τοῦ
2819 2446 3045 2515 Χριστοῦ
3068 2446 3224 2496 αὐτὸν
3255 2441 3388 2495 εἶναι
3418 2445 3570 2511 εἰρήο

1936 2551 2080 2596 κασι,
2121 2537 2211 2586 καὶ
2252 2536 2640 2603 συνεστήσαντο
2674 2535 2880 2592 ἐαυτοῖς
2912 2534 3139 2600 αἵρεσιν,
3193 2531 3285 2582 καὶ
3333 2530 3577 2595 λέγονται

1934 2620 2394 2688 Μελχισεδεκιταὶ,
2428 2622 2520 2671 καὶ
2554 2617 2938 2686 φιλονεικοῦσιν
2961 2621 3111 2684 ήμῖν,
3133 2615 3298 2676 δεῖξαι
3325 2614 3578 2682 βουλόμε-

1934 2725 2034 2768 νοι,
2070 2711 2147 2759 ὅτι
2182 2708 2379 2774 μείζων
2407 2709 2524 2758 ἐστὶ
2557 2705 2648 2757 τοῦ
2681 2703 2936 2771 Χριστοῦ,
2984 2702 3335 2772 προφέροντες
3367 2702 3444 2762 τὸ,
3495 2701 3577 2752 Σὺ

1935 2794 2123 2858 ἱερεὺς
2149 2795 2232 2854 είς
2250 2792 2354 2842 τὸν
2381 2791 2564 2842 αιῶνα
2585 2791 2730 2841 κατὰ
2752 2789 2863 2854 τὴν
2891 2787 3059 2849 τάξιν
3088 2785 3454 2853 Μελχισεδέκ
3476 2786 3580 2836 ’δεῖ

1936 2880 2030 2931 καὶ
2059 2879 2192 2945 πρὸς
2221 2877 2412 2938 αὐτοὺς
2436 2876 2764 2943 ἀπαντῆσαι.
2796 2875 2930 2925 Φασὶ
2959 2873 3093 2941 γάρ·
3130 2871 3248 2934 Πῶς
3277 2872 3375 2922 οὐκ
3405 2873 3466 2922 ἂν
3494 2871 3578 2939 εἴη

1935 2965 2168 3036 Χριστοῦ
2199 2966 2417 3034 μείζων,
2437 2960 2496 3016 οῦ
2522 2963 2659 3015 κατά
2688 2961 2782 3031 τὴν
2813 2961 2992 3013 εἰκόνα
3019 2960 3110 3012 καὶ
3134 2960 3228 3028 τὴν
3253 2960 3401 3022 τάξιν
3435 2961 3580 3026 ἱερα-

1934 3051 2078 3104 τεύει
2119 3051 2389 3120 Χριστός;
2431 3051 2616 3118 Ἡμεῖς
2667 3045 2756 3100 οῦν
2801 3047 3025 3115 λέγομεν
3099 3046 3256 3096 αὐτὸν
3304 3046 3581 3113 ἄνθρωπον

1934 3139 2237 3208 ὁμοιοπαθῆ
2255 3139 2402 3206 ἡμῖν,
2431 3138 2522 3189 καὶ
2549 3135 2670 3188 οὐτε
2695 3135 2912 3205 μείζονα
2932 3133 3024 3185 τοῦ
3045 3131 3299 3203 Χριστοῦ,
3324 3133 3437 3184 ἀλλ’
3460 3131 3580 3184 οὐτε

1948 3225 2189 3278 Ἰωάννου
2227 3224 2319 3276 τοῦ
2356 3221 2656 3276 Βαπτιστοῦ
2681 3240 2694 3252 ο
2733 3221 2950 3280 Μείζων
2993 3220 3098 3287 γὰρ
3129 3217 3332 3277 αὑτοῦ,
3368 3220 3526 3286 φησὶν
3555 3221 3583 3270 6

1937 3313 2187 3381 Χριστὸς,
2215 3312 2282 3362 ἐν
2299 3311 2602 3378 γεννητοῖς
2637 3307 2930 3377 γυναικῶν
2959 3309 3067 3358 οὐκ
3092 3306 3411 3374 ἐγήγερται.
3461 3304 3582 3355 ’Λλ-

1937 3389 2017 3440 λοι
2046 3389 2100 3440 δὲ
2125 3389 2283 3440 πάλιν
2307 3389 2664 3457 πλανηθέντες
2685 3387 2929 3454 λέγουσιν
2949 3386 3109 3437 αὐτὸν
3130 3382 3339 3436 εἶναιτὸ
3363 3385 3583 3452 Πνεῦμα

1936 3475 1996 3526 τὸ
2025 3475 2175 3540 ἆγιον
2201 3491 2213 3503 ·
2246 3474 2357 3525 ἀλλ’
2381 3476 2537 3542 ἡμεῖς
2579 3474 2696 3524 οὐδὲ
2727 3473 2879 3524 τοῦτό
2898 3488 3093 3539 φαμεν.
3149 3470 3298 3520 Ἐπεὶ
3326 3469 3407 3530 τίς
3432 3471 3584 3537 χρεία

1937 3564 2025 3615 τὸν
2054 3563 2222 3629 Λόγον
2251 3561 2343 3613 τοῦ
2370 3561 2501 3612 Θεοῦ
2533 3559 2962 3628 ἐνανθρωπῆσαι,
2993 3559 3089 3627 ήδη
3108 3556 3272 3609 πάλαι
3299 3556 3390 3607 τοῦ
3413 3557 3580 3608 Πνεῦ-

1941 3670 2105 3724 ματος
2123 3650 2409 3719 ἀνθρώπου
2438 3647 2934 3715 γεγονότος;”υτιδέ
2952 3648 3049 3696 οὐκ
3075 3646 3218 3697 ἐστιν
3241 3643 3438 3712 μείζων
3462 3647 3587 3712 Χρι-

1941 3738 2088 3800 στοῦ,
2112 3736 2231 3788 οὐτε
2255 3737 2309 3789 δὲ
2336 3735 2493 3787 πάλιν
2515 3733 2574 3784 τὸ
2605 3732 2824 3799 Πνεῦμα
2846 3731 2904 3781 τὸ
2928 3732 3101 3796 ἆγιον,
3124 3731 3426 3783 εἰπάτωσαν
3459 3734 3587 3799 ήμῖν

1940 3826 2153 3883 ἐκεῖνοι,
2203 3821 2351 3872 ποίου
2383 3819 2580 3888 χωρίου
2612 3812 2749 3868 εἶναι
2782 3815 2940 3866 αὐτὸν
2973 3817 3246 3882 λέγουσιν·
3296 3813 3400 3885 ἆρα
3431 3821 3589 3885 οὐρα-

1941 3912 2053 3962 νίου
2077 3905 2213 3976 ;ἆρα
2242 3907 2480 3973 ἐπιγείου
2503 3905 2564 3972 ;ἢ
2589 3902 2957 3970 καταχθονίου;
2978 3902 3102 3952 Ἐὰν
3123 3897 3213 3952 οῦν
3237 3903 3481 3964 εἴπωσιν,
3508 3906 3586 3955 ὅτι

1942 3998 2046 4050 τῶν
2070 3994 2330 4065 οὐρανίων
2355 3995 2498 4044 ἐστὶν
2535 3993 2562 4042 6
2589 3989 2936 4059 Μελχισεδὲκ,
2959 3989 2989 4056 ἢ
3015 3988 3170 4040 ἄλλου
3194 3988 3336 4050 τινὸς
3363 3990 3584 4058 χωρίου,

1947 4084 2324 4138 ἀκουσάτωσαν
2341 4083 2421 4132 ὅτι
2453 4080 2542 4131 καὶ
2570 4078 2728 4139 αὐτὸς
2750 4078 2877 4145 γόνυ
2900 4076 3233 4144 κάμπτειτῷ
3261 4075 3475 4146 Χριστῷ
3513 4075 3589 4144 τῷ

1946 4171 2273 4239 σαρκωθέντι
2298 4170 2360 4218 ἐκ
2397 4167 2495 4234 τῆς
2534 4163 2781 4215 θεοτόκου
2805 4163 3044 4232 Μαρίας.
3075 4162 3232 4229 Λέγει
3257 4163 3360 4231 γὰρ
3391 4163 3586 4214 ὀἈπό-

1949 4258 2149 4320 στολος,
2173 4257 2250 4307 ὅτι
2277 4252 2439 4315 Αὐτῷ
2455 4251 2676 4318 κάμψει
2704 4247 2824 4302 πᾶν
2848 4251 3012 4317 γόνυ,
3037 4249 3126 4299 καὶ
3153 4247 3218 4298 τὰ
3246 4249 3390 4315 ἑξῆς.
3415 4249 3475 4300 Εἰ
3498 4245 3590 4301 οῦν

1943 4343 2050 4392 πᾶν
2072 4340 2197 4405 γόνυ
2221 4339 2474 4404 κάμπτει,
2499 4336 2525 4385 6
2546 4331 2867 4400 Μελχισεδὲκ
2889 4331 3121 4383 ἐλάττων
3145 4331 3208 4382 ἂν
3229 4331 3314 4398 εἴη
3342 4329 3432 4380 τοῦ
3459 4332 3589 4398 Χρι-

1945 4425 2070 4480 στοῦ
2090 4444 2101 4456 ο
2124 4424 2414 4496 προσκυνεῖ
2435 4421 2540 4490 γὰρ
2560 4420 2634 4486 τῷ
2654 4418 3104 4488 προσκυνουμένῳ
3128 4415 3364 4486 Χριστῷ.
3383 4417 3441 4466 Εἰ
3459 4415 3510 4466 δὲ
3537 4417 3587 4467 οί

1943 4514 2112 4566 ἄθλιοι
2145 4511 2235 4564 καὶ
2256 4509 2496 4569 τάλανες,
2521 4506 2613 4557 καὶ
2641 4505 2698 4556 τὸ
2732 4505 2856 4572 ἑξῆς
2884 4504 3170 4572 εἰρημένον
3203 4502 3547 4568 σκοπήσωσιν
3573 4518 3586 4531 ο

1945 4595 2192 4663 ἐπιφέρει
2223 4591 2328 4660 γάρ
2365 4589 2555 4655 λέγων,
2595 4584 3036 4653 ’Δφωμοιωμένος
3066 4581 3143 4651 τῷ
3170 4581 3280 4650 mp
3309 4581 3401 4633 τοῦ
3431 4582 3586 4632 Θεοῦο

1945 4684 2084 4738 οὓτω
2122 4682 2201 4733 δεῖ
2228 4681 2380 4739 νοεῖν,
2426 4677 2503 4728 ὅτι
2533 4673 2717 4741 ὥσπερ
2751 4671 2843 4723 καὶ
2883 4672 3045 4738 ἡμεῖς
3089 4670 3208 4720 κατ’
3237 4668 3418 4720 εἰκόνα
3457 4668 3589 4719 Θεοῦ

1945 4773 2242 4840 γεγόναμεν
2277 4767 2367 4818 καὶ
2400 4762 2677 4832 ὁμοίωσιν,
2710 4756 2849 4810 οῦτω
2875 4756 2967 4807 καὶ
2999 4755 3176 4817 αὐτός.
3215 4755 3449 4807 Ἰουδαῖοι
3493 4756 3591 4822 μὲν

1947 4862 2050 4929 γὰρ
2097 4855 2254 4908 αὐτὸν
2298 4852 2542 4918 λέγουσιν
2581 4850 2644 4897 ἐκ
2686 4845 2936 4914 πορνείας
2983 4843 3324 4912 γεννηθέντα,
3367 4843 3459 4894 καὶ
3504 4841 3590 4893 διὰ

1947 4928 2100 4999 τοῦτο
2127 4938 2547 5008 ἀγενεαλόγητον
2579 4931 2862 4999 γενέσθαι·
2897 4930 3030 4998 πρὸς
3075 4928 3167 4990 οῦς
3210 4929 3459 4998 ἐροῦμεν,
3511 4931 3591 4980 ὅτι

1937 5030 2141 5090 Κακῶς
2165 5044 2318 5094 φατε.
2361 5023 2468 5074 Καὶ
2508 5021 2611 5087 γάρ
2644 5018 2734 5068 καὶ
2764 5016 3008 5084 Σολομὼν
3043 5017 3102 5065 ἐκ
3132 5015 3230 5083 τῆς
3269 5015 3360 5066 τοῦ
3398 5017 3591 5085 Οὐρίου

1949 5115 2222 5187 γεννηοεῖς
2245 5106 2495 5177 γυναικὸς
2521 5103 2818 5174 μοιχαλίδος
2842 5100 3253 5167 γενεαλογεῖται.
3289 5101 3424 5153 Ἀλλ’
3447 5105 3593 5156 ἐπει-

2044 5203 2072 5252 ὁ
2094 5196 2420 5264 Μελχισεδὲκ
2457 5192 2620 5251 τύπος
2651 5186 2718 5258 ἦν
2742 5188 2832 5239 τοῦ
2854 5187 3082 5257 Κυρίου,
3116 5188 3207 5238 καὶ
3235 5188 3413 5240 εἰκόνα
3435 5189 3593 5260 ἔφερε

1950 5291 2041 5341 τοῦ
2096 5283 2350 5353 Χριστοῦ,
2399 5279 2574 5340 καθὼς
2621 5277 2712 5326 καὶ
2757 5275 2954 5334 Ἰωνᾶς,
2996 5273 3080 5324 διὰ
3132 5273 3284 5325 τοῦτο
3336 5274 3366 5342 ἡ
3407 5276 3593 5346 Γραφὴ

1956 5373 2247 5441 παρέλιπεν
2298 5365 2458 5418 αὐτοῦ
2503 5365 2591 5414 τὸν
2634 5361 2860 5428 πατέρα,
2898 5360 2980 5409 ἵνα
3013 5359 3068 5409 ἐν
3094 5359 3305 5427 ἐκείνῳ,
3350 5361 3596 5431 καθάπερ

1954 5463 2007 5510 ἐν
2050 5458 2214 5509 εἰκόνι
2253 5454 2341 5506 τὸν
2372 5451 2579 5518 άληθῶς
2610 5449 2854 5514 ἀπάτορα
2897 5446 2984 5495 καὶ
3019 5445 3438 5512 ἀγενεαλόγητον
3469 5449 3598 5514 Χρι-

1958 5546 2076 5596 στὸν
2105 5538 2558 5610 ἐνοπτρισώμεθα.
2607 5534 2960 5598 Ἀντιλέγουσι
3000 5530 3054 5582 δὲ
3090 5533 3179 5582 καὶ
3209 5531 3362 5582 τοῦτο
3397 5535 3524 5600 ἡμῖν
3551 5534 3597 5584 οί

1956 5625 2396 5698 Μελχισεδεκιταῖ
2429 5625 2693 5688 λέγοντες·
2726 5620 2788 5670 Τί
2819 5615 2907 5670 οὖν
2928 5619 3075 5668 ’ἐστιν
3103 5616 3130 5667 ὃ
3156 5617 3301 5683 λέγει
3328 5617 3463 5686 πρὸς
3501 5619 3598 5670 αὐ-

1959 5721 2047 5772 τὸν
2076 5721 2103 5768 6
2129 5715 2330 5783 Πατήρ·
2365 5710 2514 5783 [2'10]
2547 5709 2626 5761 Σὺ
2655 5706 2843 5771 ἱερεὺς
2866 5707 2946 5768 εἰς
2980 5703 3082 5755 τὸν
3107 5703 3285 5756 αἰῶνα
3315 5704 3457 5756 κατὰ
3491 5706 3603 5759 τὴν
