4032 6220
459 381 564 436 261
1226 355 1282 410 S.
1324 351 1605 410 JOANNIS
1642 347 2050 407 CilliYSOSTO

2269 344 2481 399 CllIEP.
2524 339 3065 396 CONS'IANTINOP.
3744 359 3861 416 262

449 478 620 541 τάξιν
667 471 1070 541 Μελχισεδέκ;
1115 470 1255 540 Πρὸς
1303 467 1396 530 οὓς
1449 467 1696 535 λέγομεν,
1756 467 1833 515 ὅτι
1871 456 2020 522 οὗτος
2073 463 2100 513 ὁ
2201 459 2289 511 τὸν
2315 457 2573 526 μέλλοντα
2598 454 2882 541 γεννᾶσβαι
2907 456 2969 541 es;
2997 454 3093 521 τῆς
3112 451 3378 541 παρθένου
3402 449 3616 541 Μαρίας
3647 449 3852 541 Ἰησοῦν

449 536 966 630 Μελχισεδὲκηάνὴρ
1022 536 1222 616 δίκαιος
1282 555 1487 622 γέγονε,
1537 553 1627 604 καὶ
1668 549 1876 618 ἀληθῶς
1920 548 2100 598 εἰκόνα
2200 544 2290 630 τὸν
2319 542 2566 630 Χριστὸν.
2721 539 2846 591 Υἰὸν
2877 539 2979 630 τοῦ.
3005 539 3160 630 Θεοξ)ἐ
3332 538 3423 630 οιαὶ
3455 536 3618 630 λέλγει·
3653 537 3730 630 ξὺ
3770 538 3848 630 Is.-

648 647 738 698 τοῦ
781 621 1034 712 Χριστοῦ.
1069 621 1390 710 Προφητικῷ
1422 639 1596 690 τοίνυν
1631 637 1895 702 πνεύματι
1927 633 2102 686 κινού·
2195 627 2747 694 ρεὺςειςτὸναὶῶνα
2764 631 2905 678 κατὰ
2926 622 3687 690 τὴντάξινΜελχισεδέκὊὺ
3706 621 3848 673 κατὰ

455 707 630 800 μενος,
664 731 758 799 τὴν
788 730 1078 798 μέλλουσαν
1112 727 1421 794 προσφορὰν
1452 725 1589 793 ὑπὲρ
1621 724 1725 773 τῶν
1751 723 1913 774 ἐθνῶν
1939 737 2102 789 προσ-
2204 715 2300 782 τὴν
2356 712 2578 780 Ἀαρὼν,
2617 711 2710 762 τοῦ
2759 713 2816 762 ὲν
2861 712 3076 779 μόσχοις
3125 712 3214 762 καὶ
3256 711 3444 777 ἄρνασι
3479 707 3844 777 λατρεύοντος·

453 797 767 884 ᾆιομίζεσθαι
791 797 1020 882 νοήσας.
1058 811 1204 879 ἄρτῳ
1249 812 1339 860 καὶ
1381 809 1506 877 οἴνῳ
1548 807 1636 858 τὸν
1669 806 1798 857 Θεὸν
1828 805 2098 874 ἐγέραιρε,
2204 801 2356 864 ἀλλὰ,
2394 800 2474 854 Σὺ
2509 801 2698 867 Ιερεὺς
2729 803 2814 864 εἰς
2846 800 2950 852 τὸν
2977 800 3157 852 αἰῶνα
3185 799 3326 850 κατὰ
3358 797 3664 884 τὴν-τάξιν
3691 800 3852 850 Μελ-

458 882 782 969 μιμούμενος
812 897 900 948 τὸν
943 896 1194 965 μέλλοντα
1230 895 1476 962 Χριστόν.
1525 891 1738 961 Ἐπειδὴ
1763 887 1855 942 οὖν
1897 892 1927 958 ή
1974 891 2099 940 ἰου-
2206 887 2467 957 χισεδέκ,
2501 888 2645 954 ἄρτῳ
2678 888 2766 938 καὶ
2794 887 2918 954 οτνῳ
2947 887 3041 952 τὴν
3067 885 3173 936 τῶν
3201 882 3664 953 προσκομιζόντων
3690 899 3854 949 προσ-

453 963 611 1037 ὸαέων
630 963 1020 1052 ήσυναγωγὴήὲν
1046 982 1193 1046 τάξει
1221 982 1310 1033 τοῦ
1353 978 1559 1048 ’Λαρὼν
1589 978 1772 1029 Θυσίαν
1800 977 2099 1044 προσέφερε
2207 974 2378 1043 φορὰν
2411 974 2486 1034 είς
2506 975 2563 1025 τὸ
2588 973 2827 1041 διηνεκὲς
2852 971 3154 1040 προσάγων.
3183 973 3257 1020 Δι’
3290 963 3347 1020 οὗ
3375 969 3448 1038 τῷ
3474 970 3640 1038 Πατρὶ
3668 970 3699 1037 ἠ
3724 969 3854 1032 δόξα

455 1071 531 1138 τῷ
565 1071 701 1138 Θεῷ,
731 1072 828 1121 οὐκ
866 1071 1024 1138 ἄρτον
1053 1071 1142 1119 καὶ
1168 1063 1326 1126 οἶνον,
1353 1066 1483 1118 ἀλλὰ
1509 1065 1736 1134 μόσχους
1765 1065 1856 1114 καὶ
1879 1063 2097 1129 ἀμνοὺς,
2209 1062 2302 1113 σὺν
2350 1058 2424 1128 τῷ
2459 1059 2704 1127 παναγίῳ
2740 1058 3031 1125 Πνεύματι,
3074 1056 3168 1108 νῦν
3212 1056 3301 1107 καὶ
3341 1056 3444 1114 ἀεὶ,
3490 1056 3580 1106 καὶ
3622 1056 3698 1116 εἰς
3727 1055 3856 1118 τοὺς

455 1158 546 1208 καὶ
590 1155 800 1216 θυσίαις
845 1155 910 1207 δι’
947 1155 1170 1222 αἵματος
1208 1151 1420 1216 ἐδόξαζε
1455 1152 1543 1204 τὸν
1569 1150 1719 1213 Θεὸν,
1758 1149 1786 1200 ὁ
1811 1148 1938 1210 Θεὸς
1967 1147 2101 1216 πρὸς
2208 1145 2407 1209 αἰῶνας
2443 1144 2548 1198 τῶν
2586 1145 2816 1199 αἰώνων.
2859 1144 3049 1199 'Am‘N.

1971 2189 2347 2250 MONITUM

625 2418 734 2474 Hac
763 2416 998 2482 homilia,
1032 2417 1292 2472 hactenus
1319 2413 1517 2488 ignota,
1551 2415 1751 2470 nullam
1784 2418 1836 2470 in
1870 2426 1979 2472 toto
2008 2419 2368 2488 Chrysnstomi
2413 2435 2635 2487 operum
2667 2421 2894 2474 decursu
2931 2423 3350 2488 praestantiorem
3395 2439 3511 2479 esse
3545 2439 3757 2494 compc‘

553 2538 750 2602 rimus;
784 2536 896 2590 sive
935 2535 1250 2606 elegantiam
1279 2544 1605 2604 spectemus,
1637 2533 1750 2588 sive
1790 2549 1987 2588 nervos
2017 2545 2071 2587 et
2099 2534 2255 2597 sales,
2287 2535 2400 2588 sive
2431 2535 2531 2587 alia
2567 2549 2748 2586 rerum
2778 2533 3119 2599 documenta,
3160 2552 3276 2605 qua:
3322 2538 3388 2592 ad
3427 2555 3604 2594 mores
3633 2557 3754 2611 per-

551 2657 745 2718 tinent,
782 2654 846 2707 ad
876 2654 1292 2708 consuetudines
1313 2653 1722 2716 ecclesiasticas,
1756 2651 2132 2719 praecipueque
2187 2651 2251 2704 ad
2308 2653 2607 2708 historiam.
2645 2651 2862 2704 Annum
2903 2652 3044 2705 enim
3101 2652 3302 2707 indicat
3341 2654 3755 2726 Chrysostomus

552 2772 750 2825 habita:
787 2769 1084 2832 concionis,
1111 2767 1500 2822 hebdomadam
1524 2768 1676 2828 item,
1703 2779 1882 2818 rerum
1915 2773 2180 2834 gestarum
2213 2763 2383 2818 vicem
2417 2773 2470 2818 et
2495 2765 2636 2829 dies;
2679 2765 2750 2818 ita
2793 2774 2852 2819 ut
2899 2781 3004 2819 non
3054 2780 3214 2835 parva
3261 2769 3385 2824 hinc
3422 2785 3642 2828 eruatur
3690 2777 3754 2829 ad

551 2882 716 2937 vitam
749 2881 917 2934 sancti
947 2880 1181 2934 doctoris
1210 2880 1465 2932 accessio.
1496 2878 1628 2932 Rem
1659 2877 1731 2930 uti
1765 2887 1912 2947 gesta
1947 2886 2029 2930 est
2059 2877 2145 2930 hic
2168 2876 2357 2930 ordine
2389 2875 2696 2930 referimus.

621 2997 774 3047 Anno
804 2995 923 3056 399,
957 3001 1236 3060 postquam
1260 3007 1421 3043 unum
1449 2991 1558 3058 jam
1582 3005 1779 3042 annum
1803 2989 1856 3042 in
1874 2989 2182 3059 episcopatu
2207 2990 2795 3060 Constantinopolitano
2821 3007 3071 3048 emensus
3101 3004 3213 3049 erat
3238 2994 3666 3066 Chrysostomus,
3699 3007 3756 3050 ut

557 3108 672 3177 ipse
695 3106 769 3160 ait
794 3107 952 3170 infra,
985 3108 1077 3157 xui.
1103 3107 1209 3175 γὰρ
1250 3104 1489 3156 ἐνιαυτὸν
1520 3102 1625 3170 ἔχω
1654 3101 1838 3154 λοιπὸν
1865 3103 1964 3170 τῆς
1997 3103 2149 3154 πόλεο

2161 3120 2200 3165 ›ς
2228 3103 2422 3164 ἐπιϐὰς
2454 3102 2553 3171 τῆς
2580 3103 2867 3172 ὑμετέρας,
2922 3105 3196 3159 ordinatus
3224 3122 3416 3176 nempe
3449 3121 3589 3160 anno
3633 3108 3753 3164 598.

551 3230 732 3290 atque,
770 3230 827 3272 ut
848 3220 922 3272 ait
952 3218 1218 3283 Socrates,
1246 3220 1312 3272 26
1342 3219 1640 3284 Februarii,
1681 3219 1811 3273 feria
1839 3228 2025 3283 quarta
2070 3218 2418 3272 hebdomadze
2452 3229 2670 3285 sanctae,
2723 3237 2841 3290 quae
2867 3221 2997 3274 feria
3029 3237 3169 3274 anno
3198 3222 3299 3276 399
3333 3221 3603 3275 incidebat
3636 3220 3688 3274 in
3725 3221 3755 3273 6

551 3337 772 3408 Aprilis,
812 3348 917 3392 tam
951 3340 1139 3408 ingens
1170 3338 1346 3407 pluvia
1371 3338 1591 3402 decidit,
1625 3347 1683 3390 ut
1709 3348 1884 3391 metus
1918 3347 2077 3402 esset,
2109 3354 2176 3393 ne
2197 3339 2306 3407 agri
2341 3340 2774 3403 devastarentur,
2805 3354 3112 3406 messesque
3138 3353 3324 3393 omnes
3361 3338 3414 3391 in
3461 3337 3751 3407 perniciem

551 3466 788 3513 ruerent.
817 3457 954 3511 llinc
982 3473 1186 3526 preces,
1217 3456 1636 3524 supplicationes
1661 3465 1711 3508 et
1744 3454 2021 3516 λιτανεῖαι,
2051 3470 2145 3508 seu
2181 3457 2529 3522 processiones
2550 3495 2564 3520 ,
2598 3456 2852 3524 episcopo
2882 3456 3016 3509 duce
3045 3464 3098 3508 et
3128 3463 3240 3508 toto
3265 3463 3617 3507 concurrente
3657 3469 3755 3522 po-

553 3576 681 3646 pulo
713 3575 776 3628 ad
819 3574 1110 3628 Ecclesiam
1167 3573 1530 3640 apostolorum
1574 3570 2039 3638 Constantinopoli
2089 3571 2510 3624 celeberrimam.
2563 3571 2950 3640 Deprecatores
2999 3571 3223 3624 adhibiti
3275 3578 3397 3622 sunt
3444 3569 3649 3630 Petrus,
3700 3576 3756 3621 et

559 3693 821 3754 Andreas,
854 3692 942 3758 qui
979 3689 1280 3759 Byzantina:
1312 3687 1562 3743 Ecclesia:
1590 3685 1840 3741 fundator
1881 3684 2200 3750 habebatur,
2245 3685 2441 3740 Paetus
2471 3685 2596 3739 item
2630 3693 2683 3738 et
2713 3680 3027 3737 Timotheus
3056 3685 3118 3737 ad
3174 3682 3482 3751 placandam
3515 3679 3758 3733 Numinis

552 3805 685 3858 iram
717 3804 949 3857 invocati
984 3811 1127 3856 sunt.
1178 3801 1303 3855 Post
1344 3803 1457 3854 hznc
1507 3802 1676 3854 imbre
1715 3809 1981 3862 cessante,
2027 3799 2253 3853 necdum
2283 3799 2489 3852 sublata
2522 3798 2829 3860 formidine,
2865 3798 3086 3863 trajecto
3135 3795 3360 3848 navibus
3389 3792 3645 3860 Bosporo,
3692 3790 3758 3842 ad

553 3917 848 3968 Ecclesiam
881 3916 982 3966 SS.
1016 3914 1156 3968 Petri
1192 3923 1245 3966 et
1272 3913 1438 3974 Pauli,
1473 3915 1523 3965 in
1571 3915 1813 3982 opposita
1865 3914 2027 3965 maris
2057 3928 2146 3965 ora
2178 3913 2357 3977 sitam,
2389 3928 2510 3968 cum
2536 3913 2787 3982 episeopo
2817 3921 2960 3965 totus
2993 3921 3164 3965 cmtns
3209 3910 3459 3964 occurrit.
3487 3909 3598 3961 Hoc
3633 3921 3758 3976 per-

553 4024 724 4079 functi
778 4025 1018 4092 periculo
1073 4023 1649 4092 Constantinopolitani
1708 4023 1967 4092 plerique,
2030 4039 2133 4075 una

2189 4031 2396 4076 tantum
2459 4024 2778 4093 interposita
2838 4023 2955 4086 die,
3022 4024 3148 4090 μιᾶς
3213 4021 3410 4092 μεταξὺ
3463 4021 3756 4089 γενομένης

551 4139 783 4210 ἡμέρας,
821 4155 938 4207 quae
962 4139 1076 4191 dies
1103 4147 1217 4191 erat
1249 4137 1380 4190 feria
1416 4137 1452 4189 V
1501 4137 1553 4189 in
1588 4137 1751 4192 Coena
1783 4134 2013 4199 Domini,
2051 4151 2170 4188 cum
2203 4136 2257 4188 in
2305 4134 2596 4190 Parasceve
2645 4137 2753 4190 ludi
2799 4145 3074 4205 equestres
3108 4137 3452 4206 agitarentur,
3503 4134 3756 4188 transacti

551 4257 778 4330 periculi
809 4256 1171 4318 immemores,
1217 4257 1349 4308 nihil
1404 4265 1656 4308 curantes
1706 4253 1846 4307 diem
1872 4253 2012 4306 illam
2041 4267 2267 4315 sacram,
2315 4253 2367 4305 in
2412 4268 2515 4321 qua
2562 4268 2659 4321 pro
2706 4253 2852 4307 orbis
2889 4253 3059 4307 salute
3083 4252 3329 4307 Christus
3376 4251 3518 4306 cruci
3568 4250 3754 4305 afﬁxus

552 4365 675 4430 fuit,
717 4366 782 4420 ad
829 4367 931 4420 hoc
963 4368 1323 4436 spectaculum
1357 4377 1725 4431 accurrerunt,
1770 4374 2043 4434 totamque
2088 4366 2278 4418 urbem
2325 4365 2611 4418 inconditis
2642 4367 2965 4419 clamoribus
3010 4367 3368 4435 repleverunt,
3409 4336 3626 4420 interim
3666 4365 3753 4418 in-

554 4481 886 4551 gemiscente
915 4483 1164 4550 domique
1186 4481 1406 4535 sedente
1429 4479 1834 4548 Chrysostomo.
1864 4478 2050 4546 Neque
2077 4475 2204 4530 satis
2230 4476 2466 4529 habuere
2510 4476 2601 4537 illi,
2640 4477 2781 4546 quod
2824 4477 2964 4530 diem
3003 4486 3241 4532 sanctam
3271 4477 3591 4532 Parasceves
3634 4491 3757 4546 pro-

548 4599 690 4652 fanis
719 4599 1034 4665 spectaculis
1070 4599 1547 4660 dehonestassent;
1583 4596 1666 4649 die
1690 4596 1848 4649 etiam
1887 4595 2223 4663 insequente,
2275 4608 2394 4662 quae
2424 4603 2538 4646 erat
2569 4592 2864 4647 Sabbatum
2899 4603 3162 4657 sanctum,
3195 4594 3259 4647 ad
3289 4595 3572 4650 theatrales
3603 4596 3757 4652 ludos

551 4728 609 4766 se
641 4713 1005 4780 contulerunt,
1055 4713 1145 4767 ubi
1170 4711 1472 4767 meretricia
1506 4720 1660 4764 erant
1703 4709 2025 4778 spectacula,
2052 4724 2167 4777 quae
2197 4708 2503 4778 singulatim
2543 4715 2597 4760 et
2630 4707 2839 4778 egregie
2865 4709 3102 4779 depingit
3131 4709 3560 4780 Chrysostomus,
3589 4708 3751 4778 inque

549 4825 986 4900 prevaricatores
1041 4823 1347 4893 huiusmodi
1399 4823 1629 4892 graviter
1675 4821 1968 4884 invehitur,
2026 4821 2348 4889 demumque
2383 4820 2436 4872 in
2469 4818 2587 4872 illos
2634 4821 3205 4876 excommunicationis
3247 4823 3573 4876 sententiam
3624 4837 3753 4890 pro-

551 4947 779 5000 nuntiat.

623 5061 721 5113 llic
751 5057 1096 5128 quaerendum
1121 5056 1379 5113 incumbit
1407 5072 1473 5109 an
1501 5071 1625 5109 vere
1655 5065 1709 5109 et
1743 5071 1804 5109 ex
1843 5055 2024 5108 animo
2059 5055 2380 5108 sententiam
2436 5055 2575 5108 illam
2628 5055 2912 5124 protulerit
2962 5054 3394 5124 Chrysostomus,
3437 5069 3502 5106 an
3529 5051 3755 5106 commi-

550 5174 729 5226 mntis
765 5171 911 5242 [271]
947 5172 1116 5225 solum
1159 5186 1327 5224 more.
1375 5170 1428 5222 Si
1465 5171 1624 5224 verba
1659 5178 1888 5239 spectes,
1921 5167 2406 5222 excommunion
2447 5167 2532 5220 illa
2559 5182 2616 5220 re
2660 5182 2722 5220 ac
2765 5181 2890 5221 vere
2929 5166 3144 5219 inducta
3175 5165 3434 5219 videatur.
3465 5164 3754 5230 Postquam

555 5289 694 5340 enim
714 5287 938 5352 dixerat,
981 5286 1086 5355 Age
1116 5287 1388 5340 sectionem
1435 5286 1738 5356 inferamus,
1772 5295 1900 5351 etc.,
1933 5286 2026 5349 ait,
2061 5285 2147 5337 ὲκε

2164 5283 2511 5338 αλλέσθωσαν
2545 5288 2719 5338 τοίνυν
2767 5286 2816 5338 oi
2853 5283 3098 5351 τοιοῦτοι,
3149 5283 3442 5350 Ejiciantur
3483 5299 3601 5352 ergo
3653 5284 3751 5333 Im-
