4032 6220
169 383 271 437 261

171 497 250 540 est
270 525 287 549 ,
317 482 615 553 gviiealogiai
650 489 824 534 tamen
853 477 1082 532 ducitur.
1115 474 1222 530 Sed
1247 474 1495 544 quoniam
1527 468 1744 524 Melchi-

170 577 328 631 sedcc
350 587 502 646 typus
519 583 631 627 crat
653 572 880 636 Domini,
914 579 966 625 et
994 569 1276 638 imaginem
1305 564 1507 619 ferebat
1526 559 1743 624 Christi,

171 663 612 731 quemadmodum
638 671 691 716 et
721 661 883 716 Jonas
905 699 921 725 ,
952 659 1070 713 ideo
1105 657 1374 724 Scriptura
1403 655 1516 721 ejus
1543 660 1746 720 patrem

170 756 355 818 tacuit,
384 763 438 806 ιιι
466 755 516 807 in
543 754 653 819 illo,
685 763 950 822 tamquam
980 750 1035 803 in
1064 749 1311 817 imagine,
1339 745 1629 808 Christum,
1657 740 1744 810 qui

169 861 296 899 vere
337 847 452 901 sine
493 854 638 915 patre
681 854 734 898 et
778 843 893 897 sine
936 841 1243 912 genealogia
1283 845 1398 900 est,
1424 837 1742 889 intueamur.

170 934 284 989 lloc
315 936 469 988 etiam
501 934 652 988 nobis
678 932 934 1000 objiciunt
974 927 1410 984 Melchisedecitae
1434 942 1445 977 :
1470 923 1603 990 Quid
1644 921 1745 976 sibi

167 1026 281 1079 ruit
325 1041 450 1093 ergo
495 1025 544 1077 id
578 1023 716 1094 quod
756 1023 883 1076 dicit
909 1022 958 1077 ei
1006 1022 1180 1082 Pater,
1227 1017 1300 1072 Tu
1343 1035 1394 1071 es
1421 1015 1649 1071 sacerdos
1692 1015 1744 1066 in

169 1128 410 1168 a'termnn
438 1116 708 1168 secundum
738 1113 964 1168 ordinem
995 1111 1323 1164 Melchisedec
1352 1107 1467 1177 (Ps.
1503 1106 1620 1160 109.
1647 1103 1744 1173 4)?

168 1207 372 1270 Quibus
416 1205 835 1272 respondemus,
880 1199 1321 1255 Melchisedccum
1371 1197 1538 1249 virum
1584 1194 1743 1247 fuisse

168 1295 365 1362 justum
389 1335 402 1357 ,
432 1305 484 1347 et
513 1308 636 1348 vere
665 1292 941 1362 imaginem
982 1291 1162 1344 tulisse
1203 1289 1416 1342 Christi.
1451 1287 1539 1339 Ille
1567 1285 1744 1352 itaque

170 1385 482 1452 prophetico
525 1385 708 1451 Spiritu
751 1392 925 1435 motus
952 1423 964 1447 ,
994 1380 1222 1433 futuram
1271 1379 1591 1431 oblationem
1649 1388 1743 1442 pro

169 1477 414 1543 gentibus
443 1473 816 1543 proferendam
846 1472 1165 1539 intelligens,
1202 1485 1331 1539 pane
1354 1479 1404 1523 ct
1432 1471 1553 1522 vino
1580 1469 1741 1520 Deum

1056 372 1331 430 CONTRE
1368 365 1590 426 LUDOS
1624 363 1716 419 ET
1755 361 2522 424 THEATRA.—MON1TUM.

3303 365 3414 421 262

1849 467 2148 522 Judazorum
2180 484 2443 541 synagoga
2476 480 2764 526 secundum
2791 486 3030 528 ormnem
3073 474 3295 529 Aaronis
3325 476 3418 528 ho-

1851 557 2004 612 stiam
2032 557 2285 613 otl'erebat
2313 561 2440 627 Deo,
2461 576 2564 616 non
2594 578 2781 630 panem
2807 574 2860 618 et
2882 564 3082 630 vinum,
3102 565 3196 620 sed
3223 566 3418 622 vitulos

1849 657 1904 702 et
1933 663 2095 715 agnos
2116 689 2130 710 .
2163 657 2217 703 et
2261 652 2492 706 cruentis
2534 654 2803 708 sacrificiis
2831 656 3052 724 gloriam
3087 657 3195 711 Deo
3222 661 3424 711 retere-

1848 742 1954 805 bat,
1987 742 2123 796 Deus
2149 740 2214 794 ad
2241 757 2358 796 eum
2375 744 2459 811 qui
2483 759 2548 797 ex
2568 745 2770 813 virgine
2794 745 2951 800 Maria
2970 749 3263 802 nasciturus
3282 759 3416 813 erat,

1849 831 2030 886 Jesum
2061 832 2325 886 Christum
2357 833 2545 886 Filium
2587 835 2715 899 Dei,
2743 836 2935 890 clamat
2963 847 3016 891 et
3057 839 3182 892 dicit
3216 858 3228 893 :
3263 839 3338 892 Tu
3370 856 3421 892 es

1848 925 2078 977 sacerdos
2123 925 2176 976 in
2215 935 2456 978 aeternum
2498 929 2767 980 secundum
2801 930 3025 982 ordinem
3060 929 3418 994 Melchisedec;

1849 1030 1956 1070 non
1982 1015 2269 1070 secundum
2315 1016 2553 1070 ordinem
2599 1019 2842 1082 Aarouis,
2878 1021 2963 1089 qui
2992 1021 3168 1075 vitulis
3190 1030 3240 1074 et
3272 1021 3421 1090 agnis

1849 1107 1958 1162 Deo
1982 1106 2180 1160 cultum
2207 1106 2468 1160 referebat
2495 1125 2508 1172 ;
2541 1109 2654 1170 sed,
2686 1108 2760 1160 Tu
2781 1126 2830 1162 es
2861 1111 3090 1162 sacerdos
3109 1111 3158 1162 in
3179 1120 3420 1163 a’ternum

1847 1197 2116 1252 secundum
2143 1199 2366 1251 ordinem
2398 1198 2726 1252 Melchisedec
2751 1242 2764 1264 ,
2795 1216 2928 1269 pane
2958 1209 3011 1255 et
3040 1202 3160 1254 vino
3199 1202 3421 1254 atteren-

1848 1291 1975 1344 tium
2007 1306 2189 1345 eorum
2214 1297 2462 1359 perpetua
2493 1306 2708 1344 munera
2736 1292 2842 1344 Deo
2866 1291 3112 1346 oti‘erens.
3137 1291 3238 1346 Per
3265 1306 3420 1360 quem

1848 1383 1990 1437 Patri
2017 1385 2180 1451 gloria
2204 1399 2323 1436 cum
2349 1385 2681 1436 sanctissimo
2709 1384 2924 1450 Spiritu,
2955 1401 3092 1438 nunc
3111 1395 3164 1438 et
3188 1400 3418 1453 semper,

1848 1483 1900 1526 et
1930 1473 1980 1526 in
2011 1475 2200 1527 saecula
2232 1473 2567 1527 saeculorum.
2593 1475 2784 1552 Amen.

172 1564 352 1628 euluit,
389 1563 658 1620 Christum
688 1574 965 1618 venturum
1005 1563 1257 1616 inuitatus.
1287 1561 1545 1628 Quoniam
1586 1559 1743 1629 igitur

1235 2156 1340 2213 AD
1397 2154 1802 2214 HOMILIAM
1848 2153 2342 2226 SEQUENTEM.

172 2386 406 2454 jusmodi
427 2386 688 2448 homines;
732 2392 787 2438 ut
815 2391 996 2437 autem
1040 2382 1297 2451 probetur
1335 2381 1510 2450 ipsum
1541 2397 1604 2435 ex
1643 2379 1825 2434 animo
1857 2389 1912 2434 et
1957 2380 2165 2433 sincere
2195 2379 2308 2432 haec
2332 2378 2580 2445 edixisse,
2611 2382 2794 2450 paucis
2839 2381 3129 2449 interjectis
3159 2381 3236 2434 sic
3273 2383 3345 2434 ait
3376 2397 3390 2433 :

182 2498 238 2553 Si
285 2519 402 2554 vero
453 2502 820 2569 perhorruistis
874 2501 1008 2552 hanc
1065 2499 1332 2550 audientes
1376 2498 1688 2550 sententiam
1744 2495 1910 2566 (video
1957 2512 2179 2565 namque
2242 2512 2415 2550 omnes
2467 2496 2849 2566 ingemiscentes
2900 2510 2946 2551 et
3001 2499 3386 2567 compunctos),

184 2622 512 2687 resipiscam,
565 2630 613 2673 et
664 2621 917 2673 sententia
968 2618 1137 2671 soluta
1193 2628 1284 2681 est,
1331 2615 1743 2686 μεταϐαλλὲσθω

1848 2633 1869 2678 ι,
1913 2615 2004 2667 καὶ
2039 2616 2248 2667 λέλυται
2279 2615 2344 2667 τὰ
2377 2617 2474 2685 τῆς
2522 2617 2861 2678 ἀποεάσεως.
2901 2617 3030 2681 Quae
3072 2618 3233 2670 verba
3268 2631 3396 2669 sen-

185 2733 407 2787 tentiam
432 2746 555 2784 vere
586 2734 848 2800 prolatam
879 2744 989 2798 prae
1021 2744 1077 2781 se
1111 2726 1252 2779 ferre
1278 2726 1548 2778 videntur.
1593 2724 1662 2776 At
1720 2733 1850 2792 puto
1883 2725 1994 2777 haec
2044 2733 2251 2777 tantum
2279 2727 2637 2779 comminandi
2669 2727 2848 2781 animo
2877 2729 2944 2780 ab
2986 2728 3224 2781 antistite
3254 2729 3395 2782 dicta

188 2844 374 2909 fuisse,
407 2860 508 2898 nec
533 2845 636 2898 nisi
681 2860 863 2913 parem
909 2843 960 2895 iu
992 2842 1198 2912 culpam
1235 2841 1413 2895 denuo
1440 2840 1617 2907 lapsos
1650 2853 1762 2903 eos,
1814 2837 1904 2906 qui
1941 2838 2006 2891 ad
2042 2839 2343 2892 snectacula
2380 2849 2745 2902 occurrerant,
2779 2843 3385 2896 excommunicationem

187 2958 368 3012 subire
399 2959 650 3013 voluisse.

258 3069 412 3122 Aliud
447 3071 831 3140 explorandum
871 3071 1208 3140 proponitur,
1259 3083 1365 3138 quo
1394 3083 1590 3135 nempe
1627 3068 1712 3121 die
1760 3067 1905 3120 hanc
1959 3066 2276 3120 concionem
2309 3067 2559 3121 habuerit
2607 3068 3016 3136 Chrysostomus
3053 3088 3065 3122 :
3117 3085 3202 3123 res
3248 3073 3392 3124 enim

188 3180 497 3235 ditlicultate
528 3199 635 3236 non
692 3198 883 3237 vacare
914 3183 1139 3236 videtur.
1189 3182 1247 3235 ιιι
1288 3183 1388 3234 hac
1418 3181 1678 3234 concione
1705 3194 1743 3233 e1

1875 3179 1968 3245 ait,
2021 3179 2123 3249 πρὸ
2171 3179 2337 3248 τριῶν
2390 3181 2607 3250 ἡμερῶν
2654 3183 2944 3252 ἐπομϐρίαι,
2977 3193 3098 3235 ante
3135 3194 3235 3235 tres
3274 3184 3382 3237 dies

185 3291 355 3344 imber
383 3293 579 3361 ingens.
622 3292 795 3346 imber
818 3302 998 3346 autem
1030 3293 1115 3346 ille
1139 3291 1335 3347 decidit
1385 3292 1517 3345 feria
1566 3299 1754 3360 quarta
1788 3288 2147 3344 liebdomadis
2196 3299 2415 3356 sanctze,
2474 3292 2662 3360 quinta
2712 3294 2843 3346 feria
2888 3295 2940 3346 in
2977 3293 3140 3348 Cmna
3187 3295 3395 3349 Domini

189 3405 325 3458 nihil
374 3415 700 3458 memoratur
763 3406 1042 3471 incidisse,
1071 3407 1125 3459 in
1153 3406 1447 3463 Parasceve
1487 3407 1596 3461 ludi
1633 3414 1913 3476 equestres
1964 3407 2163 3460 multos
2210 3415 2545 3473 averterunt,
2593 3406 2824 3462 Sabbato
2867 3409 3024 3462 iidem
3065 3412 3395 3464 theatrorum

191 3519 497 3585 spectacula
527 3517 796 3572 adierunt.
831 3517 967 3573 ilinc
988 3535 1114 3573 vero
1136 3522 1286 3588 sequi
1315 3523 1529 3576 videtur
1553 3523 1691 3575 hanc
1715 3521 1997 3575 Homiliam
2026 3521 2140 3589 ipso
2160 3521 2246 3574 die
2276 3529 2462 3574 sancto
2499 3520 2717 3573 Pascha:
2749 3521 2980 3573 habitam
3009 3521 3207 3586 fuisse;
3258 3523 3398 3577 inter

189 3646 350 3699 quem
381 3642 435 3684 et
463 3631 645 3684 feriam
670 3642 914 3700 quartam
943 3634 1339 3701 praecedentem
1363 3645 1505 3688 retro
1536 3637 1889 3700 numerando,
1941 3645 2049 3688 tres
2079 3635 2483 3688 intercedebant
2524 3636 2636 3689 dies
2664 3636 2805 3704 pleni
2845 3645 2898 3689 et
2937 3639 3146 3709 integri,
3193 3639 3365 3692 Sabba

189 3753 328 3808 tum,
354 3743 647 3799 Parasccve
678 3756 731 3799 et
758 3747 887 3799 feria
923 3749 1127 3815 quinta.
1155 3747 1258 3801 Sed
1299 3749 1341 3802 si
1374 3749 1457 3802 die
1484 3750 1701 3804 Pascha:
1724 3751 1902 3803 habita
1929 3751 2115 3805 concio
2143 3749 2263 3815 fuit,
2307 3755 2436 3804 cur‘
2478 3767 2544 3805 ne
2595 3752 2817 3805 verbum
2853 3754 3067 3821 quidem
3111 3755 3175 3807 de
3216 3769 3398 3808 resur-

188 3862 432 3914 rectione
466 3862 668 3914 Domini
705 3861 758 3913 in
808 3869 915 3914 tota
953 3861 1169 3915 homilia
1205 3863 1466 3916 habetur?
1511 3864 1640 3916 Nam
1683 3864 1784 3917 etsi
1827 3864 1930 3918 dici
1966 3865 2194 3918 fortasse
2243 3865 2412 3933 possit
2453 3864 2893 3935 Chrysostomum
2942 3868 3027 3920 illa
3064 3869 3167 3930 die,
3219 3877 3276 3919 ut
3315 3868 3397 3919 in-

188 3975 557 4045 dignationem
585 3991 735 4029 suam
767 3976 818 4029 in
848 3992 958 4036 eos,
990 3977 1080 4045 qui
1112 3977 1320 4030 theatra
1367 3977 1555 4030 diebus
1583 3978 1781 4031 sanctis
1811 3978 2071 4041 adierant,
2115 3986 2450 4039 exoneraret,
2487 3979 2801 4030 concionem
2837 3979 3104 4043 habuisse,
3155 3982 3396 4050 nihilque

187 4090 335 4144 aliud
375 4092 654 4160 cngitasse,
688 4108 753 4145 an
786 4093 965 4146 decuit
995 4092 1049 4144 in
1079 4092 1165 4145 die
1220 4101 1406 4146 sancto
1448 4094 1665 4146 Pascha:
1708 4094 1845 4146 nihil
1894 4093 2114 4145 omnino
2149 4092 2214 4145 de
2270 4101 2415 4145 tanta
2463 4093 2791 4159 celebritate,
2835 4109 2902 4147 ne
2933 4095 3154 4163 carptim
3207 4095 3394 4148 saltem

184 4206 370 4275 loqui?
403 4206 458 4259 Si
489 4222 614 4260 vero
645 4208 699 4260 in
739 4218 1052 4276 sequentem
1086 4207 1226 4260 diem
1259 4207 1540 4259 llomiliam
1592 4208 1886 4272 mittamus,
1931 4209 2030 4260 alia
2060 4217 2310 4278 exsurget
2355 4208 2638 4263 diﬂicultas
2673 4227 2682 4261 :
2717 4223 2826 4262 non
2877 4209 3019 4262 enim
3049 4218 3159 4262 tres
3187 4220 3393 4262 tantum

184 4325 326 4388 dies,
360 4325 453 4378 sed
495 4337 719 4393 quatuor
750 4326 891 4394 pleni
918 4335 967 4378 et
1003 4325 1216 4394 integri,
1252 4325 1619 4389 intercedcnt;
1675 4341 1860 4380 verum
1907 4326 2132 4380 fortasse
2172 4327 2585 4398 Chrysostomus
2613 4337 2719 4381 tres
2738 4328 2929 4381 dixerit
2967 4328 3083 4381 dies
3113 4344 3218 4380 non
3263 4345 3392 4395 sup-

185 4439 448 4508 putando,
503 4441 594 4494 sed
623 4441 836 4494 circiter
869 4450 1076 4508 tempus
1107 4441 1447 4508 assignando,
1497 4440 1640 4508 quod
1673 4441 1814 4509 apud
1846 4441 2017 4508 ipsum
2060 4457 2167 4496 non
2208 4444 2479 4499 insolitum
2514 4454 2613 4496 cst.
2649 4441 2800 4507 Rem,
2841 4442 3075 4509 alioquin
3119 4457 3225 4494 non
3262 4444 3393 4496 tanti

185 4552 473 4613 momenti,
502 4551 714 4605 dubiam
753 4551 1122 4617 relinquimus.

258 4752 264 4764 ·’
302 4763 320 4794 ‹
345 4749 480 4796 Hanc
502 4747 837 4796 diﬂicultatem
879 4747 1023 4795 facile
1066 4745 1302 4806 expedire
1329 4743 1465 4803 licet,
1504 4745 1646 4792 modo
1685 4751 1830 4794 antea
1854 4753 2040 4795 certum
2067 4746 2147 4802 sit,
2176 4748 2298 4794 hanc
2332 4747 2580 4795 homiliam
2626 4748 2837 4798 habitam
2865 4764 2974 4798 esse
3002 4752 3079 4799 die
3121 4753 3388 4800 Paschalis.

185 4831 273 4883 Uti
308 4836 440 4881 enim
468 4835 838 4893 Chrysostomus
874 4835 1132 4894 presbyter
1158 4830 1411 4879 multoties
1438 4840 1545 4890 post
1569 4831 1850 4892 episcopum
1896 4837 1948 4879 et
1986 4833 2104 4879 alios
2128 4831 2301 4878 eodem
2320 4834 2399 4880 die
2431 4847 2485 4880 ac
2511 4834 2738 4881 continuo
2761 4833 2808 4881 in
2836 4835 3044 4883 ecclesia
3082 4836 3250 4882 habuit
3275 4849 3393 4882 cou-

181 4921 396 4975 cionem,
424 4917 470 4963 id
492 4916 618 4975 quod
644 4929 703 4963 ex
731 4921 836 4976 ejus
870 4914 1177 4964 sermonibus
1203 4920 1402 4975 apparet
1427 4929 1436 4960 :
1464 4914 1528 4960 ita
1561 4915 1650 4960 hoc
1674 4913 1821 4960 etiam
1844 4915 1926 4960 die
1948 4915 2074 4961 alius
2094 4922 2204 4973 post
2231 4928 2340 4961 cum
2363 4912 2667 4975 episcopum,
2688 4920 2789 4965 sive
2818 4919 3091 4978 presbyter,
3121 4922 3223 4966 sive
3247 4920 3391 4976 alius,

180 5001 455 5050 orationem
495 5001 556 5048 de
597 4999 778 5048 Pascha
803 4998 985 5045 habere
1009 5001 1188 5058 potuit,
1219 5004 1471 5057 postquam
1511 5000 1615 5054 ipse
1641 4994 1854 5055 graviter
1877 5000 2045 5042 contra
2089 4997 2358 5055 spectacula
2385 5001 2435 5042 et
2476 4997 2665 5044 theatra
2693 4999 2999 5058 disputassct.
3041 5001 3207 5047 Habeo
3233 4999 3281 5047 in
3307 5002 3395 5048 ha:

181 5095 240 5131 re
268 5081 665 5131 consentientem
696 5082 851 5140 ipsum
878 5075 1316 5125 Montet'alconium.
1344 5074 1467 5122 Vide
1495 5082 1606 5122 tom.
1637 5076 1692 5131 ν,
1721 5090 1765 5133 p.
1797 5075 1898 5132 118,
1927 5073 2064 5122 not.b
2099 5111 2108 5121 .
2139 5090 2156 5121 ι
2187 5075 2298 5123 Ilzec
2332 5076 2410 5125 Ch.
2441 5077 2519 5125 li‘r.
2557 5078 2765 5124 Mattluei
2803 5082 2846 5125 in
2876 5081 2996 5126 libro
3030 5081 3111 5141 qui
3137 5087 3393 5144 inscripms

181 5169 292 5212 est:
321 5165 374 5211 J.
402 5159 723 5226 C/trysostomi
748 5157 972 5211 Romilio:
992 5158 1072 5221 IV,
1098 5160 1192 5209 vol.
1220 5160 1265 5220 2,
1291 5172 1335 5220 p.
1362 5159 1438 5220 77,
1471 5157 1684 5218 Misenus,
1721 5158 1851 5205 1792.
1882 5157 2067 5216 Quibus
2088 5157 2210 5206 adde
2234 5159 2393 5207 Montf.
2431 5161 2567 5208 Praef.
2599 5159 2714 5210 tomi
2739 5162 2896 5223 hujus,
2925 5163 2960 5224 ξ,
2979 5164 3039 5224 il,
3065 5169 3386 5227 eamdemque

182 5257 300 5301 tom.
331 5248 437 5311 Xli,
461 5264 509 5312 ι).
532 5249 640 5298 52L
