4032 6220
607 385 719 439 263

1294 364 1352 420 S.
1395 361 1680 422 JOANNIS
1713 359 2203 418 CHRYSOSTOMI
2243 357 2559 415 ARCIIIEP.
2601 353 3147 413 CONSTANTINOP.

606 601 3821 662 Em

1513 980 1927 1070 SANCTI
2003 975 2428 1064 PATRIS
2502 973 2933 1066 NOSTRI

941 1247 1849 1434 JOANNIS
1968 1238 3517 1422 CHRYSOSTOMI

1470 1589 2034 1651 ARCHIEPISCOPI
2093 1584 2986 1656 CONSTANTINOPOLITANI,

1899 1835 2423 1928 HOMILIA
2473 1819 2550 1890 (θ’)

772 2084 1083 2143 Adrcrsus
1128 2098 1225 2138 eos
1269 2077 1374 2155 qui
1420 2075 1673 2136 ecclesia
1714 2073 1932 2134 relicta
1980 2071 2062 2131 ad
2114 2071 2416 2130 circenses
2465 2068 2647 2128 ludos
2688 2077 2745 2128 et
2792 2066 2871 2126 ad
2909 2066 3149 2126 theatra
3196 2066 3692 2143 transfugerunt.

2101 2284 2348 2301 ..ιι-

656 2457 706 2510 1.
737 2451 980 2507 llaaccine
1025 2444 1290 2500 ferenda?
1343 2441 1579 2496 haeccine
1635 2438 1945 2494 toleranda?
1989 2436 2153 2492 Vobis

585 2546 729 2603 enim
765 2541 894 2611 ipsis
931 2537 1198 2608 judicibus
1235 2543 1418 2588 contra
1458 2547 1551 2586 vos
1594 2531 1667 2584 uti
1703 2531 1844 2584 volo.
1887 2529 1974 2582 Sic
2023 2529 2164 2581 Deus

586 2637 714 2691 olim
752 2649 811 2687 se
841 2629 1004 2702 gessit
1027 2642 1151 2697 erga
1180 2625 1454 2688 Hebrzeos,
1486 2637 1606 2676 cum
1646 2620 1773 2688 ipsis
1823 2618 1963 2673 enim
2003 2632 2168 2686 expc.

588 2727 820 2791 stulans,
865 2722 941 2775 sic
983 2733 1076 2776 eos
1115 2717 1481 2784 alloquebatur
1531 2731 1546 2767 :
1599 2711 1795 2781 Popule
1841 2727 2001 2776 meus,
2048 2708 2166 2778 quid

592 2818 685 2888 feci
715 2815 819 2876 tibi,
865 2821 950 2864 aut
979 2812 1032 2862 in
1077 2825 1173 2877 quo
1208 2805 1493 2859 contristavi
1528 2813 1594 2888 te,
1635 2803 1710 2856 vel
1751 2799 2168 2888 molestiamAtilri

588 2883 777 2951 attuli?
805 2893 1048 2964 responde
1082 2890 1203 2943 mihi
1232 2888 1416 2957 (Miclt.
1450 2888 1502 2940 6.
1535 2885 1611 2954 3).
1642 2888 1716 2938 Ac
1742 2900 1950 2937 rursum
1985 2900 1997 2934 :
2034 2883 2168 2948 Quid

595 2989 888 3040 invenerunt
937 2992 1102 3051 patres
1142 2979 1214 3031 tui
1275 2978 1326 3030 in
1375 2992 1453 3029 me
1500 2975 1669 3027 delicti
1721 2972 1930 3044 (Jerem.
1980 2973 2033 3026 2.
2076 2973 2168 3041 5)?

592 3083 743 3136 llunc
769 3094 866 3148 ego
902 3091 1111 3146 quoque
1151 3071 1415 3134 imitabor,
1455 3084 1652 3139 vosque
1700 3069 1777 3122 sic
1814 3068 2002 3121 iterum
2033 3067 2168 3120 allo-

598 3188 725 3241 quar
763 3188 775 3223 :
822 3169 1065 3224 llzeccine
1113 3165 1364 3219 ferenda?
1405 3161 1638 3217 haccine
1683 3160 1994 3215 toleranda?
2044 3161 2169 3215 Post

594 3264 752 3332 longa
784 3274 1089 3315 sermonum
1139 3256 1401 3310 curricula
1436 3253 1531 3326 (ὁ),
1576 3263 1694 3321 post
1733 3262 1929 3307 tantam
1974 3253 2169 3306 doctri-

597 3371 741 3420 nam,
770 3352 982 3422 quidam
1033 3348 1185 3403 nobis
1223 3347 1419 3401 relictis
1460 3345 1524 3399 ad
1564 3347 1918 3414 spectaculum
1946 3360 2169 3399 concer-

597 3445 820 3500 lantiunt
841 3455 1096 3510 equorum
1126 3438 1194 3510 (ο)
1220 3437 1635 3506 transfugerunt,
1673 3445 1829 3503 atque
1871 3435 1939 3487 ita
1974 3434 2170 3488 debac-

597 3535 739 3588 chati
768 3541 908 3595 sunt,
953 3540 1012 3583 ut
1056 3538 1218 3582 totam
1262 3527 1448 3581 urbem
1495 3527 1708 3579 vocibus
1743 3525 2171 3593 clamoribusque

599 3623 920 3695 repleverint
949 3621 1232 3676 inconditis
1263 3620 1589 3688 multumque
1619 3619 1782 3671 risum
1814 3617 2168 3680 moventibus,

601 3716 710 3770 imo
753 3715 926 3782 potius
983 3713 1177 3765 luctum
1222 3708 1583 3779 aﬂ'erentibus.
1642 3706 1754 3776 Ego
1801 3707 1975 3776 itaque
2027 3706 2170 3760 domi

602 3809 794 3862 sedens
835 3814 887 3857 et
923 3810 1287 3869 erumpentem
1324 3814 1505 3852 vocem
1532 3798 1772 3861 audiens,
1813 3798 2049 3866 graviora
2084 3813 2173 3865 pa-

605 3898 793 3960 tiebar,
841 3909 997 3964 quam
1036 3893 1069 3945 ii
1114 3891 1200 3960 qui
1243 3897 1555 3960 tempestate
1594 3888 1866 3955 iactantur.
1910 3887 2174 3953 Quemad-

604 3987 817 4043 modum
851 3985 993 4039 enim
1024 3982 1117 4045 illi,
1145 3980 1389 4034 [luctibus
1412 3978 1476 4031 ad
1514 3979 1676 4032 latera
1708 3977 1859 4030 navis
1891 3991 2010 4030 sese
2034 3975 2176 4030 fran-

603 4079 866 4148 gentibus,
895 4076 960 4128 de
989 4073 1239 4128 extremis
1270 4071 1628 4142 periclitantes
1669 4068 1952 4123 formidant
1980 4087 1992 4123 :
2021 4069 2100 4124 sic
2124 4077 2179 4124 et

606 4172 659 4223 in
693 4182 777 4221 me
812 4164 1022 4234 gravius
1047 4162 1394 4229 erumpebant
1426 4159 1497 4211 illi
1544 4159 1823 4222 clamores,
1867 4159 2023 4229 inque
2065 4167 2177 4214 ter-

605 4270 721 4312 ram
764 4254 1065 4325 spectabam
1111 4252 1310 4320 pudore
1348 4247 1578 4302 suffusus
1614 4264 1627 4301 :
1661 4249 1802 4312 aliis,
1835 4250 1923 4317 qui
1950 4264 2178 4318 superne

609 4346 767 4417 positi
805 4354 955 4398 erant
984 4342 1083 4412 (ά),
1111 4342 1188 4395 sic
1217 4339 1438 4408 turpiter
1476 4347 1530 4393 et
1559 4337 1808 4393 indecore
1844 4352 1902 4392 se
1946 4340 2178 4407 gerenti-

613 4438 741 4500 bus;
773 4435 890 4487 aliis
911 4448 1057 4497 vero,
1085 4432 1171 4501 qui
1209 4430 1344 4484 intra
1374 4440 1428 4483 et
1465 4430 1517 4482 in
1543 4428 1720 4484 medio
1760 4429 1870 4483 foro
1904 4439 2055 4483 erant
2087 4430 2178 4500 (e),

611 4527 822 4595 aurigas
846 4521 1262 4585 cohortantibus,
1288 4519 1674 4589 plaudentibus,
1700 4527 1752 4572 et
1777 4520 2001 4583 acriore,
2024 4535 2178 4589 quam

614 4621 724 4682 illi,
767 4620 996 4672 clamore
1042 4616 1328 4670 utentibus.
1378 4615 1513 4682 Quid
1558 4631 1717 4684 porro
1773 4615 2044 4670 dicemus?
2093 4625 2183 4668 aut

614 4724 772 4779 quam
825 4706 1184 4761 defensionem
1245 4705 1547 4773 parabimus
1635 4705 1678 4758 si
1729 4705 1846 4773 quis
1900 4716 2180 4759 extraneus

663 4830 743 4893 (a)_
772 4829 840 4878 Ex
878 4829 1053 4880 Codice
1098 4829 1396 4893 Coisliniano
1445 4841 1636 4893 uxvu,
1688 4824 1931 4893 undecimi
1974 4823 2161 4893 saeculi,

599 4888 990 4945 membranacvo,
1020 4893 1097 4937 fol.
1127 4891 1228 4937 100.
1262 4919 1314 4925 --
1344 4891 1457 4944 Qum
1495 4890 1557 4936 ad
1594 4888 1714 4937 hanc
1742 4888 1984 4933 homiliam
2027 4891 2164 4934 nola—

600 4949 775 5004 vimus,
807 4964 869 4999 επ
895 4952 1007 5000 Chr.
1044 4953 1124 4999 Fr.
1156 4950 1371 5000 Matt/uri
1395 4946 1901 5000 Animadversidnibas
1937 4951 2164 5006 excerpta

598 5017 722 5060 sunt.
750 5013 878 5060 Ευιτ.

673 5074 1113 5137 (b),lntegri_anni
1155 5073 1449 5137 curriculum
1483 5071 2178 5137 apud__Coostantinopolitanos

610 5132 939 5198 compleverat
961 5132 1336 5198 Chrysostomus,
1363 5136 1413 5177 ut
1437 5133 1683 5198 ipseinfra
1705 5133 1820 5179 dicit
1879 5143 1907 5178 Α
1946 5132 2178 5195 principio

612 5192 732 5245 ergo
754 5196 812 5243 ad
834 5195 976 5243 ﬁnem
1001 5192 1110 5240 anni
1133 5192 1376 5240 multoties
1401 5204 1484 5239 eos
1505 5193 1833 5240 admonuerat.

703 5211 732 5243 Ο
754 5211 812 5243 20
834 5211 976 5243 unem
1001 5211 1110 5240 alllll
1133 5211 1376 5240 ιιιυιιυιιυδ
1401 5211 1484 5239 UUS
1505 5211 1833 5240 auntouucrat.

669 5211 739 5318 ἵε)
764 5255 819 5304 In
840 5263 1018 5313 Graeco,
1040 5264 1442 5318 ἀμιλλητηρωηῇτωτ.
1465 5260 1604 5318 Porro
1621 5264 1993 5318 fugata-Aith
2018 5256 2179 5304 dicun-

611 5313 689 5368 tur
714 5313 823 5377 equi
846 5318 1020 5377 quibus
1041 5320 1237 5363 utuntur
1259 5313 1316 5377 ad
1339 5316 1597 5360 certamina
1619 5316 1666 5361 in
1690 5313 1838 5377 Circo.

613 5436 622 5445 ⁸
675 5373 1091 5486 (Illitte‘ojtifstiores
1125 5384 1270 5436 atque
1296 5373 1559 5434 Imperator
1583 5378 1688 5436 ipse
1712 5375 1758 5421 in
1783 5374 1918 5425 Circo
1940 5377 2179 5426 sedebant

613 5449 659 5486 ιιι
700 5451 786 5486 oco
873 5451 957 5484 ιο.

609 5438 659 5487 iu
684 5438 786 5486 Ιοὸο
811 5438 957 5486 edito.

679 5500 745 5559 (e)
781 5501 860 5546 His
882 5498 1092 5553 vocibus,
1118 5495 1198 5558 qui
1221 5495 1268 5543 in
1292 5494 1449 5559 medio
1465 5497 1567 5559 [ora
1583 5499 1735 5559 erant,
1760 5496 2020 5559 designare
2038 5499 2176 5547 vide-

611 5556 697 5610 tur
714 5556 1050 5626 circumibatur:
1071 5556 1770 5626 ea‘trahcanccllos(‘irci‘plebis
1795 5556 2138 5626 multitudinem
2159 5573 2177 5626 ς

615 5634 723 5668 nam
747 5619 842 5668 ludi
866 5616 1118 5669 Circenses
1141 5620 1189 5666 in
1214 5616 1364 5674 Circo,
1393 5631 1485 5663 non
1523 5619 1568 5664 in
1607 5616 1708 5664 foro
1745 5618 2061 5667 habebantur.
2088 5622 2180 5667 Nisi

613 5683 738 5730 iorte
762 5683 940 5739 aurigae
962 5687 1104 5729 antea
1129 5691 1184 5727 se
1207 5679 1255 5726 iu
1275 5677 1375 5726 foro
1398 5679 1755 5738 congregariut,
1783 5685 1834 5728 et
1857 5678 1914 5726 ad
1932 5691 2176 5729 certamen

613 5749 671 5783 δε
695 5745 923 5800 pararim.

2261 2439 2476 2494 adstans
2526 2440 2848 2497 incusavertt
2876 2442 3179 2512 dixeritque
3212 2463 3224 2498 :
3261 2444 3504 2501 llzeccine
3545 2449 3672 2503 urbs
3720 2466 3849 2519 apo.

2275 2529 2530 2584 stolorum
2558 2529 2677 2600 (a)?
2704 2533 2936 2586 haeccine
2977 2549 3092 2601 qua:
3119 2535 3274 2588 talem
3305 2539 3505 2604 accepit
3542 2537 3809 2593 doctorem
3840 2543 3866 2594 τ

2275 2618 2506 2672 haccine
2531 2621 2639 2689 agit
2681 2621 2906 2689 populus
2938 2621 3133 2676 Christi
3169 2638 3376 2690 amans,
3428 2625 3692 2680 theatrum
3744 2644 3850 2681 non

2273 2712 2512 2765 ﬁctilium
2559 2721 2611 2766 et
2653 2713 2957 2781 spiritunle?
2985 2713 3062 2769 Ne
3091 2714 3256 2783 ipsam
3279 2715 3490 2783 quidem
3529 2716 3670 2772 diem
3717 2722 3847 2772 estis

2274 2803 2508 2868 ret-criti,
2539 2803 2591 2856 in
2631 2819 2733 2871 qua
2778 2804 3017 2874 symbola
3063 2805 3136 2876 (b)
3194 2806 3377 2859 salutis
3427 2822 3637 2875 generis
3681 2812 3849 2862 nostri

2275 2899 2639 2945 consummata
2685 2902 2808 2945 sunt
2857 2909 2869 2944 :
2917 2909 3098 2946 verum
3149 2893 3201 2946 in
3249 2894 3538 2950 Parasceve
3580 2895 3673 2968 (ε),
3728 2913 3850 2951 cum

2275 2982 2528 3035 Dominus
2557 2991 2677 3036 tuus
2704 2998 2800 3051 pro
2830 2983 2959 3038 orbe
2992 2984 3413 3054 erucifigebatur,
3442 2997 3495 3040 et
3523 2989 3840 3043 sacriﬁcium

2275 3071 2379 3124 tale
2409 3071 2750 3139 oﬂ‘erebatur,
2796 3073 3068 3142 paradisus
3120 3075 3474 3143 aperiebatur,
3519 3085 3573 3131 et
3623 3077 3758 3132 latro
3796 3081 3848 3132 in

2273 3163 2540 3230 antiquam
2589 3162 2940 3217 reducebatur
2982 3167 3204 3233 patriam
3249 3182 3261 3218 :
3298 3166 3599 3222 maledictio
3650 3168 3848 3223 dissol-

2275 3252 2514 3311 vehatur.
2555 3263 2828 3322 peccatum
2869 3254 3174 3323 delebatur,
3215 3256 3522 3311 diuturnum
3567 3259 3852 3314 tollebatur

2277 3345 2503 3409 bellum,
2551 3345 2795 3414 Deusque
2849 3348 3286 3402 reconciliabatur
3332 3364 3449 3403 cum
3505 3350 3847 3417 hominibus,

2276 3444 2432 3505 atque
2461 3435 2636 3490 omnia
2657 3438 2993 3491 mutabantur
3019 3456 3031 3491 :
3056 3438 3106 3491 in
3149 3439 3234 3492 illa
3262 3438 3368 3501 die,
3401 3439 3451 3492 in
3479 3456 3577 3508 qua
3604 3440 3849 3509 jejunare

2276 3527 2574 3594 Oportebat,
2603 3528 2915 3596 gloriﬁcare,
2945 3539 2997 3582 et
3022 3529 3217 3598 gratias
3255 3530 3520 3599 precando
3561 3531 3760 3588 referre
3801 3536 3849 3595 ei

2275 3616 2364 3685 qui
2395 3625 2470 3670 tot
2511 3617 2648 3670 bona
2688 3618 2802 3672 orbi
2823 3619 3046 3673 contulit
3073 3636 3086 3670 :
3113 3629 3236 3673 tunc
3279 3629 3352 3685 tn,
3406 3621 3586 3676 relicta
3624 3624 3847 3678 ecclesia

2275 3716 2330 3760 et
2369 3707 2629 3760 sacrificio
2667 3709 2923 3776 Spirituali
2957 3708 3058 3780 (ά),
3109 3708 3434 3779 fratrumque
3475 3722 3636 3775 casta,
3691 3722 3849 3779 atque

2273 3799 2456 3868 jejunii
2489 3799 2764 3869 gravitate,
2793 3801 3030 3869 captivus
3059 3816 3087 3854 a
3117 3800 3329 3855 diabolo
3372 3802 3437 3856 ad
3477 3803 3603 3856 illud
3635 3815 3844 3872 Specta-

2339 4043 2868 4108 (a)C0tistant100pol_is
2898 4044 3020 4108 iurlgs
3054 4044 3376 4108 apostolorum
3411 4046 3686 4102 vocabatur,
3725 4059 3834 4108 quo-

2275 4104 2401 4154 niam
2424 4109 2472 4154 in
2494 4105 2575 4155 illa
2600 4111 2706 4170 erat
2727 4104 2939 4170 Ecclesia
2964 4105 3042 4153 illa
3063 4104 3275 4170 oelebris
3297 4108 3667 4170 Apostolorum,
3678 4121 3706 4170 _a
3727 4104 3822 4156 Con

2274 4171 2483 4216 stantino
2503 4176 2664 4229 magno
2685 4165 2900 4229 fundata,
2908 4179 3050 4229 quam
3062 4165 3504 4229 Chrysostonius,in
3524 4167 3716 4214 Ilomilia
3741 4175 3844 4228 past

2274 4228 2481 4276 reditum
2505 4227 2756 4276 abexsilio
2780 4234 2814 4274 t.
2833 4227 3031 4285 IIl,col.
3049 4227 3140 4276 4w
3152 4227 3390 4288 designat,
3410 4228 3606 4276 dicens:
3636 4227 3751 4276 Ideo
3769 4241 3844 4278 ros

2275 4291 2338 4337 ad
2351 4290 2600 4341 Ecclesium
2611 4295 2642 4338 A
2651 4289 2934 4350 postularunt
2945 4287 3326 4337 com'ocatineo
3341 4289 3483 4350 etiam
3494 4289 3605 4337 urbs
3621 4291 3846 4350 apostoli»

2276 4362 2402 4403 rum,
2425 4349 2849 4409 quiaByzautium,
2873 4356 2928 4396 ut
2951 4351 3070 4395 l‘ama
3104 4357 3225 4404 erat,
3251 4354 3293 4394 5.
3311 4349 3548 4409 Andream
3585 4349 3844 4409 apOstolnm

2278 4408 2511 4456 habuerat
2528 4408 2644 4470 ﬁdei
2658 4467 2667 4470 _
2681 4408 2944 4470 doctorem.
2969 4418 3116 4466 Quem
3141 4409 3285 4470 etiam
3307 4408 3385 4456 hic
3402 4418 3516 4470 puto
3536 4408 3844 4468 subindicari,

2278 4471 2489 4539 cumnait,
2517 4467 2856 4539 Iiwccinegule
2876 4469 3021 4539 talem
3042 4468 3225 4531 accepit
3242 4467 3546 4539 interpretem
3569 4484 3661 4519 seu
3684 4467 3842 4519 doctoé

2277 4531 2418 4592 rem?
2442 4529 2658 4578 Andreas
2693 4528 2837 4578 etiam
2874 4528 2995 4592 infra
3035 4528 3324 4592 memoratur
3363 4528 3490 4578 inter
3515 4543 3621 4590 eos,
3645 4545 3847 4592 quorum

2278 4590 2627 4653 intercessione
2649 4592 2860 4653 usisunt
2889 4589 3392 4653 (10-.istantiuopolitani
3431 4589 3695 4653 ingruente
3727 4592 3848 4640 cala-

2278 4651 2461 4700 mitate.
2512 4649 2909 4714 momefalconlus.
2953 4659 3048 4698 Non
3093 4649 3321 4714 oblo'quor
3359 4649 3690 4714 eruditissimo
3727 4656 3846 4702 viro.

2279 4719 2394 4774 Noto
2420 4719 2600 4770 tamen,
2625 4711 2986 4774 @nstantinum
3010 4720 3060 4760 et
3083 4711 3312 4774 Helenam
3353 4712 3638 4774 frequenter
3675 4715 3719 4762 in
3752 4722 3849 4761 Me-

2279 4773 2485 4835 nologiis
2507 4772 2740 4835 appellari
2764 4773 2984 4835 apostolis
3006 4771 3214 4832 (canales
3241 4771 3558 4835 (ιηποστόὶῳς).
3585 4777 3766 4835 Quibus
3790 4775 3847 4821 ad

2280 4833 2449 4884 manus
2466 4833 2592 4891 sunt,
2615 4839 2698 4881 aut
2720 4834 3060 4895 Evangeliaria,
3085 4841 3166 4882 aut
3183 4833 3520 4895 Praxapostoli,
3555 4835 3586 4881 ii
3629 4834 3854 4883 evolvaut

2282 4897 2464 4943 mensis
2487 4896 2586 4942 Maii
2610 4895 2738 4942 diem
2763 4894 2865 4943 1x1.
2905 4895 2978 4944 lbi
3016 4894 3306 4956 plerumque
3339 4894 3517 4956 legitur
3543 4908 3554 4942 :
3597 4894 3754 4954 (μντιιμη)
3782 4913 3852 4942 νῦν

2281 4966 2386 5016 ἀγιων
2412 4968 2581 5015 βασιλίσιν
2604 4969 2663 5003 καὶ
2690 4967 2938 5004 burmann
2963 4969 3227 5007 Κυνστιντίνου
3248 4970 3306 5004 ul.
3330 4958 3470 5016 ὲλινης,
3493 4956 3584 5004 hoc
3605 4964 3704 5016 7951.,
3734 4959 3852 5015 (πιε-

2281 5015 2453 5078 moria)
2479 5024 2749 5078 sanctorum
2772 5016 3108 5076 imperatorum
3130 5025 3172 5065 et
3197 5017 3416 5078 apostolis
3432 5015 3435 5016 ⁷
3451 5015 3710 5078 mortalium
3731 5025 3852 5063 Can-

2279 5076 2471 5139 sttmtiui
2512 5083 2557 5125 ct
2591 5076 2797 5125 Hrlettw.
2846 5079 3088 5126 latissime
3132 5076 3302 5139 patere
3351 5076 3633 5126 vocabulum
3669 5084 3853 5139 aposto-

2281 5137 2444 5246 larga};J
2471 5139 2614 5186 docet
2658 5140 2799 5185 etiam
2831 5137 3200 5187 'I'beodoretfad
3242 5139 3507 5190 lCorinth.
3556 5151 3640 5194 xu,
3687 5151 3730 5186 νη
3772 5137 3852 5196 28,

2283 5213 2327 5246 D.
2450 5235 2460 5245 .

2280 5213 2327 5260 po
2345 5213 2651 5320 (iv-Crucem
2674 5259 2824 5322 ipsam
2848 5271 2974 5322 nunc
2992 5258 3203 5322 appellat
3230 5258 3508 5322 symbolum,
3535 5259 3671 5320 quasi
3697 5264 3855 5309 tesse-

2281 5331 2384 5386 ram
2398 5319 2586 5386 salutis,
2613 5319 2748 5386 cujus
2772 5320 3000 5386 memoria
3025 5320 3107 5386 illo
3129 5322 3208 5368 die
3228 5319 3519 5386 cclebratur.
3555 5319 3565 5320 “
3626 5377 3636 5386 _

2347 5380 2416 5442 (ε)
2450 5388 2513 5428 Ex
2539 5387 2700 5427 nostro
2720 5378 2944 5442 loquendi
2970 5381 3124 5442 modo,
3156 5379 3390 5429 Vendredi
3407 5378 3547 5435 sirint,
3574 5378 3685 5427 Dies
3715 5388 3858 5442 Verte-

2282 5438 2370 5498 ris,
2392 5438 2498 5490 ante
2520 5444 2718 5488 Pascha.
2764 5439 2816 5486 lu
2843 5440 2973 5487 libris
2998 5441 3335 5489 ecclesiasticis
3355 5447 3627 5500 amcorum
3663 5438 3858 5500 cujusli-

2283 5503 2369 5549 bet
2391 5505 2670 5560 septimana:
2692 5501 2796 5547 dies
2820 5500 3027 5548 Veneris
3049 5499 3317 5562 appellatur
3341 5499 3420 5548 vel
3442 5499 3534 5557 at",
3551 5507 3703 5562 sexta,
3724 5499 3809 5547 vel
3845 5511 3866 5552 ἡ

2282 5574 2506 5623 gmw,
2533 5571 2805 5608 Parascerc.
2844 5567 2961 5617 Ergo
2983 5560 3091 5609 dies
3114 5560 3321 5609 Veneris
3341 5565 3456 5608 ante
3481 5560 3652 5609 Pascha
3690 5564 3860 5621 δίψει-

2284 5621 2407 5669 latur
2428 5635 2451 5669 si
2473 5634 2604 5669 ωάκπ
2627 5635 2840 5669 ια-υασιιυτς.
2868 5635 3038 5669 mauna
3065 5631 3337 5669 Parascene.

2332 5631 2407 5669 tur
2428 5635 2451 5674 ἦ
2473 5634 2604 5674 μγάκπ
2627 5635 2840 5674 utr-mutii.
2868 5635 3038 5674 magna
3065 5631 3337 5669 Ραναδεευε.

2354 5636 2407 5667 ιιι·
2428 5635 2451 5678 ἡ
2473 5635 2604 5682 mm
2627 5635 2840 5680 ια-ιμασιιυή,
2868 5635 3038 5682 "mgna
3065 5635 3337 5669 I'arascene.

2354 5683 2429 5742 (d)
2466 5682 2761 5748 sacri/icium
2784 5681 3030 5746 spirituale
3055 5695 3183 5730 nunc
3215 5681 3426 5744 appellat
3449 5680 3527 5730 vel
3564 5693 3744 5743 preces.
3771 5681 3862 5732 vel

2284 5755 2467 5792 cwnum
2495 5752 2693 5791 Donum.
