4032 6220
359 383 469 436 265

350 487 440 538 καὶ
482 483 586 552 πρὸ
621 482 728 534 τῶν
756 477 1042 548 ὀφθαλμῶν
1069 477 1174 529 τῶν
1197 476 1472 545 ὑμετέρων
1500 473 1726 526 τιθέναι.
1758 474 1876 533 Πῶς
1907 473 1997 523 δυ-

351 583 618 653 νησόμεθα
638 582 726 632 τὸν
748 580 876 632 Θεὸν
901 577 1082 630 λοιπὸν
1109 575 1233 626 ἵλεω
1261 573 1513 642 ποιῆσαι;
1542 572 1658 633 πῶς
1681 570 2004 632 καταλλάξαι

348 682 724 753 ὀργιζόμενον;
774 677 884 748 Πρὸ
931 675 1093 746 τριῶν
1143 670 1360 744 ήμερῶν
1409 669 1679 739 ἐπομϐρία
1730 667 1823 720 καὶ
1856 667 2005 729 ὑετὸς

352 783 754 852 κατερρήγνυτο
789 779 960 831 πάντα
987 773 1336 845 παρασύρων,
1369 771 1460 824 ἀπ’
1488 769 1650 823 αὑτοῦ
1678 769 1768 822 τοῦ
1807 769 2004 838 στόμα-

350 902 438 946 τος
459 896 510 943 ει,
545 882 615 942 ὡς
653 880 845 940 εἰπεῖν,
881 877 976 945 τὴν
1012 875 1286 944 τράπεζαν
1319 874 1426 925 τῶν
1464 871 1711 942 γηπόνων
1752 869 2006 940 ἀφαρπά-

352 982 478 1045 ζων,
503 979 737 1047 στάχυας
763 975 1043 1044 κομῶντας
1075 972 1426 1033 κατακλίνων,
1460 969 1526 1021 τά
1545 969 1678 1022 ἀλλα
1702 968 1914 1020 ἅπαντα
1939 967 2002 1034 τῇ

354 1081 630 1148 πλεονεξίᾳ
663 1080 758 1145 τῆς
800 1077 968 1145 ὑγρᾶς
1008 1075 1333 1140 κατασήπων
1372 1071 1575 1130 οὐσίας’
1613 1069 1872 1120 λιτανεῖαι
1915 1065 2009 1117 κα)⁵

355 1181 643 1250 ίκετηρίαι,
666 1179 758 1231 καὶ
794 1179 940 1228 πᾶσα
971 1173 1122 1243 ἡμῶν
1153 1175 1185 1242 ή
1221 1172 1371 1230 πόλις
1400 1171 1582 1240 ῶσπερ
1604 1169 1897 1238 χείμαρρος
1920 1170 2010 1219 ἐπὶ

354 1283 476 1342 τοὺς
524 1279 720 1339 τόπους
771 1276 878 1327 τῶν
934 1272 1240 1326 ἀποστόλων
1292 1271 1497 1338 ἔτρεχε,
1535 1269 1626 1320 καὶ
1683 1269 2010 1337 συνηγόρους

357 1378 723 1448 ἐλαμϐάνομεν
757 1375 847 1426 τὸν
895 1375 1046 1441 ἆγιον
1088 1374 1290 1442 Πέτρον
1329 1371 1420 1423 καὶ
1455 1371 1543 1422 τὸν
1586 1371 1848 1440 μακάριον
1892 1372 2010 1422 Ἀν-

355 1481 536 1550 δρέαν,
568 1479 662 1546 τὴν
688 1476 950 1547 ξυνωρίδα
981 1475 1086 1526 τῶν
1111 1473 1418 1525 ἀποστόλων
1449 1472 1498 1533 ι),
1533 1471 1742 1524 Παῦλον
1789 1472 1881 1522 καὶ
1922 1472 2012 1522 Τι-

361 1578 568 1648 μὸθεον.
608 1577 740 1627 Μετ’
767 1576 967 1633 ἐκεῖνα,
997 1574 1092 1640 τῆς
1138 1572 1306 1642 ὀργῆς
1347 1571 1615 1640 λυθείσης,
1647 1572 1738 1622 καὶ
1783 1570 2012 1636 πέλαγος

359 1674 710 1743 περάσαντες,
753 1672 842 1722 καὶ
881 1670 1138 1738 κυμάτων
1178 1667 1700 1736 κατατολμήσαντες,
1744 1666 1833 1717 ἐπὶ
1891 1667 2014 1726 τοὺς

359 1772 682 1842 κορυφαίους
712 1771 1020 1839 ἐτρέχομεν,
1053 1767 1142 1818 τὸν
1171 1766 1372 1834 Πέτρον
1400 1765 1497 1833 τὴν
1536 1764 1769 1833 κρηπῖδα
1801 1763 1894 1830 τῆς
1927 1761 2016 1812 πί-

361 1889 548 1934 στεως,
580 1871 669 1922 τὸν
708 1869 914 1922 Παῦλον
956 1868 1016 1920 τὸ
1065 1866 1254 1928 σκεῦος
1293 1865 1390 1935 τῆς
1431 1865 1675 1934 ἐκλογῆς,
1713 1866 2015 1933 πανήγυριν

359 1971 727 2031 ἐπιτελοῦντες
779 1969 1168 2037 πνευματικήν,
1211 1967 1303 2019 καὶ
1357 1977 1378 2003 ο
1427 1967 1551 2027 τοὺς
1602 1964 1794 2026 ἄθλους
1838 1962 2016 2016 αὐτῶν

359 2069 839 2140 ἀνακηρύττοντες,
881 2068 948 2119 τά
990 2067 1224 2137 τρόπαια
1268 2066 1360 2118 καὶ⁵
1404 2066 1500 2126 τὰς
1549 2065 1701 2126 νίκας
1741 2063 1836 2124 τὰς
1879 2060 2018 2113 κατά

359 2174 465 2226 τῶν
525 2169 811 2239 δαιμόνων.
864 2168 974 2220 Καὶ
1029 2166 1150 2218 οὔτε
1192 2165 1269 2235 τῷ
1309 2165 1456 2233 φόϐῳ
1500 2165 1606 2217 τῶν
1653 2163 1944 2232 γινομένων
1989 2160 2016 2198 ά

361 2269 818 2336 καταπλαγέντες,
844 2266 965 2318 οὒτε
989 2269 1065 2336 τῷ
1097 2266 1313 2335 μεγέθει
1329 2265 1434 2317 τῶν
1452 2262 1884 2333 κατορθωμάτων
1911 2261 2018 2313 τῶν

359 2368 728 2425 άποστολικῶν
763 2379 785 2406 ο
821 2365 1217 2429 παιδευθέντες,
1255 2364 1445 2433 ἀθρόον
1477 2362 1618 2415 οὓτω
1657 2363 1783 2431 μιᾶς
1817 2361 2017 2430 μεταξὺ

362 2469 655 2538 γενομένης
682 2466 910 2535 ἡμέρας,
943 2467 1166 2532 σκιρτᾷς
1185 2465 1276 2516 καὶ
1304 2463 1448 2532 βοᾷς,
1481 2463 1578 2530 τὴν
1611 2461 1806 2514 ἐαυτοῦ
1844 2461 2018 2529 ψυχὴν

361 2566 701 2639 αἰχμάλωτον
726 2565 829 2616 ὑπὸ
860 2563 967 2614 τῶν
1008 2563 1191 2614 παθῶν
1234 2580 1308 2614 πα
1320 2563 1689 2630 ρασυρομένην
1715 2560 1978 2629 περιορῶν
2003 2575 2016 2622 ;

364 2668 424 2719 El
478 2665 534 2716 δὲ
583 2662 801 2715 ἐϐούλου
852 2658 1048 2728 δρόμον
1096 2659 1302 2724 ἀλόγων
1342 2659 1492 2726 όρᾷν,
1532 2659 1670 2718 τίνος
1709 2658 1889 2710 ἕνεκεν
1922 2657 2021 2708 οὐκ

361 2762 584 2826 ἕξευξας
616 2761 682 2812 τά
708 2759 875 2824 ἄλογα
905 2759 960 2808 ἐν
987 2756 1067 2807 σοὶ¹
1090 2754 1257 2824 πάθη,
1284 2754 1450 2822 θυμὸν
1477 2753 1566 2806 καὶ
1586 2753 1895 2822 ἐπιθυμίαν,
1930 2753 2022 2805 καὶ

362 2860 636 2928 ἐπέθηκας
666 2859 844 2917 αὐτοῖς
869 2854 959 2906 τὸν
980 2854 1078 2922 τῆς
1109 2853 1422 2920 φιλοσοφίας
1453 2851 1632 2917 ζυγὸν,
1667 2853 1757 2902 τὸν
1791 2852 2023 2920 χρηστὸν

364 2959 458 3011 καὶ
494 2956 712 3024 κοῦφον,
745 2953 837 3005 καὶ
870 2951 1174 3018 ἐπέστησας
1211 2949 1391 3010 αὐτοῖς
1419 2947 1673 3016 λογισμὸν
1712 2948 1887 3016 ὀρθὸν,
1930 2947 2024 3000 καὶ

364 3059 500 3129 πρὸς
526 3056 587 3107 τὸ
613 3052 860 3124 βραϐεῖον
883 3050 1088 3120 ήλασας
1117 3049 1212 3116 τῆς
1241 3048 1352 3100 ἀνω
1382 3046 1643 3115 κλήσεως,
1670 3047 1767 3098 οὐκ
1792 3047 1896 3098 ἀπὸ
1933 3046 2026 3116 μύο

366 3177 489 3221 σους
516 3159 594 3219 είς
623 3155 811 3225 μύσος,
832 3152 946 3204 ἀλλ’
973 3150 1078 3202 ἀπὸ
1106 3149 1207 3217 γῆς
1234 3151 1310 3211 είς
1339 3150 1563 3217 οὐρανὸν
1585 3150 1823 3217 τρέχων;
1857 3149 2025 3201 Τοῦτο

364 3260 472 3328 γὰρ
508 3257 607 3326 τῆς
654 3250 1011 3320 ἱπποδρομίας
1052 3247 1112 3298 τό
1164 3243 1301 3307 εἶδος
1347 3247 1480 3313 μετά
1524 3246 1618 3314 τῆς
1670 3247 1860 3315 ήδονῆς
1910 3248 2028 3298 πολ-

364 3359 460 3426 λήν
511 3355 619 3424 ἔχει
665 3351 763 3421 τὴν
803 3349 1084 3415 ὠφέλειαν.
1139 3345 1275 3396 Ἀλλ’
1323 3345 1478 3410 ἀφεὶς
1536 3348 1602 3396 τά
1653 3346 1792 3398 κατά
1835 3348 2026 3398 σαυτὸν

366 3449 550 3511 ἁπλῶς
592 3447 685 3500 καὶ
719 3444 794 3506 ὡς
829 3442 989 3510 ἔτυχε
1022 3439 1301 3512 φέρεσθαι,
1341 3439 1477 3509 ὑπὲρ
1511 3440 1606 3508 τῆς
1640 3440 1839 3508 ἐτέρων
1873 3442 2027 3511 νίκης

365 3551 559 3605 ἐκάθου
583 3549 625 3615 ί,
649 3546 860 3616 ἡμέραν
893 3541 1158 3610 τοσαύτην
1186 3541 1306 3609 εἰκῆ
1331 3540 1422 3592 καὶ
1446 3540 1621 3609 μάτην
1644 3540 1736 3592 καὶ
1761 3541 1850 3592 ἐπὶ
1877 3541 2027 3609 κακῷ

367 3649 640 3707 δαπανῶν.

439 3745 505 3813 β’.
531 3735 774 3812 [ἩόΓΙΙ
797 3737 895 3788 οὐκ
917 3732 1072 3786 οἶσθα
1091 3735 1171 3787 ὅτι
1195 3734 1441 3804 καθάπερ
1462 3738 1620 3804 ἡμεῖς
1643 3737 1900 3806 ἀργύριον
1920 3741 2028 3800 τοῖς

366 3843 599 3903 οἰκέταις
637 3840 748 3900 τοῖς
793 3835 1078 3906 ἡμετέροις
1118 3833 1528 3901 ἐγχειρίζοντες.
1565 3835 1793 3897 εὐθύνας
1834 3837 2030 3900 αὐτοὺς

366 3943 460 3996 καὶ
493 3941 650 4010 μέχρι
682 3936 798 3996 ἐνὸς
828 3932 1161 4000 ἀπαιτοῦμεν
1194 3931 1402 3984 ὀϐολοῦ·
1431 3932 1572 3986 οὕτω
1602 3934 1694 3986 καὶ
1720 3937 1747 3986 ό
1770 3935 1901 3997 Θεὸς
1922 3937 2029 3989 τῶν

368 4037 588 4108 ἡμερῶν
617 4034 712 4102 τῆς
747 4031 892 4098 ζωῆς
930 4029 1028 4096 τῆς
1053 4028 1325 4097 ἡμετέρας
1363 4029 1650 4098 ἀπαιτήσει
1680 4031 1836 4100 λόγον
1861 4034 2028 4103 ἡμᾶς,

369 4141 485 4202 sub;
509 4139 745 4204 ἐκάστην
772 4134 986 4203 ἡμέραν
1008 4133 1454 4203 ἐδαπανήσαμεν;
1486 4135 1550 4185 Τί
1577 4131 1669 4188 οῦν
1694 4139 1818 4206 ἐροῦ
1827 4155 1953 4207 μεν;
1979 4139 2030 4191 τί

367 4239 421 4290 δὲ
462 4231 934 4303 ἀπολογησόμεθα,
979 4232 1104 4282 ὅταν
1143 4232 1241 4299 τῆς
1282 4231 1495 4300 ἡμέρας
1538 4232 1752 4302 ἐκείνης
1793 4236 2031 4290 ἀπαιτῶ-

372 4341 509 4412 μεθα
545 4339 798 4401 εὐθύνας
828 4335 1013 4396 ’Ἥλιος
1043 4334 1280 4387 ἀνέτειλε
1322 4333 1410 4385 διὰ
1460 4335 1538 4399 σὲ,
1577 4336 1670 4386 καὶ
1704 4336 1897 4408 σελήνη
1931 4341 2029 4409 τήν

370 4445 538 4495 νύκτα
585 4440 833 4507 ἐφώτισε,
876 4437 970 4489 καὶ
1007 4436 1246 4498 ποικίλος
1275 4435 1516 4506 ἀστέρων
1542 4436 1817 4506 ἀνέλαμψε
1850 4439 2027 4508 χορός·

370 4548 634 4597 ἔπνευσαν
685 4541 872 4607 ἄνεμοι
914 4539 998 4590 διὰ
1048 4539 1125 4603 σὲ,
1169 4539 1399 4607 ἔδραμον
1444 4539 1695 4607 ποταμοί’
1743 4539 2032 4607 σπέρματα

372 4649 703 4713 ἐϐλάστησαν
731 4644 816 4695 διά
841 4643 919 4705 σέ,
953 4643 1044 4693 καὶ
1068 4642 1207 4708 φυτά
1245 4640 1488 4709 ἀνεδόθη,
1517 4643 1610 4693 καὶ
1636 4642 1733 4710 τῆς
1757 4642 1970 4710 φύσεως
2003 4645 2032 4694 ό

371 4755 566 4822 δρόμος
585 4751 680 4819 τὴν
711 4748 914 4800 οἰκείαν
936 4746 1166 4813 ἐτήρησε
1192 4745 1361 4808 τάξιν,
1391 4745 1484 4797 καὶ
1508 4744 1689 4814 ἡμέρα
1709 4747 1879 4815 ἐφάνη
1940 4747 2032 4798 καὶ

438 5034 460 5060 ⁸
484 5031 759 5079 Secundum
790 5030 914 5080 istud
935 5031 1286 5092 proverbium:
1323 5031 1477 5080 πολλὰ
1543 5032 1710 5090 μεταξὺ
1769 5035 1898 5081 πέλει
1956 5037 2033 5080 κύ-

373 5096 500 5153 >ικος
521 5095 600 5138 καὶ
623 5094 798 5153 χείλεος
821 5094 984 5153 ἄκρου.

435 5152 460 5188 υ
487 5147 690 5212 Ξυνωρίς
714 5161 844 5199 notat
867 5147 1020 5213 βτίωο
1045 5165 1259 5210 currum,
1279 5165 1355 5200 cm
1397 5147 1555 5213 juncti
1609 5157 1717 5199 sunt
1769 5151 1866 5199 duo
1889 5149 2033 5213 equi;

373 5213 587 5260 secundo
611 5211 698 5277 per
723 5211 958 5277 equorimi
973 5211 1172 5262 invicem
1211 5211 1518 5277 junctofwn;
1579 5215 1727 5260 lenio
1791 5211 2035 5274 quodlibet

371 5287 479 5333 pur,
509 5269 744 5333 quodlibet
762 5269 1056 5333 'cunjugium.

435 5338 456 5360 ο
487 5334 574 5379 Καί
600 5335 780 5379 rectius
799 5332 1011 5379 abeseet.

433 5394 457 5429 «ι
487 5395 582 5459 lino
602 5394 874 5451 γενομένων.
912 5393 1147 5453 Intelligit
1201 5396 1333 5441 enim
1376 5391 1743 5441 inundationem
1787 5392 2032 5450 imbrium,

424 5470 478 5497 re.
512 5468 597 5498 Iam
621 5465 912 5498 cessaverat.

371 5468 478 5512 qum.
503 5468 597 5508 iam
621 5459 912 5499 cessaverat.

440 5519 458 5540 υ
490 5514 842 5574 Κατορθώματα
862 5513 1154 5560 ἀποστολικά
1209 5528 1338 5561 nunc
1368 5514 1586 5574 appellat
1644 5513 1904 5570 auxilium,
1961 5513 2032 5558 lu-

375 5582 471 5619 lum
498 5574 555 5619 ub
577 5572 824 5633 apostolis,
853 5579 959 5632 post
979 5574 1364 5632 supplicationes
1393 5572 1630 5633 publicas.

439 5633 455 5668 ῐ
499 5633 711 5693 Ἐκάθου.
761 5632 946 5693 Supple
983 5636 1160 5692 θεατής,
1227 5637 1301 5681 ιρι
1351 5632 1529 5689 κριτής,
1588 5633 1679 5681 nisi
1728 5633 2030 5680 substituere

371 5695 508 5740 maiis
529 5692 721 5746 ἐκήδου.

1191 365 1244 415 S.
1289 360 1572 416 JOANNIS
1611 357 2094 412 CllRYbOSTOMI
2137 359 2451 415 ARCIIIEP.
2493 359 3030 416 CONSTANTINOP.

3637 361 3746 418 266

2109 475 2201 540 νὺξ
2223 475 2462 546 παρῆ).οε
2484 479 2528 516 ε·
2561 477 2840 530 καὶταῦτα
2867 477 3037 530 πάντα
3067 475 3250 542 γέγονε
3270 473 3356 526 διὰ
3379 471 3459 524 σέ·
3486 471 3548 523 σὺ
3572 470 3628 522 δέ
3646 469 3748 520 τῶν

2108 579 2416 646 κτισμάτων
2451 597 2532 630 σοι
2561 579 3007 649 διακονουμένων,
3039 577 3130 630 τοῦ
3163 575 3404 630 διαϐόλου
3438 575 3533 642 τὴν
3569 571 3750 625 ἐπιθυ-

2111 677 2237 745 μίαν
2267 677 2521 747 πληροῖς;
2553 680 2660 731 Καὶ
2688 678 2935 730 τοσοῦτον
2958 678 3106 747 παρὰ
3130 676 3220 729 τοῦ
3247 675 3377 728 Θεοῦ
3414 672 3751 742 μισθωσάμε-

2107 795 2194 839 νος
2236 774 2399 841 οἶκον,
2430 777 2518 830 τὸν
2553 778 2753 847 κόσμον
2792 778 2931 844 λέγω
2970 777 3172 838 τοῦτον,
3211 776 3308 826 οὐκ
3345 773 3626 832 ἀπέδωκας
3667 771 3754 821 τὸν

2113 877 2317 947 μισθόν.
2352 878 2453 931 Καὶ
2484 879 2581 930 οὐκ
2627 880 2824 948 ἠρκεσε
2862 882 2926 947 τῇ
2963 877 3198 947 προτέρα
3247 875 3445 944 ήμέρᾳ,
3495 873 3628 925 ἀλλά
3664 872 3754 924 καὶ

2107 977 2203 1047 τὴν
2236 979 2508 1049 δευτέραν,
2543 981 2628 1031 ὅτε
2664 979 2971 1032 ἀναπαῦσαι
2999 979 3186 1048 μικρὸν
3211 977 3374 1046 ἐχρῆν
3401 975 3506 1026 ἀπὸ
3541 975 3636 1042 τῆς
3670 975 3758 1039 ἐγ-

2109 1078 2395 1146 γινομένης
2449 1079 2661 1140 κακίας,
2704 1079 2794 1131 ἐπὶ
2841 1078 3040 1148 θέατρα
3092 1077 3249 1129 πάλιν
3299 1075 3596 1134 ἀνέϐαινες,
3653 1073 3757 1124 ἀπὸ

2111 1177 2314 1230 καπνοῦ
2349 1179 2428 1239 είς
2451 1178 2558 1246 πῦρ
2581 1178 2808 1247 τρέχων,
2837 1180 2913 1239 είς
2937 1178 3117 1246 ἕτερον
3144 1176 3411 1246 βάραθρον
3433 1173 3613 1234 καθεὶς
3638 1174 3758 1224 ἐαυ-

2110 1279 2198 1330 τὸν
2228 1279 2619 1349 χαλεπώτερον.
2653 1281 2906 1349 Γέροντες
2940 1279 3125 1340 πολιὰς
3153 1277 3501 1347 κατῄσχυνον,
3531 1277 3623 1327 καὶ
3653 1275 3756 1326 νέοι

2111 1377 2206 1446 τὴν
2262 1379 2486 1448 νεότητα
2531 1378 2982 1448 κατεκρήμνιζον,
3032 1378 3125 1429 καὶ
3163 1377 3397 1446 πατέρες
3435 1375 3627 1436 παῖδας
3673 1374 3762 1425 άν-

2111 1477 2261 1545 ῆγον,
2296 1478 2357 1528 ἐκ
2390 1477 2686 1548 προοιμίων
2715 1478 2812 1546 τὴν
2841 1476 3201 1548 ἀπειρόκακον
3225 1473 3438 1544 ἠλικίαν
3470 1475 3547 1536 είς
3570 1473 3638 1526 τά
3667 1473 3762 1540 τῆς

2113 1577 2375 1645 πονηρίας
2399 1575 2780 1645 ἐμϐιϐάζοντες
2800 1576 3072 1646 βάραθρα,
3097 1575 3235 1628 ὥστε
3265 1575 3363 1626 ούκ
3391 1576 3454 1629 ἀν
3473 1591 3556 1636 τις
3589 1574 3763 1642 ἀμάρο

2113 1690 2193 1724 τοι
2246 1674 2622 1736 παιδοκτόνους
2675 1675 2795 1726 ἀντὶ
2844 1675 3096 1743 πατέρων
3143 1674 3267 1734 τοὺς
3315 1671 3580 1732 τοιούτους
3629 1672 3764 1722 ἀπο-

2115 1772 2314 1835 καλῶν,
2370 1773 2462 1824 καὶ
2515 1777 2581 1843 τῇ
2626 1774 2651 1812 h
2701 1773 2866 1842 κακίᾳ
2919 1774 3016 1841 τὴν
3061 1772 3236 1842 ψυχὴν
3284 1770 3613 1830 ἀπολλύντας
3661 1769 3766 1819 τῶν

2114 1878 2428 1947 τεχθέντων.
2495 1878 2602 1930 Καὶ
2652 1878 2777 1930 ποία
2839 1876 3039 1939 κακία;
3102 1876 3252 1944 φησί.
3295 1874 3391 1926 Διὰ
3452 1875 3556 1942 γὰρ
3614 1871 3768 1924 τοῦτο

2115 1979 2404 2048 ὀδυνῶμαι,
2446 1980 2525 2031 ὅτι
2565 1981 2657 2031 καὶ
2685 1979 2872 2042 νοσῶν,
2905 1979 3002 2030 οὐκ
3033 1973 3177 2038 οἶδας
3209 1977 3290 2028 ὅτι
3323 1977 3515 2036 νοσεῖς,
3553 1975 3639 2026 ἵνα
3678 1974 3769 2026 καὶ

2114 2078 2204 2129 τὸν
2234 2077 2410 2148 ἰατρὸν
2445 2076 2798 2148 ἐπιζητήσῃς.
2832 2077 3089 2144 Μοιχείας
3113 2075 3297 2142 ἐγένου
3327 2073 3767 2142 πεπληρωμένος,

2115 2176 2208 2228 καὶ
2255 2177 2494 2246 ἐρωτᾷς,
2531 2175 2658 2228 ποία
2703 2176 2895 2241 κακία;
2925 2171 2958 2245 ἦ
2990 2175 3087 2226 οὐκ
3126 2175 3360 2244 ήκουσας
3404 2173 3497 2225 τοῦ
3541 2169 3769 2241 Χριστοῦ

2117 2278 2380 2344 λέγοντος·
2422 2278 2482 2330 '0
2514 2278 2813 2346 ἐμϐλέψας
2846 2277 3079 2346 γυναικὶ
3115 2276 3262 2344 πρὸς
3291 2276 3356 2329 τὸ
3389 2273 3771 2342 ἐπιθυμῆσαι,

2117 2375 2232 2442 ἤδη
2259 2375 2612 2442 ἐμοίχευσεν
2631 2377 2863 2440 αὐτήν;
2887 2377 2950 2426 Τί
2976 2371 3067 2427 οὖν
3091 2375 3183 2428 ἐὰν
3217 2374 3289 2443 μὴ
3327 2373 3596 2442 ἐμϐλέψω,
3623 2371 3770 2440 φησὶ.

2120 2475 2252 2543 πρὸς
2299 2474 2357 2524 τὸ
2403 2473 2776 2542 ἐπιθυμῆσαις
2819 2474 2926 2526 Καὶ
2956 2473 3071 2534 πῶς
3114 2473 3317 2544 δυνήσῃ
3359 2488 3424 2539 με
3462 2473 3674 2531 πείσαις
3717 2468 3775 2518 Ὀ

2117 2574 2222 2643 γάρ
2263 2573 2355 2624 τοῦ
2389 2573 2661 2642 θεωρῆσαι
2705 2574 2778 2642 μὴ
2812 2571 3047 2641 κρατῶν,
3083 2571 3214 2624 άλλά
3246 2569 3513 2638 τοσαύτην
3543 2567 3775 2635 σπουδὴν

2120 2671 2256 2741 ὑπὲρ
2290 2671 2380 2724 τοῦ
2416 2671 2655 2723 τοιούτου
2702 2681 2718 2707 ι
2755 2670 3053 2739 τιθέμενος,
3089 2670 3204 2732 πῶς
3235 2670 3369 2738 μετὰ
3406 2669 3466 2721 τὸ
3509 2667 3776 2736 θεωρῆσαι

2119 2771 2320 2840 δυνήσῃ
2352 2771 2528 2838 μένειν
2556 2769 2921 2840 ἀκηλίδωτος;
2959 2769 3049 2838 Μὴ
3076 2769 3183 2838 γὰρ
3215 2768 3354 2830 λίθος
3384 2785 3463 2820 σοι
3495 2766 3555 2818 τὸ
3587 2765 3776 2833 σῶμα;

2124 2867 2196 2935 μὴ
2223 2867 2327 2934 γάρ
2359 2866 2606 2935 σίδηροςς
2643 2865 2824 2934 Σάρκα
2852 2867 3177 2933 περίκεισαι,
3209 2866 3385 2934 σάρκα
3415 2863 3776 2932 ἀνθρωπίνην,

2121 2963 2240 3031 ἥτις
2278 2963 2466 3034 χόρτου
2497 2961 2873 3033 χαλεπώτερον
2907 2962 2919 3011 i
2967 2963 3070 3015 ὑπὸ
3098 2963 3196 3032 τῆς
3230 2961 3518 3030 ἐπιθυμίας
3549 2960 3779 3013 ἀνάπτεο

2124 3079 2230 3114 ται.

2195 3167 2305 3220 Καὶ
2345 3166 2395 3217 τί
2434 3165 2576 3233 λέγω
2618 3165 2680 3217 τὸ
2721 3165 2976 3236 θέατρον;
3022 3169 3108 3219 Ἐν
3149 3167 3321 3236 ἀγορᾷ
3379 3164 3636 3226 πολλάκις
3693 3163 3784 3214 ἐάν

2127 3265 2523 3334 ἀπαντήσωμεν
2553 3266 2787 3331 γυναικὶ,
2810 3264 3201 3336 θορυϐούμεθα’
3237 3265 3301 3316 σὺ
3331 3263 3389 3314 δὲ
3419 3263 3530 3314 ἄνω
3553 3260 3784 3329 καθήμε-

2128 3379 2238 3424 νος,
2262 3363 2392 3414 ὅπου
2420 3363 2654 3430 τοσαύτη
2692 3363 2826 3432 πρὸς
2851 3363 3232 3432 ἀσχημοσύνην
3259 3361 3620 3432 παράκλησις,
3651 3359 3788 3430 δρῶν

2128 3463 2356 3526 γυναῖκα
2408 3461 2609 3531 πόρνην
2651 3464 2829 3530 γυμνῇ
2875 3464 2941 3531 τῇ
2995 3462 3202 3530 κεφαλῇ
3253 3460 3393 3530 μετὰ
3447 3459 3646 3527 πολλῆς
3692 3457 3789 3524 τῆς

2129 3560 2508 3628 ἀναισχυντίας
2549 3559 2837 3624 εἰσιοῦσαν,
2875 3562 3050 3630 χρυσᾶ
3084 3557 3550 3628 περιϐεϐλημένην
3583 3557 3786 3625 ἱμάτια,

2132 3658 2583 3728 μαλακιζομένην,
2612 3659 2986 3729 θρυπτομένην
3009 3660 3058 3722 ιι,
3093 3659 3312 3729 ᾅσματα
3348 3657 3579 3727 ᾄδουσαν
3610 3673 3792 3726 πορνι-

2128 3758 2220 3822 κά,
2254 3757 2740 3826 κατακεκλασμένα
2772 3758 2928 3827 μέλη,
2955 3758 3151 3828 αίσχρά
3189 3757 3521 3828 προϊεμένην
3552 3759 3791 3826 ῥήματα,

2129 3858 2538 3926 ἀσχημονοῦσαν
2567 3858 2808 3921 τοιαῦτα,
2836 3859 2976 3927 ἅπερ
3005 3860 3033 3910 ό
3068 3859 3346 3928 θεωρήσας
3379 3858 3446 3910 ἂν
3477 3859 3558 3919 είς
3595 3856 3795 3908 ἔννοιαν

2128 3956 2318 4026 λάδης’
2360 3957 2508 4009 κάτω
2538 3957 2782 4018 “mm?
2815 3957 3016 4025 τολμᾷς
3045 3957 3215 4007 ειπεῖν
3237 3957 3312 4018 ὡς
3337 3955 3490 4007 οὐδὲν
3525 3955 3742 4023 πάσχῖις
3773 3950 3792 3990 ¹

2129 4055 2494 4126 άνθρώπινον;
2527 4055 2618 4125 Μή
2650 4055 2757 4125 γάρ
2785 4054 2929 4116 λίθος
2958 4070 3038 4106 σοι
3075 4053 3134 4106 τὸ
3163 4053 3354 4123 σῶμα;
3390 4053 3464 4122 μὴ
3493 4052 3604 4122 γὰρ
3649 4052 3796 4120 σίδη-

2133 4178 2256 4232 ρος;
2295 4161 2369 4212 Οὐ
2395 4161 2502 4231 γὰρ
2533 4159 2934 4230 παραιτήσομαι
2985 4157 3144 4211 πάλιν
3188 4156 3258 4209 τὰ
3291 4156 3431 4210 αύτά
3473 4156 3673 4208 εἰπεῖν.
3709 4153 3798 4222 Μὴ

2131 4265 2238 4332 γάρ
2273 4264 2376 4316 τῶν
2403 4262 2652 4332 μεγάλων
2683 4263 2776 4314 καὶ
2807 4262 3066 4328 γενναίων
3098 4260 3305 4330 ἀνδρῶν
3333 4258 3581 4321 ἐκείνων,
3611 4257 3663 4309 οἳ
3695 4255 3800 4310 ἀπὸ

2130 4365 2289 4433 ψιλῆς
2317 4364 2489 4428 ὅψεως
2513 4363 2942 4433 κατηνέχθησαν,
2979 4360 3125 4432 [275]
3158 4361 3591 4428 φιλοσοφώτερος
3623 4361 3689 4411 σὺ
3715 4354 3796 4422 εἷς

2133 4465 2246 4515 Οὐκ
2278 4465 2511 4532 ’ήκουσσς
2544 4465 2593 4515 τί
2621 4480 2781 4530 φησιν
2805 4463 2832 4513 ό
2859 4461 3122 4531 Σολομῶν·
3155 4461 3557 4528 Περιπατήσει
3579 4479 3671 4526 τις
3709 4459 3798 4512 ἐπ’

2133 4564 2440 4631 ἀνθράκων
2476 4565 2692 4633 πυρὸς,
2740 4565 2880 4629 τοὺς
2926 4565 2992 4616 δὲ
3041 4564 3230 4629 πόδας
3276 4566 3348 4618 οὐ
3392 4565 3800 4626 κατακαύσει;

2146 4666 2451 4730 Ἆποδήσει
2489 4683 2575 4732 τις
2603 4669 2719 4734 πῦρ
2751 4669 2820 4719 ἐν
2850 4669 3072 4732 κόλπῳ,
3099 4668 3172 4720 τὰ
3196 4666 3264 4719 δὲ
3289 4667 3486 4735 ιμάτια
3516 4670 3588 4721 οὐ
3621 4684 3799 4720 κατα-

2135 4768 2379 4831 καύσει;
2411 4769 2604 4832 Οὕτως
2629 4772 2661 4821 ὀ
2686 4768 2886 4820 εἰσιὼν
2913 4772 2999 4832 εις
3028 4767 3279 4834 γυναῖκα
3307 4769 3639 4836 ἀλλοτρίαν
3660 4778 3718 4821 ³³³.
3743 4770 3800 4820 EE

2135 4870 2242 4938 γὰρ
2283 4870 2377 4922 καὶ
2412 4871 2485 4939 μὴ
2531 4870 2870 4938 συνεπλάκης
2911 4873 2974 4938 τῇ
3019 4869 3227 4940 πόρνῃ,
3263 4871 3398 4924 ἀλλά
3428 4874 3494 4938 τῇ
3541 4870 3801 4938 ἐπιθυμίᾳ

2202 5154 2517 5220 ἕΠαρελθεῖν.
2556 5155 2635 5200 hic
2675 5166 2770 5220 nen
2816 5160 2893 5202 est
2937 5156 3254 5216 perlransire,
3307 5159 3394 5206 sed
3420 5155 3643 5217 prodire.
3711 5155 3803 5205 1.0-

2137 5213 2305 5273 qujtur
2328 5215 2457 5273 enim
2490 5213 2550 5259 de
2575 5216 2842 5261 creatione.

2198 5271 2228 5309 h
2252 5271 2630 5331 Μδιίῐηηοὺςτῇ.

2205 5333 2219 5399 ξ
2249 5332 2496 5399 intellige,
2519 5335 2803 5399 πράγματος,
2830 5336 2876 5382 id
2903 5343 2979 5399 est
2998 5335 3083 5399 τοῦ
3111 5339 3363 5399 θεωρῆσαι.

2206 5393 2502 5459 i_SenIenti_a
2551 5395 2762 5459 postulat
2808 5401 2861 5442 υι
2889 5393 3216 5459 *εὐκολώτερον
3252 5393 3473 5459 legatur,
3539 5403 3648 5455 aut,
3673 5400 3803 5456 quod

2138 5454 2415 5523 leniu§_esl,
2441 5453 2493 5523 9-5
2520 5454 2817 5523 poslnzéptou
2845 5456 3061 5523 addatur.

2173 5517 2228 5618 )5
2281 5511 2536 5567 Hesycll.:
2613 5511 2891 5572 Θρύπτεται·
2964 5517 3303 5575 μαλακίζεται,
3359 5522 3530 5578 τρυφᾷ,
3584 5524 3807 5580 στρηνιᾷ,

2191 5588 2324 5618 .αται.

2191 5588 2324 5619 .οιτοιι.

2140 5591 2324 5620 κλαται.

2210 5633 2225 5669 l
2256 5627 2434 5694 Malim,
2457 5631 2669 5694 πάσχεις·
2691 5644 2780 5679 nec
2804 5635 2929 5680 enim
2955 5647 3075 5694 opus
3098 5640 3171 5681 est
3195 5636 3517 5693 coniunctivo.

2207 5701 2246 5724 ἠ
2267 5692 2606 5751 Septuaginta:
2628 5693 2740 5752 πρὸς
2759 5694 2952 5751 γυναῖκα
2988 5692 3238 5756 ὗπανδρον,
3279 5692 3408 5756 Quod
3431 5698 3610 5744 eodem
3652 5695 3805 5747 redit.
