4032 6220
281 381 388 435 265

285 481 456 534 culum
485 479 739 534 abductus
764 481 864 534 es?
893 478 1131 534 Ilzeccine
1156 479 1405 533 ferenda?
1432 477 1659 531 haeccine
1686 477 1816 530 tole-

286 569 484 623 randa?
511 570 689 637 Neque
723 570 861 622 enim
901 569 1053 622 finem
1086 569 1269 622 faciam
1295 569 1404 622 haec
1427 582 1567 636 saepe
1592 567 1817 632 dicendi,

284 659 623 726 doloremque
649 673 820 712 meum
856 658 930 711 sic
969 657 1214 721 leniendi,
1247 669 1394 710 utne
1436 657 1580 708 illum
1608 654 1818 710 silentio

285 762 536 814 premam,
581 746 670 800 sed
733 747 781 798 iu
839 745 1063 799 medium
1113 745 1361 808 afferam,
1417 754 1469 796 et
1522 744 1588 796 ob
1639 742 1818 795 oculos

285 845 482 887 vestros
505 849 711 902 ponam.
744 833 1014 898 Quomodo
1054 835 1335 899 poterimus
1381 831 1623 898 deinceps
1653 831 1814 882 Deum

287 922 562 988 propitium
607 921 864 975 reddere?
891 921 1150 989 quomodo
1193 922 1374 971 iratum
1403 919 1551 971 nobis
1580 918 1815 971 reconci-

285 1008 444 1062 liare?
473 1011 607 1062 Ante
649 1019 753 1063 tres
790 1009 900 1062 dies
930 1011 1000 1077 (ιι)
1035 1010 1348 1072 irrumpente
1391 1005 1562 1072 pluvia
1600 1005 1813 1073 ingenti,

283 1106 436 1164 atque
462 1098 631 1150 omnia
657 1112 829 1151 secum
861 1097 1116 1157 trahente,
1142 1105 1195 1148 et
1217 1097 1281 1147 ab
1308 1111 1417 1156 ore,
1446 1105 1494 1147 ut
1527 1096 1592 1146 ita
1622 1094 1812 1156 dicam,

283 1183 623 1250 agricolarum
669 1198 900 1236 mensam
946 1183 1191 1247 rapiente,
1221 1192 1453 1234 cematas
1489 1181 1654 1247 spicas
1683 1181 1816 1245 deji-

283 1270 470 1333 ciente,
518 1280 806 1336 caeteraque
851 1270 1022 1322 omnia
1074 1285 1165 1335 per
1204 1269 1428 1321 humida:
1476 1271 1703 1320 materia:
1725 1281 1815 1319 co-

286 1356 420 1424 piam
448 1358 766 1419 devastante,
816 1358 1005 1409 ιίῑτιιιίω
1029 1358 1100 1422 (ὺ)
1145 1367 1194 1409 et
1230 1358 1626 1424 supplicationes
1653 1356 1813 1419 fuere,

285 1453 492 1510 totaque
518 1446 701 1498 civitas
741 1452 914 1497 nostra
955 1446 1100 1513 quasi
1132 1453 1335 1498 torrens
1363 1446 1425 1496 ad
1459 1447 1564 1498 loca
1608 1454 1816 1510 aposto-

283 1535 450 1586 lorum
496 1535 738 1587 currebat
775 1550 788 1586 :
833 1534 1211 1601 advocatosque
1252 1533 1655 1600 implorabamus
1697 1547 1818 1584 san-

280 1631 419 1674 ctum
446 1622 655 1675 Petrum
677 1632 730 1676 et
755 1623 961 1676 beatum
989 1623 1270 1685 Andream,
1299 1621 1530 1689 parillud
1551 1622 1814 1686 apostolo-

285 1727 396 1764 rum
430 1712 523 1779 (c),
552 1712 762 1765 Paulum
787 1714 906 1766 item
929 1723 980 1766 et
1004 1712 1355 1765 Timotheum.
1383 1711 1505 1763 Post
1528 1709 1641 1763 hinc
1669 1726 1812 1770 vero,

279 1816 395 1853 cum
427 1802 499 1853 ira
525 1802 701 1856 sedata
726 1812 883 1865 esset,
914 1802 1161 1854 audacter
1192 1799 1418 1866 trajectis
1446 1799 1626 1866 pelago
1655 1799 1818 1851 flucti-

279 1891 497 1958 busque,
521 1892 585 1943 ad
607 1892 908 1960 coryplizeos
932 1891 1250 1944 accurrimus
1270 1889 1373 1957 (ά),
1405 1888 1609 1940 Petrum
1636 1887 1818 1940 funda-

278 1988 508 2032 mentum
537 1979 674 2040 fidei,
709 1990 762 2031 et
787 1978 997 2032 Paulum
1027 1993 1118 2031 vas
1142 1977 1428 2039 electionis,
1458 1976 1646 2028 festum
1675 1976 1814 2029 cele-

279 2067 490 2120 brantes
513 2066 798 2134 spirituale,
821 2081 1104 2134 eorumque
1140 2066 1421 2119 certamina
1453 2063 1812 2130 praedicantes,

278 2164 472 2222 tropa-a
509 2155 851 2222 victoriasquc
896 2166 1076 2208 contra
1125 2155 1409 2207 daemonas.
1452 2155 1518 2205 At
1555 2163 1606 2206 tu
1649 2168 1817 2220 neque

277 2243 554 2296 formidine
578 2253 836 2311 gestarum
868 2260 1038 2297 rerum
1084 2243 1382 2305 deterritus,
1433 2255 1598 2309 neque
1621 2241 1818 2309 magni-

277 2333 456 2386 tudine
491 2335 890 2400 apostolicorum
940 2343 1200 2400 gestorum
1252 2332 1526 2394 eruditus,
1578 2333 1643 2383 ita
1693 2347 1817 2384 eun-

277 2419 467 2484 fcstim,
510 2436 615 2474 uuo
651 2431 846 2474 tantum
876 2423 1177 2488 interposito
1220 2421 1321 2482 die,
1366 2421 1560 2481 exsilis,
1601 2419 1813 2483 clamas,

275 2509 501 2560 animam
551 2517 688 2560 tuam
734 2509 903 2575 pravis
932 2507 1198 2561 affectibus
1251 2510 1299 2559 in
1331 2507 1680 2573 captivitatem
1726 2506 1817 2558 ab-

275 2598 480 2652 ductam
521 2608 573 2651 ct
619 2599 870 2666 dejectam
922 2598 1257 2664 contemptim
1303 2594 1528 2662 aspicis9
1575 2594 1720 2659 Quod
1772 2594 1814 2644 si

277 2687 486 2738 volebas
516 2686 783 2738 brutorum
821 2701 1028 2738 cursum
1060 2693 1312 2750 spectare.
1343 2697 1502 2750 quare
1549 2697 1650 2734 non
1691 2679 1812 2747 jun-

278 2774 395 2826 xisti
447 2774 624 2825 brutos
679 2773 836 2823 animi
899 2772 971 2823 tui
1022 2771 1263 2828 affectus,
1326 2769 1452 2818 iram
1518 2775 1569 2818 et
1620 2779 1815 2817 concu-

276 2861 629 2929 piscentiam?
693 2874 785 2911 cur
840 2871 941 2910 non
1001 2855 1287 2922 imposuisti
1343 2853 1418 2906 eis
1478 2852 1817 2918 pliil0$0pliiue

274 2952 448 3018 jugutn
472 2963 628 3001 suave
671 2947 794 2998 illud
839 2956 888 2998 et
916 2945 1029 2998 leve
1053 2943 1075 2994 ?
1103 2957 1194 2995 cur
1236 2955 1337 2993 non
1367 2940 1597 3007 aurigam
1623 2947 1814 2992 rectam

335 3099 406 3158 (α)
441 3099 554 3144 ttinc
576 3095 748 3158 aliquid
775 3096 978 3158 emergit
999 3092 1302 3158 difficultatis.
1329 3090 1448 3158 Vide
1485 3089 1700 3158 tito-uitium
1737 3101 1815 3158 stt-

276 3149 794 3217 pra.'Montefatc6nitts.
829 3149 1048 3217 Fxpiidem
1072 3152 1214 3217 credo
1257 3153 1377 3217 hanc
1417 3150 1654 3217 homilianm
1687 3149 1815 3196 habi-

275 3206 368 3264 tam
386 3230 495 3264 esse
506 3206 702 3263 sabbato
720 3222 830 3261 ante
849 3206 1032 3263 Pascha.
1045 3225 1138 3271 quo
1155 3211 1236 3257 die
1253 3211 1488 3271 theatrum
1510 3206 1816 3271 illiAfrequen-

275 3278 450 3323 labant.
478 3277 691 3321 nationes
708 3275 770 3320 ita
793 3274 892 3320 inii.
907 3275 986 3319 Die
998 3265 1203 3317 Ve'ncris
1213 3277 1323 3317 ante
1336 3268 1502 3314 Pascha
1516 3269 1562 3313 in
1574 3265 1704 3316 Circe
1716 3267 1815 3314 fuc-

272 3343 408 3387 runt;
424 3337 546 3382 inter
565 3332 796 3382 bosludos
815 3338 970 3379 autem
984 3337 1033 3377 et
1047 3331 1170 3377 inter
1183 3330 1314 3375 istam
1331 3327 1682 3387 inundationem
1695 3341 1816 3374 unus

271 3395 377 3442 dies
394 3386 684 3442 Intercessit:
706 3405 821 3452 ergo
841 3390 1140 3452 dieMercurii
1163 3388 1249 3452 fuit
1267 3386 1522 3452 inundatio.
1535 3387 1617 3433 Die
1634 3388 1815 3435 sabbati

272 3454 492 3502 adierunt
526 3454 711 3502 theatra
744 3447 886 3499 :‘hor.
923 3449 1136 3509 ipsoidie
1164 3447 1327 3495 habuit
1354 3448 1644 3493 concionem.
1689 3452 1806 3505 Ergo

271 3521 440 3573 quarto
462 3508 1152 3574 die_post_calami_tatem.Yide
1171 3513 1470 3574 tamen,qu:e
1491 3517 1632 3574 supra
1653 3509 1811 3554 monui

271 3565 384 3621 a'ute
406 3574 529 3620 hanc
550 3565 783 3618 homiliam
808 3572 865 3616 ad
889 3567 1221 3616 Moutefalconii
1241 3565 1720 3613 animadversionem.

337 3633 408 3692 (ὸ)
441 3632 629 3692 [iungite
653 3631 980 3692 precessioues
1005 3634 1259 3692 erantcum
1277 3623 1709 3692 supplicationibus,
1728 3625 1811 3692 _vel

271 3690 330 3738 ad
343 3683 499 3739 ‘Iieum
524 3683 867 3751 placandumin
888 3687 1103 3751 adversis
1119 3685 1320 3751 casibus,
1341 3683 1425 3751 vel
1447 3683 1504 3751 ad
1529 3683 1704 3751 gratias
1726 3685 1811 3751 ipsi

271 3742 609 3810 agendaspro
637 3749 858 3810 acceptis
887 3746 1163 3810 beneficiis;
1207 3743 1384 3810 [itania
1426 3749 1492 3810 est
1514 3742 1813 3810 supplicatio

271 3799 528 3858 rammtmis'
545 3807 609 3856 ad
635 3799 796 3861 neum,
820 3805 910 3853 sive
929 3812 1112 3862 promer
1127 3803 1260 3862 iram
1280 3801 1406 3851 nobis
1423 3799 1731 3858 illatmri,'sit‘e
1748 3806 1810 3851 (ut

269 3871 447 3928 gratias
469 3867 704 3928 agendum
725 3878 809 3924 pro
831 3860 957 3912 bonis
980 3860 1175 3928 cellulis,
1202 3863 1352 3928 inquit
1381 3870 1576 3928 _Symeon
1610 3861 1809 3928 ’t'ltessaf

269 3920 527 3975 i'onicensi's
549 3929 597 3987 in
617 3920 783 3987 thttsC.
807 3923 1214 3987 contrahcercses.
1254 3920 1445 3987 Ilitania;
1476 3933 1666 3987 quoque
1686 3924 1809 3987 _apttd

269 3989 454 4035 latinos
476 3985 619 4033 medii
653 3979 745 4031 iuvi
780 3985 1106 4041 processiones
1144 3994 1272 4039 sa‘pe
1296 3979 1734 4041 significautﬂhid;
1763 3981 1810 4028 in

269 4047 372 4095 loca
393 4043 720 4105 apestotorum,
747 4038 793 4089 in
815 4041 1062 4105 ecclesiam
1088 4038 1259 4105 nempe
1281 4038 1356 4087 SSI
1378 4038 1723 4105 Apostolorum,
1747 4042 1808 4088 de

267 4119 360 4166 qua
402 4095 540 4152 modo
560 4095 956 4166 dicebamuspuhi
993 4095 1235 4166 speciatim
1279 4095 1469 4166 Petrus.
1486 4095 1809 4166 Apostolorum

269 4155 506 4236 princeps,
532 4170 584 4212 et
605 4155 1106 4236 Andreas,'8y7:_antin‘:p
1124 4157 1343 4236 Ecclesia:I
1360 4155 1574 4236 fundatOr
1593 4165 1642 4203 et
1667 4155 1808 4236 frater

268 4216 410 4281 i'etri,
435 4216 648 4284 itemque
671 4219 836 4267 Paulus
857 4216 907 4266 ei.
925 4217 1196 4284 Timotheus
1193 4217 1262 4284 λη
1289 4216 1535 4284 advocatos
1551 4216 1806 4284 compella-

268 4273 455 4330 bantur.
481 4273 594 4329 Hinc
636 4289 884 4339 Bosporum
922 4277 1155 4339 trajiciunt
1190 4273 1678 4339 Constantinopolitaui
1700 4288 1808 4339 sup-

265 4342 469 4401 plicandi
499 4355 656 4396 causa,
675 4331 1004 4401 ACl'tt'ysostomo
1019 4336 1269 4401 _episcOpo
1298 4334 1438 4401 duce,
1463 4331 1520 4401 ad
1557 4331 1806 4401 ecclesiam

361 4403 484 4449 Petri
509 4406 559 4449 et
581 4392 703 4446 Pauli
729 4410 758 4444 e
774 4392 990 4456 'regione
1013 4392 1434 4456 Constantinopolis
1471 4399 1599 4438 trans
1637 4397 1806 4452 Bestia-

265 4473 370 4507 rum
391 4463 544 4508 sitam.
572 4462 652 4506 llic
685 4453 913 4506 obseth
957 4454 1112 4507 velim,
1155 4453 1497 4499 invocationem
1540 4460 1806 4499 sanctorum

266 4520 633 4580 frequentatam,
675 4525 725 4565 et
761 4516 1150 4580 intercessionem
1183 4514 1419 4580 cred-itam
1457 4509 1806 4580 fuissequarto

263 4570 453 4634 sarculo,
473 4570 632 4626 contra
649 4590 786 4637 quam
808 4575 1026 4622 effutiunt
1046 4571 1274 4618 haeretici.
1291 4571 1340 4618 Id
1357 4570 1482 4630 quod
1502 4570 1670 4630 passim
1685 4571 1804 4629 apud

263 4639 950 4699 Lbrysoswmumobservatur.
1029 4691 1039 4699 _
1159 4696 1167 4699 _
1197 4691 1244 4699 μ’.
1330 4690 1358 4699 Α
1620 4687 1632 4699 ‘
1657 4689 1702 4699 _I

325 4687 393 4756 (ἔ)
430 4697 498 4744 Ita
523 4695 913 4756 hierarpellautur
937 4691 1102 4740 Paulus
1126 4696 1180 4756 et
1197 4690 1487 4756 Timotheus,
1511 4687 1632 4746 quod
1657 4689 1805 4756 Time-

262 4747 406 4806 tlteus
421 4747 802 4816 discipulus'fcrc
826 4764 1074 4812 numquam
1110 4761 1137 4795 a
1168 4748 1320 4796 latere
1359 4747 1482 4795 Pauli
1505 4750 1805 4806 praeceptoris

265 4817 480 4864 recessit.

322 4876 399 4935 (ά)
432 4882 494 4935 Εξι
521 4875 594 4922 his
624 4873 803 4932 colligit
825 4867 1219 4935 MontcfaleOiiitts,
1248 4863 1799 4935 constantinopolitanos,

260 4925 435 4981 comite
458 4925 810 4994 Clirysostonio,
825 4942 956 4977 mare
981 4927 1345 4994 traiecissesed
1364 4927 1411 4971 in
1434 4925 1676 4994 ipsanurbe
1701 4933 1804 4973 erat

259 4996 406 5041 etiam
430 4984 657 5053 temp'lum
695 4984 814 5038 Petri
860 4997 910 5037 et
933 4984 1072 5034 Pauli.
1099 4985 1150 5032 Id
1172 4985 1410 5053 didicinex
1442 4984 1801 5053 .Codicehqucm

258 5055 304 5100 in
336 5041 547 5107 secunda
571 5058 702 5112 parte
725 5062 844 5112 mete
877 5056 923 5095 Ν.
948 5044 1237 5092 't‘estamcnti
1261 5043 1481 5112 [editionis
1496 5041 1729 5112 appellavi
1755 5056 1798 5090 a.

257 5119 319 5160 I-Zx
345 5105 518 5160 eodem
541 5101 755 5170 cognovi,
788 5108 930 5154 factas
955 5119 1063 5152 esse
1088 5104 1418 5170 processiones
1454 5101 1661 5170 ad‘istud
1679 5107 1800 5148 tem-

254 5172 403 5219 nlum.
430 5171 518 5219 Sed
543 5160 633 5217 isti:
656 5160 812 5217 Codch
839 5178 961 5213 nunc
984 5177 1075 5210 non
1091 5160 1202 5209 'crat
1223 5161 1279 5207 ad
1303 5174 1482 5208 manus.
1509 5160 1627 5219 Vide
1652 5161 1801 5217 ipsum

254 5218 579 5280 Stoiitefalcon.
604 5229 822 5286 superius
847 5233 953 5271 nota
977 5224 1033 5283 (ιι
1049 5223 1084 5289 _),
1111 5221 1330 5289 σωκ-Ωδμ.
1356 5227 1452 5266 Jam
1478 5218 1787 5289 cum_Cht:}'srr

251 5279 434 5339 stemus
457 5279 772 5338 vehementer
793 5292 920 5331 amet
942 5279 1163 5342 tropicam
1185 5281 1434 5342 dictionem
1448 5312 1470 5342 _,
1495 5279 1638 5342 credo
1679 5279 1781 5342 haec

251 5337 479 5399 audacter
500 5343 918 5406 tra_iectia_petago
959 5337 1278 5403 ﬂzi'ctibusqtte,
1316 5339 1584 5406 accipienda
1609 5349 1716 5406 esse
1738 5337 1795 5406 de

250 5396 519 5458 calamitate
563 5396 641 5454 illa
680 5396 1149 5466 felicitei‘rsupe‘rata.
1174 5396 1457 5466 Cprypltwus
1505 5399 1802 5466 proprie_cst

249 5455 352 5518 (uti
369 5455 538 5523 iciticit},
563 5465 739 5514 deinde
775 5455 1116 5523 omnino'dzet,
1145 5455 1376 5523 princeps,
1411 5455 1658 5523 excellens.
1691 5463 1800 5502 Frc-

245 5515 464 5589 qnentcrr
499 5515 661 5575 autem
689 5523 769 5589 vel
806 5529 970 5570 Petrus
1003 5515 1435 5589 solus'c'orypltwus
1465 5516 1798 5589 apustQIOi'tttt_t,

246 5575 526 5637 tielrt‘etrus
556 5591 608 5633 et
653 5582 816 5630 Paulus
853 5577 1098 5643 συνῃρῆαή
1132 5575 1442 5638 apostolorum
1471 5575 1794 5640 appellantur,

241 5649 478 5708 principes
501 5643 827 5708 apostoiormu.

1322 364 1580 420 CONTRA
1621 363 1836 419 LUDOS
1872 362 1956 417 ET
1993 365 2329 425 TIIEATRA.

3352 394 3461 449 266

1926 481 2174 534 rationem
2217 485 2501 551 inl[)OSUi>li
2550 489 2643 549 eis,
2689 503 2783 540 nec
2819 493 3089 546 cucurristi
3119 494 3182 546 ad
3225 497 3483 550 ΙιιὩγίυιιι-

1926 581 2165 637 superna:
2211 575 2513 636 vocationis,
2544 592 2647 628 non
2676 593 2702 628 a
2735 581 2932 633 scelere
2953 582 3003 633 in
3043 583 3210 636 scelus
3237 583 3333 655 (a),
3360 588 3452 642 sed

1925 668 1952 705 a
1975 664 2117 709 terra
2142 656 2193 706 in
2213 660 2395 712 caelum
2440 677 2645 716 cursum
2694 665 2959 732 dirigens?
2988 669 3113 722 Nam
3140 684 3320 724 cursus
3365 673 3460 726 hu-

1922 744 2144 810 jusmodi
2187 763 2349 815 genus
2389 765 2504 802 cum
2551 755 2808 822 voluptate
2867 757 3076 810 multam
3128 762 3452 826 coniunctam

1927 834 2078 889 habet
2115 837 2402 907 utilitatem.
2447 841 2635 894 Verum
2682 847 2898 912 negotiis
2953 849 3051 900 tuis
3094 853 3368 905 temerario
3406 864 3457 908 et

1925 923 2136 978 fortuito
2164 929 2302 980 casui
2347 930 2556 993 relictis,
2600 932 2664 982 de
2701 934 2915 986 aliorum
2945 937 3156 990 victoria
3201 940 3455 995 sollicitus

1925 1014 2159 1075 sedebas,
2191 1015 2326 1068 diem
2361 1028 2554 1070 tantum
2585 1019 2769 1072 frustra
2812 1033 2863 1073 et
2891 1031 3098 1089 temere,
3133 1026 3238 1080 imo
3266 1028 3315 1080 in
3345 1045 3452 1082 rem

1925 1095 2107 1147 malam
2132 1097 2414 1151 insumcns.

1990 1183 2044 1236 Ξ.
2075 1188 2153 1238 An
2182 1187 2385 1254 ignoras
2428 1193 2858 1257 quemadmodum
2902 1213 2997 1250 nos
3037 1213 3151 1252 cum
3183 1211 3450 1270 argentum

1923 1273 2220 1330 domesticis
2247 1280 2436 1332 nostris
2478 1282 2746 1348 tradimus,
2778 1287 3028 1339 rationem
3069 1289 3133 1340 ab
3158 1290 3233 1342 eis
3259 1295 3450 1357 expeti-

1923 1377 2036 1414 mus
2062 1365 2124 1415 ad
2154 1381 2313 1433 usque
2340 1384 2494 1421 unum
2517 1370 2724 1424 obolum
2757 1389 2768 1424 :
2802 1375 2868 1425 ita
2899 1375 3055 1429 Deum
3095 1377 3294 1430 dierum
3334 1381 3450 1430 vita:

1922 1460 2113 1503 nostra:
2155 1454 2405 1507 rationem
2453 1472 2482 1508 a
2531 1458 2680 1510 nobis
2707 1463 3054 1525 expetiturum
3084 1478 3220 1527 esse,
3268 1480 3452 1531 nempe

1920 1552 2020 1604 qua
2048 1540 2246 1594 ratione
2289 1558 2706 1612 unumquemque
2727 1549 2862 1600 diem
2907 1554 3284 1619 transegimus?
3320 1554 3449 1620 Quid

1921 1641 2046 1696 ergo
2066 1628 2295 1684 dicemus
2312 1633 2334 1681 ?
2352 1648 2503 1700 quam
2523 1638 2906 1691 excusationem
2925 1640 3218 1703 atl'cremus,
3247 1644 3451 1710 quando

1921 1715 2024 1769 diei
2051 1717 2188 1773 illius
2215 1722 2439 1775 rationes
2467 1726 2848 1789 exposceutur?
2873 1728 3092 1796 PrOpter
3118 1739 3166 1782 te
3195 1733 3273 1784 sol
3311 1742 3453 1784 ortus

1921 1814 2020 1869 est,
2053 1807 2174 1861 luna
2199 1818 2402 1863 noctein
2427 1812 2750 1878 illuminavit,
2784 1817 2953 1871 varius
2978 1817 3240 1872 stellarum
3261 1821 3451 1875 chorus

1920 1892 2145 1960 effulsit;
2177 1909 2387 1964 prepter
2430 1909 2477 1950 te
2504 1898 2756 1952 flavcrunt
2805 1904 2962 1968 venti,
3008 1914 3059 1957 et
3103 1903 3241 1958 fluvii
3271 1923 3454 1960 mana-

1921 1991 2080 2047 runt;
2107 1995 2318 2052 propter
2361 1995 2410 2039 te
2435 1988 2628 2040 sentina
2651 1990 3017 2057 germinarunt,
3064 1993 3253 2060 planta:
3277 2009 3454 2049 creve-

1921 2082 2062 2132 runt,
2092 2079 2288 2124 natura:
2308 2086 2493 2126 cursus
2516 2075 2747 2128 ordinem
2775 2078 2938 2129 tenuit
2965 2093 3134 2142 suum,
3160 2079 3272 2133 dies
3296 2096 3454 2149 appa-

1921 2160 2043 2222 ruit,
2073 2173 2277 2227 noxque
2327 2163 2622 2228 pertransiit
2662 2180 2674 2214 :
2719 2163 2930 2231 hincque
2959 2167 3127 2218 omnia
3159 2177 3368 2235 prepter
3405 2179 3454 2223 te

1923 2244 2054 2298 facta
2075 2255 2196 2299 sunt
2224 2264 2239 2299 :
2267 2256 2318 2300 tu
2345 2263 2470 2302 vero
2504 2249 2657 2302 rebus
2687 2253 2874 2306 creatis
2905 2252 2994 2305 tibi
3021 2255 3452 2316 ministrantibus.

1921 2335 2110 2388 diaboli
2158 2347 2390 2405 optatum
2435 2339 2656 2406 imples?
2695 2340 2758 2392 Et
2785 2355 2899 2393 cum
2947 2351 3138 2394 tantam
3168 2358 3195 2394 a
3227 2344 3331 2397 Deo
3356 2345 3453 2397 do-

1922 2441 2081 2490 mum,
2115 2427 2249 2481 hunc
2286 2429 2523 2481 videlicet
2550 2428 2817 2489 mundum.
2848 2430 3086 2482 mercede
3121 2432 3448 2494 coudnveris,

1922 2516 2212 2569 mercedem
2264 2532 2364 2570 non
2409 2518 2628 2578 solvisti.
2685 2518 2789 2571 Nec
2835 2519 2922 2570 tibi
2973 2521 3097 2572 satis
3155 2520 3246 2572 fuit
3285 2524 3452 2588 priete

1919 2602 2003 2656 die
2025 2603 2094 2672 (ὁ)
2125 2604 2174 2657 id
2204 2607 2388 2672 egisse,
2438 2607 2590 2659 etiam
2641 2607 2952 2673 insequenti,
2992 2623 3110 2660 cum
3157 2623 3184 2659 a
3230 2610 3451 2676 nequitia

1920 2691 2132 2756 pristina
2158 2693 2364 2757 paulum
2392 2693 2661 2756 quiescere
2681 2694 3013 2758 oportuisset,
3039 2695 3100 2746 ad
3129 2695 3324 2748 theatra
3351 2699 3450 2749 itc-

1920 2793 2032 2829 rutn
2069 2780 2432 2843 conscendisti,
2476 2795 2503 2830 a
2538 2779 2676 2832 fumo
2714 2796 2926 2834 currens
2961 2782 3023 2834 ad
3076 2784 3264 2850 ignem,
3303 2795 3452 2852 teque

1922 2865 1970 2917 in
2021 2866 2159 2919 aliud
2213 2867 2438 2920 deterius
2483 2870 2777 2920 barathrum
2829 2868 3094 2936 conjecisti
3147 2868 3235 2938 (c).
3289 2871 3450 2924 Senes

1919 2968 2077 3007 canos
2118 2970 2240 3009 suos
2275 2957 2702 3021 dehonestabant,
2737 2957 3093 3011 adolescentes
3128 2958 3450 3026 juventutem

1920 3057 2066 3096 suam
2091 3046 2494 3113 praecipitabant,
2523 3056 2696 3113 patres
2721 3046 2851 3101 filios
2879 3061 3001 3100 suos
3026 3063 3088 3101 eo
3106 3048 3447 3111 adducebant,

1917 3134 2018 3202 jam
2047 3149 2075 3186 a
2101 3135 2352 3202 principio
2385 3145 2585 3189 mtatem
2626 3138 2866 3203 nequitize
2891 3147 3154 3205 expertem
3185 3139 3234 3191 in
3258 3139 3447 3207 improc

1922 3221 2092 3277 bitatis
2119 3224 2360 3278 barathra
2384 3225 2702 3289 inducentes,
2737 3229 2805 3279 ita
2835 3236 2889 3279 ut
2910 3243 3008 3279 non
3054 3228 3262 3282 aberret
3304 3230 3447 3297 quis-

1920 3315 2077 3379 piam,
2104 3315 2144 3365 si
2169 3315 2302 3378 illos,
2338 3329 2442 3368 non
2488 3323 2677 3380 patres,
2719 3316 2808 3368 sed
2835 3316 3054 3369 ﬁliorum
3097 3318 3450 3372 interfectores

1918 3401 2161 3467 appellet,
2186 3402 2271 3468 qui
2294 3402 2517 3469 nequitia
2562 3417 2651 3454 sua
2692 3403 2913 3456 animam
2946 3404 3223 3458 liberorum
3269 3406 3317 3458 in
3346 3423 3411 3460 ex
3432 3437 3446 3445 -

1921 3489 2064 3540 itium
2089 3489 2371 3556 impellant.
2409 3490 2578 3558 Ecqua
2612 3491 2876 3558 nequitia?
2909 3493 3128 3561 inquies.
3169 3493 3286 3548 Ideo
3309 3507 3448 3548 certe

1919 3576 2088 3644 lugeo,
2129 3577 2247 3645 quia
2291 3577 2412 3630 dum
2458 3578 2639 3631 morbo
2685 3579 2920 3643 laboras,
2959 3590 3210 3650 aegrotare
3251 3592 3298 3636 te
3346 3601 3445 3635 non

1918 3667 2070 3727 nosti,
2095 3676 2150 3719 ut
2177 3666 2431 3720 medicum
2467 3682 2685 3734 quaeras.
2718 3668 2986 3722 Adulterio
3009 3671 3188 3736 plenus
3217 3672 3443 3731 evasisti.

1915 3763 1967 3807 et
1990 3755 2295 3823 interrogas,
2321 3771 2438 3822 qua:
2457 3757 2682 3822 nequitia
2715 3755 2825 3824 (d)?
2868 3761 3052 3810 Annon
3082 3758 3265 3810 audisti
3294 3758 3441 3811 Chri-

1915 3849 2048 3892 stum
2101 3841 2358 3894 dicentem
2404 3860 2416 3895 :
2463 3842 2559 3906 Qui
2608 3844 2805 3907 respicit
2855 3844 3105 3896 mulierem
3146 3845 3213 3896 ad
3257 3860 3438 3897 concu-

1917 3931 2197 3994 piscendum
2217 3947 2343 3994 eam,
2363 3934 2472 3999 jam
2489 3933 2752 3984 max/tatus
2776 3942 2844 3984 est
2865 3949 2969 3984 eam
3017 3932 3222 4001 (Matth.
3246 3934 3296 3987 5.
3318 3934 3447 3998 28)?

1914 4019 2042 4081 Quid
2065 4033 2206 4086 ergo,
2240 4019 2459 4086 inquies,
2491 4021 2533 4072 si
2563 4036 2664 4074 non
2686 4021 2956 4087 respiciam
2986 4023 3047 4075 ad
3076 4023 3444 4090 cuneupisccn-

1913 4106 2072 4158 dum?
2100 4107 2159 4158 Et
2191 4107 2446 4173 quomodo
2488 4107 2537 4158 id
2569 4108 2689 4159 mihi
2716 4109 3028 4174 persuadere
3058 4110 3284 4176 poteris?
3318 4111 3445 4166 Nam

1912 4196 1999 4262 qni
2043 4196 2108 4248 ab
2152 4205 2362 4262 aspectu
2418 4211 2519 4248 non
2566 4204 2816 4263 temperat
2857 4195 2961 4268 (e);
3011 4200 3112 4252 imo
3160 4201 3246 4267 qui
3305 4210 3445 4255 tanto

1912 4285 2083 4336 studio
2106 4284 2169 4337 ad
2194 4284 2242 4336 id
2265 4285 2532 4348 incumbit,
2551 4286 2813 4352 quomodo
2831 4297 2946 4353 post
2970 4300 3234 4354 aspectum
3260 4294 3447 4358 poterit

1912 4387 1938 4423 a
1965 4373 2079 4425 labe
2110 4387 2266 4439 purus
2305 4375 2616 4426 remanere?
2645 4379 2718 4427 An
2756 4375 2883 4441 lapis
2925 4390 3116 4443 corpus
3154 4380 3341 4431 tuum?
3378 4396 3443 4433 an

1913 4461 2138 4512 ferrum?
2163 4461 2327 4512 Carne
2365 4461 2712 4513 circumdatus
2763 4475 2839 4526 es,
2890 4477 3066 4525 carne,
3095 4464 3322 4530 inquam,
3354 4465 3446 4517 hu-

1912 4563 2081 4611 mana,
2113 4564 2226 4615 quae
2271 4550 2497 4602 velocius
2539 4564 2691 4616 quam
2725 4548 2919 4602 famem
2958 4563 2985 4600 a
3026 4552 3442 4618 concupiscentia

1911 4637 2218 4689 incenditur.

1981 4745 2264 4798 Scortarum
2305 4745 2355 4793 in
2387 4743 2587 4794 theatris
2625 4743 2856 4806 impudici
2908 4753 3091 4812 gratus.
3140 4773 3210 4785 —
3247 4746 3440 4814 Ecquid

1911 4833 2164 4886 theatrum
2218 4833 2487 4886 memero?
2525 4831 2577 4882 In
2608 4831 2719 4884 foro
2761 4847 2898 4900 smpe
2943 4835 2984 4886 si
3031 4835 3232 4888 mulieri
3259 4849 3442 4890 occur-

1968 5030 2036 5092 (a)
2072 5029 2121 5076 Id
2143 5034 2313 5092 _cst,_ut
2335 5039 2443 5073 mox
2467 5025 2730 5092 apparebit,
2744 5037 2784 5092 te
2808 5023 2946 5092 Circo,
2960 5025 3016 5071 ad
3042 5025 3299 5092 theatrum.

1967 5085 2036 5149 (ὁ)
2072 5087 2207 5149 Prior
2229 5087 2431 5149 dicsgest
2453 5085 2914 5149 dies_Veneri_s_ante
2936 5085 3120 5132 Pascha.
3145 5091 3205 5149 βο
3234 5086 3312 5149 die
3337 5085 3440 5132 fue-

1910 5143 2073 5198 rant'in
2097 5147 2230 5194 Circo
2271 5160 2284 5195 :
2327 5146 2405 5192 die
2446 5145 2658 5204 proximo
2695 5143 2878 5189 Sabbati
2900 5150 3010 5190 ante
3034 5144 3206 5191 Pascha
3227 5145 3441 5194 adierant

1908 5213 2159 5258 theatrum.

1967 5270 2033 5327 (ε)
2070 5266 2121 5312 In
2161 5272 2334 5327 Graeco,
2370 5276 2498 5318 καοιίς,
2539 5263 2630 5327 hoc
2675 5265 2752 5309 est
2794 5261 3002 5327 proprie,
3047 5260 3287 5310 (lcmtsisti.
3315 5271 3437 5327 __Mox

1910 5320 2033 5374 cuitu
2057 5327 2213 5376 docet.
2243 5320 2480 5371 theatrum
2507 5325 2640 5381 pejus
2658 5333 2766 5366 esse
2798 5320 2943 5368 Circo.
2971 5327 3097 5369 Bene
3120 5333 3275 5370 au'cm
3298 5324 3436 5380 dixit,

1907 5389 2159 5437 demittere
2180 5397 2233 5430 se
2258 5386 2303 5430 in
2327 5382 2613 5440 barathrum,
2641 5387 2873 5440 tulitquam
2899 5383 2944 5427 iu
2972 5383 3122 5430 locum
3141 5381 3436 5440 profundunt.

1968 5448 2041 5506 (d)
2075 5447 2154 5506 [iis
2173 5455 2360 5506 prorsus
2380 5439 2544 5506 similia
2569 5440 2712 5486 habet
2735 5437 2780 5506 μ’
2797 5437 2875 5492 1V,
2896 5446 3024 5506 lion;2
3187 5443 3354 5490 Davide
3387 5450 3436 5491 et

1907 5498 2057 5564 sutile,
2077 5498 2294 5558 col.'695,
2320 5501 2482 5547 iisdem
2500 5512 2628 5557 swpe
2649 5499 2824 5544 verbis.
2849 5498 3239 5564 montcﬁtlconius.

1968 5569 2032 5628 (te)
2051 5559 2120 5612 'In
2145 5569 2318 5628 Graroo,
2346 5573 2409 5607 τοι
2446 5571 2615 5628 arma?
2635 5571 2680 5615 μὴ
2703 5575 2849 5628 ιρςτςη
2864 5559 3122 5628 _qutehune
3145 5572 3334 5608 sensum
3355 5573 3435 5607 ex-

1908 5617 2092 5687 ].‘it‘pc'ut,
2113 5619 2192 5684 qui
2213 5630 2264 5668 se
2277 5630 2308 5667 α
2329 5617 2602 5679 spectaculis
2624 5629 2711 5664 non
2734 5623 2874 5676 pem:
2897 5617 3122 5668 cohibere.
