4032 6220
570 373 681 432 267

572 493 782 547 ramus,
828 483 1188 550 perlurbamur
1216 501 1228 537 :
1259 493 1315 538 tu
1357 501 1480 540 vero
1519 501 1740 555 superne
1770 488 1990 551 sedens,
2017 486 2103 539 ubi

572 579 770 626 tantum
808 583 887 628 est
907 575 970 629 ad
994 577 1356 644 turpitudinem
1387 578 1794 641 incitamentum,
1827 577 1972 632 vides
1994 593 2106 631 mu-

575 660 752 716 lierem
771 662 844 734 (a)
873 664 1010 717 nudo
1029 665 1196 732 capite
1220 680 1334 720 cum
1365 667 1678 734 impudentia
1707 681 1889 735 magna
1909 668 2106 720 intran-

575 758 675 804 tem
703 792 718 817 ,
748 752 918 806 aureis
970 753 1200 807 indutam
1242 755 1580 815 vestimentis,
1612 755 1832 808 delicato
1860 754 2105 821 mollique

572 852 716 910 gestu
744 844 1206 907 utentem,cantica
1239 844 1522 896 meretricia
1563 852 1854 906 canentem,
1877 843 2102 895 carmina

583 933 799 997 lubrica,
829 932 993 1000 turpia
1038 932 1194 985 verba
1238 932 1607 999 proferentetn,
1640 943 1846 999 tamque
1888 932 2104 996 turpiter

573 1030 806 1089 agentem
829 1060 844 1084 ,
889 1035 1042 1089 quam
1085 1029 1140 1073 tu
1186 1031 1332 1089 potes
1358 1022 1445 1089 qui
1489 1021 1630 1073 vides
1657 1021 1706 1073 in
1737 1028 1909 1073 mente
1933 1020 2107 1072 couei-

576 1123 718 1176 pere,
753 1118 805 1161 tu
847 1115 898 1161 te
929 1108 1141 1161 inclinas
1171 1118 1226 1160 ttt
1271 1107 1515 1174 respicias
1538 1147 1552 1171 ,
1582 1117 1632 1160 et
1673 1107 1832 1159 audes
1857 1106 2028 1159 dicere
2057 1116 2104 1158 te

573 1196 702 1250 nihil
732 1196 1008 1250 humanum
1034 1197 1178 1264 pati?
1207 1196 1336 1250 Nunt
1375 1211 1564 1264 corpus
1607 1204 1748 1249 tuum
1777 1196 1902 1263 lapis
1921 1233 1936 1259 ,
1983 1211 2102 1246 num

571 1286 764 1341 ferrum
785 1288 903 1342 est?
944 1286 1122 1353 Neque
1162 1287 1298 1338 enim
1329 1285 1508 1338 eadem
1555 1296 1790 1352 repetere
1831 1284 2098 1353 gravabor.

573 1374 828 1441 Numquid
860 1382 912 1426 tu
951 1374 1147 1440 majore
1175 1372 1495 1439 philosophia
1525 1373 1802 1425 instructus
1831 1385 1887 1424 es
1913 1411 1926 1434 ,
1949 1385 2101 1438 quam

571 1464 741 1532 magni
767 1464 839 1516 illi
868 1477 928 1516 ae
954 1463 1149 1516 strenui
1174 1463 1286 1522 viri,
1309 1462 1392 1529 qui
1418 1476 1506 1529 per
1527 1461 1814 1527 simplicem
1838 1471 2102 1526 aspectum

573 1554 817 1621 prostrati
840 1551 1000 1605 sunt?
1036 1555 1218 1604 Annon
1241 1550 1426 1603 audisti
1457 1551 1784 1604 Salomonem
1811 1549 2061 1601 dicentem
2087 1564 2102 1602 :

576 1640 873 1693 Ambulabit
908 1642 1019 1708 quis
1052 1656 1202 1706 super
1244 1641 1490 1691 carbones
1531 1639 1695 1707 ignis,
1735 1647 1782 1690 et
1816 1637 1964 1704 pedes
2004 1651 2103 1687 non

571 1731 869 1784 coniburet?
898 1729 1100 1799 Ligabit
1132 1733 1245 1800 quis
1276 1731 1442 1799 ignem
1474 1730 1526 1781 in
1561 1730 1699 1791 sinu,
1732 1737 1779 1780 et
1808 1729 2106 1780 restimenta

571 1838 674 1875 non
708 1820 977 1876 intendet?
1013 1819 1098 1873 Sic
1137 1822 1224 1889 qui
1261 1819 1545 1888 ingreditur
1578 1819 1644 1871 ad
1679 1820 1943 1870 mulierem
1981 1815 2108 1867 alie-

571 1926 694 1964 nam
727 1908 905 1980 (Prov.
929 1910 985 1964 6.
1018 1911 1108 1964 28.
1135 1910 1221 1963 27.
1256 1918 1303 1962 et
1333 1909 1441 1977 29).
1477 1908 1588 1963 Etsi
1614 1909 1753 1962 enim
1777 1922 1899 1959 cum
1931 1919 2105 1960 mere-

573 1995 703 2049 trice
736 2009 839 2049 non
869 1994 1090 2053 coivisti,
1121 2003 1169 2044 at
1195 1993 1614 2059 concupiscentia
1641 2007 1757 2044 cum
1784 1994 1862 2043 illa
1891 1993 2104 2059 copula-

572 2093 656 2138 tus
682 2098 739 2138 es
760 2124 773 2148 ,
799 2092 849 2136 et
877 2083 1047 2136 animo
1069 2089 1330 2149 peccatum
1357 2081 1683 2149 perpetrasti.
1703 2079 1879 2148 Neque
1906 2089 2103 2132 tantum

578 2174 667 2226 illo
693 2183 955 2240 tempore,
979 2185 1157 2224 verum
1185 2170 1339 2224 etiam
1382 2170 1552 2222 soluto
1582 2168 1808 2232 theatro,
1835 2177 2105 2236 postquam

575 2261 660 2314 illa
687 2260 943 2321 discessit,
976 2258 1086 2323 ejus
1127 2259 1294 2322 imago
1325 2259 1374 2309 in
1419 2265 1601 2310 mente:
1620 2265 1704 2308 tua
1748 2255 1954 2318 insidet,
1989 2271 2103 2307 rer-

579 2352 661 2411 ha,
695 2348 918 2410 habitus,
948 2354 1210 2413 aSpecttts,
1237 2346 1470 2397 incessus
1490 2383 1505 2406 ,
1537 2343 1788 2410 elegantia
1819 2342 1911 2409 (ὁ),
1940 2357 2106 2394 mem-

577 2441 665 2490 bra
688 2435 979 2490 meretricia
1018 2432 1095 2501 (c)
1124 2449 1137 2492 ;
1170 2446 1231 2484 ac
1251 2429 1512 2484 sexcentis
1549 2429 1774 2496 acceptis
1801 2429 2106 2481 vulneribus

573 2523 817 2578 discedis.
848 2525 1032 2576 Annon
1064 2519 1180 2572 inde
1200 2519 1470 2572 domorum
1507 2515 1906 2570 subversiones‘l
1932 2529 2104 2567 annon

577 2613 696 2666 inde
724 2609 1053 2664 continentiae
1079 2605 1371 2675 pernicies?
1393 2617 1563 2656 annon
1590 2604 1710 2655 inde
1733 2601 2107 2656 connubiorum

579 2700 792 2754 divortia
818 2698 838 2751 ’ἒ
870 2711 1039 2749 annon
1069 2694 1187 2747 inde
1215 2693 1329 2745 lites
1353 2699 1408 2745 et
1425 2691 1591 2759 jurgia
1613 2691 1635 2742 'I
1654 2705 1824 2743 annon
1853 2688 1972 2742 inde
2000 2703 2111 2740 mo-

584 2789 737 2842 iestia:
763 2795 816 2841 et
858 2783 1006 2837 taedia
1056 2782 1192 2834 nulla
1217 2783 1419 2834 ratione
1459 2778 1631 2831 fulta?
1665 2778 1941 2846 Postquam
1969 2777 2106 2830 enim

579 2881 659 2937 illa
684 2878 911 2946 repletus
936 2872 1134 2927 rediisli
1163 2871 1414 2939 captivus,
1444 2868 1534 2921 tibi
1560 2883 1689 2921 uxor
1709 2866 2033 2934 injucnndior
2056 2875 2110 2919 et

577 2965 858 3022 deiormior
883 2962 1104 3020 videtur,
1144 2967 1195 3012 et
1220 2958 1369 3011 liberi
1404 2956 1826 3024 importuniores,
1856 2962 1907 3009 et
1932 2952 2108 3006 famuli

558 3054 803 3116 .unerosi,
830 3051 1013 3104 domus
1034 3048 1237 3100 fastidio
1263 3055 1360 3107 est,
1389 3045 1653 3110 solitaeque
1680 3058 1817 3096 cura:
1839 3047 1901 3094 ad
1925 3042 2107 3094 dome-

575 3145 703 3198 stica
747 3138 1142 3204 necessariaque
1185 3133 1386 3202 negotia
1434 3130 1655 3200 gerenda
1705 3129 1938 3181 molesta:
1982 3145 1995 3178 :
2048 3140 2108 3181 ac

582 3230 811 3302 quisquis
844 3226 1042 3280 accedit
1069 3223 1215 3277 oneri
1248 3221 1336 3274 tibi
1364 3229 1516 3288 atque
1559 3219 1881 3284 importunus
1906 3223 2002 3269 est.

643 3322 698 3376 3.
723 3319 774 3371 In
804 3331 958 3371 causa
987 3323 1159 3368 autem
1189 3311 1312 3365 illud
1344 3318 1444 3374 est,
1462 3308 1597 3377 quod
1623 3321 1723 3360 non
1745 3306 1885 3359 solus
1900 3304 2109 3358 domum

579 3409 762 3465 redeas
786 3446 802 3470 ,
831 3405 920 3460 sed
963 3401 1288 3456 meretricem
1320 3407 1484 3451 tecum
1536 3395 1693 3448 ducas
1735 3411 1747 3446 :
1780 3408 1880 3446 non
1905 3392 2070 3460 palam
2092 3430 2105 3454 ,

580 3515 679 3556 non
719 3504 937 3566 aperte;
969 3493 1019 3545 id
1067 3491 1203 3560 quod
1250 3501 1375 3541 sane
1422 3485 1739 3539 tolerabilius
1782 3493 1955 3544 esset;
1991 3496 2107 3533 nam

577 3603 706 3642 uxor
734 3587 867 3640 illam
890 3583 992 3637 cito
1007 3579 1289 3649 depelleret
1315 3594 1326 3628 :
1358 3575 1447 3630 sed
1472 3574 1521 3626 in
1547 3573 1738 3636 animo,
1766 3573 1814 3623 in
1837 3569 2108 3623 conscien-

575 3681 643 3732 tia
663 3674 991 3735 insidentem,
1019 3679 1070 3724 et
1095 3659 1461 3736 Babylonicam
1487 3662 1745 3715 flammam
1776 3661 1911 3712 intus
1930 3674 2112 3712 accen-

574 3766 818 3826 dentem;
859 3763 962 3814 imo
1003 3759 1291 3826 graviorem
1321 3771 1333 3804 :
1367 3768 1468 3805 non
1504 3751 1643 3804 enim
1672 3759 1853 3816 stupa,
1885 3748 2110 3815 naphtha

574 3865 625 3908 et
651 3853 756 3922 pix.
786 3849 876 3902 sed
906 3861 1020 3915 quae
1049 3859 1202 3912 supra
1230 3841 1473 3902 diximus,
1498 3853 1615 3892 esca
1646 3838 1784 3890 illius
1813 3837 1945 3905 ignis
1967 3843 2107 3898 sunt,

573 3950 627 3995 et
652 3938 824 3994 omnia
851 3949 939 3989 sus
968 3933 1134 4001 deque
1158 3937 1385 3984 vertunt.
1409 3931 1483 3980 Ac
1508 3925 1941 3995 quemadmodum
1972 3924 2003 3975 ii
2025 3924 2109 3990 qui

575 4031 703 4085 febri
730 4029 986 4091 laborant,
1013 4023 1109 4078 etsi
1132 4021 1324 4075 nullam
1349 4033 1436 4072 eos
1457 4017 1541 4086 qui
1570 4017 1668 4069 sibi
1694 4017 1994 4068 ministrant
2013 4014 2114 4066 cri-

575 4117 803 4176 minandi
844 4128 1052 4170 causam
1101 4111 1360 4172 habeant,
1391 4108 1458 4161 ob
1499 4105 1662 4158 morbi
1691 4106 1792 4157 vim
1833 4104 2112 4170 importuni

576 4207 818 4262 omnibus
846 4211 966 4256 sunt
991 4242 1003 4262 .
1033 4199 1275 4252 alimenta
1297 4195 1579 4262 repellunt,
1607 4192 1836 4246 medicos
1869 4191 2002 4244 male
2022 4204 2110 4242 ac-

576 4297 776 4368 cipiunt
804 4291 906 4362 (d),
938 4287 1270 4342 familiaribus
1313 4285 1638 4343 irascuntur,
1681 4287 1858 4332 contra
1895 4277 2112 4330 famulos

574 4389 721 4444 rabie
751 4386 1019 4439 feruntur:
1051 4377 1126 4432 sic
1153 4374 1240 4444 qui
1281 4373 1379 4428 hoc
1421 4370 1565 4439 gravi
1606 4368 1789 4421 morbo
1826 4373 2066 4420 tenentur
2092 4403 2109 4427 ,

574 4473 797 4542 inquieti
820 4482 961 4531 sum,
998 4467 1360 4536 indignantur,
1391 4473 1602 4526 semper
1628 4457 1766 4509 illam
1802 4468 1913 4523 prae
1940 4450 2110 4506 oculis

576 4564 850 4619 habentes.
894 4557 936 4610 Ο
976 4571 1061 4610 res
1103 4550 1523 4622 indignissimasl
1567 4547 1764 4612 Lupus,
1807 4543 1910 4606 leo,
1957 4550 2112 4594 caete-

577 4666 756 4721 razqne
799 4649 924 4702 ferae
968 4644 1168 4713 sagittis
1212 4639 1464 4707 impetitae
1513 4634 1721 4703 fugiunt
1769 4639 2108 4683 venatorem:

580 4745 742 4797 homo
761 4747 935 4791 autem
960 4733 1164 4785 ratione
1185 4727 1460 4798 praeditus,
1495 4723 1821 4782 vulneratus,
1856 4732 1972 4770 eam
1997 4732 2114 4784 qua:

582 4831 752 4898 ipsum
777 4819 1071 4878 vulneravit
1089 4815 1344 4883 sequitur,
1368 4813 1439 4865 ita
1462 4819 1521 4863 ut
1549 4810 1700 4876 longe
1722 4805 1931 4874 gravius
1956 4803 2116 4856 telum

583 4893 825 4984 excipiat,
856 4921 908 4965 ct
930 4910 981 4962 in
1006 4908 1222 4962 vulnere
1252 4902 1350 4958 sibi
1377 4901 1609 4969 placeat;
1631 4895 1768 4963 quod
1785 4903 1865 4947 est
1883 4893 2116 4945 omnium

586 4979 1004 5061 acerbissimum,
1030 4993 1380 5058 morbumque
1405 4985 1749 5040 insanabilem
1781 4980 1957 5033 efficit.
1987 4979 2117 5030 Nam

639 5156 714 5216 ια)
748 5152 801 5199 ιη
822 5157 998 5216 δωρον
1183 5142 1272 5216 hem
1296 5144 1386 5191 εειν
1412 5127 2115 5216 αδίζθίὲῗξῖἔίλὲἔὲηιῒλῗὲίξῖξῗ

579 5187 1392 5276 τρὲῖιίεξῗξιῐῖᾖὲᾗέίιἇξῖὲξέίξξιριιωεζ
1413 5200 1536 5249 Mox,
1557 5191 1684 5237 nudo
1707 5187 1890 5248 capite;
1915 5187 1961 5234 id
1985 5189 2112 5234 enim

578 5263 685 5324 διὶῖῃ
710 5263 980 5320 ίηαρὸὸι-ιπη
997 5263 1275 5311 habebam”
1490 5310 1502 5324 .
1758 5303 1948 5324 _.-___._-

642 5306 1230 5395 ϊὸ)”ίῖι”δῖἱθῖ>ξὲ.ἷῷξὲδςτέι
1251 5306 1994 5395 ἒὶῆῗεὶῗκιῖίΨίιἮῗξῑηῗέξξῗηί⁰ν
2009 5319 2114 5354 εινθ

579 5368 1138 5456 ι·ιιὺῖίιιὲἑὺεῗίέιῖἒῖῖίὲεὲιῶ
1161 5368 1230 5456 ἔθ’
1247 5368 1404 5456 ωηίυτ
1429 5368 2091 5456 δῑξὲηέθοῗξδέξίίῗτξὶῖιηω.υς

640 5430 1092 5512 iéj'i‘éiiiiérgca,
1137 5451 1222 5497 μιλη
1267 5444 1429 5494 κορνυιά,
1461 5430 1574 5476 licet
1608 5430 1748 5474 etiam
1791 5430 2111 5483 interpretari,

581 5511 1289 5633 W§i7?cg:§@;mm
1314 5564 1421 5615 qua:
1466 5561 1560 5598 vox
1600 5546 1773 5596 melius
1808 5541 2111 5599 redderetur,

584 5620 816 5688 accusant,
835 5620 1195 5688 reprehendunt.

1226 376 1279 431 S.
1321 375 1588 432 JOANNIS
1623 376 2082 435 CHRYSOSTOMI
2120 378 2428 435 ARClllEP.
2466 380 2983 440 CONSTANTINOP.

3636 390 3743 445 268

2217 490 2304 559 qui
2333 490 2483 544 ulcus
2503 506 2602 544 non
2633 492 2741 545 odit
2765 534 2779 558 ,
2806 508 2973 560 neque
2996 493 3060 546 ab
3083 507 3145 546 eo
3178 492 3378 546 liberari
3408 493 3579 559 cupit,
3609 506 3735 558 ειιυμ

2211 579 2364 632 modo
2401 580 2653 634 medicum
2682 581 2924 648 quterat?
2960 581 3078 635 Ideo
3116 582 3294 635 dolore
3336 579 3531 634 afficior
3563 620 3579 645 ,
3625 581 3737 634 ideo

2210 667 2494 720 discrucior
2513 709 2526 729 ,
2559 670 2676 735 quia
2709 677 2846 723 tanta
2885 678 3092 737 accepta
3123 672 3348 736 pernicie
3376 669 3498 723 inde
3520 670 3739 724 discedi-

2213 756 2276 807 tis
2299 795 2311 816 ,
2343 766 2394 808 et
2418 765 2627 822 propter
2651 757 2886 824 exiguam
2915 758 3228 824 voluptatem
3259 767 3565 826 perpetuum
3595 756 3739 811 fertis

2210 843 2463 896 dolorem.
2496 843 2700 895 Etenim
2739 855 2858 897 ante
2903 847 3191 912 gehennam
3233 855 3285 898 et
3312 845 3617 915 supplicium
3657 845 3740 898 hic

2211 937 2468 983 extremas
2505 946 2532 982 a
2559 931 2702 984 vobis
2729 946 2906 998 ptenas
2932 933 3228 999 exposcitis.
3259 934 3442 986 Annon
3489 933 3586 986 hoc
3607 973 3621 998 ,
3655 934 3738 986 die

2212 1018 2358 1080 mihi,
2389 1029 2677 1071 extremum
2707 1020 3015 1086 supplicium
3043 1031 3138 1084 est,
3175 1022 3326 1074 talem
3366 1021 3739 1090 concupiscen-

2214 1107 2336 1158 tiam
2360 1107 2518 1171 alere,
2550 1119 2797 1175 perpetuo
2821 1110 2896 1160 uri
2922 1149 2935 1171 ,
2964 1119 3017 1162 et
3047 1109 3308 1162 fornacem
3344 1111 3552 1164 absurdi
3591 1125 3734 1163 amo-

2210 1195 2282 1248 ris
2312 1195 2504 1262 ubique
2547 1195 2883 1249 circumferre
2902 1235 2915 1256 ,
2947 1211 3144 1249 necnon
3171 1199 3502 1251 conscientiae
3531 1215 3740 1251 accusa-

2211 1283 2446 1336 tionem?
2499 1283 2768 1349 Quomodo
2807 1284 2869 1338 ad
2920 1285 3092 1338 limina
3147 1286 3230 1337 illa
3283 1300 3425 1339 sacra
3489 1287 3738 1340 accedes?

2210 1372 2470 1438 quomodo
2497 1381 2675 1440 tanges
2717 1373 2977 1426 ca:le5tem
3025 1378 3296 1426 mensam?
3323 1373 3601 1438 Quomodol
3632 1389 3740 1426 ser-

2213 1474 2393 1513 mones
2419 1460 2485 1513 de
2512 1461 2829 1513 continentia
2873 1462 3142 1514 auditurus
3165 1476 3241 1524 es,
3271 1463 3530 1515 ulceribus
3560 1464 3739 1529 plenus

2212 1551 2470 1618 tantisque
2498 1550 2816 1613 vulneribus,
2839 1552 3171 1617 animumque
3197 1552 3392 1605 habens
3416 1551 3534 1604 huic
3558 1553 3739 1605 morbo

2210 1637 2561 1692 servientem?
2581 1637 2775 1705 Ecquid
2801 1652 2932 1703 Opus
2957 1647 3033 1690 est
3059 1639 3155 1690 alia
3187 1639 3402 1690 dicere?
3431 1639 3509 1691 Ex
3541 1638 3601 1690 iis
3624 1653 3738 1704 qua:

2211 1743 2348 1782 nunc
2373 1727 2509 1795 apud
2552 1742 2646 1782 nos
2676 1738 2895 1796 aguntur
2932 1728 3052 1780 licet
3091 1727 3247 1780 animi
3286 1727 3515 1780 dolorem
3544 1726 3738 1793 perspi-

2209 1833 2347 1872 cere.
2377 1817 2489 1872 Jam
2519 1817 2658 1871 enim
2680 1817 2827 1870 video
2847 1815 3118 1885 quosdam,
3138 1817 3225 1882 qui
3253 1815 3372 1867 dum
3401 1813 3510 1867 hare
3539 1814 3735 1880 loquor,

2211 1906 2407 1960 frontes
2436 1907 2530 1960 sibi
2559 1907 2870 1974 percutiunt,
2899 1906 3214 1972 multamque
3241 1904 3385 1957 vobis
3405 1905 3618 1971 gratiam
3651 1903 3739 1954 lia-

2210 1995 2328 2057 beo,
2359 1995 2494 2063 quod
2517 1995 2736 2062 populus
2764 1994 2875 2046 sitis
2901 1995 3346 2047 commiseratione
3373 1992 3572 2060 plenus.
3611 1991 3738 2043 Puto

2211 2093 2384 2139 autem
2408 2085 2601 2137 multos
2630 2085 2850 2137 fortasse
2879 2097 3056 2136 eorum
3089 2083 3173 2149 qui
3205 2082 3331 2135 nihil
3377 2088 3658 2148 peccarunt
3685 2080 3734 2131 id

2209 2187 2381 2243 agere,
2401 2173 2636 2226 dolentes
2663 2173 2728 2226 de
2747 2171 2961 2226 fratrum
2996 2172 3308 2225 vulneribus.
3343 2169 3617 2236 PrOptcrea
3643 2169 3736 2221 do-

2211 2266 2293 2320 leo
2317 2273 2370 2318 et
2394 2265 2702 2326 discrucior,
2733 2263 2870 2330 quod
2912 2263 3063 2316 talem
3114 2275 3317 2328 gregem
3347 2258 3578 2313 diabolus
3624 2273 3737 2323 pes-

2213 2355 2436 2409 sumdet.
2489 2353 2675 2406 Verum
2704 2353 2745 2403 si
2776 2351 3057 2409 volueritis.
3088 2351 3192 2402 cito
3232 2349 3305 2400 illi
3345 2351 3628 2414 ingressum
3651 2347 3741 2395 ob-

2212 2451 2488 2495 struemus.
2514 2438 2786 2506 Quomodo
2809 2448 2861 2492 et
2883 2453 2981 2506 qua
3007 2437 3243 2489 ratione?
3271 2435 3324 2489 Si
3347 2435 3578 2488 infirmos
3611 2434 3738 2486 bona

2214 2529 2508 2583 valetudine
2533 2542 2649 2582 esse
2677 2528 2980 2580 videamus:
3012 2527 3054 2580 si
3093 2526 3342 2579 doctrinm
3384 2526 3509 2577 retia
3540 2538 3739 2590 expau-

2213 2617 2394 2670 dentcs
2441 2616 2817 2669 circumeamus
2860 2615 3130 2681 quaesitum
3159 2627 3250 2665 eos
3288 2613 3429 2678 quia
3461 2609 3583 2662 feris
3607 2610 3740 2676 capti

2213 2717 2353 2769 sunt,
2385 2715 2436 2758 et
2457 2719 2516 2757 ex
2549 2703 2670 2772 ipsis
2699 2703 2866 2756 leonis
2887 2701 3118 2754 faucibus
3143 2716 3235 2754 eos
3260 2698 3634 2752 abstrahamus.
3668 2698 3740 2750 Ne

2215 2793 2340 2846 mihi
2361 2792 2503 2845 dicas
2532 2808 2544 2842 :
2588 2791 2747 2845 Pauci
2795 2799 2916 2844 sunt
2965 2791 2998 2842 ii
3041 2791 3126 2856 qui
3157 2804 3185 2840 a
3219 2801 3376 2857 grege
3403 2796 3522 2838 sunt
3555 2787 3735 2838 avulsi.

2217 2883 2429 2936 Etiamsi
2457 2881 2633 2934 decem
2665 2887 2860 2932 tantum
2890 2877 3111 2940 fuerint,
3138 2891 3237 2928 non
3271 2888 3480 2943 parvum
3513 2873 3630 2925 hinc
3654 2873 3742 2925 de-

2216 2971 2513 3022 trimentum
2548 2985 2559 3020 :
2591 2967 2795 3019 etiamsi
2846 2967 3094 3033 quinque,
3145 2963 3226 3016 vel
3274 2963 3408 3024 duo,
3457 2963 3537 3015 vel
3590 2977 3736 3014 unus.

2214 3056 2642 3124 Quandoquidem
2667 3055 2823 3108 etiam
2854 3061 3028 3120 pastor
3057 3053 3141 3104 ille
3161 3091 3174 3114 ,
3209 3050 3322 3102 ideo
3359 3050 3555 3102 relictis
3583 3063 3740 3100 nona-

2214 3147 2354 3215 ginta
2376 3159 2561 3197 novem
2582 3142 2786 3205 ovibus,
2808 3141 2873 3193 ad
2899 3155 3048 3193 unam
3075 3140 3322 3201 cucurrit,
3354 3152 3449 3189 nec
3475 3137 3623 3194 rediit
3647 3136 3743 3188 do-

2215 3250 2312 3289 nec
2339 3235 2475 3288 illam
2504 3232 2808 3294 reduceret,
2841 3238 2894 3284 et
2923 3227 3296 3283 claudicantem
3327 3236 3535 3278 centum
3565 3225 3738 3276 ovium

2217 3337 2487 3376 numerum
2509 3359 2523 3384 ,
2556 3334 2650 3387 per
2697 3317 3073 3371 restitutionem
3122 3315 3270 3382 ejus,
3298 3328 3412 3382 qua:
3442 3323 3704 3366 erraverat
3726 3354 3742 3377 ,

2215 3409 2499 3478 complevit
2525 3409 2543 3475 (
2573 3406 2752 3458 Matth.
2794 3405 2877 3458 l8.
2911 3404 2976 3457 12
3007 3403 3043 3471 ).
3077 3402 3151 3456 Ne
3177 3403 3337 3466 dicas,
3367 3417 3521 3454 unum
3552 3410 3746 3454 tantum

2216 3516 2331 3555 esse
2364 3516 2376 3550 :
2417 3499 2510 3552 sed
2535 3497 2700 3565 cogita
2722 3534 2735 3558 ,
2763 3508 2882 3548 esse
2908 3494 3154 3557 animam,
3198 3500 3411 3559 propter
3439 3505 3591 3558 quam
3620 3490 3747 3543 visi-

2217 3590 2338 3642 bilia
2369 3589 2541 3642 omnia
2589 3586 2722 3639 facta
2768 3593 2921 3646 sunt;
2953 3591 3163 3650 prepter
3183 3595 3335 3648 quam
3364 3579 3523 3648 leges,
3552 3577 3752 3645 suppli.

2215 3681 2315 3746 cia,
2339 3687 2527 3732 statuta
2555 3683 2902 3740 scxcentaque
2931 3671 3173 3723 miracula
3196 3678 3409 3735 patrata.
3431 3667 3753 3734 diversaque

2216 3770 2307 3822 Dei
2328 3766 2694 3836 operationes;
2738 3769 2949 3830 propter
2991 3771 3144 3824 quam
3195 3769 3294 3809 nec
3331 3753 3605 3822 Unigenilo
3654 3767 3750 3806 suo

2217 3859 2470 3928 pepercit.
2501 3854 2678 3922 Cogita
2707 3860 2956 3919 quantum
3007 3861 3101 3914 pro
3132 3859 3234 3898 uno
3262 3844 3329 3896 sit
3356 3843 3578 3910 pretium
3605 3841 3750 3893 solu-

2219 3959 2342 4012 tum,
2367 3960 2428 4000 ac
2457 3960 2520 3998 ne
2547 3938 2891 4013 parvipendas
2926 3939 3039 4004 ejus
3065 3936 3281 3987 salutem
3307 3971 3321 3996 ,
3358 3929 3447 3984 sed
3477 3929 3750 3983 discedens

2217 4037 2366 4089 nobis
2405 4033 2564 4086 reduc
2589 4029 2754 4092 illum,
2786 4025 2946 4079 suade
2974 4022 3047 4076 illi
3089 4036 3156 4074 ne
3183 4020 3235 4072 in
3265 4017 3404 4086 paria
3437 4015 3629 4069 incidat
3654 4055 3670 4080 ,
3696 4024 3749 4069 e:

2215 4124 2557 4180 sufficientem
2583 4119 2833 4172 habemus
2860 4112 3232 4168 defensionem.
3266 4107 3355 4161 Sin
3384 4121 3481 4160 nec
3505 4117 3602 4157 nos
3625 4118 3749 4156 con-

2217 4213 2472 4272 sulentes,
2513 4222 2610 4260 nec
2635 4219 2726 4256 vos
2775 4202 3043 4254 hortantes
3069 4197 3222 4261 ferat,
3259 4200 3513 4263 potestate
3540 4191 3748 4245 demum

2218 4310 2331 4353 utar
2351 4313 2409 4352 ea
2434 4337 2448 4359 ,
2476 4309 2627 4363 quam
2663 4293 2800 4345 Deus
2829 4288 2980 4342 nobis
3012 4284 3158 4340 dedit
3185 4297 3287 4336 non
3325 4279 3391 4334 ad
3435 4278 3747 4334 destructio-

2217 4402 2360 4454 nem,
2388 4383 2477 4438 sed
2498 4382 2560 4436 ad
2591 4376 3007 4433 aedificationem.

2285 4450 2490 4528 Lvldeo
2539 4467 2766 4536 prmdico
2791 4502 2807 4528 ,
2853 4470 2908 4515 et
2950 4458 3220 4528 perspicua
3269 4467 3398 4508 voce
3433 4452 3643 4506 clamo:
3693 4450 3749 4504 Si

2215 4564 2330 4632 quis
2358 4568 2473 4629 post
2521 4557 2655 4609 hanc
2689 4549 3105 4606 cohortationem
3135 4554 3290 4611 atque
3327 4540 3614 4595 doctrinam
3639 4575 3654 4598 ,
3684 4536 3750 4588 ad

2218 4627 2445 4720 iniquam
2475 4647 2798 4700 theatrorum
2844 4636 3130 4706 perniciem
3177 4631 3445 4693 defecerit,
3473 4643 3576 4682 non
3605 4627 3751 4680 illum

2218 4714 2350 4798 intra
2397 4741 2508 4790 haec
2552 4743 2697 4802 septa
2738 4730 2812 4798 (a)
2842 4726 3126 4793 recipiam,
3158 4736 3261 4773 non
3291 4716 3662 4771 administrabo
3703 4714 3754 4768 ei

2217 4825 2481 4899 mysteria,
2508 4837 2611 4874 non
2641 4815 2934 4887 permittam
2962 4819 3016 4864 ut
3038 4821 3234 4862 sacram
3258 4817 3486 4857 mensam
3513 4803 3751 4866 attingat;

2218 4890 2307 4974 sed
2336 4907 2771 4984 quemadmodum
2799 4909 3032 4970 pastores
3061 4909 3183 4950 oves
3209 4892 3381 4946 scabie
3412 4890 3587 4959 plenas
3609 4902 3638 4940 ι
3665 4902 3754 4940 sa-

2219 5010 2298 5062 nis
2336 4978 2661 5070 sequestratit
2688 5034 2703 5058 ,
2731 5008 2797 5046 ne
2835 4987 3038 5043 caeteris
3062 4983 3299 5037 morbum
3327 4978 3711 5033 communicent
3741 4993 3754 5027 :

2218 5098 2285 5148 ita
2312 5102 2364 5146 et
2388 5104 2484 5156 ego
2513 5085 2716 5138 faciam.
2750 5079 2876 5132 Nam
2896 5077 2937 5129 si
2955 5071 3214 5143 quondam
3235 5070 3475 5137 ieprosus
3491 5075 3639 5119 extra
3666 5078 3755 5116 ea-

2217 5195 2322 5238 stra
2348 5180 2528 5233 sedere
2564 5172 2871 5241 jubebatur,
2903 5175 3057 5233 atque
3083 5160 3285 5216 etiamsi
3312 5173 3398 5211 rex
3429 5165 3602 5218 esset,
3633 5168 3752 5205 cum

2217 5271 2507 5326 diademate
2525 5261 2827 5331 ejiciebatur
2850 5273 2864 5320 ;
2890 5255 3053 5307 multo
3080 5251 3242 5318 magis
3266 5260 3360 5301 nos
3383 5258 3500 5299 eum
3525 5243 3612 5310 qui
3639 5243 3758 5293 ani-

2280 5423 2350 5478 (ιη
2384 5423 2477 5462 "Oc
2498 5411 2608 5478 quid
2632 5411 2710 5463 δίις
2736 5408 2839 5478 ipse
2861 5400 3210 5478 "'9?_3¥P!‘_E’_E
3225 5392 3487 5478 ⁵323ῗέὶὶἓὲ
3511 5390 3638 5478 εἶξίὲ
3657 5388 3743 5478 .3}:

2217 5449 2615 5527 cuii‘i’iu'XEcibl'tS
2632 5449 3218 5527 “scil-thimvelubi'erant
3248 5449 3752 5527 audtmresl_vgtjtf

2218 5519 2616 5587 mitissime
2641 5519 2788 5577 aenae
2805 5519 2973 5573 causa:
2996 5519 3215 5581 mysteria
3235 5519 3360 5563 enim
3380 5521 3557 5560 sacram
3572 5519 3752 5556 cce-nam

2221 5595 2441 5657 appellat.
