4032 6220
285 385 393 440 267

284 489 579 555 συνεγένου,
603 492 692 545 καὶ
718 491 782 560 τῇ
803 495 987 560 γνώμῃ
1000 507 1094 557 την
1115 490 1379 560 ἁμαρτίαν
1394 491 1645 560 εἰργάσω.
1667 490 1770 542 Καὶ
1785 488 1901 541 οὐδὲ

282 583 419 636 κατά
457 585 545 636 τὸν
580 587 764 655 καιρὸν
807 586 1005 638 ἐκεῖνον
1045 586 1218 654 μόνον,
1266 586 1398 637 ἀλλά
1437 587 1528 638 καὶ
1562 585 1653 636 τοῦ
1683 585 1901 651 θεάτρου

281 675 542 740 λυθέντος,
574 678 904 746 ἀπελθούσης
935 677 1119 744 αὐτῆς,
1147 678 1206 728 τὸ
1237 676 1445 728 εἴδωλον
1476 676 1680 743 ἐκείνης
1713 675 1904 726 ἐναπό-

283 770 453 821 κειταί
481 787 573 822 σου
597 773 660 839 τῇ
688 771 847 840 ψυχῇ,
879 771 945 823 τά
977 773 1208 840 ῥήματα,
1247 770 1312 822 τά
1353 772 1619 841 σχήματα,
1646 769 1712 821 τά
1745 769 1902 837 βλέμ-

285 878 444 931 ματα,
475 864 506 930 ή
542 864 760 932 βάδισις,
804 867 831 915 6
873 864 1098 932 ῥυθμὸς,
1145 865 1176 931 ή
1210 863 1470 931 διάκρισις
1504 875 1551 928 α,
1584 864 1650 915 τά
1680 860 1809 929 μέλη
1837 861 1904 913 τά

283 956 524 1024 πορνικά,
566 955 657 1008 καὶ
703 955 862 1024 μυρία
908 956 1188 1024 τραύματα
1223 955 1397 1006 λαϐὼν
1437 957 1748 1023 ἀναχωρεῖς.
1791 953 1905 1006 Οὐκ

281 1051 520 1103 ἐντεῦθεν
561 1052 719 1103 οῐκων
759 1051 1085 1119 ἀνατροπαί;
1133 1051 1230 1102 οὐκ
1271 1050 1513 1102 ἐντεῦθεν
1560 1049 1904 1121 σωφροσύνης

281 1144 551 1207 άπώλεια;
582 1145 678 1195 ούκ
711 1143 952 1195 ἐντεῦθεν
980 1145 1166 1211 γάμων
1204 1143 1513 1212 διαιρέσεις;
1542 1144 1638 1196 οὐκ
1665 1142 1905 1195 ἐντεῦθεν

280 1235 498 1304 πόλεμοι
515 1236 603 1287 καὶ
621 1237 784 1304 μάχαι
800 1252 813 1298 ;
828 1237 924 1287 οὐκ
942 1234 1182 1287 ἐντεῦθεν
1198 1235 1371 1304 ἀηδίαι
1384 1235 1535 1301 λόγον
1549 1235 1645 1286 οὐκ
1660 1234 1870 1303 ἔχουσαι
1888 1252 1902 1298 ;

295 1331 532 1383 Ἐπειδὰν
568 1333 670 1401 γὰρ
715 1329 1040 1399 ἐμπλησθεὶς
1077 1329 1275 1398 ταύτης
1305 1330 1332 1368 b
1376 1329 1594 1398 ἀνέλθῃς
1626 1329 1906 1397 γενόμενος

279 1425 630 1492 αίχμάλωτος,
664 1426 805 1492 καὶή
831 1425 961 1493 γυνή
996 1439 1086 1474 σου
1115 1421 1408 1490 ἀηδεστέρα
1433 1422 1694 1488 φαίνεται,
1726 1423 1816 1473 καὶ
1838 1422 1904 1474 τά

289 1517 464 1570 παιδία
486 1517 864 1587 φορτικώτερα,
894 1517 986 1571 καὶ
1005 1519 1052 1568 οί
1072 1516 1270 1568 οίκέται
1294 1515 1564 1583 ἐπαχθεῖς,
1596 1516 1687 1567 καί¹
1710 1517 1743 1583 ή
1765 1515 1905 1568 οἰκία

287 1611 522 1680 περιττὴ,
547 1612 639 1662 καὶ
664 1611 718 1661 αἱ
741 1609 982 1676 συνήθεις
1004 1608 1271 1677 φροντίδες
1294 1608 1523 1676 ἐνοχλεῖν
1543 1607 1752 1660 δοκοῦσι
1773 1608 1905 1677 πρὸς

277 1706 373 1775 τήν
407 1705 707 1772 οἰκονομίαν
745 1703 852 1755 τῶν
895 1703 1114 1756 δεόντων
1159 1703 1510 1773 πραγμάτων,
1553 1703 1647 1757 καὶ
1682 1703 1904 1764 ἕκαστος

277 1801 512 1870 προσιὼν
540 1800 786 1869 φορτικὸς
813 1799 903 1851 καὶ
933 1800 1188 1869 ἐπαχθής.

346 1902 414 1961 γ’.
436 1895 507 1946 Τὸ
539 1894 593 1945 δέ
622 1893 808 1957 αἴτιον,
830 1893 927 1944 οὐκ
948 1893 1145 1962 ἀνέρχῃ
1175 1893 1330 1960 μόνος
1354 1895 1430 1954 είς
1448 1893 1542 1962 τὴν
1562 1892 1753 1955 οίκίαν,
1773 1891 1904 1944 ἀλλά

275 1987 372 2057 τὴν
401 1988 598 2057 πόρνην
621 1985 754 2054 ἔχων
784 1985 916 2054 μετὰ
944 1985 1186 2047 σεαυτοῦ,
1211 1985 1269 2037 οὐ
1299 1985 1543 2055 φανερῶς
1570 1986 1662 2036 καὶ
1683 1985 1851 2053 δήλως
1875 1995 1897 2024 ο

276 2080 542 2135 ἀνιοῦσαν·
576 2081 709 2149 ὅπερ
729 2075 795 2148 ἦν
827 2078 1161 2146 κουφότερον·
1196 2077 1400 2146 ταχέως
1434 2077 1538 2148 γὰρ
1566 2078 1630 2130 ἂν
1651 2077 1902 2147 ἐξήλασεν

277 2175 309 2241 ή
341 2175 496 2242 γυνή⁸
526 2173 656 2225 ἀλλά
679 2176 742 2242 τῇ
774 2171 979 2243 γνώμῃ,
1003 2173 1094 2224 καὶ
1124 2170 1200 2239 τῷ
1228 2172 1482 2223 συνειδότι
1507 2172 1707 2240 ἐγκαθη
1719 2170 1901 2239 μένην,

277 2268 369 2316 καὶ
396 2266 724 2318 ἀνάπτουσαν
755 2264 898 2316 ἔνδον
937 2265 1032 2333 τὴν
1064 2263 1401 2316 Βαϐυλωνίαν
1433 2265 1674 2332 κάμινον,
1710 2265 1902 2333 μᾶλλον

275 2360 329 2410 δὲ
354 2359 525 2426 πολλῷ
556 2358 947 2427 χαλεπωτέραν·
979 2357 1037 2408 ού
1066 2356 1172 2426 γάρ
1202 2357 1460 2410 στυππίον
1493 2359 1583 2410 καὶ
1612 2357 1784 2425 νάφθα
1812 2359 1903 2410 καὶ

279 2453 460 2515 πίσσα,
487 2452 618 2503 ἀλλά
644 2452 709 2503 τά
739 2453 994 2519 είρημένα
1032 2451 1058 2489 ά
1084 2452 1251 2520 τροφὴ
1285 2450 1360 2519 τῷ
1392 2454 1522 2520 πυρὶ
1557 2452 1774 2516 γίνεται,
1811 2452 1903 2503 καὶ

275 2546 448 2598 πάντα
493 2545 601 2597 ἀνω
648 2545 738 2595 καὶ
775 2544 939 2596 κάτω.
985 2543 1090 2595 Καὶ
1139 2543 1385 2613 καθάπερ
1433 2545 1480 2596 οί
1536 2544 1902 2612 πυρέττοντες,

274 2639 424 2690 οὐδὲν
451 2638 658 2706 ἔχοντες
685 2637 927 2703 ἐγκαλεῖν
961 2639 1067 2698 τοῖς
1096 2636 1538 2705 διακονουμένοις,
1569 2636 1653 2687 διὰ
1685 2637 1780 2704 τὴν
1808 2637 1898 2687 τοῦ

273 2731 569 2799 νοσήματος
623 2729 814 2780 κακίαν
860 2729 1168 2796 δυσάρεστοι
1211 2729 1342 2797 πρὸς
1374 2729 1571 2790 πάντας
1602 2729 1721 2790 είσὶ,
1762 2731 1898 2782 σιτία

271 2822 696 2894 διακρουόμενοι,
727 2822 816 2874 καὶ
861 2821 1073 2892 ἰατροὺς
1122 2822 1450 2886 κακίζοντες,
1485 2822 1576 2874 καὶ
1612 2824 1742 2892 πρὸς
1779 2826 1898 2889 τοὺς

272 2917 498 2977 οἰκείους
527 2915 967 2981 ἀγανακτοῦντες,
991 2915 1080 2966 καὶ
1102 2915 1238 2968 κατά
1259 2915 1363 2967 τῶν
1388 2916 1762 2970 διακονούντων
1788 2916 1901 2970 λυτ-

270 3011 484 3071 τῶντες·
514 3008 652 3061 οὕτω
678 3010 738 3078 δὴ
778 3009 868 3060 καὶ
908 3011 954 3060 οἱ
995 3009 1089 3076 τήν
1129 3009 1362 3078 χαλεπὴν
1405 3010 1551 3062 νόσον
1588 3011 1783 3079 ταύτην
1815 3029 1896 3062 νο-

272 3101 506 3162 σοῦντες,
562 3100 818 3151 ἀλλοιοῦσι
849 3111 906 3162 θ,
948 3101 1366 3169 δυσχεραίνουσι,
1418 3103 1642 3153 πάντοτε
1689 3103 1896 3171 ἐκείνην

271 3195 571 3264 βλέποντες.
622 3195 684 3244 Ὢ
736 3193 978 3262 χαλεπῶν
1034 3196 1379 3264 πραγμάτων.
1432 3196 1602 3258 Λύκος
1658 3198 1753 3264 μὲν
1805 3199 1896 3249 καὶ

268 3289 424 3349 λέων,
459 3289 548 3339 καὶ
577 3288 644 3339 τὰ
673 3287 828 3338 λοιπά
861 3287 1019 3355 θηρία
1044 3287 1364 3355 τοξευόμενα
1394 3289 1577 3356 φεύγει
1611 3291 1697 3341 τὸν
1730 3309 1894 3360 κυνη-

267 3384 450 3450 γέτην·
484 3381 760 3450 ἄνθρωπος
792 3382 846 3433 δὲ
891 3382 918 3432 ὁ
967 3381 1279 3447 λογιώτατος
1318 3385 1559 3452 τρωθεὶς,
1595 3385 1896 3454 περιδιώκει

267 3477 365 3545 τὴν
391 3476 690 3545 τρώσασαν,
719 3474 854 3526 ὥστε
906 3474 1080 3542 πολλῴ
1117 3475 1482 3547 χαλεπώτερον
1514 3477 1660 3545 βέλος
1696 3479 1893 3544 λαϐεῖν,

267 3571 362 3621 καὶ
385 3567 732 3635 ἐνηδυπαθεῖν
768 3566 844 3634 τῷ
863 3566 1146 3634 τραύματι·
1173 3569 1306 3636 ὅπερ
1335 3568 1396 3637 δὴ
1428 3568 1638 3620 πάντων
1665 3572 1776 3622 ἐστί
1805 3589 1895 3624 πι-

267 3660 544 3728 κρότατον,
577 3660 669 3710 καί⁵
692 3658 788 3726 τὴν
825 3659 973 3710 νόσον
1011 3659 1221 3711 ἀνίατον
1251 3660 1550 3729 ἐργάζεται.
1606 3663 1660 3714 Ὀ
1690 3663 1793 3732 γάρ
1823 3665 1893 3732 μὴ

269 3752 442 3821 μισῶν
474 3752 532 3803 τὺ
559 3751 728 3812 ἕλκος,
762 3751 891 3817 μηδὲ
921 3751 1289 3820 ἀπαλλαγῆναι
1317 3754 1650 3822 βουλόμενος,
1687 3755 1801 3817 πῶς
1831 3759 1895 3808 ἂν

265 3845 608 3913 ἐπιζητήσειε
634 3845 721 3894 τὸν
750 3845 925 3912 ἰατρόν
947 3861 960 3907 ;
983 3845 1079 3896 Διά
1109 3845 1277 3898 ταῦτα
1307 3847 1570 3915 ὀδυνῶμαι
1599 3850 1688 3900 καὶ
1715 3849 1893 3902 διακό-

264 3956 488 4006 πτομαι,
523 3939 603 3990 δτι
636 3937 896 4006 τοσαύτην
926 3937 1098 4007 λύμην
1134 3939 1508 4007 λαμϐάνοντες.
1536 3942 1737 3994 ἐκεῖθεν
1771 3960 1894 3994 κατ-

264 4033 508 4102 έρχεσθε,
536 4035 627 4086 καὶ
667 4035 750 4085 διὰ
783 4035 976 4102 μικράν
1000 4033 1186 4103 ἡδονὴν
1211 4035 1422 4104 διηνεκῆ
1448 4037 1543 4104 τὴν
1567 4036 1750 4103 ὀδύνην
1775 4038 1894 4088 ὕπο-

267 4126 475 4194 μένετε.
499 4127 606 4179 Καὶ
627 4127 731 4196 γὰρ
755 4127 845 4178 καὶ
871 4127 972 4195 πρὸ
998 4126 1095 4194 τῆς
1117 4129 1331 4197 γεέννης
1354 4130 1444 4181 καὶ
1463 4130 1557 4198 τῆς
1579 4130 1843 4191 κολάσεως
1871 4131 1888 4167 ί

263 4215 494 4266 ἐνταῦθα
525 4214 620 4284 τὴν
650 4216 875 4283 ἐσχάτην
916 4217 1128 4276 ἑαυτοὺς
1169 4217 1439 4269 ἀπαιτεῖτε
1488 4219 1658 4287 δίκην.
1687 4221 1754 4270 Ἢ
1797 4220 1892 4271 οὐκ

261 4306 493 4375 ἐσχάτης
513 4308 792 4376 τιμωρίας,
816 4308 930 4359 εἰπέ
958 4325 1065 4376 μοι,
1089 4308 1372 4378 ἐπιθυμίαν
1393 4313 1638 4381 τοιαύτην
1657 4313 1890 4382 τρέφειν,

260 4405 355 4454 καὶ
387 4403 644 4472 διηνεκῶς
676 4402 1064 4471 ἐμπίπρασθαι,
1093 4403 1184 4455 καὶ
1217 4405 1437 4471 κάμινον
1465 4407 1658 4474 ἔρωτος
1693 4407 1890 4459 ἀτόπου

261 4496 532 4563 πανταχοῦ
565 4497 893 4564 περιφέρειν,
935 4498 1024 4548 καὶ
1070 4499 1360 4560 συνειδότος
1390 4502 1743 4569 κατηγορίαν;
1770 4504 1890 4565 Πῶς

259 4589 368 4657 γὰρ
400 4589 632 4657 ἐπιϐήσῃ
679 4589 784 4639 τῶν
821 4588 1101 4655 προθύρων
1135 4591 1351 4641 ἐκείνων
1392 4592 1498 4642 τῶν
1530 4594 1716 4662 ίερῶν;
1742 4595 1884 4665 [276]

259 4685 376 4743 πῶς
420 4683 526 4751 ἅψῃ
554 4683 650 4749 τῆς
677 4681 920 4749 οὐρανίου
975 4681 1248 4750 τραπέζης
1281 4684 1336 4748 Εί;
1378 4684 1492 4744 πῶς
1545 4686 1601 4736 δὲ
1643 4688 1887 4752 ἀκούσεις

257 4777 349 4828 τὸν
377 4776 503 4844 περὶ
521 4773 863 4844 σωφροσύνης
894 4773 1070 4840 λόγον,
1108 4773 1278 4826 ἐλκῶν
1315 4775 1496 4845 γέμων
1524 4779 1615 4829 καὶ
1642 4782 1884 4849 τραυμά-

310 4903 334 4971 .⁸
373 4903 516 4950 Porle
559 4901 634 4950 hic
657 4902 988 4963 intelligitur-Ii
1043 4904 1266 4966 διάκρισις
1307 4907 1399 4952 τῶν
1447 4908 1669 4967 φθόγγων,
1713 4907 1884 4960 dmin.

253 4970 348 5014 dm
367 4976 546 5010 vocum.

318 5023 345 5061 b
373 5023 596 5084 intellige
619 5035 675 5068 ex
690 5020 1031 5084 superioribus,
1055 5022 1340 5084 ricr‘xrépvnz.

321 5085 342 5111 ο
369 5083 537 5128 Rarius
562 5084 649 5129 hoc
672 5082 944 5129 adverbium
966 5083 1187 5127 occurrit.

291 5141 342 5213 ,ἀ
372 5143 605 5215 Ιιιιθιιὶιςὶι
628 5142 780 5215 ελσε
799 5140 968 5201 quibus
1008 5143 1147 5199 paulo
1173 5147 1288 5190 ante
1327 5144 1515 5193 dixerat
1551 5148 1641 5193 ετὰ
1681 5149 1876 5210 ῥήματα,

666 5202 856 5331 ἷιξιιῖλῑειρί
876 5265 995 5331 siqu.
1019 5258 1142 5328 Ergp
1184 5260 1375 5331 ἀλύουσι
1418 5264 1611 5331 legerit,
1633 5327 1644 5331 _
1663 5267 1797 5331 quoq
1828 5271 1879 5313 et

308 5274 345 5324 _e
378 5273 639 5318 lmerpres,
666 5273 856 5366 mgmen
876 5273 995 5308 sum.
1023 5273 1142 5317 r.rgo
1184 5273 1375 5308 αλυουσι
1418 5273 1611 5324 legent,
1663 5273 1786 5324 quod
1828 5273 1874 5313 et

253 5320 372 5390 mihi
403 5319 651 5390 pfgbatyr,
697 5321 710 5366 i
773 5325 870 5390 ρος,
925 5318 1202 5390 ἀστατοῦσι,
1244 5321 1567 5383 δυσφοροῦσιν,
1625 5327 1874 5385 ἀγωνιῶσι.

252 5377 369 5425 Nam
405 5377 620 5424 ἀλλοιοῦν
642 5391 733 5424 non
757 5380 933 5426 diciiur
957 5379 1274 5434 ἀμεταϐάτως.

310 5436 362 5542 Io
383 5437 530 5484 Forte
557 5439 738 5492 καὶτῆς
780 5439 874 5486 ἐκεῖ
895 5438 1146 5490 κολάσεως.
1188 5437 1289 5486 Mox
1331 5442 1458 5488 enim
1502 5443 1758 5504 opponitur
1812 5445 1877 5491 ἐν·

249 5512 335 5542 ταυ
363 5513 411 5542 a.

314 5556 588 5618 8_De_sa_(_:ra
612 5567 746 5618 empa
779 5557 1014 5616 loquitur;
1049 5557 1464 5618 Aio-)péwocwantem
1509 5562 1631 5610 dixit
1673 5561 1873 5610 {Orlassc

251 5623 313 5664 ιι
333 5615 393 5663 Jo
432 5613 480 5672 6,
503 5614 558 5664 51
587 5634 598 5662 :
619 5617 647 5663 δ
670 5613 890 5672 ἄρτος-ἑὸ
918 5618 969 5664 ἐκ
991 5616 1073 5663 τοῦ
1109 5613 1301 5677 ούρανοῦ
1323 5621 1539 5675 καταϐάς.

1439 378 1569 432 (ὶοΝ
1584 376 1710 431 ΙἬΑ
1750 371 1978 430 LEDOS
2006 372 2092 428 ET
2124 374 2462 428 TIIEATRA.

3495 390 3606 448 268

2003 502 2107 537 των
2142 487 2426 551 τοσούτων,
2456 487 2546 540 καὶ
2563 486 2657 555 τὴν
2681 487 2908 540 διάνοιαν
2931 486 3061 556 ἔχων
3075 485 3150 556 τῷ
3175 485 3329 539 πάθει
3351 486 3616 543 δουλεύουο

2003 599 2127 645 σαν;
2157 583 2265 635 Καὶ
2306 582 2357 634 τί
2412 583 2490 633 δεῖ
2539 582 2606 635 τά
2641 583 2769 637 ἄλλα
2812 583 3016 650 λέγεινς
3063 581 3190 633 Ἀπὸ
3217 581 3321 636 τῶν
3365 581 3456 636 νῦν
3489 585 3616 655 παρ’

1999 679 2030 744 ή
2041 675 2155 743 μῶν
2185 677 2212 714 h
2243 677 2536 744 γινομένων
2563 676 2734 737 ἔξεστι
2764 675 2859 744 τῆς
2878 675 3107 737 διανοίας
3137 674 3258 727 ίδεῖν
3289 675 3385 743 τὴν
3410 675 3615 744 ὀδύνην.

2000 770 2112 822 Νῦν
2161 769 2288 836 γοῦν
2325 769 2432 838 ὁρῶ
2465 769 2659 837 μεταξὺ
2693 769 2796 820 τῶν
2840 769 3007 834 λόγων
3049 767 3244 820 τούτων
3295 768 3359 820 τα
3400 769 3618 837 μέτωπα

2000 863 2312 926 τύπτοντας,
2332 863 2424 915 καὶ
2450 862 2643 931 πολλὴν
2661 863 2782 930 ὑμῖν
2807 861 2911 930 ἔχω
2939 862 3112 930 χάριν,
3145 864 3225 914 ὅτι
3263 862 3426 932 δῆμος
3454 863 3621 926 οὕτως

2004 959 2122 1010 ἐστέ
2147 957 2525 1024 εὕσπλαγχνος.
2561 957 2710 1024 Τάχα
2738 954 2793 1008 δὲ
2824 951 2972 1023 οἶμαι
3013 957 3027 994 ί
3087 955 3304 1017 πολλοὺς
3329 955 3433 1008 τῶν
3462 956 3619 1026 μηδὲν

2003 1053 2386 1120 ἡμαρτηκότων
2412 1051 2578 1102 ταῦτα
2604 1052 2790 1110 ποιεῖν,
2809 1047 3101 1115 ἀλγοῦντας
3118 1049 3252 1118 ὑπὲρ
3270 1048 3375 1100 τῶν
3406 1049 3618 1116 ἀδελφι-

2003 1149 2110 1199 κῶν
2147 1148 2484 1216 τραυμάτων.
2514 1146 2610 1198 Διά
2646 1146 2799 1198 τοῦτο
2823 1145 3081 1214 ὀδυνῶμαι
3106 1145 3194 1196 καὶ
3227 1144 3506 1213 κόπτομαι,
3537 1145 3618 1197 δτι

2001 1243 2249 1310 τοιαύτην
2281 1244 2475 1311 ἀγέλην
2499 1245 2526 1295 6
2549 1242 2784 1305 διάϐολος
2822 1241 3150 1311 λυμαίνεται.
3199 1242 3332 1294 Ἀλλ’
3355 1246 3400 1293 εί
3437 1240 3621 1310 βουλη-

2004 1338 2198 1406 θείητε,
2226 1337 2428 1405 ταχέως
2464 1336 2622 1389 αὑτοῦ
2676 1335 2771 1403 τὴν
2816 1336 3010 1388 εἴσοδον
3053 1333 3445 1404 ἀποφράξομεν.
3497 1333 3617 1397 Πῶς

2004 1434 2210 1486 καὶτίνι
2241 1434 2453 1501 τρόπῳ;
2490 1435 2550 1484 El
2574 1433 2695 1494 τοὺς
2722 1433 3002 1493 νοσοῦντας
3051 1432 3376 1498 ὑγιαίνοντας
3399 1430 3615 1498 ἴδοιμεν⁸

2005 1529 2050 1578 εί
2078 1527 2144 1578 τὰ
2170 1527 2352 1577 δίκτυα
2391 1527 2484 1594 τῆς
2515 1525 2849 1586 διδασκαλίας
2888 1522 3225 1585 ἀπλώσαντες
3252 1522 3616 1592 περιέλθοιμεν

2002 1618 2124 1679 τοὺς
2147 1617 2502 1686 θηριαλώτους
2535 1617 2835 1686 ζητοῦντες,
2862 1616 2954 1667 καὶ
2989 1615 3044 1680 ἐξ
3083 1616 3248 1685 αὐτῆς
3282 1615 3372 1667 τοῦ
3411 1615 3618 1677 λέοντος

2001 1711 2097 1780 τῆς
2131 1713 2402 1780 φάρυγγος
2436 1712 2626 1775 αὐτοὺς
2656 1711 3067 1780 ἐξαρπάσοιμεν.
3094 1710 3181 1779 Μὴ
3202 1710 3306 1779 γάρ
3335 1727 3420 1779 μοι
3471 1709 3612 1777 λέγι·

2009 1802 2959 1870 Ὀλίγοιείσὶνοὶἀποϐουκολισθέντες.
2991 1803 3104 1856 Κᾶν
3132 1804 3259 1856 δέκα
3285 1805 3436 1872 μόνον
3463 1798 3612 1864 ὦσιν.

2001 1897 2096 1965 οὐχ
2133 1899 2164 1965 ἠ
2193 1897 2422 1966 τυχοῦσα
2451 1898 2633 1967 ζημία·
2653 1898 2754 1950 κᾶν
2781 1897 2957 1960 πέντε,
2984 1895 3080 1948 κᾶν
3097 1895 3205 1958 δύο,
3237 1897 3336 1948 κᾶν
3357 1893 3618 1958 εἴς.Ἐπεὶ

2001 1992 2142 2042 καὶὸ
2176 1990 2370 2060 ποιμὴν
2417 1992 2614 2053 ἐκεῖνος
2669 1990 2736 2042 τὰ
2777 1993 3088 2060 ἐνενήκοντα
3143 1991 3293 2044 ἐννέα
3337 1990 3423 2042 διά
3462 1987 3616 2043 τοῦτο

2000 2086 2308 2140 καταλιπὼν
2328 2087 2587 2157 πρόϐατα,
2622 2089 2711 2140 ἐπὶ
2742 2088 2801 2140 τὸ
2821 2089 2877 2140 ἓν
2906 2088 3110 2159 ἔτρεχε,
3143 2090 3234 2142 καὶ⁹
3258 2089 3354 2141 οὐκ
3381 2087 3615 2156 ἐπανῆλσι

2001 2183 2090 2235 θεν
2120 2183 2222 2244 ἕως
2254 2182 2409 2234 πάλιν
2453 2183 2581 2234 αὐτὸ
2623 2184 2951 2250 ἐπανήγαγε,
3005 2183 3097 2234 καὶ
3141 2183 3229 2236 τὸν
3277 2182 3380 2234 τῶν
3429 2183 3614 2236 ἑκατὸν

2000 2277 2225 2346 ἀριθμδν
2258 2277 2555 2345 χωλεύοντα
2590 2276 2657 2328 δι’
2692 2276 2897 2329 ἐκείνου
2932 2278 3026 2345 τὴν
3068 2277 3490 2330 ἀποκατάστασιν
3520 2278 3612 2329 τοῦ

2003 2370 2355 2440 πλανηθέντος
2401 2370 2696 2438 ἐπλήρωσε.
2752 2371 2839 2436 Μὴ
2877 2369 3015 2434 λέγε,
3045 2370 3122 2420 ὅτι
3160 2365 3239 2430 εἷς
3283 2371 3446 2422 ἐστιν·
3501 2368 3612 2421 ἀλλ’

2001 2466 2262 2532 ἐννόησον,
2295 2466 2370 2515 ὅτι
2395 2464 2532 2530 ψυχή
2556 2464 2686 2524 ἐστι,
2718 2461 2783 2512 δι’
2813 2461 2876 2530 ἣν
2910 2462 2974 2513 τὰ
3001 2463 3245 2531 ὁρώμενα
3274 2463 3443 2515 πάντα
3467 2463 3614 2531 γέγο-

2001 2573 2104 2607 νεν·
2142 2556 2290 2624 δι’ἥν
2340 2556 2509 2622 νόμοι,
2540 2557 2630 2606 καὶ¹
2672 2555 2941 2624 τιμωρίαι,
2989 2556 3081 2606 καὶ
3131 2555 3392 2618 κολάσεις,
3427 2557 3517 2609 καὶ
3547 2557 3613 2610 τὰ

2003 2649 2168 2716 μυρία
2197 2648 2464 2715 θαύματα,
2490 2649 2579 2698 καὶ
2607 2648 2660 2698 al
2692 2648 2920 2699 ποικίλαι
2951 2647 3039 2698 τοῦ
3067 2648 3196 2700 Θεοῦ
3227 2651 3611 2718 πραγματεῖαι·

1996 2741 2063 2794 δι’
2084 2741 2150 2809 ἣν
2177 2741 2294 2793 οὐδὲ
2322 2741 2411 2793 τοῦ
2451 2742 2779 2807 Μονογενοῦς
2812 2742 3076 2808 ἐφείσατο.
3123 2742 3395 2810 Ἐννόησον
3417 2744 3511 2811 ὅση
3538 2759 3616 2795 τι-

1999 2836 2072 2908 μή
2099 2835 2487 2905 καταϐέϐληται
2513 2836 2604 2887 καὶ
2644 2835 2776 2906 ὑπὲρ
2800 2835 2889 2887 τοῦ
2919 2836 3053 2897 ἐνὸς,
3082 2836 3174 2888 καὶ
3192 2836 3262 2905 μὴ
3292 2836 3614 2906 καταφρόνει

1994 2931 2090 2998 τῆς
2122 2931 2386 2999 σωτηρίας
2421 2930 2601 2990 αὑτοῦ,
2629 2929 2738 2980 ἀλλ’
2768 2929 3005 2981 ἀπελθὼν
3032 2931 3156 2997 ήμῖν
3176 2931 3502 2996 ἐπανάγαγε,
3523 2929 3612 2982 καὶ

1996 3025 2176 3074 πεῖσον
2206 3023 2393 3089 μηκέτι
2415 3024 2522 3082 τοῖς
2539 3022 2713 3082 αὐτοῖς
2746 3023 3068 3088 περιπεσεῖν,
3093 3022 3180 3073 καὶ
3206 3020 3471 3090 ἀρκοῦσαν
3496 3023 3613 3090 ἐχο-

1999 3133 2094 3184 μεν
2121 3115 2422 3181 ἀπολογίαν,
2465 3115 2526 3166 Et
2575 3114 2626 3166 δέ
2658 3113 2730 3183 μή
2759 3114 3010 3182 ἀνέχοιτο,
3054 3114 3184 3183 μηδέ
3203 3115 3353 3183 ήμῶν
3380 3116 3611 3184 συμϐου-

1993 3208 2266 3269 λευόντων,
2300 3207 2428 3276 μηδέ
2467 3206 2615 3274 ὑμῶν
2648 3205 3061 3275 παραινούντων,
3094 3208 3158 3275 τῇ
3185 3205 3395 3276 ἐξουσίᾳ
3414 3209 3610 3278 χρήσο-

1998 3317 2092 3370 μαι
2117 3301 2315 3362 λοιπδν,
2423 3302 2450 3352 6
2474 3299 2602 3362 Θεὸς
2630 3302 2759 3368 ἡμῖν
2802 3299 2995 3352 ἔδωκεν
3027 3300 3123 3352 οὐκ
3165 3301 3242 3362 είς
3279 3299 3608 3370 καθαίρεσιν,

1994 3394 2105 3448 ἀλλ’
2138 3398 2214 3455 είς
2243 3394 2539 3462 οἰκοδομήν.

2060 3489 2119 3540 δ’.
2145 3487 2238 3540 Διά
2260 3488 2312 3539 δὲ
2332 3488 2482 3539 τοῦτο
2501 3487 2759 3556 προλέγω,
2784 3489 2873 3539 καὶ
2895 3489 3113 3557 λαμπρᾷ
3137 3488 3241 3557 βοῶ
3261 3492 3320 3558 τῇ
3348 3492 3512 3559 φωνῇ,
3530 3492 3610 3542 ὅτι

1993 3589 2045 3639 εί
2068 3605 2147 3648 τις
2176 3588 2308 3655 μετά
2331 3587 2424 3655 τὴν
2455 3587 2759 3655 παραίνεσιν
2781 3587 2975 3654 ταύτην
3019 3587 3107 3638 καὶ
3136 3587 3471 3639 διδασκαλίαν
3522 3588 3612 3640 ἐπὶ

1992 3679 2088 3748 τὴν
2107 3680 2410 3747 παράνομον
2442 3678 2546 3730 τῶν
2593 3679 2826 3746 θεάτρων
2880 3679 3262 3747 αὐτομολήσειε
3317 3679 3507 3749 λύμην,
3550 3680 3609 3731 ού

1992 3773 2204 3842 δέξομαι
2227 3773 2381 3825 αὐτὸν
2411 3773 2536 3824 εἴσω
2566 3772 2780 3823 τουτωνὶ
2813 3771 2918 3822 τῶν
2952 3771 3261 3839 περιϐόλων,
3285 3773 3344 3824 οὐ
3379 3771 3609 3841 μεταδῶ⁴

1994 3885 2068 3919 σω
2087 3868 2406 3934 μυστηρίων,
2437 3866 2534 3918 οὐκ
2561 3866 2748 3932 ἀφήσω
2771 3865 2865 3932 τῆς
2883 3865 3028 3934 ίερᾶς
3060 3865 3290 3932 ἅψασθαι
3321 3867 3607 3936 τραπέζης·

1990 3959 2100 4010 ἀλλ’
2140 3957 2320 4028 ὥσπερ
2351 3961 2396 4009 οἱ
2437 3959 2684 4026 ποιμένες
2718 3959 2783 4009 τὰ
2817 3957 2999 4028 ψώρας
3027 3958 3446 4028 ἐμπεπλησμένα
3490 3961 3612 4032 πρό-

1992 4053 2126 4103 ϐατα
2154 4052 2257 4103 τῶν
2290 4052 2628 4118 ὑγιαινόντων
2658 4053 3019 4121 ἀπείργουσιν,
3061 4053 3195 4105 ὥστε
3243 4055 3314 4124 μὴ
3359 4055 3610 4122 μεταδοῦ-

1990 4161 2073 4195 ναι
2097 4147 2205 4205 τοῖς
2235 4145 2432 4206 λοιποῖς
2465 4147 2558 4212 τῆς
2590 4146 2762 4197 νόσου·
2808 4144 2944 4197 οὕτω
2998 4146 3059 4214 δὴ
3100 4147 3394 4214 ἐργάσομαι
3433 4146 3604 4213 κάγώ.

1990 4240 2050 4290 Εἰ
2081 4239 2184 4306 γὰρ
2210 4239 2268 4289 τὸ
2301 4239 2520 4290 παλαιὸν
2565 4239 2590 4287 ὁ
2623 4239 2814 4305 λεπρὸς
2871 4238 2971 4299 ἔξω
2999 4239 3093 4305 τῆς
3132 4239 3470 4308 παρεμϐολῆς
3495 4241 3608 4293 ἐκε-

1991 4333 2172 4384 λεύετο
2198 4331 2443 4399 καθῆναι,
2480 4331 2581 4382 κᾶν
2617 4331 2860 4396 βασιλεὺς
2890 4326 2974 4397 ἦν,
3008 4330 3312 4394 ἐξεϐάλλετο
3342 4335 3474 4402 μετὰ
3511 4335 3604 4388 τοῦ

1988 4427 2325 4495 διαδήματος,
2349 4424 2520 4490 πολλῷ
2541 4422 2732 4489 μᾶλλον
2752 4424 2905 4490 ἡμεῖς
2929 4424 3014 4474 τὸν
3041 4426 3135 4492 τὴν
3162 4425 3332 4495 ψυχὴν
3359 4427 3606 4500 λεπροῦν-

1986 4539 2052 4574 τα
2085 4521 2098 4569 i
2142 4519 2336 4586 ταύτης
2362 4515 2686 4582 ἐκϐαλοῦμεν
2711 4517 2803 4584 τῆς
2843 4518 2986 4585 ἱερᾶς
3018 4520 3604 4595 παρεμὸο),ἧς,”οσπερ

1985 4616 2089 4682 γὰρ
2125 4614 2220 4680 τὴν
2260 4609 2428 4678 ἀρχὴν
2480 4609 2788 4676 παραινέσει
2839 4612 2931 4662 καὶ
2985 4613 3216 4684 συμϐολῇ
3269 4618 3601 4689 ἐχρησάμην,

1983 4710 2120 4762 οὓτω
2148 4706 2238 4758 καὶ
2271 4703 2362 4755 νῦν
2404 4703 2536 4770 μετὰ
2587 4702 2844 4772 τοσαύτην
2881 4707 3190 4774 παραίνεσιν
3238 4713 3330 4763 καὶ
3355 4712 3602 4766 διδασκα-

1983 4803 2098 4853 λίαν
2147 4799 2353 4865 ἀνάγκη
2404 4795 2580 4847 λοιπὸν
2635 4797 2724 4848 καὶ
2765 4799 2928 4868 τομὴν
2976 4802 3284 4870 ἐπαγαγεῖν.
3345 4807 3450 4859 Καὶ
3493 4807 3600 4877 γὰρ

1981 4894 2215 4948 ἐνιαυτὸν
2259 4893 2363 4960 ἔχω
2403 4892 2582 4943 λοιπὸν
2614 4892 2706 4960 τῆς
2739 4893 2939 4957 πόλεως
2970 4896 3159 4959 ἐπιϐὰς
3188 4898 3284 4966 τῆς
3315 4900 3598 4969 ὑμετέρας,

1981 4990 2069 5042 καὶ
2105 4989 2164 5039 ού
2200 4987 2428 5038 διέλιπον
2462 4986 2711 5047 πολλάκις
2737 4989 2823 5038 καὶ
2854 4990 3082 5058 συνεχῶς
3107 4992 3272 5046 ταῦτα
3308 4995 3432 5058 ὑμῖν
3463 5013 3598 5066 παρ·

1979 5083 2157 5135 αινῶν.
2187 5080 2330 5152 [277]
2371 5081 2517 5132 Ἐπεὶ
2552 5076 2641 5131 οὖν
2680 5082 3028 5150 ἐναπέμεινάν
3063 5102 3200 5148 τινες
3231 5091 3294 5157 τῇ
3330 5090 3592 5154 σηπεδόνι,

2037 5207 2252 5272 ξιιῖοιιιο,
2309 5207 2423 5272 παρ’.
2457 5207 2601 5262 ὑμῶν.
2668 5206 2926 5272 Αιιάὶισγρε
2987 5212 3112 5257 enim
3152 5211 3597 5272 frontesymanibus

1975 5267 2265 5332 pulsabant._
2300 5267 2425 5332 quod
2454 5273 2527 5312 est
2588 5267 2955 5326 paenitendum;
3019 5279 3117 5330 aut,
3141 5273 3248 5332 παρ’
3280 5270 3405 5332 ἡμῖν,
3452 5278 3595 5326 nimi-

1973 5327 2076 5374 i'um
2099 5329 2147 5373 in
2171 5327 2390 5374 ecclesia.

2039 5387 2253 5458 ἱΤιξιχα,
2297 5386 2358 5452 iis
2421 5385 2920 5458 Spllpcaluin,'!ocum
2985 5387 3183 5458 habere.
3223 5392 3406 5450 nequit.
3449 5393 3596 5446 Forte

1974 5442 2232 5507 legendiim
2250 5443 2394 5492 ταῦτα
2417 5445 2464 5489 δὲ
2477 5442 2625 5509 οἶμαι,
2651 5442 2844 5493 εκοίυςο
2868 5450 3081 5518 Proximo
3103 5448 3263 5496 ταῦτα.
3304 5442 3315 5450 -
3451 5442 3468 5444 ε
3499 5442 3534 5444 η
3552 5442 3592 5446 _-

2040 5509 2053 5553 ί
2084 5506 2226 5569 ᾼ-ριιιί
2282 5503 2405 5569 ,ωςχ
2440 5512 2681 5569 reperitur
2713 5507 2928 5569 _).enpag>
2975 5515 3024 5553 et
3048 5509 3244 5569 λεπρόω.
3293 5511 3596 5564 Intransitive

1974 5572 2050 5636 est
2095 5563 2387 5636 Exqﬁzhﬁ',
2433 5564 2549 5636 za‘tp‘
2579 5563 3146 5636 ’λεπρῶσαίιἸῚ-ιιηείιίνέ
3194 5570 3339 5621 habet
3391 5563 3591 5636 (ξι-θεοί

1985 5625 2089 5673 Naz.
2112 5638 2157 5684 p.
2186 5624 2261 5671 171
2295 5643 2305 5670 :
2333 5623 2554 5677 οὖτοςκαὶ
2578 5625 2769 5685 Μαριὰμ
2789 5627 3034 5690 ἐλέπρωσε.
