4032 6220
298 368 409 420 269

308 485 388 522 ma
419 473 657 540 leprosos
688 486 767 528 est
807 493 870 530 cx
920 479 999 531 his
1041 481 1201 534 saevis
1233 484 1419 534 Castris
1448 484 1842 538 climluabimus.

305 559 372 614 Ut
402 563 538 614 enim
577 564 746 630 primo
781 567 1146 622 cohortatione
1197 579 1246 623 ct
1295 573 1516 626 consilio
1547 589 1669 627 usus
1699 590 1845 628 sum:

301 651 375 704 sic
403 661 456 704 et
481 668 620 706 nunc
647 665 764 722 post
791 665 982 710 tantam
1024 659 1446 714 adhortationem
1480 672 1532 715 et
1557 663 1846 716 doctrinam

305 752 517 792 necesse
546 751 626 793 est
668 743 876 796 demum
931 747 1212 799 sectionem
1257 749 1410 800 etiam
1457 749 1705 817 inﬂigere.
1763 752 1850 804 Et-

301 827 437 877 enim
471 842 639 882 annus
683 832 886 884 tandem
937 843 1018 886 est
1063 835 1268 902 elapsus
1307 837 1384 904 (a)
1426 852 1486 890 ex
1543 840 1726 906 quoin
1758 855 1846 892 vc-

300 923 458 967 stram
507 918 766 971 civitatem
821 921 1068 974 advectus
1111 938 1262 986 sum,
1319 939 1488 993 neque
1515 928 1714 980 cessavi
1755 929 1848 982 hac

302 999 370 1053 de
396 1016 454 1054 re
495 1017 589 1055 vos
619 1004 918 1073 frequenter
955 1009 1240 1063 cohortari.
1277 1010 1406 1077 Quia
1444 1014 1601 1081 igitur
1639 1016 1845 1082 quidam

307 1088 358 1139 in
389 1090 486 1142 hac
527 1093 672 1143 sanie
722 1106 1140 1161 permanserunt,
1170 1113 1265 1166 age
1311 1099 1520 1154 demum
1562 1104 1844 1157 sectionem

302 1177 601 1233 inferamus.
635 1181 747 1234 Etsi
790 1186 930 1238 enim
962 1185 1157 1240 ferrum
1199 1203 1302 1241 non
1348 1190 1587 1254 habeam,
1619 1202 1672 1245 at
1727 1209 1843 1247 ver-

304 1266 425 1319 bum
456 1268 622 1322 habeo
651 1270 789 1325 ferro
822 1275 1022 1328 acutius
1066 1277 1138 1345 (b)
1165 1293 1177 1328 :
1209 1278 1308 1331 etsi
1350 1279 1522 1348 ignem
1552 1296 1654 1334 non
1685 1282 1843 1335 feram

303 1356 393 1420 (c),
423 1367 474 1409 at
516 1358 750 1412 doctrina
787 1360 934 1416 adest
963 1365 1085 1417 mihi
1134 1359 1252 1435 igne
1279 1369 1590 1435 ferventior,
1618 1386 1732 1438 qua:
1757 1387 1819 1425 vc

302 1440 596 1497 henicntius
620 1461 771 1500 urere
801 1451 983 1516 possit.

369 1527 903 1603 Excommunicationis
926 1541 1163 1592 sententia
1189 1543 1240 1594 in
1268 1544 1380 1596 illos
1420 1547 1504 1612 qui
1537 1548 1840 1601 theatrorum

299 1618 578 1680 spectacula
606 1620 773 1673 diebus
802 1627 983 1678 sanctis
1013 1629 1331 1681 adierunt.—
1355 1632 1427 1686 Nc
1453 1649 1668 1702 spernas
1689 1639 1842 1706 igitur

298 1705 608 1757 sententiam
634 1720 884 1763 nostram.
917 1713 1161 1779 Quamvis
1204 1720 1341 1772 enirn
1389 1722 1517 1776 viles
1563 1705 1840 1778 admodum

296 1804 358 1842 ac
399 1793 718 1850 miserabiles
739 1801 919 1867 simus,
961 1815 1189 1860 attamen
1224 1823 1252 1860 a
1284 1809 1455 1862 divina
1487 1816 1650 1881 gratia
1679 1817 1842 1884 digni-

298 1888 455 1932 tatem
473 1886 786 1952 accepimus,
818 1907 915 1957 qua
943 1896 1200 1960 possimus
1227 1897 1338 1951 haec
1367 1901 1592 1955 efficere.
1628 1905 1843 1970 Ejieian-

298 1977 383 2019 tur
412 1983 536 2036 ergo
556 1971 850 2040 hujusmodi
869 1979 1122 2047 homines,
1145 1993 1198 2036 ut
1213 1989 1364 2054 etqui
1395 1990 1504 2042 sani
1533 2001 1654 2044 sunt
1677 1994 1844 2046 valen-

297 2055 457 2110 tiores
482 2061 733 2125 evadant;
766 2076 817 2117 et
842 2069 929 2134 qui
961 2072 1142 2124 morbo
1165 2073 1421 2142 laborant,
1460 2094 1488 2131 a
1519 2083 1659 2147 gravi
1687 2085 1839 2152 :rgri—

297 2144 474 2198 tudine
502 2148 564 2200 ad
606 2153 878 2207 sanitatem
909 2171 1023 2210 sese
1070 2175 1313 2216 revocare
1357 2144 1573 2231 possin—t.
1622 2170 1675 2224 Si
1719 2144 1841 2226 vvero

300 2233 670 2297 perhorruistis
692 2240 822 2294 hanc
850 2244 1117 2300 audientes
1143 2253 1450 2307 sententiam
1479 2257 1496 2324 (
1519 2258 1667 2312 video
1699 2276 1840 2313 nam-

295 2337 397 2385 que
417 2337 597 2378 omnes
618 2327 1016 2396 iugemiseentcs
1040 2346 1090 2389 ct
1111 2345 1490 2413 compunctos),
1512 2351 1837 2416 resipiscam,

295 2419 348 2461 et
377 2416 629 2466 sententia
657 2418 822 2471 soluta
851 2432 946 2474 est.
967 2423 1414 2488 Quemadmodum
1435 2436 1570 2488 enim
1597 2440 1836 2507 alligandi

296 2505 602 2562 potestatem
642 2507 972 2572 accepimus,
1026 2513 1100 2564 sic
1153 2526 1204 2567 et
1245 2519 1510 2584 solvendi,
1557 2540 1617 2577 ac
1662 2505 1838 2582 rursus

293 2587 602 2640 sententiam
632 2589 851 2646 ferendi.
880 2595 991 2648 Non
1018 2600 1155 2652 enim
1181 2602 1365 2658 fratres
1389 2620 1596 2665 nostros
1626 2615 1832 2670 abscin-

293 2673 419 2771 dere
462 2678 699 2732 volumus
724 2723 737 2745 ,
769 2685 860 2736 sed
891 2690 1224 2754 ol‘probrium
1267 2696 1516 2754 Ecclesia:
1547 2703 1834 2771 depellere.

294 2759 437 2850 Nunc
457 2766 646 2833 quippe
675 2784 770 2822 nos
798 2780 850 2825 ct
879 2777 1098 2842 gentiles
1125 2780 1434 2850 irridebuut,
1467 2799 1520 2841 et
1545 2759 1706 2846 Judaei

294 2848 730 2920 ducent,quando
765 2875 858 2912 nos
905 2862 1043 2929 ipsos
1090 2880 1368 2932 peccantes
1402 2848 1471 2926 ita
1500 2848 1831 2946 deSpicitnus.

294 2937 438 2992 Tunc
466 2951 634 2995 autem
663 2955 715 2998 et
742 2948 816 3000 illi
840 2950 1115 3006 admodum
1147 2972 1241 3010 nos
1269 2959 1568 3030 laudabunt,
1596 2937 1649 3020 et
1679 2973 1835 3025 mira-

289 3024 484 3080 buntur
511 3029 814 3100 Ecclesiam,
848 3037 986 3106 leges
1012 3053 1214 3098 nostras
1232 3051 1459 3105 reveriti.
1480 3053 1642 3112 Nemo
1663 3059 1833 3128 itaque

290 3125 354 3162 ex
385 3113 464 3179 iis,
489 3118 647 3183 quiin
667 3120 846 3175 eadem
879 3134 1557 3205 permanentfornicatione,
1588 3146 1636 3196 in
1668 3113 1831 3201 ecc‘le-

289 3199 418 3294 siam
445 3205 632 3265 veniat,
669 3209 758 3261 sed
787 3220 838 3264 et
867 3228 894 3264 a
926 3217 1071 3271 vobis
1107 3224 1433 3294 corripiatur,
1465 3240 1515 3283 et
1542 3240 1830 3291 communis

287 3286 357 3394 sit
386 3289 565 3345 hostis.
595 3295 654 3348 Si
674 3300 781 3363 quis
803 3317 899 3353 non
920 3306 1078 3358 obedit
1107 3286 1431 3369 verbo-nostro,
1449 3337 1534 3387 per
1550 3325 1824 3394 epistolam,

287 3378 417 3431 hunc
437 3393 618 3449 notate,
650 3399 694 3440 et
718 3405 777 3442 ne
802 3397 1213 3454 commisceamini
1233 3420 1342 3457 cum
1365 3410 1450 3460 illo
1473 3411 1544 3480 (2.
1570 3411 1742 3469 Thess.
1772 3378 1823 3473 δί

285 3467 541 3575 inritae
569 3482 739 3529 autem
768 3479 920 3535 facite
954 3501 966 3535 :
1018 3501 1209 3555 neque-
1235 3467 1620 3565 colloquainini,
1659 3467 1826 3575 neque

281 3556 420 3610 duini
453 3564 711 3656 recipiatis
731 3607 744 3628 ,
790 3585 957 3638 neque
986 3589 1180 3631 mensa:
1206 3587 1483 3653 participes
1520 3556 1822 3663 admittaiis,

277 3656 444 3708 neque
468 3647 730 3714 ingressus
753 3658 830 3708 vel
862 3673 1122 3727 egressus,
1152 3682 1318 3734 neque
1341 3673 1389 3723 in
1426 3675 1539 3730 furi)
1582 3697 1696 3734 cum
1726 3647 1824 3740 illis

275 3735 551 3789 versetnini
570 3754 582 3788 :
603 3748 654 3792 et
682 3743 756 3797 sic
774 3747 920 3803 facile
941 3750 1057 3806 iIIOs
1086 3762 1523 3826 recuperabimus.
1547 3771 1620 3823 Ac
1638 3791 1818 3840 quem-

334 3862 1232 3965 gﬁzrzuﬁgrislostnqnlus‘ntqngliiscopaturn
1252 3896 1817 3965 _Const_antinopolitanuru

551 3933 554 3937 .
853 3941 878 3952 -
942 3931 954 3943 ι
999 3931 1232 3948 νήνι---.πυ
1259 3931 1558 3951 υυιιοηιιιιιιιυ
1579 3931 1655 3953 ιυιι
1681 3931 1688 3936 ”

536 3935 689 4020 Ιιέἶυυὲι
707 3942 1160 4020 ἓιιιξῼηῗρξςέᾒξι-ῳιιδίδ
1187 3956 1423 4006 Februarii
1447 3963 1526 4010 die
1561 3931 1639 4020 12(5,
1660 3931 1818 4020 ἷῗί¹¹ἔῖἷί

269 3987 482 4060 going"?
505 3987 544 4060 l'.
565 3990 611 4045 δ’
631 4005 680 4060 ,(9-
697 3993 752 4060 .2-
779 3987 1160 4060 noriterhtb'iiii'f'"
1187 3987 1201 3997 ⁵
1219 3987 1292 4001 W‘
1308 3987 1423 4006 um”
1447 3987 1526 4010 “"5
1563 3987 1639 4025 ιον

435 4040 1118 4122 Verba-divinaviuteﬂigiiiﬂils
1145 4074 1298 4120 iressit
1317 4079 1441 4124 enim
1466 4085 1606 4130 llehr.
1634 4087 1678 4133 4.
1713 4090 1780 4136 l9.

329 4117 399 4172 ιι.
433 4111 536 4152 ΜΗ]
561 4111 751 4170 ωεώρι,
776 4122 873 4172 aut,
913 4127 961 4166 ut
1005 4136 1088 4172 “05
1127 4081 1371 4172 iouuinmn
1417 4141 1623 4172 vluit-nm:
1673 4127 1777 4172 ﬂ":-

796 4099 804 4100 κ
827 4099 942 4105 _--.-.
982 4099 1028 4108 ..μ
1059 4099 1118 4113 ιηι
1145 4099 1166 4113 ιι
1183 4099 1274 4118 Lam
1336 4099 1344 4105 '
1521 4099 1530 4112 ¹
1634 4117 1640 4123 -
1738 4099 1752 4114 ⁸⁸

262 4099 536 4209 "Januarii
561 4111 751 4170 medici,
776 4122 873 4174 aut,
913 4099 975 4166 υἷ’
1005 4136 1088 4172 u0s
1127 4099 1624 4205 ἱυίμιἱιιζᾶιῖξηὲήὶιιῇἲξζὶ
1641 4099 1812 4199 1elliqu

1393 367 1657 422 CONTRA
1697 369 1908 424 LUDOS
1945 370 2029 424 ET
2068 371 2401 426 TIIEATRA.

3397 383 3509 437 270

1954 487 2230 541 admodum
2262 498 2534 544 venatores
2560 491 2696 543 feras
2724 488 3143 557 CaplILtlimciit‘S
3174 503 3276 541 non
3307 501 3371 541 ex
3403 503 3506 539 una

1956 587 2121 642 parte,
2151 580 2241 630 sed
2270 579 2495 646 undique
2519 582 2769 647 pellentes
2789 623 2802 641 ,
2837 581 2886 631 in
2937 581 3062 632 retia
3087 580 3372 645 conjiciunt
3396 592 3408 628 :
3437 577 3502 628 ita

1954 684 2005 719 et
2032 684 2124 720 nos
2151 683 2260 734 ens,
2290 670 2375 736 qui
2404 670 2634 722 moribus
2659 671 2855 724 efferati
2891 682 3030 734 sunt,
3079 686 3178 722 una
3230 669 3500 736 pellamus,

1953 768 1999 807 et
2033 759 2136 809 cito
2163 759 2211 810 in
2254 759 2434 811 salutis
2455 760 2584 812 retia
2609 761 2966 825 conjicicinus,
3000 774 3094 811 nos
3119 774 3183 813 ex
3205 772 3304 810 una
3334 765 3498 825 parte,

1955 858 2046 895 vos
2072 860 2133 897 ex
2156 845 2270 897 alia.
2299 845 2364 899 Ut
2394 846 2548 912 igitur
2573 847 2696 899 illud
2727 848 2948 910 eveniat,
2975 863 3064 899 vos
3091 861 3295 914 quoque
3318 844 3497 897 nobis-

1952 947 2071 984 cum
2118 932 2454 1000 indignemini
2490 953 2501 987 :
2533 935 2635 987 imo
2664 935 2835 1002 potius
2885 950 2977 1002 pro
3025 936 3112 988 Dei
3162 936 3360 1003 legibus
3407 933 3500 986 do-

1953 1023 2073 1082 letc,
2114 1029 2166 1074 et
2201 1022 2449 1088 paulatim
2481 1023 2731 1076 avertctis
2773 1038 2863 1075 eos
2893 1039 2953 1075 ex
2985 1023 3250 1087 fratribus,
3278 1023 3364 1090 qui
3401 1021 3501 1074 hoc

1952 1108 2133 1161 morbo
2178 1108 2414 1161 laborant
2459 1119 2510 1163 et
2565 1111 2614 1162 in
2665 1111 2763 1163 huc
2808 1119 3072 1178 peccatum
3128 1111 3392 1172 incidunt,
3445 1118 3501 1162 ut

1953 1204 2199 1262 perpetuo
2239 1197 2355 1250 illos
2384 1198 2650 1251 vobiscum
2683 1200 2923 1252 servetis.
2953 1198 3129 1266 Neque
3157 1200 3295 1251 enim
3335 1213 3498 1265 parvo

1949 1284 2164 1337 crimine
2200 1287 2274 1338 rei
2314 1286 2480 1345 eritis,
2513 1287 2554 1338 si
2589 1296 2779 1340 tantam
2811 1288 3087 1355 perniciem
3135 1287 3493 1355 neglexeritis,

1949 1378 2040 1431 sed
2063 1393 2248 1446 magno
2277 1380 2531 1446 supplicio
2561 1381 2703 1433 eritis
2731 1381 2959 1433 obnoxii.
2991 1380 3119 1433 Nam
3164 1379 3205 1430 si
3238 1380 3287 1431 in
3331 1379 3498 1431 humi.

1951 1482 2071 1517 num
2097 1467 2314 1529 aedibus,
2345 1482 2462 1520 cum
2491 1469 2604 1535 quis
2629 1485 2693 1521 ex
2744 1469 2945 1522 famulis
2974 1478 3247 1538 argentum
3275 1470 3356 1521 vel
3400 1483 3490 1518 au-

1947 1572 2060 1609 rum
2093 1556 2291 1610 furatus
2319 1559 2742 1626 deprehenditur,
2775 1575 2876 1612 non
2901 1561 3006 1627 ipse
3034 1562 3174 1612 solus
3195 1561 3280 1627 qui
3309 1559 3494 1625 depre-

1949 1647 2140 1701 hensus
2160 1658 2260 1712 est,
2283 1647 2372 1701 sed
2398 1650 2551 1702 etiam
2581 1650 2790 1712 conscii,
2814 1659 2865 1702 et
2889 1651 2975 1716 qui
3003 1666 3103 1701 non
3135 1650 3494 1710 revelaveriut,

1949 1753 2099 1806 poena
2154 1738 2486 1805 plectuntur,
2536 1740 2698 1791 multo
2745 1739 2908 1807 magis
2958 1740 3007 1791 in
3059 1739 3308 1792 Ecclesia.
3349 1738 3494 1790 Tunc

1948 1829 2085 1880 enim
2107 1827 2243 1880 dicet
2275 1828 2364 1878 tibi
2396 1827 2531 1881 Deus
2564 1844 2574 1877 :
2607 1828 2731 1880 Cum
2758 1827 2962 1880 videres
2984 1844 3044 1879 cx
3070 1827 3226 1880 domo
3257 1843 3367 1879 mea
3392 1842 3491 1878 non

1946 1925 2248 1983 argenteum
2275 1916 2356 1967 vel
2383 1931 2597 1968 aureum
2625 1931 2711 1968 vas
2738 1915 2875 1969 furto
2902 1916 3086 1983 abripi,
3109 1915 3198 1967 sed
3223 1917 3493 1968 continen-

1949 2007 2070 2056 tiam
2112 2005 2337 2069 auferri;
2384 2020 2606 2072 eumque
2635 2007 2718 2073 qui
2742 2007 3026 2073 pretiosum
3054 2020 3242 2071 corpus
3272 2005 3455 2071 accipit
3479 2045 3491 2061 .

1946 2105 1997 2146 et
2022 2094 2314 2162 hujusmodi
2347 2097 2583 2150 sacrificii
2607 2098 2864 2165 particeps
2893 2107 2992 2163 est,
3032 2099 3080 2149 in
3103 2097 3291 2151 diaboli
3323 2099 3492 2151 locum

1945 2182 2110 2248 abire,
2152 2194 2204 2236 et
2230 2185 2279 2236 iu
2308 2193 2504 2238 tantum
2535 2195 2800 2252 peccatum
2833 2187 3091 2250 incidere,
3143 2202 3235 2240 cur
3277 2187 3486 2254 siluisti,

1945 2289 2035 2326 cur
2055 2275 2105 2328 id
2133 2277 2314 2341 tulisti,
2340 2292 2433 2331 cur
2458 2295 2561 2331 non
2583 2281 2895 2332 annuntiasti
2923 2282 3200 2346 sacerdoti,
3229 2297 3296 2336 ne
3323 2298 3492 2352 pinna:

1946 2364 2040 2416 abs
2069 2376 2117 2417 te
2141 2375 2501 2434 repeterentur
2529 2385 2631 2420 nun
2661 2371 2830 2422 leves?
2871 2371 2989 2422 ldeo
3010 2383 3059 2423 et
3085 2387 3182 2439 ego
3209 2373 3410 2426 etiamsi
3442 2374 3490 2426 id

1945 2453 2070 2504 mihi
2101 2453 2266 2506 dolori
2292 2456 2524 2507 futurum
2554 2459 2619 2508 sit
2648 2460 2745 2522 (a),
2781 2473 2845 2510 ne
2874 2474 2900 2510 a
2928 2463 3254 2526 gravioribus
3282 2463 3490 2530 quidem

1943 2542 2228 2596 inferendis
2267 2546 2434 2610 ptenis
2460 2547 2751 2600 abstinebo.
2779 2547 2954 2616 Longe
2977 2550 3161 2602 ntelius
3192 2553 3383 2621 quippe
3411 2560 3489 2606 est

1945 2648 2042 2686 nos
2087 2634 2171 2687 hic
2216 2650 2443 2688 mmrore
2485 2636 2731 2700 affectos,
2768 2655 2795 2689 a
2847 2638 3020 2692 futuro
3064 2641 3228 2708 abripi
3269 2643 3484 2710 judicio,

1943 2737 2095 2789 quam
2124 2725 2398 2777 verborum
2425 2727 2588 2793 gratia
2619 2726 2931 2795 lenitateque
2960 2743 3080 2782 usos
3105 2769 3117 2794 ,
3145 2731 3282 2785 hunc
3313 2733 3485 2786 vobis-

1941 2826 2058 2865 Cum
2087 2828 2268 2880 poenas
2300 2814 2462 2868 luere.
2493 2814 2669 2883 Neque
2707 2818 2844 2869 enim
2875 2827 3041 2871 tutum
3082 2819 3226 2873 vobis
3257 2822 3336 2873 vel
3376 2822 3486 2874 sine

1940 2907 2172 2973 periculo
2228 2914 2349 2970 est,
2396 2922 2478 2960 res
2527 2907 2820 2975 hujusmodi
2861 2910 3068 2963 silentio
3116 2921 3308 2979 tegere.
3357 2911 3486 2965 Nam

1939 2995 2158 3061 quisque
2181 3005 2408 3048 vestrum
2453 3011 2546 3063 pro
2568 3010 2624 3049 se
2657 3013 2836 3063 poenas
2861 2999 3038 3049 dabit:
3082 3014 3178 3067 ego
3206 3015 3331 3052 vero
3367 3015 3480 3052 out-

1938 3086 2080 3136 nium
2126 3085 2279 3137 saluti
2328 3100 2442 3138 sum
2471 3087 2744 3140 obnoxius.
2773 3088 3122 3153 Quamobrem
3172 3105 3274 3141 non
3325 3090 3480 3142 linem

1936 3174 2122 3227 faciam
2175 3177 2347 3227 omnia
2397 3177 2580 3243 agendi
2610 3187 2662 3230 et
2707 3178 2932 3242 dicendi,
2978 3179 3182 3232 etiamsi
3218 3194 3308 3230 vos
3349 3195 3479 3233 ma:-

1935 3280 2057 3321 rore
2081 3265 2290 3321 afficere
2315 3278 2568 3334 oporteat,
2592 3272 2791 3326 etiamsi
2821 3272 3065 3325 molestus
3087 3273 3262 3325 videar
3278 3281 3330 3326 et
3354 3287 3480 3327 onc-

1935 3368 2104 3421 rosus,
2146 3367 2202 3408 ut
2240 3356 2433 3422 possiin
2462 3357 2665 3411 adstare
2689 3369 2807 3412 ante
2851 3361 3071 3413 tribunal
3109 3361 3231 3413 illud
3263 3360 3478 3414 horren-

1933 3444 2056 3498 dum
2081 3485 2096 3510 ,
2144 3447 2340 3499 nullam
2382 3445 2578 3499 habens
2616 3450 2867 3502 maculam
2898 3458 2986 3503 aut
3017 3449 3186 3502 labem
3227 3451 3308 3502 vel
3355 3450 3478 3518 quid

1935 3534 2249 3602 ltujusmodi.
2296 3535 2502 3588 Utinam
2534 3547 2727 3600 autem,
2778 3539 3019 3605 precibus
3059 3547 3378 3601 sanctorum,
3443 3541 3475 3591 ii

1931 3623 2016 3690 qui
2044 3624 2274 3691 corrupti
2325 3634 2444 3676 sunt
2473 3625 2624 3677 citius
2655 3633 3014 3688 revertantur;
3046 3627 3115 3678 illi
3141 3642 3264 3680 vero
3293 3627 3378 3693 qui
3411 3628 3476 3678 il-

1930 3713 2039 3766 laesi
2063 3726 2384 3778 manserunt,
2404 3715 2453 3766 in
2477 3716 2727 3782 majorem
2749 3725 2987 3768 ornatum
3002 3717 3475 3785 continentiamque

1930 3803 2202 3869 proficiant
2236 3813 2397 3856 :utet
2438 3819 2530 3856 vos
2559 3805 2780 3857 salutem
2820 3805 3242 3872 coasequamini,
3288 3815 3340 3856 et
3380 3819 3475 3856 nos

1927 3895 2181 3954 hetemur,
2215 3902 2267 3945 et
2297 3894 2429 3944 Deus
2460 3894 2620 3959 gloria
2648 3894 2902 3944 afficiatur
2935 3908 3072 3945 nunc
3099 3903 3152 3946 ct
3176 3908 3402 3960 semper.
3423 3903 3473 3945 et

1924 3984 1974 4034 in
2002 3982 2200 4033 intinita
2233 3981 2420 4033 SlUCllIil
2448 3981 2774 4033 sreculorum.
2810 3983 2994 4034 Amen.

1983 4153 2053 4214 (a)
2087 4153 2140 4200 In
2163 4160 2337 4211 Graeco,
2381 4169 2495 4222 sae-st
2533 4166 2731 4222 τιμῦτλιιν.
2753 4166 2883 4222 λυπεῖν,
2906 4169 3025 4221 quas
3045 4167 3190 4222 voces
3226 4155 3294 4201 sic
3328 4165 3468 4213 opor—

1922 4215 2091 4261 tuisset
2115 4216 2438 4274 interpretari,
2465 4214 2672 4273 qwunris
2696 4215 2904 4262 dolerent
2925 4213 3015 4262 Sim
3037 4213 3270 4263 illaturus.

277 4435 360 4468 ,Η
739 4447 1031 4458 _____.
1096 4451 1120 4460 ..
1283 4456 1372 4463 .-
1459 4458 1592 4482 mm:
1631 4461 3302 4500 ::=___.._____._———————.._____..._________j
3303 4488 3425 4500 ...η

1325 4687 1431 4743 ΑΙ)
1461 4688 1869 4750 ΗΟΜΙΜΛΜ
1909 4695 2398 4765 SEQUEN'I‘EM.

269 4871 443 4936 initio,
481 4877 816 4948 maximeque
850 4881 900 4933 in
938 4884 1039 4936 fine
1075 4883 1310 4940 homilize
1334 4888 1424 4940 ait.
1459 4890 1593 4943 Cum
1621 4904 1799 4946 autem
1826 4907 1964 4960 smpe
1989 4899 2187 4954 morbis
2217 4903 2442 4956 amictus
2473 4906 2650 4973 fuerit,
2688 4926 2795 4964 non
2822 4913 2888 4966 ita
2926 4915 3079 4970 facile
3110 4933 3210 4983 est,
3243 4923 3294 4975 in
3319 4929 3456 4993 quod

269 4990 482 5049 tempus
515 4983 628 5037 haec
667 4988 901 5043 incidant
944 4995 1382 5062 deprehendere,
1428 5017 1602 5069 neque
1638 5005 1816 5059 dicere
1860 5010 2100 5064 valemus
2138 5013 2507 5069 Antiochiazne
2545 5033 2611 5070 au
2639 5019 3099 5095 Constantinopoli
3138 5032 3249 5086 haec
3282 5036 3454 5088 habita

263 5095 456 5149 cancio
490 5097 668 5152 fuerit.
695 5101 995 5160 Antiochia:
1039 5119 1213 5162 tamen
1249 5112 1441 5168 dictam
1475 5119 1698 5172 suadere
1745 5120 1954 5175 videtur
1983 5123 2156 5191 ipsum
2187 5127 2506 5196 principium
2541 5130 2803 5197 homiliae,
2844 5138 2929 5191 ubi
2962 5155 3017 5193 se
3046 5142 3111 5194 ad
3156 5145 3462 5207 docendum

259 5204 573 5274 imperitum
607 5209 886 5277 profitetur
909 5213 1331 5286 Chrysostomus.
