4032 6220
523 414 629 469 271

1275 383 1335 438 S.
1372 375 1645 437 JOANNIS
1679 358 2150 429 οηηγεοδτοω
2183 355 2495 416 ΔΒΟΗΙΕΡ.
2535 354 3055 413 οοΝετΑΝτιΝοιν.

3631 364 3746 416 272

517 476 3720 553 ________________________________—————__

1875 585 2333 660 HOMILIA

525 792 587 836 ιι(
639 779 1061 834 Δνωτοιιοῠκ
1101 770 1341 818 νισι-οι
1399 770 1414 808 2

1460 764 1581 808 HOC
1623 757 1835 804 ΔυΤΕΙ
1880 751 2105 797 8011⁸01⁵]

2210 748 2371 800 QUOD
2423 748 2486 790 IN
2529 745 2874 791 NOVISBIIIIB
2918 743 3139 786 DIBBUS
3181 738 3389 783 ERUNT
3439 729 3733 777 TEHPORA

1785 870 2016 916 ansvu
2059 845 2142 927 (2.
2174 849 2330 908 Tim.
2375 848 2435 908 3.
2481 849 2564 926 1).

1913 1007 2343 1047 «mm

607 1169 634 1222 ‘l
648 1208 660 1220 .
679 1165 873 1222 Caritas
891 1152 1230 1228 Chrysostomi
1247 1162 1364 1218 erga
1384 1139 1673 1210 discipulos.
1696 1132 1843 1188 Fidei
1869 1129 2000 1184 oculi
2026 1141 2085 1180 ea

535 1216 715 1311 uident
858 1216 1080 1305 Christus
1106 1239 1276 1312 agebat
1340 1231 1511 1288 ,Ιαόωὶ
1537 1232 1797 1312 prmus
1820 1236 1918 1275 non
1953 1216 2085 1269 uide-

706 1308 958 1396 Abraham
983 1332 1099 1401 ﬁdei
1117 1308 1272 1384 oculis
1299 1323 1420 1376 cidit
1445 1317 1750 1372 nasciturum
1763 1308 2088 1363 Isaeum.—

819 1392 1027 1495 quidein
1055 1433 1171 1474 sum
1201 1412 1307 1482 (a)
1344 1420 1398 1465 et
1424 1418 1620 1476 egenus
1638 1442 1653 1466 ,
1706 1407 1876 1495 atque.
1902 1393 1967 1447 ad
1996 1392 2091 1446 do-

541 1515 768 1572 cendum
795 1484 1066 1580 imperitus
1091 1520 1104 1555 :
1129 1501 1219 1557 sed
1243 1513 1361 1554 cum
1389 1502 1619 1549 vestrum
1643 1495 1837 1542 emtum
1861 1484 2089 1542 intueor,

546 1567 885 1663 inﬁrmitatis.
903 1596 1204 1657 obliviscor,
1226 1591 1583 1659 paupertatem
1620 1578 1828 1663 ignoro,
1875 1567 2090 1638 imperi-

553 1698 678 1750 tiam
730 1706 834 1746 non
891 1685 1225 1741 novi:tanta
1275 1688 1463 1743 nempe
1505 1678 1586 1726 est
1635 1662 1866 1722 caritatis
1904 1665 2093 1713 vestra

542 1745 801 1853 ὧξίιηῖεο
827 1776 1153 1844 Quapropter
1177 1763 1402 1823 alacrius
1420 1773 1575 1831 quam
1601 1755 1658 1820 ii,
1699 1753 1788 1824 qui
1830 1745 2093 1804 facultati-

549 1841 648 1927 bus
672 1841 959 1928 abundant,
1001 1857 1248 1930 egestatis
1269 1865 1398 1907 mea:
1428 1859 1660 1903 mensam
1686 1841 1835 1896 vobis
1863 1848 2090 1907 appono.

549 1954 990 2030 llagnanimitatis
1013 1963 1170 2019 porro
1194 1945 1350 2014 huius
1373 1955 1469 1999 vos
1496 1946 1737 1992 auctores
1775 1930 1903 1985 mihi
1943 1930 2090 1990 estis,

548 2016 673 2106 dum
701 2051 876 2117 lapsos
904 2016 1122 2110 erigitis,
1143 2037 1261 2105 quia
1287 2033 1353 2086 ad
1393 2025 1707 2084 audiendum
1737 2019 1886 2089 proni
1933 2016 2060 2070 estis
2078 2053 2095 2080 ,

549 2153 707 2212 atque
733 2108 798 2192 ab
826 2151 920 2190 ore
939 2108 1119 2187 nostro
1139 2123 1393 2196 pendetis.
1415 2121 1501 2174 Sic
1516 2127 1568 2172 et
1594 2114 1718 2183 pulli
1741 2108 2095 2168 hirundinum,

549 2194 668 2287 cuiu
695 2225 874 2281 vident
899 2194 1227 2274 advolantem
1255 2217 1498 2271 matrem,
1526 2219 1558 2259 e
1585 2202 1706 2256 nido
1735 2212 1851 2253 sese
1873 2194 2098 2250 eﬁ‘eren-

552 2327 633 2371 tcs
658 2326 711 2370 et
729 2325 954 2383 pronum
979 2305 1326 2361 obtendentes
1352 2297 1565 2358 collum,
1593 2293 1664 2346 ita
1691 2289 1864 2344 cibum
1903 2285 1968 2338 ab
2013 2283 2100 2338 illa

557 2374 842 2473 accipiunt.
872 2397 1070 2452 Eodem
1091 2390 1248 2447 modo
1274 2398 1329 2443 et
1357 2398 1450 2438 vos
1474 2396 1591 2436 cum
1618 2376 1813 2447 ingenti
1839 2374 2102 2426 alacritate

554 2494 956 2549 coneionantem
1011 2487 1273 2539 intuentes
1295 2517 1310 2543 ,
1351 2491 1418 2530 ex
1453 2474 1627 2540 lingua
1672 2481 1788 2521 mea
1818 2463 2101 2534 profectam

557 2581 848 2637 doctrinam
893 2573 1152 2641 excipitis,
1199 2576 1249 2622 et
1275 2573 1550 2632 antequam
1586 2558 1745 2611 verba
1766 2569 1829 2607 ex
1856 2566 1947 2605 ore
1973 2549 2104 2603 exsi-

568 2670 714 2731 liaut,
744 2682 805 2720 ea
845 2663 1018 2718 studio
1044 2670 1232 2726 magno
1261 2652 1436 2706 omnia
1471 2645 1730 2714 abripitis.
1754 2641 1882 2707 Quis
1924 2652 2028 2690 non
2053 2645 2107 2689 et

555 2772 650 2811 vos
679 2725 733 2809 et
754 2769 849 2808 nos
873 2765 1031 2818 super
1055 2725 1147 2801 his
1164 2746 1346 2798 beatos
1373 2736 1641 2808 praedicet,
1668 2731 1786 2800 quia
1813 2739 2001 2793 nempe
2025 2725 2104 2777 lo-

557 2847 768 2916 quimur
792 2841 870 2894 Ad
885 2814 1028 2890 aures
1042 2832 1348 2886 audientium
1375 2824 1556 2893 (Eccli.
1592 2822 1678 2875 25.
1712 2817 1836 2886 19.)?
1863 2814 2107 2867 Commu-

558 2933 641 2986 nis
671 2929 836 2990 labor,
883 2920 1175 2978 communis
1201 2924 1256 2970 et
1291 2925 1516 2972 corona;
1568 2917 1848 2963 commune
1880 2901 2102 2960 lucrum,

560 3018 855 3078 communis
899 3013 1056 3068 etiam
1102 3017 1155 3064 et
1199 3017 1421 3059 merces.
1465 2999 1585 3052 ideo
1629 2995 1870 3050 Christus
1927 2991 2108 3044 beatos

564 3106 866 3181 praedicavit
881 3100 1164 3171 discipulos
1178 3097 1389 3151 dicens:
1422 3089 1580 3143 Vestri
1596 3096 1758 3142 autem
1791 3081 1919 3136 beati
1953 3078 2105 3142 oculi,

560 3167 680 3270 quia
720 3196 904 3260 vident,
936 3201 983 3245 et
1002 3167 1146 3242 aures
1168 3194 1339 3240 uestra
1358 3223 1374 3248 ,
1401 3181 1518 3249 quia
1544 3175 1754 3229 audiunt
1791 3169 1999 3241 (Matth.
2020 3167 2106 3220 15.

564 3261 630 3345 l6
646 3290 688 3359 ).
711 3284 990 3341 Concedite
1013 3280 1139 3336 mihi
1166 3285 1225 3331 ut
1243 3276 1326 3329 his
1346 3275 1500 3328 etiam
1528 3268 1698 3323 verbis
1728 3278 1824 3317 vos
1855 3261 2108 3327 alloquar,

564 3345 983 3447 quandoquidem
1023 3377 1218 3422 tantam
1261 3360 1520 3418 exbibetis
1557 3355 1916 3409 alacritatem:
1951 3345 2110 3400 Vestri

564 3437 728 3518 dutem
749 3437 1038 3521 beatioculi,
1069 3455 1184 3525 quia
1206 3452 1387 3512 uident,
1411 3458 1457 3502 et
1485 3461 1627 3498 aures
1656 3451 1846 3504 uestra,
1868 3437 1984 3507 quia
2015 3451 2113 3486 au-

565 3555 726 3607 diunt.
757 3550 951 3603 Verum
978 3545 1117 3614 quod
1155 3554 1308 3595 aures
1326 3536 1536 3607 quidem
1566 3542 1754 3587 vestra:
1776 3527 1989 3580 audiant
2019 3539 2112 3591 pa-

567 3644 673 3696 lam
695 3650 773 3693 est
798 3655 811 3689 :
842 3636 980 3704 quod
1020 3633 1156 3687 oculi
1184 3644 1308 3684 vero
1330 3625 1488 3681 vestri
1512 3622 1742 3685 videant,
1781 3619 1916 3672 sicut
1953 3614 2113 3667 disci-

564 3731 672 3799 puli
702 3740 824 3782 tunc
843 3725 1108 3784 videbant,
1127 3720 1179 3773 id
1207 3719 1566 3772 demonstrare
1593 3712 1842 3770 conabor,
1865 3715 1921 3760 ut
1952 3704 2114 3758 beati-

567 3819 693 3873 tudo
727 3823 897 3868 vestra
923 3826 1026 3866 non
1073 3806 1304 3870 dimidia,
1349 3803 1442 3856 sed
1486 3800 1700 3854 omnino
1747 3795 1976 3865 perfecta
2023 3792 2109 3842 sit.

565 3905 701 3973 Quid
727 3917 852 3971 ergo
869 3910 991 3954 tunc
1012 3896 1256 3951 videbant
1283 3889 1547 3958 discipuli?
1561 3887 1793 3940 Mortuos
1813 3881 2109 3944 suscitatos,

565 4006 734 4047 caecos
763 3991 929 4042 visum
958 3985 1288 4051 recipientes,
1319 3979 1556 4046 leprosos
1584 3971 1892 4032 mundatos,
1933 3966 2113 4035 pulsos

564 4085 853 4141 daemonas,
881 4074 1095 4130 claudos
1136 4069 1479 4130 ambulantes,
1511 4073 1710 4116 natura:
1739 4061 1922 4112 vitium
1958 4069 2114 4109 omne

563 4176 878 4225 correctum.
903 4163 1025 4216 Haec
1044 4168 1095 4214 et
1112 4172 1248 4211 nunc
1273 4170 1366 4208 vos
1392 4153 1598 4212 videtis,
1623 4149 1828 4203 etiamsi
1857 4162 1961 4200 non
2001 4160 2111 4200 cor-

565 4255 726 4326 poris,
773 4252 866 4305 sed
897 4249 1013 4303 lidei
1040 4246 1224 4300 oculis.
1253 4238 1558 4311 Huiusmodi
1591 4250 1814 4302 namque
1834 4243 1955 4287 sunt
1992 4233 2110 4286 ﬁdei

563 4320 745 4398 oculi:
787 4353 904 4407 quas
929 4351 1032 4390 non
1065 4339 1320 4402 apparent
1367 4329 1574 4391 vident,
1619 4333 1673 4378 et
1714 4337 1832 4390 qua:
1878 4320 2110 4374 nondum

565 4432 699 4485 iacta
737 4436 858 4482 sunt
886 4425 1194 4492 intelligunt.
1235 4418 1508 4475 Undeuam
1564 4414 1664 4467 hoc
1703 4411 2108 4472 demonstratur,

563 4531 753 4584 nempe
782 4513 936 4567 ﬁdem
965 4527 1082 4564 esse
1106 4516 1371 4577 aspectum
1401 4513 1456 4558 et
1494 4507 1858 4569 argumentum
1890 4508 1991 4548 non
2021 4509 2112 4560 ap-

567 4583 1054 4677 parentium‘lAudi
1082 4598 1299 4653 Paulum
1329 4594 1587 4647 dicentem
1620 4607 1632 4641 :
1661 4588 1754 4640 Est
1791 4593 1953 4637 autem
1988 4583 2112 4650 [ides

560 4692 920 4765 sperandarttm
938 4687 1211 4742 substantia
1246 4699 1429 4746 rerum,
1451 4685 1795 4748 argumentum
1829 4687 1928 4725 non
1965 4685 2116 4737 appa-

558 4760 770 4840 rentium
798 4779 976 4851 (Hebr.
993 4779 1077 4831 li.
1093 4778 1166 4845 1).
1188 4777 1251 4828 Et
1272 4772 1410 4841 quod
1428 4768 1663 4822 mirabile
1678 4773 1778 4829 est,
1807 4763 1858 4814 hi
1878 4760 2114 4815 carnales

559 4874 698 4930 oculi
725 4885 840 4938 qua:
863 4867 961 4921 sub
984 4874 1249 4933 aspectum
1275 4861 1468 4914 cadunt
1486 4897 1500 4918 ,
1545 4854 1746 4917 vident,
1779 4865 1899 4920 qua:
1940 4855 2112 4902 autem

561 4967 659 5022 sub
674 4969 939 5030 aspectum
968 4932 1074 5011 non
1100 4953 1310 5016 cadunt,
1341 4964 1445 5003 non
1476 4945 1690 4999 vident:
1720 4952 1774 4994 at
1815 4937 1934 4991 ﬁdei
1976 4932 2114 4989 oculi

564 5053 775 5109 omnino
789 5055 990 5110 contra,
1010 5057 1124 5110 qua:
1145 5040 1240 5093 sub
1266 5045 1531 5106 aspectum
1548 5030 1762 5092 cadunt,
1786 5040 1890 5079 non
1913 5022 2109 5084 vident,

555 5157 682 5213 qua}
726 5152 851 5192 vero
879 5107 985 5189 sub
1015 5107 1283 5198 aspectum
1336 5139 1440 5178 non
1494 5120 1706 5181 cadunt,
1733 5114 1932 5167 vident.
1964 5107 2112 5174 Quod

553 5196 735 5288 :iutem
775 5240 892 5297 qua:
919 5196 1160 5277 videntur
1205 5231 1308 5269 non
1340 5212 1570 5274 videant,
1619 5216 1674 5261 et
1724 5217 1842 5273 qua:
1893 5213 2000 5254 non
2034 5196 2112 5248 vi-

789 5284 1016 5371 videant.
1071 5305 1262 5363 Paulus
1308 5299 1599 5355 declaravit
1626 5295 1707 5348 his
1734 5289 1909 5346 verbis
1940 5305 1953 5339 :
1981 5284 2112 5338 Nam

567 5411 959 5464 Momentaneum
978 5409 1022 5455 et
1042 5398 1142 5453 leue
1165 5390 1494 5448 tribulationis
1518 5401 1674 5450 supra
1699 5376 1972 5435 modumin
1996 5372 2083 5426 sub
2099 5397 2114 5409 -

561 5498 770 5575 limitate
795 5502 1031 5545 (sternunt
1067 5484 1239 5556 gloria:
1263 5478 1454 5549 pondus
1476 5480 1708 5542 operatur
1733 5469 1786 5519 in
1810 5464 1988 5523 nobis;
2014 5473 2112 5511 non

617 5607 633 5664 ί
645 5601 692 5665 ct)
723 5601 1082 5663 Cbt‘ysostomtl
1107 5590 1376 5642 inﬁrmitate
1397 5583 1607 5644 corporis
1631 5577 1895 5627 laborabat.

2189 1127 2611 1183 considerantibus
2639 1127 2776 1180 nobis
2799 1139 2910 1193 quae
2935 1122 3180 1186 videntur,
3205 1120 3292 1174 sed
3311 1133 3421 1188 qua:
3451 1133 3549 1170 non
3574 1114 3716 1167 uiden

2189 1225 2270 1270 tur
2294 1216 2349 1287 (2
2377 1216 2492 1269 Cor.
2515 1216 2567 1269 ι.
2600 1213 2709 1282 Π).
2742 1212 2808 1266 Et
2831 1211 3093 1281 quomodo
3120 1207 3377 1277 quispiam
3403 1219 3464 1258 ea
3493 1216 3610 1276 quae
3637 1213 3741 1253 non

2191 1307 2434 1361 videntur
2451 1303 2676 1358 viderit?
2699 1305 2813 1367 Quo
2833 1301 2937 1355 alio
2961 1299 3136 1362 modo,
3159 1297 3258 1351 nisi
3289 1295 3407 1350 ﬁdei
3436 1291 3634 1348 oculis?
3655 1289 3747 1343 Sic

2192 1407 2247 1453 et
2269 1397 2392 1451 alibi
2418 1398 2485 1450 ait
2511 1412 2522 1446 :
2557 1394 2685 1447 Fide
2705 1392 3024 1460 intelligimus
3037 1397 3207 1458 aptata
3226 1402 3334 1441 esse
3357 1381 3539 1438 sacula
3562 1377 3743 1449 (Hebr.

2195 1488 2282 1542 Η.
2303 1487 2378 1555 5).
2406 1482 2718 1550 Quomodo?
2748 1495 2851 1535 non
2877 1480 3016 1534 enim
3035 1478 3290 1532 videmus.
3313 1473 3378 1528 Ut
3404 1489 3464 1527 ea:
3485 1467 3749 1525 inuisibili-

2195 1576 2286 1629 bus
2307 1574 2514 1628 visibilia
2535 1574 2724 1639 ﬁerent.
2744 1570 2913 1624 Vultis
2928 1568 3064 1622 aliud
3082 1567 3343 1636 proferam
3369 1561 3744 1621 testimonium,

2197 1665 2334 1735 quod
2364 1663 2482 1718 ﬁdei
2509 1661 2645 1715 oculi
2672 1675 2732 1714 ea
2767 1660 2972 1712 videant
3011 1673 3128 1727 qua:
3153 1671 3256 1710 non
3285 1650 3562 1708 videntur?
3589 1650 3749 1706 Gala-

2199 1755 2266 1808 tis
2291 1751 2568 1822 aliquando
2592 1750 2828 1805 scribens
2874 1749 3064 1802 Paulus
3089 1745 3297 1800 dicebat
3326 1760 3340 1796 :
3371 1743 3499 1796 Ante
3542 1753 3754 1809 quorum

2198 1842 2366 1896 oculos
2393 1839 2540 1894 Iesus
2565 1837 2786 1892 Christus
2813 1837 3129 1905 praescriptus
3147 1843 3218 1888 est
3245 1834 3297 1886 in
3321 1832 3454 1886 vobis
3481 1829 3756 1894 cruciﬁxus

2201 1931 2338 2005 (Gal.
2369 1932 2418 1984 δ.
2450 1931 2522 2000 t).

2269 2020 2323 2074 2.
2351 2019 2484 2086 Quid
2511 2018 2659 2081 dicis,
2683 2031 2716 2069 o
2739 2016 2890 2070 beate
2914 2013 3109 2068 Paule?
3137 2013 3187 2066 in
3217 2009 3486 2066 Galatiane
3510 2005 3758 2060 viderunt

2203 2127 2321 2166 eum
2352 2109 2552 2165 Galatae
2572 2106 2920 2161 cruciﬁxum?
2952 2119 3123 2157 nonne
3147 2101 3458 2155 conﬁtemur
3484 2108 3672 2150 omnes
3703 2093 3758 2144 iu

2205 2201 2477 2255 Palaestina
2527 2198 2578 2251 in
2606 2195 2774 2250 media
2803 2194 2983 2248 Judrea
3012 2192 3277 2245 Christum
3323 2202 3442 2242 esse
3492 2197 3712 2255 passum
3733 2181 3758 2232 τ

2205 2288 2475 2359 Quomodo
2504 2302 2628 2357 ergo
2676 2287 2843 2354 ipsum
2886 2282 3083 2337 Galatae
3123 2277 3438 2334 cruciﬁxum
3467 2270 3757 2328 viderunt?

2209 2381 2387 2440 Fidei,
2416 2393 2521 2432 non
2572 2375 2779 2434 carnis,
2820 2371 3003 2426 oculis.
3054 2368 3295 2423 Vidistin’
3318 2363 3584 2435 quomodo
3632 2359 3754 2414 ﬁdei

2207 2472 2345 2525 oculi
2384 2484 2445 2523 ea
2492 2483 2606 2537 quae
2652 2481 2755 2519 non
2799 2470 3052 2531 apparent
3077 2458 3330 2512 videant?
3359 2457 3399 2508 Λ
3443 2461 3592 2506 tanto
3620 2450 3764 2504 enim

2210 2561 2479 2616 intervallo
2536 2568 2590 2611 et
2615 2565 2734 2625 post
2762 2563 2963 2608 tantum
2987 2559 3188 2618 tempus
3215 2546 3478 2600 Christum
3508 2541 3756 2594 viderunt

2209 2652 2539 2706 cruciﬁxum.
2560 2649 2646 2701 Sic
2670 2655 2721 2700 et
2749 2659 2840 2698 vos
2869 2641 3056 2696 videtis
3101 2645 3336 2691 mortuos
3375 2637 3721 2698 resurgentes
3746 2641 3761 2676 :

2210 2745 2285 2796 sic
2313 2740 2469 2794 hodie
2503 2738 2715 2792 cernitis
2749 2737 3012 2802 leprosum
3052 2727 3358 2783 mundatum
3390 2742 3403 2777 :
3439 2723 3519 2775 sic
3555 2717 3764 2787 paraly-

2211 2835 2370 2886 ticum
2397 2831 2596 2884 vidistis
2639 2833 2868 2880 erectum
2895 2862 2910 2887 ,
2938 2831 2992 2876 et
3020 2821 3184 2888 magis
3213 2815 3417 2869 vidistis
3442 2853 3455 2876 ,
3480 2826 3644 2880 quam
3671 2807 3764 2861 ιιι»

2211 2922 2329 2984 dtei,
2360 2919 2447 2989 qui
2467 2927 2589 2971 tunc
2606 2914 2841 2969 aderant.
2873 2911 2951 2964 Illi
2972 2920 3197 2975 namque
3221 2909 3508 2973 praesentes
3540 2912 3646 2950 non
3677 2893 3768 2947 ade

2212 3013 2403 3066 misere
2449 3003 2788 3066 miraculum,
2825 3014 2918 3054 vos
2961 3005 3135 3051 autem
3184 2994 3432 3046 absentes
3479 2987 3642 3040 ﬁdem
3673 2983 3770 3035 ad-

2214 3099 2448 3154 misistis.
2490 3095 2666 3163 ltaque
2704 3092 2820 3160 jure
2861 3088 2968 3143 dixi
3006 3084 3155 3139 vobis
3179 3124 3191 3144 ,
3214 3080 3357 3134 Beati
3394 3078 3545 3130 vestri
3589 3072 3726 3128 oculi
3755 3111 3770 3135 ,

2213 3190 2328 3259 quia
2371 3186 2535 3241 vident
2555 3182 2760 3256 (Matth.
2793 3182 2874 3235 l5.
2903 3177 3007 3248 16).
3044 3172 3195 3241 Quod
3229 3172 3271 3225 si
3323 3167 3537 3223 aliunde
3561 3177 3775 3233 quoque

2214 3280 2419 3333 discere
2447 3273 2672 3328 volueris
2693 3311 2707 3334 ,
2739 3270 2859 3323 ﬁdei
2904 3265 3087 3319 oculos
3115 3277 3197 3326 ea,
3225 3274 3342 3327 qua:
3366 3272 3472 3310 non
3501 3253 3774 3314 videntur,

2215 3369 2391 3423 videre
2412 3406 2426 3430 ,
2449 3375 2503 3418 et
2531 3380 2589 3417 ca
2617 3404 2630 3425 ,
2661 3375 2776 3430 quae
2815 3357 3075 3416 videntur,
3118 3358 3526 3419 prtetercurrere
3560 3359 3573 3394 :
3603 3353 3777 3406 neque

2216 3459 2353 3512 enim
2395 3455 2496 3508 alio
2534 3450 2688 3505 modo
2721 3447 2943 3500 viderint
2967 3457 3025 3496 ea
3047 3481 3062 3505 ,
3093 3453 3209 3507 quae
3239 3451 3345 3489 non
3374 3433 3644 3494 videntur,
3675 3426 3778 3480 nisi

2215 3562 2372 3616 supra
2409 3545 2545 3598 dicta
2574 3539 2906 3609 despexerint
2932 3551 2945 3586 :
2969 3531 3090 3586 audi
3120 3527 3337 3583 Paulum
3362 3525 3431 3578 de
3467 3518 3781 3575 Abraham

2217 3608 2559 3692 disserentem
2580 3672 2595 3696 ,
2622 3608 2760 3697 quod
2795 3638 2981 3691 nempe
3025 3620 3145 3673 ﬁdei
3186 3615 3354 3670 oculis
3382 3610 3579 3667 viderit
3607 3608 3780 3660 ﬁlium

2217 3742 2370 3782 suum
2400 3724 2540 3777 Isaac
2584 3717 2899 3772 nasciturum
2925 3754 2938 3775 ,
2976 3720 3028 3764 et
3053 3711 3128 3762 sic
3164 3704 3427 3772 acceperit
3464 3697 3782 3769 promissio-

2218 3831 2358 3869 nem.
2409 3811 2541 3878 Quid
2572 3808 2709 3862 enim
2739 3805 2850 3856 ait?
2877 3801 2943 3854 Et
2979 3815 3074 3851 non
3109 3797 3397 3864 inﬁrmatus
3434 3797 3506 3842 est
3529 3787 3654 3854 fide,
3689 3797 3780 3834 nec

2217 3873 2537 3960 consider:sz
2560 3912 2737 3966 corpus
2755 3909 2899 3948 suum
2923 3897 3201 3943 emortuum
3230 3883 3403 3952 (Rom.
3435 3880 3489 3932 4.
3523 3876 3638 3945 l9).
3669 3873 3783 3926 Ma-

2217 4011 2318 4065 gna
2351 3993 2429 4045 vis
2470 3987 2610 4042 ﬁdei.
2649 3962 3102 4049 Quemadmodum
3131 3975 3273 4028 enim
3312 3967 3655 4036 Cogitationes
3681 3962 3781 4013 ho-

2218 4049 2405 4140 minum
2454 4079 2638 4133 timida:
2685 4081 2797 4128 sunt
2826 4081 2872 4124 et
2907 4069 3122 4135 inﬁrma
3165 4063 3317 4136 (Sep.
3349 4060 3402 4114 9.
3434 4057 3524 4126 14)
3550 4072 3565 4118 ;
3589 4055 3671 4108 sic
3718 4049 3784 4104 li-

2217 4176 2311 4231 des
2355 4172 2504 4226 fortis
2550 4176 2837 4237 potensque
2890 4169 2985 4213 est.
3040 4156 3159 4209 Non
3205 4147 3537 4205 consideravit
3591 4157 3784 4209 corpus

2217 4280 2358 4318 suum
2395 4229 2687 4312 emortuum.
2718 4229 2898 4306 Vidcn’
2919 4241 3180 4314 quomodo
3205 4237 3431 4291 visibilia
3477 4229 3782 4286 dimiserit?

2216 4347 2477 4421 quomodo
2529 4357 2630 4396 non
2687 4334 2973 4403 respexerit
3019 4333 3069 4383 in
3128 4322 3497 4381 senectutem?
3551 4316 3789 4370 Etiamsi

2219 4408 2330 4493 lizec
2368 4449 2476 4506 pra:
2501 4430 2668 4484 oculis
2709 4433 2840 4488 erat,
2875 4420 2966 4475 sed
3015 4416 3135 4471 ﬁdei
3174 4413 3344 4468 oculis
3369 4408 3616 4470 videbat,
3671 4416 3785 4457 non

2216 4531 2380 4586 oculis
2429 4521 2685 4590 corporis.
2725 4516 2847 4572 ideo
2876 4526 2982 4565 non
3019 4503 3253 4574 respexit
3294 4499 3361 4554 ad
3399 4502 3738 4553 senectutem
3763 4533 3782 4554 ,

2218 4581 2385 4689 neque
2412 4615 2489 4668 Ad
2520 4581 2790 4666 emortuam
2827 4602 3018 4655 vulvam
3048 4596 3222 4651 Same
3246 4591 3420 4663 (Rom.
3452 4588 3505 4640 4.
3531 4584 3649 4652 19).
3685 4581 3789 4636 Hie

2219 4672 2541 4764 stei'ilitatem
2578 4696 2727 4752 nobis
2745 4688 3060 4746 subindicat.
3090 4682 3291 4749 Duplex
3317 4678 3462 4731 enim
3491 4672 3786 4726 inﬁrmitas

2217 4806 2329 4853 erat
2347 4813 2358 4858 ;
2379 4793 2475 4844 alia
2504 4805 2532 4841 a
2555 4790 2841 4841 senectute,
2867 4778 2964 4828 alia
2992 4775 3055 4825 ab
3085 4767 3392 4824 inﬁrmitate
3415 4770 3647 4817 naturae.
3670 4757 3786 4812 Ne-

2217 4901 2319 4957 que
2347 4882 2484 4935 enim
2531 4884 2727 4929 tantum
2777 4879 2966 4933 corpus
3014 4861 3081 4914 ob
3107 4867 3318 4912 aetatem
3361 4853 3429 4907 ad
3483 4851 3787 4904 liberorum

2215 4935 2628 5043 procreationem
2665 4959 2895 5024 ineptum
2935 4958 3046 5003 erat
3065 4985 3082 5012 ,
3110 4945 3204 4999 md
3232 4943 3389 4996 vulva
3418 4951 3634 5007 quoque
3666 4935 3791 5004 ejus

2217 5032 2271 5119 et
2295 5068 2492 5116 natura:
2520 5051 2728 5105 ofﬁcina
2750 5051 2862 5098 erat
2887 5045 3124 5093 emortua
3148 5075 3162 5100 ,
3189 5032 3351 5086 etiam
3372 5037 3497 5082 ante
3524 5033 3789 5080 senectu-

2220 5112 2362 5211 iem,
2395 5155 2580 5209 nempe
2621 5136 2688 5190 ob
2716 5130 3065 5187 sterilitatem.
3091 5121 3274 5175 Viden‘
3302 5125 3502 5187 quanta
3554 5112 3791 5181 impedi-

2218 5236 2428 5297 menta?
2473 5233 2723 5285 Senectus
2769 5219 2901 5280 viri,
2949 5222 3192 5270 senectus
3247 5208 3431 5264 uxoris
3476 5203 3791 5258 :sterilitas

2217 5331 2384 5399 major
2409 5325 2562 5381 obex,
2594 5328 2747 5384 quam
2773 5315 3016 5363 senectus
3039 5321 3053 5355 :
3074 5317 3193 5356 nam
3224 5298 3354 5353 illud
3373 5304 3458 5351 est
3485 5294 3792 5347 maximum

2219 5420 2286 5474 ad
2305 5380 2592 5470 liberorum
2613 5380 3038 5471 procreationem
3065 5388 3523 5459 impedimentum.
3554 5380 3792 5433 Verum-

2222 5518 2395 5562 tamen
2425 5500 2536 5554 ha-c
2554 5463 2725 5548 omnia
2758 5479 3146 5556 praetercurrit,
3183 5482 3344 5541 atque
3364 5468 3538 5526 oculis
3567 5464 3700 5521 ﬁdei
3729 5463 3788 5519 in
