4032 6220
184 384 293 440 271

824 367 893 427 IN
923 366 1150 432 ILLUD,
1184 365 1318 420 1100
1369 362 1657 419 SCITOTE
1687 362 1820 430 QUO

1922 362 1981 417 IN
2017 359 2408 417 NOVISSIHIS
2437 359 2703 425 DIEBUS,
2746 359 2891 416 ETC.

1700 854 2090 937 OMIAIA

178 1149 281 1216 είς
332 1149 395 1203 τὸ
448 1145 851 1203 ἀπωτολικὸν
877 1142 1067 1211 ῥητὸν
1123 1140 1188 1195 τὸ
1221 1139 1420 1208 λέγον·
1484 1136 1651 1190 Τοῦτο
1681 1136 1735 1189 δὲ
1794 1136 2105 1257 γὶιέιὲἕίκετε,
2162 1137 2243 1190 ὅτι
2286 1139 2345 1190 ὲν
2394 1136 2647 1205 ἐσχάταις
2692 1135 2923 1206 ἡμέραις
2972 1136 3177 1189 ἔσονται
3241 1138 3417 1205 καιροὶ
3469 1156 3560 1209 χαρ-

254 1634 323 1681 α’.
364 1624 614 1695 ’Δσθενὴς
663 1624 758 1693 μέν
788 1625 901 1691 ειμι
928 1621 1020 1674 καὶ
1052 1619 1281 1689 πτωχὸς,
1314 1620 1405 1672 καὶ
1432 1617 1819 1672 διδασκαλικῶν

184 1711 410 1779 ἄπειρος
447 1710 633 1777 λόγων·
685 1707 795 1760 ἀλλ’
827 1708 953 1759 ὅταν
986 1706 1077 1757 ῖδω
1123 1705 1212 1756 τὸν
1246 1704 1504 1775 ὑμέτερον
1545 1702 1817 1770 σύλλογον,

188 1794 605 1861 ἐπιλανθάνομαι
638 1792 732 1861 τῆς
757 1791 1053 1852 ἀσθενείας,
1079 1788 1254 1855 ἀγνοῶ
1286 1790 1382 1857 τὴν
1418 1787 1700 1857 πτωχείαν,
1722 1788 1820 1840 οὐκ

188 1875 303 1929 οἶδα
325 1879 420 1947 τὴν
448 1876 715 1945 ἀπειρίαν·
752 1873 973 1941 τοιαύτη
991 1873 1097 1942 γάρ
1126 1874 1223 1942 τῆς
1248 1872 1513 1941 ὑμετέρας
1544 1872 1757 1939 ἀγάπης
1783 1874 1817 1946 η

188 1963 458 2033 τυραννίς.
481 1962 569 2013 Διὸ
596 1962 686 2011 καὶ
710 1959 815 2011 τῶν
838 1961 895 2011 ὲν
913 1958 1140 2027 εὐπορία
1177 1957 1522 2010 καθεστώτων
1553 1956 1820 2027 προθυμό-

188 2065 343 2117 τερον
384 2048 509 2114 ὑμῖν
547 2045 643 2114 τὴν
683 2047 779 2114 τῆς
832 2042 1097 2112 πτωχείας
1152 2043 1484 2112 παρατίθημι
1524 2043 1816 2112 τράπεζαν.

189 2132 403 2200 Ταύτης
433 2132 489 2183 δὲ
516 2132 668 2197 ὑμεῖς
692 2130 850 2184 αἴτιοι
876 2129 972 2197 τῆς
1004 2128 1415 2197 μεγαλοψυχίας,
1444 2130 1509 2197 τῇ
1546 2128 1819 2198 προθυμίᾳ

190 2218 288 2286 τῆς
323 2217 632 2288 ἀκροάσεως
661 2219 783 2276 τοὺς
816 2214 1263 2274 ἀναπεπτωκότας
1291 2214 1660 2283 διεγείροντες,
1683 2215 1818 2284 πρὸς

190 2306 287 2374 τὴν
326 2305 580 2373 ἀκρόασιν
614 2303 913 2371 κεχηνότες,
954 2300 1045 2353 καὶ
1077 2299 1176 2367 τῆς
1224 2299 1316 2350 τοῦ
1350 2299 1592 2365 λέγοντος
1624 2300 1816 2367 ἐκκρε-

194 2390 425 2458 μάμενοι
448 2388 705 2456 γλώττης.
739 2386 891 2439 Οῦτω
912 2385 1003 2437 καὶ
1032 2385 1236 2436 νεοσσοὶ
1271 2384 1567 2452 χελιδόνων,
1607 2384 1818 2437 ὲπειδάν

192 2474 341 2527 ῐδωσι
373 2472 811 2542 προσιπταμένην
860 2471 955 2539 τὴν
990 2469 1219 2538 μητέρα,
1258 2468 1355 2536 τῆς
1392 2468 1580 2529 καλιᾶς
1613 2468 1816 2535 προκύ-

190 2559 387 2625 ψαντες
426 2558 665 2617 καὶτοὺς
716 2556 941 2623 αὑχένας
989 2556 1301 2621 ποιήσαντες
1327 2554 1629 2623 ὲκκρεμεῖς,
1680 2552 1819 2604 οῦτω

190 2644 431 2711 δέχονται
450 2642 548 2710 τὴν
575 2640 701 2708 παρ’
728 2641 934 2707 ἐκείνης
961 2639 1180 2706 τροφήν.
1214 2636 1367 2687 Οὕτω
1388 2638 1478 2688 καὶ
1499 2637 1650 2704 ὑμεῖς
1685 2637 1818 2704 μετά

190 2734 389 2802 πολλῆς
421 2731 518 2799 τῆς
542 2728 839 2800 προθυμίας
860 2728 990 2796 πρὸς
1022 2728 1109 2778 τὸν
1140 2726 1357 2792 λέγοντα
1398 2724 1696 2792 βλέποντες,
1732 2723 1816 2774 δέ·-

190 2819 348 2886 χεσθε
376 2819 471 2886 τὴν
497 2816 601 2869 ἀπὸ
628 2812 774 2885 [ἳ79]
800 2813 896 2881 τῆς
918 2810 1154 2879 γλώττης
1187 2808 1542 2877 κομιζομένην
1564 2808 1687 2877 ὑμῖν
1708 2808 1819 2861 διά-

189 2902 352 2964 λεξιν,
378 2903 470 2953 καὶ
514 2901 642 2969 πρὶν
672 2899 705 2969 ἢ
738 2898 805 2950 τὰ
837 2898 1050 2966 ῥήματα
1092 2894 1391 2961 ἐκπηδῆσαι
1436 2892 1526 2944 τοῦ
1560 2892 1819 2960 στόματος

190 2986 367 3056 ἡμῶν,
394 2987 633 3055 ἥρπασεν
665 2985 699 3052 ἡ
726 2982 929 3035 διάνοια
956 2980 1022 3032 τὰ
1053 2979 1331 3048 ὶεγόμενα.
1368 2976 1459 3039 Τίς
1493 2972 1583 3029 οὖν
1622 2978 1718 3028 οὐκ
1755 2975 1819 3029 ἂν

190 3073 284 3124 καὶ
312 3070 453 3139 ὑμᾶς
484 3069 575 3123 καὶ
609 3069 751 3137 ἡμᾶς
800 3068 889 3118 ἐπὶ
927 3064 1129 3126 τούτοις
1189 3062 1552 3131 μακαρίσειεν,
1580 3062 1821 3128 δτιλέγο-

193 3174 292 3226 μεν
326 3158 423 3219 Eu;
453 3150 567 3207 ὦτα
588 3152 921 3219 ᾀκουόντων
938 3165 956 3211 ;
985 3148 1173 3208 Κοινὸς
1194 3149 1221 3199 ό
1254 3148 1425 3208 πόνος,
1455 3147 1626 3206 κοινὸς
1671 3146 1762 3196 καὶ
1792 3148 1820 3198 ό

189 3242 470 3309 στέφανος·
500 3236 744 3291 κοινὸντδ
760 3235 965 3304 κέρδος,
984 3232 1156 3293 κοινὸς
1185 3232 1276 3283 καὶ
1295 3232 1323 3282 ό
1352 3230 1553 3299 μισθός.
1578 3229 1673 3281 Διά
1701 3229 1820 3281 τοῦ-

187 3343 251 3379 το
276 3326 408 3379 καὶό
432 3324 653 3394 Χριστὸς
686 3320 980 3389 ὶμακάρισε
1010 3316 1131 3378 τοὺς
1170 3315 1409 3385 μαθητάς
1438 3315 1624 3381 λέγων·
1642 3313 1820 3394 Ὑμῶν

188 3410 259 3462 δὲ
273 3393 543 3478 μακάριοι
572 3410 623 3459 οἱ
650 3403 953 3473 ὀφθαλμοὶ,
984 3403 1069 3453 ὅτι
1106 3401 1424 3464 βλέπουσι,
1474 3398 1568 3450 καὶ
1597 3399 1667 3451 τὰ
1706 3393 1821 3449 ὦτα

188 3493 380 3561 ὑμῶν,
411 3493 498 3544 ὅτι
545 3492 847 3544 ἀκούουσι.
891 3487 1016 3538 Δότε
1047 3503 1132 3554 μοι
1171 3484 1337 3536 ταῦτα
1360 3484 1426 3535 τά
1462 3484 1671 3551 ῥήματα
1730 3484 1821 3533 καὶ

190 3578 328 3645 πρὸς
362 3576 501 3643 ὑμᾶς
540 3576 729 3634 εἰπεῖν,
758 3572 942 3640 ἐπειδὴ
992 3572 1082 3623 καὶ
1128 3570 1223 3637 τὴν
1268 3568 1431 3637 αὑτὴν
1459 3567 1819 3619 ὲπιδείκνυσθε

189 3663 517 3732 προθυμίαν·
556 3659 745 3726 ’Υμῶν
772 3658 837 3709 δὲ
873 3656 1141 3725 μακάριοι
1170 3658 1221 3706 οί
1247 3653 1549 3720 ὀφθαλμοὶ,
1576 3650 1818 3713 ὅτιβλέ-

188 3761 395 3808 nomn,
448 3745 544 3797 καὶ
589 3745 659 3797 τὰ
704 3738 823 3795 ὦτα
861 3741 1042 3809 ὑμῶν,
1080 3740 1163 3792 ὅτι
1209 3740 1547 3791 ἀκούουσιν.
1579 3736 1709 3786 Ἀλλ’
1741 3737 1819 3787 ὅτι

191 3833 297 3900 μὲν
330 3829 481 3898 ὑμῶν
508 3828 573 3880 τά
599 3823 706 3881 ὦτα
740 3826 943 3891 ἀκούει,
975 3825 1147 3893 δῆλον·
1170 3825 1249 3875 ὅτι
1273 3823 1327 3874 δὲ
1366 3823 1455 3874 καὶ
1483 3822 1528 3872 οἱ
1562 3820 1820 3888 ὀφθαλμοὶ

191 3918 469 3984 βλέπουσι,
519 3913 763 3982 καθάπερ
813 3911 1030 3963 ἔϐλεπον
1078 3908 1127 3959 οί
1187 3907 1420 3976 μαθηταὶ
1468 3906 1618 3969 τότε,
1668 3906 1820 3956 τοῦτο

187 4000 467 4064 ἀποδεῖξαι
493 3998 835 4067 πειράσομαι,
867 3996 950 4047 ῖνα
985 3993 1055 4063 μὴ
1079 3992 1136 4055 ἐξ
1158 3993 1424 4061 ἡμισείας,
1459 3991 1567 4043 ἀλλ’
1598 3990 1818 4058 ὁλόκλη-

190 4104 283 4156 ρος
308 4084 460 4154 ὑμῶν
490 4086 518 4135 ό
560 4081 899 4152 μακαρισμὸς
1026 4080 1090 4130 Τί
1118 4075 1207 4130 οῦν
1246 4078 1467 4128 ἔϐλεπον
1494 4077 1611 4127 τότε
1642 4077 1690 4127 οί
1724 4092 1822 4143 μα-

187 4171 383 4239 θηταῖς
419 4169 658 4234 Νεκροὺς
698 4165 1109 4234 ἀνισταμένους,
1138 4164 1367 4230 τυφλοὺς
1408 4161 1819 4223 ἀναϐλέποντας,

186 4256 422 4323 λεπροὺς
450 4252 887 4321 καθαιρομένους,
917 4249 1167 4318 δαίμονας
1194 4248 1591 4316 ἐλαυνομένους,
1622 4246 1822 4314 χωλοὺς

190 4340 527 4407 βαδίζοντας,
553 4337 692 4391 ἀπαν
721 4336 930 4405 φύσεως
960 4334 1255 4404 ἁμάρτημα
1284 4328 1824 4399 διορθούμενον.Ταῦ-

186 4440 258 4475 τα
289 4423 511 4491 βλέπετε
540 4423 631 4475 καὶ
654 4422 805 4490 ὑμεῖς
840 4420 952 4482 νῦν,
985 4421 1030 4470 εί
1064 4420 1156 4471 καὶ
1189 4418 1261 4487 μὴ
1290 4420 1399 4477 τοῖς
1430 4416 1519 4469 τοῦ
1556 4415 1820 4485 σώματος,

188 4509 331 4562 ἀλλά
361 4509 474 4570 τοῖς
508 4509 605 4576 τῆς
630 4500 855 4567 πίστεως
884 4504 1192 4571 ὀφθαλμοῖς.
1224 4500 1472 4553 Τοιαῦται
1501 4503 1607 4571 γὰρ
1646 4501 1701 4552 αί
1725 4501 1821 4567 τῆς

187 4595 425 4655 πίστεως
446 4592 614 4659 ὄψεις·
654 4591 719 4643 τά
755 4590 828 4660 ph
852 4589 1140 4657 φαινόμενα
1163 4587 1428 4655 βλέπουσι,
1462 4587 1550 4637 καὶ
1576 4586 1641 4636 τά
1669 4585 1826 4655 μηδέ-

188 4696 282 4732 πω
322 4677 628 4745 πραχθέντα
670 4675 1003 4728 κατανοοῦσι.
1046 4674 1210 4726 Πόθεν
1236 4672 1389 4723 τοῦτο
1414 4672 1586 4740 δῆλον,
1610 4671 1688 4721 ὅτι
1733 4670 1822 4721 πί·-

190 4780 310 4822 στις
327 4761 447 4828 ὕψις
467 4760 581 4812 εστὶ
606 4760 712 4811 τῶν
733 4759 807 4829 ph
830 4760 1161 4828 βλεπομένων
1190 4758 1280 4809 καὶ
1305 4758 1515 4824 ἐλεγχος
1534 4772 1549 4820 ;
1568 4756 1825 4807 Ἀκουσον

187 4847 289 4899 τοῦ
322 4846 529 4899 Παύλου
570 4844 830 4910 λέγοντος·
864 4847 1034 4897 Ἔστι
1086 4843 1152 4895 δὲ
1200 4845 1397 4906 πίστις
1438 4841 1825 4908 ἐλπιζομένων

190 4934 530 4995 ὑπόστασις
584 4927 949 4996 πραγμάτων,
1004 4929 1247 4995 ἐλεγχος
1303 4930 1372 4979 οὐ
1417 4927 1819 4994 βλεπομένων.

188 5017 309 5069 Καὶ
326 5016 385 5067 τὸ
416 5014 479 5082 δὴ
526 5013 848 5082 θαυμαστὸν,
893 5005 1034 5064 οὗτοι
1069 5014 1163 5081 μὲν
1190 5016 1237 5064 οι
1268 5014 1364 5078 τῆς
1389 5012 1585 5081 σαρκὸς
1626 5012 1821 5079 ὀφθαλ-

198 5102 302 5170 μοὶ
325 5099 395 5151 τὰ
421 5098 517 5167 μὲν
562 5097 805 5167 δρώμενα
850 5096 1117 5165 βλέπουσι,
1163 5098 1228 5148 τὰ
1265 5098 1320 5149 δὲ
1375 5097 1448 5165 μὴ
1470 5096 1714 5165 ὁρώμενα
1764 5098 1821 5148 ού

191 5184 502 5253 βλέπουσιν·
530 5184 577 5234 ot
605 5183 659 5233 δὲ
687 5182 782 5249 τῆς
814 5181 1037 5240 πίστεως
1056 5179 1315 5247 ὀφθαλμοὶ
1338 5181 1640 5231 τούναντίον
1660 5182 1820 5242 ἀπαν,

187 5270 261 5322 τὰ
289 5268 391 5338 μὲν
416 5266 665 5336 ὁρώμενα
714 5267 772 5319 οὐ
817 5265 1088 5334 βλέπουσι,
1133 5265 1200 5315 τὰ
1232 5265 1286 5315 δὲ
1320 5265 1392 5335 ph
1432 5264 1678 5335 ὁρώμενα
1708 5265 1824 5333 βλέ-

190 5370 377 5405 πουσι.
400 5352 508 5403 Καὶ
540 5354 617 5403 ὅτι
662 5351 730 5403 τὰ
766 5350 1060 5419 βλεπόμενα
1109 5350 1167 5399 ού
1202 5349 1471 5416 βλέπουσι,
1521 5353 1610 5402 καὶ
1636 5350 1702 5401 τὰ
1752 5351 1823 5419 ph

191 5436 502 5504 βλεπόμενα
535 5436 832 5503 βλέπουσιν,
870 5437 898 5487 ό
930 5434 1134 5495 Παῦλος
1166 5434 1423 5499 ἐδήλωσεν
1445 5435 1609 5487 εἰπὼν
1635 5436 1820 5497 οὕτως·

194 5522 269 5575 Τὸ
296 5522 404 5591 γὰρ
441 5522 771 5588 παραυτίκα
796 5521 1052 5589 ἐλαφρὸν
1078 5519 1184 5585 τῆς
1214 5521 1467 5585 θλίψεως
1501 5523 1625 5573 καθ’
1650 5525 1825 5587 ὑπερ-

190 5607 387 5675 ϐολὴν
431 5610 516 5671 εὶς
569 5607 897 5676 ὑπερϐολὴν
949 5607 1179 5662 (ιίώνιον
1217 5603 1403 5673 ,βάρος
1456 5606 1635 5672 δόξης
1686 5607 1826 5673 ἡμῖν

1920 1616 2342 1687 κατεργάζεται,
2360 1616 2444 1685 μὴ
2491 1618 2878 1670 σκοπούντων
2910 1621 3075 1688 ἡμῶν
3104 1621 3173 1673 τὰ
3189 1622 3303 1682 ﬁla
3316 1623 3555 1690 ετόμενα,

1917 1705 2077 1758 ἀλλὰ
2103 1706 2174 1758 τὰ
2198 1704 2282 1772 μὴ
2327 1704 2688 1770 βλεπόμενα.
2720 1704 2826 1755 Καὶ
2872 1704 2984 1766 πῶς
3012 1707 3075 1759 ἀν
3107 1722 3185 1767 τις
3241 1708 3338 1759 ῖδοι
3382 1707 3448 1759 τὰ
3479 1710 3555 1779 μὴ

1920 1789 2251 1859 βλεπόμενα;
2282 1789 2402 1847 Πῶς
2430 1787 2618 1847 ἄλλως,
2652 1788 2815 1855 ἀλλ’ἢ
2844 1792 2951 1849 τοῖς
2980 1792 3073 1857 τῆς
3096 1790 3327 1852 πίστ-ως
3356 1791 3552 1855 mea-

1921 1878 2068 1944 μοῖς;
2103 1873 2254 1926 Οὕτω
2283 1874 2374 1925 καὶ
2406 1871 2637 1941 ἀλλαχοῦ
2673 1890 2821 1941 φησι·
2846 1873 3049 1926 Πίστει
3069 1875 3323 1943 νοοῦμεν
3347 1893 3551 1944 κατηρ-

1916 1959 2109 2011 τίσθαι
2144 1956 2282 2021 τοὺς
2303 1958 2535 2020 αἰῶνας.
2569 1955 2723 2020 Πῶς;
2763 1957 2825 2007 οὐ
2861 1956 2965 2026 γὰρ
3003 1957 3227 2025 εἴδομεν.
3255 1959 3353 2022 Εἰς
3372 1960 3436 2011 τὸ
3464 1961 3550 2027 μὴ

1916 2042 1983 2094 ἐκ
2009 2040 2375 2109 φαινομένων
2404 2042 2471 2092 τὰ
2487 2040 2831 2107 βλεπόμενα
2881 2042 3204 2107 γεγονέναι,
3238 2042 3391 2109 φησί.
3422 2043 3553 2096 Βού-

1916 2126 2069 2178 λεσθε
2095 2126 2184 2179 καὶ⁵
2221 2126 2407 2194 ἑτέραν
2442 2126 2670 2195 παράγω
2697 2126 3014 2194 μαρτυρίαν,
3039 2127 3119 2176 ὅτι
3140 2126 3207 2178 τά
3248 2128 3321 2195 ph
3356 2127 3549 2194 βλεπό-

1920 2228 2054 2280 μενα
2118 2211 2401 2280 βλέπουσιν
2446 2211 2494 2261 οἱ
2541 2211 2635 2279 τῆς
2686 2210 2917 2271 πίστεως
2967 2211 3258 2278 ὀφθαλμοί;
3292 2213 3553 2275 Γαλάταις

1918 2298 2046 2349 ποτὲ
2072 2296 2335 2365 γράφωνδ
2366 2295 2570 2357 Παῦλος
2599 2296 2796 2362 ἔλεγεν·
2820 2292 2917 2359 Οἷς
2932 2298 3055 2349 κατ’
3078 2300 3416 2366 ὀφθαλμοὺς
3450 2301 3552 2367 Ἰη-

1917 2381 2064 2445 σοῦς
2086 2379 2329 2447 Χριστὸς
2354 2380 2683 2447 προεγράφη
2706 2382 2773 2432 ἐν
2795 2381 2932 2447 ὑμῖν
2949 2383 3407 2450 ἐσταυρωμένος.

1990 2466 2052 2534 β’.
2083 2466 2144 2516 Τί
2170 2465 2360 2530 λέγεις,
2390 2462 2433 2517 ὦ
2461 2466 2688 2534 μακάριε
2710 2466 2916 2529 Ila-315;
2950 2468 3005 2517 ἐν
3034 2468 3261 2537 Γαλατία
3290 2469 3547 2538 σταυρούο

1920 2569 2077 2620 μενον
2112 2552 2271 2601 αὑτὸν
2306 2547 2440 2601 εἶδον
2482 2550 2747 2613 Γαλάταις
2786 2550 2903 2617 οὑχ).
2938 2552 3133 2613 πάντες
3166 2555 3547 2622 ὁμολογοῦμεν,

1914 2638 1993 2688 ὃτι
2025 2638 2081 2687 ὲν
2113 2634 2436 2702 Παλαιστίνῃ
2483 2635 2538 2685 ὲν
2572 2635 2708 2703 μέσῃ
2745 2635 2965 2705 Ἰουδαία
2995 2637 3052 2688 τὸ
3096 2638 3261 2699 πάθος
3306 2640 3546 2703 ὲγένετο;

1916 2720 2035 2780 Πῶς
2065 2715 2154 2771 οῦν
2188 2717 2342 2771 αὑτὸν
2380 2715 2513 2770 εἶδον
2564 2718 2952 2788 σταυρούμενον
2992 2722 3251 2780 Γαλάται;
3295 2721 3416 2785 Τοῖς
3452 2725 3550 2793 τῆς

1919 2808 2148 2866 πίστεως
2184 2804 2490 2873 ὀφθαλμοῖς,
2524 2804 2581 2854 οὑ
2630 2807 2735 2865 τοῖς
2768 2804 2864 2871 τῆς
2908 2808 3122 2875 σαρκός.
3175 2805 3321 2870 Εἶδες
3351 2810 3465 2871 πῶς
3497 2811 3548 2862 οί

1918 2892 2016 2959 τῆς
2069 2890 2301 2949 πίστεως
2347 2888 2607 2957 ὀφθαλμοὶ⁸
2652 2889 2719 2939 τά
2767 2890 2839 2958 μὴ
2888 2892 3182 2960 φαινόμενα
3230 2894 3545 2961 βλέπουσιν;

1930 2979 2059 3033 Ἀπὸ
2105 2978 2355 3031 τοσούτου
2412 2978 2537 3044 γοῦν
2584 2978 2943 3047 διαστήματος
2993 2981 3083 3031 καὶ
3121 2982 3256 3049 μετὰ
3301 2983 3550 3035 τοσοῦτον

1918 3065 2102 3133 χρόνον
2128 3064 2215 3115 τὸν
2240 3063 2468 3132 Χριστὸν
2502 3057 2636 3114 εἶδον
2664 3063 3071 3132 σταυρούμενον.
3090 3066 3241 3117 Οὕτω
3274 3066 3364 3119 καὶ
3394 3067 3548 3135 ὑμεῖς

1920 3148 2139 3217 βλέπετε
2202 3148 2322 3207 τοὺς
2369 3147 2589 3216 νεκροὺς
2651 3147 3056 3216 ἀνισταμένους·
3116 3150 3252 3200 οὕτω
3315 3153 3548 3220 σήμερον

1918 3233 2081 3283 είδετε
2148 3231 2238 3283 τὸν
2290 3231 2482 3301 λεπρὸν
2553 3230 2963 3300 καθαιρόμενον·
3024 3233 3189 3295 οὕτως
3237 3235 3403 3286 εἴδετε
3460 3237 3546 3290 τὸν

1918 3317 2350 3386 παραλελυμένον
2390 3316 2708 3378 ἀναστάντα,
2737 3315 2883 3386 [280]
2920 3318 3011 3368 καὶ
3061 3319 3252 3386 μᾶλλον
3287 3320 3546 3374 Ἰουδαίων

1924 3403 2023 3452 τῶν
2072 3402 2347 3471 παρόντων
2392 3402 2578 3453 εἴδετε.
2620 3401 2841 3452 Ἐκεῖνοι
2891 3402 2986 3469 μὲν
3024 3403 3127 3470 γὰρ
3177 3404 3436 3470 παρόντες
3483 3408 3544 3457 οὑ

1921 3486 2272 3555 παρεδέξαντο
2304 3488 2364 3537 τὸ
2397 3486 2595 3553 θαῦμα,
2624 3487 2775 3553 ὑμεῖς
2822 3486 2875 3537 δὲ
2923 3487 3145 3548 ἀπόντες
3185 3489 3543 3557 παρεδέξασθε

1919 3589 2013 3640 την
2040 3572 2233 3622 πίστιν.
2268 3571 2424 3621 Ὥστε
2450 3571 2666 3630 δικαίως
2712 3568 2857 3622 εἷπον
2890 3572 3021 3639 πρὸς
3050 3573 3209 3638 ὑμᾶς,
3237 3573 3317 3623 ὅτι
3350 3577 3546 3626 Μακά-

1911 3674 2028 3723 ριοι
2060 3656 2199 3723 ὑμῖν
2226 3659 2276 3708 οἱ
2310 3657 2615 3723 ὀφθαλμοὶ,
2646 3658 2730 3707 ὅτι
2751 3657 3108 3718 βλέπουσιν.
3145 3658 3203 3709 Εί
3237 3659 3291 3710 δὲ
3318 3660 3408 3709 καὶ
3433 3659 3541 3710 έτέ-

1923 3741 2089 3808 ρωθεν
2124 3740 2300 3808 βούλει
2345 3740 2529 3808 μαθεῖν
2573 3742 2652 3791 ὅτι
2694 3741 2757 3791 τὰ
2799 3741 2871 3809 μὴ
2916 3742 3213 3810 βλεπόμενα
3264 3742 3545 3811 βλέπουσιν

1920 3829 1965 3876 οἱ
2003 3826 2097 3893 τῆς
2124 3826 2353 3886 πίστεως
2378 3825 2655 3892 ὀφθαλμοὶ,
2682 3825 2748 3876 τά
2778 3825 2830 3876 δὲ
2858 3825 3154 3893 βλεπόμενα
3182 3828 3543 3896 παρατρέχου-

1923 3927 2003 3961 σιν
2023 3924 2036 3937 ·
2071 3910 2188 3962 οὐδὲ
2218 3911 2323 3979 γάρ
2354 3911 2419 3962 ἂν
2444 3910 2611 3971 ἄλλως
2643 3911 2795 3961 ἴδοιεν
2827 3909 2893 3961 τά
2924 3910 2996 3979 μὴ
3040 3911 3352 3980 βλεπόμενα,
3386 3915 3432 3962 εί
3470 3912 3543 3981 ph

1921 3998 2382 4065 καταφρονήσαιεν
2426 3995 2532 4046 τῶν
2575 3994 2901 4063 εἰρημένων·
2956 3997 3177 4048 ἄκουσον
3209 3996 3299 4048 τοῦ
3335 3996 3543 4049 Παύλου

1920 4082 2043 4150 περὶ
2079 4082 2170 4133 τοῦ
2203 4081 2448 4151 Ἀϐραὰμ
2481 4080 2874 4149 διαλεγομένου,
2904 4083 2981 4133 ὄτι
3024 4085 3130 4144 τοῖς
3176 4083 3271 4151 τῆς
3318 4085 3545 4146 πίστεως

1919 4166 2207 4235 ὀφθαλμοῖς
2236 4161 2337 4217 εἶδε
2370 4168 2456 4217 τὸν
2483 4167 2594 4219 υἱὸν
2615 4168 2921 4237 τικτόμενον
2940 4167 3027 4219 τὸν
3060 4169 3259 4230 Ἰσαὰκ,
3284 4169 3374 4220 καὶ
3406 4168 3545 4220 οὕτω

1921 4250 2234 4314 κατεδέξατο
2284 4251 2378 4320 τὴν
2430 4252 2767 4318 ἐπαγγελίαν.
2835 4254 2896 4304 Τί
2934 4254 3038 4322 γάρ
3090 4269 3246 4321 φησι;
3292 4254 3398 4307 Καὶ
3456 4252 3542 4319 μὴ

1920 4336 2258 4400 ἀσθενήσας
2286 4334 2357 4401 τῇ
2382 4337 2593 4397 πίστει,
2617 4338 2686 4389 οὐ
2709 4340 3028 4403 κατενόησε
3056 4340 3117 4389 τὸ
3144 4338 3353 4390 ἑαυτοῦ
3377 4335 3545 4405 σῶμα

1922 4421 2371 4488 νενεκρωμένον.
2397 4421 2615 4490 Μεγάλη
2645 4422 2740 4489 τῆς
2766 4422 2993 4484 πίστεως
3022 4422 3312 4491 ἡδύναμις.
3339 4424 3546 4489 Ὥσπερ

1924 4505 2027 4571 γὰρ
2053 4505 2322 4571 λογισμοὶ
2368 4504 2683 4570 ἀνθρώπων
2714 4506 2891 4558 δειλοὶ
2926 4508 3023 4559 καὶ
3074 4507 3361 4571 ἀσθενεῖς,
3407 4507 3546 4559 οὕτω

1924 4590 2101 4650 πίστις
2136 4588 2324 4657 ἰσχυρά
2365 4589 2456 4640 καὶ
2502 4589 2718 4658 δυνατή.
2753 4592 2833 4643 Οὺ
2861 4592 3188 4659 κατενόησε
3223 4592 3287 4643 τὸ
3331 4592 3545 4643 ἑαυτοῦ

1924 4674 2089 4741 σῶμα
2121 4676 2571 4739 νενεκρωμένον.
2613 4674 2769 4743 Ὁρᾷς
2817 4677 2931 4735 πῶς
2969 4677 3141 4743 ἀφῆκε
3167 4675 3231 4726 τά
3266 4675 3547 4744 ὁρώμενα;

1924 4760 2036 4820 πῶς
2064 4760 2159 4810 ούκ
2191 4754 2324 4809 εἶδεν
2352 4760 2425 4820 είς
2470 4759 2527 4809 τὸ
2564 4759 2767 4827 γῆρας;
2826 4764 3008 4811 Καίτοι
3039 4777 3096 4826 γε
3134 4760 3258 4812 αὐτὸ
3300 4761 3404 4828 πρὸ
3440 4762 3547 4812 τῶν

1926 4843 2213 4911 ὀφθαλμῶν
2248 4844 2449 4895 ἔκειτο·
2506 4843 2636 4895 ἀλλά
2684 4848 2792 4905 τοῖς
2842 4846 2935 4911 τῆς
2973 4846 3199 4907 πίστεως
3257 4845 3545 4913 ὀφθαλμοῖς

1924 4931 2087 4999 ἑώρα,
2122 4931 2181 4982 ού
2211 4934 2319 4992 τοῖς
2347 4930 2435 4983 τοῦ
2466 4931 2726 5001 σώματος.
2758 4932 2844 4983 Διὸ
2873 4935 2969 4983 οὐκ
2998 4929 3099 4984 εἶδε
3127 4936 3185 4985 τὸ
3218 4936 3407 5004 γῆρας,
3430 4937 3547 4988 οὐδὲ

1924 5016 2017 5082 τὴν
2060 5016 2319 5083 νέκρωσιν
2366 5016 2604 5085 Σάρρας·
2666 5018 2724 5067 ού
2772 5018 3057 5085 κατενόησε
3100 5019 3216 5084 Τὴν
3258 5019 3549 5087 νέκρωσιν

1922 5100 2031 5164 τῆς
2077 5100 2303 5167 μήτρας
2352 5101 2597 5167 Σάρρας.
2651 5103 2757 5169 Τὴν
2806 5104 3081 5171 στείρωσιν
3135 5108 3263 5174 ἡμῖν
3320 5108 3549 5160 ἐνταῦθα

1923 5186 2233 5239 αἰνίττεται.
2280 5185 2444 5253 Διπλῆ
2479 5186 2583 5255 γάρ
2624 5188 2655 5255 h
2700 5186 3057 5259 ἀσθένειαῆν,
3102 5192 3131 5260 ή
3183 5191 3280 5259 μὲν
3309 5194 3413 5243 ἀπὸ
3452 5194 3550 5261 τῆς

1925 5270 2153 5339 ἡλικίας,
2199 5271 2230 5338 h
2272 5270 2327 5322 δὲ
2365 5270 2471 5322 ἀπὸ
2511 5272 2607 5337 τῆς
2648 5272 2923 5337 ἀσθενείας
2956 5277 3182 5342 φύσεως.
3229 5280 3301 5329 Οὑ
3344 5278 3447 5347 γὰρ
3489 5279 3551 5330 τὸ

1927 5353 2083 5422 σῶμα
2116 5354 2269 5421 μόνον
2298 5355 2384 5406 διὰ
2420 5354 2514 5423 τὴν
2557 5355 2766 5423 ἡλικίαν
2808 5359 3072 5428 ἄχρηστον
3097 5356 3162 5428 ἦν
3198 5362 3330 5429 πρὸς
3370 5364 3551 5414 παιδο-

1924 5440 2126 5504 γονίαν,
2149 5438 2283 5492 ἀλλά
2306 5440 2396 5490 καὶ
2438 5440 2571 5508 αύτὴ
2610 5442 2642 5509 ἠ
2689 5442 2866 5512 μήτρα
2910 5445 3220 5514 νενέκρωτο,
3257 5448 3346 5499 καὶ
3371 5448 3428 5499 τὸ
3454 5449 3551 5515 τῆς

1926 5525 2137 5589 φύσεως
2177 5526 2551 5595 ἐργαστήριον,
2589 5528 2681 5578 καὶ
2718 5529 2821 5597 πρὸ
2849 5530 2940 5581 τοῦ
2974 5532 3153 5600 γήρως
3185 5534 3451 5603 ἄχρηστον
3482 5529 3555 5603 ἦν

1926 5608 2012 5661 διὰ
2038 5608 2133 5675 τὴν
2166 5610 2464 5676 στείρωσιν.
2496 5607 2645 5675 Εἶδες
2672 5614 2769 5665 ὅσα
2794 5615 3118 5685 κωλύματα;
3154 5617 3225 5669 Τὸ
3258 5622 3426 5687 γῆρας
3457 5618 3553 5672 τοῦ
