4032 6220
517 344 628 399 273

504 455 709 527 ἀνδρὸς,
738 454 795 505 τὸ
826 456 995 522 γῆρας
1019 451 1114 521 τῆς
1144 452 1417 517 γυναικός·
1456 453 1485 519 ή
1528 451 1619 503 τοῦ
1643 452 1824 519 γήρως
1857 452 2119 519 ἀχρηστο-

505 557 633 609 τερα
674 536 985 607 στείρωσυς·
1036 538 1125 590 κα)⁵
1172 536 1276 605 γὰρ
1319 536 1408 588 καὶ
1449 534 1600 588 τοῦτο
1634 536 1861 603 μάλιστα
1902 534 2123 601 κώλυμα

506 624 858 689 παιδογονίας.
890 621 1025 673 Ἀλλ’
1056 624 1201 690 ὅμως
1233 620 1398 673 ταῦτα
1429 620 1600 673 πάντα
1631 619 1995 688 παρέδραμεν,
2031 618 2121 669 καὶ⁵

504 710 612 769 τοῖς
638 708 733 768 τῆς
758 707 986 768 πίστεως
1015 706 1303 774 ὀφθαλμοῖς
1330 706 1405 766 είς
1445 705 1567 766 τοὺς
1609 703 1862 771 οὐρανοὺς
1902 701 2119 768 ἀνέστη,

506 794 760 861 μεγίστην
779 791 883 843 τῶν
905 790 1316 860 ἐπηγγελμένων
1346 786 1610 850 ἀπόδειξιν
1631 787 1763 855 ἔχων
1786 788 1881 855 τὴν
1898 785 2120 853 δύναμιν

502 877 593 929 τοῦ
628 877 1011 945 ὑποσχομένου.
1046 876 1141 927 Διά
1179 874 1331 927 τοῦτο
1363 876 1463 937 Εἰς
1493 871 1604 937 τὴν
1634 870 1986 939 ἐπαγγελίαν
2015 869 2119 921 τοῦ

505 962 646 1017 Θεοῦ
676 964 744 1014 οὐ
776 961 1029 1027 διεκρίοη
1063 960 1136 1026 τῇ
1167 958 1425 1023 ἀπιστία,
1465 956 1595 1008 ἀλλ’
1623 954 2021 1022 ἐνεδυναμώθη
2046 951 2120 1019 τῇ

502 1048 717 1101 πίστει.
765 1046 1039 1114 Βακτηρία
1082 1045 1185 1113 γάρ
1230 1043 1308 1105 τίς
1343 1044 1487 1093 ἐστιν
1512 1040 1701 1109 ισχυρὰ
1730 1040 1763 1108 ή
1793 1038 1989 1100 πίστις,
2030 1038 2119 1089 καὶ¹

498 1133 661 1201 λιμὴν
692 1130 951 1198 ἀσφαλὴς,
983 1129 1079 1196 τῆς
1109 1127 1215 1180 τῶν
1251 1126 1517 1194 λογισμῶν
1546 1124 1949 1177 ἀπαλλάττουσα
1982 1123 2119 1174 πλά-

502 1235 616 1288 νης,
648 1218 739 1270 καὶ
771 1218 827 1268 ἐν
848 1214 1039 1285 ήσυχίᾳ
1063 1212 1221 1279 πολλῇ
1255 1212 1349 1280 τὴν
1369 1209 1539 1279 ψυχήν
1566 1209 1927 1261 ἀναπαύουσα.
1946 1207 2121 1274 Ὺμῶν

502 1303 568 1354 δὲ
586 1301 855 1370 μακάριοι
882 1302 935 1351 οι
968 1296 1273 1365 ὀφθαλμοὶ,
1312 1296 1393 1346 ὅτι
1415 1294 1715 1355 ,ϐλέπουσι
1738 1310 1750 1322 ·
1793 1294 1884 1345 καὶ
1909 1292 2013 1360 γὰρ
2042 1293 2119 1353 εἰς

501 1389 630 1439 αὑτὸ
692 1385 847 1437 πάλιν
900 1381 1205 1434 ἐπανελθεῖν
1259 1380 1541 1445 ἀναγκαῖον
1594 1379 1654 1429 τὸ
1704 1380 1869 1446 ῥῆμα.
1933 1376 2119 1428 Καίτοι

502 1473 720 1524 ἔϐλεπον
755 1470 845 1523 καὶ
868 1471 918 1521 οἱ
948 1467 1180 1520 Ἰουδαῖοι
1203 1465 1269 1517 τὰ
1289 1465 1406 1515 τότε
1440 1464 1710 1531 γινόμενα.
1744 1462 1880 1513 Ἀλλ’
1908 1462 1967 1513 οὑ
1991 1460 2120 1512 ταύ-

499 1574 597 1625 την
644 1553 932 1624 μακαρίζει
975 1552 1071 1621 τὴν
1103 1550 1221 1617 ὄψιν
1248 1549 1342 1617 τὴν
1388 1548 1614 1613 ἔξωθεν·
1666 1546 1800 1614 αῦτη
1848 1546 1952 1614 γὰρ
2000 1545 2117 1596 καθ’

500 1641 693 1708 ἑαυτὴν
721 1641 817 1707 οὐχ
837 1638 934 1707 ὁρᾷ
962 1636 1029 1689 τὰ
1058 1636 1321 1703 θαύματα,
1361 1633 1470 1685 ἀλλ’
1492 1637 1523 1701 ή
1548 1632 1708 1683 ἐνδον.
1748 1632 1964 1683 Ἐκεῖνοι
1986 1626 2120 1681 εῗδον

500 1725 694 1791 τυφλὸν
729 1723 821 1775 καὶ
852 1721 1033 1787 ἐλεγον
1055 1737 1068 1752 ·
1125 1716 1307 1781 Οὗτός
1343 1719 1529 1779 ἐστιν,
1579 1718 1687 1769 οὐκ
1719 1716 1885 1769 ἐστιν
1911 1711 2115 1778 οὗτος·

503 1808 845 1874 καλέσωμεν
874 1804 1055 1858 αὐτοῦ
1080 1803 1216 1868 τοὺς
1249 1801 1462 1869 γονεῖς.
1493 1800 1729 1863 Ἀκούεις
1760 1798 2118 1868 ἀμφιϐαλλόν-

501 1910 643 1957 των;
671 1892 799 1961 ὁρᾷς
833 1892 912 1943 ὃτι
939 1890 1037 1941 οὑκ
1068 1889 1222 1955 ἀρκεῖ
1244 1890 1276 1955 ή
1307 1886 1397 1939 τοῦ
1430 1885 1673 1955 σώματος
1716 1885 1835 1952 ὄψις
1867 1885 1999 1953 πρὸς
2027 1883 2120 1954 τήν

502 1976 593 2027 τοῦ
624 1974 890 2040 θαύματος
914 1971 1167 2039 θεωρίαν;
1204 1972 1263 2021 Οἱ
1302 1969 1558 2038 παρόντες
1589 1969 1680 2021 καὶ
1717 1967 1969 2036 θεώμενοι
2004 1966 2119 2020 ἐλε-

503 2077 596 2127 γον
618 2075 631 2089 ’
675 2053 858 2120 Οὗτός
895 2057 1080 2116 ἐστιν,
1120 2057 1225 2107 οὐκ
1256 2054 1420 2105 ἐστιν
1446 2049 1621 2115 οὗτος
1643 2068 1656 2082 ·
1696 2055 1852 2121 ήμεῖς
1882 2053 1935 2104 δέ
1968 2053 2013 2103 οἱ
2047 2053 2118 2122 μὴ

506 2144 762 2213 παρόντες
787 2142 845 2193 οὑ
878 2142 1122 2209 λέγομεν,
1156 2136 1336 2203 Οὗτός
1367 2139 1547 2200 ἐστιν,
1575 2139 1681 2190 οὐκ
1713 2136 1878 2188 ἔστιν
1912 2133 2116 2199 οὗτος·

504 2229 615 2282 ἀλλ’
643 2230 828 2291 Αὐτός
860 2226 1041 2278 ἐστιν.
1069 2224 1301 2292 Ἐμαθες
1345 2224 1419 2284 ὼς
1461 2223 1606 2274 οὐδὲν
1636 2221 1855 2289 βλάπτει
1892 2223 1925 2289 ή
1956 2223 2120 2274 ἀπου-

481 2315 615 2374 Δσία,
644 2314 767 2364 ὅταν
794 2312 1019 2372 πίστεως
1050 2308 1311 2376 ὀφθαλμοὶ
1349 2301 1468 2370 ὦσι,
1513 2308 1605 2360 καὶ
1636 2307 1708 2368 ὡς
1749 2308 1895 2359 οὐδὲν
1926 2307 2120 2375 ὠφελεῖ

504 2401 537 2467 ή
585 2398 865 2467 παρουσία,
902 2397 1025 2448 ὅταν
1055 2395 1277 2455 πίστεως
1309 2391 1568 2459 ὀφθαλμοὶ
1623 2392 1695 2461 μὴ
1740 2386 1873 2455 (om;
1926 2393 1988 2443 Τί
2014 2392 2119 2461 7&9

505 2482 737 2542 ἐκείνους
780 2478 949 2549 ὢνησε
993 2478 1052 2529 τὸ
1089 2476 1244 2539 ίδεῖν;
1310 2476 1490 2531 Οὑδέν.
1523 2476 1707 2544 Ἡμεῖς
1750 2476 1855 2545 7&9
1903 2476 2119 2527 ἐκείνων

507 2566 827 2632 σαφέστερον
872 2563 1099 2630 είδομεν.
1137 2562 1284 2612 Ἐπεὶ
1325 2556 1414 2612 οῦν
1446 2560 1724 2629 βλέπουσιν
1771 2562 1818 2612 οί
1862 2561 2119 2629 ὀφθαλμοὶ

506 2647 655 2714 ὑμῶν
683 2645 928 2715 Θεωρίαν,
954 2645 1046 2697 κα)⁵
1073 2643 1253 2696 ἀκούει
1277 2644 1342 2695 τὰ
1369 2637 1481 2695 ῶτα
1513 2644 1787 2713 ἀκρόασιν,
1820 2645 1884 2713 ήν
1922 2647 1949 2695 ὁ
1992 2645 2122 2711 Χρι-

508 2732 626 2793 στὸς
653 2731 969 2799 ἐμακάρισε,
1011 2729 1141 2798 φέρε
1170 2729 1295 2795 ὑμῖν
1324 2728 1445 2788 τοὺς
1485 2726 1817 2795 μαργαρίτας
1852 2727 1955 2778 τῶν
1985 2727 2119 2793 Γρα-

507 2817 621 2885 φῶν
652 2815 995 2883 παραθῶμεν.
1020 2814 1226 2881 Ὠσπερ
1266 2813 1373 2880 7&9
1410 2812 1520 2873 τοῖς
1547 2811 1807 2873 Ἰουδαίοις
1846 2808 1993 2881 ῘΞ81]
2026 2811 2121 2863 οὑκ

507 2902 729 2955 ἐπέλυσε
757 2901 822 2953 τά
847 2901 1127 2967 ζητήματα
1149 2898 1175 2949 ό
1208 2896 1452 2966 Χριστὸς,
1477 2895 1609 2947 ἀλλά
1638 2896 1729 2948 καὶ
1755 2896 1986 2947 ἐπέτεινε
2023 2897 2119 2964 τὴν

507 2986 788 3052 ἀσάφειαν,
840 2982 1019 3052 ἐπειδὴ
1071 2982 1142 3050 μὴ
1189 2983 1493 3050 προσεῖχον
1548 2979 1687 3031 οὕτω
1731 2979 1793 3049 δὴ
1844 2980 1934 3032 καὶ
1974 2980 2118 3049 ὑμῖν,

510 3071 693 3139 ἐπειδὴ
732 3068 1038 3137 προσέχετε,
1068 3067 1136 3118 τά
1156 3064 1503 3134 κεκρυμμένα
1533 3066 1680 3131 ἄγειν
1710 3066 1785 3127 είς
1816 3066 1970 3133 μέσον
1996 3066 2118 3133 χρή.

508 3155 617 3207 Καὶ
643 3154 748 3222 γὰρ
778 3152 1069 3221 προσῆλθον
1093 3152 1138 3202 οί
1172 3150 1403 3217 μαθηταὶ
1431 3150 1520 3201 καὶ
1546 3149 1837 3217 ἐθαύμαζον
1861 3150 2117 3215 λέγοντες

508 3239 665 3291 Διατί
694 3238 760 3289 ἐν
782 3234 1138 3303 παραϐολαῖς
1166 3234 1367 3297 λαλεῖς
1389 3233 1686 3296 αὑτοῖς;⁶0
1713 3235 1769 3286 δέ
1802 3235 1922 3303 ἐφη,
1942 3237 2121 3287 Ἐπει-

509 3322 583 3389 δὴ
622 3322 950 3385 ,βλέποντες
978 3322 1045 3371 οὺ
1078 3316 1431 3381 βλέπουσιν.
1459 3317 1657 3369 Οὐκοῦν
1686 3319 1863 3386 ἐπειδὴ
1895 3319 1965 3387 μὴ
1994 3319 2121 3370 ἰδόν-

510 3424 599 3469 τες
646 3407 799 3475 ὑμεῖς
842 3405 1026 3468 εἴδετε,
1073 3404 1359 3470 ἀναγκαῖον
1411 3402 1483 3471 μὴ
1533 3404 1587 3454 ἐν
1636 3402 1905 3471 παραϐολῇ
1951 3404 2121 3455 εἰπεῖν

514 3492 646 3559 πρὸς
678 3491 816 3557 ὑμᾶς
840 3505 852 3518 ·
901 3488 990 3540 καὶ
1014 3487 1191 3556 ἐπειδή
1225 3489 1551 3551 Ἀκούοντες
1579 3488 1685 3539 οὐκ
1778 3482 2119 3539 ἀκούουσιν.

512 3572 715 3626 Οὐκοῦν
738 3571 920 3638 ἐπειδὴ
956 3571 1108 3637 ὑμεῖς
1149 3570 1219 3639 μὴ
1260 3572 1579 3632 ἀκούσαντες
1609 3572 1745 3632 τότε,
1790 3570 2007 3622 ἀκούετε
2032 3570 2122 3622 νῦν

511 3658 608 3710 οὑκ
630 3656 862 3717 ἔλαττον,
895 3655 927 3722 ἢ
970 3655 1087 3705 τότε
1128 3654 1386 3721 ἠκούσατε
1429 3666 1475 3717 ι,
1529 3656 1812 3721 ἀναγκαῖον
1860 3655 1999 3722 ὑμᾶς
2051 3655 2123 3723 μὴ

512 3739 875 3809 ἀποστερῆσαι
906 3738 1003 3805 τῆς
1026 3738 1294 3807 τραπέζης
1320 3738 1535 3805 ταύτης.
1576 3738 1679 3789 Καὶ
1711 3738 1815 3806 7&9
1843 3739 1870 3789 ό
1897 3739 2123 3805 Χριστὸς

512 3825 729 3885 τούτους
766 3822 861 3890 οὑχ
887 3817 1044 3891 ἦττον
1077 3822 1401 3890 ἐμακάρισεν
1434 3823 1465 3889 ἢ
1496 3821 1759 3883 ἐκείνους⁸
1800 3818 1966 3885 Εἶδες
1995 3822 2121 3890 7&9,

516 3909 664 3977 φησὶ,
692 3907 788 3958 καὶ
824 3906 1209 3968 ἐπίστευσας·
1238 3904 1505 3972 μακάριοι
1547 3908 1597 3958 οι
1638 3904 1720 3972 μὴ
1754 3903 1993 3968 ἰδόντες,
2029 3906 2126 3955 καὶ

516 3993 955 4054 πιστεύσαντες.
986 3991 1073 4057 Μὴ
1091 3992 1263 4042 τοίνυν
1286 3991 1500 4059 όκνηροὶ
1524 3989 1730 4057 γίνεσθε
1757 3990 1888 4058 πρὸς
1907 3989 2122 4059 ἀρετὴν,

515 4080 596 4131 ὅτι
647 4076 719 4146 μὴ
756 4076 872 4127 κατ’
920 4075 1154 4134 ἐκείνους
1202 4074 1323 4134 τοῦς
1363 4074 1601 4143 χρόνους,
1641 4074 1772 4126 ἀλλά
1812 4075 1927 4126 κατ’
1969 4075 2126 4126 αὑτὸν

517 4163 783 4231 ἐγένεσθε.
813 4162 906 4213 Ἂν
932 4162 1039 4229 γὰρ
1069 4160 1285 4221 ἐθέλοις,
1312 4160 1408 4211 οὑκ
1439 4157 1739 4229 ἐζημιώθης
1762 4176 1776 4191 ο
1816 4160 1998 4227 ὥσπερ
2036 4157 2125 4213 οῦν

518 4247 698 4299 πολλοὶ
724 4247 814 4298 καὶ
834 4246 941 4298 τῶν
965 4245 1082 4297 τότε
1108 4244 1421 4313 γενομένων,
1463 4244 1641 4312 ἐπειδὴ
1673 4244 1745 4313 μὴ
1783 4243 1983 4312 ήθελον,
2029 4247 2126 4297 οὐκ

519 4330 887 4399 ὠφελήθησαν.

586 4420 653 4481 γ’.
677 4413 739 4465 Τί
759 4410 847 4465 οῦν
866 4414 1047 4465 ἐστιτδ
1070 4414 1297 4482 σήμερον
1312 4411 1666 4479 ἀναγνιυσθέν;
1697 4413 1869 4466 Τοῦτο
1888 4413 1953 4464 δὲ
1972 4412 2124 4481 γινώ-

519 4512 711 4559 σκετε,
734 4496 820 4549 ὅτι
856 4498 925 4549 ἐν
956 4497 1232 4563 ἐσχάταις
1260 4495 1496 4563 ἡμέραις
1527 4497 1915 4562 ἐνστήσονται
1943 4497 2129 4562 καιροὶ

521 4582 789 4647 χαλεποί.
816 4581 903 4650 Τῷ
930 4582 1171 4649 Τιμοθέῳ
1203 4582 1358 4633 πάλιν
1398 4584 1425 4632 ὁ
1456 4581 1658 4643 Παῦλος
1688 4582 1999 4634 ἐπιστέλλει.
2032 4583 2129 4632 Φο-

521 4666 653 4734 ϐερά
681 4669 713 4734 ή
747 4666 938 4734 ἀπειλή
961 4681 974 4695 ο
1023 4665 1152 4717 ἀλλὰ
1188 4666 1578 4733 διαναστῶμενο
1609 4665 1826 4727 τούτους
1866 4666 1972 4735 7&9
2002 4666 2128 4733 ἡμῖν

518 4750 641 4811 τοὺς
670 4751 886 4818 καιροὺς
932 4750 1238 4811 αἰνίττεται,
1290 4750 1378 4800 καὶ
1416 4751 1537 4810 τοὺς
1587 4750 1720 4818 μετὰ
1756 4750 1990 4813 τούτους,
2038 4753 2129 4803 καὶ

520 4836 643 4896 τοὺς
668 4835 793 4903 περὶ
819 4835 913 4901 τήν
947 4834 1241 4886 συντέλειαν
1271 4834 1454 4902 αὑτήν.
1491 4835 1665 4887 Τοῦτο
1696 4834 1763 4887 δὲ
1792 4836 2125 4902 γινώσκετε,

522 4920 609 4972 ὅτι
638 4920 705 4972 ἐν
739 4919 1017 4985 ἐσχάταις
1042 4919 1281 4986 ἡμέραις
1314 4919 1704 4983 ἐνστήσονται
1742 4920 1927 4987 καιροὶ
1967 4924 2132 4987 χαλε-

524 5005 643 5057 ποί.
672 5005 848 5074 Βραχὺ
874 5004 933 5054 τὸ
962 5005 1126 5071 ῥῆμα,
1168 5005 1259 5056 καὶ
1290 5004 1492 5072 μεγάλη
1530 5007 1559 5073 ή
1586 5004 1823 5073 δύναμις.
1874 5006 2131 5076 Καθάπερ

526 5089 631 5157 γὰρ
657 5088 725 5140 τὰ
745 5087 1003 5156 ἀρώματα
1026 5088 1085 5137 οὑ
1114 5086 1190 5154 τῷ
1218 5087 1423 5156 πλήθει,
1460 5086 1590 5139 ἀλλά
1618 5090 1680 5157 τῇ
1710 5088 1866 5155 φύσει
1885 5090 1980 5159 τὴν
2003 5091 2129 5143 εὑω-

525 5174 641 5225 δίαν
663 5172 980 5224 ἐνδείκνυται
1004 5186 1017 5201 ⁸
1066 5170 1203 5222 οὑτω
1236 5173 1325 5223 καὶ
1348 5174 1403 5223 al
1433 5171 1569 5223 θεῖαι
1595 5172 1800 5240 Γραφαὶ
1819 5174 1878 5223 οὑ
1901 5173 1978 5242 τῷ
1998 5174 2133 5242 πλή-

526 5257 609 5310 θει
625 5257 729 5309 τῶν
754 5257 1020 5325 ῥημάτων,
1050 5255 1181 5307 ἀλλά
1205 5260 1269 5324 τῇ
1300 5257 1518 5325 δυνάμει
1541 5256 1646 5309 τῶν
1674 5257 1995 5327 ἐγκειμένων
2017 5261 2134 5311 πᾶ·-

528 5358 623 5394 σαν
644 5343 767 5410 ήμῖν
790 5344 1074 5410 παρέχουσι
1097 5340 1191 5408 τὴν
1217 5340 1494 5405 ὠφέλειαν.
1518 5336 1667 5394 Οὑτω
1690 5342 1781 5395 καὶ
1800 5341 2133 5411 θυμιάματος

580 5551 615 5584 ³
638 5549 718 5601 δίε
739 5565 847 5601 mss.
875 5552 968 5601 Sed
984 5554 1205 5603 mendum
1227 5556 1456 5615 suspicor.

1267 339 1323 391 S.
1360 335 1639 393 JOANNIS
1682 333 2149 390 CHRYSOSTOMI
2191 332 2501 388 ARLllth.
2538 335 3065 393 CONSTANTINOI’.

3729 364 3842 419 274

2224 448 2378 513 φύσις
2416 451 2505 501 καὶ
2549 451 2666 502 καθ’
2694 452 2887 520 ἐαυτὴν
2925 454 3020 521 μέν
3056 456 3201 507 ἐστιν
3242 454 3440 523 εὑώδης
3461 471 3474 485 ·
3506 454 3639 507 ἐπὰν
3667 455 3723 506 δι
3756 459 3837 515 είς

2222 534 2329 601 πῦρ
2352 535 2517 603 αὑτὴν
2562 536 2816 605 ἐμϐάλῃς,
2860 540 2977 589 τότε
3031 540 3205 591 πᾶσαν
3246 540 3599 591 ἐπιδείκνυται
3639 538 3736 608 τὴν
3776 538 3837 601 ἐξ

2222 618 2383 685 αὐτῆς
2410 620 2616 688 ἡδονήν.
2641 622 2792 673 Οῦτω
2820 622 2910 673 καὶ
2942 624 2975 691 ή
3003 623 3119 675 θεία
3149 624 3331 693 Γραφὴ
3358 626 3449 675 καὶ
3485 624 3601 675 καθ’
3636 624 3835 692 ἑαυτήν

2224 702 2320 771 μέν
2349 705 2490 755 ἐστιν
2516 706 2703 773 ἡδίστη
2722 722 2735 736 ·
2775 706 2986 758 ἐπειδὰν
3010 708 3065 759 δέ
3089 707 3186 774 τῆς
3212 707 3362 775 ήμῶν
3387 707 3701 775 ἐπιλάϐηται
3731 707 3834 774 ψυ-

2220 787 2339 855 χῆς,
2365 789 2608 857 καθάπερ
2647 792 2723 852 είς
2755 791 3100 859 θυμιατήριον
3142 792 3467 858 ἐμπεσοῦσα,
3507 792 3715 844 ἅπαντα
3746 792 3835 843 τὸν

2218 866 2361 924 οἷκον
2384 873 2478 941 τῆς
2500 873 2721 935 εὐωδίας
2749 875 3061 943 ἐμπίπλησι.
3096 876 3268 929 Τοῦτο
3295 876 3363 928 δὲ
3391 877 3719 944 γινώσκετε,
3747 877 3835 928 ὅτι

2218 957 2287 1008 ὲν
2315 956 2592 1023 ἐσχάταις
2635 958 2876 1024 ἡμέραις
2914 960 3302 1025 ἐνστήσονται
3343 962 3527 1027 καιροὶ
3561 964 3825 1027 χαλεποί,

2221 1040 2354 1109 Περὶ
2382 1042 2476 1109 τῆς
2511 1042 2809 1104 συντελείας
2835 1043 2997 1109 λέγει.
3025 1044 3087 1094 Τί
3116 1040 3206 1096 οὑν
3248 1045 3377 1113 πρὸς
3406 1045 3484 1106 σέ,
3517 1039 3561 1096 ὧ
3600 1045 3834 1114 μακάρια

2219 1124 2426 1187 Παῦλε;
2478 1126 2527 1176 τί
2576 1126 2627 1177 δὲ
2679 1126 2810 1195 πρὸς
2866 1126 3146 1194 Τιμόθεον;
3182 1128 3232 1179 τί
3281 1128 3335 1179 δέ
3384 1129 3515 1198 πρὸς
3552 1130 3675 1189 τοὺς
3711 1129 3832 1180 τότε

2217 1209 2535 1273 ἁκούοντας;
2570 1211 2773 1279 Μικρὸν
2795 1210 2900 1279 γὰρ
2922 1210 3141 1279 ὕστερον
3160 1211 3432 1279 μέλλουσιν
3456 1212 3829 1281 ἀποθνήσκειν,

2218 1294 2609 1364 ἐξαρπάζεσθαι
2632 1295 2737 1345 τῶν
2765 1296 3016 1347 ἐπιόντων
3046 1295 3228 1347 δεινῶν
3247 1300 3339 1347 καὶ
3364 1281 3604 1364 πονηρῶν
3633 1296 3835 1364 ἀνθρώ·

2220 1396 2352 1432 πων.
2390 1380 2526 1431 Ἀλλ’
2556 1380 2674 1448 οὑχὶ
2704 1379 2768 1430 τά
2806 1380 3042 1449 παρόντα
3080 1380 3256 1447 βλέπω
3289 1381 3464 1448 μόνον,
3496 1381 3672 1449 φησὶν,
3700 1380 3833 1432 ἀλλά

2221 1464 2308 1514 καὶ¹
2340 1464 2406 1515 τὰ
2439 1463 2691 1531 μέλλοντα
2721 1463 2950 1531 προορῶ.
2988 1464 3117 1531 Οὑχὶ
3155 1464 3249 1531 τῆς
3280 1464 3544 1534 παρούσης
3588 1464 3831 1531 φείδομαι

2220 1548 2468 1615 ποίμνης,
2492 1546 2624 1598 ἀλλὰ
2652 1546 2743 1597 καὶ
2771 1546 2908 1615 ὑπὲρ
2945 1545 3042 1615 τῆς
3076 1547 3362 1616 μελλούσης
3385 1547 3595 1614 ἀγωνιῶ
3619 1549 3709 1599 καὶ
3744 1548 3829 1599 δέ-

2217 1632 2387 1685 δοικα.
2427 1632 2612 1698 Ἡμεῖς
2660 1631 2757 1698 μὲν
2798 1631 2903 1699 7&9
2942 1632 3048 1682 τῶν
3094 1632 3351 1685 συνόντων
3384 1635 3511 1701 ήμῖν
3540 1632 3831 1703 ἀνθρώπων

2223 1716 2369 1785 μόλις
2404 1713 2696 1783 ποιούμεθα
2726 1714 2991 1783 πρόνοιαν,
3016 1718 3215 1776 ἐκεῖνος
3235 1716 3290 1768 δὲ
3323 1716 3456 1785 ὑπὲρ
3475 1716 3579 1767 τῶν
3611 1717 3829 1784 μηδέπω

2214 1801 2503 1869 τεχθέντων
2537 1799 2730 1868 πολλὴν
2763 1804 2987 1853 ποιεῖται
3020 1803 3115 1870 τὴν
3142 1801 3389 1870 σπουδήν.
3418 1800 3568 1853 Οῦτω
3595 1802 3685 1851 καὶ
3716 1816 3827 1851 ποι-

2220 1886 2325 1955 μήν
2367 1886 2578 1955 ἀριστος
2626 1888 2721 1955 οὐχ
2761 1887 2884 1938 ὅταν
2928 1887 3009 1956 ῐδῃ
3060 1887 3184 1947 τοὺς
3233 1886 3422 1947 λύκους
3475 1886 3719 1947 ἐπιόντας
3765 1887 3831 1953 τῇ

2220 1972 2415 2041 ποίμνῃ
2444 1973 2535 2023 καὶ
2563 1972 2669 2023 τῶν
2695 1972 2971 2041 προϐάτων
3003 1972 3162 2037 ἐγγὺς
3188 1970 3517 2039 γενομένους,
3554 1971 3673 2021 τότε
3702 1986 3833 2037 προ-

2217 2057 2361 2125 λέγει
2393 2058 2565 2126 μόνον,
2611 2058 2742 2109 ἀλλά
2784 2059 2873 2109 καὶ
2911 2057 3181 2128 πόρρωθεν
3221 2056 3374 2116 ὄντας
3422 2055 3630 2127 μηνύει.
3681 2055 3833 2108 οὕτω

2217 2144 2310 2194 καὶ
2336 2144 2362 2195 ό
2392 2141 2615 2203 Παῦλος,
2639 2142 2880 2212 καθάπερ
2905 2144 3102 2211 ποιμὴν
3127 2143 3358 2210 ἀριστος,
3382 2142 3464 2207 ἐφ’
3498 2139 3695 2208 ὑψηλοῦ
3727 2156 3834 2207 χω-

2222 2227 2333 2297 ρίου
2384 2227 2473 2279 τοῦ
2524 2228 2621 2296 τῆς
2674 2226 2999 2297 προφητείας
3045 2225 3343 2293 ἀξιώματος
3384 2224 3703 2292 καθήμενος,
3738 2224 3833 2277 καὶ

2218 2317 2326 2377 τοῖς
2386 2313 2533 2385 [282]
2578 2315 2922 2383 προφητικοῖς
2974 2311 3259 2379 ὀφθαλμοῖς
3330 2309 3528 2363 ἀνωθεν
3589 2308 3833 2377 προορῶν

2218 2402 2603 2469 κατατρέχοντα
2632 2400 2697 2451 τά
2726 2399 2903 2466 θηρία,
2933 2398 3015 2448 ἐπ’
3061 2396 3224 2462 αὑτῆς
3266 2395 3363 2462 τῆς
3400 2393 3698 2455 συντελείας
3739 2395 3832 2463 ὁρ-

2221 2485 2427 2553 μῶντας
2452 2486 2541 2537 καλ⁵
2563 2482 2994 2551 ἀποτεινομένους
3034 2482 3167 2533 κατά
3204 2481 3294 2547 τῆς
3323 2480 3549 2545 ποίμνης
3582 2478 3831 2547 προλέγει

2218 2571 2309 2623 καὶ
2336 2567 2872 2638 προδιαμαρτύρεται,
2915 2567 2998 2617 ἴνα
3030 2566 3117 2616 καὶ
3159 2567 3278 2624 τοὺς
3312 2564 3529 2631 μηδέπω
3559 2564 3830 2631 γεννωμέ-

2220 2652 2748 2721 νουςπαρασκευάση
2788 2652 2992 2717 νήφειν,
3025 2650 3117 2701 καὶ
3147 2650 3319 2699 πᾶσαν
3360 2648 3563 2718 τειχίσῃ
3591 2647 3686 2714 τὴν
3713 2647 3831 2698 ποί-

2221 2754 2354 2806 μνην
2381 2740 2444 2805 τῇ
2481 2737 2795 2805 προφητείᾳ.
2850 2738 2952 2787 Καὶ
2988 2735 3091 2800 γάρ
3128 2734 3218 2785 καὶ
3266 2733 3440 2800 πατὴρ
3486 2732 3826 2799 φιλόστοργος

2217 2822 2387 2875 οἰκίαν
2425 2822 2861 2888 οἰκοδομούμενος
2895 2819 3143 2879 πολλάκις
3175 2821 3283 2879 τοῖς
3320 2816 3480 2868 αὑτοῦ
3518 2818 3668 2868 παισὶ
3693 2817 3831 2883 λαμ-

2218 2906 2358 2974 πρὰν
2398 2907 2490 2958 καὶ
2531 2905 2763 2974 μεγάλην
2796 2904 2964 2964 οὑτως
3002 2903 3282 2967 οἰκοδομεῖ,
3322 2903 3416 2969 οὑχ
3450 2900 3584 2952 ὥστε
3608 2901 3830 2962 ἐκείνοις

2220 2992 2485 3058 χρησίμην
2514 2989 2757 3056 γενέσθαι
2802 2988 2975 3057 μόνον,
3006 2986 3136 3038 ἀλλά
3169 2986 3259 3038 καὶ
3303 2987 3538 3051 ἐγγόνοις
3590 2987 3680 3037 καὶ
3717 2988 3829 3047 τοῖς

2222 3074 2334 3143 μετ’
2362 3074 2612 3134 ἐκείνους.
2642 3072 2793 3123 Οῦτω
2821 3072 2912 3122 καὶ
2936 3070 3178 3138 βασιλεὺς
3202 3070 3347 3122 πόλει
3380 3070 3663 3139 φιλουμένῃ
3685 3087 3830 3139 περι-

2219 3158 2391 3211 ϐαλὼν
2412 3160 2580 3225 τεῖχος
2620 3156 2830 3220 ἔξωθεν,
2865 3154 3096 3220 ἀσφαλὲς
3124 3153 3274 3205 τοῦτο
3312 3158 3453 3205 ποιεῖ
3497 3155 3585 3205 καὶ
3616 3155 3829 3222 ίσχυρδν

2219 3245 2312 3296 καὶ
2328 3243 2561 3308 διαρκές,
2594 3242 2688 3309 οὑχ
2715 3240 2799 3291 ἴνα
2820 3240 2910 3290 ἐπὶ
2936 3240 3031 3307 τῆς
3058 3241 3243 3305 γενεᾶς
3262 3238 3417 3290 αὑτοῦ
3453 3238 3614 3306 μόνης
3634 3238 3833 3305 ὑπηρε-

2219 3331 2304 3397 τῇ.
2330 3329 2440 3379 ἀλλ’
2470 3328 2553 3378 ἵνα
2594 3327 2683 3378 καὶ
2722 3329 2829 3387 τοῖς
2876 3324 3008 3392 μετά
3038 3324 3204 3376 ταῦτα
3242 3325 3370 3375 πᾶσι
3402 3324 3615 3392 γένηται
3644 3325 3830 3391 χρήσι-

2222 3429 2338 3481 μον,
2367 3412 2425 3461 οὑ
2456 3410 2585 3481 πρδς
2608 3410 2699 3469 τὰς
2727 3409 2841 3459 τότε
2873 3408 3129 3475 μηχανὰς,
3154 3407 3282 3457 ἀλλά
3318 3407 3449 3475 πρὸς
3476 3407 3573 3468 τὰς
3609 3406 3830 3470 ὕστερον

2218 3478 2508 3561 γενομένας
2536 3478 2834 3559 προσϐολὰς
2870 3488 3177 3555 ἐπιτήδειον.
3234 3487 3382 3538 Οὕτω
3429 3489 3520 3538 καὶ
3556 3490 3582 3539 ὁ
3627 3487 3830 3547 Παῦλος

2222 3577 2487 3645 ἐποίησεν.
2522 3575 2732 3643 Ἐπειδὴ
2772 3574 2876 3641 7&9
2906 3572 2970 3624 τὰ
2996 3574 3289 3640 γράμματα
3322 3571 3640 3623 ἀποστολικὲ
3677 3571 3829 3638 τείχη

2222 3664 2326 3715 τῶν
2353 3660 2679 3729 Ἐκκλησιῶν
2716 3662 2875 3720 ἐστιν,
2896 3658 3011 3725 οὑχὶ
3036 3659 3159 3718 τοὺς
3182 3656 3297 3707 τότε
3330 3656 3482 3724 μόνον
3500 3655 3671 3717 ὄντας,
3699 3655 3833 3706 ἀλλά

2225 3748 2315 3798 καὶ
2346 3747 2467 3806 τοὺς
2492 3746 2708 3812 ὕστερον
2738 3742 3017 3809 ἐσομένους
3044 3738 3391 3809 ἀσφαλίζεται
3422 3739 3486 3791 δι’
3502 3740 3692 3790 αὑτῶν.
3723 3740 3831 3791 Καὶ

2222 3830 2389 3890 οὑτως
2436 3828 2647 3896 ἰσχυρὸν
2688 3826 2779 3878 καὶ
2816 3825 3025 3894 ἀρραγῆ
3053 3825 3139 3875 τὸν
3178 3822 3450 3893 περίϐολον
3490 3822 3669 3873 τοῦτον
3701 3840 3833 3873 κατ--

2223 3914 2499 3976 εσκεύασε,
2518 3912 2605 3965 καί
2624 3912 2768 3981 πάσῃ
2792 3911 3104 3978 περιήλασεν
3127 3909 3281 3960 αὑτὸν
3307 3912 3368 3977 τῇ
3396 3908 3677 3977 οἰκουμένη
3699 3908 3831 3976 μετά

2224 3996 2515 4063 ἀσφαλείας
2546 3994 2776 4062 ἀπάσης,
2807 3992 2940 4045 ὥστε
2978 3994 3068 4044 καὶ
3107 3994 3227 4054 τοὺς
3255 3992 3390 4051 τότε,
3426 3991 3517 4043 καὶ
3554 3991 3677 4052 τοὺς
3716 3992 3829 4059 μετ’

2225 4080 2475 4141 ἐκείνους.
2510 4080 2601 4130 καὶ
2637 4079 2758 4139 τοὺς
2780 4076 2892 4139 νῦν,
2925 4076 3157 4136 καὶτοὺς
3188 4071 3335 4137 αὖθις
3358 4074 3646 4143 ἑπομένους
3674 4074 3828 4142 μέχρι

2224 4166 2318 4232 τῆς
2343 4164 2433 4215 τοῦ
2468 4162 2697 4232 Χριστοῦ
2722 4162 3010 4231 παρουσίας
3043 4160 3253 4226 ἀπάσης
3280 4158 3573 4221 ἀπαλλάξαι
3600 4158 3699 4226 τῆς
3726 4158 3831 4209 τῶν

2226 4249 2489 4316 πολεμίων
2544 4248 2868 4315 πολιορκίας.
2915 4244 3157 4296 Τοιαῦται
3190 4243 3293 4294 τῶν
3335 4243 3500 4307 ἀγίων
3542 4242 3599 4293 αί
3638 4240 3827 4309 ψυχαί⁸

2228 4331 2579 4401 φιλόστοργοι,
2626 4330 2987 4398 κηδεμονικαὶ,
3036 4326 3297 4396 πατρικήν
3341 4324 3546 4377 εῦνοιαν
3593 4326 3832 4393 ἀποκρύ-

2226 4434 2449 4468 πτουσαι
2484 4413 2559 4482 τῷ
2588 4414 2808 4483 φίλτρῳ,
2850 4414 2938 4463 καὶ
2970 4412 3064 4476 τὴν
3090 4413 3185 4480 τῆς
3220 4411 3426 4477 φύσεως
3461 4410 3831 4478 φιλοστοργίαν

2226 4502 2466 4560 νικῶσαι,
2501 4503 2593 4552 καὶ
2620 4500 2713 4561 τὰς
2740 4499 2927 4559 ὠδῖνας
2964 4497 3368 4568 ὑπερϐαίνουσαι
3400 4495 3627 4558 ἐκείνας·
3670 4497 3830 4549 Πνεύ-

2231 4603 2392 4655 ματος
2414 4588 2516 4654 γάρ
2542 4588 2644 4637 είσι
2676 4585 2763 4636 καὶ
2785 4584 2929 4645 θείας
2958 4585 3188 4651 χάριτος.

2294 4711 2355 4764 δ’.
2389 4708 2639 4761 Βούλεσθε
2662 4708 2752 4759 καὶ
2780 4708 3031 4777 ἑτέρωθεν
3052 4705 3203 4769 δείξω
3232 4708 3406 4770 πάλιν,
3430 4709 3507 4760 ὅτι
3531 4706 3589 4759 ού
3616 4705 3682 4757 τὰ
3713 4702 3829 4755 καθ’

2227 4796 2445 4856 ἐαυτοὺς
2476 4793 2797 4862 μεριμνῶσιν
2836 4793 2884 4843 οἱ
2931 4792 3088 4857 ἀγιοι,
3117 4792 3231 4842 οὑδὲ
3266 4792 3400 4859 ὑπὲρ
3426 4790 3530 4841 τῶν
3559 4790 3830 4857 παρόντων

2229 4881 2485 4932 δεδοίκασι
2512 4878 2682 4946 μόνον,
2716 4876 2846 4929 ἀλλά
2873 4878 2961 4928 καὶ
2988 4878 3119 4945 ὑπὲρ
3147 4876 3250 4927 τῶν
3285 4875 3418 4943 μετά
3442 4874 3608 4926 ταῦτα
3641 4875 3829 4941 ἐσομέ-

2227 4980 2328 5015 νων
2351 4981 2365 5028 ;
2395 4962 2690 5031 Προσῆλθον
2722 4961 2886 5030 αύτῷ,
2912 4963 3089 5028 φησὶν,
3116 4963 3162 5012 οί
3197 4960 3427 5027 μαθηταὶ
3447 4960 3535 5011 ἐπὶ
3559 4958 3651 5009 τοῦ
3677 4959 3829 5025 ὄρους

2228 5050 2527 5120 καθημένῳ,
2564 5046 2831 5115 ἄνθρωποι
2868 5046 3047 5097 λοιπὸν
3076 5045 3437 5113 γεγηρακότες
3462 5042 3553 5095 καὶ
3582 5044 3697 5110 μετ’
3720 5041 3828 5091 ὀλε-

2230 5152 2320 5201 γον
2378 5134 2558 5204 χρόνον
2610 5132 2883 5200 μέλλοντες
2927 5132 3217 5199 ἀποδημεῖν
3266 5131 3371 5182 ἀπὸ
3414 5132 3511 5197 τῆς
3558 5127 3829 5197 παρούσης

2231 5220 2386 5288 ζωῆς.
2415 5218 2476 5269 Τί
2503 5212 2590 5269 οῦν
2614 5217 2883 5285 ἐρωτῶσι;
2911 5216 2961 5267 τί
2986 5216 3281 5282 ἀγωνιῶσι;
3309 5216 3359 5266 τί
3382 5213 3668 5275 δεδοίκασις
3696 5212 3831 5281 ὑπὲρ

2231 5305 2382 5354 τίνων
2409 5302 2502 5369 τὴν
2530 5299 2714 5352 πεῦσιν
2747 5300 2822 5369 τῷ
2849 5300 3140 5369 διδασκάλῳ
3160 5300 3539 5369 προσάγουσιν;
3566 5294 3672 5366 ἀρα
3700 5298 3832 5365 ὑπὲρ

2231 5388 2335 5439 τῶν
2368 5386 2503 5437 κατὰ
2527 5387 2622 5453 τὴν
2647 5385 2785 5453 ζωὴν
2815 5385 3007 5449 αὑτῶν,
3038 5387 3068 5453 ἦ
3097 5386 3231 5453 ὑπὲρ
3254 5385 3360 5436 τῶν
3380 5382 3517 5437 κατά
3547 5383 3671 5443 τοὺς
3714 5381 3833 5449 χρό·

2233 5489 2349 5531 νους
2380 5470 2643 5532 ἐκείνους;
2681 5469 2954 5537 Οὐδαμῶς.
2993 5468 3146 5519 Ἀλλά
3175 5471 3343 5521 πάντα
3366 5470 3541 5520 ἐκεῖνα
3564 5466 3834 5535 παραδρκο

2242 5558 2419 5625 μόντες
2444 5556 2492 5606 τί
2513 5555 2751 5621 λέγουσι;
2792 5556 2848 5607 Τί
2868 5556 2930 5606 τὸ
2961 5554 3202 5618 σημεῖον
3233 5551 3337 5615 τῆς
3366 5550 3481 5611 σλῆς
3511 5551 3828 5617 παρουσίας
