4032 6220
188 363 302 417 273

194 474 376 527 caelum
406 490 566 544 usque
590 478 847 537 surrexit,
872 491 1110 544 magnum
1133 475 1329 527 habens
1354 473 1726 541 promissorum

196 572 580 631 argumentum,
603 566 716 631 ejus
742 580 927 633 nempe
954 564 1038 632 qui
1072 563 1378 628 promiserat
1400 568 1731 628 potestatem.

217 651 317 705 deo
339 651 404 704 In
431 655 747 720 promissione
773 653 871 706 Dei
906 670 1004 705 non
1025 654 1276 704 ‘Itcesitavit
1322 651 1587 719 diﬂ'identia
1607 690 1620 713 ,
1650 650 1735 702 sed

201 741 498 806 :onfortatus
519 749 590 791 est
616 741 715 805 ﬁde
739 740 906 809 (Rom.
932 741 983 792 1.
1015 738 1126 806 20).
1160 738 1365 791 Etenim
1399 752 1492 791 ceu
1520 737 1734 791 baculus

196 826 404 892 quidam
427 827 606 879 ﬁrmus
632 838 873 895 tutusque
892 838 1071 894 portus
1096 827 1225 879 ﬁdes
1254 836 1350 889 est,
1379 842 1495 893 quae
1522 842 1550 878 a
1581 826 1738 880 ratio-

196 917 451 970 ciniorum
476 932 653 971 errore
669 918 882 980 liberat,
912 918 1245 983 animumque
1278 917 1331 968 in
1366 916 1738 982 tranquillitate

197 1019 383 1072 magna
414 1006 696 1058 constituit.
735 1004 892 1058 Vestri
920 1016 1084 1057 autem
1106 1006 1229 1056 beati
1249 1005 1379 1056 oculi
1402 1045 1414 1068 ,
1446 1006 1560 1073 quia
1580 1006 1739 1055 uident

200 1091 410 1160 (Matth.
444 1094 527 1147 15.
556 1093 644 1160 16)
664 1111 677 1154 ',
698 1108 817 1145 nam
844 1092 944 1146 hoc
968 1093 1161 1146 dictum
1194 1093 1366 1145 denuo
1397 1091 1737 1160 repetendum

200 1192 300 1235 est.
326 1183 483 1250 Atqui
522 1183 676 1235 etiam
714 1182 882 1235 Judmi
923 1192 1044 1234 tunc
1082 1181 1265 1234 eadem
1313 1181 1423 1248 ipsa
1471 1180 1734 1232 videbant.

201 1268 393 1321 Verum
424 1284 526 1321 non
553 1269 651 1323 hoc
669 1278 936 1323 externum
958 1268 1162 1321 videndi
1187 1283 1349 1336 genus
1376 1268 1584 1321 beatum
1608 1282 1739 1334 pra:-

202 1356 340 1410 dicat
368 1373 382 1413 :
406 1359 504 1410 hoc
541 1358 729 1425 quippe
754 1374 847 1425 per
883 1358 1109 1425 seipsum
1140 1358 1387 1409 miracula
1433 1370 1534 1408 non
1564 1356 1737 1419 videt,

202 1444 294 1496 sed
324 1444 581 1497 internum
605 1447 874 1512 conspicit.
905 1444 983 1497 llli
1006 1460 1200 1498 caecum
1224 1445 1467 1498 videbant
1486 1445 1744 1497 dicebant-

205 1547 327 1598 que,
358 1532 455 1585 Hic
482 1543 571 1599 est,
598 1550 695 1586 nou
716 1544 783 1587 est
806 1536 905 1598 hic;
932 1550 1153 1586 vocemus
1183 1536 1289 1602 ejus
1316 1544 1539 1602 parentes
1565 1534 1738 1601 (Joan.

206 1620 259 1674 9.
291 1622 342 1674 8.
373 1622 424 1674 9.
460 1624 567 1690 18).
598 1624 760 1675 Audis
783 1624 1143 1691 ambigentes?
1171 1624 1339 1676 viden‘
1368 1639 1470 1676 non
1499 1623 1741 1677 sufﬁcere

206 1711 445 1777 corporis
488 1719 750 1777 aspectum
813 1711 877 1764 ad
926 1711 1162 1764 miraculi
1212 1712 1598 1778 spectaculum?
1647 1712 1742 1775 Qui

206 1808 489 1853 armsentes
518 1808 569 1853 et
589 1808 882 1867 spectantes
905 1809 1051 1854 erant
1080 1800 1320 1854 dicebant
1348 1816 1361 1853 :
1391 1798 1489 1851 Hic
1517 1809 1623 1862 est,
1647 1816 1744 1851 non

205 1894 278 1939 est
302 1887 416 1949 hic;
442 1901 537 1941 nos
562 1903 684 1941 vero
711 1888 802 1956 qui
836 1896 1120 1955 praesentes
1150 1904 1251 1942 non
1290 1902 1471 1941 sumus
1493 1929 1505 1951 ,
1539 1904 1640 1941 non
1668 1888 1745 1941 di-

208 1977 395 2040 cimus,
431 1976 524 2029 llic
549 1985 636 2043 est,
664 1994 759 2031 non
780 1988 850 2030 est
874 1980 973 2043 hic;
1000 1979 1113 2042 sed,
1146 1977 1263 2046 Ipse
1288 1988 1377 2032 est.
1408 1979 1638 2033 Didicisti
1667 1981 1746 2031 ni—

207 2064 282 2117 hil
308 2066 593 2120 absentiam
623 2083 831 2133 nocere,
858 2082 973 2121 cum
1022 2068 1137 2121 ﬁdei
1177 2069 1365 2125 adsunt
1391 2070 1557 2131 oculi;
1588 2070 1745 2122 nihil-

208 2167 312 2221 que
359 2154 591 2207 utilitatis
618 2172 679 2209 ex
735 2156 1009 2223 prtesentia
1051 2156 1287 2225 percipi,
1320 2172 1436 2210 cum
1464 2157 1578 2210 ﬁdei
1610 2158 1745 2210 oculi

207 2256 314 2295 non
339 2243 563 2297 adsunt?
589 2245 721 2310 Quid
764 2246 902 2299 enim
946 2246 1047 2299 illis
1088 2246 1282 2314 profuit
1329 2248 1547 2301 videre?
1586 2247 1743 2300 Nihil.

208 2329 316 2382 Nos
341 2332 477 2383 enim
506 2333 697 2387 clarius
722 2349 874 2401 quam
904 2333 976 2386 illi
1007 2334 1263 2389 videmus.
1294 2336 1545 2399 Quoniam
1591 2336 1747 2402 igitur

209 2419 346 2471 oculi
372 2422 530 2473 vestri
552 2420 723 2475 vident
746 2437 809 2475 eo
826 2422 1052 2485 videndi,
1084 2432 1135 2474 et
1154 2438 1305 2476 aures
1322 2432 1508 2476 vestrm
1532 2423 1747 2475 audiunt

211 2519 277 2558 eo
299 2506 540 2560 audiendi
568 2523 757 2576 genere
781 2548 796 2573 ,
828 2510 964 2577 quod
993 2509 1227 2563 Christus
1252 2510 1455 2562 beatum
1502 2509 1746 2576 praedica-

208 2594 319 2659 vit,
370 2596 585 2663 agedum
614 2598 759 2650 vobis
805 2598 1083 2665 Scriptura:
1131 2613 1362 2666 gemmas
1405 2613 1743 2665 apponamus.

210 2683 657 2748 Quemadmodum
681 2685 819 2739 enim
868 2685 1061 2739 Judaeis
1101 2688 1415 2754 quarstiones
1450 2703 1552 2739 non
1593 2687 1748 2740 solvit

209 2772 467 2835 Christus,
500 2774 603 2827 imo
624 2775 766 2826 auxit
792 2774 1161 2829 obscuritatem
1186 2814 1199 2839 ,
1228 2776 1349 2843 quia
1380 2792 1480 2828 non
1510 2776 1747 2829 attende-

210 2859 334 2913 bant
365 2877 378 2911 :
406 2861 480 2913 sic
507 2869 558 2914 et
581 2861 727 2916 vobis
750 2902 763 2925 ,
795 2863 914 2931 quia
938 2871 1136 2917 attento
1163 2865 1286 2916 estis
1312 2864 1486 2916 animo
1505 2904 1519 2929 ,
1547 2848 1748 2917 occulis

213 2948 270 3001 in
318 2950 550 3004 medium
585 2953 847 3007 adducere
892 2970 986 3023 par
1018 2965 1119 3009 est.
1161 2955 1369 3010 Etenim
1412 2971 1751 3015 accesserunt

212 3038 477 3106 discipuli,
502 3050 554 3093 et
576 3043 902 3097 mirabantur
917 3046 1184 3099 dicentes:
1206 3044 1310 3098 Cur
1332 3048 1385 3098 in
1401 3050 1659 3114 parabolis
1678 3052 1748 3103 eis

212 3122 433 3189 loqueris
464 3125 662 3191 (Matth.
695 3127 777 3181 15.
815 3129 898 3181 10.
940 3139 985 3181 ει
1018 3130 1138 3193 15)ἳ
1176 3129 1267 3185 llle
1294 3148 1421 3187 vero
1458 3138 1745 3203 respondit,

215 3208 346 3275 Quia
366 3210 576 3262 videntes
597 3227 691 3263 non
716 3213 893 3265 vident.
922 3214 1049 3279 Quia
1074 3215 1229 3282 igitur
1256 3230 1348 3268 vos
1377 3231 1477 3269 non
1515 3219 1750 3271 videntes

214 3298 425 3363 videtis,
452 3315 544 3367 par
566 3310 646 3354 est
672 3301 819 3354 vobis
847 3305 959 3355 sine
986 3303 1227 3371 parabola
1249 3305 1419 3372 loqui;
1448 3313 1499 3359 et
1517 3308 1632 3375 quia
1652 3308 1753 3357 Au-

213 3386 398 3439 dientes
418 3402 515 3439 nan
555 3388 781 3441 audiunt.
832 3389 904 3459 (a)
929 3390 1057 3456 Quia
1088 3391 1238 3459 igitur
1262 3408 1354 3446 vos
1376 3394 1461 3461 qui
1504 3403 1624 3447 tunc
1649 3410 1752 3447 non

213 3471 501 3537 audivistis,
531 3489 667 3528 nunc
689 3490 791 3528 non
822 3479 990 3530 minus
1018 3478 1205 3531 auditis
1228 3520 1243 3543 ,
1273 3494 1427 3547 quam
1456 3489 1575 3533 tunc
1601 3481 1750 3533 audi-

213 3560 441 3626 vissetis,
459 3572 860 3617 consentaneum
880 3576 1062 3619 estvos
1084 3582 1185 3619 non
1212 3568 1308 3621 hac
1329 3569 1530 3635 privare
1552 3583 1753 3622 mensa.

217 3646 423 3701 Etenim
449 3648 687 3705 Christus
723 3653 819 3706 hos
845 3668 947 3706 non
994 3655 1165 3709 minus
1194 3656 1375 3710 beatos
1417 3658 1751 3723 praedicavit,

215 3753 371 3806 quam
400 3740 514 3793 illos
546 3757 559 3792 :
594 3741 770 3794 Vidisti
808 3758 1060 3812 namque,
1110 3745 1210 3811 ait,
1243 3756 1286 3799 et
1315 3748 1603 3811 credidisti;
1630 3750 1755 3801 beati

216 3828 301 3895 qui
348 3844 448 3881 non
488 3830 715 3883 uiderunt
738 3871 753 3895 ,
795 3842 841 3885 et
869 3834 1179 3887 crediderunt
1216 3834 1388 3905 (Joan.
1420 3837 1509 3891 20.
1541 3837 1650 3909 ‘29).
1681 3838 1755 3892 Ne

216 3916 375 3983 igitur
403 3917 518 3972 ideo
541 3933 727 3988 segnes
752 3921 817 3974 ad
846 3923 1087 3977 virtutem
1118 3933 1302 3990 estote,
1335 3926 1470 3994 quod
1500 3928 1598 3980 illis
1627 3938 1756 3981 tem-

218 4004 431 4068 poribus
460 4020 563 4058 non
610 4006 809 4062 fueritis
831 4049 846 4072 ,
878 4011 969 4064 sed
996 4011 1092 4065 hoc
1139 4023 1371 4080 tempore
1399 4015 1599 4067 vivatis.
1626 4015 1756 4069 Nam

216 4089 261 4141 si
304 4091 563 4159 volueris,
591 4095 721 4148 nihil
761 4096 880 4151 hinc
919 4098 1216 4153 detrimenti
1260 4101 1545 4169 percipies;
1579 4117 1759 4171 quem-

218 4180 497 4234 admodum
528 4184 674 4237 multi
705 4199 902 4249 eorum,
928 4190 1013 4255 qui
1040 4197 1161 4243 tunc
1187 4189 1413 4257 fuerunt,
1434 4193 1553 4261 quia
1579 4194 1759 4249 nolue-

218 4278 359 4331 runt,
383 4269 507 4322 nihil
537 4272 658 4325 hinc
683 4275 917 4329 utilitatis
944 4291 1243 4346 percepere.

289 4359 341 4411 3.
384 4359 659 4429 Scriptura:
683 4364 861 4417 divina:
886 4367 1058 4419 virtus.
1091 4367 1283 4421 Paulus
1311 4385 1409 4424 non
1434 4372 1498 4424 de
1533 4374 1763 4441 presenti

220 4444 400 4509 solum,
427 4449 512 4499 sed
537 4451 681 4501 etiam
722 4453 782 4503 de
810 4455 974 4520 futuro
1012 4472 1157 4523 grege
1187 4458 1448 4515 sollicitus.
1477 4461 1761 4529 Apostolica

220 4533 406 4600 scripta
431 4537 607 4588 mania
627 4537 981 4593 Ecclesiarum.
1004 4544 1233 4610 Apostoli
1259 4547 1318 4598 de
1347 4550 1524 4614 futuris
1537 4550 1758 4604 solliciti.

221 4617 401 4675 Petrus
449 4626 783 4691 apostolorum
844 4630 1129 4697 coryphwus
1158 4671 1172 4694 ,
1228 4642 1320 4684 etc.
1374 4634 1518 4689 Orbis
1582 4640 1762 4705 prafe-

222 4719 361 4775 ctus,
390 4722 482 4764 etc.
512 4713 854 4781 —Quidnam
898 4718 1048 4785 igitur
1087 4719 1241 4773 hodie
1282 4721 1468 4775 lectum
1507 4727 1623 4778 est?
1651 4725 1762 4779 Hoc

222 4809 386 4851 autem
413 4802 580 4853 scitote
599 4841 612 4865 ,
634 4805 764 4869 quod
800 4806 851 4857 in
880 4807 1149 4859 novissimis
1170 4808 1337 4861 diebus
1373 4822 1514 4863 erunt
1543 4822 1762 4882 tempora

221 4892 391 4959 gravia
424 4890 507 4961 (2.
542 4890 673 4945 Tim.
698 4894 748 4946 5.
779 4896 854 4961 1).
879 4897 1154 4951 Timotheo
1181 4913 1388 4952 rursum
1418 4903 1597 4956 scribit
1624 4903 1759 4956 Pau-

220 4982 322 5035 lus.
352 4982 625 5037 Terribilis
662 4986 1025 5051 comminatio;
1053 4989 1145 5042 sed
1189 4991 1415 5043 animum
1456 4992 1711 5060 erigamus
1745 5009 1758 5045 :

222 5070 335 5125 haec
385 5073 574 5141 quippe
636 5082 868 5143 tempora
918 5076 1069 5130 nobis
1120 5079 1409 5135 subindicat
1453 5082 1715 5150 Scriptura
1744 5123 1759 5149 ,

220 5175 425 5215 necnon
448 5171 563 5229 post
590 5161 759 5216 futura
780 5204 795 5228 ,
828 5164 1086 5234 etiamque
1112 5182 1171 5221 ea
1216 5184 1330 5237 quae
1357 5173 1763 5225 consummatio-

220 5265 342 5305 nem
370 5260 625 5320 spectant.
653 5253 762 5306 Hoc
802 5265 966 5307 autem
1008 5257 1176 5310 scitote
1197 5298 1211 5324 ,
1240 5261 1373 5328 quod
1400 5262 1449 5314 in
1492 5264 1765 5316 novissimis

221 5342 395 5396 diebus
422 5352 565 5397 erunt
588 5353 806 5413 tempora
835 5348 1023 5415 grauia.
1051 5345 1215 5403 Breve
1242 5350 1437 5405 dictum
1458 5393 1473 5418 ,
1502 5361 1555 5409 et
1581 5370 1764 5423 magna

221 5431 407 5485 virtus.
454 5432 900 5498 Quemadmodum
944 5436 1081 5489 enim
1121 5448 1350 5493 aromata
1380 5455 1483 5496 non
1520 5446 1665 5511 copia
1714 5451 1767 5498 et

281 5604 355 5666 (τι)
387 5612 466 5656 lue
490 5612 651 5657 textus
669 5608 878 5660 deﬁcere
901 5610 1099 5659 videtur.

723 366 786 420 1N
826 366 1041 432 ILLUD,
1083 365 1211 420 HOC
1246 362 1522 419 SCITOTE
1560 361 1740 427 QUOD
1778 359 1841 413 ΙΝ
1877 360 2245 417 NOVISSIMIS
2284 363 2535 429 DIEBUS,
2580 364 2729 418 ETC.

3258 381 3365 437 274

1836 469 1993 535 mole,
2021 470 2111 523 sed
2138 479 2319 524 natura
2345 471 2671 538 fragrantiam
2702 473 2937 527 emittunt
2968 490 2982 527 :
3012 478 3087 528 sic
3111 483 3162 527 ct
3185 474 3373 527 divinae

1834 558 2114 627 Scriptura:
2162 574 2261 612 non
2315 560 2643 614 multitudine
2695 562 3007 624 verborum,
3058 564 3147 616 sed
3222 564 3369 615 insita

1836 648 2023 701 virtute
2043 688 2057 713 ,
2088 657 2245 700 totam
2292 649 2445 701 nobis
2483 649 2713 716 praebent
2744 652 3034 703 utilitatem.
3062 650 3147 703 Sic
3174 653 3369 702 incensr

1838 748 2014 788 natura
2044 752 2136 804 per
2161 737 2384 804 seipsam
2414 752 2623 790 suavem
2644 739 2829 790 emittit
2858 740 3101 802 odorem;
3124 740 3169 793 si
3198 748 3369 791 autem

1840 825 2040 892 injicias
2083 827 2133 878 in
2182 827 2389 893 ignem,
2425 838 2546 879 tunc
2574 827 2925 880 omnimodam
2970 844 3114 881 suam
3167 828 3373 881 exhibet

1836 915 2172 982 voluptatem.
2226 915 2297 967 ita
2328 916 2483 968 etiam
2509 915 2682 967 divina
2727 917 2994 982 Scriptura
3021 933 3111 983 per
3148 919 3373 986 seipsam

1838 1002 2141 1055 suavissima
2167 1012 2264 1065 est;
2291 1017 2407 1055 cum
2434 1011 2606 1055 autem
2635 1004 2857 1055 animam
2891 1017 3119 1056 nostram
3155 1020 3349 1070 occupa

1838 1092 1987 1153 verit,
2004 1105 2063 1142 ac
2090 1091 2130 1142 si
2153 1091 2204 1144 in
2230 1091 2543 1143 thuribulum
2569 1091 2822 1153 inciderit,
2845 1102 3000 1144 totam
3027 1093 3233 1144 domum
3260 1107 3377 1143 sna-

1839 1176 1888 1228 vi
1926 1177 2103 1243 implet
2130 1176 2307 1229 odore.
2335 1176 2446 1227 Hoc
2474 1187 2635 1229 autent
2656 1181 2824 1230 scitote
2844 1216 2858 1239 ,
2899 1177 3033 1243 quod
3068 1176 3119 1227 in
3161 1176 3373 1227 novissi-

1844 1267 1938 1317 mis
1978 1260 2150 1314 diebus
2189 1274 2337 1316 erunt
2363 1274 2581 1332 tempora
2624 1266 2770 1318 dura.
2816 1266 2895 1319 De
2936 1266 3379 1318 consummatione

1843 1352 2083 1419 loquitur.
2109 1353 2240 1417 Quid
2267 1353 2365 1406 hoc
2390 1354 2454 1405 ad
2479 1364 2546 1417 te,
2576 1355 2725 1408 beate
2754 1354 2944 1408 Paule?
2964 1355 3084 1422 quid
3110 1355 3172 1407 ad
3205 1354 3379 1407 Timo-

1844 1442 2055 1495 tbeum?
2087 1442 2206 1509 quid
2234 1444 2296 1494 ad
2328 1443 2438 1495 illos
2466 1445 2549 1511 qui
2575 1452 2693 1495 tunc
2714 1443 3025 1497 audiebant?
3051 1442 3200 1497 Brevi
3230 1453 3375 1511 βοει-

1842 1545 1902 1584 ea
1951 1540 2182 1599 tempore
2223 1532 2454 1583 morituri
2482 1540 2662 1597 erant,
2690 1547 2717 1584 a
2747 1531 2929 1585 futuris
2973 1533 3071 1586 illis
3114 1534 3378 1585 calamita-

1846 1619 1980 1671 tibus
2030 1628 2136 1672 eta
2170 1622 2340 1686 pravis
2387 1619 2681 1673 hominibus
2728 1621 2997 1687 eripiendi.
3039 1621 3227 1674 Verum
3277 1636 3378 1672 non

1846 1708 2120 1774 praesentia
2166 1718 2362 1761 tantum
2388 1710 2608 1776 respicio
2630 1749 2644 1772 ,
2678 1709 2858 1776 inquit,
2884 1710 2971 1761 sed
2997 1708 3165 1761 futura
3195 1711 3377 1775 primi.

1846 1795 1963 1848 deo.
1990 1796 2102 1848 Non
2131 1812 2359 1863 praesens
2386 1806 2579 1848 tantum
2606 1812 2731 1863 grex
2767 1796 2891 1848 mihi
2921 1797 3251 1849 sollicitudini
3278 1806 3376 1860 est,

1846 1884 1938 1937 sed
1984 1885 2136 1937 etiam
2166 1898 2256 1950 pro
2286 1883 2456 1936 futuro
2498 1899 2653 1953 grege
2678 1899 2839 1952 angor
2878 1894 2930 1937 et
2961 1885 3135 1938 timeo.
3164 1884 3268 1937 Nos
3294 1886 3375 1937 vix

1847 1971 1908 2025 iis
1934 1972 2017 2039 qui
2050 1971 2314 2023 nobiscum
2362 1980 2633 2023 versantur
2661 1970 2953 2024 hominibus
2997 1970 3336 2038 prospicimus
3363 2009 3376 2031 ,

1847 2060 1930 2112 ille
1959 2075 2082 2112 vero
2104 2074 2195 2127 pro
2224 2060 2284 2111 iis
2306 2060 2391 2127 qui
2422 2060 2649 2112 nondum
2679 2060 2783 2111 nati
2818 2070 2943 2112 sunt
2968 2099 2979 2117 ,
3009 2059 3218 2111 multam
3250 2059 3380 2123 gerit

1846 2148 2261 2201 sollicitudinem.
2292 2150 2376 2201 Sic
2401 2158 2452 2201 et
2478 2156 2651 2216 pastor
2676 2148 2902 2215 optimus
2921 2162 3021 2199 non
3050 2162 3164 2199 cum
3187 2148 3375 2199 viderit

1848 2235 1993 2301 lupos
2022 2235 2276 2288 irruentes
2302 2236 2352 2287 in
2374 2250 2602 2304 gregem,
2620 2235 2726 2301 jam
2752 2249 2911 2301 prope
2934 2249 3054 2287 oves
3079 2235 3377 2294 accessisse,

1848 2330 1968 2375 tunc
1992 2323 2040 2375 id
2067 2322 2297 2389 praedicit
2326 2332 2544 2385 tantum,
2573 2322 2662 2375 sed
2688 2324 2841 2373 etiam
2869 2322 3045 2387 procul
3073 2320 3238 2372 adhuc
3268 2335 3381 2371 ver-

1846 2419 2019 2462 santes
2062 2409 2267 2461 indicat.
2302 2408 2374 2461 lta
2402 2423 2605 2475 quoque
2630 2408 2818 2461 Paulus
2843 2448 2858 2473 ,
2886 2408 3019 2461 sicut
3045 2416 3219 2475 pastor
3240 2408 3378 2473 opti-

1847 2512 1979 2560 mus,
2009 2497 2061 2550 in
2084 2497 2290 2550 excelso
2318 2497 2433 2549 loco
2460 2537 2473 2560 ,
2504 2497 2553 2549 in
2594 2496 2879 2563 prophetize
2922 2510 3109 2562 nempe
3133 2495 3383 2563 dignitate

1849 2585 2037 2638 sedens
2061 2626 2076 2650 ,
2126 2600 2186 2637 ac
2212 2583 2529 2652 pr0plieticis
2553 2584 2717 2637 oculis
2743 2598 2944 2636 sursum
2976 2584 3170 2649 positus
3234 2585 3382 2634 inva-

1850 2686 1998 2724 suras
2027 2672 2161 2724 feras
2206 2670 2498 2737 praevidens
2518 2709 2533 2732 ,
2564 2668 2679 2723 illas
2707 2670 2757 2721 in
2804 2670 2911 2736 ipsa
2937 2668 3382 2723 consummatione

1849 2761 1898 2813 in
1924 2775 2129 2829 gregem
2156 2760 2398 2826 impetum
2422 2758 2648 2813 facturas
2674 2768 2724 2812 et
2757 2760 3023 2812 invasuras
3049 2772 3164 2811 esse
3195 2757 3384 2824 praedi-

1853 2850 1921 2901 cit
1952 2858 2003 2902 et
2043 2848 2409 2916 praesigniﬁcat
2432 2886 2447 2912 ,
2476 2854 2531 2900 ut
2559 2860 2649 2899 eos
2678 2847 2833 2899 etiam
2853 2886 2867 2911 ,
2898 2847 2983 2913 qui
3025 2846 3249 2897 nondum
3282 2846 3385 2897 nati

1850 2946 2030 2999 erant,
2054 2936 2115 2987 ad
2140 2935 2447 3001 vigilandum
2502 2933 2805 2996 induceret,
2835 2940 2885 2985 et
2928 2933 3191 2999 prophetia
3223 2941 3383 2984 totum

1850 3026 2076 3078 muniret
2122 3039 2349 3093 gregem.
2400 3024 2601 3076 Etenim
2648 3030 2792 3090 pater
2835 3020 2991 3089 prolis
3044 3036 3258 3084 amans,
3299 3022 3384 3089 qui

1852 3113 1989 3166 mdes
2037 3113 2321 3165 exaediﬁcat
2342 3152 2356 3176 ,
2389 3127 2527 3179 smpe
2573 3111 2689 3163 ﬁliis
2719 3111 2824 3162 suis
2867 3111 2983 3163 illas
3014 3108 3309 3178 splendidas
3336 3119 3385 3162 et

1852 3200 2049 3267 amplas
2095 3200 2380 3262 construit,
2428 3213 2529 3251 non
2576 3198 2728 3251 modo
2776 3207 2831 3249 ut
2872 3197 2972 3249 illis
3014 3206 3211 3249 tantum
3237 3198 3389 3249 utiles

1853 3288 2239 3357 commodusque
2280 3290 2418 3349 sint,
2448 3290 2535 3342 sed
2564 3290 2719 3341 etiam
2764 3289 3034 3357 nepotibus
3069 3297 3119 3341 et
3147 3288 3388 3355 posteris.

1855 3378 1927 3431 Ita
1958 3394 2157 3447 quoque
2206 3394 2295 3432 rex
2325 3380 2616 3431 adamatam
2656 3379 2833 3432 urbem
2884 3378 3140 3431 moenibus
3166 3378 3388 3429 circum-

1855 3467 2055 3528 munit,
2096 3466 2261 3533 iisque
2306 3466 2466 3519 ﬁrmis
2509 3467 2767 3533 tutisque,
2811 3481 2923 3534 qua:
2962 3481 3062 3519 non
3111 3474 3261 3520 aetate
3301 3480 3391 3518 sua

1855 3554 2032 3618 modo,
2062 3554 2151 3609 sed
2173 3556 2327 3608 etiam
2352 3554 2785 3622 subsequentibus
2827 3563 2877 3607 ct
2902 3554 3121 3622 posteris
3155 3553 3393 3607 omnibus

1857 3644 1962 3698 sint
2011 3643 2280 3707 tutamini,
2311 3656 2407 3696 nec
2453 3643 2703 3697 adversus
2730 3643 2991 3697 machinas
3021 3651 3217 3695 tantum
3262 3641 3396 3693 illius

1859 3732 2126 3800 temporis,
2156 3730 2249 3784 sed
2274 3730 2523 3785 adversus
2552 3730 2747 3784 futuras
2771 3732 3064 3784 invasiones
3088 3738 3140 3782 et
3168 3727 3395 3782 obsidio-

1859 3835 1952 3873 nes
1979 3828 2115 3874 stare
2163 3820 2379 3887 possint.
2416 3820 2501 3873 Sic
2549 3819 2703 3871 etiam
2747 3818 2935 3870 Paulus
2962 3816 3103 3870 fecit.
3138 3816 3391 3881 Quoniam

1857 3909 2133 3977 apostolica
2162 3908 2350 3974 scripta
2380 3907 2568 3959 moenia
2599 3914 2717 3959 sunt
2738 3905 3108 3966 Ecclesiarum,
3132 3920 3233 3957 non
3261 3919 3395 3970 prae-

1860 4008 2032 4053 sentes
2063 4006 2296 4062 tantum,
2328 3996 2418 4049 sed
2465 3997 2619 4049 etiam
2666 4005 2902 4063 posteros
2945 4009 3038 4061 per
3078 3995 3162 4047 illa
3211 3996 3395 4046 munit.

1860 4088 2031 4155 Atque
2054 4086 2119 4138 ita
2148 4085 2351 4137 ﬁrmum
2374 4092 2424 4135 et
2450 4081 2813 4135 inconcussum
2856 4090 3058 4147 septum
3106 4080 3397 4147 hujnsmoili

1862 4175 2180 4236 construxit,
2227 4182 2279 4226 et
2325 4188 2440 4225 cum
2473 4180 2613 4224 tanta
2655 4170 2853 4225 cautela
2886 4169 2973 4221 illo
3012 4177 3172 4220 totum
3219 4169 3397 4220 orbem

1863 4262 2310 4325 circummunivit,
2343 4270 2397 4313 ut
2421 4275 2511 4313 eos
2541 4258 2626 4327 qui
2651 4266 2754 4310 tum
2783 4255 3060 4319 vivebant,
3091 4264 3142 4308 et
3169 4255 3254 4323 qui
3286 4256 3399 4308 illos

1863 4368 2113 4423 excepere
2134 4392 2147 4416 ,
2172 4360 2225 4405 ct
2246 4368 2335 4404 eos
2363 4353 2448 4418 qui
2478 4361 2611 4400 unnc
2635 4356 2753 4399 sunt
2776 4386 2788 4407 ,
2813 4354 2864 4399 et
2888 4355 3121 4412 posteros
3150 4359 3311 4416 usque
3336 4345 3399 4397 ad

1864 4444 2058 4499 Christi
2086 4443 2362 4495 adventum
2392 4447 2570 4490 contra
2592 4450 2798 4488 omnem
2827 4434 3152 4487 inimicorum
3181 4432 3402 4485 obsidio~

1866 4548 1983 4585 nem
2013 4541 2146 4584 tutos
2179 4534 2467 4582 conservet.
2499 4524 2651 4578 Tales
2696 4531 2816 4577 sunt
2858 4532 3153 4577 sanctorum
3178 4523 3401 4576 animm:

1866 4621 2079 4672 fratrum
2107 4624 2341 4668 amantes
2366 4654 2381 4679 ,
2413 4613 2479 4666 de
2517 4609 2619 4665 illis
2640 4612 2873 4665 sollicita:
2891 4652 2905 4677 ,
2930 4626 3106 4665 amore
3135 4621 3402 4680 paternam

1867 4713 2171 4775 superantes
2224 4702 2671 4766 benevolentiam,
2705 4709 2758 4754 et
2799 4700 3134 4755 dilectionem
3184 4702 3404 4754 materni

1865 4804 2044 4864 partus
2080 4812 2091 4845 :
2123 4792 2208 4846 hic
2240 4806 2463 4859 namque
2491 4789 2716 4858 Spiritus
2741 4798 2793 4842 et
2819 4789 3001 4842 divina:
3030 4789 3207 4855 gratiae
3232 4799 3333 4843 est.

1936 4885 1985 4936 4.
2022 4882 2186 4934 Vultis
2217 4890 2271 4934 ut
2296 4879 2504 4934 aliunde
2531 4879 2688 4934 etiam
2710 4878 2856 4931 vobis
2881 4878 3255 4941 demonstrem,
3289 4892 3408 4929 san-

1867 4972 1979 5029 cios
2027 4990 2128 5027 non
2157 4987 2272 5040 qua:
2316 4971 2379 5024 ad
2410 4985 2557 5024 suum
2597 4979 2799 5035 tempus
2837 4976 3074 5035 spectant
3121 4967 3287 5020 solum
3314 4982 3406 5017 cu-

1868 5079 2020 5126 rare,
2049 5077 2220 5129 neque
2267 5076 2359 5129 pro
2411 5058 2751 5127 praesentibus
2798 5056 2965 5109 solum
3013 5064 3244 5109 metuere
3268 5095 3281 5117 ,
3316 5052 3406 5105 sed

1868 5155 2021 5207 etiam
2050 5166 2144 5219 pro
2170 5150 2233 5203 iis
2253 5150 2337 5217 qui
2366 5158 2541 5215 postea
2568 5145 2723 5198 futuri
2750 5143 2905 5198 sunt?
2934 5144 3297 5203 Accesserunt,
3332 5142 3407 5191 in-

1869 5245 1999 5313 quit,
2030 5243 2095 5297 ad
2133 5256 2253 5295 eum
2282 5242 2333 5292 in
2364 5246 2541 5291 monte
2579 5236 2847 5290 sedentem
2880 5234 3135 5299 discipuli,
3170 5231 3407 5283 homines

1870 5332 2241 5403 propemodum
2261 5343 2431 5392 senes,
2461 5328 2547 5396 qui
2571 5335 2687 5395 post
2714 5326 2974 5380 modicum
3000 5334 3199 5389 tempus
3219 5335 3281 5373 ex
3310 5320 3410 5373 hac

1872 5430 1975 5478 vita
2003 5422 2280 5478 discessuri
2306 5428 2472 5473 erant.
2505 5416 2639 5483 Quid
2668 5430 2791 5485 ergo
2818 5414 3084 5484 quaerunt?
3106 5412 3172 5464 de
3193 5424 3294 5479 quo
3319 5424 3411 5462 an-

1873 5516 2096 5584 guntur?
2133 5513 2257 5581 quid
2300 5510 2517 5565 timent?
2545 5510 2731 5579 quibus
2777 5508 2843 5561 de
2888 5506 3055 5561 causis
3110 5501 3409 5570 magistrum

1877 5601 2285 5671 percontantur?
2329 5596 2449 5653 num
2479 5598 2542 5653 de
2564 5598 2717 5653 rebus
2742 5638 2754 5661 ,
2786 5610 2899 5664 qua:
2937 5592 3061 5662 ipsis
3088 5587 3401 5644 viventibus.
