4032 6220
644 380 757 436 275

632 493 722 538 aut
749 482 884 537 circa
917 479 999 534 itta
1031 486 1261 544 tempora
1288 484 1551 528 eventum:
1593 471 1783 527 erant?
1807 469 2038 524 Minime.
2069 463 2172 518 Sed

628 577 701 630 iis
746 569 1106 640 prmtermissis
1151 568 1391 620 omnibus
1428 565 1551 631 quid
1585 561 1791 617 dicunt?
1813 559 1957 624 Quod
1981 561 2176 628 signum

631 666 869 715 adi-entia
896 663 966 714 tui
985 700 998 724 ,
1029 670 1074 712 et
1098 656 1532 711 consummationis
1555 654 1720 708 seculi
1745 651 1952 721 (Matth.
1982 649 2070 704 Ἡ.
2099 649 2180 718 5)τ

632 751 817 805 Viden‘
844 751 961 804 illos
989 749 1146 804 etiam
1173 747 1240 804 de
1265 746 1712 803 consummatione
1753 742 1928 796 saeculi
1954 745 2179 794 interro-

631 857 756 910 gare
779 881 794 905 ,
825 851 880 895 et
924 840 990 893 de
1019 838 1204 892 futuris
1248 836 1546 890 hominibus
1585 849 1705 888 esse
1756 831 2040 886 sollicitos?
2065 829 2178 883 Non

632 933 772 985 enim
813 945 906 983 sua
931 929 1111 983 vident
1133 927 1352 994 apostoli
1379 967 1393 988 .
1420 925 1512 979 scd
1540 940 1656 992 qua:
1681 924 1900 977 aliorum
1931 930 2052 975 sunt
2071 961 2084 979 ,
2129 930 2181 972 et

633 1022 792 1074 simul
823 1035 1005 1073 omnes
1032 1030 1084 1073 et
1111 1018 1328 1072 seorsim
1363 1015 1573 1084 singuli.
1604 1014 1788 1068 Petrus
1835 1013 2007 1080 itaque
2033 1009 2179 1062 chori

636 1113 778 1164 illius
824 1109 1169 1179 coryphmus,
1218 1123 1278 1162 os
1315 1106 1668 1174 apostolorum
1715 1104 1984 1165 omnimn,
2029 1111 2182 1169 caput

636 1201 774 1253 illius
816 1200 1021 1250 Iamilim
1043 1238 1059 1262 ,
1091 1198 1230 1250 orbis
1263 1197 1416 1250 totius
1446 1195 1720 1264 praefectus
1745 1237 1758 1259 ,
1793 1195 2179 1248 fundamentum

642 1289 910 1354 Ecclesiae,
940 1288 1130 1340 ardens
1164 1287 1352 1340 Christi
1379 1297 1603 1348 amator;
1629 1300 1746 1337 nam
1775 1286 1874 1347 Ait,
1907 1283 2074 1344 Petre,
2105 1282 2182 1333 di-

641 1378 752 1446 Iigis
774 1393 850 1428 me
879 1377 988 1442 plus
1010 1377 1083 1427 his
1111 1375 1284 1443 (Joan.
1315 1374 1401 1426 21.
1428 1375 1546 1440 15).
1579 1375 1698 1426 Ideo
1725 1374 1836 1440 ejus
1861 1373 2038 1426 laudes
2065 1387 2183 1438 pro-

644 1467 776 1531 fero,
813 1475 872 1518 ut
898 1465 1110 1517 discatis
1149 1479 1266 1517 cum
1299 1478 1420 1516 vere
1443 1463 1705 1515 Christum
1733 1462 1976 1516 dilexisse
2002 1479 2013 1513 :
2038 1471 2183 1517 certe

638 1555 754 1622 ejus
797 1570 918 1621 erga
949 1555 1224 1606 Dominum
1269 1554 1462 1606 amoris
1507 1562 1867 1621 argumentum
1900 1552 2182 1608 maximum

639 1654 753 1697 erat
798 1644 1094 1696 sollicitudo
1125 1644 1432 1696 famulorum
1462 1643 1592 1710 ejus.
1625 1642 1738 1696 Non
1773 1657 1869 1711 ego
1894 1641 2005 1694 tunc
2029 1641 2181 1704 dico,

638 1734 730 1788 aed
762 1735 1108 1802 ipscdilectns
1141 1735 1392 1786 Dominus
1421 1751 1434 1787 :
1467 1735 1526 1788 Si
1549 1751 1687 1786 amas
1713 1751 1804 1796 me,
1835 1735 2017 1801 inquit,
2043 1749 2186 1802 pasce

639 1841 750 1881 oves
777 1841 926 1876 meas.
965 1824 1239 1876 Videamus
1264 1840 1387 1891 ergo
1431 1841 1552 1876 nmn
1583 1840 1704 1877 vere
1746 1825 1968 1890 pastoris
1998 1823 2184 1892 pr.—el‘e-

637 1923 842 1968 cmram
890 1912 1119 1965 obtineat
1142 1952 1157 1976 ,
1191 1927 1313 1964 num
1361 1927 1486 1966 vere
1515 1928 1640 1966 oves
1665 1913 1877 1980 diligat,
1912 1929 2032 1964 num
2063 1928 2184 1965 vere

637 2003 808 2070 gregis
825 2017 1003 2055 amans
1015 2004 1100 2063 sit,
1121 2013 1176 2055 ut
1190 2002 1450 2056 discamus
1467 2018 1582 2055 eum
1601 2002 1754 2056 etiam
1777 2012 2036 2070 pastorem
2055 2003 2186 2057 dile-

645 2091 821 2144 xisse:
856 2090 978 2143 illud
1007 2091 1145 2144 enim
1180 2091 1332 2159 hujus
1353 2105 1470 2144 esse
1506 2101 1868 2159 argumentum
1912 2092 2062 2145 dixit.
2091 2092 2186 2145 llic

638 2179 1025 2247 itaque-Petrus
1051 2222 1064 2244 ,
1095 2191 1364 2249 postquam
1405 2183 1576 2234 omnia
1612 2196 1705 2236 sua
1746 2181 2040 2250 abjccerat,
2077 2191 2188 2237 rete

637 2283 828 2338 nempe
855 2279 906 2322 ct
925 2285 1263 2338 quaecumque
1287 2272 1334 2324 in
1361 2273 1594 2324 navicula
1615 2282 1784 2336 erant,
1809 2273 2002 2327 relictis
2034 2270 2182 2337 mari,

640 2367 754 2412 arte
783 2367 834 2410 et
853 2359 1026 2411 domo.
1050 2359 1123 2411 b‘e
1145 2375 1300 2426 porro
1322 2361 1669 2423 attendamus,
1690 2360 1800 2414 hmc
1825 2375 1983 2428 pauca
2007 2361 2184 2426 fuisse,

640 2447 733 2501 sed
761 2447 872 2503 bmc
896 2449 1069 2500 omnia
1105 2449 1234 2502 bona
1273 2464 1363 2502 sua
1392 2451 1673 2516 exstitisse,
1701 2451 1915 2518 ejusque
1943 2449 2186 2503 alacrita-

641 2543 744 2590 tem
777 2536 1062 2589 laudemus.
1083 2536 1209 2591 Nam
1233 2553 1292 2591 ea
1323 2553 1439 2604 qua:
1459 2539 1590 2591 duos
1611 2539 1853 2592 denarios
1869 2539 2184 2607 conjecerat,

639 2640 744 2678 non
782 2641 1018 2691 magnam
1051 2630 1386 2693 pecuniarum
1436 2629 1627 2682 molem
1668 2630 1942 2697 deposuit,
1973 2631 2063 2684 sed
2107 2631 2186 2682 in-

639 2722 821 2779 gentes
848 2714 1005 2766 studii
1037 2718 1113 2766 sui
1139 2716 1345 2768 divitias
1383 2717 1609 2770 ostendit
1632 2758 1644 2780 ,
1670 2719 2105 2786 quemadmodum
2133 2729 2187 2773 et

642 2799 726 2852 hic
749 2800 798 2851 in
826 2814 1008 2868 magna
1040 2812 1342 2868 paupertate
1372 2803 1632 2871 ingentem
1670 2807 1952 2859 alacritatis
1980 2808 2184 2874 copiam

639 2888 880 2956 praebuit.
910 2890 1056 2955 Quod
1083 2891 1220 2944 enim
1245 2893 1392 2946 alteri
1423 2903 1570 2945 erant
1593 2895 1805 2962 przedia,
1835 2897 1994 2960 servi,
2023 2895 2184 2960 :edes,

639 2997 841 3044 aurum,
864 2981 962 3034 hoc
991 2982 1062 3034 illi
1103 2993 1253 3037 erant
1282 2985 1443 3049 retia,
1476 2999 1619 3038 mare
1640 3027 1655 3049 ,
1687 3001 1774 3039 ars
1793 3028 1806 3049 ,
1834 2987 2087 3040 navicula.
2114 2986 2188 3040 Ne

641 3070 817 3138 itaque
847 3070 946 3123 hoc
981 3071 1311 3128 attendamus
1333 3114 1347 3138 ,
1380 3088 1444 3125 an
1482 3088 1644 3142 pauca
1672 3075 1970 3144 reliquerit,
2003 3077 2094 3131 sed
2122 3093 2185 3130 an

643 3160 819 3211 omnia
842 3161 1130 3227 reliquerit.
1155 3162 1281 3214 Nam
1315 3164 1363 3215 id
1392 3165 1528 3231 quod
1570 3167 1823 3233 qumritur
1852 3177 1960 3231 est,
1991 3185 2092 3223 non
2120 3184 2185 3221 an

641 3262 826 3316 magna
857 3263 920 3300 an
949 3263 1104 3315 parva
1131 3250 1446 3317 deponeret,
1477 3254 1566 3306 sed
1615 3270 1679 3307 an
1709 3257 1839 3308 nihil
1888 3257 2061 3310 minus
2109 3259 2189 3310 in-

644 3336 824 3399 ferret,
856 3354 1008 3405 quam
1037 3339 1230 3393 inferre
1261 3352 1454 3411 posset.
1484 3343 1742 3398 Omnibus
1766 3345 1938 3414 itaque
1961 3347 2180 3412 relictis,

644 3429 828 3494 patria,
855 3429 1031 3492 domo,
1060 3432 1239 3483 amicis
1263 3471 1276 3492 ,
1305 3435 1567 3499 cognatis.
1603 3435 1706 3487 imo
1731 3436 1839 3502 ipsa
1861 3439 2138 3490 securitate
2171 3453 2184 3489 :

644 3534 762 3570 nam
793 3519 889 3571 hoc
916 3520 1070 3571 modo
1090 3522 1333 3588 populum
1355 3522 1626 3577 Iudaicum
1655 3525 1749 3578 sibi
1779 3527 2041 3577 inimicum
2064 3525 2186 3577 red-

644 3607 773 3658 didit
797 3624 810 3656 :
843 3606 960 3657 Jam
983 3609 1112 3658 enim
1131 3647 1148 3670 ,
1173 3611 1340 3676 inquit
1367 3651 1380 3673 ,
1412 3613 1810 3678 conspiraverant
1833 3611 2003 3663 Judwi
2021 3652 2035 3675 ,
2064 3621 2114 3662 ut
2144 3611 2188 3662 si

643 3696 752 3762 quis
781 3711 888 3746 eum
921 3698 1237 3760 conﬁteretur
1265 3715 1368 3750 esse
1403 3699 1650 3752 Christum
1674 3739 1687 3762 ,
1713 3710 1850 3752 extra
1886 3716 2188 3769 synagogam

646 3787 783 3851 ﬁeret
813 3785 989 3854 (Joan.
1019 3789 1068 3842 9.
1101 3787 1225 3856 22).
1276 3788 1426 3844 Unde
1455 3791 1619 3858 palam
1653 3794 1706 3842 lit
1726 3831 1738 3851 .
1772 3805 1890 3844 eum
1918 3805 2013 3844 nec
2037 3790 2189 3844 dubi-

647 3887 786 3930 tasse
809 3915 823 3940 ,
859 3893 955 3932 nec
987 3878 1218 3932 timuisse
1263 3881 1400 3932 circa
1438 3896 1652 3948 regnum
1687 3883 1933 3934 cmlorum
1962 3897 1975 3944 ;
2006 3883 2094 3933 sed
2122 3883 2189 3936 de

647 3968 736 4019 ilio
757 3967 1034 4018 admodum
1063 3983 1367 4034 persuasum
1397 3967 1575 4028 fuisse.
1601 3979 1758 4037 atque
1788 3986 1848 4022 ex
1874 3970 1982 4038 ipsa
2014 3985 2186 4022 rerum

646 4055 1096 4107 demonstratione
1123 4096 1135 4117 ,
1165 4055 1269 4109 imo
1310 4067 1429 4108 ante
1468 4072 1640 4109 rerum
1688 4058 2188 4111 demonstrationem

646 4160 710 4196 ex
731 4143 1013 4197 Salvatoris
1039 4158 1164 4197 voce
1192 4144 1477 4198 credidisse
1501 4183 1515 4205 ,
1549 4159 1604 4196 se
1635 4147 1805 4212 ipsum
1829 4149 2044 4201 omnino
2073 4163 2190 4215 pos-

649 4245 918 4286 sessorum
961 4247 1098 4287 esse.
1150 4231 1278 4285 Cum
1307 4233 1525 4285 dixisset
1551 4233 1687 4285 enim
1713 4274 1725 4294 ,
1756 4233 1863 4284 Nos
1908 4238 2189 4301 reliquimus

648 4324 832 4386 omnia,
879 4333 923 4375 et
949 4325 1138 4391 sequuti
1162 4339 1328 4375 sumus
1354 4332 1415 4385 te,
1439 4323 1556 4390 quid
1583 4324 1670 4374 erit
1716 4323 1852 4374 nobis
1874 4323 1897 4374 ?
1928 4324 2193 4390 respOndit

648 4413 724 4464 eis
750 4411 990 4465 Christus
1019 4429 1030 4462 :
1068 4412 1310 4465 Sedebitis
1343 4429 1489 4481 super
1515 4413 1770 4463 duodecim
1799 4413 2021 4473 thronos,
2057 4414 2192 4478 judi-

648 4509 814 4550 euntes
852 4501 1108 4550 duodecim
1146 4500 1298 4552 tribus
1326 4500 1484 4553 Israel
1501 4499 1706 4568 (Matth.
1736 4500 1917 4554 19.27.
1938 4501 2047 4570 98).
2073 4502 2194 4553 llmc

653 4599 810 4649 porro
836 4587 1064 4651 prmmisi
1085 4627 1098 4649 ,
1129 4599 1185 4641 ut
1211 4605 1328 4642 cum
1371 4590 1539 4657 ipsum
1568 4604 1662 4656 pro
1689 4591 1957 4642 conservis
1982 4592 2191 4642 anxium

652 4675 970 4739 ostendero,
997 4690 1063 4727 ne
1103 4677 1248 4729 dicas
1275 4679 1446 4745 ipsum
1488 4679 1588 4730 sibi
1627 4678 1882 4732 timuisse.
1922 4678 2192 4742 Quomodo

653 4767 792 4819 enim
831 4766 1092 4818 timuisset
1111 4806 1125 4828 ,
1157 4775 1430 4832 postquam
1459 4771 1501 4818 is
1541 4767 1628 4834 qui
1657 4768 1824 4834 ipsum
1850 4777 2195 4820 coronaturns

653 4867 794 4919 erat,
825 4857 1134 4909 sententiam
1178 4857 1366 4908 tulerat
1405 4857 1474 4908 tle
1517 4871 1710 4909 corona
1757 4867 1811 4910 et
1850 4857 1915 4912 de
1967 4859 2195 4926 praemiis

653 4947 752 5014 ipsi
784 4946 1162 4998 conferendis?
1190 4947 1282 4998 llic
1314 4946 1488 5012 itaque
1516 4945 1697 4996 I'etrns
1717 4986 1729 5007 ,
1757 4949 1845 5012 qui
1873 4945 2045 4999 omnia
2076 4949 2195 4998 reli-

654 5043 859 5100 querat,
894 5035 979 5101 qui
1004 5034 1300 5089 confidebat
1323 5035 1388 5088 de
1417 5049 1574 5104 regno
1602 5036 1847 5087 cmiorum
1872 5076 1885 5098 ,
1917 5037 2196 5089 accedente

658 5125 937 5191 aliquando
977 5127 1139 5179 divite
1166 5128 1390 5194 quodam
1414 5168 1426 5189 ,
1461 5143 1520 5179 ac
1545 5127 1750 5180 dicente
1803 5125 1900 5194 ipsi
1946 5125 2155 5179 Christo
2179 5165 2194 5190 ,

659 5217 792 5282 Quid
830 5219 1008 5283 laetam
1055 5226 1108 5268 ut
1153 5228 1302 5269 vitam
1342 5230 1575 5271 a'ternam
1627 5219 1887 5270 hereditate
1931 5233 2200 5284 consequar

656 5307 864 5374 (Matth.
898 5307 982 5359 19.
1018 5306 1146 5373 16ὶῖ
1175 5322 1289 5360 cum
1313 5309 1670 5373 respondisset
1696 5309 1742 5360 ei
1767 5306 2022 5362 Christus.
2049 5307 2105 5360 Si
2127 5312 2198 5359 vis

655 5400 899 5464 perlectus
923 5414 1042 5462 esse,
1065 5399 1207 5463 vade,
1240 5403 1390 5451 vende
1413 5401 1577 5451 omnia
1605 5415 1714 5462 qua:
1738 5399 1904 5464 habes,
1928 5408 1971 5451 et
2001 5398 2064 5450 da
2085 5414 2200 5454 oau-

660 5489 870 5552 ueribus,
903 5499 945 5541 et
971 5494 1098 5552 veni,
1124 5506 1321 5554 sequere
1348 5505 1423 5541 me
1449 5488 1604 5555 (Ibid.
1638 5507 1683 5542 υ.
1708 5490 1767 5542 ἳί
1785 5491 1822 5556 );
1851 5487 2037 5543 deiiide
2073 5488 2157 5540 ubi
2178 5525 2194 5550 ,

661 5578 750 5632 illo
801 5581 1008 5634 tristitia
1057 5581 1282 5643 aﬂ‘ecto,
1330 5580 1566 5633 Christus
1623 5580 1893 5646 discipulis
1953 5579 2194 5642 dixerat,

670 5667 836 5725 Videte
880 5689 1025 5742 quant
1064 5674 1260 5741 difﬁcile
1297 5674 1466 5726 divites
1508 5671 1850 5740 ingrediantur
1891 5673 1942 5722 in
1991 5685 2194 5736 regnum

1327 364 1383 418 S.
1421 361 1691 418 JOANNIS
1725 353 2191 413 CIIRYSOSTOMI
2229 355 2539 414 ARCIIIEP.
2566 361 3082 422 CONSTANTINOP.

3732 390 3847 444 276

2279 469 2512 522 calorum
2535 487 2552 522 :
2571 488 2737 539 amen,
2759 491 2900 529 amen
2930 479 3040 531 dico
3066 482 3197 534 vobis
3224 521 3238 544 ,
3271 487 3466 553 [acilius
3491 498 3562 540 est
3588 496 3837 542 camelum

2284 576 2368 627 per
2416 563 2638 628 foramen
2683 580 2802 619 acus
2849 570 3072 636 ingredi,
3109 588 3255 639 quam
3291 576 3488 630 divitem
3532 581 3582 630 in
3626 597 3839 649 regnum

2283 649 2376 702 Dei
2419 651 2626 720 (Matth.
2668 656 2754 710 19.
2801 656 2893 722 94)
2925 675 2937 710 :
2965 660 3149 715 Petrus
3199 665 3452 720 bonorum
3500 673 3836 737 possessione

2283 757 2507 806 vacuus,
2539 746 2625 814 qui
2653 746 2720 800 de
2762 763 2922 815 regno
2965 753 3287 818 conﬁdebat,
3316 759 3402 824 qui
3439 759 3505 812 de
3541 775 3632 813 sua
3663 763 3836 814 salute

2284 846 2386 884 non
2448 833 2694 898 timebat;
2752 839 2948 891 certior
3015 839 3180 896 Iactus
3228 844 3294 898 de
3335 845 3533 901 honore
3577 850 3675 902 sibi
3727 851 3836 903 illic

2285 921 2556 986 reposito,
2615 921 2695 976 his
2741 926 2931 980 auditis
2975 928 3213 994 dicebat,
3275 934 3395 998 Quis
3444 939 3618 1004 poterit
3665 941 3838 992 salvus

2283 1023 2388 1060 esse
2415 1007 2572 1075 (Ibid.
2602 1028 2648 1064 v.
2682 1012 2772 1080 25)
2797 1014 2821 1066 i
2842 1015 2972 1079 Quid
3006 1017 3156 1072 times
3179 1059 3192 1081 ,
3225 1035 3258 1074 o
3301 1023 3450 1078 beate
3479 1025 3668 1080 Petre?
3707 1027 3834 1094 quid

2286 1101 2524 1153 vereris?
2547 1103 2672 1170 quid
2714 1107 2974 1172 trepidas?
3017 1107 3198 1163 Omnia
3238 1112 3469 1180 abjecisti
3492 1156 3507 1179 ,
3543 1117 3720 1170 omnia
3750 1117 3834 1171 di-

2285 1189 2469 1242 misisti
2496 1207 2509 1252 ;
2538 1191 2603 1244 de
2631 1191 2878 1247 divitibus
2904 1205 2984 1248 est
3011 1212 3208 1265 sermo,
3235 1202 3376 1270 quod
3405 1203 3595 1258 dicitur
3622 1205 3834 1260 illorum

2285 1286 2368 1330 ost
2407 1281 2670 1333 accusatio
2701 1297 2718 1334 :
2743 1292 2795 1334 tn
2823 1299 2948 1338 vero
2977 1286 3026 1338 in
3055 1300 3362 1357 paupertate
3389 1302 3442 1346 et
3475 1295 3644 1362 inopia
3673 1298 3834 1349 vitam

2285 1366 2414 1434 agis.
2452 1366 2660 1431 Verum,
2697 1371 2859 1438 inquit
2885 1373 2970 1426 ille
2994 1414 3007 1434 .
3031 1391 3134 1429 non
3164 1394 3220 1431 ea
3254 1395 3370 1448 qua:
3401 1383 3465 1434 ad
3490 1398 3572 1437 me
3595 1397 3838 1451 spectant

2286 1455 2517 1513 attendo.
2547 1457 2637 1509 sed
2667 1460 2888 1513 aliorum
2926 1464 3198 1520 utilitatem
3243 1485 3440 1536 qumro.
3476 1473 3600 1526 Ideo
3627 1475 3694 1530 de
3723 1480 3835 1530 suis

2289 1543 2447 1596 rebus
2500 1545 2686 1600 liducia
2728 1551 2946 1617 plenus,
2973 1553 3040 1609 de
3068 1557 3286 1611 aliorum
3333 1563 3496 1618 salute
3533 1567 3836 1622 sciscitaba-

2289 1641 2390 1696 tur,
2417 1634 2616 1701 dicens,
2635 1638 2757 1703 Quis
2780 1651 2937 1709 potest
2960 1645 3123 1698 salvus
3143 1664 3244 1700 esse
3259 1651 3284 1702 Ρ

2358 1724 2410 1778 5.
2444 1724 2632 1780 Paulus
2658 1730 2720 1780 de
2745 1741 3050 1796 posterorum
3076 1738 3332 1791 animabus
3368 1743 3624 1796 sollicitus.
3647 1775 3717 1784 —
3739 1747 3828 1800 Vi.

2286 1816 2465 1871 distin‘
2494 1821 2846 1887 apostolorum
2895 1826 3293 1883 sollicitudinem
3319 1833 3340 1882 ?
3370 1837 3630 1900 quomodo
3674 1855 3833 1891 unum

2288 1907 2395 1961 sint
2432 1914 2665 1977 corpus?
2693 1911 2920 1966 vidistin‘
2961 1930 3064 1982 quo
3094 1929 3243 1984 pacto
3284 1931 3333 1974 et
3366 1937 3458 1989 pro
3489 1928 3834 1989 prarsentibus

2289 2006 2338 2049 et
2366 2012 2459 2065 pro
2483 1998 2668 2052 futuris
2692 2000 2899 2056 timeret
2926 2003 3147 2058 Petrus?
3171 2007 3256 2060 Sic
3281 2010 3434 2062 etiam
3464 2011 3669 2066 Paulus.
3697 2014 3845 2080 ρης...

2291 2095 2503 2153 propter
2531 2088 2735 2141 dicebat
2768 2107 2780 2142 :
2819 2090 3041 2158 Scitote,
3091 2098 3222 2162 quod
3259 2099 3310 2150 in
3351 2101 3622 2154 novissimis
3665 2103 3836 2158 dic-bus

2289 2185 2430 2228 erunt
2469 2187 2690 2246 tempora
2718 2183 2887 2250 gravia
2914 2183 3001 2251 (2.
3025 2183 3156 2238 Tim.
3182 2190 3231 2242 5.
3264 2191 3283 2241 1
3308 2190 3345 2257 ).
3391 2190 3614 2260 ldipsum
3644 2197 3748 2262 agit
3783 2205 3836 2249 et

2289 2264 2432 2318 alibi.
2460 2269 2682 2332 Quando
2711 2273 2850 2324 enim
2883 2289 2946 2328 ex
2977 2276 3097 2327 Asia
3125 2277 3448 2333 discessurus
3473 2295 3600 2344 erat,
3633 2292 3685 2334 et
3725 2284 3837 2336 Ro-

2290 2369 2428 2406 mam
2455 2355 2832 2425 depmtandus,
2865 2361 3089 2431 indeque
3116 2365 3166 2417 in
3195 2369 3382 2420 caelum
3413 2371 3833 2424 transferendus:

2290 2456 2433 2496 mors
2462 2445 2654 2513 quippe
2682 2457 2979 2502 sanctorum
3010 2467 3150 2507 mors
3174 2470 3275 2507 non
3302 2465 3413 2518 est,
3446 2458 3535 2511 sed
3565 2460 3836 2512 translatio

2288 2545 2318 2582 a
2349 2541 2491 2586 terra
2513 2532 2564 2586 in
2593 2536 2777 2588 caelum
2802 2577 2816 2600 ,
2851 2552 2880 2590 a
2911 2539 3256 2594 deterioribus
3285 2543 3348 2595 ad
3377 2545 3618 2606 meliora,
3650 2561 3676 2597 a
3704 2562 3835 2599 con-

2289 2624 2454 2676 servis
2480 2624 2543 2676 ad
2575 2625 2881 2690 Dominum,
2920 2631 2984 2681 ab
3015 2632 3308 2687 hominibus
3336 2635 3400 2687 ad
3439 2636 3646 2700 angelos
3676 2656 3688 2687 :
3714 2639 3835 2702 quia

2292 2710 2449 2778 igitur
2472 2711 2707 2767 abiturus
2732 2729 2845 2768 erat
2871 2718 2932 2768 ad
2959 2720 3187 2772 onminm
3217 2722 3487 2774 Dominum
3512 2723 3693 2784 Deum,
3720 2739 3834 2776 om.

2291 2799 2372 2850 nia
2398 2815 2513 2866 qua:
2539 2801 2601 2853 ad
2627 2803 2796 2870 ipsum
2834 2807 3157 2870 pertinebant
3195 2809 3351 2874 probe
3375 2811 3707 2878 dispensavit.
3737 2812 3836 2864 Et-

2289 2889 2426 2940 enim
2459 2901 2653 2955 quanto
2689 2899 2923 2959 tempore
2949 2909 3064 2948 cum
3095 2897 3360 2962 discipulis
3392 2901 3516 2964 fuit,
3547 2917 3662 2953 cum
3690 2902 3838 2955 omni

2289 2977 2555 3046 diligentia
2585 2979 2876 3033 doctrinam
2910 2983 3032 3050 ipsis
3065 2985 3361 3053 impertivit.
3393 3004 3453 3042 ae
3477 2989 3607 3042 dixit
3643 3008 3655 3041 :
3683 2971 3869 3042 Μαίη-’δ

2289 3068 2382 3121 dus
2411 3085 2520 3122 sum
2549 3086 2578 3120 a
2607 3072 2844 3138 sanguine
2888 3075 3104 3126 omnium
3136 3076 3277 3144 (Act.
3309 3079 3395 3131 20.
3421 3078 3556 3147 26);
3601 3079 3837 3148 nihilque

2292 3162 2632 3226 prmlermisi,
2663 3162 2844 3229 inquit.
2885 3179 3063 3217 eorum
3103 3183 3217 3232 qua:
3253 3168 3316 3220 ad
3355 3169 3570 3222 salutem
3609 3171 3834 3223 admini-

2289 3249 2502 3302 stranda
2542 3260 2710 3302 erant.
2759 3251 2890 3318 Quid
2935 3253 3131 3320 igitur?
3178 3265 3446 3324 postquam
3490 3271 3579 3310 sua
3626 3259 3676 3311 in
3723 3269 3837 3313 tuto

2291 3340 2670 3402 collocaverat,
2714 3357 2830 3394 cum
2876 3347 3106 3396 accusari
3151 3360 3181 3398 a
3221 3346 3443 3400 Domino
3487 3363 3587 3400 non
3634 3359 3831 3416 posset,

2290 3428 2424 3482 circa
2469 3443 2527 3482 ea
2570 3444 2684 3494 qua:
2728 3430 2792 3481 ad
2835 3429 2951 3482 vitae
2981 3445 3086 3484 sua:
3131 3442 3332 3502 tempus
3376 3437 3734 3503 pertinebant,
3765 3455 3832 3491 an

2293 3516 2520 3582 neglexit
2543 3517 2750 3569 animas
2778 3527 2891 3582 post
2919 3517 3152 3573 futuras?
3179 3519 3513 3590 Nequaquam
3540 3543 3552 3577 :
3575 3525 3664 3579 sed
3687 3526 3834 3593 quasi

2291 3601 2355 3654 de
2388 3603 2488 3654 illis
2515 3604 2669 3654 etiam
2700 3606 2954 3658 rationem
2984 3607 3229 3673 daturus,
3255 3625 3330 3663 sic
3362 3621 3414 3665 et
3443 3612 3527 3664 illa
3551 3627 3670 3666 cum
3693 3614 3834 3667 omni

2291 3694 2620 3746 accuratione
2647 3694 2779 3747 dixit
2802 3697 2896 3759 eis,
2925 3707 2978 3750 et
3008 3697 3138 3761 hmo,
3167 3714 3282 3765 quae
3307 3715 3411 3767 jam
3443 3703 3693 3769 legemus,
3718 3716 3835 3754 ver-

2291 3781 2352 3834 ba
2381 3798 2393 3831 :
2417 3781 2683 3846 Attendite,
2715 3784 2897 3850 inquit,
2928 3785 3060 3839 vobis
3085 3787 3203 3854 ipsis
3223 3797 3267 3840 et
3292 3792 3516 3842 universo
3537 3793 3674 3857 gregi
3698 3792 3831 3856 (Act.

2290 3869 2376 3921 '20.
2407 3869 2531 3940 28).
2565 3870 2803 3927 Vidistin’
2842 3884 3086 3940 quantum
3129 3876 3336 3928 illorum
3367 3878 3515 3930 sollic
3540 3877 3715 3931 tudine
3739 3879 3833 3932 dc-

2295 3960 2496 4012 vinctns
2523 3963 2706 4015 esset?
2751 3962 2876 4016 Nam
2921 3965 3107 4032 singuli
3146 3976 3379 4020 nostrum
3420 3984 3535 4036 qua:
3582 3983 3672 4022 sua
3716 3979 3835 4022 sunt

2293 4062 2504 4116 corant,
2538 4052 2626 4104 ille
2652 4068 2775 4106 vero
2803 4055 3108 4121 pra'positus
3149 4071 3265 4121 qum
3307 4056 3371 4109 ad
3416 4071 3597 4109 omnes
3638 4066 3835 4124 specta-

2296 4138 2437 4191 bant.
2487 4140 2832 4204 Quamobrem
2877 4142 2942 4194 de
2984 4141 3284 4194 doctoribus
3331 4145 3399 4194 ait
3439 4160 3450 4193 :
3497 4142 3596 4205 Qui
3637 4145 3835 4211 uigilant

2294 4244 2440 4293 super
2464 4230 2652 4280 animos
2684 4239 2863 4281 vestras
2884 4267 2897 4291 ,
2943 4246 3080 4290 quasi
3107 4231 3344 4282 rationem
3370 4234 3615 4284 reddituri
3646 4233 3830 4300 (Hebr.

2296 4316 2379 4368 13.
2416 4317 2534 4376 17).
2573 4316 2916 4369 Formidabtle
2945 4331 3122 4369 revera
3154 4317 3397 4372 iudicium
3420 4358 3432 4376 .
3464 4334 3582 4372 cum
3615 4336 3710 4388 pro
3736 4332 3834 4374 tam

2297 4404 2487 4469 ingenti
2514 4405 2702 4470 pepuio
2731 4407 2956 4456 rationes
2983 4415 3103 4456 sunt
3131 4405 3409 4458 reddenda:
3439 4423 3452 4456 ξ
3483 4409 3595 4472 sed,
3622 4418 3674 4461 ut
3700 4408 3837 4462 dice-

2296 4494 2413 4546 bam
2435 4535 2446 4555 ,
2480 4496 2604 4561 ipsis
2628 4495 2808 4546 accitis
2833 4495 2904 4546 ait
2931 4511 2943 4544 :
2967 4496 3212 4548 Attendite
3235 4496 3369 4548 vobis
3397 4498 3516 4564 ipsis
3545 4508 3590 4550 et
3618 4503 3842 4552 universo

2295 4585 2449 4652 gregi,
2491 4587 2540 4634 in
2582 4601 2675 4651 quo
2715 4600 2796 4636 vos
2837 4584 3054 4643 Spiritus
3093 4594 3292 4636 sanctus
3331 4591 3497 4650 posuit
3535 4599 3758 4653 pastores
3794 4600 3841 4642 et

2298 4675 2552 4738 episcopos
2575 4673 2706 4738 (Act.
2730 4672 2817 4725 20.
2840 4672 2950 4737 28).
2993 4672 3122 4735 Quid
3165 4671 3353 4725 factum
3379 4678 3502 4727 est?
3542 4690 3637 4728 cur
3666 4677 3841 4729 horta-

2298 4763 2410 4814 ris?
2452 4780 2516 4814 an
2555 4763 2674 4829 quid
2718 4778 2871 4829 grave
2901 4763 3194 4829 prawides?
3222 4779 3286 4815 an
3331 4765 3455 4832 quid
3485 4770 3674 4820 durum
3717 4781 3838 4836 pro-

2299 4853 2453 4918 spicis
2474 4854 2496 4903 ?
2520 4867 2583 4904 an
2615 4851 2746 4918 quod
2787 4851 3067 4910 periculum
3099 4851 3353 4916 imminet,
3385 4870 3452 4906 an
3480 4871 3598 4923 quae
3625 4858 3838 4908 calami-

2302 4951 2401 5001 tas,
2430 4957 2493 4992 an
2537 4940 2772 4993 bellum?
2818 4939 2926 5002 Dic,
2971 4955 3185 4999 quaeso:
3219 4957 3338 4993 nam
3378 4943 3532 4996 altior
3565 4944 3714 4997 nobis
3740 4957 3836 4997 es:

2301 5047 2397 5085 nec
2422 5031 2693 5092 prmsentia
2715 5029 2871 5083 modo
2891 5030 3052 5090 vides,
3077 5032 3166 5084 sed
3193 5032 3347 5084 etiam
3371 5033 3538 5086 futura
3562 5034 3832 5101 pracvides.

2302 5121 2398 5176 Die
2421 5117 2572 5185 igitur
2594 5136 2688 5173 cur
2708 5119 2818 5172 haec
2843 5121 3114 5189 prmcipias
3138 5130 3189 5174 et
3215 5121 3460 5176 horteris.
3489 5123 3626 5186 Scio,
3653 5127 3834 5191 inquit,

2300 5223 2428 5282 quod
2455 5222 2562 5277 post
2598 5211 2936 5265 discessionem
2975 5229 3132 5264 meam
3160 5213 3409 5264 intrabunt
3437 5229 3488 5264 in
3511 5228 3707 5278 gregem
3733 5216 3836 5280 lupi

2301 5319 2470 5371 graues
2499 5300 2652 5368 (Ibid.
2680 5316 2727 5352 υ.
2750 5299 2859 5358 29).
2893 5300 3070 5352 Viden'
3095 5300 3232 5367 quod
3258 5299 3524 5362 dicebam,
3575 5302 3840 5367 quomodo

2300 5408 2404 5446 non
2434 5394 2497 5444 de
2527 5391 2589 5444 iis
2612 5390 2781 5444 selum
2812 5392 2899 5458 qui
2928 5407 3021 5444 suo
3049 5402 3282 5458 tempore
3309 5399 3459 5447 erant
3484 5394 3671 5445 anxius
3695 5400 3837 5445 esset

2300 5493 2353 5535 ct
2400 5484 2620 5539 timeret.
2662 5480 2752 5532 sed
2783 5483 2939 5532 etiam
2986 5480 3052 5533 de
3094 5481 3156 5533 iis
3185 5481 3268 5546 qui
3301 5487 3416 5542 post
3460 5477 3830 5533 discessionem

2302 5574 2458 5638 ipsius
2489 5568 2646 5620 luturi
2673 5579 2838 5621 erant.
2882 5567 3140 5620 Intrabunt
3169 5569 3298 5619 enim
3327 5568 3433 5632 lupi
3452 5606 3466 5628 ,
3494 5568 3695 5634 inquit;
3736 5582 3830 5620 nc-

2305 5676 2402 5730 qne
2443 5659 2742 5727 simpliciter
2766 5697 2780 5723 ,
2818 5657 2983 5726 Lupi,
3011 5657 3102 5712 sed
3131 5657 3285 5710 etiam
3325 5654 3454 5723 Lupi
3494 5670 3693 5724 σηκε,
3730 5669 3838 5711 non
