4032 6220
196 390 310 444 275

206 505 303 555 καὶ
332 501 437 567 τῆς
458 502 802 565 συντελείας
823 501 924 554 τοῦ
945 502 1186 566 αἰῶνος;
1214 499 1363 564 Εἶδες
1386 504 1658 563 κάκείνους
1680 501 1814 570 ύπέρ

206 588 304 656 τῆς
336 585 633 646 συντελείας
668 585 760 636 τοῦ
809 586 995 643 αἰῶνος
1024 587 1354 655 ἐρωτῶντας,
1403 588 1493 638 καὶ
1534 587 1670 655 ὑπὲρ
1713 586 1818 635 τῶν

210 671 475 739 ἐσομένων
516 669 811 738 ἀνθρώπων
849 669 1248 738 φροντίζοντας;
1284 672 1356 723 Οὐ
1395 671 1497 738 γὰρ
1533 671 1599 722 :6
1620 670 1819 721 ἐαυτῶν

208 755 404 823 ὁρῶσιν
430 756 477 804 οί
504 753 800 816 ἀπόστολοι,
834 753 963 805 ἀλλά
995 754 1059 805 τὰ
1088 755 1193 805 τῶν
1216 754 1382 807 ἄλλων
1410 755 1501 814 καὶ
1522 758 1667 822 κοινῇ
1691 754 1819 804 πάνο

209 858 298 903 τις
336 842 426 893 καὶ
476 842 577 909 ἰδίᾳ
621 841 860 901 ἕκαστος.
912 840 967 891 '0
1007 836 1097 891 οὖν
1142 840 1339 909 Πέτρος
1368 842 1395 892 6
1420 844 1698 909 κορυφαῖος
1729 838 1818 889 τοῦ

211 926 392 996 χοροῦ,
414 926 473 977 τὸ
497 927 663 994 στόμα
689 926 795 977 τῶν
824 924 1125 977 ἀποστόλων
1154 926 1420 989 ἀπάντων,
1446 927 1477 993 ἡ
1502 927 1704 993 κεφαλὴ
1726 926 1821 991 τῆς

212 1012 435 1081 φατρίας
466 1012 691 1075 ἐκείνης,
721 1013 747 1061 6
774 1011 869 1077 τῆς
902 1011 1211 1078 οἰκουμένης
1248 1012 1457 1077 ἀπάσης
1500 1010 1817 1077 προστάτης,

211 1098 241 1145 6
274 1095 513 1162 θεμέλιος
547 1094 641 1161 τῆς
676 1093 1009 1158 Ἐκκλησίας.
1033 1095 1059 1143 ὀ
1083 1092 1276 1161 θερμὸς
1301 1091 1525 1159 ἐραστὴς
1558 1092 1648 1141 τοῦ
1692 1093 1812 1155 Χρι-

215 1180 371 1230 στοῦ·
416 1179 610 1243 Πέτρε,
648 1177 771 1244 γάρ,
807 1178 956 1244 φησὶ,
989 1177 1175 1243 φιλεῖς
1209 1192 1284 1242 με
1329 1175 1531 1226 πλεῖον
1570 1176 1821 1233 τούτωρ·;

214 1264 310 1315 Διά
331 1262 482 1314 τοῦτο
501 1261 640 1326 λέγω
662 1260 730 1311 :6
753 1258 1013 1327 ἐγκώμια,
1046 1261 1127 1310 ἴνα
1162 1259 1359 1327 μάθητε
1390 1261 1466 1309 ὅτι
1503 1262 1663 1319 ὅντως
1686 1258 1823 1322 φιλεῖ

212 1347 303 1397 τὸν
333 1347 584 1414 Χριστόν·
615 1343 705 1395 τοῦ
749 1346 853 1411 γάρ
884 1346 961 1403 εἰς
998 1343 1086 1394 τὸν
1118 1343 1383 1410 Δεσπότην
1416 1343 1627 1411 φίλτρου
1663 1344 1693 1409 ἡ
1725 1357 1822 1406 κη-

212 1429 429 1495 δεμονία
457 1428 561 1479 τῶν
588 1428 778 1479 δούλων
804 1426 1092 1494 τεκμήριόν
1130 1427 1242 1477 ἐστι
1286 1427 1549 1493 μέγιστον.
1590 1426 1695 1477 K61
1727 1424 1822 1474 ούκ

215 1512 325 1576 ἐγὼ
361 1512 525 1563 ταῦτα
573 1511 729 1575 λέγω,
776 1509 887 1560 ἀλλ’
924 1508 1077 1569 66:6;
1119 1510 1146 1559 6
1180 1508 1487 1575 φιλούμενος
1520 1509 1785 1574 Δεσπότης
1810 1524 1821 1534 ·

215 1596 286 1648 El
317 1595 503 1660 φιλεῖς
542 1610 633 1660 με,
662 1592 808 1659 φησὶ,
845 1593 1111 1659 ποίμαινε
1150 1593 1219 1644 τὰ
1244 1593 1497 1659 πρόϐατά
1520 1609 1655 1658 μου.
1682 1592 1825 1641 Ἰδωο

220 1694 317 1747 μεν
348 1675 436 1730 οὖν
477 1679 639 1739 ὅντως
687 1679 733 1727 εἰ
775 1678 1020 1745 ποιμένος
1066 1675 1211 1747 [285]
1246 1677 1351 1744 ἔχει
1392 1675 1733 1745 προστασίαν,
1778 1676 1824 1725 εἰ

214 1762 380 1822 ὅντως
410 1762 740 1831 κηδεμονίαν,
769 1763 813 1813 εί
841 1761 1002 1822 ὅντως
1032 1763 1173 1827 φιλεῖ
1208 1761 1273 1813 :6
1306 1760 1560 1829 πρόϐατα,
1589 1761 1634 1809 εί
1664 1758 1824 1819 ὅντως

218 1844 563 1911 φιλόστοργός
597 1845 709 1894 ἐστι
739 1842 862 1911 περὶ
887 1844 982 1909 τὴν
1011 1842 1257 1909 ποίμνην,
1306 1842 1390 1892 ῖνα
1436 1840 1824 1907 καταμάθωμεν

215 1929 296 1979 δτι
333 1930 425 1979 1:61
454 1928 541 1979 :6v
570 1929 798 1994 ποιμένα
830 1927 1001 1993 φιλεῖ·
1036 1926 1191 1977 τοῦτο
1226 1925 1331 1993 γὰρ
1368 1922 1568 1976 ἐκείνου
1610 1926 1827 1992 σημεῖον

216 2011 413 2081 ῑφησεν
444 2006 597 2063 εῖναι.
620 2002 782 2071 Οὗτος
818 2010 989 2061 τοίνυν
1013 2012 1041 2061 ὀ
1076 2010 1275 2079 Πέτρος
1305 2011 1513 2062 ἅπαντα
1547 2008 1701 2078 ῥίψας
1729 2010 1826 2060 ὅσα

216 2092 347 2163 εἶχε,
377 2096 434 2146 :6
457 2095 683 2157 δίκτυον,
716 2094 782 2146 :6
814 2094 869 2146 ἐν
893 2094 967 2162 τῷ
1000 2094 1164 2163 πλοίῳ
1195 2095 1385 2157 πάντα,
1430 2096 1522 2146 καὶ
1552 2095 1705 2161 ἀφεὶς
1731 2094 1825 2162 τὴν

215 2179 496 2242 θάλατταν,
523 2180 616 2248 τὴν
640 2178 846 2248 τέχνην,
885 2179 981 2245 τὴν
1004 2178 1192 2230 οίκίαν.
1220 2178 1308 2247 Μὴ
1322 2179 1427 2247 γὰρ
1450 2177 1512 2247 δὴ
1534 2178 1684 2229 τοῦτο
1710 2176 1825 2228 ἴδω-

220 2278 339 2330 μεν,
368 2265 447 2315 ὅτι
477 2262 628 2329 ὀλίγα
653 2262 843 2327 ταῦτα,
878 2262 987 2314 ἀλλ’
1013 2262 1091 2313 δτι
1120 2262 1290 2314 πάντα
1323 2262 1387 2313 :6
1430 2263 1553 2313 ὄντα
1574 2281 1585 2295 ·
1619 2263 1709 2313 καὶ
1731 2259 1826 2327 τὴν

214 2347 519 2413 προθυμίαν
551 2346 929 2412 ἐπαινέσωμεν.
952 2347 1055 2396 K61
1074 2346 1177 2411 γὰρ
1197 2346 1228 2413 ἡ
1254 2346 1319 2396 τά
1342 2343 1431 2397 δύο
1461 2345 1826 2397 καταϐαλοῦσα

216 2430 441 2498 δηνάρια
489 2433 546 2480 ού
594 2430 751 2481 πολὺν
797 2431 951 2494 δγκον
1019 2430 1278 2497 κατέθηκε
1333 2430 1640 2497 χρημάτων,
1696 2427 1825 2479 ἀλλὰ

217 2516 380 2565 πολὺν
425 2514 643 2566 πλοῦτον
675 2515 977 2578 ἐπεδείξατο
1026 2516 1406 2583 προαιρέσεως,
1454 2513 1696 2579 καθάπερ
1737 2513 1825 2563 καλ⁵

216 2587 367 2659 οὗτος
416 2600 469 2649 ἐν
512 2598 672 2665 πολλῇ
738 2598 893 2665 πενίᾳ
942 2596 1175 2665 μεγάλην
1217 2596 1467 2665 εὐπορίαν
1533 2596 1826 2664 προθυμίας

216 2682 531 2748 παρέσχετο.
577 2682 748 2749 Ὅπερ
780 2680 884 2747 γὰρ
936 2678 1101 2748 ἐτέρῳ
1145 2681 1332 2748 χωρία,
1378 2678 1469 2731 καὶ
1508 2679 1822 2747 ἀνδράποδα,

217 2766 310 2815 καὶ
337 2766 619 2831 οἰκήματα,
673 2766 761 2815 καὶ
810 2763 1041 2831 χρυσίον,
1070 2764 1226 2815 τοῦτο
1271 2765 1455 2830 ἐκείνῳ
1500 2763 1557 2813 :6
1600 2762 1822 2822 δίκτυον,

216 2849 310 2898 καί
339 2850 370 2915 ἡ
401 2848 646 2906 θάλαττα,
683 2849 773 2897 καὶ
808 2850 839 2913 ὴ
883 2847 1061 2913 τέχνη,
1094 2849 1183 2896 καὶ
1214 2847 1272 2897 :6
1304 2847 1499 2895 πλοῖον.
1550 2844 1633 2911 Μὴ
1658 2845 1827 2894 τοίνυν

214 2928 372 2980 τοῦτο
397 2929 606 2996 ίδωμεν,
631 2930 676 2978 εἰ
705 2928 856 2992 ὀλίγα
881 2926 1103 2993 ἀφῆκεν,
1127 2927 1234 2977 ἀλλ’
1263 2928 1308 2978 εἰ
1339 2926 1410 2995 μὴ
1439 2928 1607 2977 πάντα
1634 2927 1824 2993 ἀφῆκε.

217 3013 384 3064 Τοῦτο
413 3013 514 3082 γάρ
548 3013 657 3064 ἐστι
676 3012 735 3063 τὸ
761 3011 1095 3079 ζητούμενον,
1125 3013 1220 3064 οὐκ
1241 3010 1388 3078 ὀλίγα
1416 3011 1448 3080 ἢ
1478 3012 1639 3062 πολλά
1667 3028 1823 3062 καταο

216 3096 405 3158 θεῖναι,
442 3096 572 3147 ἀλλὰ
614 3097 771 3164 μηδὲν
816 3096 1013 3148 ἐλάττω
1058 3099 1153 3165 τῆς
1200 3098 1398 3157 οἰκείας
1428 3096 1696 3163 δυνάμεως
1718 3097 1827 3145 εἰσ-

217 3184 470 3246 ενεγκεῖν.
497 3182 674 3232 Πάντα
700 3181 873 3231 τοίνυν
901 3181 1073 3247 ἀφεὶς,
1104 3181 1193 3231 καὶ
1230 3180 1475 3249 πατρίδα,
1504 3180 1594 3230 καὶ
1634 3179 1823 3239 οἰκίαν,

218 3267 312 3316 καὶ
351 3265 551 3330 φίλους,
586 3266 677 3315 καλ
719 3266 1007 3330 συγγενεῖς,
1046 3265 1139 3316 καὶ
1179 3264 1341 3332 αὐτὴν
1376 3266 1470 3331 τὴν
1510 3264 1824 3331 ἀσφάλειαν·

218 3350 311 3399 καλ⁵
362 3347 465 3414 γάρ
502 3348 591 3399 τὸν
640 3347 805 3416 δῆμον
854 3348 943 3397 τὸν
986 3347 1261 3398 Ἰουδαῖκδν
1316 3348 1487 3414 ἐαυτῴ
1537 3348 1705 3414 τούτῳ
1753 3347 1829 3415 τῷ

216 3431 399 3499 τρόπῳ
421 3431 819 3498 ἐξεπολέμησεν·
846 3430 981 3495 Ἠδη
1012 3431 1135 3497 γὰρ,
1177 3432 1322 3499 φησί,
1354 3430 1667 3483 συνέθεντο
1700 3432 1830 3481 ’1ου-

216 3515 389 3577 δαῖυι,
419 3515 523 3566 έάν
570 3532 655 3576 τις
702 3513 1037 3579 ὁμολογήσῃ
1066 3514 1245 3565 αὑτὸν
1279 3513 1543 3579 Χριστὸν,
1574 3514 1829 3564 ἀποσυν-

217 3600 439 3667 άγωγος
460 3597 711 3666 γένηται.
730 3598 885 3649 Ὅθεν
912 3598 1081 3665 δῆλον,
1107 3598 1185 3648 ὅτι
1211 3598 1306 3647 οὐκ
1333 3597 1683 3664 ἀμφέϐαλλεν,
1716 3598 1829 3649 οὑδέ

218 3683 468 3734 ἐδεδοίκει
499 3682 737 3749 περὶτῆς
765 3681 1031 3748 βασιλείας
1063 3680 1168 3730 τῶν
1199 3679 1452 3749 οὐρανῶν,
1476 3679 1608 3731 ἀλλὰ
1633 3681 1828 3748 σφόδρα

218 3767 519 3827 ἐπέπειστο,
567 3766 657 3817 καὶ
685 3766 778 3817 ἀπ’
805 3766 968 3830 αὐτῆς
1002 3765 1098 3833 τῆς
1129 3764 1235 3816 τῶν
1265 3765 1591 3831 πραγμάτων
1623 3766 1831 3816 ἀποδείο

219 3851 371 3914 ξεως,
410 3851 501 3901 καὶ
530 3851 631 3919 πρὸ
658 3849 752 3916 τῆς
777 3849 881 3900 τῶν
908 3849 1233 3915 πραγμάτων
1259 3848 1573 3911 ἀποδείξεως
1605 3848 1707 3899 61:6
1733 3850 1828 3914 τῆς

215 3934 311 3987 τοῦ
356 3933 601 4001 Σωτῆρος
646 3935 839 3998 φωνῆς,
872 3933 947 3982 ὃτι
985 3932 1368 3999 κληρονομήσει
1406 3932 1615 3991 πάντως
1646 3932 1823 3999 αὑτήν.

217 4018 399 4071 Εἰπὼν
422 4018 544 4085 γὰρ,
571 4018 650 4068 ὅτι
680 4015 871 4083 Ἡμεῖς
896 4015 1200 4081 ἀφήκαμεν
1227 4015 1435 4073 πάντα,
1460 4015 1553 4065 καί
1582 4016 1830 4079 ἠκολου-

218 4101 485 4168 θήσαμέν
507 4114 623 4162 σοι,
662 4100 718 4150 τί
754 4097 895 4165 ἡμῖν
920 4097 1115 4159 ἐσται;
1154 4098 1416 4166 ἀπεκρίθη
1447 4098 1624 4159 αὐτοῖς
1650 4101 1677 4149 ὀ
1705 4100 1832 4166 Χρι-

220 4186 362 4246 στὸς,
392 4185 470 4235 ὅτι
499 4181 843 4249 Καθήσεσθε
867 4182 962 4233 ἐπὶ
992 4180 1213 4232 δώδεκα
1242 4183 1504 4247 θρόνους,
1533 4183 1830 4247 κρίνοντες

217 4268 325 4330 τὰς
387 4266 607 4318 δώδεκα
669 4263 861 4330 φυλὰς
908 4264 1011 4315 τοῦ
1066 4263 1314 4328 Ἰσραήλ.
1370 4262 1547 4315 Ταῦτα
1602 4264 1655 4315 δέ
1706 4281 1831 4315 κατ·

219 4349 507 4410 εσκεύασα,
538 4349 622 4399 ῖνα
664 4348 788 4399 ὅταν
832 4346 984 4409 δείξω
1024 4347 1178 4397 αὑτὸν
1219 4347 1526 4411 ἀγωνιῶντα
1556 4349 1691 4413 ὑπὲρ
1726 4349 1830 4397 τῶν

222 4432 536 4494 συνδούλων,
587 4432 659 4500 μὴ
693 4432 847 4499 εῐπης
875 4431 953 4482 ὅτι
986 4431 1120 4499 ὑπὲρ
1159 4430 1345 4481 ἑαυτοῦ
1390 4430 1658 4481 ἐδεδοίκει.
1711 4430 1830 4491 Πῶς

220 4517 327 4583 γὰρ
355 4515 418 4567 ἂν
441 4515 658 4578 ἔδεισεν,
698 4512 855 4564 αὐτοῦ
900 4513 988 4563 τοῦ
1044 4513 1313 4580 μέλλοντος
1349 4514 1505 4565 αὑτὸν
1546 4513 1830 4579 στεφανοῦν

220 4600 629 4667 ἀποφηναμένου
661 4598 795 4665 ὑπὲρ
837 4596 928 4648 τοῦ
979 4597 1233 4663 στεφάνου
1272 4600 1363 4648 καὶ
1401 4598 1507 4649 τῶν
1540 4598 1827 4666 βραϐείων;

221 4680 384 4745 Οὗτος
406 4683 577 4735 τοίνυν
604 4684 632 4734 ὀ
670 4681 886 4747 Πέτρος,
923 4683 949 4731 6
984 4682 1154 4732 πάντα
1186 4682 1358 4747 ἀφεὶς,
1386 4684 1414 4733 ὀ
1448 4682 1659 4750 θαρρῶν
1698 4684 1831 4751 ὑπὲρ

220 4773 317 4837 τῆς
341 4766 604 4835 βασιλείας
629 4765 732 4816 τῶν
760 4765 1016 4832 οὐρανῶν,
1041 4766 1409 4832 προσελθόντος
1433 4768 1556 4817 ποτέ
1585 4766 1829 4819 πλουσίου

221 4854 380 4913 τινὸς,
415 4852 505 4903 καὶ
534 4850 769 4910 εἰπόντος
799 4848 875 4916 τῷ
906 4849 1133 4917 Χριστῷ,
1163 4850 1219 4901 Τί
1245 4849 1467 4912 ποιήσω
1501 4851 1597 4902 ἵνα
1625 4854 1831 4917 κληρο-

220 4937 462 5005 νομήσω
494 4934 642 5001 ζωὴν
683 4932 943 4995 aitEn-tor;
977 4933 1067 4983 καὶ
1110 4931 1198 4981 τοῦ
1235 4932 1461 5000 Χριστοῦ
1502 4935 1630 5001 πρὸς
1679 4936 1830 4985 αὑτὸν

224 5028 675 5098 ἀποκριναμένου,
721 5028 788 5078 Εἰ
824 5026 1009 5087 θέλεις
1036 5024 1252 5087 τέλειος
1280 5020 1445 5086 εἶναι,
1478 5025 1679 5091 ὒπαγε,
1715 5026 1829 5075 πώ-

222 5125 419 5189 λησόν
457 5136 571 5172 σου
616 5120 687 5171 τὰ
722 5117 1073 5185 ὑπάρχοντα,
1125 5116 1219 5167 καί
1264 5116 1365 5178 δὸς
1416 5117 1681 5183 πτωχοῖς,
1737 5121 1828 5171 καί

222 5217 396 5282 δεῦρο
456 5215 760 5267 ἀκολούθει
798 5227 923 5279 μοι·
976 5206 1091 5262 εἷτα
1138 5212 1268 5280 πρὸς
1313 5212 1465 5263 τοῦτο
1515 5212 1831 5280 λυπηθέντος

221 5309 563 5371 ἐκείνου,,καλ
590 5307 824 5373 λέγοντος
844 5307 952 5367 τοῖς
980 5305 1240 5373 μαθηταῖς
1268 5305 1358 5356 τοῦ
1380 5305 1831 5373 Χριστοῦ,’ορᾶτε

220 5402 347 5467 πῶς
382 5400 685 5464 δυσκόλως
708 5399 1065 5465 εἰσέρχονται
1095 5401 1146 5450 οι
1182 5400 1456 5450 πλούσιοι
1488 5401 1572 5461 εἰς
1600 5398 1709 5464 τὴν
1723 5400 1831 5460 ,ϐα-

218 5496 455 5549 σιλείαν
492 5491 604 5544 τῶν
639 5492 932 5558 οὐρανῶν·
976 5491 1151 5557 ἀμὴν,
1179 5490 1335 5557 ἀμὴν
1365 5490 1514 5555 λέγω
1547 5490 1701 5557 ὑμῖν,
1746 5490 1829 5541 ὅτι

221 5588 616 5655 εὐκοπώτερόν
641 5588 767 5644 ἐστι
795 5586 1057 5655 κάμηλον
1074 5587 1167 5639 διὰ
1191 5586 1559 5653 τρυπήματος
1581 5586 1824 5653 ῥαφίδος

894 387 959 440 IN
998 387 1219 453 ILLUD,
1260 388 1390 445 HOC
1429 388 1709 444 SCI'l'OTE
1748 384 1930 453 QUOD
1965 384 2027 437 ΙΝ
2061 382 2437 438 NOVISSIMIS
2477 383 2737 448 DIEBUS,
2780 384 2926 440 ETC.

3418 421 3529 478 276

1917 498 2225 558 εἰσελθεῖν,
2261 500 2299 563 ἢ
2344 499 2633 550 πλούσιον
2655 500 2738 561 είς
2760 498 2871 563 τὴν
2889 499 3207 560 βασιλείαν
3231 502 3332 553 τοῦ
3355 506 3497 559 Θεοῦ
3516 522 3530 537 ·

1916 583 1945 632 6
1968 583 2185 650 Πέτρος,
2210 584 2237 632 6
2259 583 2532 649 ἀκτήμων,
2561 582 2588 632 6
2625 581 2835 650 θαρρὦ
2867 582 3002 650 61:69
3030 586 3128 651 τῆς
3167 584 3453 651 βασιλείας,
3505 591 3535 642 6

1918 666 2051 733 61:69
2088 666 2185 733 τῆς
2211 665 2397 715 ἑαυτοῦ
2425 665 2495 732 μὴ
2524 664 2768 726 δεδοικὼς
2806 666 3089 734 σωτηρίας,
3121 670 3147 719 ὀ
3180 673 3533 738 πεπεισμένος

1919 750 2099 815 σαφῶς
2129 750 2251 817 περὶ
2276 748 2373 815 τῆς
2406 750 2519 800 ἐκεῖ
2541 749 2683 816 αὐτῷ
2701 750 3059 818 ἀποκειμένης
3088 752 3266 819 τιμῆς,
3303 755 3532 817 ἀκούσας

1918 834 2085 885 ταῦτα
2127 834 2296 898 ἔλεγε⁸
2348 834 2438 897 Τίς
2474 833 2712 884 δύναται
2752 834 3044 900 σωθῆναι;
3078 836 3141 886 Τί
3188 836 3444 898 δέδοικας,
3488 834 3532 889 ὦ

1922 919 2151 985 μακάριε
2182 917 2387 985 Πέτρε;
2425 917 2473 967 τί
2515 918 2776 985 ἀγωνιᾷς;
2816 919 2866 967 τί
2899 920 3145 986 τρέμεις;
3187 922 3363 972 Πάντα
3388 923 3532 991 ἔρρι-

1918 1000 2041 1066 ψας,
2073 1001 2245 1051 πάντα
2294 1000 2536 1065 ἀφῆκας·
2594 1000 2716 1066 περὶ
2749 999 2853 1049 τῶν
2894 1002 3251 1054 πλουτούντων
3293 1005 3320 1054 6
3358 1004 3528 1070 λόγος.

1919 1082 2134 1133 ἐκείνων
2183 1083 2472 1148 κατηγορία
2516 1082 2575 1132 :6
2605 1082 2916 1149 λεγόμενον⁹
2963 1086 3023 1135 σὺ
3059 1086 3111 1136 δὲ
3150 1088 3205 1137 έν
3244 1088 3398 1155 πενίᾳ
3441 1086 3533 1138 καὶ

1923 1166 2266 1233 ἀκτημοσύνῃ
2297 1168 2550 1226 διατελεῖς
2579 1166 2702 1227 ζῶν.
2737 1168 2868 1217 Ἀλλ’
2896 1170 2955 1219 οὐ
2984 1170 3043 1219 τὸ
3068 1171 3297 1236 ἐμαυτοῦ
3329 1174 3530 1232 σκοπῶ,

1923 1251 2103 1317 φησὶν,
2133 1250 2262 1300 ἀλλὰ
2290 1252 2378 1300 καὶ
2423 1250 2480 1299 τὸ
2512 1251 2706 1318 ἐτέρων
2746 1251 3018 1318 συμφέρον
3060 1253 3219 1321 ζητῶ.
3261 1256 3355 1305 Διά
3382 1258 3534 1306 τοῦτο

1924 1335 2061 1401 61:69
2104 1334 2207 1383 τῶν
2253 1334 2368 1385 καθ’
2412 1333 2593 1383 ἑαυτὸν
2637 1334 2864 1402 θαρρῶν,
2907 1335 3042 1403 ὑπὲρ
3080 1338 3183 1387 τῶν
3228 1338 3397 1389 ἄλλων
3441 1339 3535 1405 τὴν

1922 1415 2067 1485 [984]
2092 1416 2275 1467 πεῦσιν
2298 1418 2605 1484 προσήγαγε
2645 1416 2829 1482 λέγων,
2862 1419 2953 1480 Τίς
2974 1418 3213 1469 δύναται
3247 1421 3535 1484 σωθῆναι;

1990 1498 2049 1549 ε’.
2071 1494 2217 1558 Εἶδες
2232 1498 2335 1548 τῶν
2362 1500 2661 1551 ἀποστόλων
2686 1501 2779 1567 τὴν
2800 1502 3142 1569 κηδεμονίαν;
3167 1504 3279 1563 πῶς
3300 1505 3354 1553 ἓν
3383 1505 3537 1571 σῶμά

1922 1584 2087 1643 είσιν;
2120 1577 2254 1641 εῖδες
2284 1583 2395 1641 πῶς
2424 1583 2515 1633 καὶ
2545 1584 2677 1651 ὑπὲρ
2702 1585 2805 1635 :ch
2832 1588 3105 1653 παρόντων
3148 1589 3236 1637 x61
3266 1588 3399 1657 ὑπὲρ
3429 1590 3534 1640 τῶν

1926 1665 2217 1734 μελλόντων
2240 1666 2481 1717 ἐδεδοίκει
2505 1670 2531 1717 6
2562 1668 2785 1734 Πέτρος;
2819 1669 2968 1719 Οῦτω
2996 1672 3083 1721 καὶ
3130 1673 3155 1721 6
3197 1672 3415 1732 Παῦλος.
3446 1674 3534 1724 Διὸ

1924 1751 2089 1818 ἐλεγε·
2138 1750 2481 1811 Γινώσκετε,
2521 1752 2607 1803 ὄτι
2646 1754 2713 1803 έν
2742 1754 3018 1819 ἐσχάταις
3046 1756 3283 1822 ἡμέραις
3320 1760 3531 1826 ἐνστή-

1923 1851 2125 1887 σονται
2164 1836 2348 1900 καιροὶ
2390 1838 2655 1901 χαλεποί.
2702 1840 2807 1888 K61
2855 1839 3079 1907 ἀλλαχοῦ
3124 1842 3178 1892 δέ
3215 1841 3366 1893 τοῦτο
3395 1845 3536 1893 ποιεῖ

1923 1920 2096 1972 πάλιν.
2128 1919 2337 1987 Ἐπειδὴ
2355 1921 2459 1987 γὰρ
2477 1920 2658 1987 ἔμελλε
2679 1920 2855 1971 λοιπὸν
2876 1923 3194 1987 ἀφίστασθαι
3220 1925 3316 1992 τῆς
3332 1926 3529 1987 Ἀσίας,

1922 2006 2012 2054 καὶ
2045 2006 2133 2056 61:1
2160 2004 2255 2071 τὴν
2287 2004 2496 2071 Ῥώμην
2530 2004 2769 2069 ἄγεσθαι,
2797 2007 2887 2057 1:61
2923 2007 3125 2059 ἐκεῖθεν
3150 2011 3237 2059 ἐπί
3263 2010 3351 2061 τὸν
3373 2011 3531 2078 0696-

1922 2087 2007 2137 v6v
2042 2087 2331 2154 ἀποδημεῖν
2353 2102 2364 2114 ·
2400 2090 2426 2139 6
2472 2088 2689 2149 θάνατος
2717 2089 2821 2157 γὰρ
2846 2090 2949 2140 τῶν
2983 2091 3144 2155 ἁγίων
3164 2092 3260 2143 οὑκ
3299 2092 3408 2144 ἐστι
3442 2095 3532 2145 θά-

1923 2187 2092 2231 νατος,
2130 2170 2260 2221 ἀλλά
2304 2173 2622 2238 μετάστασις
2646 2174 2750 2224 61:6
2777 2175 2873 2241 γῆς
2902 2177 2979 2235 εἰς
3011 2176 3250 2244 οὐρανὸν,
3284 2178 3390 2228 61:6
3425 2180 3531 2230 τῶν

1922 2254 2207 2307 ἐλαττόνων
2238 2256 2315 2315 είς
2353 2256 2419 2306 :6
2458 2256 2660 2323 βελτίω,
2706 2259 2809 2310 ἀπὸ
2854 2259 2955 2309 τῶν
2990 2260 3277 2311 συνδούλων
3319 2263 3408 2312 61:1
3444 2264 3531 2313 τὸν

1922 2339 2208 2407 Δεσπότην,
2233 2340 2337 2391 61:6
2363 2341 2467 2392 τῶν
2492 2341 2782 2409 ἀνθρώπων
2799 2344 2929 2409 πρὸς
2946 2346 3067 2405 τοὺς
3093 2346 3346 2411 ἀγγέλους
3368 2362 3379 2374 ·
3414 2348 3532 2398 61:51

1923 2421 2014 2476 οὖν
2042 2425 2257 2492 ἔμελλεν
2301 2427 2513 2478 ἀπιέναι
2556 2428 2689 2496 πρὸς
2715 2430 2805 2479 τὸν
2841 2430 2947 2481 τῶν
2982 2432 3227 2483 ἁπάντων
3264 2434 3531 2502 Δεσπότην

1923 2508 2069 2573 Θεὸν,
2106 2512 2195 2559 x61
2223 2510 2290 2560 τὰ
2318 2511 2433 2561 καθ’
2462 2512 2642 2561 ἑαυτὸν
2670 2513 2839 2563 πάντα
2874 2514 3045 2574 καλῶς
3069 2516 3392 2585 ῲκονόμησε.
3427 2520 3531 2569 Καὶ

1922 2591 2027 2659 γὰρ
2062 2592 2145 2641 τὸν
2171 2593 2373 2659 χρόνον,
2420 2594 2475 2644 ὃν
2516 2596 2673 2662 συνῆν
2709 2598 2816 2655 τοῖς
2858 2596 3135 2663 μαθηταῖς,
3181 2599 3314 2664 μετά
3358 2601 3533 2669 πάσης

1921 2676 2197 2743 ἀκριϐείας
2231 2676 2324 2742 τὴν
2360 2678 2692 2727 διδασκαλίαν
2718 2679 2894 2737 αὐτοῖς
2932 2680 3208 2747 παρέθετο,
3241 2682 3329 2732 καὶ
3360 2683 3527 2749 λέγει·

1923 2759 2185 2822 Καθαρὸς
2215 2760 2325 2824 ἐγὼ
2367 2760 2480 2809 ἀπὸ
2530 2760 2630 2811 τοῦ
2667 2761 2905 2825 αἵματος
2956 2763 3208 2825 πάντων,
3254 2768 3342 2816 καλ⁸
3386 2769 3533 2819 οὐδὲν

1926 2840 2179 2900 ἐνέλιπον,
2215 2842 2363 2906 φησὶ,
2394 2842 2498 2891 :ch
2528 2842 2836 2906 ὀφειλόντων
2870 2846 3225 2915 είσενεχθῆναι
3263 2850 3391 2916 πρὸς
3432 2868 3533 2901 σω-

1923 2924 2132 2993 τηρίαν,
2175 2925 2237 2974 Τί
2287 2921 2405 2985 οὗνς
2452 2927 2630 2995 ἐπειδὴ
2675 2929 2740 2977 τὰ
2801 2928 2917 2979 καθ’
2963 2931 3145 2983 ἑαυτὸν
3188 2934 3530 3000 ἠσφαλίσατο,

1925 3010 2105 3078 ἐπειδὴ
2135 3010 2465 3075 ἐγκαλεῖσθαι
2488 3012 2583 3062 οὐκ
2618 3012 2841 3078 ἡμελλεν
2868 3014 2971 3064 61:6
2995 3014 3083 3065 τοῦ
3110 3019 3371 3068 Δεσπότου
3400 3021 3534 3089 ὑπὲρ

1925 3094 2029 3144 τῶν
2062 3095 2175 3146 κατ’
2209 3095 2366 3146 αὑτὸν
2411 3095 2630 3162 χρόνων,
2655 3090 2758 3162 ἆρα
2791 3097 3024 3165 ἠμέλησε
3060 3099 3163 3150 τῶν
3201 3102 3332 3167 μετὰ
3368 3104 3533 3156 ταῦτα

1924 3178 2138 3245 ψυχῶν;
2167 3179 2421 3245 Οὐδαμῶς
2446 3196 2456 3207 ·
2493 3180 2601 3230 ἀλλ’
2627 3178 2805 3247 ὥσπερ
2835 3181 3035 3246 μέλλων
3064 3184 3152 3233 καὶ
3192 3186 3408 3237 ἐκείνων
3446 3188 3534 3238 εύ-

1926 3264 2085 3324 θύνας
2114 3265 2349 3331 ὑπέχειν,
2374 3264 2539 3325 οὕτως
2563 3267 2783 3317 κάκεῖνα
2824 3268 2956 3332 μετὰ
2988 3270 3159 3335 πάσης
3186 3271 3360 3332 αὐτοῖς
3390 3271 3533 3339 λέγει

1924 3351 2019 3415 τῆς
2053 3348 2347 3414 ἀκριϐείας,
2381 3349 2469 3398 1:61
2492 3349 2624 3397 αὐτὰ
2659 3348 2692 3398 ἃ
2723 3350 2877 3399 πάλιν
2915 3351 3302 3420 ἀναγνώσωμεν
3339 3356 3402 3406 τά
3436 3358 3531 3424 ῥή-

1930 3446 2086 3499 ματα·
2118 3432 2459 3496 Προσέχετε,
2495 3433 2673 3498 φησὶν,
2707 3432 2933 3495 έιιυτοῖς
2976 3434 3069 3484 καί
3104 3438 3272 3487 παντὶ
3303 3438 3379 3500 τῷ
3408 3457 3533 3493 ποι-

1922 3514 2087 3579 μνίῳ.
2123 3510 2267 3574 Εἶδες
2316 3515 2429 3575 πῶς
2465 3509 2531 3580 ἦν
2570 3514 2933 3581 συνδεδεμένος
2970 3517 3142 3567 αὐτῶν
3173 3522 3234 3587 τῇ
3268 3523 3532 3587 φροντίδι;

1939 3598 2117 3663 Ἡμῶν
2155 3599 2248 3665 μὲν
2286 3599 2390 3667 γάρ
2429 3600 2648 3659 ἕκαστος
2672 3600 2735 3649 τά
2775 3601 2891 3651 καθ’
2916 3602 3097 3652 ἐαυτὸν
3128 3607 3375 3672 μεριμνᾷ,
3414 3606 3441 3655 6
3478 3607 3533 3656 δὲ

1929 3682 2197 3751 προεστὼς
2229 3683 2294 3733 :6
2337 3684 2565 3735 πάντων.
2609 3684 2695 3733 Διό
2736 3701 2862 3752 φησι
2890 3686 3011 3753 περί
3050 3687 3153 3737 τῶν
3184 3688 3532 3740 διδασκάλων·

1930 3767 2151 3828 Οἷτινες
2193 3766 2593 3832 ἀγρυπνοῦσιν
2638 3767 2781 3833 ὑπὲρ
2836 3767 2947 3819 τῶν
2992 3770 3199 3836 ¹ψυχῶν
3235 3772 3410 3838 ὑμῶν,
3457 3774 3535 3836 ὡς

1927 3853 2109 3917 λόγον
2141 3850 2567 3914 ἀποδώσοντες.
2610 3851 2833 3919 Φοϐερδν
2869 3853 3028 3914 ὅντως
3068 3855 3124 3905 :6
3154 3858 3478 3924 κρυπτήριον
3506 3870 3531 3897 α

1930 3935 2065 4001 ὑπὲρ
2088 3934 2333 3984 τοσούτου
2376 3933 2540 4000 δήμου
2579 3934 2671 3995 τὰς
2703 3936 2919 3996 εὐθύνας
2959 3938 3197 4004 ὑπέχειν·
3244 3940 3374 4001 ἀλλ’,
3403 3942 3535 4009 ὅπερ

1930 4018 2129 4082 ἔλεγον,
2164 4016 2389 4075 καλέσας
2416 4016 2605 4081 αύτούς
2636 4034 2794 4083 φησι·
2827 4020 3148 4086 Προσέχετε
3174 4023 3399 4087 ἑαυτοῖς
3436 4026 3530 4077 καί

1928 4102 2099 4153 παντί
2137 4100 2211 4163 τῷ
2246 4100 2509 4165 ποιμνίῳ,
2544 4101 2610 4149 ἐν
2636 4094 2682 4163 ᾧ
2711 4102 2862 4167 ὑμᾶς
2901 4104 3060 4154 ἔθετο
3098 4104 3160 4155 τὸ
3199 4108 3433 4173 Πνεῦμα
3472 4110 3538 4160 τὸ

1930 4184 2094 4250 ἅγιον
2132 4184 2409 4247 ποιμένας
2452 4182 2547 4232 καί
2580 4182 2955 4246 ἐπισκόπους.
2995 4186 3057 4235 Τί
3094 4187 3336 4253 γέγονεν;
3396 4192 3535 4252 τίνος

1929 4270 2106 4319 ἐνεκεν
2138 4268 2441 4333 παραινεῖς;
2477 4268 2545 4332 μή
2574 4283 2623 4315 τι
2652 4269 2878 4335 προορᾷς
2906 4269 3100 4331 δεινόν;
3134 4273 3203 4338 μή
3235 4290 3285 4323 τι
3316 4275 3534 4340 προϐλέ-

1931 4368 2049 4411 πεις
2074 4350 2325 4416 χαλεπόν;
2361 4350 2431 4417 μή
2466 4366 2543 4409 τις
2568 4350 2820 4415 κίνδυνος,
2852 4354 2919 4421 μή
2950 4371 3030 4414 τις
3064 4356 3325 4423 συμφορὰ,
3354 4361 3423 4426 μή
3454 4376 3537 4420 τις

1931 4434 2192 4500 πόλεμος;
2228 4433 2356 4483 Εἰπέ
2379 4447 2393 4462 ·
2424 4432 2634 4501 καὶγὰρ
2662 4434 2973 4502 ὑψηλότερος
2997 4439 3147 4505 ἡμῶν
3174 4440 3419 4506 ἕστηκας·
3443 4444 3537 4494 καὶ

1929 4519 1987 4569 ού
2013 4519 2078 4568 :6
2098 4518 2333 4584 παρόντα
2359 4516 2565 4583 βλέπεις
2591 4517 2763 4583 μόνον,
2786 4518 2913 4568 ἀλλά
2944 4521 3031 4570 καὶ
3048 4521 3114 4571 :6
3137 4522 3390 4588 μέλλοντα
3410 4540 3541 4591 προ-ι

1930 4606 2076 4672 ορᾷς.
2101 4604 2230 4655 Εἰπὲ
2259 4603 2427 4653 τοίνυν
2459 4603 2596 4662 τίνος
2632 4602 2809 4653 ἕνεκεν
2838 4606 3226 4670 παραγγέλλεις
3253 4608 3419 4659 ταῦτα
3446 4612 3540 4661 καὶ

1932 4690 2223 4755 παραινεῖς.
2257 4682 2417 4748 Οἶδα,
2450 4687 2627 4753 φησὶν,
2652 4686 2737 4736 ὅτι
2751 4689 2895 4752 μετὰ
2917 4688 3028 4753 τὴν
3052 4690 3252 4755 ἄφιξίν
3276 4710 3391 4758 μου
3418 4697 3538 4745 εισ-

1930 4773 2268 4823 ελεύσονται
2299 4771 2469 4821 λύκοι
2493 4770 2695 4835 ,βαρεῖς
2720 4774 2802 4833 εἰς
2830 4771 2892 4822 τὸ
2916 4774 3199 4839 ποίμνιον.
3238 4773 3382 4837 Εἶδες
3405 4779 3540 4845 ὅπερ

1930 4856 2128 4920 ελεγον,
2150 4855 2260 4914 πῶς
2280 4855 2374 4921 οὐχ
2394 4855 2528 4923 ὑπὲρ
2546 4854 2650 4904 τῶν
2675 4856 2793 4905 καθ’
2810 4857 2993 4907 ἐαυτὸν
3009 4860 3205 4925 χρόνων
3223 4862 3424 4929 ἀγωνιᾷ
3445 4865 3535 4914 καὶ

1929 4943 2127 4994 δέδοικε
2152 4943 2323 5009 μόνον,
2346 4942 2475 4991 ἀλλὰ
2501 4942 2591 4993 x61
2610 4942 2742 5012 ὑπὲρ
2760 4944 2863 4994 τῶν
2888 4945 3018 5010 μετὰ
3042 4945 3137 5013 τὴν
3157 4947 3333 5013 ἄφιξιν
3352 4948 3537 5013 αὐτοῦς

1931 5028 2383 5079 Εἰσελεύσονται
2412 5026 2516 5092 γὰρ
2541 5026 2728 5087 λύκοι,
2757 5028 2901 5094 φησί·
2929 5028 3019 5079 καὶ
3034 5032 3127 5097 οὐχ
3152 5032 3350 5093 ἁπλῶς,
3368 5032 3535 5098 λύκοι,

1930 5112 2079 5171 ἀλλὰ,
2113 5110 2286 5161 Λύκοι
2302 5108 2525 5173 βαρεῖς,
2556 5108 2639 5175 μὴ
2660 5111 2981 5177 φειδόμενοι
3010 5114 3113 5164 τοῦ
3138 5118 3427 5181 ποιμνίου.
3454 5120 3541 5168 Δι-

1931 5195 2090 5254 πλοῦς
2128 5195 2155 5243 6
2204 5194 2450 5259 πόλεμος·
2481 5192 2708 5243 ἀπουσία
2740 5195 2963 5257 Παύλου,
3002 5199 3091 5247 καὶ
3112 5198 3288 5262 ἔφοδος
3319 5202 3423 5251 τῶν
3447 5202 3539 5254 λύ-

1930 5295 2053 5331 κων·
2076 5277 2191 5327 ούδὲ
2212 5278 2236 5326 6
2254 5276 2556 5337 διδάσκαλος
2575 5277 2845 5345 πάρεστιν,
2864 5281 3011 5329 καὶοί
3032 5281 3419 5351 διαφθείροντες
3432 5290 3540 5337 ἐπι-

1930 5364 2209 5413 κείσονται.
2232 5362 2336 5411 K61
2373 5362 2555 5411 σκόπει
2594 5364 2916 5429 κακουργίαν
2944 5364 3161 5433 θηρίων,
3186 5370 3277 5419 καὶ
3297 5370 3539 5440 πονηρῶν

1993 5597 2017 5623 ⁸
2041 5596 2117 5644 Sic
2141 5608 2223 5645 ms.
2248 5596 2342 5643 Sed
2358 5596 2485 5643 haud
2508 5596 2651 5644 dubie
2691 5597 2948 5657 legendum
2970 5600 3216 5659 κριτήριον.
