4000 6220
464 346 573 402 277

461 453 753 524 ἀνθρώπων
786 455 1019 506 ἐπίνοιαν
1041 471 1053 484 ·
1093 455 1188 523 τὴν
1213 455 1471 506 ἀπουσίαν
1503 455 1944 523 παρετηρήσαντο
1986 450 2079 503 τοῦ

458 538 787 600 διδασκάλου,
823 540 912 590 καὶ
958 539 1074 591 τότε
1128 538 1374 590 ἐπέθεντο
1421 537 1498 607 τῷ
1545 541 1789 607 ποιμνίῳ.
1848 538 1911 588 Τί
1957 531 2080 599 οῦνς

463 625 917 694 ἁπροστατεύτους
949 627 1089 694 ἡμᾶς
1120 627 1228 693 ἐᾷς,
1260 626 1351 678 καὶ
1377 625 1651 695 προλέγεις
1696 625 1763 675 τὰ
1807 622 1949 675 δεινὰ
1991 623 2086 689 μό-

465 728 569 771 νον,
599 710 846 777 οὐδεμίαν
887 711 941 762 δὲ
991 714 1215 772 ἐπινοεῖς
1245 711 1620 778 παραμυθίαν;
1665 709 1821 761 Ἀλλά
1849 707 1912 759 ἂν
1942 705 2086 776 [285]

466 796 619 846 τοῦτο
643 797 814 864 ποιῇς,
846 795 1039 863 μᾶλλον
1071 795 1250 858 αὔξεις
1275 795 1370 864 τὴν
1389 796 1600 859 δειλίαν,
1630 797 1721 847 καῖ¹
1742 791 2089 850 καταϐάλλεις

467 879 532 930 τά
580 881 914 948 φρονήματα,
961 881 1050 931 καὶ
1095 881 1298 942 ἐκλύεις
1339 881 1403 932 τὰ
1447 880 1625 948 νεῦρα,
1661 878 1948 945 παραλύεις
1994 876 2090 935 τὰς

468 966 650 1030 χεῖρας
701 962 802 1014 τῶν
846 965 1160 1018 ἀκουόντων.
1191 966 1286 1016 Διά
1313 982 1392 1016 τοι
1423 965 1575 1015 τοῦτο
1613 964 1867 1031 πρότερον
1899 961 2090 1020 αὐτοὺς

467 1045 559 1097 τοῦ
588 1047 890 1114 Πνεύματος
921 1049 1244 1117 ἀνέμνησεν·
1285 1051 1376 1099 Ἑν
1400 1042 1446 1112 ᾧ
1473 1048 1617 1115 ὑμᾶς
1649 1049 1710 1098 τὸ
1749 1048 1985 1112 Πνεῦμα
2027 1045 2089 1098 τὸ

466 1131 632 1197 ἅγιον
678 1132 838 1183 ἔθετο
880 1134 1157 1199 ποιμένας
1190 1132 1284 1184 καί
1331 1135 1710 1195 ἐπισκόπους.
1742 1131 1857 1182 Κᾶν
1891 1131 2093 1190 Παῦλος

468 1215 620 1281 ἀπίῃ,
668 1217 844 1280 φησὶν,
878 1216 986 1265 ἀλλ’
1017 1218 1044 1266 0
1090 1217 1433 1285 Παράκλητος
1480 1218 1752 1283 πάρεστιν.
1791 1211 1936 1274 Εἶδες
1980 1212 2094 1274 πῶς

470 1299 772 1364 ἐπτέρωσεν
797 1300 968 1350 αὐτῶν
995 1301 1087 1366 τὴν
1116 1299 1306 1368 ψυχήν,
1336 1302 1640 1366 ἀναμνήσας
1669 1298 1758 1350 τοῦ
1781 1297 2093 1350 διδασκάλου

469 1381 560 1432 τοῦ
611 1381 772 1439 θείου,
809 1383 872 1432 δι’
901 1382 957 1431 ὃν
1003 1384 1093 1434 καὶ
1137 1384 1292 1443 αὐτὸς
1341 1382 1525 1452 παρὼν
1577 1383 1760 1449 ίσχυε;
1809 1381 1960 1442 Τίνος
2004 1377 2096 1431 οῦν

472 1465 649 1515 ’ένεκεν
683 1468 760 1525 είς
788 1465 944 1530 φόϐον
971 1467 1244 1530 ἐνέϐαλεν;
1279 1469 1388 1518 Ἵνα
1418 1467 1614 1536 ἐκϐάλῃ
1645 1467 1799 1518 πάλιν
1820 1466 1912 1534 τὴν
1936 1465 2098 1534 ρᾳθυ-

477 1550 622 1615 μίαν.
642 1550 898 1618 Ἐκάτερα
934 1551 1038 1619 γὰρ
1070 1552 1147 1602 δεῖ
1179 1554 1345 1602 ποιεῖν
1376 1552 1463 1602 τὸν
1492 1549 1929 1619 συμϐουλεύοντα,
1965 1551 2097 1617 μήτε

474 1633 682 1698 ἀφιέναι
713 1634 926 1702 θαρρεῖν
965 1636 1052 1686 τὸν
1082 1635 1361 1697 ἀκούοντα,
1389 1636 1472 1688 ἴνα
1504 1637 1577 1703 μή
1621 1636 1978 1704 ῥᾳθυμότερος
2011 1633 2100 1698 γέ·

473 1733 627 1784 νηται
649 1733 660 1746 ·
695 1722 826 1786 μήτε
869 1720 1047 1784 φοϐεῖν
1073 1720 1227 1771 πάλιν
1259 1722 1433 1788 μόνον,
1469 1721 1551 1772 ἵνα
1583 1721 1654 1788 μὴ
1686 1723 1762 1780 είς
1788 1719 1981 1770 δειλίαν
2007 1720 2102 1784 ἐμ-

476 1801 633 1870 πέσῃ.
654 1802 985 1870 ’Λναμνήσας
1017 1804 1112 1871 μὲν
1143 1799 1232 1856 οῦν
1257 1803 1348 1855 τοῦ
1382 1805 1707 1871 Πνεύματος,
1752 1803 1962 1865 ἐξέϐαλε
2007 1802 2101 1870 τὴν

479 1886 701 1938 δειλίαν·
733 1887 896 1939 είπὼν
943 1888 996 1938 δὲ
1041 1889 1162 1949 τοὺς
1194 1888 1406 1952 λύκους,
1437 1888 1650 1952 ἐξέϐαλε
1690 1889 1785 1958 τὴν
1817 1887 2102 1956 ρᾳθυμίαν.

479 1971 659 2023 Λύκοι
710 1971 935 2037 βαρεῖς,
960 1972 1044 2040 μὴ
1094 1973 1421 2041 φειδόμενοι
1453 1975 1556 2027 τοῦ
1587 1975 1874 2040 ποιμνίου.
1925 1977 2106 2039 Προσ-

479 2056 642 2123 έχετε
682 2058 930 2123 ἑαυτοῖς.
965 2059 1151 2112 Οὐδὲν
1193 2059 1652 2126 ὑπεστειλάμην,
1682 2059 1844 2128 φησί’
1899 2076 2106 2127 μνημο-

480 2144 660 2195 νεύετέ
687 2162 806 2211 μου.
823 2146 1016 2197 Ἱκανὸν
1041 2146 1147 2214 γὰρ
1174 2147 1338 2207 ὅντως
1367 2149 1444 2208 είς
1468 2147 1528 2197 τὸ
1572 2146 1788 2214 θαρρεῖν
1813 2146 1871 2196 τὸ
1903 2145 2103 2213 μεμνῆ-

484 2228 602 2278 σθαι
636 2230 865 2283 Παύλου.
901 2232 1008 2298 Ούχ
1037 2231 1217 2292 άπλῶς
1252 2232 1308 2283 δὲ
1335 2231 1476 2296 λέγει
1499 2231 1596 2300 τὴν
1626 2231 1837 2299 μνήμην
1865 2231 1961 2299 τὴν
1986 2231 2109 2282 ἐαυ-

483 2309 598 2369 τοῦ,
629 2311 760 2362 ἀλλὰ
788 2312 882 2380 τὴν
911 2317 1123 2381 μνήμην
1146 2317 1251 2365 τῶν
1282 2315 1854 2383 κατορθωμάτων.”οτι
1888 2315 1991 2380 γὰρ
2015 2316 2109 2382 ούχ

483 2395 665 2456 ἁπλῶς
691 2396 834 2460 λέγει
857 2397 950 2461 τὴν
981 2399 1192 2465 μνήμην
1218 2399 1312 2465 τὴν
1339 2398 1518 2459 αὑτοῦ,
1544 2399 1654 2450 ἀλλ’
1677 2399 1758 2448 ἵνα
1784 2399 2108 2466 μεμνημένοι

487 2479 812 2548 ζηλώσωσιν,
849 2480 1127 2532 ἀκούσοντι
1174 2483 1474 2549 ἐπήγαγεν·
1528 2481 1931 2547 Μνημονεύετέ
1979 2497 2107 2547 μου,

487 2565 574 2615 ὅτι
604 2565 856 2630 τριετίαν
893 2567 1078 2618 νύκτα
1119 2567 1212 2617 καὶ
1257 2567 1481 2633 ἡμέραν
1527 2569 1595 2618 οὺ
1641 2567 1937 2618 διέλειπον
1969 2568 2111 2634 μετὰ

487 2647 756 2713 δακρύων
785 2649 881 2700 καί
918 2648 1032 2700 τῶν
1057 2649 1323 2716 ὀδυρμῶν
1364 2651 1606 2702 ἐκείνων
1645 2650 1936 2711 ἁπάντων,
1978 2667 2114 2702 νου-

489 2731 670 2786 θετῶν
709 2734 813 2786 ἕνα
844 2734 1100 2785 ἕκαστον
1142 2733 1323 2801 ὑμῶν.
1352 2735 1459 2802 Ούχ
1492 2735 1672 2795 ἁπλῶς
1697 2736 1836 2801 ὑμᾶς
1862 2734 2111 2803 βούλομαι

491 2819 793 2887 μεμνῆσθαί
825 2836 943 2888 μου,
976 2819 1108 2870 ἀλλὰ
1135 2820 1226 2871 καὶ
1249 2819 1338 2870 τοῦ
1370 2821 1556 2888 χρόνου
1585 2820 1674 2871 καὶ
1700 2823 1797 2888 τῆς
1818 2819 2111 2883 νουθεσίας,

489 2906 581 2954 καὶ
623 2905 718 2970 τῆς
765 2904 993 2971 σπουδῆς
1025 2907 1114 2955 καὶ
1155 2903 1260 2955 τῶν
1293 2903 1554 2971 δακρύων,
1605 2903 1693 2954 καὶ
1723 2903 1829 2954 τῶν
1874 2903 2115 2972 ὀδυρμῶν

489 2987 706 3038 ἐκείνων
741 2990 1004 3040 ἁπάντων.
1038 2989 1294 3059 Καθάπερ
1336 2991 1439 3058 γὰρ
1472 2990 1693 3041 ἐπὶτῶν
1736 2990 2040 3056 καμνόντων
2067 2991 2115 3039 οί

491 3073 868 3140 προσήκοντες,
894 3073 1104 3125 ἐπειδάν
1133 3073 1351 3136 πολλοὺς
1375 3075 1463 3125 καὶ
1491 3074 1731 3142 μακροὺς
1749 3073 2117 3134 ἀποτείναντες

491 3156 672 3222 λόγους
721 3156 790 3224 μή
835 3157 1088 3209 πεισθῶσι
1137 3157 1201 3209 τὰ
1251 3157 1354 3209 τῶν
1403 3157 1816 3226 ἀρρωστούντων
1864 3157 2116 3227 προέσθαι

493 3241 633 3292 σιτία
667 3243 755 3292 καὶ
778 3242 1057 3310 φάρμακα,
1084 3241 1419 3310 δακρύουσιν,
1439 3241 1574 3293 ὥστε
1598 3243 1791 3303 αὐτοὺς
1814 3241 2116 3310 ἐπικάμψαι

495 3324 718 3393 μᾶλλον·
770 3324 908 3376 οὕτω
954 3325 1046 3377 καὶ
1087 3326 1288 3387 Παῦλος
1332 3328 1422 3378 ἐπὶ
1464 3326 1569 3378 τῶν
1618 3326 1866 3394 μαθητῶν
1910 3327 2114 3376 ἐποίει·

491 3409 647 3475 ἡνίκα
692 3410 756 3460 ἂν
785 3406 918 3461 είδεν
947 3410 1263 3462 ἀσθενοῦντα
1308 3411 1394 3462 τὸν
1443 3411 1592 3477 λόγον
1633 3412 1728 3478 τῆς
1759 3411 2113 3473 διδασκαλίας,

492 3493 586 3560 τὴν
615 3493 900 3561 θεραπείαν
927 3494 1022 3564 τὴν
1053 3497 1158 3546 άπὸ
1185 3496 1287 3547 τῶν
1318 3496 1562 3564 δακρύων
1591 3495 1852 3562 εἰσέφερε.

562 3633 738 3694 ς’.Τίς
774 3632 827 3684 δὲ
851 3633 948 3684 ούκ
980 3633 1044 3684 ἂν
1075 3634 1266 3702 ᾐδέσθη
1290 3635 1489 3687 Παῦλον
1514 3636 1806 3706 δακρύοντα
1828 3639 1918 3688 καὶ
1940 3638 2118 3704 ὀδυρό-

496 3734 650 3784 μενον
685 3717 844 3785 ὀρῶν,
869 3719 914 3768 εί
940 3719 1028 3769 καὶ
1059 3719 1164 3768 τῶν
1186 3719 1342 3770 λίθων
1377 3720 1812 3790 ἀναισθητότερος
1842 3717 1940 3790 ἦν;
1973 3720 2120 3783 Εἶδες

493 3801 608 3861 πῶς
635 3802 791 3853 κάκεῖ
820 3805 1042 3871 προεῖπε
1087 3804 1150 3854 τά
1197 3804 1478 3870 μέλλοντα;
1520 3806 1623 3856 Καὶ
1651 3807 1877 3858 ἐνταῦθα
1905 3808 1963 3858 τὸ
1995 3807 2121 3858 αὐτὸ

492 3887 650 3938 τοῦτο
684 3890 823 3938 ποιεῖ
850 3887 1043 3952 λέγων·
1082 3888 1253 3940 Τοῦτο
1290 3889 1354 3940 δὲ
1377 3890 1706 3957 γινώσκετε,
1741 3892 1823 3943 ὅτι
1853 3892 1920 3943 ἐν
1943 3893 2121 3959 ἐσχά-

492 3986 619 4034 ταις
658 3971 896 4037 ἡμέραις
936 3972 1323 4036 ἐνστήσονται
1360 3975 1544 4039 καιροὶ
1584 3977 1848 4040 χαλεποί.
1885 3977 2035 4036 Τίνος
2065 3977 2120 4028 δὲ

407 4045 410 4054 ’
494 4057 674 4108 ἕνεκεν
695 4057 935 4124 Τιμοθέῳ
967 4056 1127 4123 λέγει,
1161 4057 1248 4108 καὶ
1275 4057 1330 4107 ού
1344 4053 1505 4121 λέγει·
1540 4058 1807 4110 Ἰδέτωσαν
1835 4059 1889 4110 δέ
1913 4061 1959 4111 οἱ
1989 4062 2123 4128 μετὰ

493 4142 661 4193 ταῦτα
695 4142 969 4208 μέλλοντες
1000 4141 1256 4208 γίνεσθαι,
1289 4143 1365 4194 ὅτι
1404 4144 1740 4211 ἐνστήσονται
1774 4144 1950 4213 καιροὶ
1977 4143 2124 4211 χαλε⁶

497 4228 622 4288 ποί;
665 4227 818 4278 Ἀλλά
848 4228 1072 4292 γίνωσκε
1109 4229 1189 4288 σὺ,
1233 4229 1315 4278 ἴκα
1351 4228 1519 4297 μάθῃς
1565 4231 1642 4279 ὅτι
1687 4230 1776 4280 καὶ
1815 4231 1842 4280 '5
1885 4231 2124 4297 μαθητὴς

496 4312 690 4378 ὁμοίως
718 4312 792 4378 τῷ
821 4312 1115 4379 διδασκάλῳ
1142 4311 1245 4362 τῶν
1278 4313 1541 4380 ἐσομένων
1588 4313 1822 4379 κήδεται.
1859 4315 1988 4365 Οὐδὲ
2017 4315 2122 4383 γὰρ

497 4396 544 4446 εί
574 4394 644 4462 μὴ
673 4395 904 4462 ἐκήδετο,
936 4395 1324 4464 παραπλησίως
1369 4398 1556 4464 ἐκείνῳ
1604 4397 1698 4464 τήν
1743 4399 1990 4465 φροντίδα
2037 4401 2120 4448 ἐν-

499 4479 686 4547 έθηκεν
713 4479 793 4530 άν.
823 4478 972 4530 Οὕτω
1002 4483 1094 4532 καὶ
1123 4480 1150 4530 0
1173 4480 1399 4549 Χριστὸς
1420 4484 1560 4532 ποιεῖ
1583 4497 1595 4510 ·
1622 4481 1804 4549 ἐπειδὴ
1829 4482 1934 4549 γὰρ
1958 4499 2122 4548 προσ-

498 4563 654 4629 ῆλθον
686 4567 732 4614 οί
768 4564 1017 4632 μαθηταὶ,
1042 4564 1106 4616 τὰ
1139 4567 1259 4632 περὶ
1282 4567 1375 4634 τῆς
1403 4565 1701 4626 συντελείας
1732 4566 1917 4632 μαθεῖν
1944 4567 2121 4618 θέλον-

499 4667 604 4710 τες,
641 4650 768 4718 φησὶ
797 4650 928 4718 πρὸς
953 4650 1138 4712 αύτούς
1165 4669 1175 4680 ·
1203 4652 1541 4715 Μελλήσετε
1580 4650 1648 4703 δὲ
1686 4652 1921 4703 ἀκούειν
1945 4653 2121 4705 πολέ-

495 4753 662 4800 μους.
700 4736 804 4786 Καὶ
857 4737 960 4803 μὴν
1006 4737 1102 4787 ούκ
1151 4737 1339 4788 ἐκεῖνοι
1394 4737 1609 4803 ἔμελλον
1657 4737 1992 4788 ἁκούειν.⁶Εν
2017 4740 2121 4806 γάρ

503 4821 612 4870 ἐστι
661 4819 719 4871 τὸ
765 4819 917 4888 σῶμα
952 4820 1057 4870 τῶν
1088 4821 1306 4872 πιστῶν.
1347 4822 1452 4872 Καὶ
1482 4822 1727 4888 καθάπερ
1754 4823 1803 4873 οἱ
1827 4822 1945 4873 τότε
1975 4823 2121 4884 ὄντες

502 4905 627 4973 περὶ
674 4903 778 4955 τῶν
827 4904 1057 4974 ὑστέρων
1090 4905 1387 4967 ἀκούουσιν,
1419 4905 1640 4975 οὓτωδὴ
1685 4907 1774 4958 καὶ
1804 4908 1959 4974 ἡμεῖς
2000 4908 2122 4975 περὶ

502 4989 606 5040 τῶν
627 4990 742 5040 τότε
768 4989 1061 5057 γενομένων
1091 4991 1618 5060 μανθάνομεν.”Οπερ
1647 4992 1753 5059 γὰρ
1779 4990 1945 5053 εἷπον,
1974 4991 2123 5059 σῶμα

503 5072 558 5122 ἐν
586 5073 746 5138 ἐσμεν
779 5075 930 5139 ἡμεῖς
960 5074 1211 5132 κάκεῖνοι,
1249 5074 1378 5139 μετὰ
1420 5073 1693 5144 ἀκριϐείας
1736 5074 1977 5142 ἀλλήλοις
2004 5091 2123 5127 συν-

504 5156 786 5223 δεδεμένοι,
819 5157 864 5206 εί
903 5158 994 5206 καὶ
1021 5157 1115 5211 τὴν
1142 5158 1370 5224 ἐσχάτην
1401 5156 1504 5207 τῶν
1540 5157 1709 5223 μελῶν
1736 5158 1995 5224 ἐπέχομεν
2032 5159 2123 5209 τά·

507 5239 583 5300 ξιν
604 5255 616 5267 ⁸
649 5239 738 5289 καὶ
767 5241 824 5289 τὸ
858 5239 1010 5307 σῶμα
1040 5239 1192 5290 τοῦτο
1215 5241 1272 5289 ού
1299 5239 1494 5308 χρόνος
1527 5240 1801 5307 διίστησιν,
1837 5241 1895 5291 οὐ
1927 5241 2085 5301 τόπος
2106 5259 2117 5270 ·

508 5321 848 5388 συνδεδέμεθα
881 5322 985 5390 γὰρ
1015 5323 1272 5390 ἀλλήλοις,
1308 5323 1367 5373 ού
1406 5323 1603 5391 νεύρων
1649 5324 1969 5390 περιϐολαῖς,
2013 5323 2122 5375 ἀλλ’

505 5405 716 5472 ἀγάπης
767 5403 910 5474 [£86]
960 5406 1170 5472 δεσμοῖς
1218 5405 1656 5473 περιϐεϐλημένοι
1709 5407 1979 5458 πάντοθεν.
2030 5407 2123 5458 Διὰ

505 5488 656 5540 τοῦτο
680 5489 769 5539 καὶ
796 5489 1014 5549 ἐκείνοις
1045 5491 1164 5557 περὶ
1206 5490 1358 5557 ἡμῶν
1387 5489 1699 5555 διαλέγεται,
1737 5490 1828 5540 καὶ
1870 5492 2023 5556 ἡμεῖς
2059 5491 2124 5542 τά

504 5571 719 5623 ἐκείνων
746 5572 1257 5639 ἀκούσωμεν.¹’Λξιον
1283 5575 1335 5626 δέ
1356 5572 1574 5642 ζητῆσαι
1604 5576 1832 5637 κάκεῖνο,
1864 5575 1913 5624 τί
1932 5574 2120 5642 δήποτε

1199 341 1251 396 S.
1293 340 1569 395 JOANNIS
1605 339 2076 426 CllllYSOSTOMI
2114 339 2424 395 ARCUIEP.
2461 338 2989 397 CONSTANTINOP.

3711 334 3822 387 2'78

2185 453 2452 522 πανταχοῦ
2473 454 2538 506 τὰ
2570 453 2858 522 σκυθρωπά
2878 450 3009 518 πρὸς
3030 447 3096 500 τά
3119 446 3242 512 τέλη
3257 442 3352 508 τῆς
3373 441 3642 510 παρούσης
3666 435 3808 522 ζωῆς

2185 519 2516 604 συνωθήσθαί
2564 519 2715 605 φησιξ
2749 537 2853 588 Καὶ
2881 535 2987 600 γάρ
3017 527 3243 597 ἀλλαχοῦ
3280 527 3455 592 λέγει·
3503 525 3602 576 Ἐν
3631 519 3809 605 ἑσχὰέ

2184 640 2309 686 ταις
2337 623 2576 689 ἡμέραις
2605 604 3048 683 ἀποστήσονταί
3078 631 3229 676 τινες
3256 611 3364 677 τῆς
3393 610 3641 670 πίστεως
3659 621 3671 633 ·
3717 604 3809 655 καὶ

2185 706 2410 758 ἐνταῦθα
2452 707 2607 780 πάλιν
2662 704 2803 770 λέγει
2829 719 2841 732 ·
2882 705 2974 752 Ἐν
3006 698 3282 764 ἐσχάταις
3324 693 3561 780 ἡμέραις
3600 689 3810 780 ἐνστψ

2187 807 2392 844 cornu
2453 775 2640 857 καιροὶ
2701 788 2967 854 χαλεποί.
3024 785 3130 836 Καὶ
3184 782 3212 832 0
3268 779 3493 849 Χριστὸς
3554 775 3812 842 σύμφωνα

2185 875 2389 936 τούτοις
2420 873 2812 943 προαναφωνῶν
2839 871 3014 936 ἔλεγεν
3031 887 3042 899 ·
3075 866 3196 918 Ἐπί
3215 866 3320 932 γάρ
3339 864 3446 928 τῆς
3468 859 3813 943 συντελείας

2183 942 2512 1026 μελλήσετε
2550 958 2788 1010 ἀκούειν
2823 953 3114 1017 πολέμους
3160 948 3254 1000 καί
3301 946 3480 1007 ἀκοὰς
3522 942 3812 1008 πολέμων,

2190 1044 2284 1095 καί
2309 1043 2517 1109 λιμοὺς
2543 1042 2635 1094 καὶ
2664 1040 2924 1107 λοιμούς.
2956 1036 3106 1096 Τίνος
3136 1033 3225 1084 οὖν
3254 1032 3432 1082 ἕνεκεν
3460 1033 3515 1081 ἐν
3544 1031 3607 1098 τῇ
3639 1042 3817 1077 συντε-

2191 1128 2304 1194 λείᾳ
2333 1127 2390 1178 τὸ
2423 1127 2643 1193 μέγεθος
2675 1126 2814 1193 καὶὴ
2849 1122 3056 1181 σύνοδος
3076 1121 3180 1170 τῶν
3208 1115 3524 1186 συμφορῶν;
3550 1112 3700 1172 Τινὲς
3722 1111 3818 1178 μέν

2193 1227 2368 1276 φασιν,
2397 1211 2474 1261 ὅτι
2526 1212 2796 1276 κάμνουσα
2831 1209 2861 1274 ἡ
2904 1205 3072 1266 κτίσις
3117 1205 3204 1254 καὶ
3232 1199 3543 1259 άσθενοῦσα,
3576 1196 3819 1263 καθάπερ

2197 1296 2351 1362 σῶμα
2396 1293 2694 1362 γεγηρακὸς
2739 1290 2902 1342 πολλὰ
2945 1291 3232 1340 ἐπισπᾶται
3262 1287 3328 1336 τὰ
3361 1284 3648 1350 νοσήματα.
3682 1278 3819 1330 οὕτω

2193 1381 2283 1430 καὶ
2341 1379 2474 1446 αὑτὴ
2523 1378 2746 1446 γηρῶσα
2799 1375 2990 1435 πολλὰς
3042 1374 3332 1424 ἐπισπᾶται
3380 1369 3475 1429 τὰς
3524 1364 3815 1432 συμφοράς.

2207 1463 2362 1514 Ἀλλά
2388 1463 2446 1513 τὸ
2479 1462 2574 1529 μὲν
2612 1461 2763 1528 σῶμα
2807 1459 2946 1510 κατὰ
2986 1457 3190 1523 φύσεως
3223 1454 3494 1506 ἀσθένειαν
3543 1452 3633 1501 καὶ
3665 1449 3822 1514 νόμον

2197 1548 2287 1598 ἐπὶ
2314 1547 2372 1598 τὸ
2403 1546 2574 1615 γῆρας
2605 1546 2814 1612 ἔρχεται
2841 1560 2854 1573 ·
2889 1544 2935 1593 οἱ
2965 1542 3019 1593 δέ
3052 1541 3226 1608 λοιμοὶ
3273 1540 3362 1590 καὶ
3394 1539 3439 1588 οἱ
3470 1535 3693 1600 πόλεμοι
3736 1532 3824 1582 καὶ

2197 1632 2243 1681 οἱ
2271 1630 2478 1697 σεισμοὶ
2506 1629 2564 1680 οὐ
2591 1628 2673 1679 διὰ
2701 1627 2759 1679 τὸ
2791 1627 2958 1695 γῆρας
2989 1626 3083 1693 τῆς
3109 1622 3331 1684 κτίσεως
3375 1624 3524 1673 είσιν,
3551 1618 3682 1670 Οὐδὲ
3723 1615 3826 1683 γὰρ

2199 1715 2377 1784 ἐπειδὴ
2412 1713 2480 1765 τὰ
2517 1713 2782 1781 κτίσματα
2819 1711 2986 1763 ταῦτα
3021 1711 3165 1777 γηρᾷ
3189 1749 3202 1771 ,
3254 1707 3338 1759 διὰ
3375 1706 3529 1756 τοῦτο
3565 1703 3632 1754 τά
3668 1702 3822 1769 νοσή-

2204 1818 2343 1868 ματα
2366 1798 2534 1851 ταῦτα
2555 1814 2566 1827 ·
2601 1797 2765 1865 Λιμοὶ
2793 1799 2918 1865 γὰρ,
2950 1795 3044 1847 καὶ
3072 1793 3282 1860 λοιμοὶ,
3309 1790 3402 1843 καὶ
3433 1787 3666 1856 σεισμοὶ
3686 1787 3829 1838 κατὰ

2200 1886 2444 1948 τόπους·
2501 1883 2610 1936 ἀλλ’
2658 1881 2836 1950 ἐπειδὴ
2881 1880 2986 1932 τῶν
3028 1876 3322 1946 ἀνθρώπων
3379 1876 3411 1942 ἡ
3473 1871 3660 1940 γνώμη
3720 1869 3831 1921 δια-

2203 1969 2511 2038 φθείρεσθαι
2551 1967 2757 2036 μέλλει·
2793 1963 3067 2034 ἁμαρτιῶν
3103 1963 3208 2028 γάρ
3243 1963 3383 2011 ἐστιν
3421 1958 3630 2010 ἃπαντα
3668 1954 3830 2005 ταῦτα

2204 2054 2561 2122 κολαστήρια,
2614 2052 2705 2104 καὶ
2760 2050 3072 2118 νοσημάτων
3141 2043 3483 2115 ἀνθρωπίνων
3551 2040 3829 2108 φάρμακα.

2205 2141 2310 2192 Καὶ⁵
2342 2139 2447 2208 γάρ
2491 2137 2560 2190 τά
2603 2139 2878 2205 νοσήματα
2907 2135 2973 2185 τά
3007 2132 3312 2201 ἀνθρώπινα
3337 2129 3452 2181 τότε
3492 2126 3829 2177 ἐπιτείνεται.

2205 2227 2312 2278 Καὶ
2357 2225 2494 2286 τίνος
2539 2223 2720 2274 ἐνεκεν
2752 2221 2869 2272 τότε
2909 2218 3256 2279 ἐπιτείνεται;
3284 2214 3629 2284 φησίν.Ἑμοὶ
3671 2211 3831 2268 δοκεῖ,

2205 2312 2283 2363 ὅτι
2312 2309 2494 2378 ἐπειδὴ
2520 2307 2746 2378 χρονίζει
2775 2307 2832 2357 τὸ
2863 2304 3220 2372 δικαστήριον,
3246 2301 3336 2352 καὶ
3368 2298 3642 2378 μέλλουσιν
3672 2295 3725 2378 αἱ
3747 2296 3833 2345 εύ-

2207 2391 2377 2452 θῦναι,
2430 2375 2709 2441 καὶῃούπω
2749 2385 3112 2455 παραγέγονεν
3161 2384 3188 2433 0
3229 2381 3434 2448 κριτὴς,
3487 2375 3836 2446 ῥᾳθυμότεροι

2207 2475 2440 2539 γίνονται
2468 2475 2516 2523 οἱ
2549 2472 2821 2536 μέλλοντες
2855 2470 3008 2536 λόγον
3032 2463 3446 2534 ύπέχειν.“οπερ
3471 2457 3561 2513 οῦν
3594 2460 3686 2510 καὶ
3717 2459 3838 2524 περὶ

2208 2557 2300 2608 τοῦ
2324 2553 2554 2624 πονηροῦ
2583 2554 2786 2606 οἰκέτου
2817 2553 2975 2621 φησὶν
3003 2555 3031 2602 0
3058 2550 3300 2617 Χριστὸς,
3329 2548 3406 2598 ὅτι
3429 2545 3632 2596 ἐκεῖθεν
3655 2543 3839 2609 γέγονε

2213 2641 2590 2710 ρᾳθυμότερος.
2619 2637 2863 2706 Χρονίζει
2892 2637 2997 2706 γὰρ
3028 2637 3054 2687 0
3087 2633 3283 2703 Κύριός
3319 2648 3439 2700 μου,
3469 2631 3625 2696 φησὶν
3652 2629 3680 2678 0
3702 2627 3840 2678 οἰκέ-

2211 2743 2326 2793 της,
2361 2725 2452 2776 καὶ
2478 2723 2563 2774 διὰ
2605 2721 2757 2773 τοῦτο
2785 2722 2908 2783 τοὺς
2940 2719 3246 2779 συνδούλους
3273 2717 3482 2776 ἔτυπτε,
3515 2714 3607 2764 καὶ
3638 2713 3732 2780 τὴν
3757 2713 3840 2762 δε-

2214 2808 2469 2877 σποτικὴν
2496 2808 2831 2878 διετάραττεν
2868 2805 3068 2856 οὐσίαν.
3099 2802 3192 2853 Διὰ
3221 2801 3372 2852 τοῦτο
3411 2800 3501 2850 καὶ
3543 2799 3570 2848 0
3614 2796 3842 2864 Χριστὸς

2213 2896 2321 2954 τοῖς
2370 2893 2632 2960 μαθηταῖς
2683 2889 2983 2942 συνελθοῦσι
3015 2889 3106 2940 καὶ
3140 2884 3472 2954 βουλομένοις
3507 2881 3694 2949 μαθεῖν
3745 2879 3842 2947 τὴν

2215 2978 2420 3046 ἡμέραν
2453 2977 2548 3046 τῆς
2578 2976 2897 3036 συντελείας,
2932 2974 3028 3025 οὐκ
3067 2972 3235 3037 ἔλεγε,
3265 2972 3328 3037 τῇ
3359 2968 3547 3036 άδηλίᾳ
3579 2966 3684 3017 τῶν
3714 2965 3841 3032 μελο

2215 3063 2407 3113 λόντων
2443 3061 2759 3126 ἐναγωνίους
2791 3060 2933 3127 ἡμᾶς
2965 3056 3127 3108 ποιῶν
3170 3052 3443 3122 διηνεκῶς.
3489 3052 3573 3102 ἵνα
3622 3049 3845 3109 ἕκαστος

2219 3148 2301 3199 ἀεὶ
2351 3145 2655 3215 προσδοκῶν
2696 3146 2754 3196 τὸ
2802 3145 3007 3212 μέλλον,
3042 3145 3132 3195 καὶ
3177 3143 3232 3192 ἐν
3274 3139 3478 3191 ἐλπίσιν
3512 3138 3585 3188 ὢν
3622 3137 3717 3204 τῆς
3751 3135 3843 3187 τοῦ

2216 3231 2448 3303 Χριστοῦ
2469 3231 2787 3299 παρουσίας,
2816 3223 3286 3296 σπουδαιότερος
3309 3224 3404 3277 Διὰ
3422 3222 3577 3275 τοῦτο
3600 3222 3849 3288 παραινεῖ

2215 3339 2295 3382 τις
2342 3321 2536 3386 λέγων·
2591 3317 2686 3386 Μὴ
2733 3317 3068 3370 ἁναϐἁλλου
3111 3310 3456 3377 ἐπιστρέψαι
3486 3308 3582 3360 ἐπὶ
3610 3307 3845 3369 Κύριον,

2215 3404 2366 3472 μηδὲ
2394 3404 2646 3471 ἀνάμενε
2667 3403 2890 3469 ¹ἡμέραν
2908 3401 2976 3463 ἐξ
3000 3398 3236 3465 ἡμέρας,
3262 3396 3486 3463 μήποτε
3508 3394 3586 3455 ὡς
3603 3390 3848 3472 μέλλεις

2217 3471 2738 3554 ἐκτριόᾔς.”Αδηλός
2772 3489 2914 3537 ἐστιν
2945 3485 2976 3550 ἡ
3007 3480 3246 3548 τελευτὴ,
3289 3477 3439 3545 φησὶ,
3466 3477 3558 3527 καὶ
3584 3474 3668 3526 διά
3692 3471 3850 3523 τοῦτο

2218 3572 2428 3640 ἄδηλος,
2469 3574 2555 3623 ἵνα
2595 3574 2680 3622 ἀεὶ
2724 3566 3040 3634 σπουδάζῃς.
3073 3565 3168 3615 Διὰ
3202 3561 3356 3614 τοῦτο
3398 3561 3472 3620 ὡς
3516 3559 3747 3624 κλέπτης
3791 3558 3848 3608 ἐν

2220 3657 2391 3717 νυκτὶ,
2421 3656 2589 3716 οὕτως
2633 3655 2665 3721 ἡ
2706 3652 2883 3722 ἡμέρα
2912 3650 3106 3718 Κυρίου
3144 3649 3384 3717 ἔρχεται·
3413 3645 3508 3711 οὐχ
3539 3645 3623 3695 ἶνα
3655 3642 3847 3710 κλέψῃ,

2220 3742 2331 3794 ἀλλ’
2353 3742 2437 3792 ἵνα
2470 3741 2612 3808 ἡμᾶς
2632 3736 2830 3804 άσφαλε
2840 3735 3054 3803 στέρους
3074 3733 3285 3800 ποιήσῃ.
3305 3730 3361 3781 '0
3381 3729 3487 3795 γὰρ
3505 3728 3593 3779 τὸν
3615 3725 3848 3791 κλέπτην

2221 3825 2480 3894 προορῶν,
2505 3824 2560 3874 ἐν
2589 3819 2857 3890 ἀγρυπνία
2883 3817 3072 3882 διάγει,
3101 3816 3191 3866 καὶ
3219 3814 3403 3882 λύχνον
3433 3811 3572 3878 ἅψας
3603 3809 3688 3862 διὰ
3719 3825 3852 3859 παν-

2221 3910 2309 3970 τὸς
2342 3909 2653 3977 ἐγρήγορεν.
2675 3903 2857 3960 Οὕτως
2881 3898 2972 3977 οὖν
2997 3901 3088 3952 καὶ
3117 3901 3270 3966 ὑμεῖς
3297 3899 3524 3965 ἅψαντες
3546 3895 3603 3946 τὸ
3623 3894 3732 3961 φῶς
3751 3894 3851 3960 τῆς

2223 3995 2449 4054 πίστεως
2494 3992 2584 4043 καὶ
2629 3989 2724 4057 τῆς
2771 3986 2930 4054 ὀρθῆς
2965 3984 3257 4044 πολιτείας,
3302 3981 3523 4049 φαιδράς
3565 3979 3707 4046 ἔχετε
3752 3977 3850 4038 τὰς

2223 4077 2499 4147 λαμπάδας
2521 4077 2576 4126 ἐν
2594 4071 2862 4140 ἀγρυπνία
2889 4070 3136 4136 διηνεκεῖ,
3156 4067 3366 4134 Ἐπειδὴ
3390 4065 3495 4132 γὰρ
3517 4064 3612 4114 ούκ
3634 4061 3843 4147 οἰδα-μεν

2224 4140 2351 4215 πότε
2399 4162 2428 4212 0
2470 4157 2695 4226 νυμφίος
2750 4156 2980 4223 ἔρχεται,
3015 4152 3092 4204 δεῖ
3137 4149 3670 4218 παρεσκευασμένους
3711 4140 3842 4196 εἶναι

2223 4247 2308 4299 διὰ
2340 4243 2550 4304 παντὸς,
2583 4243 2646 4292 ἵν’
2674 4241 2795 4291 ὅταν
2821 4239 2967 4307 ἔλθῃ,
2999 4237 3258 4304 νήφοντας
3288 4233 3437 4302 εὕρῃ.

2293 4395 2356 4454 ζ’.
2375 4389 2694 4454 Ἐϐουλόμην
2715 4386 2946 4435 ἐκτεῖναι
2960 4381 3046 4432 τὸν
3059 4380 3208 4446 λόγον
3228 4397 3239 4408 ·
3259 4377 3387 4429 ἀλλὰ
3409 4377 3499 4427 καὶ
3519 4373 3684 4426 ταῦτα
3701 4373 3843 4440 μόλις

2223 4477 2426 4543 ἀφῆκεν
2448 4474 2615 4525 εἰπεῖν
2637 4473 2668 4537 ἡ
2689 4468 2779 4520 τοῦ
2805 4467 3048 4535 σώματος
3072 4463 3337 4521 ἀσθένεια,
3363 4461 3426 4511 δι’
3447 4460 3509 4527 ἡν
3533 4460 3622 4509 τὸν
3649 4458 3845 4543 μακρὸν

2222 4542 2403 4612 τοῦτον
2436 4557 2585 4626 ὑμῶν
2616 4553 2938 4618 διεσπάσθην
2970 4550 3172 4617 χρόνον.
3204 4545 3424 4612 Μακρὺς
3453 4544 3555 4611 γάρ
3599 4544 3626 4592 ὁ
3670 4542 3846 4610 χρόνος

2221 4645 2363 4712 ἐμοὶ,
2392 4644 2452 4694 ού
2481 4640 2557 4708 τῷ
2587 4637 2802 4708 άριθμῷ
2831 4635 2936 4686 τῶν
2968 4631 3205 4701 ἡμερῶν,
3238 4628 3370 4681 ἀλλὰ
3410 4627 3485 4696 τῷ
3537 4627 3713 4712 μέτρῳ
3758 4627 3850 4677 καὶ

2220 4710 2286 4797 τῇ
2311 4727 2543 4780 διαθέσει
2576 4725 2670 4792 τῆς
2707 4721 2899 4790 ψυχῆς.
2933 4719 3053 4778 Τοῖς
3085 4715 3187 4783 γὰρ
3215 4713 3422 4780 φιλοῦσι
3589 4711 3616 4760 0
3648 4710 3850 4797 βραχὺς

2223 4795 2407 4885 χρόνος
2448 4809 2541 4862 τοῦ
2583 4804 2857 4876 χωρισμοῦ
2887 4803 3046 4885 πολῦς
3094 4800 3184 4885 καὶἷ
3234 4795 3723 4885 ἄφατοςφαίγεταιε
3754 4795 3851 4846 Διὰ

2223 4875 2378 4947 τοῦτο
2411 4892 2504 4944 καὶ
2550 4875 2828 4946 ὁΠΠαῦλος
2865 4881 3010 4952 [287]
3041 4880 3226 4949 μικρὸν
3256 4877 3492 4937 ἀποστάς
3534 4875 3850 4927 Θεσσαλονι-

2224 4979 2380 5036 κέων,
2408 4976 2586 5040 έλεγεν
2606 4985 2619 4999 °
2663 4969 2867 5036 Ἡμεῖς,
2899 4965 3164 5032 ἀδελφοὶ,
3192 4961 3724 5028 ἀπορφανισθέντες
3747 4960 3852 5026 ἀφ’

2224 5062 2386 5130 ὑμῶν
2418 5061 2562 5126 πρὸς
2593 5057 2796 5120 καιρὸν
2823 5052 2994 5117 ὥρας,
3036 5049 3343 5114 προσώπῳ,
3369 5049 3438 5098 οὺ
3479 5044 3849 5130 καρδὶᾳρσῖε.

2214 5128 2574 5214 ρισσοτέρως
2594 5137 3049 5203 ἐσπουδάσαμεν
3073 5133 3137 5185 τὸ
3163 5135 3476 5198 πρόσωπον
3501 5129 3663 5197 ὑμῶν
3682 5128 3846 5181 ἰδεῖν.

2224 5234 2285 5283 El
2330 5230 2382 5282 δὲ
2435 5229 2637 5289 Παῦλος
2665 5229 2692 5277 0
2718 5226 2927 5276 πάντων
2957 5219 3184 5289 μάλιστα
3215 5218 3511 5283 φιλοσοφεῖν
3546 5214 3717 5274 εἰδὼς,
3751 5214 3851 5264 οὐκ

2224 5320 2446 5386 ήνεγκεν
2476 5314 2605 5382 πρὸς
2639 5311 2821 5380 καιρὸν
2843 5308 3005 5378 ὥρας,
3043 5306 3155 5366 πῶς
3179 5305 3330 5373 ἡμεῖς
3354 5301 3610 5386 τοσαύτας
3634 5302 3850 5386 οἴσομεν

2225 5383 2464 5470 ἡμέρας;
2517 5397 2651 5448 ’Λλλ’
2673 5397 2871 5453 ἐκεῖνος
2903 5393 2996 5459 μέν
3043 5390 3230 5458 μηκέτι
3275 5389 3491 5453 στέγων,
3526 5384 3594 5435 τά
3625 5383 3848 5470 λείψανα

2223 5469 2319 5554 τῆς
2344 5483 2644 5554 ἀρρωστίας
2673 5480 2828 5548 ἔχων,
2853 5477 3078 5545 ἔδραμον
3102 5476 3230 5543 πρὸς
3252 5474 3411 5542 ὑμᾶς,
3443 5471 3688 5539 μέγιστον
3709 5469 3849 5536 φάρ-

2230 5589 2394 5640 μακον
2426 5569 2715 5640 ἡγούμενος
2761 5563 3032 5631 ἐπιθήσειν
3076 5565 3170 5630 τῆς
3211 5557 3475 5627 ὑμετέρας
3501 5556 3709 5621 ἀγάπης
3749 5556 3846 5621 την
