4000 6220
180 376 294 430 277

167 489 429 543 parcentes
474 481 630 549 gregi.
680 478 876 548 Duplex
924 479 1118 533 bellum
1162 496 1175 532 :
1222 478 1368 531 Pauli
1417 477 1651 530 absentia
1681 486 1733 528 ct

174 570 403 623 meursio
430 569 673 637 luporum
706 586 719 621 :
748 569 934 622 doctor
958 582 1062 622 non
1090 568 1292 631 aderit,
1320 577 1372 621 et
1398 576 1735 634 corruptores

171 661 537 714 imminebunt.
574 662 650 715 Ac
678 663 942 731 perpende
982 662 1211 715 ferarum
1244 661 1522 725 vafritiem,
1556 669 1609 713 et
1637 660 1734 712 im-

173 752 458 818 proborum
499 752 771 806 hominum
799 754 1123 806 versutiam:
1168 752 1456 804 absentiam
1503 750 1733 803 doctoris

172 840 533 900 observarunt,
562 849 614 893 et
643 851 763 894 tunc
787 856 997 908 gregem
1027 840 1351 893 invaserunt.
1381 838 1513 904 Quid
1541 836 1733 905 igitur?

173 943 268 980 nos
297 929 412 981 sine
444 930 573 982 duce
600 938 652 981 et
682 929 971 997 patrocinio
997 929 1217 991 deseris,
1252 937 1557 993 tantumque
1594 926 1734 978 cala-

173 1019 379 1070 mitates
426 1018 685 1083 prtedicis,
733 1032 901 1085 neque
934 1018 1087 1070 ullant
1133 1017 1396 1083 excogitas
1421 1015 1734 1068 consolatio-

172 1107 328 1158 nem?
363 1106 551 1159 Verum
581 1106 625 1158 si
652 1108 751 1158 hoc
778 1105 956 1167 facias,
983 1107 1224 1158 timorem
1250 1120 1427 1172 auges,
1456 1112 1505 1156 et
1530 1104 1731 1155 animos

169 1197 378 1264 dejieis,
430 1212 621 1249 nervos
664 1198 925 1260 dissolvis,
974 1207 1129 1265 atque
1176 1211 1361 1249 manus
1390 1194 1728 1248 audientium.

174 1283 296 1338 Ideo
351 1283 499 1348 prius
546 1284 649 1335 illis
693 1282 955 1351 Spiritum
1002 1285 1446 1335 commemoravit
1485 1301 1494 1333 :
1547 1282 1609 1335 In
1636 1300 1731 1351 quo

172 1389 257 1427 vos
285 1372 511 1439 Spiritus
539 1384 739 1426 sanctus
786 1375 948 1441 posuit
977 1385 1198 1441 pastores
1239 1387 1283 1426 et
1313 1375 1568 1441 episc0pos
1595 1374 1725 1437 (Act.

169 1466 260 1518 20.
289 1463 400 1533 28).
434 1464 653 1517 Etiamsi
685 1464 875 1518 Paulus
902 1466 1087 1526 abeat,
1122 1465 1317 1533 inquit,
1343 1473 1395 1515 at
1429 1463 1730 1517 Paraeletns

173 1554 343 1608 adest.
377 1555 559 1608 Viden'
587 1555 850 1623 quomodo
887 1570 1067 1608 eorum
1101 1555 1268 1607 erexit
1292 1554 1521 1606 animum
1545 1594 1557 1613 ,
1595 1553 1730 1605 divi-

172 1658 296 1694 num
327 1656 745 1696 commemorans
770 1644 1063 1705 doctorem,
1094 1643 1242 1710 cujus
1263 1657 1362 1711 ope
1391 1651 1443 1693 et
1474 1642 1583 1707 ipse
1609 1640 1728 1691 dum

171 1746 405 1798 prmsens
426 1742 563 1784 esset
592 1732 839 1785 valebat?
861 1732 963 1785 Cur
996 1746 1121 1799 ergo
1154 1732 1393 1784 timorem
1422 1729 1638 1797 injecit?
1668 1728 1732 1781 Ut

169 1820 424 1873 desidiam
472 1821 781 1874 elitninaret.
817 1820 1107 1889 Utrumque
1132 1820 1268 1874 enim
1304 1830 1552 1887 prmstare
1577 1818 1733 1871 debet

170 1912 215 1961 is
241 1910 326 1976 qui
356 1909 445 1961 dat
470 1910 776 1964 consilium:
800 1926 896 1963 nec
924 1910 1227 1977 permittere
1258 1920 1309 1960 ut
1338 1908 1543 1960 auditor
1570 1906 1729 1958 confi-

170 2000 280 2063 dat,
305 2014 372 2052 ne
401 1999 613 2067 segnior
640 2000 857 2063 evadat;
887 2014 1055 2067 neque
1077 1998 1481 2067 perterrefacere
1510 2004 1726 2059 tantum,

164 2106 238 2145 ne
284 2092 334 2142 in
380 2091 598 2143 nimium
643 2100 838 2143 metum
888 2090 1099 2143 incidat.
1149 2088 1278 2142 Cum
1318 2104 1444 2157 ergo
1477 2088 1730 2155 Spiritum

168 2182 605 2235 commemoravit
630 2222 644 2245 ,
681 2182 930 2236 timorem
956 2179 1148 2250 ejecit;
1176 2197 1299 2235 cum
1322 2180 1477 2247 lupos
1503 2179 1727 2240 addidit,

172 2273 446 2340 Segnitiem
478 2271 696 2339 depulit.
731 2272 857 2340 Lt'pi
901 2289 1102 2339 graves,
1148 2289 1245 2324 non
1278 2280 1531 2338 parcentes
1572 2270 1728 2338 gregi.

173 2362 424 2414 Attendite
452 2361 603 2414 vobis.
640 2361 783 2413 Nihil
810 2363 1051 2422 subtraxi,
1084 2361 1248 2428 inquit
1278 2380 1288 2413 :
1316 2376 1571 2414 memores
1593 2370 1732 2414 esto-

176 2460 224 2504 te
258 2452 379 2505 mei.
425 2450 629 2505 Sufficit
657 2453 797 2504 enim
824 2450 968 2502 Pauli
1004 2451 1253 2503 memoria
1280 2450 1342 2502 ad
1378 2450 1615 2503 fiduciam
1648 2450 1730 2501 in-

169 2541 417 2592 dendam.
451 2540 564 2592 Non
596 2540 901 2592 memoriam
931 2539 1009 2592 sui
1040 2540 1203 2606 tangit
1231 2540 1422 2603 solum,
1455 2539 1546 2593 sed
1572 2541 1728 2591 etiam

172 2630 483 2681 memoriam
511 2639 798 2697 gestorum.
822 2628 971 2694 Quod
995 2629 1132 2681 enim
1159 2644 1261 2682 non
1290 2629 1596 2696 simpliciter
1623 2644 1732 2682 me-

174 2718 393 2770 muriam
427 2719 505 2769 sui
541 2719 803 2785 postulet:
849 2716 941 2771 sed
971 2728 1025 2769 ut
1065 2718 1323 2770 recordati
1366 2718 1512 2783 ejus,
1562 2718 1731 2784 ipsum

175 2804 451 2855 nnitentur
478 2841 490 2862 ,
542 2802 794 2853 audituro
841 2800 1014 2853 cuivis
1059 2802 1277 2872 subjicit
1320 2821 1330 2853 :
1382 2804 1732 2857 Recordamini

170 2893 263 2941 mei
288 2931 301 2954 ,
337 2894 569 2958 quoniam
614 2910 701 2961 per
730 2895 993 2945 triennium
1039 2904 1179 2946 nocte
1219 2904 1263 2946 et
1306 2895 1385 2945 die
1414 2911 1512 2946 non
1548 2895 1731 2946 cessavi

170 2997 280 3030 rum
310 2980 545 3049 lacrymis
571 2993 616 3033 et
641 2983 899 3050 gemitibus
925 2982 1025 3034 illis
1050 2984 1273 3033 omnibus
1322 2998 1526 3035 monens
1551 2998 1729 3034 unum-

168 3085 405 3137 quemque
430 3080 641 3122 vestrum
673 3070 804 3141 (Act.
832 3071 919 3124 20.
947 3071 1053 3139 51).
1085 3071 1194 3123 Non
1222 3071 1392 3123 solum
1422 3074 1525 3124 mei
1548 3085 1728 3124 recor-

167 3159 280 3211 dari
314 3174 406 3211 vos
437 3161 632 3227 cupio;
673 3159 765 3213 sed
808 3161 966 3214 etiam
1011 3161 1289 3227 temporis,
1334 3160 1725 3224 admOnitionis,

167 3263 344 3311 curae,
394 3248 744 3316 lacrymarutn
793 3260 845 3301 et
895 3250 1181 3316 gemituum
1222 3249 1429 3300 illorum
1471 3248 1724 3301 onmium.

167 3336 623 3401 Quemadmodum
649 3338 787 3391 enim
814 3346 1128 3405 aegrotorum
1158 3337 1382 3405 cognati,
1406 3353 1526 3390 cum
1552 3336 1731 3390 vident

167 3426 285 3478 illos
314 3425 467 3479 dictis
514 3426 621 3477 suis
666 3426 946 3494 multisque
995 3427 1206 3477 monitis
1253 3440 1353 3476 non
1403 3426 1590 3479 cedere
1631 3440 1729 3481 nec

164 3516 444 3569 admittere
474 3517 719 3570 alimenta
752 3527 803 3569 et
846 3516 1123 3583 pharmaca
1170 3518 1323 3585 mgris
1350 3519 1723 3585 competentia,

166 3606 545 3675 lacrymantur,
586 3616 641 3659 ut
672 3608 790 3660 illos
832 3606 1037 3661 facilius
1066 3607 1277 3661 flectant
1308 3626 1320 3661 :
1352 3610 1427 3661 sic
1456 3618 1507 3662 et
1536 3609 1727 3663 Paulus

162 3709 289 3764 erga
336 3694 616 3763 discipulos
665 3711 721 3749 se
764 3696 1011 3765 gerebat;
1057 3708 1174 3749 ettm
1223 3698 1433 3751 videbat
1475 3698 1726 3751 doctrinm

163 3797 461 3838 sermonem
487 3784 550 3837 ad
579 3785 901 3839 suadendum
931 3786 1193 3839 infirmum
1214 3800 1353 3851 esse,
1378 3789 1723 3856 lacrymarum

162 3872 422 3926 medelam
455 3874 752 3928 inducebat.

232 3962 286 4016 6.
328 3963 454 4027 Quis
483 3973 656 4018 autem
686 3979 788 4019 non
822 3966 1080 4019 reveritus
1108 3975 1279 4029 esset,
1311 3966 1526 4019 Paulum
1557 3966 1724 4036 lacry-

160 4062 390 4106 mantem
419 4067 642 4107 cernens
672 4068 733 4108 ac
769 4063 1067 4123 gementem
1088 4096 1101 4120 ,
1133 4056 1335 4109 etiamsi
1364 4070 1519 4108 sensu
1559 4057 1723 4125 magis

162 4140 449 4196 destitutus
476 4142 697 4207 fuisset,
728 4159 882 4213 quam
914 4144 1149 4211 lapides?
1196 4144 1433 4197 Vidistin
1461 4145 1723 4210 quomodo

159 4234 320 4288 etiam
353 4232 457 4285 illic
487 4232 657 4286 futura
688 4233 1025 4299 praedixerit?
1058 4233 1151 4285 Hic
1181 4234 1337 4286 etiam
1367 4233 1590 4299 idipsum
1617 4234 1724 4301 agit

158 4326 341 4379 dicens
376 4341 388 4375 :
418 4322 531 4376 Hoc
557 4332 720 4376 autent
750 4324 939 4387 scitote,
973 4325 1208 4392 quoniam
1234 4324 1286 4375 in
1314 4324 1592 4376 novissimis
1614 4325 1719 4375 die-

157 4418 251 4470 bus
278 4424 423 4469 erunt
451 4425 671 4482 tempora
700 4416 871 4484 gravia
900 4414 974 4484 (2.
1005 4414 1131 4466 Tim.
1158 4415 1209 4467 .
1236 4413 1309 4483 l).
1339 4412 1443 4467 Cur
1469 4424 1638 4468 autem
1670 4413 1719 4467 id

157 4505 436 4561 Timotheo
462 4506 574 4569 ait,
625 4520 720 4559 nec
749 4504 876 4559 dicit
908 4524 921 4558 :
952 4505 1133 4559 Sciant
1180 4505 1212 4558 ii
1261 4504 1349 4572 qui
1396 4512 1513 4572 post
1560 4505 1716 4557 futuri

154 4605 298 4657 sunt,
347 4596 456 4648 fore
498 4602 733 4662 tempora
778 4594 999 4663 gravia?
1042 4594 1131 4648 sed
1152 4594 1300 4649 Scito
1333 4601 1420 4658 ttt,
1464 4602 1518 4645 ut
1547 4594 1718 4649 discas

155 4685 468 4754 discipulum
500 4685 714 4752 perinde
753 4694 909 4752 atque
953 4685 1257 4752 magistrum
1298 4684 1384 4736 illa
1416 4684 1569 4735 etiam
1602 4700 1718 4751 quce

156 4777 329 4831 futura
360 4786 479 4832 sunt
504 4792 709 4831 curare.
736 4776 791 4831 Si
822 4777 962 4829 enim
991 4790 1093 4828 non
1123 4786 1378 4840 curasset,
1407 4792 1508 4828 non
1539 4792 1714 4844 parent

155 4868 225 4919 illi
258 4866 664 4921 sollicitudinem
697 4866 1050 4935 Imposuisset.
1093 4866 1165 4920 Ita
1198 4865 1316 4919 fecit
1356 4877 1405 4919 et
1436 4866 1671 4920 Christus
1701 4883 1712 4917 :

153 4955 273 5023 quia
304 4956 443 5008 enim
476 4962 808 5008 accesserant
837 4954 1097 5022 discipuli,
1127 4954 1263 5021 quod
1292 4954 1488 5007 vellent
1514 4969 1571 5006 ea
1598 4971 1715 5021 quae

154 5046 217 5099 ad
249 5046 759 5099 consummationem
795 5046 1101 5112 spectabant
1144 5044 1383 5099 ediscere
1408 5087 1421 5109 ,
1469 5046 1541 5097 ait
1570 5045 1671 5098 illis
1701 5064 1711 5098 :

154 5135 388 5186 Audituri
432 5133 545 5186 estis
575 5134 748 5201 prtrlia
781 5132 1008 5203 (Matth.
1043 5133 1131 5186 24.
1162 5133 1255 5201 6).
1290 5134 1446 5201 Atqui
1492 5149 1594 5185 non
1638 5134 1711 5186 illi

151 5224 377 5276 audituri
421 5230 590 5276 erant.
628 5221 795 5277 Unum
826 5238 1050 5290 namque
1098 5231 1178 5275 est
1220 5237 1413 5291 corpus
1461 5222 1710 5275 fidelium.

152 5315 229 5365 Ac
254 5310 696 5379 quemadmodum
739 5311 771 5363 ii
810 5312 895 5378 qui
928 5320 1048 5364 tunc
1087 5320 1269 5374 erant,
1312 5312 1377 5364 de
1408 5311 1711 5379 postfuturis

152 5401 456 5463 audiebant,
481 5401 554 5453 sic
577 5409 629 5454 et
660 5414 755 5453 nos
783 5400 847 5454 de
876 5401 979 5453 illis
1004 5402 1090 5468 qui
1117 5412 1239 5455 tunc
1269 5401 1413 5455 fuere
1439 5402 1705 5455 discimus.

152 5492 220 5547 iit
245 5493 383 5546 enim
413 5491 520 5544 dixi
543 5532 557 5556 ,
602 5507 761 5545 unum
794 5505 986 5560 corpus
1030 5506 1147 5544 cum
1193 5492 1293 5545 illis
1323 5506 1533 5553 sumus,
1569 5501 1710 5545 arcte

149 5592 331 5635 mutuo
356 5581 644 5649 conjuncti,
670 5584 871 5636 etiamsi
899 5593 1185 5635 extremam
1213 5584 1566 5635 membrorum
1592 5597 1709 5649 par-

150 5681 253 5727 tem
281 5684 597 5741 occupamus
628 5691 639 5725 :
672 5686 964 5743 corpusque
990 5672 1089 5726 hoc
1119 5687 1213 5726 nec
1243 5681 1446 5741 tempus
1473 5680 1704 5741 separat,

768 361 831 415 lN
870 361 1089 425 ILLUD,
1132 359 1261 416 HOC
1299 356 1577 413 SCITOTE
1613 356 1792 423 QUOD
1833 358 1895 411 IN
1934 358 2300 421 NOVISSIMIS
2337 367 2600 434 DlEBUS,
2643 372 2788 427 ETC.

3284 396 3392 451 278

1846 490 1941 530 nec
1968 477 2114 531 locus
2148 495 2161 531 :
2195 488 2379 535 mutuo
2406 484 2544 536 enim
2574 486 2799 555 colligati
2829 502 3009 543 sumus
3029 531 3043 555 ,
3077 506 3178 545 non
3206 508 3397 549 nervo-

1840 582 1953 620 rum
1982 569 2286 623 circuitibus
2310 611 2323 632 ,
2366 573 2456 625 sed
2491 576 2722 629 caritatis
2761 578 2981 633 vinculis
3011 580 3240 649 undique
3268 598 3399 638 eon~

1837 656 2027 708 stricti.
2060 658 2180 710 ldeo
2209 668 2261 713 et
2301 660 2415 713 illos
2445 663 2581 715 circa
2611 678 2707 717 nos
2734 667 3045 735 alloquitur,
3076 679 3125 723 et
3158 686 3253 725 nos
3281 690 3398 740 qua:

1837 741 1899 795 ad
1943 744 2059 799 illos
2103 757 2342 813 spectant
2388 751 2679 805 audiamus.
2733 753 2917 822 Operae
2961 759 3185 824 pretium
3220 769 3303 812 est
3344 773 3397 815 et

1837 832 1960 884 illud
2007 850 2279 902 quarrere,
2309 853 2401 891 cur
2444 840 2633 907 ubique
2683 843 2845 895 tristia
2893 860 3074 898 versus
3118 848 3394 914 prrcsentis

1836 920 1955 973 vitze
2007 924 2161 977 finem
2210 941 2484 980 accessura
2527 930 2685 983 dicat.
2738 933 2941 985 Etenim
2984 935 3104 987 alibi
3132 936 3258 989 dicit
3290 954 3302 989 :
3335 937 3397 991 In

1836 1014 2113 1066 novissimis
2140 1016 2309 1068 diebus
2332 1018 2581 1072 discedent
2607 1022 2808 1089 quidam
2834 1040 2862 1073 a
2886 1024 2985 1089 de
3008 1026 3051 1093 (l
3068 1065 3079 1077 .
3097 1024 3228 1077 Tim.
3245 1029 3394 1095 4.1);

1835 1107 1888 1151 et
1918 1101 1999 1152 hic
2027 1117 2232 1154 rursum
2264 1109 2335 1155 ait
2370 1122 2382 1157 :
2409 1104 2473 1157 In
2503 1109 2785 1160 novissimis
2811 1110 2980 1163 diebus
3010 1123 3152 1163 erunt
3178 1123 3401 1182 tempora

1835 1190 2004 1255 gravia
2037 1188 2125 1258 (2.
2156 1190 2283 1243 Tim.
2315 1193 2365 1244 5.
2397 1194 2419 1246 1
2448 1200 2485 1261 ).
2521 1195 2756 1249 Christus
2798 1214 3005 1267 quoque
3049 1200 3129 1253 his
3171 1218 3400 1258 consona

1840 1281 2195 1345 prmnunlians
2226 1283 2397 1335 aiebat
2428 1303 2439 1337 :
2471 1285 2598 1337 Nam
2630 1286 2694 1338 In
2733 1292 3154 1343 consummatione
3178 1294 3401 1346 audituri

1835 1369 1948 1419 estis
1978 1371 2155 1435 pratia
2182 1379 2225 1421 et
2257 1374 2514 1438 opiniones
2546 1377 2831 1441 prwliorum
2856 1420 2868 1441 ,
2902 1388 2945 1430 et
2976 1384 3134 1448 fames
3170 1391 3213 1432 et
3245 1394 3401 1449 pestes

1836 1456 2057 1520 (Matth.
2082 1458 2171 1512 .
2197 1460 2247 1512 6.
2274 1460 2356 1529 7).
2391 1462 2494 1515 Cur
2525 1479 2649 1531 ergo
2681 1466 2730 1517 in
2767 1471 3215 1523 consummatione
3248 1481 3321 1525 tot
3350 1482 3403 1525 et

1837 1552 1995 1597 tanta:
2020 1547 2174 1599 simul
2201 1550 2565 1603 calamitates?
2594 1554 2815 1615 Quidam
2844 1556 3040 1621 dicunt,
3069 1557 3399 1613 fatiscentem

1835 1646 1887 1689 et
1916 1636 2267 1691 infirmantem
2301 1650 2559 1705 naturam,
2585 1644 2719 1697 sicut
2745 1660 2935 1714 corpus
2958 1648 3220 1713 quoddam
3254 1651 3400 1704 senio

1838 1724 2133 1780 confectum
2166 1729 2360 1783 multos
2386 1732 2601 1784 attrahit
2631 1734 2861 1796 morbos,
2896 1736 2970 1787 sic
2996 1752 3110 1789 eam
3138 1752 3395 1792 consene

1835 1824 2068 1869 scentem
2096 1818 2287 1870 multas
2313 1820 2577 1875 attrahere
2601 1821 2943 1876 calamitates.
2974 1827 3040 1877 At
3067 1841 3256 1894 corpus
3284 1828 3398 1896 qui-

1834 1903 1954 1957 dem
1995 1905 2062 1958 ob
2103 1907 2339 1974 corporis
2384 1908 2739 1963 infirmitatem
2786 1913 3072 1965 secundum
3122 1915 3287 1979 legem
3332 1916 3399 1969 ad

1835 1996 2039 2049 senium
2084 1998 2271 2049 venit:
2304 1998 2619 2066 pestilentias
2662 2010 2872 2063 autem,
2927 2002 3097 2065 bella,
3144 2013 3197 2056 et
3246 2015 3399 2059 terrae

1836 2094 2009 2138 motus
2030 2127 2044 2150 ,
2088 2102 2190 2140 non
2222 2088 2288 2141 ob
2316 2096 2516 2143 naturae
2546 2100 2868 2145 senectutem
2914 2093 3174 2146 accidunt.
3219 2095 3400 2163 Neque

1834 2176 1972 2228 enim
2003 2175 2120 2229 ideo
2159 2177 2401 2232 accidunt
2432 2178 2485 2231 hi
2520 2180 2719 2246 morbi,
2750 2182 2888 2249 quod
2934 2194 3186 2235 creatura:
3214 2200 3399 2237 conse-

1834 2275 2052 2318 nescant
2083 2284 2095 2321 :
2133 2266 2312 2321 Fames
2354 2284 2576 2339 nempe,
2622 2271 2935 2339 pestilentitv,
2976 2282 3021 2324 et
3062 2282 3204 2325 terra:
3240 2284 3399 2327 motus

1837 2371 1923 2421 per
1947 2356 2055 2408 loca
2082 2373 2098 2409 :
2126 2358 2216 2411 sed
2261 2360 2379 2426 quia
2422 2360 2690 2413 hominum
2731 2362 2936 2415 animos
2966 2364 3225 2431 corrman
3259 2365 3397 2417 futu-

1836 2459 1950 2497 rum
1978 2455 2061 2499 est
2094 2465 2105 2499 :
2144 2448 2255 2502 ltaze
2294 2450 2485 2518 quippe
2523 2452 2697 2504 omnia
2741 2461 2862 2505 sunt
2890 2453 3112 2506 ultiones
3152 2462 3396 2521 peccato-

1834 2550 1970 2598 rum,
2003 2548 2056 2590 et
2083 2540 2475 2607 mgritudinibus
2519 2542 2761 2595 humanis
2792 2544 3043 2595 remedia.
3088 2543 3217 2597 Nam
3248 2546 3399 2613 a-gri-

1838 2623 2043 2678 tudines
2086 2626 2327 2680 humana:
2371 2640 2494 2682 tunc
2534 2641 2807 2697 augentur.
2856 2631 2922 2682 Et
2960 2646 3120 2697 quare
3152 2641 3273 2685 tunc
3302 2648 3397 2685 att-

1834 2716 2066 2782 gentur?
2098 2717 2317 2782 inquies.
2348 2719 2625 2784 Quoniam,
2658 2731 2708 2773 ut
2740 2721 2866 2774 mihi
2896 2722 3119 2786 videtur,
3144 2723 3394 2791 judicium

1834 2810 1886 2853 et
1916 2817 2081 2868 pcenre
2114 2805 2161 2855 itt
2200 2804 2503 2859 diuturnum
2550 2816 2753 2876 tempus
2797 2809 3143 2876 differuntur,
3175 2826 3235 2864 ac
3262 2828 3394 2865 non-

1834 2890 1957 2943 dum
2003 2892 2215 2946 advenit
2264 2894 2462 2955 Judex,
2515 2897 2601 2964 qui
2650 2899 2905 2950 rationem
2953 2900 3202 2953 reddituri
3252 2912 3392 2965 sunt,

1832 2980 2102 3048 segniores
2134 2983 2379 3036 evadunt.
2415 2984 2467 3037 ld
2500 2986 2639 3053 quod
2671 2989 2827 3040 etiam
2866 2988 3110 3040 Christus
3139 2990 3203 3042 de
3244 3005 3391 3041 servo

1836 3086 2059 3137 nequam
2090 3070 2237 3137 dicit,
2272 3074 2438 3140 ipsum
2474 3075 2589 3127 ideo
2620 3078 3052 3144 negligentiorem
3084 3078 3258 3131 fuisse.
3292 3080 3397 3131 Mo-

1834 3174 1919 3211 ras
1952 3160 2112 3212 trahit
2141 3162 2383 3215 dominus
2415 3179 2582 3229 meus,
2616 3166 2782 3233 inquit
2810 3167 2895 3219 ille
2924 3182 3108 3221 servus
3134 3210 3146 3231 ,
3177 3168 3398 3236 ideoque

1836 3262 2122 3303 conservos
2151 3251 2489 3317 verberabat,
2536 3264 2588 3307 et
2619 3254 2807 3308 heriles
2837 3256 3112 3311 facultates
3151 3273 3396 3327 pessum-

1832 3338 2006 3392 dabat.
2058 3339 2254 3394 Idcirco
2300 3342 2536 3397 Christus
2583 3346 2948 3399 accedentibus
2994 3348 3290 3416 discipulis,
3341 3361 3393 3401 et

1832 3431 2186 3493 qucerentibus
2216 3432 2453 3487 ediscere
2484 3435 2619 3488 diem
2651 3439 3150 3500 consummationis,
3186 3455 3288 3491 non
3317 3441 3396 3491 in-

1830 3517 2022 3572 dicavit
2044 3561 2057 3585 ,
2092 3533 2147 3573 ttt
2174 3521 2465 3576 futurorum
2508 3526 2734 3577 incertos
2763 3543 2858 3581 nos
2885 3528 3096 3580 assidue
3128 3530 3175 3579 in
3208 3530 3395 3583 timore

1830 3618 2025 3671 servet,
2057 3620 2106 3661 et
2134 3612 2324 3677 singuli
2353 3627 2561 3681 semper
2590 3616 2816 3667 futurum
2846 3627 3238 3683 exspectantes,
3263 3627 3315 3671 et
3343 3620 3391 3670 itt

1830 3710 1922 3761 spe
1948 3696 2144 3749 Christi
2173 3699 2431 3753 adventus
2458 3713 2726 3756 versantes
2748 3745 2761 3767 ,
2795 3704 3152 3771 diligentiores
3192 3716 3391 3759 essent.

1830 3786 1953 3841 Ideo
1997 3788 2244 3843 admonet
2282 3792 2540 3860 quiSpiam
2582 3794 2762 3847 dicens
2797 3812 2807 3846 :
2840 3794 2921 3848 Ne
2947 3795 3150 3860 cli/feras
3176 3797 3395 3849 converti

1829 3878 1895 3927 ad
1915 3876 2205 3940 Dominum,
2247 3897 2401 3949 neque
2426 3893 2672 3950 exspectes
2718 3884 2778 3935 de
2805 3884 2884 3935 die
2912 3885 2960 3935 in
2989 3884 3116 3935 diem
3137 3926 3149 3948 ,
3179 3902 3241 3936 ne
3265 3888 3392 3954 forte

1829 3968 1949 4019 dum
1980 3970 2175 4033 tardas,
2208 3974 2479 4025 conteraris
2510 3971 2707 4039 (Ereti.
2737 3973 2787 4025 5.
2818 3973 2870 4026 8.
2897 3973 2980 4039 9).
3016 3972 3215 4025 Incerta
3250 3990 3391 4027 mors

1827 4067 1926 4122 est,
1963 4059 2149 4127 inquit,
2182 4071 2235 4113 et
2277 4062 2392 4113 ideo
2436 4063 2661 4127 incerta,
2698 4071 2753 4114 ut
2779 4078 2985 4129 semper
3014 4064 3266 4117 sollicitus
3295 4066 3386 4117 sis.

1828 4146 2156 4214 Quapropter
2182 4148 2316 4201 sicut
2358 4148 2438 4199 fur
2463 4158 2618 4201 noctu
2642 4190 2653 4212 ,
2688 4151 2762 4201 sic
2801 4150 2912 4203 dies
2946 4152 3145 4203 Domini
3176 4155 3386 4206 veniet:

1830 4250 1931 4288 non
1962 4245 2017 4287 ut
2048 4236 2270 4299 furetttr,
2300 4237 2389 4290 sed
2418 4246 2473 4290 ut
2500 4252 2595 4291 nos
2620 4239 2879 4291 cautiores
2906 4239 3107 4292 reddat.
3140 4240 3266 4292 Nam
3298 4243 3389 4309 qui

1826 4333 2101 4377 venturum
2134 4324 2300 4379 furem
2328 4327 2595 4395 praevidet,
2628 4329 2677 4380 itt
2706 4328 2895 4396 vigiliis
2924 4330 3049 4396 agit,
3078 4339 3129 4381 et
3168 4345 3387 4383 accensa

1826 4413 2033 4467 lucerna
2064 4429 2272 4482 semper
2292 4417 2488 4485 vigilat.
2518 4416 2603 4470 Sic
2630 4425 2679 4470 et
2706 4432 2797 4469 vos
2825 4418 2995 4486 itaque
3017 4432 3235 4471 accensa
3266 4419 3387 4473 fidei

1824 4510 1877 4555 et
1902 4503 2025 4555 recti
2048 4503 2166 4556 vitae
2197 4504 2414 4557 instituti
2448 4506 2562 4556 luce
2584 4545 2597 4566 ,
2627 4504 2922 4570 splendidas
2947 4506 3187 4560 habetote
3218 4508 3387 4562 lucer-

1823 4606 1948 4652 nas.
1982 4591 2034 4645 in
2064 4594 2291 4646 assiduis
2323 4593 2528 4660 vigiliis.
2561 4592 2689 4659 Quia
2722 4597 2859 4647 enim
2904 4597 3169 4648 nescimus
3215 4614 3382 4664 quan-

1822 4681 2012 4735 donam
2058 4699 2285 4751 sponsus
2332 4693 2583 4737 venturus
2629 4686 2732 4745 sit,
2779 4700 2985 4751 semper
3019 4696 3224 4753 paratos
3268 4704 3384 4743 esse

1823 4780 2048 4839 oportet,
2082 4783 2139 4825 ut
2165 4787 2284 4825 cum
2312 4774 2529 4836 venerit,
2564 4789 2658 4827 nos
2688 4774 2961 4841 vigilantes
2992 4775 3239 4828 inveniat.

1892 4862 1941 4913 7.
1980 4861 2358 4931 Chrysostomus
2387 4864 2673 4928 inrmitate
2711 4864 2931 4928 corporis
2972 4865 3193 4931 exposita
3223 4866 3373 4931 nem

1821 4952 2034 5004 orationi
2082 4952 2310 5019 imponit.
2464 4952 2619 5005 Plura
2662 4952 2841 5006 dicere
2881 4953 3068 5005 vellent
3102 4955 3230 5006 :sed
3272 4955 3382 5008 lnrc

1822 5043 2054 5111 proferre
2082 5042 2358 5098 infirmitas
2389 5045 2623 5112 corporis
2648 5044 2731 5096 vix
2766 5044 3021 5111 permisit,
3050 5060 3148 5111 qua
3180 5061 3205 5097 a
3236 5046 3383 5099 vobis

1821 5132 1975 5199 longo
2020 5142 2255 5199 tempore
2298 5134 2507 5187 avulsus
2548 5148 2683 5185 sum.
2736 5132 2970 5198 Longum
3016 5133 3139 5184 mihi
3177 5144 3382 5201 tempus

1820 5221 1935 5285 fuit,
1966 5238 2066 5273 non
2116 5237 2333 5276 numero
2377 5224 2601 5286 dierum,
2626 5222 2715 5274 sed
2761 5221 3046 5274 secundum
3080 5238 3378 5276 mensuram

1818 5310 2030 5364 affectus
2062 5313 2239 5364 animi.
2286 5313 2594 5365 Amantibus
2617 5314 2752 5364 enim
2774 5351 2787 5374 ,
2816 5313 2911 5363 etsi
2942 5312 3101 5363 breve
3130 5310 3333 5365 absenti

1820 5407 2043 5467 tempus,
2070 5400 2285 5453 multum
2321 5410 2492 5452 tamen
2525 5400 2811 5468 ingensque
2829 5400 3052 5453 videtur.
3091 5401 3212 5453 ldeo
3244 5401 3350 5451 l'au
3373 5429 3399 5436 -

1818 5488 1895 5539 lus
1921 5503 2038 5541 Cum
2066 5505 2090 5540 a
2124 5489 2679 5542 Thessal0nicensibus
2696 5488 2899 5541 modico
2923 5498 3156 5557 tempore
3184 5483 3387 5537 abfuis-

1817 5587 1915 5641 set,
1940 5579 2181 5632 dicebat:
2259 5579 2385 5645 Nos,
2420 5580 2635 5643 fratres,
2668 5583 2851 5649 privati
2894 5581 3041 5632 vobis
3072 5579 3135 5630 ad
3172 5588 3380 5643 tempus

1820 5669 1981 5729 Itone.
2020 5669 2183 5733 vultu,
2233 5684 2335 5724 non
2384 5671 2561 5733 corde,
2614 5672 2961 5724 abundantius
3017 5667 3380 5720 festinavitnns
