4000 6220
235 369 347 423 279

240 472 539 542 συντυχίαν.
557 475 706 544 Ἐμοὶ
738 474 839 544 γάρ
867 476 958 527 καὶ
990 477 1186 545 ἰατρῶν
1218 477 1411 547 χειρῶν
1439 477 1861 547 χρησιμώτερον,

1468 367 1553 421 DE
1591 363 1941 420 PERFECTA
1978 363 2342 420 CARI'I‘ATE.

3492 370 3605 427 280

1967 475 2121 538 δόξαν
2146 476 2236 528 τού
2266 476 2461 546 Κυρίου
2488 476 2641 546 ήμῶν
2680 475 2850 545 Ἰησοῦ
2874 475 3127 545 Χριστοῦ,
3156 476 3219 526 δι’
3246 465 3307 526 οῦ
3342 472 3435 525 καλ⁵
3477 470 3597 541 μεθ’

237 560 331 611 καὶ
374 560 550 629 πάσης
580 561 677 629 τῆς
703 560 903 612 ἐκεῖθεν
948 561 1292 630 παραμυθίας
1332 563 1773 631 λυσιτελέστερον,
1803 563 1864 612 τὸ
1967 555 2027 613 οὗ
2059 561 2133 629 τῷ
2162 562 2334 631 Πατρὶ
2361 562 2504 626 δόξα,
2549 562 2701 630 τιμὴ,
2748 560 2960 630 κράτος,
2991 561 3107 628 ἃμα
3148 558 3224 628 τῷ
3264 558 3398 626 ἁγίῳ
3425 555 3595 607 Πνεύ-

236 644 332 713 τῆς
364 646 627 714 ὑμετέρας
655 645 938 699 ἀπολαύειν
967 646 1183 713 ἀγάπης
1206 663 1218 676 ·
1250 642 1316 716 ἦς
1359 648 1562 714 γένοιτο
1606 647 1862 716 διηνεκῶς
1972 663 2098 714 ματι
2122 684 2137 709 ,
2176 646 2270 699 νῦν
2308 648 2399 699 κα)⁴
2436 648 2520 700 ἀεὶ
2545 685 2560 710 ,
2599 647 2691 699 καὶ
2725 648 2804 709 είς
2838 647 2963 708 τοὺς
2999 647 3195 707 αἰῶνας
3232 644 3333 697 τῶν
3368 642 3594 698 αἰώνων.

236 729 520 799 ὲντρυφᾷν,
550 731 731 799 εὐχαῖς
760 734 853 786 καὶ
880 732 1190 802 πρεσϐείαις
1215 732 1427 785 πάντων
1450 732 1556 785 τῶν
1580 733 1763 800 ἀγίων,
1786 732 1863 792 εἰς

1981 730 2166 799 Ἀμήν.

331 1338 3481 1379 W

1083 1505 1189 1563 AD
1244 1504 1653 1564 HOMILIAM
1707 1504 1801 1561 DE
1860 1502 2265 1564 PERFECTA
2320 1501 2739 1563 CARITATE.

329 1716 503 1771 verbis
525 1728 682 1784 quam
710 1727 892 1767 sensu.
920 1712 1105 1781 Neque
1132 1718 1312 1765 tamen
1356 1710 1673 1781 ἀπάνθισμα
1702 1724 1819 1765 esse
1867 1717 2019 1778 puto,
2063 1709 2154 1765 sed
2184 1710 2433 1766 eumdem
2460 1711 2529 1766 de
2551 1712 2737 1768 iisdem
2760 1711 2923 1767 rebus
2944 1709 3135 1765 eodem
3174 1723 3313 1779 pene
3345 1715 3505 1763 modo

322 1856 551 1911 diversis
582 1850 914 1919 temporibus
960 1848 1179 1902 dixisse.
1220 1866 1239 1898 ι
1289 1846 1471 1901 Savilii
1496 1848 1561 1902 de
1589 1846 1688 1901 hac
1739 1846 1959 1902 homilia
2004 1846 2325 1902 sententiam
2374 1848 2604 1903 libenter
2632 1848 2944 1918 amplector.
2977 1846 3071 1900 Est
3101 1846 3245 1900 enim
3269 1846 3503 1917 Chryso~

327 2001 503 2045 stomo
535 1991 712 2062 digna,
758 1991 825 2046 ad
861 2005 1038 2046 mores
1068 1990 1428 2046 instituendos
1458 1991 1679 2060 optima,
1711 2000 1761 2044 et
1789 1990 1957 2044 sancti
1980 1989 2216 2044 doctoris
2259 1989 2452 2057 stylum
2493 1990 2650 2058 sapit.
2686 1987 2952 2043 Ceterum
2998 1985 3134 2040 nihil
3171 1985 3347 2051 offert,
3400 2000 3507 2054 quo

326 2130 598 2200 possimus
622 2130 987 2185 internoscere
1015 2130 1385 2185 Antiochiame
1408 2145 1476 2184 an
1505 2128 1966 2198 Constantinopoli
1990 2128 2171 2183 habita
2206 2129 2384 2184 fuerit.

1495 2429 2298 2519 ΧΡΥΣΟΣΤΟΜΟΥ

532 2612 660 2679 Περί
696 2614 926 2678 τελείας
956 2611 1206 2681 ἀγάπης,
1231 2616 1326 2668 καὶ
1353 2616 1463 2685 τῆς
1487 2618 1609 2670 κατ’
1635 2616 1812 2680 ἀξίαν
1832 2616 1948 2669 τῶν
1973 2616 2158 2684 ἔργων
2186 2614 2655 2679 ἀνταποδόσεως,
2690 2613 2784 2666 καί
2814 2614 2942 2679 περὶ
2972 2614 3359 2679 κατανύξεως.

324 2990 393 3044 α’.
424 2991 572 3042 Πᾶσα
598 2988 791 3057 πρᾶξις
821 2988 995 3057 ἀγαθὴ
1024 2990 1226 3058 καρπὸς
1256 2990 1469 3059 ἀγάπης
1518 2991 1659 3042 ἐστί·
1689 2991 1766 3043 διὸ
1795 2992 1887 3042 καὶ

255 3076 420 3137 πολὺς
439 3076 561 3142 περί
581 3075 743 3141 αὐτῆς
765 3076 791 3125 6
811 3073 980 3138 λόγος,
1002 3074 1093 3125 τοῦ
1118 3076 1211 3141 μὲν
1235 3076 1464 3145 Χριστοῦ
1494 3076 1751 3141 λέγοντος·
1796 3077 1889 3127 Ἐν

258 3162 442 3222 τούτῳ
465 3160 785 3225 γνώσονται
809 3157 1044 3221 πάντες,
1066 3160 1154 3209 ὅτι
1182 3159 1307 3224 ἐμοὶ
1325 3161 1576 3225 μαθηταί
1601 3161 1756 3218 ἐστε,
1783 3161 1888 3212 ἐὰν

260 3242 519 3311 ἀγαπᾶτε
552 3242 888 3306 ἀλλήλους’
920 3241 1012 3293 τοῦ
1052 3243 1106 3293 δὲ
1146 3244 1348 3295 Παύλου
1376 3244 1597 3311 βοῶντος
1616 3261 1629 3273 ·
1669 3245 1887 3309 Μηδενὶ

258 3326 446 3392 μηδὲν
483 3327 763 3391 ὀφείλετε,
797 3328 846 3377 εἰ
891 3325 974 3392 μὴ
1025 3326 1088 3377 τὸ
1138 3326 1370 3392 ἀγαπᾷν
1416 3328 1740 3391 ἀλλήλους.
1779 3329 1887 3397 Οὐχ

262 3410 443 3470 ἀπλῶς
484 3404 650 3473 εἶπεν,
692 3409 801 3460 ἀλλ’
829 3410 901 3470 ὡς
932 3411 1234 3477 ὀφείλοντας
1273 3412 1528 3481 ἀλλήλοις.
1548 3413 1633 3473 Ὠς
1675 3414 1778 3481 γὰρ
1812 3413 1887 3481 τῷ

264 3496 471 3563 σώματι
502 3495 597 3562 τὴν
632 3494 828 3563 τροφὴν
858 3495 940 3545 ἀεὶ
974 3496 1069 3562 μὲν
1095 3496 1372 3564 ὀφείλομεν
1401 3497 1561 3565 αὐτῷ,
1604 3498 1687 3548 ἀεὶ
1739 3497 1882 3568 [9.88]

261 3577 318 3628 δὲ
344 3578 655 3645 ἀποδίδομεν
684 3579 850 3648 (πάσῃ
880 3579 984 3647 γὰρ
1006 3580 1157 3646 ἡμῶν
1183 3583 1245 3648 τῇ
1278 3582 1386 3649 ζωῇ
1414 3582 1473 3633 τὸ
1508 3582 1736 3634 τοιοῦτον
1768 3600 1887 3633 συν-

264 3662 554 3713 εκτείνεται
598 3664 811 3729 χρέος)·
848 3663 985 3714 οὕτω
1015 3665 1105 3714 καὶ
1146 3666 1234 3714 ἐπὶ
1274 3668 1368 3733 τῆς
1397 3667 1611 3734 ἀγάπης
1653 3668 1885 3719 διδάσκει

264 3749 435 3797 ποιεῖν
456 3764 468 3775 ·
505 3747 696 3814 μᾶλλον
718 3747 773 3797 δὲ
799 3749 887 3798 καὶ
918 3747 1090 3816 πολλῷ
1118 3747 1295 3809 πλέον,
1322 3749 1428 3817 ὅσῳ
1455 3751 1543 3801 καὶ
1584 3751 1715 3817 πρὸς
1755 3750 1885 3802 αἰώ-

263 3848 374 3881 νιον
406 3831 582 3900 ὁδηγεῖ
607 3831 765 3901 ζωὴν,
789 3832 877 3883 καὶ
908 3836 1317 3901 συμπαραμένει
1343 3838 1452 3897 τοῖς
1471 3836 1676 3905 ἔχουσιν
1698 3838 1883 3906 αὑτήν.

260 3916 437 3967 Μένει
471 3916 592 3984 γὰρ,
632 3916 778 3983 φησὶ,
811 3915 879 3966 τὰ
909 3917 1036 3981 τρία
1066 3917 1262 3979 ταῦτα,
1294 3921 1509 3981 πίστις,
1540 3920 1729 3983 ἐλπὶς,
1754 3919 1887 3987 ἀγά-

261 4014 343 4063 πη
367 4016 379 4029 ·
401 3999 606 4065 μείζων
632 3999 696 4050 δὲ
724 4000 941 4051 τούτων
970 4002 1006 4065 ἠ
1042 4000 1254 4067 ἀγάπη.
1293 4001 1365 4053 Οὐ
1401 4004 1556 4070 μόνον
1584 4004 1636 4055 δὲ
1666 4004 1750 4056 διὰ
1788 4008 1885 4074 ῥη-

264 4084 464 4149 μάτων,
496 4084 624 4135 ἀλλά
668 4086 756 4135 καὶ
785 4085 867 4135 διὰ
900 4085 1231 4152 πραγμάτων
1269 4084 1623 4155 διδασκόμεθα
1663 4088 1880 4155 ταύτην,

265 4167 375 4217 Καὶ
418 4168 627 4234 πρῶτον
674 4170 768 4235 μὲν
805 4168 887 4217 διὰ
918 4168 1008 4218 τοῦ
1048 4167 1242 4235 τρόπου
1288 4170 1380 4237 τῆς
1418 4171 1679 4239 ἡμετέρας
1726 4189 1885 4223 κατα-

262 4252 617 4319 σκευῆς.’¹Ενα
658 4252 763 4321 γάρ
812 4252 1014 4312 πλάσας
1060 4254 1086 4304 6
1136 4252 1264 4315 Θεὸς
1307 4254 1600 4323 ἄνθρωπον,
1631 4257 1687 4320 ἐξ
1725 4258 1880 4312 αὑτοῦ

263 4338 465 4397 πάντας
510 4336 801 4403 προσέταξε
849 4336 1114 4402 γενέσθαι,
1159 4339 1241 4390 ἵνα
1284 4340 1477 4402 πάντες
1518 4342 1771 4411 ἀλλήλους
1812 4344 1882 4406 ὡς

257 4422 354 4472 ῐνα
390 4421 745 4488 νομίζωμενι,
782 4422 870 4471 καὶ
910 4422 965 4472 ἐν
998 4421 1180 4492 ἀγάπῃ
1222 4426 1353 4491 πρὸς
1394 4426 1644 4494 ἀλλήλους
1689 4428 1884 4494 διάγειν

261 4506 894 4572 σπουδάζωμεν.’Έπειτα
921 4507 1012 4557 καὶ
1038 4507 1123 4558 διὰ
1160 4508 1255 4575 τῆς
1293 4509 1396 4561 τῶν
1438 4512 1883 4581 συναλλαγμάτων

258 4589 533 4656 ἐπιμιξίας
578 4588 750 4655 σοφῶς
783 4591 911 4657 ήμῖν
942 4590 999 4641 τὸ
1028 4592 1339 4658 φιλάλληλον
1376 4596 1849 4665 ἐπραγματεύσατο
1868 4616 1879 4628 ·

259 4675 354 4724 καὶ
381 4674 516 4736 πῶς,
538 4673 713 4725 ἄκουε.
744 4674 953 4725 Πολλῶν
976 4675 1182 4744 πλήσας
1201 4677 1295 4744 τὴν
1315 4680 1629 4748 οἰκουμένην
1650 4682 1881 4746 ἀγαθῶν,

261 4760 457 4810 ἔδωκεν
504 4760 699 4826 ἑκάστῃ
742 4758 892 4828 χώρᾳ
935 4760 1092 4812 πάλιν
1140 4761 1433 4825 ἰδιάζουσαν
1489 4766 1884 4834 ἐπιτηδειότητα

262 4842 504 4911 καρπῶν,
529 4843 613 4893 ἵνα
640 4842 725 4893 διὰ
748 4844 805 4894 τὸ
834 4845 928 4912 τῆς
954 4844 1137 4914 χρείας
1159 4846 1446 4912 ἀναγκαῖον
1478 4850 1610 4916 πρὸς
1634 4849 1885 4919 ἀλλήλους

262 4927 583 4994 βαδίζοντες,
620 4928 711 4979 καὶ
758 4928 863 4979 τῶν
906 4930 1320 4997 περιττευόντων
1370 4932 1749 4998 μεταδιδόντες,
1796 4936 1885 4985 καὶ

260 5010 368 5063 τῶν
417 5012 701 5063 λειπόντων
745 5014 870 5078 ἡμῖν
925 5014 1428 5081 ἀντιλαμβάνοντες,
1479 5016 1774 5084 ἀγαπῶμεν
1829 5020 1885 5070 τὸ

258 5097 542 5164 ὁμόφυλον.
583 5095 747 5146 Τοῦτο
774 5096 865 5145 καὶ
894 5099 974 5161 ἐφ’
1003 5099 1227 5150 ἑκάστου
1264 5100 1551 5167 πεποίηκεν
1580 5101 1879 5170 ἀνθρώπου.

263 5183 333 5231 Οὐ
364 5181 468 5248 γὰρ
496 5180 667 5231 πάντα
698 5182 855 5231 πᾶτιν
885 5180 1079 5233 ἔδωκεν
1102 5183 1312 5244 ειδέναι,
1343 5183 1471 5235 ἀλλά
1499 5184 1572 5251 τῷ
1601 5186 1694 5252 μὲν
1722 5188 1886 5255 ίατρι-

262 5266 382 5334 κὴν,
409 5264 485 5333 τῷ
515 5264 569 5316 δὲ
600 5264 925 5332 τεκτονικὴν,
958 5265 1049 5316 καὶ
1089 5266 1227 5333 ἄλλῳ
1253 5268 1431 5337 ἀλλην,
1476 5269 1559 5320 ἵνα
1604 5270 1887 5337 χρῄζοντες

295 5481 349 5554 ,⁸
374 5482 505 5560 coll).
547 5483 769 5560 ἀλλῄλους
812 5481 1068 5553 νομίζομεν.
1113 5482 1288 5560 Flauio.
1316 5491 1439 5560 post:
1462 5486 1594 5535 Colb.
1633 5488 1883 5560 κἐπιμιξίας

564 5543 671 5602 ἡμῖν
707 5543 1075 5600 πραγματεύεται
1114 5544 1168 5587 τὸ
1229 5543 1519 5603 φιλάλληλον·
1566 5543 1752 5594 πολλῶν
1797 5550 1883 5607 γὰρ

623 5696 883 5757 Ρλτιιοι..
931 5700 1042 5759 Gn.
1088 5700 1232 5759 LVI.

1899 2820 1967 2830 ...-

1988 2989 2243 3058 ἀλλήλων,
2278 2990 2573 3057 ἀγαπῶμεν
2602 2990 2875 3057 ἀλλήλους.
2913 2992 3017 3042 Καὶ
3066 2994 3121 3043 ὲν
3165 2996 3275 3053 τοῖς
3322 3010 3610 3063 πνευματι-

1986 3078 2098 3135 κοῖς
2126 3074 2179 3124 δὲ
2218 3073 2372 3125 πάλιν
2402 3074 2461 3124 τὸ
2496 3074 2623 3125 αὐτὸ
2651 3076 2922 3142 γινόμενον
2954 3076 3046 3127 ίδοι
3071 3093 3152 3138 τις
3179 3077 3264 3136 ἂν,
3297 3078 3369 3140 ῶς
3396 3097 3554 3148 φησιν
3580 3083 3608 3131 6

1987 3157 2212 3221 Παῦλος,
2246 3158 2323 3209 ὅτι
2361 3156 2442 3221 Τῷ
2468 3158 2579 3225 μὲν
2604 3158 2825 3211 δίδοται
2851 3160 3028 3226 λόγος
3057 3161 3288 3227 σοφίας,
3310 3162 3386 3225 τῷ
3416 3163 3481 3215 δὲ
3505 3166 3609 3217 λό-

1987 3260 2088 3312 τος
2130 3243 2418 3311 γνώσεως,
2459 3244 2620 3305 ἄλλῳ
2662 3243 2728 3295 δὲ
2769 3247 3107 3312 προφητεία,
3142 3247 3306 3311 ἄλλῳ
3338 3249 3403 3301 δὲ
3445 3253 3606 3317 χαρί-

1986 3342 2179 3393 σματα
2210 3328 2481 3394 ἰαμάτων,
2528 3327 2691 3391 ἄλλῳ
2726 3329 2791 3380 δὲ
2832 3329 2972 3396 γένη
3013 3333 3321 3398 γλωσσῶν,
3345 3334 3506 3396 ἄλλῳ
3541 3335 3609 3387 δὲ

1985 3411 2257 3478 ἑρμηνεία
2288 3413 2592 3479 γλωσσῶν.
2612 3412 2745 3464 Ἀλλ’
2773 3414 2921 3465 οὐδὲν
2946 3415 3043 3482 τῆς
3070 3418 3284 3486 ἀγάπης
3310 3418 3570 3486 ἀνώτερον
3590 3436 3603 3449 ·

1984 3496 2060 3547 διὸ
2099 3497 2185 3548 καὶ
2224 3499 2432 3550 πάντων
2466 3498 2628 3565 αὐτὴν
2666 3498 2980 3567 προέθηκεν,
3025 3501 3192 3562 οὕτως
3227 3502 3424 3554 εἰπών·
3471 3504 3610 3555 Ἐὰν

1986 3578 2052 3630 δὲ
2075 3579 2197 3643 ταῖς
2222 3580 2522 3647 γλώσσαις
2547 3580 2662 3632 τῶν
2686 3581 3003 3648 ἀνθρώπων
3032 3584 3195 3637 λαλῶ
3234 3587 3329 3641 καὶ
3368 3586 3485 3638 τῶν
3506 3587 3608 3656 ἀγ-

1984 3661 2194 3727 γέλων,
2225 3664 2460 3731 ἀγάπην
2486 3664 2553 3715 δὲ
2577 3664 2660 3730 μὴ
2691 3665 2826 3731 ἔχω,
2861 3666 3073 3733 γέγονα
3112 3671 3335 3737 χαλκὸς
3357 3672 3538 3738 ήχῶν,
3566 3674 3604 3739 ἢ

1986 3748 2287 3813 κύμϐαλον
2329 3745 2638 3805 ἀλαλάζον*
2686 3749 2780 3800 καί
2819 3750 2924 3803 ἐὰν
2956 3751 3069 3818 ἔχω
3102 3758 3475 3820 προφητείαν,
3510 3760 3606 3809 καί

1982 3829 2114 3883 εἰδῶ
2139 3831 2207 3883 τὰ
2231 3830 2527 3896 μυστήρια
2558 3830 2767 3891 πάντα,
2801 3834 2895 3884 καὶ
2925 3835 3031 3885 ἐὰν
3060 3837 3172 3902 ἔχω
3198 3840 3418 3900 πίστιν,
3453 3840 3605 3892 ὥστε

1986 3914 2088 3980 ὅρη
2109 3914 2499 3981 μεθιστάνειν,
2523 3914 2760 3981 ἀγάπην
2785 3914 2950 3982 δὲμὴ
2975 3918 3106 3984 ἔχω,
3141 3921 3316 3973 οὐδέν
3336 3925 3465 3989 ειμι.
3499 3926 3604 3977 Καὶ

1985 3998 2099 4048 οὐδὲ
2129 3998 2283 4065 μέχρι
2317 3997 2516 4048 τούτων
2558 3998 2703 4065 ἔστη,
2750 3999 2882 4051 ἀλλά
2911 4001 3001 4052 καὶ
3033 4003 3122 4054 τὸν
3163 4005 3297 4074 ὑπὲρ
3333 4008 3603 4070 εύσεὸεἰας

1986 4081 2205 4132 θάνατον
2246 4082 2393 4133 οὐδὲν
2423 4082 2560 4151 ἔχειν
2590 4084 2937 4149 ἀποφαίνεται
2967 4086 3169 4155 κέρδος,
3200 4091 3271 4159 μὴ
3304 4092 3605 4162 προσούσης

1987 4165 2216 4233 ἀγάπης.
2254 4166 2324 4216 Ού
2360 4167 2529 4234 μάτην
2559 4167 2613 4217 δὲ
2637 4167 2867 4219 τοσαῦτα
2890 4171 3012 4237 περὶ
3040 4172 3200 4238 αὐτῆς
3236 4174 3467 4242 εἴρηκεν·
3488 4177 3604 4243 ᾔδει

1984 4250 2107 4317 γὰρ.
2142 4250 2255 4318 ᾔδει
2286 4250 2485 4315 σαφῶς.
2533 4251 2623 4303 ἆτε
2674 4252 2908 4321 γεωργὸς
2951 4254 3309 4327 τῶνίὲντολῶν
3336 4258 3423 4309 τοῦ
3449 4260 3601 4324 Θεοῦ,

1983 4336 2079 4396 ὅτι,
2110 4334 2306 4403 ταύτης
2336 4335 2696 4404 ἐρριζωμένης
2725 4336 2991 4403 ἀσφαλῶς,
3013 4339 3162 4389 ὁτῶν
3199 4340 3409 4407 ἀγαθῶν
3436 4345 3605 4397 ἀπάν-

1982 4436 2085 4471 των
2126 4419 2399 4486 βλαστάνει
2452 4420 2672 4487 καρπός.
2723 4420 2793 4471 Τὸ
2824 4420 2929 4490 γὰρ
2954 4459 2967 4481 ,
3018 4425 3097 4474 Οὐ
3136 4427 3490 4491 μοιχεύσεις,
3531 4432 3602 4481 οὐ

1983 4506 2309 4568 φονεύσεις,
2341 4504 2409 4554 οὐ
2449 4504 2721 4569 κλέψεις,
2767 4507 2837 4557 οὺ
2878 4506 3480 4576 ψευδομαρτυρήσεις,
3512 4514 3603 4565 καὶ

1982 4586 2033 4636 εἴ
2060 4603 2140 4646 τις
2162 4586 2315 4653 ἑτέρα
2344 4586 2544 4654 ὲντολὴ,
2565 4588 2618 4637 ὲν
2644 4588 2812 4657 τούτῳ
2834 4589 2908 4657 τῷ
2927 4590 3064 4659 λόγῳ
3092 4593 3598 4661 ἀνακεφαλαιοῦται,

1983 4672 2038 4721 ὲν
2075 4669 2166 4737 τῷ,
2208 4670 2546 4735 Ἀγαπήσεις
2594 4672 2697 4722 τὸν
2741 4676 2999 4738 πλησίον
3043 4689 3156 4728 σου
3204 4678 3282 4743 ὡς
3326 4682 3597 4733 σεαυτόν.

1983 4753 2090 4803 Καὶ
2118 4752 2167 4802 τί
2206 4752 2307 4822 χρὴ
2340 4752 2407 4804 τὰ
2460 4754 2626 4822 μικρά
2665 4754 2858 4820 λέγειν,
2891 4756 2955 4809 τὰ
3005 4759 3211 4826 μεγάλα
3256 4762 3598 4825 σιωπῶνταςς

1983 4838 2057 4888 Δι’
2103 4838 2317 4904 ἀγάπην
2355 4839 2583 4904 κατῆλθε
2636 4841 2767 4905 πρὸς
2804 4843 2948 4908 ήμᾶς
2998 4844 3025 4893 6
3062 4846 3333 4912 ἀγαπητὸς
3358 4846 3480 4908 Υἱὸς
3506 4850 3600 4899 τοῦ

1983 4921 2134 4983 Θεοῦ,
2194 4923 2283 4974 καὶ
2329 4923 2622 4990 ὁμόσκηνος
2668 4926 2760 4976 καὶ
2810 4926 3103 4993 ὁμοδίαιτος
3153 4932 3260 4989 τοῖς
3305 4931 3601 4999 ἀνθρώποις

1983 5008 2218 5072 γέγονεν,
2249 5006 2333 5057 ἵνα
2354 5006 2447 5074 τὴν
2482 5006 2732 5059 πολύθεον
2766 5008 3058 5070 καταλύσας
3096 5011 3330 5080 πλάνην,
3378 5015 3469 5066 καὶ
3506 5017 3601 5085 τὴν

1984 5091 2153 5158 ἀληθῆ
2206 5093 2557 5157 καταγγείλας
2608 5093 2956 5157 θεογνωσίαν,
3022 5095 3117 5161 τὴν
3169 5098 3299 5165 πρὸς
3349 5099 3600 5167 ἀλλήλους

1985 5178 2195 5242 ἀγάπην
2222 5176 2399 5245 διδάξῃ
2430 5178 2552 5237 τοὺς
2582 5176 2913 5245 ἀνθρώπους,
2953 5178 3130 5239 καθὼς
3177 5181 3421 5250 Ἰωάννης
3464 5201 3600 5251 μαρ.

1983 5263 2131 5327 τυρεί
2172 5260 2339 5324 λέγων
2362 5277 2374 5289 ι
2402 5262 2587 5320 Οὕτως
2619 5260 2926 5326 ἠγάπησεν
2962 5265 2992 5313 ό
3024 5263 3162 5327 Θεὸς
3204 5266 3308 5315 τὸν
3357 5269 3598 5333 κόσμον,

1986 5343 2071 5394 ὅτι
2098 5344 2201 5395 τὸν
2242 5345 2369 5396 Υίὸν
2400 5344 2578 5396 αὑτοῦ
2610 5345 2714 5395 τὸν
2752 5344 3042 5411 μονογενῆ
3076 5346 3324 5409 ἔδωκεν,
3356 5350 3453 5402 ἵνα
3485 5350 3599 5415 πᾶς

1986 5432 2017 5480 ὀ
2044 5430 2333 5480 πιστεύων
2364 5432 2446 5490 εἰς
2476 5429 2656 5479 αὐτὸν
2687 5430 2769 5496 μὴ
2812 5431 3119 5495 ἀπόληται,
3160 5432 3291 5483 ἀλλ’
3317 5433 3424 5500 ἔχῃ
3454 5436 3602 5503 ζωὴν

1986 5512 2234 5564 αίώνιον.
2278 5515 2406 5565 Ὑπὸ
2452 5514 2646 5581 ταύτης
2695 5515 3033 5583 ὲκκαιόμενος
3072 5518 3098 5566 6
3140 5517 3341 5579 Παῦλος
3385 5520 3478 5587 τὴν
3511 5524 3599 5573 οὐ-

1992 5598 2166 5663 ράνιον
2193 5597 2366 5664 ἀφῆκε
2394 5596 2591 5665 φωνὴν,
2627 5596 2721 5662 Τίς
2748 5596 2898 5665 ἡμᾶς
2920 5599 3152 5664 χωρίσει
3184 5601 3297 5653 ἀπὸ
3334 5601 3437 5666 τῆς
3458 5605 3568 5666 ἀνά
3586 5635 3598 5648 .

3058 5706 3127 5764 18
