4000 6220
399 501 513 553 πης
550 486 650 540 τοῦ
683 485 973 555 Χριστοῦ;
1004 486 1190 556 λέγων’
1215 489 1437 555 θλίψις,
1470 488 1506 554 ἢ
1543 486 1689 558 [289]
1723 497 2013 549 στενοχωο

395 573 509 636 ρία,
550 571 588 639 ἢ
634 572 900 640 διωγμὸς,
929 572 968 640 ἢ
1003 572 1192 640 λιμός,
1225 573 1264 639 ἢ
1303 575 1613 640 γυμνότης,
1644 573 1680 638 ἢ
1721 570 2012 632 κίνδυνος,

396 655 435 721 ἢ
458 654 745 724 μάχαιρα;
771 658 1197 725 Καταφρονήσας
1223 658 1278 709 δὲ
1314 657 1514 709 τούτων
1535 657 1609 720 ώς
1636 655 1883 717 εὐτελῶν,
1926 654 2017 705 καὶ

395 739 463 792 τά
492 740 665 809 πολλῷ
688 740 884 793 τούτων
914 741 1128 810 μείζονα
1155 741 1378 794 τέθεικε*
1423 743 1552 811 φησί
1577 741 1701 811 7&9,
1741 741 1866 793 Ὀτι
1885 740 2019 792 οὔτε

397 824 663 889 θάνατος,
694 827 834 878 οὔτε
858 825 987 892 ζωὴ,
1018 827 1152 879 οὔτε
1181 827 1490 887 ἐνεστῶτα,
1530 827 1663 879 οὔτε
1686 826 2016 893 μέλλοντα,

397 911 532 962 σῦτε
552 911 778 979 ὕψωμα,
803 914 937 965 οὔτε
952 912 1155 977 βάθος,
1180 912 1316 966 οὔτε
1340 930 1425 977 τις
1442 916 1634 977 κτίσις
1651 914 1816 979 ἑτέρα
1838 912 2018 977 δυνή-

399 1008 559 1047 σεται
590 995 744 1061 ἡμᾶς
777 998 1017 1064 χωρίσαι
1056 996 1169 1049 ἀπὸ
1203 996 1308 1061 τῆς
1339 996 1568 1063 ἀγάπης
1595 997 1696 1049 τοῦ
1732 996 1874 1049 Θεοῦ
1914 996 2020 1063 τῆς

398 1079 465 1129 ἐν
490 1078 714 1144 Χριστῷ
765 1080 961 1146 Ἰησοῦ
1003 1078 1081 1143 τῷ
1123 1082 1312 1147 Κυρίῳ
1340 1080 1520 1148 ἡμῶν.
1569 1079 1839 1133 Ἐντεῦθεν
1872 1080 2020 1133 οὐδὲν

398 1162 617 1229 ἠδύνατο
637 1175 662 1203 ι
695 1164 916 1233 χωρίσαι
943 1164 1033 1216 τὸν
1067 1165 1325 1233 μακάριον
1344 1166 1543 1217 ἐκεῖνον
1574 1164 1785 1233 ὑπὸτῆς
1807 1165 2021 1235 ἀγάπης

397 1248 852 1316 πυρπολούμενον,
883 1250 979 1301 οὐκ
1004 1250 1246 1319 οὐρανὸς,
1271 1252 1329 1301 οὐ
1368 1250 1458 1319 γῆ,
1488 1251 1547 1302 οὐ
1572 1250 1829 1313 θάλασσα,
1857 1252 1915 1302 οὐ
1955 1251 2021 1302 τὰ

397 1332 455 1382 ἐν
480 1334 587 1393 τοῖς
613 1332 853 1402 οὐρανοῖς
881 1333 1138 1401 βασίλεια,
1176 1334 1235 1385 οὐ
1287 1334 1355 1385 τὰ
1395 1336 1451 1385 ἐν
1501 1334 1625 1404 ᾅδου
1660 1335 1983 1405 κολαστήρια
2004 1352 2017 1365 ·

398 1415 611 1467 πάντων
640 1417 744 1485 7&9
775 1418 1055 1487 ὑπερεώρα
1083 1419 1168 1470 διά
1191 1417 1279 1469 τὸν
1304 1420 1551 1487 Χριστόν.
1602 1421 1663 1473 Εἰ
1694 1421 1750 1473 δὲ
1784 1422 1875 1473 καὶ
1900 1422 2022 1482 τοὺς

396 1497 581 1561 ἄλλους
607 1500 948 1569 ἐξετάσωμεν
966 1502 1168 1568 ἁγίους,
1187 1502 1389 1566 πάντας
1408 1504 1704 1575 εὑρήσομεν
1724 1507 1789 1557 δι’
1808 1506 2023 1574 ἀγάπην

397 1584 661 1654 εὐαρεστή
670 1601 883 1647 σαντας.

467 1668 534 1736 β’.
553 1670 616 1721 Ἦ
636 1670 819 1738 ἀγάπη
839 1670 1070 1724 δείκνυσί
1098 1689 1177 1725 σοι
1203 1675 1293 1726 τὸν
1322 1675 1543 1744 πλησίον
1566 1677 1639 1738 ὡς
1669 1677 1907 1738 σεαυτὸν,
1935 1678 2025 1728 καὶ

397 1752 603 1821 χαίρειν
640 1768 697 1804 σε
720 1753 953 1806 διδάσκει
997 1757 1085 1808 ἐπὶ
1113 1761 1223 1819 τοῖς
1250 1759 1454 1810 ἐκείνου
1487 1760 1685 1825 καλοῖς,
1722 1761 1903 1831 ὥσπερ
1934 1763 2025 1813 ἐπὶ

395 1839 505 1897 τοῖς
534 1838 663 1899 σοῖς,
698 1838 791 1890 καὶ
824 1839 1005 1908 φέρειν
1028 1843 1190 1895 αὐτοῦ
1224 1843 1290 1895 τὰ
1321 1844 1689 1913 ἐλαττώματα,
1726 1846 1909 1915 ὥσπερ
1934 1848 2024 1899 καὶ

396 1921 465 1973 τὰ
502 1921 587 1973 σά.
632 1923 693 1975 Ἦ
723 1924 904 1993 ἀγάπη
947 1925 1004 1977 ἐν
1036 1927 1190 1995 σῶμα
1229 1931 1351 1991 τούς
1375 1930 1596 1992 πολλοὺς
1640 1932 2021 1999 ἀπεργάζεται,

397 2006 490 2057 καὶ
517 2007 827 2076 Πνεύματος
859 2012 1010 2077 ἁγίου
1050 2013 1227 2081 δοχεῖα
1268 2016 1362 2077 τὰς
1408 2016 1603 2067 τούτων
1638 2018 2025 2078 κατασκευάζει

397 2086 589 2155 ψυχάς
619 2089 678 2140 οὐ
704 2090 810 2159 7&9
836 2091 1176 2161 διῃρημένοις
1206 2095 1461 2165 ἀλλήλων,
1485 2098 1776 2165 ήνωμένοις
1807 2098 1861 2150 δὲ
1888 2100 2024 2152 κατά

395 2171 568 2241 ψυχὴν
591 2172 651 2225 τὸ
668 2175 762 2244 τῆς
786 2176 1002 2246 εἰρήνης
1027 2180 1460 2232 ἐπαναπαύσεται
1492 2181 1729 2251 Πνεῦμα.
1757 2184 1821 2234 Ἠ
1842 2183 2025 2252 ἀγάπη

398 2257 553 2308 κοινά
589 2260 732 2310 ποιεῖ
762 2262 893 2312 πᾶσι
924 2261 991 2313 τά
1022 2263 1243 2316 ἑκάστου
1278 2266 1598 2335 ὑπάρχοντα,
1644 2266 1822 2329 καθώς
1866 2285 2026 2338 φησιν

400 2342 431 2408 ή
468 2340 644 2409 βίϐλος
674 2342 779 2395 τῶν
805 2345 1076 2415 ιιράξεωνο
1111 2349 1217 2401 Τοῦ
1253 2349 1319 2401 δέ
1349 2350 1613 2415 πλήθους
1649 2351 1765 2405 τῶν
1790 2366 2027 2405 πιστευ-

398 2425 633 2479 σάντων
654 2424 731 2496 ἦν
755 2430 792 2495 ἠ
822 2431 1028 2497 καρδία
1069 2433 1162 2485 καί
1192 2436 1228 2501 ἠ
1262 2436 1428 2503 ψυχὴ
1450 2437 1573 2503 μία·
1619 2437 1716 2490 καὶ
1745 2439 1942 2503 οὐδείς
1973 2455 2027 2491 τι

397 2508 514 2563 τῶν
538 2514 919 2579 ὑπαρχόντων
956 2516 1111 2579 αὐτῷ
1140 2519 1345 2585 ἔλεγεν·
1396 2520 1548 2572 ίδιον
1580 2516 1750 2584 εἶναι,
1782 2523 1916 2574 ἀλλ’
1953 2518 2029 2590 ἦν

396 2596 602 2659 αὐτοῖς
625 2597 853 2651 ἅπαντα
882 2600 1066 2652 κοινά·
1094 2602 1189 2653 καὶ
1215 2602 1499 2657 διεδίδοτο
1535 2604 1783 2667 ἑκάστῳ,
1829 2608 2027 2659 καθότι

397 2679 475 2732 ἂν
496 2697 582 2745 τις
606 2684 811 2749 χρείαν
838 2681 976 2751 εἶχε.
1006 2687 1161 2738 Ποῖον
1189 2687 1327 2739 οὕτω
1353 2692 1524 2759 τεῖχος
1552 2691 1804 2759 ἀρραγὲς,
1860 2694 2026 2761 ἁρμο-

398 2765 486 2834 νίᾳ
522 2766 680 2822 λίθων
714 2769 1017 2837 εὐμεγεθῶν
1057 2772 1443 2842 ὠχυρωμένον,
1485 2777 1785 2845 ἀπόρθητον
1825 2777 2026 2844 γίνεται

396 2850 511 2911 ταῖς
541 2850 645 2902 τῶν
691 2852 893 2922 ἐχθρῶν
924 2854 1146 2923 ἐφόδοις,
1182 2857 1255 2919 ὼς
1286 2858 1344 2909 τὸ
1374 2860 1618 2928 σύστημα
1643 2861 1750 2913 τῶν
1774 2861 2027 2929 ἀλλήλους

397 2933 749 3001 ἀγαπώντων,
796 2940 887 2991 καὶ
932 2941 989 2991 ἐν
1026 2941 1364 3011 ὁμοφροσύνῃ
1392 2947 1885 3014 περιεσφιγμένωνς
1921 2948 2028 2999 Καὶ

398 3019 563 3082 αὐτάς
590 3021 681 3072 τοῦ
715 3022 951 3075 διαϐόλου
979 3026 1277 3094 προσϐολὰς
1297 3028 1323 3065 b
1350 3029 1720 3098 ἀποκρούεται·
1759 3032 1849 3083 καὶ
1884 3032 2028 3099 μάλα

397 3104 636 3167 εἰκότως.
660 3108 719 3159 Οἰ
746 3107 851 3178 7&9
879 3111 992 3177 μετ’
1018 3110 1260 3180 ἀλλήλων
1298 3113 1414 3164 κατ’
1455 3113 1659 3166 ἐκείνου
1684 3118 2026 3185 παρατασσό-

400 3207 565 3258 μενοι,
584 3192 676 3243 καὶ
702 3192 773 3261 μὴ
792 3198 904 3262 μετ’
928 3195 1130 3247 ἐκείνου
1155 3197 1269 3247 κατ’
1286 3196 1522 3266 ἀλλήλων
1543 3200 1809 3268 ἱστάμενοι
1827 3211 1875 3263 ο,
1898 3204 2029 3270 ἀήτ-

396 3292 542 3341 τητοι
572 3276 802 3342 γίνονται
825 3281 934 3340 τοῖς
955 3279 1118 3332 αὐτοῦ
1160 3284 1530 3349 μηχανήμασι.
1575 3282 1643 3334 τὰ
1678 3284 1899 3353 λαμπρά
1930 3286 2028 3351 τῆς

396 3358 611 3428 ἀγάπης
642 3360 939 3429 ἐγείροντες
959 3363 1214 3431 τρόπαια.
1251 3366 1358 3415 Καὶ
1388 3364 1631 3434 καθάπερ
1654 3368 1709 3417 αί
1734 3368 1831 3435 τῆς
1864 3368 2028 3437 λύρας

397 3445 597 3513 νευραὶ,
632 3445 821 3497 πολλαὶ
858 3447 954 3515 μὲν
993 3443 1181 3511 οὖσαι,
1224 3449 1302 3509 εἰς
1348 3449 1473 3518 μίαν
1511 3450 1567 3502 δὲ
1607 3451 1853 3503 νεύουσαι
1889 3470 2026 3521 συμ-

398 3529 619 3595 φωνίαν,
657 3532 1010 3600 τερπνότατὸν
1051 3549 1102 3584 τι
1145 3532 1301 3601 μέλος
1326 3532 1544 3601 ήχοῦσιν
1568 3552 1581 3565 ·
1618 3535 1787 3598 οὕτως
1811 3538 1859 3589 οί
1898 3538 2029 3607 πρὸς

401 3614 528 3681 μίαν
560 3617 984 3684 συγκεκραμένοι
1006 3616 1246 3687 γνώμην,
1291 3617 1483 3687 εὐηχον
1516 3621 1900 3690 ἀνακρούονται
1934 3624 2029 3693 τῆς

397 3699 613 3768 ἀγάπης
643 3699 733 3753 τὸν
762 3701 1013 3768 φθόγγον.
1057 3702 1154 3753 Διά
1194 3702 1349 3754 τοῦτο
1390 3704 1734 3771 συμϐουλεύει
1762 3709 1789 3758 ὁ
1824 3707 2030 3771 Παῦλος

398 3786 458 3837 τὸ
490 3786 617 3837 αὐτὸ
666 3789 909 3855 φρονεῖν,
955 3786 1048 3839 καὶ
1089 3786 1281 3854 λέγειν,
1333 3789 1426 3841 καὶ
1475 3789 1732 3858 ἀλλήλους
1783 3791 2030 3859 ἡγεῖσθαι

400 3870 751 3941 ὑπερέχοντας
781 3870 1003 3933 ἑαυτῶν,
1038 3870 1176 3924 ὥστε
1212 3870 1285 3941 μὴ
1311 3876 1377 3941 τῇ
1421 3872 1696 3943 φιλοτιμίᾳ
1725 3874 2030 3929 διαλύεσθαι

397 3957 495 4026 τὴν
525 3956 759 4024 ἀγάπην,
798 3955 930 4008 ἀλλά
957 3955 1053 4025 τὴν
1082 3957 1243 4026 τιμὴν
1280 3957 1859 4028 άντιπαραχωροῦντας
1886 3959 1912 3999 τι
1942 3960 2033 4012 ἀλ-

399 4041 596 4109 λήλοις,
641 4042 698 4092 ἐν
730 4040 945 4109 ὁμονοίᾳ
976 4040 1199 4106 διάγειν.
1241 4042 1346 4094 Καὶ
1376 4043 1534 4095 πάλιν
1580 4044 1709 4113 φησί
1729 4061 1755 4113 χ
1772 4047 1851 4097 Δι’
1893 4046 2032 4113 ἀγά-

400 4136 511 4190 πης
546 4124 857 4177 δουλεύετε
894 4124 1197 4189 ἀλλήλοις.
1242 4125 1305 4176 ’0
1336 4127 1443 4193 γὰρ
1483 4125 1599 4191 πᾶς
1634 4130 1815 4195 νόμος
1847 4128 1916 4181 ἐν
1942 4128 2032 4181 ἐνί

398 4209 554 4275 λόγῳ
601 4207 961 4275 πληροῦται,
1004 4209 1073 4260 ἐν
1112 4208 1210 4273 τῷ,
1254 4210 1607 4277 Ἀγαπήσεις
1633 4212 1738 4262 τὸν
1768 4213 2033 4277 πλησίον

400 4308 514 4345 σου
542 4294 619 4356 ὡς
648 4293 921 4346 σεαυτόν.
961 4292 1019 4344 '0
1066 4293 1289 4360 ἀγαπῶν
1324 4295 1422 4346 οὐκ
1453 4295 1756 4346 ἐπιτάττειν
1790 4295 2033 4363 βούλεται

404 4379 578 4445 μόνον,
597 4376 729 4428 ἀλλά
757 4378 849 4428 καὶ
863 4377 1258 4431 ἐπιτάττεσθαι·
1284 4380 1375 4431 καὶ
1403 4379 1579 4448 χαίρει
1606 4379 1804 4448 μᾶλλον
1825 4381 2035 4432 ἐπιτατ-

398 4464 637 4531 τόμενος,
666 4462 807 4531 ήπερ
835 4462 1146 4515 ἐπιτάττων.
1190 4464 1246 4515 '0
1277 4464 1500 4529 ἀγαπῶν
1542 4464 1857 4534 χαρίζεσθαι
1910 4464 2032 4531 βού-

398 4547 546 4599 λεται
575 4546 789 4614 μᾶλλον,
824 4547 855 4616 ἢ
885 4547 1041 4617 χάριν
1071 4547 1362 4616 λαμϐάνειν
1384 4566 1397 4580 ο
1431 4550 1573 4601 θέλει
1619 4550 1726 4619 7&9
1757 4550 2034 4619 ὀφειλέτην

400 4631 537 4700 ἔχειν
560 4631 649 4682 τὸν
679 4631 842 4697 φίλον,
869 4633 1009 4701 ἥπερ
1034 4633 1191 4697 αὐτὸς
1211 4634 1443 4701 ὀφείλειν
1471 4636 1679 4705 ἐκείνῳ.
1717 4638 1776 4687 Ὀ
1805 4637 2031 4702 ἀγαπῶν

401 4717 490 4768 καὶ
516 4716 758 4783 βούλεται
789 4716 1099 4785 χαρίζεσθαι
1130 4718 1205 4786 τῷ
1241 4719 1602 4789 ἀγαπωμένῳ,
1640 4721 1730 4772 καὶ
1762 4722 1820 4771 οὐ
1855 4719 2030 4788 βούλε-

399 4818 485 4852 ται
511 4801 683 4853 δοκεῖν
718 4801 1063 4869 χαρίζεσθαι,
1117 4804 1208 4854 καὶ
1245 4804 1427 4871 ἄρχειν
1477 4806 1640 4867 αὐτὸς
1685 4806 2031 4874 εὐεργεσίας,

400 4886 491 4937 καὶ
526 4886 596 4953 μὴ
629 4885 798 4939 δοκεῖν
839 4886 1023 4957 ἄρχειν
1064 4886 1395 4956 εὐεργεσίας.
1442 4891 1591 4957 Τάχα
1619 4890 1760 4951 τινὲς
1787 4888 2035 4955 ἀγνοοῦσι

397 4968 457 5019 τὸ
488 4968 687 5035 λεχθέν·
712 4969 903 5024 οὐκοῦν
927 4970 992 5023 δι’
1029 4970 1415 5039 ὐποδείγματος
1448 4973 1577 5024 αὐτὸ
1609 4974 1816 5041 ποιήσω
1846 4974 2031 5039 σαφές.

403 5053 659 5121 ’Ἐμελλεν
679 5056 706 5105 ὁ
735 5054 1104 5124 φιλάνθρωπος
1135 5054 1286 5126 [290]
1309 5058 1579 5124 Δεσπότης
1605 5057 1693 5108 τὸν
1723 5057 1847 5108 Υἱὸν
1875 5056 2034 5109 αὐτοῦ

400 5136 711 5207 χαρίζεσθαι
744 5139 880 5208 ὑπὲρ
910 5140 1094 5208 ήμῶν·
1144 5142 1259 5196 ἀλλ’
1293 5142 1377 5194 ἵνα
1415 5141 1487 5211 μὴ
1531 5138 1654 5211 δόξῃ
1696 5138 2033 5210 χαρίζεσθαι,

461 5344 487 5372 ⁸
522 5344 650 5393 Colb.
674 5350 823 5421 ἡμῶν.
851 5348 943 5396 Καὶ
970 5349 1100 5395 οὐδὲν
1123 5349 1339 5404 ἠδύνατο.

462 5400 491 5440 ιι
513 5405 627 5440 f‘nlh
671 5423 750 5440 τι..
768 5410 855 5440 υνῖιΛ
876 5407 959 5440 .m'.
985 5409 1202 5440 κακίαι...
1222 5424 1339 5440 ..ηυντ

513 5405 644 5470 ροιι).
671 5405 753 5470 τὰς
768 5410 855 5470 γὰρ
876 5407 959 5470 τοῦ
985 5409 1138 5470 διαδό)
1149 5424 1202 5454 ου
1222 5409 1393 5470 προσδ.

402 5524 413 5535 _
462 5468 483 5494 ⁸³
513 5464 760 5535 Magum}
865 5468 962 5529 μετ’
985 5468 1161 5515 ἐκείνου
1186 5464 1288 5514 κατ’
1312 5467 1525 5523 ἀλλήλων
1556 5465 1815 5527 ἱστάμενοι,
1856 5465 2037 5512 desunt

400 5523 752 5649 ωεῖηὲίιξρὲἒσὶῖί).
775 5585 942 5649 _Savil.
966 5599 1106 5649 τρι-ογ
1144 5584 1557 5649 παραχωροῦντας.
1606 5582 1729 5632 Infra
1762 5583 2029 5646 legendum

400 5650 517 5705 pulo
543 5642 628 5691 οὐκ
657 5644 912 5693 ἐπιτάττειν
931 5647 984 5693 οὐ
1012 5642 1242 5707 βούλεταί.

1163 376 1219 432 S.
1253 373 1527 430 JOAN‘NIS
1561 362 2036 427 CHRYSOSTOMI
2074 361 2388 418 ARCIIIEP.
2427 360 2967 419 CONSTANTINOP.

3638 358 3745 410 282

2124 478 2235 529 ἀλλ’
2265 478 2480 548 ὀφειλὴν
2515 477 2836 539 ἀποδιδόναι,
2871 474 3161 544 προσέταξε
3192 472 3268 541 τῷ
3297 468 3539 541 Ἀϐραὰμ
3564 466 3741 520 δοῦναι

2122 563 2208 614 τὸν
2243 564 2354 614 υίδν
2384 563 2563 626 αὐτοῦ,
2590 564 2676 614 ῖνα
2703 561 2857 614 τοῦτο
2879 561 2970 612 καὶ
2992 560 3148 620 αὐτὸς
3172 556 3354 617 ποιῶν,
3394 555 3466 623 μὴ
3488 553 3561 613 ὡς
3585 551 3741 621 χάριν

2121 651 2312 713 διδοὺς,
2334 651 2444 703 ἀλλ’
2472 653 2545 713 ὡς
2594 650 2749 719 χρέος
2793 647 3068 708 ἀποδιδοὺς
3119 644 3307 713 εὑρεθῇ
3341 642 3424 693 διά
3455 640 3543 691 τὸν
3578 639 3743 705 ὐπερ-

2124 735 2379 790 ϐάλλοντα
2406 736 2627 789 πλοῦτον
2651 735 2746 803 τῆς
2780 732 2941 785 αὐτοῦ
2970 731 3313 799 ἀγαθότητος.
3342 723 3467 777 Οἶδα
3494 726 3573 775 ὅτι
3600 722 3744 787 ξένον

2124 820 2367 887 φαίνεται
2396 823 2503 882 τοῖς
2534 820 2740 881 πολλοῖς
2772 819 2831 871 τὸ
2857 816 3060 885 λεχθέν.
3090 816 3160 866 Τὸ
3197 813 3251 863 δὲ
3278 814 3445 863 αἴτιον
3465 850 3477 872 ,
3506 810 3586 860 ὅτι
3623 806 3747 876 περὶ

2126 907 2440 975 πράγματος
2476 905 2785 973 διαλέγομαι
2812 904 2899 955 τὸν
2927 901 3145 970 οὐρανὸν
3170 897 3437 957 οἰκοῦντος
3473 895 3581 946 νῦν.
3622 894 3746 944 ’Ὡσ-

2126 1006 2229 1061 περ
2261 992 2367 1059 γάρ
2407 993 2454 1042 εί
2487 990 2665 1057 ἔλεγον
2696 990 2818 1056 περί
2855 1004 2993 1048 τινος
3036 985 3197 1053 φυτοῦ
3232 985 3286 1034 ἐν
3323 981 3475 1051 Ἰνδίᾳ
3505 978 3747 1045 τικτομέ-

2126 1094 2235 1134 νου.
2265 1078 2357 1128 καὶ
2396 1070 2455 1128 οὗ
2502 1077 2684 1146 μηδεὶς
2723 1077 2913 1143 πεῖραν
2959 1073 3144 1124 ἐλαϐεν
3168 1111 3180 1132 ,
3230 1070 3325 1120 οὐκ
3374 1067 3437 1119 ειν
3487 1065 3695 1132 ἴσχυσεν
3722 1062 3750 1112 ὁ

2126 1162 2277 1228 λόγος
2301 1161 2663 1229 παραστῆσαι,
2700 1159 2798 1212 κᾶν
2830 1158 2993 1227 μυρία
3033 1157 3155 1227 περὶ
3183 1153 3341 1208 αὐτοῦ
3382 1152 3577 1217 ἔλεγον·
3612 1148 3750 1199 οῦτω

2127 1249 2219 1298 καὶ
2252 1246 2341 1299 νῦν
2367 1248 2463 1299 ὅσα
2487 1246 2549 1298 ἂν
2573 1246 2727 1308 είπω,
2761 1245 2932 1312 μάτην
2966 1241 3090 1311 ἐρῶ·
3124 1241 3182 1292 οὐ
3211 1239 3316 1307 7&9
3346 1234 3577 1288 συνιοῦσί
3609 1247 3750 1320 ’τινες

2126 1332 2193 1385 τά
2213 1332 2492 1400 λεγόμενα.
2538 1330 2623 1383 Ἐν
2642 1330 2849 1400 οὐρανῷ
2870 1330 2996 1395 7&9,
3023 1324 3096 1389 ὼς
3123 1326 3256 1393 ἔφην
3272 1362 3287 1386 ,
3315 1321 3467 1373 τοῦτο
3493 1316 3754 1400 πεφύτευο

2128 1435 2213 1469 ται
2248 1418 2306 1469 τὸ
2335 1399 2515 1485 φυτόν.
2552 1416 2687 1468 Ἀλλ’
2711 1399 2818 1467 ἐὰν
2860 1414 3123 1481 θέλωμεν,
3169 1410 3261 1461 καὶ
3303 1406 3428 1474 παρ’
3463 1406 3592 1473 ἡμῖν
3624 1399 3752 1454 αὐτὸ

2130 1502 2448 1571 φυτευθῆναι
2470 1501 2706 1554 δυνατόν.
2737 1500 2833 1551 Διά
2870 1497 3023 1550 τοῦτο
3066 1497 3171 1564 7&9
3211 1492 3555 1561 ἐδιδάχθημεν
3583 1489 3752 1571 λέγειν

2304 1569 2392 1639 τδν
2439 1590 2495 1639 ἐν
2527 1587 2769 1655 οὐρανοῖς
2817 1584 3029 1653 Πατέρα
3051 1599 3063 1611 ’
3101 1577 3411 1645 Γενηθήτω
3438 1577 3501 1627 τὸ
3533 1569 3756 1639 θέλημά

2131 1688 2245 1725 σου
2274 1674 2342 1725 ἐν
2364 1671 2592 1739 οὐρανῷ
2618 1671 2714 1723 καὶ
2744 1670 2841 1722 ἐπὶ
2869 1668 2974 1736 τῆς
2997 1667 3126 1736 γῆς.

2196 1767 2264 1827 γ’.
2305 1760 2392 1827 Μὴ
2424 1758 2597 1811 τοίνυν
2628 1757 2880 1811 ἀδύνατον
2919 1751 3054 1833 εἶναι
3084 1752 3388 1821 νομίσωμεν
3419 1748 3478 1801 τὸ
3520 1746 3755 1799 τοιοῦτον

2129 1846 2327 1913 ἀγαθὸν
2366 1843 2679 1914 κτήσασθαι.
2720 1832 2947 1895 Δυνατὺν
2987 1840 3112 1908 7&9,
3139 1838 3303 1898 ὅντως
3340 1834 3578 1897 δυνατὸν,
3612 1832 3661 1884 εῐ
3691 1847 3752 1897 γε

2133 1930 2424 2001 βουλόμεθα
2470 1931 2655 1999 νήφειν
2675 1946 2688 1959 ·
2719 1928 2779 1981 οὐ
2814 1927 2963 1979 τοῦτο
2992 1927 3046 1978 δὲ
3073 1925 3244 1994 μόνον,
3284 1922 3415 1975 ἀλλά
3461 1922 3552 1973 καὶ
3585 1921 3758 1971 πᾶσαν

2131 2017 2463 2087 κατορθῶσαι
2518 2016 2614 2084 τὴν
2668 2015 2883 2084 ἀρετήν.
2946 2010 3274 2078 Δύτεξουσίῳ
3304 2008 3411 2077 γὰρ
3450 2004 3760 2074 προαιρέσει

2131 2101 2531 2172 κυϐερνώμεθα,
2563 2102 2656 2153 καὶ
2685 2101 2781 2169 οὐχ
2809 2098 3139 2168 εἱμαρμένης
3168 2096 3395 2165 ἀνάγκῃ,
3427 2092 3563 2145 κατά
3591 2106 3757 2151 τινας.

2134 2188 2478 2256 ὐποκείμεθα,
2514 2189 2570 2239 ἐν
2599 2186 2674 2255 τῷ
2708 2185 2874 2238 θέλειν
2915 2185 3005 2236 καὶ
3038 2182 3110 2252 μὴ
3145 2182 3310 2233 θέλειν
3339 2178 3634 2249 ὁριζόμενοι
3670 2178 3763 2226 καὶ

2132 2274 2199 2325 τά
2228 2272 2365 2325 καλά
2397 2272 2604 2325 κεῖσθαι
2637 2272 2729 2324 καὶ
2762 2274 2828 2324 τά
2852 2270 3011 2322 κακά.
3066 2267 3161 2319 Διά
3211 2265 3363 2318 τοῦτο
3410 2264 3514 2330 7&9
3560 2262 3588 2312 ὁ
3632 2260 3761 2321 655.;

2134 2358 2224 2410 καὶ
2256 2357 2520 2425 βασιλείαν
2549 2358 2828 2425 ὑπέσχετο,
2866 2355 2958 2406 καὶ
3004 2352 3267 2422 τιμωρίαν
3296 2349 3606 2419 ἠπείλησεν.
3650 2346 3761 2396 Οὐκ

2133 2442 2196 2494 ἂν
2223 2443 2276 2495 δὲ
2309 2446 2417 2503 τοῖς
2443 2443 2648 2509 ἀνάγκῃ
2672 2440 2967 2508 δεδεμένοις
3000 2438 3166 2499 οῦτως
3216 2435 3432 2504 ἐποίησε
3454 2451 3468 2463 ·
3512 2432 3617 2483 τῶν
3656 2432 3762 2499 7&9

2134 2527 2238 2578 ἀπὸ
2266 2525 2483 2594 γνώμης
2510 2524 2801 2594 γινομένων
2848 2521 3106 2583 ἀντίδοσις
3134 2523 3277 2572 ἐστιν
3317 2516 3600 2586 ἑκατέρων.
3651 2515 3765 2565 Οὐκ

2135 2612 2199 2663 ἂν
2224 2611 2414 2680 νόμους
2442 2611 2652 2679 ἔθηκεν,
2675 2611 2774 2662 οὐκ
2796 2610 2860 2663 ἂν
2884 2608 3227 2676 παραινέσεις
3251 2604 3462 2663 ἔδωκεν,
3485 2604 3530 2653 εί
3551 2600 3766 2667 δεσμοῖς

2134 2696 2462 2764 εἱμαρμένης
2489 2694 2875 2765 κεκρατημένοι
2904 2690 3064 2763 ἦμεν.
3110 2690 3245 2742 Ἀλλ’
3283 2688 3464 2756 ἐπειδὴ
3498 2682 3765 2751 ἐλεύθεροί

2134 2783 2315 2848 ἐσμεν,
2342 2782 2432 2833 καί
2463 2781 2558 2848 τῆς
2589 2781 2721 2842 ἰδίας
2749 2778 3109 2848 προαιρέσεως
3153 2774 3346 2843 κύριοι,
3382 2775 3475 2823 καὶ
3516 2770 3621 2821 ἀπὸ
3669 2768 3767 2836 μὲν

2137 2866 2398 2935 ῥᾳθυμίας
2424 2866 2677 2935 γινόμεθα
2706 2865 2911 2933 φαῦλοι,
2942 2864 3046 2916 άπὸ
3074 2864 3129 2914 δὲ
3160 2860 3386 2928 σπουδῆς
3410 2855 3648 2926 χρηστοὶ,
3681 2854 3766 2907 διὰ

2134 2951 2288 3003 τοῦτο
2311 2950 2481 3003 ταῦτα
2510 2951 2870 3003 κατεσκεύασε
2916 2950 2983 3001 τὰ
3026 2949 3319 3017 φάρμακα,
3359 2943 3437 3013 τῷ
3479 2942 3625 3010 φὸὃῳ
3670 2944 3765 3008 τῆς

2136 3037 2403 3099 κολάσεως
2442 3037 2533 3088 καὶ
2560 3039 2624 3105 τῇ
2668 3035 2954 3104 προσδοκίᾳ
2979 3034 3074 3102 τῆς
3103 3030 3372 3100 βασιλείας
3398 3027 3765 3099 διορθούμενος

2134 3123 2298 3189 ἡμᾶς,
2334 3120 2427 3173 καὶ
2458 3121 2758 3188 φιλοσοφεῖν
2798 3118 3075 3174 παιδεύων.
3102 3119 3213 3171 Οὐκ
3244 3118 3305 3169 ἐκ
3334 3114 3532 3167 τούτων
3567 3112 3624 3164 δέ
3671 3112 3765 3180 μό-

2134 3225 2241 3269 νον,
2294 3207 2427 3259 ἀλλά
2472 3208 2563 3259 καὶ
2611 3206 2670 3270 ἐξ
2711 3200 2783 3259 ὦν
2813 3208 2968 3275 ἡμεῖς
2995 3206 3143 3257 αὐτοὶ
3176 3201 3452 3271 ποιοῦμεν,
3498 3199 3652 3267 δῆλον
3686 3199 3766 3249 ὅτι

2135 3290 2255 3344 οὔτε
2282 3294 2603 3362 εἱμαρμένη,
2633 3292 2753 3344 οὐτε
2785 3292 2941 3360 τύχη,
2983 3291 3104 3343 οὐτε
3141 3290 3383 3357 γένεσις,
3420 3285 3538 3338 οὐτε
3577 3285 3768 3353 δρόμος

2135 3378 2375 3448 ἀστέρων
2414 3379 2481 3430 τὰ
2513 3379 2631 3429 καθ’
2662 3380 2806 3446 ἡμᾶς
2834 3378 3039 3429 διοικεῖ.
3080 3378 3141 3427 Εἰ
3181 3375 3288 3443 7&9
3318 3372 3520 3425 ἐκεῖθεν
3540 3371 3770 3439 ἤρτηται

2134 3464 2202 3515 τά
2238 3465 2489 3533 γινόμενα
2536 3464 2729 3527 πάντα,
2775 3464 2865 3516 καὶ
2909 3463 2966 3513 οὐ
3011 3462 3109 3530 τῆς
3142 3458 3508 3529 προαιρέσεως
3546 3455 3650 3506 τῶν
3679 3454 3770 3505 ἀν-

2138 3548 2385 3617 θρώπων,
2407 3550 2546 3611 τίνος
2576 3549 2759 3602 ἕνεκεν
2791 3550 3067 3617 μαστιγοῖς
3089 3546 3177 3599 τὸν
3200 3545 3412 3611 οἰκέτην
3443 3540 3767 3606 κεκλοφότας

2136 3634 2277 3695 τίνος
2309 3634 2489 3686 ἐνεκεν
2525 3633 2891 3703 μοιχευθεῖσαν
2918 3632 3014 3702 τὴν
3040 3632 3268 3699 γυναῖκα
3310 3629 3389 3690 εἰς
3425 3626 3772 3693 δικαστήριον

2136 3718 2347 3782 ἐλκεις;
2381 3718 2520 3780 τίνος
2548 3717 2728 3771 ἐνεκεν
2767 3717 2989 3787 αἰσχύνῃ
3019 3717 3266 3787 πράττων
3300 3714 3367 3765 τὰ
3391 3714 3597 3775 ἀτοπα;
3626 3709 3772 3769 τίνος

2137 3803 2318 3855 ἕνεκεν
2348 3804 2465 3855 οὐδὲ
2489 3804 2555 3855 τά
2596 3805 2809 3872 ῥήματα
2840 3802 3022 3869 φέρεις
3054 3800 3434 3886 ὀνειδιζόμενος
3453 3837 3477 3886 ,
3521 3795 3631 3848 ἀλλ’
3677 3794 3773 3886 ἐάν

2137 3888 2219 3949 τίς
2254 3904 2310 3937 σε
2334 3887 2532 3957 καλέσῃ
2560 3886 2813 3955 μοιχὸν,ἢ
2845 3886 3055 3953 πόρνον,
3092 3884 3123 3952 ἢ
3157 3884 3382 3953 μέθυσον
3402 3922 3415 3945 ,
3452 3883 3485 3950 ἦ
3517 3898 3569 3931 τι
3598 3883 3774 3930 τοιοῦ-

2137 3989 2247 4035 τον,
2280 3971 2431 4042 ὕϐριν
2462 3972 2522 4023 τὸ
2553 3974 2776 4040 πρᾶγμα
2806 3971 3023 4033 καλεῖςς
3056 3970 3116 4021 Εἰ
3145 3969 3248 4037 γὰρ
3281 3967 3354 4037 μὴ
3387 3967 3484 4034 τῆς
3510 3967 3605 4033 σῆς
3635 3961 3777 4029 γνώ-

2142 4074 2245 4127 μης
2269 4058 2329 4110 τὸ
2362 4057 2702 4127 ἁμαρτάνειν,
2749 4054 2872 4108 οὔτε
2913 4055 3159 4123 ἔγκλημα
3205 4054 3264 4103 τὸ
3307 4051 3602 4118 γινόμενον,
3648 4046 3776 4098 οὔτε

2141 4142 2292 4212 ὐϐρις
2323 4144 2381 4195 τὸ
2421 4142 2726 4211 λεγόμενον.
2772 4140 2883 4193 Νῦν
2929 4140 2983 4192 δὲ
3026 4141 3118 4191 καὶ
3148 4139 3212 4189 δι’
3244 4129 3317 4188 ὧν
3364 4136 3475 4194 τοῖς
3529 4131 3778 4201 ἁμαρτά-

2140 4245 2316 4279 νουσιν
2354 4229 2413 4279 οὐ
2462 4226 2865 4294 συγγινώσκεις,
2908 4225 2999 4277 καὶ
3035 4224 3098 4275 δι’
3140 4216 3213 4275 ὧν
3246 4221 3403 4280 αὐτὸς
3446 4218 3669 4287 αἰσχύνῃ
3707 4217 3778 4268 τά

2141 4312 2284 4363 κακά
2311 4311 2581 4379 πράττων,
2622 4311 2714 4361 καὶ
2741 4310 3017 4362 λανθάνειν
3063 4306 3408 4369 σπουδάζεις,
3442 4306 3536 4355 καὶ
3580 4303 3645 4353 δι’
3701 4295 3779 4352 ὧν

2140 4397 2263 4457 τοὺς
2306 4396 2471 4447 ταῦτά
2519 4412 2597 4446 σοι
2652 4394 3013 4464 προφέροντας
3062 4390 3314 4461 ὑϐριστάς
3365 4388 3635 4456 νομίζεις,
3693 4386 3781 4438 διὰ

2142 4480 2351 4531 πάντων
2377 4481 2668 4548 ὁμολογεῖς,
2710 4480 2790 4531 ὅτι
2817 4478 2915 4530 οὐκ
2944 4477 3157 4545 ἀνάγκῃ
3183 4476 3383 4527 δέδεται
3410 4474 3478 4525 τά
3510 4473 3778 4541 ἡμέτερα,

2142 4565 2197 4616 ἀ)
2208 4564 2272 4615 λὰ
2292 4564 2652 4633 προαιρέσεως
2670 4562 2945 4631 ἐλευθερίᾳ
2963 4562 3262 4629 τετίμηται.
3279 4559 3401 4620 Τοῖς
3415 4557 3544 4625 γοῦν
3563 4558 3781 4623 ἀνάγκῃ

2143 4650 2517 4717 κατεχομένοις
2541 4647 2921 4715 συγγινώσκειν
2960 4647 3196 4714 οἴδαμεν.
3244 4645 3361 4696 Κᾶν
3394 4643 3497 4695 ὐπὸ
3528 4641 3784 4707 δαίμονός

2142 4752 2221 4796 τις
2250 4735 2639 4803 ὀχλούμενος,ἢ
2670 4734 2756 4785 τὸν
2780 4733 2978 4801 χιτῶνα
3016 4732 3274 4800 διαρρήξῃ
3302 4730 3391 4782 τὸν
3425 4729 3715 4797 ἡμέτερον.
3750 4725 3784 4791 ἢ

2143 4820 2350 4888 πληγὰς
2387 4819 2669 4888 ἐπενέγκῃ,
2715 4817 2774 4867 οὐ
2811 4818 2967 4885 μόνον
2997 4817 3054 4867 οὐ
3086 4816 3379 4881 κολάζομεν
3409 4814 3587 4870 αὐτὸν,
3643 4809 3789 4860 ἀλλά

2144 4900 2289 4971 [99η
2322 4904 2413 4955 καὶ
2442 4901 2688 4968 ἐλεοῦμεν
2717 4902 2808 4951 καὶ
2845 4900 3297 4967 συγγινώσκομεν.
3334 4899 3397 4949 Τί
3423 4897 3658 4965 δήποτε;
3703 4896 3787 4946 ὅτι

2143 4989 2292 5057 οὐχή
2320 4990 2414 5054 τῆς
2453 4987 2809 5054 προαιρέσεως
2843 4986 3138 5053 ἐλευθερία,
3180 4985 3292 5036 ἀλλ’
3322 4986 3354 5052 ὴ
3394 4983 3486 5035 τοῦ
3524 4980 3784 5047 δαίμονος

2148 5072 2236 5141 βία
2269 5074 2434 5124 ταῦτα
2468 5071 2769 5139 εἰργάσατο.
2795 5072 2952 5121 Ὥστε
2986 5072 3031 5122 εἰ
3054 5072 3143 5123 καὶ
3166 5070 3231 5122 τά
3261 5070 3393 5123 ἄλλα
3412 5069 3794 5135 ἀμαρτήματα

2145 5157 2249 5208 ἀπὸ
2281 5156 2378 5223 τῆς
2428 5156 2663 5221 ἀνάγκης
2696 5156 2791 5223 τῆς
2841 5155 2978 5207 κατὰ
3021 5156 3117 5224 τὴν
3160 5154 3493 5223 εἱμαρμένην
3534 5150 3791 5217 ἐγίνετο,

2147 5243 2479 5308 συνέγνωμεν
2502 5239 2583 5290 ἄν·
2606 5240 2784 5308 ἐπειδὴ
2805 5240 2857 5291 δὲ
2879 5241 3033 5307 ἴσμεν
3053 5249 3097 5304 ⁸,
3121 5242 3199 5291 ὅτι
3225 5241 3323 5290 οὐκ
3350 5238 3494 5288 ἐστιν
3516 5235 3793 5303 ἀνάγκης,

2144 5328 2227 5378 διὰ
2263 5324 2415 5379 τοῦτο
2455 5323 2512 5374 οὐ
2564 5324 3026 5391 συγγινώσκομεν,
3074 5322 3195 5374 οὐτε
3231 5320 3482 5373 δεσπόται
3523 5321 3795 5384 οἰκέταις,

2143 5412 2262 5464 οὔτε
2299 5411 2483 5478 ἄνδρες
2521 5408 2797 5473 γυναιξὶν,
2851 5408 2970 5460 οὔτε
3028 5411 3279 5473 γυναῖκες
3330 5406 3611 5475 ἀνδράσιν,
3668 5406 3796 5460 οὔτε

2211 5640 2233 5665 θ
2262 5634 2390 5693 Haec,
2419 5632 2575 5688 ἐπειδή
2600 5634 2648 5679 δὲ
2669 5632 2820 5693 ἴσμεν,
2846 5633 3021 5680 desunt
3042 5644 3089 5678 In
3110 5629 3244 5697 Colb.
