4000 6220
268 386 372 440 281

256 487 479 540 Joannes
508 484 812 539 testificatur
853 482 1030 537 dicens
1057 498 1069 534 :
1098 500 1115 532 ι
1156 482 1243 537 Sic
1264 481 1398 536 Deus
1427 480 1607 535 dilexit
1644 493 1795 533 mun-

256 576 399 637 dum,
430 585 483 628 ut
517 574 703 627 Filium
735 587 885 628 suum
912 572 1233 640 unigenitum
1258 570 1497 637 daret,ut
1514 572 1683 622 omnis
1708 570 1794 636 qui

254 666 418 719 credit
444 666 492 717 in
522 666 687 734 ipsum
712 680 813 717 non
844 671 1039 732 pereat,
1068 662 1160 715 sed
1210 660 1399 714 habeat
1439 661 1596 713 vitam
1640 664 1794 711 aster-

253 768 370 806 nam
402 773 420 806 i
462 753 639 822 (Joan.
666 755 716 806 ὅ.
750 752 859 823 16).
892 752 997 805 Hac
1034 750 1224 805 ardens
1255 750 1444 803 Paulus
1474 748 1607 801 hanc
1635 746 1793 799 easie-

252 852 383 895 stem
413 843 584 895 emisit
624 856 803 894 vocem
841 857 854 892 :
893 859 910 891 t
934 839 1058 906 Quis
1095 852 1190 891 nos
1236 837 1493 906 separabit
1523 851 1550 887 a
1579 835 1794 889 caritate

250 928 482 983 Christi?
511 930 793 993 tribulatio,
826 944 890 981 an
942 928 1200 996 angustia,
1242 940 1303 978 ac
1338 923 1688 993 persequutio,
1727 936 1791 974 an

252 1017 433 1080 names,
463 1032 527 1071 an
550 1018 775 1083 auditas,
800 1031 864 1069 an
896 1014 1199 1083 periculum,
1222 1028 1287 1065 an
1304 1009 1719 1082 gladius»(Rom.
1739 1009 1791 1063 8.

250 1106 377 1173 35)?
404 1107 497 1162 His
541 1121 695 1174 porro
738 1107 883 1174 quasi
912 1104 1177 1157 vilioribus
1218 1102 1499 1171 despectis,
1524 1102 1586 1154 iis
1630 1101 1793 1155 multo

250 1196 446 1263 majora
480 1196 667 1264 adjecit
696 1213 708 1247 :
743 1196 908 1263 «Quia
943 1208 1108 1263 neque
1132 1208 1294 1258 mors,
1320 1211 1338 1244 ι
1397 1192 1593 1261 inquit,
1654 1208 1671 1240 ι
1698 1206 1791 1244 ne-

249 1299 349 1350 que
376 1288 501 1349 vlta,
530 1300 696 1353 neque
718 1284 982 1347 instantia,
1011 1297 1177 1352 neque
1198 1281 1389 1341 futura.
1414 1295 1582 1348 neque
1612 1279 1789 1332 altitu—

247 1371 334 1434 do,
364 1387 531 1440 neque
560 1371 895 1442 profundum,
920 1386 1090 1440 neque
1110 1378 1351 1425 creatura
1373 1369 1471 1421 alia
1487 1368 1676 1438 poterit
1695 1382 1792 1421 nos

247 1474 489 1528 separare
515 1476 543 1513 a
571 1462 787 1515 caritate
812 1461 932 1523 Dei,
954 1475 1071 1528 qua:
1097 1469 1178 1514 est
1204 1459 1257 1514 in
1283 1459 1492 1513 Christo
1536 1456 1659 1512 Jesu
1693 1457 1793 1509 Do-

248 1554 388 1604 mino
418 1560 596 1604 nostro
635 1571 654 1602 ι
688 1550 845 1620 (Ibid.
867 1567 913 1603 υ.
944 1552 1032 1605 35.
1058 1550 1170 1620 39).
1199 1550 1328 1604 Hinc
1374 1549 1503 1602 nihil
1548 1561 1792 1615 separare

249 1641 414 1706 potuit
459 1640 666 1695 beatum
693 1639 838 1693 illuni
878 1639 1095 1693 caritate
1131 1638 1422 1701 ardentem,
1453 1652 1554 1690 non
1580 1636 1786 1700 cadum,

247 1744 349 1781 non
380 1738 539 1794 terra,
571 1744 673 1782 non
701 1743 844 1784 mare
866 1768 878 1792 ,
904 1743 1005 1782 non
1032 1742 1246 1797 regnum
1268 1727 1513 1784 calorum
1534 1766 1547 1790 ,
1581 1740 1684 1779 non
1711 1726 1790 1779 in-

245 1816 377 1870 ferni
405 1818 651 1885 supplicia
685 1818 893 1871 :omnia
934 1817 1124 1886 quippe
1151 1826 1361 1886 pr0pter
1393 1815 1657 1868 Christum
1692 1812 1787 1867 de-

244 1907 513 1973 spiciebat.
532 1907 679 1972 Quod
716 1908 759 1961 si
785 1907 915 1961 alios
949 1922 1154 1975 quoque
1193 1914 1400 1960 sanctos
1430 1905 1784 1971 exploremus,

244 2008 427 2048 omnes
452 1995 902 2065 deprehendamus
927 1997 993 2049 ob
1018 1998 1284 2051 caritatem
1307 1996 1562 2065 placuisse
1589 1995 1714 2049 Deo.

313 2084 368 2137 2.
417 2082 611 2138 Caritas
659 2102 777 2155 erga
828 2086 1107 2153 proximum
1143 2101 1270 2153 quia.
1296 2084 1586 2138 —Caritas
1614 2084 1785 2152 proxi-

244 2188 385 2226 mum
414 2174 505 2229 tibi
543 2175 755 2229 exhibet
794 2177 929 2229 sicut
961 2174 1314 2242 temetipsum,
1361 2182 1514 2243 teque
1543 2173 1609 2227 de
1649 2173 1787 2227 illius

241 2262 411 2327 bonis,
443 2264 660 2332 perinde
688 2275 844 2333 atque
870 2264 936 2319 de
962 2266 1067 2317 tuis
1093 2263 1322 2332 gaudere
1348 2262 1521 2329 docet,
1547 2263 1787 2331 illiusque

240 2351 428 2405 damna
460 2353 608 2420 quasi
637 2362 722 2407 tua
751 2353 908 2407 ferre.
940 2353 1142 2407 Caritas
1173 2352 1364 2405 multos
1410 2366 1569 2405 unum
1592 2364 1786 2418 corpus

240 2442 421 2506 eflicit,
455 2442 763 2511 illorumque
792 2444 993 2496 animas
1030 2442 1257 2509 Spiritus
1291 2441 1455 2494 sancti
1490 2438 1785 2493 habitacula

241 2529 410 2582 reddit
434 2547 447 2581 :
476 2545 579 2583 non
605 2531 745 2584 enim
766 2532 816 2584 in
846 2530 1061 2592 divisos,
1086 2530 1177 2584 sed
1205 2529 1255 2582 in
1280 2528 1586 2597 coniunctos
1611 2526 1785 2579 animo

239 2617 464 2685 Spiritus
508 2619 649 2687 pacis
690 2618 989 2687 requiescit.
1041 2618 1245 2672 Caritas
1290 2618 1609 2686 singulorum
1648 2614 1784 2668 bona

240 2709 483 2760 omnibus
529 2709 822 2761 communia
870 2709 1058 2772 reddit,
1112 2718 1170 2761 ut
1218 2709 1289 2760 ait
1342 2708 1473 2759 liber
1517 2707 1779 2759 Actuum:

247 2816 264 2845 ι
298 2796 639 2849 Multitudinis
680 2808 851 2851 autem
878 2797 1201 2851 credentium
1245 2805 1357 2850 erat
1384 2810 1477 2850 cor
1518 2809 1696 2857 unum,
1732 2803 1785 2848 et

240 2886 413 2937 anima
446 2901 544 2939 una
575 2904 585 2937 :
615 2902 711 2941 nec
749 2888 1020 2956 quisquam
1062 2900 1268 2950 eorum,
1317 2900 1432 2953 qum
1462 2884 1780 2952 possidebat,

239 2976 431 3043 aiiquid
454 2991 602 3029 suum
625 2991 741 3031 esse
762 2977 981 3039 dicebat,
1010 2974 1101 3029 sed
1130 2983 1281 3029 erant
1307 2974 1407 3027 illis
1434 2974 1608 3027 omnia
1636 2987 1781 3026 com-

240 3068 416 3120 munia
456 3085 470 3119 :
517 3076 569 3121 et
614 3068 939 3121 dividebatur
972 3067 1188 3135 singulis
1231 3074 1381 3134 prout
1418 3066 1602 3132 cuique
1652 3078 1782 3131 opus

238 3164 352 3209 erat
383 3175 401 3207 ι
447 3158 579 3223 (Act.
606 3157 657 3210 4.
690 3156 774 3210 52.
801 3158 910 3224 35).
940 3157 1117 3222 Qualis
1148 3169 1325 3208 murus
1370 3154 1439 3207 ita
1481 3152 1680 3213 ﬁrmus.
1713 3153 1780 3203 ita

236 3248 585 3301 concinnitate
630 3248 899 3316 grandium
938 3246 1189 3315 lapidum,
1237 3244 1463 3299 hostium
1507 3241 1781 3296 conatibus

238 3338 651 3405 inexpugnabilis
675 3346 775 3399 est,
807 3346 862 3387 ut
886 3346 1054 3390 coetus
1089 3348 1204 3387 sese
1227 3342 1407 3386 mutuo
1432 3330 1775 3400 diligentiam,

234 3436 288 3478 et
328 3426 620 3479 concordia:
664 3441 797 3480 nexu
829 3424 1166 3493 junctorum?
1207 3422 1373 3475 Etiam
1420 3421 1559 3489 ipsos
1588 3417 1781 3473 diaboli

236 3516 460 3584 impetus
495 3526 734 3579 coercet;
783 3523 838 3569 et
864 3514 1072 3583 quidem
1108 3513 1226 3581 jure
1272 3511 1479 3566 merito.
1522 3508 1652 3563 Nam
1691 3508 1779 3576 qui

234 3607 479 3659 concordi
508 3607 681 3659 animo
719 3615 899 3658 contra
941 3605 1085 3657 illum
1129 3604 1294 3655 aciem
1321 3602 1600 3663 instruunt,
1628 3600 1696 3651 ita
1726 3606 1779 3649 ut

234 3693 393 3747 nullis
420 3708 448 3745 a
479 3702 617 3747 coetu
660 3692 1044 3755 deficientibus,
1089 3704 1209 3743 cum
1255 3689 1343 3743 illo
1383 3695 1523 3743 stent
1550 3685 1776 3749 adversi,

233 3782 349 3850 ejus
376 3782 629 3837 machinis
656 3790 777 3835 sunt
799 3781 994 3846 invicti,
1022 3779 1394 3848 splendidaque
1422 3778 1653 3831 caritatis
1671 3777 1778 3829 eri-

230 3884 364 3941 gunt
407 3884 620 3941 tropzea.
662 3876 738 3927 Ac
776 3870 1215 3941 quemadmodum
1261 3871 1387 3939 lyrae
1427 3869 1592 3930 nervi,
1631 3866 1779 3921 multi

230 3978 352 4015 cum
395 3963 517 4025 sint,
546 3963 591 4015 si
631 3963 681 4015 in
716 3977 871 4015 unum
901 3969 1212 4016 concentum
1258 3959 1492 4022 tendant,
1533 3957 1779 4011 suavissi-

231 4065 373 4102 mam
420 4050 730 4102 cantilenam
792 4048 954 4102 edunt
998 4065 1010 4098 :
1064 4050 1140 4101 sic
1184 4048 1271 4115 qui
1327 4061 1429 4099 uno
1482 4045 1780 4099 coalescunt

231 4139 429 4203 animo,
448 4138 735 4205 jucundum
768 4138 1001 4191 caritatis
1027 4136 1260 4204 pulsibus
1299 4149 1483 4187 sonum
1514 4133 1775 4187 emittunt.

231 4229 356 4281 Ideo
386 4237 567 4281 auctor
593 4238 673 4282 est
702 4229 911 4293 Paulus,
941 4236 995 4280 ut
1021 4227 1202 4281 fideles
1230 4226 1453 4295 idipsum
1473 4224 1700 4277 sentiant
1725 4230 1780 4276 et

228 4322 423 4379 dicant.
452 4321 684 4388 aliosque
712 4330 891 4389 putent
911 4334 967 4373 se
993 4319 1293 4387 superiores
1322 4331 1459 4380 esse,
1490 4331 1555 4369 ne
1582 4315 1778 4368 ambitu

229 4411 462 4459 solvatur
479 4410 689 4473 caritas,
708 4410 796 4462 sed
812 4408 1010 4461 honore
1026 4408 1139 4461 aliis
1152 4406 1418 4471 cedentes,
1436 4407 1485 4458 in
1500 4404 1779 4459 concordia

235 4497 424 4562 degant
446 4495 694 4565 (Philipp.
727 4498 777 4549 5.
812 4497 893 4551 16.
926 4507 969 4549 et
998 4498 1049 4549 2.
1073 4497 1151 4565 3).
1179 4495 1511 4563 Rursumque
1538 4495 1647 4546 ait:
1679 4492 1778 4545 Per

229 4587 485 4639 caritatem
514 4588 686 4638 servile
712 4587 935 4637 invicem.
976 4586 1148 4636 Omnis
1176 4586 1305 4636 enim
1335 4586 1413 4635 lere
1456 4586 1505 4635 in
1534 4599 1630 4635 uno
1670 4598 1774 4634 ser-

231 4691 376 4727 mone
416 4674 647 4743 impletur
672 4689 689 4725 :
717 4673 901 4740 Diliges
924 4674 1203 4742 proximum
1234 4682 1375 4723 tuum
1411 4673 1535 4723 sicut
1570 4672 1777 4736 teipsuut

232 4811 249 4832 ‘
284 4762 399 4815 Gal.
445 4763 498 4815 5.
549 4764 623 4817 i3.
679 4763 763 4816 14.
822 4762 973 4814 Leuit.
1009 4761 1253 4829 19.18).
1300 4762 1397 4826 Qui
1443 4761 1628 4828 diligit,
1676 4775 1776 4811 non

229 4853 391 4907 modo
431 4869 535 4906 non
565 4854 836 4921 imperare,
885 4853 973 4907 sed
1020 4854 1173 4907 etiam
1205 4851 1446 4919 imperari
1489 4852 1594 4902 vult
1621 4868 1631 4900 :
1657 4865 1779 4917 gau-

227 4944 422 5011 detque
467 4943 629 5010 magis
658 4945 935 5009 imperatus
958 4958 1109 5010 quam
1153 4942 1432 5009 imperans.
1463 4941 1559 5005 Qui
1586 4940 1772 5007 diligit,

225 5034 451 5102 gratiam
503 5031 741 5084 conferre
789 5033 1003 5094 mavult,
1057 5046 1212 5098 quam
1264 5032 1531 5098 accipere;
1584 5030 1779 5081 tnavnlt

225 5126 425 5193 quippe
449 5124 737 5177 debitorem
769 5125 987 5175 amicum
1031 5124 1242 5186 habere,
1271 5138 1424 5190 quam
1466 5122 1577 5190 ipse
1607 5124 1651 5173 ei
1683 5123 1777 5173 de-

225 5212 370 5266 bitor
396 5226 533 5267 esse.
557 5213 653 5278 Qui
679 5212 866 5280 diligit,
899 5215 1067 5265 amico
1093 5215 1308 5281 gratiam
1346 5212 1581 5265 conferre
1618 5221 1776 5277 cupit,

224 5317 331 5357 nec
372 5313 547 5357 tamen
582 5305 687 5357 vult
730 5302 970 5356 conferre
1018 5304 1218 5356 videri:
1253 5305 1303 5356 in
1350 5302 1603 5356 beneficio
1644 5317 1779 5369 pric-

225 5390 420 5444 stando
447 5392 639 5459 primas
682 5401 881 5457 tenere,
918 5407 1013 5445 nec
1060 5402 1228 5446 tamen
1263 5394 1455 5461 primas
1500 5402 1676 5446 tenere
1702 5392 1779 5443 vi-

226 5482 364 5533 deri.
400 5481 506 5534 lloc
545 5482 679 5535 forte
708 5483 917 5551 quidam
950 5497 1048 5535 non
1083 5484 1373 5552 intelligunt
1400 5504 1411 5536 :
1441 5484 1779 5551 quamobrem

227 5570 279 5620 id
305 5571 550 5637 exemplo
577 5576 911 5640 conspicuum
944 5573 1171 5625 reddam.
1204 5575 1650 5629 (Ilementissimns
1684 5578 1780 5629 Do-

228 5670 404 5711 minus
427 5674 524 5729 pro
567 5661 715 5715 nobis
754 5662 938 5716 Filium
983 5678 1131 5715 suum
1161 5663 1374 5719 daturus
1406 5678 1553 5721 erat:
1597 5678 1645 5718 ut
1690 5684 1778 5721 au-

1395 366 1482 421 DE
1522 358 1870 419 PEBFECTA
1907 360 2269 425 CARITATE.

3331 391 3441 446 282

1905 483 2009 532 tem
2035 493 2138 533 non
2164 482 2427 538 videretur
2468 485 2516 538 id
2547 485 2740 555 largiri,
2790 487 2882 540 sed
2925 487 3155 543 debitum
3204 491 3439 552 reddere.

1901 569 2147 635 praecepit
2189 572 2485 626 Abrahamo
2530 584 2584 628 ut
2624 576 2785 630 lilium
2830 593 2979 632 suum
3010 579 3177 643 daret,
3226 591 3283 635 ut
3323 596 3441 636 cuni

1901 654 2121 723 idipsum
2144 660 2253 726 ipse
2278 660 2489 727 faceret,
2522 679 2622 717 non
2645 666 2859 733 gratiam
2883 677 3130 735 praestare
3158 670 3440 731 videretur.

1900 745 1991 798 sed
2020 746 2251 801 debitum
2290 750 2532 816 reddere,
2576 763 2789 821 propter
2830 759 3281 824 supereminent'es
3308 760 3409 814 divi

1900 835 1996 887 tias
2017 835 2263 892 bonitatis
2290 853 2415 893 snite.
2451 839 2572 894 Scio
2602 844 2776 896 multis
2807 844 2874 907 id,
2909 847 3045 914 quod
3072 849 3317 913 diximus,
3349 866 3438 901 nov

1900 939 2017 977 vum
2056 926 2387 998 insolensqnc
2415 931 2595 985 videri.
2625 932 2678 985 In
2708 949 2859 989 causa
2902 947 3075 992 autem
3111 949 3190 994 est
3216 941 3349 1009 quod
3376 942 3442 995 de

1900 1026 1956 1064 re
1982 1012 2182 1081 loquar,
2214 1031 2327 1085 quro
2368 1033 2504 1072 nunc
2548 1020 2598 1072 in
2630 1022 2771 1075 caelis
2812 1034 3065 1079 versatur.
3096 1026 3438 1092 Quemadmo-

1898 1099 2019 1152 dum
2055 1103 2191 1153 enim
2225 1117 2265 1155 sn
2293 1104 2355 1158 de
2401 1108 2573 1174 planta
2614 1108 2855 1177 loquerer
2895 1113 2945 1166 in
2989 1114 3127 1167 India
3172 1128 3440 1175 nascente.

1903 1202 2052 1256 quam
2083 1204 2236 1243 nemo
2261 1195 2580 1260 experientia
2606 1208 2965 1266 cognosceret,
2996 1217 3099 1255 non
3128 1217 3333 1270 possem
3373 1205 3439 1257 il-

1899 1279 1997 1331 lam
2020 1292 2261 1335 sermoue
2295 1284 2574 1350 explicare.
2605 1289 2809 1342 etiamsi
2836 1303 3078 1345 sexcenta
3106 1293 3171 1347 de
3200 1295 3281 1345 illa
3314 1311 3437 1347 nar-

1897 1382 2065 1423 rarem
2092 1387 2104 1422 :
2132 1372 2208 1425 sic
2250 1374 2403 1426 etiam
2445 1390 2584 1429 nunc
2624 1376 2811 1431 frustra
2839 1381 3040 1449 loquar,
3081 1398 3198 1435 cum
3230 1385 3435 1452 quidam

1895 1471 1955 1509 ea
1984 1472 2100 1525 quae
2124 1459 2231 1526 jam
2264 1462 2380 1515 dico
2410 1478 2508 1516 non
2537 1465 2841 1535 intelligant.
2874 1470 2924 1522 lo
2954 1472 3083 1525 carlo
3108 1487 3351 1541 namque,
3384 1487 3439 1528 ιιι

1894 1546 2020 1609 dixi,
2050 1546 2162 1602 huic
2192 1550 2363 1617 planta
2387 1550 2622 1606 habetur.
2649 1554 2750 1609 Sed
2776 1557 2818 1609 si
2847 1558 3182 1626 voluerimus,
3208 1563 3257 1614 in
3289 1564 3439 1616 nobis

1894 1635 2049 1688 etiam
2084 1638 2169 1691 illa
2217 1639 2372 1693 inseri
2412 1649 2604 1709 potest.
2650 1643 2769 1697 Ideo
2814 1647 2954 1699 enim
2992 1649 3209 1703 instituti
3257 1665 3437 1705 sumus

1894 1737 1951 1780 ut
1975 1726 2207 1783 dicamus
2233 1730 2371 1783 Patri
2417 1732 2486 1784 illi
2525 1734 2611 1802 qui
2649 1744 2729 1788 est
2774 1736 2823 1788 in
2852 1738 2994 1789 caalis
3024 1755 3035 1789 :
3067 1738 3184 1791 Fiat
3214 1741 3439 1795 voluntas

1894 1825 1979 1869 tua
1999 1816 2049 1869 in
2074 1817 2195 1871 calo
2219 1828 2265 1872 et
2291 1820 2341 1872 in
2369 1830 2498 1873 terra
2527 1821 2731 1891 (Matth.
2757 1824 2807 1878 6.
2844 1825 2948 1894 10).

1963 1908 2014 1960 5.
2055 1906 2231 1961 Libero
2254 1909 2478 1973 arbitrio,
2509 1926 2610 1963 non
2639 1912 2731 1978 fati
2770 1917 3052 1969 necessitate
3084 1919 3434 1987 gubernantur.

1891 2026 1959 2036 —
1980 1997 2056 2051 Ne
2080 2013 2206 2067 ergo
2234 2008 2472 2066 putenms
2498 2016 2599 2054 non
2630 2016 2781 2070 posse
2804 2020 2897 2059 nos
2924 2006 3216 2074 hujnsmodi
3242 2010 3435 2067 bonum

1897 2086 2177 2159 possidere.
2214 2089 2496 2143 Possumus
2537 2089 2696 2153 enim.
2727 2106 2848 2147 vere
2891 2110 3187 2163 possumus,
3227 2102 3269 2152 si
3297 2101 3425 2155 veli-

1892 2188 2007 2229 mus
2026 2175 2340 2244 advigilare;
2369 2192 2537 2247 neque
2559 2178 2655 2233 hoc
2676 2188 2897 2246 tantum,
2929 2183 3019 2236 sed
3046 2185 3199 2238 etiam
3224 2200 3434 2241 omnem

1889 2278 2141 2319 exercere
2166 2266 2427 2319 virtutem.
2455 2267 2646 2323 Libero
2668 2270 2804 2322 enim
2830 2270 3043 2325 arbitrio
3062 2273 3431 2342 gubernamur,

1891 2368 2060 2422 neque
2088 2353 2177 2407 fati
2206 2356 2521 2418 necessitati,
2565 2365 2621 2411 ut
2645 2358 2853 2426 quidam
2879 2370 3079 2428 putant,
3108 2364 3432 2431 subjicimur,

1889 2460 2004 2498 cum
2029 2445 2298 2499 dcliuitum
2325 2446 2392 2499 sit
2425 2457 2477 2499 ut
2507 2447 2640 2500 intra
2669 2448 2799 2502 velle
2826 2460 2878 2503 et
2905 2452 3041 2505 nolle
3070 2452 3200 2505 bona
3233 2456 3436 2511 malave

1888 2534 1983 2586 sita
2012 2535 2135 2588 sint.
2168 2534 2286 2589 Ideo
2315 2552 2535 2605 namque
2567 2539 2702 2592 Deus
2740 2548 2794 2592 et
2837 2556 3050 2609 regnum
3088 2545 3344 2611 promisit,
3382 2555 3436 2600 et

1888 2626 2196 2693 supplicium
2229 2628 2454 2680 minatus
2491 2639 2588 2682 est.
2632 2631 2787 2697 Atqui
2829 2630 2876 2683 id
2916 2646 3196 2701 numquam
3243 2637 3434 2704 egisset

1890 2730 2007 2783 erga
2047 2717 2359 2770 necessitate
2388 2718 2587 2769 vinctos
2616 2734 2627 2769 :
2659 2733 2776 2771 nam
2808 2733 2987 2773 eorum
3020 2738 3133 2789 qum
3159 2739 3221 2776 ex
3253 2725 3435 2777 volun-

1891 2814 1995 2858 tate
2019 2805 2169 2869 liunt,
2196 2803 2447 2857 alterutra
2488 2819 2600 2858 sors
2642 2806 2808 2859 datur.
2850 2807 3138 2877 Numquam
3172 2812 3309 2879 leges
3338 2828 3433 2880 po-

1887 2892 2096 2956 suisset,
2129 2907 2226 2947 ncc
2253 2893 2447 2945 monita
2488 2893 2741 2957 dedisset,
2775 2894 2817 2947 si
2851 2910 2944 2949 nos
2978 2897 3067 2949 fati
3096 2898 3317 2952 vinculis
3341 2900 3434 2954 de-

1888 2984 2189 3037 tineremur.
2221 2982 2323 3037 Sed
2353 2982 2472 3050 quia
2501 2983 2645 3035 liberi
2692 2998 2890 3047 sumus,
2924 2987 3193 3054 nostrique
3232 2988 3431 3042 arbitrii

1886 3072 2103 3132 domini.
2131 3082 2284 3141 atque
2313 3088 2377 3125 ex
2416 3072 2614 3140 ignavia
2657 3074 2821 3140 pravi,
2865 3089 3031 3143 exque
3060 3076 3231 3130 studio
3262 3088 3313 3130 et
3339 3094 3429 3132 co-

1887 3170 2009 3216 natu
2054 3162 2172 3215 boni
2207 3162 2481 3225 eliieimur,
2531 3163 2724 3216 ideirco
2780 3164 2891 3217 haec
2933 3167 3161 3219 remedia
3207 3170 3431 3235 paravit,

1886 3266 2074 3318 nempe
2111 3260 2250 3305 metu
2279 3252 2515 3319 supplicii
2547 3267 2607 3305 ac
2644 3265 2735 3319 Spe
2772 3254 2914 3321 regni
2950 3269 3045 3307 nos
3071 3258 3333 3322 emendat,
3379 3269 3432 3311 et

1884 3340 1947 3393 ad
1973 3340 2438 3407 philosophandum
2467 3339 2706 3393 instituit.
2734 3341 2913 3409 Neque
2936 3341 3057 3396 hinc
3083 3352 3303 3407 tantum,
3338 3350 3431 3399 sed

1885 3433 2038 3484 etiam
2070 3445 2133 3484 ex
2165 3431 2245 3493 iis,
2270 3444 2385 3497 quae
2411 3443 2506 3482 nos
2541 3430 2634 3497 ipsi
2680 3430 2896 3497 agimus,
2932 3430 3111 3499 liquet,
3154 3447 3320 3501 neque
3350 3434 3428 3486 fu-

1885 3528 2013 3576 tum.
2042 3533 2210 3586 neque
2237 3518 2514 3583 fortunam,
2547 3533 2713 3586 neque
2740 3520 2990 3585 genesim,
3021 3536 3190 3589 neque
3219 3538 3426 3577 cursum

1883 3616 2142 3660 astrorum
2170 3616 2347 3660 nostra
2381 3620 2575 3676 regere.
2614 3607 2738 3660 Nam
2779 3610 2824 3661 si
2853 3608 2971 3662 hinc
2998 3610 3227 3677 pendent
3254 3616 3429 3667 omnia

1882 3713 1996 3766 qua:
2024 3705 2293 3767 geruntur,
2316 3713 2419 3751 non
2451 3706 2621 3751 autem
2650 3715 2678 3751 a
2708 3699 2871 3753 libero
2901 3701 3165 3755 hominum
3188 3702 3425 3769 arbitrio,

1883 3802 1976 3841 cur
2000 3787 2228 3857 ﬂagellas
2255 3801 2462 3841 servum
2497 3787 2757 3840 furatum?
2782 3804 2875 3841 cur
2895 3790 3184 3845 adulteram
3212 3809 3426 3849 uxorem

1882 3878 1945 3931 ad
1973 3876 2139 3930 forum
2172 3878 2374 3930 trahis?
2399 3891 2490 3929 cur
2516 3890 2567 3930 te
2608 3877 2784 3943 pudet,
2831 3894 2948 3932 cum
2978 3882 3204 3936 absurda
3240 3901 3426 3953 perpe-

1886 3968 2023 4021 tras?
2050 3981 2147 4034 qua
2180 3966 2245 4019 de
2289 3980 2442 4019 causa
2490 3981 2553 4018 nc
2582 3967 2736 4019 verba
2777 3969 2985 4037 quidem
3022 3972 3426 4042 vituperantium

1883 4058 2129 4121 sustines,
2168 4056 2257 4109 sed
2286 4057 2329 4109 si
2365 4055 2481 4123 quis
2513 4065 2560 4107 te
2599 4058 2882 4123 moechum,
2916 4070 3004 4113 aut
3035 4061 3423 4129 fornicatorem,

1883 4156 1972 4198 aut
1997 4146 2281 4210 ebriosum,
2309 4146 2391 4198 vel
2422 4144 2545 4213 quid
2569 4147 2738 4201 simile
2765 4157 2934 4212 vocet,
2970 4150 3017 4202 id
3056 4154 3425 4205 contumeliam

1882 4235 2147 4303 appellas?
2186 4234 2313 4287 Nam
2358 4235 2399 4287 si
2448 4250 2546 4286 non
2596 4250 2659 4288 ex
2703 4245 2790 4287 tuo
2829 4237 3043 4289 arbitrio
3082 4252 3286 4305 peccas,
3332 4257 3430 4295 nec

1883 4324 2077 4377 crimen
2106 4324 2204 4377 erit
2231 4323 2368 4391 quod
2400 4322 2605 4382 feceris.
2642 4338 2736 4376 nec
2777 4326 3087 4378 centumelia
3118 4328 3254 4395 quod
3284 4328 3426 4383 dica-

1885 4421 1985 4465 tur.
2016 4412 2163 4467 Nunc
2188 4422 2360 4465 autem
2397 4422 2449 4464 et
2480 4411 2613 4477 quod
2650 4412 2979 4477 peccantibus
3012 4430 3113 4467 nun
3147 4430 3348 4482 parcas,
3377 4428 3429 4471 et

1884 4502 2020 4570 quod
2062 4517 2282 4569 peccans
2332 4501 2628 4561 erubescas,
2671 4509 2723 4552 et
2771 4502 2931 4554 latere
2972 4518 3140 4567 cures,
3190 4516 3242 4558 et
3291 4508 3428 4575 quod

1884 4591 2289 4643 contumeliosos
2322 4596 2471 4655 putes
2509 4603 2617 4647 eos,
2668 4588 2753 4656 qui
2799 4588 2911 4643 haec
2942 4592 3030 4643 tibi
3063 4594 3379 4659 exprobrant
3413 4612 3423 4623 ι

1885 4681 1966 4733 his
1994 4689 2133 4732 certe
2159 4678 2401 4731 omnibus
2431 4678 2712 4756 confiteris,
2747 4688 2922 4732 nostra
2969 4695 3070 4732 non
3119 4683 3426 4733 necessitate

1884 4772 2052 4822 vincta
2080 4783 2215 4830 esse,
2242 4767 2331 4821 sed
2363 4768 2559 4820 arbitrii
2593 4768 2828 4821 libertate
2856 4772 3049 4821 ornari.
3082 4771 3145 4821 lis
3172 4780 3313 4821 certe
3342 4773 3423 4837 qui

1886 4859 2196 4913 necessitate
2225 4859 2522 4911 detinentur
2544 4874 2756 4925 parcere
2784 4859 3029 4911 solemus.
3052 4860 3103 4912 Si
3129 4861 3241 4927 quis
3268 4875 3296 4911 a
3323 4860 3428 4911 dae-

1886 4963 2037 5000 mone
2070 4948 2310 5013 agitatus,
2360 4957 2446 4998 aut
2491 4949 2713 4999 tunicam
2761 4955 2989 4999 nostram
3022 4948 3299 5015 discerpat,
3344 4959 3430 5001 aut

1888 5040 2062 5107 plagas
2093 5036 2299 5099 inferat,
2349 5052 2450 5089 non
2484 5036 2640 5089 modo
2667 5051 2772 5089 non
2817 5036 3115 5089 ulciscimur
3150 5052 3292 5101 eum,
3338 5039 3427 5092 sed

1886 5128 2041 5180 etiam
2072 5128 2383 5180 miseramur
2418 5127 2567 5194 eique
2596 5127 2874 5193 parcimus.
2908 5126 3116 5192 Quare?
3153 5129 3280 5193 Quia
3326 5145 3428 5181 non

1887 5215 2084 5269 arbitrii
2113 5214 2344 5275 libertas,
2379 5213 2469 5266 sed
2512 5214 2764 5266 daemonis
2791 5212 3036 5266 violentia
3080 5215 3190 5267 hmc
3217 5227 3431 5283 operata

1889 5318 1987 5361 est.
2018 5307 2194 5374 Itaque
2238 5308 2280 5358 si
2326 5305 2425 5357 alia
2468 5305 2624 5356 etiam
2656 5313 2864 5371 peccata
2897 5319 2960 5358 ex
3005 5305 3091 5357 fati
3125 5308 3434 5361 necessitate

1893 5402 2333 5465 perpetrarentur,
2366 5393 2756 5461 ignosceremus
2782 5395 2988 5462 utique;
3030 5397 3147 5462 quia
3177 5410 3300 5448 vero
3326 5398 3431 5450 sci-

1890 5502 2005 5541 mus
2029 5488 2115 5540 illa
2144 5501 2246 5539 non
2280 5500 2342 5538 ex
2387 5484 2697 5538 necessitate
2724 5484 3001 5551 proficisci,
3049 5484 3166 5537 ideo
3194 5500 3288 5537 nec
3318 5487 3431 5540 heri

1891 5579 2095 5631 famulis
2120 5585 2355 5646 parcunt,
2390 5591 2486 5630 nec
2514 5576 2606 5627 viri
2647 5575 2913 5636 uxoribus,
2950 5587 3047 5626 nec
3073 5589 3261 5627 uxores
3286 5576 3429 5638 viris,

1894 5684 2060 5731 neque
2086 5676 2259 5736 patres
2304 5665 2439 5729 liliis,
2484 5678 2650 5733 neque
2679 5663 2911 5729 magistri
2939 5661 3227 5731 discipulis,
3263 5676 3434 5732 neque
