4000 6220
555 389 664 443 283

555 490 814 559 principes
858 489 1096 553 subditis,
1145 487 1235 542 sed
1265 501 1412 541 acres
1439 487 1695 540 scelerum
1735 485 2088 551 exploratores

558 580 856 647 ultoresque
905 592 1101 641 sumus,
1170 576 1234 630 ad
1291 575 1564 630 tribunalia
1617 575 1868 634 sistimus,
1929 572 2090 640 plagis

557 669 876 734 snbjicimus,
903 665 1318 735 correptionibus
1345 666 1557 729 utimur,
1585 663 1817 730 nihilque
1846 675 1947 714 non
1978 661 2088 728 agi-

555 771 690 818 mus,
724 765 779 808 nt
809 756 924 809 illos
960 770 986 806 a
1032 755 1181 807 malis
1226 754 1525 821 eripiamus.
1563 751 1707 804 Filiis
1732 764 1857 803 vero
1899 748 2091 802 nostris

558 845 864 913 pzedagogos
901 843 1102 905 damus,
1141 843 1357 910 illosque
1405 841 1467 894 ad
1514 839 1789 907 magistros
1819 837 2089 897 mittimus,

557 933 722 984 minas
748 933 1082 992 intentamus,
1114 930 1327 982 verbera
1358 928 1656 996 infligimus,
1701 927 1967 992 multaque
1995 924 2091 975 alia

556 1019 882 1080 adhibemus,
909 1028 961 1070 ut
993 1019 1136 1085 probi
1163 1018 1400 1069 evadant.
1432 1015 1563 1082 Quid
1592 1030 1715 1082 ergo
1739 1027 1870 1080 opus
1896 1011 2093 1064 labori-

560 1110 656 1161 bus
720 1108 1062 1162 sudoribusve
1088 1105 1154 1159 ad
1179 1107 1418 1159 virtutem
1459 1103 1848 1159 exercendam?
1877 1101 2004 1154 Nam
2052 1100 2095 1151 si

562 1195 664 1248 fato
698 1197 1032 1248 constitutum
1061 1196 1147 1256 sit,
1194 1194 1383 1246 bonum
1411 1192 1522 1246 fore
1546 1193 1872 1260 quempiam;
1919 1191 1963 1246 is
1989 1191 2097 1244 sive

563 1285 782 1338 dormiat
810 1293 900 1335 aut
925 1292 1107 1334 stertat
1133 1282 1300 1334 bonus
1324 1281 1422 1334 erit
1451 1297 1464 1332 :
1497 1281 1601 1332 imo
1621 1280 1792 1348 potius
1815 1279 1982 1332 bonus
2014 1277 2098 1329 ille

562 1361 824 1427 vcicandus
851 1389 953 1426 non
994 1381 1093 1435 est,
1121 1373 1206 1439 qui
1248 1387 1312 1424 ex
1343 1373 1653 1424 necessitate
1681 1370 1800 1421 talis
1844 1370 1930 1421 sit.
1961 1366 2098 1433 Quid

563 1479 693 1531 opus
713 1462 978 1516 laboribus
1006 1460 1343 1513 sudoribusve
1367 1459 1430 1512 ad
1458 1458 1735 1526 nequitiam
1764 1455 2100 1526 fugiendam?

565 1551 692 1605 Nam
733 1552 775 1604 si
805 1551 910 1603 fato
933 1550 1274 1602 constitutum
1303 1549 1390 1612 sit,
1421 1549 1609 1600 malum
1637 1549 1745 1600 fore
1767 1547 2097 1614 quempiam;

565 1643 609 1692 is
652 1640 853 1694 etiamsi
905 1647 1177 1692 sescentas
1221 1637 1401 1690 subeat
1437 1636 1687 1699 miserias,
1735 1635 1902 1688 malus
1931 1644 2100 1687 tamen

565 1732 697 1784 erit:
729 1731 832 1782 imo
860 1743 963 1782 non
991 1729 1181 1779 malum
1208 1741 1324 1780 eum
1355 1741 1445 1794 par
1469 1734 1548 1780 est
1577 1740 1782 1789 vocare,
1807 1725 1892 1789 qui
1922 1738 2103 1778 neces-

568 1819 720 1870 sitate
760 1816 823 1868 ad
868 1815 916 1867 id
963 1814 1275 1881 impellatur.
1324 1813 1390 1867 Ut
1434 1813 1570 1866 enim
1610 1812 2006 1874 drcmoniacnm,
2060 1813 2103 1864 si

569 1905 908 1959 contumelias
939 1906 1186 1970 proferat,
1218 1903 1260 1955 si
1291 1903 1543 1968 percutiat
1572 1901 1690 1971 (hoc
1729 1903 1868 1954 enim
1900 1915 2103 1953 rursum

571 2004 688 2048 utor
707 1993 990 2062 exemplo),
1026 2007 1128 2044 non
1153 1992 1580 2044 contumeliosum
1609 1992 1930 2057 appellamus
1960 2008 1971 2042 :
2003 2004 2106 2042 non

572 2088 665 2153 ipsi
697 2086 885 2153 quippe
914 2082 1276 2136 contumeliam
1313 2082 1675 2141 adscribimus,
1722 2081 1812 2133 sed
1855 2081 2109 2133 daemonis

574 2175 866 2229 necessitati
900 2190 911 2223 :
939 2173 1012 2225 sic
1038 2185 1132 2224 nec
1162 2170 1474 2238 improbum,
1505 2171 1546 2222 si
1587 2170 1691 2222 fato
1721 2171 1783 2221 ad
1826 2169 2108 2237 nequitiam

577 2267 888 2332 impellatur,
929 2276 1171 2315 vocemus
1215 2259 1534 2327 improbum;
1581 2267 1635 2310 ut
1681 2273 1847 2326 neque
1895 2258 2111 2325 probum

576 2355 896 2424 appellemus
915 2352 1150 2419 probum.
1177 2349 1376 2400 Etenim
1394 2349 1434 2400 si
1460 2349 1558 2402 hoc
1577 2349 1916 2404 concedatur.
1938 2348 2110 2400 omnia

579 2454 755 2496 nostra
787 2455 989 2508 pessum
1028 2440 1208 2499 ibunt;
1252 2437 1388 2488 nulla
1420 2438 1519 2489 erit
1555 2438 1740 2498 virtus,
1768 2437 1906 2489 nulla
1937 2437 2115 2504 nequi-

581 2533 669 2590 tia.
717 2546 818 2582 non
872 2537 1032 2588 artes,
1083 2542 1182 2579 non
1223 2526 1382 2593 leges,
1433 2526 1661 2592 nihilque
1699 2526 1972 2593 ejusmodi.
2013 2519 2118 2577 Cur

584 2634 740 2688 porro
767 2628 959 2671 tantam
986 2632 1162 2670 curam
1185 2618 1362 2686 mgroti
1391 2615 1715 2677 adhibemus,
1750 2615 1994 2680 pecunias
2020 2629 2116 2667 ex-

585 2708 879 2776 pendimus,
926 2706 1155 2758 medicus
1201 2706 1535 2762 accersitnus.
1580 2703 1853 2770 pharmaca
1901 2701 2120 2768 apponi-

584 2811 720 2860 ntus,
749 2797 915 2847 ventri
943 2794 1308 2847 abstinentiam
1350 2793 1645 2853 indicimus,
1685 2789 2121 2857 concupiscentia

585 2887 787 2939 frenum
817 2882 1112 2950 injicimus?
1133 2881 1260 2934 Nam
1289 2882 1327 2932 si
1359 2896 1422 2934 ex
1454 2881 1557 2933 fato
1589 2880 1813 2948 pendent
1849 2879 2044 2932 sanitas
2069 2885 2123 2931 et

586 2974 819 3034 morbus,
849 2973 1123 3039 superﬂua:
1149 2980 1268 3024 sunt
1291 2971 1622 3040 pecuniarum
1650 2985 1911 3038 expensac,
1940 2983 2125 3037 super-

586 3063 719 3116 fluus
747 3061 1068 3115 medicorum
1103 3075 1244 3122 usus,
1277 3073 1659 3127 supervacanea
1707 3058 1924 3110 inlirtnis
1965 3071 2122 3109 accu-

587 3161 697 3204 rata
745 3152 829 3204 illa
868 3151 968 3204 cibi
1013 3151 1254 3202 tenuitas.
1282 3148 1427 3201 Nunc
1469 3158 1642 3202 autem
1688 3158 1740 3201 et
1766 3163 1829 3200 ex
1863 3147 1941 3200 his
1970 3155 2024 3199 et
2061 3160 2124 3199 ex

587 3241 702 3292 aliis
727 3238 1073 3300 ostendimus,
1118 3237 1246 3289 nihil
1287 3252 1466 3290 eorum
1495 3251 1610 3289 esse
1655 3236 1992 3302 superﬂuum.
2023 3235 2126 3286 Ve-

589 3343 704 3381 rum
735 3327 959 3381 facessat
988 3326 1074 3379 illa
1106 3326 1194 3379 fati
1224 3324 1396 3379 fabula
1426 3343 1438 3376 :
1472 3339 1589 3378 nam
1618 3340 1732 3392 qua:
1777 3325 1838 3376 ad
1888 3338 1981 3376 nos
2012 3339 2130 3390 pcr-

593 3419 779 3481 tinent,
809 3417 934 3469 nulli
979 3415 1326 3482 subjiciuntur
1362 3414 1682 3475 necessitati,
1728 3413 1819 3465 sed
1846 3413 2041 3475 omnia,
2073 3421 2130 3464 nt

592 3508 720 3572 dixi,
746 3507 945 3559 arbitrii
972 3506 1210 3559 libertate
1235 3505 1423 3558 donata
1451 3515 1590 3557 sunt.

662 3599 714 3650 4.
757 3597 965 3650 Moralis
1005 3595 1298 3648 exhortatio.
1339 3593 1592 3645 Iudicium
1634 3591 1725 3644 Dei
1762 3608 1907 3660 quant
1951 3592 2129 3642 timeu-

597 3688 733 3737 dum.
760 3685 974 3737 —Ha:c
1019 3698 1136 3736 cum
1179 3683 1421 3741 sciamus,
1466 3680 1658 3742 dilecti,
1707 3681 1812 3732 imo
1853 3677 1932 3732 his
1983 3679 2134 3746 longe

599 3776 746 3843 plura
775 3773 953 3841 (multa
983 3771 1120 3825 enim
1164 3770 1264 3822 alia
1311 3769 1410 3822 dici
1452 3779 1679 3835 possent,
1723 3767 1812 3819 sed
1843 3767 1954 3819 lucc
1983 3774 2135 3818 erunt

597 3860 995 3930 sapientioribus
1029 3858 1193 3926 satis),
1224 3857 1477 3925 fugiamus
1516 3855 1819 3920 nequitiam,
1861 3854 2137 3922 diligamus

599 3952 864 4012 virtutem,
897 3959 952 4001 ut
979 3965 1041 4001 ex
1071 3948 1224 4001 rebus
1264 3946 1389 4014 ipsis
1432 3945 1784 4006 ostendamus,
1831 3959 1928 3997 nos
1974 3945 2137 3998 libero

599 4039 671 4090 uti
699 4037 762 4090 ad
797 4052 855 4090 ea
884 4051 998 4104 qua:
1027 4036 1232 4103 placent
1269 4031 1502 4098 arbitrio,
1536 4048 1600 4086 ne
1645 4032 2023 4086 confundamur
2048 4034 2138 4087 illo

602 4126 704 4187 die,
733 4139 837 4193 quo
864 4124 1181 4192 singulorum
1205 4137 1359 4191 opera
1386 4123 1771 4176 revelabuntur.
1803 4122 1982 4175 Omnes
2010 4125 2139 4175 enim

602 4230 690 4266 nos
742 4213 1048 4282 manifestart'
1085 4221 1274 4278 oportet
1315 4220 1427 4264 ante
1463 4211 1676 4262 tribunal
1715 4210 1917 4271 Christi,
1967 4221 2022 4264 ut
2069 4213 2141 4263 ait

601 4304 812 4366 Paulus,
835 4312 884 4353 ut
902 4303 1079 4368 referat
1099 4301 1444 4368 unusquisque,
1469 4309 1612 4366 prout
1632 4300 1799 4366 gessit,
1822 4300 1921 4350 sive
1941 4299 2137 4361 bonum,

603 4395 704 4447 sive
740 4393 923 4445 malum
951 4393 1024 4463 (2.
1075 4391 1188 4445 Cor.
1221 4393 1273 4445 5.
1320 4393 1426 4458 10).
1469 4391 1734 4452 Tribunal,
1775 4405 1971 4460 (101250,
2018 4391 2140 4443 illud

607 4485 876 4538 nobiseum
914 4492 1234 4550 reputemus,
1277 4482 1421 4550 quasi
1460 4482 1564 4549 jam
1611 4482 1837 4545 adesset,
1875 4481 2142 4546 Judexque

604 4573 827 4634 sederet,
855 4581 908 4624 et
934 4571 1105 4624 omnia
1131 4570 1502 4631 revelarentur,
1536 4570 1586 4621 in
1617 4570 1948 4638 mediumque
1973 4569 2141 4622 addu-

604 4669 867 4717 cerentur.
899 4659 1011 4712 Non
1055 4660 1214 4714 modo
1252 4660 1389 4713 enim
1421 4674 1515 4712 nos
1558 4658 1764 4712 adstare
1793 4670 2017 4726 oportet,
2049 4659 2141 4712 sed

604 4753 760 4804 etiam
790 4749 1126 4803 manifestari.
1151 4749 1335 4800 Annon
1358 4747 1700 4802 erubescitis?
1727 4761 1897 4799 annon
1931 4747 2146 4814 perhor-

604 4841 846 4894 rescitis?
876 4853 1047 4892 annon
1079 4853 1217 4907 saepe
1244 4839 1374 4891 mori
1399 4840 1564 4905 potius
1585 4847 1842 4904 Optamus,
1874 4853 2026 4906 quam
2057 4853 2146 4891 oc-

605 4931 799 4984 cultum
850 4929 1018 4981 scelus
1061 4927 1444 4982 venerabiiibus
1489 4928 1668 4980 amicis
1709 4928 1899 4980 nostris
1939 4927 2145 4995 detegi?

605 5021 719 5086 Quo
748 5030 866 5072 tunc
910 5032 1063 5072 sensu
1096 5017 1402 5082 afﬁciemur,
1444 5032 1560 5069 cum
1589 5027 1798 5084 peccata
1841 5026 2016 5070 nostra
2051 5033 2142 5072 co-

606 5125 716 5162 ram
767 5109 1008 5160 omnibus
1049 5106 1244 5173 angelis
1291 5105 1690 5172 hominibusque
1741 5105 2049 5172 detcgentur
2094 5116 2146 5160 et

605 5211 726 5254 ante
755 5201 933 5253 oculos
967 5198 1251 5251 sistentur?
1280 5199 1502 5266 Arguam
1544 5207 1608 5261 te,
1640 5197 1825 5263 inquit,
1859 5207 1902 5249 et
1932 5206 2145 5249 statuant

605 5299 777 5341 rontra
811 5289 984 5356 facient
1013 5296 1150 5338 tuam
1189 5297 1384 5354 peccata
1419 5297 1502 5338 tua
1528 5283 1693 5353 (Psal.
1738 5287 1824 5338 49.
1856 5284 1966 5352 21).
1997 5286 2144 5351 Quod

605 5381 649 5432 si
687 5394 744 5432 re
773 5377 1002 5431 nondum
1031 5385 1305 5443 prmsente,
1338 5377 1429 5430 sed
1472 5385 1667 5428 tantum
1709 5375 1994 5442 supposita,
2029 5390 2141 5428 ser-

608 5483 865 5536 moneque
907 5467 1188 5533 descripta,
1237 5466 1554 5518 conscientia
1601 5475 1816 5533 urgente
1853 5466 2142 5529 obruimur,

609 5557 728 5627 quid
769 5557 1018 5610 faciemus
1061 5570 1176 5607 cum
1210 5564 1412 5621 tempus
1458 5553 1642 5617 aderit,
1676 5569 1792 5605 cum
1840 5562 1976 5606 totus
2005 5553 2147 5608 orbis

613 5659 840 5713 pt‘msetts
878 5644 997 5706 crit,
1023 5657 1140 5696 cum
1168 5641 1332 5710 angeli
1363 5649 1416 5694 ct
1454 5639 1773 5706 archangeli,
1802 5656 1918 5692 cum
1952 5645 2141 5708 princi-

1294 379 1350 433 S.
1386 375 1652 431 JOANNlS
1687 368 2146 429 CIIRYSOSTOMI
2185 367 2493 424 ARCIIIEP.
2535 367 3053 425 CONSTANTINOP.

3628 386 3733 440 284

2200 487 2348 544 palus
2392 486 2444 532 et
2478 487 2782 546 potestates,
2829 495 2945 534 cum
2976 484 3112 536 tuba:
3155 481 3446 550 frequentes
3474 481 3727 550 clangent,

2196 583 2314 620 cum
2332 569 2455 636 justi
2485 571 2750 637 rapientur
2777 571 2826 624 in
2855 573 3103 638 nubibus,
3133 582 3183 626 et
3212 573 3390 638 ingens
3416 573 3514 623 erit
3543 585 3727 640 pecca-

2197 669 2364 712 torum
2397 660 2546 713 ﬂetus
2569 661 2591 711 ?
2617 661 2743 727 Quis
2775 671 2893 715 tunc
2930 673 3097 716 terror
3140 661 3494 729 apprehendet
3534 675 3625 714 eos
3648 662 3734 728 qui

2198 749 2250 800 in
2283 759 2417 802 terra
2458 750 2771 803 manebunt?
2818 750 2946 804 Nam
2997 750 3144 816 Una,
3193 751 3376 818 inquit,
3411 750 3649 817 rapietur,
3691 760 3736 801 et

2200 855 2296 890 una
2333 839 2633 907 relinquetur
2659 855 2676 892 :
2702 856 2827 892 unus
2865 850 3160 905 assuntetur,
3204 850 3249 893 et
3275 855 3403 892 unus
3441 839 3738 906 relinquetur

2200 927 2408 994 (Matth.
2451 928 2538 980 24.
2564 927 2672 995 40).
2700 928 2814 993 Quo
2842 937 2994 981 erunt
3020 928 3094 980 illi
3125 929 3318 988 animo,
3361 927 3564 994 quando
3589 925 3736 977 vide-

2201 1017 2325 1069 bttnt
2355 1017 2471 1068 illos
2515 1030 2701 1084 magno
2737 1031 2853 1069 cum
2896 1015 3092 1069 honore
3120 1015 3334 1078 assumi,
3367 1029 3424 1069 se
3461 1029 3586 1068 vero
3619 1028 3736 1068 cum

2201 1103 2359 1155 multa
2385 1103 2700 1170 turpitudine
2725 1103 2982 1170 relinqui?
3007 1103 3116 1156 Non
3143 1110 3329 1171 potest,
3354 1116 3478 1166 non,
3508 1103 3737 1169 inquam,

2205 1200 2394 1257 potest.
2428 1191 2626 1244 credite
2655 1190 2800 1252 mihi,
2842 1191 3003 1244 verbo
3031 1191 3283 1244 declarari
3320 1189 3513 1242 doloris
3538 1191 3737 1258 magni-

2204 1279 2344 1331 tudo.
2377 1279 2590 1332 Vidistis
2619 1295 2757 1346 saepe
2785 1295 2875 1333 eos
2906 1279 2991 1348 qui
3021 1280 3086 1332 ad
3124 1291 3346 1333 mortem
3377 1278 3740 1332 adducuntur?

2203 1369 2316 1432 Quo
2339 1368 2455 1420 illos
2480 1367 2654 1421 animo
2683 1369 2874 1436 putatis
2894 1382 3009 1420 esse
3036 1368 3156 1420 dum
3179 1368 3241 1420 ad
3266 1369 3453 1421 ostium
3483 1367 3740 1435 pergunt?

2203 1458 2332 1524 Quid
2362 1474 2462 1511 non
2491 1473 2666 1526 agere,
2709 1459 2830 1526 quid
2873 1473 2973 1511 non
3002 1459 3103 1525 pati
3133 1467 3392 1526 Optarent,
3436 1467 3492 1510 ut
3533 1473 3560 1510 a
3601 1468 3740 1511 tanta

2204 1547 2426 1615 caligine
2459 1548 2818 1614 eriperentur?
2858 1547 3040 1600 Audivi
3075 1561 3171 1616 ego
3211 1547 3401 1599 multos
3425 1561 3601 1600 eorum
3631 1547 3739 1613 qui,

2207 1647 2478 1704 pOStquam
2523 1635 2728 1688 abducti
2779 1635 3002 1697 fuerant,
3047 1634 3419 1704 lmperatormn
3468 1635 3738 1688 clementia

2207 1727 2456 1790 revocati,
2489 1726 2724 1780 dicerent
2762 1742 2817 1780 se
2855 1727 3029 1779 animo
3068 1727 3134 1778 ita
3164 1726 3486 1794 perturbato,
3519 1723 3586 1776 ita
3627 1738 3745 1790 per-

2207 1817 2354 1869 culso
2394 1816 2572 1881 fuisse,
2601 1823 2656 1868 ut
2696 1830 2864 1882 neque
2904 1816 3142 1868 homines
3167 1815 3310 1882 quasi
3341 1815 3576 1867 homines
3603 1810 3745 1866 vide-

2212 1914 2348 1959 rent.
2395 1905 2584 1958 Verum
2615 1905 2735 1972 quid
2762 1905 2826 1958 de
2858 1905 3095 1958 abductis
3123 1903 3342 1971 loquor?
3368 1902 3744 1956 Circumstabat

2213 1997 2486 2050 multitudo
2533 1996 2797 2049 hominum
2845 2011 3064 2063 quorum
3110 2009 3292 2063 magna
3335 2007 3455 2062 pars
3501 1993 3750 2046 abductos

2213 2101 2316 2138 non
2343 2094 2574 2138 noverat.
2603 2085 2785 2152 Siquis
2811 2085 3131 2152 singulorum
3171 2085 3373 2135 animos
3401 2081 3737 2149 explorasset,

2215 2178 2410 2230 nullum
2439 2177 2718 2245 rcperisset
2749 2185 2849 2228 tam
2893 2176 3192 2237 immanem,
3225 2183 3327 2226 tam
3359 2173 3603 2235 ferocem,
3647 2182 3748 2224 tam

2216 2275 2478 2318 strenuum
2493 2265 2574 2332 qui
2599 2280 2699 2331 prm
2716 2273 2913 2317 terrore
2929 2273 2980 2317 et
2996 2278 3206 2331 angore,
3223 2277 3323 2316 non
3341 2262 3567 2314 demisso
3581 2261 3751 2313 animo

2216 2363 2371 2405 esset.
2395 2353 2545 2418 Quod
2579 2353 2621 2405 si
2643 2352 2763 2404 dum
2787 2352 2895 2415 alii,
2921 2351 3044 2419 ipsis
3065 2351 3201 2403 nullo
3221 2349 3616 2403 necessitudinis
3643 2349 3754 2400 vin-

2217 2442 2338 2494 cnlo
2387 2443 2572 2507 juncti,
2634 2449 2800 2493 morte
2854 2440 3208 2504 mulctantur,
3264 2439 3331 2491 ita
3378 2437 3546 2490 aﬂ'ecli
3601 2447 3752 2498 sunt;

2219 2529 2424 2598 quando
2446 2543 2541 2581 nos
2562 2530 2608 2580 in
2632 2529 2863 2595 graviora
2891 2527 3195 2591 incidemus,
3222 2542 3324 2595 quo
3346 2525 3540 2578 erimus
3561 2526 3752 2584 animo,

2221 2634 2249 2670 a
2275 2619 2463 2687 gaudio
2487 2618 2574 2670 illo
2602 2616 2846 2670 inen‘abili
2869 2617 3041 2684 ejecti,
3071 2616 3193 2669 etin
3216 2615 3588 2682 sempiternum
3616 2613 3755 2665 missi

2223 2706 2565 2772 supplicium?
2596 2705 2798 2756 Etenim
2846 2704 3049 2757 etiamsi
3080 2703 3218 2755 nulla
3259 2711 3398 2757 esset
3435 2707 3692 2769 gehenna,
3726 2715 3754 2750 a

2227 2803 2371 2848 tanto
2403 2794 2681 2860 splendore
2709 2792 2846 2860 ejici,
2879 2802 2928 2845 et
2958 2793 3067 2845 sine
3097 2791 3293 2844 honore
3319 2791 3758 2856 recedere,qnan-

2228 2893 2333 2934 tum
2364 2890 2501 2934 esset
2524 2881 2860 2949 supplicium!
2891 2880 3016 2933 Nam
3041 2881 3081 2932 si
3112 2879 3365 2946 hodieqtte
3393 2879 3761 2945 Imperatorem

2229 2971 2607 3041 ingredientem
2639 2971 2782 3023 multi
2810 2980 3101 3032 cernentes,
3130 2983 3382 3036 suamque
3410 2975 3764 3035 paupertatem

2227 3061 2638 3125 considerantes,
2672 3075 2774 3113 non
2818 3068 3009 3112 tantam
3043 3059 3329 3126 percipiunt
3353 3073 3413 3110 ex
3443 3056 3541 3109 hoc
3565 3064 3765 3124 specta-

2228 3149 2346 3203 culo
2393 3149 2730 3217 voluptatem,
2774 3159 3022 3216 quantum
3062 3161 3339 3200 maerorem
3390 3161 3452 3198 ex
3498 3159 3582 3209 eo,
3629 3143 3766 3212 quod

2231 3237 2422 3290 nullius
2456 3237 2640 3289 horum
2680 3236 2783 3290 sint
2823 3245 3095 3290 consortes
3124 3235 3401 3298 bonorum,
3432 3247 3598 3300 neque
3633 3233 3768 3284 inter

2233 3327 2449 3378 clientes
2498 3325 2799 3392 imperantis
2827 3333 3292 3385 connutnereulur,
3321 3321 3439 3388 quid
3481 3330 3602 3373 tunc
3629 3320 3769 3372 erit?

2234 3414 2363 3467 Num
2397 3429 2608 3481 parvum
2652 3428 2770 3467 esse
2802 3415 2995 3480 putatis
3030 3412 3340 3480 supplicium
3381 3411 3429 3463 in
3468 3410 3628 3462 choro
3678 3410 3770 3460 illo

2237 3519 2338 3556 non
2369 3505 2672 3558 acccnseri?
2703 3504 2943 3556 ineffabili
2973 3503 3133 3571 gloria
3177 3517 3276 3556 non
3307 3501 3548 3570 dignari?
3593 3499 3656 3552 ab
3683 3499 3773 3550 illo

2237 3605 2374 3646 coetu
2414 3603 2466 3646 et
2493 3592 2926 3646 inenarrabilibus
2955 3592 3103 3644 bonis
3143 3590 3320 3659 procul
3340 3589 3529 3655 abjici?
3553 3589 3619 3640 At
3655 3602 3773 3638 cum

2238 3693 2428 3751 praeter
2458 3685 2567 3736 haec
2591 3693 2744 3736 erunt
2776 3682 3026 3746 tenebrze,
3071 3682 3262 3734 stridor
3291 3680 3542 3743 dentium,
3572 3679 3773 3729 vincula

2241 3775 2557 3837 insolubilia,
2589 3774 2783 3826 vermis
2822 3773 2908 3842 qui
2952 3787 3057 3825 non
3103 3771 3343 3835 moritur,
3394 3770 3532 3838 ignis
3553 3769 3638 3836 qui
3670 3781 3774 3819 non

2241 3865 2608 3928 exstinguitur,
2653 3863 2810 3914 animi
2862 3877 3073 3925 mceror,
3116 3861 3350 3929 angustia
3384 3899 3399 3923 ,
3455 3859 3640 3926 lingua:
3682 3857 3776 3909 ad-

2243 3961 2462 4017 ustaa,ut
2485 3952 2568 4004 illa
2596 3951 2787 4014 divitis,
2812 3965 2928 4003 cum
2956 3950 3291 4017 plorabimns,
3313 3958 3364 4002 et
3385 3962 3538 4001 nemo
3565 3947 3662 4000 erit
3689 3945 3776 4012 qui

2243 4041 2437 4103 audiat,
2469 4055 2586 4094 cum
2632 4041 3039 4109 ingemiscemns
3081 4049 3132 4092 et
3173 4038 3452 4093 fremcmus
3492 4053 3554 4089 cx
3583 4035 3779 4088 dolori-

2248 4131 2359 4192 bus,
2386 4139 2438 4182 et
2464 4145 2619 4184 nemo
2638 4128 2892 4193 attendet,
2917 4128 3144 4196 undique
3171 4126 3528 4194 respiciemns,
3554 4131 3605 4176 et
3631 4135 3780 4174 nemo

2246 4216 2412 4271 aderit
2438 4218 2525 4286 qui
2557 4218 2860 4271 consoletur
2889 4233 2901 4269 :
2935 4231 3038 4284 quo
3068 4218 3120 4268 in
3150 4215 3335 4268 ordine
3362 4212 3646 4266 locabimus
3669 4224 3781 4272 eos,

2246 4307 2333 4373 qui
2364 4307 2417 4358 in
2458 4305 2755 4372 lmjusmodi
2793 4314 2930 4357 statu
2979 4302 3289 4356 versantur?
3334 4299 3456 4368 quid
3488 4298 3782 4366 bujusmodi

2247 4395 2519 4447 animabus
2542 4394 2926 4446 miserabilius?

2317 4486 2368 4539 5.
2409 4486 2461 4538 Si
2503 4498 2655 4552 porro
2690 4485 2742 4538 in
2783 4496 3019 4536 carceres
3069 4482 3322 4550 ingressi,
3353 4479 3473 4533 dum
3523 4473 3786 4546 squalidos

2249 4574 2364 4627 illos
2405 4573 2638 4624 videmus
2659 4611 2673 4635 ,
2701 4571 2788 4639 qui
2834 4570 3030 4623 catenis
3079 4567 3260 4622 ferreis
3289 4567 3442 4620 vincti
3473 4574 3620 4625 sunt,
3657 4565 3787 4616 alios

2250 4676 2373 4715 vero
2399 4661 2447 4713 in
2479 4660 2706 4714 tenebris
2733 4657 3038 4719 conclusos,
3069 4655 3370 4724 frangimur,
3402 4653 3750 4706 horrescimus
3771 4691 3785 4712 ,

2251 4749 2482 4817 nihilque
2505 4763 2610 4801 non
2641 4747 2840 4815 agimus
2868 4761 2932 4798 ne
2972 4746 3022 4797 in
3049 4754 3242 4796 tantam
3273 4743 3614 4794 calamitatem
3658 4739 3788 4790 inci-

2251 4837 2464 4889 damus:
2489 4851 2605 4888 cum
2637 4835 2954 4887 abduce-mur
2975 4834 3127 4884 vincti
3157 4832 3205 4884 in
3230 4831 3483 4898 gehenna‘.
3510 4837 3788 4888 tormenta,

2253 4941 2354 4993 quo
2398 4925 2594 4979 erimus
2648 4923 2864 4974 animo?
2892 4920 3014 4989 quid
3070 4919 3348 4972 faciemus?
3393 4917 3504 4970 Non
3550 4917 3687 4971 enim
3727 4929 3788 4965 ex

2253 5015 2394 5067 ferro
2433 5028 2556 5067 cusa
2597 5021 2718 5064 sunt
2763 5011 2845 5062 illa
2874 5011 3098 5072 vincula,
3123 5009 3212 5061 sed
3242 5023 3305 5063 ex
3339 5008 3474 5074 igne,
3500 5006 3586 5073 qni
3631 5018 3787 5056 num-

2253 5118 2405 5170 quam
2432 5100 2809 5168 exstinguitur,
2847 5113 2944 5151 nec
2982 5098 3204 5166 aequales
3245 5097 3392 5149 nobis
3418 5105 3536 5148 sunt
3565 5095 3672 5156 illi,
3703 5090 3788 5159 qui

2255 5191 2402 5244 nobis
2421 5186 2809 5254 przeliciuntur,
2827 5200 2956 5253 quos
2985 5200 3122 5252 stepe
3156 5185 3454 5238 demulcere
3490 5183 3658 5244 liceat,
3697 5177 3790 5231 sed

2254 5280 2423 5346 angeli
2456 5275 2714 5330 terribiles
2743 5284 2796 5328 et
2841 5274 3274 5327 itnmisericordes
3297 5313 3312 5338 ,
3352 5285 3484 5340 quos
3521 5285 3586 5324 ne
3627 5268 3794 5336 respi—

2255 5383 2372 5421 cere
2415 5367 2621 5434 quidem
2670 5363 2944 5429 possimus.
2985 5364 3174 5431 quique
3220 5361 3287 5416 ob
3329 5358 3694 5415 contumeliam
3739 5357 3790 5408 in

2257 5457 2532 5510 Dominum
2563 5452 3202 5520 irrogatant,vehementer
3219 5451 3454 5504 satvinnt.
3484 5447 3593 5500 Non
3617 5445 3793 5499 videre

2255 5556 2355 5606 est,
2387 5559 2442 5598 ut
2481 5545 2582 5603 hic,
2611 5543 2738 5594 alios
2766 5551 2998 5609 argento,
3040 5541 3169 5593 alios
3195 5540 3331 5599 cibo,
3361 5538 3492 5589 alios
3534 5534 3750 5588 suadela
3771 5572 3790 5596 ,

2259 5641 2352 5693 sibi
2385 5635 2790 5691 consolationem
2840 5647 3019 5700 punire
3041 5671 3055 5695 ,
3087 5630 3178 5685 sed
3225 5628 3398 5683 omnia
3436 5628 3501 5680 ibi
3529 5626 3677 5680 venia
3703 5637 3791 5678 ca-
