4000 6220
308 381 425 435 283

315 482 538 552 πατέρες
570 485 770 546 παισὶν,
808 483 927 535 οὔτε
957 484 1254 539 διδάσκαλοι
1284 485 1565 554 μαθηταῖς,
1598 485 1718 538 οὔτε
1745 485 1935 554 ἄρχον-

307 583 399 629 τες
422 569 751 637 ἀρχομένοις,
775 569 904 621 ἀλλά
925 571 1104 640 πικροὶ
1118 572 1224 622 τῶν
1238 572 1642 640 τετολμημένων
1661 571 1939 634 ἐξετασταὶ

306 652 404 704 καὶ
427 655 648 722 τιμωροὶ
677 655 947 722 γινόμεθα,
983 657 1074 708 καὶ
1097 657 1415 727 δικαστήρια
1436 657 1933 725 καταλαμϐάνομεν,

305 738 404 790 καὶ
450 738 676 805 πληγαῖς
718 741 1102 810 ὑποϐάλλομεν,
1139 743 1228 794 καὶ
1269 744 1608 812 ἐπιτιμήσεσι
1661 743 1933 812 χρώμεθα,

306 823 404 874 καὶ
439 824 611 875 πάντα
647 825 982 894 πράττομεν,
1020 828 1164 889 ὅπως
1189 827 1576 896 ἀπαλλάξωμεν
1615 830 1804 889 αὐτοὺς
1829 828 1934 879 τῶν

308 908 508 961 κακῶν.
535 911 655 972 Τοῖς
687 910 742 962 δὲ
781 913 934 963 παισὶ
979 914 1088 972 τοῖς
1119 915 1402 983 ἡμετέροις
1445 916 1536 966 καὶ
1564 915 1935 980 παιδαγωγοὺς

305 994 631 1062 ἐφιστῶμεν,
662 998 755 1048 καὶ
785 1000 862 1058 είς
893 998 1234 1059 διδασκάλους
1263 1001 1567 1068 πέμπομεν,
1595 1001 1686 1052 καὶ
1713 1001 1935 1063 ἀπειλὰς

305 1079 681 1148 προστίθεμεν,
710 1083 800 1133 καὶ
825 1082 1089 1150 μάστιγας
1107 1085 1432 1153 ἐπιτίθεμεν,
1471 1086 1559 1137 καὶ
1587 1086 1750 1137 πολλὰ
1777 1087 1934 1155 ἔτερα

306 1165 624 1232 βοηθήματα
663 1169 1022 1235 προσάγομεν,
1063 1169 1146 1220 ἵνα
1191 1170 1342 1222 καλοὶ
1392 1172 1668 1238 γένωνται,
1723 1173 1816 1234 Τίς
1844 1171 1935 1226 οὖν

303 1248 461 1316 χρεία
496 1249 668 1301 πόνων
704 1252 797 1302 καὶ
826 1252 1056 1320 ἱδρώτων
1095 1255 1229 1323 πρὸς
1271 1256 1330 1307 τὸ
1365 1257 1655 1325 κατορθοῦν
1696 1259 1932 1327 ἀρετήνς

305 1332 372 1382 Εἰ
405 1333 510 1398 γάρ
543 1334 795 1404 εἵμαρται
841 1353 944 1388 τινι
988 1338 1235 1403 γενέσθαι
1282 1340 1460 1401 καλὸν,
1491 1341 1583 1393 καὶ
1611 1342 1878 1394 καθεύδων
1907 1344 1936 1394 ό

303 1416 542 1478 τοιοῦτος
568 1420 658 1470 καλ⁵
691 1420 898 1488 ρέγχων
926 1420 1075 1475 ἔσται
1101 1423 1280 1485 καλόςο
1317 1426 1510 1493 μᾶλλον
1540 1425 1595 1478 δὲ
1623 1427 1742 1478 οὐδὲ
1773 1426 1934 1478 καλὸν

302 1501 396 1552 τὸν
426 1501 658 1554 τοιοῦτον
710 1502 850 1555 ἐστιν
892 1506 1091 1568 είπεῖν,
1137 1509 1226 1558 τὸν
1254 1509 1310 1573 ἐξ
1340 1510 1579 1578 ἀνάγκης
1608 1512 1762 1562 τοῦτο
1789 1513 1934 1577 γινό-

308 1601 486 1653 μενον.
523 1587 616 1649 Τίς
642 1588 793 1657 χρεία
839 1590 1011 1643 πόνων
1049 1592 1140 1643 καὶ
1167 1592 1398 1661 ἱδρώτων
1441 1595 1575 1663 πρὸς
1614 1595 1673 1647 τὸ
1716 1597 1934 1664 φεύγειν

303 1669 526 1737 κακίαν;
558 1674 619 1725 Εί
639 1674 1006 1745 γάρεῖμαρταί
1031 1695 1131 1729 τινι
1151 1680 1394 1745 γενέσθαι
1427 1683 1608 1745 κακὸν,
1643 1682 1743 1735 κᾶν
1771 1682 1934 1751 μυρία

302 1757 649 1825 ταλαιπωρῇ,
700 1759 862 1821 κακὸς
913 1761 1061 1814 ἐσται
1089 1778 1101 1792 ·
1160 1763 1354 1832 μᾶλλον
1390 1765 1444 1817 δὲ
1490 1767 1606 1819 οὐδὲ
1638 1767 1802 1820 κακὸν
1843 1767 1933 1820 τὸν

303 1841 539 1892 τοιοῦτον
583 1840 728 1895 ἐστιν
783 1847 982 1908 εἰπεῖν,
1037 1849 1126 1900 τὸν
1179 1849 1267 1900 ὑπ’
1316 1851 1553 1921 ἀνάγκης
1601 1853 1732 1923 πρὸς
1778 1853 1931 1906 τοῦτο

302 1926 626 2011 ὠθούμενον.
664 1930 870 2001 Ὥσπερ
901 1933 1008 2001 γὰρ
1051 1939 1139 1986 τὸν
1167 1936 1530 2005 δαιμονῶντα,
1563 1940 1661 1993 κᾶν
1701 1941 1928 2011 λοιδορῇ,

303 2009 406 2061 κάν
425 2011 598 2081 τύπτῃ
619 2013 798 2080 (πάλιν
828 2018 933 2086 γάρ
953 2017 1027 2088 τῷ
1043 2019 1186 2089 αὐτῷ
1208 2022 1475 2092 κέχρημαι
1497 2009 1929 2095 παραδείγματι),

301 2097 364 2150 ού
398 2100 765 2169 προσεροῦμεν
797 2103 1068 2174 ὑϐριστήν·
1099 2107 1155 2158 ού
1188 2109 1293 2178 γάρ
1323 2110 1465 2179 αὐτῷ
1496 2112 1811 2180 λογιζόμεθα
1837 2115 1931 2182 τὴν

301 2184 585 2254 λοιδορίαν,
626 2187 756 2238 ἀλλά
785 2192 848 2257 τῇ
879 2190 1086 2260 ἀνάγκῃ
1123 2193 1215 2244 τοῦ
1257 2194 1517 2263 δαίμονος·
1551 2197 1688 2249 οὕτω
1725 2200 1815 2250 καὶ
1843 2200 1930 2251 τὸν

303 2270 490 2333 κακὸν,
523 2273 570 2322 εί
601 2271 703 2323 ὑπὸ
731 2273 828 2340 τῆς
859 2276 1191 2346 εἱμαρμένης
1225 2279 1440 2332 ὠθεῖται
1481 2283 1613 2350 πρὸς
1642 2283 1813 2345 τοῦτο,
1857 2284 1930 2354 μὴ

303 2354 553 2423 καλῶμεν
587 2356 746 2407 αὑτὸν
793 2360 988 2420 κακὸν,
1021 2361 1203 2431 ὥσπερ
1250 2365 1368 2417 ούδέ
1409 2367 1496 2417 τὸν
1544 2368 1701 2419 καλὸν
1751 2368 1927 2421 καλόν.

303 2437 414 2489 Καὶ
436 2441 539 2508 γὰρ
578 2441 624 2491 εί
648 2442 801 2492 τοῦτο
827 2442 1000 2512 δοθείη
1025 2484 1038 2505 ,
1095 2447 1268 2499 πάντα
1302 2451 1691 2519 συγχυθήσεται
1724 2453 1789 2504 τὰ
1814 2453 1930 2504 καθ’

312 2524 470 2589 ἡμᾶς.
503 2527 593 2576 καὶ
627 2525 748 2577 οὕτε
779 2529 939 2597 ἀρετὴ
972 2529 1118 2583 ἔσται
1162 2549 1240 2597 τι,
1274 2533 1392 2585 οὔτε
1435 2538 1615 2596 κακία,
1641 2539 1698 2588 οὐ
1730 2539 1926 2605 τέχναι,

304 2607 365 2658 οῦ
394 2609 563 2675 νόμοι,
598 2610 696 2661 οὐκ
724 2612 846 2663 ἄλλο
891 2614 994 2665 τῶν
1022 2617 1267 2668 τοιούτων
1299 2621 1464 2673 οὐδέν.
1503 2622 1653 2680 Τίνος
1679 2622 1731 2672 δὲ
1756 2624 1930 2673 ἕνεκεν

305 2693 537 2761 σπουδὴν
569 2696 763 2764 πολλὴν
791 2699 1081 2766 ποιούμεθα
1118 2701 1408 2766 νοσοῦντες,
1439 2706 1530 2756 καὶ
1558 2708 1803 2775 χρήματα
1843 2709 1931 2759 δα-

302 2779 581 2846 πανῶμεν,
616 2781 706 2832 καὶ
754 2783 964 2852 ἰατροὺς
1003 2786 1286 2856 καλοῦμεν,
1337 2792 1426 2841 καὶ
1466 2799 1724 2860 φάρμακα
1764 2794 1930 2844 ἐπιτί-

303 2862 487 2930 θεμεν,
509 2865 600 2916 καὶ
617 2869 844 2936 γαστρὸς
865 2872 1174 2940 κατέχομεν,
1193 2875 1284 2925 καὶ
1306 2875 1590 2942 ἐπιθυμίαν
1608 2877 1896 2945 κολάζομεν
1913 2895 1926 2942 ;

303 2948 370 3000 Εἰ
397 2948 499 3018 γὰρ
526 2951 622 3019 τῆς
660 2953 993 3023 εἱμαρμένης
1021 2957 1242 3026 ῆρτηται
1276 2962 1367 3011 καὶ
1415 2961 1590 3028 ὑγίεια
1621 2965 1710 3014 καὶ
1749 2965 1926 3026 νόσος,

301 3035 531 3101 περιττά
582 3035 689 3088 τῶν
735 3039 1025 3106 χρημάτων
1067 3042 1133 3093 τὰ
1177 3043 1531 3112 ἀναλώματα,
1574 3048 1793 3116 περιττὴ
1825 3050 1930 3099 τῶν

305 3119 502 3185 ἰατρῶν
535 3122 566 3188 ἡ
608 3121 834 3185 εἴσοδος,
878 3128 1098 3192 περιττὴ
1128 3128 1223 3196 τῆς
1256 3128 1360 3179 τῶν
1402 3132 1689 3182 νοσούντων
1729 3133 1929 3202 διαίτης

301 3203 336 3261 ὴ
376 3204 640 3272 ἀκρίϐεια.
671 3206 781 3258 Νῦν
803 3207 857 3258 δὲ
891 3210 1025 3276 μετά
1063 3211 1165 3262 τῶν
1195 3213 1364 3264 ἄλλων
1394 3216 1484 3266 καὶ
1519 3218 1579 3266 ἐκ
1606 3216 1806 3268 τούτων
1837 3218 1929 3287 δη-

299 3287 519 3355 λοῦμεν,
551 3290 630 3342 ὅτι
663 3292 810 3344 οὐδὲν
857 3293 1030 3348 αὐτῶν
1069 3299 1312 3365 περιττόν
1361 3302 1524 3354 ἐστιν.
1564 3302 1698 3353 Ἀλλ’
1731 3307 1928 3373 οἴχεται

442 3373 587 3442 ὁτῆς
636 3378 964 3460 είμαρμένης
1005 3380 1186 3448 μῦθος·
1225 3384 1442 3453 οὐδεμιᾷ
1480 3385 1585 3456 γὰρ
1623 3388 1829 3460 ἀνάγκη
1864 3396 1929 3446 τά

299 3458 425 3510 καθ’
459 3462 604 3528 ἡμᾶς
630 3457 925 3516 ὑπόκειται·
967 3467 1138 3518 πάντα
1171 3468 1243 3532 δὲ,
1276 3468 1452 3532 καθὼς
1479 3471 1632 3541 ἔφην,
1657 3457 1930 3549 ἐλευθερίᾳ

298 3546 585 3614 τετίμηται
615 3549 1000 3618 προαιρέσεως.

371 3690 431 3740 δ’.
456 3690 614 3742 Ταῦτ’
643 3688 732 3744 οῦν
749 3694 961 3757 εἰδότες,
989 3697 1275 3764 ἀγαπητοὶ,
1299 3701 1390 3750 καὶ
1415 3701 1478 3752 τά
1494 3703 1692 3754 τούτων
1713 3705 1930 3757 πλείονα

303 3769 494 3836 (πολλά
542 3773 647 3840 γὰρ
692 3775 800 3824 ἐστι
840 3776 930 3826 καὶ
973 3777 1102 3828 ἄλλα
1137 3781 1260 3847 περὶ
1302 3780 1501 3832 τούτων
1548 3785 1752 3846 εἰπεῖν,
1798 3786 1928 3838 ἀλλά

298 3859 414 3916 τοῖς
472 3857 845 3927 συνετωτέροις
897 3861 1053 3930 ἀρκεῖ
1105 3864 1329 3932 ταῦτα),
1380 3867 1632 3936 φύγωμεν
1695 3872 1926 3933 κακίαν,

300 3939 549 4008 ἑλώμεθα
592 3943 819 4011 ἀρετὴν,
857 3945 939 3996 ἵνα
987 3946 1241 4017 δείξωμεν
1291 3950 1374 4002 διά
1418 3953 1522 4003 τῶν
1561 3956 1925 4024 πραγμάτων,

299 4027 384 4077 ὃτι
415 4026 750 4088 αὐτεξούσιον
775 4028 966 4097 ἔχομεν
993 4035 1123 4100 πρὸς
1155 4034 1221 4084 τά
1264 4035 1514 4088 δοκοῦντα
1554 4040 1650 4107 τὴν
1688 4041 1925 4110 γνώμην,

300 4111 388 4162 ἵνα
433 4112 504 4180 μὴ
552 4112 1024 4182 καταισχυνθῶμεν
1071 4118 1126 4168 ἐν
1161 4122 1225 4185 τῇ
1264 4121 1441 4188 ἡμέρα
1479 4125 1575 4189 τῆς
1616 4125 1718 4175 τῶν
1756 4126 1927 4192 ἔργων

298 4197 704 4263 ἀποκαλύψεως.
745 4197 887 4260 Τοὺς
924 4201 1029 4266 γὰρ
1075 4215 1294 4264 πάντας
1339 4203 1492 4269 ἡμᾶς
1528 4209 1928 4275 φανερωθῆναι

298 4280 395 4331 δεῖ
416 4280 748 4346 ἔμπροσθεν
777 4282 878 4333 τοῦ
900 4282 1166 4349 βήματος
1191 4285 1293 4336 τοῦ
1327 4288 1592 4351 Χριστοῦ,
1619 4289 1795 4350 καθώς
1830 4309 1928 4358 φη-

303 4382 387 4415 σιν
417 4368 443 4417 ὁ
484 4365 710 4428 Παῦλος,
759 4368 857 4418 ἵνα
892 4370 1199 4434 κομίσηται
1239 4370 1488 4434 ἕκαστος
1525 4376 1669 4437 πρὸς
1715 4375 1750 4426 c'i
1783 4375 1924 4445 [299.]

300 4453 580 4518 ἔπραξεν,
634 4456 750 4506 εἴτε
778 4456 1016 4523 ἀγαθὸν,
1051 4459 1168 4510 εἴτε
1208 4463 1408 4512 κακόν.
1442 4463 1720 4530 Λάϐωμεν,
1753 4483 1925 4533 παρα-

300 4540 469 4596 καλῶ,
513 4541 650 4591 κατά
691 4541 810 4591 νοῦν
842 4535 1011 4593 ἐκεῖνο
1052 4544 1110 4594 τὸ
1150 4545 1520 4613 δικαστήριον,
1567 4551 1656 4599 καὶ
1705 4552 1928 4617 νομίσω-

301 4637 402 4682 μεν
432 4622 558 4672 αὐτὸ
591 4627 832 4690 παρεῖναι
860 4623 950 4675 νῦν
972 4663 986 4685 ,
1014 4625 1103 4675 καὶ
1134 4625 1222 4675 τὸν
1253 4629 1437 4694 κριτὴν
1466 4629 1776 4690 καθέζεσθαι
1802 4671 1814 4694 ,
1841 4635 1928 4683 καὶ

299 4705 370 4755 τά
410 4706 582 4756 πάντα
615 4708 1090 4770 ἀνακαλύπτεσθαι,
1134 4710 1222 4760 καὶ
1259 4713 1336 4770 είς
1381 4713 1537 4778 μέσον
1579 4715 1818 4778 ἄγεσθαι.
1856 4720 1927 4769 υύ

299 4790 409 4857 γὰρ
435 4790 613 4851 ἁπλῶς
638 4794 969 4861 παραστῆναι
989 4795 1083 4857 δεῖ,
1108 4795 1239 4846 ἀλλά
1263 4798 1350 4846 καὶ
1375 4798 1743 4866 φανερωθῆναι
1768 4805 1926 4870 ἡμᾶς.

301 4872 446 4944 *Αρα
473 4878 568 4927 οὐκ
597 4877 977 4947 ἠρυθριάσατε;
1015 4876 1118 4946 ἆρα
1150 4882 1246 4932 οὑκ
1279 4882 1556 4948 ἐφρίξατες
1597 4880 1700 4951 ἆρα
1724 4888 1816 4953 οὐχ
1845 4891 1928 4938 αί-

301 4960 536 5030 ρούμεθα
578 4963 828 5024 πολλάκις
871 4965 1183 5027 ἀποθανεῖν,
1237 4967 1266 5033 ἢ
1308 4969 1396 5017 ἐπὶ
1443 4970 1606 5032 φίλων
1649 4971 1928 5039 αἰδεσίμων

297 5049 540 5112 πταῖσμα
566 5048 797 5114 κρυπτὸν
827 5048 976 5114 ἡμῶν
1006 5051 1400 5118 φανερωθῆναι;
1428 5053 1545 5113 Πῶς
1568 5049 1656 5103 οὖν
1683 5056 1797 5105 τότε
1819 5057 1928 5107 δια-

299 5131 606 5196 κεισόμεθα,
641 5131 726 5180 ἐπὶ
761 5132 967 5181 πάντων
997 5134 1232 5197 ἀγγέλων
1269 5138 1358 5185 καὶ
1395 5138 1601 5187 πάντων
1637 5139 1927 5206 ἀνθρώπων

299 5216 713 5283 φανερουμένων
751 5216 853 5265 τῶν
896 5217 1170 5283 ἡμετέρων
1218 5220 1640 5287 ἁμαρτημάτων,
1692 5227 1780 5273 καὶ
1829 5228 1928 5294 πρὸ

296 5298 410 5349 τῶν
461 5299 743 5366 ὀφθαλμῶν
796 5300 946 5366 ἡμῶν
1003 5301 1327 5367 ἱσταμένων,
1390 5306 1640 5370 Ἐλέγξω
1683 5325 1752 5358 σε
1793 5312 1926 5377 γὰρ,

300 5384 468 5451 φησὶ,
537 5385 630 5435 καί
687 5383 1044 5449 παραστήσω
1113 5386 1258 5436 κατὰ
1306 5391 1618 5452 πρόσωπόν
1666 5408 1777 5443 σου
1829 5397 1930 5458 τὰς

299 5469 582 5534 ἁμαρτίας
622 5485 754 5520 σου.
800 5469 858 5518 Εἰ
898 5469 950 5518 δὲ
985 5469 1143 5534 μήπω
1165 5469 1255 5518 τοῦ
1289 5473 1600 5539 πράγματος
1645 5478 1926 5543 παρόντος,

299 5555 436 5605 ἀλλὰ
481 5554 596 5604 καθ’
635 5555 878 5604 ὑπόθεσιν
917 5554 1182 5613 δοθέντος,
1230 5556 1316 5606 καὶ
1355 5557 1490 5624 λόγῳ
1531 5561 1926 5628 διαγραφέντος,

300 5639 644 5708 ἀπολλύμεθα
691 5640 792 5691 ὑπὸ
839 5641 927 5690 τοῦ
988 5640 1310 5701 συνειδότος,
1363 5643 1410 5690 τί
1459 5648 1746 5712 ποιήσομεν
1803 5648 1923 5698 ὅταν

1519 371 1603 426 DE
1645 367 1997 424 PERFECTA
2036 368 2396 425 CARlTATE.

3558 389 3668 444 284

2038 485 2430 554 παραγένηται,
2494 485 2616 537 ὅταν
2672 486 2703 552 ή
2765 485 3046 554 οἰκουμένη
3106 487 3251 537 πᾶσα
3317 488 3486 554 παρῇ,
3543 495 3669 540 οταν

2033 571 2246 636 ἄγγελοι
2303 573 2395 622 καὶ
2458 571 2805 639 ἀρχάγγελοι,
2863 572 2987 623 ὃταν
3041 572 3198 640 ἀρχαὶ
3255 573 3344 623 καὶ
3402 572 3665 635 ἐξουσίαι,

2032 656 2156 707 ὃταν
2195 657 2483 722 σάλπιγγες
2522 657 2720 724 ὴχῶσιν
2747 658 2801 707 αἱ
2839 660 3067 725 συνεχεῖς
3110 659 3201 708 καὶ
3239 657 3540 724 ἐπάλληλοι,
3575 666 3667 708 καί⁵

2034 741 2249 810 ἁρπαγὴ
2282 741 2386 792 τῶν
2410 742 2624 792 δικαίων
2656 743 2744 792 ἐπὶ
2772 742 3023 807 νεφελῶν,
3051 743 3140 794 καὶ
3171 742 3330 802 πολὺς
3354 743 3456 792 τῶν
3489 744 3664 810 ἡμαρ-

2030 828 2267 894 τηκότων
2290 828 2317 877 ὁ
2344 827 2640 895 κλαυθμὸς;
2669 828 2818 888 Ποίος
2843 828 2947 893 ἄρα
2975 828 3132 893 φόϐος
3159 827 3266 890 ἕξει
3291 827 3405 878 τότε
3429 828 3551 886 τοὺς
3575 827 3665 877 ἐπὶ

2031 913 2128 979 τῆς
2161 913 2259 980 γῆς
2291 913 2680 980 ἀπομένονταςς
2712 915 2826 964 Mla
2849 915 2974 980 γὰρ,
3001 914 3179 979 φησὶν,
3213 909 3539 978 ἁρπάζεται,
3569 911 3663 965 καί

2025 998 2132 1064 μία
2157 997 2383 1063 ἀφίεται
2408 1013 2420 1026 ·
2451 997 2546 1048 καί
2574 992 2660 1061 εἷς
2690 999 3194 1064 παραλαμϐάνεται
3213 1037 3225 1061 ,
3254 997 3349 1048 καὶ
3375 994 3460 1062 εἷς
3489 1015 3662 1050 κατα-

2029 1081 2397 1148 λιμπάνεται.
2427 1083 2520 1144 Τίς
2554 1083 2700 1134 ἔσται
2734 1085 2764 1150 ὴ
2793 1082 2933 1152 ψυχὴ
2963 1083 3201 1144 ἐκείνων,
3245 1083 3370 1134 ὅταν
3411 1084 3534 1145 τοὺς
3566 1085 3663 1152 μὲν

2029 1167 2222 1235 ὁρῶσιν
2264 1167 2633 1235 ἀπαγομένους
2680 1168 2813 1234 μετά
2851 1171 3009 1235 τιμῆς
3051 1167 3304 1235 μεγάλης,
3351 1169 3568 1228 ἑαυτοὺς
3607 1168 3662 1219 δὲ

2030 1251 2348 1319 ἀφιεμένους
2375 1253 2508 1320 μετά
2531 1253 2724 1321 πολλῆς
2751 1252 3038 1320 αἰσχύνης;
3075 1253 3184 1303 Ούκ
3213 1252 3373 1314 ἐστιν,
3408 1253 3504 1304 ούκ
3527 1252 3658 1314 ἐστι,

2031 1335 2367 1398 πιστεύσατε,
2389 1340 2728 1405 παραστῆσαι
2752 1337 2888 1403 λόγῳ
2906 1337 2964 1387 τὸ
2984 1336 3164 1398 πάθος.
3186 1337 3360 1388 Εἴδετέ
3390 1354 3512 1388 ποτε
3538 1339 3662 1397 τοὺς

2028 1421 2397 1490 ἀπαγομένους
2438 1423 2527 1473 ἐπὶ
2565 1421 2818 1483 θάνατονς
2856 1422 3016 1474 Ποίαν
3055 1423 3228 1482 αὐτοῖς
3257 1422 3494 1490 νομίζετε
3526 1419 3660 1474 εἶναι

2028 1504 2122 1572 τὴν
2151 1504 2321 1573 ψυχὴν
2351 1505 2444 1574 τὴν
2480 1506 2636 1575 μέχρι
2675 1507 2767 1574 τῆς
2807 1507 2973 1574 πύλης
3001 1506 3114 1558 ὁδὸν
3144 1505 3438 1573 βαδίζουσι;
3473 1507 3535 1558 Τί
3563 1509 3660 1559 οὐκ

2030 1587 2094 1638 ἂν
2129 1587 2328 1638 εἴλοντο
2359 1590 2447 1639 καὶ
2484 1592 2704 1657 ποιῆσαι
2742 1590 2832 1639 καὶ
2869 1589 3075 1651 παθεῖν,
3115 1589 3250 1640 ὥστε
3293 1588 3658 1655 ἀπαλλαγῆναι

2026 1672 2126 1740 τῆς
2151 1672 2343 1740 ἀχλύος
2374 1674 2608 1741 ἐκείνης;
2639 1674 2778 1741 Ἐγὼ
2807 1675 3007 1725 πολλῶν
3039 1676 3242 1743 ἥκουσα
3268 1675 3522 1740 λεγόντων
3554 1673 3658 1726 τῶν

2028 1758 2398 1827 φιλανθρωπίᾳ
2433 1757 2674 1827 βασιλικῇ
2716 1761 2848 1828 μετά
2879 1761 2970 1827 τὴν
2997 1761 3291 1827 ἀπαγωγὴν
3321 1761 3397 1820 είς
3427 1759 3660 1811 τούπίσω

2027 1842 2445 1911 ἀνακληθέντων,
2487 1844 2565 1895 ὅτι
2597 1845 2711 1895 οὐδὲ
2749 1843 3056 1913 ἀνθρώπους
3092 1845 3272 1912 ἐώρων
3305 1846 3426 1904 τοὺς
3455 1843 3657 1914 ἀνθρώ-

2028 1943 2187 1987 πους,
2233 1928 2659 1996 τεθορυϐημένης
2702 1930 2798 1998 τῆς
2842 1929 3016 1998 ψυχῆς
3059 1930 3148 1981 καὶ
3192 1929 3654 1998 ἐκπεπληγμένης.

2026 2013 2131 2064 Καὶ
2159 2013 2208 2064 τί
2233 2013 2371 2079 λέγω
2409 2014 2532 2081 περὶ
2572 2015 2673 2065 τῶν
2705 2017 3086 2084 ἀπαγομένων;
3118 2017 3304 2084 Ὄχλος
3337 2015 3655 2084 περιέστηκε

2025 2101 2164 2161 τότε,
2211 2101 2257 2149 οί
2301 2099 2512 2159 πλείους
2552 2101 2647 2150 οὐκ
2691 2101 2883 2162 εἰδότες
2924 2102 3132 2162 αύτούς.
3183 2102 3249 2152 Εἴ
3278 2119 3358 2161 τις
3395 2102 3508 2162 ἐνὸς
3540 2101 3656 2153 τότε

2026 2184 2252 2235 ἑκάστου
2281 2184 2377 2253 τὴν
2409 2183 2581 2252 ψυχὴν
2619 2186 3056 2254 περιεσκόπησεν,
3092 2187 3260 2246 οὐδεὶς
3290 2185 3454 2247 οὕτως
3489 2185 3653 2252 ώμος,

2023 2268 2192 2330 οὐδεὶς
2219 2283 2239 2305 ι
2273 2268 2412 2321 οὕτω
2443 2270 2660 2334 θρασὺς,
2689 2270 2854 2330 οὐδεὶς
2882 2270 3018 2322 οὕτω
3040 2275 3290 2336 γενναῖος,
3321 2271 3378 2322 ὃν
3410 2272 3468 2322 ού
3494 2287 3657 2322 κατα-

2025 2357 2366 2406 πεπτωκυῖαν
2396 2354 2558 2423 αὐτὴν
2584 2356 2768 2424 ἔχοντα
2793 2354 2937 2423 εὖροι
2967 2358 3058 2406 καὶ
3084 2358 3408 2424 παρειμένην
3440 2357 3540 2408 ὑπὸ
3562 2355 3655 2407 τοῦ

2026 2439 2184 2506 φόϐου
2221 2442 2310 2491 καὶ
2339 2440 2436 2507 τῆς
2475 2440 2724 2507 ἀθυμίας.
2767 2442 2828 2492 Εί
2858 2441 2912 2492 δὲ
2946 2442 3141 2510 ἐτέρων
3178 2442 3570 2510 ἀναιρουμένων
3604 2444 3652 2494 οί

2027 2525 2189 2592 μηδὲν
2221 2526 2399 2586 αὐτοῖς
2429 2524 2797 2586 κοινωνοῦντες
2824 2523 2961 2575 οὕτω
2985 2524 3320 2584 διατίθενται,
3344 2527 3466 2577 ὅταν
3497 2528 3652 2594 ἡμεῖς

2023 2609 2170 2660 αὐτοὶ
2202 2612 2306 2671 τοῖς
2339 2609 2539 2676 μείζοσι
2565 2609 2956 2677 περιπέσωμεν,
2989 2608 3125 2669 τίνες
3150 2611 3254 2676 ἄρα
3283 2610 3529 2678 ἐσόμεθα,
3556 2612 3653 2680 τῆς

2027 2694 2121 2760 μὲν
2151 2694 2384 2762 ἀρρήτου
2419 2695 2585 2763 χαρᾶς
2613 2694 2819 2762 ἐκείνης
2845 2695 3302 2761 ἀποπεμπόμενοι,
3332 2696 3409 2754 είς
3435 2697 3653 2747 αἰωνίαν

2023 2778 2075 2828 δὲ
2123 2780 2383 2847 τιμωρίαν
2432 2780 2942 2848 παραπεμπόμενοι;
2977 2780 3040 2831 Εί
3072 2778 3176 2848 γὰρ
3219 2780 3308 2830 καὶ
3349 2780 3532 2845 γέεννα
3579 2783 3651 2850 μὴ

2022 2858 2107 2931 ἦν,
2134 2865 2192 2914 τὸ
2217 2865 2277 2915 ἐκ
2301 2864 2558 2931 τοσαύτης
2586 2865 2954 2932 λαμπρότητος
2985 2865 3314 2933 ἀπωσθῆναι,
3347 2867 3436 2916 καὶ
3465 2865 3651 2934 άτιμον

2022 2948 2385 3015 ἀναχωρῆσαι,
2431 2949 2567 3015 πόση
2605 2948 2848 3010 κόλασις;
2889 2949 2993 2998 Καὶ
3028 2948 3132 3014 γὰρ
3173 2951 3217 2999 εί
3255 2949 3368 3008 νῦν,
3399 2949 3652 3017 βασιλέως

2023 3032 2762 3100 εἰσελαύνοντος,θεωροῦντες
2789 3033 2984 3091 πολλοὶ,
3012 3034 3101 3085 καὶ
3124 3035 3216 3103 τὴν
3244 3035 3442 3085 ἑαυτῶν
3471 3036 3650 3086 πενίαν

2023 3117 2337 3179 ἐννοοῦντες,
2357 3119 2413 3169 ού
2433 3118 2691 3184 τοσαύτην
2709 3118 2810 3170 ἀπὸ
2825 3119 2921 3188 τῆς
2940 3120 3059 3181 θέας
3076 3121 3426 3190 λαμϐάνουσιν
3445 3122 3648 3189 ἡδονὴν,

2023 3198 2152 3266 ὅσην
2193 3200 2297 3251 ἀπὸ
2334 3200 2423 3251 τοῦ
2463 3202 2679 3269 μηδενὸς
2714 3202 2953 3269 μετέχειν
2984 3203 3087 3254 τῶν
3133 3204 3257 3272 περὶ
3287 3203 3374 3254 τὸν
3416 3203 3649 3271 βασιλέα,

2028 3285 2157 3353 μηδὲ
2189 3287 2347 3351 ἐγγυς
2378 3283 2509 3337 εἶναι
2541 3285 2631 3337 τοῦ
2666 3287 3002 3355 κρατοῦντος,
3043 3287 3273 3356 ἀθυμίαν
3309 3289 3650 3356 ὑπομένουσι,

2022 3370 2073 3420 τί
2100 3370 2216 3420 τότε
2246 3369 2426 3426 Earum:
2461 3372 2525 3422 Ἦ
2565 3373 2761 3439 μικρὰν
2791 3367 2922 3423 εἶναι
2955 3373 3195 3440 νομίζετε
3234 3374 3446 3426 κόλασιν
3487 3375 3543 3425 τὸ
3579 3375 3650 3444 μὴ

2023 3454 2436 3508 κατατάττεσθαι
2469 3458 2522 3510 ἐν
2556 3457 2739 3524 ἐκείνῳ
2769 3457 2841 3523 τῷ
2869 3457 3041 3524 χορῴ;
3079 3457 3134 3507 τὸ
3174 3456 3246 3526 μὴ
3277 3457 3650 3522 καταξιοῦσθαι

2020 3540 2116 3606 τῆς
2136 3539 2438 3607 ἀπορρήτου
2456 3540 2607 3608 δόξης
2623 3558 2634 3602 ;
2653 3541 2709 3590 τὸ
2725 3540 2818 3607 τῆς
2837 3543 3181 3608 πανηγύρεως
3201 3543 3408 3610 ἐκείνης
3436 3546 3524 3594 καὶ
3546 3543 3650 3595 τῶν

2022 3624 2306 3689 ἀφράστων
2339 3624 2551 3689 ἀγαθῶν
2581 3625 2762 3693 πόρρω
2791 3642 2886 3676 που
2925 3628 3013 3677 καὶ
3052 3628 3259 3696 μακρὰν
3291 3629 3646 3698 ἀπερῤῖφθαις

2026 3708 2186 3760 Ὅταν
2214 3709 2266 3759 δέ
2294 3709 2385 3760 καὶ
2419 3705 2676 3781 σκότος
2708 3711 2796 3762 καὶ
2826 3709 3058 3780 βρυγμὸς
3086 3713 3320 3774 ὀδόντων,
3362 3715 3451 3764 καὶ
3481 3717 3648 3782 δεσμά

2023 3793 2170 3864 [295]
2205 3795 2392 3858 ἄλυτα,
2437 3797 2526 3847 καὶ
2569 3796 2775 3864 σκώληξ
2813 3798 3182 3864 ἀτελεύτητος,
3217 3800 3307 3850 καὶ
3350 3800 3453 3869 πῦρ
3494 3801 3648 3850 ἄσϐε-

2025 3895 2162 3943 στον,
2194 3881 2285 3931 καὶ
2317 3881 2488 3947 θλίψις
2517 3882 2605 3931 καὶ
2639 3883 2972 3950 στενοχωρία,
3000 3885 3087 3932 καὶ
3118 3883 3348 3946 γλῶσσαι
3373 3884 3648 3951 τηγανιζό-

2026 3985 2200 4036 μεναι,
2238 3969 2480 4035 καθάπερ
2513 3970 2543 4036 ἡ
2576 3967 2666 4018 τοῦ
2698 3968 2962 4030 πλουσίου,
2999 3970 3090 4020 καὶ
3128 3968 3528 4037 όλοφυρώμεθα,
3561 3973 3646 4022 καὶ

2026 4052 2206 4118 μηδεὶς
2245 4052 2431 4121 ἀκούῃ,
2482 4054 2568 4104 καὶ
2610 4053 2889 4120 στένωμεν,
2943 4054 3032 4103 καὶ
3078 4053 3355 4122 βρύχωμεν
3403 4055 3502 4105 ὑπδ
3544 4056 3647 4106 ’τῶν

2022 4136 2342 4201 ἀλγηδόνων,
2383 4138 2470 4187 καὶ
2507 4137 2686 4204 μηδεὶς
2717 4139 2967 4206 προσέχῃ,
3017 4145 3106 4189 καὶ
3149 4140 3416 4207 πανταχοῦ
3449 4141 3648 4206 βλέπω-

2027 4236 2142 4285 μεν,
2171 4223 2260 4270 καὶ
2293 4222 2530 4289 μηδαμοῦ
2568 4223 2746 4289 μηδεὶς
2773 4226 2800 4272 ό
2829 4224 3296 4292 παραμυθούμενος
3382 4241 3393 4251 ·
3427 4225 3524 4274 ποῦ
3558 4227 3650 4275 τά-

2025 4304 2181 4368 ξομεν
2222 4309 2338 4365 τοὺς
2382 4309 2436 4355 ἐν
2478 4307 2676 4367 τούτοις
2703 4309 2884 4371 ὄντας
2920 4309 3048 4358 τίδὲ
3083 4309 3297 4359 ἐκείνων
3333 4308 3646 4376 ἀθλιώτερον

2022 4390 2126 4440 τῶν
2151 4391 2358 4457 ψυχῶν;
2387 4392 2436 4441 τί
2469 4393 2519 4442 δὲ
2551 4392 2925 4460 ἐλεεινότερον;

2092 4481 2152 4526 ε’.
2175 4478 2229 4525 Εἰ
2243 4477 2296 4526 δὲ
2314 4478 2386 4536 είς
2401 4477 2757 4543 δεσμωτήριον
2772 4494 2792 4526 ε
2805 4479 3036 4539 ίσιόντες,
3053 4481 3278 4540 καὶτοὺς
3297 4481 3390 4546 μὲν
3407 4485 3652 4552 αύχμων-

2023 4578 2118 4621 τας
2147 4561 2390 4628 ὁρῶντες,
2423 4563 2544 4620 τοὺς
2577 4561 2628 4610 δὲ
2670 4561 2904 4628 σιδηραῖς
2935 4562 3146 4612 ἁλύσεσι
3173 4564 3492 4630 δεδεμένους,
3525 4571 3645 4631 τοὺς

2023 4647 2076 4697 δὲ
2107 4647 2276 4710 σκότῳ
2307 4646 2864 4711 κατακεκλεισμένους,
2896 4647 3303 4715 κατακλώμεθα,
3339 4652 3642 4718 φρίττομεν,

2025 4733 2194 4782 πάντα
2243 4732 2542 4796 πράττομεν
2583 4732 2716 4798 ὑπὲρ
2761 4731 2850 4781 τοῦ
2886 4733 2960 4799 μὴ
3004 4735 3253 4800 ἐμπεσεῖν
3287 4737 3362 4794 εἰς
3400 4737 3644 4804 τοιαύτην

2024 4816 2258 4881 ἀνάγκην
2293 4816 2381 4864 καὶ
2418 4814 2585 4879 θλίψιν
2611 4832 2622 4843 ·
2656 4817 2777 4865 ὅταν
2809 4816 3137 4884 ἀπαγώμεθα
3179 4822 3253 4878 είς
3297 4821 3430 4869 αύτά
3458 4822 3522 4870 τά
3553 4823 3645 4888 τῆς

2023 4900 2238 4965 γεέννης
2288 4899 2666 4966 βασανιστήρια
2707 4901 2986 4968 δεδεμένοι,
3033 4905 3162 4962 τίνες
3201 4904 3454 4969 ἐσόμεθας
3498 4905 3548 4955 τί
3590 4907 3643 4957 δὲ

2024 4985 2321 5052 πράξομεν;
2356 4985 2424 5035 Ού
2453 4986 2556 5054 γὰρ
2582 4990 2641 5036 ἐκ
2673 4988 2878 5054 σιδήρου
2908 4987 2972 5036 τὲι
2997 4988 3161 5053 δεσμά
3190 4989 3383 5050 ἐκεῖνα,
3408 4990 3516 5041 ἀλλ’
3542 4992 3645 5043 ἀπὸ

2025 5072 2186 5135 πυρός
2211 5071 2341 5119 εἰσιν
2366 5072 2609 5120 οὐδέποτε
2639 5071 3004 5137 σϐεννυμένου,
3036 5074 3148 5122 οὐδὲ
3175 5075 3415 5141 ὁμότιμοί
3436 5095 3571 5136 τινες
3597 5081 3642 5129 οί

2024 5155 2313 5218 ἐφεστῶτες
2332 5156 2475 5221 ἡμῖν,
2501 5155 2589 5213 οὓς
2609 5156 2696 5203 καὶ
2714 5157 3107 5221 ἐκμειλίξασθαι
3137 5160 3383 5220 πολλάκις
3412 5163 3505 5219 ἔνι,
3530 5163 3642 5213 ἀλλ’

2023 5239 2232 5302 ἄγγελοι
2281 5239 2490 5304 φοϐεροὶ
2535 5241 2622 5288 καὶ
2665 5242 3016 5306 ἀσυμπαθεῖς,
3067 5237 3141 5302 οἷς
3184 5245 3296 5293 ούδὲ
3337 5247 3644 5312 ἀντιϐλέψαι

2023 5323 2255 5380 δυνατὸν,
2293 5323 2527 5390 σφώρῶς
2562 5324 2693 5389 ὑπὲρ
2731 5318 2800 5373 ῶν
2831 5325 2914 5374 τὸν
2949 5327 3213 5393 Δεσπότην
3243 5326 3531 5394 ύϐρίσαμεν
3555 5332 3643 5398 ὁρ-

2024 5410 2308 5476 γιζόμενοι.
2348 5411 2455 5459 υύκ
2487 5409 2612 5470 ἔστι,
2649 5409 2888 5477 καθάπερ
2922 5412 3164 5471 ἐνταῦθα,
3196 5413 3314 5471 τοὺς
3352 5415 3446 5479 μὲν
3475 5415 3644 5482 ἀργύ-

2089 5599 2110 5622 ⁸
2137 5598 2214 5643 Sic
2250 5599 2455 5646 Comerl.
2506 5599 2553 5644 In
2598 5600 2736 5645 Smil.
2767 5609 2924 5646 aulam
2966 5603 3125 5646 οὐδένα
3151 5604 3292 5654 οὕτως
3329 5604 3470 5657 (lxxiv,
3516 5603 3667 5653 οὐδέιο.

2029 5673 2100 5705 να,
2129 5668 2203 5703 mc
2234 5660 2326 5712 ,ila
2352 5666 2396 5703 ut
2426 5661 2661 5705 sententia
2688 5662 2964 5720 Imperfecla
2988 5675 3038 5704 os
3068 5670 3131 5705 ιιι.
