4000 6220
346 359 458 415 2‘85

351 469 480 522 ριον,
513 456 632 516 τοὺς
660 455 713 507 δὲ
743 456 973 525 τροφὰς,
1007 459 1129 519 τοὺς
1162 457 1215 508 δὲ
1243 458 1429 523 λόγους
1467 458 1779 524 εἰσάγοντας
1814 471 1990 526 παρα-

347 538 632 605 κλητικούς
686 540 827 606 ἰδεῖν,
875 543 966 593 καὶ
1015 543 1358 611 παραμυθίας
1401 545 1597 612 τυχεῖν,
1641 542 1773 596 ἀλλά
1819 545 1991 595 πάντα

346 625 461 675 ἐκεῖ
497 625 867 692 ἀσύγγνωστα.
905 629 1020 681 Κᾶν
1060 629 1181 681 Νῶε
1220 625 1274 700 ᾖ,
1320 630 1420 683 κᾶν
1452 629 1590 693 Ἰὼϐ,
1635 630 1735 684 κᾶν
1776 630 1989 699 Δανιὴλ,

345 710 439 761 καὶ
469 712 593 775 τοὺς
629 714 855 775 οἰκείους
880 715 1023 767 ἴδωσι
1051 715 1457 784 κολαζομένους,
1482 719 1541 770 οὐ
1567 717 1799 786 τολμῶσι
1825 735 1990 786 παρα-

346 796 549 864 στῆναι,
580 800 670 850 καί
700 803 853 869 χεῖρα
880 801 1079 869 ὀρέξαι.
1115 802 1220 854 Καὶ⁸
1252 804 1356 872 γὰρ
1391 804 1487 873 τήν
1520 805 1583 856 ἐκ
1613 806 1822 872 φύσεως
1852 821 1986 872 συμ-

343 881 569 934 πάθειαν
599 885 930 953 ἀναιρεῖσθαι
963 886 1082 938 τότε
1115 887 1394 955 συμϐαίνει
1456 889 1670 958 Ἐπειδὴ
1702 889 1808 957 γάρ
1840 889 1985 958 εὑρί-

345 983 557 1019 σκονται
588 969 781 1021 δίκαιοι
809 972 1011 1024 τέκνων
1039 974 1372 1042 ἁμαρτωλῶν
1397 974 1649 1044 πατέρες,
1683 976 1775 1026 καὶ
1805 975 1986 1036 παῖδες

341 1050 532 1118 ἀγαθοὶ
553 1054 751 1118 γονέων
778 1055 1024 1125 πονηρῶν
1048 1056 1126 1124 (οὐ
1149 1057 1253 1127 γὰρ
1280 1057 1488 1124 φύσεώς
1511 1061 1672 1118 ἐστιν,
1696 1059 1826 1111 ἀλλὰ
1851 1058 1986 1126 γνώ-

343 1152 449 1204 μης
479 1138 547 1190 τά
575 1138 758 1205 κακὰ),
791 1139 926 1192 ὥστε
966 1141 1212 1209 καθαρὰν
1237 1144 1416 1206 αὐτοῖς
1441 1139 1575 1196 εἶναι
1602 1143 1697 1213 τὴν
1725 1143 1987 1212 εὐφροσύ-

338 1237 452 1291 νην,
491 1223 582 1275 καὶ
623 1223 694 1292 μή
735 1227 804 1294 τῇ
842 1226 939 1295 τῆς
987 1227 1321 1295 συμπαθείας
1359 1229 1568 1298 ἀνάγκῃ
1619 1227 1982 1281 κατακλᾶσθαι

335 1308 460 1368 τοὺς
507 1308 870 1372 ἀπολαύοντας
914 1310 1021 1363 τῶν
1067 1312 1282 1379 ἀγαθῶν
1333 1314 1582 1378 ἐκείνων,
1637 1315 1728 1366 καί¹
1784 1315 1984 1382 ταύτην

338 1391 656 1446 σϐέννυσθαι
686 1395 803 1446 τότε
833 1395 966 1460 ἐστὶ,
995 1397 1086 1448 καὶ
1119 1397 1310 1460 αὐτοὺς
1337 1402 1760 1466 συναγανακτεῖν
1788 1399 1864 1468 τῷ
1892 1402 1984 1450 Δε-

337 1477 509 1550 σπότῃ
551 1479 686 1532 κατὰ
733 1480 839 1532 τῶν
879 1482 1090 1533 οἰκείων
1134 1483 1466 1552 σπλάγχνων.
1514 1485 1570 1537 EE
1615 1485 1722 1555 γάρ
1766 1487 1857 1538 καὶ
1891 1485 1983 1537 νῦν

332 1578 495 1628 τινες,
530 1563 654 1618 ὅταν
684 1565 830 1617 ῖδωσι
851 1566 1080 1632 φαύλους
1102 1569 1224 1630 τοὺς
1248 1570 1419 1622 αὐτῶν
1442 1569 1650 1633 παῖδας,
1678 1571 1982 1641 ἀποκηρύτ-

331 1663 501 1712 τουσι,
541 1649 631 1702 καὶ
663 1651 757 1715 τῆς
799 1652 1110 1719 συγγενείας
1149 1655 1534 1724 ἀποτέμνουσι,
1576 1657 1752 1726 πολλῷ
1788 1657 1981 1727 μᾶλλον

332 1733 392 1784 ἐν
417 1735 482 1802 τῇ
528 1735 700 1804 κρίσει
734 1735 892 1788 τοῦτο
929 1739 1232 1806 γενήσεται.
1275 1738 1568 1810 Τοιγαροῦν
1603 1742 1788 1812 μηδεὶς
1829 1743 1978 1795 ἐλπι-

331 1814 488 1879 ζέτω,
519 1821 724 1889 χρηστά
750 1822 822 1890 μὴ
849 1823 1236 1892 ἐργασάμενος,
1260 1827 1310 1876 τί
1345 1827 1592 1896 χρηστὸν,
1625 1828 1722 1880 κᾶν
1756 1830 1979 1898 μυρίους

329 1902 428 1977 ιχῃ
452 1907 744 1975 προγόνους
763 1909 1017 1973 δικαίους.
1041 1912 1327 1978 Ἕκαστος
1346 1916 1454 1983 γὰρ
1477 1917 1798 1984 κομίσεται,
1825 1918 1976 1986 φησὶ,

327 1989 402 2041 τὰ
435 1989 529 2044 διὰ
566 1990 672 2044 τοῦ
710 1993 996 2062 σώματος,
1031 1996 1176 2063 πρὸς
1207 1997 1244 2050 d
1280 1999 1554 2065 ἔπραξεν,
1591 2003 1708 2053 εἴτε
1735 2002 1975 2069 ἀγαθόν,

324 2075 447 2128 εἴτε
487 2080 694 2132 κακόν.
732 2079 1093 2150 Ἀκούσωμεν,
1126 2086 1440 2158 παρακαλῶ,
1472 2089 1562 2139 καὶ
1597 2089 1973 2158 σωφρονῶμεν.

330 2162 426 2214 Ἂν
453 2161 562 2233 πῦρ
591 2164 717 2236 ἔχῃς
736 2165 1023 2235 ἐπιθυμίας
1045 2171 1301 2240 πονηρᾶς,
1328 2172 1571 2241 ἐννόησον
1593 2174 1687 2242 τῆς
1709 2175 1976 2236 κολάσεως

325 2246 536 2316 ἐκείνης
558 2248 616 2300 τὸ
637 2249 764 2318 πῦρ,
794 2253 885 2302 καὶ
913 2253 1066 2304 τοῦτο
1094 2255 1455 2308 κατασϐεσθὲν
1481 2257 1702 2325 οἴχεται.
1738 2260 1832 2310 "Av
1859 2258 1976 2327 βου-

323 2329 490 2402 ληθῇς
514 2332 839 2402 φθέγξασθαί
873 2354 924 2388 τι
960 2338 1063 2391 τῶν
1094 2340 1324 2400 ἀτόπων,
1352 2343 1597 2411 ἐννόησον
1622 2343 1710 2395 τὸν
1737 2343 1974 2413 βρυγμὸν

323 2431 431 2487 τῶν
467 2434 708 2499 ὀδόντων,
750 2438 841 2490 καὶ
871 2438 1082 2507 χαλινὸς
1119 2440 1266 2493 ἔσται
1301 2459 1379 2494 σοι
1419 2443 1706 2511 φόϐος.’¹Αν
1733 2446 1973 2514 ἁρπάσαι

325 2517 574 2595 θελήσῃς,
601 2522 825 2575 ἄκουσον
853 2523 943 2575 τοῦ
978 2525 1224 2578 δικαστοῦ
1249 2527 1511 2595 λέγοντος,
1534 2529 1760 2594 Δήσατε
1790 2533 1972 2586 αὐτοῦ

319 2605 522 2676 χεῖρας
547 2607 642 2659 καί
666 2607 870 2673 πόδας,
894 2611 991 2662 καὶ
1011 2611 1231 2672 ,ϐάλετε
1258 2615 1440 2666 αὐτὸν
1466 2617 1549 2678 εἰς
1579 2615 1643 2667 τὸ
1672 2616 1886 2681 σκότος
1905 2620 1971 2672 τὸ

319 2692 625 2760 ἐξώτερον,
653 2695 743 2746 καὶ
767 2695 966 2764 ταύτην
992 2696 1236 2760 ἐκϐαλεῖς
1257 2697 1351 2768 τὴν
1373 2697 1676 2768 ἐπιθυμίαν.
1708 2702 1802 2752 Ἂν
1826 2702 1971 2771 ώμὸς

322 2780 417 2833 καὶ
447 2778 754 2850 ἀνελεήμων
783 2780 869 2854 ᾗς,
899 2783 1267 2853 ἀναμνήσθητι
1292 2785 1398 2836 τῶν
1424 2784 1703 2855 παρθένων
1731 2789 1965 2852 ἐκείνων,

320 2863 399 2930 αἳ,
441 2864 545 2917 τῶν
587 2864 876 2934 λαμπάδων
911 2868 1084 2920 αὐτῶν
1127 2868 1444 2922 σϐεσθεισῶν
1484 2871 1569 2924 διά
1611 2871 1670 2923 τὺ
1716 2873 1788 2943 μή
1829 2874 1971 2944 ἐχειν

319 2949 518 3014 ἔλαιον,
546 2950 638 3004 τοῦ
677 2954 957 3022 νυμφῶνος
986 2953 1257 3020 ἐξέπεσον,
1289 2955 1380 3007 καὶ
1411 2957 1616 3024 ταχέως
1649 2958 1746 3028 ἔσῃ
1785 2961 1968 3026 φιλάν-

319 3034 554 3106 θρωπος.
587 3039 680 3090 "Av
712 3039 928 3108 μεθύειν
957 3041 1048 3092 καὶ
1077 3043 1284 3110 τρυφᾷν
1311 3041 1598 3112 ἐπιθυμῇς,
1629 3044 1850 3096 ἄκουσον
1875 3046 1966 3098 τοῦ

320 3123 570 3176 πλουσίου
606 3125 867 3192 λέγοντος,
893 3128 1136 3195 Πέμψον
1161 3127 1441 3193 Λάζαρον,
1479 3130 1564 3180 ἵνα
1599 3129 1749 3200 ἄκρῳ
1776 3131 1851 3201 τῷ
1878 3132 1966 3186 δα-

318 3208 496 3280 κτύλῳ
536 3210 814 3281 καταψύξῃ
862 3213 957 3282 τὴν
994 3214 1416 3284 τηγανιζομένην
1461 3215 1727 3284 γλῶσσαν,
1771 3218 1862 3270 καίΙ
1907 3219 1965 3271 οὐ

314 3295 668 3366 τυγχάνοντος
701 3297 798 3365 τῆς
821 3299 1104 3366 αἰτήσεως,
1132 3301 1223 3350 καὶ
1238 3301 1440 3368 ταχέως
1456 3303 1737 3373 ἀποστήσῃ
1752 3303 1843 3355 τοῦ
1864 3305 1967 3356 πά-

317 3381 440 3446 θους
470 3381 639 3454 [294].
685 3385 792 3436 Καὶ
825 3384 890 3435 τά
933 3383 1064 3437 ἀλλα
1096 3385 1150 3436 δὲ
1187 3386 1360 3437 πάντα
1395 3386 1567 3456 τούτῳ
1609 3388 1967 3458 κατορθώσεις

313 3466 391 3536 τῷ
417 3469 600 3538 τρόπῳ
629 3483 640 3495 ·
674 3468 823 3521 οὐδὲν
856 3471 962 3538 γὰρ
989 3469 1240 3538 φορτικὸν
1279 3471 1534 3536 ἐπέταξεν
1560 3473 1587 3523 ό
1610 3470 1758 3534 Θεός.
1798 3472 1967 3526 Πόθεν

313 3547 404 3604 οῦν
433 3554 661 3622 φορτικά
702 3553 944 3620 φαίνεται
985 3555 1052 3606 τά
1090 3555 1470 3625 ἐπιτάγματα;
1502 3555 1636 3609 Ἀπὸ
1670 3557 1770 3627 τῆς
1803 3559 1966 3629 ῥᾳθυο

315 3639 443 3706 μίας
471 3639 567 3708 τῆς
598 3640 886 3709 ἡμετέρας.
920 3639 1126 3708 ’Ὠσπερ
1155 3641 1279 3709 γὰρ,
1315 3641 1410 3693 ἐὰν
1444 3641 1844 3713 σπουδάζωμεν,
1873 3646 1964 3698 καὶ

309 3723 380 3778 τὰ
414 3724 668 3778 δοκοῦντα
709 3725 877 3794 βαρέα
918 3725 1089 3792 κοῦφα
1127 3727 1276 3780 ἐσται
1317 3728 1410 3778 καὶ
1449 3726 1622 3796 ῥᾴδια,
1651 3727 1840 3794 οὕτως,
1869 3731 1963 3784 ἐάν

312 3826 662 3898 ρᾳθυμῶμεν,
683 3829 774 3880 καὶ
792 3829 856 3880 τὰ
875 3828 1083 3899 φορητά
1106 3831 1348 3896 φανεῖται
1368 3828 1597 3883 δύσκολα
1616 3832 1767 3900 ήμῖν.
1789 3833 1964 3903 ’Ἀπερ

309 3912 524 3966 ἅπαντα
547 3914 907 3983 λογισάμενοι.
942 3915 1014 3984 μὴ
1049 3915 1174 3977 τούς
1205 3915 1522 3985 τρυφῶντας
1555 3915 1960 3986 μακαρίζωμεν,

307 3996 442 4050 ἀλλά
463 3998 522 4049 τὸ
540 3999 688 4060 τέλος
711 3999 884 4050 αὐτῶν
916 3999 1199 4068 ἐννοῶμεν.
1221 4001 1233 4020 ’
1249 3998 1490 4054 Ενταῦθα
1515 4001 1613 4070 μὲν
1637 4002 1745 4070 γάρ
1764 4002 1963 4072 κόπρος

308 4083 407 4138 καὶ
447 4083 800 4155 πολυσαρκία,
836 4086 948 4136 ἐκεῖ
976 4086 1032 4137 δὲ
1063 4084 1276 4155 σκώληξ
1303 4085 1393 4139 καὶ
1432 4084 1561 4157 πῦρ.
1591 4087 1683 4156 Μὴ
1709 4088 1834 4149 τοὺς
1862 4088 1961 4157 ἀρφ

308 4169 596 4233 πάζοντας,
636 4170 769 4222 ἀλλά
798 4169 850 4222 τί
878 4170 938 4223 τὸ
966 4170 1114 4233 τέλος
1146 4171 1342 4224 αὐτῶν.
1386 4171 1649 4224 Ἐνταῦθα
1687 4173 1961 4241 φροντίδες

307 4275 401 4328 καὶ
435 4274 604 4340 πόνοι,
649 4276 766 4327 ἐκεῖ
807 4275 980 4344 δεσμά
1019 4274 1186 4327 ἀλυτα
1217 4274 1311 4327 καὶ
1347 4273 1534 4335 σκότος
1561 4273 1840 4344 ἐξώτερον.
1870 4276 1961 4346 Μὴ

304 4363 429 4424 τοὺς
471 4361 622 4430 δόξης
649 4361 906 4431 ἐρῶντας,
952 4359 1084 4412 ἀλλά
1116 4361 1168 4412 τί
1196 4360 1256 4412 τὸ
1286 4359 1436 4422 τέλος
1464 4359 1659 4413 αὐτῶν.
1703 4359 1961 4414 Ἐνταῦθα

305 4448 514 4502 δουλεία
542 4447 632 4501 καὶ
662 4447 929 4517 εἰρωνεία,
959 4448 1071 4499 ἐκεῖ
1102 4445 1271 4517 ζημία
1299 4447 1461 4515 πολλὴ
1502 4447 1594 4500 καὶ
1623 4445 1683 4498 τὸ
1717 4446 1957 4516 διηνεκὲς

305 4533 714 4605 ἐμπυρίζεσθαι.
735 4535 833 4587 Ἂν
854 4532 1022 4596 οὕτως
1042 4535 1250 4596 ἐαυτοῖς
1270 4531 1656 4602 διαλεγώμεθα,
1679 4532 1958 4587 καὶταῦτα

305 4623 399 4674 καὶ
425 4621 494 4672 τά
517 4619 738 4673 τοιαῦτα
772 4618 1004 4689 συνεχῶς
1037 4618 1322 4690 ἐπᾴδωμεν
1353 4620 1468 4679 ταῖς
1511 4620 1769 4687 πονηραῖς
1803 4617 1957 4687 ήμῶν

305 4708 637 4778 ἐπιθυμίαις,
669 4707 874 4776 ταχέως
900 4707 992 4758 καὶ
1024 4706 1220 4758 κακίαν
1255 4702 1599 4772 ἐκφύγωμεν,
1637 4704 1729 4757 καὶ
1759 4705 1955 4774 ἀρετὴν

305 4794 740 4866 κατορθώσομεν,
776 4793 868 4844 καὶ
899 4791 988 4842 τὸν
1023 4792 1130 4842 τῶν
1159 4791 1435 4860 παρόντων
1461 4789 1635 4859 ἐρωτα
1669 4788 1953 4860 σϐέσομεν,

305 4883 398 4936 καὶ
429 4883 518 4934 τὸν
550 4882 657 4933 τῶν
701 4880 997 4951 μελλόντων
1033 4877 1324 4945 ἀνάψομεν.
1367 4877 1430 4929 Τί
1463 4876 1568 4946 γὰρ
1599 4876 1711 4947 ἔχει
1752 4877 1820 4929 τά
1855 4894 1956 4931 πα·

308 4969 467 5040 ρόντα
504 4968 733 5036 βέϐαιον,
759 4966 794 5037 ἢ
825 4965 874 5018 τί
903 4965 1050 5032 ξένον
1076 4965 1162 5016 καὶ
1196 4963 1513 5033 παράδοξον,
1541 4965 1619 5019 ὅτι
1649 4967 1824 5018 πᾶσαν
1856 4964 1955 5034 τὴν

307 5054 537 5123 σπουδήν
565 5055 641 5115 εἰς
671 5052 806 5105 αὐτά
833 5051 1232 5120 ἀναλίσκωμενς
1259 5050 1391 5119 Οὐχὶ
1414 5048 1482 5101 τά
1509 5049 1646 5102 αὐτά
1668 5049 1952 5113 διαπαντὸς

303 5143 516 5212 δρῶμεν
546 5137 1003 5207 ἀνακυκλούμενα,
1028 5133 1135 5190 οἷον
1187 5137 1365 5206 ἡμέρα
1411 5135 1503 5188 καὶ
1553 5135 1664 5199 νὺξ,
1714 5137 1807 5201 νὺξ
1859 5139 1951 5189 καὶ

301 5231 500 5299 ἡμέρα,
533 5225 734 5297 χειμὼν
765 5224 856 5277 καὶ
891 5224 1063 5292 θέρος,
1099 5224 1249 5294 θέρος
1279 5223 1371 5276 καὶ
1409 5218 1630 5291 χειμὼν,
1664 5221 1755 5272 καὶ
1793 5219 1949 5274 πλέον

303 5316 480 5380 οὐδέν;
530 5312 844 5381 Ἀνάψωμεν
888 5310 1060 5363 τοίνυν
1110 5310 1214 5362 τῶν
1262 5309 1553 5378 μελλόντων
1598 5305 1811 5374 ἀγαθῶν
1858 5305 1948 5358 τὸν

305 5403 486 5456 πόθον.
528 5400 746 5467 Μεγάλη
791 5397 898 5467 γὰρ
944 5396 1224 5450 ἀπόκειται
1260 5395 1380 5460 δόξα
1415 5397 1524 5456 τοῖς
1566 5392 1823 5455 δικαίοις,
1856 5394 1946 5445 καὶ

303 5492 369 5559 ἢν
396 5490 494 5542 οὐκ
523 5486 598 5539 ἐνι
628 5485 967 5554 παραστῆσαι
993 5482 1151 5549 λόγῳ.
1179 5472 1263 5532 (Td:
1292 5481 1396 5549 γὰρ
1428 5478 1652 5549 σώματα
1685 5478 1818 5548 μετὰ
1848 5479 1945 5546 τὴν

302 5580 590 5632 ἀνάστασιν
653 5569 1006 5629 ἀπολαϐόντες
1063 5565 1330 5636 ἄφθαρτα,
1393 5562 1792 5630 συνδοξάζονται
1858 5566 1944 5617 καὶ

308 5659 752 5736 συμϐασιλεύουσι
781 5656 855 5727 τῷ
888 5653 1120 5726 Χριστῷ.

1115 342 1170 396 S.
1208 341 1490 398 JOANNIS
1527 341 2010 398 CHRYSOSTOMI
2049 340 2359 399 ARCHIEP.
2395 347 2933 406 CONSTANTINOP.

3627 354 3734 409 286

2167 459 2227 522 ς’.
2253 459 2419 513 Τοῦτο
2432 462 2486 514 δέ
2507 463 2689 532 ἡλίκον
2713 465 2877 526 ἐστὶν,
2897 460 3140 519 ἐντεῦθεν
3155 456 3406 527 εἰσόμεθα
3420 470 3434 486 ·
3463 453 3657 524 μᾶλλον
3679 462 3731 505 οι

2096 543 2280 610 σαφῶς
2311 547 2408 614 μὲν
2444 547 2736 616 οὐδαμόθεν
2762 545 3015 616 εἰσόμεθα
3043 561 3056 574 ·
3092 543 3230 596 ὥστε
3255 542 3311 594 δὲ
3339 539 3445 594 ἀπὸ
3472 539 3577 591 τῶν
3607 539 3731 607 παρ’

2095 630 2224 698 ἡμῖν
2253 633 2471 698 ἀγαθῶν
2499 633 2832 703 ἀναχθέντες,
2863 631 3061 702 μικρὰν
3085 629 3210 697 γοῦν
3233 645 3351 680 τινα
3377 626 3624 694 λάϐωμεν
3651 622 3734 675 ἐν-

2094 732 2258 779 νοιαν,
2274 717 2349 780 ὡς
2371 719 2433 770 ἂν
2454 713 2560 781 οἶός
2577 735 2635 770 τε
2654 713 2718 784 ῶ,
2741 718 3080 789 παραστῆσαι
3097 715 3421 784 πειράσομαι
3447 712 3504 764 τὸ
3530 709 3730 778 λεχθέν.

2093 802 2226 854 Εἰπὲ
2253 804 2359 873 γάρ
2391 821 2499 873 μοι,
2528 805 2580 857 εῐ
2601 805 2684 867 τίς
2709 822 2766 857 σε
2789 803 3151 873 γεγηρακότα,
3182 803 3271 853 καὶ
3304 801 3359 851 ἐν
3385 797 3541 866 πενίᾳ
3562 795 3733 858 ζῶντα

2093 890 2450 959 ἐπηγγέλλετο
2473 895 2714 961 ποιήσειν
2737 891 2991 958 ἐξαίφνης
3016 889 3148 951 νέον,
3178 887 3270 940 καὶ
3298 888 3374 948 εἰς
3402 884 3565 952 αὐτὴν
3589 883 3732 945 ἄξειν

2091 974 2191 1042 τῆς
2221 975 2435 1044 ήλικίας
2461 977 2559 1047 τὴν
2589 977 2786 1047 ἀκμὴν,
2825 976 2915 1029 καί
2949 975 3146 1043 σφόδρα
3181 971 3392 1045 ἰσχυρὸν
3417 970 3509 1023 καὶ
3539 969 3731 1037 ὡραῖον

2095 1061 2230 1131 ὑπὲρ
2274 1063 2479 1124 πάντας
2507 1063 2951 1123 κατασκευάσειν,
2981 1061 3072 1112 καί⁷
3115 1057 3383 1127 βασιλείαν
3410 1055 3596 1107 δώσειν
3637 1056 3732 1121 τῆς

2091 1146 2192 1214 γῆς
2221 1147 2433 1217 ἀπάσης
2455 1149 2546 1200 ἐπὶ
2570 1148 2711 1200 ἔτεσι
2743 1147 2946 1216 χιλίοις,
2975 1143 3245 1214 βασιλείαν
3268 1142 3485 1212 εἰρήνην
3511 1139 3731 1207 ἔχουσαν

2092 1231 2412 1302 βαθυτάτην,
2445 1232 2496 1284 τί
2521 1234 2618 1286 οὐκ
2643 1233 2706 1286 ἂν
2739 1232 2875 1302 ὑπὲρ
2907 1231 3104 1300 ταύτης
3132 1230 3270 1280 εἵλου
3299 1227 3395 1294 τῆς
3432 1224 3730 1284 ὑποθέσεως

2090 1318 2182 1369 καὶ
2223 1319 2441 1388 ποιῆσαι
2482 1320 2572 1371 καί
2613 1320 2828 1379 παθεῖνς
2873 1317 3000 1370 Ἰδοὺ
3039 1316 3230 1372 τοίνυν.
3273 1316 3301 1365 ό
3344 1311 3571 1380 Χριστὸς
3614 1310 3730 1376 οὐχὶ

2087 1403 2278 1466 ταῦτα,
2324 1404 2457 1456 ἀλλά
2502 1404 2676 1473 πολλῷ
2724 1405 2937 1474 μείζονα
2981 1402 3180 1455 τούτων
3219 1397 3623 1465 ἐπαγγέλλεται.
3655 1396 3728 1446 Οὐ

2089 1491 2194 1562 γάρ
2221 1493 2342 1544 ὅσον
2372 1494 2552 1562 γήρως
2574 1494 2667 1545 καὶ
2691 1493 2932 1561 νεότητος
2964 1491 3022 1543 τὸ
3057 1489 3235 1559 μέσον,
3261 1485 3505 1538 τοσοῦτον
3531 1483 3728 1551 φθορᾶς

2089 1579 2182 1631 καὶ
2211 1578 2513 1648 ἀφθαρσίας
2534 1579 2593 1630 τὸ
2619 1579 2866 1648 διάφορον
2896 1595 2910 1610 ο
2939 1576 3055 1630 οὐδὲ
3083 1577 3202 1628 ὅσον
3231 1571 3494 1642 βασιλείας
3521 1571 3613 1621 καὶ
3640 1584 3705 1618 πε

2088 1664 2222 1728 νίας,
2250 1665 2497 1718 τοσοῦτον
2523 1664 2619 1734 τῆς
2642 1664 2795 1733 δόξης
2822 1664 2919 1733 τῆς
2949 1661 3221 1730 παρούσης
3257 1659 3349 1710 καὶ
3380 1657 3477 1724 τῆς
3513 1654 3730 1723 μελλού-

2089 1769 2186 1820 σης
2217 1767 2230 1781 ·
2265 1752 2379 1804 ἀλλ’
2412 1752 2534 1804 ὅσον
2562 1752 2849 1821 ὀνειράτων
2882 1749 2972 1802 καὶ
3003 1745 3276 1816 ἀληθείας.
3313 1742 3524 1796 Μᾶλλον
3552 1741 3606 1792 δὲ
3638 1741 3727 1791 0'5-

2085 1838 2172 1891 δὲν
2202 1837 2407 1890 οὐδέπω
2439 1840 2633 1907 εἴρηκα
2665 1855 2678 1868 ο
2719 1835 2837 1889 οὐδέ
2865 1835 2972 1904 γάρ
3003 1835 3114 1886 ἐστι
3151 1832 3304 1898 λόγος
3343 1829 3519 1890 ἱκανὸς
3548 1844 3727 1894 παρα-

2087 1927 2277 1993 στῆσαι
2317 1924 2378 1976 τδ
2412 1923 2638 1993 μέγεθος
2660 1923 2758 1992 τῆς
2785 1922 3038 1990 διαφορᾶς
3063 1919 3170 1971 τῶν
3197 1916 3466 1986 ἐσομένων
3497 1913 3628 1982 πρὸς
3658 1913 3728 1963 τὰ

2086 2011 2339 2081 παρόντα.
2373 2010 2580 2079 Χρόνου
2625 2010 2681 2062 δὲ
2727 2010 2908 2062 ἕνεκεν
2933 2046 2947 2070 ,
2987 2005 3104 2059 οὐδὲ
3131 2003 3280 2075 [295]
3305 2002 3551 2071 ἐννοῆσαι
3593 1999 3726 2061 ὅλως

2085 2094 2198 2148 ἐστι
2223 2095 2498 2167 διαφοράν.
2528 2095 2652 2158 Πῶς
2681 2095 2788 2165 γὰρ
2824 2095 2886 2148 ἀν
2919 2110 3001 2154 τις
3036 2090 3332 2161 παραϐάλοι
3358 2090 3467 2149 τοῖς
3496 2084 3727 2153 παροῦσι

2083 2181 2226 2251 ζωὴν
2268 2185 2438 2252 πέρας
2481 2182 2578 2236 οὐκ
2616 2181 2872 2252 ἐχουσανς
2911 2173 3020 2248 Τῆς
3060 2179 3116 2230 δέ
3151 2178 3372 2246 εἰρήνης
3407 2171 3623 2226 τοσοῦτο
3665 2169 3726 2220 τὸ

2084 2267 2264 2335 μέσον,
2294 2268 2414 2321 ὅσον
2441 2270 2658 2339 εἰρήνης
2696 2269 2787 2323 καὶ
2820 2266 3052 2336 πολέμου
3083 2265 3142 2318 τὸ
3179 2265 3428 2332 διάφορον
3458 2275 3473 2291 ·
3506 2260 3598 2312 καὶ
3631 2258 3724 2326 τῆς

2081 2353 2282 2423 φθορᾶς
2305 2354 2398 2407 καὶ
2411 2358 2508 2425 τῆς
2532 2354 2853 2425 ἀφθαρσίας,
2877 2354 2996 2406 ὅσον
3019 2351 3185 2421 βώλου
3207 2349 3432 2418 πηλίνης
3448 2346 3475 2398 ὁ
3493 2344 3725 2412 καθαρὸς

2083 2443 2422 2513 μαργαρίτης
2452 2443 2706 2512 ἀμείνων.
2730 2440 2940 2495 Μᾶλλον
2968 2440 3044 2501 δέ,
3075 2439 3172 2491 ὅσα
3203 2436 3267 2489 ἀν
3290 2437 3416 2506 εῐπῃ
3449 2451 3549 2495 τις,
3576 2431 3724 2483 οὐδὲν

2080 2527 2418 2596 παραστῆσαι
2433 2526 2733 2596 δυνήσεται.
2747 2524 2862 2578 Κᾶν
2877 2524 2982 2594 γὰρ
2993 2524 3068 2594 τῷ
3082 2523 3180 2592 τῆς
3201 2523 3410 2582 ἀκτῖνος
3429 2515 3726 2588 παραϐάλω

2078 2611 2286 2677 φωτὶτδ
2311 2612 2501 2674 κάλλος
2522 2612 2625 2664 τῶν
2656 2611 2774 2665 τότε
2800 2611 3079 2680 σωμάτων,
3109 2609 3209 2662 κᾶν
3236 2608 3484 2676 ἀστραπῇ
3517 2606 3582 2673 τῇ
3619 2620 3722 2670 φα-

2076 2697 2286 2766 νοτάτῃ,
2305 2696 2453 2749 οὐδὲν
2468 2697 2672 2750 οὐδέπω
2685 2697 2781 2766 τῆς
2797 2696 3167 2767 λαμπρότητος
3193 2692 3401 2761 ἐκείνης
3423 2690 3568 2755 ἀξιον
3594 2688 3718 2756 ἐρῶ.

2089 2783 2256 2854 ’Υπὲρ
2279 2783 2342 2852 δὴ
2366 2784 2566 2837 τούτων
2599 2785 2736 2837 πόσα
2764 2784 2863 2837 οὐκ
2891 2783 3035 2846 ἀξιον
3063 2780 3320 2852 προέσθαι
3352 2779 3609 2848 χρήματα
3631 2775 3724 2826 καὶ

2078 2867 2328 2937 σώματα;
2353 2870 2546 2938 μᾶλλον
2566 2870 2622 2922 δὲ
2643 2871 2810 2932 πόσας
2831 2870 2927 2922 οὐκ
2943 2869 3086 2931 ἀξιον
3104 2865 3358 2936 προέσθαι
3379 2864 3582 2932 ψυχάς;
3609 2861 3724 2913 Νῦν

2076 2954 2158 3016 δὲ,
2197 2955 2244 3006 εἰ
2290 2956 2388 3023 μέν
2431 2955 2513 3018 τίς
2554 2973 2612 3007 σε
2657 2959 2734 3018 εἰς
2779 2955 3016 3025 βασίλεια
3057 2955 3331 3022 εἰσήγαγε,
3375 2951 3465 3002 καὶ
3508 2949 3723 3001 πάντων

2076 3038 2350 3106 παρόντων
2380 3037 2708 3108 διαλεχθῆναί
2742 3055 2820 3090 σοι
2849 3037 2938 3089 τὸν
2966 3037 3180 3105 βασιλέα
3206 3032 3598 3102 παρεσκεύασε,
3627 3033 3723 3082 καὶ

2073 3124 2439 3193 ὁμοτράπεζον
2479 3123 2622 3193 αὐτῷ
2656 3125 2746 3176 καὶ⁵
2784 3123 3079 3192 ὁμοδίαιτον
3119 3120 3360 3189 ἐποίησε,
3405 3120 3616 3172 πάντων
3654 3117 3723 3169 ἂν

2073 3207 2208 3278 ἔφης
2249 3209 2438 3262 σαυτὸν
2485 3208 2620 3262 εἰναι
2664 3208 3070 3279 μακαριώτερον
3107 3225 3119 3239 ·
3160 3208 3238 3267 εἰς
3277 3205 3332 3256 δέ
3375 3204 3463 3256 τὸν
3495 3205 3720 3272 οὐρανὸν

2077 3292 2280 3362 μέλλων
2320 3293 2613 3364 ἀναϐῆναι,
2644 3295 2733 3346 καὶ
2769 3293 2896 3362 παρ’
2925 3292 3082 3344 αὐτὸν
3121 3289 3334 3343 ἑστάναι
3369 3289 3457 3341 τὸν
3499 3287 3721 3355 βασιλέα

2072 3376 2178 3428 τῶν
2205 3377 2360 3439 ὅλων,
2383 3379 2474 3429 καὶ
2501 3381 2612 3439 τοῖς
2637 3378 2885 3444 ἀγγέλοις
2912 3376 3281 3444 ἀντιλάμπειν,
3309 3374 3398 3426 καὶ
3427 3373 3525 3439 τῆς
3551 3373 3720 3440 ἀπρο-

2074 3462 2218 3513 σίτου
2248 3460 2402 3531 δόξης
2424 3462 2713 3515 ἀπολαύειν
2738 3462 2967 3531 ἐκείνης,
2994 3459 3344 3528 άμφιϐάλλεις
3370 3459 3416 3508 εἰ
3444 3457 3546 3509 δέοι
3581 3473 3718 3524 προ-

2075 3545 2222 3599 έσθαι
2266 3547 2545 3617 χρήματα,
2573 3546 2708 3610 δέον,
2739 3547 2785 3599 εἰ
2817 3545 2910 3598 καὶ
2936 3545 3032 3613 τὴν
3065 3542 3207 3611 ζωὴν
3247 3541 3412 3610 αὐτὴν
3451 3541 3720 3594 ἀποδύσα·

2072 3631 2192 3683 σθαι
2220 3632 2353 3695 ἔδει,
2391 3635 2613 3703 σκιρτᾷν
2646 3633 2735 3686 καὶ
2765 3631 3084 3700 ἀγάλλεσθαι
3127 3630 3218 3682 καὶ
3249 3628 3569 3699 πτεροῦσθαι
3612 3628 3719 3680 ὑπὸ

2068 3717 2167 3786 τῆς
2191 3717 2412 3788 ήδονῆς;
2438 3719 2509 3771 Σὺ
2538 3718 2616 3784 δὲ,
2636 3719 2719 3771 ἵνα
2747 3718 2844 3787 μὲν
2871 3718 3040 3788 ἀρχὴν
3062 3717 3228 3786 λάϐῃς
3255 3714 3350 3785 τὴν
3377 3713 3721 3783 παρέχουσάν

2070 3820 2150 3856 σοι
2193 3804 2402 3857 κλοπῶν
2448 3804 2697 3875 ἀφορμὰς
2741 3805 2820 3873 (οὐ
2864 3804 2970 3872 γὰρ
3011 3803 3195 3873 κέρδος
3233 3801 3293 3854 τὸ
3332 3799 3562 3853 τοιοῦτον
3605 3798 3716 3864 ἐγὼ

2069 3906 2259 3975 καλῶ),
2285 3909 2378 3960 καὶ
2404 3908 2470 3960 τά
2502 3909 2626 3960 ὄντα
2649 3907 2942 3971 ἐκϐάλλεις,
2974 3909 3067 3960 καὶ
3095 3905 3160 3959 τά
3186 3906 3380 3974 ἐτέρων
3404 3904 3712 3970 δανεισάμε-

2069 4011 2177 4060 νος,
2208 3996 2254 4047 εί
2284 3995 2409 4057 δέοι,
2439 3995 2529 4046 καὶ
2553 3995 2650 4062 τὴν
2685 3995 2914 4060 γυναῖκα
2943 3992 3125 4044 καὶτὰ
3147 3992 3305 4043 τέκνα
3337 3989 3621 4042 ὑποθέσθαι
3649 3989 3712 4040 οὐ

2068 4083 2367 4143 κατοκνεῖς,
2401 4079 2499 4149 τῆς
2527 4080 2583 4133 δὲ
2618 4079 2883 4148 βασιλείας
2914 4078 3022 4131 τῶν
3054 4076 3294 4147 οὐρανῶν
3322 4076 3710 4145 προκειμένης,

2065 4165 2162 4234 τῆς
2187 4165 2376 4218 οὐδένα
2409 4165 2646 4234 διάδοχον
2685 4164 2908 4234 ἐχούσης
2937 4163 3125 4233 ἀρχῆς,
3167 4163 3339 4223 ὀκνεῖς
3379 4163 3471 4214 καὶ
3510 4160 3711 4229 ἀναδύῃ

2066 4251 2159 4304 καὶ
2205 4251 2337 4321 πρὸς
2371 4254 2622 4321 χρήματα
2655 4251 2911 4320 κέχηνας;
2944 4251 3036 4302 καὶ
3062 4249 3159 4302 οὐκ
3201 4250 3416 4310 ἐννοεῖς,
3446 4248 3526 4300 ὅτι
3560 4248 3606 4298 εί
3641 4248 3712 4298 τὰ

2067 4338 2200 4406 πρὸς
2229 4339 2372 4406 ἡμᾶς
2402 4337 2494 4389 τοῦ
2537 4338 2760 4408 οὐρανοῦ
2806 4337 2943 4410 μέρη
2989 4335 3127 4389 οὕτω
3175 4335 3311 4388 καλά
3350 4336 3442 4388 καὶ
3484 4333 3709 4404 τερπνά,

2066 4422 2225 4490 ήλίκα
2265 4422 2331 4473 τὰ
2374 4422 2637 4484 ἀνώτατα,
2673 4422 2766 4474 καὶ
2805 4424 2832 4473 ό
2879 4421 2970 4473 τοῦ
3015 4421 3239 4490 οὐρανοῦ
3278 4422 3533 4490 οὐρανός;

2137 4507 2276 4559 Ἀλλ’
2329 4508 2512 4577 ἐπειδὴ
2550 4510 2871 4577 σωματικοῖς
2918 4507 3204 4576 ὀφθαλμοῖς
3247 4507 3413 4559 ταῦτα
3449 4507 3571 4559 ἰδεῖν
3612 4507 3709 4558 οὐκ

2065 4593 2227 4654 ἐστιν,
2250 4593 2475 4662 ἀνάϐηθι
2501 4593 2578 4662 τῷ
2607 4593 2864 4664 λογισμῷ,
2889 4595 2978 4646 καλ⁸
3008 4594 3143 4663 ὑπὲρ
3167 4592 3256 4646 τὸν
3280 4594 3500 4664 οὐρανὸν
3525 4593 3711 4648 τοῦτον

2065 4679 2212 4740 στὰς,
2240 4677 2533 4746 ἀνάϐλεψον
2559 4680 2636 4741 είς
2652 4680 2850 4732 ἐκεῖνον
2872 4680 2961 4732 τὸν
2983 4679 3233 4750 ἀνωτέρω
3254 4678 3440 4732 τούτου
3460 4680 3707 4750 οὐρανὸν,

2063 4767 2139 4827 εἰς
2157 4763 2216 4816 τὸ
2229 4763 2358 4832 ὕψος
2383 4765 2443 4815 τὸ
2466 4763 2705 4834 ἄπειρον,
2731 4766 2810 4828 εἰς
2835 4765 2894 4816 τὸ
2922 4766 3034 4832 φῶς
3055 4764 3116 4817 τὸ
3138 4765 3444 4836 ἀπρόσιτον,
3478 4768 3556 4830 εἰς
3582 4767 3708 4829 τοὺς

2060 4869 2259 4938 δήμους
2287 4866 2393 4919 τῶν
2425 4867 2686 4933 ἀγγέλων,
2714 4868 2792 4928 εἰς
2807 4866 2902 4929 τάς
2919 4864 3096 4930 τάξεις
3110 4867 3216 4919 τῶν
3234 4868 3599 4937 ἀρχαγγέλων,
3626 4871 3708 4931 εἰς

2059 4955 2154 5016 τὰς
2181 4953 2339 5014 ἄλλας
2364 4952 2617 5020 δυνάμεις
2642 4952 2736 5014 τάς
2768 4953 3085 5019 ἀσωμάτους
3103 4969 3117 4984 ο
3151 4953 3239 5005 καὶ
3268 4954 3426 5005 πάλιν
3448 4953 3703 5005 ἐπιλαϐοῦ

2060 5044 2153 5110 τῆς
2178 5040 2305 5108 παρ’
2333 5039 2463 5108 ήμῖν
2496 5037 2716 5099 εἰκόνος,
2749 5037 2988 5101 καταϐὰς
3021 5037 3243 5100 ἀνωθεν,
3274 5038 3367 5090 καὶ
3397 5038 3709 5106 ὑπόγραψόν

2063 5143 2149 5196 μοι
2173 5126 2239 5177 τὰ
2269 5123 2393 5194 περὶ
2420 5123 2509 5174 τὸν
2539 5122 2756 5190 βασιλέα
2789 5122 2879 5174 τὸν
2919 5123 3009 5175 ἐπὶ
3039 5124 3160 5192 γῆς,
3188 5119 3316 5185 οἷον,
3345 5123 3540 5193 ἄνδρας
3569 5141 3700 5193 χρυ-

2059 5211 2433 5282 σοφοροῦντας,
2468 5209 2560 5262 καὶ
2587 5205 2774 5276 ζεῦγος
2798 5207 3002 5262 λευκῶν
3029 5210 3264 5279 ἡμιόνων
3289 5208 3472 5278 χρυσῷ
3497 5210 3698 5262 καλλω-

2058 5298 2356 5366 πιζομένων
2401 5295 2492 5347 καὶ
2530 5295 2708 5363 ὄχημα
2739 5293 3127 5364 λιθοκόλλητον,
3158 5295 3249 5347 καὶ
3287 5294 3492 5345 πέταλα
3525 5294 3696 5366 τούτῳ

2058 5401 2120 5436 πε
2131 5382 2454 5452 ρισειόμενα,
2475 5381 2566 5431 καὶ
2579 5380 2869 5448 δράκοντας
2886 5381 2942 5431 ἐν
2961 5380 3191 5448 ἱματίοις
3205 5395 3302 5448 σχη
3312 5379 3701 5448 ματιξομένους

2056 5485 2310 5553 σηρικοῖς,
2342 5483 2431 5533 καὶ
2459 5481 2681 5543 ἀσπίδας
2718 5481 2945 5551 χρυσοῦς
2973 5481 3194 5551 ἐχούσας
3223 5481 3544 5549 ὀφθαλμοὺς,
3589 5485 3678 5534 καὶ

2058 5568 2248 5630 ἵππους
2293 5568 2778 5637 χρνσοφοροῦντας,
2831 5568 2921 5620 καὶ
2973 5567 3217 5636 χαλινοὺς
3265 5567 3509 5635 χρυσοῦς.
3546 5567 3686 5619 Ἀλλ’

2056 5659 2180 5710 ὃταν
2213 5655 2302 5708 τὸν
2340 5652 2553 5721 βασιλέα
2597 5653 2804 5722 ἴδωμεν,
2833 5653 2978 5706 οὐδὲν
3011 5652 3209 5705 τούτων
3236 5651 3443 5719 ὁρῶμεν
3471 5651 3670 5710 λοιπόν
