4000 6220
297 361 412 415 285

300 479 441 523 rent.
486 470 698 522 Etiamsi
732 468 839 523 Noe
883 469 1069 531 fuerit,
1120 467 1199 521 vel
1227 467 1355 529 Job,
1390 466 1468 519 vel
1512 465 1728 528 Daniel,
1759 464 1847 531 qui

297 572 429 611 suos
469 557 696 611 viderint
750 558 1007 625 supplicio
1058 557 1307 620 affectos,
1354 570 1457 608 non
1510 555 1702 609 audent
1751 556 1850 607 illis

292 645 530 710 adstare,
561 653 613 697 et
651 660 861 697 manum
906 646 1191 713 porrigere.
1236 644 1446 697 Natura.-
1472 644 1664 711 quippe
1706 657 1851 694 eom-

296 733 692 787 miseratiouem
718 744 839 786 tunc
860 734 1052 787 auferri
1084 734 1354 800 contingit.
1386 732 1515 797 Quia
1539 732 1676 785 enim
1704 746 1852 799 repe-

296 822 503 873 riuntur
543 821 668 887 justi
729 829 1060 888 peccatorum
1116 820 1342 873 ﬁliorum
1402 829 1611 887 patres,
1661 819 1852 886 ﬁliique

299 912 450 979 probi
478 921 747 979 parentum
778 911 1139 978 improborum
1170 912 1299 977 (non
1328 910 1466 963 enim
1512 919 1728 969 naturae,
1759 908 1851 961 sed

297 1000 499 1054 arbitrii
529 1001 663 1053 mala
701 1000 879 1069 sunt),
911 1010 968 1053 ut
996 1001 1067 1052 illi
1112 1015 1293 1068 puram
1324 1000 1546 1051 habeant
1583 999 1848 1059 laetitiam,

297 1105 399 1143 nec
448 1091 817 1144 misericordiae
864 1091 910 1141 vi
960 1089 1410 1158 frangantur,qui
1465 1088 1566 1140 illis
1613 1088 1853 1140 fruuntur

300 1177 453 1231 bonis
475 1219 489 1243 ,
524 1178 663 1230 illam
710 1187 833 1231 tunc
876 1178 1136 1247 exstingui
1180 1178 1468 1246 contingit,
1500 1177 1698 1244 ipsique
1733 1191 1849 1229 cum

300 1265 524 1320 Domino
549 1277 728 1321 contra
761 1269 975 1336 propria
1022 1268 1219 1320 viscera
1265 1267 1614 1334 indignantur.
1648 1266 1848 1318 Etenim

301 1355 348 1407 si
381 1370 537 1419 nunc,
560 1370 677 1408 cum
710 1356 884 1408 vident
933 1356 1141 1424 quidam
1194 1355 1327 1408 ﬁlios
1368 1370 1492 1408 suos
1542 1356 1810 1421 improbos
1834 1394 1848 1418 ,

303 1444 445 1510 ipsos
481 1443 799 1496 exheredant.
841 1453 893 1497 et
934 1457 961 1495 a
1002 1445 1195 1496 familia
1248 1459 1340 1497 sua
1397 1444 1747 1505 abscindunt,
1802 1444 1851 1496 id

302 1534 465 1587 multo
485 1535 645 1601 magis
678 1534 725 1586 in
750 1533 944 1600 judicio
969 1534 1193 1586 eveniet.
1220 1533 1383 1587 Nemo
1406 1534 1577 1601 igitur,
1601 1534 1685 1602 qui
1718 1534 1851 1586 bona

302 1636 408 1673 non
434 1632 702 1690 operetur,
733 1622 927 1688 aliquid
959 1622 1079 1675 boni
1116 1630 1311 1688 speret,
1340 1623 1546 1675 etiamsi
1578 1630 1850 1674 sexcentos

299 1710 467 1777 justos
492 1712 848 1778 progenitores
870 1710 1058 1764 habeat
1088 1728 1099 1762 :
1134 1710 1478 1780 Unusquisque
1504 1712 1632 1763 enim
1656 1715 1849 1779 referet,

300 1798 485 1865 inquit,
515 1813 627 1864 qua:
650 1814 735 1865 per
758 1814 936 1865 corpus
961 1808 1074 1851 sunt
1107 1838 1120 1863 ,
1146 1812 1289 1867 prout
1316 1800 1483 1867 gessit,
1516 1800 1614 1852 sive
1645 1801 1848 1865 bonum,

298 1889 402 1940 sive
430 1889 615 1941 malum
641 1890 714 1957 (2.
749 1888 861 1942 Cor.
891 1891 941 1943 5.
980 1891 1088 1958 f0).
1114 1891 1432 1954 Audiamus,
1463 1904 1660 1959 quaeso,
1686 1900 1737 1944 et
1766 1906 1851 1944 re-

299 1978 631 2044 sipiscamus.
684 1978 735 2032 Si
782 1996 953 2047 prava:
1000 1982 1435 2049 concupiscentiae
1482 1982 1601 2049 igne
1648 1982 1851 2047 ardeas,

297 2066 471 2134 cogita
496 2066 630 2119 illius
656 2068 895 2135 supplicii
916 2069 1105 2136 ignem,
1130 2077 1183 2121 et
1208 2069 1289 2122 hic
1316 2069 1449 2137 ignis
1471 2072 1850 2136 exstinguetur.

300 2154 358 2207 Si
391 2155 617 2208 volueris
642 2157 765 2225 quid
790 2157 1041 2210 absonum
1074 2159 1235 2226 loqui,
1263 2168 1432 2213 tecum
1457 2169 1637 2227 reputa
1665 2160 1854 2213 strido-

300 2259 414 2297 rem
462 2244 692 2298 dentium
713 2286 725 2309 ,
756 2255 809 2298 et
838 2253 1006 2299 metus
1047 2248 1136 2299 tibi
1174 2248 1305 2301 freni
1336 2248 1451 2301 loco
1480 2250 1605 2302 erit.
1640 2246 1693 2299 Si
1722 2249 1853 2302 alie—

302 2347 427 2384 num
458 2347 645 2400 rapere
670 2335 918 2398 volueris,
945 2335 1064 2387 audi
1093 2335 1329 2389 Judicem
1360 2336 1622 2390 dicentem
1648 2354 1659 2387 :
1683 2335 1854 2404 Ligate

302 2437 480 2473 manus
511 2433 555 2473 et
586 2425 731 2490 pedes
760 2425 886 2492 ejus,
920 2433 966 2475 et
994 2425 1221 2492 projicite
1244 2441 1354 2477 eum
1396 2426 1446 2478 in
1474 2427 1693 2478 tenebras
1719 2436 1855 2477 exta-

301 2510 458 2562 riores
488 2509 693 2578 (ΜαιιΙι.
724 2511 810 2563 22.
838 2512 947 2579 13).
974 2522 1028 2566 et
1066 2513 1197 2565 hanc
1234 2514 1447 2581 abjicies
1481 2516 1853 2581 concupiscen-

303 2600 451 2652 tiam.
494 2600 548 2653 Si
583 2601 806 2653 crudelis
836 2612 887 2656 et
935 2603 1310 2657 immisericors
1357 2605 1513 2658 fueris
1535 2645 1549 2669 ,
1582 2604 1855 2659 recordare

304 2690 565 2757 virginum
614 2689 818 2743 illarum
840 2732 854 2755 ,
883 2707 998 2759 qua:
1018 2734 1031 2757 ,
1057 2694 1329 2747 exstinctis
1358 2695 1680 2761 lampadibus
1726 2696 1853 2758 suis,

303 2793 425 2831 cum
455 2795 558 2831 non
585 2780 840 2835 haberent
861 2783 1056 2847 olcum,
1085 2799 1151 2837 ex
1182 2786 1358 2851 sponsi
1383 2785 1605 2838 thalamo
1632 2786 1857 2838 exclusae

304 2878 429 2921 sunt
456 2868 664 2938 (Matth.
692 2870 782 2939 25)
807 2912 821 2935 ,
850 2886 910 2925 ac
938 2872 1039 2925 cito
1068 2874 1320 2942 benignus
1346 2874 1557 2927 evades.
1597 2875 1648 2929 Si
1683 2875 1854 2929 ebrie-

306 2960 399 3012 tati
426 2968 479 3012 et
500 2962 964 3015 comessationibus
996 2977 1207 3031 Operam
1235 2962 1361 3018 dare
1390 2965 1589 3032 cupias,
1622 2965 1740 3017 audi
1767 2965 1848 3017 di-

302 3049 465 3102 vitem
516 3048 815 3113 dicentem,
842 3049 986 3102 Mitte
1024 3051 1273 3103 Lazarum
1303 3052 1451 3119 (Luc.
1496 3052 1581 3104 16.
1621 3049 1711 3118 24)
1733 3091 1746 3114 ,
1771 3051 1857 3117 qui

303 3149 513 3190 summo
553 3137 715 3205 digito
765 3137 1042 3207 refrigeret
1092 3140 1330 3193 adustam
1375 3141 1641 3209 linguam,
1691 3155 1857 3208 neque

303 3233 540 3294 optatum
569 3237 919 3295 consequutus
941 3237 1038 3292 est,
1067 3238 1118 3282 et
1146 3230 1319 3283 statim
1352 3230 1417 3281 ab
1440 3229 1539 3283 hoc
1558 3229 1857 3296 cupiditatis

302 3315 491 3369 morbo
518 3315 789 3369 averteris.
809 3315 1009 3370 Caetera
1031 3332 1237 3386 quoque
1263 3320 1436 3371 omnia
1460 3320 1665 3373 virtutis
1684 3318 1854 3372 ofﬁcia

308 3407 391 3459 sic
418 3407 719 3474 exsequeris
753 3425 765 3459 :
799 3407 923 3460 nihil
954 3408 1091 3461 enim
1120 3423 1397 3462 onerosum
1426 3409 1561 3461 Deus
1590 3411 1854 3477 praecepit.

305 3497 457 3552 Unde
504 3499 656 3566 igitur
710 3509 967 3567 praecepta
1014 3514 1234 3553 onerosa
1286 3514 1403 3554 esse
1452 3500 1737 3553 videntur?
1785 3500 1858 3553 Ex

305 3586 527 3655 segnitie
549 3597 746 3640 nostra.
768 3587 1216 3653 Quemadmodum
1245 3591 1382 3642 enim
1412 3590 1455 3641 si
1484 3589 1715 3642 studiose
1736 3589 1856 3642 dili-

302 3683 593 3742 genterque
634 3690 876 3743 agamus,
904 3692 1020 3743 quae
1058 3678 1302 3731 videntur
1340 3691 1456 3731 esse
1494 3678 1690 3746 gravia,
1725 3678 1857 3731 levia

304 3761 583 3831 faciliaque
625 3773 812 3817 erunt:
844 3764 919 3816 sic
939 3804 952 3827 ,
984 3764 1026 3817 si
1079 3765 1307 3833 segniter
1333 3780 1577 3832 agamus,
1610 3766 1856 3819 tolerabi-

303 3852 439 3906 liora
462 3867 669 3921 quoque
709 3852 941 3905 difficilia
984 3853 1132 3906 nobis
1162 3853 1497 3906 videbuntur.
1528 3853 1653 3917 Quae
1682 3854 1855 3907 omnia

304 3940 578 3995 nobiscum
602 3949 922 4009 reputantes,
956 3956 1021 3995 ne
1047 3942 1227 3995 beatos
1257 3943 1373 3995 illos
1405 3942 1745 4009 prmdicemus
1769 3944 1856 4010 qui

304 4030 447 4082 lauta
478 4029 717 4082 fruuntur
746 4044 946 4092 mensa,
970 4031 1060 4082 sed
1106 4030 1313 4082 illorum
1347 4030 1499 4083 finem
1541 4032 1853 4099 cogitemus.

303 4118 437 4172 Nam
465 4117 548 4171 hic
570 4127 770 4171 stercus
790 4127 841 4171 et
865 4117 1142 4186 pinguedo,
1174 4118 1283 4170 illic
1308 4120 1499 4171 vermis
1521 4127 1573 4169 et
1606 4118 1756 4185 ignis.
1782 4119 1856 4172 Ne

303 4217 564 4277 raptores,
586 4208 677 4262 sed
699 4224 878 4262 eorum
902 4208 1056 4263 finem
1088 4208 1357 4263 nobiscum
1385 4218 1705 4278 reputemus.
1726 4209 1854 4262 Nam

303 4299 392 4352 hic
438 4298 818 4353 sollicitudines
848 4308 901 4353 et
936 4299 1161 4361 labores,
1190 4300 1296 4353 illic
1317 4300 1517 4352 vincula
1561 4300 1855 4353 insolubilia

302 4396 361 4442 et
385 4387 617 4441 tenebrae
643 4388 950 4441 exteriores.
973 4387 1048 4441 Ne
1075 4388 1252 4456 gloriae
1285 4387 1526 4440 humana:
1554 4398 1813 4441 amatores
1837 4405 1852 4452 ;

302 4476 394 4531 sed
424 4476 540 4546 quis
567 4477 635 4529 sit
660 4490 840 4529 eorum
866 4477 1053 4539 exitus,
1069 4476 1480 4530 consideremus.
1506 4476 1598 4529 Hic
1623 4478 1853 4531 servitus

301 4577 358 4621 et
388 4567 553 4634 fucus,
585 4567 690 4621 illic
718 4567 963 4620 damnum
989 4567 1206 4620 multum
1235 4575 1288 4619 et
1320 4566 1613 4619 combustio
1634 4576 1849 4621 aeterna.

300 4656 358 4711 Si
391 4657 460 4709 ita
489 4656 625 4723 apud
671 4671 766 4709 nos
802 4656 1207 4719 ratiocinemur,
1236 4665 1392 4724 atque
1437 4656 1548 4709 haec
1572 4667 1624 4709 et
1663 4656 1853 4710 similia

304 4746 482 4813 pravis
499 4746 693 4799 nostris
715 4745 1155 4813 concupiscentiis
1172 4744 1379 4798 assidue
1406 4746 1727 4809 occinamus,
1750 4746 1854 4800 cito

304 4834 590 4902 nequitiam
612 4833 917 4903 effugiemus
951 4843 1003 4889 et
1026 4835 1269 4887 virtutem
1305 4848 1676 4903 exsequemur,
1712 4850 1850 4902 pra:-

303 4923 530 4977 sentium
560 4936 791 4975 amorem
818 4923 1224 4990 exstinguemus,
1256 4929 1309 4974 et
1350 4920 1640 4974 futurorum
1670 4935 1853 4976 accen-

302 5011 511 5065 demus.
531 5009 665 5077 Quid
694 5009 833 5063 enim
864 5009 1121 5063 firmitatis
1147 5008 1342 5062 habent
1375 5011 1649 5077 praesentia
1674 5050 1688 5073 ,
1729 5010 1851 5078 quid

304 5114 415 5155 tam
447 5100 731 5163 insolitum,
754 5097 876 5167 quid
900 5107 1002 5151 tam
1032 5098 1344 5165 stupendum
1366 5139 1379 5163 ,
1410 5110 1466 5153 ω
1491 5113 1700 5153 omnem
1730 5116 1851 5169 erga

306 5192 397 5245 illa
427 5204 603 5244 curam
640 5187 1005 5242 insumamus?
1031 5189 1219 5241 Annon
1248 5187 1431 5241 eadem
1463 5188 1572 5257 ipsa
1602 5200 1854 5257 perpetuo

305 5279 547 5333 videmus
572 5276 719 5346 quasi
750 5277 803 5330 in
841 5274 1093 5330 circulum
1144 5276 1471 5330 recurrentis
1493 5315 1509 5340 ,
1538 5286 1592 5331 ut
1628 5277 1763 5331 diem
1801 5288 1854 5331 et

305 5377 537 5430 noctem,
566 5376 773 5421 noctem
794 5374 847 5420 et
873 5364 1035 5429 diem,
1060 5363 1287 5420 hiemem
1312 5374 1366 5420 et
1394 5374 1631 5420 aestatem
1655 5406 1670 5430 ,
1693 5377 1851 5419 aesta-

306 5470 415 5514 tem
441 5464 497 5511 et
532 5456 777 5519 hiemem,
802 5462 856 5509 et
886 5454 1014 5508 nihil
1045 5454 1299 5508 ulterius?
1340 5455 1703 5510 Accendamus
1728 5468 1853 5524 ergo

294 5552 601 5603 futurorum
630 5546 945 5603 desiderium
975 5547 1252 5602 bonorum.
1284 5546 1468 5617 Magna
1492 5547 1683 5615 quippe
1700 5546 1855 5615 justis

308 5637 546 5708 reposita
582 5644 661 5695 est
700 5638 884 5709 gloria,
906 5647 957 5694 ct
1001 5652 1155 5709 quam
1186 5636 1361 5693 verbis
1407 5635 1699 5705 exprimere
1746 5651 1852 5693 non

1480 354 1563 407 DE
1603 351 1955 408 PERFECTA
1993 352 2348 407 CARITATE.

3386 362 3496 418 286

1960 477 2255 530 possumus.
2283 464 2410 517 Nam
2447 475 2665 531 corpora
2700 483 2814 532 post
2851 469 3284 521 scaurl‘eCliOIlctll
3334 474 3477 524 iocor

1956 553 2217 619 ruptibilia
2257 552 2603 620 accipientes,
2632 553 2814 621 gloria:
2860 555 3108 623 regnique
3137 557 3329 611 Christi
3369 573 3497 612 con-

1953 651 2123 693 sortes
2139 648 2313 693 erunt.

2024 730 2073 781 6.
2100 728 2410 781 Resurrectin
2439 734 2607 799 futura
2633 742 2871 799 quantum
2894 734 3345 789 bonumfuluram
3375 740 3500 790 inter

1954 828 1999 869 et
2026 828 2309 885 praesentem
2351 821 2500 871 vitam
2544 821 2822 874 discrimen.
2855 853 2925 862 —
2955 825 3063 878 Hoc
3103 840 3226 879 vero
3252 837 3496 895 quantmu

1954 906 2041 970 sit,
2086 906 2206 959 hinc
2251 907 2640 975 intelligemus;
2694 912 2798 964 imo
2838 914 3009 979 potius
3053 929 3329 983 numquam
3362 921 3500 971 clare

1956 994 2335 1062 intelligemus;
2364 1008 2415 1049 ut
2444 1008 2615 1051 autem
2639 1002 2881 1069 exemplo
2902 1017 2964 1055 cx
2990 1005 3137 1056 bonis
3159 1007 3501 1072 praesentibus

1954 1096 2245 1153 assumpto,
2278 1104 2489 1154 parvam
2525 1091 2801 1157 quamdam
2849 1094 2961 1159 ejus
2999 1096 3235 1148 notitiam
3276 1098 3500 1165 attinga-

1957 1189 2090 1239 mus,
2121 1190 2216 1243 pro
2259 1178 2396 1230 virili
2447 1195 2560 1232 mea
2604 1181 2653 1232 id
2701 1182 2839 1249 quod
2880 1183 3073 1236 dictum
3118 1194 3198 1238 est
3239 1186 3503 1240 declarare

1955 1262 2166 1315 curabo.
2210 1263 2301 1316 Dic
2328 1265 2476 1327 mihi,
2506 1268 2548 1319 si
2580 1270 2695 1335 quis
2728 1269 2820 1321 tibi
2850 1270 2959 1322 seni
2986 1280 3037 1323 et
3078 1273 3125 1323 in
3164 1274 3376 1339 penuria
3411 1274 3503 1327 de-

1955 1354 2094 1419 genti
2140 1355 2479 1419 polliceretur
2533 1357 2584 1409 id
2640 1360 2994 1425 pracstiturum
3045 1376 3137 1425 se,
3189 1372 3244 1415 ut
3290 1375 3503 1432 repente

1954 1439 2162 1506 juvenis
2188 1458 2354 1507 esses,
2385 1454 2437 1497 et
2467 1446 2515 1497 iu
2548 1446 2717 1512 ipsum
2740 1448 2908 1501 aetatis
2938 1448 3119 1502 florem
3151 1451 3497 1515 reducereris,

1958 1529 2227 1598 formaque
2263 1548 2324 1585 ac
2357 1534 2545 1587 robore
2572 1537 2810 1602 corporis
2839 1540 3039 1591 cunctis
3071 1551 3345 1605 praastares
3365 1581 3379 1605 ,
3408 1542 3502 1594 da-

1958 1628 2234 1689 turumque
2273 1624 2361 1675 tibi
2398 1623 2553 1676 totius
2583 1625 2726 1678 orbis
2775 1642 3011 1693 regnum,
3040 1629 3198 1696 idque
3249 1631 3315 1683 ad
3360 1631 3505 1686 mille

1956 1724 2143 1775 annos,
2192 1727 2443 1776 regnum,
2495 1714 2736 1781 inquam,
2790 1716 2841 1768 in
2911 1718 3315 1784 profundissima
3375 1736 3501 1788 paco

1958 1802 2382 1868 transigendum,
2412 1803 2534 1870 quid
2582 1818 2676 1870 pro
2723 1805 2812 1857 tali
2866 1808 3198 1874 assequendo
3247 1812 3505 1876 promisso

1958 1906 2061 1945 non
2096 1892 2298 1957 facere,
2330 1895 2451 1961 quid
2474 1909 2576 1947 non
2600 1897 2703 1963 pati
2734 1896 2938 1949 velles?
2967 1898 3042 1949 En
3075 1899 3246 1966 igitur,
3273 1900 3505 1954 Christus

1958 1994 2062 2033 non
2102 1980 2233 2042 hinc,
2259 1981 2350 2033 sed
2387 1982 2468 2034 his
2491 1983 2644 2050 longe
2675 1984 2871 2050 majora
2900 1984 3190 2051 pollicetur.
3224 1986 3335 2039 Non
3366 1989 3503 2040 enim

1957 2080 2149 2140 quanta
2181 2081 2502 2125 senectutem
2535 2073 2671 2126 inter
2698 2082 2751 2126 ct
2782 2074 3105 2141 juventutem
3127 2115 3140 2138 ,
3170 2084 3307 2127 tanta
3338 2077 3505 2130 solum

1958 2167 2041 2211 est
2071 2159 2205 2212 inter
2228 2160 2614 2227 corruptionem
2638 2168 2693 2213 et
2723 2160 3166 2228 incorruptionem
3194 2162 3504 2227 differentia;

1958 2261 2128 2314 neque
2168 2258 2419 2314 quantum
2467 2256 2548 2301 est
2594 2248 2730 2301 inter
2780 2264 2995 2315 regnum
3044 2258 3099 2303 et
3147 2260 3504 2317 paupertatem

1958 2336 2260 2401 discrimen,
2284 2346 2482 2390 tantum
2508 2338 2662 2391 etiam
2689 2347 2769 2391 est
2796 2338 2930 2391 inter
2956 2338 3173 2406 gloriam
3197 2350 3505 2408 praesentem

1958 2434 2011 2479 et
2039 2426 2259 2478 futuram
2290 2443 2301 2477 :
2330 2427 2421 2480 sed
2449 2435 2701 2494 quantum
2744 2428 2879 2480 inter
2910 2429 3111 2480 somnia
3139 2439 3191 2482 et
3217 2431 3292 2483 rei
3321 2432 3509 2484 verita-

1960 2522 2085 2566 tem.
2112 2514 2218 2566 imo
2246 2528 2369 2567 vero
2414 2514 2644 2567 nondum
2671 2515 2934 2583 quidpiam
2957 2516 3062 2569 dixi
3089 2534 3101 2569 :
3126 2518 3296 2571 nullus
3320 2521 3509 2587 quippe.

1960 2617 2135 2656 sermo
2166 2611 2335 2668 potest
2377 2602 2727 2657 differentiam
2762 2604 2901 2657 illam
2942 2606 3253 2673 exprimere,
3284 2623 3402 2675 quae
3431 2618 3511 2662 est

1960 2689 2097 2743 inter
2134 2689 2305 2743 futura
2344 2701 2397 2744 et
2433 2692 2729 2760 praesentia.
2768 2692 2821 2745 Si
2865 2693 2997 2747 ratio
3039 2703 3209 2747 autem
3261 2695 3510 2749 habeatur

1962 2779 2235 2847 temporis,
2274 2779 2417 2832 nulla
2446 2780 2662 2833 omnino
2718 2788 2892 2847 potest
2938 2782 3154 2850 cogitari
3199 2782 3507 2837 differentia.

1961 2867 2231 2932 Quomodo
2270 2869 2408 2921 enim
2448 2868 2688 2921 conferre
2743 2869 2860 2936 quis
2905 2878 3075 2935 potest
3126 2872 3507 2938 praesentibus,

1960 2958 2117 3010 vitam
2163 2958 2356 3009 nullum
2395 2960 2675 3011 terminum
2720 2958 3057 3012 habituram?
3085 2960 3139 3013 ln
3179 2975 3307 3028 pace
3334 2971 3507 3014 autem

1962 3055 2161 3098 tantum
2185 3055 2266 3098 est
2308 3046 2613 3108 discrimen,
2640 3056 2890 3114 quantum
2932 3048 3067 3101 inter
3096 3063 3276 3116 pacem
3307 3059 3360 3103 et
3400 3051 3510 3104 hel-

1961 3134 2100 3199 lum,
2152 3135 2288 3188 inter
2324 3138 2711 3205 corruptionem
2756 3152 2881 3190 vero
2936 3147 2989 3190 et
3041 3138 3506 3208 incorruptionem,

1961 3232 2213 3292 quantum
2255 3225 2391 3277 inter
2428 3225 2620 3278 luteum
2673 3225 2894 3279 frustum
2926 3235 2980 3280 et
3017 3241 3273 3294 gemmam
3306 3245 3507 3298 puram.

1960 3313 2067 3367 lmo
2092 3329 2215 3367 vero
2246 3314 2418 3382 potius
2444 3314 2693 3382 quidquid
2721 3316 2882 3379 dicas,
2909 3315 3037 3369 nihil
3068 3316 3334 3371 declarare
3363 3328 3510 3385 pote-

1960 3403 2051 3457 ris.
2084 3403 2329 3468 Quamvis
2377 3405 2517 3457 enim
2568 3418 2846 3471 corporum
2895 3405 3169 3458 beatorum
3218 3408 3508 3474 pulchritu-

1960 3492 2133 3545 dinem
2189 3492 2335 3544 radio
2387 3493 2521 3544 lucis
2576 3493 2884 3557 conferam,
2942 3494 3179 3560 quamvis
3232 3497 3512 3565 conSpicuo

1961 3576 2172 3645 fulguri,
2217 3577 2344 3629 nihil
2390 3578 2479 3630 illo
2518 3577 2796 3644 splendore
2840 3578 3052 3647 dignum
3080 3580 3269 3636 dicam.
3302 3583 3402 3637 Pro
3430 3584 3510 3639 his

1961 3678 2103 3720 certe
2130 3678 2256 3735 quot
2285 3682 2387 3719 non
2427 3668 2696 3735 pecunias,
2730 3676 2857 3735 quot
2892 3683 2997 3722 non
3026 3684 3246 3739 corpora
3294 3674 3509 3741 profun-

1960 3758 2086 3811 dere
2112 3773 2204 3825 par
2228 3757 2409 3811 esset?
2440 3759 2543 3812 imo
2565 3766 2693 3826 quot
2738 3772 2840 3810 non
2887 3759 3126 3813 animas?
3149 3760 3295 3816 Nunc
3327 3779 3504 3831 porro,

1960 3849 2003 3902 si
2031 3850 2145 3916 quis
2172 3856 2223 3901 te
2264 3848 2316 3900 in
2345 3848 2542 3916 regiam
2588 3845 2966 3906 introduceret.
3000 3849 3347 3918 omnibusque
3378 3868 3510 3918 prae-

1960 3940 2195 3992 sentibus
2225 3938 2274 3990 id
2305 3946 2516 3991 curaret
2543 3946 2596 3989 ut
2626 3936 2917 4004 Imperator
2948 3946 2998 3990 te
3024 3938 3395 4007 alloqueretur,
3428 3952 3506 3997 te-

1960 4042 2063 4095 que
2093 4036 2145 4080 et
2191 4040 2387 4079 mensae
2411 4033 2464 4079 et
2501 4025 2690 4079 aedium
2742 4038 3041 4078 consortem
3090 4027 3420 4096 admitteret,
3458 4042 3510 4086 to

1961 4117 2195 4169 omnium
2224 4115 2581 4169 beatissimum
2608 4130 2727 4168 esse
2772 4115 3141 4183 pronuntiares
3166 4134 3179 4168 :
3208 4126 3263 4169 at
3290 4133 3407 4171 cum
3455 4121 3506 4173 in

1960 4206 2143 4258 cat-lum
2174 4205 2247 4258 sis
2277 4219 2613 4268 ascensurus,
2647 4214 2700 4257 et
2730 4218 2848 4257 cum
2878 4204 2992 4271 ipso
3021 4206 3382 4260 universorum
3408 4211 3505 4263 Im-

1960 4303 2204 4361 peratore
2224 4302 2549 4356 versaturus,
2572 4307 2691 4345 eum
2718 4291 2917 4360 angelis
2938 4292 3166 4345 vicissim
3194 4296 3481 4353 micaturus
3496 4336 3509 4356 ,

1960 4394 2014 4438 et
2044 4385 2310 4437 inaccessa
2343 4382 2431 4435 illa
2460 4381 2625 4449 gloria
2657 4380 2919 4434 fruiturus
2940 4421 2954 4446 ,
2983 4382 3204 4451 ambigis
3248 4400 3369 4438 num
3415 4402 3508 4457 pe-

1959 4472 2141 4525 cunias
2163 4470 2481 4539 profundere
2516 4477 2787 4538 oporteat,
2824 4484 2944 4522 cum
2992 4484 3086 4539 par
3115 4481 3273 4539 esset,
3300 4474 3505 4530 etiamsi

1960 4561 2122 4614 vitam
2175 4560 2419 4613 emittere
2467 4574 2598 4627 opus
2646 4567 2824 4621 esset,
2855 4560 3146 4625 exsultare,
3186 4563 3416 4629 gaudere
3453 4576 3507 4620 et

1960 4667 2069 4721 prae
2095 4650 2361 4718 voluptate
2387 4649 2499 4701 alas
2525 4648 2830 4702 assumere?
2863 4650 2929 4701 At
2960 4658 3104 4713 tu,ut
3143 4653 3503 4718 praefecturam

1960 4740 2291 4808 adipiscaris,
2324 4751 2441 4804 quae
2472 4735 2570 4789 tibi
2602 4736 2858 4791 furtorum
2900 4739 3205 4794 occasiones
3231 4743 3461 4810 praebeat
3485 4763 3503 4800 ;

1960 4844 2065 4883 non
2087 4829 2225 4882 enim
2254 4826 2305 4880 id
2332 4826 2537 4879 lucrum
2559 4828 2789 4881 vocarim
2811 4845 2822 4880 :
2854 4837 2907 4880 et
2928 4827 3201 4884 facultates
3223 4834 3497 4899 expendis,

1958 4916 2023 4969 ah
2052 4915 2269 4982 aliisque
2298 4915 2571 4981 mutuaris,
2603 4929 2665 4968 ac
2689 4916 2731 4969 si
2763 4924 3004 4983 oporteat
3026 4918 3183 4971 etiam
3211 4935 3427 4975 uxorem
3452 4936 3502 4978 et

1960 5007 2153 5060 liberos
2180 5006 2382 5074 pignori
2412 5005 2537 5059 dare
2586 5020 2691 5058 non
2736 5006 2955 5070 vereris,
2986 5021 3149 5076 regno
3181 5020 3355 5064 autem
3386 5027 3502 5066 cae-

1958 5096 2127 5149 lorum
2149 5096 2240 5149 tibi
2263 5096 2550 5163 proposito,
2573 5094 2896 5163 imperioque
2921 5098 3240 5151 successoris
3267 5113 3501 5167 experte,

1958 5186 2133 5253 segnis
2160 5198 2246 5247 es,
2278 5184 2490 5252 refugis,
2515 5191 2567 5236 et
2615 5183 2851 5251 pecuniis
2897 5182 3066 5237 inhias
3087 5184 3110 5235 ?
3134 5199 3231 5237 nec
3273 5187 3497 5254 cogitas,

1957 5276 2001 5329 si
2057 5274 2170 5328 caeli
2221 5282 2398 5343 partes
2451 5273 2582 5337 illae,
2623 5287 2752 5341 quas
2793 5274 3098 5341 conspicere
3146 5275 3399 5341 valemus,
3436 5280 3501 5331 ita

1957 5362 2209 5431 pulchrae,
2256 5363 2327 5416 ita
2371 5361 2613 5429 iucundas
2662 5368 2803 5426 sunt,
2837 5374 3045 5429 quantae
3074 5371 3222 5414 erunt
3255 5364 3372 5417 alia:
3420 5365 3501 5419 his

1958 5454 2281 5521 superiores,
2305 5460 2556 5522 quantum
2586 5452 2769 5505 caelum
2796 5453 2907 5505 caeli
2932 5454 2954 5505 ?

2033 5540 2393 5611 Imperaton
2443 5540 2604 5594 cultus
2642 5558 2754 5594 cum
2783 5542 2964 5595 Christi
3002 5549 3261 5596 novissimo
3286 5545 3503 5597 adventu

1962 5645 2295 5703 comparatus.
2323 5663 2386 5673 —
2414 5633 2516 5687 Sed
2546 5634 2667 5703 quia
2694 5633 2958 5702 corporeis
2986 5632 3150 5687 oculis
3191 5633 3301 5687 hanc
3324 5634 3504 5687 videre
