4000 6220
529 386 642 441 287

524 505 626 539 tum
685 483 825 545 licet,
881 488 1056 534 mente
1110 473 1375 537 ascende,
1423 481 1475 524 et
1525 483 1683 536 supra
1741 468 1840 519 hoc
1885 463 2071 516 caelum

524 588 693 638 stans,
720 572 924 640 respice
951 571 1002 622 in
1027 567 1153 621 illud
1179 565 1422 633 superius
1445 560 1657 621 caelum,
1688 559 1740 612 in
1760 561 2073 614 immensam

521 663 870 723 altitudinem,
899 661 951 712 in
979 658 1148 710 lucem
1179 655 1516 714 inaccessam,
1542 651 1592 702 in
1632 648 1931 715 angelorum
1980 659 2076 712 po-

533 755 701 824 pulos,
729 751 779 804 in
806 745 1238 814 archangelorum
1266 741 1478 795 ordines
1498 780 1512 802 ,
1557 746 1610 791 et
1640 737 1690 789 in
1733 737 1863 788 alias
1903 734 2075 824 incor-

530 822 717 912 poreas
754 841 973 893 virtutes
1007 855 1020 888 :
1051 849 1112 888 ac
1153 847 1332 887 rursus
1365 832 1483 882 hinc
1524 826 1849 882 descendens
1899 822 2077 912 imagi-

531 911 648 984 nem
704 930 846 982 illam
893 933 1122 979 nostram
1175 931 1431 975 terrenam
1477 918 1691 984 accipe,
1731 929 1792 966 ac
1842 911 2079 967 describe

529 1021 659 1073 mihi
705 1021 788 1071 illa
831 1030 948 1084 qua:
992 1023 1252 1067 terrenum
1309 1010 1675 1076 Imperatorem
1721 1005 2075 1063 circumstant,

531 1119 652 1176 puta
680 1109 820 1160 viros
845 1118 976 1158 auro
998 1104 1271 1156 decoratos
1291 1140 1304 1161 ,
1329 1099 1508 1166 jugum
1548 1096 1780 1148 albarum
1823 1093 2080 1144 mularum

531 1212 660 1250 auro
688 1205 1010 1254 ornatarum,
1041 1204 1253 1244 currum
1296 1185 1480 1253 lapillis
1505 1190 1918 1251 coagmentatum
1944 1219 1959 1244 ,
2006 1179 2080 1230 la-

533 1285 705 1338 minas
735 1283 786 1335 in
816 1281 905 1334 illo
934 1279 1149 1333 mobiles
1192 1286 1245 1330 et
1273 1276 1519 1344 agitatas,
1553 1273 1810 1325 dracones
1841 1271 1891 1321 in
1919 1268 2078 1320 vesti-

531 1374 725 1427 mentis
771 1370 952 1424 sericis
999 1369 1268 1436 depictos,
1318 1364 1525 1431 aspidcs
1575 1363 1749 1415 aureis
1802 1361 2080 1413 instructas

532 1463 698 1516 oculis
721 1503 736 1524 ,
768 1475 932 1528 equos
961 1474 1091 1512 auro
1115 1467 1331 1513 ornatos
1355 1497 1369 1520 ,
1403 1455 1546 1508 frena
1573 1469 1750 1506 aurea.
1784 1453 1851 1504 At
1875 1450 2081 1517 quando

535 1553 906 1618 Imperatorem
934 1548 1190 1609 videmus,
1221 1545 1351 1598 nihil
1374 1558 1552 1596 eorum
1580 1543 1712 1594 ultra
1737 1539 2077 1607 respicimus:

532 1640 623 1693 ille
651 1639 842 1706 quippe
868 1638 1012 1690 solus
1039 1651 1132 1689 nos
1159 1637 1208 1686 in
1236 1648 1292 1687 sc
1319 1633 1610 1691 convertit;
1657 1644 1844 1698 nempe
1889 1643 2080 1695 purpu.

536 1742 628 1782 rea
666 1728 993 1788 vestimenta,
1025 1722 1262 1776 diadema
1283 1762 1297 1784 ,
1331 1721 1477 1784 sella,
1504 1719 1680 1781 ﬁbula,
1705 1717 1885 1780 calcei,
1913 1719 2082 1767 vultus

535 1816 805 1884 splendor.
839 1815 929 1868 liis
967 1814 1208 1867 omnibus
1250 1811 1402 1866 simul
1429 1819 1668 1862 accurate
1700 1807 1987 1876 perpensis,
2017 1805 2082 1857 ab

534 1905 620 1963 his
647 1919 852 1957 rursum
881 1903 1244 1971 cogitationem
1292 1898 1516 1953 transfer
1540 1897 1604 1950 ad
1635 1910 1879 1964 superna,
1911 1895 2080 1947 diem-

534 2008 637 2063 que
683 1993 963 2046 terribilem
1007 1991 1173 2059 cogita
1199 2031 1214 2055 ,
1259 2005 1357 2057 qua
1396 1988 1633 2042 Christus
1662 1987 1920 2040 adveniet.
1969 1983 2081 2036 Non

537 2084 676 2137 enim
704 2082 885 2151 jugum
916 2082 1170 2135 mularum
1216 2087 1337 2132 tunc
1367 2079 1594 2141 videbis,
1643 2091 1745 2129 non
1774 2087 1958 2129 currus
1985 2088 2081 2125 au-

535 2187 690 2239 reos,
719 2185 823 2223 non
862 2169 1119 2223 dracones
1157 2177 1212 2221 et
1252 2166 1460 2234 aspides
1480 2207 1494 2230 ,
1525 2165 1615 2219 sed
1645 2163 1782 2232 quod
1810 2163 2083 2216 horrorem

535 2261 771 2325 incutiat,
792 2269 842 2310 et
863 2267 1060 2310 tantum
1081 2267 1346 2324 stuperent
1375 2255 1588 2322 injiciat.
1617 2263 1676 2306 ut
1699 2252 1935 2305 calestes
1956 2251 2083 2316 ipsa:

535 2349 754 2402 virtutes
779 2354 919 2399 stent
943 2347 1177 2400 attonita:
1204 2360 1216 2396 :
1243 2359 1359 2396 nam
1391 2343 1599 2394 Virtutes
1621 2341 1873 2401 catlorum,
1897 2339 2083 2406 inquit,

539 2436 967 2496 commovebuntur
1002 2434 1226 2505 (Matth.
1255 2434 1344 2487 24.
1371 2433 1440 2486 29
1461 2434 1503 2500 ).
1534 2433 1680 2485 Tunc
1706 2431 1892 2485 eteium
1922 2438 2084 2482 totum

537 2527 829 2596 aperietur,
856 2524 1140 2578 descendet
1168 2539 1291 2577 vero
1320 2523 1616 2591 unigenitus
1648 2521 1738 2573 Dei
1766 2520 1949 2581 Filius,
1981 2533 2084 2570 non

536 2614 737 2682 viginti,
783 2627 888 2666 non
918 2621 1128 2666 centum
1178 2612 1489 2666 satellitibus
1517 2611 1757 2678 stipatus,
1791 2608 1883 2662 sed
1915 2608 2085 2661 mille-

539 2701 624 2754 nis
663 2711 716 2754 et
752 2700 928 2755 decies
970 2701 1155 2753 millies
1185 2700 1406 2752 millenis
1435 2699 1632 2765 angelis
1660 2706 1713 2750 et
1741 2696 2086 2764 archangelis,

540 2790 816 2856 omniaque
835 2798 988 2842 erunt
1010 2790 1193 2840 timore
1211 2797 1261 2840 et
1281 2799 1479 2840 terrore
1500 2788 1672 2855 plena,
1691 2786 1908 2838 discissa
1931 2795 2087 2848 terra,

541 2879 887 2944 omnibusque
909 2877 1207 2928 hominibus
1225 2877 1291 2929 ab
1308 2877 1472 2928 Adam
1495 2890 1658 2943 usque
1677 2874 1742 2926 ad
1768 2875 1909 2927 illam
1929 2874 2087 2937 diem,

540 2983 609 3026 ex
638 2977 778 3021 terra
803 2966 1135 3033 surgentibus
1164 2973 1217 3018 et
1244 2966 1492 3032 abreptis,
1526 2965 1638 3032 ipso
1663 2979 1779 3017 cum
1811 2973 1949 3016 tanta
1975 2964 2090 3032 glo-

546 3057 624 3109 ria
655 3055 887 3124 fulgente
905 3093 920 3118 ,
947 3064 1006 3107 ut
1031 3054 1158 3108 solis
1183 3063 1234 3106 et
1260 3055 1394 3106 luna:
1426 3063 1583 3105 totam
1611 3055 1777 3106 lucem
1806 3053 2089 3113 occultent,

543 3146 705 3199 radiis
735 3146 835 3198 illis
858 3145 1022 3211 ipsam
1050 3145 1434 3210 superantibus.
1464 3143 1585 3208 Sed,
1615 3144 1714 3197 heu
1742 3159 1845 3208 me,
1868 3152 2094 3210 quantus

544 3243 728 3302 stupor
758 3235 872 3298 ille,
899 3247 1017 3285 cum
1049 3233 1167 3285 talia
1198 3242 1557 3299 exspectantes
1586 3235 1718 3287 bona
1750 3233 2094 3301 praesentibus

547 3324 808 3377 inhiamus
827 3361 842 3386 ,
890 3336 988 3375 nec
1015 3323 1306 3390 cogitamus
1335 3322 1524 3375 diaboli
1555 3322 1812 3375 vafritiem
1835 3363 1848 3384 .
1877 3325 1964 3389 qui
2005 3337 2097 3390 per

549 3427 635 3476 res
661 3412 772 3464 illas
806 3409 1019 3477 exiguas
1046 3410 1246 3477 magnis
1275 3425 1370 3463 nos
1397 3411 1564 3477 privat
1588 3410 1758 3474 bonis,
1794 3411 1881 3463 dat
1908 3412 2094 3474 lutum,

548 3510 606 3552 ut
631 3499 855 3566 abripiat
880 3499 1086 3561 czelum,
1117 3499 1349 3551 umbram
1377 3498 1609 3564 exhibet,
1637 3508 1695 3552 ut
1718 3499 1943 3566 expellat
1962 3499 2096 3551 veri-

548 3599 731 3652 tatem,
761 3597 914 3655 atque
940 3589 991 3640 in
1013 3588 1228 3641 somniis
1247 3603 1433 3640 vanam
1456 3587 1684 3641 ostendit
1708 3603 1950 3656 pompam
1975 3589 2100 3654 (hoc

547 3680 689 3733 enim
733 3687 854 3730 sunt
881 3686 1168 3744 praesentes
1201 3677 1392 3728 divitim
1412 3678 1429 3745 )
1453 3719 1466 3739 ,
1496 3689 1578 3740 ut,
1619 3679 1931 3731 adveniente
1962 3679 2096 3742 luce,

550 3784 648 3822 nos
690 3767 921 3821 omnium
953 3768 1309 3834 pauperrimus
1337 3765 1599 3818 exhibeat.
1641 3767 1768 3830 Quze
1806 3781 1922 3818 cum
1965 3767 2098 3817 scia-

553 3873 669 3913 mus
690 3898 704 3922 ,
735 3856 912 3910 dilecti
938 3896 952 3919 ,
981 3855 1092 3922 ejus
1118 3855 1293 3907 dolum
1325 3855 1581 3923 fugiamus
1605 3896 1619 3920 ,
1652 3856 1701 3907 id
1731 3856 1894 3908 vitare
1945 3869 2100 3907 cure-

555 3963 693 4009 mus,
727 3961 791 3999 ue
819 3960 936 3998 cum
969 3945 1056 3996 illo
1083 3944 1390 3996 damnemur
1409 3983 1424 4007 ,
1453 3959 1519 3996 ne
1549 3944 1698 3996 nobis
1722 3943 1888 3996 Judex
1921 3943 2058 3995 dicat
2087 3961 2100 3994 :

553 4038 802 4088 Discedite
826 4051 856 4086 a
881 4050 958 4086 me
975 4073 988 4096 ,
1018 4034 1301 4096 maledicti,
1335 4035 1387 4085 in
1414 4035 1574 4101 ignem
1601 4043 1840 4086 wternum
1871 4043 2101 4101 paratum

553 4126 750 4178 diabolo
775 4133 820 4177 et
847 4125 1038 4192 angelis
1068 4125 1173 4190 ejus
1204 4122 1413 4189 (Matth.
1441 4123 1529 4175 25.
1555 4125 1614 4175 41
1640 4124 1680 4191 ).

623 4216 674 4266 7.
715 4215 780 4266 At
810 4213 1065 4280 benignus
1089 4220 1168 4262 est
1199 4212 1364 4273 Deus;
1400 4211 1449 4262 id
1481 4226 1582 4262 non
1614 4212 1850 4272 accidet,
1877 4213 2101 4278 inquies.

554 4305 761 4369 Ergone
791 4307 980 4353 frustra
1011 4301 1260 4367 scriptum
1289 4300 1409 4352 est?
1439 4300 1776 4368 Nequaquam
1795 4339 1809 4362 ,
1837 4301 1979 4362 aics;
2011 4300 2102 4354 sed

553 4393 618 4445 ad
648 4391 1104 4443 comminationem
1131 4391 1320 4453 solum,
1352 4400 1409 4442 ut
1446 4392 1838 4458 resipiscamus.
1869 4392 1921 4445 Si
1952 4392 2106 4458 igitur

553 4497 657 4540 non
680 4483 1062 4548 resipiscamus,
1090 4480 1181 4534 sed
1203 4482 1425 4549 improbi
1455 4497 1778 4545 maneamus,
1807 4499 2000 4546 nonne,
2023 4484 2107 4534 tlic

554 4572 702 4632 mihi,
720 4571 1024 4637 supplicium
1049 4569 1256 4623 inferet?
1282 4571 1417 4638 Ergo
1446 4585 1614 4639 neque
1644 4572 1792 4624 bonis
1813 4574 2104 4625 mercedem

554 4659 847 4712 retribuet?
898 4658 1191 4722 Retrihuet,
1223 4660 1424 4726 inquies
1453 4676 1466 4712 :
1497 4661 1547 4712 id
1577 4662 1713 4712 enim
1737 4661 1904 4727 ipsum
1931 4662 2101 4725 decet,

555 4748 710 4800 etiam
739 4761 892 4813 supra
918 4747 1156 4798 meritum
1180 4747 1429 4800 benelieia
1471 4747 1728 4802 conferre.
1769 4749 1891 4801 llzec
1933 4750 2106 4817 itaque

555 4853 676 4891 vera
706 4847 845 4899 sunt,
875 4847 926 4890 et
943 4852 1155 4904 prorsus
1182 4838 1421 4890 evenient
1453 4857 1465 4889 :
1496 4854 1610 4906 qua:
1632 4848 1802 4891 autem
1826 4840 1888 4890 ad
1906 4841 2104 4906 suppli-

557 4931 634 4982 cia
660 4929 898 4989 attinent,
923 4928 1279 4994 nequaquam?
1307 4926 1348 4980 Ο
1371 4928 1580 4979 multam
1604 4929 1792 4981 diaboli
1816 4928 2066 4980 vafritiem
2089 4931 2100 4981 !

559 5018 942 5070 oinhumanam
957 5017 1071 5082 ejus
1092 5016 1498 5071 humanitatem!
1533 5017 1695 5085 Ipsius
1725 5019 1859 5071 enim
1891 5028 1969 5071 est
1995 5019 2105 5072 haec

559 5108 820 5176 cogitatio,
848 5116 905 5159 ut
928 5108 1144 5174 gratiam
1195 5106 1431 5160 conferat
1470 5107 1703 5160 inutilem
1756 5117 1808 5161 et
1838 5111 2105 5175 segniores

557 5197 758 5250 reddat.
788 5196 915 5261 Quia
941 5195 1088 5247 novit
1113 5196 1274 5257 enim,
1303 5198 1539 5264 supplicii
1562 5205 1776 5257 metum,
1818 5213 1911 5249 ceu
1939 5199 2104 5265 quod-

559 5286 678 5336 dam
704 5286 929 5347 frenum,
965 5284 1012 5336 id
1038 5293 1284 5351 praestare
1321 5293 1378 5336 ut
1401 5286 1586 5338 animis
1615 5299 1862 5354 angamur
1892 5295 1946 5339 et
1970 5302 1995 5337 a
2025 5289 2102 5339 vi-

561 5373 646 5422 tiis
689 5373 1029 5434 retrahatnur,
1063 5371 1192 5424 nihil
1234 5387 1333 5424 non
1372 5374 1476 5438 agit
1517 5383 1568 5426 et
1607 5375 1846 5435 molitur,
1891 5383 1945 5425 ut
1981 5376 2101 5426 illud

565 5459 812 5511 radicitus
837 5461 1040 5522 erellat,
1071 5475 1175 5528 quo
1201 5461 1407 5513 demum
1447 5462 1559 5513 sine
1588 5464 1774 5513 timore
1804 5476 1894 5527 per
1923 5465 2101 5528 prmei-

562 5547 683 5612 pitia
728 5546 976 5598 feramur.
1019 5549 1291 5610 Quomodo
1323 5549 1476 5614 igitur
1511 5550 1654 5601 illum
1696 5550 2100 5616 superabimus?

563 5637 907 5704 Quaecumque
936 5652 999 5690 ex
1045 5637 1324 5705 Scripturis
1355 5635 1665 5706 proferimus
1693 5640 1869 5694 dicent
1908 5641 1966 5698 ii.
2009 5646 2094 5709 qui

1253 364 1308 419 S.
1349 357 1617 417 JOANNIS
1639 353 2104 411 CIIRYSOSTOMI
2143 351 2451 407 ARCHIEP.
2493 355 3018 416 CONSTANTINOP.

2189 463 2571 528 contradicunt,
2603 466 3025 521 comminationis
3052 482 3205 520 causa
3241 471 3428 537 scripta
3455 486 3592 525 esse.
3626 472 3726 528 Ve-

2185 564 2300 603 rum
2328 548 2377 604 id
2399 551 2463 604 de
2493 552 2678 606 futuris
2708 554 2839 608 forte
2859 555 3035 610 dicere
3065 559 3282 624 possint,
3315 561 3409 612 etsi
3452 560 3727 617 admodum

2183 640 2374 706 impie;
2402 641 2468 694 de
2496 645 2774 708 praeteritis
2799 659 2945 708 vero,
2975 645 3142 713 deque
3173 648 3235 698 iis
3275 664 3389 715 qua:
3427 650 3534 716 jam
3561 651 3725 705 conti-

2182 740 2498 796 gerunt,non
2527 732 2671 784 item.
2697 732 3078 802 luterrogemus
3106 736 3257 804 igitur
3271 751 3360 789 eos
3394 754 3405 788 :
3436 739 3730 796 Audistisne

2183 818 2248 871 de
2275 819 2488 883 diluvio,
2520 820 2692 888 deque
2720 823 2947 889 pernicie
2972 823 3058 876 illa
3087 825 3402 877 universali?
3431 843 3550 879 num
3574 829 3727 882 etiam

2183 907 2309 960 illud
2335 909 2755 963 comminationis
2778 925 2931 965 causa
2954 912 3149 966 dictum
3171 913 3374 966 fuerat?
3402 932 3572 970 annon
3601 933 3726 972 con-

2185 997 2317 1064 tigit,
2349 1007 2402 1051 et
2430 998 2480 1050 in
2511 999 2706 1052 exitum
2731 999 3010 1054 deductum
3042 1003 3160 1055 est?
3185 1017 3360 1056 nonne
3388 1004 3437 1056 id
3455 1006 3730 1059 testifican-

2185 1096 2270 1139 tur
2293 1088 2556 1141 Armenia:
2600 1098 2825 1154 montes,
2857 1090 2942 1144 ubi
2991 1106 3108 1144 arca
3139 1094 3414 1144 consedit?
3443 1107 3613 1148 annon
3645 1110 3730 1148 re-

2185 1175 2356 1244 liquias
2408 1177 2522 1243 ejus
2570 1177 2675 1231 illic
2736 1178 2987 1234 hactenus
3045 1191 3322 1233 servantur
3377 1182 3438 1233 ad
3501 1192 3730 1236 nostram

2184 1264 2591 1318 admonitionem
2620 1266 2964 1335 (a)?Similia
3009 1276 3134 1321 tunc
3177 1269 3328 1321 multi
3373 1269 3631 1332 dicebant,
3671 1286 3732 1324 ac

2186 1371 2278 1424 per
2299 1365 2506 1408 centum
2563 1371 2729 1410 annos
2781 1357 2905 1410 dum
2952 1375 3069 1412 arca
3123 1369 3550 1422 construeretur,
3598 1362 3733 1426 ligna

2185 1453 2503 1512 aptarentur,
2534 1446 2807 1515 iustusque
2827 1448 3091 1512 clamaret,
3123 1465 3277 1502 nemo
3300 1459 3410 1503 erat
3435 1451 3518 1518 qui
3549 1450 3730 1503 crede-

2185 1542 2266 1587 ret
2299 1550 2312 1586 :
2343 1535 2432 1588 sed
2461 1537 2580 1603 quia
2612 1551 2712 1590 non
2756 1538 3089 1591 crediderunt
3127 1540 3514 1594 comminationi
3542 1540 3733 1593 verbo-

2185 1637 2322 1686 rum,
2355 1624 2606 1677 ultionem
2641 1635 2859 1692 repente
2887 1642 2949 1680 ac
2978 1629 3148 1695 reipsa
3176 1629 3465 1682 subierunt.
3490 1628 3645 1698 Atqui
3665 1629 3730 1691 is,

2185 1711 2272 1776 qui
2305 1721 2500 1765 tantum
2529 1713 2652 1780 ipsis
2673 1715 2981 1782 supplicium
3011 1716 3202 1782 intulit,
3227 1731 3398 1770 annon
3427 1717 3590 1770 multo
3619 1732 3734 1769 ma-

2182 1800 2266 1867 jus
2319 1801 2471 1854 nobis
2501 1801 2726 1855 inferet?
2751 1818 2852 1855 non
2881 1805 3022 1857 enim
3051 1805 3249 1858 minora
3283 1817 3404 1858 sunt
3438 1806 3549 1857 htec
3586 1805 3735 1859 malis

2186 1888 2327 1941 illius
2354 1889 2620 1956 temporis.
2641 1890 2787 1944 Tunc
2810 1892 3001 1944 illicitis
3025 1894 3250 1946 coitibus
3268 1908 3480 1961 operam
3509 1893 3732 1946 dabant:

2187 1994 2307 2033 nam
2339 1979 2558 2047 lngressi
2584 1992 2718 2048 sunt,
2750 1984 2933 2051 inquit,
2979 1985 3074 2051 ﬁlii
3118 1984 3210 2037 Dei
3236 1986 3302 2036 ad
3327 1985 3460 2051 ﬁlias
3486 1987 3738 2039 hominum

2188 2067 2334 2134 (Gen.
2364 2068 2414 2122 6.
2443 2069 2496 2137 2)
2527 2087 2540 2121 :
2566 2085 2705 2124 nunc
2748 2081 2921 2125 autem
2971 2074 3170 2127 nullum
3213 2085 3295 2128 est
3340 2088 3504 2142 genus
3533 2077 3736 2141 peccati

2188 2157 2324 2225 quod
2352 2167 2493 2212 retro
2515 2162 2857 2228 relinquatur.

2259 2247 2583 2300 Maledicta»:
2636 2249 2970 2303 Sodomorum
3021 2268 3120 2304 non
3159 2255 3390 2320 temporis
3438 2253 3599 2319 spatio
3650 2253 3738 2305 de-

2191 2337 2360 2392 letum.
2406 2367 2476 2376 —
2521 2337 2749 2403 Verum,
2778 2341 2820 2391 si
2863 2341 3064 2407 placet,
3108 2341 3172 2393 ad
3215 2342 3315 2394 alia
3368 2342 3603 2409 supplicii
3650 2357 3739 2410 ge-

2191 2441 2314 2478 nera
2344 2441 2638 2480 sermonem
2669 2439 3062 2494 convertamus,
3100 2439 3157 2482 ut
3184 2447 3247 2484 ex
3276 2431 3550 2499 prtetcritis
3577 2431 3744 2484 futura

2189 2515 2486 2568 credantur.
2545 2517 2677 2569 Num
2730 2518 2846 2585 quis
2895 2528 3122 2571 vestrum
3173 2535 3416 2587 umquam
3470 2519 3520 2572 in
3576 2520 3741 2572 Palm-

2191 2603 2377 2655 stinam
2420 2605 2776 2672 peregrinatus
2820 2607 2936 2660 est?
2965 2607 3088 2659 Mihi
3128 2609 3334 2674 quidem
3384 2608 3609 2660 videtur.
3645 2607 3742 2659 Vos

2191 2706 2317 2759 ergo
2358 2693 2614 2746 dictorum
2659 2696 2863 2748 veritati
2904 2697 3252 2749 testimonium
3301 2695 3450 2748 ferte.
3495 2695 3622 2748 Nam
3671 2695 3740 2744 nl-

2195 2789 2271 2831 tra
2303 2781 2612 2834 Ascalonem
2640 2792 2692 2835 et
2731 2783 2920 2837 Gazam
2965 2785 3027 2837 ad
3069 2786 3233 2852 ipsum
3283 2795 3599 2852 postremum
3631 2784 3738 2837 Jor-

2193 2868 2343 2922 danis
2387 2871 2525 2923 fluvii
2558 2875 2834 2925 terminum
2881 2883 2994 2926 crat
3030 2874 3268 2942 quaedam
3295 2876 3439 2942 regio
3466 2889 3650 2942 magna
3695 2883 3742 2926 et

2195 2959 2532 3024 feracissima,
2558 2977 2674 3028 quae
2715 2977 2835 3016 cum
2873 2964 3115 3031 paradiso
3154 2965 3244 3017 Dei
3273 2973 3578 3017 concertare
3629 2978 3744 3030 pos-

2195 3057 2275 3101 set
2308 3063 2320 3097 :
2352 3062 2470 3100 nam
2523 3048 2674 3112 Vidit,
2709 3052 2892 3118 inquit,
2926 3051 3019 3103 Lot
3059 3068 3252 3104 omnem
3289 3053 3537 3120 regionem
3568 3052 3748 3102 circum

2195 3139 2486 3202 Jordanem,
2529 3156 2639 3206 qua:
2681 3140 2981 3209 irrigubatur
3004 3143 3144 3211 quasi
3173 3142 3434 3210 paradisus
3461 3140 3556 3193 Dei
3584 3143 3600 3208 (
3624 3139 3746 3194 Gen.

2200 3231 2284 3281 i5.
2320 3230 2429 3296 10).
2463 3229 2649 3282 Verum
2695 3231 2808 3283 haec
2853 3245 2991 3284 nunc
3032 3240 3113 3284 est
3155 3232 3389 3284 omnium
3418 3231 3751 3283 desertorum

2199 3316 2573 3370 desertissima.
2604 3319 2753 3370 Stant
2779 3320 2917 3371 enim
2940 3320 3175 3383 arbores,
3199 3329 3251 3371 et
3281 3321 3500 3373 fructum
3532 3318 3749 3378 habent,

2200 3413 2254 3457 at
2295 3404 2491 3457 fructus
2534 3406 2620 3458 ille
2664 3407 2754 3458 ira:
2799 3406 2988 3459 divina:
3037 3407 3410 3459 monimentum
3462 3415 3560 3458 est.
3605 3406 3752 3459 Stant

2201 3476 2554 3561 malngranata
2586 3495 2857 3561 splendida
2891 3495 3022 3549 facie
3049 3511 3194 3564 spem
3238 3497 3426 3549 bonam
3464 3497 3752 3563 ignoranti-

2203 3583 2299 3636 bus
2352 3583 2672 3648 praabentia,
2713 3583 2952 3636 manibus
2978 3593 3151 3637 autem
3194 3594 3404 3651 accepta
3454 3593 3508 3636 et
3553 3583 3750 3643 fracta,

2203 3671 2428 3726 fructum
2458 3671 2671 3738 quidem
2695 3673 2924 3735 nullum,
2973 3673 3064 3724 sed
3115 3672 3378 3740 pulverem
3422 3673 3754 3738 cineremque

2203 3761 2422 3813 multum
2451 3763 2589 3814 intus
2621 3763 2844 3828 positum
2871 3763 3138 3816 exhibent.
3168 3764 3307 3815 Talis
3331 3773 3409 3816 est
3435 3772 3592 3826 terra,
3627 3763 3755 3814 tales

2206 3848 2424 3914 lapides,
2454 3849 2569 3901 talis
2595 3850 2706 3916 ipse
2735 3865 2844 3901 aer.
2876 3851 3061 3902 Omnia
3085 3851 3291 3902 incensa
3315 3861 3436 3901 sunt
3469 3891 3481 3912 ,
3507 3851 3755 3901 omniain

2205 3937 2435 3990 cinerem
2462 3937 2694 3999 redacta,
2724 3947 3072 4004 praaterquam
3103 3937 3194 3989 ira:
3229 3940 3569 4000 monimenta,
3599 3938 3754 3989 futuri

2209 4026 2450 4092 supplicii
2473 4024 2682 4078 indicia.
2712 4025 2843 4078 Num
2872 4034 2924 4078 et
2955 4026 3066 4077 haec
3082 4034 3205 4078 sunt
3232 4027 3510 4078 verborum
3533 4025 3755 4077 commi-

2207 4113 2485 4170 nationes?
2514 4129 2640 4168 num
2670 4124 2723 4167 et
2752 4114 2863 4166 lucc
2891 4128 3191 4167 sermonum
3225 4115 3512 4182 strepitus?
3547 4113 3602 4168 Si
3642 4115 3756 4181 quis

2209 4222 2312 4258 non
2333 4206 2502 4260 credit
2519 4205 2793 4272 gehennae,
2822 4205 3102 4258 Sodomam
3146 4206 3338 4272 cogitet
3363 4247 3376 4267 ,
3410 4205 3755 4259 Gomorrbam

2210 4310 2386 4347 secum
2431 4304 2668 4360 reputet,
2719 4294 3025 4360 supplicium
3072 4294 3310 4346 videlicet
3347 4294 3454 4360 jam
3495 4304 3757 4361 sumptum

2211 4393 2261 4433 ct
2288 4384 2537 4434 hactenus
2563 4395 2798 4432 manens.
2835 4380 2886 4432 ld
2914 4380 3050 4446 quod
3087 4380 3260 4432 divina
3301 4381 3568 4448 Scriptura
3604 4397 3758 4433 enar-

2212 4487 2331 4522 raus
2353 4470 2416 4522 de
2437 4470 2684 4537 sapientia
2715 4471 2790 4523 sic
2818 4471 3048 4537 loquitur
3076 4489 3087 4522 :
3126 4470 3246 4524 llaec
3262 4474 3475 4539 justum,
3513 4475 3758 4538 pereunti-

2211 4561 2299 4611 bus
2325 4560 2507 4625 impiis,
2547 4560 2766 4611 liberavit
2805 4560 3068 4627 fugientem
3099 4561 3472 4613 descendentem
3507 4563 3668 4630 ignem
3706 4563 3756 4612 in

2213 4648 2526 4716 Pentapolim
2556 4648 2705 4716 (Sap.
2739 4649 2819 4701 tO.
2852 4650 2900 4702 6.
2929 4651 3004 4717 7).
3035 4650 3154 4703 llaec
3181 4651 3340 4703 etiam
3369 4666 3506 4704 nunc
3537 4651 3599 4704 In
3628 4653 3759 4705 testi-

2209 4739 2424 4789 monium
2451 4738 2675 4804 nequitia:
2696 4738 2945 4805 [umigans
2964 4749 3059 4790 stat
3081 4738 3268 4790 deserta
3295 4750 3424 4791 terra
3442 4781 3454 4802 ,
3489 4751 3533 4792 et
3573 4742 3758 4792 incerto

2210 4836 2423 4892 tempore
2449 4831 2636 4892 fructus
2660 4828 2889 4877 arborum
2918 4830 3111 4879 emittit.
3138 4828 3362 4882 Necesse
3402 4840 3574 4881 autem
3606 4842 3682 4883 est
3708 4841 3758 4881 et

2210 4937 2418 4974 causam
2451 4924 2625 4976 dicere
2651 4924 2717 4975 ob
2751 4939 2904 4989 quam
2941 4925 3060 4975 talia
3101 4924 3237 4990 passi
3273 4934 3411 4978 sunt.
3446 4924 3616 4978 Unum
3647 4934 3759 4977 erat

2209 5027 2388 5065 eorum
2413 5015 2598 5071 scelus,
2613 5025 2770 5077 grave
2783 5011 2988 5076 quidem
3017 5021 3068 5063 et
3101 5012 3506 5075 exsecrandum;
3531 5022 3758 5064 attamen

2211 5117 2390 5153 unum.
2419 5101 2677 5154 lusanoin
2720 5113 2910 5165 pueros
2953 5115 3131 5152 amore
3175 5100 3504 5162 ferebantur,
3539 5102 3760 5167 ideoque

2211 5192 2358 5257 ignea
2415 5190 2594 5258 pluvia
2632 5189 2887 5240 combusti
2926 5197 3084 5240 sunt:
3120 5205 3256 5243 nunc
3299 5200 3469 5241 autem
3510 5198 3757 5242 sexcenta

2210 5294 2349 5346 parta
2377 5290 2428 5331 ct
2452 5279 2690 5345 graviora
2724 5286 3110 5344 perpetrantur,
3143 5294 3312 5347 neqne
3338 5279 3438 5332 tale
3457 5280 3753 5333 incendium

2210 5375 2520 5420 immittitur.
2553 5365 2760 5428 Quare?
2785 5366 2914 5430 Quia
2951 5367 3085 5419 alius
3128 5369 3261 5434 ignis
3290 5377 3612 5434 prmparatus
3639 5377 3716 5420 est
3735 5408 3752 5431 ,

2208 5471 2485 5522 numquam
2516 5456 2941 5520 exstinguendus.
2967 5456 3238 5519 Quomodo
3267 5459 3401 5509 enim
3428 5457 3514 5523 qui
3537 5470 3628 5523 pro
3649 5472 3752 5508 uun

2267 5588 2336 5645 (ιι)
2363 5584 2578 5644 Reliquiae
2605 5597 2720 5648 arcae
2745 5593 2837 5632 .Voe
2862 5591 3077 5645 tempore
3102 5584 3414 5648 Chrysostomi
3441 5585 3488 5632 in
3513 5585 3751 5633 montibus

2209 5650 2443 5698 Armenia:
2465 5646 2785 5692 servabantur.
