4000 6220
191 350 304 408 287

172 453 375 517 ἐκεῖνος
417 455 522 524 γὰρ
563 457 706 525 ἡμᾶς
750 457 1060 526 ἐπιστρέφει
1092 459 1276 529 μόνος,
1319 462 1512 516 καὶτὰ
1559 465 1806 532 πορφυρᾶ

197 548 378 618 μάτια,
406 551 496 603 καὶ
520 552 580 603 τὸ
607 551 855 621 διάδημα,
888 554 977 606 καὶ
1014 556 1045 623 ή
1087 556 1340 625 καθέδρα,
1384 561 1475 610 καὶ
1520 560 1552 626 ή
1584 560 1801 628 περόνη,

174 645 267 694 καὶ
305 643 370 697 τά
405 645 731 715 ὑποδήματα,
760 648 848 699 καὶ
875 650 906 716 ἡ
939 649 1034 716 τῆς
1067 650 1240 718 ὂψεως
1275 651 1588 720 λαμπηδὼν.
1625 654 1806 706 Ταῦτα

175 733 264 791 οὖν
305 739 514 793 ἅπαντα
546 743 855 809 συναγαγὼν
901 745 1155 814 ἀκριϐῶς,
1205 746 1310 797 άπὸ
1337 748 1534 801 τούτων
1583 750 1809 816 μετάθες

176 832 335 885 πάλιν
365 835 454 887 ἐπὶ
486 836 552 888 τὰ
578 836 684 889 ἄνω
718 838 805 889 τὸν
832 837 1103 907 λογισμὸν,
1141 842 1232 892 καὶ
1260 839 1357 909 τὴν
1387 842 1595 911 ἡμέραν
1629 844 1808 913 ἐννόη-

178 942 268 978 σον
307 927 401 997 τὴν
447 929 692 1000 φοϐεράν,
736 931 854 984 καθ’
898 933 963 1001 ἢν
1001 936 1027 985 6
1061 935 1286 1002 Χριστὸς
1319 938 1693 1005 παραγίνεται.
1727 940 1800 991 Οὐ

175 1021 282 1090 7&9
324 1022 511 1090 ζεῦγος
553 1027 784 1094 ἡμιόνων
820 1028 934 1096 ὄψει
972 1032 1109 1093 τότε,
1157 1033 1272 1084 οὐδέ
1312 1035 1557 1102 ὀχήματα
1598 1038 1806 1103 χρυσᾶ,

175 1114 291 1167 οζδὲ
330 1117 618 1185 δράκοντας
650 1121 740 1172 καὶ
771 1122 1014 1184 ἀσπίδας,
1046 1125 1155 1176 ἀλλ’
1183 1126 1210 1178 6
1254 1127 1448 1198 πολλῆς
1487 1129 1643 1197 γέμει
1686 1131 1809 1199 φρί-

175 1225 298 1276 κης,
334 1212 422 1262 καὶ
449 1213 707 1281 τοσαύτην
733 1217 945 1283 ἐμποιεῖ
978 1218 1074 1286 τὴν
1101 1218 1371 1281 ἔκστασιν,
1415 1223 1489 1284 ὡς
1522 1224 1614 1274 καὶ
1646 1224 1810 1284 αὐτὰς

178 1304 508 1374 ἐκπλαγῆναι
534 1308 630 1369 τὰς
668 1310 943 1378 οὐρανίους
981 1313 1258 1382 δυνάμεις·
1292 1320 1359 1369 Al
1393 1317 1498 1385 7&9
1534 1318 1810 1385 δυνάμεις

179 1396 297 1448 τῶν
324 1399 604 1464 οὐρανῶν,
635 1404 781 1470 φησὶ,
805 1407 1298 1471 σαλευθήσονται.
1337 1408 1483 1480 [296]
1511 1413 1640 1464 Τότε
1676 1413 1812 1466 ἀνοί-

180 1502 332 1553 γεται
373 1494 467 1557 μὲν
505 1492 643 1556 άπας
668 1497 695 1547 6
722 1498 971 1564 οὐρανὸς,
1013 1500 1218 1553 κάτεισι
1252 1503 1305 1554 δὲ
1333 1506 1359 1555 6
1394 1506 1678 1574 μονογενὴς
1718 1507 1808 1559 τοῦ

179 1581 312 1634 Θεοῦ
355 1585 499 1648 Υίὸς,
525 1587 621 1639 οὐκ
663 1591 850 1652 είκοσι,
880 1592 996 1644 οὐδὲ
1026 1593 1214 1644 ἑκατὸν
1242 1595 1669 1666 δορυφορούντων
1711 1599 1810 1650 αὕ-

177 1674 285 1739 τὸν,
329 1679 458 1730 ἀλλά
487 1680 729 1748 χιλιάδων
763 1685 852 1736 καὶ
888 1687 1157 1754 μυριάδων
1184 1689 1422 1754 ἀγγέλων
1458 1707 1516 1741 τε
1554 1691 1644 1742 καὶ
1675 1693 1810 1760 ἀρχ-

178 1773 460 1836 αγγέλων,
502 1775 590 1825 καὶ
635 1776 806 1829 πάντα
850 1778 999 1830 ἔσται
1053 1781 1212 1846 φόϐου
1255 1784 1344 1833 καὶ
1379 1784 1573 1852 τρόμου
1610 1785 1804 1854 μεστὰ,

176 1865 272 1932 τῆς
304 1867 405 1932 γῆς
432 1868 927 1942 ἀναρρηγνυμένης,
967 1876 1059 1926 καὶ
1105 1876 1211 1926 τῶν
1253 1878 1467 1930 πώποτε
1511 1880 1809 1947 γενομένων

177 1956 496 2025 ἀνθρώπων,
539 1962 594 2027 ἐξ
643 1955 701 2015 οῦ
733 1965 951 2033 γέγονεν
991 1970 1018 2021 6
1058 1972 1222 2039 Ἀδὰμ
1269 1973 1427 2041 μέχρι
1471 1975 1567 2042 τῆς
1602 1976 1810 2044 ἡμέρας

177 2052 411 2120 ἐκείνης,
440 2055 544 2109 ἀπὸ
579 2059 679 2128 γῆς
705 2061 1091 2132 ἀνισταμένων,
1137 2069 1229 2118 καὶ
1265 2069 1673 2138 ἁρπαζομένων,
1715 2073 1812 2122 αὑ-

175 2144 266 2197 τοῦ
314 2149 450 2214 μετά
495 2154 754 2224 τοσαύτης
791 2159 1104 2228 φαινομένου
1137 2162 1319 2229 δόξης,
1365 2165 1501 2216 ὥστε
1539 2166 1627 2216 τὸν
1667 2166 1813 2238 ἥλιον

178 2243 270 2292 καὶ⁸
297 2242 397 2312 τὴν
438 2246 660 2318 σελήνην
695 2253 835 2306 ᾶπαν
868 2256 1067 2325 κρύψαι
1115 2258 1172 2308 τὸ
1211 2260 1342 2324 φῶς,
1385 2261 1486 2312 ὑπὸ
1515 2262 1612 2328 τῆς
1644 2261 1813 2328 αὐγῆς

178 2333 389 2405 ἐκείνης
415 2338 907 2415 ύπερλαμπόμενον.
946 2349 1103 2414 Ἀλλ’,
1145 2351 1286 2420 οίμοι
1322 2355 1418 2422 τῆς
1449 2353 1642 2422 πολλῆς
1672 2356 1814 2406 ἀναι-

181 2429 424 2497 σθησῑας,
453 2435 550 2496 ὅτι,
577 2437 821 2494 τοιούτων
848 2445 1299 2514 προσδοκωμένων
1320 2447 1554 2513 ἀγαθῶν,
1582 2448 1658 2499 ἐτι
1683 2448 1814 2516 πρὸς

181 2522 247 2575 τὰ
284 2528 524 2596 παρόντα
559 2536 880 2603 κεχήναμεν,
929 2539 1020 2588 καὶ
1057 2541 1151 2591 οὐκ
1189 2542 1465 2608 ἐννοοῦμεν
1509 2541 1600 2593 τοῦ
1641 2543 1817 2594 διαϐό-

201 2635 271 2670 .ου
296 2621 392 2687 τὴν
421 2627 762 2694 κακουργίαν,
789 2628 846 2691 ὃς
873 2629 958 2682 διὰ
983 2633 1088 2684 τῶν
1122 2635 1326 2702 μικρῶν
1350 2637 1412 2686 τὰ
1444 2637 1648 2704 μεγάλα
1677 2638 1820 2704 ἡμᾶς

186 2713 510 2780 ἀφαιρεῖται,
543 2718 634 2770 καὶ
660 2719 837 2772 δίδωσι
867 2722 1050 2791 πηλὸν,
1079 2725 1164 2777 ἵνα
1205 2727 1418 2795 ἁρπάσῃ
1452 2727 1691 2796 οὐρανὸν,
1726 2729 1819 2780 καὶ

180 2805 416 2859 δείκνυσι
452 2825 622 2873 σκιάν,
665 2813 749 2865 ῖνα
794 2815 991 2885 ἐκϐάλῃ
1022 2821 1117 2884 τῆς
1155 2818 1428 2887 ἀληθείας,
1470 2821 1560 2871 καὶ
1589 2823 1645 2872 ἐν
1684 2822 1819 2874 ὀνεί-

185 2914 300 2964 ροις
343 2904 595 2968 φαντάζει
629 2905 814 2974 (τοῦτο
846 2909 951 2978 γὰρ
979 2911 1006 2961 6
1038 2911 1221 2974 παρὼν
1257 2913 1525 2983 πλοῦτος),
1559 2913 1644 2978 ἵν’,
1678 2915 1817 2983 ὴμέ-

185 3009 288 3061 ρας
334 2997 643 3066 γενομένης,
681 2998 827 3070 δείξῃ
864 3003 1074 3055 πάντων
1115 3007 1478 3074 πενεστέρους.
1506 3008 1680 3076 “Amp
1717 3025 1818 3076 μα·

182 3084 385 3148 Θόντες,
417 3090 703 3159 ἀγαπητοὶ,
735 3093 985 3161 φύγωμεν
1014 3096 1103 3147 τὸν
1132 3097 1331 3148 ἐκείνου
1361 3098 1524 3161 δόλον,
1564 3100 1817 3167 φύγωμεν

179 3179 284 3245 τὴν
336 3183 448 3247 μετ’
484 3185 686 3236 ἐκείνου
715 3186 1048 3256 κατάκρισιν,
1082 3189 1168 3241 ἵνα
1213 3190 1284 3260 μὴ
1333 3192 1423 3244 καὶ
1458 3193 1588 3260 πρὸς
1614 3194 1759 3261 ἡμᾶς
1790 3195 1818 3244 6

224 3272 376 3342 ριτὴς
417 3276 573 3347 εῖπῃ⁸
614 3281 938 3344 Πορεύεσθε
973 3283 1070 3335 ἀπ’
1109 3283 1272 3349 ἐμοῦ,
1313 3288 1366 3336 οι
1404 3287 1815 3353 κατηραμένοι,

202 3367 270 3430 εἷς
300 3368 365 3420 τὸ
400 3369 517 3436 πῦρ
545 3373 610 3423 τὸ
641 3372 875 3427 αἰώνιον
903 3376 968 3429 τὸ
997 3378 1430 3446 ἡτοιμασμένον
1467 3380 1544 3443 τῷ
1572 3380 1823 3446 διαϐόλῳ

181 3460 284 3513 καί
321 3462 441 3528 τοῖς
466 3465 734 3532 ἀγγέλοις
763 3470 960 3522 αὐτοῦ.

254 3557 318 3616 ζ’.
361 3556 514 3609 Ἀλλά
545 3561 913 3629 φιλάνθρωπός
941 3565 1084 3616 ἐστιν
1105 3567 1132 3617 6
1168 3566 1296 3629 Θεός
1314 3585 1326 3596 °
1357 3569 1452 3620 οὐκ
1477 3569 1622 3622 ἔσται
1644 3571 1813 3632 τοῦτο,

183 3648 368 3717 φησίν.
396 3649 598 3701 Οὐκοῦν
627 3653 742 3721 είκῆ
771 3654 1102 3723 γέγραπται;
1137 3659 1286 3726 Οὐχὶ,
1322 3661 1501 3727 φησιν,
1531 3662 1661 3713 ἀλλά
1687 3663 1818 3730 πρὸς

187 3741 418 3810 ἀπειλὴν
452 3743 624 3811 μόνον,
671 3745 753 3797 ἵνα
788 3749 1164 3818 σωφρονῶμεν.
1191 3752 1285 3802 Ἂν
1317 3749 1405 3804 οῦν
1442 3755 1512 3822 μὴ
1544 3754 1820 3822 σωφρονῶ-

190 3849 313 3901 μεν,
343 3835 475 3887 ἀλλά
505 3837 745 3905 μένωμεν
775 3841 949 3903 κακοὶ,
974 3844 1070 3894 οὐκ
1099 3844 1282 3907 ἐπάξει
1311 3846 1404 3914 τὴν
1433 3847 1674 3911 κόλασιν;
1703 3848 1821 3900 εἰπέ

189 3943 302 3994 μοι.
333 3929 535 3982 Οὐκοῦν
570 3931 686 3983 ούδέ
723 3936 832 3996 τοῖς
875 3936 1090 4002 ἀγαθοῖς
1137 3938 1396 3991 ἀποδώσει
1429 3940 1524 4002 τάς
1562 3942 1819 4008 ἀμοιϐάς;

186 4019 318 4080 Ναὶ,
348 4023 512 4089 φησί·
545 4023 698 4076 τοῦτο
729 4025 834 4093 7&9
867 4028 1070 4096 πρέπον
1101 4030 1242 4098 αὐτῷ
1272 4032 1362 4083 καὶ
1391 4033 1526 4099 ὑπὲρ
1551 4035 1645 4103 τὴν
1670 4033 1822 4096 ἀξίαν

189 4111 515 4179 εὐεργετεῖν.
544 4116 701 4171 Ὥστε
746 4119 922 4170 ἐκεῖνα
965 4119 1136 4188 ἀληθῆ
1169 4123 1260 4174 καὶ
1305 4124 1514 4186 πάντως
1554 4125 1720 4187 ἔσται,
1756 4127 1822 4177 τὰ

185 4204 244 4256 δὲ
270 4206 376 4257 τῶν
405 4207 668 4260 κολάσεων
707 4211 763 4261 οὐ
799 4211 1039 4277 πάντως;
1073 4214 1132 4264 Ὢ
1159 4215 1256 4282 τῆς
1286 4217 1479 4284 πολλῆς
1517 4216 1607 4268 τοῦ
1651 4216 1824 4268 διαϐό-

188 4294 281 4346 λου
309 4298 678 4365 κακοτεχνίας,
704 4301 746 4351 ὣ
783 4301 879 4368 τῆς
910 4303 1262 4372 ἀπανθρώπου
1291 4306 1487 4374 ταύτης
1526 4307 1821 4376 φιλανθρω-

190 4389 342 4449 πίας.
379 4391 609 4444 Ἐκείνου
642 4394 745 4461 γάρ
772 4394 911 4446 ἐστιν
939 4390 1086 4456 οὗτος
1112 4399 1138 4446 ὁ
1164 4397 1415 4465 λογισμὸς
1445 4399 1597 4466 χάριν
1637 4400 1825 4468 ἀνόνη-

187 4499 279 4534 τον
312 4484 652 4553 χαριζόμενος
688 4488 780 4538 καὶ
823 4489 1092 4556 ῥᾳθύμους
1129 4492 1310 4544 ποιῶν.
1352 4493 1565 4560 Ἐπειδὴ
1607 4495 1712 4564 γὰρ
1750 4491 1825 4546 οἷ-

187 4577 296 4637 δεν,
325 4576 401 4626 ὅτι
428 4577 520 4646 τῆς
546 4577 810 4641 κολάσεως
836 4581 862 4630 6
893 4582 1069 4648 φόϐος,
1095 4584 1336 4655 καθάπερ
1367 4603 1444 4646 τις
1471 4587 1696 4653 χαλινὸς,
1728 4588 1824 4656 τὴν

193 4671 465 4739 ἡμετέραν
517 4673 668 4739 ἄγχει
723 4674 912 4743 ψυχὴν,
961 4678 1050 4726 καὶ
1096 4677 1202 4728 τῶν
1259 4679 1440 4731 κακῶν
1486 4682 1821 4744 ἀναστέλλει,

193 4765 374 4817 πάντα
415 4770 556 4817 ποιεῖ
584 4770 673 4819 καὶ
721 4771 1173 4838 πραγματεύεται,
1206 4772 1340 4823 ὥστε
1377 4775 1660 4843 πρόρριζον
1699 4777 1825 4828 ἀνα-

186 4860 396 4910 σπάσαι
427 4860 626 4924 τοῦτον,
653 4863 736 4913 ἵνα
773 4863 951 4915 λοιπὸν
986 4865 1149 4926 ἀδεῶς
1183 4867 1319 4917 κατα
1350 4870 1601 4936 κρημνῶν
1647 4870 1821 4939 φερώ-

190 4945 352 5012 μεθα.
384 4944 504 5005 Πῶς
533 4942 622 4998 οῦν
654 4947 811 4998 αὑτοῦ
855 4949 1291 5017 περιγενώμεθα;
1323 4953 1456 5004 Ὅσα
1489 4954 1550 5004 ἂν
1588 4955 1825 5023 εἴπωμεν

185 5038 297 5088 ἀπὸ
324 5039 432 5089 τῶν
473 5039 715 5107 Γραφῶν,
751 5039 960 5109 ἐροῦσιν
989 5045 1036 5093 οί
1078 5046 1460 5110 ἀντιλέγοντες,
1493 5048 1570 5097 ὅτι
1605 5049 1826 5118 ἀπειλῆς

191 5132 376 5183 ἕνεκεν
408 5133 726 5202 γέγραπται.
755 5135 908 5187 Ἀλλά
939 5139 1062 5205 περὶ
1091 5138 1185 5205 μὲν
1207 5140 1309 5190 τῶν
1339 5141 1628 5209 μελλόντων
1657 5144 1825 5211 ἔχοιεν

191 5224 261 5276 ἂν
299 5225 454 5278 τοῦτο
484 5227 676 5293 λέγειν,
717 5231 763 5279 εἰ
797 5231 888 5282 καὶ
916 5231 1029 5280 λίαν
1059 5233 1293 5294 ἀσεϐῶς·
1330 5237 1454 5304 περὶ
1494 5236 1548 5286 δὲ
1587 5236 1690 5288 τῶν
1735 5239 1824 5289 ἐκ·

193 5317 505 5385 ϐεϐηκότων
549 5322 644 5372 ούκ
690 5323 798 5384 ἔτι,
850 5325 941 5374 καὶ
989 5325 1135 5386 τέλος
1185 5329 1506 5396 ἐσχηκότων,
1552 5329 1825 5398 Ἐρώμεθα

193 5412 373 5464 τοίνυν
396 5413 586 5475 αὐτούς
608 5417 924 5470 ’Ἠκούσατε
944 5421 1061 5486 περὶ
1085 5420 1174 5470 τοῦ
1211 5424 1580 5491 κατακλυσμοῦ
1614 5427 1705 5475 καὶ
1730 5425 1826 5490 τῆς

195 5509 565 5578 πανωλεθρίας
603 5510 838 5580 ἐκείνης;
890 5515 961 5581 μὴ
1006 5517 1217 5567 κακεῖνο
1255 5519 1476 5587 ἀπειλῆς
1527 5522 1704 5570 ἕνεκεν
1751 5521 1827 5570 εί-

197 5625 363 5678 ρᾳο,
396 5609 513 5676 οὐχὶ
560 5607 765 5678 γέγονε,
814 5610 908 5661 καὶ·
936 5612 1013 5671 εἰς
1061 5612 1212 5678 ἔργον
1244 5613 1438 5678 ἐξέ6η;
1479 5617 1592 5683 οὐχι
1632 5619 1720 5668 καὶ
1762 5616 1825 5666 τὰ

1436 348 1523 403 DE
1565 348 1916 405 PERFECTA
1954 351 2313 412 CABITATE.

3424 380 3534 438 288

1908 465 2006 536 ὅρη
2039 476 2296 542 μαρτυρεῖ
2339 477 2436 545 τῆς
2473 476 2789 548 ’Δρμενίας,
2835 478 2958 531 ἔνθα
2988 480 3019 547 ἠ
3060 480 3284 541 κιϐωτὸς
3320 480 3541 550 ίδρύθης

1907 567 2025 634 οὐχὶ
2053 567 2145 619 καὶ
2184 570 2249 621 τὰ
2286 568 2504 638 λείψανα
2533 573 2700 638 αὐτῆς
2725 573 2826 634 ἓως
2853 574 2944 625 νῦν
2988 575 3102 624 ἐκεῖ
3144 573 3368 636 σώζεται
3408 574 3540 643 πρὸς

1908 663 2173 730 ἡμετέραν
2203 665 2531 735 ὑπόμνησινς
2565 668 2798 721 Τοιαῦτα
2828 670 2920 721 καὶ
2955 669 3073 720 τότε
3114 669 3295 721 πολλοὶ
3336 671 3535 738 ἔλεγον,

1910 755 2002 806 καὶ
2038 758 2093 809 ἐν
2138 758 2326 810 ἐκατὺν
2370 759 2509 812 ἔτεσι
2559 761 2658 827 τῆς
2691 762 2916 814 κιϐωτοῦ
2951 765 3397 832 τεκταινομένης,
3443 767 3539 820 καὶ

1908 847 2010 900 τῶν
2039 849 2205 912 ξύλων
2238 855 2780 920 κατασκευαζομένων
2801 866 2841 918 ³,
2875 858 2962 908 καὶ
2990 857 3083 908 τοῦ
3123 859 3327 910 δικαίου
3377 857 3537 927 βοῶνςι

1907 958 2014 1004 τος,
2057 944 2227 1007 οὐδεὶς
2260 948 2287 997 6
2321 948 2583 1000 πιστεύων
2610 945 2675 1017 ἦν
2695 965 2706 978 ο
2740 950 2852 1002 ἀλλ’
2879 953 3059 1022 ἐπειδὴ
3085 954 3183 1004 οὐκ
3221 952 3536 1008 ἐπίστευσαν

1908 1029 1972 1094 τῇ
2004 1027 2087 1080 διὰ
2128 1029 2234 1080 τῶν
2264 1031 2516 1099 ῥημάτων
2555 1033 2780 1103 ἀπειλῇ,
2819 1036 2914 1104 τὴν
2941 1037 3026 1088 διὰ
3057 1037 3159 1088 τῶν
3202 1040 3538 1106 πραγμάτων

1910 1120 2211 1190 ὑπέστησαν
2241 1127 2502 1194 τιμωρίαν
2534 1126 2740 1196 ἀθρόον.
2789 1125 2917 1180 Εἶτα
2954 1132 2981 1182 6
3025 1131 3274 1198 τοιαύτην
3317 1131 3533 1183 κόλασιν

1909 1215 2056 1285 [297]
2083 1217 2368 1284 ἐπαγαγὼν
2392 1221 2630 1284 ἐκείνοις,
2656 1224 2714 1274 οὐ
2746 1223 2919 1290 πολλῷ
2950 1225 3140 1292 μᾶλλον
3166 1224 3348 1287 ἐπάξει
3375 1224 3532 1292 ήμῖνς

1908 1311 1968 1362 ού
2007 1312 2110 1380 γὰρ
2139 1312 2390 1365 ἐλάττονα
2423 1315 2528 1366 τῶν
2551 1316 2667 1367 τότε
2691 1317 2872 1370 κακῶν
2896 1316 2962 1369 τά
2991 1316 3082 1368 νῦν
3109 1319 3378 1385 γινόμενα.
3404 1315 3534 1368 Τότε

1914 1405 2007 1472 μὲν
2035 1404 2142 1473 7&9
2173 1406 2443 1473 ἐπιμιξίας
2484 1407 2694 1460 ἐποίουν
2730 1408 3028 1477 ἀθέσμους·
3069 1407 3368 1475 Είσῆ.ῖθον
3407 1411 3535 1479 γὰρ,

1910 1501 2088 1568 φησὶν,
2117 1504 2171 1554 οί
2196 1502 2308 1554 υΙοί
2345 1502 2446 1554 τοῦ
2478 1503 2620 1555 Θεοῦ
2648 1503 2791 1569 πρὸς
2819 1504 2923 1569 τὰς
2954 1503 3271 1571 θυγατέρας
3296 1503 3412 1557 τῶν
3437 1507 3536 1558 ἀν-

1910 1596 2176 1662 θρώπων·
2208 1596 2300 1650 νῦν
2325 1596 2380 1649 δὲ
2410 1598 2507 1649 οὐκ
2543 1598 2685 1652 ἐστιν
2715 1593 2846 1661 είδος
2889 1600 3156 1669 ἁμαρτίας
3185 1601 3478 1671 ἄπρακτον,
3511 1597 3538 1651 θ

1909 1694 2381 1762 καταλιμπάνεται.

1989 1847 2144 1910 Ἀλλ’,
2173 1850 2218 1901 εί
2250 1848 2408 1911 δοκεῖ,
2443 1850 2534 1901 καὶ
2567 1851 2649 1916 ἐφ’
2685 1850 2845 1920 ἔτερα
2877 1850 3142 1912 κολάσεως
3171 1851 3280 1919 εἴδη
3319 1849 3408 1900 τὸν
3450 1848 3536 1898 λό-

1907 1960 2000 2011 γον
2036 1945 2341 2013 ἀγάγωμεν,
2367 1944 2452 1996 ῖνα
2487 1946 2550 1996 ἐκ
2580 1946 2685 1998 τῶν
2720 1944 3018 2013 γενομένων
3057 1947 3148 1997 καὶ
3184 1943 3251 1996 τὰ
3283 1943 3536 2011 μέλλοντα

1909 2041 2182 2110 πιστευθῇ.
2218 2041 2547 2110 Ἐπεδήμησέ
2593 2059 2673 2103 τις
2715 2041 2865 2111 ὑμῶν
2905 2045 2968 2112 τῇ
3005 2042 3325 2111 Παλαιστίνῃ
3370 2039 3533 2100 ποτές

1912 2136 2118 2201 Ἔγωγε
2155 2131 2324 2202 οἶμαι.
2365 2133 2565 2187 Οὐκοῦν
2603 2135 2757 2203 ὑμεῖς
2792 2136 3164 2203 μαρτυρήσατε
3205 2136 3267 2204 τῇ
3313 2130 3538 2201 ἀληθείᾳ

1907 2229 2014 2282 τῶν
2054 2227 2369 2296 λεγομένων.
2406 2227 2732 2288 Ἀσκάλωνος
2773 2228 2880 2294 γὰρ
2921 2229 3011 2279 καὶ
3059 2228 3232 2294 Γάζης
3271 2226 3536 2294 ἀνώτερον

1909 2323 1987 2382 είς
2019 2321 2145 2372 αὐτὸ
2185 2319 2274 2371 τοῦ
2313 2320 2572 2388 Ἰορδάνου
2607 2320 2846 2386 ποταμοῦ
2880 2322 2938 2371 τὸ
2979 2320 3125 2378 τέλος
3168 2315 3234 2387 ἦν
3274 2337 3356 2381 τις
3390 2319 3538 2389 χώρα

1909 2415 2070 2480 πολλή
2099 2430 2152 2465 τε
2183 2415 2272 2464 καὶ
2297 2411 2538 2481 εὔφορος,
2571 2415 2660 2465 καὶ
2687 2413 2761 2481 τῷ
2787 2413 3089 2481 παραδείσῳ
3114 2413 3206 2466 τοῦ
3233 2413 3364 2464 Θεοῦ
3390 2413 3541 2482 ἁμιλ-

1908 2505 2144 2576 ὶιιομένηο
2175 2504 2307 2561 Εῖδε
2343 2507 2469 2578 γὰρ,
2496 2507 2643 2575 φησὶ,
2677 2507 2799 2560 Λὼτ
2840 2506 3042 2560 πᾶσαν
3072 2506 3183 2570 τὴν
3217 2507 3539 2574 περίχωρον

1909 2603 2010 2655 τοῦ
2040 2603 2346 2669 Ἰορδάνου,
2387 2602 2479 2655 καὶ
2513 2599 2588 2668 ἦν
2627 2600 2968 2668 ποτιζομένη
3009 2600 3086 2663 ὡς
3120 2603 3150 2652 ὀ
3188 2599 3541 2667 παράδεισος

1911 2700 2011 2751 τοῦ
2050 2699 2211 2750 Θεοῦ.
2249 2697 2406 2749 Ἀλλά
2453 2697 2544 2750 νῦν
2587 2696 2721 2765 αῦτη
2758 2698 2937 2748 πασῶν
2971 2696 3077 2747 τῶν
3131 2698 3350 2765 ἐρήμων
3395 2697 3541 2748 ἐστὶν

1911 2791 2226 2860 ἐρημοτέρα,
2251 2791 2484 2857 Ἔστηκε
2529 2791 2622 2857 μὲν
2655 2788 2760 2858 γὰρ
2784 2789 2996 2858 δένδρα,
3039 2790 3129 2841 καὶ
3168 2788 3376 2858 καρπὸν
3406 2789 3538 2857 ἐχει,

1909 2887 1938 2937 6
1960 2887 2013 2938 δὲ
2041 2884 2247 2953 καρπὸς
2268 2884 2362 2951 τῆς
2388 2883 2478 2935 τοῦ
2503 2883 2631 2935 Θεοῦ
2659 2883 2822 2952 ὀργῆς
2844 2886 2987 2936 ἐστιν
3013 2884 3223 2952 ύπόμνη
3235 2902 3324 2950 μα.
3355 2884 3540 2951 Ἐστή-

1912 2995 2034 3031 κασι
2067 2977 2171 3046 γὰρ
2223 2979 2362 3046 ῥοιαὶ
2405 2976 2656 3044 λαμπρὰν
2689 2978 2784 3044 μὲν
2817 2976 3028 3044 ἔχουσαι
3061 2978 3156 3042 τὴν
3206 2979 3536 3044 ἐπιφάνειαν,

1911 3073 2003 3124 καὶ
2033 3071 2266 3140 χρηστάς
2293 3069 2615 3138 παρέχουσαι
2647 3071 2756 3130 τοῖς
2792 3070 3066 3135 ἀγνοοῦσιν
3103 3071 3336 3131 ἐλπίδας,
3372 3073 3449 3133 είς
3486 3071 3541 3124 δὲ

1911 3168 2093 3234 χεῖρας
2136 3165 2415 3233 ληφθεῖσαι
2451 3165 2540 3215 καὶ
2587 3163 3020 3228 διακλασθεῖσαι,
3067 3166 3275 3233 καρπὸν
3319 3165 3414 3232 μὲν
3451 3165 3545 3217 οὐ·

1911 3262 2050 3322 δένα,
2091 3261 2233 3313 κόνιν
2279 3259 2462 3311 δὲκαὶ
2492 3260 2694 3326 τέφραν
2737 3258 3124 3310 ἐπιδείκνυνται
3169 3259 3364 3328 πολλὴν
3401 3257 3545 3313 ἔνδον

1913 3355 2286 3422 ἀποκειμένην.
2328 3352 2557 3419 Τοιαύτη
2593 3353 2703 3405 ἐστὶ
2745 3353 2837 3405 καὶ
2882 3355 2913 3421 ή
2952 3354 3053 3419 γῆ,
3100 3354 3324 3404 τοιοῦτοι
3363 3355 3451 3406 καὶ
3495 3357 3545 3407 οἱ

1913 3449 2069 3508 λίθοι,
2104 3449 2333 3510 τοιοῦτος
2367 3449 2457 3499 καὶ
2496 3449 2522 3499 6
2569 3447 2674 3515 ἀὴρ
2709 3448 2883 3507 αὐτός.
2921 3448 3101 3498 Πάντα
3139 3447 3540 3514 ἐμπέπρησται,

1914 3544 2084 3596 πάντα
2110 3543 2452 3610 τετέφρωται,
2484 3543 2579 3608 τῆς
2609 3538 2976 3607 προλαϐούσης
2999 3539 3162 3607 ὀργῆς
3191 3537 3545 3605 ὑπομνήματα

1913 3637 2062 3698 ὅντα,
2105 3637 2199 3704 τῆς
2237 3634 2526 3700 μελλούσης
2558 3633 2824 3694 κολάσεως
2874 3630 3288 3700 προμηνύματα.
3320 3631 3409 3700 Μὴ
3451 3631 3544 3686 καὶ

1913 3731 2077 3782 ταῦτα
2103 3729 2314 3781 ἀπειλαὶ
2346 3728 2626 3796 ρημάτωνς
2660 3727 2730 3796 μὴ
2763 3726 2854 3778 καὶ
2880 3725 3047 3777 ταῦτα
3070 3724 3227 3791 ψόφοι
3263 3725 3542 3794 ῥημάτωνς

1914 3825 1979 3876 EE
1998 3841 2079 3883 τις
2111 3824 2325 3875 ἀπιστεῖ
2355 3826 2418 3891 τῇ
2454 3821 2660 3890 γεέννῃ,
2687 3820 2752 3872 τὰ
2781 3821 2984 3886 Σόδομα
3017 3819 3324 3883 λογιζέσθω,
3363 3819 3427 3869 τά
3454 3819 3546 3870 Γό-

1919 3919 2090 3985 μορρα
2122 3917 2384 3978 ἐννοείτω,
2415 3916 2509 3981 τὴν
2537 3914 2798 3982 τιμωρίαν
2825 3913 2914 3979 τὴν
2943 3913 3037 3978 ἤδη
3066 3909 3426 3978 γεγενημένην
3453 3908 3545 3961 καὶ

1920 4011 2077 4077 μέχρι
2110 4008 2200 4058 νῦν
2246 4009 2522 4074 μένουσαν.
2567 4007 2738 4072 Ὅπερ
2770 4006 2859 4055 καὶ
2893 4007 2923 4072 ἡ
2969 4004 3086 4054 θεία
3116 4003 3299 4071 Γραφὴ
3333 4003 3544 4070 διηγου-

1921 4104 2050 4171 μένη
2081 4104 2202 4171 περὶ
2241 4102 2336 4165 τῆς
2369 4101 2552 4166 σοφίας
2589 4100 2778 4167 φησίν·
2823 4099 2978 4163 Αὕτη
3017 4098 3263 4156 δίκαιον,
3298 4096 3546 4157 ἐξαπολ-

1916 4197 2186 4263 λυμένων
2234 4192 2490 4254 ἀσεϐῶν,
2539 4194 2824 4259 ἐρρύσατο
2875 4192 3136 4259 φυγόντα
3193 4189 3546 4242 κτιταὸἁσιον

1918 4290 2033 4356 πῦρ
2067 4291 2502 4352 Πενταπόλεως.
2543 4287 2688 4355 Αὕτη
2727 4287 2818 4339 καὶ
2856 4286 2948 4337 νῦν
2988 4286 3062 4337 ἔτι
3102 4287 3181 4346 είς
3221 4285 3548 4350 Μαρτύριοι·

1917 4384 2026 4451 τῆς
2071 4384 2352 4449 πονηρίας
2393 4381 2774 4449 καπνιζομένη
2819 4384 3147 4444 καθέστηκε
3187 4379 3416 4444 χέρσος,
3450 4379 3544 4429 καὶ

1918 4481 2192 4532 ἀτελέσιν
2220 4477 2394 4544 ὥραις
2439 4475 2890 4543 καρποφοροῦσα
2922 4476 2991 4525 τὰ
3023 4473 3194 4539 φυτά.
3238 4473 3548 4536 Ἀναγκαῖον

1919 4575 1972 4625 δὲ
2009 4573 2099 4623 καὶ
2134 4572 2230 4641 τὴν
2258 4572 2431 4624 αίτίαν
2461 4572 2646 4628 εἰπεῖν,
2679 4569 2743 4619 δι’
2769 4568 2832 4634 ἣν
2863 4567 3032 4618 ταῦτα
3078 4565 3419 4617 πεπόνθασιν.
3455 4568 3547 4618 Ἕν

1918 4666 1981 4738 ἦν
2009 4669 2063 4719 τὸ
2087 4671 2326 4734 πταῖσμα
2354 4666 2548 4726 αὐτῶν,
2578 4664 2802 4731 χαλεπὸν
2834 4663 2927 4729 μὲν
2968 4663 3059 4713 καὶ
3083 4661 3348 4728 ἐπάρατον
3370 4677 3382 4690 ·
3415 4661 3548 4727 πλὴν

1919 4764 1994 4815 ἒν.
2039 4761 2225 4814 Παισιν
2250 4761 2276 4798 b
2317 4758 2681 4826 ἐπεμαίνοντο,
2717 4757 2807 4807 καὶ
2849 4756 2932 4806 διὰ
2978 4755 3128 4804 τοῦτο
3179 4755 3384 4823 πυρίνῳ
3420 4770 3546 4803 κατ·-

1920 4855 2223 4920 εκαύθησαν
2252 4850 2415 4919 ὑετῷο
2449 4849 2539 4900 νῦν
2564 4849 2617 4900 δὲ
2661 4850 2822 4916 μυρία
2855 4849 2943 4898 καὶ
2973 4849 3057 4898 ἴσα
3084 4848 3174 4897 καὶ
3200 4845 3550 4913 χαλεπώτερα.

1921 4951 2151 5015 γίνεται,
2211 4945 2301 4996 καὶ
2351 4943 2582 5001 τοιοῦτος
2641 4941 2962 5008 ἐμπρησμὸς
3013 4939 3070 4990 οὐ
3127 4939 3348 5004 γίνεται.
3397 4939 3546 5000 Τίνος

1920 5045 2129 5103 ἓνεκεν;
2163 5037 2282 5090 Ὀτι
2317 5037 2424 5103 πῦρ
2462 5036 2641 5105 ἕτερον
2676 5035 3009 5101 ἡτοίμασται,
3055 5032 3310 5100 μηδέποτε
3340 5032 3544 5083 σϐεννύει

1926 5154 2097 5204 μενον.
2155 5133 2277 5193 Πῶς
2313 5133 2419 5199 γάρ
2448 5133 2474 5181 6
2516 5130 2651 5197 ὑπὲρ
2696 5128 2808 5190 ἐνὸς
2859 5131 3240 5196 ἁμαρτήματος
3288 5128 3547 5193 τοσαύτην

1923 5228 2084 5298 ὀργὴν
2115 5224 2418 5292 ἐπαγαγὼν,
2452 5222 2542 5272 καὶ
2576 5221 2708 5289 μήτε
2745 5220 2835 5270 τοῦ
2874 5220 3116 5289 Ἀϐραάμ
3150 5222 3242 5286 τὴν
3277 5220 3548 5287 ἱκετηρίαν

1924 5318 2233 5387 δεξάμενος,
2273 5315 2405 5383 μήτε
2451 5311 2538 5363 τὸν
2574 5309 2772 5362 ἐνοικον
2826 5311 3154 5376 δυσωπηθεὶς
3187 5310 3323 5371 Λὼτ,
3370 5310 3548 5360 τοσού-

1990 5565 2011 5590 ⁸
2036 5563 2165 5610 Cnlb.
2198 5563 2290 5607 τῶν
2315 5560 2802 5626 ξύλων-ὑφαινομένων.
2972 5616 2982 5626 .
3160 5617 3167 5625 ¹

1992 5624 2015 5661 b
2045 5623 2123 5670 Sic
2143 5626 2273 5669 recte
2298 5619 2429 5670 Colb.
2459 5620 2508 5665 In
2530 5619 2672 5666 Savil.
2698 5619 2938 5679 ἐπάρατον·
2966 5619 3010 5662 ἐν
3034 5619 3206 5665 παισίν,
