4000 6220
452 357 564 412 289

445 469 547 503 των
581 452 759 502 κακῶν
793 447 1084 515 γινομένων
1116 444 1353 511 φείσεται
1378 445 1566 512 ὴμῶν;
1603 445 1712 495 Ούκ
1745 444 1856 496 ἔστι
1885 442 2075 506 ταῦτα,

443 545 539 595 ούκ
573 543 737 594 ἔστιν.

516 626 585 692 η’.
622 623 776 675 Ἀλλά
807 623 876 690 μὴ
904 623 1058 690 μέχρι
1091 619 1287 670 τούτων
1311 617 1518 683 στῶμεν
1539 631 1552 645 ·
1587 616 1735 682 φέρε,
1759 614 1970 684 ἐτέρους
2004 628 2081 673 εις

455 710 614 778 μέσον
660 709 950 776 ἀγάγωμεν
992 704 1338 763 κολασθέντας
1363 741 1375 761 ,
1411 703 1497 753 ἵνα
1533 701 1618 752 διά
1658 700 1906 750 πλειόνων
1951 700 2086 748 ἀπο-

451 793 663 856 δείξεων
726 791 962 858 πιστωθῇ
1021 789 1088 841 τά
1150 787 1426 854 λεγόμενα.
1483 785 1583 835 Τὸν
1638 783 1831 852 Φαραὼ
1888 783 2084 842 πάντες

453 875 667 926 ἀκούετε
701 873 787 924 τὸν
825 871 1039 940 βασιλέα
1071 869 1174 920 τῶν
1203 867 1508 932 Αἰγυπτίων
1527 882 1538 893 ·
1570 864 1758 915 οὐκοῦν
1788 863 1967 914 οἴδατε
1995 860 2085 912 καὶ

462 961 557 1026 τὴν
598 958 770 1025 δίκην,
819 958 881 1023 ἢν
913 955 1124 1014 ἔδωκεν,
1168 954 1311 1010 ὅπως
1354 952 1446 1001 σὺν
1493 949 1696 1018 ἅρμασι
1731 948 1821 1000 καὶ
1867 948 2083 1008 ἵπποις,

468 1043 602 1112 μετά
643 1041 734 1093 τοῦ
781 1039 1131 1108 στρατοπέδου
1177 1036 1369 1096 παντὸς
1424 1036 1500 1093 είς
1532 1034 1592 1084 τὸ
1646 1031 1922 1101 ὲρυθραῖον
1962 1047 2089 1082 κατ-

459 1126 746 1194 εποντίσθη
799 1125 1046 1189 πέλαγος.
1085 1123 1197 1173 Ἵνα
1228 1121 1281 1172 δὲ
1324 1117 1539 1177 καὶτὰς
1579 1117 1837 1167 Ἰουδαίων
1888 1114 2088 1182 μάθητε

453 1211 716 1273 κολάσεις,
755 1209 913 1260 ἄκουε
942 1205 1148 1258 Παύλου
1196 1204 1434 1269 λέγοντος
1457 1216 1469 1228 ·
1505 1199 1666 1264 Μηδὲ
1704 1198 2078 1263 πορνεύωμεν

455 1295 644 1358 καθώς
688 1310 842 1357 τινες
887 1289 1080 1344 αὐτῶν
1120 1290 1504 1352 ἐπόρνευσαν,
1543 1285 1638 1335 καὶ
1684 1282 1903 1334 ἔπεσον
1936 1279 2084 1350 [298]

455 1381 523 1430 ἐν
541 1379 643 1446 μιᾷ
674 1377 859 1444 ’ἡμέρᾳ
888 1377 1074 1427 εἴκοσι
1107 1371 1257 1437 τρεῖς
1296 1369 1583 1437 χιλιάδες·
1612 1366 1763 1434 μηδὲ
1812 1363 2088 1434 γογγύζω-

458 1481 586 1529 μεν,
623 1461 807 1522 καθώς
847 1477 1004 1521 τινες
1042 1456 1232 1509 αὐτῶν
1260 1457 1612 1522 ἐγόγγυσαν,
1652 1454 1745 1503 καὶ
1789 1450 2094 1504 ἀπώλοντο

457 1549 574 1600 ὑπὸ
613 1548 716 1600 τοῦ
749 1543 1098 1610 ὀλοθρευτοῦ
1119 1559 1131 1571 ·
1162 1539 1315 1608 μηδὲ
1347 1537 1695 1604 πειράζωμεν
1731 1537 1833 1587 τὸν
1864 1537 2095 1600 Κύριον,

460 1632 646 1695 καθώς
691 1647 844 1692 τινες
889 1629 1083 1680 αὐτῶν
1115 1627 1451 1690 ἐπείρασαν,
1486 1622 1580 1673 καὶ
1610 1621 1726 1673 ὑπὸ
1767 1619 1882 1671 τῶν
1911 1618 2098 1685 ὄφεων

461 1717 782 1772 ἀπώλοντο.
817 1716 876 1767 Εἰ
902 1713 958 1765 δὲ
995 1713 1224 1762 κάκεῖνοι
1253 1707 1471 1760 τοιαῦτα
1503 1705 1821 1756 πεπόνθασιν
1867 1703 2000 1770 ὑπὲρ
2025 1696 2098 1752 ὧν

461 1805 719 1872 ἥμαρτον,
748 1801 796 1851 τί
822 1813 842 1839 υ
873 1800 932 1850 ού
967 1795 1256 1863 πεισόμεθα
1283 1795 1474 1862 ὴμεῖς;
1510 1790 1665 1841 Ἀλλὰ
1697 1787 1788 1839 νῦν
1817 1787 1962 1838 οὐδὲν
1992 1802 2094 1838 πα·

463 1871 694 1956 σχόμεθα
714 1885 899 1944 δεινὸν,
926 1883 1017 1934 καὶ
1039 1880 1123 1933 διὰ
1144 1878 1296 1930 τοῦτο
1326 1878 1553 1946 μάλιστα
1571 1874 1854 1926 δεδοικέναι
1874 1873 1996 1940 χρὴ.
2026 1871 2098 1923 Ού

461 1976 568 2042 γὰρ
597 1975 686 2024 ἐπὶ
715 1969 791 2038 τῷ
827 1970 899 2038 μὴ
932 1966 1108 2018 δοῦναι
1140 1965 1310 2031 δίκην,
1340 1962 1448 2013 ἀλλ’
1475 1961 1564 2012 ἐπὶ
1588 1959 1664 2028 τῷ
1693 1959 1901 2027 χείρονα
1923 1955 2100 2008 δοῦναι

463 2057 790 2126 τηρούμεθα,
825 2057 871 2106 εί
910 2055 981 2122 μὴ
1015 2048 1455 2120 μεταόαλοίμεθα.
1499 2048 1718 2097 Ἐκεῖνοι
1749 2044 1843 2112 μὲν
1876 2045 1982 2110 γὰρ
2005 2042 2102 2093 ούκ

463 2143 679 2212 ᾔδεισαν
712 2141 809 2208 τὴν
845 2140 1082 2204 γέενναν,
1113 2135 1204 2186 καὶ
1237 2136 1351 2193 ταῖς
1391 2130 1620 2183 ἐνταῦθα
1665 2129 2000 2198 παρεδίδοντο
2026 2143 2104 2176 τι-

471 2227 724 2297 μωρίαις·
763 2226 916 2292 ἡμεῖς
952 2222 1006 2272 δὲ
1036 2222 1132 2271 ὅσα
1166 2219 1228 2271 ἂν
1263 2218 1610 2286 ἀμάρτωμεν,
1638 2215 1738 2265 κᾶν
1772 2213 1930 2282 μηδὲν
1963 2213 2107 2264 ἀνια-

472 2313 559 2380 ρὸν
585 2313 639 2362 ἐν
666 2310 740 2377 τῷ
772 2310 995 2377 παρόντι
1028 2306 1124 2374 βίῳ
1157 2304 1428 2371 πάθωμεν,
1468 2303 1522 2352 έν
1550 2300 1625 2368 τῷ
1663 2298 1902 2366 μέλλοντι
1933 2298 2105 2349 πάντα

468 2395 779 2464 πεισόμεθα.
826 2394 942 2454 Πῶς
975 2392 1078 2460 γὰρ
1125 2390 1187 2442 ἂν
1229 2389 1336 2456 ἔχοι
1381 2386 1554 2451 λόγον,
1601 2384 1836 2443 ἐκείνους
1873 2383 1967 2448 μὲν
2009 2398 2106 2448 νη-

469 2480 848 2548 πιωδεστέρους
882 2478 1034 2537 ὄντας
1087 2473 1305 2525 τοιαῦτα
1341 2467 1684 2528 πεπονθέναι,
1730 2467 1873 2535 ἡμᾶς
1917 2466 1972 2516 δὲ
2021 2482 2103 2514 τε·

469 2566 745 2632 λειοτέρων
775 2561 1174 2618 ἀπολαύσαντας
1207 2553 1554 2624 μαθημάτων,
1599 2551 1689 2602 καὶ
1727 2549 1855 2600 πολὺ
1897 2549 2108 2616 χείρονα

472 2649 755 2710 πταίοντας
795 2646 1034 2709 ἐκείνων,
1065 2642 1338 2707 διαφυγεῖν
1376 2638 1472 2698 τὰς
1503 2633 1803 2704 τιμωρίας
1847 2633 2103 2683 Βούλεσθε

474 2737 564 2787 καὶ
593 2734 686 2793 τὰς
719 2731 903 2792 λοιπὰς
940 2727 1115 2781 αὐτῶν
1154 2724 1374 2778 ἀκούσαι
1411 2720 1708 2788 συμφορὰς,
1745 2719 1871 2778 ὅσας
1910 2717 2105 2767 ἔπαθον

475 2821 530 2870 ὲν
560 2816 880 2884 Παλαιστίνῃ
910 2814 1012 2864 ὑπὸ
1039 2809 1384 2861 Βαϐυλωνίων
1421 2806 1515 2857 καὶ
1550 2803 1843 2871 Ἀσσυρίων
1874 2802 1963 2852 καὶ
1992 2803 2107 2853 Μα-

477 2903 725 2965 κεδόνων;
761 2903 912 2960 ὅσους
949 2896 1237 2963 ὑπέμειναν
1276 2890 1481 2959 λιμοὺς,
1527 2889 1760 2955 λοιμοὺς,
1819 2886 2107 2953 πολέμους,

476 2985 842 3056 αἰχμαλωσίας
871 2983 959 3034 ἐπὶ
998 2981 1150 3032 Τίτου
1189 2977 1280 3028 καὶ
1315 2971 1751 3035 Οὐεσπασιανοῦ;
1787 2971 1896 3038 Τὴν
1934 2971 2111 3037 Ἰωσή-

479 3090 578 3124 που
619 3071 791 3139 βίὸλον
834 3068 1123 3133 ἀνάγνωτε,
1152 3067 1214 3133 ἢν
1249 3061 1448 3130 ἔγραψε
1483 3059 1607 3127 περὶ
1640 3058 1737 3124 τῆς
1766 3057 1870 3110 τῶν
1902 3056 2113 3123 Ἰεροσο-

479 3157 659 3224 λύμων
709 3153 982 3213 ἁλώσεως,
1029 3150 1119 3200 καὶ
1155 3144 1452 3216 μαθήσεσθε
1502 3142 1600 3211 τὴν
1653 3141 1850 3208 πικρὰν
1901 3139 2110 3206 εκείνην

480 3223 800 3310 τραγῳδίαν.
845 3236 995 3289 Μετὰ
1025 3234 1129 3301 γὰρ
1152 3232 1255 3283 τῶν
1283 3230 1452 3282 ἄλλων
1500 3227 1705 3288 δεινῶν,
1742 3229 1818 3286 εἰς
1851 3223 2111 3291 τοσαύτην

483 3309 639 3395 λιμοῦ
681 3323 994 3393 περιέπεσον
1025 3315 1341 3385 ὑπερϐολὴν,
1365 3315 1437 3375 ὼς
1470 3314 1560 3364 καὶ
1587 3312 1684 3372 τὰς
1710 3309 1882 3371 ζώνας
1915 3310 2110 3370 αὐτῶν,

485 3393 576 3464 καὶ
601 3410 667 3461 τὰ
701 3407 1032 3475 ὑποδήματα,
1059 3403 1150 3454 καὶ
1181 3401 1245 3451 τά
1281 3398 1477 3450 τούτων
1505 3396 1696 3448 ἐσθίειν
1728 3393 2112 3462 βδελυρώτερα.

488 3496 668 3547 Πάντα
720 3493 822 3558 γὰρ
859 3490 946 3540 ὑπ’
985 3486 1196 3546 ὀδόντας
1239 3481 1370 3552 ἦγεν
1415 3485 1446 3550 ή
1496 3479 1735 3547 ἀνάγκη,
1787 3477 1962 3539 καθώς
2012 3476 2112 3527 πού

489 3596 649 3651 φησιν
689 3578 717 3628 ό
750 3573 1056 3644 προλεχθε“ις
1104 3567 1459 3638 συγγραφεύς.
1497 3565 1604 3616 Καὶ
1647 3563 1764 3615 οὐδὲ
1798 3562 1953 3631 μέχρι
1989 3560 2113 3612 τού-

489 3648 596 3716 των
633 3664 880 3730 ἔστησαν,
908 3659 1038 3710 ἀλλά
1063 3658 1154 3708 καὶ
1189 3656 1294 3706 τῶν
1327 3654 1465 3704 ίδίων
1496 3650 1858 3714 ἀπεγεύσαντο
1887 3648 2106 3698 τέκνων.

495 3749 616 3809 Πῶς
657 3743 767 3807 οὖν,
797 3745 1012 3796 ἐκείνων
1050 3740 1295 3800 τοιαύτας
1339 3736 1636 3788 δεδωκότων
1670 3734 1838 3794 δίκας,
1882 3734 2040 3801 ἡμεῖς
2072 3732 2119 3782 οί

1236 339 1288 393 5.
1326 335 1605 393 JOANNIS
1640 335 2105 393 CHRYSOSTOMI
2145 335 2456 390 ARCHIEP.
2497 332 3025 389 (ZONSTANTINOP.

3709 330 3820 386 290

2184 452 2374 501 ἐκεῖνοι
2418 449 2778 515 ἐκολάσθησαν
2811 445 2945 504 τότε,
2988 441 3074 493 διὰ
3106 439 3155 490 τί
3197 439 3353 506 ἡμεῖς
3393 436 3450 486 ού
3482 430 3809 498 κολαζόμεθά

2181 533 2305 597 νῧνς
2338 534 2467 601 Οὐχὶ
2500 534 2590 583 καὶ
2619 528 2798 596 τυφλῷ
2825 528 2995 594 δῆλον,
3020 526 3098 576 ὅτι
3125 523 3209 574 διὰ
3245 522 3302 572 τὸ
3337 517 3649 570 ἀποκεῖσθαι
3682 515 3808 580 ἡμῖν

2183 620 2239 669 ὲν
2264 618 2338 685 τῷ
2368 598 2603 684 μέλλοντι
2633 614 2725 683 τὴν
2752 613 2982 670 κόλασιν,
3014 606 3187 666 καθὼς
3215 606 3345 672 ἔφην
3377 602 3656 660 πολλάκις;
3693 598 3810 664 Χρὴ

2183 703 2238 754 δὲ
2265 681 2564 768 λογίζεσθαι
2603 681 2735 768 πρός
2765 696 2967 754 τούτοις
2999 693 3090 744 καὶ
3126 690 3192 741 τά
3220 689 3310 740 νῦν
3340 691 3394 738 ὲν
3427 686 3500 753 τῷ
3541 685 3635 751 βίῳ
3674 681 3810 746 γινό-

2189 800 2340 850 μενα,
2388 782 2477 832 καὶ
2518 780 2614 830 οὐκ
2646 763 3008 844 ἀπιστήσομεν
3042 775 3105 840 τῇ
3136 770 3340 836 γεέννῃ.
3382 766 3442 817 Εἰ
3476 766 3579 832 γὰρ
3608 763 3811 820 δίκαιός

2186 845 2328 920 ἐστιν
2362 867 2388 917 ὁ
2411 866 2537 926 Θεὸς
2567 863 2658 915 καὶ
2685 857 3189 928 ἀπροσωπόληπτος.
3226 853 3408 919 ῶσπερ
3439 845 3527 901 οὖν
3558 849 3646 898 καὶ
3679 846 3809 903 ἔστι,

2187 955 2326 1014 τίνος
2376 952 2556 1002 ἕνεκεν
2587 950 2634 1000 οἱ
2677 948 2770 1016 μὲν
2807 945 3034 997 διδόασιν
3078 938 3305 992 ἐνταῦθα
3361 937 3530 1001 φόνων
3567 934 3734 991 δίκας,
3765 932 3813 979 0':

2188 1039 2243 1089 δὲ
2279 1039 2338 1089 οὐ
2372 1035 2634 1094 διδόασιν;
2679 1014 2725 1082 δι
2775 1030 2870 1099 μὲν
2904 1026 3006 1077 τῶν
3043 1022 3238 1093 μοιχῶν
3284 1019 3654 1089 τιμωροῦνται,
3685 1017 3731 1065 οἱ
3759 1014 3816 1064 δὲ

2188 1120 2500 1175 τελευτῶσιν
2545 1115 2910 1184 ἀτιμώρητοι;
2957 1112 3107 1162 πόσοι
3159 1105 3497 1174 τυμϐωρύχοι
3534 1101 3813 1166 διέφυγονς

2191 1208 2341 1259 πόσοι
2374 1203 2594 1276 λῃσταί;
2636 1201 2786 1252 πόσοι
2833 1195 3174 1256 πλεονέκται;
3222 1192 3371 1242 πόσοι
3419 1189 3689 1257 ἆρπαγες;
3721 1184 3820 1233 Ἂν

2190 1289 2281 1344 οὖν
2313 1267 2498 1356 γέεννα
2539 1287 2610 1356 μὴ
2641 1281 2706 1356 ᾖ,
2733 1283 2831 1335 ποῦ
2864 1280 3126 1348 τιμωρίαν
3164 1275 3446 1342 ὑφέξουσιν
3473 1290 3485 1334 ;
3515 1267 3656 1338 'Apa
3699 1268 3820 1319 πεί-

2193 1377 2353 1442 θομεν
2384 1374 2504 1434 τοὺς
2540 1370 2928 1434 ἀντιλέγοντας,
2953 1365 3031 1415 ὅτι
3060 1364 3156 1412 ούκ
3185 1359 3295 1410 ἔστι
3333 1356 3492 1426 μῦθος
3517 1358 3543 1406 ό
3576 1353 3698 1420 περὶ
3728 1352 3824 1404 αύ-

2193 1438 2287 1530 τῆς
2320 1461 2502 1525 λόγος;
2549 1455 2700 1507 Οὕτω
2727 1454 2831 1520 γάρ
2865 1452 3006 1502 ἐστιν
3035 1446 3255 1515 ἀληθὴς,
3289 1445 3366 1495 ὅτι
3404 1443 3497 1508 ούχ
3529 1442 3682 1508 ἡμεῖς
3729 1438 3823 1505 μό-

2194 1524 2302 1612 νον,
2330 1524 2462 1600 ἀλλά
2488 1546 2577 1596 καὶ
2606 1540 2823 1609 ποιηταὶ
2850 1539 2940 1590 καὶ
2979 1536 3248 1604 φιλόσοφοι
3288 1532 3377 1583 καὶ
3403 1527 3665 1595 λογοποιοὶ
3695 1524 3822 1592 περὶ

2197 1611 2296 1704 τῆς
2321 1633 2605 1700 μελλούσης
2638 1625 3031 1683 ἀνταποδόσεως
3065 1618 3471 1688 ἐφιλοσόφησαν,
3499 1615 3587 1664 καὶ
3613 1614 3667 1662 ὲν
3694 1611 3819 1679 ᾅδου

2192 1695 2502 1781 κολάξεσθαι
2530 1695 2652 1776 τοὺς
2688 1711 2951 1780 πονηροὺς
2986 1708 3285 1775 εἰρήκασιν.
3321 1704 3380 1754 Εἰ
3409 1701 3513 1767 γὰρ
3555 1715 3643 1750 και
3688 1695 3822 1764 μετά

2191 1805 2459 1874 ἀληθείας,
2503 1803 2576 1862 ὡς
2608 1799 2716 1868 ἔχει
2761 1796 2949 1855 ταῦτα,
2996 1794 3165 1843 εἰπεῖν
3203 1791 3299 1841 οὒκ
3334 1785 3686 1854 ἠδυνήθησαν,
3722 1781 3814 1832 ἆτε

2192 1867 2295 1943 ἀπό
2321 1886 2590 1955 λογισμῶν
2623 1867 2924 1950 κινηθέντες
2949 1878 3037 1929 καὶ
3067 1872 3530 1943 παρακουσμάτων
3559 1869 3662 1920 τῶν
3695 1867 3823 1934 παρ’

2193 1978 2338 2045 ἡμῖν,
2369 1954 2476 2026 ἀλλ’
2508 1973 2651 2038 ὅμως
2681 1965 2859 2018 εἰκόνα
2896 1963 3013 2015 τινὰ
3045 1960 3272 2029 κρίσεως
3302 1957 3502 2009 ἔλαϐον.
3538 1954 3825 2012 Κωκυτους

2344 2055 2468 2125 φασί
2522 2037 2669 2114 τινας
2709 2050 2801 2101 καὶ
2853 2043 3341 2115 Πυριφλεγέθοντας
3379 2039 3682 2106 ποταμοὺς,
3733 2037 3827 2086 καὶ

2196 2146 2390 2212 Στυγὸς
2415 2143 2574 2208 ὓδωρ,
2599 2138 2690 2190 καὶ⁸
2716 2137 2990 2204 Τάρταρον
3017 2127 3261 2184 τοσοῦτον
3287 2128 3550 2195 ἀπέχοντα
3575 2125 3672 2190 τῆς
3700 2123 3822 2189 γῆς,

2195 2233 2316 2283 ὅσον
2363 2228 2496 2293 αὕτη
2529 2223 2620 2275 τοῦ
2661 2219 2906 2294 ούρανοῦ,
2941 2219 3030 2270 καὶ
3062 2215 3283 2276 πολλοὺς
3315 2213 3526 2281 ἐτέρους
3558 2209 3824 2268 κολάσεως

2199 2317 2452 2384 τρόπους·
2492 2310 2583 2362 καὶ
2625 2306 2769 2378 [299]
2807 2305 2962 2356 πάλιν
2997 2301 3237 2354 Ἠλύσιον
3290 2298 3484 2359 πεδίον,
3525 2295 3616 2347 καὶ
3658 2295 3827 2361 μακά·

2202 2418 2304 2468 ρων
2333 2400 2543 2466 νήσους,
2584 2396 2674 2444 καὶ
2707 2391 2968 2459 λειμῶνας
3010 2387 3264 2447 εὐανθεῖς,
3308 2385 3396 2436 καὶ
3446 2381 3665 2433 εύωδίαν
3708 2379 3829 2430 πολ-

2197 2484 2313 2552 λὴν,
2356 2484 2445 2534 καὶ
2472 2479 2642 2548 αὔραν
2694 2477 2910 2543 λεπτὴν,
2940 2475 3029 2526 καὶ
3057 2475 3244 2540 χοροὺς
3279 2473 3390 2522 ἐκεῖ
3431 2467 3792 2536 διατρίϐοντας
3815 2503 3828 2523 ,

2200 2573 2290 2620 καὶ
2317 2565 2508 2634 λευκὴν
2537 2561 3017 2632 περιόεσλημένους
3045 2557 3251 2626 στολὴν,
3276 2559 3364 2608 καὶ
3395 2555 3610 2623 ᾄδοντας
3637 2552 3831 2619 ὕμνους

2197 2655 2365 2717 τινας,
2397 2653 2488 2706 καὶ
2515 2651 2646 2712 ὅλως
2675 2649 2764 2700 καὶ
2803 2647 3024 2713 ἀγαθοῖς
3059 2647 3151 2696 καὶ
3197 2644 3443 2711 πονηροῖς
3476 2637 3832 2704 ἀποκειμένην

2199 2741 2459 2791 ἀντίδοσιν
2495 2734 2630 2803 μετὰ
2673 2732 2767 2801 τὴν
2814 2730 3056 2782 ἐντεῦθεν
3109 2727 3297 2791 ἔξοδον.
3345 2725 3432 2793 Μὴ
3482 2723 3658 2774 τοίνυν
3705 2720 3831 2769 ἀπι-

2204 2824 2408 2890 στῶμεν
2453 2823 2516 2887 τῇ
2585 2818 2806 2884 γεέννῃ,
2864 2816 2947 2864 ἵνα
3005 2813 3077 2881 μὴ
3140 2812 3459 2880 ἐμπέσωμεν
3508 2809 3586 2868 είς
3637 2806 3831 2871 αὐτὴν·

2205 2911 2232 2959 ό
2264 2889 2367 2974 γάρ
2405 2902 2659 2963 ἀπιστῶν,
2708 2898 3065 2968 ῥαθυμότερος
3118 2897 3354 2962 γίνεται·
3389 2896 3414 2944 ό
3455 2891 3509 2943 δὲ
3561 2889 3834 2959 ῥᾳθυμῶν,

2207 2995 2283 3053 είς
2318 2989 2479 3058 αὐτὴν
2513 2985 2863 3041 ἀπελεύσεται
2913 2984 3123 3041 πάντως
3145 2997 3159 3010 ·
3205 2979 3337 3031 ἀλλά
3371 2978 3460 3029 καὶ
3502 2975 3837 3040 πιστεύωμεν

2206 3057 2584 3133 ἀνενδοιάστως
2607 3111 2620 3135 ,
2670 3071 2760 3122 καὶ
2798 3065 3165 3133 διαλεγώμεθα
3197 3065 3322 3134 περὶ
3370 3062 3534 3129 αὐτῆς
3569 3057 3800 3126 συνεχῶς
3821 3097 3834 3119 ,

2206 3161 2300 3212 καὶ
2337 3160 2394 3211 ού
2439 3158 2639 3225 ταχέως
2682 3149 3123 3222 ἁμαρτησόμεθα.
3160 3148 3276 3199 Τῶν
3322 3147 3426 3213 γὰρ
3471 3143 3723 3196 τοιούτων
3758 3140 3840 3190 λό·

2209 3263 2315 3311 γων
2355 3245 2388 3312 ὴ
2435 3243 2622 3310 μνήμη
2643 3279 2656 3300 ,
2710 3238 2955 3302 καθάπερ
2991 3253 3042 3286 τι
3075 3234 3355 3303 φάρμακον
3407 3228 3614 3298 πικρὸν,
3665 3228 3842 3276 πᾶσαν

2211 3309 2405 3382 κακίαν
2438 3309 2757 3392 Ῠάποσμῆξαι
2804 3323 3114 3388 δυνήσεται,
3157 3315 3436 3374 διαπαντὸς
3469 3313 3622 3381 ὴμῶν
3670 3309 3841 3370 ένιζὸ-

2211 3429 2371 3464 νουσα
2408 3413 2472 3477 τῇ
2517 3410 2676 3476 ψυχῇ.
2721 3405 3062 3474 Χρησώμεθα
3097 3403 3267 3454 τοίνυν
3308 3399 3469 3466 αὐτῷ,
3513 3398 3598 3448 ἵνα
3643 3395 3843 3461 καθαρ-

2213 3498 2391 3558 θέντες
2440 3495 2643 3557 καλῶς,
2685 3490 2998 3558 ἀξιωθῶμεν
3047 3488 3171 3539 ἰδεῖν
3215 3486 3304 3536 τὸν
3335 3484 3482 3543 Θεὸν,
3524 3481 3595 3541 ὡς
3640 3478 3834 3546 ἀνθρὼ-

2213 3600 2332 3637 ποις
2380 3581 2503 3632 ἰδεῖν
2552 3577 2788 3639 δυνατὸν,
2839 3575 2931 3625 καὶ¹
2965 3571 3068 3623 τῶν
3123 3571 3412 3639 μελλόντων
3456 3564 3842 3628 ἀπολαύσωμεν

2213 3665 2447 3733 ἀγαθῶν,
2492 3663 2668 3732 χάριτι
2713 3660 2803 3712 καὶ
2851 3655 3221 3725 φιλανθρωπίᾳ
3270 3651 3361 3705 τοῦ
3424 3650 3624 3718 Κυρίου
3691 3648 3843 3714 ὴμῶν

2228 3731 2394 3820 Ἰησοῦ
2422 3731 2672 3818 Χριστοῦ.
2704 3745 2856 3814 Αύτῷ
2890 3747 2922 3813 ἡ
2955 3741 3079 3805 δόξα
3110 3744 3186 3804 εἰς
3209 3740 3331 3802 τοὺς
3361 3738 3556 3797 αἰῶνας
3588 3733 3692 3787 τῶν
3717 3731 3844 3784 αἰὼ-

494 3835 560 3886 τά
604 3832 816 3900 χείρονα
849 3828 1047 3881 τούτων
1088 3824 1407 3892 πράττοντες
1445 3817 1876 3886 διαφευξώμεθας
1921 3817 1982 3867 Et
2015 3815 2122 3884 γὰρ
2219 3815 2340 3890 νωζθ.
2377 3815 2564 3902 Ἀμήν,

563 3945 591 3975 ⁸
617 3943 762 3995 Savil.
787 3940 1002 4003 quaedam
1021 3939 1197 3996 omisit,
1219 3947 1328 3997 quae
1349 3933 1670 3982 restituuntur
1689 3941 1752 3977 ex
1775 3925 1986 3977 Colbert.

1995 4862 2053 4922 Μ
2062 4859 2367 4923 ONITUM

654 5113 1022 5170 Antiochimne
1068 5127 1136 5166 an
1185 5110 1644 5177 Constantinopoli
1695 5109 1833 5164 hanc
1881 5107 2156 5162 [nomiliam
2193 5105 2441 5161 habuerit
2463 5103 2898 5176 Chrysostomus,
2947 5101 3091 5157 nulla
3135 5114 3416 5171 possumus
3446 5096 3748 5166 conjectura

591 5251 821 5322 assequi.
852 5251 981 5305 Eam
1005 5262 1164 5318 porro
1185 5245 1320 5300 dixit
1365 5245 1431 5299 ad
1465 5257 1653 5298 recens
1689 5242 1984 5312 baptizatos
2025 5250 2078 5296 et
2116 5241 2472 5304 illuminatos;
2529 5239 2710 5307 quales
2743 5247 2868 5293 sunt
2891 5239 3050 5293 etiam
3096 5238 3215 5292 dua:
3249 5235 3572 5296 eatecheses,
3625 5248 3759 5302 quas

592 5390 758 5444 Τοωο
783 5386 1018 5443 secundo
1046 5383 1305 5439 dedimus.
1334 5380 1620 5450 Sperabam
1647 5386 1823 5432 autem
1849 5394 1934 5432 me
1957 5375 2098 5430 illam
2127 5374 2309 5430 Graece
2336 5387 2491 5442 posse
2530 5372 2762 5426 nancisci
2794 5381 2976 5436 totam,
3023 5371 3234 5440 quando
3269 5371 3322 5424 in
3352 5368 3587 5435 catalogo
3627 5381 3761 5434 quo-

593 5523 713 5575 dam
746 5519 1252 5588 Manuseriptorum,
1284 5516 1351 5570 ab
1380 5514 1705 5584 amplissimo
1724 5512 2138 5582 doctissimoque
2167 5512 2283 5566 viro
2311 5508 2500 5566 Joanni
2529 5507 2743 5564 Pottero
2789 5507 2919 5562 mihi
2956 5507 3286 5567 transmisso,
3315 5505 3430 5572 ejus
3460 5501 3668 5556 titulum
3702 5513 3756 5555 et

596 5653 806 5708 initium
837 5651 1018 5708 Graece
1047 5647 1173 5705 vidi.
1231 5645 1464 5719 Rogatus
1492 5653 1669 5702 autem
1709 5659 1739 5699 a
1768 5657 1852 5698 me
1882 5651 2044 5699 totam
2074 5641 2301 5712 opellam
2333 5641 2516 5697 Graece
2549 5637 2867 5709 descriptam
2897 5636 3150 5698 mitteret,
3193 5616 3354 5703 opera
3379 5631 3466 5687 ille
3504 5643 3626 5684 usus
3661 5627 3766 5682 vin
