4000 6220
191 381 300 436 289

187 511 399 574 peccato
427 510 621 555 tantam
651 499 779 551 iram
802 494 997 559 intulit,
1034 506 1205 562 neque
1234 487 1519 545 Abrahsmi
1542 484 1741 555 suppli-

186 594 447 646 cationem
476 589 725 657 suscepit,
754 601 925 653 neque
948 584 1324 637 inhabitanlem
1356 580 1546 633 Lotum
1589 591 1740 629 reve-

216 682 319 735 itus
342 687 440 742 est,
471 685 546 731 tot
572 676 815 729 admissis
845 673 1184 734 facinoribus,
1207 669 1359 723 nobis
1389 667 1605 737 parcet?
1628 664 1742 720 Non

186 769 261 825 ita
275 768 393 829 erit,
420 782 521 819 non
550 766 618 819 ita
647 772 809 819 certe.

256 857 312 911 8.
355 855 647 908 Peccatores
670 851 939 921 aliquando
969 851 1019 901 in
1048 850 1140 901 hac
1166 848 1262 899 vita
1284 847 1404 899 dant
1424 860 1612 915 panos.
1646 843 1744 911 Qui

192 945 239 998 in
270 944 365 996 hac
393 944 491 995 vita
511 958 601 1010 pro
620 941 850 993 admissis
879 939 1091 1007 peccatis
1124 938 1247 989 nihil
1278 937 1551 1004 patiuntur,
1583 934 1634 985 in
1663 936 1744 1002 fu—

194 1042 354 1085 turam
384 1032 619 1100 puniendi
643 1040 973 1083 reservantur.
996 1058 1065 1067 —
1089 1026 1278 1081 Verum
1311 1040 1377 1079 ne
1412 1025 1497 1078 hic
1525 1023 1741 1093 gradum

192 1121 460 1185 sistamus,
490 1119 583 1173 sed
613 1133 727 1187 age,
760 1117 889 1170 alios
919 1118 969 1169 in
999 1115 1227 1170 medium
1265 1112 1586 1167 adducamus
1615 1125 1738 1177 sup-

192 1210 348 1277 plicio
372 1208 609 1270 allectos,
634 1216 689 1260 ut
715 1205 947 1274 pluribus
983 1200 1514 1258 demonstrationibus
1537 1214 1597 1252 ea
1626 1212 1740 1266 quae

190 1298 416 1351 diximus
463 1296 857 1351 confirmentur.
891 1294 966 1348 De
1011 1292 1282 1346 Pharaone
1313 1303 1498 1343 omnes
1525 1287 1741 1341 audistis

190 1387 553 1458 Egyptiorum
576 1400 729 1455 rege:
763 1384 928 1437 nostis
943 1393 1085 1438 certe
1105 1396 1235 1451 quas
1260 1380 1347 1434 ille
1378 1378 1519 1432 dedit
1538 1391 1735 1445 pennas,

191 1476 455 1545 quomodo
499 1491 615 1529 cum
658 1474 897 1528 curribus
940 1483 994 1528 et
1043 1474 1210 1542 equis,
1257 1471 1502 1538 omnique
1549 1468 1742 1537 pariter

189 1565 420 1620 exercitu
454 1565 503 1617 in
535 1564 770 1617 Rubrum
806 1576 953 1616 mare
1003 1560 1274 1616 demersus
1322 1560 1408 1614 sit.
1460 1558 1529 1613 Ut
1565 1564 1738 1611 autem

187 1654 486 1709 Jud:eorum
524 1668 731 1721 quoque
777 1652 1029 1720 supplicia
1070 1650 1318 1715 discatis,
1365 1647 1488 1703 audi
1521 1648 1738 1703 Paulum

188 1745 447 1799 dicentem
481 1761 493 1796 :
531 1761 549 1794 i
583 1743 763 1812 Neque
794 1743 1125 1806 fornicemur,
1156 1742 1290 1795 sicut
1318 1739 1527 1809 quidam
1558 1752 1738 1793 eorum

186 1833 422 1888 fornicati
453 1844 591 1895 sunt,
626 1842 675 1888 et
698 1833 965 1901 perierunt
989 1846 1089 1885 una
1114 1831 1201 1885 die
1220 1830 1396 1900 viginti
1425 1830 1519 1883 tria
1537 1828 1733 1882 millia:

187 1938 354 1993 neque
381 1938 784 1987 murmuremus,
820 1930 875 1976 ut
908 1921 1118 1990 quidam
1155 1935 1337 1975 eorum
1380 1933 1740 1973 murmurare-

184 2025 325 2079 runt,
353 2021 406 2067 et
428 2015 694 2083 perierunt
713 2012 781 2066 ab
807 2011 1250 2066 exterminatore:
1278 2024 1449 2079 neque
1476 2019 1738 2064 tentemus

186 2105 483 2169 Dominum,
510 2113 566 2157 ut
600 2103 811 2173 quidam
853 2117 1032 2157 eorum
1070 2108 1429 2166 tentaverunt,
1474 2109 1526 2155 et
1562 2114 1592 2153 a
1622 2114 1737 2154 ser-

182 2194 424 2263 pentibus
454 2194 722 2263 perierunt
754 2211 773 2244 ι
816 2193 900 2263 (l.
929 2191 1043 2245 Cor.
1074 2191 1159 2246 10.
1189 2190 1247 2243 8.
1283 2189 1370 2245 10.
1404 2189 1494 2258 9).
1523 2188 1673 2256 Quod
1691 2192 1735 2243 si

181 2294 233 2338 et
263 2284 335 2337 illi
365 2283 482 2336 talia
510 2297 605 2353 pro
628 2282 853 2351 peccatis
880 2282 1016 2351 passi
1038 2290 1180 2343 sunt,
1200 2280 1324 2349 quid
1352 2295 1454 2335 non
1478 2280 1736 2347 patiemur

182 2373 313 2427 nos?
343 2375 405 2425 At
435 2388 573 2425 nunc
600 2372 726 2426 nihil
752 2387 908 2441 grave
936 2373 1160 2440 patimur
1196 2410 1211 2435 ,
1258 2369 1480 2438 ideoque
1510 2368 1735 2423 maxime

183 2462 366 2515 timere
390 2469 617 2530 oportet.
649 2460 762 2515 Non
804 2460 943 2514 enini
983 2469 1039 2513 ut
1066 2473 1170 2512 non
1205 2471 1388 2527 pennas
1414 2456 1596 2509 demus
1633 2470 1737 2509 ser-

180 2564 393 2614 vamur;
448 2549 539 2603 sed
568 2558 623 2603 ut
649 2550 913 2618 graviores
937 2548 1121 2602 demus
1144 2587 1159 2613 ,
1205 2547 1304 2601 nisi
1345 2555 1732 2600 convertamur.

180 2639 258 2694 llli
288 2640 428 2695 enim
469 2655 573 2693 non
617 2651 871 2694 noverant
907 2640 1225 2709 gehennam,
1253 2648 1307 2693 et
1335 2638 1603 2707 suppliciis
1650 2636 1736 2691 hic

183 2730 359 2784 traditi
386 2739 507 2783 sunt
536 2747 548 2783 :
572 2743 667 2784 nos
694 2738 865 2784 autem
889 2730 1326 2798 quandocumque
1354 2741 1660 2797 peccamus,
1687 2727 1734 2780 si

180 2820 308 2875 nihil
339 2822 389 2875 in
413 2823 655 2889 prasenti
687 2823 791 2874 vita
821 2836 982 2891 grave
1009 2823 1271 2889 patiamur
1291 2860 1305 2884 ,
1337 2820 1388 2874 in
1416 2818 1592 2874 futuro
1619 2832 1733 2872 om-

179 2912 263 2966 nia
310 2912 677 2980 perpetiemur.
736 2911 919 2967 Nonne
964 2926 1081 2967 cum
1122 2911 1328 2965 ratione
1368 2916 1640 2979 pugnaret,
1687 2908 1732 2963 si

180 3000 306 3064 illis,
340 2999 425 3068 qui
448 3000 686 3054 rudiores
712 3009 767 3054 et
796 3001 1146 3070 imperitiores
1176 3009 1348 3064 erant,
1398 2999 1518 3053 talia
1541 2998 1729 3067 passis,

182 3104 277 3143 nos
302 3090 389 3158 qui
425 3087 826 3159 perfectioribus
877 3090 1097 3143 fruimur
1137 3090 1446 3157 disciplinis.
1486 3099 1538 3142 et
1578 3089 1732 3155 longe

179 3180 439 3248 graviora,
466 3194 619 3248 quam
644 3180 734 3242 illi,
768 3189 1128 3247 perpetramus
1148 3220 1161 3242 ,
1190 3179 1504 3247 supplicium
1540 3177 1735 3245 eﬂ'ugeo

178 3272 390 3326 remus?
413 3269 583 3324 Vultis
608 3272 834 3338 retiquas
860 3272 1016 3323 etiam
1058 3270 1267 3323 illorum
1308 3268 1490 3322 audire
1515 3267 1731 3321 calami-

179 3371 335 3426 tates,
378 3374 508 3431 quas
559 3362 696 3429 passi
741 3369 864 3414 sunt
912 3361 963 3415 in
1016 3360 1289 3413 Palaestina
1332 3374 1363 3413 a
1410 3358 1731 3428 Babyloniis,

179 3450 411 3521 Assyriis
450 3458 503 3505 et
545 3449 954 3504 Macedonibus?
1001 3450 1207 3518 quoties
1254 3448 1466 3512 famem,
1507 3456 1729 3517 pestem,

178 3538 317 3594 bella
343 3538 479 3607 passi
501 3546 640 3603 sunt,
668 3547 721 3594 et
737 3540 1068 3607 captivitates
1093 3538 1190 3593 sub
1230 3537 1348 3591 Tito
1373 3546 1423 3591 et
1456 3536 1735 3606 Vespasia-

178 3625 281 3681 uo?
307 3623 522 3695 Iosephi
545 3626 733 3680 librum
770 3626 926 3695 legite
947 3666 963 3691 ,
993 3641 1149 3695 quem
1176 3626 1242 3681 de
1279 3625 1730 3695 Jerosolymorum

180 3713 386 3774 excidio
409 3716 634 3785 scripsit,
661 3725 714 3770 et
740 3716 980 3770 acerbam
1014 3716 1152 3769 illam
1176 3714 1478 3785 tragmdiam
1496 3714 1729 3769 discetis.

178 3804 311 3865 Cm
341 3804 453 3859 aliis
480 3805 671 3874 quippe
700 3805 1085 3859 calamitatibus
1126 3805 1177 3857 in
1207 3812 1403 3857 tantam
1430 3803 1620 3858 famem
1646 3803 1730 3855 in-

175 3892 438 3958 ciderunt,
470 3902 527 3947 ut
556 3894 755 3948 balteos
783 3896 939 3948 etiam
987 3907 1130 3957 suos,
1160 3901 1213 3947 et
1236 3893 1441 3947 calceos
1480 3892 1727 3956 ederent,

176 3982 348 4053 iisque
396 3982 552 4037 etiam
599 3982 926 4039 borribiliora
960 3984 1176 4038 :omnia
1236 3983 1429 4053 quippe
1487 3982 1731 4037 dentibus

174 4071 452 4141 subigebat
496 4074 780 4127 necessitas
803 4113 820 4139 ,
854 4083 912 4127 ut
951 4074 1230 4142 praedictus
1268 4074 1492 4141 scriptor
1535 4071 1626 4125 ait.
1656 4074 1731 4126 Ae

176 4176 351 4231 neque
376 4161 433 4216 in
454 4160 535 4215 bis
558 4171 835 4228 steterunt,
859 4165 982 4232 quin
1006 4165 1165 4219 etiam
1196 4165 1439 4232 proprios
1470 4162 1607 4217 filios
1633 4162 1729 4216 de-

176 4259 472 4323 gustarunt.
517 4250 792 4319 Quomodo
840 4268 987 4324 ergo,
1037 4269 1156 4308 cum
1202 4253 1277 4307 illi
1314 4254 1443 4308 tales
1490 4252 1731 4308 dederint

1338 376 1423 431 DE
1462 371 1817 429 PERFECTA
1857 369 2215 427 CARITATE.

3286 402 3396 457 290

1850 497 2055 552 pinnas,
2087 498 2201 549 nos,
2247 486 2333 553 qui
2367 488 2602 555 graviora
2641 488 2719 541 his
2750 500 3132 558 perpetramus,
3179 496 3398 557 effugie-

1847 571 2001 625 mus?
2025 570 2153 625 Nam
2180 573 2222 625 si
2250 581 2375 626 tunc
2404 574 2474 627 illi
2508 575 2644 642 plexi
2681 586 2833 641 sunt,
2886 593 2981 631 cur
3020 595 3115 633 nos
3138 584 3244 649 jam
3294 600 3397 637 non

1847 661 2163 728 plectimur?
2192 664 2380 717 Annon
2416 666 2496 718 vel
2526 681 2665 720 caeco
2696 669 3027 723 manifestum
3058 681 3138 723 est
3175 673 3291 727 ideo
3317 676 3395 729 sic

1846 752 1948 820 agi,
1974 760 2030 805 ut
2058 767 2197 820 sape
2221 753 2351 819 dixi,
2377 755 2515 821 quod
2546 756 2694 811 nobis
2716 758 3026 826 supplicium
3073 761 3123 813 in
3165 761 3394 816 futurum

1844 841 2182 896 reserveer
2204 843 2283 896 Ad
2329 845 2440 897 haec
2464 860 2587 898 vero
2613 848 2987 901 consideranda
3029 859 3149 903 sunt
3180 866 3239 905 ca
3277 832 3394 922 qua:

1845 926 1985 985 nunc
2014 932 2064 985 in
2092 931 2191 985 hoc
2220 936 2415 989 mundo
2437 945 2689 1004 geruntur
2712 979 2726 1003 ,
2754 949 2805 993 et
2824 940 3076 1008 gehent
3106 942 3257 996 fidem
3284 960 3388 998 non

1845 1022 2169 1089 negabimus.
2200 1023 2326 1075 Nam
2351 1026 2392 1077 si
2416 1026 2586 1093 justus
2613 1036 2693 1080 est
2722 1028 2877 1093 Deus,
2903 1045 2998 1083 nec
3028 1045 3276 1098 personas
3305 1048 3393 1086 ac-

1844 1108 1989 1177 cipit,
2016 1120 2069 1162 ut
2093 1121 2238 1165 certe
2267 1128 2445 1165 verum
2489 1124 2588 1179 est,
2634 1130 2728 1168 cur
2770 1116 2853 1169 hic
2900 1118 2985 1170 alii
3014 1119 3231 1172 credium
3264 1118 3390 1173 dant

1845 1212 2048 1265 punias,
2071 1201 2156 1253 alii
2185 1217 2288 1255 non
2309 1202 2476 1257 dant?
2501 1220 2593 1258 cur
2615 1223 2676 1259 ex
2705 1209 2924 1261 mmchis
2949 1210 3036 1263 alii
3064 1212 3350 1278 puniuntur
3370 1254 3385 1277 ,

1843 1288 1931 1339 alii
1964 1304 2063 1341 non
2098 1290 2231 1357 plexi
2264 1293 2587 1347 moriuntur?
2611 1304 2737 1363 quot
2781 1296 3138 1365 sepulcrorum
3173 1299 3390 1355 effosso-

1843 1390 1928 1430 rcs
1954 1391 2160 1446 pennam
2205 1381 2429 1434 vitarunt
2454 1386 2465 1436 ε
2493 1392 2620 1451 quot
2661 1386 2827 1439 fures!
2887 1396 3012 1455 quot
3054 1391 3229 1444 avari!
3261 1403 3389 1459 quot

1843 1476 2079 1535 raptores
2105 1468 2115 1519 !
2140 1469 2191 1523 Si
2219 1485 2344 1539 ergo
2371 1472 2605 1538 gelienna
2638 1490 2739 1525 non
2764 1485 2921 1539 esset,
2953 1477 3159 1529 ubinam
3184 1480 3253 1531 illi
3280 1498 3387 1547 pue-

1843 1572 1964 1611 nam
1995 1557 2234 1616 dabunt!
2278 1558 2410 1613 Num
2462 1563 2937 1617 contradicentibus
2994 1570 3383 1635 persuademus,

1842 1664 1958 1717 quae
2004 1648 2069 1702 de
2097 1649 2183 1702 illa
2238 1661 2519 1705 narrantur
2545 1666 2647 1704 non
2692 1669 2810 1708 esse
2854 1655 3119 1711 fabulam?
3146 1658 3217 1712 lta
3249 1663 3389 1714 enim

1841 1754 1962 1793 vera
1990 1749 2134 1804 sunt,
2159 1751 2214 1795 ut
2242 1757 2343 1794 non
2380 1756 2473 1795 nos
2502 1753 2719 1809 tantum,
2743 1745 2834 1798 sed
2865 1746 3019 1799 etiam
3052 1759 3237 1815 poene,
3269 1752 3385 1818 phi-

1841 1830 2044 1899 losophi
2074 1840 2128 1885 et
2156 1831 2443 1885 fabularum
2469 1835 2750 1902 scriptores
2779 1836 2843 1889 de
2870 1835 3036 1890 futura
3072 1854 3163 1905 pro
3202 1842 3387 1893 merito

1840 1930 1980 1974 sorte
2010 1920 2358 1988 philosophati
2394 1923 2498 1974 sint
2532 1963 2546 1986 ,
2580 1933 2631 1976 et
2662 1925 2923 1991 improbos
2955 1926 3005 1977 in
3036 1926 3239 1980 inferno
3268 1943 3387 1982 cru-

1840 2010 1963 2063 ciari
1993 2010 2245 2065 dixerint.
2268 2011 2393 2066 Nam
2422 2015 2624 2068 etiamsi
2657 2014 2767 2069 haec
2783 2030 2904 2069 vere
2920 2027 2974 2069 ut
2994 2026 3113 2069 sunt
3139 2033 3381 2075 enarrare

1840 2115 1941 2154 non
1970 2111 2263 2169 potuerunt,
2294 2112 2471 2171 utpote
2496 2104 2582 2173 qui
2604 2118 2669 2157 ex
2692 2105 2961 2158 ratiocinio
2989 2114 3184 2159 tantum
3217 2122 3389 2176 exque

1839 2200 2015 2245 nostra
2043 2191 2278 2246 doctrina
2307 2193 2444 2247 male
2482 2202 2693 2263 accepta
2741 2193 2805 2247 ad
2836 2194 2886 2247 id
2913 2197 3131 2262 permoti
3157 2196 3346 2251 fuerint
3364 2240 3381 2263 ,

1838 2291 2066 2335 attamen
2090 2282 2160 2335 illi
2185 2283 2458 2351 imaginem
2471 2284 2746 2353 quamdam
2768 2284 2951 2353 judicii
2971 2286 3143 2355 adepti
3158 2288 3382 2345 fuerant.

1838 2370 2059 2441 Cocytos
2089 2371 2227 2425 enim
2248 2382 2571 2435 memorant,
2617 2370 3136 2443 Pyriphlegethontas
3162 2376 3345 2431 fluvios
3365 2420 3382 2444 ,

1838 2468 1888 2513 et
1908 2459 2081 2531 Stygis
2107 2474 2314 2529 aquam,
2344 2470 2399 2516 et
2425 2462 2697 2516 Tartarum
2729 2471 2927 2516 tantum
2952 2478 2981 2516 a
3004 2472 3140 2517 terra
3171 2464 3375 2521 distan-

1840 2560 1963 2617 tem,
1992 2560 2243 2621 quantum
2270 2552 2378 2620 ipsa
2404 2568 2432 2605 a
2454 2552 2601 2617 caelo,
2632 2553 2822 2607 multos
2851 2567 3054 2623 quoque
3080 2554 3212 2609 alios
3231 2556 3385 2609 ultio-

1838 2643 1919 2697 nis
1943 2641 2127 2696 modos
2157 2660 2171 2695 :
2200 2656 2512 2713 rursumque
2534 2643 2767 2712 Elysium
2786 2658 3049 2713 campum,
3073 2652 3127 2698 et
3150 2643 3384 2699 fortuna-

1838 2740 2009 2784 torum
2054 2730 2271 2795 iusulas,
2323 2740 2467 2800 prata
2511 2729 2714 2795 ﬂorida,
2770 2730 3102 2799 fragrantiam
3144 2733 3381 2796 multam,

1836 2833 2019 2872 auram
2043 2827 2249 2873 tenuem
2277 2828 2329 2872 et
2354 2818 2545 2873 choros
2566 2820 2671 2873 illic
2697 2829 2986 2887 versantes,
3029 2821 3151 2875 albo
3173 2822 3384 2878 indutos

1836 2910 2050 2975 amictu,
2098 2909 2347 2979 quasdam
2376 2908 2703 2963 modulantes
2727 2910 3041 2975 cantilenas,
3087 2911 3139 2965 in
3176 2926 3375 2965 summa

1836 3000 1991 3057 bonis
2019 3010 2073 3056 et
2096 3001 2247 3056 malis
2273 3010 2388 3069 post
2424 3000 2624 3054 exitum
2649 3015 2712 3054 ex
2744 3000 2840 3052 hac
2868 3001 2970 3051 vita
3001 3008 3233 3067 paratam
3270 3015 3382 3055 sor-

1837 3099 1941 3144 tem
1968 3092 2324 3159 promeritam.
2356 3088 2432 3143 Ne
2452 3088 2626 3158 itaque
2642 3088 2894 3159 gehennae
2928 3088 3080 3143 fidem
3112 3104 3379 3159 negemus,

1837 3197 1904 3237 ne
1931 3181 1984 3236 in
2012 3181 2153 3235 illam
2194 3180 2482 3234 incidamus
2504 3196 2520 3234 :
2546 3194 2663 3232 nam
2690 3180 2774 3248 qui
2806 3194 2909 3232 non
2934 3179 3127 3244 credit,
3175 3182 3383 3250 segnior

1836 3271 2066 3326 efﬁcitur
2090 3287 2106 3336 ;
2141 3272 2227 3341 qui
2256 3269 2429 3339 segnis
2450 3276 2549 3331 est,
2580 3268 2631 3322 in
2658 3267 2796 3322 illam
2841 3268 3021 3337 procul
3058 3267 3217 3323 dubio
3245 3269 3338 3325 ibit
3366 3288 3379 3324 :

1839 3365 1943 3415 lmo
1968 3360 2245 3415 credamus
2275 3358 2388 3412 sine
2417 3357 2742 3411 dubitatione
2768 3396 2785 3423 ,
2826 3356 2995 3426 deque
3026 3356 3111 3410 illa
3142 3356 3382 3427 frequen-

1836 3460 1920 3507 ter
1942 3449 2321 3518 colloquamur,
2366 3455 2421 3502 et
2464 3461 2567 3501 non
2601 3446 2750 3500 facile
2801 3444 3149 3514 peccabimus.
3193 3446 3381 3513 llujus-

1836 3541 1977 3595 modi
2002 3554 2225 3607 namque
2244 3551 2545 3592 sermonum
2574 3533 3022 3597 commemoratio,
3058 3532 3202 3602 quasi
3233 3548 3381 3587 acer-

1835 3631 1958 3685 bum
1987 3627 2245 3698 quoddam
2270 3624 2579 3695 remedium,
2610 3624 2897 3693 nequitiam
2926 3635 3137 3675 onmem
3173 3622 3381 3676 abster-

1835 3736 1957 3791 gere
1982 3718 2193 3788 poterit,
2223 3718 2267 3771 si
2294 3716 2488 3770 nostris
2513 3723 2769 3785 perpetuo
2794 3710 2985 3766 animis
3005 3710 3247 3765 insideat.
3272 3711 3383 3766 Hoc

1837 3812 2010 3880 itaque
2053 3806 2287 3863 remedio
2317 3815 2543 3870 utamur,
2599 3812 2656 3858 ut
2697 3802 2859 3873 probe
2898 3801 3200 3872 expurgati,
3243 3801 3383 3869 digni

1836 3901 2001 3953 simus
2020 3898 2105 3967 qui
2152 3897 2315 3951 Deum
2344 3895 2615 3949 videamus
2636 3933 2652 3957 ,
2681 3903 2739 3947 ut
2778 3892 2846 3945 ab
2892 3892 3191 3946 hominibus
3219 3891 3382 3944 videri

1836 3996 2026 4064 potest,
2053 3994 2109 4040 et
2130 3984 2318 4039 futuris
2341 3983 2576 4037 fruamur
2608 3980 2777 4045 bonis,
2796 3979 2962 4050 gratia
2990 3988 3044 4034 et
3066 3978 3386 4048 benignitate

1836 4074 2043 4131 Domini
2072 4072 2236 4128 nostri
2262 4072 2388 4127 Jesu
2416 4068 2629 4125 Christi.
2654 4067 2757 4139 ipsi
2771 4068 2949 4142 gloria
2976 4066 3029 4121 in
3058 4068 3248 4123 srecula
3277 4083 3378 4123 sa:-

1834 4164 2093 4221 culorum.
2122 4162 2310 4217 Amen.

174 4554 3363 4623 Μ

806 4904 913 4965 AD
959 4896 1368 4961 HOMILIAM
1410 4893 1489 4954 1N
1541 4886 1833 4957 JOSEPH
1885 4886 1986 4947 ET
2046 4882 2152 4944 DE
2199 4878 2755 4940 CONTINENTIA.

186 5158 335 5216 docti
360 5164 415 5212 et
436 5151 670 5209 aecurati
703 5146 899 5217 Josepb
932 5142 1248 5207 Boevvlesii,
1278 5130 1826 5209 protobibliothecarii
1852 5125 2120 5181 Bodleiani
2142 5162 2157 5190 ,
2188 5139 2305 5193 quae
2347 5122 2663 5194 paucissima
2693 5119 2746 5171 in
2782 5116 3144 5185 Manuscripto
3174 5131 3360 5185 super

186 5305 348 5352 erant
376 5294 604 5351 exscrihi
638 5291 877 5360 mihique
909 5283 1197 5342 transmitti
1224 5278 1447 5337 curavit.
1476 5274 1678 5330 Caetera
1714 5270 1858 5326 enim
1895 5266 2090 5322 avulsis
2131 5265 2269 5321 foliis
2304 5262 2597 5333 perierunt,
2633 5267 2691 5311 ut
2719 5256 2926 5311 monuit
2960 5255 3074 5323 ipse
3117 5252 3368 5308 laudatus

191 5432 279 5487 vir
312 5426 675 5483 Boevvlesius.

268 5559 642 5632 lnterpretatio
666 5556 872 5621 Latina,
898 5550 999 5608 etsi
1027 5557 1201 5613 vetus,
1238 5554 1319 5600 sat
1342 5545 1478 5599 bene
1504 5536 1820 5595 concinnata
1845 5540 1944 5585 est.

1661 5717 1932 5738 ...ικ-
