4000 6220
630 338 736 392 291

696 747 722 773 ι
765 735 874 788 ’Δεὶ
913 736 1010 805 μὲν
1055 739 1179 808 ἐμοὶ
1218 739 1364 796 δοκεῖ

625 824 1037 894 χρησιμώτατος
1090 826 1225 883 εἶναι
1271 832 1362 884 καὶ

627 914 850 980 πρέπων
921 919 1031 978 τοῖς
1081 918 1173 970 τοῦ
1231 921 1363 991 Χρι-

632 1002 756 1054 στοῦ
806 1004 1008 1068 δούλοις
1031 1007 1060 1058 ὁ
1094 1010 1221 1077 περὶ
1262 1027 1364 1063 σω-

629 1095 899 1164 φροσύνης
913 1099 1065 1165 λόγος
1093 1117 1106 1131 ·
1131 1102 1362 1170 μάλιστα

629 1182 687 1234 δὲ
720 1184 812 1237 νῦν
858 1187 914 1238 ἐν
960 1189 1134 1259 καιρῷ
1179 1191 1362 1248 τοῦτον

635 1274 969 1344 ποιησόμεθα
1017 1280 1150 1348 πρὸς
1197 1281 1359 1350 ὑμᾶς,

627 1367 715 1418 ὅτε
760 1369 849 1421 τὸν
875 1371 1102 1441 Χριστὸν
1145 1376 1362 1432 ἐνδυσά-

631 1473 777 1524 μενοι
825 1461 918 1528 τῆς
962 1463 1279 1533 Ἐκκλησίας
1313 1473 1361 1522 οἱ

625 1549 812 1611 παῖδες
833 1590 846 1612 ,
880 1555 1223 1623 σωφροσύνην
1256 1560 1360 1625 μά-

625 1640 778 1693 λιστα
807 1645 1097 1712 κεκτῆσθαι
1119 1650 1223 1718 πρὸ
1251 1653 1359 1704 ⁴τῶν

624 1735 796 1789 ἄλλων
859 1738 1157 1805 ὀφείλουσιν
1223 1746 1358 1812 ἀγα-

624 1827 752 1880 θῶν.
797 1831 945 1882 Ἐπεὶ
979 1834 1070 1884 καὶ
1109 1835 1253 1898 ὅστις
1284 1833 1358 1888 εἷ-

624 1915 711 1967 δεν
741 1917 972 1986 ἀθλητὰς
992 1962 1006 1985 ,
1044 1922 1350 1992 Ὀλυμπίοις

628 2009 974 2075 νομισθέντας
1074 2017 1300 2083 πρέπειν
1339 2059 1353 2080 ,

626 2094 1012 2165 ἀλειψαμένους
1036 2102 1127 2154 ὲπὶ
1147 2105 1204 2156 τὸ
1233 2109 1355 2159 στά-

624 2181 734 2234 διον
763 2188 1180 2254 καταϐαίνοντας
1197 2236 1209 2257 ,
1239 2192 1355 2249 εἶτα

621 2273 747 2339 περὶ
809 2276 1195 2346 παλαισμάτων
1266 2289 1357 2338 καὶ

621 2365 911 2433 καρτερίας
938 2371 1028 2420 καὶ
1058 2371 1208 2440 νίκης
1253 2376 1356 2428 διε-

623 2449 784 2521 λέχθη
832 2456 964 2524 πρὸς
1011 2461 1238 2525 αὐτοὺς,
1295 2466 1353 2517 ὲν

621 2542 794 2610 καιρῷ
812 2545 965 2598 τοῦτο
1000 2555 1354 2621 πεποιηκέναι

623 2632 845 2698 δικαίως
873 2637 934 2690 ἂν
961 2643 1105 2709 παρὰ
1143 2645 1350 2698 πάντων

621 2724 908 2792 νομίζοιτο.
962 2732 1067 2782 Καὶ
1134 2734 1196 2804 δὴ
1256 2739 1348 2790 καὶ

618 2814 776 2880 ἡμεῖς
798 2818 1093 2886 ἑωρακότες
1117 2827 1238 2888 τοὺς
1261 2831 1350 2882 τοῦ

625 2902 773 2975 [500]
805 2909 1048 2979 Σωτῆρος
1074 2915 1306 2985 ἀθλητὰς
1331 2960 1345 2983 ,

619 2992 843 3061 δύναμιν
890 2997 1146 3066 λαϐόντας
1204 3011 1352 3078 παρὰ

615 3082 708 3136 τοῦ
756 3085 1067 3156 Πνεύματος
1102 3094 1188 3147 διὰ
1243 3100 1351 3151 τῶν

615 3171 772 3225 θείων
794 3181 1118 3248 μυστηρίων,
1135 3186 1348 3251 εἰκότως

614 3263 681 3314 ἂν
713 3265 849 3334 ὑπὲρ
872 3273 1217 3341 σωφροσύνης
1238 3277 1350 3329 δια-

612 3354 904 3422 Αεχθὲντες,
932 3361 1020 3410 ἐπὶ
1051 3364 1137 3415 τὸν
1168 3367 1348 3432 ἀγῶνα

611 3441 700 3493 τὸν
749 3451 1108 3515 πνευματικὸν
1169 3471 1346 3523 παρα-

616 3533 939 3603 πέμψωμεν.
989 3540 1075 3591 Ἐν
1108 3543 1206 3610 μὲν
1254 3541 1344 3600 οὖν

611 3624 722 3684 τοῖς
752 3624 994 3694 ἀνθρωπί
1065 3671 1079 3683 .
1109 3672 1124 3686 .

1346 333 1401 389 s.
1437 334 1705 391 JOANNIS
1738 334 2201 397 cunvsosrout
2240 343 2547 402 meumr.
2588 351 3106 416 coxsraaruvor.
3737 381 3842 435 292

1977 479 3806 521 Ἁσ-

1507 591 1991 662 EJUSDEM
2047 596 2183 664 DE
2237 599 2976 679 CONTINENTIA.

1497 744 1626 799 Mihi
1675 747 1895 815 quidem
1948 763 2163 820 semper

1430 834 1748 890 utilissimus
1797 839 2044 903 videtur,
2109 851 2166 896 et

1427 924 1627 980 Christi
1648 929 1816 982 servis
1839 930 2034 1000 dignus
2052 947 2167 986 ser-

1431 1032 1520 1070 mo
1547 1018 1613 1072 de
1641 1022 1973 1076 continentia
2007 1041 2019 1075 :
2048 1041 2165 1080 ma-

1433 1107 1571 1161 xime
1587 1117 1765 1164 autem
1785 1120 2026 1181 tempore
2039 1116 2160 1179 hoc,

1431 1198 1646 1265 quando
1688 1199 1964 1255 Christum
1991 1193 2165 1258 induti

1430 1289 1582 1354 pueri
1615 1289 1868 1346 Ecclesia:
1913 1308 2024 1361 pra:
2045 1295 2165 1350 aliis

1429 1376 1586 1430 bonis
1620 1380 2009 1436 continentiam
2037 1399 2164 1452 pos-

1429 1469 1606 1524 sidere
1659 1475 1891 1528 maxime
1941 1475 2162 1533 debent.

1427 1565 1595 1620 Nemo
1623 1568 1820 1637 injuste
1857 1571 1941 1624 vel
1967 1571 2163 1627 intem—

1426 1659 1633 1722 pestive
1667 1658 1732 1711 de
1756 1659 2077 1716 fortitudine
2103 1669 2160 1717 et

1427 1751 1720 1805 certamine
1745 1752 1942 1806 factum
1969 1754 2164 1809 dixerit

1427 1854 1729 1894 sermonem
1754 1883 1768 1906 ,
1801 1859 1922 1896 cum
1951 1844 2165 1899 athleta:

1420 1928 1570 1996 juxta
1645 1929 1948 2000 Olyntpicas
2019 1933 2162 2003 leges

1424 2029 1766 2073 exercentur.
1793 2022 1975 2089 Itaque
1995 2032 2049 2076 et
2066 2039 2163 2077 nos

1426 2122 1569 2162 nunc
1583 2109 2013 2166 athletasChristi
2028 2129 2163 2181 quos

1429 2198 1673 2252 videmus
1703 2201 1974 2269 accepisse
1994 2204 2163 2256 virtu-

1431 2295 1536 2340 tem
1553 2303 1580 2340 a
1599 2288 1800 2356 Spiritu
1840 2301 2060 2359 propter
2079 2292 2164 2345 di-

1429 2376 1552 2432 vina
1575 2388 1931 2441 sacramenta,
1952 2380 2016 2432 ad
2036 2395 2154 2450 ago-

1429 2483 1548 2520 nem
1568 2469 1903 2535 spiritualem
1923 2470 2159 2535 missuri,

1429 2557 1699 2610 mcritodc
1713 2559 2040 2611 continentia
2055 2561 2137 2613 dis

1427 2644 1673 2696 serimus.
1759 2645 1817 2697 ln
1873 2647 2162 2702 mundanis

1426 2732 1569 2784 enim
1614 2735 1997 2789 certaminibus
2041 2745 2161 2804 post

1425 2822 1704 2874 victoriam
1770 2838 2022 2889 corona;
2104 2827 2159 2879 in

1423 2911 1620 2964 Christi
1709 2920 1882 2964 autem
1974 2914 2161 2968 stadiis

1423 3009 1543 3052 ante
1599 2999 1874 3052 victoriam
1928 3017 2156 3057 coronae.

1422 3087 1594 3153 Quare
1645 3099 1821 3144 autem
1875 3104 2158 3148 coronatos

1423 3180 1475 3232 in
1554 3194 1777 3248 agonem
1839 3182 2001 3236 mittit
2061 3199 2157 3236 nos

1419 3269 1690 3324 Christus?
1720 3272 1788 3326 Ut
1825 3283 2025 3326 metum
2071 3275 2156 3327 in-

1420 3365 1587 3416 cutiat
1633 3365 1978 3429 adversariis,
2031 3383 2156 3422 sen-

1418 3465 1614 3519 susque
1664 3463 1875 3510 nostros
1927 3457 2095 3526 erigat
2137 3475 2153 3512 :

1419 3553 1477 3598 ut
1530 3546 1592 3598 ad
1647 3547 1904 3600 honorem
1959 3564 1986 3601 a
2047 3551 2154 3603 Deo

1414 3633 1570 3686 nobis
1598 3634 1778 3687 datum
1813 3645 2114 3701 spectantes
2132 3678 2147 3699 ,

609 3705 740 3758 nihil
804 3705 1066 3772 indignum
1111 3705 1327 3757 Domino
1385 3707 1469 3757 vel
1517 3708 1823 3772 loquamur,
1867 3710 1947 3760 vel
1995 3712 2149 3759 faeta-

610 3808 746 3846 mus.
806 3791 934 3845 Nam
976 3793 1018 3844 si
1069 3807 1158 3846 rex
1188 3793 1372 3860 aliquis
1401 3807 1626 3861 purpura
1654 3795 1870 3846 amictus
1895 3835 1908 3857 ,
1941 3809 2158 3847 corona-

607 3899 709 3951 que
744 3893 897 3950 caput
943 3891 1185 3944 ornatus,
1217 3892 1271 3935 et
1323 3883 1490 3936 victus
1518 3891 1713 3935 natura:
1762 3882 2147 3942 alfectionibus.

609 3972 870 4037 indignum
901 3970 1141 4037 quiddam
1161 3971 1297 4039 regia
1330 3971 1600 4038 majestate
1631 3971 1830 4034 fecerit,
1863 3987 1981 4024 mox
2015 3982 2069 4023 ut
2097 3973 2146 4025 itt

608 4061 802 4126 regiam
843 4062 1025 4110 stolam
1072 4061 1352 4126 aspexerit,
1405 4060 1651 4113 emendat
1701 4075 1789 4121 se,
1838 4074 2152 4128 operamque

605 4146 694 4200 dat
723 4162 786 4199 ne
814 4149 1026 4213 posthac
1068 4162 1096 4198 a
1135 4146 1284 4199 fuidis
1323 4149 1559 4200 vincatur
1589 4150 1976 4216 cupiditatibus.
2008 4151 2070 4202 Et
2096 4161 2151 4203 tu

603 4252 808 4303 quoque
853 4237 1060 4288 indutus
1091 4238 1390 4298 Christum,
1425 4240 1578 4290 vitata
1629 4240 1762 4304 turpi
1796 4241 1983 4292 anima:
2020 4255 2150 4294 con-

602 4325 918 4390 t'upiscentia
946 4365 957 4383 ,
987 4325 1049 4375 ad
1081 4326 1306 4376 divinam
1355 4325 1527 4377 statim
1556 4327 1740 4378 stolam
1775 4327 1996 4391 respice,
2030 4342 2142 4378 mei

601 4413 801 4479 liorque
832 4413 1000 4463 statim
1032 4414 1154 4475 eris,
1186 4429 1352 4480 neque
1374 4415 1580 4480 maligni
1611 4415 1808 4466 artibus
1839 4414 2142 4467 offenderis.

600 4501 756 4567 Igitur
802 4500 1072 4567 pulchrum
1102 4501 1306 4566 quidem
1354 4504 1727 4555 continentiam
1774 4504 2144 4556 commendare

598 4589 856 4652 laudibus,
883 4588 1142 4653 pulchrius
1164 4599 1334 4640 autem
1369 4590 1660 4656 possidere.
1690 4591 1754 4641 Et
1782 4605 1908 4643 sane
1930 4606 2031 4643 non
2055 4607 2146 4658 pa-

597 4693 712 4730 rum
743 4677 806 4730 ad
848 4678 1218 4730 continentiam
1264 4681 1541 4732 incitantur
1562 4720 1576 4742 ,
1605 4682 1690 4748 qui
1732 4682 1948 4732 multum
1979 4681 2045 4734 de
2077 4695 2138 4733 ea

596 4765 875 4834 loquuntur
901 4776 952 4817 et
976 4767 1206 4817 audiunt.
1235 4769 1398 4834 Atque
1415 4785 1528 4819 eam
1547 4770 1614 4819 ob
1640 4784 1748 4820 rem
1779 4771 1992 4821 virtutes
2019 4784 2143 4820 san-

596 4867 796 4910 etorutn
847 4856 1104 4907 celebrati
1160 4855 1318 4906 sacris
1362 4857 1640 4923 Scripturis
1667 4858 1832 4908 voluit
1879 4858 2037 4918 Deus,
2090 4867 2144 4908 ut

596 4959 778 4995 omnes
831 4943 1068 4995 homines
1104 4942 1154 4992 iu
1194 4942 1401 4993 illorum
1451 4946 1719 4995 trahantur
1765 4945 2139 5005 imitationem,

595 5034 910 5099 vestigiaque
936 5033 1138 5083 illoruut
1171 5031 1444 5099 diligenter
1465 5035 1729 5100 sequendo
1754 5036 1984 5101 persuasi
2011 5050 2139 5086 con-

602 5122 869 5173 tiurnliam
910 5132 1109 5186 parent.
1142 5121 1345 5173 Etenim
1377 5122 1419 5172 si
1457 5124 1506 5172 in
1549 5122 1805 5189 gymnicis
1833 5123 2138 5174 certamini-

596 5213 690 5263 Ιιιιδ
723 5211 983 5278 plerique,
1014 5211 1136 5261 visis
1159 5210 1368 5262 athletis
1395 5213 1687 5266 coronatis.
1716 5212 1952 5274 accensi,
1985 5212 2139 5263 etiam

594 5304 686 5365 ipsi
717 5318 771 5353 se
801 5310 1092 5363 exuerunt,
1125 5309 1176 5351 et
1204 5303 1392 5352 multos
1426 5302 1646 5353 sudores
1686 5302 1992 5367 laboresque
2022 5315 2140 5367 per-

593 5396 839 5453 tulerunt,
877 5401 927 5441 ut
961 5392 1116 5441 ramis
1151 5391 1227 5441 vel
1259 5392 1386 5441 olea:
1426 5393 1500 5441 vel
1552 5391 1679 5442 lattri
1712 5400 2087 5442 comitarentur
2122 5408 2132 5440 :

590 5491 776 5546 quanta
808 5495 927 5547 ergo
960 5495 1052 5531 nos
1091 5484 1331 5530 Convenit
1368 5480 1636 5531 alacritate
1684 5493 1776 5544 pro
1823 5479 2136 5530 continentia

589 5573 804 5623 sudores
832 5570 982 5629 ferre,
1008 5570 1212 5636 quando
1234 5569 1359 5621 alios
1384 5583 1411 5619 a
1442 5569 1546 5621 Deo
1577 5579 1853 5620 coronatos
1876 5569 2131 5629 videmus,

590 5672 641 5711 ut
696 5659 985 5710 ra-lestibus
1051 5659 1384 5710 redimiamur
1439 5660 1685 5720 coronis,
1745 5669 1955 5725 propter
2004 5659 2135 5709 bona

588 5747 933 5813 salutariaque
964 5745 1231 5801 facinora?
1259 5745 1530 5812 Quomodo
1563 5762 1664 5798 non
1694 5761 1852 5812 {grave
1875 5757 1924 5798 et
1967 5747 2125 5797 multa

2273 756 2349 811 ira
2405 755 2653 825 dignum,
2703 757 2746 810 si
2806 758 3026 811 athletas
3077 758 3284 813 allectct
3339 760 3518 815 folium
3565 763 3694 817 lauri
3742 767 3820 818 vel

2271 846 2444 910 olivze,
2473 855 2526 900 et
2559 847 2722 915 gloria
2771 849 3081 902 transitoria:
3124 850 3275 918 hujus
3325 856 3444 907 vita:
3473 872 3485 906 :
3525 872 3618 909 nos
3647 868 3819 912 autem

2272 934 2400 987 nihil
2431 947 2674 990 moveant
2700 935 2890 991 Christi
2913 953 3145 1003 munera,
3179 950 3234 993 ιιι
3257 956 3463 997 omnem
3507 946 3815 1014 voluptatem

2265 1036 2627 1088 umoveamus,
2675 1032 2728 1077 et
2771 1027 3010 1079 timorem
3067 1027 3155 1080 Dei
3200 1032 3533 1096 prmferamus
3574 1039 3820 1103 concupi-

2271 1111 2527 1165 scentiis?
2553 1112 2719 1168 Porro
2742 1128 2846 1168 non
2869 1116 2918 1167 in
2946 1119 3069 1170 solis
3096 1120 3388 1175 hominibus
3413 1124 3647 1179 videmus
3670 1128 3816 1180 simi-

2272 1199 2399 1252 lium
2428 1200 2792 1267 imitationem,
2819 1205 2910 1257 sed
2932 1214 2985 1257 et
3031 1206 3080 1258 in
3113 1207 3296 1262 brutis.
3326 1210 3455 1264 Nam
3483 1223 3536 1266 et
3561 1216 3815 1270 columba:

2269 1302 2432 1357 sirpe,
2487 1289 2595 1344 visa
2622 1307 2720 1344 una
2756 1293 3014 1358 avolante,
3041 1297 3218 1350 statim
3262 1310 3547 1364 sequuntur
3582 1318 3765 1359 omnes
3800 1325 3811 1358 :

2269 1390 2322 1434 et
2362 1381 2534 1448 pullus
2559 1396 2868 1449 generosus,
2902 1384 2952 1436 in
2976 1399 3223 1454 equorum
3269 1401 3505 1445 armento
3532 1395 3777 1451 exsiliens
3797 1437 3812 1458 ,

2268 1484 2447 1524 secum
2474 1473 2608 1540 rapit
2636 1486 2792 1526 omne
2811 1484 3126 1529 armentum.
3158 1478 3223 1531 Et
3257 1480 3394 1533 inter
3420 1497 3530 1544 vos,
3563 1492 3618 1536 ut
3648 1485 3698 1537 in
3728 1501 3814 1538 ar-

2267 1568 2445 1611 mento
2471 1559 2682 1622 Christi,
2725 1561 2893 1615 bonus
2929 1572 3009 1617 est
3039 1566 3206 1632 pullus
3247 1567 3439 1637 .loseph
3479 1573 3816 1626 continentis-

2266 1649 2451 1712 simus,
2478 1649 2774 1702 crelestibus
2803 1653 3234 1708 exsultationibus
3269 1659 3332 1710 ad
3363 1659 3443 1712 sui
3473 1661 3812 1716 imitationem

2266 1750 2363 1790 nos
2384 1751 2667 1792 conservos
2691 1754 2904 1794 vocans.
2925 1741 3184 1796 Saltemus
3210 1746 3362 1813 igitur
3388 1761 3504 1799 eum
3541 1749 3677 1802 bono
3719 1754 3782 1803 ad
3799 1784 3812 1794 -

2265 1826 2528 1881 olescente
2550 1827 2872 1894 spiritualem
2892 1831 3134 1886 choream
3155 1873 3170 1897 ,
3199 1836 3463 1889 laudantes
3506 1840 3667 1906 ipsius
3691 1855 3814 1894 con-

2268 1913 2534 1968 tinentiam
2557 1955 2572 1977 ,
2604 1931 2706 1968 non
2751 1919 2921 1971 verbis
2950 1921 3115 1974 solum
3143 1962 3158 1986 ,
3191 1925 3280 1978 sed
3307 1935 3357 1978 et
3399 1942 3613 1995 operum
3642 1931 3812 1983 imita-

2267 2004 2427 2057 tione.
2461 2003 2550 2056 llle
2579 2005 2752 2073 igitur,
2783 2007 2870 2060 ille
2894 2017 3006 2062 erat
3031 2010 3247 2078 diligens
3264 2024 3318 2067 et
3339 2027 3617 2083 perpetuus
3643 2022 3810 2070 muti-

2263 2091 2452 2144 nentia:
2472 2102 2648 2148 custos
2673 2135 2686 2159 ,
2713 2110 2830 2151 cum
2857 2109 3034 2166 posset
3063 2101 3253 2170 reginae
3279 2103 3372 2172 ipsi
3396 2106 3656 2173 imperare
3679 2119 3732 2161 et
3760 2111 3811 2164 iu

2255 2178 2458 2235 deliciis
2508 2191 2663 2253 atque
2705 2186 2829 2240 luxu
2867 2188 3078 2243 divitem
3136 2200 3188 2244 et
3237 2195 3580 2263 voluptarium
3627 2213 3803 2266 agere.

2257 2266 2624 2325 Verumtamen
2663 2277 2899 2342 quamvis
2949 2279 3123 2333 talium
3167 2289 3216 2334 et
3248 2291 3506 2337 tantorum
3557 2287 3803 2344 dominus

2257 2353 2485 2423 futurus,
2514 2374 2630 2412 cum
2657 2367 2938 2430 cogitasset
2959 2367 3098 2434 quod
3134 2369 3326 2422 divitia:
3368 2373 3576 2439 quidem
3621 2384 3676 2428 et
3701 2391 3796 2444 po~

2253 2447 2410 2498 tcutia
2439 2462 2501 2502 ac
2525 2451 2688 2517 gloria
2717 2467 2834 2506 cum
2864 2457 3104 2521 prmsenti
3132 2459 3238 2510 vita
3269 2470 3552 2526 transeant,
3585 2477 3639 2517 et
3669 2475 3802 2518 tem-

2252 2539 2506 2604 poralium
2551 2542 2750 2595 lucrum
2798 2544 3067 2599 dumtaxat
3109 2547 3367 2612 habeant,
3413 2553 3578 2605 solius
3625 2563 3801 2608 auten:

2252 2629 2458 2683 virtutis
2497 2631 2667 2684 nullus
2710 2636 2776 2686 sit
2807 2635 2960 2700 linis,
3007 2637 3125 2690 ideo
3164 2639 3510 2706 voluptatibus
3562 2644 3800 2696 timorem

2247 2718 2441 2775 Christi
2471 2762 2485 2785 ,
2514 2730 2571 2775 ut
2597 2722 2800 2777 frenum
2827 2715 3110 2792 quoddam,
3140 2728 3336 2795 injecit.
3388 2731 3601 2784 Divitias
3625 2743 3800 2787 autem

2250 2816 2303 2858 et
2339 2808 2575 2874 delicias,
2604 2825 2665 2863 ac
2711 2815 3084 2878 promissiones
3125 2815 3348 2868 domina:
3392 2817 3591 2873 derisit.
3637 2821 3797 2873 mise-

2249 2895 2377 2947 riam
2407 2897 2458 2948 in
2485 2912 2696 2952 carcere
2715 2901 3000 2954 dulciorem
3023 2918 3242 2957 censetis
3283 2907 3549 2972 praeclaris
3575 2907 3797 2960 domici-

2246 2984 2346 3046 liis,
2379 2989 2579 3039 tametsi
2612 2987 2691 3040 liis
2719 2991 2804 3056 qui
2832 2994 3151 3046 excellenter
3177 2995 3386 3048 formosi
3418 3007 3558 3062 sunt,
3589 2999 3800 3053 difficile

2244 3081 2324 3125 est
2349 3074 2608 3141 imperare
2636 3078 2905 3144 voluptati.
2937 3081 3031 3135 llic
3067 3092 3238 3135 autem
3287 3093 3482 3137 tantum
3529 3087 3801 3153 specimen

2244 3162 2475 3216 exhibuit
2510 3167 2865 3232 coutiueutize,
2895 3179 2947 3220 ut
2969 3170 3346 3236 pulchritudine
3368 3174 3553 3224 anima:
3573 3174 3798 3240 pulchri-

2243 3251 2474 3305 tudinem
2513 3257 2753 3322 corporis
2784 3261 3084 3320 occultaret,
3130 3261 3293 3312 stella:
3323 3262 3528 3314 cuidam
3563 3263 3794 3327 pulchra:

2245 3337 2568 3395 formositate
2596 3345 2849 3409 corporis.
2877 3348 3073 3414 angelis
3098 3358 3273 3400 autem
3305 3359 3578 3402 venustate
3605 3353 3797 3403 anima:

2245 3426 2614 3481 conferendns.
2645 3429 2749 3483 Nos
2795 3441 2968 3484 autem
3003 3433 3153 3486 decet
3176 3435 3417 3486 admirari
3443 3475 3458 3499 ,
3491 3451 3595 3488 non
3624 3437 3795 3490 solum

2237 3518 2591 3572 adolescentis
2629 3521 3000 3573 continentiam
3027 3563 3041 3586 ,
3070 3523 3158 3574 sed
3187 3534 3236 3575 et
3267 3525 3487 3590 pericula
3513 3566 3526 3586 ,
3557 3541 3674 3592 qua:
3702 3541 3796 3592 pro

2243 3606 2327 3657 illa
2377 3609 2658 3673 sustinuit,
2688 3610 2775 3675 qui
2805 3619 2968 3663 morte
3010 3613 3216 3679 gravius
3244 3628 3302 3664 ac
3330 3613 3610 3665 terribilius
3654 3615 3793 3681 judi-

2239 3695 2374 3747 cavit
2403 3697 2604 3749 servire
2640 3697 3010 3764 voluptatibus.
3049 3700 3401 3753 Admirabitur
3445 3713 3652 3765 autem,
3700 3704 3789 3771 qui

2240 3785 2481 3838 virtutem
2533 3788 2694 3854 ipsius
2745 3789 3018 3856 diligenter
3062 3792 3399 3858 cognoverit,
3451 3802 3500 3844 et
3549 3802 3787 3858 tempora

2242 3876 2547 3939 expenderit
2579 3878 2630 3928 in
2659 3878 2848 3938 quibus
2886 3879 3108 3931 animam
3152 3895 3330 3947 puram
3375 3883 3623 3934 servavit.
3655 3881 3787 3935 Nam

2241 3963 2540 4030 priusquam
2595 3966 2644 4016 in
2693 3976 2826 4018 terra
2855 3977 2905 4019 et
2959 3967 3205 4020 Dominus
3231 3980 3284 4021 et
3325 3969 3509 4036 Opifex
3558 3970 3786 4021 universi

2239 4055 2494 4119 apparuit,
2542 4054 2830 4107 libertatem
2857 4055 3133 4108 custodivit
3162 4059 3368 4109 mentis.
3424 4057 3475 4107 In
3505 4056 3661 4108 domo
3685 4057 3784 4108 im-

2239 4145 2441 4211 piorum
2489 4146 2846 4211 educabatur,
2898 4148 3088 4199 multos
3143 4147 3363 4198 habebat
3409 4145 3474 4197 ad
3526 4147 3787 4199 deteriora

2237 4233 2593 4297 adhortantes,
2639 4236 2849 4288 carebat
2893 4236 3226 4288 continentia:
3269 4236 3533 4302 magistro.
3587 4234 3787 4290 Omnes

2239 4322 2487 4387 voluptati
2519 4325 2834 4386 serviebant,
2867 4327 3034 4377 ventri
3069 4325 3422 4391 indulgebant,
3453 4326 3579 4376 nihil
3620 4326 3788 4392 pium,

2240 4407 2363 4458 nihil
2392 4420 2628 4461 sanctum
2655 4411 2942 4463 faciebant:
2971 4421 3198 4464 attamen
3224 4414 3270 4462 in
3295 4422 3552 4464 tantormn
3579 4414 3791 4466 talium-

2238 4512 2339 4563 que
2369 4499 2639 4564 impiorum
2666 4515 2878 4565 corona,
2915 4501 3091 4553 videns
3115 4502 3377 4554 dominam
3422 4503 3788 4568 intemperan-

2240 4594 2341 4636 tem
2367 4584 2538 4651 jacere
2558 4625 2570 4649 ,
2601 4588 2880 4639 cmlestium
2913 4589 3272 4641 thesaurorum
3311 4590 3546 4655 proditor
3575 4605 3674 4642 non
3706 4600 3793 4643 cst

2239 4671 2422 4736 factus,
2461 4673 2550 4725 sed
2598 4673 2819 4740 Spiritus
2863 4676 3114 4743 templum
3160 4677 3566 4742 indepra-dabile
3608 4687 3794 4728 custo-

2237 4765 2383 4828 divit,
2414 4767 2608 4818 malens
2639 4767 2802 4828 mori,
2835 4783 2987 4831 quam
3016 4769 3214 4820 servire
3257 4768 3630 4833 voluptatibus.
3668 4766 3792 4820 Non

2237 4856 2470 4908 audierat
2500 4856 2712 4907 Paulum
2752 4857 3007 4909 dicentem
3033 4897 3047 4914 ,
3089 4872 3305 4923 corpora
3336 4867 3511 4909 nostra
3552 4857 3796 4908 membra

2237 4944 2426 4994 Christi
2482 4959 2600 4996 csse
2653 4945 2739 5010 (l.
2773 4944 2886 4996 Cor.
2914 4945 2963 4996 6.
2991 4944 3094 5013 15)
3126 4962 3136 4994 :
3167 4955 3214 4997 et
3254 4947 3551 5012 priusquam
3581 4944 3797 4998 audiret

2240 5047 2416 5084 vocent
2445 5033 2690 5092 divinam,
2721 5049 2819 5084 non
2850 5035 3018 5084 minor
3038 5037 3274 5102 apparuit
3300 5037 3361 5086 iis
3383 5035 3468 5101 qui
3489 5035 3797 5086 ca-lestibns

2239 5123 2670 5186 promissionibus
2702 5125 2936 5175 honorati
2960 5134 3099 5185 sunt,
3120 5126 3314 5177 docens
3340 5139 3434 5176 nos
3462 5125 3510 5174 iu
3538 5124 3800 5178 Ecelesiis

2239 5225 2391 5274 quam
2425 5219 2661 5276 oporteat
2692 5225 2787 5262 nos
2816 5224 3016 5264 certare
3037 5253 3051 5274 ,
3085 5223 3135 5265 ct
3182 5214 3538 5277 incorruptam
3569 5226 3797 5265 servare

2239 5298 2485 5348 animant.
2515 5297 2639 5348 Nam
2683 5300 2722 5348 si
2751 5314 2870 5364 ego,
2903 5300 3080 5352 dicere
3106 5310 3278 5368 potest
3302 5299 3517 5365 Joseph,
3551 5299 3636 5364 qui
3663 5311 3801 5353 ante

2241 5398 2414 5438 natum
2447 5387 2705 5438 Christum
2744 5388 2830 5449 fui,
2860 5404 2954 5440 nec
2987 5389 3158 5440 audivi
3199 5388 3457 5440 excelsum
3489 5387 3798 5452 apostolum

2241 5478 2452 5529 Paulum
2468 5477 2791 5537 clamantem,
2815 5492 3027 5541 corpora
3057 5488 3226 5527 nostra
3249 5476 3480 5527 membra
3506 5490 3618 5525 esse
3641 5472 3802 5526 Chri-

2241 5566 2302 5616 sti
2326 5605 2338 5626 ν
2373 5565 2539 5628 Dutavi
2578 5563 2664 5615 Dei
2696 5580 2874 5615 servos
2913 5566 3096 5615 decere
3142 5575 3193 5614 ut
3226 5564 3480 5627 ἱιιψυνοηῑ
3511 5563 3797 5628 ν⁰¹¹¹Ρί³ῑίι

2241 5671 2334 5706 nec
2354 5654 2590 5705 iuventus
2605 5670 2712 5704 sum
2735 5655 3060 5704 continentia:
3078 5653 3340 5714 dccoctor,
3362 5653 3591 5718 quamvis
3618 5657 3800 5707 multa

2241 5740 2463 5808 pericula
2488 5751 2662 5808 parata
2694 5740 2923 5793 viderem
2956 5759 2964 5792 ;
2997 5749 3241 5808 quantum
3271 5755 3361 5794 vos
3391 5740 3629 5794 convenit
3655 5755 3798 5796 cum
