4000 6220
180 371 300 427 293

172 479 363 531 timore
391 486 443 531 et
467 488 695 533 tremore
720 478 892 533 vivere
917 479 967 531 in
991 480 1304 533 continentia
1331 521 1344 545 ,
1376 488 1432 534 ut
1457 494 1523 534 ne
1549 493 1709 549 appa-

170 570 333 623 reatis
350 570 539 638 indigni
555 570 772 632 honore,
796 578 847 622 et
865 585 927 622 ne
950 571 1179 624 membra
1196 571 1386 625 Christi
1404 570 1529 625 fiant
1547 587 1715 625 mem-

170 658 265 709 bra
289 660 467 711 scorti!
499 658 606 711 Hoc
634 659 845 712 verbum
869 668 1040 727 potest
1062 674 1268 712 omnem
1293 661 1517 712 animam
1547 662 1717 714 conti-

173 747 349 797 nentia
383 746 599 807 munire,
637 747 733 798 hoc
753 748 964 799 verbum
996 748 1238 800 ardentes
1270 750 1716 816 concupiscentias

174 833 326 885 facile
347 834 631 901 restinguit.
671 834 848 901 Neque
875 835 1040 887 imber
1068 836 1119 887 in
1147 836 1314 903 ignem
1337 837 1527 890 cadens
1554 839 1620 890 ita
1646 837 1718 890 fa-

174 922 277 975 cile
295 922 552 975 ﬂammam
570 924 832 990 deprimit,
851 934 904 976 ut
922 925 1085 975 malas
1114 927 1561 992 concupiscentias
1583 942 1718 979 mar-

174 1023 387 1062 cescere
411 1008 530 1061 facit
555 1024 729 1061 sermo
755 1010 841 1062 ille
879 1011 929 1061 in
956 1011 1178 1062 animam
1200 1012 1476 1064 admissus.
1497 1014 1717 1066 Eosdem

175 1111 447 1151 sermones
477 1098 623 1150 nobis
649 1098 784 1165 loqui
818 1110 869 1150 et
898 1114 1113 1166 magnus
1129 1100 1225 1153 Job
1256 1110 1459 1168 potest,
1502 1101 1588 1167 qui
1618 1118 1718 1153 non

175 1187 345 1238 solum
375 1187 595 1255 diligens
624 1188 956 1240 continentia:
1008 1189 1101 1241 fuit
1150 1191 1480 1251 exercitator,
1529 1191 1618 1243 sed
1670 1199 1719 1246 et

177 1275 346 1344 legem
373 1276 535 1327 oculis
560 1276 667 1328 suis
698 1277 904 1343 posuit,
939 1292 1002 1329 ne
1030 1277 1079 1328 in
1125 1277 1335 1343 virginis
1366 1278 1602 1329 viderent
1643 1276 1717 1328 fa-

175 1365 333 1426 ciem,
364 1378 427 1415 ne
444 1363 576 1417 forte
594 1375 818 1418 mentem
845 1365 979 1417 illius
999 1365 1249 1417 irradians
1268 1373 1477 1431 raperet
1498 1365 1718 1431 pulchri-

179 1452 310 1503 tudo
360 1451 491 1514 (Job
521 1453 606 1506 51.
637 1452 696 1520 Ι)
726 1470 737 1505 :
764 1454 1000 1520 quamvis
1028 1454 1141 1520 quis
1171 1468 1269 1505 non
1300 1453 1644 1506 admiraretur
1668 1456 1721 1500 et

180 1529 609 1594 obstupesceret,
641 1530 822 1584 videns
853 1543 1012 1580 virum
1046 1529 1179 1577 hunc
1208 1540 1325 1577 cum
1364 1525 1570 1577 diabolo
1598 1525 1716 1590 qui-

180 1616 301 1670 dem
330 1617 544 1668 viriliter
571 1626 789 1679 certare,
817 1626 869 1668 et
890 1629 1071 1666 omnes
1093 1614 1297 1681 maligni
1325 1612 1591 1665 machinas
1614 1613 1721 1665 vin-

178 1720 325 1768 cere,
359 1707 566 1773 virginis
604 1713 773 1757 autem
807 1705 987 1757 faciem
1032 1705 1207 1769 fugere
1232 1743 1246 1765 ,
1304 1713 1354 1753 et
1401 1716 1427 1751 a
1480 1701 1718 1753 formosze

179 1795 371 1861 puella:
398 1805 608 1860 aspectu
641 1794 819 1847 oculos
847 1792 1173 1845 subducere?
1206 1791 1474 1842 Diabolmn
1510 1790 1717 1857 quidem

181 1882 366 1935 videns
403 1884 729 1936 accedentem
760 1897 863 1935 non
910 1883 1073 1948 fugit,
1117 1881 1207 1934 sed
1254 1883 1442 1934 mansit
1479 1882 1609 1933 sicut
1640 1881 1720 1933 leo

179 1971 382 2024 viribus
411 1972 573 2025 fidens
601 1990 614 2024 :
646 1973 840 2039 virgine
866 1983 1040 2024 autem
1068 1973 1173 2024 visa
1207 1987 1309 2023 non
1336 1972 1477 2024 stetit
1502 2010 1517 2034 ,
1552 1985 1718 2037 neque

180 2064 418 2107 moratus
444 2055 495 2108 in
526 2054 817 2106 contnenda
866 2054 1272 2121 pulchriuuline,
1306 2053 1395 2106 sed
1424 2054 1599 2104 statim
1630 2066 1718 2106 se-

180 2143 363 2195 cessit.
404 2143 661 2195 Censebat
691 2144 930 2195 nimirum
965 2143 1013 2194 in
1042 2143 1221 2208 pnelio
1250 2152 1424 2193 contra
1456 2142 1718 2193 datmoncs

184 2230 322 2281 virili
346 2239 397 2282 et
435 2230 616 2283 audaci
642 2232 814 2282 animo
860 2246 988 2298 opus
1037 2248 1047 2281 :
1080 2232 1129 2282 in
1170 2230 1501 2282 continentia:
1542 2237 1716 2279 autem

185 2319 564 2385 prmparatione
607 2319 870 2371 victoriam
925 2319 1158 2381 concedi,
1208 2334 1309 2371 non
1358 2333 1420 2371 ex
1468 2317 1718 2384 virginum

181 2408 558 2463 consuetudine
580 2448 595 2473 ,
621 2409 712 2462 sed
754 2424 983 2462 secessu.
1025 2409 1265 2475 Quisquis
1291 2408 1443 2474 igitur
1471 2406 1722 2471 promittit

184 2498 557 2562 virginitatem,
575 2498 787 2565 accipiat
811 2499 1021 2551 consilia
1041 2496 1467 2549 Contiticntissimi
1489 2496 1718 2548 omnium

183 2584 472 2647 hominum,
500 2586 587 2649 qui
614 2595 667 2638 et
694 2588 801 2652 ipse
827 2596 945 2638 ante
971 2586 1231 2637 Christum
1264 2586 1581 2636 incarnatum
1615 2592 1716 2635 tam

180 2673 402 2740 diligens
422 2675 750 2727 continentia:
772 2674 866 2726 fuit
890 2686 1083 2726 custos.
1102 2674 1278 2741 Neque
1299 2676 1434 2724 cnim
1454 2674 1718 2739 negligen-

185 2770 266 2813 ter
289 2763 599 2815 audiendum
620 2800 635 2820 .
666 2764 800 2829 quod
828 2773 949 2817 ante
970 2764 1228 2815 Christum
1271 2764 1592 2815 incarnatmn
1621 2776 1716 2828 ap-

185 2852 452 2916 paruerint
475 2851 598 2917 justi
621 2858 816 2903 tantum
838 2852 1166 2902 continentia:
1193 2850 1452 2917 specimen
1472 2848 1720 2901 exhiben-

185 2947 283 2989 tes.
318 2938 426 2991 Non
476 2940 612 2991 enim
660 2950 770 2992 erat
815 2939 949 3006 quod
981 2949 1117 2990 tanta
1144 2939 1191 2990 vi
1219 2937 1282 2990 ad
1313 2938 1552 2989 virtutem
1580 2936 1717 2988 illam

182 3036 413 3092 urgeret,
438 3043 602 3095 neque
624 3028 903 3094 virginibus
928 3029 1125 3080 crimen
1151 3038 1261 3079 erat
1288 3026 1521 3092 neglecta
1548 3026 1716 3077 couti-

184 3116 375 3167 nentia':
406 3118 679 3181 possessio.
711 3116 981 3180 Quomodo
1020 3126 1189 3167 autem
1238 3115 1367 3166 hoc?
1396 3114 1524 3179 Quia
1570 3112 1721 3178 hujus

184 3215 360 3253 causa:
380 3202 541 3268 gratia
565 3202 700 3255 Deus
727 3204 982 3264 excelsus,
1007 3204 1369 3254 universorum
1394 3200 1597 3269 Opifex,
1622 3216 1718 3252 no-

182 3297 348 3341 stram
380 3294 581 3357 accepit
610 3290 826 3343 formam
851 3332 864 3356 ,
901 3301 955 3342 ut
997 3291 1295 3357 angelorum
1326 3290 1719 3342 sanctimoniam

180 3392 249 3430 ex
271 3378 398 3430 caelo
414 3379 705 3432 deduceret.
730 3380 943 3445 Quando
964 3381 1115 3447 igitur
1136 3380 1372 3430 homines
1386 3388 1502 3446 post
1522 3388 1717 3430 tantum

183 3465 439 3521 honorem
481 3470 827 3537 voluptatibus
861 3484 917 3523 se
947 3471 1273 3536 mancipant,
1300 3468 1397 3521 dici
1426 3468 1602 3536 nequit
1643 3478 1717 3519 te-

181 3558 439 3607 meritatis
490 3558 790 3624 magnitudo
819 3599 833 3620 ,
877 3573 976 3626 qua
1006 3558 1235 3610 membra
1266 3557 1458 3610 Christi
1489 3558 1717 3609 membra

180 3646 470 3698 meretricis
494 3644 761 3709 facientes,
788 3648 986 3699 Domini
1016 3647 1421 3699 misericnrdiam
1468 3644 1713 3701 afiiciunt.

196 3767 1509 3799 =W

1287 360 1373 417 DE
1409 358 1912 418 CONSOLA'HONE
1950 358 2211 415 MORTIS.

3246 383 3354 438 294

1832 478 1884 521 et
1908 478 2151 536 quantum
2182 470 2233 521 in
2265 469 2340 523 eis
2365 480 2465 532 est,
2493 485 2673 523 vanam
2714 470 2956 525 reddunt.
2987 471 3221 526 Audtunt
3247 477 3356 524 the-

1832 569 2031 618 mones,
2058 566 2113 610 et
2136 557 2336 620 timent,
2364 557 2481 624 quia
2512 559 2647 611 Deus
2668 574 2769 611 non
2797 560 3036 613 connivct
3062 567 3120 613 ut
3143 560 3363 627 conjun-

1831 655 2016 709 gantur
2058 644 2173 706 sibi,
2230 658 2325 697 nos
2378 654 2549 697 autem
2596 646 2691 699 sibi
2740 646 3002 715 adjungat.
3054 647 3119 700 Et
3167 647 3361 700 audent

1831 732 2054 786 fidelium
2081 734 2286 801 quidam
2316 734 2619 788 abscindere
2642 750 2699 789 se
2719 751 2748 787 a
2788 737 3014 802 Christo,
3045 745 3099 792 at
3140 738 3359 806 jungere

1831 821 2227 874 meretricibus?
2255 820 2368 873 Non
2387 830 2577 873 tantum
2601 829 2681 873 est
2696 824 2883 874 malum
2901 839 2930 875 e
2949 826 3077 876 caelo
3108 826 3155 876 in
3187 826 3348 877 lutum

1829 908 2032 973 radere,
2058 917 2302 975 quantum
2347 910 2534 962 malum
2567 910 2721 963 fuerit
2748 911 3033 964 membrum
3060 912 3248 965 Christi
3278 913 3357 965 fa-

1830 1006 1969 1048 ctum
2008 1010 2034 1047 a
2065 995 2240 1047 divino
2269 996 2465 1048 honore
2493 997 2753 1057 excidere,
2804 1009 2856 1051 et
2903 1000 3192 1052 membrum
3248 1001 3357 1058 ficri

1832 1085 2008 1136 scorti.
2037 1083 2252 1146 Quando
2278 1084 2431 1149 igitur
2464 1085 2876 1151 concupiscentia
2908 1087 3037 1139 mala
3081 1087 3365 1141 inflammat

1830 1174 2090 1231 animam,
2128 1171 2300 1222 statim
2342 1171 2614 1224 recordare
2662 1173 2889 1234 Christi,
2940 1174 3105 1241 cogita
3160 1174 3365 1227 adstare

1832 1256 1920 1308 tibi
1946 1257 2154 1310 Paulum
2185 1258 2569 1320 adhortantem,
2588 1274 2649 1312 ac
2674 1260 2931 1313 dicentem
2960 1278 2973 1313 :
2997 1261 3211 1314 Nescitis
3232 1264 3363 1327 quod

1830 1361 2036 1411 corpora
2060 1356 2217 1397 vestra
2259 1347 2470 1398 membra
2512 1357 2623 1399 sunt
2664 1346 2880 1401 Christi?
2925 1348 3106 1401 Cereus
3151 1351 3365 1402 membra

1830 1433 2027 1492 Christi,
2058 1434 2271 1500 faciasne
2299 1434 2511 1486 membra
2539 1437 2685 1486 scorti
2702 1437 2774 1503 (1.
2798 1437 2911 1489 Cor.
2940 1437 2991 1489 6.
3024 1436 3142 1504 15)?
3171 1438 3221 1490 Si
3253 1438 3367 1489 illo-

1830 1534 1943 1571 rum
1989 1521 2263 1574 verborum
2307 1522 2467 1574 fucris
2522 1525 2841 1588 recordatus,
2873 1528 3043 1577 statim
3086 1525 3362 1592 fugientem

1828 1609 2023 1662 videbis
2055 1612 2383 1677 voluptatem.
2423 1611 2549 1663 Nam
2583 1613 2623 1664 si
2670 1614 2880 1666 ancillas
2906 1613 3113 1666 domina
3144 1623 3282 1666 casta
3314 1624 3365 1666 et

1832 1698 2011 1764 pudica
2042 1699 2341 1765 turpitudini
2368 1700 2566 1753 deditas
2591 1701 2760 1753 statim
2790 1701 2901 1754 solo
2921 1712 3130 1769 aspectu
3154 1702 3364 1769 pudicas

1830 1786 1954 1839 iacit
1982 1802 1993 1836 :
2020 1787 2139 1853 quid
2170 1787 2374 1849 mirum,
2408 1788 2447 1839 si
2502 1788 2792 1841 titillantem
2824 1789 3140 1855 voluptatem
3172 1789 3363 1843 Christi

1829 1874 2076 1926 memoria
2119 1876 2290 1927 statim
2340 1876 2513 1942 50pit?
2556 1875 2771 1943 Semper
2812 1892 3019 1930 crucem
3063 1877 3193 1929 habe
3244 1886 3366 1930 ante

1828 1962 2006 2013 oculos
2052 1972 2166 2014 tuos
2207 1962 2513 2026 radiantem,
2557 1972 2608 2016 et
2633 1978 2791 2031 purus
2834 1979 2860 2015 a
2915 1966 3137 2030 peccatis
3177 1978 3269 2031 per
3311 1963 3362 2016 id

1830 2051 2076 2117 temporis
2099 2051 2281 2104 abibis.
2304 2050 2429 2103 Nam
2453 2053 2585 2104 sicut
2603 2053 2841 2105 columna
2876 2053 3046 2115 nubis,
3077 2053 3235 2119 figura
3266 2066 3360 2104 no-

1829 2150 1951 2191 stne
1979 2140 2166 2202 crucis,
2200 2141 2531 2194 ilebrmorum
2556 2141 2934 2193 multitudinem
2960 2143 3276 2209 protegebat,
3298 2158 3362 2196 ne

1831 2228 1953 2295 quid
1980 2230 2097 2281 mali
2121 2229 2186 2281 ab
2214 2229 2470 2298 Egyptiis
2498 2239 2760 2297 pateretur
2785 2230 2973 2298 (Exod.
3007 2233 3089 2285 t5.
3120 2232 3181 2284 2t
3209 2234 3225 2300 )
3250 2249 3264 2295 ;
3292 2233 3361 2283 ita

1827 2330 1954 2369 crux
1976 2326 2096 2369 ante
2120 2318 2296 2370 oculos
2324 2320 2427 2369 visa
2449 2333 2652 2369 omnem
2679 2320 2849 2370 statim
2884 2319 3044 2386 abigit
3064 2320 3249 2372 malam
3280 2335 3363 2373 vo-

1831 2404 2095 2469 luptatem.
2128 2405 2247 2458 Hzec
2290 2406 2427 2458 enim
2463 2407 2603 2459 salus
2639 2416 2721 2460 est
2769 2409 2974 2464 animm.
3008 2407 3362 2477 fosdarumque

1827 2494 2357 2560 concupiscentiarum
2383 2496 2587 2549 salubre
2613 2498 2921 2550 antidotum.
2971 2499 3172 2550 Etenim
3202 2499 3348 2552 infir-

1828 2581 2031 2633 mitates
2079 2582 2311 2648 corporis
2350 2582 2668 2636 medicorum
2698 2597 2838 2637 artes
2883 2596 3096 2646 sanant,
3125 2589 3349 2640 animam

1824 2680 1994 2723 autem
2024 2681 2267 2738 agrotam
2289 2681 2470 2725 curant
2494 2676 2667 2726 statim
2686 2674 2887 2742 eloquia
2913 2676 3123 2729 Christi.
3159 2680 3353 2746 Eapro—

1825 2764 1938 2823 pter
1964 2766 2018 2809 et
2043 2772 2133 2810 eos
2164 2758 2250 2826 qui
2286 2769 2587 2824 peccarunt,
2634 2770 2684 2812 et
2720 2762 2886 2814 adlmc
2912 2765 3081 2815 carnis
3108 2767 3346 2818 serviunt

1824 2849 2193 2915 voluptatibus,
2220 2864 2429 2903 oramus
2468 2859 2520 2903 et
2549 2865 2837 2917 precamur,
2888 2864 2942 2904 nt
2970 2855 3269 2908 excitentur
3295 2871 3356 2908 ac

1824 2938 2147 3004 resipiscam,
2189 2954 2253 2990 ne
2295 2940 2504 2991 omnino
2543 2940 2609 2991 ab
2649 2941 3006 2994 affectionibus
3048 2946 3353 3008 vincantur,

1824 3040 1954 3079 neve
1983 3028 2173 3093 impetu
2234 3028 2479 3087 ferantur,
2511 3043 2640 3081 neve
2680 3030 2727 3079 in
2775 3044 3002 3081 amaram
3056 3034 3353 3086 servitutem

1823 3122 2007 3182 sponte
2026 3128 2083 3167 se
2112 3115 2406 3181 subjiciant,
2444 3114 2534 3168 sed
2566 3131 2622 3168 se
2652 3116 2701 3167 in
2735 3118 2846 3169 acie
2868 3129 3151 3186 opponant,
3197 3131 3249 3174 et
3289 3124 3356 3174 ti-

1824 3217 1969 3256 more
1989 3202 2179 3256 Cbristi
2201 3213 2425 3255 mentem
2442 3203 2798 3266 corroborent,
2830 3220 2889 3257 ac
2918 3206 3124 3273 ejiciant
3150 3224 3210 3262 ex
3235 3224 3358 3263 arce

1821 3306 2030 3359 gravem
2060 3291 2323 3344 dominam
2354 3309 2365 3343 :
2400 3300 2451 3343 ut
2489 3291 2685 3358 ahjecta
2714 3293 2852 3344 omni
2887 3296 3086 3347 macula
3109 3337 3122 3359 ,
3152 3306 3201 3348 ct
3232 3312 3356 3365 pec-

1823 3382 2048 3432 cantium
2077 3379 2221 3434 turba
2248 3421 2262 3443 ,
2293 3398 2409 3435 cum
2436 3392 2615 3435 sancta
2641 3392 2691 3434 et
2726 3383 3019 3449 incorrupta
3045 3386 3212 3437 anima
3242 3401 3358 3454 pos-

1822 3473 1984 3522 simus
2029 3470 2277 3524 accedere
2305 3469 2369 3522 ad
2399 3470 2569 3523 divina
2611 3482 2664 3525 et
2706 3473 2989 3528 reverenda
3029 3485 3352 3530 sacramenta

1822 3559 1989 3624 magni
2016 3557 2102 3610 Dei
2121 3566 2173 3609 et
2192 3556 2473 3610 Salvatoris
2489 3558 2609 3611 Jesu
2634 3558 2822 3614 Christi
2855 3580 2865 3613 :
2889 3565 2969 3615 cui
2998 3564 3157 3631 gloria
3190 3578 3239 3618 et
3260 3568 3356 3617 im-

1824 3646 2021 3712 periuin
2052 3646 2101 3698 in
2127 3647 2313 3699 saecula
2335 3647 2658 3700 saeculorum.
2695 3652 2881 3703 Amen.

2631 3763 2784 3775 ~—

978 3862 1343 3923 MONITUM
1392 3861 1467 3918 ΙΝ
1514 3855 1946 3929 SEQUENTIA
1979 3855 2139 3915 DUO
2195 3854 2607 3914 OPUSCULA.

273 3966 398 4024 iizec
430 3970 679 4038 opuscula
710 3969 825 4038 duo
860 3966 908 4019 in
952 3963 1133 4018 latina
1169 3961 1639 4038 interpretatione.
1677 3974 1794 4026 quze
1816 3958 1947 4038 _soia
1999 3953 2974 4038 superest..invcptiouem_tamenjt
3001 3940 3373 4038 velitque-titiam

194 4009 1005 4108 ‘sle‘_'feriint,
1039 4009 1362 4108 omninoqure
1380 4032 1536 4108 digna
1570 4009 1754 4108 sancto
1798 4028 2014 4108 doctore
2032 4009 2189 4108 sun-ta
2219 4014 3377 4108 Aliquidtamensitspiciooiinsgcfg:“hac:

1700 4079 1758 4148 so
1791 4095 1993 4147 Joanne
2016 4101 2199 4143 nostro
2241 4079 2381 4142 edita
2414 4089 2593 4148 fuisse,
2620 4087 2710 4139 sed
2743 4079 2771 4137 a
2822 4081 3068 4151 quopiam
3094 4079 3212 4151 alio.

193 4098 440 4162 non-hoc
466 4098 653 4158 ordine
684 4115 735 4156 et
768 4106 889 4161 ritu.
923 4118 1026 4167 quo
1054 4103 1139 4154 hic
1166 4098 1494 4164 comparent,
1547 4098 1615 4167 ab
1644 4098 1695 4162 ip

3288 4080 3379 4144 qui

1054 4147 1519 4240 Ebiigaiétiﬁi'v'étji.
1547 4147 1685 4240 Utut:
1703 4147 1788 4215 res
1814 4173 1914 4225 est,
1945 4163 2055 4213 luce
2092 4160 2247 4225 digna
2279 4159 2592 4240 planensunt
2617 4170 2732 4223 qua:
2764 4147 3380 4240 Cit—rp'sgstgmiATIR-i‘ne

196 4226 558 4313 publicentur.
594 4242 961 4313 Prtemittimus
998 4248 1173 4292 autem
1204 4236 1629 4313 Admonitiimem
1665 4232 1905 4313 [ιέιίξςψηΔ
1930 4238 2246 4313 ηοςιιόιχιιιῐιΔ

2797 4215 2888 4288 qui
2918 4218 3222 4288 Editionem
3237 4215 3381 4288 Ope-

198 4286 1421 4379 “A-ug-u-stin-i"curatve—rimi:tit—serto
1448 4298 1613 4355 Tomo
1646 4316 1697 4369 p.
1728 4300 1831 4354 259
1859 4310 1913 4353 et
1950 4314 2093 4365 seqq.
2141 4298 2253 4349 inec
2276 4294 2527 4363 opuscula
2557 4286 2859 4353 ediderunt,
2894 4296 3054 4354 atque
3083 4286 3184 4339 hoc
3211 4286 3383 4341 Moni-

201 4389 319 4433 tum
347 4380 717 4446 prtemiserunt
750 4396 762 4429 :

873 4446 956 4498 isti
990 4446 1094 4498 duo
1126 4444 1175 4496 in
1212 4452 1389 4496 vetere
1418 4438 1725 4492 Corbeiensi
1760 4437 1957 4490 Codice
1977 4446 2099 4488 ante
2122 4434 2282 4501 mille,
2308 4440 2365 4484 nt
2392 4432 2620 4501 videtur,
2655 4442 2824 4501 annos
2851 4423 3137 4501 descripto,
3169 4423 3377 4501 primus

198 4518 417 4586 quidem
464 4518 625 4569 hocce
654 4516 808 4586 titulo
856 4524 1177 4586 przrnotatus
1217 4530 1229 4563 :

1272 4494 1454 4577 Incipit
1499 4523 1664 4559 sermo
1696 4507 1861 4577 sancti
1886 4506 2111 4577 Joannis
2146 4505 2206 4577 tle
2235 4499 2591 4577 Consolqtione
2642 4496 2837 4577 mortis.
2890 4494 3177 4577 biec‘undus‘
3203 4500 3382 4577 autem

856 4560 1191 4648 'EJn'j'iiit'Eiiis
1218 4560 1430 4654 absqtie
1472 4577 1646 4637 titulo,
1692 4574 1930 4653 nihilque
1973 4573 2112 4624 aliud
2142 4572 2201 4650 in
2233 4560 3382 4654 fine|habens-nisi,nfdgpfic‘itzieufiestﬂrﬁ:

202 4658 394 4707 ctione.

878 4628 1187 4702 genii};
1217 4628 1566 4714 tertiaparte,
1596 4628 1696 4709 qua
1730 4643 1780 4694 in
1812 4628 1937 4714 ante
1968 4640 2185 4714 excusis
2218 4637 2451 4692 carebat.
2504 4633 2709 4711 auctior
2753 4628 2896 4683 nunc
2939 4630 3167 4714 primum
3193 4628 3383 4714 pendit

883 4696 1183 4783 ctenim—arvi
1220 4696 1627 4783 iieaiqttepars'
1649 4710 2137 4783 recapitulationem
2174 4719 2507 4783 eorum_qua:
2540 4702 2591 4753 in
2633 4699 2807 4783 primo
2831 4696 3243 4783 sermonedicta
3265 4696 3382 4783 ine:

200 4764 640 4852 Fﬁn'ﬁ"56.iiin2i,'
902 4764 1626 4852 ab]?'hiéénis'ﬁi'gdm'enns
1668 4779 1731 4852 ad
1762 4764 1861 4852 hoc
1907 4775 2221 4852 opusculum
2252 4764 2518 4850 pertinere
2546 4764 3185 4852 cog'nlosci‘tur.'§oanneui
3220 4777 3384 4852 post}:

199 4835 1164 4922 i133'auina'qnéri'cii'rfsdéio‘nioiii
1179 4835 1261 4905 in
1282 4835 1458 4922 froiite
1478 4848 1741 4922 sermonis
1764 4846 1919 4922 primi
1948 4835 2278 4922 designatum
2330 4835 2631 4922 opiparaan
2664 4836 2861 4922 Confer

206 4900 1160 4980 21"i.;"'i"'c0‘.t'i'si1;."insiliat;
1193 4900 1318 4974 ﬂii
1337 4900 1571 4979 'e'corx,
1615 4924 1668 4968 et
1698 4914 1738 4967 ti

1827 4914 1975 4967 tiliam
2016 4900 2092 4964 tit"
2114 4913 2167 4964 in
2195 4900 2677 4973 Joan.,'liomiliam
2721 4906 2951 4971 denique
2980 4902 3009 4951 7
3037 4902 3100 4954 ad
3134 4900 3383 4968 populum

202 4994 622 5049 Antiochenam.
658 5001 761 5044 etc.
805 5022 820 5041 .

284 5108 2120 5134 _______________________

1062 5186 1195 5253 DE
1249 5176 2033 5253 CONSOLATIONE
2083 5172 2505 5243 MOBTIS.

1501 5306 1762 5368 SERMO
1803 5303 2105 5364 PRIMUS.

279 5419 333 5472 Ι.
390 5416 626 5471 Praebete
679 5414 962 5475 silentium,
1006 5411 1223 5475 fratres,
1270 5427 1333 5465 ne
1384 5424 1476 5463 vos
1518 5415 1746 5463 transeat

204 5522 385 5564 sermo
414 5508 553 5560 utilis
580 5516 633 5560 et
652 5508 700 5560 in
724 5515 960 5575 tempore
982 5505 1323 5558 necessarius.
1354 5504 1479 5557 Nam
1510 5514 1631 5556 tunc
1658 5501 1741 5554 vel

202 5598 436 5656 maxime
480 5612 612 5665 opus
653 5608 734 5652 est
771 5598 1043 5660 medicina,
1072 5594 1279 5663 quando
1303 5597 1473 5662 gravis
1507 5593 1748 5648 nascitur

198 5686 462 5757 aegritudo
485 5702 496 5737 :
520 5696 572 5740 ct
595 5696 715 5740 tunc
732 5688 956 5741 sollicite
977 5685 1249 5753 collyrium
1273 5683 1619 5737 adhibendum
1640 5689 1741 5749 est,

1850 5419 1966 5457 cum
2002 5403 2154 5455 luerit
2194 5400 2376 5453 oculus
2401 5398 2582 5453 dolore
2608 5398 2863 5453 turbatus.
2894 5398 3215 5467 Quicumque
3260 5414 3383 5467 ergo

1848 5513 1951 5552 non
1984 5498 2138 5552 habet
2167 5498 2303 5550 hunc
2331 5496 2585 5560 dolorem,
2619 5512 2722 5550 non
2763 5498 3048 5561 obstrepat,
3078 5498 3167 5550 sed
3214 5500 3385 5562 potius

1852 5590 2061 5651 audiat,
2094 5590 2212 5656 quia
2253 5602 2355 5641 non
2386 5588 2601 5654 impedit
2649 5604 2831 5641 sanum
2882 5591 3017 5642 scire
3072 5590 3384 5643 medicinam

1856 5693 1972 5747 quae
1998 5678 2175 5746 prosit.
2205 5677 2303 5743 Qui
2329 5690 2452 5730 vero
2470 5688 2568 5746 per
2588 5674 2724 5731 hunc
2743 5692 2921 5732 casum
2951 5676 3207 5729 turbatum
3234 5678 3387 5732 habet
