4000 6220
647 348 757 402 295

651 440 858 495 oculum
891 442 1102 506 mentis,
1134 447 1187 493 et
1210 438 1478 494 doloribus
1501 438 1782 503 cruciatur,
1813 438 1976 506 magis
2019 438 2189 490 inten-

654 542 734 583 tus
769 529 836 583 sit
877 537 934 583 ut
974 529 1170 597 aperiat
1197 529 1403 581 oculum
1445 527 1508 580 ad
1538 526 1922 593 suscipiendum
1949 524 2188 578 salutaris

654 618 795 671 verbi
839 618 1111 686 collyrium
1135 657 1151 681 ,
1181 632 1284 684 quo
1309 630 1410 668 non
1439 615 1604 668 solum
1637 615 2064 677 consolationem,
2092 615 2186 668 sed

651 702 806 760 etiam
845 708 1133 761 remedium
1181 714 1544 772 consequatur.
1591 705 1800 757 Certum
1847 714 1926 758 est
1971 713 2182 760 autem.

650 797 768 863 quia
793 796 836 849 is
865 797 952 862 qui
981 795 1121 847 dolet
1165 795 1392 857 oculum,
1433 793 1475 846 si
1502 807 1618 846 eum
1648 791 1848 844 medico
1897 791 2184 846 infundenti

649 883 916 952 collyrium
965 882 1168 950 aperire
1212 881 1472 943 noluerit,
1522 879 1791 948 collyrium
1821 879 2029 946 quidem
2057 879 2184 933 foris

649 981 797 1026 extra
825 973 1067 1040 pupillam
1095 971 1344 1034 funditur,
1384 970 1565 1024 oculus
1605 985 1728 1022 vero
1757 979 1992 1024 remanet
2014 971 2065 1024 in
2085 971 2184 1024 do-

651 1062 763 1116 lore
790 1078 808 1114 :
833 1063 908 1114 sic
930 1069 984 1115 et
1009 1075 1154 1115 mens
1179 1059 1421 1124 dolentis,
1454 1060 1499 1113 si
1530 1069 1742 1127 propter
1770 1060 1981 1113 nimiam
2011 1061 2181 1114 tristi~

645 1150 772 1201 tiam
794 1149 953 1201 verbo
983 1163 1040 1202 se
1063 1148 1326 1211 clauserit,
1364 1163 1464 1200 non
1499 1155 1705 1214 recepta
1737 1147 1928 1201 salubri
1952 1149 2182 1200 admoni-

644 1237 806 1299 tione,
833 1235 1040 1302 incipiet
1069 1235 1182 1304 plus
1218 1234 1415 1299 dolere,
1442 1242 1494 1288 et
1513 1234 1722 1287 forsitan
1749 1235 1852 1302 pati
1883 1234 2007 1288 illud
2044 1235 2179 1303 quod

650 1326 704 1380 in
733 1325 998 1394 Scriptura
1027 1325 1323 1378 continetur
1350 1364 1364 1387 ,
1401 1324 1535 1390 Quia
1556 1325 1752 1378 tristitia
1786 1325 1954 1378 mundi
1977 1335 2181 1379 mortem

641 1425 877 1484 operatur
902 1413 988 1484 (ἰ.
1019 1413 1134 1468 Cor.
1160 1416 1213 1468 7.
1267 1414 1332 1468 10
1445 1415 1635 1469 Beatus
1661 1415 1852 1470 Paulus
1893 1415 2178 1483 apostolus,

648 1505 875 1559 fidelium
904 1504 1087 1557 doctor
1111 1543 1126 1568 ,
1169 1502 1402 1557 medicus
1443 1503 1706 1567 salutaris,
1731 1503 1862 1556 duas
1886 1517 2002 1558 esse
2053 1503 2182 1556 dixit

643 1593 884 1645 trlstitias
916 1611 930 1644 :
979 1605 1133 1644 unam
1173 1590 1383 1654 bonam,
1438 1600 1490 1642 ct
1511 1591 1726 1642 alteram
1756 1591 1982 1655 malam;
2021 1605 2178 1644 unam

644 1683 842 1744 utilem,
865 1691 917 1735 et
936 1682 1152 1734 alteram
1181 1681 1444 1744 inutilem;
1478 1696 1633 1733 unam
1661 1696 1775 1749 quas
1804 1682 1989 1748 salvat,
2017 1692 2070 1736 et
2097 1682 2178 1735 al-

650 1779 817 1825 teram
853 1785 968 1838 quze
1011 1769 1198 1838 perdit.
1228 1768 1291 1822 Et
1317 1783 1382 1822 ne
1417 1768 1627 1822 dubium
1667 1769 1820 1823 alicui
1857 1770 2092 1825 videatur
2126 1771 2178 1826 id

646 1861 783 1929 quod
811 1861 946 1922 dico,
991 1859 1099 1928 ipsa
1134 1859 1247 1926 ejus
1271 1858 1427 1912 verba
1466 1858 1718 1911 recitabo.
1753 1859 1836 1912 Ait
1864 1861 2026 1925 enim,
2053 1860 2178 1925 Qua

637 1949 909 2002 secundum
928 1947 1086 2000 Deum
1101 1957 1170 2000 est
1199 1949 1413 2010 tristitia,
1436 1948 1766 2015 panitentiam
1793 1948 1842 2000 in
1859 1949 2064 2001 salutem
2083 1960 2176 2003 sta-

633 2039 780 2091 bilem
807 2048 1037 2105 operatur
1087 2036 1270 2106 (lbid.)
1318 2037 1469 2091 :haec
1513 2046 1592 2091 est
1637 2039 1722 2090 illa
1767 2039 1901 2092 bona
1947 2041 2170 2095 tristitia.

636 2127 878 2194 Sequitur
914 2125 1100 2180 deinde
1129 2143 1140 2177 :
1173 2125 1308 2178 Nam
1360 2128 1528 2180 saculi
1557 2128 1705 2195 hujus
1733 2128 1929 2182 tristitia
1968 2141 2173 2184 mortem

633 2223 868 2280 veperatur
889 2229 907 2266 :
927 2213 1037 2266 hanc
1063 2222 1144 2266 est
1165 2214 1245 2265 illa
1273 2215 1424 2268 mula.

709 2302 764 2354 Ξ.
797 2301 982 2354 Luctus
1007 2318 1074 2353 an
1108 2303 1280 2369 prosit,
1305 2318 1469 2355 necne.
1497 2303 1774 2356 Videamus
1796 2319 1941 2372 ergo,
1963 2303 2167 2369 fratres,

637 2393 736 2447 ista
763 2391 962 2446 tristitia
987 2405 1102 2460 quae
1129 2405 1270 2444 nunc
1290 2399 1373 2445 cst
1393 2391 1444 2444 in
1472 2393 1728 2455 manibus,
1752 2407 1867 2460 quat
1902 2407 2036 2447 nunc
2059 2394 2170 2462 agi-

632 2488 719 2534 tur
743 2479 794 2532 in
823 2489 1046 2548 pectore,
1078 2489 1132 2534 et
1175 2479 1379 2533 auditur
1397 2494 1525 2534 voce
1545 2521 1558 2544 ,
1591 2481 1731 2534 utilis
1753 2480 1822 2534 sit
1859 2497 1924 2535 an
1952 2483 2166 2549 inutilis,

634 2570 880 2638 prodesse
905 2569 1072 2623 valeat
1089 2584 1155 2622 an
1179 2583 1389 2623 nocere.
1410 2568 1686 2623 Jacetecce
1706 2583 1892 2638 corpus
1909 2571 2160 2637 exanime,

631 2660 770 2727 jacet
796 2661 847 2712 in
885 2659 1056 2713 tabula
1092 2657 1249 2711 homo
1296 2657 1409 2712 sine
1451 2657 1661 2711 homine
1690 2697 1702 2720 ,
1737 2659 1966 2712 membra
1994 2660 2168 2728 utique

633 2750 747 2802 sine
784 2749 1006 2816 spiritu;
1035 2748 1287 2801 clamatur
1311 2789 1325 2812 ,
1371 2763 1469 2802 nec
1499 2749 1812 2815 respondet;
1844 2757 2054 2801 vocatur
2077 2788 2092 2814 ,
2116 2758 2169 2802 et

637 2851 743 2890 non
765 2836 944 2901 audit;
972 2837 1111 2903 jacet
1159 2836 1312 2890 facies
1341 2837 1548 2904 pallida,
1600 2837 1764 2888 forma
1806 2845 2023 2900 mutata,
2076 2852 2168 2904 per

633 2942 787 2995 quam
815 2943 952 2980 mors
979 2927 1088 2996 ipsa
1117 2927 1346 2981 cernitur
1364 2929 1473 2996 (a);
1499 2928 1752 2996 cogitatur
1776 2938 2026 2996 prmterea
2050 2928 2163 2996 ejus

633 3023 940 3084 perpetuum
988 3016 1248 3069 silentium
1277 3056 1290 3078 ,
1322 3017 1578 3084 cogitatur
1603 3017 1896 3081 delectatio,
1927 3027 2018 3072 aut
2049 3035 2164 3086 qua:

634 3102 746 3166 fuit,
775 3113 860 3155 aut
891 3118 1008 3169 qua:
1039 3102 1206 3156 futura
1230 3114 1343 3156 erat
1364 3104 1588 3167 utilitas;
1616 3105 1906 3173 cogitantur
1931 3107 2160 3159 necessi-

633 3201 787 3256 tates,
824 3192 1042 3244 veniunt
1093 3193 1144 3244 in
1188 3201 1414 3245 mentem
1461 3193 1616 3246 verba
1645 3195 1939 3247 dulcissima
1966 3235 1980 3259 ,
2011 3197 2162 3263 longa

631 3282 956 3336 consuetudo
995 3281 1294 3348 requiritur.
1356 3281 1477 3334 Hmc
1523 3291 1643 3334 sunt
1683 3283 1795 3335 sine
1837 3282 1995 3335 dubio
2048 3300 2164 3351 quzn

628 3379 837 3425 movent
878 3372 1150 3439 lacrymas,
1200 3371 1414 3422 incitant
1441 3369 1723 3434 ululatum,
1757 3380 1808 3423 et
1837 3380 1998 3423 totum
2042 3371 2160 3424 ani-

627 3461 846 3526 mumin
861 3460 1181 3528 profundam
1194 3458 1461 3515 tristitiam
1479 3460 1802 3528 demergunt.
1834 3461 2026 3515 Contra
2053 3461 2163 3516 ha'c

625 3560 729 3604 tam
755 3551 951 3616 valida,
982 3560 1083 3603 tam
1119 3546 1272 3602 fortia
1321 3550 1515 3604 doloris
1540 3565 1682 3603 arma
1725 3551 1848 3604 illud
1879 3553 2045 3619 primo
2087 3552 2160 3622 (b)

627 3641 857 3694 omnium
909 3640 1273 3708 opponendum
1296 3647 1393 3702 est,
1419 3641 1534 3706 quia
1563 3654 1714 3693 omne
1733 3681 1747 3705 ,
1774 3641 1909 3709 quod
1937 3644 2163 3696 nascitur

625 3730 676 3783 in
708 3731 805 3784 hoc
830 3729 1042 3795 mundo,
1060 3743 1272 3784 necesse
1287 3739 1366 3784 est
1389 3730 1540 3782 mori.
1569 3729 1690 3784 llaec
1706 3732 1935 3784 estenim
1962 3733 2041 3785 lex
2075 3733 2160 3786 Dei

621 3825 674 3871 et
698 3819 947 3872 sententia
973 3819 1323 3884 immutabilis,
1346 3833 1497 3887 quam
1523 3829 1637 3886 post
1657 3818 1896 3872 delictum
1926 3821 2162 3887 princeps

621 3911 828 3979 generis
882 3911 1088 3964 humani
1134 3911 1329 3977 accepit
1354 3950 1367 3972 ,
1414 3909 1616 3963 dicente
1648 3909 1752 3963 Deo
1785 3950 1797 3972 ,
1827 3908 1982 3961 Terra
2008 3927 2075 3973 es,
2116 3921 2161 3964 et

619 4000 670 4050 in
709 4009 891 4052 terram
916 4001 1005 4051 ibis
1031 3998 1181 4068 (Gen.
1227 3999 1279 4051 ὅ.
1313 3999 1432 4066 l9).
1471 3998 1600 4064 Quid
1625 4013 1748 4066 ergo
1769 4000 1884 4051 novi
1912 4001 2158 4067 contigit,

620 4087 662 4138 si
690 4088 844 4138 homo
872 4086 934 4138 ad
960 4087 1066 4144 hoc
1093 4094 1240 4138 natus
1269 4086 1452 4137 divina:
1483 4087 1580 4152 legi
1611 4101 1671 4138 ac
1701 4088 1970 4140 sententia:
2003 4089 2157 4142 satis-

622 4173 915 4239 fecitiquid
947 4173 1064 4224 novi
1092 4173 1298 4233 accidit.
1317 4174 1360 4225 si
1381 4189 1441 4226 ex
1467 4173 1765 4225 mortalibus
1795 4185 1942 4226 natus
1963 4185 2159 4230 natura:

624 4263 867 4330 proprias,
893 4265 1010 4330 quia
1041 4279 1136 4317 nec
1167 4270 1368 4332 poterat
1388 4278 1636 4318 excusare
1660 4303 1672 4325 ,
1710 4264 2014 4330 respondit?
2046 4264 2156 4318 Non

624 4360 706 4404 est
733 4352 1027 4405 inusitatum
1057 4353 1193 4421 quod
1213 4355 1475 4421 antiquum
1506 4363 1614 4416 est,
1648 4367 1748 4405 non
1765 4361 1841 4404 est
1871 4352 2156 4406 inauditum

620 4438 758 4506 quod
793 4441 1154 4507 quotidianum
1176 4452 1277 4505 est,
1313 4455 1413 4493 non
1439 4452 1515 4494 est
1543 4439 1804 4508 proprium
1847 4439 1982 4508 quod
2010 4455 2157 4492 eom-

623 4543 781 4581 mune
823 4537 920 4580 est.
972 4527 1024 4582 Si
1079 4541 1203 4581 avos
1245 4539 1296 4582 et
1350 4545 1566 4596 proavos
1611 4530 1846 4583 novimus
1886 4545 1977 4598 per
2025 4530 2158 4584 hanc

626 4617 759 4668 viam
783 4617 963 4669 mortis
989 4618 1246 4683 profectos
1277 4658 1290 4681 ,
1325 4619 1369 4670 si
1400 4620 1537 4685 ipsos
1583 4617 1805 4686 denique
1835 4619 2156 4687 patriarchas

615 4715 670 4760 ct
722 4705 996 4774 preplietas
1021 4707 1085 4760 ab
1112 4707 1274 4760 Adam
1316 4707 1631 4776 prot0plasto
1671 4723 1771 4761 non
1815 4709 1926 4762 sine
1968 4723 2156 4763 occasu

618 4795 909 4848 audivimus
937 4796 1184 4863 migrasse
1205 4796 1268 4848 de
1294 4797 1502 4858 saeculo,
1532 4797 1794 4850 elcvemus
1820 4798 2048 4851 animum
2086 4797 2153 4852 de

622 4884 878 4952 profundo
908 4885 1128 4937 tristititc
1155 4903 1167 4938 :
1199 4886 1315 4952 quia
1338 4885 1472 4952 quod
1515 4885 1755 4950 debebat,
1782 4887 1880 4940 hoc
1906 4888 2146 4943 reddidit.

618 4972 682 5024 Et
709 4972 884 5038 utique
909 4971 1134 5024 debitum
1154 4988 1268 5024 cum
1292 4972 1546 5034 redditur,
1571 4987 1722 5039 quam
1748 4983 1918 5040 potest
1959 4976 2148 5032 habere

617 5059 877 5111 tristitiam
903 5057 926 5108 τ
969 5056 1082 5109 lloc
1105 5067 1186 5111 est
1221 5072 1339 5111 vere
1363 5057 1591 5111 debitum
1611 5099 1624 5121 ,
1653 5061 1787 5127 quod
1819 5062 1954 5114 nulla
1983 5073 2152 5130 potest

617 5149 834 5216 pecunia
865 5147 1088 5201 redimi:
1129 5147 1227 5201 hoc
1254 5158 1332 5201 est
1357 5148 1586 5201 debitum
1611 5190 1624 5213 ,
1682 5150 1817 5217 quod
1850 5166 1944 5204 nec
1987 5152 2151 5205 virtus

617 5245 846 5302 excusat,
878 5252 976 5290 nec
1002 5237 1273 5305 sapientia,
1292 5252 1387 5290 nec
1415 5247 1660 5305 potestas,
1687 5254 1782 5292 nec
1809 5240 1900 5306 ipsi
1931 5240 2151 5308 denique

611 5340 762 5395 reges
814 5335 1063 5392 poterunt
1105 5325 1388 5380 declinare.
1447 5327 1604 5381 Plane
1655 5327 1892 5382 hortarer
1947 5343 2042 5397 ego
2094 5337 2150 5383 ut

670 5438 741 5557 (αὲ
775 5443 905 5499 Post,
925 5448 1146 5498 cemitur,
1166 5439 1352 5500 quidam
1375 5439 1488 5486 ιζᾶίιί
1510 5439 1700 5494 addunt,
1725 5448 1768 5487 et
1791 5440 2024 5488 horretur.

671 5499 714 5557 (ὁ
769 5498 885 5551 Edili
912 5501 1106 5557 quinm,
1130 5508 1249 5557 post.
1276 5498 1451 5547 doloris
1473 5512 1622 5552 arma,
1664 5500 1839 5556 ferunt,
1864 5499 2024 5557 spiritu

671 5498 736 5604 Σὺ)
769 5498 1106 5565 πλιίιίηιιίιιω,
1130 5498 1249 5566 post.
1276 5498 1451 5547 doloris
1473 5512 1622 5552 arma,
1664 5500 1839 5556 ferunt,
1864 5499 2149 5560 spiritalibus

700 5570 827 5604 emus
839 5559 1292 5604 arnmrinfmadtis.
1324 5559 1442 5604 Illud
1466 5571 1591 5604 eruo.
1620 5569 1710 5604 etc.

608 5557 827 5606 debemus
839 5557 1292 5622 arttlttt‘tpftétitdiis.
1324 5559 1442 5607 Illud
1466 5571 1591 5618 ergo,
1620 5569 1710 5607 etc.

1343 333 1398 386 S.
1436 330 1704 386 JOANNIS
1737 324 2198 384 CHRYSOSTOMI
2233 325 2540 382 ARCHIEP.
2581 327 3096 384 CONSTANTINOP.

3739 351 3846 403 296

2285 447 2504 502 augeres
2528 435 2789 489 tristitiam
2819 477 2834 501 ,
2862 437 2906 490 si
2935 437 3119 492 fuisset
3147 439 3262 492 talis
3291 455 3394 503 res,
3424 457 3540 510 qua:
3561 457 3683 498 cum
3713 460 3831 513 pos-

2287 531 2368 576 set
2397 531 2483 578 tua
2507 524 2792 578 substantia
2821 526 3027 590 redimi,
3045 527 3127 581 vel
3153 527 3370 594 dillerri,
3392 531 3707 600 negligentia
3735 543 3828 587 aut

2289 611 2538 677 parcitate
2559 612 2902 678 provenisset.
2927 613 3056 665 Cum
3076 629 3200 668 vero
3223 615 3313 668 Dei
3333 616 3598 672 decretum
3620 620 3824 673 firmum

2287 697 2355 749 sit
2405 707 2456 751 et
2507 698 2873 764 immutabile,
2930 699 3120 753 frustra
3172 701 3428 766 dolemus.
3475 713 3528 759 et
3569 706 3635 760 de
3675 709 3826 762 nobis

2287 788 2565 855 quaerimus
2591 803 2754 856 quare
2781 789 2848 841 sit
2873 798 3129 853 mortuus,
3159 804 3278 844 cum
3319 794 3567 860 scriptum
3594 795 3680 858 sit,
3714 796 3824 850 Do-

2287 875 2407 926 mini
2451 873 2543 928 Det'
2569 886 2685 928 sunt
2713 878 2870 929 exitus
2917 880 3087 932 mortis
3113 877 3282 946 (Psal.
3304 879 3389 932 67.
3419 882 3478 935 2|
3509 883 3546 950 ).
3579 883 3679 937 Ista
3701 900 3826 955 ergo

2286 966 2577 1016 communis
2606 963 2724 1016 vitae
2777 965 3008 1019 conditio
3035 967 3077 1019 si
3119 969 3396 1036 recipiatur
3419 971 3469 1022 in
3518 974 3712 1038 animo,
3743 977 3822 1029 in-

2286 1051 2441 1120 cipiet
2478 1061 2720 1120 gravatus
2758 1052 2932 1106 cordis
2960 1054 3160 1119 oculus,
3186 1057 3331 1122 quasi
3373 1058 3535 1125 prima
3567 1061 3823 1118 inlusione

2283 1140 2452 1194 releva
2461 1141 2523 1194 ri'.

2350 1228 2404 1282 5.
2429 1227 2610 1282 Luctus
2651 1229 2831 1282 nimius
2871 1247 2901 1282 a
2937 1233 3128 1284 ratione
3153 1234 3341 1287 alienus
3365 1237 3604 1306 etiamque
3626 1242 3822 1306 pericu-

2284 1317 2437 1369 losus.
2464 1346 2533 1357 —
2558 1317 2660 1370 Sed
2706 1318 2854 1382 dicis,
2883 1321 2991 1373 scio
3030 1335 3356 1376 communem
3398 1340 3513 1380 esse
3551 1327 3686 1381 hunc
3731 1344 3820 1382 ca-

2285 1417 2427 1468 sum;
2458 1406 2568 1459 scio
2593 1405 2711 1474 quia
2737 1407 2801 1472 is,
2831 1407 2917 1474 qui
2945 1418 3180 1463 mortuus
3206 1420 3286 1464 est
3311 1451 3326 1476 ,
3357 1412 3590 1468 debitum
3630 1417 3817 1480 solvit;

2282 1493 2373 1547 sed
2393 1494 2788 1550 delectationem
2809 1501 2998 1567 cogito,
3028 1503 3360 1555 necessitates
3381 1513 3576 1572 repeto,
3597 1521 3790 1562 censue
3807 1537 3820 1549 -

2282 1582 2509 1636 tudinem
2554 1584 2782 1651 requiro.
2821 1586 2875 1640 Si
2917 1597 3126 1655 propter
3173 1589 3284 1643 hmc
3323 1592 3530 1646 tristitia
3571 1594 3818 1660 afficeris,

2279 1684 2459 1725 errore
2496 1671 2701 1726 duceris
2727 1713 2740 1736 ,
2766 1688 2876 1727 non
2907 1677 3108 1731 ratione
3143 1679 3470 1746 gubernaris.
3495 1681 3640 1738 Scire
3680 1686 3818 1739 enim

2279 1756 2459 1822 debes,
2490 1760 2606 1827 quia
2658 1761 2908 1816 Dominus
2935 1803 2948 1827 ,
2982 1767 3070 1833 qui
3114 1765 3249 1821 hanc
3274 1769 3489 1824 dederat
3514 1771 3818 1828 delectatio-

2280 1863 2419 1914 nem,
2445 1847 2571 1904 dare
2594 1859 2764 1919 potest
2800 1861 2852 1907 et
2875 1854 3028 1908 aliam
3058 1858 3309 1924 potiorem
3335 1901 3348 1925 ,
3381 1871 3431 1914 et
3452 1865 3538 1931 qui
3565 1865 3656 1918 tibi
3682 1865 3816 1921 hanc

2278 1935 2448 1990 intulit
2474 1940 2858 2007 necessitatem,
2891 1942 3159 1999 sufficiens
3183 1956 3260 2000 est
3287 1963 3378 2014 per
3402 1951 3557 2005 aliam
3587 1956 3818 2010 occasio-

2279 2041 2397 2080 nem
2449 2029 2710 2097 supplere.
2764 2031 3045 2087 Utilitatem
3073 2035 3087 2065 ¹
3122 2051 3243 2090 vero
3267 2077 3282 2102 ,
3313 2040 3443 2092 sicut
3472 2050 3610 2094 tuam
3645 2044 3811 2110 vides,

2275 2113 2433 2169 debes
2449 2125 2500 2170 et
2527 2118 2638 2186 ejus
2665 2119 2753 2188 qui
2794 2120 3069 2176 defunctus
3093 2133 3172 2178 est
3212 2128 3441 2194 cogitare
3475 2147 3487 2182 :
3518 2133 3638 2199 quia
3664 2133 3741 2186 sic
3767 2135 3816 2189 ei

2274 2204 2487 2260 forsitan
2529 2209 2855 2277 expediebat,
2885 2212 3020 2266 sicut
3060 2215 3309 2281 scriptum
3339 2226 3453 2270 est:
3484 2219 3679 2288 Raptus
3721 2232 3812 2278 est.

2274 2307 2334 2344 ne
2355 2293 2543 2345 malitia
2569 2305 2776 2349 mutaret
2831 2299 2939 2364 eius
2975 2301 3290 2357 intellectum.
3321 2303 3520 2360 Placita
3557 2310 3687 2362 enint
3711 2322 3814 2364 erat

2272 2377 2378 2433 Deo
2401 2383 2566 2435 anima
2590 2385 2716 2452 ejus,
2739 2386 2946 2454 ideoque
2988 2393 3264 2458 properavit
3292 2393 3352 2446 de
3376 2396 3537 2448 media
3563 2399 3814 2468 iniquitate

2271 2471 2474 2525 educere
2494 2489 2603 2526 eum
2630 2475 2779 2545 (Sap.
2805 2480 2858 2533 4.
2889 2479 2970 2531 ll.
3002 2480 3110 2549 14).
3140 2483 3210 2537 De
3241 2488 3612 2543 consuetudine
3640 2503 3812 2546 autem

2270 2557 2392 2626 quid
2437 2558 2626 2626 dicam,
2671 2579 2824 2631 quam
2864 2565 2987 2619 dum
3018 2573 3260 2638 tempus'
3286 2574 3361 2626 sic
3385 2576 3506 2630 facit
3551 2577 3807 2643 oblivisci,

2273 2653 2328 2698 ut
2385 2661 2663 2716 numquam
2718 2648 2880 2707 fuisse
2926 2655 3202 2710 videatur?
3243 2661 3389 2724 Quod
3439 2677 3564 2733 ergo
3609 2675 3811 2735 tempus

2272 2744 2480 2800 przcstat
2523 2747 2574 2791 et
2627 2739 2759 2804 dies,
2796 2745 2958 2796 multo
3005 2748 3168 2813 magis
3211 2749 3368 2802 debet
3410 2755 3540 2806 ratio
3593 2766 3646 2808 et
3675 2757 3809 2811 bona

2275 2833 2522 2889 prtestare
2550 2830 2814 2894 cogitatio.
2850 2830 2916 2883 Et
2944 2832 3027 2886 vel
3059 2833 3182 2887 illud
3213 2840 3436 2891 maxime
3476 2843 3805 2910 cogitandum

2273 2921 2372 2976 est,
2404 2914 2543 2980 quod
2589 2915 2762 2969 divina
2805 2932 2898 2985 per
2924 2921 3227 2988 Apostolum
3258 2929 3511 2980 sententia
3541 2931 3802 2997 diflinivit,

2271 3000 2412 3091 Quia,
2425 3003 2620 3056 tristitia
2658 3006 2828 3057 mundi
2874 3017 3076 3060 mortem
3103 3023 3331 3078 operatur
3357 3015 3427 3083 (2.
3457 3017 3570 3071 Cor.
3600 3020 3651 3071 7.
3683 3021 3802 3091 l0).

2268 3090 2416 3154 Quod
2467 3093 2511 3145 si
2560 3101 2661 3146 tam
2704 3093 2996 3160 oblectatio,
3030 3112 3184 3165 quam
3213 3103 3401 3156 utilitas
3425 3121 3669 3173 praesens.
3693 3090 3806 3164 sive

2266 3181 2585 3235 consuetudo
2607 3221 2621 3244 ,
2651 3197 2736 3236 res
2764 3183 2942 3238 mundi
2983 3197 3104 3241 sunt
3132 3197 3184 3242 et
3204 3193 3386 3258 gaudia
3413 3196 3584 3248 saeculi
3617 3200 3804 3251 transi-

2268 3269 2418 3333 toria,
2467 3282 2680 3340 propter
2731 3273 2843 3328 htnc
2891 3277 3121 3330 animum
3173 3281 3419 3348 dejicere,
3469 3294 3520 3338 et
3565 3288 3801 3352 spiritum

2267 3361 2579 3426 contristari,
2612 3363 2728 3418 vide
2753 3379 2820 3419 ne
2859 3367 2928 3420 sit
2957 3384 3077 3423 vere
3125 3373 3387 3426 mortifera
3415 3375 3671 3430 valetudo.
3699 3377 3804 3432 Ile-

2268 3459 2450 3516 pctens
2477 3461 2648 3504 autem
2684 3453 2871 3508 iterum
2899 3467 3053 3526 atque
3083 3459 3270 3513 iterum
3304 3462 3471 3515 dicam
3502 3481 3514 3516 :
3557 3464 3684 3530 Quia
3713 3469 3804 3518 tti-

2263 3537 2395 3589 stitia
2440 3541 2611 3592 mundi
2645 3553 2849 3595 mortem
2901 3558 3133 3614 operatur
3163 3548 3365 3620 (Ibid).
3409 3552 3577 3619 Quare
3623 3563 3799 3608 autem

2265 3635 2482 3679 mortem
2536 3633 2815 3697 operatur?
2867 3633 2996 3699 Quia
3049 3637 3186 3690 solet
3235 3639 3393 3692 nimia
3439 3641 3644 3696 tristitia
3709 3653 3802 3697 aut

2262 3712 2325 3766 ad
2349 3715 2728 3773 dubitationem
2749 3759 2765 3785 ,
2792 3729 2882 3774 aut
2903 3722 2968 3775 ad
2993 3724 3334 3790 perniciosam
3357 3727 3640 3796 perducere
3666 3730 3799 3784 blas-

2265 3803 2546 3870 phetniam.

2332 3894 2383 3946 4.
2415 3893 2598 3948 Luctus
2623 3898 2683 3951 iis
2709 3900 2791 3966 qui
2833 3910 2945 3952 ante
2969 3899 3214 3956 Christum
3245 3905 3422 3959 licitus.
3455 3907 3556 3960 Cur
3576 3907 3798 3962 Christus

2261 3979 2446 4046 fleverit
2473 3981 2738 4036 Lazarum.
2767 3985 2958 4056 Lugere
2980 3999 3194 4043 mortuos
3212 3994 3323 4060 jam
3352 4011 3448 4046 non
3477 3995 3677 4047 licet.—-
3696 3997 3797 4052 Sed

2261 4066 2400 4122 dicet
2425 4070 2610 4139 aliquis
2635 4089 2647 4123 :
2671 4073 2922 4129 Prohibes
2952 4077 3129 4145 lugere
3157 4090 3421 4145 mortuos,
3458 4095 3575 4135 cum
3613 4094 3664 4138 et
3704 4101 3796 4153 pa-

2262 4157 2499 4213 triarcha:
2542 4161 2726 4229 plorati
2770 4175 2910 4228 sunt,
2956 4175 3009 4218 et
3053 4165 3254 4234 Moyses
3302 4169 3386 4222 ille
3426 4170 3644 4226 famulus
3675 4174 3792 4238 Dei,

2259 4253 2313 4297 et
2340 4247 2485 4300 multi
2511 4248 2700 4303 deinde
2728 4252 3010 4318 prophetze,
3029 4258 3315 4321 praesertim
3338 4271 3454 4311 cum
3476 4259 3573 4314 Job
3591 4277 3797 4332 quoque

2258 4335 2575 4401 justissimus
2604 4349 2796 4392 vestem
2841 4355 2985 4394 suam
3032 4358 3184 4410 supra
3230 4347 3448 4400 filiorum
3489 4352 3797 4407 eonsciderit

2261 4435 2441 4475 necem
2469 4423 2602 4491 (Job.
2636 4426 2685 4478 l.
2720 4425 2848 4495 20)?
2877 4427 2989 4481 Non
3025 4444 3119 4497 ego
3159 4432 3407 4498 prohibeo
3449 4435 3625 4504 lugere
3651 4454 3794 4492 mor-

2262 4517 2375 4560 tuos
2394 4549 2408 4573 ,
2447 4511 2538 4564 sed
2565 4513 2790 4580 gentium
2824 4514 3449 4587 illuminatorllpomolus,
3478 4526 3562 4592 qui
3592 4527 3667 4580 sic
3693 4529 3792 4580 ait:

2258 4593 2394 4650 Nolo
2437 4612 2519 4650 vos
2555 4600 2800 4668 ignorare,
2840 4602 3048 4668 fratres,
3095 4605 3155 4657 de
3190 4607 3568 4674 dormientibus,
3606 4622 3661 4665 ut
3697 4631 3796 4667 non

2257 4687 2606 4740 contristemini
2623 4728 2637 4750 ,
2667 4691 2791 4741 sicut
2817 4691 2900 4757 qui
2936 4707 3070 4759 spem
3109 4708 3205 4746 non
3233 4696 3406 4748 habent
3432 4698 3504 4765 (l.
3539 4698 3708 4753 Thess.
3738 4703 3791 4755 Δ.

2259 4772 2364 4842 12).
2395 4774 2505 4827 Non
2527 4779 2986 4846 potestEvangelii
3017 4780 3224 4834 claritas
3251 4783 3538 4849 obscurari,
3569 4787 3612 4840 si
3645 4788 3677 4840 ii
3707 4789 3794 4855 qni

2255 4874 2374 4918 ante
2403 4864 2564 4932 legem
2590 4906 2604 4930 ,
2633 4877 2723 4918 aut
2750 4867 2846 4919 sub
2874 4869 2999 4935 legis
3027 4869 3204 4923 umbra
3229 4873 3383 4939 positi
3412 4873 3644 4938 fuerant,
3673 4890 3796 4932 suos

2255 4963 2485 5008 mortuos
2514 4956 2720 5008 flebant.
2753 4957 2814 5006 Et
2843 4957 3028 5008 merito
3062 4956 3252 5011 flebant
3271 4999 3285 5018 .
3314 4963 3433 5029 quia
3471 4965 3701 5016 nondum
3730 4967 3796 5018 de

2254 5043 2394 5095 caelis
2423 5051 2631 5094 venerat
2654 5041 2910 5106 Christus,
2941 5043 3026 5110 qui
3057 5043 3250 5098 fontem
3280 5047 3418 5100 illum
3452 5049 3795 5116 lacrymarum

2253 5143 2343 5182 sua
2375 5129 2755 5182 resurrectione
2781 5129 3010 5184 siccavit.
3040 5131 3222 5186 Merito
3244 5133 3455 5200 flebant,
3483 5138 3600 5204 quia
3627 5139 3795 5194 adlntc

2315 5298 2853 5376 ἱὲἒίιτξιηέεξιέιὶρηεφ
2878 5302 3043 5376 habet-
3073 5305 3242 5376 ﬁdius.
3262 5305 3476 5376 quidem
3521 5310 3794 5376 Αυευεαηίι

2252 5372 2449 5419 nempe,
2473 5363 2712 5419 potiorem,
2736 5369 2777 5407 et
2801 5363 3118 5411 necessith
3139 5363 3306 5419 suﬁict't
3347 5365 3442 5414 alia
3463 5363 3701 5416 ocellsione
3726 5363 3796 5417 "e4

2251 5418 2396 5482 plere.
2430 5418 2697 5482 Utilitatem,
2716 5429 2805 5482 etc.
2827 5422 2914 5468 sed
2939 5418 3232 5482 pret'erend'a
3251 5427 3438 5473 videtur
3461 5424 3610 5473 altera
3653 5427 3796 5477 lectio

2252 5491 2359 5540 qute
2385 5480 2431 5525 ln
2455 5481 2668 5539 margine
2692 5480 2900 5529 affertur.

2318 5561 2337 5588 ι
2370 5565 2503 5607 certe
2529 5558 2712 5617 melius,
2734 5573 2871 5622 quam
2890 5559 3123 5611 interdum
3147 5571 3341 5621 tempus.
