4000 6220
180 373 292 425 297

175 475 364 529 mortis
391 473 647 528 sententia
679 473 1036 542 permanebat.
1068 469 1249 526 Merito
1279 468 1726 529 lamentabantur,

174 565 299 631 quia
352 564 577 617 nondum
635 561 951 616 resurrectio
994 558 1388 629 praedicabatur.
1441 556 1732 624 Sperabam

173 653 384 720 quidem
411 652 575 704 sancti
600 652 789 719 quique
812 649 1088 702 adventum
1118 646 1340 710 Domini,
1373 645 1469 698 sed
1495 652 1731 697 mortuos

175 742 382 792 interim
413 740 632 801 ﬂebant,
681 740 800 807 quia
843 737 1070 791 nondum
1099 737 1340 789 viderant
1365 749 1517 802 quem
1548 748 1726 801 spera-

174 832 322 882 bant.
358 832 587 898 Denique
614 830 823 883 Simcou
855 842 988 882 unus
1017 828 1080 881 de
1108 827 1370 879 veteribus
1398 825 1610 881 sanctis,
1642 824 1727 891 qui

174 922 325 987 prius
356 920 521 973 fuerat
549 920 612 972 de
639 934 728 972 sua
758 929 924 971 morte
950 918 1220 980 sollicitus,
1252 926 1521 983 postquam
1550 913 1726 965 Jesum

175 1012 454 1062 Dominum
487 1010 655 1061 adhuc
697 1024 911 1076 puerum
942 1006 1225 1059 secundum
1258 1019 1469 1056 carnem
1500 1003 1729 1068 susCepit

174 1100 225 1148 in
256 1100 521 1160 manibus,
552 1099 615 1151 tle
643 1112 736 1149 suo
764 1099 901 1149 exitu
932 1096 1219 1163 gratulatur
1244 1095 1440 1157 dicens,
1472 1091 1620 1143 Nunc
1647 1091 1726 1142 di-

172 1187 360 1249 mittis,
406 1186 646 1247 Domine,
693 1201 885 1238 servum
923 1194 1057 1236 tuum
1096 1184 1147 1235 in
1180 1199 1297 1249 pace
1318 1224 1329 1241 ,
1362 1184 1476 1249 quia
1506 1182 1728 1233 viderunt

172 1277 311 1329 oculi
340 1279 434 1329 mei
459 1279 675 1328 salutare
703 1286 841 1327 tuum
862 1274 1011 1342 (Luc.
1041 1272 1095 1325 2.
1123 1274 1209 1327 29.
1240 1272 1345 1342 50).
1372 1273 1414 1325 Ο
1440 1274 1619 1325 beatus
1641 1272 1727 1324 ille

174 1367 428 1420 Simeon!
462 1366 589 1431 Quia
621 1365 754 1434 quod
796 1364 1039 1432 sperabat
1081 1364 1313 1424 viderat,
1354 1362 1459 1427 jam
1505 1368 1724 1413 mortem

172 1472 325 1508 suam
354 1470 529 1522 pacem
560 1463 611 1507 et
641 1455 870 1522 requiem
891 1452 1243 1521 computabat.
1268 1451 1369 1505 Sed
1397 1451 1536 1504 dices
1558 1468 1571 1480 ·
1592 1450 1726 1503 Ecce

173 1546 224 1596 in
258 1545 540 1612 Evangelia
586 1544 801 1611 legitur,
849 1542 1241 1611 archisynagogi
1275 1542 1528 1608 ploratam
1569 1540 1724 1591 ﬁliam

172 1632 323 1698 (Luc.
350 1634 401 1684 8.
423 1632 533 1697 52),
562 1641 614 1685 et
639 1646 845 1685 sorores
864 1631 1041 1684 Lazari
1060 1630 1310 1682 Lazarum
1332 1629 1533 1682 ﬂevisse
1551 1627 1723 1698 (Joau.

172 1722 261 1773 ll.
294 1721 405 1789 51).
440 1721 539 1774 Sed
573 1721 642 1772 illi
675 1720 845 1772 adhuc
870 1719 1151 1772 secundum
1183 1728 1413 1772 veterem
1444 1720 1607 1785 legem
1638 1733 1727 1770 sa-

172 1810 406 1877 piebant,
426 1812 541 1877 quia
568 1810 784 1862 necdum
808 1824 834 1859 a
860 1808 1075 1860 mortuis
1091 1806 1353 1860 Christum
1374 1806 1728 1858 resurrexisse

174 1909 579 1965 conspexerant.
608 1899 775 1951 Flevit
805 1898 955 1965 plane
979 1904 1033 1951 et
1061 1897 1170 1963 ipse
1201 1897 1446 1948 Dominus
1474 1895 1723 1947 Lazarum

171 1989 280 2053 jam
311 1988 567 2054 sepultum
594 2029 608 2051 ,
642 2001 742 2039 non
774 1986 951 2053 utique
977 1995 1031 2037 ut
1060 1984 1217 2037 ﬂendi
1249 1991 1480 2036 mortuos
1507 1982 1724 2034 formam

170 2076 356 2137 daret,
400 2076 487 2128 sed
533 2084 587 2127 ut
618 2086 667 2127 et
694 2090 750 2127 se
781 2091 871 2141 per
898 2075 1153 2141 lacrymas
1180 2087 1298 2125 suas
1330 2088 1508 2126 verum
1539 2087 1727 2137 corpus

172 2164 525 2230 assumpsisse
554 2173 883 2216 monstraret.
931 2163 1021 2215 Vel
1062 2174 1204 2216 certe
1243 2163 1383 2215 ﬂevit
1424 2177 1602 2215 amore
1629 2162 1727 2213 hn-

171 2253 365 2305 mano‘
392 2251 621 2312 Judaens,
655 2253 772 2320 quia
804 2267 899 2305 nec
928 2252 1012 2304 tali
1043 2253 1190 2319 signo
1218 2258 1505 2303 monstrato
1533 2250 1582 2301 in
1610 2264 1727 2302 eum

173 2341 380 2394 fuerant
407 2341 673 2395 credituri.
700 2341 875 2408 Neque
898 2342 1034 2395 enim
1064 2356 1202 2392 mors
1224 2340 1402 2392 Lazari
1429 2353 1582 2392 causa
1614 2353 1729 2391 esse

175 2441 382 2498 poterat
420 2433 765 2500 laerymarum
788 2472 802 2496 ,
844 2448 996 2500 quem
1031 2433 1139 2499 ipse
1165 2432 1315 2485 Jesus
1341 2440 1392 2483 et
1423 2431 1731 2483 dormivisse

172 2520 401 2578 dixerat,
432 2532 482 2573 et
504 2521 870 2573 suscitaturum
902 2536 957 2572 se
988 2521 1314 2587 promiserat,
1346 2521 1480 2572 sicut
1507 2529 1558 2572 et
1587 2518 1725 2571 fecit.

246 2610 297 2661 5.
328 2608 633 2661 llabucrunt
660 2624 783 2677 ergo
816 2618 1020 2662 veteres
1050 2625 1200 2661 suum
1230 2624 1449 2674 morem,
1481 2624 1730 2677 suamque

174 2697 551 2764 fragilitatem,
603 2698 796 2752 Christi
841 2698 1117 2751 adventum
1164 2698 1519 2766 prmcedentes
1545 2701 1587 2749 ⁸.
1616 2698 1728 2751 Jam

175 2800 303 2838 vero
329 2802 394 2838 ex
421 2802 524 2853 quo
557 2787 780 2841 Verbum
820 2803 943 2841 caro
969 2788 1158 2841 factum
1184 2798 1293 2853 est,
1326 2798 1376 2843 et
1404 2790 1653 2843 habitavit
1678 2791 1730 2842 in

177 2874 353 2936 nobis,
396 2890 460 2925 ex
500 2890 603 2941 quo
647 2876 816 2944 primo
858 2877 983 2929 Adae
1010 2876 1182 2929 datam
1228 2878 1537 2930 sententiam
1566 2877 1729 2930 Adam

176 2964 493 3017 novissimus
517 2966 687 3029 solvit,
718 2980 780 3017 ex
803 2981 906 3034 quo
932 2977 1162 3019 nostram
1194 2976 1415 3019 mortem
1442 2980 1533 3019 sua
1566 2976 1730 3019 morte

174 3054 451 3114 destruxit,
484 3065 534 3107 et
564 3055 627 3105 ah
655 3054 832 3108 inferis
861 3056 945 3108 die
973 3058 1120 3109 tertia
1148 3057 1395 3109 Dominus
1424 3057 1726 3121 resurrexit,

172 3141 281 3208 iam
326 3158 426 3193 non
470 3152 549 3194 est
594 3144 836 3197 terribilis
878 3159 1019 3197 mors
1059 3146 1296 3199 ﬁdelibus
1332 3162 1475 3200 :nun
1522 3147 1729 3199 timetur

173 3246 414 3296 occasus,
444 3233 557 3299 quia
580 3234 765 3287 Oriens
794 3236 935 3288 venit
963 3251 1025 3288 ex
1058 3237 1180 3288 alto.
1205 3236 1405 3288 Clamat
1426 3236 1535 3303 ipse
1558 3235 1729 3287 Domi-

175 3337 278 3373 nus
302 3324 388 3389 qui
432 3324 636 3376 mcntiri
664 3326 831 3377 nescit
856 3344 866 3377 ε
890 3324 1000 3394 Ego
1029 3342 1165 3388 sum,
1200 3326 1396 3392 inquit,
1439 3325 1727 3377 resurrectio

172 3422 219 3462 et
248 3412 348 3462 vita
365 3414 479 3478 :qui
513 3415 665 3465 credit
693 3415 743 3466 in
784 3430 877 3478 me,
902 3417 1090 3466 etiamsi
1118 3428 1338 3466 mortuus
1364 3415 1531 3484 fuerit,
1564 3415 1684 3465 vivet
1709 3428 1727 3464 :

172 3511 218 3552 et
260 3503 421 3553 omnis
454 3506 539 3570 qui
580 3507 689 3556 vivit
734 3516 779 3557 et
808 3506 961 3557 credit
988 3508 1039 3557 in
1068 3522 1159 3569 me,
1192 3518 1393 3558 mortem
1428 3523 1524 3558 non
1552 3508 1726 3557 videbit

171 3592 225 3641 in
252 3602 491 3643 retentum
521 3593 695 3660 (Joan.
732 3596 815 3646 il.
845 3596 931 3647 25.
965 3596 1076 3664 26).
1108 3596 1371 3649 Manifesta
1399 3608 1476 3648 est
1499 3636 1511 3654 .
1541 3596 1725 3647 fratres

171 3682 455 3743 carissimi,
490 3697 586 3735 vox
617 3685 807 3749 divina,
840 3686 957 3753 quia
987 3688 1069 3753 qui
1095 3686 1259 3739 credit
1280 3686 1505 3749 Christo,
1534 3695 1586 3738 et
1613 3690 1725 3753 ejus

171 3770 423 3821 mandata
448 3772 703 3833 custodit,
738 3776 778 3825 si
813 3784 1045 3825 mortuus
1075 3773 1247 3839 fuerit,
1278 3775 1431 3826 vivet.
1467 3775 1608 3827 llanc
1636 3790 1725 3825 vo-

170 3873 290 3912 cem
325 3859 505 3911 beatus
537 3861 724 3914 Paulus
761 3863 1028 3929 apostolus
1064 3863 1342 3930 accipiens,
1375 3873 1426 3917 et
1457 3866 1575 3916 totis
1606 3864 1721 3916 ﬁdei

167 3949 373 4000 viribus
401 3950 630 4003 retinens
650 3992 662 4011 ,
698 3952 1015 4004 instruebat:
1046 3952 1178 4005 Nolo
1197 3994 1211 4017 ,
1245 3954 1443 4021 inquit,
1473 3970 1555 4005 vos
1578 3955 1721 4022 igno-

167 4054 286 4089 rare
306 4078 319 4099 ,
363 4038 572 4104 fratres,
617 4040 678 4092 de
702 4042 1051 4093 dormientibus
1071 4082 1084 4103 ,
1125 4052 1176 4093 ut
1206 4058 1301 4094 nou
1331 4045 1490 4094 tristes
1515 4045 1620 4094 sitis
1647 4045 1718 4109 (l.

166 4126 348 4179 Thess.
380 4128 430 4178 4.
458 4127 565 4195 12).
589 4127 631 4180 Ο
652 4130 779 4181 mira
794 4131 1026 4195 Apostoli
1060 4133 1437 4197 pronuntiatio!
1465 4131 1578 4185 Uno
1608 4148 1722 4185 ser-

166 4230 349 4279 mone,
374 4225 649 4284 antequam
672 4217 955 4270 doctrinam
983 4218 1265 4285 proferat',
1288 4221 1721 4273 resurrectionem

164 4305 525 4358 commendat.
570 4306 892 4360 Dormientes
935 4325 1157 4377 namque
1187 4311 1413 4377 appellat
1442 4312 1584 4375 illos,
1634 4312 1719 4378 qui

165 4398 363 4449 mortui
391 4406 530 4462 sunt,
564 4409 614 4450 ut
645 4400 764 4451 dum
793 4400 1021 4453 dormire
1048 4416 1139 4453 eos
1163 4401 1306 4465 dicit,
1333 4412 1719 4456 resurrecturos

163 4488 285 4538 sine
318 4486 638 4539 dubitatione
668 4490 955 4555 consignet.
1006 4488 1150 4553 Non,
1195 4492 1389 4558 inquit,
1426 4493 1584 4543 tristes
1615 4493 1719 4543 sitis

163 4575 227 4624 de
253 4573 629 4639 dormientibus,
659 4576 782 4626 sicut
807 4585 850 4626 et
877 4578 1057 4627 caeteri.
1082 4578 1181 4641 Qui
1208 4594 1352 4645 Spem
1381 4595 1480 4631 non
1506 4579 1717 4643 habent,

162 4660 583 4713 contristentur:
608 4677 701 4714 nos
729 4673 900 4715 autem
933 4664 1017 4731 qni
1048 4666 1156 4731 spei
1191 4665 1277 4717 ﬁlii
1309 4680 1506 4729 sumus,
1539 4668 1717 4719 collac-

164 4759 359 4801 temur.
385 4748 509 4812 Quae
526 4758 699 4803 autem
717 4751 867 4804 nobis
882 4766 1001 4819 spes
1017 4755 1101 4819 sit,
1123 4756 1231 4821 ipse
1248 4766 1621 4809 commemorat
1641 4757 1720 4808 di-

159 4853 313 4889 cens:
332 4837 389 4889 Si
403 4838 664 4903 credimus,
678 4841 789 4906 quia
802 4838 1024 4894 Christus
1036 4854 1258 4895 mortuus
1270 4854 1359 4907 est,
1374 4855 1417 4897 et
1430 4846 1718 4897 resurrexit:

159 4931 231 4979 ita
264 4938 311 4979 et
334 4926 469 4979 Deus
488 4944 588 4993 eos,
618 4932 701 4994 qui
723 4932 1040 4997 dormierunt,
1073 4950 1159 5000 per
1177 4934 1346 4987 Iesum
1372 4936 1577 4988 adducet
1605 4953 1716 4988 cum

157 5034 215 5069 eo
236 5018 283 5084 (t
304 5055 316 5066 .
336 5015 510 5069 Thess.
538 5017 588 5070 ι.
612 5018 721 5087 15).
742 5018 891 5073 Jesus
912 5022 1048 5073 enim
1072 5022 1219 5073 nobis
1244 5032 1293 5075 et
1316 5023 1397 5075 hic
1425 5024 1715 5076 viventibus

156 5108 306 5158 salus
336 5114 435 5171 est,
464 5114 515 5159 et
539 5106 659 5159 hinc
693 5109 1056 5162 recedentibus
1080 5112 1180 5162 vita
1212 5121 1306 5164 est.
1344 5113 1503 5176 Mihi,
1552 5114 1715 5180 inquit

133 5202 171 5248 Α
191 5196 631 5263 postulus,vivere
649 5194 871 5250 Christus
894 5206 982 5262 est,
1014 5208 1057 5249 et
1089 5200 1212 5249 mori
1239 5200 1428 5251 lucrum
1460 5200 1711 5269 (Philipp.

150 5285 194 5333 l.
242 5278 355 5347 21)..
392 5282 613 5335 Lucrum
637 5284 804 5352 plane,
827 5286 945 5353 quia
967 5287 1229 5352 angustias
1249 5295 1301 5340 et
1322 5288 1705 5351 tribulationes,

220 5476 237 5505 ι
274 5480 356 5519 Ms.
385 5474 702 5533 Corbeiensis,
728 5491 853 5527 more
876 5478 1092 5527 Inmtano.

223 5536 241 5599 ξ
280 5541 359 5599 ais.
382 5534 701 5599 Corbeiensis,
722 5539 895 5587 Christi
918 5543 1117 5588 adventu
1140 5544 1386 5599 pendente.

223 5595 244 5625 ι
278 5592 393 5641 mliti
417 5597 620 5655 quidam,
648 5592 735 5646 uno
752 5612 963 5651 sermone
986 5609 1034 5649 ut
1052 5592 1299 5665 utrumque
1324 5604 1584 5653 doctrtmmt
1608 5618 1713 5667 pro-

1310 350 1397 405 DE
1432 344 1938 405 CONSOLATIONE
1976 346 2242 404 MORTIS.

3291 370 3401 423 298

1841 477 1968 530 quas
2012 464 2167 519 habet
2195 466 2397 534 longior
2424 466 2564 533 vita,
2613 480 2756 521 mors
2785 467 3084 523 aceelerans
3113 468 3391 525 lucrifacit.

1838 549 1954 603 Jam
1982 567 2104 604 vero
2132 553 2367 606 ordinem
2409 562 2462 606 et
2503 553 2737 607 habitum
2776 557 2885 623 spei
2918 566 3110 611 nostra:
3138 558 3394 611 describit

1832 636 2137 705 Apostolus.
2166 641 2376 705 «Hoc,»
2422 644 2605 711 inquit,
2654 644 2837 697 «vobis
2877 645 3099 699 dicimus
3140 646 3189 698 in
3232 648 3392 699 verbo

1839 728 2064 793 Domini,
2096 732 2213 798 quia
2247 747 2342 785 nos
2369 735 2453 800 qui
2484 734 2722 796 vivimus,
2751 735 2837 801 qui
2869 736 3061 788 residui
3093 751 3274 790 sumus
3295 778 3307 799 ,
3340 738 3390 789 in

1837 816 2062 869 adventu
2106 818 2217 885 ejus
2244 834 2345 872 non
2376 822 2753 889 prmveniemus
2789 838 2878 875 eos
2904 824 2991 891 qui
3020 824 3343 877 dormierunt
3370 843 3383 877 :

1835 907 1952 973 quia
1982 906 2091 973 ipse
2117 907 2365 961 Dominus
2390 911 2441 961 in
2467 910 2612 975 jussu
2642 919 2693 963 et
2720 926 2845 963 voce
2870 912 3166 979 archangeli
3192 954 3206 976 ,
3252 923 3304 966 et
3335 915 3385 967 in

1836 996 1954 1047 tuba
1983 995 2071 1048 Dei
2100 995 2381 1050 descendet
2401 998 2465 1051 de
2493 1000 2641 1060 caelo,
2675 1009 2726 1051 et
2768 1002 2954 1053 mortui
2986 1003 3071 1068 qui
3104 1003 3153 1053 in
3179 1002 3388 1056 Christo

1834 1093 1954 1136 sunt
1986 1098 2257 1152 resurgent
2284 1087 2433 1153 primi
2464 1104 2475 1139 :
2505 1087 2694 1140 deinde
2724 1102 2819 1140 nos
2845 1090 2929 1156 qui
2963 1090 3203 1154 vivimus,
3229 1093 3384 1145 simul

1832 1186 1947 1223 cum
1971 1172 2070 1224 illis
2097 1174 2358 1240 rapiemur
2379 1175 2427 1226 in
2456 1176 2675 1228 nubibus
2691 1176 2893 1229 obviam
2921 1176 3132 1231 Christo
3161 1180 3209 1231 in
3236 1194 3380 1246 aera,

1832 1268 1884 1311 et
1912 1258 1982 1311 ita
2012 1274 2219 1329 semper
2241 1277 2357 1313 cum
2383 1263 2600 1315 Domino
2629 1264 2823 1316 erimus
2846 1283 2864 1315 ι
2893 1265 2967 1333 (l.
2992 1265 3163 1319 Thess.
3192 1269 3243 1320 4.
3276 1270 3383 1321 14-

1832 1346 1940 1413 16).
1971 1346 2081 1400 Hoc
2120 1356 2201 1401 est
2226 1349 2361 1415 quod
2389 1350 2545 1412 dicit,
2574 1352 2692 1419 quia
2722 1367 2838 1405 cum
2870 1355 3069 1408 venerit
3100 1357 3345 1410 Dominus
3366 1397 3383 1419 ,

1826 1435 2060 1489 inveniet
2101 1439 2293 1491 multos
2322 1440 2371 1490 in
2403 1453 2622 1506 corpore
2660 1440 3000 1507 Christianos,
3035 1444 3122 1511 qui
3151 1447 3382 1499 nondum

1829 1526 2033 1591 experti
2061 1536 2182 1579 sunt
2204 1536 2425 1581 mortem
2452 1545 2462 1578 :
2488 1538 2539 1582 et
2565 1536 2735 1582 tamen
2759 1545 2859 1583 non
2885 1541 3005 1585 ante
3030 1534 3297 1600 rapientur
3318 1536 3382 1588 ad

1834 1614 2055 1679 caelum,
2100 1630 2255 1682 quam
2294 1617 2483 1669 mortui
2523 1620 2687 1670 sancti
2724 1618 2788 1671 de
2830 1624 3181 1677 monumentis
3208 1637 3384 1677 resur-

1834 1705 2083 1769 rexerint,
2116 1707 2236 1759 tuba
2267 1707 2355 1759 Dei
2398 1716 2450 1758 et
2495 1722 2618 1759 voce
2649 1709 2943 1777 archangeli
2973 1713 3223 1766 suscitati.
3250 1716 3382 1767 Cum

1830 1800 2003 1845 autem
2044 1792 2236 1847 fuerint
2263 1795 2515 1859 suscitati,
2540 1796 2703 1863 juncti
2734 1800 2924 1864 pariter
2948 1815 3063 1853 cum
3092 1803 3385 1857 viventibus

1831 1879 2101 1946 rapientur
2144 1883 2194 1934 in
2226 1883 2448 1937 nubibus
2478 1884 2682 1936 obviam
2712 1884 2921 1940 Christo
2949 1889 2999 1940 in
3032 1903 3152 1941 aera
3174 1931 3187 1950 ,
3220 1899 3272 1942 et
3309 1893 3385 1944 sic

1832 1981 2042 2036 semper
2064 1984 2182 2022 cum
2212 1971 2323 2038 ipso
2364 1974 2669 2039 regnabunt.
2698 1973 2803 2027 Nec
2829 1990 2954 2028 sane
2979 1978 3141 2043 possit
3161 1978 3384 2032 dubitari

1830 2060 1965 2125 quod
2008 2062 2207 2126 possint
2246 2075 2462 2127 corpora
2483 2101 2495 2123 ,
2528 2062 2759 2128 quamvis
2792 2064 2896 2115 sint
2922 2065 3093 2130 gravia
3119 2104 3134 2127 ,
3183 2065 3232 2118 in
3262 2081 3383 2119 aera

1831 2147 2094 2200 sublevari
2121 2167 2131 2201 :
2157 2164 2273 2202 cum
2298 2150 2514 2217 jubente
2550 2150 2766 2203 Domino
2794 2150 2977 2204 Petrus
3004 2153 3167 2219 ipsum
3194 2169 3384 2222 corpus

1834 2235 2027 2290 habens
2068 2254 2223 2306 super
2267 2240 2430 2293 undas
2470 2241 2813 2296 ambulaverit
2857 2248 3015 2298 maris
3046 2246 3253 2315 (Matth.
3294 2249 3381 2300 14.

1832 2323 1949 2393 29),
1975 2325 2114 2377 Elias
2139 2342 2345 2395 quoque
2371 2328 2433 2381 ad
2463 2329 2618 2395 hujus
2642 2332 2751 2397 spei
2780 2332 3229 2386 conﬁrmationem
3248 2374 3262 2397 ,
3292 2349 3385 2399 per

1836 2412 1971 2464 hunc
1999 2427 2118 2465 acra
2145 2429 2300 2467 curru
2330 2415 2573 2470 ﬂammeo
2594 2419 2655 2471 sit
2680 2429 2857 2485 raptus
2874 2421 2937 2473 ad
2955 2422 3135 2473 caelum
3154 2422 3228 2489 (4.
3255 2422 3379 2491 Reg.

1830 2500 1883 2552 2.
1918 2502 2027 2568 tt).

1903 2591 1955 2644 ϐ.
2006 2592 2188 2655 Quales
2226 2595 2385 2663 futuri
2418 2598 2571 2648 simus
2610 2607 2720 2665 post
2760 2599 3382 2655 resurrectionem—Sed

1834 2682 2026 2747 quaeris
2053 2681 2189 2735 forte
2215 2700 2225 2733 :
2250 2683 2442 2747 Quales
2468 2696 2620 2738 erunt
2658 2688 2743 2755 qui
2772 2702 2799 2738 a
2830 2689 3047 2741 mortuis
3084 2704 3385 2743 resurrexe-

1832 2768 1971 2823 rint?
2019 2772 2150 2824 Audi
2197 2772 2362 2839 ipsum
2413 2775 2668 2828 dicentem
2714 2777 2988 2829 Dominum
3022 2788 3162 2831 tuum
3190 2778 3382 2843 :Tune,

1832 2859 2015 2928 inquit,
2059 2862 2181 2928 ;'"sti
2221 2861 2508 2930 fulgebunt,
2554 2866 2679 2916 sicut
2719 2866 2793 2917 sol
2835 2865 2885 2917 in
2924 2882 3073 2935 regno
3105 2866 3270 2920 Patris
3307 2871 3385 2921 sui

1831 2948 2039 3017 (Matth.
2065 2952 2147 3002 l5.
2172 2950 2282 3019 45).
2302 2951 2433 3015 Quid
2457 2952 2786 3018 splendorem
2802 2970 3205 3010 connncmorem
3226 2959 3385 3011 solis?

1829 3039 1958 3092 Cttm
1989 3040 2167 3094 ﬁdeles
2195 3042 2549 3110 transﬁgurari
2576 3058 2790 3097 necesse
2816 3054 2893 3097 est
2919 3045 2981 3096 ad
3013 3047 3172 3113 ipsius
3194 3048 3383 3100 Christi

1834 3130 2039 3183 Domini
2084 3133 2409 3196 claritatem,
2462 3142 2518 3186 ut
2572 3142 2791 3188 testatur
2840 3136 3105 3201 apostolus
3152 3136 3379 3189 Paulus:

1835 3236 1851 3268 ι
1871 3218 2073 3283 Nostra,
2104 3239 2121 3271 ι
2156 3222 2340 3289 inquit,
2376 3240 2394 3273 ι
2417 3224 2744 3276 conversatio
2772 3224 2819 3275 in
2852 3224 2994 3276 ett-lis
3020 3234 3097 3276 est
3124 3242 3134 3275 :
3162 3226 3298 3279 unde
3328 3236 3383 3280 et

1827 3306 1994 3374 ipsum
2016 3306 2332 3363 Salvatorem
2355 3320 2721 3377 exspectamus
2746 3310 3017 3364 Dominum
3040 3311 3215 3364 Jesqu
3234 3310 3384 3365 Chri-

1827 3404 1983 3457 stum,
2013 3398 2098 3465 qui
2127 3397 2517 3450 transfurmabit
2545 3412 2733 3466 corpus
2760 3399 3067 3451 humilitatis
3095 3410 3284 3453 nostrae
3311 3404 3375 3453 ad

1826 3483 2289 3537 conformationem
2313 3487 2546 3553 corporis
2568 3486 2749 3553 gloria)
2773 3502 2878 3538 sua:
2908 3505 2923 3535 ι
2952 3486 3201 3556 (Philipp.
3217 3490 3267 3540 3.
3288 3490 3379 3543 20.

1825 3572 2422 3640 2|):transtigurabitur
2462 3576 2573 3625 siue
2612 3574 2769 3625 dubio
2820 3588 2942 3625 caro
2987 3576 3078 3627 ista
3142 3578 3378 3629 mortalia

1825 3660 1888 3714 ad
1917 3662 2379 3715 conformationem
2404 3661 2595 3715 Christi
2619 3663 2884 3724 claritatis,
2910 3663 3089 3716 induet
3115 3665 3129 3694 ί
3164 3666 3381 3720 mortale

1826 3751 2265 3805 immortalitatem
2286 3770 2297 3804 :
2318 3754 2439 3821 quia
2473 3753 2620 3817 Quod
2645 3755 2939 3807 seminatum
2965 3756 3127 3823 fuerat
3157 3758 3206 3808 in
3236 3758 3380 3823 inﬁr-

1825 3843 2011 3905 mitate,
2040 3842 2272 3909 protinus
2297 3853 2461 3911 surget
2488 3844 2539 3895 in
2565 3844 2739 3895 virtute
2764 3842 2838 3914 (l.
2867 3843 2980 3896 Cor.
3008 3845 3089 3898 15.
3120 3846 3230 3911 45).
3264 3845 3376 3899 Non

1826 3930 2027 3983 timebit
2056 3945 2179 3983 caro
2206 3931 2428 3997 amplius
2466 3932 2850 3998 corruptionem
2873 3973 2885 3994 ,
2917 3948 3018 3984 non
3050 3935 3270 3999 patietur
3300 3934 3377 3987 fa-

1826 4033 1982 4079 mem,
2013 4033 2113 4070 non
2137 4019 2309 4082 sitim,
2343 4035 2445 4071 non
2476 4019 2808 4085 aegritudines
2832 4062 2844 4083 ,
2879 4035 2980 4073 non
3010 4036 3161 4073 casus
3189 4023 3379 4077 adver-

1825 4124 1930 4162 sos.
1962 4109 2067 4161 Pax
2093 4109 2230 4161 enim
2261 4117 2366 4161 tuta
2390 4150 2402 4169 ,
2436 4118 2486 4162 et
2518 4110 2663 4162 ﬁrma
2705 4112 2957 4164 securitas
2988 4111 3105 4164 vita:
3130 4123 3228 4166 est.
3263 4114 3376 4168 Alia

1824 4197 1999 4264 utique
2024 4197 2245 4250 ctelestis
2274 4207 2354 4250 est
2378 4198 2541 4266 gloria
2565 4237 2581 4261 ,
2611 4198 2696 4251 ubi
2737 4209 2789 4252 et
2817 4200 3058 4267 gaudium
3090 4200 3202 4253 sine
3228 4201 3376 4255 defe-

1824 4287 1995 4340 ctione
2028 4287 2376 4354 praestabitur.

1896 4378 1944 4428 7.
1982 4377 2118 4429 Mors
2149 4380 2303 4446 magis
2328 4379 2566 4446 optanda.
2598 4395 2744 4446 quant
2772 4379 3003 4447 lugenda,
3035 4382 3121 4431 sed
3154 4397 3249 4432 non
3285 4382 3377 4434 sibi

1822 4463 2325 4533 inferenda.—lla:c
2370 4466 2420 4517 in
2469 4480 2625 4517 sensu
2670 4474 2720 4517 et
2761 4467 2924 4518 oculis
2963 4482 3149 4533 gerens
3191 4469 3375 4521 beatus

1825 4556 2013 4608 Paulus
2041 4554 2278 4619 diccbat,
2318 4573 2334 4603 ‹
2361 4554 2611 4621 Optabam
2657 4554 2892 4619 dissolvi,
2927 4565 2977 4608 et
3017 4570 3132 4608 cum
3165 4557 3374 4612 Christo

1821 4658 1938 4697 esse
1968 4645 2131 4695 multo
2154 4644 2313 4710 magis
2338 4643 2521 4695 melius
2540 4644 2559 4673 '
2586 4662 2603 4693 ›
2631 4642 2881 4714 (Philipp.
2914 4644 3072 4711 1.25)
3090 4685 3099 4695 .
3120 4645 3186 4697 Et
3205 4646 3372 4699 adhuc

1822 4741 1999 4797 aperte
2026 4731 2249 4793 docens,
2291 4750 2310 4780 ‹
2337 4732 2465 4783 Dum
2497 4744 2695 4793 sumus,
2720 4749 2737 4779 ›
2774 4733 2956 4798 inquit,
2989 4751 3005 4781 ι
3031 4732 3077 4784 in
3109 4747 3332 4800 corpore
3357 4776 3370 4795 ,

1823 4819 2212 4887 percgrinamur
2232 4834 2258 4869 a
2286 4820 2504 4871 Domino
2529 4836 2541 4871 :
2568 4834 2659 4886 per
2681 4820 2833 4872 fidem
2860 4820 2998 4871 enim
3024 4820 3370 4883 ambulamus,

1821 4917 1873 4958 et
1902 4920 2002 4958 non
2035 4921 2124 4971 per
2143 4907 2388 4973 speciem.
2428 4906 2691 4959 llabcmus
2712 4915 2882 4959 autem
2909 4908 3088 4973 magis,
3117 4925 3134 4956 ι
3176 4909 3370 4973 inquit,

1826 5017 1844 5049 ι
1866 5000 2051 5053 bonam
2066 4999 2378 5051 voluntatem
2396 4998 2711 5065 peregrinari
2728 5012 2754 5048 a
2768 5012 3006 5063 corpore,
3023 5009 3071 5049 et
3086 5007 3373 5062 pra-sentes

1820 5105 1937 5144 esse
1961 5089 2021 5148 ad
2045 5090 2320 5141 Dominum
2344 5108 2360 5138 ›
2402 5089 2473 5156 (2.
2509 5087 2619 5139 Cor.
2648 5088 2699 5140 5.
2719 5086 2857 5154 6-8).
2882 5086 3013 5151 Quid
3045 5088 3246 5154 agimus
3278 5100 3371 5137 nos

1822 5196 1992 5249 parvae
2024 5179 2141 5232 fidei
2183 5180 2441 5239 homines,
2487 5178 2577 5245 qui
2606 5178 2879 5229 anxiamur
2904 5186 2957 5229 ct
2995 5178 3261 5229 deficimus
3282 5216 3298 5239 ,
3330 5178 3371 5227 si

1821 5268 2007 5337 aliquis
2046 5268 2111 5321 de
2151 5268 2286 5321 caris
2321 5266 2517 5319 nostris
2562 5266 2751 5334 migret
2791 5266 2853 5318 ad
2888 5266 3202 5318 Dominum?
3237 5265 3371 5329 Quid

1882 5486 1898 5515 ι
1934 5491 2059 5547 Mss,
2082 5483 2320 5547 viduetur.
2418 5543 2429 5547 Α
2558 5540 2587 5547 μ
2615 5542 2626 5547 _
2893 5541 2935 5547 __
3163 5539 3187 5547 .,
3315 5538 3324 5547 .

1882 5547 1900 5574 ²
1934 5546 2006 5591 sic
2048 5539 2120 5590 us.
2155 5543 2473 5591 Corbeiensls.
2513 5540 2627 5589 Editi
2674 5554 2791 5587 vero
2824 5541 3047 5600 quidam,
3074 5539 3218 5587 multo
3249 5539 3377 5586 enim

1818 5602 2000 5671 melius.
2029 5603 2151 5651 Infra
2176 5611 2250 5651 its.
2287 5603 2446 5658 (1011).,
2490 5610 2742 5663 pra'sentes
2779 5615 2877 5649 esse
2921 5608 2963 5649 et
2996 5603 3249 5651 adventare
3285 5607 3369 5649 Do-

1821 5677 1964 5715 mtuo.
