4000 6220
593 377 707 433 299

592 473 829 542 agimus,
873 485 1007 542 quos
1036 470 1380 542 peregrinatio
1407 473 1457 524 in
1487 471 1588 525 hoc
1618 468 1815 525 mundo
1857 467 2022 537 magis
2044 466 2139 520 de-

594 564 784 628 lectat,
827 577 982 631 quam
1031 562 1396 629 reprzesentari
1439 561 1503 613 ad
1542 561 1734 616 Christi
1773 556 2149 626 conspectum?

597 650 751 713 Vere,
783 665 910 705 vere
939 650 1288 719 peregrinatio
1312 657 1393 703 est
1415 663 1570 703 omne
1589 647 1726 717 quod
1749 647 2006 701 vivimus:
2030 662 2148 700 nam

596 739 731 792 sicut
774 739 1031 807 peregrini
1067 741 1115 790 in
1147 739 1371 802 szeculo,
1411 738 1565 792 sedes
1610 738 1862 791 habemus
1889 736 2146 799 incertas,

596 828 925 891 laboramus,
971 827 1289 882 desudamus
1311 867 1323 891 ,
1370 828 1479 881 vias
1513 827 1840 882 ambulantes
1871 825 2109 880 difficiles
2132 867 2147 890 ,

599 920 846 988 periculis
875 920 1092 988 plenas:
1120 918 1346 987 undique
1389 918 1590 971 insidiae
1617 960 1629 982 ,
1679 933 1707 970 a
1753 917 2090 984 spiritalibus,
2121 931 2150 970 a

595 1007 955 1075 corporalibus
979 1007 1255 1070 inimicis‘,
1281 1007 1511 1074 undique
1532 1019 1769 1058 errorum
1789 1005 2010 1058 calliculi
2032 1013 2154 1057 sunt

596 1097 895 1166 praeparati.
942 1097 1006 1149 Et
1044 1111 1162 1150 cum
1207 1096 1368 1149 tantis
1396 1096 1642 1164 periculis
1680 1110 1997 1166 urgeamur,
2049 1111 2152 1150 non

596 1186 766 1240 solum
795 1186 892 1254 ipsi
931 1199 1036 1239 non
1064 1186 1303 1254 cupimus
1330 1185 1574 1249 liberari,
1605 1185 1696 1239 sed
1725 1186 1879 1238 etiam
1911 1187 2154 1239 liberatos

599 1285 861 1344 tamquam
891 1275 1121 1343 perditos
1151 1276 1388 1342 lugemus
1416 1283 1466 1328 et
1500 1275 1811 1342 plangimus.
1840 1272 1978 1338 Quid
2002 1273 2154 1328 nobis

600 1366 843 1434 praestitit
868 1365 1003 1419 Deus
1027 1381 1118 1433 per
1144 1380 1293 1419 suum
1328 1363 1680 1434 Unigenitum,
1707 1364 1750 1418 si
1777 1363 1949 1418 adhuc
1974 1365 2156 1418 mortis

600 1455 846 1507 timemus
879 1453 1088 1507 casum?
1119 1453 1250 1518 Quid
1283 1467 1378 1506 nos
1405 1461 1615 1505 renatos
1639 1466 1700 1504 ex
1729 1464 1862 1520 aqua
1888 1459 1936 1506 et
1962 1451 2156 1520 Spiritu

601 1545 899 1612 gloriamur,
921 1557 1052 1610 quos
1072 1543 1418 1611 peregrinatio
1439 1541 1504 1595 de
1522 1541 1621 1594 hoc
1643 1541 1835 1595 mundo
1851 1541 2157 1594 contristat?

603 1635 715 1703 ipse
749 1633 998 1686 Dominus
1021 1633 1233 1695 clamat,
1269 1630 1327 1684 Si
1353 1631 1459 1696 quis
1485 1631 1606 1682 mihi
1635 1630 1899 1691 ministrat,
1926 1639 2159 1697 sequatur

601 1739 678 1775 me
697 1737 713 1773 :
735 1731 780 1774 et
806 1721 887 1773 ubi
912 1737 999 1790 ego
1025 1737 1158 1784 sum,
1184 1720 1249 1771 ibi
1273 1719 1363 1771 erit
1383 1727 1427 1772 et
1455 1720 1677 1772 minister
1701 1734 1838 1770 meus
1866 1717 2039 1787 (Joan.
2068 1717 2156 1771 η.

601 1812 714 1880 2:5).
766 1813 922 1864 Putas
970 1811 1012 1864 si
1059 1825 1153 1864 rex
1185 1810 1447 1863 terrestris
1488 1808 1551 1862 ad
1597 1823 1746 1862 suum
1795 1809 2036 1878 palatium
2077 1808 2158 1862 vel

600 1902 899 1956 Convivium
925 1901 1152 1968 aliquem
1180 1909 1350 1963 vocet,
1377 1913 1479 1952 non
1505 1913 1623 1952 cum
1647 1899 1930 1968 gratiarum
1957 1899 2159 1954 actione

601 1992 941 2062 properabit?
971 1991 1176 2057 Quanto
1216 1990 1379 2057 magis
1424 1989 1488 2042 ad
1535 1989 1798 2043 caelestem
1844 1987 2156 2042 currendum

603 2090 684 2134 est
711 2095 907 2148 regem,
939 2080 1024 2146 qui
1056 2093 1187 2147 quos
1217 2084 1492 2144 receperit,
1535 2093 1636 2130 non
1683 2077 1848 2130 solum
1879 2078 2123 2130 convivas
2143 2117 2156 2140 ,

605 2170 695 2223 sed
721 2172 876 2223 etiam
905 2170 1346 2237 conreguatores'
1368 2168 1576 2227 elticiet.
1610 2167 1744 2221 sicut
1767 2167 2014 2234 scriptum
2045 2175 2157 2220 est:

605 2259 666 2314 Si
694 2259 988 2312 commortui
1021 2273 1214 2318 sumus,
1255 2267 1298 2309 et
1329 2258 1638 2310 convivemus
1653 2274 1670 2318 ,'
1699 2259 1743 2310 si
1771 2258 2083 2320 sustinemus,
2116 2265 2163 2309 ct

604 2351 1011 2419 conregnabimus
1053 2347 1127 2415 (2.
1172 2347 1303 2400 Tim.
1350 2347 1385 2400 2
1457 2348 1541 2402 Η.
1595 2348 1703 2415 1‘2).
1755 2347 1860 2400 Nec
1915 2347 2014 2400 hoc
2065 2355 2163 2416 ego

611 2442 751 2506 dico,
793 2449 848 2493 ιιι
875 2441 990 2508 quis
1025 2453 1212 2492 manus
1247 2438 1343 2492 sibi
1389 2438 1605 2500 inferat,
1655 2447 1742 2490 aut
1787 2453 1846 2492 se
1890 2437 2162 2493 interﬁciat

608 2541 788 2584 contra
817 2531 1138 2583 voluntatem
1188 2529 1276 2582 Dei
1304 2528 1591 2587 creatoris,
1633 2538 1720 2580 aut
1764 2529 1987 2580 animant
2015 2537 2072 2581 ut
2098 2528 2164 2582 de

606 2622 844 2690 corporis
870 2620 948 2674 sui
974 2618 1201 2687 expellat
1233 2619 1488 2687 hospitio;
1520 2617 1610 2671 sed
1639 2617 1740 2671 hoc
1765 2617 1901 2682 dico,
1929 2628 1988 2671 ut
2014 2617 2164 2671 laetus

605 2721 659 2766 et
683 2710 934 2781 gaudens,
959 2724 1076 2763 cum
1102 2716 1191 2761 aut
1214 2708 1326 2775 ipse
1352 2715 1566 2760 vocatur
1585 2715 1637 2760 et
1659 2707 1948 2774 proximus,
1975 2715 2027 2758 et
2053 2707 2165 2773 ipse

607 2803 780 2862 vadat,
805 2810 856 2854 et
875 2800 1120 2854 euntibus
1135 2798 1444 2867 gratuletur.
1465 2797 1584 2850 Haec
1603 2797 1740 2850 enim
1763 2795 2167 2850 estChristianm

610 2891 727 2945 lldei
755 2903 956 2942 summa
975 2930 988 2951 ,
1034 2887 1192 2940 vitam
1220 2901 1393 2939 veram
1425 2892 1731 2952 exspectare
1759 2893 1876 2952 post
1902 2893 2123 2937 mortem
2150 2922 2164 2947 ,

613 2982 836 3035 reditum
885 2992 1097 3046 sperare
1143 2986 1258 3044 post
1307 2976 1522 3030 exitum.
1572 2978 1798 3043 Accepta
1844 2977 1998 3044 igitur
2041 2989 2169 3028 voce

614 3069 878 3140 Apostoli,
905 3082 1031 3121 cum
1066 3065 1256 3120 fiducia
1295 3067 1400 3135 jam
1429 3066 1666 3120 dicamus
1692 3067 1883 3134 gratias
1910 3066 2046 3128 Deo,
2080 3065 2167 3133 qui

613 3158 766 3212 nobis
793 3167 974 3210 contra
1016 3167 1236 3210 mortem
1281 3157 1546 3210 victoriam
1575 3156 1749 3222 dedit,
1788 3172 1881 3224 per
1903 3156 2168 3211 Christum

615 3250 892 3304 Dominum
922 3256 1176 3312 nostrum,
1210 3248 1291 3302 cui
1319 3257 1400 3302 est
1427 3249 1588 3318 gloria
1613 3256 1666 3303 et
1696 3257 1926 3317 potestas
1953 3262 2090 3302 nunc
2118 3256 2171 3302 et

615 3340 668 3393 in
697 3338 885 3392 saecula
913 3337 1247 3390 saeculorum.
1275 3338 1461 3390 Amen.

1244 3443 1466 3500 SERMO
1492 3445 1560 3498 ll.

692 3561 740 3610 l.
769 3557 1082 3610 Resurrectio
1122 3556 1254 3608 unde
1290 3556 1426 3624 apud
1461 3556 1686 3624 inﬁdeles
1709 3557 1876 3610 dubia.
1905 3587 1975 3597 —
2006 3555 2176 3624 Supe-

618 3648 744 3700 riori
771 3646 979 3714 quidem
1009 3646 1185 3698 libello
1216 3646 1616 3710 perstrinximus
1637 3647 1866 3700 breviter
1887 3647 1952 3701 de
1979 3663 2173 3700 conso-

619 3738 817 3792 latione
857 3735 1191 3788 mortalitatis
1215 3734 1268 3799 ³,
1318 3735 1384 3788 de
1424 3751 1516 3804 spe
1561 3738 1962 3791 resurrectionis
1995 3755 2006 3789 :
2037 3753 2177 3792 nunc

620 3825 826 3894 plenius
863 3832 916 3878 et
940 3823 1162 3877 validius
1192 3822 1258 3876 de
1283 3821 1492 3876 eisdem
1511 3823 1685 3878 dicere
1713 3839 2074 3891 properamus.
2117 3826 2174 3880 Si

619 3914 827 3984 quidem
878 3913 1028 3977 hate,
1071 3927 1187 3980 qua:
1224 3912 1465 3981 loquutus
1494 3902 1639 4008 1θιιηι,
1682 3913 1920 3968 fidelibus
1966 3914 2175 3982 quidem

618 4018 758 4060 certa
801 4015 954 4065 sunt,
989 4004 1278 4057 inﬁdelibus
1307 4014 1477 4058 autem
1502 4004 1569 4084 ac
1592 4005 1763 4058 dubiis
1785 4006 2025 4060 videntur
2058 4022 2176 4062 esse

623 4095 880 4157 fabulosa,
925 4093 988 4145 ad
1017 4107 1149 4160 quos
1181 4107 1341 4159 pauca
1368 4091 1596 4180 strictlius
1629 4095 1972 4161 proferamus.
2017 4096 2175 4150 Certe

623 4184 938 4251 quicumque
965 4183 1090 4235 estis
1119 4181 1368 4234 increduli
1395 4223 1409 4247 ,
1459 4197 1668 4242 omnem
1709 4185 2084 4240 dubitationem
2111 4186 2177 4242 de

622 4271 910 4325 substantia
933 4269 1167 4338 corporis
1193 4270 1476 4324 sustinetis.
1503 4271 1820 4334 Disereditur
1845 4273 1982 4325 enim
2011 4290 2038 4326 a
2061 4275 2179 4340 qui-

625 4359 865 4423 busdam,
883 4374 1092 4412 carnem
1117 4373 1420 4412 conversam
1438 4357 1487 4410 in
1507 4346 1794 4432 pulverem,
1821 4360 2008 4413 iterum
2029 4375 2181 4427 posse

626 4467 933 4520 resurgere,
983 4452 1168 4504 iterum
1213 4437 1556 4528 reviviscere,
1595 4449 1854 4502 Cancrum
1901 4449 1966 4503 de
2008 4450 2180 4503 anima

627 4545 826 4596 nullum
857 4559 1008 4610 posse
1026 4543 1290 4596 hominum
1318 4529 1556 4596 dubitare
1576 4559 1587 4593 :
1611 4542 1653 4596 si
1679 4541 1888 4611 quidem
1908 4543 1974 4597 de
1993 4545 2180 4598 animat

576 4647 584 4656 '
628 4634 1016 4686 immortalitate
1047 4647 1145 4686 nec
1175 4631 1468 4700 philosophi
1506 4631 1638 4699 ipsi,
1681 4645 1801 4684 cum
1840 4633 1942 4686 sint
1968 4635 2178 4702 pagani,

630 4723 964 4775 dissentiunt.
1019 4723 1143 4774 Nam
1171 4720 1293 4789 quid
1324 4730 1404 4774 est
1431 4735 1606 4784 mors,
1655 4721 1752 4774 nisi
1780 4723 2036 4789 separatio
2062 4738 2182 4778 cor-

633 4811 774 4880 poris
803 4811 1132 4878 animzeqne?
1165 4808 1458 4863 Recedente
1487 4811 1626 4863 enim
1657 4810 1828 4863 anima
1847 4851 1860 4874 ,
1893 4827 2010 4879 quae
2040 4826 2180 4865 sem-

633 4916 728 4970 per
756 4901 920 4962 vivit,
963 4915 1078 4967 qua:
1109 4899 1240 4951 mori
1282 4898 1484 4964 nescit,
1527 4889 1644 4966 quia
1675 4899 1742 4952 de
1772 4899 1894 4952 flatu
1923 4900 2011 4954 Dei
2036 4910 2117 4954 est
2139 4901 2179 4962 ⁸,

633 4990 800 5043 solum
825 5003 1014 5057 corpus
1041 4988 1293 5041 emoritur
1318 5003 1332 5039 :
1359 4987 1476 5053 quia
1503 4987 1640 5050 aliud
1684 4990 1732 5040 in
1765 4988 1915 5042 nobis
1945 4991 2182 5053 mortale,

635 5079 774 5131 aliud
803 5078 1094 5131 immortale
1121 5085 1216 5130 est.
1243 5074 1346 5129 Sed
1370 5061 1619 5131 recedens
1644 5075 1837 5139 anima,
1860 5092 1976 5144 quae
1999 5093 2185 5131 carna-

636 5167 773 5221 libus
811 5166 977 5218 oculis
1007 5180 1108 5216 non
1154 5163 1396 5228 videtur,
1438 5164 1505 5217 ab
1545 5165 1744 5238 angelis
1786 5165 2090 5230 suscipitur,
2136 5176 2186 5218 et

699 5303 714 5329 ι
748 5304 828 5348 Is.
853 5297 1012 5354 Corb.,
1038 5311 1068 5345 a
1090 5295 1379 5356 spiritalibus
1396 5286 1641 5358 inimicis,‘
1669 5301 1872 5358 tantum,
1919 5305 1970 5345 et
1993 5297 2186 5358 ibidem,

636 5358 840 5419 undique
861 5371 1074 5406 errorum
1093 5355 1236 5403 Casus
1258 5355 1419 5404 διεσαιὶ
1443 5356 1718 5416 prwparati.

700 5422 720 5451 ³
754 5425 852 5464 ls..
871 5424 1248 5464 conreanaturos.

822 5452 852 5464 ..
871 5431 1248 5464 conreanaturos.

701 5424 720 5451 ³
754 5425 852 5474 ls.,
871 5424 1248 5480 conregnaturos.

701 5479 1100 5542 {Edithvetetjcs
1138 5474 1399 5542 Augustini,
1443 5474 1503 5521 de
1531 5473 1845 5542 consutatione
1881 5481 2187 5527 mortuorum.

637 5537 778 5588 Corb.
805 5537 984 5592 Codex,
1009 5537 1067 5584 de
1090 5534 1396 5586 consolatione
1417 5534 1734 5582 mortalitatis.

702 5608 721 5626 δ
754 5598 868 5645 txiiti
896 5604 1105 5663 veteres,
1125 5597 1185 5663 de
1206 5593 1322 5663 ﬂatu
1346 5593 1435 5660 pet
1454 5598 1523 5642 est
1556 5592 1802 5663 inspirata,
1831 5599 1882 5643 et
1905 5594 2041 5656 paulo
2064 5604 2183 5656 post,

643 5670 747 5719 qua:
769 5656 1035 5705 rarnnﬁbus
1055 5655 1211 5704 oculis
1226 5655 1375 5703 videri
1392 5666 1481 5702 non
1511 5659 1672 5714 potest.

1287 361 1341 416 ε.
1383 359 1655 417 JOANNIS
1691 355 2158 415 CllRYSOSTOMl
2198 356 2506 414 ARCHIEP.
2547 360 3071 418 CONSTANTINOP.

3707 369 3819 425 300

2259 468 2542 523 collocatur
2583 479 2674 524 aut
2715 473 2764 524 in
2795 472 2912 525 sinu
2949 471 3208 538 Abrahat,
3247 472 3291 528 si
3318 471 3483 528 fidelis
3504 481 3614 536 est:
3641 483 3733 528 aut
3756 474 3813 530 in

2255 560 2481 613 carceris
2509 559 2698 614 inferni
2735 561 2972 615 custodia
2993 602 3008 628 ,
3039 562 3083 616 si
3113 565 3374 631 peccatrix
3401 572 3518 618 est:
3547 563 3671 618 dum
3701 573 3812 619 sta-

2258 657 2400 702 tutus
2422 651 2598 703 veniat
2621 650 2768 715 dies,
2800 667 2903 718 quo
2930 666 3079 706 suum
3110 653 3329 720 recipiat
3356 667 3566 722 corpus,
3597 661 3650 709 et
3673 654 3812 723 apud

2259 737 2482 791 tribunal
2523 737 2716 792 Christi
2755 740 2943 806 iudicis
2980 741 3089 795 veri
3131 739 3314 794 reddat
3356 754 3566 794 suorum
3593 756 3813 811 operum

2257 827 2535 882 rationem.
2584 829 2720 896 Ergo
2767 829 2885 897 quia
2924 829 2990 883 de
3029 843 3190 883 carne
3234 837 3341 883 tota
3366 831 3631 884 cunctatio
3658 841 3736 884 est
3769 833 3811 893 ⁸.

2258 915 2410 985 hujus
2435 926 2514 971 est
2544 918 2818 972 inﬁrmitas
2858 917 3216 986 defendenda,
3249 929 3302 974 et
3337 921 3650 976 resurrectio
3685 937 3816 976 con-

2259 1004 2526 1072 signanda.

2327 1093 2381 1146 2.
2412 1094 2600 1146 Μονιυί
2633 1095 2876 1164 quomodo
2909 1107 3184 1166 resurgant.
3227 1097 3475 1152 Probatur
3500 1099 3656 1154 Deum
3685 1116 3820 1152 mor-

2261 1192 2370 1236 tuos
2408 1200 2551 1252 posse
2578 1185 2838 1237 suscitare.
2878 1214 2947 1224 —
2987 1185 3135 1251 Quod
3175 1186 3220 1241 si
3263 1187 3378 1255 quis
3421 1189 3648 1256 requirat
3675 1203 3705 1242 a
3728 1202 3820 1241 me

2260 1274 2445 1327 dubius
2469 1282 2523 1327 et
2548 1275 2844 1327 incredulus
2869 1315 2882 1338 ,
2916 1276 3173 1341 Quomodo
3207 1279 3388 1330 mortui
3413 1290 3685 1348 resurgant.
3717 1294 3818 1346 quo

2259 1372 2422 1414 autem
2462 1379 2668 1430 corpore
2709 1364 2937 1417 venient?
2984 1365 3313 1432 respondebo
3350 1368 3394 1420 ei
3423 1381 3512 1421 ore
3541 1381 3603 1421 ac
3640 1368 3819 1422 verbis

2264 1451 2522 1523 Apostoli,
2563 1453 2838 1524 Insipiens,
2867 1462 2919 1505 tu
2953 1454 3084 1522 quod
3121 1457 3356 1519 seminus,
3397 1473 3492 1510 non
3521 1459 3814 1526 vioiﬁcatur,

2261 1541 2360 1592 nisi
2393 1543 2530 1608 prius
2571 1542 2814 1594 moriatur
2839 1557 2856 1592 :
2882 1552 2926 1593 et
2963 1544 3093 1609 quod
3115 1546 3360 1607 seminus,
3399 1545 3582 1598 nudum
3602 1549 3818 1599 seminus

2261 1647 2468 1699 granum
2496 1631 2643 1684 tritici
2675 1643 2760 1683 aut
2790 1634 2992 1686 alterius
3024 1633 3237 1701 alicujus
3259 1636 3456 1688 seminis
3487 1637 3558 1705 (i.
3581 1635 3694 1690 Cor.
3728 1637 3814 1689 13.

2263 1720 2450 1786 35-37)
2475 1760 2490 1783 ,
2522 1728 2782 1772 mortuum
2824 1730 2876 1774 et
2910 1721 3112 1775 aridum
3150 1724 3262 1776 sine
3305 1724 3558 1788 humore;
3610 1734 3661 1778 et
3697 1740 3817 1778 cum

2259 1807 2606 1877 putrefactum
2650 1809 2822 1874 fuerit,
2855 1809 3123 1865 fecundius
3149 1814 3348 1880 surgit,
3385 1815 3541 1882 (itque
3575 1818 3820 1868 vestitum

2265 1896 2539 1959 folliculis,
2584 1899 2759 1950 aristis
2800 1909 3075 1952 armatum.
3126 1901 3222 1966 Qui
3267 1917 3391 1969 ergo
3418 1917 3634 1970 granum
3663 1904 3819 1955 tritici

2267 1987 2478 2038 suscitat
2534 1997 2747 2054 propter
2794 1997 2882 2051 te,
2936 1989 3102 2057 ipsum
3148 1999 3198 2043 te
3253 2005 3355 2044 non
3407 1993 3598 2060 poterit
3652 1994 3820 2046 susci-

2265 2087 2376 2130 tare
2407 2091 2621 2146 propter
2662 2092 2720 2132 se
2763 2078 2880 2148 (a)?
2926 2081 3014 2148 qui
3067 2079 3232 2134 solem
3277 2083 3506 2149 quotidie
3555 2084 3704 2151 quasi
3753 2083 3823 2136 de

2270 2167 2504 2234 sepulcro
2544 2167 2712 2220 noctis
2743 2171 2991 2233 suscitat,
3029 2179 3082 2223 et
3121 2169 3295 2224 lunam
3336 2173 3482 2238 quasi
3509 2172 3574 2225 de
3607 2173 3822 2226 interitu

2265 2266 2508 2323 reparat,
2541 2265 2593 2310 et
2623 2266 2855 2325 tempora
2882 2257 3180 2312 recedentia
3218 2270 3428 2313 revocat
3451 2261 3516 2314 ad
3547 2262 3819 2314 utilitatem

2267 2345 2466 2398 scilicet
2492 2355 2722 2398 nostram
2757 2364 2770 2400 :
2810 2347 2948 2414 ipsos
2989 2362 3085 2402 nos
3105 2387 3117 2409 ,
3147 2358 3358 2418 prepter
3377 2363 3508 2415 quos
3536 2351 3710 2403 omnia
3743 2366 3823 2403 re-

2268 2442 2449 2503 parat,
2493 2449 2595 2487 non
2637 2435 2904 2504 requiret,
2934 2445 2988 2490 et
3027 2438 3190 2492 semel
3237 2441 3458 2507 patietur
3492 2440 3748 2505 exstingui
3778 2441 3822 2502 ⁸,

2267 2539 2400 2594 quos
2425 2541 2518 2579 suo
2545 2525 2669 2579 ﬂatu
2699 2526 2970 2592 accendit,
3015 2543 3146 2596 quos
3185 2543 3281 2582 suo
3319 2529 3502 2596 Spiritu
3535 2529 3824 2582 animavit?

2269 2623 2321 2668 et
2350 2615 2399 2667 in
2430 2624 2736 2684 perpetuum
2762 2615 2868 2682 jam
2897 2630 2997 2669 non
3032 2618 3130 2671 erit
3163 2617 3336 2677 homo,
3369 2618 3455 2685 qui
3491 2619 3634 2670 illum
3665 2619 3746 2685 pie
3773 2627 3826 2670 et

2269 2706 2478 2772 agnovit
2503 2713 2555 2758 et
2595 2703 2796 2757 coluit?
2839 2704 2940 2758 Sed
2989 2706 3175 2758 iterum
3217 2705 3443 2768 dubitas,
3486 2706 3628 2774 quod
3659 2707 3826 2772 possis

2271 2793 2502 2861 reparari
2531 2802 2649 2861 post
2688 2801 2908 2846 mortem
2930 2832 2944 2858 ,
2991 2795 3196 2848 restitui
3225 2803 3340 2861 post
3365 2794 3594 2847 cinerem
3626 2803 3679 2847 et
3707 2807 3825 2846 ossa

2272 2881 2620 2949 consumpta?
2646 2882 2689 2934 0
2717 2881 2894 2945 homo,
2923 2882 3005 2936 di‘c
3027 2882 3173 2944 mihi,
3205 2881 3326 2948 qttid
3360 2881 3494 2934 fuisti
3521 2891 3645 2934 ante
3670 2896 3824 2950 quam

2273 2970 2326 3022 in
2357 2969 2535 3022 matris
2561 2976 2710 3022 utero
2726 2969 3112 3036 concipereris?
3137 2967 3274 3021 Nihil
3304 2969 3495 3036 utique.
3521 2968 3656 3023 Deus
3676 2983 3823 3038 ergo,

2273 3060 2360 3127 qui
2383 3069 2432 3113 te
2451 3060 2647 3112 creavit
2669 3073 2733 3112 ex
2763 3058 2944 3123 nihilo,
2964 3073 3137 3111 nonne
3154 3057 3354 3112 facilius
3381 3060 3567 3125 poterit
3583 3071 3831 3127 reparans

2275 3148 2340 3203 de
2369 3149 2584 3218 aliquo?
2621 3149 2746 3202 Mihi
2771 3149 2926 3203 crede
2948 3190 2960 3212 ,
2993 3147 3193 3202 facilius
3224 3149 3412 3213 poterit
3437 3151 3653 3203 reticere
3690 3149 3830 3216 quod

2275 3252 2398 3294 ante
2417 3240 2523 3307 jam
2550 3240 2644 3294 fuit
2664 3281 2677 3303 ,
2722 3241 2806 3309 qui
2839 3241 3008 3308 potuit
3034 3240 3052 3270 ³
3083 3255 3260 3294 creare
3282 3241 3416 3309 quod
3446 3255 3546 3293 non
3574 3240 3685 3293 fuit.
3733 3241 3833 3306 Qui

2277 3336 2330 3381 te
2364 3344 2426 3381 ex
2464 3337 2605 3396 gutta
2644 3327 2880 3381 informis
2909 3329 3123 3392 liquoris
3165 3329 3214 3381 in
3259 3339 3359 3382 tua:
3387 3329 3566 3382 matris
3595 3337 3750 3382 utero
3778 3328 3829 3381 in

2280 3431 2487 3482 nervos,
2518 3431 2674 3470 venas
2700 3425 2752 3470 et
2777 3431 2894 3469 ossa
2926 3418 3079 3484 jussit
3099 3431 3422 3480 excrescere,
3467 3419 3677 3482 poterit,
3705 3417 3832 3470 mihi

2279 3506 2456 3568 crede,
2485 3505 2550 3559 de
2575 3516 2721 3559 utero
2751 3517 2905 3558 terrae
2930 3506 3115 3559 iterum
3143 3520 3416 3574 generare.
3456 3505 3560 3559 Sed
3588 3505 3743 3559 times
3771 3520 3835 3559 ne

2281 3594 2415 3648 forte
2444 3607 2560 3648 ossa
2600 3604 2683 3647 tua
2727 3595 2874 3647 arida
2905 3595 3078 3648 vestiri
3119 3595 3334 3662 pristina
3377 3609 3534 3648 carne
3575 3609 3678 3647 non
3710 3609 3835 3663 pos-

2282 3686 2423 3738 sint?
2470 3684 2618 3748 Noli,
2653 3685 2788 3747 noli,
2824 3684 3106 3737 secundum
3147 3694 3284 3736 tnatn
3315 3685 3704 3753 impotentiam,
3745 3685 3834 3739 Dei

2282 3775 2543 3827 mstimare
2581 3775 2926 3840 tnajestatem.
2975 3774 3228 3828 Deusille
3258 3788 3433 3828 rerum
3459 3775 3693 3828 omnium
3718 3788 3838 3842 pro-

2283 3872 2507 3926 creator,
2560 3864 2644 3929 qui
2695 3865 2848 3915 vestit
2889 3864 3106 3916 arbores
3133 3862 3298 3926 foliis,
3345 3872 3396 3916 et
3423 3871 3566 3931 prata
3598 3862 3835 3924 ﬂoribus,

2283 3952 2477 4020 poterit
2505 3959 2556 4004 ct
2597 3959 2682 4003 tua
2729 3965 2844 4003 ossa
2891 3950 3028 4003 illico
3066 3951 3205 4006 veris
3248 3949 3530 4021 tempore‘
3556 3951 3605 4003 in
3656 3964 3836 4004 remr-

2286 4039 2517 4092 rectione
2550 4040 2761 4092 vestire.
2818 4038 3153 4092 Dubitaverat
3181 4039 3460 4105 aliquando
3487 4038 3553 4091 de
3588 4038 3684 4090 ltoc
3725 4037 3839 4105 ipso

2286 4127 2540 4195 propheta
2573 4126 2853 4189 Ezechiel,
2883 4135 2935 4180 et
2965 4127 3311 4194 interrogatus
3340 4141 3368 4178 a
3394 4127 3633 4185 Domino.
3664 4136 3837 4180 utrum

2288 4217 2526 4268 viverent
2545 4230 2664 4268 ossa
2691 4215 2832 4267 arida
2854 4256 2867 4279 ,
2897 4230 3011 4283 qua:
3033 4215 3340 4269 videbantur
3366 4229 3543 4283 sparsa
3577 4229 3670 4280 per
3688 4229 3838 4268 cam-

2289 4318 2431 4369 pum,
2461 4303 2764 4369 respondit,
2798 4301 2872 4354 Tu
2898 4305 3012 4368 scis,
3041 4301 3254 4356 Domine
3283 4300 3484 4368 (Ezech.
3510 4303 3596 4355 37.
3627 4301 3697 4372 3).
3734 4302 3840 4356 Sed

2291 4399 2562 4457 postquam
2595 4391 2700 4443 Deo
2735 4389 2951 4456 jubente
2975 4430 2988 4452 ,
3021 4397 3071 4442 et
3096 4390 3270 4456 selpso
3298 4387 3641 4456 prophetaute
3665 4429 3679 4452 ,
3712 4389 3845 4442 vidit

2289 4492 2407 4530 ossa
2449 4478 2512 4530 ad
2540 4492 2631 4530 sua
2664 4478 2775 4530 loca
2811 4487 2863 4530 et
2898 4477 3170 4546 juncturas
3217 4477 3476 4530 currentia
3499 4517 3514 4541 ,
3565 4485 3844 4544 postquam

2291 4566 2419 4618 vidit
2445 4581 2563 4619 ossa
2584 4566 2727 4618 arida
2757 4569 2928 4620 nervis
2952 4565 3116 4634 ligari,
3150 4567 3295 4620 venis
3327 4566 3504 4631 intexi,
3527 4580 3684 4619 carne
3709 4579 3848 4618 con-

2293 4657 2420 4725 tegi,
2467 4665 2585 4709 cute
2624 4656 2832 4719 vestiri,
2880 4663 3059 4723 postea
3102 4654 3430 4723 pr0phetavit
3459 4656 3508 4708 in
3537 4655 3722 4723 spiritu
3744 4695 3760 4718 ,
3796 4663 3850 4708 et

2291 4743 2506 4796 veniens
2547 4743 2761 4810 spiritus
2802 4742 3204 4810 uniuscujusque
3253 4743 3482 4794 introivit
3528 4744 3578 4795 in
3616 4755 3850 4808 corpora

2293 4833 2378 4885 illa
2400 4833 2622 4900 jacentia
2644 4871 2657 4895 ,
2699 4841 2750 4885 et
2785 4839 3208 4892 resurrexcrunt,
3251 4839 3303 4884 et
3342 4846 3458 4884 mox
3489 4839 3750 4884 steterunt
3783 4831 3803 4860 '
3836 4848 3849 4882 :

2292 4922 2368 4974 sic
2395 4919 2730 4973 confirmatus
2759 4919 2826 4972 de
2871 4918 3253 4971 resurrectione
3296 4919 3585 4985 propheta,
3633 4917 3854 4984 scripsit

2295 5011 2545 5062 visionem
2569 5048 2583 5072 ,
2617 5015 2672 5060 ut
2698 5006 2762 5060 ad
2793 5015 3030 5074 posteros
3064 5013 3222 5059 tanta:
3247 5007 3321 5061 rei
3350 5006 3574 5074 cognitio
3603 5008 3856 5072 perveni-

2358 5158 2372 5186 ι
2410 5155 2522 5202 Editt
2560 5160 2787 5210 veteres,
2825 5156 2918 5199 tota
2952 5150 3259 5201 contradictio
3296 5157 3396 5209 est,
3437 5161 3543 5211 qua:
3573 5147 3721 5198 lectio
3757 5165 3858 5202 non

2295 5216 2581 5276 spernenda.
2698 5271 2707 5280 π
2950 5271 2959 5280 ο
3189 5271 3198 5281 ι
3303 5270 3312 5280 _

2359 5278 2378 5340 ξ
2411 5275 2578 5331 tidem,
2601 5277 2643 5319 et
2663 5283 2841 5340 emeres
2861 5277 3060 5331 patietur
3077 5277 3329 5340 asangm.

2361 5335 2380 5364 ³
2414 5342 2489 5381 Ms.
2510 5332 2716 5392 secunda
2738 5344 2894 5387 manu,
2919 5344 3058 5392 quam
3078 5332 3238 5392 potuit.

2359 5394 2380 5424 ⁸
2415 5399 2537 5448 Mss,
2553 5391 2636 5438 illo
2657 5397 2782 5438 certo
2804 5392 2917 5439 veri.

2361 5454 2380 5483 ⁵
2414 5459 2538 5507 Haec,
2563 5457 2606 5498 et
2629 5463 2738 5498 mox
2759 5456 2996 5509 steterunt,
3020 5449 3193 5499 desunt
3227 5452 3275 5496 in
3300 5456 3402 5496 Mss.

2363 5534 2431 5593 (a)
2464 5539 2586 5593 nec,
2614 5531 2766 5593 ipsimi
2787 5537 2832 5579 te
2848 5544 2937 5580 non
2958 5531 3126 5593 poterit
3146 5528 3372 5593 suscitare
3389 5534 3577 5593 propter
3597 5539 3668 5585 se,
3691 5541 3749 5577 tn
3775 5543 3857 5580 ve-

2301 5589 2485 5641 teribus
2523 5589 2662 5638 aditis
2699 5589 2967 5648 habentur,'
2990 5599 3039 5639 et
3073 5591 3130 5650 ad
3167 5589 3860 5650 marginemrejcctamut

2307 5662 2543 5712 postrema
2565 5651 2789 5699 Editione.
2814 5650 2900 5697 Sed
2915 5660 3027 5712 puto
3046 5649 3103 5696 ad
3126 5649 3304 5697 seriem
3330 5649 3574 5710 quadrare.
