4000 6220
228 357 336 411 301

230 475 332 519 ret.
374 463 555 518 Merito
584 478 708 531 ergo
732 464 923 517 clamat
956 460 1115 515 Isaias
1142 476 1156 514 :
1188 458 1471 528 Exsurgent
1495 462 1703 521 mortui,
1736 464 1782 509 et

229 561 486 621 resurgent
524 553 607 622 qui
644 562 756 605 sunt
792 552 844 603 in
881 548 1239 611 monumentis,
1284 556 1329 601 et
1368 546 1665 600 laetabuntur
1701 543 1786 612 qui

229 653 343 695 sunt
367 643 417 694 in
447 652 595 693 terra.
645 641 746 694 Ros
773 641 922 703 enim,
958 639 1042 705 qui
1068 638 1152 689 abs
1174 646 1219 689 te
1244 645 1344 701 est,
1384 638 1567 688 sanitas
1598 643 1666 686 est
1686 633 1785 685 illis

229 727 385 798 (lsai.
401 730 489 782 ‘26.
515 728 625 798 19).
644 727 780 781 Vere
800 727 961 791 enim,
986 727 1121 779 sicut
1140 740 1259 778 rore
1278 722 1565 777 madefacta
1588 721 1787 776 semina

230 819 529 887 germinant
558 826 611 871 et
638 824 957 885 exsurgunt,
1004 816 1081 870 sic
1110 829 1229 869 rore
1260 814 1482 883 Spiritus
1507 827 1625 868 ossa
1656 810 1788 866 fide-

231 908 359 961 lium
386 908 747 976 germinabunt
774 908 816 960 ί.

308 997 359 1051 5.
391 993 536 1048 Aliud
571 1005 931 1064 argumentum.
959 1023 1029 1035 —
1052 993 1154 1049 Sed
1178 993 1403 1054 dubitas,
1434 990 1694 1060 quomodo
1723 989 1789 1045 de

233 1084 410 1152 parvis
444 1083 648 1137 ossibus
684 1093 823 1137 totus
864 1084 1021 1137 homo
1047 1082 1249 1135 restitui
1276 1080 1480 1150 possit?
1508 1080 1707 1135 Revera
1734 1087 1789 1132 tu

233 1185 307 1224 ex
329 1170 530 1225 modica
561 1172 785 1225 scintilla
806 1171 937 1239 ignis
960 1170 1223 1238 ingentem
1245 1169 1465 1223 suscitas
1490 1166 1784 1230 flammam;

236 1262 375 1316 Deus
408 1275 512 1315 non
541 1262 730 1329 poterit
766 1276 831 1314 ex
863 1259 1069 1314 modico
1094 1259 1286 1313 cineris
1330 1259 1400 1312 tui
1428 1259 1681 1312 fermento
1708 1266 1789 1311 to-

236 1360 347 1403 tum
376 1350 670 1419 corpusculi
716 1349 787 1403 tui
836 1348 1197 1417 redintegrare
1234 1347 1618 1417 conspersum?
1661 1345 1788 1399 Nam

236 1442 338 1494 etsi
384 1440 526 1494 dicas
558 1458 571 1493 :
601 1439 864 1508 Nusquam
907 1446 1210 1507 comparent
1249 1440 1421 1492 carnis
1464 1437 1624 1505 ipsius
1664 1434 1790 1488 reli-

236 1529 409 1597 quiae;
449 1529 665 1581 forsitan
692 1532 831 1581 enim
862 1534 951 1580 aut
974 1528 1091 1595 igne
1125 1534 1448 1595 consumpta:
1472 1528 1613 1588 sunt,
1644 1532 1732 1576 aut
1760 1535 1790 1574 a

237 1616 419 1670 bestiis
464 1616 725 1670 devorata:
755 1634 767 1669 :
802 1615 899 1669 hoc
930 1616 1149 1685 primum
1181 1615 1341 1677 scito,
1383 1613 1501 1681 quia
1544 1609 1791 1679 quidquid

238 1705 598 1771 consumitur,
652 1705 702 1759 in
752 1713 904 1760 terrm
949 1704 1238 1759 visceribus
1281 1703 1607 1764 continetur,
1656 1697 1792 1753 unde

239 1811 421 1850 rursus
451 1798 640 1866 poterit
670 1798 774 1851 Deo
800 1796 1137 1865 prmcipicnte
1180 1792 1415 1862 produci.
1471 1790 1599 1845 Nam
1631 1799 1683 1844 et
1714 1799 1786 1854 tu,

238 1901 358 1940 cum
389 1902 490 1940 non
515 1895 763 1955 appareat
790 1887 921 1955 ignis
946 1926 960 1949 ,
1002 1885 1218 1939 adhibes
1252 1882 1485 1952 lapillum
1504 1922 1518 1945 ,
1548 1889 1601 1935 et
1627 1880 1792 1935 modi—

238 1991 363 2028 cum
402 1974 524 2029 ferri
552 2015 564 2039 ,
614 1984 666 2029 et
692 1975 894 2030 excutis
923 1973 988 2027 de
1016 1973 1305 2027 visceribus
1350 1971 1509 2039 lapilli
1543 1978 1792 2039 quantum

241 2079 372 2131 opus
403 2072 482 2117 est
524 2063 675 2133 ignis.
724 2063 871 2130 Quod
909 2077 1033 2132 ergo
1072 2077 1164 2131 per
1210 2071 1349 2115 tuam
1394 2059 1697 2114 industriam
1742 2066 1795 2112 et

240 2153 573 2220 sapientiam,
601 2167 755 2221 quam
802 2152 894 2205 tibi
940 2152 1073 2205 Deus
1101 2151 1211 2220 ipse
1236 2149 1513 2211 concessit,
1545 2148 1701 2213 facis,
1738 2154 1795 2201 ut

242 2241 502 2309 producas
527 2242 665 2310 quod
688 2255 790 2295 non
812 2250 1025 2309 apparet
1052 2242 1072 2272 ¹
1093 2283 1107 2306 ,
1142 2240 1385 2308 majestas
1415 2240 1498 2292 illa
1526 2238 1697 2291 divina
1718 2236 1795 2290 fa-

243 2343 367 2383 cere
390 2344 481 2382 sua
508 2331 698 2385 virtute
725 2346 826 2384 non
852 2330 1073 2398 poterit,
1119 2338 1175 2383 ut
1197 2344 1313 2398 qum
1342 2329 1549 2383 interim
1576 2343 1676 2381 non
1711 2327 1791 2380 vi-

242 2416 434 2470 dentur
458 2418 725 2472 excutiat?
750 2418 873 2472 Mihi
906 2417 1082 2481 crede,
1112 2424 1284 2486 potest
1307 2417 1477 2470 omnia
1506 2417 1662 2471 Deus.

316 2506 368 2559 4.
394 2506 615 2560 Christus
640 2511 858 2576 futuram
885 2508 1285 2561 resurrectionem
1316 2506 1621 2573 testiﬁcatur.
1667 2505 1794 2559 Item

244 2595 458 2662 apostoli
487 2604 531 2647 et
558 2605 794 2664 martyres
814 2636 828 2658 ,
863 2605 907 2648 et
940 2595 1340 2649 Machabmorum
1369 2603 1542 2649 mater.
1576 2624 1644 2635 --
1687 2594 1795 2648 Hoc

246 2690 447 2735 tantum
492 2684 698 2751 require
720 2724 736 2749 ,
778 2692 953 2736 utrum
997 2683 1293 2751 promiserit
1329 2698 1386 2737 se
1414 2683 1587 2737 facere
1613 2697 1789 2736 resur-

246 2772 540 2825 rectionem
585 2790 597 2825 :
636 2782 688 2826 et
730 2787 846 2824 cum
894 2774 1202 2839 promissam
1253 2780 1509 2824 tantorum
1553 2770 1795 2823 didiceris

247 2858 561 2913 testimoniis
585 2897 599 2923 ,
646 2860 751 2913 imo
775 2873 893 2913 cum
921 2859 1082 2927 ipsius
1107 2858 1299 2913 Christi
1327 2858 1531 2912 Domini
1570 2858 1788 2912 certissi-

247 2962 391 3000 mam
420 2947 610 3001 habeas
634 2948 925 3002 cautionem
950 2987 963 3011 ,
1011 2947 1345 3001 continuatus
1388 2948 1490 3002 ﬁde
1512 2988 1525 3012 ,
1573 2957 1795 3001 mortem

245 3037 430 3091 desine
446 3038 553 3105 jam
582 3039 782 3092 timere.
811 3038 908 3105 Qui
935 3037 1076 3092 enim
1102 3038 1251 3091 timet
1274 3037 1441 3093 adhuc
1460 3077 1474 3102 ,
1506 3036 1753 3092 discredit
1780 3053 1794 3091 ε

245 3127 339 3194 qui
382 3126 665 3193 discredit,
716 3137 982 3196 peceatum
1025 3128 1286 3182 contrahit
1329 3129 1648 3193 insanabile,
1676 3128 1795 3198 quia

246 3230 345 3268 sua
385 3216 745 3271 incredulitate
783 3217 939 3271 audet
980 3218 1142 3271 Deum
1186 3227 1277 3271 aut
1322 3218 1662 3286 impetentem
1706 3226 1797 3271 aut

244 3312 395 3357 certe
434 3318 732 3359 asseverare
766 3305 1090 3360 mendacem.
1139 3306 1241 3361 Sed
1271 3322 1375 3361 non
1405 3308 1473 3360 ita
1501 3308 1639 3361 beati
1676 3322 1799 3375 apo-

245 3393 393 3456 stoli,
424 3408 525 3446 non
552 3396 619 3447 ita
655 3396 821 3449 sancti
848 3404 1103 3465 martyres
1125 3396 1367 3465 probant.
1392 3396 1648 3464 Apostoli,
1677 3410 1798 3463 pro-

247 3491 370 3549 pter
412 3481 544 3536 hanc
587 3483 1009 3551 praedicationem
1055 3485 1490 3550 resurrectionis,
1536 3484 1798 3539 Christum

246 3572 604 3625 resurrexisse
632 3571 949 3641 praedicant,
991 3581 1046 3626 et
1070 3572 1121 3626 in
1150 3572 1262 3641 ipso
1291 3582 1523 3627 mortuos
1548 3573 1802 3627 suscitan-

245 3660 349 3713 dos
377 3662 721 3727 annuntiant,
762 3676 860 3716 nec
896 3671 1118 3716 mortem
1162 3677 1259 3716 ncc
1306 3672 1561 3717 tormenta
1589 3675 1801 3717 recusa-

247 3758 441 3801 verunt
469 3764 567 3802 nec
600 3764 801 3804 cruces.
849 3750 904 3805 Si
933 3766 1056 3819 ergo
1082 3753 1134 3804 in
1160 3766 1252 3805 ore
1280 3752 1501 3806 duorum
1527 3753 1607 3805 vel
1648 3752 1800 3807 trium

246 3837 464 3890 testium
492 3846 593 3891 stat
621 3853 776 3893 omne
803 3839 1021 3893 verbum
1053 3857 1064 3892 :
1108 3842 1423 3895 resurrectio
1450 3850 1797 3907 mortuorum,

244 3926 337 3980 cui
375 3936 450 3980 tot
476 3936 527 3981 et
556 3936 660 3980 tam
688 3929 859 3983 idonei
890 3938 1048 3984 testes
1076 3932 1363 3996 exsistunt,
1408 3932 1488 3985 cui
1526 3947 1642 3985 cum
1673 3932 1802 3986 εσυ.

247 4014 403 4067 sione
430 4015 693 4083 sanguinis
721 4018 1071 4070 testimonium
1097 4019 1307 4082 dicunt,
1344 4020 1604 4088 quomodo
1632 4029 1802 4089 potest

248 4103 305 4156 in
338 4102 555 4157 dubium
594 4105 865 4159 revocari?
907 4105 1039 4174 Quid
1086 4116 1259 4160 autem
1301 4110 1464 4162 sancti
1511 4111 1802 4179 martyres?

248 4192 548 4246 habuerunt
573 4202 769 4248 certam
813 4209 958 4262 spem
1004 4195 1435 4259 resurrectionis,
1480 4199 1690 4250 annon?
1746 4198 1800 4252 Si

248 4297 364 4337 non
393 4282 730 4347 habuissent,
774 4300 875 4337 non
906 4284 1080 4353 utique
1122 4300 1214 4352 per
1253 4294 1426 4340 tantos
1462 4287 1725 4340 cruciatus
1752 4296 1803 4340 ct

248 4389 440 4444 pmnas
471 4384 690 4428 mortem
721 4390 816 4443 pro
844 4376 987 4428 lucro
1032 4377 1256 4429 maxime
1282 4377 1668 4444 suscepissent:
1698 4393 1800 4430 non

248 4465 550 4533 cogitabant
574 4465 824 4534 supplicia
848 4465 1140 4532 prmsentia,
1161 4466 1251 4519 sed
1276 4469 1483 4532 praemia
1505 4477 1801 4535 sequutum.

249 4552 501 4608 Sciebant
522 4553 751 4617 dictum,
781 4553 903 4618 Qua
922 4554 1146 4605 videntur
1166 4594 1179 4616 ,
1211 4554 1276 4604 ad
1299 4564 1487 4623 tempus
1512 4565 1659 4620 sunt;
1694 4572 1804 4625 qua:

248 4653 422 4695 autem
451 4660 548 4695 non
590 4643 847 4705 videntur,
881 4652 1065 4695 (eterna
1092 4652 1203 4694 sunt
1234 4643 1304 4711 (ἓ.
1331 4642 1447 4698 Cor.
1470 4645 1521 4698 4.
1554 4646 1663 4713 18).
1698 4648 1804 4699 Αυ-

251 4733 366 4785 dite
386 4772 399 4794 ,
430 4731 615 4784 fratres
639 4770 653 4795 ,
679 4732 883 4784 virtutis
910 4731 1226 4797 exemplum.
1257 4732 1416 4785 Mater
1438 4743 1638 4801 septem
1668 4734 1803 4787 filios

251 4820 591 4882 hortabatur,
639 4827 692 4871 et
734 4834 835 4870 non
880 4818 1123 4886 lugebat,
1177 4819 1266 4871 sed
1296 4820 1468 4886 potius
1497 4822 1802 4875 laetabatur:

247 4906 466 4959 videbat
489 4905 622 4958 filios
650 4920 773 4958 suos
799 4906 1003 4974 ungulis
1040 4906 1189 4967 radi,
1238 4905 1378 4959 ferro
1417 4909 1648 4971 concidi,
1692 4926 1803 4962 sar-

250 4995 431 5059 tagine
458 4993 650 5057 assari;
689 5002 742 5046 et
769 5006 872 5044 non
898 4993 1150 5061 lacrymas
1178 4991 1453 5055 fundebat,
1500 5011 1603 5050 non
1640 4998 1803 5050 ulula-

248 5090 339 5136 tus
370 5081 616 5142 tollebat,
662 5081 753 5135 sed
779 5081 999 5134 sollicite
1020 5080 1084 5133 ad
1114 5082 1441 5136 tolerantiam
1464 5086 1595 5138 filios
1622 5085 1800 5139 horta-

248 5173 425 5225 batur.
459 5170 571 5224 Non
598 5172 733 5224 enim
760 5179 871 5222 erat
900 5170 985 5223 illa
1011 5171 1235 5225 crudelis
1261 5173 1455 5240 utique,
1484 5175 1573 5227 sed
1602 5176 1798 5229 fidelis:

248 5261 465 5313 amabat
492 5261 653 5322 filios,
694 5273 797 5312 non
820 5259 1037 5312 delicate
1060 5300 1074 5324 ,
1102 5259 1192 5313 sed
1221 5260 1445 5315 fortiter.
1492 5262 1802 5318 llortabatur

317 5372 334 5401 ⁸
375 5368 699 5439 inveteribus
720 5370 879 5425 Editis,
901 5368 968 5419 sic
1006 5383 1113 5439 rore
1136 5372 1288 5421 sancti
1328 5373 1536 5439 Spiritus
1559 5389 1664 5425 ossa
1686 5375 1803 5439 ﬁde-

251 5430 372 5537 lingt
397 5430 578 5536 tjsitata
602 5443 709 5478 cum
743 5444 823 5478 sus
847 5443 1043 5492 corpore
1083 5433 1131 5480 in
1168 5440 1393 5481 a'teruam
1414 5435 1616 5496 gloriam
1634 5430 1801 5498 ςέο-ηιὶ-

249 5503 314 5538 na
351 5502 410 5536 tm
437 5525 448 5536 .

258 5608 270 5618 .
318 5552 343 5619 ξ
376 5557 496 5613 tusc,
522 5555 570 5596 ut
592 5546 824 5619 producas
847 5550 974 5619 quod
994 5563 1099 5619 non‘
1117 5558 1329 5619 apparet,
1374 5562 1424 5603 et
1457 5569 1584 5615 mox,
1618 5564 1667 5605 ut
1698 5570 1801 5619 qua:

252 5611 449 5660 interim
468 5622 558 5657 non
581 5611 793 5656 ridentur
816 5613 1038 5667 excutiat,
1070 5611 1245 5661 desunt
1269 5615 1315 5660 in
1339 5622 1416 5662 Ms.

553 5700 818 5761 Panos.
867 5702 982 5760 (in.
1030 5701 1181 5763 LVI.

1374 348 1461 404 DE
1499 343 1995 405 CONSOLATIONE
2032 344 2294 401 MORTIS.

3337 359 3446 414 302

1889 456 2023 511 filios
2046 457 2110 511 ad
2138 457 2432 527 passionem
2458 500 2472 524 ,
2513 472 2665 528 quam
2693 458 2924 528 gaudens
2952 459 3061 528 ipsa
3089 474 3297 529 quoquc
3322 475 3439 515 sus-

1887 546 2041 615 cepit.
2090 546 2214 599 Erat
2246 547 2385 601 enim
2441 547 2507 601 de
2545 562 2637 601 sua
2666 555 2720 602 ct
2756 562 2969 602 suorum
3008 548 3229 604 filiorum
3258 565 3439 605 resur-

1889 636 2121 688 rectione
2159 650 2365 690 secura.
2422 634 2556 701 Quid
2600 636 2782 704 loquar
2820 637 2979 703 viros,
3026 638 3148 706 quid
3196 637 3438 703 feminas,

1889 724 2010 791 quid
2029 738 2238 791 pueros,
2262 723 2383 791 quid
2414 724 2646 791 puellas?
2674 724 2937 794 quomodo
2959 725 3054 779 sibi
3080 726 3145 780 de
3161 727 3256 781 ista
3272 737 3440 781 morte

1890 811 2156 877 luserunt,
2205 813 2467 880 quomodo
2510 828 2717 867 summa
2761 814 3029 869 celeritate
3071 813 3136 869 ad
3177 816 3438 870 caelestem

1889 902 2127 955 militiam
2175 903 2529 956 transierunt?
2574 902 2824 957 Poterant
2870 905 3051 972 utique
3099 902 3165 958 ad
3209 918 3443 973 praesens

1888 992 2069 1048 vivere
2089 996 2133 1047 si
2163 994 2468 1059 voluissent,
2494 995 2610 1063 quia
2640 996 2688 1048 in
2720 994 2846 1063 ipsis
2868 1002 2981 1049 erat
3008 994 3229 1063 positum
3252 1035 3266 1061 ,
3290 993 3435 1049 Chri-

1892 1091 2028 1137 stum
2056 1084 2293 1151 negando
2319 1085 2556 1137 viverent
2580 1125 2593 1147 ,
2624 1094 2712 1137 aut
2740 1083 3037 1139 confitendo
3058 1093 3388 1139 morerentur
3417 1100 3431 1135 :

1891 1171 1985 1226 sed
2032 1172 2196 1241 magis
2239 1174 2511 1243 elegerunt
2536 1174 2696 1227 vitam
2735 1173 2989 1243 projicere
3026 1181 3437 1243 temporaneam,

1892 1270 1947 1316 et
1966 1261 2121 1314 vitam
2148 1275 2415 1317 assumere
2442 1264 2814 1333 sempiternam
2837 1304 2852 1330 ,
2884 1262 3089 1317 excludi
3115 1263 3180 1318 de
3203 1272 3359 1330 terra,
3388 1272 3444 1319 et

1892 1352 2121 1408 incolere
2140 1355 2345 1409 caelum.

1962 1442 2013 1496 5.
2043 1441 2283 1497 Formido
2304 1446 2473 1499 mortis
2498 1445 2795 1499 excluditur.
2821 1475 2892 1485 —
2914 1444 3052 1499 Inter
3068 1445 3202 1511 hac,
3232 1444 3442 1511 fratres,

1894 1531 2011 1598 quis
2038 1531 2374 1589 dubitationis
2403 1545 2483 1590 est
2516 1535 2699 1591 locus?
2742 1536 2831 1590 ubi
2860 1545 3040 1605 potest
3062 1535 3232 1590 adhuc
3259 1535 3445 1589 mortis

1896 1622 2131 1676 residere
2158 1622 2419 1678 formido?
2450 1626 2504 1679 Si
2531 1636 2818 1697 martyrum
2844 1641 3024 1680 sumus
3053 1626 3165 1689 filii,
3196 1625 3239 1679 si
3261 1639 3443 1678 eorum

1895 1711 2021 1763 socii
2043 1711 2282 1765 volumus
2308 1713 2548 1778 inveniri,
2591 1729 2695 1767 non
2723 1714 3094 1768 contristemur
3124 1718 3313 1775 morte,
3342 1725 3444 1763 non

1896 1798 2165 1867 lugeamus
2209 1814 2386 1865 caros,
2436 1802 2522 1870 qui
2570 1816 2665 1855 nos
2703 1801 3003 1871 prteceduut
3042 1801 3108 1855 ad
3144 1801 3443 1855 Dominum.

1896 1884 2023 1939 Nam
2055 1887 2097 1940 si
2138 1887 2381 1955 plangere
2411 1889 2762 1955 voluerimus,
2810 1890 2907 1957 ipsi
2947 1890 3097 1944 nobis
3125 1888 3450 1943 insultabunt

1897 1975 2035 2029 beati
2074 1986 2351 2045 martyres,
2396 1985 2450 2031 et
2474 1977 2645 2031 dicent
2676 1994 2688 2030 :
2718 1978 2761 2032 Ο
2792 1978 2969 2033 fideles
2995 1979 3009 2031 ε
3055 1993 3087 2031 o
3112 1990 3329 2046 regnum
3353 1975 3447 2030 Dei

1897 2067 2166 2135 cupientes
2191 2066 2204 2119 ι
2255 2081 2347 2120 vos
2386 2069 2473 2136 qui
2507 2082 2658 2123 caros
2682 2076 2887 2123 vestros
2916 2068 3137 2123 delicate
3163 2068 3447 2122 morientes

1899 2157 1950 2211 in
1981 2158 2127 2211 lectis
2158 2159 2333 2228 utique
2363 2167 2414 2212 et
2438 2160 2663 2228 plumis,
2705 2174 2822 2214 cum
2863 2174 3092 2214 maerore
3120 2158 3365 2229 plangitis
3391 2166 3447 2210 et

1898 2244 2103 2315 lugetis,
2132 2247 2174 2300 si
2199 2262 2289 2301 eos
2318 2263 2347 2301 a
2371 2249 2648 2318 gentilibus
2670 2258 2882 2317 propter
2894 2263 3082 2303 nomen
3108 2247 3309 2301 Domini
3329 2261 3450 2300 cru-

1897 2333 2023 2388 ciari
2044 2343 2095 2387 et
2116 2335 2611 2401 interﬁcivideretis,
2625 2337 2746 2406 quid
2762 2336 2945 2390 facturi
2960 2335 3188 2391 essetis?
3212 2336 3316 2389 Aut
3344 2350 3445 2388 non

1897 2426 2045 2479 vobis
2061 2427 2324 2494 praecessit
2342 2427 2671 2495 exemplum?
2692 2426 2951 2480 Abraham
2977 2424 3266 2494 patriarcha
3283 2424 3446 2479 filium

1899 2515 2109 2568 unicum
2136 2515 2362 2570 offerens
2382 2516 2697 2571 sacrificium
2718 2557 2733 2581 ,
2764 2515 2935 2586 gladio
2961 2515 3271 2569 obedientite
3288 2512 3445 2581 jugu-

1898 2605 2019 2658 lavit
2049 2605 2194 2675 (Gen.
2223 2606 2310 2659 22.
2345 2606 2431 2676 10)
2466 2625 2477 2658 :
2506 2621 2601 2661 nec
2621 2607 2859 2674 ei,quem
2884 2613 3028 2658 tanto
3048 2617 3226 2657 amore
3245 2601 3446 2666 dilexit,

1898 2694 2195 2761 pepercit‘,
2244 2701 2299 2745 ut
2346 2694 2564 2746 Domino
2601 2692 2851 2745 obcdicns
2876 2692 3211 2761 probaretur.
3269 2688 3371 2745 Sed
3400 2689 3445 2743 si

1900 2782 2089 2836 dicatis
2110 2823 2123 2846 ,
2172 2783 2313 2836 illum
2360 2792 2576 2852 propter
2619 2784 2710 2837 Dei
2743 2784 2841 2837 hoc
2867 2782 3053 2837 fecisse
3084 2791 3402 2853 prmceptum
3434 2795 3448 2832 :

1899 2880 1951 2925 ct
1976 2886 2069 2925 vos
2091 2870 2291 2926 habetis
2322 2882 2657 2941 praeceptum,
2686 2882 2742 2925 ut
2766 2887 2867 2926 non
2897 2873 3069 2927 tristes
3094 2872 3208 2926 sitis
3234 2872 3300 2925 de
3328 2871 3452 2925 dor-

1899 2961 2199 3017 mientibus.
2251 2962 2346 3028 Qui
2387 2979 2511 3032 ergo
2559 2963 2772 3017 minima
2816 2980 2919 3019 non
2964 2972 3203 3028 servant,
3252 2962 3447 3030 majora

1900 3052 2108 3120 quando
2136 3052 2458 3106 servabunt?
2505 3053 2585 3106 An
2629 3053 2869 3117 nescitis,
2908 3053 3028 3123 quia
3052 3054 3257 3106 animus
3286 3053 3369 3120 qui
3398 3051 3446 3104 in

1904 3141 2092 3194 talibus
2144 3140 2414 3210 frangitur,
2463 3142 2529 3195 ad
2572 3142 2790 3196 fortiora
2840 3142 3099 3211 reprobus
3148 3142 3448 3196 invenitur?

1902 3229 2030 3293 Quis
2055 3230 2242 3282 timens
2270 3231 2437 3283 rivum
2456 3271 2470 3295 ,
2512 3245 2655 3283 mare
2687 3230 2980 3300 aliquando
3007 3229 3337 3298 ingreditur?
3361 3229 3448 3282 Sic

1902 3317 1988 3384 qui
2018 3317 2213 3384 plangit
2244 3317 2578 3384 impatienter
2600 3318 2878 3379 amissum,
2922 3318 3131 3385 quando
3157 3318 3348 3386 poterit
3383 3318 3446 3369 ad

1902 3404 2135 3474 martyrii
2179 3404 2449 3472 pervenire
2491 3405 2793 3460 certamen?
2839 3404 2966 3459 Nam
2996 3407 3080 3473 qui
3111 3407 3161 3460 in
3204 3407 3285 3460 his
3320 3421 3450 3461 con-

1903 3502 2045 3545 stans
2084 3502 2133 3546 et
2180 3494 2539 3562 magnanimus
2584 3494 2818 3557 exsistit,
2863 3496 2973 3563 jam
3010 3496 3108 3549 sibi
3147 3496 3361 3565 gradum
3384 3495 3447 3549 ad

1902 3583 2103 3651 potiora
2133 3583 2434 3637 substernit.

1975 3672 2026 3724 (i.
2073 3671 2339 3741 Egregium
2381 3671 2591 3727 Davidis
2634 3675 2931 3743 exemptum.
2997 3674 3164 3729 Vestes
3205 3675 3359 3746 nigrm
3400 3674 3451 3726 iis

1906 3759 2133 3813 luctibus.
2172 3790 2241 3800 —
2282 3760 2554 3815 Sufficiunt
2584 3766 2724 3829 haec,
2774 3764 2959 3818 fratres
2980 3805 2993 3827 ,
3024 3763 3088 3817 ad
3116 3765 3299 3818 mortis
3326 3780 3451 3818 con-

1907 3858 2180 3917 templum,
2203 3859 2255 3903 et
2272 3851 2334 3904 ad
2363 3852 2473 3919 spei
2498 3845 2684 3907 futura:
2707 3852 3175 3908 confirmationem.
3201 3853 3454 3926 Superest

1905 3949 1962 3992 ut
2009 3955 2164 3992 unum
2208 3939 2275 3994 de
2320 3942 2583 3994 veteribus
2628 3943 2923 4011 exemplum
2964 3943 3260 4013 proferam,
3312 3942 3451 4011 quod

1905 4045 2113 4084 omnem
2140 4032 2546 4085 consolationem
2578 4032 2751 4098 faciat,
2786 4044 2838 4088 et
2860 4034 2997 4101 quod
3024 4036 3180 4088 etiam
3212 4035 3453 4102 patienti-

1905 4120 2001 4174 bus
2021 4122 2193 4175 cordis
2217 4122 2429 4175 auribus
2450 4123 2567 4175 volo
2596 4137 2778 4176 omnes
2798 4123 2998 4176 audire.
3040 4123 3198 4176 David
3229 4138 3321 4177 rex
3344 4139 3453 4177 ma-

1903 4224 2035 4278 gnus
2059 4210 2219 4263 ﬁlium
2247 4210 2492 4263 dilectum
2513 4251 2527 4272 ,
2568 4226 2720 4279 quem
2750 4212 2894 4283 ~sicut
2926 4212 3152 4265 animam
3190 4212 3451 4281 propriam

1904 4298 2170 4366 diligebat,
2202 4298 2500 4353 infirmitate
2535 4314 2839 4368 percussum
2902 4301 3352 4369 impatientissime
3379 4301 3453 4355 fe-

1906 4388 2053 4440 rebat
2082 4387 2154 4457 (2.
2188 4387 2312 4458 Reg.
2346 4388 2429 4443 i2.
2457 4388 2542 4442 16.
2572 4388 2727 4458 seqq.)
2761 4408 2773 4441 :
2816 4398 2868 4443 et
2907 4404 3027 4443 cum
3080 4389 3306 4444 humana
3342 4390 3451 4459 jam

1907 4477 2095 4529 auxilia
2122 4478 2247 4529 nihil
2278 4478 2612 4544 prodessent,
2657 4478 2884 4546 seipsum
2909 4479 3166 4532 convertit
3188 4479 3252 4531 ad
3280 4480 3455 4532 Domi-

1908 4580 2051 4629 num,
2081 4564 2315 4632 deposita
2348 4565 2504 4632 regali
2540 4565 2720 4633 gloria,
2762 4565 2896 4619 sedit
2935 4567 2985 4619 in
3018 4575 3184 4632 terra,
3209 4566 3372 4635 jacuit
3401 4568 3451 4621 in

1906 4654 2094 4717 cilicio,
2120 4669 2221 4707 non
2241 4655 2586 4721 manducavit,
2610 4670 2711 4707 non
2736 4656 2884 4719 bibit,
2906 4666 3105 4723 septem
3127 4657 3309 4711 diebus
3329 4672 3452 4711 con-

1907 4745 2063 4797 tinuis
2110 4760 2262 4798 orans
2309 4746 2500 4808 Deum,
2554 4747 2597 4798 si
2648 4744 2778 4799 forte
2826 4746 2924 4799 sibi
2972 4747 3110 4800 filius
3149 4748 3453 4803 donaretur.

1907 4833 2251 4885 Accesserunt
2284 4833 2519 4885 seniores
2544 4831 2730 4885 domus
2758 4832 2869 4898 ejus
2893 4873 2907 4898 ,
2939 4834 3269 4888 consolantes
3296 4850 3452 4907 roga-

1907 4929 2092 4972 verunt
2116 4929 2172 4972 ut
2197 4935 2381 4987 panem
2416 4928 2664 4983 sumeret,
2690 4921 2839 4974 veriti
2871 4936 2935 4975 ne
2964 4920 3115 4986 forte,
3145 4922 3268 4976 dum
3292 4922 3453 4983 filium

1908 5010 2059 5062 vellet
2085 5010 2257 5063 vivere
2276 5050 2289 5073 ,
2324 5009 2435 5075 ipse
2459 5018 2579 5062 ante
2608 5008 2873 5063 deficeret.
2917 5010 3029 5064 Non
3061 5019 3341 5080 potuerunt
3363 5025 3453 5066 ex-

1906 5106 2163 5165 torquere,
2207 5111 2311 5150 non
2349 5112 2568 5166 cogere;
2617 5114 2766 5151 amor
2807 5100 2947 5153 enim
3006 5100 3283 5170 impatiens
3320 5102 3453 5157 solet

1904 5186 2133 5253 pericula
2161 5186 2269 5253 ipsa
2300 5196 2655 5241 contemnere.
2704 5187 2849 5242 Jacet
2872 5204 2963 5243 rex
2991 5189 3041 5243 in
3067 5192 3309 5259 squalore
3342 5194 3455 5247 cili-

1903 5274 1971 5327 cii
1999 5282 2283 5342 :egrotante
2314 5275 2420 5328 filio
2448 5293 2460 5327 :
2490 5290 2586 5329 nec
2615 5277 2770 5329 verba
2798 5275 2999 5331 faciunt
3023 5281 3454 5348 consolationem,

1906 5377 2003 5417 nec
2046 5363 2155 5432 ipsa
2203 5376 2441 5418 escarum
2496 5366 2781 5420 necessitas
2824 5377 2995 5423 vocat.
3052 5369 3197 5426 Mens
3248 5373 3452 5428 tristitia

1972 5623 1985 5651 ί
2022 5626 2123 5679 Ms.,
2149 5632 2231 5669 nec
2254 5625 2380 5669 tanto
2402 5634 2532 5670 amor
2557 5628 2781 5684 peperat.

3020 5693 3088 5751 i9
