4000 6220
529 338 640 394 303

531 467 762 535 pascitur
785 468 822 532 ',
853 475 1033 536 pectus
1057 467 1237 523 dolore
1262 469 1512 535 reﬁcitur,
1539 471 1673 525 oculi
1709 470 1966 540 lacrymas
1993 483 2088 538 pro

530 556 738 623 potibus
767 556 951 610 ﬁuunt.
983 555 1123 611 inter
1151 558 1262 611 lucc
1288 558 1478 612 factum
1506 568 1586 613 est
1617 559 1753 628 quod
1782 559 2088 613 decreverat

532 647 670 704 Deus
699 665 715 702 :
744 648 964 701 moritur
1003 663 1153 718 puer.
1195 647 1339 703 Uxor
1382 650 1432 702 in
1469 650 1642 715 luctu,
1685 658 1792 702 tota
1821 648 2006 702 domus
2034 649 2084 700 in

532 737 759 805 planctu,
784 738 974 792 servuli
1001 737 1190 807 pavidi,
1206 739 1329 808 quid
1351 739 1498 794 ﬁeret
1521 749 1870 795 exaestuantes
1895 758 1907 793 :
1931 753 2086 792 nemo

529 825 669 879 enim
698 824 924 879 audebat
947 825 1171 880 domino
1201 825 1361 881 ﬁlium
1387 837 1654 882 mortuum
1689 827 1932 880 nuntiare
1954 867 1969 890 ,
2018 827 2086 878 ti-

530 923 736 970 mentes
775 914 956 983 utique
975 955 991 980 ,
1031 931 1098 970 ne
1127 916 1214 971 illc
1239 917 1326 986 qui
1350 918 1426 971 sic
1455 918 1787 986 impatienter
1811 916 1981 969 adhuc
2012 916 2086 968 vi-

530 1019 649 1057 vum
673 1003 902 1073 lugebat,
925 1005 968 1059 si
996 1006 1225 1061 audisset
1243 1017 1523 1074 mortuum,
1548 1010 1666 1062 vitze
1691 1007 1883 1063 faceret
1905 1007 2082 1060 ﬁnem.

531 1093 665 1147 Dum
712 1104 954 1162 strepunt
998 1095 1178 1150 famuli
1207 1097 1342 1152 inter
1368 1112 1444 1161 se,
1472 1099 1595 1152 dum
1643 1098 1816 1152 tristes
1859 1098 1989 1150 alter
2022 1097 2085 1149 ad

529 1182 752 1236 alterum
777 1183 954 1239 dicere
978 1195 1066 1239 aut
1095 1186 1279 1241 suadet
1304 1197 1393 1240 aut
1422 1196 1595 1250 vetat,
1629 1187 1878 1241 intellexit
1902 1187 2081 1251 David,

529 1275 782 1341 praevenit
809 1277 1052 1342 nuntios,
1094 1292 1158 1331 an
1202 1279 1357 1332 vitam
1403 1279 1539 1332 ﬁlius
1579 1279 1879 1333 exhalasset
1926 1280 2088 1333 inter-

530 1372 696 1431 rogat.
739 1362 940 1432 Negare
965 1379 1068 1420 non
1099 1376 1346 1434 pessunt,
1376 1366 1568 1422 factum
1603 1368 1810 1422 ﬂetibus
1837 1369 2082 1423 indicant.

530 1450 614 1506 Fit
640 1468 926 1509 concursus
954 1456 1195 1510 insolitus
1222 1460 1263 1520 ’,
1309 1460 1634 1526 exspectatio
1661 1459 1872 1526 grandis
1897 1468 1949 1514 et
1977 1475 2086 1514 mc-

531 1549 648 1606 tus,
687 1559 754 1597 ne
779 1544 899 1613 quid
929 1545 1026 1598 sibi
1058 1545 1273 1613 periculi
1301 1547 1417 1613 pius
1461 1555 1610 1614 pater
1660 1547 1872 1604 inferat.
1913 1549 2088 1617 Surgit

529 1632 780 1686 continuo
817 1648 910 1687 rex
952 1632 1111 1686 David
1140 1633 1206 1686 de
1242 1633 1412 1687 cilicio
1436 1676 1450 1698 ,
1493 1636 1658 1702 surgit
1693 1634 1905 1696 hilaris,
1939 1635 2084 1703 quasi

532 1720 693 1774 ﬁlium
733 1737 884 1776 suum
926 1721 1157 1778 audisset
1194 1723 1505 1778 incolumem
1539 1743 1552 1778 :
1584 1725 1722 1779 vadit
1750 1725 1814 1779 ad
1852 1725 2085 1788 balneas,

531 1808 671 1862 lavat
695 1812 1087 1879 corpusculum,
1130 1813 1271 1866 vadit
1295 1813 1360 1867 ad
1389 1814 1660 1880 templum,
1689 1814 1873 1866 adorat
1901 1814 2084 1878 Deum,

530 1899 774 1966 epulatur
806 1915 924 1954 cum
967 1902 1186 1966 amicis,
1229 1902 1549 1971 compressis
1589 1903 1845 1970 suspiriis,
1891 1903 2088 1972 gemitu

531 1989 676 2044 omni
704 1989 978 2059 deposito,
1022 1992 1166 2045 vultu
1190 1992 1298 2060 jam
1322 1993 1462 2045 Iano.
1513 1992 1764 2045 Mirantur
1789 1992 2086 2057 domestici,

531 2089 744 2148 stupent
786 2083 936 2135 amici
987 2097 1175 2136 novam
1221 2092 1273 2138 et
1317 2084 1540 2139 subitam
1589 2084 1984 2138 conversionem
2015 2083 2035 2113 ³
2073 2101 2084 2136 :

532 2171 724 2224 audent
751 2171 976 2242 denique
999 2173 1327 2242 interrogare
1351 2213 1364 2236 ,
1392 2174 1514 2242 quid
1545 2175 1642 2227 sibi
1671 2174 1833 2228 vellet
1868 2173 1966 2227 hoc
1985 2215 2000 2239 ,
2031 2181 2090 2226 ut

531 2275 649 2314 cum
677 2261 884 2316 vivente
914 2262 1019 2316 ﬁlio
1047 2263 1122 2318 sic
1144 2263 1408 2330 doluerit,
1453 2275 1663 2317 mortuo
1705 2279 1808 2318 non
1845 2263 2090 2318 doleret?

536 2351 828 2421 Respondit
872 2354 951 2407 vir
1001 2354 1090 2408 ille
1140 2354 1572 2424 magnanimitate
1616 2354 1948 2424 praecipuus:
1991 2353 2093 2408 Ne-

534 2457 685 2498 cesse
730 2443 826 2496 fuit
867 2457 985 2498 cum
1012 2444 1182 2498 adhuc
1207 2446 1406 2500 viveret
1430 2444 1569 2498 ﬁlius
1592 2485 1607 2510 ,
1637 2453 1691 2498 ct
1717 2442 2011 2506 humiliari,
2040 2452 2094 2497 et

531 2534 772 2604 jejunare
791 2575 806 2598 ,
847 2544 900 2589 et
929 2536 1106 2604 lugere
1136 2536 1187 2589 in
1217 2544 1500 2604 conspectu
1529 2535 1766 2599 Domini;
1813 2542 1925 2588 erat
1954 2535 2091 2588 enim

536 2638 656 2693 spes
682 2625 992 2696 impetrandi
1030 2633 1355 2680 commeatus
1382 2624 1502 2678 vitae
1533 2641 1546 2677 :
1579 2631 1634 2677 at
1664 2637 1790 2677 vero
1820 2629 2092 2693 postquam

535 2716 776 2769 voluntas
809 2715 1010 2769 Domini
1054 2714 1188 2768 facta
1228 2723 1340 2778 est,
1382 2714 1598 2768 stultum
1643 2720 1726 2768 est
1760 2720 1814 2767 et
1851 2712 2090 2780 impium,

537 2807 768 2859 animum
809 2805 1180 2860 lamentatione
1219 2804 1385 2858 inutili
1431 2804 1683 2858 macerari
1716 2818 1732 2856 :
1763 2802 1839 2856 sic
1876 2800 2092 2855 dicens:

542 2895 648 2964 Ego
671 2895 751 2947 ibo
781 2895 847 2947 ad
871 2896 1032 2960 illum,
1059 2893 1146 2947 ille
1171 2910 1270 2947 non
1297 2902 1561 2947 revertetur
1588 2892 1654 2944 ad
1669 2906 1744 2944 me
1764 2890 1839 2961 (2.
1859 2890 1982 2959 Reg.
2005 2887 2089 2941 i2.

537 2985 652 3054 28).
703 2985 840 3039 Ecce
881 2984 1178 3052 exemplum
1207 2983 1650 3052 magnanimitatis
1677 2989 1836 3049 atque
1863 2977 2089 3032 virtutis.

537 3075 685 3142 Quod
713 3075 756 3128 si
785 3074 871 3128 ille
901 3074 1060 3128 David
1079 3114 1096 3140 ,
1125 3073 1296 3128 adhuc
1319 3073 1417 3126 sub
1446 3072 1558 3140 lege
1595 3070 1793 3141 positus
1816 3109 1830 3133 ,
1861 3068 1960 3123 sub
1985 3067 2092 3131 illa,

541 3181 641 3219 non
667 3165 785 3218 dico
813 3165 1051 3229 licentia,
1099 3163 1192 3217 sed
1229 3163 1543 3217 necessitate
1569 3159 1991 3224 lamentationis,
2017 3157 2096 3212 sic

539 3254 770 3307 animum
797 3268 826 3306 a
852 3253 991 3308 luctu
1010 3252 1349 3307 irrationabili
1372 3248 1694 3321 separavit‘,
1724 3249 1801 3303 sic
1831 3248 2092 3302 tristitiam

540 3362 686 3400 suam
716 3360 1035 3416 suorumque
1063 3343 1382 3412 compescuit
1415 3361 1428 3396 :
1452 3356 1547 3395 nos
1575 3341 1661 3411 qui
1682 3341 1789 3410 jam
1811 3339 1908 3393 sub
1931 3339 2093 3408 gratia

541 3450 718 3489 smnus
743 3475 756 3496 ,
789 3435 887 3488 sub
913 3443 1055 3488 certa
1079 3449 1171 3501 spe
1212 3430 1613 3486 resurrectionis
1635 3468 1651 3494 ,
1697 3429 1888 3496 quibus
1923 3428 2094 3480 omnis

542 3525 745 3578 tristitia
769 3523 1116 3582 interdicitur.
1147 3536 1250 3590 qua
1280 3521 1448 3573 fronte
1475 3530 1708 3572 mortuos
1733 3527 1940 3570 nostros
1966 3531 2096 3584 gen-

542 3615 708 3667 tilium
737 3627 882 3668 more
920 3611 1244 3681 plangimus,
1290 3609 1516 3662 ululatus
1547 3609 1758 3662 insanos
1784 3604 2092 3666 attollimus,

543 3704 697 3757 veluti
727 3703 830 3756 alio
869 3715 1060 3771 genere
1103 3699 1418 3752 bacchantes
1438 3738 1453 3762 ,
1487 3697 1766 3751 couscissis
1789 3693 1977 3748 tunicis
2002 3707 2095 3760 pe-

540 3802 683 3847 ctora
709 3790 984 3854 nudanms,
1015 3788 1172 3844 verba
1201 3787 1369 3840 inania
1395 3794 1449 3840 et
1480 3788 1677 3838 nmnias
1704 3785 1842 3837 circa
1864 3783 1885 3814 '
1905 3796 2096 3849 corpus

543 3892 596 3936 et
629 3882 884 3936 tumulum
922 3877 1154 3932 defuncti
1179 3875 1481 3931 cantamus?
1508 3875 1780 3928 Postremo
1808 3873 1965 3927 etiam
1996 3887 2096 3939 qua

545 3975 746 4028 ratione
789 3981 959 4027 vestes
989 3971 1164 4041 nigras
1193 3970 1437 4039 tingimus
1460 4008 1474 4032 ,
1508 3967 1604 4020 nisi
1633 3975 1689 4019 ut
1727 3979 1822 4019 nos
1865 3980 1990 4018 vere
2018 3965 2097 4016 in-

545 4063 725 4117 ﬁdeles
767 4072 819 4115 et
861 4061 1083 4114 miseros
1110 4073 1214 4113 non
1262 4067 1461 4110 tantum
1510 4055 1753 4115 ﬂetibus,
1803 4052 1895 4108 sed
1939 4055 2096 4107 etiam

545 4152 776 4207 vestibus
800 4149 1188 4219 approbemus?
1218 4149 1397 4201 Aliena
1425 4155 1547 4200 sunt
1576 4148 1673 4200 ista
1696 4186 1711 4211 ,
1739 4143 1930 4199 fratres
1948 4187 1962 4206 ,
2005 4159 2099 4197 ex-

548 4253 726 4295 tranea
747 4248 887 4305 sunt,
916 4254 1021 4293 non
1047 4239 1207 4293 licent
1238 4254 1250 4289 :
1282 4246 1335 4291 et
1364 4237 1406 4290 si
1432 4236 1669 4300 licerent,
1700 4249 1801 4288 non
1829 4233 2095 4287 decereut.

544 4332 649 4389 Sed
678 4332 970 4402 aliquantos
996 4329 1064 4384 de
1093 4329 1340 4382 fratribus
1368 4336 1421 4381 et
1459 4325 1726 4380 sororibus
1746 4365 1760 4383 .
1811 4324 1933 4377 licet
1971 4323 2098 4374 ﬁdes

547 4424 756 4493 propria
784 4432 836 4476 et
867 4431 1185 4491 praeceptum
1214 4418 1417 4472 Domini
1442 4416 1604 4470 fortes
1621 4416 1793 4479 faciat,
1826 4422 2097 4481 parentum

551 4521 724 4566 tamen
766 4519 819 4566 et
865 4510 1153 4564 vicinorum
1194 4507 1371 4574 opinio
1407 4504 1645 4558 debilitat
1684 4512 1737 4557 et
1773 4501 2002 4571 frangit:
2038 4518 2101 4555 ne

555 4602 743 4671 lapidei
769 4611 822 4656 et
860 4600 1099 4655 crudeles
1141 4598 1467 4667 iudicentur,
1512 4596 1553 4647 si
1592 4593 1919 4663 pepercerim
1946 4595 2102 4645 vesti-

553 4700 732 4746 mento
760 4691 803 4753 ',
847 4690 891 4743 si
931 4705 1034 4743 non
1078 4687 1276 4740 insanis
1304 4684 1528 4739 luctibus
1555 4681 1747 4735 fuerint
1772 4679 2098 4733 debaeclmli.

556 4785 621 4836 Et
643 4783 743 4835 hoc
767 4797 920 4850 quam
951 4793 1140 4832 vanum
1167 4785 1245 4832 est
1267 4817 1282 4841 ,
1327 4789 1485 4843 quam
1532 4774 1782 4840 ineptum,
1832 4770 2102 4837 epinioms

553 4872 822 4929 hominum
849 4869 1134 4922 errantium
1165 4865 1413 4933 cogitare,
1440 4871 1492 4915 ct
1521 4876 1620 4913 non
1658 4861 1857 4921 timere,
1891 4871 1954 4909 ne
1984 4858 2103 4924 quid

555 4965 725 5018 minus
753 4960 906 5014 faciat
927 4959 992 5012 de
1023 4957 1124 5010 ﬁde
1148 4969 1301 5023 quam
1328 4951 1588 5020 suscepit!
1619 4950 1789 5015 Quare
1818 4961 1918 5000 non
1942 4946 2106 5012 magis

556 5054 706 5106 discit
736 5049 1063 5104 tolerantiam
1105 5044 1192 5099 ille
1218 5045 1304 5112 qui
1332 5043 1452 5095 talis
1480 5041 1601 5095 est?
1640 5053 1800 5108 quare
1829 5052 1933 5089 non
1965 5052 1994 5088 a
2024 5050 2106 5089 me

620 5207 633 5234 ι
673 5203 805 5258 Editi,
846 5197 1097 5248 ncccsxitas
1117 5193 1338 5258 decoquit,
1379 5191 1618 5258 tristitiam
1652 5189 1847 5252 patitur,
1865 5197 1936 5258 .et
1967 5199 2106 5258 mox,

556 5247 682 5313 acuti
702 5247 1206 5323 tne-rytnisperpctibus
1224 5247 1396 5318 ﬂuunt.
1425 5252 1557 5301 Infra
1579 5247 1711 5310 vero,
1738 5249 1934 5299 Domino
1957 5247 2109 5303 ﬁlium

555 5329 791 5373 mortuum
813 5322 1068 5368 nominare.
1231 5373 1257 5377 μ
1375 5373 1398 5377 _
1439 5373 1455 5377 _
1693 5369 1738 5377 __
1786 5368 1813 5377 __
1835 5368 1843 5377 _
1868 5366 1946 5377 Mn

620 5366 877 5439 ἶὶἠξζξϊὲι
895 5366 1151 5427 concursus
1173 5373 1351 5424 salitus.
1375 5373 1522 5431 infra,
1545 5385 1602 5421 ne
1625 5369 1738 5433 quid
1755 5368 1843 5419 sibi
1858 5366 1946 5432 ﬁlii
1963 5367 2111 5429 ipsius

596 5450 710 5490 nter.

559 5457 779 5555 ν’ίδῗιιι.
805 5495 1217 5554 conversationem,
1242 5497 1398 5543 minus
1419 5500 1573 5552 recte,
1597 5493 1644 5540 ni
1667 5490 1816 5539 fallor.

623 5564 643 5626 ξ
677 5563 809 5615 Editi,
833 5556 1086 5626 superavit.

622 5624 644 5654 ⁸
679 5631 777 5675 \ts.,
800 5625 844 5668 et
861 5631 979 5668 vana
1003 5624 1147 5666 circa.

627 5687 646 5718 ⁸
672 5673 803 5740 llaec,
829 5679 870 5730 si
893 5690 1104 5742 peperre:
1121 5677 1185 5725 int
1212 5676 1490 5734 mtimrntn,
1515 5674 1679 5721 desunt
1712 5673 1754 5719 iu
1783 5679 1857 5718 us.

1077 333 1132 388 S.
1165 329 1449 387 JOANNIS
1479 326 1965 385 CIIRYSOSTOSII
2006 328 2322 386 ARCHIEP.
2364 328 2470 386 CP.
2503 327 2590 385 DE
2619 329 2904 389 CONSOL.
2947 333 3221 391 MORTIS.

3645 345 3751 399 304

2190 467 2344 522 discit
2385 468 2542 523 ﬁdem
2582 468 2670 524 ille
2707 471 2796 539 qui
2844 469 3035 526 dubius
3079 471 3198 526 est?
3249 469 3472 538 Quando
3505 472 3663 527 etiam
3693 474 3738 528 si

2192 566 2366 612 tantus
2404 558 2470 611 sit
2525 557 2676 611 dolor
2725 559 2981 626 ejusmodi
3034 561 3291 627 pectoris,
3348 562 3506 614 tacite
3551 561 3746 616 debeat

2192 647 2384 700 loctmn
2421 663 2577 701 sensu
2614 648 2849 717 digerere
2877 651 2893 681 ⁸
2916 689 2931 715 ,
2974 656 3161 704 etnon
3201 650 3414 706 levitate
3457 651 3539 704 sui
3580 651 3741 704 animi

2191 735 2475 803 publicare.

2259 827 2311 878 7.
2341 824 2545 880 Ethnici
2575 828 2747 881 audita
2771 828 2867 896 ﬁlii
2897 838 3051 884 morte
3091 828 3296 882 dictum.
3325 827 3611 899 Plaugendi
3635 829 3745 882 eth-

2191 917 2325 980 nici,
2395 915 2595 980 Judaei,
2663 927 2708 971 et
2752 919 3087 972 catechumeni
3131 920 3412 972 morientes.
3457 947 3528 958 —
3569 918 3742 974 Unum

2191 1003 2361 1058 adhue
2391 1006 2513 1059 volo
2553 1021 2846 1076 preponere
2873 1008 3168 1075 exemplum
3195 1009 3260 1061 ad
3288 1005 3626 1076 corrigendos
3653 1021 3745 1061 eos

2190 1093 2277 1163 qui
2306 1094 2474 1163 plangi
2505 1105 2738 1149 mortuos
2765 1097 3102 1151 arbitrantur.
3141 1097 3450 1166 Exemplum
3478 1105 3652 1151 autem
3680 1096 3746 1150 de

2193 1199 2511 1252 paganorum
2549 1186 2764 1240 historia
2803 1195 2901 1241 est.
2939 1187 3056 1241 Fuit
3083 1187 3292 1257 quidam
3323 1190 3562 1256 princeps
3584 1202 3745 1257 paga-

2194 1289 2288 1328 nus
2334 1273 2442 1345 (a),
2482 1276 2568 1344 qui
2613 1277 2836 1331 habebat
2872 1277 3034 1332 ﬁlium
3074 1278 3318 1343 unicum,
3347 1278 3578 1346 satisque
3614 1276 3746 1329 dile-

2191 1374 2353 1418 ctum.
2391 1364 2496 1418 Hic
2536 1380 2656 1418 cum
2694 1366 2747 1418 in
2775 1366 3029 1434 Capitolio
3059 1365 3209 1420 idolis
3235 1366 3342 1419 suis
3364 1365 3542 1434 gentili
3568 1380 3747 1420 errore

2193 1453 2543 1520 sacriﬁcaret,
2586 1455 2855 1508 nuntiatur
2899 1455 2949 1509 ei
2990 1454 3127 1524 quod
3165 1455 3302 1509 ﬁlius
3326 1455 3412 1508 ille
3441 1454 3626 1509 unicus
3650 1454 3746 1508 de-

2195 1539 2378 1596 fuisset
2429 1541 2524 1613 (b).
2565 1541 2678 1595 Non
2709 1542 2918 1611 reliquit
2944 1557 3111 1609 sacra,
3134 1559 3249 1612 qua:
3269 1543 3482 1613 gerebat
3503 1543 3555 1596 in
3575 1544 3746 1596 mani-

2193 1633 2320 1697 bus,
2373 1647 2474 1686 non
2522 1633 2863 1702 lacrymavit,
2910 1648 3010 1688 nec
3050 1633 3264 1687 omnino
3300 1633 3580 1702 suspiravit
3610 1649 3624 1683 :
3653 1632 3745 1686 sed

2193 1722 2316 1791 quid
2358 1722 2654 1790 respondit,
2695 1722 2872 1776 audite
2903 1740 2915 1776 :
2941 1723 3265 1791 Scpeliatur,
3302 1724 3504 1791 inquit;
3534 1722 3745 1776 memini

2193 1814 2332 1866 enim
2357 1828 2439 1868 me
2467 1813 2622 1866 ﬁlium
2655 1814 2898 1882 genuisse
2925 1814 3218 1868 mortalem.
3250 1812 3382 1868 Vide
3402 1827 3741 1882 responsum,

2193 1902 2311 1955 vide
2355 1902 2580 1956 hominis
2623 1904 2806 1972 pagani
2845 1904 3087 1957 virtutem
3110 1943 3125 1968 ,
3157 1912 3213 1957 ut
3247 1917 3343 1957 nec
3375 1903 3664 1971 exspectari
3689 1916 3746 1955 se

2188 1990 2438 2060 jusserit,
2469 1992 2549 2044 vel
2579 2002 2635 2044 ut
2658 2003 2917 2060 praesente
2947 2007 3003 2046 se
3033 1993 3313 2061 sepultura:
3344 1992 3478 2047 ﬁlius
3509 1992 3744 2046 tradere-

2197 2089 2299 2133 tur.
2345 2080 2477 2147 Quid
2514 2082 2714 2150 agimus
2735 2122 2749 2145 ,
2782 2081 2997 2146 fratres,
3029 2083 3073 2136 si
3102 2082 3338 2136 diabolus
3369 2083 3505 2135 hunc
3530 2083 3580 2135 in
3609 2083 3743 2135 diem

2191 2169 2373 2238 judicii
2418 2185 2593 2224 coram
2637 2169 2846 2224 Christo
2886 2179 3068 2224 contra
3106 2185 3201 2224 nos
3228 2171 3476 2239 producat
3500 2179 3550 2224 et
3575 2169 3743 2236 dicat,

2196 2257 2292 2312 Hic
2337 2273 2484 2313 meus
2531 2258 2734 2323 cultor,
2785 2274 2939 2329 quem
2973 2274 3071 2328 ego
3110 2260 3385 2330 prmstigiis
3424 2259 3743 2327 decipiebant

2197 2351 2364 2415 meis,
2410 2359 2467 2402 ut
2495 2350 2716 2404 serviret
2738 2350 2890 2404 etscis
2919 2358 2971 2403 et
2997 2349 3169 2404 surdis
3192 2350 3481 2403 simulacris
3501 2388 3515 2410 ,
3543 2349 3626 2402 cui
3652 2362 3747 2416 ego

2197 2454 2295 2494 nec
2342 2440 2780 2494 resurrectionem
2822 2455 2850 2493 a
2887 2440 3104 2492 mortuis
3127 2480 3143 2504 ,
3171 2454 3267 2494 nec
3293 2439 3586 2509 paradisum
3611 2454 3748 2503 ,nee

2197 2531 2444 2585 caelorum
2497 2545 2654 2600 regna
2683 2530 3023 2598 promiseram
3050 2569 3064 2592 ,
3093 2529 3175 2582 hic
3199 2527 3288 2582 filii
3316 2529 3506 2582 nobilis
3535 2529 3740 2596 sapiens

2199 2623 2336 2676 unici
2363 2630 2585 2675 mortem
2618 2635 2717 2674 nec
2742 2620 2908 2674 doluit
2935 2633 3032 2673 nec
3060 2618 3307 2688 ingemuit
3332 2660 3347 2684 ,
3376 2633 3473 2673 nec
3504 2619 3588 2671 tali
3620 2635 3749 2672 nun-

2201 2712 2274 2764 tio
2319 2726 2434 2765 mea
2477 2725 2622 2764 sacra
2649 2710 2883 2765 deseruit
2911 2726 2924 2761 :
2954 2710 3026 2762 tui
3056 2719 3226 2763 autem
3256 2709 3570 2770 Christiani,
3600 2708 3672 2760 tui
3701 2709 3751 2759 ii-

2199 2799 2346 2854 delcs
2369 2842 2384 2864 ,
2435 2815 2528 2868 pro
2570 2801 2760 2870 quibus
2788 2800 2903 2854 ideo
2934 2799 3212 2854 cruciﬁxus
3236 2808 3286 2852 et
3307 2811 3547 2854 mortuus
3575 2813 3632 2852 es
3654 2840 3668 2858 .
3697 2814 3751 2851 ut

2200 2897 2423 2943 mortem
2448 2889 2544 2956 ipsi
2567 2904 2669 2943 non
2694 2890 2956 2952 timerent,
2980 2887 3068 2942 sed
3086 2898 3260 2941 essent
3281 2887 3348 2941 de
3368 2889 3753 2941 resurrectione

2199 2981 2370 3032 securi
2397 3019 2411 3043 ,
2439 2994 2542 3032 non
2573 2977 2741 3031 solum
2768 2978 2938 3045 lugent
2963 2985 3196 3030 mortuos
3223 2985 3278 3030 et
3303 2989 3431 3029 voce
3455 2983 3510 3029 et
3539 2975 3750 3037 habitu,

2200 3070 2293 3125 sed
2336 3070 2493 3124 etiam
2517 3070 2582 3123 ad
2610 3070 2883 3124 ecclesiam
2909 3067 3198 3136 procedere
3222 3065 3629 3129 confunduntur,
3653 3065 3751 3118 ali-

2199 3160 2380 3231 quanti
2432 3160 2592 3214 etiam
2634 3159 2732 3227 ipsi
2769 3159 2947 3212 clerici
2976 3158 3047 3211 tui
3073 3167 3125 3211 ct
3149 3165 3384 3224 pastores
3410 3155 3750 3210 ministerium

2200 3266 2352 3306 suum
2384 3251 2772 3314 intermittunt,
2799 3257 3044 3302 vacantes
3065 3249 3246 3313 luctui,
3269 3247 3415 3317 quasi
3447 3247 3752 3301 insultantes

2203 3354 2304 3397 tua:
2331 3342 2622 3397 voluntati?
2650 3341 2866 3407 Quare?
2891 3341 3018 3406 Quia
3050 3355 3181 3408 quos
3201 3340 3407 3393 voluisti
3432 3379 3447 3403 ,
3478 3338 3545 3392 de
3572 3339 3750 3392 smeuli

2199 3434 2420 3504 caligine
2448 3433 2512 3486 ad
2552 3441 2602 3486 te
2634 3431 2849 3485 vocasti.
2875 3429 3008 3497 Quid
3026 3429 3089 3483 ad
3121 3429 3232 3482 hmc
3257 3428 3577 3497 respondere
3604 3437 3753 3497 pote-

2201 3524 2403 3586 rimus,
2450 3521 2678 3575 fratres?
2723 3520 2904 3573 Nonne
2942 3517 3179 3572 confusio
3221 3531 3317 3570 nos
3362 3515 3750 3585 apprehendet.

2201 3624 2320 3666 cum
2367 3613 2417 3663 in
2461 3609 2557 3663 hac
2585 3617 2732 3677 parte
2757 3607 3031 3661 inferiores
3056 3606 3298 3676 gentibus
3328 3605 3656 3659 invenimur!
3689 3604 3754 3656 Et

2203 3701 2379 3770 utique
2420 3698 2596 3768 lugere
2638 3697 2796 3752 debet
2841 3711 3087 3766 paganus,
3131 3696 3217 3764 qui
3263 3694 3502 3749 nesciens
3550 3694 3751 3757 Deum,

2205 3805 2326 3844 mox
2353 3800 2408 3844 ut
2437 3788 2675 3852 moritur,
2706 3795 2853 3841 recto
2873 3800 3028 3840 cursu
3050 3784 3292 3854 pergitad
3321 3799 3547 3853 pmnam.
3574 3783 3753 3850 Plangi

2203 3879 2358 3934 debet
2403 3879 2650 3942 Judzcus,
2701 3878 2786 3946 qui
2832 3875 3040 3930 Christo
3084 3890 3187 3928 non
3229 3873 3485 3935 credens,
3526 3872 3752 3926 animam

2203 3985 2352 4024 suam
2394 3968 2671 4038 perditioni
2717 3967 3001 4034 deputavit.
3052 3964 3340 4018 Dolendum
3384 3973 3463 4015 est
3508 3962 3658 4030 plane
3684 3961 3753 4014 de

2203 4058 2595 4114 catochumenis
2640 4057 2832 4109 nostris
2854 4095 2870 4121 ,
2926 4055 2969 4108 si
2999 4063 3088 4107 aut
3114 4068 3207 4107 sua
3237 4053 3597 4106 incredulitate
3620 4093 3632 4113 ,
3664 4061 3753 4102 aut

2206 4149 2516 4220 negligentia
2565 4148 2953 4216 proximorum,
2994 4145 3108 4198 sine
3147 4145 3402 4212 baptismo
3438 4142 3648 4195 salutari
3677 4157 3753 4193 re-

2205 4239 2480 4295 cesserint.
2515 4237 2772 4291 Cmterum
2801 4234 2890 4303 qui
2914 4233 3266 4287 sanctiﬁcatus
3290 4233 3450 4299 gratia
3474 4271 3488 4293 ,
3519 4232 3751 4298 signatus

2208 4329 2310 4381 [ide
2335 4367 2349 4390 ,
2372 4325 2771 4380 conversatione
2788 4323 3064 4391 probatus,
3088 4325 3170 4377 vel
3194 4321 3485 4374 innocentia
3511 4333 3750 4381 secums,

2206 4419 2272 4472 de
2296 4417 2395 4470 hoc
2423 4414 2617 4469 mundo
2642 4415 2836 4467 recedit
2863 4454 2876 4475 ,
2903 4411 3295 4467 beatiﬁcandus
3313 4419 3413 4474 est,
3443 4425 3544 4463 non
3575 4410 3753 4476 lugen—

2207 4508 2332 4572 dus;
2360 4502 2753 4566 desiderandus,
2773 4513 2874 4553 non
2893 4500 3248 4569 plangendus;
3269 4497 3359 4552 sed
3380 4497 3754 4550 desiderandus

2208 4612 2325 4650 cum
2356 4592 2713 4646 moderatione
2737 4629 2752 4651 ,
2779 4605 2896 4644 cum
2925 4591 3149 4642 sciamus
3175 4601 3270 4640 nos
3295 4587 3434 4654 ipsos
3463 4586 3752 4638 accedenti-

2209 4686 2306 4739 bus
2335 4685 2659 4749 temporibus
2682 4689 3026 4750 sequuturos.

2279 4778 2330 4829 8.
2360 4773 2582 4826 Tristitia
2610 4772 2840 4823 salutaris
2864 4786 3107 4837 quanam.
3130 4800 3198 4809 —
3220 4769 3388 4836 Terge
3416 4769 3570 4836 igitur
3597 4767 3756 4835 iacry-

2210 4876 2324 4916 mas
2345 4902 2359 4925 ,
2397 4860 2681 4913 intermitte
2711 4859 2931 4925 suspiria
2953 4898 2967 4920 ,
2997 4872 3272 4924 compesce
3293 4857 3512 4925 gemitus
3535 4895 3550 4917 ,
3572 4869 3604 4907 ο
3628 4854 3756 4906 tide-

2212 4952 2277 5004 lis
2299 4989 2314 5014 ,
2359 4957 2411 5002 et
2451 4962 2547 5015 pro
2584 4946 2681 4998 hac
2707 4945 2912 4998 tristitia
2942 4945 3224 4998 salutarem
3251 4945 3388 5000 illam
3417 4943 3570 4996 indue
3601 4942 3762 4994 tristi-

2213 5041 2335 5094 tiam
2361 5080 2376 5105 ,
2405 5039 2582 5107 utique
2607 5052 2760 5106 quam
2786 5031 3256 5102 beatusApostolus
3280 5034 3565 5088 secundum
3597 5032 3758 5084 Deum

2213 5145 2332 5185 esse
2369 5126 2678 5181 memoravit
2701 5166 2713 5187 ,
2735 5138 2852 5192 quze
2879 5123 3100 5176 salutem
3129 5121 3367 5175 stabilem
3390 5120 3527 5174 solet
3552 5120 3759 5188 operati

2215 5218 2271 5289 (2
2290 5220 2403 5273 Cor.
2424 5217 2476 5269 'l.
2498 5215 2609 5284 10);
2634 5213 2810 5281 utique
2833 5209 3186 5279 pmnitentiam
3210 5207 3491 5261 facinorum
3513 5207 3764 5260 commis-

2213 5325 2411 5364 sorum.
2452 5308 2694 5361 Scrutare
2719 5313 2900 5372 pectus
2929 5310 3072 5354 tuum
3098 5341 3112 5364 ,
3141 5301 3402 5367 propriam
3435 5299 3764 5364 interrogans

2279 5423 2294 5452 ι
2329 5418 2531 5472 Habent,
2557 5411 2780 5475 dirigere,
2808 5409 2922 5475 Fditi
2975 5416 3186 5464 veteres,
3210 5410 3290 5468 qui
3330 5419 3437 5454 mox
3466 5405 3632 5459 verbo,
3682 5416 3766 5462 pa-

2216 5480 2407 5532 blicure,
2432 5472 2701 5523 sermonem
2725 5472 2966 5519 claudunt.

2246 5521 2653 5641 Eunuchus
2697 5533 2745 5580 in
2785 5531 3017 5579 Laconicis
3060 5525 3540 5587 ApOphthegmatihus
3575 5538 3618 5584 p.
3658 5521 3766 5583 εδ,

2245 5610 2347 5641 κιιιις
2390 5609 2519 5641 ,ιι-ηις
2563 5627 2645 5640 ....

2217 5610 2239 5648 1
2257 5610 2352 5718 lltlhs)
2368 5605 2810 5714 'i%ii'§,'itiiunctus
2824 5656 2940 5700 esset
2965 5646 3060 5710 [vel
3087 5646 3368 5708 defecisset].
