4000 6220
267 403 380 459 305

258 507 637 562 conscientiam
660 546 674 572 ,
708 513 761 561 et
783 507 825 561 si
857 506 1087 561 invenias
1107 505 1298 576 aliquid
1323 507 1675 575 pmnitendum
1700 510 1806 577 (iu-

259 596 441 648 venies
478 606 652 651 autem
694 610 812 649 cum
837 597 909 649 sis
936 595 1111 667 homo)
1135 636 1150 660 ,
1183 595 1329 649 trahe
1354 598 1570 665 suspiria
1599 599 1649 651 in
1679 614 1805 653 con-

258 681 491 737 fessione
511 724 526 748 ,
568 683 727 737 funde
756 685 1010 754 lacrymas
1040 686 1092 737 in
1117 687 1354 739 oratione
1372 726 1387 752 ,
1417 698 1531 742 esto
1557 690 1806 743 sollicitus

256 772 330 826 de
372 782 539 826 morte
583 774 669 825 illa
703 789 822 827 vera
846 814 860 837 ,
892 774 955 827 de
985 790 1136 842 paena
1161 778 1348 829 anima:
1368 816 1383 841 ,
1415 787 1528 831 erto
1556 779 1805 833 sollicitus

258 860 330 914 de
371 872 615 928 peccato,
663 862 796 915 sicut
836 863 992 915 David
1026 863 1150 916 dicit
1183 880 1198 915 :
1244 864 1485 927 Quoniam
1505 867 1805 933 iniquitatem

259 965 418 1002 meam
445 951 726 1017 pronuntio,
754 961 797 1002 et
823 952 1060 1004 sollicitus
1079 966 1161 1003 ero
1189 968 1278 1018 pro
1299 962 1495 1018 peccato
1515 969 1619 1005 meo
1639 952 1802 1022 (Psal.

259 1037 351 1091 50.
379 1038 432 1107 5)
464 1055 475 1089 :
521 1048 573 1092 et
613 1053 715 1091 non
740 1039 803 1092 de
846 1039 1081 1107 corporis
1106 1039 1258 1107 hujus
1283 1040 1544 1093 solutione
1570 1042 1806 1095 terrebe-

260 1126 370 1191 ris,
404 1128 539 1196 quod
571 1142 664 1181 suo
688 1137 917 1196 tempore
946 1129 993 1179 in
1022 1128 1234 1191 melius,
1267 1129 1373 1182 Deo
1394 1128 1635 1196 iubente.
1660 1146 1808 1198 repa-

258 1216 480 1268 rabitur.
511 1214 642 1268 Vide
678 1214 1111 1282 quemadmodum
1147 1224 1423 1284 utrumque
1448 1219 1701 1270 sententia
1728 1218 1807 1270 di-

261 1306 383 1358 vina
427 1305 696 1372 complexa
737 1314 851 1367 est,
892 1303 1103 1369 dicens,
1156 1303 1297 1355 Venit
1334 1306 1490 1369 liora,
1534 1321 1646 1356 cum
1676 1322 1807 1357 mor-

260 1393 335 1443 tui
352 1431 369 1457 ,
412 1392 495 1459 qui
534 1401 648 1445 sunt
676 1393 727 1443 in
756 1390 1109 1451 monumentis.
1139 1403 1391 1461 resurgant
1415 1393 1588 1462 (Joan.
1615 1395 1665 1447 5.
1691 1393 1802 1463 28).

262 1484 397 1538 Ecce
421 1484 670 1538 securitas
688 1522 703 1548 ,
724 1497 846 1536 ecce
866 1491 1191 1549 contemptus
1217 1483 1421 1536 mortis.
1450 1483 1551 1537 Sed
1576 1485 1697 1552 quid
1723 1500 1807 1538 se-

256 1572 476 1640 quitur?
506 1573 603 1638 Qui
629 1571 753 1624 bona
774 1574 1024 1640 fecerunt,
1052 1572 1103 1622 in
1127 1573 1526 1624 resurrectionem
1554 1573 1699 1634 vitae;
1723 1575 1805 1637 qui

255 1672 429 1713 autem
456 1661 587 1714 mala
620 1670 814 1729 egerunt
839 1700 854 1726 ,
874 1661 924 1713 in
950 1661 1347 1713 resurrectionem
1362 1662 1544 1729 judicii
1570 1661 1724 1730 (Ibid.
1753 1678 1801 1715 υ.

253 1749 375 1819 29).
419 1750 551 1802 Ecce
593 1749 864 1802 diversitas
900 1749 1299 1817 resurgentium.
1349 1749 1567 1803 Omnem
1595 1751 1801 1818 quidem

262 1851 478 1891 necesse
506 1847 585 1890 est
632 1851 838 1890 carnem
876 1851 1147 1903 resurgere
1176 1837 1445 1890 dumtaxat
1474 1838 1755 1892 humanam
1786 1856 1800 1892 :

260 1925 356 1979 sed
420 1926 583 1979 bonus
644 1935 879 1994 resurget
918 1926 983 1978 ad
1021 1926 1214 1990 vitam,
1258 1927 1425 1979 malus
1459 1938 1691 1996 resurget
1739 1928 1803 1981 ad

262 2029 469 2081 pcnnam
498 2054 512 2079 ,
544 2016 677 2067 sicut
701 2016 949 2082 scriptum
989 2023 1071 2069 est
1106 2034 1116 2066 :
1146 2014 1272 2068 Ideo
1301 2032 1399 2068 non
1432 2026 1684 2084 resurgant
1710 2017 1805 2068 im-

262 2104 335 2169 pii
370 2108 420 2155 in
449 2104 642 2171 judicio
666 2144 680 2168 ,
726 2120 877 2172 neque
916 2114 1191 2173 peccatores
1229 2106 1280 2157 in
1320 2106 1527 2158 concilio
1556 2110 1805 2175 justorum

260 2189 429 2260 (Psal.
462 2207 497 2244 ι.
523 2192 599 2259 5).
626 2192 688 2246 Ut
714 2208 836 2260 ergo
857 2208 959 2245 non
981 2194 1031 2247 in
1056 2194 1305 2260 judicium
1332 2210 1695 2263 resurgamus,
1728 2197 1806 2248 in-

260 2281 499 2333 termissa
538 2282 718 2334 mortis
756 2283 958 2335 tristitia
1002 2284 1142 2335 illam
1175 2284 1531 2351 pmnitentiam
1563 2294 1615 2338 et
1644 2285 1803 2337 tristi-

262 2368 390 2420 tiam
428 2381 694 2422 sumamus
720 2410 734 2435 ,
775 2378 828 2423 et
867 2386 1044 2423 curam
1075 2372 1328 2424 bonorum
1352 2386 1565 2438 operum
1596 2387 1658 2425 ac
1682 2373 1802 2425 vita:

258 2458 491 2511 melioris
514 2457 797 2511 habeamus
820 2499 835 2523 ,
867 2469 919 2512 et
949 2460 1012 2512 ad
1041 2463 1136 2512 hoc
1164 2460 1233 2513 sit
1260 2462 1410 2513 nobis
1432 2462 1675 2528 cogitatio
1703 2460 1798 2512 lm-

256 2544 343 2612 jus
367 2545 561 2599 funeris
583 2546 915 2599 etcadaveris
932 2587 947 2610 ,
978 2558 1035 2599 ut
1060 2562 1153 2599 nos
1182 2549 1432 2601 mortales
1457 2563 1573 2600 esse
1599 2562 1744 2600 novet
1761 2547 1801 2599 i-

258 2650 377 2687 mus
397 2675 411 2699 ,
436 2644 487 2687 et
508 2651 597 2701 per
622 2635 754 2687 hanc
772 2636 1133 2701 cogitationem
1160 2636 1378 2687 salutem
1402 2644 1652 2700 nostram,
1675 2634 1797 2687 dmn

260 2734 463 2791 tempus
503 2734 580 2776 est
599 2764 612 2787 ,
647 2725 768 2777 dum
796 2725 947 2785 licet,
974 2725 1185 2777 minime
1212 2725 1530 2792 negligemus
1562 2740 1574 2775 :
1603 2723 1799 2776 scilicet

254 2823 350 2867 aut
374 2813 739 2867 fructiﬁcantes
764 2815 817 2867 in
844 2816 1058 2879 melius,
1094 2822 1182 2865 aut
1201 2814 1559 2876 emendantes,
1588 2814 1631 2865 si
1654 2813 1798 2881 igno-

256 2911 435 2954 rantes
464 2901 751 2954 erravimus
777 2917 789 2951 :
815 2916 879 2952 ne
908 2902 1080 2952 subito
1102 2901 1445 2969 pratoceupati
1468 2900 1550 2953 die
1576 2901 1757 2953 mortis
1781 2939 1796 2963 ,

254 3004 550 3056 qumramus
591 2988 811 3056 spatium
849 2990 1189 3055 pcenitentizn,
1220 2998 1271 3042 et
1296 3003 1398 3041 non
1429 2989 1659 3041 invenire
1687 3002 1799 3055 pos-

254 3078 455 3139 simus,
502 3090 793 3143 quarramus
836 3077 1195 3145 eleemosynas
1230 3091 1447 3144 erogare
1520 3086 1572 3129 et
1601 3076 1797 3128 satisfa-

251 3178 375 3216 cere
402 3179 495 3230 pro
521 3164 721 3217 delictis
746 3203 758 3227 ,
785 3179 881 3216 nec
904 3164 1040 3230 quod
1064 3163 1299 3217 voluntas
1325 3162 1656 3217 concedatur.

1460 395 1767 452 DIATRIBA
1811 397 1871 452 IN
1912 398 2253 456 SYNOPSIN.

3337 410 3446 465 3liti

1982 511 2033 566 9.
2078 511 2440 579 Recapitulatio
2478 514 2710 565 sermonis
2744 514 3011 582 utriusque.
3035 544 3103 554 —
3127 513 3344 569 Ostensa
3367 516 3453 583 igi-

1913 609 2016 663 tur,
2042 598 2229 653 fratres
2248 639 2262 661 ,
2296 601 2477 653 mortis
2502 603 2791 654 communis
2822 602 2893 669 (u)
2923 643 2937 666 ,
2964 613 3171 656 ostensa
3203 604 3453 673 lacryma-

1910 702 2027 741 rum
2068 688 2432 741 interdictione
2455 730 2470 753 ,
2496 699 2780 742 monstrata
2808 699 3041 745 veterum
3068 691 3235 745 adhuc
3264 691 3449 760 fragili-

1914 784 2018 828 tate
2045 785 2099 829 et
2125 791 2226 829 non
2250 774 2658 830 Christianitatis
2684 778 2902 843 virtute,
2931 789 3217 833 monstrato
3246 780 3449 832 Domini

1911 874 2239 919 sacramento
2284 875 2337 920 et
2374 867 2723 934 apostolorum
2771 868 2835 920 de
2874 869 3256 921 resurrectione
3299 868 3451 921 docu-

1912 964 2107 1022 mento,
2127 958 2546 1009 commemoratis
2566 957 2919 1026 apostolorum
2942 958 3162 1024 actibus,
3185 966 3236 1010 et
3264 968 3452 1027 marty-

1916 1060 2027 1097 rum
2067 1045 2390 1112 passiouibus
2414 1084 2427 1106 ,
2470 1056 2682 1099 ostenso
2708 1054 2960 1112 prmterea
2990 1046 3147 1098 David
3173 1047 3410 1113 exemplo
3432 1086 3449 1113 ,

1913 1141 1965 1185 et
2010 1132 2217 1200 gentilis
2262 1133 2487 1185 hominis
2514 1134 2724 1200 insuper
2749 1133 2882 1185 facto
2905 1173 2918 1194 ,
2943 1133 3007 1186 ad
3031 1133 3263 1186 ultimum
3294 1148 3451 1201 expo-

1910 1223 2007 1275 sita
2047 1230 2101 1275 et
2136 1222 2287 1275 noxia
2331 1232 2383 1274 et
2426 1224 2536 1275 utili
2586 1224 2823 1287 tristitia,
2870 1224 2954 1276 illa
2990 1240 3106 1291 qua:
3133 1232 3320 1289 nocet,
3352 1225 3449 1278 ista

1909 1326 2024 1379 qua:
2068 1325 2161 1378 per
2188 1311 2545 1378 paenitentiam
2573 1313 2738 1364 salvat
2766 1331 2777 1365 :
2809 1314 2887 1366 bis
2914 1314 3154 1366 omnibus
3183 1315 3257 1367 sic
3282 1324 3452 1367 osten-

1908 1402 1981 1453 sis
2000 1441 2013 1463 ,
2042 1400 2162 1469 quid
2191 1415 2285 1453 nos
2310 1402 2478 1454 facere
2503 1401 2609 1470 jam
2640 1402 2776 1455 aliud
2802 1410 3025 1470 oportet,
3058 1403 3262 1465 fratres,
3296 1421 3448 1473 quam

1907 1491 2100 1559 gratias
2137 1499 2351 1559 agentes
2392 1491 2495 1543 Deo
2538 1492 2678 1544 Patri
2718 1491 2928 1555 dicere,
2972 1490 3088 1544 Fiat
3118 1493 3338 1545 voluntas
3364 1503 3450 1545 tua

1906 1581 2035 1633 sicut
2080 1581 2129 1632 in
2158 1581 2278 1633 cwlo
2303 1591 2345 1633 et
2374 1581 2423 1633 in
2451 1591 2579 1632 terra
2606 1581 2811 1648 (Matth.
2843 1581 2895 1635 6.
2926 1580 3052 1650 10);
3081 1591 3134 1635 tu
3160 1583 3345 1636 dedisti
3374 1585 3449 1637 vi-

1910 1678 2033 1731 tam,
2059 1680 2110 1720 tu
2142 1670 2453 1721 constituisti
2483 1681 2702 1722 mortem
2728 1685 2742 1733 ;
2776 1679 2828 1721 tu
2860 1670 3058 1723 inducis
3084 1672 3135 1723 in
3160 1672 3402 1725 saeculum
3426 1714 3441 1736 ,

1909 1765 1960 1809 tu
1984 1757 2161 1810 educis
2189 1757 2256 1809 de
2286 1757 2476 1809 smculo
2497 1796 2511 1821 ,
2538 1765 2591 1809 et
2615 1772 2732 1809 cum
2762 1756 3004 1811 eduxeris
3026 1797 3041 1823 ,
3073 1774 3253 1812 servas
3277 1776 3291 1823 ;
3319 1760 3448 1813 nihil

1905 1847 2045 1899 enim
2066 1846 2267 1912 deperit
2290 1855 2491 1898 tuorum
2520 1886 2533 1908 ,
2557 1847 2641 1913 qui
2670 1861 2765 1898 nec
2788 1847 3029 1914 capillum
3059 1849 3241 1915 capitis
3267 1863 3444 1902 eorum

1910 1939 2078 2005 perire
2105 1938 2279 1991 dixisti
2307 1955 2319 1994 ;
2358 1956 2375 1988 ι
2411 1937 2657 1991 Auferes»
2684 1940 2820 1990 enim
2848 1955 2866 1987 ι
2899 1938 3135 2005 spiritum
3164 1953 3369 2004 eorum,
3396 1949 3448 1992 et

1907 2026 2149 2080 delicient
2169 2067 2183 2087 ,
2226 2036 2279 2080 et
2321 2029 2371 2079 in
2396 2038 2583 2080 terram
2614 2041 2755 2079 suam
2786 2036 3108 2080 revertentur
3143 2044 3163 2077 ι
3187 2024 3329 2093 (Luc.
3354 2025 3442 2080 2i.

1911 2115 1997 2182 18)
2019 2116 2139 2177 ;sed
2162 2134 2178 2163 ι
2200 2114 2427 2167 Emittes
2440 2114 2675 2181 Spiritum
2694 2123 2856 2177 tuum,
2880 2122 2931 2167 et
2950 2115 3280 2179 creabantur,
3299 2122 3349 2166 et
3370 2131 3445 2167 re-

1912 2202 2127 2255 novabis
2153 2202 2334 2254 faciem
2366 2211 2549 2255 terra!)
2580 2200 2743 2269 (Psal.
2780 2202 2897 2255 105.
2926 2202 3012 2256 29.
3046 2203 3155 2272 50).
3184 2202 3307 2255 llaec
3331 2218 3446 2255 vcr-

1908 2288 1970 2341 ba
1990 2328 2004 2352 ,
2029 2287 2216 2342 fratres
2240 2330 2253 2353 ,
2282 2289 2430 2356 digna
2456 2289 2711 2353 ﬁdelibus,
2740 2289 2849 2342 hinc
2880 2290 3133 2343 medicina
3157 2291 3399 2343 salutaris
3425 2312 3438 2343 :

1906 2376 2003 2429 hac
2028 2379 2240 2444 spongia
2258 2377 2627 2430 consolationis
2646 2377 2883 2431 detersus
2904 2379 3103 2443 oculus,
3132 2379 3229 2431 hoc
3247 2379 3445 2433 infusus

1906 2466 2119 2532 collyrio
2166 2468 2411 2528 rationis,
2462 2482 2564 2519 non
2612 2467 2767 2520 modo
2798 2469 3081 2521 caecitatem
3110 2481 3171 2521 ex
3199 2467 3443 2535 despera-

1910 2548 2051 2601 tione
2070 2565 2174 2601 non
2192 2551 2504 2612 sentiet,sed
2520 2566 2616 2605 nec
2633 2552 2976 2621 lippitudines
2996 2556 3201 2624 aliquas
3223 2559 3449 2615 tristitiae

1908 2639 2205 2702 sustinebit,
2229 2640 2354 2706 quin
2377 2642 2551 2707 potius
2572 2642 2739 2695 oculis
2763 2644 2937 2696 cordis
2964 2644 3135 2699 lucida
3154 2655 3345 2702 cuncta
3371 2666 3453 2703 re.-

1906 2729 2155 2795 spiciens,
2186 2730 2325 2782 dicet
2351 2731 2646 2784 secundum
2676 2733 3120 2801 patientissimum
3152 2737 3299 2791 illum
3326 2740 3447 2804 Job.

1912 2836 1929 2866 ι
1956 2815 2208 2870 Dominus
2224 2818 2389 2880 dedit,
2417 2828 2471 2872 et
2496 2820 2752 2873 Dominus
2782 2823 3026 2888 abstulit;
3059 2826 3199 2880 sicut
3224 2828 3451 2884 Domino

1905 2904 2076 2957 visum
2106 2914 2206 2969 est,
2234 2906 2303 2958 ita
2329 2906 2522 2960 factum
2549 2916 2631 2961 est
2670 2928 2685 2961 ;
2715 2910 2783 2963 sit
2818 2926 3012 2965 nomen
3051 2913 3257 2968 Domini
3288 2918 3449 2973 benc-

1904 2993 2101 3046 dictum
2126 3013 2143 3046 ι
2183 2995 2293 3064 (Job
2348 2998 2395 3048 i.
2426 2998 2512 3067 2|)
2545 2999 2595 3050 in
2627 3000 2817 3053 sascula
2852 3003 3183 3057 surculorum.
3220 3006 3411 3060 Amen.

1905 3167 1937 3216 Δ
1949 3110 2037 3178 _(_a)
2063 3109 2329 3157 addendum
2355 3113 2475 3169 post,
2493 3106 2653 3155 mortis
2672 3103 2941 3163 communis,
2960 3104 3054 3162 vel,
3069 3111 3209 3162 sorte,
3229 3102 3324 3159 vel,
3337 3114 3446 3150 eou-

1941 3178 2096 3216 mone.

1941 3178 1972 3217 84'
1978 3181 2096 3217 ioue.

271 3309 417 3358 Ξ
1414 3414 2311 3523 DIATRIBA

1350 3579 1431 3640 IN
1472 3578 1841 3639 SYNOPSIN
1885 3577 2372 3650 SEQUENTEM.

327 3704 507 3756 Exstat
550 3702 661 3753 hare
703 3700 952 3769 Synopsis
989 3700 1038 3751 in
1068 3698 1267 3753 duobus
1305 3697 1581 3752 Codicibus
1608 3713 1790 3751 manu-

246 3792 459 3860 scriptis
483 3832 497 3855 ,
544 3804 763 3858 quorum
808 3789 939 3841 alter
964 3796 1041 3841 est
1071 3787 1403 3841 Bibliotheca:
1431 3785 1789 3851 Coisliniauaz,

245 3881 376 3935 olim
402 3879 747 3946 Seguerianm,
792 3890 935 3930 num.
971 3875 1102 3937 588,
1133 3875 1263 3929 alter
1290 3873 1620 3928 Bibliotheca:
1650 3873 1788 3940 Lug-

246 3969 377 4023 duni
418 3968 760 4030 Batavorum,
800 3966 924 4019 olim
967 3964 1124 4018 lsaaci
1153 3964 1340 4018 Vossii.
1368 3964 1516 4018 Prior
1544 3974 1623 4016 est
1671 3979 1788 4015 om-

245 4057 378 4111 nino
405 4069 620 4119 recens,
646 4063 698 4107 et
723 4054 858 4107 circa
890 4052 1239 4123 typographire
1262 4053 1471 4106 exordia
1494 4093 1507 4115 ,
1536 4052 1623 4105 sed
1652 4067 1678 4104 a
1702 4067 1791 4121 pe-

246 4148 356 4200 rito
376 4159 470 4199 nec
501 4144 707 4198 indocto
729 4144 895 4197 scriba
918 4152 1159 4197 exaratos
1184 4142 1248 4196 ad
1275 4142 1428 4196 iidem
1452 4143 1787 4210 antiquioris;

245 4236 471 4289 alterum
512 4235 699 4298 etiam,
735 4234 830 4287 etsi
875 4249 977 4286 non
1022 4232 1222 4286 licuerit
1260 4233 1423 4285 oculis
1454 4232 1577 4300 ipsis
1615 4232 1793 4298 explo-

246 4339 401 4391 rare,
445 4334 703 4378 recentem
732 4338 935 4393 quoque
962 4333 1083 4391 puto
1102 4363 1115 4385 ,
1149 4321 1345 4389 fuitque
1370 4321 1435 4375 ab
1463 4321 1783 4390 imperitiore

245 4429 571 4468 amanuense
616 4413 925 4481 descriptus.
974 4412 1034 4464 lli
1076 4426 1230 4479 porro
1266 4410 1513 4474 Codices,
1546 4426 1610 4464 ne
1639 4412 1791 4464 ambo

246 4504 461 4570 quidem
488 4512 645 4555 totam
671 4502 925 4571 Synopsin
951 4502 1380 4568 complectuntur,
1410 4502 1576 4567 qualis
1604 4500 1667 4552 ab
1697 4514 1789 4551 au-

244 4602 398 4642 ctore
440 4589 685 4642 adornata
730 4588 930 4652 fuerat;
973 4589 1062 4641 sed
1092 4590 1142 4641 in
1170 4588 1274 4639 alio
1301 4588 1399 4640 alia
1429 4586 1668 4639 deﬁciunt
1696 4603 1707 4648 ;
1740 4588 1788 4640 in

245 4687 469 4744 utroque
489 4685 661 4729 autem
688 4683 792 4727 tota
818 4675 943 4727 Novi
970 4676 1283 4728 Testamenti
1314 4676 1561 4744 Synapsis
1586 4676 1789 4730 deside-

242 4777 414 4823 ratur.
438 4766 780 4820 Coislinianus
802 4767 948 4820 initio
975 4767 1183 4821 exhibet
1210 4768 1567 4836 praefationem
1591 4769 1654 4821 ab
1676 4769 1788 4836 ipso

244 4859 509 4925 scriptore
552 4857 909 4910 concinnatam
927 4898 941 4921 ,
968 4866 1018 4910 et
1044 4858 1251 4925 optima:
1282 4869 1413 4910 nota!
1435 4899 1448 4922 ,
1477 4873 1633 4922 quam
1664 4857 1791 4910 Pro-

247 4945 491 4999 theoriam
512 4942 760 4995 inscribit.
791 4943 913 4996 llaec
939 4952 1109 4997 autem
1141 4944 1443 4997 Protheoria
1461 4954 1562 4996 tota
1594 4946 1738 4998 abest
1759 4960 1788 4996 a

242 5032 443 5089 Codice
485 5029 848 5097 Lugdunensi:
880 5030 1207 5098 vicissimque
1248 5031 1603 5098 Lugdunensis
1630 5032 1786 5084 multa

246 5120 444 5183 habet,
484 5134 598 5186 qua:
632 5123 682 5169 in
710 5116 1025 5169 Coisliniano
1053 5132 1264 5183 prorsus
1292 5119 1511 5179 desunt;
1546 5120 1785 5171 nimirum

245 5208 511 5277 Synopsin
537 5208 588 5260 in
611 5206 926 5268 Leviticum,
960 5204 1305 5272 Epilogum°iu
1335 5204 1594 5273 SynOpses
1625 5206 1782 5256 libro-

244 5310 365 5349 rum
388 5295 584 5361 Regum
610 5310 623 5356 ;
653 5294 911 5360 Synopses
939 5292 990 5341 in
1023 5290 1437 5356 Paralipomena,
1466 5292 1513 5342 iu
1544 5291 1777 5351 Esdram,

244 5385 298 5437 in
334 5384 497 5435 libros
523 5382 741 5444 Esther,
770 5380 944 5435 Tobia:
963 5418 978 5443 ,
1008 5377 1181 5430 Judith
1202 5418 1214 5443 ,
1238 5378 1334 5431 Job
1354 5420 1367 5444 ,
1399 5379 1447 5430 in
1471 5379 1655 5430 librum
1684 5379 1779 5429 Sa-

242 5470 457 5539 pientiae
477 5510 491 5532 ,
518 5471 568 5521 in
596 5468 889 5522 Proverbia.

317 5556 397 5609 Ex
439 5556 579 5610 hisce
614 5555 815 5609 duobus
857 5554 978 5607 Mss.
1010 5552 1181 5621 prodit
1210 5552 1455 5621 Synopsis
1481 5552 1662 5606 istlirec
1685 5593 1697 5616 ,
1732 5553 1781 5605 in

242 5659 349 5714 qua
383 5644 625 5699 nonnulla
655 5644 807 5699 etiam
838 5656 899 5697 ex
928 5640 1096 5695 Veteri
1123 5640 1451 5696 Testamento
1480 5637 1781 5696 desideran-

1899 3707 2016 3762 tur;
2054 3697 2295 3751 nimirum
2325 3698 2573 3767 Synopsis
2605 3697 2924 3751 Psalmorum
2946 3738 2959 3761 ,
2988 3705 3040 3750 et
3062 3695 3285 3765 quinque
3315 3692 3440 3747 I'ro-

1898 3789 2170 3854 phetarum
2217 3787 2491 3839 minorum.
2534 3786 2588 3839 ln
2627 3796 2849 3854 utroque
2874 3800 3028 3853 porro
3054 3784 3244 3837 Codice
3272 3782 3441 3851 Syno-

1896 3877 2001 3941 psis
2042 3875 2226 3929 Joanni
2264 3874 2631 3943 Chrysostomo
2675 3874 2911 3926 tribuitur
2960 3888 2972 3923 :
3016 3872 3066 3922 in
3114 3870 3271 3921 titulis
3299 3870 3436 3921 enim

1894 3962 2188 4015 Coisliniani
2228 3971 2281 4014 et
2320 3961 2679 4029 Lugdunensis
2704 3960 2908 4013 Codic-is
2935 3958 3291 4027 CltrySOswtni
3319 3971 3436 4010 esse

1892 4052 2109 4113 dicitur,
2158 4058 2214 4103 ut
2256 4064 2372 4101 mox
2411 4049 2624 4101 videbis.
2666 4048 2776 4101 Jam
2810 4063 2931 4101 vero
2960 4048 3233 4115 quccritur,
3265 4054 3432 4098 utrum

1894 4156 2016 4193 vere
2061 4137 2414 4207 Chrysostomi
2445 4138 2545 4198 sit,
2574 4151 2756 4189 necne.
2791 4136 2993 4188 lsaacns
3017 4144 3154 4187 certe
3183 4131 3398 4185 Vossius
3419 4170 3435 4194 ,

1893 4228 2038 4295 Cujus
2082 4236 2192 4280 erat
2220 4225 2393 4278 Codex
2419 4225 2503 4277 ille
2534 4224 2865 4277 Bibliotheca:
2894 4218 3253 4288 Lugdunensis
3283 4218 3439 4269 Batti-

1892 4318 2041 4382 victe,
2071 4332 2172 4368 non
2198 4318 2405 4383 putabat
2434 4328 2548 4367 esse
2565 4313 2937 4382 Chrysostomi,
2963 4309 3267 4363 tesuiieante
3286 4306 3435 4361 Guil-

1892 4407 2046 4459 lelmo
2091 4406 2227 4458 Cave
2276 4406 2326 4457 in
2373 4405 2592 4457 llistoria
2637 4419 2726 4455 sua
2771 4400 2994 4454 literaria
3043 4399 3263 4452 Ceneva:
3296 4412 3435 4450 anno

1894 4495 2027 4547 i705
2049 4494 2183 4547 edita
2207 4534 2220 4557 ,
2250 4494 2395 4559 Cujus
2426 4494 2534 4544 haec
2559 4498 2675 4541 sunt
2704 4487 2857 4539 verba
2877 4527 2891 4551 ,
2923 4501 2971 4553 p.
3004 4486 3107 4539 2l5
3136 4504 3146 4537 :
3187 4504 3203 4536 ι
3241 4486 3423 4538 Exstat

1893 4584 2073 4637 Graece
2113 4582 2206 4635 Ms.
2256 4583 2303 4633 in
2337 4580 2651 4632 Bibliotheca
2678 4576 2925 4629 Vossiana
2953 4576 3047 4629 sub
3073 4573 3430 4645 Chrysostmui

1892 4672 2102 4724 nomine
2150 4669 2397 4738 SynOpsis
2427 4666 2625 4719 Veteris
2672 4665 3027 4731 Testamenti;
3066 4645 3158 4722 sed
3186 4681 3287 4718 non
3318 4679 3433 4717 esse

1891 4760 2167 4827 genuinum
2200 4755 2556 4823 Cltrysostomi
2587 4756 2762 4807 foetum
2796 4754 2905 4821 ipse
2934 4754 3059 4806 mihi
3083 4754 3203 4806 olim
3228 4752 3433 4807 confes-

1890 4860 1976 4897 sus
2004 4852 2083 4896 est
2108 4844 2175 4895 cl.
2209 4843 2439 4895 Vossius.
2478 4859 2496 4892 ι
2532 4843 2598 4893 At
2622 4842 2807 4907 opinor
2838 4841 3070 4893 Vossium
3094 4842 3203 4893 haec
3224 4840 3429 4906 perfun-

1888 4935 2048 4986 ctorie
2096 4933 2279 5000 legisse
2303 4973 2315 4994 ,
2364 4940 2415 4983 et
2458 4946 2518 4984 ex
2560 4932 2677 4999 styli
2709 4934 2926 4983 lortasse
2950 4931 3147 4982 ratione
3171 4929 3423 4982 calculum

1890 5021 2070 5073 tulisse
2120 5038 2131 5072 :
2171 5034 2322 5087 quam
2366 5020 2483 5088 styli
2517 5018 2731 5071 formam
2760 5034 2859 5070 non
2888 5018 3051 5085 potuit
3078 5018 3127 5070 in
3159 5028 3257 5070 tam
3286 5032 3427 5071 com-

1888 5108 2134 5175 pendiosa
2175 5110 2470 5161 narratione
2498 5107 2905 5174 deprehendere.
2935 5107 3010 5159 Ad
3042 5107 3152 5159 hanc
3179 5121 3301 5159 vero
3322 5106 3425 5160 Co-

1887 5198 1985 5250 dex
2018 5198 2105 5250 ille
2134 5198 2421 5249 Vossianus
2452 5198 2804 5250 Protlteoriant
2829 5197 2971 5251 illam
2995 5197 3045 5249 in
3070 5198 3236 5250 fronte
3258 5197 3425 5265 Syno-

1885 5301 2038 5353 pseos
2080 5288 2297 5353 positam
2340 5302 2440 5339 non
2480 5286 2635 5339 habet
2664 5304 2673 5337 :
2704 5300 2817 5353 quas
2849 5300 2977 5338 sane
3012 5285 3311 5339 Protheoria
3349 5294 3427 5336 sat

1895 5377 2091 5442 prolixa
2130 5386 2180 5429 et
2211 5393 2239 5428 a
2271 5377 2437 5443 sagaci
2470 5379 2579 5428 viro
2608 5378 2827 5443 scripta,
2858 5376 3104 5444 quasdam
3135 5376 3426 5444 suppeditat

1892 5472 2041 5516 notas
2066 5479 2179 5531 qua:
2209 5465 2579 5531 Cltrysostomo
2607 5464 2862 5531 SynOpsin
2887 5464 3145 5517 vindicare
3168 5461 3421 5513 videntur.

1894 5552 1947 5604 ln
1977 5553 2085 5620 ipsa
2115 5554 2266 5606 etiam
2292 5552 2513 5621 Synepsi
2542 5569 2641 5605 non
2673 5568 2831 5620 pauca
2860 5559 3165 5614 occurrunt,
3193 5564 3304 5616 qure
3331 5563 3429 5616 pro

1890 5640 2257 5711 Chl'ysostomo
2304 5649 2548 5709 pugnant.
2599 5640 2709 5695 Non
2737 5656 2794 5694 ea
2820 5654 2973 5710 porro
3001 5644 3172 5691 mente
3203 5636 3310 5689 haec
3340 5651 3427 5690 ar-
