4000 6220
544 426 654 486 307

537 529 778 589 gumenta
805 519 1116 588 proferimus
1135 559 1148 583 ,
1176 525 1232 572 ut
1259 519 1370 572 sine
1392 517 1501 571 ulla
1531 527 1741 584 prorsus
1761 513 2079 566 dubitatione

539 611 794 681 Synupsin
819 625 935 664 esse
949 611 1302 679 Chrysostomi
1326 617 1645 663 statuamus:
1677 620 1776 658 non
1796 605 1932 658 enim
1966 617 2081 669 per—

541 699 659 751 inde
688 699 856 750 ati‘ecti
880 712 1088 762 sumus,
1118 707 1271 766 atque
1314 697 1546 751 nonnulli
1585 697 1884 761 scriptores,
1913 693 1996 760 qui
2020 707 2079 744 ea

537 805 654 856 qua:
686 804 748 842 ex
780 791 1006 842 tenebris
1026 800 1244 851 eruunt,
1275 790 1334 841 iis
1361 802 1493 856 quos
1533 795 1753 839 tractant
1783 783 2080 837 auctoribus

539 880 606 931 ita
634 893 866 931 asserere
890 887 1170 940 conantur,
1201 885 1257 930 ut
1281 878 1473 930 nullam
1503 876 1756 927 rationem
1787 874 1975 926 habere
2002 871 2075 922 vi-

540 967 760 1019 dcantur
800 979 984 1017 eorum
1029 977 1144 1031 qiue
1183 973 1408 1031 possunt
1440 971 1619 1016 contra
1657 961 1833 1027 objici.
1867 959 2079 1010 Etiamsi

536 1057 675 1108 enim
698 1054 806 1107 brec
825 1067 941 1122 qua:
961 1053 1270 1121 proferimus
1290 1052 1459 1119 magni
1480 1065 1595 1102 esse
1616 1050 1860 1101 momenti
1887 1047 2083 1114 perspi-

537 1160 692 1198 cuum
736 1144 885 1197 nobis
925 1144 993 1196 sit
1038 1159 1050 1194 :
1095 1153 1370 1209 antequam
1411 1139 1646 1192 ultimum
1676 1151 1736 1190 ea
1766 1137 1832 1189 de
1862 1152 1916 1188 re
1941 1134 2080 1203 judi-

538 1240 675 1291 cium
696 1246 979 1292 statuamus
997 1278 1011 1300 ,
1036 1245 1337 1305 argumenta
1365 1240 1539 1286 nostra
1567 1233 1769 1286 erudito
1797 1231 1972 1284 lectori
2000 1230 2059 1281 of
2065 1259 2080 1269 -

539 1326 675 1379 ferre
713 1327 880 1380 visum
909 1335 1012 1391 est,
1063 1335 1115 1378 ut
1159 1336 1259 1377 tam
1301 1324 1438 1377 illius
1463 1363 1476 1384 ,
1505 1337 1658 1389 quam
1688 1330 1867 1373 nostro
1887 1319 2083 1388 judicio

537 1418 657 1486 quid
684 1417 1000 1470 censendum
1029 1415 1094 1468 sit
1124 1416 1279 1467 tutius
1307 1413 1645 1466 afﬁrmemus.

607 1506 836 1559 Primum
888 1506 1041 1573 igitur
1086 1511 1447 1572 argumentum
1495 1509 1792 1553 mutuamur
1836 1513 1900 1551 ex
1939 1497 2084 1552 hisce

539 1597 818 1664 postremis
843 1595 1160 1649 Protheuriae
1186 1594 1356 1648 verbis
1374 1633 1387 1656 ,
1419 1592 1501 1644 ubi
1529 1592 1750 1658 scriptor
1775 1603 2084 1643 enumerans

535 1687 664 1741 Novi
693 1687 1008 1740 Testamenti
1038 1686 1225 1748 libros,
1257 1692 1547 1751 postremas
1571 1681 1717 1749 ponit
1746 1690 1851 1733 tres
1878 1679 2084 1745 Episto-

538 1778 613 1830 las
642 1777 943 1836 catholicas,
975 1787 1018 1828 et
1044 1787 1138 1828 tres
1155 1793 1214 1828 ex
1235 1775 1485 1827 catholicis
1513 1772 1769 1840 Epistolis.
1798 1769 2082 1822 Catholica:

537 1877 708 1920 autem
756 1875 875 1920 sunt
921 1866 1164 1934 Epistolae
1207 1874 1438 1932 septem,
1485 1876 1700 1928 quarum
1741 1868 1847 1912 tres
1886 1866 2083 1910 tantum

539 1966 772 2024 lmnpm'c
810 1956 1167 2023 Cbrysustumi
1214 1955 1262 2005 in
1294 1952 1522 2005 Ecclesia
1556 1950 1907 2012 Antiochena,
1938 1948 2084 2015 cujus

537 2048 623 2097 ille
651 2046 919 2113 presbyter
944 2054 1050 2097 erat
1075 2083 1090 2106 ,
1120 2043 1522 2109 recipiebantur.
1553 2038 1680 2091 Nam
1713 2039 1827 2091 licet
1854 2037 2083 2105 Epistola

539 2135 762 2186 secunda
792 2133 965 2194 Petri,
998 2131 1222 2184 secunda
1251 2142 1299 2184 et
1328 2131 1473 2182 tertia
1506 2130 1718 2183 Joannis
1740 2169 1753 2191 ,
1782 2137 1936 2194 atque
1958 2127 2082 2193 Epi-

538 2224 668 2275 stola
711 2223 771 2274 B.
811 2221 956 2275 Juda:
1003 2221 1220 2288 apostoli
1253 2220 1386 2272 inter
1410 2228 1765 2271 sacrosanctus
1791 2225 1843 2268 et
1870 2215 2083 2267 canoni-

537 2313 944 2381 casSeripturas
968 2327 994 2363 a
1016 2311 1188 2363 multis
1210 2310 1313 2377 jam
1342 2309 1548 2362 stcculis
1575 2322 1666 2375 per
1693 2316 1852 2359 totam
1872 2306 2084 2357 omnino

541 2402 824 2456 Ecclesiam
852 2403 1198 2468 recipiantur,
1229 2401 1486 2468 prioribus
1508 2407 1676 2451 tamen
1711 2399 1958 2450 Ecclesia:
1983 2411 2084 2448 εω-

540 2495 668 2546 culis
708 2495 817 2545 ista:
842 2502 1062 2562 quatuor
1097 2492 1339 2558 Epistula:
1367 2505 1470 2543 non
1501 2490 1548 2542 in
1577 2489 1817 2543 omnibus
1845 2488 2085 2540 Ecclesiis

542 2594 596 2635 ut
638 2583 898 2635 canonica:
943 2580 1350 2633 admittebantur
1395 2597 1406 2631 :
1450 2579 1685 2645 quaedam
1735 2577 1874 2630 enim
1904 2585 2082 2638 erant,

540 2672 638 2724 etsi
683 2686 890 2738 paucae,
941 2685 1054 2736 qua:
1098 2670 1208 2721 illas
1255 2684 1355 2720 non
1400 2667 1776 2730 admittebant,
1816 2674 1872 2718 ut
1912 2665 2086 2718 videas

541 2765 674 2832 apud
719 2764 918 2817 Sixtum
963 2762 1250 2816 Seneusem
1275 2762 1408 2814 libro
1438 2761 1600 2828 primo
1626 2764 1679 2815 in
1709 2759 1812 2812 fine
1840 2756 2086 2810 scctiouis

541 2854 801 2908 secundm.
829 2853 928 2904 Sed
957 2867 984 2904 a
1009 2855 1228 2903 maxima
1259 2852 1535 2904 Orientalis
1565 2850 1806 2902 Ecclesire
1831 2857 2004 2914 parte,
2037 2856 2088 2897 et

541 2960 568 2995 a
615 2953 720 2995 toto
761 2957 891 3010 pene
932 2941 1208 2994 Occidcnte
1248 2941 1382 2992 inter
1418 2939 1696 2990 canonicos
1720 2938 1877 2989 libros
1902 2951 2085 2988 cense-

545 3033 762 3095 bantur;
805 3034 936 3084 inter
965 3033 1123 3083 libros
1153 3029 1392 3082 videlicet
1423 3028 1654 3090 divinos,
1686 3025 1933 3080 canonice
1961 3026 2088 3077 seri-

543 3131 658 3188 ptus
682 3161 694 3181 ,
735 3123 961 3178 traditos
999 3128 1051 3172 et
1076 3118 1301 3171 creditus
1321 3156 1336 3180 ,
1366 3117 1528 3184 inquit
1555 3130 1768 3182 magnus
1796 3114 1880 3166 ille
1908 3113 2087 3165 Eccle-

542 3211 633 3262 sia:
677 3226 848 3276 prmeo
890 3209 1237 3270 Athanasius,
1280 3207 1362 3274 qui
1405 3205 1685 3257 catholicas
1725 3203 1980 3271 Epistolas
2007 3217 2089 3252 se.-

543 3311 681 3368 ptem
733 3301 782 3352 in
830 3301 1032 3352 illorum
1083 3311 1300 3351 numero
1353 3297 1503 3348 locat.
1535 3297 1601 3347 At
1646 3295 1878 3348 Ecclesia
1908 3293 2088 3344 Atilio-

543 3391 706 3444 chena
731 3399 952 3456 quatuor
983 3388 1092 3440 illas
1124 3402 1274 3453 supra
1305 3393 1618 3437 memoratas
1648 3382 1908 3450 Epistolas
1933 3381 2089 3433 Jonn-

543 3482 626 3533 nis
672 3478 1028 3548 (Zhrysostumi
1079 3486 1310 3543 tempore
1352 3490 1452 3526 non
1491 3473 1820 3534 admittebat,
1850 3471 1954 3522 imo
1982 3468 2087 3536 pri-

545 3569 663 3620 stini
707 3577 856 3620 tenax
904 3566 1185 3634 propositi,
1230 3579 1294 3616 ne
1325 3571 1556 3629 tempore
1580 3561 1786 3630 quidem
1816 3558 2087 3612 Iustiniani

547 3660 876 3726 Imperatoris
923 3659 1035 3708 illas
1078 3656 1247 3708 adhuc.
1291 3655 1623 3721 adoptaverat
1650 3669 1664 3716 ;
1693 3651 1741 3704 id
1767 3650 1904 3719 quod
1933 3649 2090 3718 Syro.

547 3763 660 3801 rum
687 3747 950 3814 preprium
977 3755 1089 3798 erat
1109 3783 1121 3802 .
1150 3753 1206 3794 ut
1226 3743 1378 3796 modo
1399 3741 1705 3793 videbinms.

614 3836 761 3904 Quod
797 3844 972 3887 autem
1014 3832 1241 3885 Ecclesia
1268 3830 1587 3882 Antiochena
1611 3825 1891 3878 secundam
1915 3831 1966 3876 et
1990 3832 2089 3874 ter-

549 3927 673 3981 tiam
715 3924 927 3977 Joannis
971 3939 1072 3975 non
1114 3923 1400 3988 reciperet,
1430 3919 1479 3971 id
1507 3917 1701 3985 liquido
1727 3913 2092 3981 comprobatur

551 4033 613 4071 ex
641 4015 862 4068 llomilia
891 4029 1007 4065 mox
1036 4011 1254 4075 edenda,
1287 4023 1439 4077 quam
1465 4008 1606 4076 prior
1633 4003 1908 4073 publicavit
1931 4001 2091 4054 Joan—

551 4107 632 4159 nis
661 4102 1013 4172 Chrysostomi
1045 4101 1251 4152 nomine
1276 4098 1564 4151 Cotelerius
1585 4136 1598 4158 ,
1628 4108 1884 4162 quamque
1909 4091 2096 4158 proba-

551 4209 668 4248 mus
694 4194 744 4245 iu
766 4192 955 4244 Μοιιὶιο
980 4187 1108 4241 infra
1141 4204 1239 4241 non
1261 4186 1617 4255 Cbrysustomi
1645 4198 1779 4247 esse,
1807 4181 1897 4235 sed
1923 4180 2094 4246 cujus-

552 4284 670 4337 dam
719 4279 1006 4349 presbyteri
1034 4275 1338 4329 Antiocbcni
1376 4274 1512 4326 illius
1533 4271 1626 4322 sevi
1649 4285 1824 4322 coram
1850 4269 2094 4319 Flaviano

553 4373 798 4441 episcopo
825 4367 1200 4422 concionantis.
1231 4363 1283 4415 In
1313 4363 1408 4414 hac
1429 4361 1582 4428 igitur
1603 4357 1844 4420 Humilia,
1868 4369 2012 4407 num.
2041 4354 2093 4415 6,

554 4463 618 4515 de
643 4460 856 4515 Joannis
884 4457 1212 4523 evangelista:
1242 4450 1470 4519 Epistula
1494 4445 1720 4501 secunda
1743 4453 1794 4496 et
1819 4443 1966 4495 tertia
1988 4441 2096 4492 hate

557 4551 802 4602 dicuntur
833 4565 843 4598 :
881 4566 899 4597 ‹
940 4546 1076 4597 idem
1109 4544 1192 4595 ille
1220 4554 1410 4609 praeco,
1442 4537 1530 4606 qui
1556 4535 1665 4588 haec
1689 4530 1987 4601 prredicavit
2007 4570 2020 4591 ,
2047 4529 2094 4579 in

559 4639 786 4706 Epistula
833 4651 922 4688 sua
970 4633 1147 4686 scribit
1179 4648 1190 4681 :
1220 4630 1382 4697 prima
1423 4635 1594 4679 autem
1620 4621 1849 4690 Epistola
1881 4619 2014 4670 inter
2037 4632 2095 4669 ca

557 4705 671 4795 qua:
713 4729 761 4778 in
817 4724 1045 4776 Ecclesia
1101 4720 1454 4786 recipiuntur,
1515 4728 1617 4766 non
1648 4714 1782 4764 inter
1805 4705 2097 4775 apocrypha

558 4821 869 4869 recensetur
904 4830 917 4862 :
965 4824 1082 4861 nam
1124 4807 1404 4860 secundam
1448 4813 1499 4856 et
1525 4802 1726 4854 tertiam
1755 4805 1925 4865 patres
1954 4804 2098 4846 extra

559 4917 809 4958 canonem
833 4905 1057 4967 ponunt;
1079 4897 1292 4960 primum
1311 4907 1432 4945 vero
1453 4891 1732 4959 Epistulam
1749 4883 1962 4938 Joannis
1987 4895 2101 4934 esse

561 5008 741 5049 omnes
772 4989 1118 5044 consentiunt.
1154 5003 1170 5033 ι
1206 4984 1335 5035 llinc
1364 4982 1509 5033 vides
1527 4977 1805 5031 secundum
1829 4981 1880 5025 ct
1901 4972 2100 5024 tertiam

561 5085 773 5138 Joannis
801 5077 1080 5146 Epistolam
1110 5081 1244 5125 inter
1264 5071 1538 5122 canonicos
1560 5063 1847 5116 AllliOCIlitB
1875 5074 1977 5111 non
2010 5058 2105 5108 ha-

564 5176 693 5228 bitas
761 5172 935 5222 fuisse.
963 5163 1252 5220 Secundam
1284 5161 1405 5212 item
1434 5156 1567 5208 l’etri
1592 5195 1604 5216 ,
1630 5163 1681 5204 et
1712 5150 1995 5217 Epistolam
2019 5148 2107 5201 Ju-

564 5264 644 5316 ἀτη
673 5253 1134 5329 apostoli,perinde
1160 5260 1312 5318 atque
1342 5244 1618 5300 secundum
1647 5250 1698 5294 et
1728 5241 1930 5292 tertiam
1953 5238 2110 5292 Joan-

565 5353 646 5406 nis
667 5391 680 5413 ,
707 5328 732 5400 a
757 5350 899 5418 Syris
924 5389 938 5413 ,
963 5357 1115 5414 atque
1135 5342 1263 5395 adeo
1285 5339 1348 5390 ab
1374 5333 1707 5389 Antiochenis
1734 5344 1834 5382 non
1859 5328 2109 5379 admissas

567 5441 728 5493 fuisse
766 5439 960 5489 diserte
999 5435 1150 5487 docet
1178 5431 1392 5484 Cosmas
1425 5422 1692 5490 IEgyptius
1716 5461 1730 5483 ,
1759 5418 1846 5483 qui
1877 5427 2110 5483 tempore

570 5525 843 5584 Justiuiaui
864 5522 1194 5590 Imperatoris
1210 5515 1485 5572 scribebat.
1511 5512 1654 5563 Hune
1675 5508 1980 5572 scriptorem
2004 5503 2112 5554 edi-

570 5619 739 5672 dimus
776 5629 912 5667 anno
946 5610 1095 5663 1706.
1129 5609 1213 5660 Sic
1237 5614 1409 5656 autem
1441 5601 1594 5652 habet
1622 5612 1669 5664 p.
1699 5595 1829 5654 2'92,
1866 5591 2021 5642 multa
2050 5590 2114 5640 de

571 5707 837 5762 catholicis
881 5699 1121 5769 Epistolis
1167 5707 1217 5749 et
1257 5695 1321 5747 de
1351 5705 1526 5745 carum
1557 5685 1858 5739 auctoritate
1887 5690 2003 5732 ante
2033 5680 2107 5730 la-

1748 397 2060 455 DIATRIBA
2102 395 2161 450 IN
2201 395 2542 450 SYNOPSIN.

3630 430 3745 482 308

2187 518 2378 575 quotus
2411 527 2422 562 :
2462 527 2478 559 ι
2519 510 2665 580 Apud
2699 511 2855 580 Syros
2883 522 3053 567 autem
3083 531 3183 570 nun
3217 517 3312 570 nisi
3345 527 3445 571 tres
3471 523 3738 587 prrdiette

2189 601 2552 665 reperiuntur;
2581 600 2819 656 videlicet
2854 603 3066 667 Jacobi,
3096 606 3233 659 Petri
3261 617 3313 661 et
3338 608 3548 661 Joannis
3578 627 3590 662 :
3618 612 3738 664 alia

2187 691 2378 758 quippe
2423 706 2580 758 penes
2626 692 2740 747 illos
2787 709 2851 747 ne
2893 696 3098 762 quidem
3140 697 3410 750 habentur.
3439 699 3732 753 Perfectum

2190 779 2361 846 itaque
2399 781 2747 835 Christianum
2792 783 2959 838 dubiis
2998 785 3141 838 inniti
3187 801 3287 839 non
3338 798 3578 855 Oportet,
3612 805 3733 844 cum

2187 883 2262 922 ea:
2289 870 2570 937 Scriptura:
2593 912 2608 935 ,
2641 887 2756 938 quzc
2783 873 2833 924 in
2859 888 3059 926 canone
3085 876 3323 941 reposita:
3343 914 3360 939 ,
3386 884 3440 929 et
3458 877 3591 943 apud
3614 893 3732 928 um-

2190 974 2280 1010 nes
2310 960 2616 1013 incunfesso
2633 971 2771 1024 sum,
2796 965 2966 1015 omnia
2983 964 3106 1014 satis
3127 964 3441 1017 declarent.»
3470 966 3600 1019 Hinc
3623 982 3733 1018 ma-

2189 1046 2374 1100 nifeste
2406 1047 2549 1102 vich
2578 1052 2732 1102 etiam
2761 1061 2992 1118 tempore
3014 1052 3286 1105 Justiniani
3312 1052 3641 1119 Imperatoris
3665 1071 3731 1106 ex

2187 1136 2454 1190 catholicis
2473 1139 2572 1192 illis
2597 1140 2838 1207 Epistolis
2866 1141 3067 1194 nonnisi
3095 1152 3197 1194 tres
3218 1141 3348 1208 apud
3375 1141 3552 1210 Syros,
3575 1155 3731 1210 atque

2186 1227 2315 1279 adeo
2344 1228 2393 1281 in
2427 1229 2653 1282 Ecclesia
2683 1230 3000 1283 Antiochena
3023 1270 3035 1293 ,
3060 1241 3294 1296 receptas
3318 1229 3496 1281 fuisse.

2256 1317 2386 1370 llinc
2425 1319 2577 1386 igitur
2603 1321 2767 1388 palam
2794 1329 2873 1372 est
2903 1321 3035 1371 hunc
3062 1319 3378 1385 Scriptorum
3406 1359 3416 1379 ,
3450 1333 3600 1386 quem
3623 1319 3728 1384 jam

2188 1409 2238 1458 in
2270 1406 2529 1474 publicum
2560 1407 2842 1460 emittimus
2864 1446 2878 1471 ,
2905 1408 3093 1475 quique
3123 1417 3225 1459 tres
3256 1416 3449 1458 tantum
3474 1408 3730 1473 Epistulas

2187 1497 2470 1550 catholicas
2534 1498 2642 1550 sive
2701 1498 2978 1549 canonicas
3032 1498 3295 1558 admittit,
3350 1497 3729 1549 Antiochenam

2187 1599 2337 1649 csse;
2367 1586 2577 1654 jamque
2607 1586 2723 1639 hinc
2747 1587 2970 1654 aliquam
3002 1587 3148 1639 titulo
3172 1587 3432 1640 conciliari
3463 1585 3611 1638 fidem
3635 1626 3648 1649 ,
3678 1587 3728 1637 in

2187 1691 2290 1743 quo
2333 1676 2521 1727 dicitur
2562 1689 2679 1728 esse
2716 1675 2931 1728 Joannis
2957 1673 3334 1745 Chrysustomi.
3365 1675 3430 1728 Et
3457 1689 3578 1728 vere
3608 1691 3730 1727 san-

2187 1775 2298 1820 ctus
2325 1767 2408 1820 hic
2435 1766 2638 1830 ductor,
2669 1768 2755 1835 qui
2781 1768 3061 1834 Scriptura:
3087 1782 3248 1819 saera:
3280 1767 3436 1818 libros
3462 1780 3645 1818 omnes
3678 1766 3727 1816 in

2189 1857 2424 1908 llumiliis
2473 1857 2581 1908 suis
2625 1857 2872 1918 adhibet,
2904 1866 3124 1922 quatuor
3151 1857 3348 1908 illarum
3380 1856 3728 1924 Epistolarum

2189 1945 2296 1996 loca
2338 1958 2586 2010 nusquam
2633 1943 2820 2005 all'ert;
2873 1952 2963 1995 aut
3005 1944 3187 1995 saltem
3218 1943 3507 2010 hujusmodi
3541 1943 3646 1994 loca
3677 1945 3728 1993 in

2188 2033 2299 2098 ejus
2343 2034 2545 2099 scriptis
2592 2032 2820 2084 nondum
2864 2032 3220 2099 deprehendi:
3253 2033 3450 2083 etiamsi
3484 2047 3607 2082 vero
3638 2032 3727 2083 de-

2190 2122 2635 2190 prehenderentur
2666 2164 2677 2181 .
2734 2137 2834 2174 nun
2881 2132 3049 2173 tamen
3104 2121 3220 2173 inde
3265 2131 3567 2187 sequeretur
3613 2134 3727 2170 eam

2187 2213 2465 2278 Seriptura:
2509 2220 2706 2278 partem
2738 2211 3037 2263 canonicam
3063 2209 3236 2262 haberi
3272 2226 3283 2259 :
3318 2224 3432 2260 nam
3465 2209 3564 2259 illis
3597 2218 3728 2260 lein-

2189 2303 2397 2368 puribus
2426 2316 2523 2350 bna
2553 2315 2712 2366 pauca
2742 2311 2888 2352 erant
2918 2303 2964 2352 in
2995 2302 3298 2367 quibusdam
3325 2300 3590 2362 Ect-lesiis,
3611 2314 3729 2364 qua:

2189 2391 2486 2458 legebantur
2531 2390 2769 2455 quidem,
2816 2389 2904 2441 sed
2950 2390 3192 2441 canonica
3235 2403 3347 2441 esse
3387 2402 3487 2438 nun
3527 2398 3732 2452 reputa-

2191 2483 2395 2534 bantur.
2476 2479 2784 2532 Moncndnm
2835 2489 3003 2530 autem
3050 2478 3289 2529 existimo
3316 2516 3328 2538 ,
3357 2475 3525 2528 locum
3553 2475 3730 2528 haberi

2191 2570 2408 2623 llomilia
2448 2579 2587 2621 sexta
2630 2570 2842 2621 Joannis
2885 2569 3242 2638 Chrysostomi
3287 2568 3334 2618 in
3366 2567 3605 2620 Genesim
3631 2605 3646 2631 ,
3677 2583 3730 2633 p.

2188 2661 2255 2714 40
2286 2659 2538 2711 Editiunis
2579 2671 2797 2720 nostrze,
2837 2658 2918 2709 ubi
2951 2657 3025 2710 sic
3051 2657 3235 2725 legitur
3264 2673 3279 2710 :
3311 2655 3360 2706 Ii
3389 2672 3500 2707 vero
3528 2657 3610 2719 qui
3635 2656 3731 2706 ali—

2189 2748 2385 2813 quando
2415 2764 2466 2799 se
2494 2747 2542 2796 in
2569 2747 2754 2797 diaboli
2783 2747 2905 2797 retia
2934 2747 3158 2813 injiciuat
3180 2786 3193 2809 ,
3222 2745 3422 2796 canibus
3443 2760 3731 2810 comparau-

2189 2846 2268 2885 tnr
2295 2852 2325 2886 a
2357 2835 2617 2902 Scriptura
2644 2837 2806 2886 divina
2840 2851 2856 2886 :
2888 2835 3051 2886 llumo
3081 2835 3216 2886 enim
3244 2873 3256 2895 ,
3283 2834 3466 2901 inquit,
3498 2834 3581 2899 qui
3609 2846 3732 2883 con-

2191 2927 2408 2977 vertitur
2449 2940 2477 2975 a
2523 2934 2731 2990 peccato
2775 2938 2865 2973 suo
2891 2964 2903 2985 ,
2933 2932 2984 2974 ct
3015 2924 3195 2974 iterum
3227 2924 3274 2972 in
3307 2921 3526 2986 idipsum
3557 2919 3689 2971 redit
3714 2959 3728 2978 .

2190 3013 2374 3067 similis
2400 3022 2480 3065 est
2507 3012 2620 3065 cani
2654 3013 2714 3063 ad
2739 3013 2985 3063 vomitum
3018 3012 3273 3063 redeunti.
3308 3009 3378 3060 Ibi
3405 3024 3528 3060 vero
3560 3024 3650 3058 nos
3683 3009 3732 3059 in

2191 3104 2420 3171 margine
2463 3103 2629 3154 locum
2655 3101 2988 3152 indicavimus
3017 3100 3049 3151 Ε).
3079 3099 3213 3151 Petri
3240 3097 3292 3162 ‘2,
3324 3097 3392 3149 9.2
3420 3114 3434 3152 :
3466 3106 3517 3147 at
3541 3097 3634 3148 etsi
3667 3095 3733 3147 ibi

2190 3193 2254 3245 (lc
2281 3208 2408 3244 cane
2429 3191 2491 3242 ad
2522 3191 2768 3242 vomitum
2800 3205 2854 3242 rc
2867 3203 3017 3241 verso
3042 3198 3238 3255 agatur,
3266 3197 3466 3238 certum
3497 3193 3576 3237 est
3603 3185 3737 3236 hunc

2194 3283 2362 3333 locum
2390 3281 2452 3333 ad
2485 3280 2764 3334 secundam
2797 3279 2935 3333 Petri
2966 3279 3250 3346 Epistulam
3282 3290 3382 3328 non
3411 3274 3735 3328 referendum

2193 3386 2307 3424 esse
2326 3411 2339 3434 ,
2381 3370 2470 3422 sed
2500 3371 2562 3421 ad
2593 3369 2987 3421 Proverbiurum
3015 3368 3202 3419 librum
3229 3406 3242 3427 ,
3273 3380 3389 3430 cap.
3417 3364 3482 3414 26
3501 3403 3514 3426 ,
3550 3379 3598 3414 γ,
3632 3363 3689 3414 Η
3717 3401 3734 3425 ,

2193 3472 2345 3527 atque
2371 3459 2503 3510 adeo
2529 3457 2860 3524 marginalem
2888 3465 3060 3506 notam
3085 3455 3160 3506 sic
3189 3452 3560 3505 restituendam
3581 3466 3694 3503 esse
3718 3489 3736 3513 ,

2199 3550 2352 3602 l’rov.
2378 3547 2466 3601 ‘26.
2500 3549 2554 3600 ll
2594 3545 2689 3616 (a).
2719 3545 2811 3597 llic
2833 3544 3211 3594 animadvertas
3236 3543 3410 3603 velim,
3432 3541 3739 3608 ChrySosto-

2195 3655 2333 3691 mum
2377 3638 2772 3690 concionantem
2816 3635 2896 3685 hic
2923 3642 2974 3686 et
2999 3632 3291 3685 sexcenties
3314 3631 3432 3682 alibi
3461 3630 3748 3697 Scriptura:

2195 3730 2303 3781 loca
2330 3767 2343 3791 ,
2397 3735 2548 3794 prout
2589 3725 2851 3776 memoria:
2895 3737 3010 3774 sese
3046 3721 3368 3780 oili-rebant,
3401 3718 3739 3784 alligavisse,

2198 3819 2449 3884 longeque
2478 3816 2682 3867 diverso
2707 3831 2731 3863 a
2763 3812 3040 3877 Scriptura:
3061 3817 3205 3861 textu
3226 3807 3399 3860 modo.
3430 3805 3597 3857 Locus
3619 3819 3740 3870 ergo

2195 3908 2508 3973 Scriptum,
2543 3919 2696 3971 quem
2730 3903 2811 3954 hic
2841 3901 3052 3968 reSpicit
3075 3899 3497 3968 Chrysostomus,
3523 3906 3603 3948 est
3629 3908 3743 3944 ver-

2196 3994 2391 4049 siculus
2432 3994 2517 4045 ille
2558 3991 2952 4044 Proverbiornm
2974 4029 2988 4054 ,
3017 4003 3169 4055 quem
3199 3988 3284 4039 ille
3308 4000 3402 4052 pro
3431 3997 3574 4035 more
3598 3990 3649 4033 et
3678 3979 3740 4030 ad

2196 4101 2344 4138 suum
2375 4098 2588 4151 scopum
2626 4080 2951 4134 concinnavit
2973 4119 2987 4142 ,
3017 4087 3071 4130 ut
3096 4075 3159 4128 ad
3185 4083 3386 4140 captum
3417 4071 3578 4138 [iubis
3604 4077 3744 4121 esset

2197 4172 2636 4227 accommodatior
2679 4187 2693 4226 :
2744 4170 2818 4222 sic
2857 4178 3028 4219 autem
3059 4165 3211 4215 habet
3241 4163 3288 4213 in
3316 4175 3412 4212 ιιι(
3445 4158 3745 4224 interpreti-

2200 4266 2296 4316 bus
2325 4279 2339 4314 :
2374 4262 2514 4314 Sicut
2543 4260 2679 4310 canis
2704 4272 2816 4307 cum
2838 4269 3056 4306 reversus
3076 4261 3144 4302 est
3166 4251 3230 4299 ad
3250 4249 3483 4299 uomitum
3511 4261 3676 4305 suum,
3703 4255 3746 4296 et

2199 4357 2397 4408 odiosus
2431 4362 2499 4406 cst
2534 4350 2760 4413 eﬂ'cctus,
2796 4347 2865 4399 sic
2896 4346 3073 4396 stultus
3110 4342 3297 4392 malitia
3324 4355 3415 4390 sua
3439 4353 3659 4388 reuersus
3683 4337 3748 4386 uti

2200 4452 2450 4511 peccatum
2498 4455 2658 4491 suum.
2705 4436 2834 4488 Cum
2879 4433 2976 4485 huc
3008 4433 3121 4484 loco
3147 4445 3359 4497 prorsus
3385 4435 3639 4480 consonat
3667 4425 3748 4478 ille

2200 4545 2390 4596 supra;
2436 4528 2499 4580 ad
2541 4526 2782 4593 Epistula:
2823 4537 2945 4576 vero
2987 4520 3229 4573 secunda:
3277 4518 3413 4570 Petri
3445 4515 3614 4568 locum
3647 4527 3747 4566 non

2203 4621 2418 4689 perinde
2457 4619 2709 4684 quadrat;
2750 4615 2824 4667 sic
2865 4626 3018 4680 porro
3045 4611 3126 4662 ille
3157 4609 3310 4661 habet
3338 4623 3349 4658 :
3375 4605 3599 4672 Contigit
3617 4606 3751 4656 enim

2202 4714 2271 4765 eis
2309 4711 2436 4762 illud
2477 4709 2573 4760 reri
2614 4704 2848 4773 proverbii
2887 4719 2903 4754 :
2937 4702 3070 4752 canis
3096 4712 3313 4748 reversus
3339 4703 3401 4745 nd
3429 4711 3573 4745 suum
3603 4693 3756 4744 vomi-

2205 4811 2347 4862 tum;
2377 4807 2453 4859 et,
2483 4812 2564 4847 sus
2590 4795 2689 4845 lota
2718 4794 2769 4842 in
2798 4789 3052 4842 volutabra
3079 4786 3188 4837 luti.
3219 4783 3430 4835 Certum
3463 4783 3635 4848 itaque
3664 4793 3758 4832 ex-

2207 4891 2566 4959 ploratumque
2608 4889 2688 4934 est
2731 4882 2898 4932 locum
2943 4873 3297 4943 Chrysustonii
3341 4887 3446 4923 non
3489 4871 3627 4922 llch
3669 4883 3756 4920 se-

2205 4979 2391 5036 cunda:
2421 4976 2556 5030 Petri
2585 4970 2894 5024 versiculum
2917 4969 3207 5034 respicere,
3239 4963 3329 5015 sed
3361 4963 3506 5012 illum
3535 4961 3757 5011 Prover-

2209 5073 2433 5126 biorum.
2462 5067 2783 5129 Quamquam
2805 5099 2818 5120 ,
2843 5067 2897 5108 ut
2925 5056 3062 5116 dixi,
3095 5054 3191 5105 etsi
3219 5049 3444 5103 secunda
3475 5049 3614 5099 l’ezri
3636 5045 3758 5110 Epi-

2211 5160 2344 5212 stola
2386 5152 2659 5220 aliquando
2706 5162 2827 5198 usus
2875 5153 3012 5196 esset
3039 5142 3472 5208 Chrysostomus,
3505 5147 3607 5183 non
3639 5131 3762 5183 inde

2214 5259 2385 5301 tamen
2418 5248 2720 5307 sequeretur
2747 5236 2883 5286 illam
2915 5233 2993 5285 vel
3021 5231 3085 5283 ab
3111 5244 3165 5281 se
3188 5230 3266 5279 vel
3295 5226 3360 5276 ab
3389 5222 3619 5275 Ecclesia
3649 5222 3763 5271 An-

2276 5422 2348 5479 (a)
2383 5425 2429 5464 In
2453 5419 2538 5462 hac
2555 5419 2711 5479 nostra
2735 5410 2961 5479 Editiune.
2980 5413 3111 5476 _Tom.
3139 5395 3547 5479 1V,‘col.'§i:5‘:mttbi

2691 5454 2894 5530 iquohic
2915 5454 3095 5530 agitur,
3122 5454 3290 5530 verba,
3326 5465 3552 5530 tioium".
3579 5454 3774 5530 agnitis

2217 5514 2428 5592 areas,
2456 5514 2688 5592 έέιῐῖιῐάη
2708 5514 2803 5592 τίω,
2834 5514 3094 5591 secti-deni
3111 5522 3231 5568 νυιτί
3265 5514 3552 5592 Hermes".
3714 5516 3771 5592 τῑά

2794 5590 2830 5644 ι,
2857 5573 2933 5630 Pt‘.
2958 5583 3264 5630 Mauriuorttm
3289 5573 3504 5622 errorem
3525 5573 3756 5620 dccltnau

2221 5669 2312 5715 tes,
2335 5654 2670 5702 rcvocavimus.
2869 5653 2921 5692 lit.
