4000 6220
326 296 444 351 309

323 398 566 451 liocbena
587 439 601 460 ,
639 409 693 452 ut
721 400 1024 452 canonicam
1053 397 1331 450 admissam
1364 396 1540 450 fuisse.
1569 398 1696 450 lline
1719 413 1871 465 porro

323 486 573 554 liquidutn
619 498 699 541 est
740 498 1002 542 auctorem
1029 488 1322 556 Synopseos
1347 503 1463 541 esse
1490 488 1568 541 vel
1595 489 1871 542 Antioche-

321 589 448 626 num
479 577 558 628 vel
586 577 767 630 saltem
799 576 987 647 Syrum
1014 617 1027 637 ,
1056 586 1242 644 alque,
1268 584 1325 629 ut
1349 576 1446 630 fert
1477 577 1670 637 titulus.
1699 577 1868 646 Chry-

319 674 609 717 lustomttm
634 682 649 730 ;
680 667 814 733 quod
846 678 899 720 et
926 667 1038 719 aliis
1061 666 1363 733 probabitur
1383 666 1719 735 argumentis.

396 756 547 808 Aliud
575 767 932 826 argumentum
960 758 1078 810 inde
1106 758 1357 821 sumitur,
1385 758 1521 825 quod
1551 759 1683 812 inter
1706 775 1864 812 cano-

320 845 471 899 nicos
496 845 774 913 Scriptura:
804 849 962 901 libros
985 888 1000 911 ,
1028 863 1158 915 quos
1181 849 1320 900 solos
1346 850 1393 899 in
1422 849 1523 900 line
1547 849 1867 904 Prolheoritn

318 952 431 988 sure
457 947 639 989 auctor
668 947 843 990 noster
870 948 1125 998 recenset,
1161 939 1496 1005 Apocalypsis
1525 954 1624 989 non
1652 954 1865 1006 compri-

320 1034 453 1076 reat.
476 1024 550 1078 Ne
580 1042 701 1078 vero
731 1034 936 1093 putetur
962 1041 1073 1078 eam
1105 1027 1248 1093 lapsu
1273 1027 1518 1093 graphico
1549 1031 1864 1094 praetermis-

318 1128 432 1165 sam
473 1113 660 1178 l'uisse,
695 1123 834 1167 vetat
876 1114 1167 1167 scholiasta:
1210 1113 1477 1179 cujusdam
1520 1124 1637 1166 nota
1670 1117 1861 1183 margi-

319 1202 453 1252 nalis
476 1243 489 1264 ,
518 1218 632 1268 qua:
656 1203 730 1255 sic
759 1202 944 1265 habet,
972 1201 1106 1255 Nata
1135 1205 1294 1270 ipsum
1319 1219 1413 1253 non
1441 1218 1712 1254 memorare
1735 1204 1862 1269 Apo-

316 1290 561 1357 calypsin.
605 1291 941 1358 Apocalypsis
978 1291 1114 1344 enim
1154 1291 1336 1357 priscis
1375 1290 1619 1343 Ecclesiae
1659 1292 1861 1343 szeculis

317 1394 422 1431 non
455 1380 503 1431 in
545 1381 783 1433 omnibus
813 1380 1059 1433 Ecclesiis
1088 1379 1464 1447 recipiebatur,
1497 1390 1551 1431 ut
1580 1380 1723 1431 aiunt
1753 1380 1859 1431 Eu-

316 1468 493 1521 sebius
518 1509 531 1530 ,
565 1468 906 1536 llieronymus
944 1468 1009 1520 de
1049 1468 1299 1535 Scriptor.
1335 1469 1533 1521 Eccles.
1561 1484 1574 1531 ;
1605 1468 1862 1535 Nicepho-

316 1570 407 1607 rus
437 1570 560 1608 vero
590 1556 874 1622 patriarcha
907 1556 954 1606 in
986 1555 1235 1623 Catalogo
1262 1571 1354 1607 suo
1375 1596 1388 1617 ,
1418 1572 1569 1623 quem
1599 1556 1859 1610 edidimus

317 1644 372 1695 in
412 1644 724 1696 Bibliotheca
753 1644 1063 1696 Coisliniana
1086 1684 1099 1706 ,
1134 1660 1184 1711 p.
1215 1644 1349 1709 205,
1383 1646 1519 1697 illam
1565 1646 1698 1699 inter
1734 1660 1858 1713 apo-

314 1734 508 1803 crypha
539 1744 773 1787 recenset
796 1775 809 1795 ,
844 1744 898 1786 ut
922 1742 973 1785 et
1000 1734 1130 1786 alius
1158 1734 1246 1803 qui
1277 1733 1404 1787 infra
1433 1736 1481 1787 in
1510 1746 1628 1788 nota
1656 1752 1855 1790 memo-

314 1824 511 1875 rabitur
536 1840 547 1873 :
574 1839 753 1875 verum
781 1831 954 1890 patres
981 1838 1160 1875 omnes
1191 1824 1430 1892 praecipui
1458 1866 1472 1890 ,
1505 1828 1817 1881 Athanasius
1837 1870 1852 1892 ,

314 1912 563 1976 Basilius,
592 1913 872 1981 Gregorius
896 1912 1248 1966 Nazianzenus
1269 1955 1282 1977 ,
1315 1923 1552 1982 totusque
1578 1916 1850 1981 Occidens,

314 2010 372 2051 ut
400 2001 676 2069 legitimum
706 2002 917 2055 Joannis
946 2004 1162 2069 apostoli
1189 2016 1319 2070 opus
1339 2044 1353 2067 ,
1380 2013 1431 2055 et
1458 2014 1513 2056 ut
1553 2007 1852 2059 canonicam

311 2091 629 2158 Scripturam
655 2094 880 2145 habuere
904 2111 917 2146 :
944 2093 1254 2160 domumque
1278 2109 1369 2160 per
1392 2102 1546 2145 totam
1570 2095 1850 2149 Ecclesiam

312 2190 421 2232 tum
450 2181 679 2234 Graecam
711 2191 814 2233 tum
846 2181 1079 2234 Latinam
1110 2181 1160 2232 in
1190 2197 1388 2235 canone
1428 2197 1694 2236 sacrorum
1723 2183 1854 2236 divi-

308 2285 597 2338 norumque
624 2271 871 2324 librorum
901 2280 1107 2337 recepta
1142 2278 1239 2323 est.

383 2363 620 2413 Attamen
648 2363 695 2413 in
729 2361 824 2413 hac
850 2362 1069 2429 Synnpsi
1100 2362 1437 2430 Apocalypsis
1466 2379 1566 2415 non
1595 2380 1849 2417 memora-

305 2458 392 2500 tur
412 2488 426 2511 ,
459 2458 507 2500 et
537 2459 779 2501 monente
820 2450 1093 2500 seboliasta
1119 2490 1133 2512 ,
1167 2451 1214 2501 id
1249 2466 1347 2501 non
1378 2452 1568 2503 librarii
1599 2452 1723 2504 vitio
1752 2453 1847 2504 tri-

305 2535 565 2588 linendum
594 2544 692 2588 est.
722 2535 866 2590 Unde
891 2537 1121 2602 arguitur
1145 2552 1173 2589 a
1204 2539 1455 2603 scriptore
1499 2540 1609 2605 ipso
1633 2580 1648 2600 ,
1694 2548 1846 2605 atque

303 2624 506 2676 uthinc
534 2625 779 2692 consequi
826 2625 1057 2689 videtur,
1106 2626 1170 2677 ab
1220 2628 1483 2691 Ecclesia,
1538 2629 1684 2695 cujus
1738 2631 1847 2696 ipse

301 2722 416 2765 erat
438 2754 451 2776 ,
484 2714 706 2765 nondum
727 2722 985 2780 receptam
1014 2713 1171 2767 fuisse
1199 2729 1315 2767 cuin
1335 2716 1445 2767 hanc
1471 2717 1841 2769 scriberentur.

300 2802 459 2853 tlcrte
488 2802 710 2854 Joannes
732 2802 1150 2871 Chrysostomus,
1175 2805 1260 2872 qui
1286 2814 1467 2858 auctor
1487 2807 1661 2872 operis
1682 2806 1843 2858 fertur

300 2890 355 2941 in
397 2890 575 2952 titulo,
606 2906 881 2957 numquam
912 2892 1218 2959 Apocalypsi
1263 2908 1382 2945 usus
1409 2903 1488 2947 est
1517 2896 1565 2945 in
1610 2895 1841 2947 llomiliis

296 2977 520 3044 aliisque
563 2978 707 3030 libris
735 2980 841 3029 suis
861 3017 874 3040 ,
908 2978 1035 3039 etsi,
1081 2979 1145 3030 ad
1173 2994 1347 3032 mores
1376 2981 1725 3034 informandos
1744 3024 1756 3044 ,
1790 2985 1838 3036 in

295 3082 403 3133 quo
430 3081 619 3133 genere
648 3068 869 3120 maxime
897 3077 1132 3120 versatur
1157 3082 1365 3122 sanctus
1391 3070 1597 3135 doctor,
1627 3072 1680 3125 in
1701 3074 1840 3139 Apo-

296 3156 495 3223 calypsi
520 3156 677 3207 multa
708 3156 889 3208 idonea
913 3167 1303 3225 opportunaque
1328 3159 1676 3225 reperiantur,
1707 3176 1837 3225 pra»

295 3247 551 3313 cipueque
577 3247 625 3297 in
658 3247 819 3299 tribus
850 3246 1105 3313 prioribus
1129 3248 1403 3313 capitibus.
1431 3248 1836 3313 Quantumcum-

291 3350 397 3401 quc
417 3334 732 3400 diligentiam
754 3333 1098 3395 adhibuerim,
1123 3344 1177 3386 ut
1196 3336 1519 3401 eXplorarcm
1546 3352 1668 3389 num
1692 3338 1838 3403 quid-

293 3422 433 3488 piam
466 3422 515 3472 in
545 3431 681 3473 tanta
727 3437 937 3489 operum
968 3424 1103 3475 serie
1133 3422 1196 3475 ad
1225 3424 1569 3493 Apocalypsin
1597 3434 1836 3491 spectans

289 3509 802 3576 deprehenderetur,
853 3511 976 3563 nihil
1026 3512 1272 3565 haetenus
1322 3514 1510 3579 reperi.
1556 3514 1619 3566 Et
1667 3522 1834 3569 tamen

291 3599 453 3649 multa
482 3610 631 3651 erant
660 3601 709 3651 in
755 3600 930 3657 libris,
966 3602 1107 3652 verbi
1147 3602 1305 3669 gratia
1329 3642 1342 3666 ,
1384 3602 1451 3655 de
1494 3602 1796 3657 Sacerdotio
1819 3647 1833 3670 ,

284 3704 410 3753 qua:
438 3688 499 3739 ad
530 3704 638 3739 rem
667 3690 888 3741 maxime
916 3691 1154 3743 conferre
1185 3706 1335 3756 posse
1362 3692 1678 3745 videbantur.
1711 3695 1834 3747 lnde

290 3783 463 3828 autem
490 3776 625 3827 aliud
671 3777 931 3842 exsurgit,
960 3778 1068 3829 sive
1092 3787 1448 3845 argumentum
1469 3819 1483 3840 ,
1513 3781 1619 3832 sive
1660 3783 1832 3846 conje-

286 3872 457 3925 ctura,
480 3878 577 3931 qua
601 3864 733 3916 hanc
752 3864 1006 3930 Synopsin
1030 3864 1401 3932 Chrysostomo
1427 3882 1660 3920 asserere
1684 3884 1833 3933 posse

288 3954 545 4007 videmur.
566 3954 685 4007 ΙΙωο
700 3964 817 4007 sunt
840 3964 1134 4022 argumenta
1153 3970 1266 4022 qua:
1299 3964 1593 4010 mutuamur
1627 3974 1688 4010 ex
1713 3960 1833 4011 Pro-

289 4042 490 4094 tbeoria
521 4043 833 4112 Synopseos.

363 4130 416 4181 ln
459 4130 564 4197 ipsa
594 4145 746 4197 porro
771 4131 989 4199 Synopsi
1026 4132 1122 4183 alla
1154 4132 1313 4185 multa
1344 4141 1492 4199 sunt,
1519 4149 1632 4201 qum
1664 4134 1830 4203 Chry-

283 4228 572 4271 sostomum
592 4220 703 4287 ejus
722 4234 837 4272 esse
856 4230 1117 4273 auctorem
1139 4223 1373 4288 probent.
1400 4223 1633 4291 Exempli
1652 4240 1825 4289 causa,

285 4305 442 4370 paulo
472 4316 585 4373 post
616 4307 813 4359 initium
855 4307 1118 4361 Geneseos
1140 4350 1153 4369 ,
1188 4308 1273 4361 ubi
1300 4308 1460 4361 Cham
1491 4312 1710 4364 verenda
1741 4328 1829 4379 pa-

284 4394 381 4445 tris
405 4397 481 4448 sui
509 4398 764 4450 revelasse
792 4408 1030 4450 narratur
1048 4440 1060 4462 ,
1095 4399 1311 4468 ideoque
1337 4410 1387 4452 et
1414 4400 1571 4453 Cham
1602 4412 1654 4454 et
1691 4403 1826 4455 ﬁlius

280 4485 399 4551 ejus
422 4486 661 4540 Chanaan
691 4491 1048 4543 maledicitur:
1089 4492 1198 4549 bare
1222 4492 1286 4544 ibi
1313 4494 1552 4557 leguntur
1579 4512 1589 4544 :
1628 4512 1645 4545 ε
1678 4496 1824 4547 Post-

280 4589 347 4625 ea
371 4589 489 4626 vero
515 4576 670 4631 Senio
695 4579 899 4644 quidem
925 4588 974 4630 et
997 4579 1214 4646 Japheto
1240 4580 1534 4645 beaediait;
1566 4584 1825 4637 maledicit

278 4672 452 4713 autem
481 4661 813 4718 Chanaanum
835 4706 847 4727 ,
876 4668 991 4734 quia
1016 4678 1159 4733 pater
1187 4668 1297 4734 ejus
1318 4668 1479 4721 Cham
1506 4673 1823 4726 revelavrrat

278 4751 564 4804 nuditatem
594 4756 772 4819 patris.
813 4756 1098 4809 Maledictio
1139 4767 1309 4810 autem
1342 4759 1422 4809 illa
1464 4771 1701 4813 eventum
1732 4763 1821 4814 ha-

276 4839 393 4891 buit
422 4840 469 4892 in
507 4841 802 4895 Gabaonitis
828 4860 840 4904 ;
884 4846 986 4896 imo
1016 4847 1184 4912 potius
1222 4848 1393 4913 specie
1420 4850 1626 4915 quidem
1656 4854 1817 4903 male-

275 4930 436 4983 dictio
463 4942 600 4995 crat,
644 4934 732 4984 sed
773 4948 949 4985 revera
993 4935 1278 5001 prophetia.
1317 4956 1333 4985 ι
1370 4937 1433 4989 Ει
1459 4938 1569 4990 hrec
1593 4948 1671 4991 est
1700 4955 1818 4991 sen-

277 5019 437 5069 tentia
467 5019 832 5086 Chrysostomo
878 5022 1081 5087 propria
1100 5062 1113 5084 ,
1145 5038 1296 5089 quam
1323 5024 1454 5088 apud
1486 5033 1703 5077 czeteros
1729 5042 1814 5077 cc-

271 5105 592 5159 clesiasticos
628 5108 914 5173 Scriptores
939 5124 1037 5159 non
1066 5112 1276 5161 memini
1304 5126 1384 5163 me
1410 5111 1599 5178 legere,
1630 5129 1815 5180 nempe

274 5194 691 5248 maledictionem
713 5196 970 5248 Chanaani
997 5197 1045 5247 in
1072 5197 1373 5251 Gabaonitis
1399 5200 1662 5267 impletam
1692 5202 1813 5254 luis-

270 5295 351 5333 se.
385 5280 639 5348 lpsissima
664 5323 676 5346 ,
710 5283 910 5351 inquam
929 5324 942 5346 ,
972 5282 1024 5335 S.
1054 5282 1279 5337 doctoris
1312 5288 1565 5339 sententia
1588 5328 1601 5353 ,
1631 5289 1810 5342 iisdem

271 5378 328 5422 ut
357 5370 626 5435 plurimtun
656 5371 826 5423 verbis
855 5386 1120 5438 expressa.
1166 5372 1249 5424 Sic
1280 5374 1414 5425 enim
1446 5374 1599 5427 habet
1627 5377 1676 5428 in
1709 5378 1811 5429 lsa-

270 5461 394 5515 iam.
424 5473 537 5523 cap.
564 5458 616 5520 2,
645 5474 693 5509 v.
729 5460 1001 5525 l,hujusce
1022 5460 1165 5511 Tomi
1190 5460 1247 5509 Vl
1277 5463 1375 5513 col.
1408 5462 1474 5515 ‘23
1508 5480 1518 5513 :
1558 5483 1573 5512 ι
1598 5463 1647 5515 ld
1674 5466 1809 5531 quod

267 5546 424 5599 etiam
453 5547 504 5600 in
528 5547 808 5604 Chanaano
850 5549 1035 5604 factum
1075 5558 1170 5602 est.
1212 5549 1385 5618 Neque
1414 5555 1548 5604 cnim
1578 5554 1809 5609 videmus

1533 286 1842 341 DIATRIBA
1884 285 1944 339 ΙΝ
1982 286 2320 347 SYNOPSIN.

3418 306 3528 361 310

1974 399 2117 454 illtun
2150 403 2423 457 servivisse
2463 404 2703 460 fratribus
2752 409 2889 466 suis.
2923 425 3089 478 neque
3117 412 3271 465 etiam
3299 411 3505 466 maledi-

1972 488 2194 543 ctionem
2213 493 2484 555 excidisse.
2500 496 2590 548 sed
2612 497 2658 547 in
2682 496 2979 550 Calmuttitis
3001 517 3063 552 ex
3085 502 3359 553 Cbanaauo
3381 502 3514 555 ortis

1974 577 2128 630 linem
2153 580 2432 646 accepisse.
2479 580 2605 634 Nam
2654 584 2699 635 id
2748 586 2882 651 quod
2932 587 3197 640 dicebatur
3243 588 3511 655 prophetia

1971 674 2102 731 erat,
2128 668 2498 723 maledictionis
2520 672 2680 725 forma
2700 676 2914 741 prolata.
2947 696 2964 727 ι
3001 676 3065 729 Ει
3095 679 3191 731 hoc
3222 679 3384 747 ipsum
3410 678 3515 732 alio

1970 753 2125 806 modo
2151 755 2272 808 dicit
2300 756 2427 809 infra
2455 758 2503 811 iu
2530 758 2749 827 Synopsi
2792 762 2962 815 losum
2987 780 2998 814 :
3036 783 3051 813 ‹
3090 764 3215 817 Cum
3243 781 3342 818 non
3376 782 3503 835 pos-

1970 852 2085 896 sent
2129 845 2371 898 lsraelita)
2418 859 2627 915 prepter
2693 851 2809 902 data
2853 853 3141 917 juramcnta
3198 855 3509 912 Gabaonitas

1969 948 2266 1002 oppugnare
2290 977 2301 997 ,
2335 951 2512 989 servos
2543 938 2681 1005 ipsos
2728 942 3102 994 constituerunt
3123 984 3135 1001 .
3167 944 3409 1011 lignarios
3455 958 3509 1003 et

1968 1035 2113 1087 aqua:
2133 1023 2349 1090 bajulos.
2380 1026 2470 1077 llic
2498 1030 2690 1079 exitum
2723 1028 2873 1082 habet
2901 1032 3165 1096 prasdictio
3185 1034 3321 1099 Noe,
3352 1054 3511 1105 quam

1968 1110 2131 1162 dixit:
2163 1113 2398 1165 Chanaan
2423 1131 2544 1182 puer
2575 1133 2738 1169 servus
2764 1134 2782 1169 .'
2809 1133 2871 1170 ex
2916 1119 3002 1173 illo
3044 1136 3266 1191 namque
3314 1126 3363 1177 hi
3405 1125 3506 1180 orti

1967 1208 2131 1249 erant.
2169 1218 2185 1249 ι
2226 1200 2344 1253 Πωρ
2382 1217 2506 1256 sane
2527 1218 2628 1257 non
2661 1207 2801 1272 parvi
2825 1209 3073 1262 momenti
3097 1212 3299 1264 erudito
3325 1213 3503 1268 lectori

1966 1285 2273 1340 videbuntur
2317 1289 2381 1342 ad
2424 1305 2553 1354 Opus
2598 1292 2969 1362 Chrysostomo
3002 1298 3429 1365 adjudicandum.

2038 1375 2187 1427 Aliud
2215 1390 2599 1445 argumentum,
2628 1396 2722 1434 nec
2743 1397 2867 1435 sane
2895 1384 3083 1447 levius,
3110 1387 3305 1437 eruitur
3325 1403 3384 1439 ex
3414 1404 3503 1441 ea-

1963 1462 2081 1515 dem
2109 1463 2369 1518 Geneseos
2399 1465 2617 1535 Syuopsi
2646 1486 2657 1522 :
2690 1472 2905 1523 Assuntit
2934 1472 3101 1524 Thura
3130 1484 3266 1541 pater
3296 1476 3504 1529 Abt-alue

1962 1551 2093 1617 ﬁlios
2116 1569 2230 1606 suos
2254 1554 2498 1607 Abraham
2527 1567 2570 1609 et
2596 1556 2801 1612 Nat/tor
2825 1569 2869 1613 et
2889 1572 3110 1629 nepotem
3135 1580 3276 1614 suum
3304 1562 3397 1617 Lot
3416 1605 3429 1630 ,
3458 1575 3504 1617 et

1960 1642 2088 1693 venit
2114 1642 2164 1693 in
2191 1641 2433 1696 Cltarran.
2463 1645 2582 1698 llaec
2608 1655 2749 1700 certe
2776 1648 2929 1701 lectio
2958 1650 3130 1702 vitiata
3162 1650 3254 1703 fuit
3274 1691 3287 1713 ,
3318 1661 3370 1704 et
3398 1652 3500 1705 Na-

1960 1729 2087 1784 chor
2112 1741 2289 1784 comra
2314 1733 2465 1787 ﬁdem
2499 1743 2665 1788 textus
2703 1736 2939 1790 llebraici
2965 1778 2977 1798 ,
3008 1740 3247 1793 editionis
3276 1741 3414 1795 LXX
3450 1753 3501 1796 ct

1959 1818 2194 1885 vulgata),
2214 1819 2261 1870 in
2285 1820 2418 1873 hunc
2441 1830 2633 1875 textum
2654 1824 2875 1890 irrepsit.
2895 1825 3035 1878 llanc
3053 1841 3205 1894 porro
3224 1828 3495 1881 lectionem

1960 1922 2210 1975 nusquam
2232 1909 2358 1961 alias
2381 1911 2571 1976 reperi,
2592 1913 2687 1964 nisi
2711 1914 2843 1980 apud
2873 1915 3320 1983 Chrysostmnum,
3346 1933 3496 1985 quem

1959 2006 2153 2049 certum
2185 2006 2262 2049 est
2292 1999 2357 2049 ita
2391 1999 2575 2067 legisse
2605 2000 2652 2052 in
2679 2003 2961 2070 exemplari
2989 2019 3083 2056 suo
3110 2022 3121 2057 :
3154 2020 3272 2056 nam
3305 2005 3493 2058 llomil.

1957 2086 2017 2137 51
2045 2086 2095 2139 in
2136 2085 2399 2151 Geucsim,
2424 2088 2525 2141 col.
2552 2089 2656 2142 282
2685 2091 2832 2142 Tom.
2854 2092 2887 2144 4
2913 2102 3101 2145 nostra:
3129 2092 3369 2146 editionis
3389 2134 3401 2156 ,
3426 2096 3499 2148 sic

1956 2173 2171 2242 legimus
2190 2192 2200 2227 :
2216 2174 2281 2227 Et
2299 2178 2481 2244 accepit
2502 2177 2697 2229 Tharra
2716 2180 2896 2232 Abram
2916 2190 2960 2231 et
2983 2180 3189 2235 Nae/tor
3214 2186 3343 2249 [alios
3364 2201 3495 2248 suos,

1955 2274 1999 2315 et
2017 2263 2109 2314 Lot
2127 2265 2287 2330 ﬁlium
2310 2266 2468 2317 Αιταη
2488 2267 2580 2333 ﬁlii
2602 2269 2696 2319 sui.
2723 2268 2843 2322 lla-c
2872 2286 2994 2323 vero
3019 2271 3169 2324 lectio
3187 2274 3260 2325 sic
3282 2273 3497 2325 habetur

1955 2351 2004 2403 in
2033 2352 2272 2405 omnibus
2298 2354 2509 2406 omnino
2537 2369 2651 2407 cum
2682 2355 2847 2407 Editis
2889 2365 2992 2408 tum
3024 2360 3415 2426 manuscriptis,
3445 2370 3496 2413 et

1953 2440 2005 2490 in
2030 2440 2210 2492 eadem
2242 2440 2459 2494 llomilia
2490 2442 2638 2505 infra,
2672 2443 2772 2495 col.
2802 2445 2929 2507 285,
2959 2459 3095 2512 seq.,
3127 2447 3307 2499 eadem
3341 2448 3495 2501 lectio

1953 2527 2030 2579 his
2066 2530 2315 2595 repetitur
2343 2547 2355 2581 :
2388 2530 2455 2581 ita
2484 2540 2535 2582 ut
2561 2530 2684 2582 nihil
2715 2531 2854 2584 dubii
2882 2533 3094 2586 subesse
3139 2536 3331 2601 possit,
3372 2537 3494 2604 quin

1955 2613 2036 2667 hic
2062 2616 2207 2669 locus
2230 2618 2302 2670 sic
2324 2632 2601 2685 expressus
2630 2620 2785 2673 fuerit
2812 2621 2860 2673 iu
2889 2624 3168 2689 exemplari
3200 2639 3300 2692 quo
3327 2626 3494 2694 Chry-

1950 2712 2209 2758 sostomus
2239 2706 2477 2760 utebatur
2503 2725 2513 2759 :
2547 2724 2649 2777 quo
2675 2724 2795 2762 usus
2825 2720 2901 2763 est
2927 2711 3080 2763 etiam
3099 2723 3277 2765 auctor
3294 2713 3494 2782 Synup.

1949 2806 2099 2856 seos,
2128 2794 2234 2847 sive
2263 2796 2370 2855 ipse
2400 2796 2830 2865 Chrysostomus,
2876 2808 2929 2852 ut
2952 2814 3013 2852 ex
3044 2800 3140 2855 hoc
3168 2811 3219 2853 et
3261 2817 3322 2854 ex
3361 2817 3492 2870 prte-

1948 2882 2249 2937 cedentibus
2290 2888 2604 2954 argumentis
2634 2888 2837 2955 probari
2874 2887 3097 2941 videtur.

2016 2972 2126 3025 Non
2152 2975 2403 3028 minorem
2444 2976 2852 3043 pra-cedentibus
2880 2979 3233 3044 probationem
3261 2980 3491 3033 eruimus

1944 3078 2006 3115 ex
2034 3064 2252 3133 Synopsi
2275 3066 2654 3117 Deuterononiii
2674 3106 2687 3129 ,
2712 3068 2793 3119 ubi
2820 3067 3006 3119 dicitur
3031 3086 3042 3119 :
3074 3066 3169 3119 llic
3188 3070 3324 3136 jacet
3342 3069 3484 3132 illud,

1944 3153 2243 3207 Maledictus
2279 3156 2446 3209 omnis
2477 3157 2560 3226 qui
2594 3156 2779 3223 pendet
2810 3158 2859 3209 in
2889 3158 3043 3225 ligno.
3078 3158 3205 3220 Quia
3235 3175 3348 3228 ergo
3379 3176 3487 3212 ma-

1944 3242 2135 3294 lrdich'o
2162 3244 2353 3310 prolata
2394 3253 2496 3296 erat
2526 3245 2575 3295 in
2600 3260 2679 3297 eos
2714 3247 2798 3312 qui
2825 3262 2920 3297 non
2948 3247 3251 3299 observarent
3296 3247 3447 3315 legem
3470 3289 3483 3314 ,

1943 3332 2240 3385 lllaledictus
2270 3334 2435 3383 omnis
2463 3334 2547 3399 qui
2578 3348 2679 3384 non
2708 3343 2881 3386 manet
2906 3334 2954 3386 in
3000 3335 3237 3387 omnibus
3281 3336 3485 3402 scriptis

1943 3418 1990 3469 in
2012 3418 2109 3470 hoc
2130 3419 2291 3471 libro:
2322 3420 2381 3471 de
2401 3420 2503 3487 lege
2530 3420 2740 3486 loquitur
2765 3420 2977 3488 Moyses,
3013 3438 3098 3472 nec
3126 3432 3312 3487 poterat
3342 3423 3485 3476 Chri-

1940 3519 2041 3562 stus
2065 3510 2115 3560 in
2140 3510 2264 3561 hanc
2289 3511 2535 3563 incurrere
2574 3511 2961 3563 maledictionem
2984 3526 3001 3562 :
3028 3512 3243 3579 implevit
3271 3530 3483 3578 namque

1941 3600 2112 3667 legem,
2143 3601 2528 3653 nia/edictionem
2552 3603 2892 3654 malcdictioue
2917 3605 3262 3668 commutavit,
3286 3621 3483 3671 suspen-

1938 3705 2022 3739 sus
2060 3690 2110 3741 in
2149 3690 2299 3757 ligno.
2342 3690 2449 3743 lloc
2488 3692 2652 3758 ipsum
2700 3694 2931 3759 pini-ibus
2968 3694 3287 3747 enuntiatum
3324 3696 3481 3749 habes

1938 3778 2322 3831 Commentario
2350 3780 2399 3830 in
2428 3780 2708 3848 Epistolam
2738 3782 2799 3833 ad
2831 3781 3037 3835 Galatas
3061 3821 3074 3844 ,
3104 3784 3269 3851 capite
3295 3784 3326 3836 5
3348 3824 3359 3845 ,
3394 3784 3480 3837 ubi

1938 3880 2044 3917 rem
2083 3867 2310 3933 explicat
2330 3865 2437 3927 ille,
2457 3873 2529 3928 et,
2554 3881 2670 3933 qua:
2693 3866 2780 3920 hic
2805 3868 3040 3921 breviter
3060 3870 3269 3931 extulit,
3302 3870 3478 3923 multis

1934 3953 2177 4019 explanat
2214 3955 2403 4006 verbis.
2445 3953 2511 4007 lis
2538 3969 2661 4008 vero
2704 3955 2989 4009 referendis
3030 3956 3291 4008 brevitatis
3320 3972 3475 4010 causa

1935 4041 2265 4107 supersedeo.
2290 4042 2389 4095 Sed
2413 4044 2695 4096 studiosum
2725 4045 2966 4096 lectorem
2991 4044 3169 4098 hortor
3188 4087 3201 4109 ,
3226 4055 3279 4097 ut
3303 4045 3472 4098 l0cltm

1937 4131 2100 4196 ipsum
2130 4132 2278 4185 adeat
2299 4174 2311 4194 ,
2340 4144 2390 4186 et
2421 4149 2537 4186 meo
2576 4133 2804 4201 periculo
2847 4134 2915 4185 ibi
2958 4134 3383 4201 Chrysostomum
3412 4150 3469 4186 ea

1936 4218 2164 4284 pluribus
2207 4228 2533 4285 narrantem,
2578 4230 2629 4273 et
2672 4220 2907 4273 etundem
2955 4223 3375 4291 Chrysostomum
3421 4222 3470 4275 in

1934 4305 2029 4359 hac
2060 4308 2276 4375 Synopsi
2307 4309 2568 4374 epitomen
2597 4324 2775 4361 eorum
2807 4308 3131 4362 exhibentem
3164 4313 3465 4376 comperiet.

2000 4399 2193 4449 Auctor
2217 4399 2296 4448 hic
2320 4408 2491 4449 noster
2519 4398 2917 4466 Chrysostomus
2945 4399 3131 4463 passim
3155 4413 3268 4450 cum
3298 4398 3468 4451 ludat-

1932 4485 1992 4547 is,
2016 4501 2231 4551 quorum
2261 4502 2473 4553 magnus
2502 4485 2784 4537 Antiocbim
2814 4502 3057 4539 numerus
3083 4497 3224 4552 erat,
3248 4503 3466 4540 concer-

1930 4582 2021 4626 tat.
2047 4575 2172 4627 lllud
2199 4578 2361 4638 ipsum
2388 4576 2433 4625 iu
2462 4574 2555 4626 hac
2578 4573 2799 4642 Synopsi
2828 4574 3119 4641 frequenter
3141 4576 3463 4640 observatur,

1928 4661 2051 4712 nihil
2080 4662 2316 4714 obstante
2342 4662 2589 4713 brevitate
2610 4701 2623 4724 ,
2655 4676 2807 4727 quam
2836 4662 2914 4714 vel
2941 4678 3006 4714 ex
3042 4664 3152 4729 ipso
3179 4678 3272 4716 suo
3300 4666 3466 4716 nomi-

1927 4767 1989 4802 ne
2010 4751 2258 4819 Synopsis
2278 4752 2451 4819 exigit.
2477 4751 2764 4817 Aliquando
2785 4752 2937 4802 etiam
2962 4754 3071 4804 loca
3100 4753 3320 4815 indicat,
3347 4771 3462 4822 qua;

1925 4842 2122 4907 pessint
2149 4854 2323 4892 contra
2364 4840 2569 4892 Judieos
2606 4840 2838 4905 nsurpari
2859 4880 2871 4901 ,
2908 4848 2963 4890 ut
2993 4840 3042 4891 in
3069 4841 3288 4909 Synopsi
3314 4843 3459 4896 Jcre-

1924 4930 2039 4981 mia:
2061 4929 2135 4982 sic
2160 4947 2170 4979 :
2209 4948 2224 4977 ς
2273 4930 2334 4981 Et
2359 4932 2398 4979 si
2426 4928 2612 4979 malum
2638 4929 2849 4979 iecerint
2870 4967 2881 4988 ,
2914 4944 3014 4978 non
3045 4928 3224 4979 faciam
3255 4945 3349 4996 ego
3372 4933 3461 4983 ho-

1923 5035 1983 5070 na
2033 5035 2146 5086 qua:
2190 5019 2428 5084 loquutus
2475 5032 2585 5069 sum
2629 5024 2683 5067 ut
2720 5016 2940 5067 facerem
2982 5017 3096 5069 illis.
3130 5016 3237 5069 lloc
3283 5028 3457 5071 autem

1921 5117 2074 5173 caput
2093 5117 2270 5159 contra
2290 5107 2495 5159 Jlld-I'OS
2517 5105 2639 5157 utile
2661 5106 2759 5157 erit
2779 5145 2792 5168 ,
2816 5121 2931 5157 cum
2958 5104 3157 5168 dicent,
3184 5108 3455 5160 Dominum

1922 5198 2043 5262 ipsis
2070 5199 2201 5249 bona
2231 5198 2544 5263 promisisse.
2573 5195 2700 5248 Cum
2727 5197 2862 5247 enim
2890 5209 2991 5249 non
3014 5194 3326 5247 crediderint
3354 5197 3459 5248 Do-

1919 5287 2059 5337 mino
2090 5296 2267 5337 nostro
2294 5285 2412 5335 Jestt
2444 5284 2650 5336 Christo
2674 5323 2687 5343 ,
2724 5283 2817 5346 ipsi
2852 5283 2946 5333 sibi
2982 5283 3102 5349 ipsis
3128 5299 3280 5336 causa
3312 5284 3456 5339 fuere

1918 5376 2245 5441 praisentium
2288 5375 2557 5426 malorum.
2601 5390 2612 5421 l

1983 5463 2334 5529 Chrysostomi
2374 5476 2559 5528 seopus
2585 5470 2660 5513 est
2703 5460 2878 5513 multis
2905 5460 2954 5512 in
2995 5460 3120 5513 locis
3144 5502 3155 5522 ,
3184 5472 3235 5515 et
3262 5464 3454 5519 ludatis

1914 5564 1963 5607 et
1994 5552 2294 5609 Christianis
2333 5551 2584 5617 probare,
2630 5560 2887 5619 prteccpta
2930 5548 3224 5616 htlleSandl
3272 5553 3458 5621 legali:
