4000 6220
548 368 650 423 311

554 474 656 512 non
696 458 853 512 fuisse
878 465 1015 510 tanta
1042 457 1288 525 religione
1318 454 1586 508 servanda.
1618 454 1748 520 Quin
1777 456 1930 507 etiam
1959 468 2080 505 san-

557 557 664 600 ctos
691 547 830 600 viros
859 547 909 597 iu
942 545 1110 599 Veteri
1139 545 1470 597 Testamento
1502 544 1583 594 illa
1614 542 1764 595 facile
1793 551 2081 608 transgres-

554 651 638 688 sos
669 649 812 698 esse,
854 635 1093 703 quoniam
1125 648 1183 686 ea
1205 673 1220 696 ,
1251 648 1365 699 qua:
1392 632 1454 685 ad
1486 632 1636 684 ritum
1665 631 1961 699 cultumque
1989 645 2082 682 ex-

551 724 800 781 teriorem
832 723 1175 790 pertinebant,
1197 735 1298 773 non
1325 735 1440 774 esse
1483 721 1604 772 tanti
1633 719 1898 778 momenti,
1923 727 1976 771 et
2002 717 2080 769 fa-

547 815 650 866 cile
671 827 818 879 posse
831 813 1153 879 prmtermitti
1172 811 1400 879 putabat.
1418 811 1501 864 Sic
1526 811 1573 861 in
1589 811 1770 862 Isaiam
1788 823 1960 876 supra,
1978 809 2080 862 col.

556 901 620 954 19
647 907 663 970 (
689 917 715 952 a
734 900 927 955 Grarcis
952 901 1233 954 referendis
1261 901 1523 953 brevitatis
1544 913 1699 950 causa
1725 898 2037 966 supersedeo
2065 897 2083 962 )

560 992 813 1060 legimus:
844 989 1146 1043 Ilofocanata
1185 991 1390 1043 arietum
1432 999 1476 1042 et
1520 990 1713 1053 adipem
1759 1003 1999 1056 agnorum
2038 996 2084 1038 et

553 1081 840 1147 sanguinem
881 1090 1132 1131 taurorum
1171 1087 1215 1130 et
1267 1078 1512 1128 hircorum
1553 1077 1684 1127 nolo.
1731 1075 1782 1128 In
1820 1075 1929 1127 haec
1961 1088 2083 1127 ver-

554 1167 618 1219 ba
656 1164 1052 1235 Chrysostomus
1082 1166 1149 1218 ita
1188 1165 1449 1233 loquitur:
1497 1182 1515 1215 ‹
1549 1164 1675 1216 Nam
1705 1164 1822 1228 quia
1859 1162 2083 1215 accusati

555 1255 851 1323 frequenter
870 1296 883 1318 ,
910 1254 1046 1324 quod
1069 1255 1270 1308 caeteris
1296 1251 1569 1306 virtutibus
1591 1251 1738 1304 vacui
1763 1260 1962 1314 essent,
1991 1265 2084 1318 pro

553 1346 776 1398 maxima
828 1344 1128 1398 defensione
1171 1342 1418 1395 sacriﬁcia
1458 1339 1834 1402 obtendebant,
1877 1347 1934 1392 ut
1969 1353 2086 1406 qua:

554 1437 850 1504 frequenter
890 1434 1280 1501 persolvebaut,
1328 1433 1514 1485 merito
1541 1441 1756 1497 uterque
1795 1429 2044 1497 propheta
2068 1468 2083 1493 ,

555 1523 657 1575 imo
685 1521 853 1589 potius
879 1521 1049 1574 caeteri
1087 1534 1270 1572 omnes
1293 1519 1356 1572 ab
1396 1519 1490 1572 hac
1531 1518 1827 1571 defensione
1855 1517 1968 1569 illos
1993 1529 2085 1569 ex-

553 1612 781 1664 turbant.
813 1609 962 1665 Unde
991 1609 1196 1678 plauum
1223 1617 1301 1662 est
1327 1622 1386 1661 ea
1413 1622 1517 1662 non
1542 1621 1656 1658 esse
1687 1621 1780 1674 per
1806 1620 1862 1657 se
1899 1603 2086 1672 prmci-

556 1716 654 1767 pue
682 1702 957 1754 constituta
977 1740 991 1765 ,
1016 1697 1106 1752 sed
1133 1707 1186 1750 ut
1210 1697 1273 1750 ad
1303 1706 1497 1749 rectum
1525 1696 1642 1746 vitm
1673 1695 1958 1746 institutum
1985 1707 2088 1745 ca:-

557 1799 796 1857 terasque
831 1789 1045 1842 virtutes
1073 1786 1188 1839 illos
1218 1785 1552 1838 deducerent.
1587 1802 1603 1832 ι
1641 1783 1970 1847 Expositione
1997 1795 2088 1832 au-

556 1888 659 1930 tem
691 1879 741 1930 in
770 1877 1020 1944 psalmum
1047 1876 1134 1940 43,
1167 1875 1311 1927 Tom.
1342 1874 1403 1936 V,
1427 1873 1525 1926 col.
1559 1873 1653 1925 167
1682 1887 1810 1938 sqq,
1844 1879 1981 1921 totus
2009 1877 2088 1920 est

555 1982 615 2018 ea
644 1966 692 2018 in
721 1980 777 2017 re
803 1965 1083 2032 probanda,
1103 1963 1326 2028 dicitque
1350 1969 1656 2027 prmceptum
1686 1960 1749 2010 de
1776 1959 1988 2010 sabbato
2005 1971 2088 2009 so-

556 2055 718 2108 lutum
742 2054 916 2117 fuisse,
934 2069 1050 2107 cum
1067 2053 1284 2121 populus
1308 2067 1397 2118 per
1416 2059 1610 2117 septem
1627 2048 1734 2102 dies
1749 2057 1977 2101 armatus
1993 2048 2089 2100 sub

555 2141 711 2195 Josue
736 2141 862 2204 fuit;
892 2155 1008 2192 nam
1031 2149 1228 2207 septem
1256 2138 1487 2191 continui
1515 2138 1626 2190 dies
1656 2136 1947 2190 necessario
1973 2135 2089 2188 sab-

558 2231 735 2284 batum
766 2229 1048 2282 includunt.
1079 2228 1198 2280 Haec
1225 2227 1506 2295 smpissime
1528 2227 1762 2278 decantat
1780 2223 2090 2293 Chrysosto-

562 2333 696 2371 mus.
734 2317 786 2369 lu
821 2317 1044 2386 Synopsi
1085 2324 1255 2368 autem
1287 2315 1400 2366 libri
1433 2314 1585 2366 Josue
1616 2314 1740 2365 iul'ra
1772 2313 1846 2366 sic
1871 2312 2092 2364 dilucide

561 2407 789 2474 loquitur
815 2424 826 2457 :
852 2404 1026 2459 «Tunc
1048 2403 1196 2457 Jesus
1225 2404 1401 2456 cultris
1430 2403 1639 2469 lapideis
1657 2401 1976 2454 circumcidit
2002 2400 2091 2453 Ju-

558 2496 733 2548 dzeos:
766 2494 882 2562 quia
905 2494 1232 2562 quadraginta
1256 2493 1402 2544 annis
1425 2501 1656 2544 versatus
1677 2489 1840 2542 fuerat
1862 2489 2018 2543 lsrael
2042 2490 2091 2542 in

562 2588 769 2639 deserto
795 2602 806 2636 :
841 2585 1057 2651 ideoque
1101 2583 1246 2634 multi
1294 2595 1472 2634 eorum
1498 2580 1802 2632 bellatorum
1825 2621 1838 2642 ,
1869 2579 1954 2646 qui
1997 2577 2094 2629 ob-

556 2669 1129 2733 ierant,incireumcisi
1147 2663 1436 2720 erant.Pro
1456 2667 1552 2719 illis
1577 2666 1837 2719 substituit
1867 2665 2002 2718 Deus
2030 2666 2088 2717 li-

561 2761 656 2812 lios
684 2773 860 2811 eorum
881 2798 895 2821 ,
929 2772 1055 2823 quos
1083 2756 1231 2808 Jesus
1257 2754 1611 2808 circumcidit:
1643 2754 1777 2822 quod
1808 2755 1902 2821 ipsi
1933 2754 2091 2807 incir-

561 2850 774 2905 cumcisi
803 2847 1177 2900 mausisseutin
1198 2847 1295 2897 via.
1322 2845 1465 2896 Tunc
1495 2843 1614 2896 fecit
1640 2843 1833 2896 Pascha
1864 2853 1985 2896 :eta
2009 2844 2092 2896 die

559 2956 660 3007 qua
675 2925 1009 2992 comederunt
1025 2949 1200 3004 azyma
1217 2950 1278 2988 ex
1298 2933 1551 2986 frumento
1569 2940 1717 2984 terra:
1736 2933 1887 2995 illius,
1907 2931 2090 2985 defecit

559 3042 766 3081 manna.
790 3026 1003 3080 Jubetur
1021 3013 1173 3078 Jesus
1196 3024 1393 3076 solvere
1413 3021 1817 3074 caleeameutum
1840 3035 2013 3084 suum,
2039 3029 2092 3074 et

559 3118 780 3172 circuire
802 3115 1010 3169 Jericho
1035 3129 1150 3167 cum
1170 3114 1302 3167 tubis
1315 3121 1496 3165 etarca
1517 3120 1714 3178 septem
1745 3111 1925 3165 diebus
1949 3128 1959 3161 :
1989 3127 2091 3178 quo

558 3213 768 3269 peracto
790 3219 882 3272 per
907 3218 963 3255 se
991 3203 1120 3254 muri
1140 3200 1456 3254 ceciderunt.
1483 3199 1802 3251 Manifestum
1831 3199 1997 3266 itaque
2013 3209 2094 3252 est

554 3296 661 3364 jam
685 3304 802 3344 tunc
828 3299 1051 3356 coeptum
1080 3303 1195 3342 esse
1221 3288 1353 3339 solvi
1391 3287 1660 3338 sabbatum
1686 3304 1699 3338 :
1733 3287 2090 3353 undecumque

560 3382 758 3437 initium
773 3381 895 3447 quis
912 3380 1103 3439 ducat,
1133 3389 1343 3428 necesse
1378 3385 1457 3427 est
1494 3375 1760 3427 sabbatum
1792 3373 2019 3426 incidere
2040 3375 2090 3424 in

560 3484 757 3541 septem
799 3473 912 3524 illos
937 3471 1064 3524 dies.
1106 3489 1123 3521 ι
1156 3466 1344 3523 Statuit
1372 3480 1494 3533 ergo
1517 3465 1913 3533 Chrysostomus
1960 3478 2093 3531 pra:—

561 3570 708 3628 eepta
730 3560 813 3611 illa
839 3559 902 3612 ad
927 3559 1235 3612 exteriorem
1258 3558 1449 3611 cultum
1474 3554 1779 3624 pertinentia
1800 3594 1812 3615 ,
1840 3569 1939 3605 non
1967 3552 2090 3605 fuis-

561 3663 618 3702 se
645 3649 723 3701 vel
749 3663 775 3698 a
811 3648 1001 3700 sanctis
1031 3647 1150 3698 viris
1182 3653 1318 3697 tanta
1357 3646 1603 3713 religione
1643 3653 1880 3706 servata,
1911 3652 1965 3694 ut
1991 3642 2093 3694 cir-

562 3738 809 3792 cumcisio
838 3747 889 3790 et
915 3736 1202 3789 sabbatum.
1231 3734 1284 3786 lu
1306 3737 1392 3788 his
1414 3735 1587 3803 utique
1614 3750 1716 3787 non
1755 3736 1910 3787 alium
1937 3746 2088 3802 quam

561 3830 982 3898 Chrysostomum
1025 3841 1303 3895 agnoscere
1330 3840 1538 3893 possum
1561 3843 1575 3888 ;
1602 3825 1724 3894 quid
1753 3841 1876 3878 vero
1902 3826 1943 3877 si
1973 3838 2089 3879 cum

561 3928 638 3970 tot
665 3919 778 3970 aliis
807 3917 1120 3984 argumentis
1150 3916 1246 3968 hoc
1269 3917 1421 3967 etiam
1463 3915 1748 3982 adjungas‘!
1795 3915 1928 3967 Alibi
1955 3929 2086 3982 quo-

560 4021 663 4072 que
692 4006 740 4056 iu
758 4005 858 4058 hac
878 4002 1108 4072 Synopsi
1127 4003 1235 4055 loca
1258 4005 1484 4070 reperias
1503 4043 1516 4066 ,
1541 4003 1623 4055 ubi
1647 4003 1866 4069 scriptor
1885 4017 1944 4055 se
1970 4017 2087 4056 cum

559 4094 749 4146 Judaeis
778 4107 915 4158 szrpe
944 4107 1150 4143 manum
1181 4106 1454 4144 conserere
1482 4091 1786 4144 subintlicat.

631 4183 822 4234 Pratter
852 4183 959 4233 hare
984 4189 1284 4248 argumenta
1305 4218 1318 4241 ,
1346 4195 1460 4247 quae
1486 4195 1608 4232 sane
1635 4181 1944 4233 validissima
1975 4195 2090 4234 esse

563 4287 714 4324 nemo
740 4287 766 4323 a
795 4270 1122 4338 praejtidieata
1162 4271 1404 4338 opinione
1432 4269 1561 4322 liber
1587 4283 1687 4321 non
1715 4268 1960 4331 fateatur,
1990 4271 2087 4323 alia

562 4361 698 4412 forte
725 4360 920 4410 minora
941 4397 953 4420 ,
983 4359 1072 4411 sed
1098 4373 1209 4426 quae
1235 4357 1300 4410 ob
1339 4356 1672 4424 frequentiam
1695 4397 1708 4421 ,
1737 4367 1786 4408 et
1815 4358 2082 4424 repetitam

563 4449 804 4516 loquendi
851 4448 1198 4516 probandique
1241 4447 1626 4500 similitudinem
1659 4462 1751 4514 pro
1779 4447 2089 4516 Chrysosto-

566 4553 649 4588 mo
683 4546 939 4604 pugnent,
973 4536 1052 4588 hic
1078 4549 1358 4602 congerere
1384 4535 1586 4587 animus
1611 4546 1707 4587 est.
1748 4535 1893 4587 Initio
1921 4535 2089 4603 Syno-

565 4629 669 4691 psiS
696 4626 955 4679 Geneseos
984 4624 1134 4687 dicit,
1166 4624 1297 4676 ﬁlios
1324 4624 1412 4677 Dei
1440 4624 1489 4676 in
1515 4623 1700 4677 Genesi
1732 4624 1829 4677 dici
1855 4639 1974 4689 eos,
2004 4627 2088 4692 qui

564 4731 590 4765 a
621 4715 779 4768 Sethn
805 4717 902 4767 orti
929 4723 1076 4768 erant
1095 4754 1108 4776 ,
1138 4724 1190 4767 et
1211 4714 1344 4767 hunc
1370 4715 1536 4766 locum
1567 4716 1751 4767 Psalmi
1777 4716 1950 4779 affert,
1985 4715 2091 4783 ligo

563 4803 666 4853 dixi
683 4843 696 4861 ,
727 4804 795 4855 dii
823 4804 953 4854 estis.
984 4803 1206 4869 ldipsum
1233 4817 1356 4855 vero
1382 4802 1607 4868 pluribus
1632 4802 1752 4854 dicit
1786 4802 2001 4854 llomilia
2026 4803 2092 4854 22

563 4891 614 4942 in
647 4890 920 4953 Genesim,
953 4892 1104 4943 allato
1133 4889 1314 4942 eodem
1361 4889 1548 4941 Psalmi
1595 4889 1724 4941 loco.
1772 4889 1844 4940 Ex
1891 4889 2092 4942 l-lebero

567 4976 868 5029 llebraicam
899 4977 1118 5043 linguam
1147 4992 1330 5029 nomen
1362 4977 1617 5042 accepisse
1645 4978 1767 5028 dicit
1795 4976 1877 5028 hic
1909 4976 2091 5028 eodem

567 5065 673 5117 fere
697 5062 864 5124 modo,
886 5078 987 5128 quo
1021 5064 1067 5114 in
1096 5064 1357 5123 Genesim.
1383 5063 1528 5115 Tom.
1555 5064 1639 5128 ιν,
1672 5066 1771 5116 col.
1800 5065 1920 5118 9.79.
1947 5065 2092 5129 Quod

567 5151 627 5202 ad
647 5151 866 5203 decimas
879 5160 1074 5216 speetat
1090 5165 1215 5216 quas
1231 5152 1412 5204 obtulit
1428 5153 1557 5202 Abm
1567 5151 1681 5202 ham
1700 5151 2091 5214 Melcltisedeco,

569 5242 747 5291 eadem
781 5239 978 5291 brevius
1006 5239 1089 5292 bic
1117 5239 1240 5290 dicit
1268 5256 1384 5306 qua:
1413 5241 1462 5292 in
1499 5241 1882 5292 Commentario
1918 5241 1967 5291 in
1995 5240 2095 5293 Ce-

572 5326 733 5378 nesim
754 5366 770 5391 ,
796 5327 898 5378 col.
920 5327 1037 5386 527,
1062 5325 1180 5386 528,
1210 5325 1391 5378 eodem
1420 5327 1574 5378 allato
1602 5328 1656 5378 Β.
1691 5327 1830 5378 Pauli
1861 5327 1990 5378 loco.
2025 5327 2094 5378 De

570 5417 770 5469 filiabus
791 5415 886 5468 Lot
908 5415 1038 5468 idem
1061 5415 1142 5466 hic
1163 5416 1487 5480 paucioribus
1515 5415 1635 5467 dicit
1661 5455 1674 5477 ,
1703 5415 1836 5480 quod
1866 5415 2094 5480 pluribus

566 5516 746 5560 narrat
773 5507 826 5559 in
853 5503 1090 5557 Genesim
1115 5541 1128 5564 ,
1158 5501 1254 5554 col.
1303 5501 1556 5553 4lO-4l2.
1601 5501 1721 5553 ltcm
1750 5502 1813 5553 de
1842 5502 2094 5553 sacrificio

567 5593 786 5649 Abrahze
818 5591 1126 5652 compendio
1149 5597 1322 5644 narrat
1353 5603 1408 5642 ea
1431 5629 1444 5653 ,
1473 5603 1585 5655 qua:
1626 5588 1734 5642 fuse
1777 5589 1998 5657 explicat
2043 5589 2088 5639 in

1721 338 2028 394 Dl.~\Tllll3.\
2073 336 2132 389 ΙΝ
2173 335 2518 393 SYNOPSIN.

3621 352 3734 405 312

2189 448 2451 514 Genesim,
2487 450 2589 502 col.
2618 451 2740 503 ιδι.
2780 449 3087 517 Allvgoriam
3129 449 3193 501 de
3239 447 3500 501 Natalibus
3531 446 3724 500 Phares

2188 548 2241 592 et
2266 539 2409 590 Zarre
2431 539 2610 590 eodem
2636 537 2789 591 modo
2813 537 2894 590 hic
2914 539 3134 603 explicat
3154 546 3308 603 atque
3339 535 3724 589 Commentario

2189 629 2237 679 in
2286 627 2545 688 Genesim,
2601 627 2699 679 col.
2754 626 2892 690 554,
2945 626 3070 680 555.
3117 625 3169 676 ld
3211 624 3347 692 quod
3392 625 3529 677 circa
3571 623 3721 676 ﬁnem

2189 723 2435 792 Synopsis
2457 724 2720 778 Geneseos
2747 721 2870 774 dicit
2895 719 3137 773 Sieitnam
3169 733 3196 769 a
3229 718 3487 784 Symeone
3521 725 3572 769 ct
3602 716 3721 768 Levi

2187 820 2386 878 captam
2409 812 2565 865 fuisse
2585 851 2599 874 ,
2629 811 2847 878 ldipsum
2887 816 3062 860 narrat
3100 807 3335 873 pluribus
3362 806 3548 858 llomil.
3579 805 3644 858 59
3671 805 3720 856 in

2186 896 2447 957 Gen.,eol.
2479 898 2600 961 516,
2641 898 2760 950 517.
2793 898 2914 952 llzrc
2941 913 3094 965 porro
3115 897 3268 950 feetio
3296 897 3476 964 capitis
3501 894 3567 948 49
3587 935 3600 958 ,
3638 893 3718 959 l0,

2185 1001 2300 1054 qua:
2327 987 2376 1038 in
2405 985 2624 1056 Synopsi
2653 988 2728 1040 sic
2754 987 2945 1052 habet,
2972 989 3123 1039 donec
3151 987 3308 1038 veniat
3347 987 3388 1037 is
3427 985 3504 1036 cui
3529 983 3718 1049 reposi-

2187 1085 2288 1128 tum
2309 1085 2405 1138 est,
2437 1091 2644 1143 semper
2671 1077 2744 1129 sie
2768 1075 2980 1130 effertur
3007 1091 3034 1126 a
3061 1075 3431 1142 Chrysostomo
3453 1089 3467 1135 ;
3493 1073 3578 1123 alii
3601 1085 3722 1123 vero

2186 1167 2465 1234 scriptores
2485 1166 2713 1218 variant:
2739 1179 2854 1217 nam
2878 1163 3085 1232 quidam
3104 1164 3200 1215 hoc
3217 1163 3328 1230 ipso
3344 1161 3495 1213 modo
3518 1161 3690 1227 legunt
3701 1173 3718 1221 ;

2187 1256 2274 1309 alii
2294 1270 2436 1319 vero,
2455 1257 2607 1307 donec
2625 1255 2815 1307 veniant
2839 1269 2947 1322 qua:
2968 1253 3043 1305 illi
3058 1253 3271 1318 reposita
3296 1259 3424 1303 sunt.
3444 1249 3497 1302 In
3521 1247 3717 1306 Exodo,

2187 1344 2323 1411 quod
2349 1343 2534 1396 dicitur
2559 1343 2608 1395 in
2636 1341 2877 1412 Synopsi,
2899 1355 3080 1394 manus
3097 1341 3288 1410 Moysis
3316 1348 3585 1400 extensas,
3609 1352 3722 1404 qua:

2189 1433 2453 1485 victoriam
2498 1430 2744 1484 lsraelitis
2770 1437 3098 1498 pepererunt,
3123 1429 3337 1496 ﬁguram
3357 1427 3525 1478 crucis
3547 1425 3719 1488 fuisse,

2191 1519 2288 1574 hoc
2308 1521 2472 1588 ipsum
2504 1520 2660 1580 refert
2683 1518 3105 1586 Chrysostomus,
3138 1516 3328 1568 Homil.
3359 1515 3409 1568 in
3429 1514 3552 1568 illud
3578 1531 3591 1565 :
3623 1513 3722 1566 Pa-

2190 1621 2290 1674 ter,
2317 1612 2360 1662 si
2389 1610 2616 1678 possibile
2643 1619 2744 1672 est,
2782 1607 2930 1660 Tom.
2973 1605 3056 1669 Ill,
3084 1606 3186 1658 col.
3208 1604 3294 1658 36.

2260 1698 2404 1750 Dicet
2430 1697 2650 1750 fortasse
2688 1696 2944 1764 quispiam
2979 1713 2992 1748 :
3023 1694 3080 1747 Si
3105 1693 3218 1747 hac
3256 1692 3504 1762 Synopsis
3539 1691 3720 1760 genui-

2190 1802 2312 1840 num
2337 1787 2406 1839 sit
2426 1786 2787 1856 Chrysostomi
2813 1799 2965 1852 opus,
2997 1798 3089 1836 cur
3113 1798 3142 1834 a
3175 1783 3402 1845 nemine,
3442 1781 3577 1849 quod
3607 1781 3723 1847 qui-

2189 1877 2308 1930 dem
2353 1879 2612 1940 sciamus,
2665 1883 2949 1929 memorata
3008 1873 3119 1927 est?
3162 1887 3255 1926 cur
3302 1880 3495 1924 tantum
3535 1871 3599 1923 de
3639 1871 3724 1922 illo

2190 1981 2347 2034 opere
2396 1965 2531 2032 apud
2579 1979 2763 2018 omnes
2806 1963 3200 2016 Ecclesiastieos
3245 1962 3524 2028 scriptores
3567 1961 3722 2012 silen-

2193 2055 2353 2107 tium?
2386 2054 2574 2107 Verum
2609 2067 2710 2104 non
2740 2062 2819 2106 est
2839 2051 2974 2119 quod
3002 2061 3211 2119 stupeas
3233 2050 3297 2102 de
3325 2060 3466 2101 tanto
3492 2049 3721 2107 silentio,

2191 2143 2396 2213 quando
2421 2159 2485 2196 ne
2523 2143 2773 2196 decimam
2817 2141 3026 2209 quidem
3063 2149 3258 2207 partem
3307 2154 3520 2206 operum
3563 2139 3725 2207 Clny-

2192 2233 2428 2295 sostomi,
2459 2246 2573 2298 qua:
2607 2245 2742 2284 nunc
2770 2238 2990 2293 exstant,
3015 2245 3042 2280 a
3061 2229 3246 2282 Photio
3271 2230 3573 2294 easteriSque
3601 2228 3724 2280 seti-

2195 2319 2429 2386 ptoribus
2459 2326 2798 2370 memoratam
2819 2317 3199 2384 comperimus;
3223 2315 3286 2368 de
3311 2315 3390 2367 his
3416 2325 3587 2369 autem
3608 2330 3724 2383 Ope.

2193 2409 2333 2461 ribus
2358 2408 2558 2474 loquor,
2576 2423 2689 2475 qua:
2716 2421 2956 2474 germana
2987 2421 3102 2460 esse
3130 2405 3264 2474 apud
3290 2405 3521 2458 eruditos
3546 2420 3723 2458 omnes

2194 2497 2245 2549 in
2272 2497 2510 2550 confesso
2555 2506 2654 2549 est.
2683 2496 2860 2563 Neque
2894 2495 3134 2561 estquod
3185 2496 3433 2548 miremur
3473 2495 3572 2547 hoc
3597 2511 3723 2563 opus

2194 2586 2323 2638 adeo
2353 2587 2642 2653 neglectum
2678 2584 2856 2649 fuisse,
2889 2596 2944 2637 ut
2968 2585 3078 2651 ejus
3113 2599 3231 2651 pars
3259 2584 3479 2636 maxima
3525 2584 3724 2636 excide-

2193 2675 2287 2736 rit,
2338 2690 2400 2728 ex
2447 2675 2618 2728 Veteri
2663 2689 2847 2741 nempe
2891 2674 3222 2726 Testamento
3268 2674 3502 2740 quaadam
3547 2684 3600 2727 et
3643 2675 3723 2727 illa

2195 2765 2367 2817 Omnia
2399 2781 2512 2832 qua:
2538 2766 2600 2817 ad
2626 2765 2824 2817 Novum
2856 2763 3516 2832 pertinebant.llujusmodi
3537 2764 3723 2832 quip;.e

2192 2855 2395 2920 generis
2416 2855 2604 2922 scripta
2622 2853 2786 2907 Graeci
2812 2853 3087 2906 admodum
3106 2852 3451 2919 negligebaut,
3489 2852 3722 2906 homilias

2195 2955 2322 2993 vero
2351 2951 2454 2993 tum
2487 2956 2653 3005 veras,
2679 2950 2784 2994 tum
2814 2943 3032 3009 spurias,
3053 2941 3385 2993 libentissime
3411 2942 3720 2994 scribebant.

2191 3028 2318 3082 Nam
2369 3041 2638 3098 utrumque
2679 3031 3066 3083 Testamentum
3114 3029 3240 3082 sica
3265 3028 3629 3097 Chrysostomo
3670 3032 3721 3084 in

2192 3120 2551 3187 compendium
2601 3120 2864 3173 redactum
2903 3119 3062 3174 fuisse
3098 3120 3247 3174 docet
3273 3120 3570 3173 Protheoria
3613 3120 3719 3184 illa,

2192 3222 2344 3274 quam
2377 3208 2516 3260 solus
2541 3207 2694 3260 habet
2723 3207 2894 3261 Codex
2925 3209 3280 3263 Coislinianus.
3319 3211 3372 3264 Si
3394 3210 3520 3263 Novi
3545 3208 3722 3262 Testa-

2194 3298 2353 3348 menti
2380 3296 2631 3364 Synopsis
2672 3309 2985 3363 superesset,
3021 3301 3178 3352 multa
3205 3300 3336 3354 haud
3367 3301 3520 3353 dubie
3540 3299 3722 3365 depre-

2193 3383 2558 3446 henderemus,
2594 3401 2707 3452 quae
2733 3385 2919 3437 Joanni
2963 3388 3337 3454 Chrysostomo
3377 3398 3534 3439 totam
3560 3388 3722 3456 Syno-

2192 3475 2304 3541 psiu
2333 3485 2646 3527 assererent.
2693 3473 2820 3526 Nam
2843 3483 3084 3542 quantam
3116 3486 3266 3543 putas
3290 3476 3601 3542 diligentiam
3632 3474 3721 3526 ad-

2195 3561 2423 3614 hibuisse
2472 3563 2612 3613 illum
2657 3562 2707 3614 in
2755 3564 3054 3626 tractandis,
3091 3574 3243 3632 atque
3285 3567 3334 3617 in
3362 3565 3718 3630 compendium

2194 3650 2487 3717 redigendis
2519 3650 2578 3704 Β.
2612 3650 2755 3703 Pauli
2800 3652 3072 3717 Epistolis?
3114 3654 3274 3716 Quam
3303 3653 3579 3720 Scripturte
3607 3667 3722 3720 par-

2196 3748 2297 3793 tem
2322 3752 2372 3794 et
2402 3741 2717 3809 frequentius
2754 3741 3006 3805 adhibuit,
3033 3753 3078 3795 et
3109 3744 3254 3810 quasi
3286 3745 3590 3810 praecipuam
3608 3743 3720 3794 ubi-

2193 3845 2293 3898 que
2322 3832 2631 3894 celebravit;
2660 3831 2701 3882 si
2731 3839 2900 3884 tamen
2930 3831 3051 3899 quid
3085 3832 3396 3898 praecipuum
3434 3831 3533 3884 dici
3565 3831 3722 3898 possit

2195 3919 2244 3970 in
2273 3919 2355 3984 iis,
2386 3933 2499 3984 qua:
2540 3919 2759 3986 primum
2794 3928 3056 3972 auctorem
3089 3919 3336 3986 Spiritum
3379 3927 3612 3970 sanctum
3632 3918 3723 3969 ba-

2193 4008 2336 4062 bent.
2367 4008 2484 4060 Illas
2507 4017 2648 4061 certe
2675 4009 2930 4075 Epistolas
2955 4009 3084 4062 adeo
3112 4012 3161 4061 in
3188 4018 3378 4072 mente,
3402 4007 3452 4060 in
3475 4009 3720 4063 memoria

2194 4099 2454 4160 versabat,
2488 4106 2541 4150 ut
2567 4112 2658 4152 eas
2685 4099 2870 4168 ubique
2897 4111 2947 4153 et
2971 4100 3149 4169 quavis
3181 4100 3386 4154 minima
3425 4100 3541 4153 data
3570 4113 3724 4154 occa-

2193 4187 2339 4240 sione
2381 4186 2650 4240 adhiberet
2679 4189 2728 4240 in
2763 4188 2987 4241 ltomiliis
3012 4189 3062 4241 in
3098 4189 3315 4257 aliisque
3353 4189 3594 4257 operibus
3635 4202 3728 4240 cu-

2187 4276 2350 4344 jusvis
2390 4280 2612 4345 generis.
2657 4277 2779 4332 lude
2822 4288 2932 4339 est,
2971 4287 3024 4332 ut
3051 4279 3100 4331 in
3133 4278 3714 4350 SynopsiPenLateuchi

2193 4379 2330 4432 srepe
2349 4366 2562 4417 Paulum
2577 4367 2757 4419 videas
2776 4367 2823 4417 in
2845 4367 3066 4418 medium
3089 4365 3291 4428 adduci,
3315 4367 3362 4417 in
3394 4364 3456 4416 iis
3479 4362 3722 4415 nimirum

2195 4453 2529 4507 Pentateuchi
2570 4454 2714 4516 locis,
2741 4470 2854 4521 qua:
2880 4454 3066 4506 Paulus
3096 4454 3146 4505 in
3177 4453 3418 4520 Epistolis
3445 4453 3551 4504 suis
3571 4451 3723 4503 adhi-

2195 4542 2392 4595 buerat.
2429 4542 2678 4609 Quodque
2715 4542 3177 4608 singularissimum
3215 4551 3313 4606 est,
3342 4542 3392 4593 in
3420 4540 3725 4594 Prothcoria

2195 4649 2307 4696 sua,
2348 4633 2435 4685 ubi
2476 4632 2635 4684 libros
2672 4631 2798 4684 Novi
2840 4631 3172 4694 Testamenti,
3220 4646 3348 4698 quos
3390 4630 3439 4682 in
3467 4628 3723 4697 Synopsin

2198 4723 2484 4790 redegerat,
2530 4730 2834 4785 recenset,a
2864 4720 3247 4787 quatuordecim
3293 4720 3531 4785 Epistolis
3575 4716 3723 4771 Pauli

2197 4809 2462 4861 exordium
2512 4807 2684 4868 ducit,
2729 4807 2966 4873 ipsasque
3013 4806 3274 4872 praemittit
3326 4806 3451 4873 ipsis
3504 4813 3729 4873 quatuor

2198 4895 2491 4961 Evangeliis
2528 4903 2577 4945 et
2601 4893 2963 4960 Apostolorum
2987 4894 3204 4946 actibus.
3230 4892 3374 4946 Unde
3393 4893 3608 4946 fortasse
3625 4907 3729 4945 no-

2198 4999 2316 5033 vum
2349 4983 2599 5049 quispiam
2628 4991 2986 5046 argumentum
3018 4992 3162 5033 eruat
3186 4982 3247 5034 ad
3275 4981 3530 5051 Synopsin
3559 4982 3728 5050 Chry—

2197 5081 2429 5123 sostomo
2457 5069 2804 5131 asserendam,
2826 5070 2912 5137 qui
2939 5085 3037 5122 non
3070 5073 3228 5124 semel
3256 5071 3466 5123 Paulum
3496 5086 3551 5124 se
3573 5071 3728 5123 vehe-

2200 5166 2397 5210 menter
2425 5170 2596 5208 amarc
2640 5155 2929 5222 profitetur,
2956 5166 3006 5209 et
3036 5158 3147 5223 plus
3182 5158 3323 5210 Pauli
3355 5157 3496 5210 libris
3522 5167 3572 5210 et
3598 5159 3729 5210 actis

2200 5245 2378 5303 utitur,
2403 5259 2552 5310 quam
2581 5245 2782 5295 czeteris
2806 5244 3086 5310 Scriptura:
3113 5259 3271 5297 sacras.
3298 5247 3438 5298 libris
3464 5245 3560 5315 (η).

2267 5333 2462 5399 Stylum
2492 5342 2658 5383 autem
2681 5332 2815 5398 quod
2841 5341 3056 5399 spectat,
3083 5332 3416 5400 profluentem
3445 5333 3579 5384 illam
3607 5349 3735 5386 ver-

2199 5421 2382 5473 borum
2411 5428 2460 5471 et
2483 5419 2872 5472 similitudinum
2906 5421 3126 5487 copiam,
3154 5436 3252 5489 qua
3289 5422 3357 5474 uti
3400 5421 3529 5475 solet
3560 5421 3723 5490 Chry-

2265 5596 2334 5654 (a)
2370 5592 2471 5644 Vid.
2491 5595 2615 5641 Tomi
2639 5593 2774 5652 Luius
2799 5591 2914 5639 t‘rrf
2948 5592 2970 5653 ς
2994 5599 3058 5641 ιιι.
