4000 6220
285 344 393 399 311

274 453 567 505 sostomus.
605 442 656 496 in
700 441 998 513 Syqusiet
1027 439 1338 509 compendio
1383 441 1679 508 exquirere,
1724 438 1848 492 illud

279 544 430 587 esset
456 532 647 587 nodum
678 532 730 586 in
760 534 933 600 scirpo
970 546 1223 600 qu:erere.
1261 530 1454 583 Verum
1487 529 1646 583 dictio
1675 528 1848 598 Chry-

275 620 505 675 sostomi
538 635 657 674 esse
678 620 1108 689 deprehenditur,
1138 619 1209 672 ita
1239 634 1389 687 pura,
1416 618 1556 672 clara
1585 617 1850 686 nitidaque

272 720 383 763 est.
419 711 527 763 Etsi
562 726 688 765 vero
723 724 809 764 res
835 708 1146 778 compendio
1185 707 1395 774 referat,
1445 707 1727 776 aliquando
1769 716 1849 760 ta-

273 817 403 856 men
448 803 787 870 interpretem
807 801 929 869 agit,
958 814 1045 854 res
1072 799 1319 868 explicat,
1357 808 1409 853 et
1435 799 1531 852 alia
1565 799 1849 869 Scriptura:

270 891 612 958 maximeque
651 890 798 944 Pauli
830 891 942 944 loca
970 888 1122 943 affert
1151 889 1215 943 ad
1248 890 1670 958 explanationem
1708 899 1847 957 apta.

270 980 388 1036 Nec
431 982 588 1035 nimis
624 981 801 1050 jejuna
841 981 1094 1051 Synopsis
1134 989 1249 1047 est,
1281 981 1375 1035 sed
1414 983 1463 1034 in
1496 981 1851 1035 Pentateucho

271 1070 508 1124 maxime
544 1070 683 1139 justa
710 1084 842 1138 pene
858 1068 1179 1139 longitudine
1205 1070 1476 1125 historiam
1500 1072 1644 1135 texit,
1670 1081 1727 1125 ut
1754 1086 1849 1125 ex-

269 1160 527 1228 emplaris
546 1161 661 1214 loco
679 1161 775 1214 hac
795 1161 846 1214 in
872 1169 1019 1229 parte
1040 1160 1217 1216 haberi
1241 1163 1422 1231 possit.
1444 1162 1742 1217 Verisimile
1767 1178 1852 1217 au-

270 1262 386 1307 tem
413 1262 494 1308 est
520 1255 686 1323 ipsum
708 1253 774 1308 ad
798 1268 946 1308 usum
975 1268 1127 1307 suum
1159 1262 1323 1309 totam
1347 1255 1671 1323 Seripturam
1698 1255 1774 1309 sic
1799 1255 1849 1309 in

266 1340 539 1411 Synopsin
570 1351 725 1411 atque
752 1342 1122 1411 compendium
1144 1342 1428 1412 redegisse.
1463 1343 1517 1397 Si
1541 1359 1699 1413 porro
1720 1344 1850 1398 Novi

267 1434 598 1490 Testamenti
619 1435 1174 1506 Synopsisaliquando
1197 1450 1267 1490 ex
1293 1437 1523 1493 tenebris
1546 1438 1848 1504 emerserit,

281 1524 408 1579 inde
431 1541 584 1590 nova,
611 1534 667 1579 ut
692 1526 826 1591 dixi,
843 1525 1127 1596 prodibunt
1155 1535 1460 1595 argumenta
1477 1569 1490 1591 ,
1522 1528 1672 1599 queis
1695 1542 1851 1584 verus

274 1617 443 1669 totius
472 1615 772 1687 Synepseos
791 1624 975 1671 auctor
1010 1616 1453 1685 deprehendatur.
1486 1617 1562 1671 Ex
1593 1616 1656 1672 iis
1673 1628 1850 1674 autem

259 1720 393 1772 qua:
410 1713 722 1774 supersunt,
739 1715 794 1760 et
809 1720 870 1760 ex
890 1705 1259 1776 Manuscriptis
1280 1716 1428 1761 eruta
1445 1717 1586 1775 sunt,
1620 1707 1853 1781 Chryso-

264 1804 503 1848 stomun)
528 1810 665 1861 esse,
685 1796 1005 1865 argumentis
1030 1796 1081 1850 in
1111 1796 1340 1850 medium
1365 1798 1555 1862 allatis,
1583 1798 1800 1867 probavi
1831 1815 1844 1852 :

264 1901 378 1938 non
410 1886 478 1939 ita
506 1895 678 1942 tamen
704 1898 760 1941 ut
780 1902 890 1942 rem
931 1886 1215 1956 perfectam
1245 1887 1643 1958 absolutamque
1672 1890 1852 1944 existi-

263 1992 433 2029 mem.
465 1978 803 2032 Eruditorum
827 1979 1017 2048 quippe
1033 1978 1287 2048 judicium
1308 1987 1564 2049 exspecto
1588 1998 1602 2034 :
1628 1994 1747 2033 nam
1766 1996 1851 2035 res

262 2066 487 2135 majoris
503 2076 583 2122 est
608 2070 858 2123 momenti
875 2083 1028 2138 quam
1049 2077 1107 2123 ut
1122 2070 1285 2137 possit
1302 2070 1459 2123 unius
1478 2070 1749 2139 scriptoris
1765 2070 1851 2139 ju-

260 2157 407 2211 dicio
430 2158 625 2224 dirimi,
650 2169 703 2213 et
730 2159 927 2229 absque
969 2160 1329 2215 controversia
1361 2175 1478 2215 esse
1498 2161 1848 2230 pronuntiari.

339 2247 521 2302 Restat
543 2258 599 2302 ut
626 2249 691 2304 de
721 2248 949 2319 Synopsi
988 2248 1277 2318 Scriptura:
1320 2250 1409 2304 illa
1448 2265 1683 2321 agamus,
1731 2266 1849 2320 qua:

262 2338 407 2394 inter
450 2341 723 2397 Athanasii
762 2341 932 2413 Opera
976 2340 1363 2408 circumfertur,
1396 2357 1678 2413 quamque,
1725 2342 1849 2399 licet

1507 323 1824 381 DHTRIBA
1863 326 1929 381 IN
1970 322 2315 383 SYNOPSIN.

3416 345 3526 398 312

1957 439 2220 509 diligentis
2256 436 2525 505 scriptoris
2551 451 2684 505 opus
2708 437 2795 502 sit,
2822 436 3093 493 Athanasii
3121 452 3224 492 non
3254 452 3372 494 esse
3400 452 3529 508 pro-

1958 529 2193 581 lmvimtts
2232 528 2382 581 Tom.
2407 528 2464 580 2.
2498 527 2585 581 Illa
2607 544 2733 581 vero
2763 528 2814 581 in
2841 528 2989 583 libris
3032 528 3277 583 omnibus
3318 527 3531 583 histori-

1955 618 2050 683 cis,
2083 618 2133 671 in
2163 617 2541 684 Pentateucho,
2591 619 2641 672 in
2673 618 2820 672 libris
2857 618 3085 688 Regum,
3115 627 3169 673 ct
3197 619 3248 672 in
3292 618 3533 687 Prophe-

1956 712 2041 775 tis,
2074 720 2184 765 toto
2225 712 2353 765 ciclo
2383 711 2556 765 differt
2584 712 2650 766 ab
2673 711 2771 766 hac
2808 720 2987 765 nostra
3027 710 3275 783 Synopsi,
3317 727 3416 767 nec
3445 720 3529 767 est

1956 800 2077 855 huic
2117 801 2489 869 comparanda,
2524 811 2578 855 ut
2615 802 2785 870 quivis
2831 803 3008 856 statim
3053 804 3353 872 perspiciat.
3379 803 3434 857 In
3465 803 3531 857 li-

1953 894 2063 947 bris
2092 908 2218 949 vero
2244 893 2560 956 Salomonis,
2587 894 2637 947 in
2656 892 2941 960 Sapientia,
2961 896 3012 948 in
3038 894 3293 959 Siracide,
3312 894 3523 957 Esther,

1954 982 2150 1047 Tobia,
2198 981 2412 1046 Judith,
2452 982 2635 1036 eadem
2680 984 2791 1051 ipsa
2835 993 2917 1038 est
2953 1001 2965 1037 :
2997 999 3330 1054 augurorque
3379 983 3526 1037 illum

1954 1071 2221 1141 Synopses
2242 1071 2497 1126 librorum
2525 1071 2824 1140 huiusmodi
2849 1088 2914 1128 ex
2946 1085 3124 1128 nostra
3154 1073 3378 1145 Synopsi
3415 1088 3531 1125 mu.

1958 1170 2158 1216 tuatum
2185 1177 2322 1217 esse.
2348 1160 2477 1215 Nam
2497 1161 2635 1216 illius
2651 1163 2951 1232 Synopscos
2973 1166 3307 1233 scriptorem,
3329 1173 3524 1217 nostra:

1953 1254 2256 1323 Synopseos
2276 1261 2493 1308 auctore
2513 1262 2665 1307 relate
2687 1254 2840 1323 longe
2857 1253 3158 1309 inferiorem
3177 1269 3295 1309 esse
3316 1269 3418 1308 non
3436 1254 3523 1307 dus

1954 1343 2084 1407 bito,
2105 1358 2201 1398 nec
2222 1342 2481 1399 dubitabit
2497 1351 2620 1411 puto
2638 1344 2934 1413 quisquam.
2950 1343 3211 1398 Caeterum
3232 1344 3353 1397 libri
3374 1342 3528 1397 Leri-

1955 1434 2044 1488 tici
2070 1433 2343 1503 Syuopsis,
2377 1449 2495 1501 qua:
2523 1436 2573 1486 in
2602 1430 2925 1489 Coisliniano
2953 1434 3147 1489 Codice
3175 1434 3525 1499 desideratur,

1954 1536 2220 1591 quamque
2248 1537 2313 1576 ex
2340 1521 2588 1576 Batavico
2606 1520 2939 1592 Lugdunensi
2966 1523 3376 1593 desumpsimus,
3398 1538 3519 1577 cum

1954 1612 2178 1684 Synepsi
2203 1612 2288 1666 illa
2304 1612 2590 1666 Athanasio
2602 1612 2886 1679 adscripta,
2909 1614 3048 1683 quod
3073 1611 3139 1666 ad
3159 1627 3398 1683 magnam
3415 1612 3525 1669 Sal-

1956 1713 2062 1758 tem
2089 1703 2167 1757 sui
2198 1711 2421 1772 partem,
2449 1703 2733 1771 consentit,
2761 1702 2901 1773 quod
2931 1718 3032 1773 qua
3071 1705 3270 1759 ratione
3295 1704 3528 1774 contige-

1954 1796 2040 1860 rit,
2066 1809 2170 1848 non
2198 1793 2326 1848 satis
2354 1795 2604 1864 percipio.

2026 1884 2322 1939 Pulaverim
2344 1893 2518 1938 autem
2554 1883 2986 1955 Chrysostomum
3015 1882 3117 1938 hoc
3137 1883 3315 1953 operis
3342 1882 3529 1938 Antio-

1954 1973 2090 2028 chia'c
2118 1973 2461 2027 adornavisse
2485 1972 2713 2028 fortasse
2731 1983 3012 2043 antequam
3029 1972 3373 2028 concionandi
3402 1989 3530 2043 0pc-

1956 2079 2067 2118 ram
2109 2064 2426 2133 susciperet,
2470 2073 2527 2117 ut
2576 2062 2677 2118 hoc
2722 2064 2850 2118 satis
2890 2064 3068 2134 amplo
3105 2063 3421 2135 compendio
3463 2063 3529 2117 ad

1955 2153 2101 2208 verbi
2131 2152 2225 2208 Dei
2268 2152 2694 2222 praedicationem
2734 2162 2996 2220 uteretur,
3030 2163 3085 2208 et
3103 2153 3168 2207 ad
3200 2168 3412 2207 manum
3438 2152 3530 2206 ha-

1955 2243 2105 2299 beret
2135 2239 2274 2298 unde
2292 2241 2604 2298 concionttm
2629 2250 2937 2313 argumenta
2968 2249 3315 2297 mutuarctur.
