4000 6220
551 389 662 444 313

1293 374 1353 430 8.
1385 369 1665 429 JOANNIS
1695 363 2174 425 CHRYSOSTOMI
2214 366 2525 424 ARCHIEP.
2565 361 3104 422 CONSTANTINOP.

3654 374 3760 427 314

569 673 3749 711 ,ΨΜ-...-

1348 1113 1575 1198 ΤΟΥ
1638 1114 1782 1198 ΕΝ
1838 1109 2198 1198 ΑΓΙΟΙΣ
2268 1104 2698 1199 ΠΑΤΡοΣ
2751 1102 3072 1193 ΗΜΩΝ

549 1486 1549 1665 ΙΩΑΝΝΟΥ
1606 1484 2042 1656 ΤΟΥ
2087 1477 3760 1656 ΧΡΥΣΟΣΤΟΜΟΥ

1891 1960 2376 2052 ΣΥΝΟΨΙΣ

1211 2319 1324 2388 τῆς
1362 2319 1623 2384 Παλαιᾶς
1662 2337 1723 2372 τε
1766 2319 1863 2372 καί
1902 2319 2141 2388 Καινῆς,
2175 2317 2249 2384 ὡς
2283 2321 2350 2370 ἐν
2387 2314 2545 2379 τάξει
2574 2311 3045 2380 ύπομνηστικοῦ.

1963 2877 2360 2932 ΠΡΟΘΕΩΡΙΛ.

616 3119 788 3190 Καινὴ
819 3119 1030 3187 λέγεται
1059 3115 1165 3169 ἀπὸ
1184 3113 1278 3168 τοῦ
1303 3114 1490 3185 χρόνου
1515 3111 1606 3166 καὶ
1633 3111 1739 3165 ἀπὸ
1759 3113 1856 3181 τῆς
1887 3111 2096 3180 φύσεως

544 3211 653 3263 τῶν
682 3212 738 3262 ὲν
762 3209 897 3278 αὐτῇ
922 3206 1241 3276 γενομένων,
1283 3205 1362 3256 ὅτι
1402 3203 1575 3256 πάντα
1609 3201 1974 3269 ἀνεκαινίσθη,
2005 3203 2098 3253 καὶ

550 3298 763 3370 πρῶτον
790 3298 1088 3368 ἄνθρωπος,
1119 3294 1185 3346 δι’
1213 3293 1270 3346 ὃν
1316 3292 1385 3344 τὰ
1421 3292 1616 3345 πάντα.
1648 3292 1762 3342 Ἵνα
1803 3289 1857 3342 δὲ
1895 3291 1966 3359 μή
2017 3306 2098 3351 τις

548 3384 788 3457 λέγη·⁹0
802 3381 1070 3452 οὐρανδςδ
1109 3383 1288 3449 αὐτὸς,
1336 3384 1369 3451 ὴ
1414 3380 1507 3450 γῆ,
1554 3381 1644 3433 καὶ
1675 3380 1735 3431 τὸ
1773 3380 2097 3450 κυριώτατον

546 3475 800 3528 ἁπάντων
851 3473 1157 3542 ἄνθρωπος·
1207 3471 1299 3523 καὶ
1353 3469 1412 3537 (ί.
1462 3467 1664 3534 καινὸς)
1719 3467 1877 3536 νόμος
1923 3466 2092 3537 ἐδόθη,

549 3563 728 3616 καιναὶ
758 3562 983 3627 ἐντολαὶ,
1013 3560 1170 3631 καινὴ
1197 3561 1231 3630 ἡ
1276 3559 1431 3628 χάρις
1473 3558 1558 3610 διὰ
1581 3557 1671 3609 τοῦ
1700 3555 1943 3626 λουτροῦ,
1974 3573 2095 3608 και-

547 3654 634 3715 νὸς
664 3652 964 3720 ἄνθρωπος,
990 3649 1172 3701 καιναὶ
1191 3647 1525 3714 ἐπαγγελίαι.
1555 3646 1748 3698 Οὐκέτι
1768 3646 1873 3715 γὰρ
1895 3645 1963 3714 γῆ
2006 3648 2096 3697 καὶ

547 3741 617 3792 τὰ
661 3739 766 3792 ἀπὸ
806 3739 902 3808 τῆς
929 3737 1031 3807 γῆς
1050 3752 1064 3767 ⁶
1088 3735 1200 3789 ἀλλ’
1234 3736 1474 3806 οὐρανὸς,
1520 3735 1611 3787 καὶ
1640 3735 1707 3786 τὰ
1750 3735 1806 3786 ὲν
1832 3735 2092 3803 οὐρανοῖς.

548 3829 724 3883 Καινὰ
752 3828 819 3881 τὰ
853 3828 1137 3897 μυστήρια.
1161 3826 1352 3879 Οὐκέτι
1374 3826 1477 3894 γὰρ
1493 3825 1671 3877 ἐκεῖνα
1693 3824 1761 3876 τὰ
1791 3822 2093 3892 σωματικὰ,

549 3917 812 3988 πρόϐατον
852 3916 943 3969 καὶ
975 3910 1109 3984 αἷμα
1130 3953 1145 3978 ,
1181 3917 1274 3968 καί¹
1306 3915 1514 3969 κνίσσα,
1542 3913 1635 3964 καὶ
1665 3911 1884 3981 κόπρος,
1923 3911 2033 3964 ἀλλ’
2062 3913 2094 3980 ἠ

549 4007 734 4075 λογικὴ
765 4007 856 4058 καὶ
881 4005 1126 4074 ἐνάρετος
1152 4005 1389 4074 λατρεία,
1420 4003 1486 4056 τὰ
1518 4001 1941 4071 παραγγέλματα
1974 4018 2094 4054 και-

549 4096 635 4159 νὰ,
672 4095 822 4160 ξύλον
851 4094 928 4157 εἰς
965 4095 1217 4164 οὐρανοὺς
1246 4093 1441 4159 ἀνάγον
1470 4093 1562 4143 καὶ
1609 4092 1838 4160 ὑψηλοὺς
1871 4090 2094 4160 ἐργαζό-

551 4201 729 4255 μενον.
754 4183 958 4245 Σκοπὸς
972 4182 1037 4253 δὴ
1065 4180 1393 4252 ἑκατέρωθεν
1417 4181 1522 4232 τῶν
1548 4180 1822 4247 Διαθηκῶν
1844 4173 1940 4240 εἷς,
1989 4178 2094 4230 τῶν

549 4270 644 4324 ἀνθ
655 4271 844 4341 ρώπων
868 4273 902 4340 ἡ
925 4270 1221 4340 διόρθωσις.
1240 4269 1347 4320 Καὶ
1365 4268 1415 4319 τί
1432 4269 1512 4319 δεῖ
1531 4265 1824 4334 θαυμάζειν
1850 4266 1973 4333 περὶ
1997 4265 2093 4333 τῆς

547 4359 589 4411 Γ
593 4359 786 4428 ραφῆς,
820 4359 951 4411 ὅπου
984 4375 1046 4425 γε
1072 4358 1162 4409 καὶ
1189 4357 1283 4426 τῆς
1317 4357 1540 4417 κτίσεως
1569 4356 1734 4423 αὐτῆς
1764 4357 1796 4423 ἡ
1824 4354 1976 4423 χρεία
2006 4353 2094 4405 διὰ

547 4448 767 4514 τοῦτον;
797 4447 905 4501 Καὶ
951 4446 1057 4517 γὰρ
1099 4445 1321 4517 ούρανὸν
1371 4445 1538 4513 μέγαν
1562 4444 1625 4496 δι’
1653 4443 1813 4496 αὐτὸν
1849 4443 2088 4512 ἐποίησε,

549 4540 646 4592 καὶ
686 4538 787 4608 γῆν
835 4535 1062 4600 εὐθεῖαν,
1097 4539 1186 4589 καὶ
1214 4536 1478 4588 Θάλασσαν
1533 4534 1670 4603 ὑπὲρ
1723 4534 1818 4603 τὴν
1873 4534 2089 4602 χρείαν,

551 4628 638 4680 ἴνα
669 4627 774 4680 ἀπὸ
821 4626 914 4679 τοῦ
967 4626 1221 4695 μεγέθους
1248 4624 1355 4676 τῶν
1402 4623 1702 4691 γενομένων
1727 4623 2092 4689 θαυμάσαντες

549 4715 640 4768 τὸν
687 4715 1042 4784 Δημιουργδν,
1087 4716 1165 4776 εἰς
1195 4714 1513 4781 θεογνωσίαν
1542 4712 1749 4764 ἔλθωσι.
1787 4713 1894 4764 Καὶ
1925 4712 2092 4765 ταῦτα

549 4801 641 4858 οὖν
691 4805 776 4857 διὰ
822 4805 1003 4858 τοῦτον
1030 4805 1267 4872 γέγονεν.
1310 4804 1458 4856 Ἐπεὶ
1505 4798 1593 4854 οὗν
1626 4803 1824 4863 σκοπὸς
1869 4799 1947 4864 εἷς
1991 4806 2090 4873 τῆς

550 4895 786 4958 Παλαιᾶς
819 4894 911 4948 καὶ
935 4894 1031 4964 τῆς
1064 4893 1267 4960 Καινῆς
1287 4933 1300 4954 ,
1335 4893 1619 4959 ἀναγκαῖον
1645 4888 1776 4944 εἶναι
1801 4892 2040 4959 ἐνόμισεν
2065 4892 2091 4942 ό

549 4985 784 5054 Μωῦσῆς
803 4985 894 5036 καὶ
918 4982 1151 5052 ίστορίας
1169 4980 1472 5049 ἀναγράψαι
1489 4981 1736 5042 παλαιάς*
1754 4981 1812 5032 ού
1839 4980 1975 5033 κατὰ
1996 4982 2092 5050 τὴν

551 5070 743 5134 ἔξωθεν
760 5069 1102 5123 ἀκολουθίαν·
1123 5071 1315 5121 ἐκεῖνοι
1340 5068 1436 5137 μὲν
1462 5068 1568 5137 γὰρ
1604 5070 1835 5138 ἱστορίας
1857 5070 2091 5137 γράφου-

553 5175 638 5211 σιν
682 5158 884 5220 ἀπλῶς,
927 5157 1063 5210 ὥστε
1109 5156 1442 5226 πραγμάτων
1473 5157 1746 5224 διηγήσεις
1790 5157 2087 5218 ποιεῖσθαι,

551 5248 642 5301 καὶ
669 5248 931 5317 πολέμους
961 5247 1051 5299 καὶ
1080 5245 1253 5316 μάχας
1280 5247 1356 5309 εἰς
1379 5246 1539 5315 μέσον
1568 5246 1806 5311 ἀγαγεῖν,
1837 5248 1926 5297 καὶ
1955 5262 2090 5314 καρ·

553 5337 830 5390 πὼσασθαι
863 5338 1014 5401 δόξαν
1047 5337 1152 5389 ἀπὸ
1176 5335 1281 5388 τῶν
1305 5335 1657 5405 γραμμάτων.
1699 5335 1754 5386 '0
1785 5334 1839 5386 δὲ
1881 5335 2093 5403 νομοθέ-

550 5443 650 5496 της
695 5427 791 5498 οὐχ
822 5427 1018 5490 οὕτως’
1071 5427 1202 5482 ἀλλὰ
1251 5427 1472 5480 πάντοτε
1519 5425 1752 5493 ἱστορίας
1795 5423 2091 5492 ἀναγράφει

551 5517 757 5588 ἀνδρῶν
809 5519 1050 5586 μεγάλων
1105 5517 1552 5587 κατωρθωκότων,
1604 5513 1741 5564 ὥστε
1794 5516 1901 5574 τοῖς
1958 5513 2090 5581 μετὰ

551 5605 719 5660 ταῦτα
762 5608 867 5660 τῶν
914 5607 1134 5668 ἐκείνοις
1165 5605 1498 5674 βεϐιωμένων
1523 5603 1619 5671 τὴν
1661 5600 1904 5668 διήγησιν
1941 5600 2088 5666 γενέ-

556 5695 676 5750 σθαι
718 5695 1051 5759 διδασκαλίας
1083 5695 1289 5764 ἀγαθῆς
1337 5693 1603 5746 ὑπόθεσιν.
1635 5689 1730 5742 Διὰ
1762 5690 1829 5756 δὴ
1851 5689 2003 5743 τοῦτο
2029 5689 2086 5742 ού

2200 3111 2359 3182 μόνον
2398 3111 2520 3174 τοὺς
2546 3107 2974 3178 κατωρθωκότας
3016 3108 3098 3174 εἰς
3133 3110 3292 3180 μέσον
3324 3111 3463 3179 ἄγει,
3494 3112 3628 3165 ἀλλὰ
3656 3115 3751 3166 καὶ

2195 3202 2319 3264 τοὺς
2345 3201 2746 3270 ἡμαρτηκότας,
2770 3201 2858 3253 ἵνα
2887 3199 3012 3262 τοὺς
3044 3200 3140 3269 μὲν
3169 3199 3516 3271 ζηλὼσωμεν,
3546 3205 3669 3265 τοὺς
3692 3203 3748 3255 δὲ

2198 3289 2543 3357 έκφύγωμεν,
2575 3289 2666 3342 καὶ
2698 3287 3029 3358 ἑκατέρωθεν
3055 3288 3263 3358 ὀρθωθῇ
3303 3290 3371 3342 τὰ
3415 3290 3510 3359 τῆς
3553 3291 3751 3360 ἀρετῆς

2196 3377 2287 3429 καί
2310 3377 2378 3430 τά
2403 3377 2502 3444 τῆς
2530 3377 2858 3446 ἐπιμελείας.
2893 3377 2983 3447 Μὴ
3011 3377 3184 3430 τοίνυν
3213 3378 3471 3449 νομιζέτω
3499 3398 3580 3443 τις
3605 3381 3750 3445 ξένον

2196 3461 2335 3520 εἶναι
2361 3465 2643 3536 νομοθέτου
2675 3465 2735 3518 τὸ
2763 3465 2998 3529 παλαιὰς
3052 3467 3285 3538 ἱστορίας
3314 3469 3610 3536 διηγεῖσθαι
3655 3471 3751 3522 καὶ

2195 3557 2388 3627 νόμους
2421 3555 2567 3627 [515]
2609 3556 2958 3626 ἀναγράφειν.
2994 3559 3167 3628 Ὅπερ
3198 3557 3302 3627 γὰρ
3337 3559 3508 3628 ἰσχύει
3550 3562 3746 3630 νόμος,

2194 3645 2347 3698 τοῦτο
2391 3646 2483 3698 καὶ
2527 3647 2560 3716 ὴ
2604 3645 2849 3715 διήγησις
2894 3645 2987 3698 τοῦ
3041 3646 3152 3716 βίου
3200 3647 3306 3700 τῶν
3352 3649 3538 3716 ἁγίων.
3593 3651 3748 3702 Ἔστι

2192 3736 2366 3790 τοίνυν
2390 3736 2488 3806 τῆς
2519 3735 2756 3798 Παλαιᾶς
2784 3735 2844 3787 τὸ
2870 3737 2966 3806 μὲν
3005 3736 3271 3806 ἱστορικὸν
3290 3778 3305 3802 ,
3350 3738 3424 3802 ὡς
3466 3741 3499 3809 ἡ
3549 3740 3747 3794 Ὀκτά-

2194 3843 2377 3895 τευχος
2400 3843 2414 3858 ο
2447 3828 2480 3896 ἡ
2510 3825 2606 3895 μὲν
2628 3826 2840 3888 Γένεσις
2870 3826 2936 3879 τὰ
2966 3829 3091 3895 περὶ
3120 3829 3218 3896 τῆς
3245 3829 3598 3899 δημιουργίας
3658 3829 3739 3882 δι⁹

2196 3914 2490 3983 ηγουμένη,
2526 3913 2618 3965 καὶ
2651 3913 2718 3964 τὰ
2746 3917 2872 3983 περὶ
2908 3917 2997 3966 τοῦ
3032 3916 3144 3984 βίου
3162 3917 3267 3968 τῶν
3305 3917 3747 3988 εύηρεστηκότων

2192 4000 2335 4072 Θεῷο
2359 4004 2390 4072 ἡ
2420 4001 2474 4053 δὲ
2506 4000 2716 4066 Ἐξοδος
2745 4002 2840 4071 τὴν
2862 4003 3178 4075 ἀπαλλαγὴν
3207 4007 3313 4059 τῶν
3355 4006 3618 4061 Ἰουδαίων
3642 4007 3745 4078 τὴν

2193 4091 2249 4156 ἐξ
2282 4090 2574 4160 Αἰγύπτου,
2613 4091 2710 4161 τὴν
2760 4093 3054 4161 παράδοξον
3099 4095 3328 4164 ἐκείνην,
3383 4097 3475 4149 καὶ
3517 4097 3612 4167 τὴν
3643 4099 3744 4167 τῆς

2192 4179 2397 4250 ἐρήμου
2441 4179 2741 4250 διατριϐὴν,
2775 4182 2868 4234 καὶ
2910 4182 3009 4251 τὴν
3040 4183 3133 4236 τοῦ
3163 4184 3324 4254 νόμου
3353 4185 3528 4240 δόσιν·
3578 4189 3635 4240 τὸ
3683 4189 3744 4239 δὲ

2193 4267 2470 4320 Λευιτικον
2492 4266 2559 4319 τὰ
2589 4268 2713 4337 περὶ
2741 4269 2938 4322 θυσιῶν
2964 4271 3057 4323 καὶ
3082 4273 3412 4342 ίερουργίαςσ
3454 4277 3486 4344 ὴ
3515 4275 3619 4345 γὰρ
3644 4276 3743 4328 τοῦ

2195 4355 2324 4407 Λευὶ
2359 4356 2494 4425 φυλὴ
2531 4355 2664 4425 αὕτη
2693 4347 2758 4426 ἦν
2792 4358 2824 4426 ὴ
2857 4360 2954 4428 τὴν
2987 4361 3280 4432 ἱερωσύνην
3319 4364 3704 4438 κεκληρωμένη
3727 4407 3741 4431 ,

2193 4445 2285 4496 καὶ
2336 4445 2441 4497 ἀπὸ
2480 4445 2573 4497 τοῦ
2607 4446 2861 4517 ὀνόματος
2894 4448 2991 4517 τῆς
3036 4449 3205 4521 φυλῆς
3235 4452 3333 4521 τὴν
3374 4455 3745 4524 προσηγορίαν

2192 4533 2344 4600 ἔλαχε
2376 4533 2434 4586 τὸ
2465 4534 2682 4602 βιϐλίον.
2715 4538 2844 4588 Μετ’
2874 4539 3043 4590 ἐκεῖνο
3065 4539 3112 4590 οἰ
3157 4540 3427 4611 Ἀριθμοί·
3468 4543 3603 4612 μετά
3631 4545 3743 4616 γὰρ

2190 4623 2250 4674 τὸ
2275 4623 2503 4687 ἐξελθεῖν
2541 4624 2597 4690 ἐξ
2635 4626 2927 4693 Αἰγύπτου,
2962 4629 3238 4685 ἐκέλευσεν
3268 4633 3296 4684 ό
3342 4632 3472 4696 Θεὸς
3503 4634 3742 4705 ἀριθμη-

2192 4710 2345 4781 θῆναι
2379 4713 2468 4765 τὸν
2493 4714 2662 4782 δῆμον
2692 4715 2798 4768 τῶν
2838 4717 3121 4783 Ἰουδαίων,
3156 4723 3250 4772 καὶ
3293 4716 3430 4790 ἦσαν
3465 4723 3742 4788 ἑξακόσιαι

2191 4801 2444 4872 χιλιάδες,
2477 4805 2567 4870 ἀφ’
2591 4805 2706 4867 ένὸς
2736 4804 3016 4875 ἀνθρώπου
3035 4809 3126 4860 τοῦ
3158 4810 3402 4881 Ἀϐραὰμ
3430 4812 3740 4882 γενόμεναι.

2191 4888 2320 4945 Εἶτα
2346 4894 2460 4962 μετ’
2482 4893 2656 4945 έκεῖνο
2682 4894 2739 4946 τὸ
2773 4899 3182 4968 Δευτερονόμιον
3200 4917 3214 4931 ·
3241 4901 3331 4954 τὸν
3360 4903 3465 4973 γὰρ
3489 4903 3644 4971 νόμον
3671 4904 3740 4955 ὲκ

2189 4982 2436 5052 δευτέρου
2474 4984 2813 5051 ἡρμήνευσεν
2857 4988 3036 5050 αὐτοῖς
3074 4990 3102 5040 ό
3145 4991 3400 5060 Μωῦσῆς.
3446 4991 3574 5044 Εἶτα
3618 4995 3740 5062 μετ’

2191 5069 2362 5122 ἐκεῖνο
2417 5069 2620 5137 Ἰησοῦς
2671 5072 2697 5122 ό
2745 5073 2835 5124 τοῦ
2871 5074 3058 5144 Ναυῆ·
3109 5069 3258 5139 οὗτος
3295 5078 3402 5146 γὰρ
3455 5081 3589 5148 μετὰ
3644 5081 3742 5134 τὸν

2191 5158 2424 5211 Μωῡσέα
2456 5159 2736 5228 γενόμενος
2758 5161 2930 5215 αὐτῶν
2955 5163 3290 5234 δημαγωγὸς,
3323 5167 3403 5229 είς
3425 5185 3483 5220 τε
3511 5169 3604 5238 τὴν
3634 5171 3740 5239 γῆν

2191 5247 2286 5315 τῆς
2314 5249 2634 5314 ἐπαγγελίας
2657 5251 2929 5319 εἰσήγαγε,
2961 5254 3053 5305 καὶ
3081 5257 3178 5324 τὴν
3206 5257 3306 5324 γῆν
3338 5257 3565 5326 διένειμε
3595 5263 3741 5316 κατὰ

2194 5337 2419 5405 κλήρους
2448 5341 2565 5400 ταῖς
2596 5337 2796 5391 δώδεκα
2817 5342 3023 5409 φυλαῖς.
3053 5345 3182 5396 Μετ’
3215 5347 3416 5398 ἐκεῖνον
3435 5348 3483 5398 οἰ
3505 5349 3700 5416 Κριταί
3720 5367 3736 5380 ·

2190 5425 2281 5476 τοῦ
2320 5429 2425 5495 γὰρ
2482 5427 2650 5496 Ἰησοῦ
2697 5430 3140 5500 τελευτήσαντος,
3175 5435 3255 5495 είς
3291 5436 3739 5506 ἀριστοκράτειαν

2195 5514 2453 5582 μετέπεσε
2487 5516 2551 5568 τὰ
2586 5517 2883 5586 πράγματα
2911 5519 3015 5571 τῶν
3059 5521 3342 5585 Ἰουδαίων,
3376 5524 3467 5575 καὶ
3488 5526 3541 5576 αί
3568 5525 3740 5594 φυλαὶ

2193 5604 2468 5672 ἐκράτουν.
2513 5602 2640 5657 Είτα
2669 5607 2826 5673 Ροὺθ,
2879 5609 3076 5676 βιϐλίον
3111 5609 3303 5680 βραχὺ,
3345 5613 3577 5682 ἱστορίαν
3609 5616 3739 5684 ἔχον

2197 5693 2446 5760 γυναικὸς
2473 5694 2781 5764 ἀλλοφύλου,
2817 5697 3152 5769 γαμηθείσης
3185 5701 3412 5769 Ἰουδαίῳ
3447 5704 3568 5760 τινί.
3594 5705 3743 5761 Μετ’
