4000 6220
197 394 317 447 313

1262 376 1586 434 SYNOPSIS
1621 374 2032 431 SCRIPTURA‘J
2072 371 2335 428 SACRIE.

3292 384 3399 437 314

208 712 3385 739 W

1113 1235 1519 1323 SANCTI
1598 1230 2012 1321 PATRIS
2086 1225 2519 1319 NOSTRI

689 1648 1484 1810 JOANNIS
1602 1640 2955 1803 CHRYSOSTOMI

1541 2144 2102 2237 SYNOPSIS

842 2469 1073 2531 Veteris
1106 2475 1159 2526 et
1198 2465 1343 2523 novi
1383 2461 1763 2532 testamenti,
1813 2459 1988 2537 quasi
2030 2455 2481 2515 commonitorii
2514 2470 2676 2511 more
2718 2450 2826 2529 (ιι).

1434 3296 1902 3361 CONSPECTUS
1943 3296 2231 3358 OPERIS.

283 3671 455 3734 Quare
472 3669 617 3737 prius
645 3667 1029 3720 Testamentum
1053 3665 1360 3731 appelletur,
1400 3662 1574 3717 Vetus.
1595 3663 1793 3730 Scapus

209 3766 484 3827 utriusque
501 3757 813 3811 Testamenti
826 3771 974 3808 unus.
990 3753 1186 3807 Divisio
1201 3754 1395 3807 Veteris
1413 3752 1728 3805 Testamentt'
1743 3755 1797 3804 in

202 3849 730 3910 historiammomilia
742 3843 1799 3915 etprophetiam.-NovumTestamentum

206 3944 409 3998 dicitur
427 3950 481 3996 et
496 3956 524 3992 a
555 3950 790 4007 tempore
814 3944 866 3990 et
885 3951 913 3987 a
932 3944 1113 3988 natura
1136 3947 1309 3985 rerum
1331 3945 1461 3999 quas
1482 3930 1785 3997 complecti-

206 4043 322 4098 tur,
336 4030 580 4101 quoniam
591 4029 762 4083 omnia
778 4032 1023 4080 renovata
1037 4030 1177 4087 sunt,
1192 4021 1465 4090 primoque
1478 4019 1656 4083 homo,
1672 4033 1785 4086 pro-

204 4134 333 4193 pter
346 4136 501 4191 quem
519 4121 692 4173 omnia
710 4125 831 4170 sunt
848 4114 1075 4169 condita.
1098 4111 1173 4165 Ne
1189 4112 1304 4178 quis
1321 4119 1492 4161 autem
1510 4108 1679 4161 dicat:
1702 4110 1785 4159 At-

202 4214 300 4283 qui
320 4209 654 4264 caelumidem
672 4216 770 4269 est,
792 4216 929 4259 terra
949 4203 1155 4265 eadem,
1171 4210 1223 4254 et
1243 4202 1399 4253 homo
1435 4213 1664 4266 quoque,
1692 4214 1777 4252 res

205 4302 451 4359 omnium
471 4298 804 4367 dignissima;
834 4308 964 4347 nova
982 4292 1062 4344 lex
1082 4290 1198 4343 data
1218 4300 1317 4353 eSI,
1344 4302 1475 4340 nova
1501 4294 1779 4355 prmcepta,

206 4407 353 4447 nova
371 4390 536 4460 gratia
566 4403 660 4456 per
676 4388 1150 4439 lavacrumznovus
1182 4378 1359 4441 homo,
1379 4392 1529 4429 novae
1567 4375 1785 4444 promis-

206 4488 415 4539 siones.
439 4481 549 4535 Non
574 4480 713 4534 enim
742 4477 877 4529 ultra
915 4474 1084 4543 agitur
1114 4472 1179 4525 de
1203 4479 1340 4523 terra
1355 4478 1407 4521 et
1428 4468 1492 4521 de
1521 4467 1742 4520 terrenis
1767 4482 1781 4529 ;

204 4573 312 4628 sed
339 4571 403 4624 de
419 4571 547 4623 ezelo
563 4580 614 4622 et
630 4568 696 4620 de
713 4565 1028 4619 caalestibus.
1048 4561 1190 4614 Nova
1223 4558 1491 4628 mysteria.
1517 4556 1626 4609 Non
1651 4558 1784 4607 ultra

206 4666 392 4718 locum
412 4658 603 4711 habent
619 4657 705 4709 illa
719 4668 993 4722 corporea,
1014 4652 1144 4711 ovis,
1163 4648 1395 4715 sanguis,
1413 4646 1583 4705 nidor,
1605 4646 1780 4706 fimus;

208 4751 313 4807 sed
333 4746 651 4802 rationabilis
667 4745 752 4797 ille
766 4744 1058 4808 virtuteque
1071 4746 1284 4792 ornatus
1298 4735 1465 4787 cultus
1484 4752 1495 4786 :
1513 4747 1643 4785 nova
1661 4747 1786 4800 prae-

206 4848 393 4909 cepta.
432 4838 645 4906 Lignum
671 4848 767 4888 nos
796 4831 858 4884 ad
876 4830 1061 4885 cmium
1097 4828 1271 4888 ducit,
1300 4826 1651 4891 sublimesque
1671 4821 1785 4874 eiii-

206 4931 309 4985 cit.
333 4928 530 4994 Scepus
547 4933 719 4978 autem
739 4923 789 4975 in
806 4931 1030 4987 utroque
1057 4917 1396 4970 Testamento
1417 4928 1553 4965 unus
1576 4922 1673 4973 est,
1692 4911 1785 4963 ho-

208 5022 423 5078 minum
444 5031 629 5084 nempe
645 5013 963 5068 emendatio.
983 5007 1179 5079 Ecquid
1198 5008 1385 5059 mirum
1401 5005 1465 5057 de
1488 5004 1781 5069 Scriptura,

207 5110 433 5184 quando
449 5119 630 5163 natura
653 5116 758 5161 tela
789 5104 851 5156 ad
878 5103 989 5171 ejus
1012 5116 1161 5153 usum
1191 5106 1271 5152 est
1300 5095 1553 5150 condita?
1582 5094 1784 5146 Etenim

210 5216 470 5267 magnum
494 5206 709 5268 propter
736 5195 879 5248 illum
903 5192 1086 5247 cadum
1113 5188 1362 5249 condidit,
1390 5197 1579 5238 terram
1608 5185 1784 5245 latam,

212 5309 373 5348 mare
404 5290 590 5358 majus,
621 5301 774 5356 quam
806 5283 1091 5336 necessitas
1122 5278 1389 5348 postulare
1416 5273 1705 5334 videbatur,
1736 5279 1789 5320 ut

215 5400 246 5437 ι
280 5379 638 5450 magnitudine
668 5375 994 5445 opiﬁciorum
1022 5371 1273 5439 Opiﬁcem
1302 5368 1571 5429 mirantes,
1606 5361 1669 5415 ad
1698 5361 1788 5414 Dei

288 5574 363 5632 (η)
398 5579 525 5619 Bene
549 5570 736 5632 dicitur.
755 5562 1111 5632 commmﬁtgrii,
1133 5561 1212 5632 vel
1236 5558 1546 5632 forte,_brevis
1561 5568 1793 5632 commen-

222 5616 520 5685 ιαέξῖἠῖοἶέί
540 5616 748 5678 ﬂaminio
772 5628 944 5689 passim
963 5616 1558 5689 “Chrysostomus'hreves
1588 5616 1793 5689 ex_plica-

219 5684 390 5746 tiones
407 5693 595 5754 adjecit,
619 5684 886 5754 rerumque
898 5684 1132 5754 in__Ve_teri
1150 5688 1453 5733 Testamento
1470 5687 1792 5729 enarraturou

219 5769 339 5808 cum
356 5747 478 5804 Μ)νό
502 5747 849 5802 consonantiam
875 5747 1060 5795 indicat.

1891 3664 2245 3732 cognitionem
2269 3663 2531 3716 venirent.
2559 3662 2681 3716 [hec
2712 3662 2885 3730 itaque
2915 3673 3126 3733 propter
3154 3666 3296 3720 illum
3325 3667 3459 3724 facta

1890 3761 2031 3807 sunt.
2059 3752 2315 3819 Quoniam
2344 3753 2501 3821 igitur
2531 3753 2737 3808 Veteris
2760 3763 2813 3808 et
2836 3754 2963 3808 Novi
2996 3757 3312 3812 Testamenti
3342 3775 3462 3815 sco-

1889 3856 1987 3911 pus
2022 3857 2156 3895 unus
2195 3852 2311 3906 est,
2345 3844 2700 3896 necessarium
2729 3844 2886 3897 etiam
2916 3847 3113 3912 putavit
3141 3847 3345 3915 Moyses
3368 3848 3453 3901 hi-

1888 3932 2079 3986 storias
2099 3942 2304 3986 veleres
2324 3932 2623 3986 describere
2649 3951 2660 3984 :
2687 3948 2787 3986 non
2809 3935 3099 3988 secundum
3123 3943 3468 3993 externorum

1888 4036 2088 4075 morem
2116 4062 2128 4079 .
2157 4021 2243 4088 qui
2278 4021 2523 4073 historias
2553 4022 2787 4075 scribunt
2818 4038 2877 4076 ea
2922 4034 3098 4076 mente
3134 4034 3366 4087 tantum,
3402 4035 3459 4076 ut

1890 4125 2062 4163 rerum
2098 4110 2426 4163 narrationes
2458 4120 2658 4175 texant,
2684 4122 2737 4164 et
2767 4112 2901 4165 bella
2933 4127 3233 4181 pugnasque
3265 4116 3312 4167 in
3346 4130 3457 4168 me-

1889 4200 2033 4253 dium
2062 4209 2238 4268 agant,
2271 4210 2428 4268 atque
2454 4216 2517 4255 ex
2545 4201 2752 4269 scriptis
2779 4203 2997 4271 gloriam
3029 4204 3126 4255 sibi
3157 4213 3356 4271 parent.
3385 4206 3453 4256 At

1891 4290 2159 4358 legislator
2185 4306 2288 4343 non
2318 4292 2394 4344 sic
2424 4309 2436 4343 :
2467 4290 2557 4344 sed
2592 4307 2803 4359 semper
2837 4292 3079 4345 historias
3110 4294 3289 4346 scribit
3328 4294 3451 4345 illu-

1888 4384 2074 4435 strium
2103 4383 2331 4436 virorum
2364 4383 2451 4451 qui
2483 4397 2567 4436 res
2598 4384 2875 4451 praeclaras
2903 4394 3213 4451 gesserunt;
3246 4394 3302 4437 ut
3333 4384 3454 4438 vitae

1889 4472 2097 4525 illorum
2127 4472 2358 4525 narratio
2398 4474 2622 4541 posteris
2666 4473 2734 4525 sit
2770 4474 2980 4539 optimm
3014 4473 3266 4527 doctrinae
3294 4489 3452 4542 argu-

1891 4573 2141 4615 mentum.
2177 4562 2402 4631 ideoque
2433 4578 2534 4615 non
2569 4563 2725 4615 modo
2755 4577 2845 4616 eos
2875 4564 2960 4631 qui
2992 4578 3047 4617 se
3079 4565 3238 4630 probe
3266 4580 3455 4633 gesse-

1883 4645 2012 4704 runt
2040 4653 2088 4705 in
2122 4652 2349 4706 medium
2391 4651 2640 4716 adducit,
2683 4651 2772 4705 sed
2817 4655 2973 4706 etiam
3018 4664 3317 4723 peccatores
3352 4673 3364 4711 :
3400 4665 3459 4709 ut

1891 4743 2008 4795 illos
2045 4743 2381 4805 aemulemur,
2428 4742 2524 4797 hos
2561 4753 2733 4797 autem
2775 4743 3029 4813 fugiamus
3057 4788 3072 4811 ,
3116 4754 3167 4798 et
3201 4748 3455 4815 utrinque

1890 4832 2136 4885 virtutem
2180 4831 2611 4901 diligentiamque
2653 4833 2907 4901 majorem
2955 4832 3327 4900 adipiscamur.
3380 4835 3457 4886 Ne

1890 4925 2005 4991 quis
2050 4938 2173 4991 ergo
2215 4924 2477 4977 existimet
2520 4934 2667 4978 extra
2716 4924 3026 4992 legislatoris
3061 4924 3287 4976 ofﬁcium
3339 4939 3458 4978 esse

1892 5013 2136 5064 historias
2166 5021 2370 5065 veteres
2410 5028 2625 5065 narrare
2649 5053 2664 5077 ,
2719 5022 2771 5065 et
2801 5014 2939 5080 leges
2983 5014 3328 5080 perscribere.
3363 5014 3455 5066 Et-

1892 5104 2029 5156 enim
2065 5118 2217 5171 qoam
2250 5104 2349 5155 vim
2370 5103 2526 5156 habet
2556 5104 2661 5167 lex,
2685 5103 2921 5155 eamdem
2936 5102 3132 5156 obtinet
3158 5113 3458 5156 sanctorum

1891 5193 2010 5244 vitze
2042 5193 2287 5245 narratio.
2320 5192 2416 5245 Est
2446 5192 2617 5259 itaque
2648 5192 2698 5243 in
2732 5192 2891 5244 veleri
2923 5192 3037 5260 lege
3066 5193 3203 5245 aliud
3238 5193 3451 5244 histori-

1892 5297 2009 5335 cum
2041 5324 2053 5346 ,
2086 5292 2139 5335 ut
2166 5282 2517 5337 Oclateuchus
2545 5282 2653 5349 (a):
2687 5296 2875 5349 nempe
2896 5280 3136 5344 Genesis,
3165 5296 3279 5347 qua:
3304 5295 3456 5332 crea-

1897 5374 2087 5426 tionem
2116 5382 2346 5433 enarrat,
2382 5386 2582 5424 necnon
2605 5372 2760 5423 vitam
2784 5386 2964 5424 eorum
2997 5370 3083 5437 qui
3114 5369 3220 5420 Deo
3249 5368 3450 5434 accepti

1896 5463 2070 5530 fuere;
2104 5462 2340 5527 Exodus,
2364 5477 2479 5531 qua:
2496 5461 2705 5516 Judteos
2729 5461 2941 5515 exhibet
2962 5476 3021 5513 ex
3048 5457 3272 5526 Egyplo
3295 5457 3455 5509 mira-

1960 5614 2029 5675 (u)
2065 5613 2521 5675 0ctateuchus,octo
2540 5614 2723 5675 priores
2744 5613 2991 5670 Scriptura:
3010 5604 3459 5675 librosgcomplecti-

1898 5682 1990 5729 tur,
2013 5673 2254 5730 Ceuesim,
2289 5673 2515 5729 Exodum,
2550 5674 2821 5733 Leviticum,
2868 5678 3110 5728 Minores,
3158 5673 3452 5716 Deuterouo—

1897 5737 2059 5798 mium,
2078 5742 2239 5793 Josue,
2264 5734 2472 5792 Judiccs,
2494 5739 2545 5781 et
2566 5734 2700 5781 ltuth.
