4000 6220
554 371 664 426 315

557 465 728 517 biliter
745 463 960 516 eductos
979 468 1032 514 ct
1055 461 1319 521 liberatos,
1343 468 1497 528 atque
1515 459 1564 512 in
1587 457 1797 512 deserto
1813 455 1900 508 ditt
1920 469 2122 506 moran-

557 563 655 614 tes,
675 553 944 620 legemque
963 557 1116 602 latam
1143 568 1156 613 ;
1178 549 1459 612 Leviticus,
1493 548 1542 601 in
1566 561 1667 616 quo
1688 547 1752 600 de
1773 544 2045 599 sacriliciis
2065 552 2116 596 et

557 641 888 697 sacerdotio:
921 656 1038 693 nam
1063 641 1230 693 tribus
1255 639 1378 692 Levi
1408 635 1756 692 sacerdotium
1780 635 1959 690 sortita
1991 645 2072 689 est
2107 652 2118 686 :

557 741 611 784 et
633 746 695 784 cx
722 731 886 784 tribus
914 731 1125 783 nomine
1156 739 1484 797 nuncupatus
1513 727 1646 782 liber
1667 735 1765 780 est.
1792 725 1985 778 Deinde
2012 725 2120 776 Nu-

558 822 726 884 meri;
771 831 888 888 post
931 835 1199 890 egressum
1242 822 1381 874 enim
1423 834 1486 872 ex
1533 816 1762 887 Egypto
1793 816 1949 883 jussit
1985 816 2121 867 Deus

555 911 818 963 nmnerari
867 910 1119 978 populum
1162 908 1439 962 Judaicum
1467 948 1480 972 ,
1529 916 1784 974 erantque
1826 907 2121 959 sexcenties

556 1002 731 1064 inille,
766 1002 832 1054 ab
863 1019 964 1055 uno
996 1002 1209 1055 homine
1238 1000 1536 1054 Abrahamo
1562 1001 1680 1054 orti.
1711 1000 1898 1054 Postea
1930 999 2120 1052 Dente-

556 1093 852 1146 rouomium
884 1110 897 1146 :
928 1093 1093 1161 legem
1121 1092 1259 1146 enim
1287 1091 1520 1146 secundo
1552 1091 1924 1159 interpretatus
1955 1099 2032 1143 est
2059 1090 2120 1142 il-

556 1183 621 1235 lis
646 1183 869 1253 Moyses.
915 1183 1111 1237 Deinde
1139 1183 1292 1237 Jesus
1333 1182 1470 1238 [ilius
1503 1181 1688 1237 Nave:
1719 1181 1806 1235 hic
1836 1181 1975 1235 enim
2006 1190 2121 1248 post

555 1273 787 1343 Moysem
819 1275 1026 1327 illorum
1059 1273 1162 1326 dux
1196 1273 1509 1327 constitutus
1535 1313 1548 1337 ,
1585 1274 1634 1326 in
1667 1279 1858 1326 terram
1893 1271 2117 1338 promis-

556 1363 721 1416 sionis
742 1363 1028 1416 introduxit
1051 1363 1186 1427 illos,
1213 1372 1508 1429 terramque
1533 1377 1627 1431 per
1655 1369 1822 1416 sortes
1843 1360 2119 1413 duodecim

559 1454 796 1508 tribubus
822 1453 1014 1507 divisit.
1047 1453 1173 1507 Post
1200 1452 1338 1507 hunc
1363 1451 1574 1506 Judices
1607 1469 1620 1505 :
1662 1466 1782 1504 nam
1821 1449 1944 1504 Jesu
1977 1465 2120 1502 mor-

561 1553 668 1608 tuo,
702 1543 995 1612 respublica
1027 1540 1326 1597 Judmorum
1356 1543 1405 1596 in
1433 1541 1811 1596 aristocratiam
1839 1555 1988 1592 versa
2016 1547 2118 1603 est,

555 1643 609 1686 et
636 1634 800 1686 tribus
823 1633 1097 1702 imperium
1120 1631 1549 1686 moderabantur.
1575 1629 1774 1684 Deinde
1798 1629 1960 1694 Ruth,
1990 1629 2122 1680 liber

555 1725 776 1792 exiguus
799 1765 813 1788 ,
845 1724 1116 1777 historiam
1146 1721 1500 1790 complectens
1527 1721 1763 1775 mulieris
1791 1719 2117 1786 alienigenae,

554 1830 670 1882 quae
697 1814 877 1868 Judmo
901 1814 1108 1868 cuidam
1137 1814 1329 1881 nupsit.
1355 1812 1480 1866 Post
1505 1812 1644 1865 hunc
1670 1811 1970 1879 Regnorum
2001 1808 2119 1862 libri

554 1915 779 1971 quatuor
808 1921 820 1956 :
856 1904 905 1957 in
933 1905 1122 1974 quibus
1151 1913 1296 1973 gesta
1327 1902 1518 1964 Saulis,
1545 1901 1775 1965 Davidis,
1802 1899 2119 1963 SalomOnis,

558 1994 708 2058 Elian,
744 1995 942 2057 Eliszei,
972 2002 1023 2046 et
1052 1994 1249 2062 reliqua
1280 2007 1446 2062 usque
1469 1991 1532 2045 ad
1563 1991 1918 2058 captivitatem
1952 1989 2121 2058 Baby-

557 2085 800 2138 l0nicam.
846 2085 970 2138 Post
1017 2084 1317 2152 Regnorum
1360 2082 1519 2137 libros
1568 2081 1786 2135 Esdras.
1835 2080 2119 2147 Postquam

556 2175 695 2227 cnim
726 2175 774 2227 in
813 2175 1131 2244 Babylonem
1160 2173 1227 2226 ob
1255 2183 1464 2243 peccata
1501 2186 1591 2226 sna
1622 2170 1832 2226 abducti
1874 2168 2077 2223 fuerant
2104 2209 2119 2234 ,

558 2267 731 2334 ibique
757 2268 1083 2334 septuaginta
1111 2267 1262 2319 annis
1292 2267 1341 2318 in
1372 2264 1625 2319 servitute
1652 2271 1955 2317 manserant
1979 2303 1994 2327 ,
2026 2262 2120 2315 de—

559 2371 701 2408 mum
738 2356 873 2409 Deus
906 2356 1140 2423 placatus
1165 2396 1177 2416 ,
1211 2355 1261 2408 id
1301 2354 1528 2422 providit
1573 2363 1626 2406 ut
1665 2353 1835 2421 Cyrus
1869 2364 1989 2406 tunc
2031 2368 2123 2405 rex

558 2446 859 2510 Persarum,
894 2444 1079 2514 Cyrus,
1114 2447 1346 2514 inquam,
1375 2443 1526 2512 cujus
1557 2442 1807 2512 puerilem
1840 2442 2127 2495 institutio-

560 2550 678 2587 nem
699 2535 977 2602 descripsit
992 2535 1309 2603 Xenophon,
1327 2534 1560 2602 captivos
1581 2531 1890 2586 dimitteret.
1911 2531 2121 2584 Dimissi

559 2640 684 2676 vero
707 2625 974 2677 redierunt
1000 2623 1218 2678 ducibus
1248 2623 1436 2689 Esdra,
1469 2622 1678 2676 Neomia
1701 2631 1753 2675 et
1779 2621 2121 2676 Zorobabele.

561 2714 709 2767 Ilunc
741 2713 963 2766 reditum
996 2713 1248 2768 describit
1279 2712 1472 2767 Esdras
1495 2752 1510 2778 ,
1542 2720 1595 2765 et
1631 2710 1893 2780 quomodo
1925 2711 2124 2764 reversi

562 2804 809 2870 templum
834 2803 1002 2856 denuo
1017 2802 1440 2863 construxerint,
1455 2801 1742 2870 urbemque
1772 2799 2130 2854 remdilicave-

561 2895 682 2948 rint.
708 2897 928 2947 Centum
950 2893 1140 2948 deinde
1161 2894 1310 2946 annis
1326 2893 1542 2962 elapsis,
1561 2907 1742 2946 rursus
1765 2893 1883 2946 illos
1907 2892 2123 2959 bellum,

560 2983 947 3037 Macedonicum
981 2998 1168 3051 nempe
1194 3024 1207 3047 ,
1239 2983 1450 3037 invasit.
1485 2981 1684 3036 Deinde
1714 2982 1959 3036 Antiochi
2003 2982 2126 3050 Epi-

561 3075 747 3144 phanis
775 3083 918 3147 gesta
960 3085 1272 3145 sequuntur,
1309 3073 1517 3144 quando
1549 3073 1713 3127 tribus
1755 3073 1907 3128 annis
1944 3082 1996 3127 et
2039 3073 2122 3127 di-

560 3165 722 3220 midio
749 3166 952 3220 obsessi
977 3205 992 3228 ,
1026 3165 1266 3234 maleque
1296 3163 1464 3219 allecti
1493 3204 1504 3227 ,
1535 3178 1564 3217 a
1593 3163 1979 3218 calamitatibus
2008 3179 2125 3216 rur-

559 3272 677 3310 sum
698 3258 858 3324 erepti
882 3265 1021 3309 sunt.
1046 3257 1170 3308 Post
1194 3255 1306 3309 hac
1331 3255 1536 3308 modico
1558 3254 1737 3323 elapso
1763 3264 2000 3323 tempore
2024 3254 2121 3325 (a),

556 3342 796 3399 Christus
821 3343 1052 3407 advenit,
1079 3353 1132 3398 ct
1159 3344 1318 3398 Vetus
1342 3343 1732 3398 Testamentum
1764 3343 1974 3398 desinit.

625 3434 920 3489 Iudaeorum
961 3453 1114 3506 genus
1162 3435 1312 3489 unde.
1343 3463 1414 3475 —
1451 3433 1519 3490 Ut
1556 3443 1730 3489 autem
1761 3434 1992 3489 discatur
2020 3434 2120 3490 Ju-

559 3525 720 3579 daictn
767 3527 936 3594 gentis
977 3528 1161 3596 origo,
1205 3525 1444 3596 quadam
1497 3526 1582 3582 hic
1634 3527 1922 3581 enarranda
1979 3537 2122 3582 sunt.

559 3615 680 3669 Post
706 3616 869 3669 Adam
897 3616 992 3669 fuit
1019 3615 1164 3682 Seth,
1191 3616 1379 3670 deinde
1410 3614 1616 3681 Enoch,
1645 3623 1824 3686 postea
1843 3617 1931 3670 alii
1960 3632 2124 3686 usque

557 3705 622 3758 ad
655 3707 842 3758 multas
870 3707 1262 3774 generationes;
1285 3706 1494 3759 demum
1520 3705 1654 3771 Noe,
1682 3706 1830 3775 cujus
1861 3715 2119 3776 tempore,

557 3813 675 3850 cum
708 3797 945 3851 homines
973 3807 1153 3851 essent
1184 3798 1381 3850 malitia
1404 3797 1673 3866 corrupti,
1707 3796 1958 3851 diluvium
1985 3798 2123 3852 acci-

558 3887 651 3940 dit.
704 3887 956 3942 Cessante
994 3887 1191 3942 diluvio
1215 3929 1230 3954 ,
1262 3902 1505 3958 egressus
1544 3903 1610 3942 ex
1651 3902 1773 3942 arca
1816 3889 1960 3943 solus
2001 3903 2120 3943 cum

557 3975 724 4030 tribus
754 3976 893 4041 filiis,
929 3986 1118 4030 terram
1147 3991 1356 4031 omnem
1381 3977 1526 4045 prole
1551 3991 1643 4031 sua
1671 3977 1912 4047 replevit,
1944 3978 2124 4032 multis

555 4065 889 4119 successione
917 4067 1138 4134 quadam
1167 4067 1456 4136 prognatis.
1489 4066 1617 4122 Cum
1645 4082 1772 4137 ergo
1799 4069 2007 4137 plurimi
2033 4084 2121 4123 es-

555 4163 707 4220 sent,
741 4155 1102 4209 deliberarunt
1141 4156 1402 4211 aedificare
1441 4158 1624 4210 turrim
1646 4197 1660 4222 ,
1691 4172 1807 4226 qua:
1837 4157 1902 4212 ad
1933 4159 2118 4213 caelum

557 4260 721 4312 usque
745 4247 1085 4314 pcrtingeret.
1111 4246 1303 4299 Eorum
1327 4247 1602 4300 consilium
1632 4245 1938 4316 improbans
1960 4248 2118 4314 Deus,

556 4337 761 4405 linguas
791 4338 1020 4404 ipsorum
1043 4337 1298 4403 confudit,
1332 4352 1595 4407 unamque
1623 4338 1674 4392 in
1702 4337 1894 4391 multas
1923 4337 2120 4392 divisit.

554 4427 726 4493 Quare
754 4441 870 4480 cum
902 4441 1004 4480 non
1031 4441 1148 4481 sese
1176 4437 1356 4482 mutuo
1385 4427 1660 4493 audirent,
1695 4427 1853 4482 simul
1885 4426 2123 4481 habitare

557 4533 660 4571 non
694 4526 972 4586 potuerunt
1003 4535 1016 4570 :
1049 4534 1164 4587 qua:
1204 4533 1362 4573 causa
1403 4517 1499 4572 fuit
1525 4528 1582 4572 ut
1623 4533 1718 4588 per
1747 4526 1912 4572 totum
1942 4519 2122 4573 orbem

558 4607 1010 4680 dispergerentur.
1047 4609 1245 4663 Dicitur
1272 4617 1449 4663 autem
1488 4609 1540 4663 in
1570 4609 1656 4663 illa
1686 4609 1989 4664 confusione
2021 4611 2123 4663 lin-

553 4712 805 4764 gnarum,
840 4697 1103 4752 lleberum
1135 4698 1436 4753 Judmorum
1469 4698 1856 4768 progenitorem
1889 4701 2123 4754 noluisse

554 4789 737 4840 tentati
759 4789 933 4855 operis
957 4803 1075 4843 esse
1105 4789 1430 4860 participem,
1459 4791 1734 4860 solumque
1762 4792 2016 4845 mansisse
2035 4793 2120 4859 qui

555 4877 785 4946 linguam
830 4887 1069 4932 servaret
1106 4879 1175 4949 (ὁ)
1203 4921 1218 4945 ,
1263 4879 1364 4934 hoc
1398 4880 1581 4948 optimi
1611 4880 1820 4936 consilii
1852 4883 2120 4949 prmmium

553 4967 820 5036 adeptum.
849 4969 922 5022 Ex
943 4970 1220 5038 nepotibus
1236 4969 1347 5039 ejus
1370 4969 1465 5024 fuit
1480 4971 1744 5024 Abraham
1766 4989 1778 5024 :
1800 4970 2022 5040 ideoque
2041 4971 2121 5023 Ju-

553 5058 786 5112 dreorum
809 5059 1005 5128 lingua,
1029 5059 1282 5115 ilebraica
1309 5070 1528 5115 vocatur
1553 5062 1618 5115 ab
1641 5060 1864 5116 Hebero.
1896 5063 2121 5116 Ahraluc

555 5150 694 5204 illius
735 5149 830 5204 fuit
870 5150 1012 5206 Isaac
1037 5193 1050 5214 ,
1086 5151 1240 5220 hujus
1276 5152 1458 5206 Jacob.
1509 5152 1606 5206 Hic
1633 5153 1816 5222 genuit
1841 5152 2120 5207 duodecim

554 5241 906 5310 patriarchas,
938 5242 1121 5296 Ruben
1147 5283 1161 5306 ,
1187 5243 1440 5313 Symcon,
1467 5243 1613 5310 Levi,
1646 5243 1855 5308 Judam,
1889 5244 2118 5310 lsachar,

554 5333 810 5398 Zabulon,
834 5332 1352 5402 Nephthalim,Gad,
1385 5334 1518 5402 Dan,
1552 5336 1704 5397 Aser,
1739 5334 1954 5404 Joseph,
1988 5336 2123 5390 Beu-

611 5443 680 5504 (a)
718 5452 746 5506 Α
792 5441 1120 5506 profanatione
1167 5442 1333 5504 templi
1376 5457 1464 5505 per
1508 5444 1788 5506 Antiochum
1828 5445 2120 5506 Epip‘hanem

546 5502 673 5566 facta:
694 5504 748 5550 ad
774 5502 928 5552 ortum
953 5504 1125 5554 Christi
1150 5502 1396 5553 anni'suut
1418 5505 1608 5554 circiter
1633 5512 1826 5566 centum
1851 5502 2118 5566 sexaginta.

615 5565 685 5626 (b)
720 5565 932 5628 tlomiliis
963 5567 1010 5612 in
1042 5566 1262 5628 genesim
1285 5571 1414 5612 Tom.
1454 5566 1533 5628 IV,
1577 5565 1667 5614 col.
1695 5564 1803 5628 279.
1831 5567 1896 5628 ait
1920 5564 2120 5628 Chryso-

544 5625 728 5676 atomus
751 5627 990 5673 lleberum
1003 5626 1154 5674 solum
1175 5629 1374 5686 primum
1387 5626 1545 5674 mundi
1559 5639 1782 5675 servasse
1798 5625 1980 5672 idiomu.
1996 5625 2121 5686 quod

552 5687 629 5735 hic
648 5690 795 5737 etiam
818 5686 930 5735 dicit
971 5687 1061 5737 Sed
1089 5686 1283 5737 cadere
1296 5688 1812 5738 controvertitmaV’ide
1829 5695 1984 5736 notam
2003 5688 2118 5736 ibid.

1256 348 1310 404 S.
1351 345 1625 402 JOANNIS
1662 339 2136 400 CllRYSOSTOMl
2177 341 2485 397 ABCIIIEP.
2517 339 3042 398 CONSTANTINOP.

3665 359 3781 414 316

2223 453 2410 521 jamin.
2439 453 2690 508 Undecim
2732 453 2916 507 horum
2954 452 3361 522 patriarcharum
3397 469 3586 510 nomen
3626 469 3784 509 acco-

2230 558 2353 611 pere
2385 543 2548 596 tribus
2588 543 2653 597 ab
2693 543 2794 596 illis
2833 554 2981 596 ortre.
3023 543 3391 614 Unusquisque
3417 547 3556 600 enim
3584 548 3786 600 tribum

2227 633 2622 700 prosetninavit,
2643 642 2694 686 ct
2715 633 2890 701 proles
2915 635 2980 688 ab
3006 635 3558 690 eisdennminabatur.
3583 637 3786 691 Verum

2227 722 2440 788 Josephi
2471 737 2572 776 non
2606 739 2705 776 una
2730 724 2915 787 tribus,
2945 725 3034 778 sed
3057 725 3172 779 dua:
3200 727 3424 780 fuerunt.
3450 726 3621 780 Noluit
3641 729 3785 780 enim

2226 811 2438 881 Josephi
2487 823 2631 881 pater
2653 828 2808 866 unam
2855 814 3044 868 tribum
3065 815 3132 869 ab
3151 831 3216 870 eo
3257 816 3604 870 denominari.
3645 817 3785 883 Quid

2227 917 2352 970 ergo
2375 901 2566 954 factum
2595 913 2672 956 est
2699 903 2720 954 ?
2748 903 2876 968 Quia
2905 918 3040 958 unus
3065 913 3178 959 erat
3207 905 3314 970 ille,
3337 915 3392 958 ut
3414 905 3604 974 duplex
3637 906 3790 960 fieret

2234 992 2548 1060 patriarcha,
2570 993 2816 1062 Ephraim
2831 1004 2883 1048 et
2899 993 3188 1048 Manassem
3207 995 3340 1050 duos
3359 997 3472 1065 ejus
3488 996 3639 1063 filios,
3653 996 3789 1051 dua-

2227 1081 2322 1135 bus
2369 1082 2604 1136 tribubus
2643 1083 2854 1136 nomina
2887 1098 2980 1137 sua
3009 1084 3136 1138 dare
3171 1085 3346 1154 jussit.
3395 1085 3542 1141 Unde
3567 1089 3795 1155 contigit

2227 1183 2282 1226 ut
2314 1173 2563 1228 tredecim
2597 1175 2762 1229 tribus
2790 1185 3002 1239 essent;
3036 1192 3224 1246 nempe
3255 1179 3493 1234 undecim
3524 1180 3745 1234 aliorum
3765 1219 3778 1241 ,

2229 1274 2280 1316 et
2307 1263 2422 1316 duce
2451 1262 2664 1333 Josephi
2698 1281 2790 1334 per
2820 1265 2933 1334 ejus
2971 1265 3126 1320 filios.
3159 1267 3349 1324 Tribus
3389 1269 3516 1324 Levi
3549 1270 3667 1326 hinc
3692 1286 3789 1324 ex-

2229 1356 2472 1422 trahitur,
2495 1357 2773 1428 ordinique
2793 1359 3102 1414 sacerdotali
3124 1361 3404 1430 deputatur
3418 1379 3618 1434 meque
3633 1363 3785 1416 enim

2228 1449 2580 1502 necessarium
2612 1460 2723 1504 erat
2747 1451 2888 1505 aliud
2912 1452 3179 1522 quidpiam
3208 1454 3304 1524 ipsi
3335 1455 3574 1519 tradere;
3601 1456 3788 1524 sicque

2226 1547 2404 1592 manet
2431 1539 2707 1594 duodecim
2750 1541 2976 1595 tribuum
3018 1557 3268 1598 numerus
3315 1557 3419 1598 non
3459 1544 3784 1598 imminutus.

2227 1628 2509 1684 Duodecim
2537 1645 2663 1702 ergo
2694 1631 2860 1687 tribus
2888 1633 2988 1688 alia
3017 1633 3192 1688 omnia
3222 1635 3478 1705 gerebant
3502 1653 3515 1689 :
3544 1636 3666 1690 Levi
3691 1652 3801 1689 au-

2228 1727 2330 1772 tem
2365 1720 2518 1774 tribui
2549 1722 2637 1775 uni
2677 1722 3021 1778 sacerdotalia
3063 1725 3240 1778 munia
3278 1725 3578 1780 concredita
3611 1735 3788 1780 erant.

2227 1808 2305 1862 Ex
2341 1811 2436 1864 hac
2461 1812 2598 1866 tribu
2628 1813 2834 1882 Moyses
2861 1822 2992 1868 erat.
3021 1813 3082 1868 Hi
3113 1829 3237 1884 ergo
3265 1813 3540 1869 duodecim
3568 1816 3790 1884 patriar-

2226 1900 2339 1954 cha:
2370 1901 2420 1954 in
2464 1902 2747 1972 Egyptum
2782 1902 2994 1972 profecti
3019 1944 3034 1969 ,
3069 1904 3281 1974 impleta
3314 1904 3405 1958 Dei
3439 1905 3792 1973 promissione

2224 1989 2528 2045 Abrahamo
2559 1993 2693 2047 facta
2714 2035 2730 2058 ,
2762 2009 2863 2062 qua
2891 1993 3182 2060 dicebatur,
3217 1993 3425 2047 Faciam
3455 2011 3622 2048 senten
3650 2005 3790 2048 tua»:

2225 2081 2350 2134 sicut
2373 2081 2545 2136 stellas
2567 2083 2696 2146 cwli,
2725 2093 3095 2138 sescentorum
3126 2084 3346 2138 millium
3372 2083 3519 2139 fuere
3550 2085 3792 2154 progeni-

2230 2181 2388 2225 tores.
2408 2172 2541 2226 Hinc
2557 2173 2859 2228 Judaeorum
2878 2189 3042 2244 genus
3066 2175 3405 2230 constitutum
3416 2181 3516 2237 est,
3531 2177 3672 2246 quod
3687 2188 3792 2227 no-

2229 2277 2348 2316 men
2376 2265 2577 2333 accepit
2604 2280 2634 2318 a
2665 2265 2798 2318 tribu
2829 2264 2963 2319 Juda
2989 2265 3223 2319 omnium
3253 2265 3515 2333 praacipua
3546 2273 3598 2318 et
3626 2264 3788 2332 regia,

2228 2355 2366 2407 umle
2396 2370 2546 2423 rcges
2565 2357 2733 2408 exorti
2757 2355 3111 2411 sunt.\'eteris
3128 2355 3282 2425 igitur
3303 2355 3625 2410 Testamenti
3650 2355 3792 2408 aliud

2228 2443 2437 2511 quidem
2469 2443 2774 2499 historicum
2805 2454 2884 2499 est
2909 2485 2924 2509 ,
2954 2443 3056 2500 hoc
3081 2459 3269 2514 nempe
3297 2445 3436 2514 quod
3459 2445 3571 2514 jam
3601 2458 3794 2498 recen-

2228 2535 2448 2588 suimus.
2479 2535 2606 2600 Quae
2633 2535 2698 2589 ad
2727 2535 2943 2590 consilia
2969 2536 3185 2590 moralia
3210 2535 3492 2604 pertinent,
3521 2543 3646 2589 sunt
3667 2534 3798 2587 Pro-

2226 2623 2425 2688 verbia,
2455 2623 2720 2692 Sapientia
2750 2624 2952 2690 Sirach,
2987 2624 3351 2689 Ecclesiastes,
3379 2624 3594 2680 Cantica
3623 2622 3796 2678 canti-

2228 2728 2429 2766 corum.
2466 2713 2838 2783 Propheticum
2869 2729 2996 2769 vero
3024 2724 3147 2770 sunt
3175 2714 3442 2770 sexdecim
3470 2713 3751 2783 Propheta:
3778 2752 3794 2775 ,

2229 2801 2368 2854 Ruth
2392 2803 2488 2872 (a),
2511 2814 2562 2857 et
2585 2804 2765 2858 David.
2789 2804 2882 2858 Ha:
2901 2819 3026 2859 vero
3046 2804 3250 2874 species
3268 2804 3472 2867 divisae,
3496 2804 3654 2858 etiam
3678 2817 3796 2871 per-

2229 2893 2431 2946 mixtim
2467 2895 2582 2947 alire
2610 2896 2661 2947 in
2691 2895 2808 2950 aliis
2841 2896 3194 2964 reperiuntur.
3230 2895 3470 2964 Exempli
3510 2909 3670 2949 causa
3693 2935 3708 2960 ,
3739 2893 3796 2948 in

2230 2979 2460 3036 historiis
2490 2983 2818 3052 pmphetiam
2843 2985 3077 3040 invenire
3105 2993 3186 3041 est
3209 3003 3220 3039 :
3243 2995 3298 3040 et
3324 2983 3607 3055 prophetas
3632 2984 3801 3040 histo-

2229 3072 2335 3125 rica
2366 3073 2527 3126 multa
2559 3088 2837 3129 recensere
2866 3074 3127 3139 audimus,
3159 3082 3316 3145 atque
3342 3075 3394 3130 in
3422 3074 3613 3130 horum
3644 3084 3799 3130 utro-

2228 3178 2329 3231 que
2355 3163 2570 3217 consilia
2594 3173 2648 3218 et
2668 3166 2864 3220 monita
2885 3165 3348 3234 deprehendimus,
3379 3181 3571 3236 nempe
3595 3168 3645 3220 in
3674 3181 3800 3235 pro-

2229 3253 2404 3322 phetia
2431 3262 2486 3308 et
2513 3255 2564 3308 in
2612 3254 2853 3310 historia.
2895 3255 3020 3311 Haec
3047 3258 3221 3311 omnia
3242 3297 3257 3324 ,
3291 3265 3347 3312 ut
3373 3256 3507 3319 dixi,
3538 3255 3604 3310 ad
3633 3271 3799 3310 unum

2226 3343 2548 3411 respiciunt,
2580 3358 2770 3413 nempe
2791 3343 2857 3398 ad
2883 3345 3208 3400 audientium
3234 3345 3660 3401 emendationem
3681 3386 3696 3410 ,
3728 3347 3800 3399 ita

2231 3442 2286 3485 ut
2311 3448 2374 3486 ex
2403 3433 2551 3502 prius
2576 3443 2841 3503 gestorum
2863 3437 3187 3504 narratione,
3213 3451 3276 3492 ex
3308 3437 3530 3491 consilio
3553 3438 3802 3491 admoni-

2231 3524 2567 3594 tioneque,et
2593 3541 2656 3579 ex
2689 3523 2965 3595 prophetia
2985 3525 3050 3580 ad
3071 3527 3123 3581 id
3147 3525 3287 3595 quod
3315 3525 3565 3582 decorum
3593 3535 3674 3581 est
3702 3540 3807 3581 nos

2227 3615 2625 3670 concinnemus.
2652 3615 2951 3686 Prophetiaa
2967 3630 3094 3673 vero
3110 3615 3237 3671 illud
3252 3617 3486 3672 maxime
3505 3631 3639 3687 opus
3658 3626 3801 3682 erat,

2228 3715 2285 3760 ut
2313 3707 2480 3760 futura
2505 3709 2903 3776 praenuntiaret,
2931 3721 3024 3762 seu
3053 3707 3189 3763 bona
3218 3723 3312 3762 seu
3337 3707 3471 3762 mala
3500 3718 3714 3772 essent;
3743 3718 3804 3763 ut

2225 3797 2358 3851 alios
2396 3797 2722 3850 attraherent
2744 3838 2757 3860 ,
2787 3797 2918 3853 alios
2957 3807 3101 3852 metu
3129 3812 3159 3852 a
3189 3797 3419 3868 nequitia
3463 3807 3798 3853 coercerent.

2225 3886 2322 3942 Est
2346 3895 2399 3940 et
2422 3885 2562 3939 aliud
2593 3886 2882 3955 prophetiae
2905 3901 3096 3956 genus,
3122 3901 3312 3956 nempe
3337 3901 3398 3941 ea
3423 3902 3541 3956 qua:
3561 3885 3626 3940 ad
3647 3886 3804 3940 Chri-

2227 3988 2367 4030 5tum
2395 3977 2659 4046 pertinent
2678 3978 2951 4033 vaticinari
2977 3993 2988 4031 :
3012 3979 3100 4034 ubi
3125 3987 3369 4034 accurate
3395 3986 3666 4044 tractatur,
3691 3994 3802 4032 non

2227 4066 2294 4121 de
2330 4066 2556 4121 adventu
2585 4067 2743 4124 modo
2765 4107 2781 4134 ,
2826 4067 2920 4123 sed
2949 4075 3004 4124 et
3029 4066 3095 4123 de
3126 4068 3190 4122 iis
3215 4083 3332 4138 qua
3359 4076 3479 4138 post
3506 4067 3804 4122 adventum

2228 4156 2458 4212 facturus
2487 4165 2600 4212 erat
2623 4197 2639 4225 ,
2669 4157 2736 4214 de
2763 4167 2949 4228 partu,
2982 4157 3050 4214 de
3079 4158 3378 4226 natalibus,
3406 4157 3472 4214 de
3497 4173 3656 4214 cruce
3680 4200 3695 4224 ,
3731 4159 3805 4212 dc

2226 4246 2518 4311 miraculis,
2541 4246 2608 4301 de
2636 4246 3014 4318 discipulorum
3033 4248 3317 4315 electione,
3345 4247 3412 4304 de
3430 4247 3581 4303 Novo
3606 4247 3803 4302 Testa-

2226 4344 2425 4398 mento,
2468 4335 2534 4390 de
2561 4337 2858 4392 cessatione
2893 4336 3229 4392 Judaicorum
3259 4337 3469 4402 rituum,
3493 4336 3558 4392 de
3584 4336 3806 4392 destru-

2229 4426 2404 4480 ctione
2441 4426 2818 4494 gentilitiorum
2843 4466 2858 4492 ,
2898 4425 2968 4480 de
3007 4425 3283 4482 nobilitate
3309 4425 3560 4481 Ecclesiae
3581 4465 3596 4491 ,
3625 4425 3810 4496 dequo

2228 4517 2348 4570 aliis
2372 4517 2616 4570 omnibus
2641 4514 3080 4585 subsequentibus
3107 4515 3285 4571 rebus.
3324 4515 3448 4571 Haec
3476 4515 3651 4571 omnia
3681 4515 3806 4570 cla-

2229 4607 2436 4661 rissime
2465 4615 2586 4660 ante
2614 4607 2839 4660 multum
2867 4616 3072 4676 tempus
3102 4605 3452 4676 praedixerant
3478 4605 3758 4678 propheta)
3785 4645 3808 4673 ,

2228 4697 2328 4751 alia
2356 4697 2553 4766 liguris,
2578 4696 2678 4750 alia
2705 4695 2899 4751 verbis.

2300 4785 2586 4854 Prophctia:
2615 4786 2727 4839 dua:
2753 4786 2959 4854 species,
2991 4801 3078 4855 per
3101 4802 3252 4856 opera
3274 4795 3321 4841 et
3349 4801 3436 4855 per
3462 4784 3624 4839 verba.
3655 4781 3807 4838 Pro-

2229 4877 2407 4945 pltctiw
2425 4886 2495 4930 est
2525 4893 2624 4929 non
2650 4875 2796 4928 modo
2823 4876 3009 4943 futura,
3034 4875 3122 4929 sed
3143 4876 3293 4929 etiam
3316 4875 3561 4943 prseterita
3576 4873 3810 4943 aperire.

2227 4995 2298 5006 —
2325 4966 2530 5021 Etenim
2555 4965 2659 5019 duo
2684 4972 2808 5019 sunt
2834 4964 3122 5034 prophetia:
3142 4979 3357 5034 genera,
3387 4971 3442 5018 et
3467 4961 3718 5033 operibus
3749 4972 3811 5016 et

2230 5058 2403 5112 verbis
2433 5058 2604 5112 futura
2644 5055 3000 5124 prtenuntiare
3033 5072 3046 5107 :
3086 5054 3262 5110 verbis
3303 5053 3549 5124 quidem,
3579 5059 3633 5106 ut
3671 5065 3811 5108 cum

2230 5163 2440 5204 crucem
2467 5147 2762 5218 significare
2787 5146 3045 5212 volentes,
3071 5145 3254 5200 dicunt
3277 5162 3290 5198 :
3319 5145 3460 5200 Sicut
3479 5142 3579 5198 ovis
3606 5141 3673 5194 ad
3703 5158 3814 5196 car-

2227 5240 2339 5291 dent
2365 5240 2540 5291 ductus
2569 5245 2640 5290 est
2661 5277 2676 5300 ,
2701 5245 2747 5288 et
2783 5236 2911 5288 sicut
2951 5252 3112 5306 agnus
3149 5251 3318 5288 coram
3345 5250 3401 5288 se
3426 5231 3652 5286 tondente
3693 5232 3815 5287 sine

2228 5347 2344 5384 voce
2373 5329 2538 5401 (Isai.
2569 5329 2655 5383 55.
2685 5329 2716 5382 7
2739 5328 2776 5396 ).
2804 5326 2918 5382 Hoc
2955 5327 3130 5398 itaque
3155 5327 3329 5382 verbis
3369 5325 3498 5394 ipsis
3523 5321 3814 5382 vaticinari

2292 5441 2364 5502 (a)
2400 5440 2517 5503 Ruth
2558 5440 2698 5503 inter_
2727 5437 3034 5503 propheticos
3071 5436 3221 5487 libros
3249 5435 3467 5503 fortasse
3490 5433 3815 5503 ponit.__guia

2226 5491 2370 5552 unius
2390 5500 2606 5549 mulieris
2631 5491 2829 5559 privataS
2868 5499 3064 5548 historia
3095 5512 3192 5546 non
3217 5497 3465 5559 videbatur
3491 5491 3628 5559 inter
3653 5491 3815 5559 lilii-os

2227 5576 2393 5613 sacros
2416 5554 2661 5610 act-enseri
2689 5573 2848 5621 posse,
2875 5562 2965 5608 nisi
2989 5572 3048 5608 ex
3088 5572 3148 5608 ea
3168 5554 3374 5621 muliere
3398 5557 3662 5621 nasciturus
3687 5554 3815 5606 fuis-

2227 5633 2303 5672 set
2328 5625 2557 5678 Christus,
2583 5621 2633 5679 id
2651 5616 2775 5686 quod
2809 5628 2878 5669 tot
2915 5628 3037 5686 ante
3067 5619 3256 5686 saeculis
3295 5619 3478 5686 nonnisi
3519 5616 3814 5686 prophetico

2231 5686 2341 5736 sciri
2363 5690 2577 5746 poterat;
2606 5679 2681 5732 vel
2709 5684 2827 5733 forte
2851 5681 2968 5732 Ruth
2993 5682 3072 5730 hic
3095 5679 3330 5730 mendose
3353 5679 3620 5742 it‘rcpscrit.
