4000 6220
161 373 270 430 315

161 480 333 531 ἐκεῐνο
376 480 430 532 al
460 481 728 533 Βασιλεῖαι
759 481 814 532 al
855 479 1132 548 τέσσαρες,
1179 478 1237 533 ύν
1265 475 1350 543 αἷς
1394 481 1460 532 τὰ
1489 483 1565 541 εἰς
1603 479 1690 531 τὸν

159 567 347 629 Σαοὺλ,
394 570 460 620 τὰ
486 573 561 630 εἰς
589 570 674 621 τὸν
704 570 879 632 Δαυῒδ,
911 571 974 622 τά
1017 572 1092 630 είς
1134 569 1444 636 Σολομῶντα
1485 569 1577 621 καὶ
1607 569 1693 619 τὸν

169 654 349 706 Ἠλίαν
377 659 466 707 καὶ
496 657 582 707 τὸν
629 657 938 718 Ἐλισσαῖον,
972 657 1061 708 καὶ
1093 656 1157 706 τὰ
1186 657 1342 724 μέχρι
1370 657 1466 722 τῆς
1490 657 1689 723 αἰχμα-

159 745 350 807 λωσίας
395 745 493 813 τῆς
540 748 617 807 είς
659 745 958 800 Βαϐυλῶνα.
995 747 1145 798 Μετά
1186 746 1240 796 δὲ
1284 746 1380 806 τάς
1428 745 1692 812 βασιλείας

161 835 408 903 Ἔσδρας.
463 835 671 904 Ἐπειδὴ
707 835 810 904 γάρ
859 836 1232 904 ἀπηνέχθησαν
1276 837 1352 896 εἰς
1404 835 1690 886 Βαϐυλῶνα

159 925 507 993 ἁμαρτόντες,
539 926 627 976 καὶ
654 925 1012 993 ἐϐδομήκοντα
1057 925 1148 992 ἐτη
1180 924 1478 976 διετέλεσαν
1507 925 1690 976 αὐτόοι

157 1011 509 1074 δουλεύοντες,
529 1014 557 1063 6
579 1012 704 1074 Θεὸς
744 1012 960 1080 ὕστερον
999 1012 1150 1072 ἵλεως
1177 1012 1352 1072 αὐτοῖς
1391 1011 1688 1079 γενόμενος,

165 1099 537 1168 παρεσκεύασε
570 1100 653 1151 τὸν
687 1099 861 1168 Κῦρον
908 1101 993 1150 τὸν
1034 1100 1148 1149 τότε
1197 1099 1413 1167 Περσῶν
1447 1099 1688 1166 βασιλεύ-

157 1204 304 1249 οντα,
341 1187 535 1256 Κῦρον,
584 1181 643 1238 οῦ
693 1187 788 1248 τὰς
841 1186 1078 1248 παιδείας
1112 1187 1378 1255 ἀνέγραψε
1427 1187 1687 1253 Ξενοφῶν,

159 1279 369 1344 ἀφεῖναι
407 1277 526 1337 τοὺς
571 1275 953 1344 αἰχμαλώτους.
986 1276 1090 1326 Kal
1123 1276 1363 1340 ἀφέντος,
1399 1276 1690 1342 ἐπανῆλθον

158 1364 451 1432 ἡγουμένου
501 1363 589 1415 τοῦ
650 1364 882 1432 Ἔσδρα,
928 1362 1017 1414 τοῦ
1073 1363 1338 1432 Νεεμίου,
1399 1365 1484 1415 τοῦ
1543 1367 1694 1434 Ζορο-

159 1453 344 1505 ϐάϐελ.
368 1453 477 1504 Kal
513 1452 608 1520 τὴν
645 1452 892 1504 ἐπάνοδον
911 1451 1111 1520 ταύτην
1142 1452 1334 1519 γράφει
1357 1455 1383 1503 6
1410 1453 1638 1520 Ἔσδρας
1673 1469 1684 1481 '

157 1543 231 1605 ὡς
261 1540 634 1602 ἐπανελθόντες
662 1543 726 1592 ἐκ
763 1541 1008 1610 δευτέρου
1040 1541 1127 1592 τὸν
1158 1540 1280 1593 ναὸν
1318 1543 1682 1612 ᾠκοδόμησαν,

159 1628 250 1679 καὶ
289 1628 384 1696 την
411 1627 559 1678 πόλιν
596 1626 910 1693 ἀνέστησαν.
945 1625 1050 1678 Kal
1083 1626 1266 1677 ἑκατὸν
1309 1627 1690 1696 διαγενομένων

159 1713 326 1774 ἐτῶν,
375 1712 530 1766 πάλιν
579 1712 805 1780 πόλεμος
850 1713 1040 1773 αὐτοὺς
1104 1711 1394 1765 κατέλαϐεν
1441 1715 1469 1765 6
1501 1715 1685 1766 Μακε-

155 1801 377 1864 δονικός.
430 1797 557 1852 Εἶτα
601 1801 669 1852 τά
716 1803 804 1852 ἐπὶ
845 1800 1106 1868 Ἀντιόχου
1156 1802 1346 1870 συνέϐη
1397 1802 1486 1854 τοῦ
1544 1803 1690 1854 Ἐπι-

159 1891 355 1958 φανοῦς
375 1929 389 1952 ,
431 1891 516 1941 ὅτε
539 1891 630 1941 καὶ
654 1890 775 1960 τρία
804 1888 897 1959 ἔτη
924 1891 1355 1960 πολιορκηθέντες
1391 1892 1479 1943 καὶ
1503 1893 1686 1960 ἦμισυ,

159 1980 339 2042 κακῶς
367 1979 639 2040 παθόντες,
686 1979 840 2031 πάλιν
888 1979 1268 2049 ἀπηλλάγησαν
1309 1980 1415 2030 τῶν
1456 1982 1690 2047 ἐπιγενο-

162 2068 334 2137 μένων
377 2067 586 2119 κακῶντ
614 2067 722 2119 Καὶ
767 2069 880 2136 μετ’
923 2069 1092 2119 ἐκεῖνο
1120 2067 1292 2132 ὀλίγου
1323 2068 1688 2136 διαγενομένου

158 2159 371 2228 χρόνου,
421 2158 633 2227 ἔρχεται
664 2159 690 2210 6
735 2157 996 2227 Χριστὸς,
1041 2157 1130 2209 καλ⁵
1172 2157 1318 2218 τέλος
1354 2157 1608 2225 λαμϐάνει
1657 2160 1689 2226 ή

159 2246 386 2297 Παλαιά.

229 2356 389 2408 Ὥστε
445 2355 500 2406 δέ
565 2355 748 2424 μαθεῖν
802 2354 961 2406 πόθεν
1017 2355 1238 2423 συνέστη
1307 2356 1365 2407 16
1432 2355 1690 2408 Ἰουδαίων

157 2447 332 2513 γένος,
360 2448 644 2512 ἀναγκαῖον
677 2445 825 2510 ὀλίγα
869 2447 1056 2496 εἰπεῖν.
1097 2445 1249 2497 Μετά
1284 2446 1370 2497 τὸν
1406 2446 1569 2512 ’Λδαμ
1600 2446 1690 2511 γέ·

158 2544 312 2600 γονεν
344 2537 372 2586 6
409 2535 533 2602 Σὴθ,
577 2530 693 2586 εἶτα
734 2533 916 2600 Ἑνὼχ,
960 2528 1074 2582 εἶτα
1118 2533 1288 2602 ἕτεροι
1319 2535 1474 2601 μέχρι
1519 2534 1690 2583 πλειὸ·

159 2643 263 2676 νων
288 2623 481 2690 γενεῶν
505 2638 518 2652 ·
553 2623 643 2674 καὶ
673 2622 791 2674 τότε
814 2625 840 2674 6
875 2623 1012 2684 Νῶε,
1041 2623 1122 2689 ἐφ’
1143 2616 1223 2684 οὗ,
1273 2620 1378 2671 τῶν
1403 2620 1690 2688 ἀηθρώπων

158 2710 554 2778 διαφθαρέντων
586 2707 688 2758 ὑπὸ
719 2708 930 2768 κακίας,
977 2707 1180 2770 γίνεται
1223 2707 1249 2756 6
1299 2703 1688 2768 κατακλυσμός.

157 2793 292 2849 Εἶτα
320 2793 412 2846 τοῦ
446 2792 818 2860 κατακλυσμοῦ
853 2791 1163 2853 πλυθέντος.
1211 2789 1432 2852 ἐξελθὼν
1467 2788 1568 2839 ἀπὸ
1598 2787 1692 2856 τῆἶ

159 2882 390 2936 κιϐωτοῦ
445 2883 595 2950 μόνος
644 2881 776 2950 μετά
826 2881 1023 2931 παίδων
1055 2879 1236 2948 τριῶν,
1286 2878 1542 2946 ἐνέπλησε
1598 2877 1691 2944 τὴν

158 2974 262 3040 γῆν
291 2975 352 3024 ἐκ
384 2973 478 3041 τῆς
508 2969 670 3022 αὑτοῦ
699 2971 900 3036 γενεᾶς,
938 2968 1073 3020 κατὰ
1095 2967 1333 3035 διαδοχὴν
1357 2966 1557 3018 πολλῶν
1606 2964 1691 3015 δν-

158 3076 266 3110 των
292 3059 394 3110 τῶν
417 3057 756 3125 τικτομένων.
800 3057 883 3115 Ὠς
919 3051 1008 3107 οὖν
1038 3055 1274 3122 ἐγένοντο
1315 3055 1511 3113 πολλοὶ,
1542 3054 1688 3104 ἐϐου-

158 3145 414 3200 λεύσαντο
465 3147 663 3215 πύργον
707 3145 1041 3213 οἰκοδομῆσαι
1070 3184 1082 3205 ,
1137 3144 1398 3211 φθάνοντα
1452 3143 1554 3202 ἓως
1599 3140 1690 3191 τοῦ

158 3235 408 3310 οὐρανοῦ.
437 3236 743 3301 Καταγνους
780 3234 833 3284 δὲ
876 3234 1044 3284 αὐτῶν
1081 3233 1172 3300 τὴν
1205 3232 1422 3300 γνώμην
1465 3233 1492 3281 6
1532 3232 1688 3292 Θεὸς,

162 3325 409 3394 συνέχεεν
442 3325 612 3376 αὐτῶν
627 3325 724 3385 τάς
749 3318 1113 3390 γλώσσας,καὶ
1133 3323 1226 3391 τὴν
1252 3321 1374 3390 μίαν
1396 3324 1472 3382 είς
1501 3321 1692 3382 πολλὰς

157 3413 420 3482 διέτεμεν.
444 3413 586 3481 [316]
604 3412 759 3464 Ὅθεν
781 3413 982 3479 ἀνάγκη
1000 3412 1212 3477 γέγονεν
1233 3409 1410 3470 αὐτοῖς
1426 3409 1519 3459 οὐκ
1537 3407 1693 3458 ἀκού-

157 3519 313 3554 ουσιν
334 3502 590 3568 ἀλλήλων,
628 3501 758 3569 μηδέ
783 3501 1086 3567 συνοικῆσαι
1127 3497 1366 3565 ἀλλήλοις
1392 3513 1405 3526 ·
1434 3496 1522 3547 καὶ
1558 3495 1690 3561 αὕτη

158 3592 349 3658 γέγονε
381 3591 640 3658 πρόφασις
670 3588 760 3640 τοῦ
804 3586 1069 3655 πανταχοῦ
1115 3585 1467 3655 διασπαρῆναι
1505 3583 1693 3642 αὐτοὺς

155 3680 257 3747 τῆς
291 3678 623 3745 οἰκουμένης.
647 3676 941 3740 Λέγεταιδέ
970 3678 1024 3726 ἐν
1042 3675 1208 3743 ταύτῃ
1230 3677 1292 3743 τῇ
1322 3671 1568 3740 συγχύσει
1589 3670 1691 3721 τῶν

155 3767 415 3836 γλωσσῶν
446 3769 474 3818 6
498 3765 658 3833 Ἔϐερ
686 3767 713 3815 6
742 3764 846 3814 τῶν
888 3763 1144 3814 Ἰουδαίων
1176 3763 1428 3829 πρόγονος
1461 3762 1532 3827 μὴ
1570 3759 1691 3827 βουο

157 3858 387 3927 ληθῆναι
431 3854 742 3920 κοινωνῆσαι
784 3853 877 3919 τῆς
927 3852 1306 3919 ἐπιχειρήσεως
1363 3849 1560 3909 αὐτοῖς,
1603 3848 1692 3897 καὶ

160 3950 324 4018 μόνος
380 3945 552 4013 μεῖναι
594 3939 856 4010 διατηρῶν
885 3939 978 4007 τὴν
1026 3939 1226 3989 οἰκείαν
1275 3937 1536 4001 γλῶσσαν,
1594 3934 1691 4000 τῆς

157 4036 454 4102 καλλίστης
488 4029 704 4100 γνώμης
745 4028 896 4082 τοῦτο
934 4026 1197 4095 τιμηθείς.
1242 4023 1436 4076 Τούτου
1481 4024 1691 4089 ἔγγονος

156 4122 401 4189 ἐγένετο,
428 4118 670 4188 ’Λϐραάμ
686 4133 696 4144 ·
720 4116 797 4166 διὸ
817 4115 906 4164 καὶ
931 4111 1188 4163 Ἰουδαίων
1203 4109 1413 4176 γλῶσσα
1439 4105 1690 4174 Ἑϐραῐκὴ

156 4210 457 4276 κέκληται,
513 4207 619 4258 ἀπὸ
651 4202 742 4256 τοῦ
784 4201 966 4268 Ἔϐερ.
1013 4198 1209 4250 Τούτου
1259 4195 1432 4248 τοίνυν
1482 4195 1691 4260 ἐγένετο

157 4275 377 4362 ἔγγονος
420 4288 782 4364 [’Ᾱϐραάμ],
819 4285 908 4339 τοῦ
971 4285 1213 4355 Ἀϐραάμ
1251 4295 1296 4345 ιι,
1359 4281 1537 4333 Ἰσαὰκ
1563 4319 1576 4342 ,
1632 4275 1688 4332 οὗ

169 4383 384 4438 Ἰακώϐ.
415 4374 575 4442 Οὗτος
601 4379 845 4445 ἐγέννησε
869 4376 988 4437 τους
1009 4375 1208 4426 δώδεκα
1233 4373 1582 4442 πατριάρχας,
1607 4370 1689 4421 τὸν

168 4473 442 4541 Ῥουϐἐιμ,
478 4471 564 4522 16v
598 4467 844 4536 Συμεὼν,
887 4466 974 4516 τὸν
1011 4467 1159 4527 Λευὶ,
1208 4464 1295 4515 τὸν
1353 4462 1564 4522 Ἰούδαν,
1605 4462 1690 4512 τὸν

167 4561 413 4628 Ἰσαχάρ,
456 4560 545 4610 τὸν
593 4555 887 4620 Ζαϐουλὼν,
924 4555 1011 4606 16v
1042 4552 1382 4621 Νεφθαλεὶμ,
1433 4553 1521 4603 τὸν
1566 4551 1686 4612 Γὰδ,

152 4651 244 4704 16v
269 4649 397 4708 Δάν,
426 4647 517 4697 τὸν
556 4647 737 4714 Ἀσὴρ,
761 4645 848 4696 τὸν
899 4643 1109 4711 Ἰωσὴφ,
1131 4641 1219 4693 τὸν
1257 4640 1525 4709 Βενιαμίν.
1560 4639 1690 4689 Τού-

151 4755 263 4789 των
293 4735 399 4786 τῶν
426 4733 611 4784 ἔνδεκα
639 4730 980 4801 πατριαρχῶν
1011 4727 1280 4796 ἐπώνυμοι
1327 4727 1603 4793 γεγόνασιν
1633 4727 1686 4776 al

157 4827 302 4897 μετά
330 4823 496 4875 ταῦτα
518 4821 694 4889 φυλαί.
723 4821 981 4880 Ἕκαστος
1020 4818 1124 4887 γὰρ
1152 4815 1319 4884 φυλὴν
1340 4815 1685 4882 άπεγέννησε,

151 4919 246 4970 καὶ
267 4915 320 4967 οἱ
343 4912 632 4980 τεχθέντες,
655 4910 746 4962 ἀπ’
766 4910 982 4960 ἐκείνων
1002 4907 1300 4959 ἐκαλοῦντο.
1343 4907 1480 4957 ’Λντὶ
1512 4909 1686 4974 μέντοι

148 5005 246 5059 τοῦ
297 5002 488 5072 Ἰωσὴφ
529 5000 625 5068 μία
680 4999 814 5067 φυλὴ
842 4998 1017 5049 οὐκέτι
1047 4999 1268 5063 γίνεται,
1309 4995 1439 5048 ἀλλά
1471 4997 1577 5048 δύο.
1615 4996 1684 5046 Οὐ

147 5097 260 5164 γάρ
289 5088 558 5160 ἠϐουλήθη
603 5089 632 5138 6
661 5088 836 5155 πατὴρ
881 5088 908 5137 6
932 5084 1024 5138 τοῦ
1074 5085 1263 5152 Ἰωσὴφ
1300 5085 1394 5152 μιᾷ
1425 5083 1559 5150 φυλῇ
1596 5085 1686 5133 gn-

145 5185 370 5252 ώνυμον
389 5179 546 5232 αὐτόν
579 5175 840 5243 γενέσθαι.
874 5175 937 5226 Τί
966 5171 1054 5226 οὖν
1093 5173 1329 5241 γίνεται;
1371 5172 1580 5240 Ἐπειδὴ
1608 5167 1685 5230 εἷς

143 5275 212 5346 ἦν
257 5277 288 5326 6
323 5271 510 5332 αὐτὸς,
556 5269 641 5318 ἵνα
687 5265 897 5326 διπλοῦς
947 5265 1165 5333 γένηται
1201 5264 1552 5331 πατριάρχης,
1597 5262 1685 5311 τὸν

157 5359 402 5432 Ἐφραῒμ
431 5355 627 5409 καὶτὸν
655 5352 906 5420 Μανασσῆ
935 5352 1055 5413 τοὺς
1085 5353 1229 5414 υίοὺς
1253 5350 1410 5405 αὑτοῦ
1433 5352 1553 5410 τοὺς
1572 5348 1681 5412 δύο,

207 5497 235 5526 ⁸
263 5494 356 5542 Hic
395 5490 618 5538 mendum
643 5500 749 5537 esse
769 5486 976 5532 videtur.
1012 5483 1289 5542 Legendum
1326 5486 1374 5532 ni
1408 5483 1559 5538 fallor,
1583 5483 1683 5540 ἐγέ-

142 5573 252 5604 νετο
302 5557 484 5613 ἔγγονος
525 5550 610 5598 Ἀϐ
639 5551 752 5604 αὰμ,
789 5545 870 5592 τοῦ
917 5543 1141 5612 Ἀϐρααμ,
1182 5545 1356 5591 Ἰσαάκ.
1386 5545 1684 5602 Quaproplcr

154 5617 375 5658 Ἀκοαάιι
396 5611 595 5658 primum
613 5565 744 5658 lnler
768 5608 961 5656 uncinos
986 5616 1244 5658 posmmus.
1271 5617 1330 5652 uc
1358 5606 1601 5652 videretur
1623 5615 1680 5650 cx

154 5606 375 5674 Ἀϐραάμ
396 5611 595 5670 primum
617 5606 744 5658 inter
768 5608 961 5656 uncinos
985 5606 1244 5662 posuimus.
1271 5617 1330 5652 uc
1358 5606 1601 5652 videretur
1623 5615 1680 5650 cx

142 5689 236 5724 ms.
252 5674 546 5722 desumlum.

1236 366 1561 422 SYNOPSIS
1592 364 1996 421 SCRIPTURKE
2036 366 2302 421 SACRAE.

3240 389 3352 444 316

1797 479 2015 542 τούτους
2033 480 2248 546 ἐποίησε
2267 479 2357 532 δύο
2377 479 2554 546 φυλῶν
2577 480 2821 546 γενέσθαι
2849 479 3158 550 ἐπωνύμους
3172 481 3222 544 δ,
3248 486 3340 536 καὶ

1797 569 1850 619 αί
1881 566 1970 618 δύο
1996 568 2154 634 φυλαὶ
2178 567 2251 635 τῷ
2292 569 2480 636 Ἰωσὴφ
2512 568 2822 633 ἐλογίζοντο.
2858 571 3015 620 Ὥστε
3051 569 3240 640 συνέϐη
3272 574 3335 623 ἐκ

1796 657 1978 708 τούτου
2029 657 2220 708 ἕνδεκα
2267 657 2324 724 (ί.
2380 656 2750 725 τρισκαίδεκα)
2807 655 2941 709 εἶναι
2997 658 3090 720 τὰς
3145 658 3331 725 φυλάς,

1796 745 1982 796 ἕνδεκα
2003 745 2097 804 τὰς
2123 743 2226 794 τῶν
2251 744 2438 803 ἄλλων,
2456 744 2543 794 δύο
2563 745 2653 805 τὰς
2677 747 2764 796 τοῦ
2794 748 2982 812 Ἰωσὴφ
3008 763 3097 806 τας
3121 746 3206 798 διά
3230 748 3336 800 τῶν

1797 833 2013 883 παίδων.
2051 831 2441 899 ’Υπεξαιρεῑται
2467 831 2602 899 ήτοῦ
2637 834 2783 892 Λευὶ,
2818 834 2904 884 καὶ
2934 834 3242 900 ἀφορίζεται
3267 837 3332 902 τῇ

1794 920 1938 984 τάξει
1971 922 2067 988 τῆς
2096 920 2386 989 ἱερωσύνης
2407 937 2418 949 ·
2439 920 2556 970 ούδέ
2588 921 2688 988 γὰρ
2718 918 2781 989 ἦν
2810 924 3101 988 ἀναγκαῖον
3126 924 3249 975 ἄλλο
3278 941 3330 974 τι

1799 1009 2198 1078 μεταχειρίσαι·
2246 1009 2337 1058 καὶ
2373 1009 2518 1076 μένει
2562 1008 2668 1058 τῶν
2700 1009 2896 1060 δώδεκα
2935 1011 2961 1058 ὁ
2992 1010 3216 1078 ἀριθμὸς
3259 1011 3333 1081 μὴ

1795 1097 2268 1168 ἀκρωτηριασθείς.
2301 1100 2361 1148 Al
2409 1099 2502 1165 μὲν
2533 1094 2622 1148 οὖν
2653 1098 2850 1149 δώδεκα
2891 1099 2956 1149 τά
2993 1099 3121 1150 ἄλλα
3161 1102 3333 1152 πάντα

1796 1186 2053 1253 ἔπραττον
2073 1200 2086 1212 '
2113 1187 2144 1252 ή
2165 1183 2220 1234 δὲ
2242 1184 2330 1234 τοῦ
2356 1185 2480 1235 Λευὶ
2503 1184 2564 1235 τά
2585 1184 2824 1253 ίερατικά
2845 1181 2908 1254 ἧν
2935 1187 3329 1255 ἐπιτεταγμένη

1799 1275 1948 1342 μόνη.
1989 1275 2080 1324 Ἐκ
2126 1273 2324 1340 ταύτης
2374 1269 2439 1340 ἦν
2484 1274 2511 1323 6
2557 1275 2808 1340 Μωῡσῆς.
2870 1269 3022 1326 Οὗτοι
3060 1277 3231 1326 τοίνυν
3276 1279 3325 1326 οί

1794 1361 1992 1413 δώδεκα
2021 1362 2343 1430 πατριάρχαι
2379 1362 2690 1422 ἀπελθόντες
2711 1365 2786 1424 εἰς
2815 1363 3092 1430 Αἴγυπτον,
3118 1367 3210 1433 τῆς
3239 1365 3326 1415 τοῦ

1794 1449 1922 1500 Θεοῦ
1946 1449 2266 1515 ἐπαγγελίας
2285 1451 2380 1517 τῆς
2403 1451 2535 1518 πρὸς
2561 1452 2662 1501 τὸν·
2686 1451 2928 1519 ’Λϐραάμ
2957 1452 3330 1521 πληρουμένης

1793 1539 1888 1604 τῆς
1919 1537 2193 1606 λεγούσης,
2218 1540 2447 1604 Ποιήσω
2465 1539 2529 1590 τὸ
2551 1540 2780 1607 σπέρμα
2811 1556 2921 1593 σου
2953 1542 3028 1604 ὡς
3053 1543 3121 1593 τὰ
3144 1541 3329 1607 ἄστρα

1793 1625 1896 1678 τοῦ
1915 1625 2184 1692 οίφανοῦ,
2203 1626 2485 1689 ἑξακοσίων
2513 1628 2758 1696 χιλιάδων
2787 1631 3024 1694 ἐγένοντο
3061 1632 3325 1699 πρόγονοι.

1806 1713 2073 1766 Ἐντεῦθεν
2100 1717 2160 1766 16
2183 1716 2287 1766 τῶν
2332 1716 2587 1767 Ἰουδαίων
2644 1718 2866 1785 συνέστη
2908 1719 3058 1784 γένος
3096 1720 3200 1770 άπὸ
3235 1720 3332 1786 τῆς

1808 1804 1969 1856 Ἰούδα
2014 1805 2182 1873 φυλῆς
2215 1805 2504 1873 ὀνομασθὲν
2545 1805 2641 1872 τῆς
2674 1805 3108 1875 βασιλικωτάτης,
3143 1807 3258 1858 ὅθεν
3282 1811 3329 1859 οί

1801 1891 2037 1961 βασιλεῖς
2069 1893 2133 1944 ἂν
2186 1893 2445 1958 ἐγένοντο.
2481 1893 2588 1959 Τῆς
2623 1889 2712 1945 οὖν
2736 1895 2970 1957 Παλαιᾶς
3002 1897 3113 1945 ἐστι
3143 1896 3201 1946 16
3232 1896 3326 1962 μὲν

1799 1981 2078 2050 ἱστορικὸν,
2107 1981 2257 2034 τοῦτο
2291 1983 2354 2052 δὴ
2391 1982 2417 2033 ὃ
2457 1984 2885 2052 προειρήκαμεν
2929 1983 2988 2035 16
3014 1985 3066 2035 δὲ
3104 1985 3331 2052 συμϐου-

1794 2069 2050 2132 λευτικδν,
2087 2070 2159 2133 ὡς
2203 2071 2262 2124 αἴ
2301 2088 2358 2122 τε
2406 2072 2730 2140 Παροιμίαι,
2783 2074 2874 2125 καὶ
2921 2075 2952 2143 ἡ
2992 2073 3082 2124 τοῦ
3133 2073 3326 2142 Σειράχ

1796 2161 1958 2229 Σοφία
1982 2199 1995 2222 ,
2037 2162 2125 2212 καὶ
2155 2163 2182 2212 6
2217 2161 2630 2230 Ἐκκλησιαστὴς
2655 2201 2668 2224 ,
2712 2166 2802 2214 καὶ
2845 2164 2912 2215 τά
2947 2164 3192 2232 ’ᾼσματα
3225 2163 3328 2215 τῶν

1795 2251 2076 2319 ᾀσμάτωνο
2120 2251 2180 2301 16
2219 2251 2272 2301 δὲ
2313 2253 2636 2319 προφητικὸν
2663 2291 2676 2313 ,
2729 2253 2800 2313 ὼς
2849 2255 2896 2304 οἱ
2951 2253 3136 2316 δεκαέξ
3188 2253 3329 2318 λέγω

1797 2340 2088 2407 Προφῆται,
2125 2341 2216 2390 καὶ
2270 2339 2453 2404 Ῥούθ,
2506 2342 2596 2392 καὶ
2633 2342 2805 2392 Δαυῖδ.
2855 2341 3014 2410 Εὖροι
3057 2343 3098 2393 δ’
3143 2343 3204 2393 ἀν
3247 2358 3328 2402 τις

1797 2428 1860 2476 τὰ
1894 2428 2002 2492 εἴδη
2037 2426 2201 2476 ταῦτα
2215 2429 2510 2495 διῃρημένα
2538 2427 2801 2495 ἁδρομερῆ
2829 2430 2883 2479 ἐν
2913 2429 3151 2496 ἀλλήλοις
3178 2429 3324 2480 ὄντα.

1796 2510 1916 2566 Οἶόν
1947 2531 1997 2564 τι
2029 2514 2187 2579 λέγω.
2222 2515 2279 2564 ἐν
2307 2517 2422 2574 ταῖς
2459 2515 2709 2583 ἱστορίαις
2737 2516 2880 2584 εὖροι
2925 2533 3005 2576 τις
3035 2516 3096 2567 ἃν
3125 2533 3328 2584 προφη-

1794 2604 1938 2654 τείαν
1959 2619 1970 2632 ο
2005 2603 2094 2654 καὶ
2126 2603 2229 2654 τῶν
2260 2603 2544 2672 προφητῶν
2581 2601 2854 2655 ἀκούσειεν
2901 2603 2965 2655 ἂν
2995 2602 3156 2654 πολλὰ
3192 2605 3328 2655 ιστο-

1801 2691 1922 2758 ρικά
1962 2691 2362 2758 διαλεγομένων.
2416 2691 2519 2741 Kal
2550 2693 2608 2742 16
2636 2693 2730 2760 τῆς
2772 2693 3071 2761 συμϐουλῆς
3108 2692 3162 2744 δὲ
3193 2691 3329 2754 εῖδος

1797 2785 1885 2834 καὶ
1905 2783 1961 2832 τὸ
1987 2782 2081 2848 τῆς
2108 2780 2484 2850 παραινέσεως,
2516 2783 2570 2832 ἐν
2593 2782 2827 2850 ἐκατέρῳ
2847 2781 3064 2843 τούτων,
3105 2781 3159 2832 ἔν
3180 2798 3236 2832 τε
3260 2785 3325 2850 τῇ

1798 2870 2110 2937 προφητείᾳ.
2141 2869 2196 2919 ἔν
2231 2885 2286 2920 τε
2318 2872 2380 2938 τῇ
2417 2869 2637 2936 ἱστορίᾳ.
2673 2869 2846 2919 Πάντα
2863 2868 2916 2919 δέ
2935 2867 3119 2930 ταῦτα,
3145 2867 3327 2938 ῶσπερ

1798 2955 1960 3024 ἔφθην
1987 2955 2169 3016 εἰπὼν,
2203 2959 2280 3016 εἰς
2307 2957 2362 3007 ἐν
2394 2957 2594 3024 βλέπει,
2617 2956 2712 3025 τὴν
2742 2955 2848 3007 τῶν
2869 2955 3161 3007 ἀκουόντων
3184 2956 3326 3024 διόρ-

1798 3047 1986 3106 θωσιν.
2022 3047 2156 3098 ὥστε
2186 3047 2277 3100 καὶ
2303 3047 2406 3098 ἀπὸ
2438 3045 2535 3112 τῆς
2574 3047 2678 3096 τῶν
2709 3044 2978 3114 προτέρων
3013 3045 3324 3112 διηγήσεως,

1798 3137 1889 3187 καὶ
1905 3137 2008 3186 ἀπὸ
2030 3134 2171 3204 [517]
2189 3137 2283 3201 τῆς
2307 3135 2601 3202 συμϐουλῆς
2618 3136 2706 3184 καὶ
2727 3133 2822 3199 τῆς
2840 3134 3218 3200 παραινέσεως,
3235 3132 3326 3182 καὶ

1797 3225 1901 3275 ἀπὸ
1926 3224 2020 3291 τῆς
2049 3223 2373 3290 προφητείας
2409 3222 2751 3288 ρυθμίζεσθαι
2775 3221 2907 3289 πρὸς
2939 3219 2997 3270 16
3028 3220 3158 3271 δέον.
3189 3222 3326 3289 Προ-

1798 3309 2016 3378 φητείας
2055 3309 2108 3360 δὲ
2151 3309 2301 3360 τοῦτο
2341 3307 2496 3373 ἔργον
2525 3307 2714 3374 μᾶλλον
2752 3302 2838 3373 ἦν,
2881 3306 2940 3356 16
2971 3306 3038 3356 τά
3071 3305 3326 3373 μέλλοντα

1798 3401 2210 3469 προαναφωνεῖν,
2227 3398 2332 3449 εἴτε
2354 3396 2581 3465 χρηστά,
2606 3397 2710 3446 εἴτε
2736 3395 2966 3462 λυπηρά,
2993 3396 3075 3446 ἵνα
3091 3396 3210 3456 τοὺς
3230 3394 3325 3462 μὲν

1797 3489 2228 3548 ἀποσπάσωνται,
2250 3488 2369 3548 τοὺς
2388 3487 2442 3536 δὲ
2469 3487 2543 3555 τῷ
2567 3486 2710 3554 φόϐῳ
2733 3486 2829 3553 τῆς
2854 3485 3042 3547 κακίας
3066 3484 3327 3553 ἀπείρξω-

1799 3595 1895 3629 σιν.
1936 3579 2082 3628 Ἔστι
2111 3577 2163 3628 δὲ
2193 3578 2281 3628 καὶ
2309 3577 2485 3646 ἔτερον
2519 3574 2841 3644 προφητείας
2872 3569 3098 3636 εἶδος-,τὸ
3117 3575 3183 3625 τά
3202 3576 3326 3643 περὶ

1795 3665 1885 3715 τοῦ
1920 3663 2146 3732 Χριστοῦ
2175 3662 2620 3731 προαναφωνῆσαι
2641 3677 2656 3692 -
2685 3660 2806 3710 ἔνθα
2833 3659 2946 3727 μετ’
2976 3658 3247 3726 ἀκριϐείας
3263 3660 3321 3710 ού

1798 3755 1921 3824 περὶ
1948 3754 2044 3821 τῆς
2070 3754 2361 3822 παρουσίας
2389 3754 2562 3821 μόνον,
2599 3750 2732 3802 ἀλλὰ
2767 3751 2859 3802 καὶ
2891 3750 3015 3819 περὶ
3041 3741 3114 3800 ῶν
3140 3748 3323 3817 ἔμελλε

1797 3843 2219 3912 παραγενόμενος
2258 3841 2528 3910 πράττειν,
2560 3840 2652 3890 καὶ
2695 3840 2820 3907 περὶ
2861 3839 2951 3889 τοῦ
3005 3838 3182 3900 τόκου,
3232 3837 3324 3888 καὶ

1796 3934 1919 4000 περὶ
1946 3934 2038 3999 τῆς
2065 3933 2377 3998 γεννήσεως,
2410 3929 2500 3979 καὶ
2524 3928 2647 3996 περὶ
2678 3927 2769 3977 τοῦ
2805 3927 3054 3995 σταυροῦ,
3087 3927 3178 3977 καὶ
3201 3928 3324 3993 περὶ

1793 4020 1897 4072 τῶν
1927 4019 2228 4087 θαυμάτων,
2258 4017 2349 4068 καὶ
2379 4016 2619 4085 περὶτῆς
2654 4015 2759 4066 τῶν
2800 4013 3048 4083 μαθητῶν
3077 4013 3320 4082 ἐκλογῆς,

1796 4124 1916 4174 περι
1940 4109 2034 4174 τῆς
2063 4105 2262 4173 Καινῆς
2298 4104 2582 4171 Διαθήκης,
2621 4103 2746 4170 περὶ⁹
2793 4103 2888 4170 τῆς
2937 4100 3180 4163 παύσεως
3215 4102 3322 4152 τῶν

1808 4195 2121 4256 Ἰουδαῐκῶν,
2147 4196 2235 4246 καὶ
2255 4193 2379 4262 περὶ
2403 4192 2492 4243 τοῦ
2522 4191 2824 4260 ἀφανισμοῦ
2843 4191 2946 4242 τῶν
2987 4191 3319 4258 Ἑλληνικῶν,

1795 4285 1884 4335 καὶ
1913 4285 2036 4352 περὶ
2054 4286 2149 4351 τῆς
2176 4282 2445 4348 εὐγενείας
2469 4282 2567 4348 τῆς
2594 4283 2730 4333 κατά
2749 4282 2844 4350 τὴν
2872 4281 3207 4349 Ἐκκλησίαν,
3231 4284 3321 4334 καὶ

1795 4374 1920 4442 περὶ
1953 4373 2057 4424 τῶν
2103 4371 2272 4424 ἄλλων
2323 4371 2568 4422 ἁπάντων
2595 4371 2700 4423 τῶν
2733 4371 2961 4438 καθεξῆς
2988 4370 3151 4422 όντων
3187 4387 3323 4438 πρα-

1793 4467 2030 4534 γμάτων.
2060 4462 2238 4514 Ταῦτα
2268 4462 2438 4513 πάντα
2481 4462 2612 4530 μετά
2654 4462 2941 4530 σαφηνείας
2977 4461 3188 4528 ἁπάσης
3219 4461 3320 4528 πρὸ

1793 4554 1982 4608 πολλοῦ
2017 4553 2107 4605 τοῦ
2150 4555 2334 4622 χρόνου
2371 4553 2819 4620 προανεφώνησαν
2845 4551 2893 4601 οἱ
2931 4550 3220 4618 προφῆται,
3252 4551 3320 4602 τὰ

1795 4645 1891 4714 μὲν
1915 4644 1998 4696 διὰ
2019 4643 2216 4705 τύπων,
2249 4643 2312 4693 τὰ
2339 4641 2393 4693 δὲ
2417 4641 2504 4692 διὰ
2532 4642 2802 4708 ῥημάτων.

1863 4735 1968 4786 Kal
1993 4733 2096 4802 γὰρ
2127 4731 2216 4784 δύο
2245 4730 2568 4800 προφητείας
2601 4729 2730 4797 εἴδη,
2767 4731 2860 4782 καὶ
2903 4731 2988 4782 διὰ
3023 4730 3192 4799 ἔργων
3231 4731 3320 4782 καὶ

1791 4827 1876 4880 διὰ
1902 4827 2068 4892 λόγων
2091 4823 2483 4891 προαναφωνεῖν
2504 4820 2569 4870 τὰ
2599 4818 2850 4889 μέλλοντα
2870 4836 2881 4847 ·
2903 4820 2985 4870 διὰ
3006 4820 3172 4886 λόγων
3201 4819 3316 4888 μὲν,

1791 4918 1863 4978 ὡς
1887 4918 2012 4968 ὅταν
2035 4913 2122 4965 τὸν
2141 4910 2360 4979 σταυρὸν
2393 4907 2694 4977 βουλόμενοι
2723 4910 2912 4969 είπεῖν,
2933 4907 3157 4973 λέγωσιν
3175 4925 3188 4937 ο
3229 4907 3318 4970 Ὠς

1791 5006 2074 5072 πρόϐατον
2105 5001 2195 5050 ἐπὶ
2226 4998 2464 5066 σφαγὴν·
2490 4997 2665 5062 ἤχθη,
2703 4997 2798 5048 καὶ
2840 4997 2918 5060 ὠς
2944 4996 3126 5064 ἀμνὸς
3153 4997 3318 5047 ἐναν.

1789 5096 1915 5146 τίον
1935 5091 2036 5144 τοῦ
2067 5105 2360 5156 κειροντος
2407 5085 2589 5138 αὑτὸν
2618 5084 2867 5153 ἄφωνος.
2897 5084 3061 5136 Τοῦτο
3103 5083 3198 5152 μὲν
3227 5079 3316 5136 οὖν

1849 5303 1877 5342 b
1901 5301 2075 5350 "omil.
2103 5299 2128 5344 7
2152 5299 2383 5345 adversus
2409 5299 2615 5346 Juda-os.
2641 5304 2752 5346 lnm.
2779 5299 2817 5354 Ῐ,
2836 5313 2882 5358 p.
2907 5299 2994 5345 663
3020 5320 3028 5343 :
3056 5300 3316 5352 Μανασσῆς

1788 5367 1867 5409 καὶ
1901 5363 2095 5422 Ἐφραὶμ
2115 5360 2202 5422 δύο
2229 5359 2362 5422 φυλαὶ
2398 5361 2636 5422 γεγόνασιν
2679 5360 2921 5422 έπῶ-ιυμοι.
2960 5358 3224 5422 L'hiuSuvil.
3267 5362 3319 5402 cl.

1789 5418 2116 5480 aliquot'mse.
2156 5419 2237 5464 δύο
2275 5421 2427 5477 φυλῶν
2452 5419 2628 5480 habent.
2649 5425 2697 5463 el
2726 5418 2920 5463 fnrlassu
2964 5419 3169 5462 melius:
3211 5428 3317 5462 nam

1789 5479 1892 5530 cum
1915 5483 1998 5528 hac
2020 5479 2223 5537 Synopqi
2251 5484 2480 5524 consonat
2505 5479 2604 5523 hare
2625 5483 2870 5537 postremu_
2890 5479 3043 5537 lectio:

1792 5581 1799 5589 .
1855 5544 1876 5571 ο
1907 5542 1975 5590 Dc
2003 5532 2136 5585 ΜειἸο
2156 5532 2342 5583 ἱΙυοὺυις
2381 5532 2649 5596 ιποιιιιςδιὶεὲξ
2689 5533 2948 5596 κρυ-(Ἧι)ιῆ
2982 5535 3181 5596 imptum
3210 5532 3317 5596 fere

1789 5603 1902 5648 dicit
1926 5600 1998 5645 δι).
2024 5593 2392 5657 (ἶὴνγδοειοηιυέ
2429 5593 2479 5642 [ᾗ
2513 5594 2570 5652 ll,
2615 5593 2817 5642 Humilia
2843 5595 2870 5640 (3
2908 5599 2968 5643 de
3003 5593 3318 5653 l’ti‘uilenlh,

1791 5676 1838 5723 ιτ.
1860 5660 1962 5719 δας,
1988 5659 2045 5706 D.
