  <div class='ocr_page' id='page_1' title='image "/cluster/home/n/w/nwhite01/storage/ocr_20150623/56/nnc1.0114695758/307.png"; bbox 0 0 4000 6220; ppageno 0'>
   <div class='ocr_carea' id='block_1_1' title="bbox 647 368 756 421">
    <p class='ocr_par' dir='ltr' id='par_1_1' title="bbox 647 368 756 421">
     <span class='ocr_line' id='line_1_1' title="bbox 647 368 756 421; baseline 0 -1"><span class='ocrx_word' id='word_1_1' title='bbox 647 368 756 421; x_wconf 87' lang='grc'>317</span> 
     </span>
    </p>
   </div>
   <div class='ocr_carea' id='block_1_2' title="bbox 644 458 2184 534">
    <p class='ocr_par' dir='ltr' id='par_1_2' title="bbox 644 458 2184 534">
     <span class='ocr_line' id='line_1_2' title="bbox 644 458 2184 534; baseline -0.003 -18"><span class='ocrx_word' id='word_1_2' title='bbox 644 464 732 516; x_wconf 78' lang='grc' dir='ltr'>διὰ</span> <span class='ocrx_word' id='word_1_3' title='bbox 773 464 940 530; x_wconf 89' lang='grc' dir='ltr'>λόγων</span> <span class='ocrx_word' id='word_1_4' title='bbox 979 458 1117 518; x_wconf 77' lang='grc' dir='ltr'>εἷλον</span> <span class='ocrx_word' id='word_1_5' title='bbox 1163 464 1563 534; x_wconf 81' lang='grc' dir='ltr'>προφητεῦσαι·</span> <span class='ocrx_word' id='word_1_6' title='bbox 1611 464 1676 517; x_wconf 85' lang='grc' dir='ltr'>δι’</span> <span class='ocrx_word' id='word_1_7' title='bbox 1722 465 1894 534; x_wconf 77' lang='grc' dir='ltr'>ἔργων</span> <span class='ocrx_word' id='word_1_8' title='bbox 1938 464 2012 528; x_wconf 76' lang='grc' dir='ltr'>δὲ,</span> <span class='ocrx_word' id='word_1_9' title='bbox 2059 464 2184 515; x_wconf 82' lang='grc' dir='ltr'>ὅταν</span> 
     </span>
    </p>
   </div>
   <div class='ocr_carea' id='block_1_3' title="bbox 660 557 2188 629">
    <p class='ocr_par' dir='ltr' id='par_1_3' title="bbox 660 557 2188 629">
     <span class='ocr_line' id='line_1_3' title="bbox 660 557 2188 629; baseline 0.001 -20"><span class='ocrx_word' id='word_1_10' title='bbox 660 557 904 626; x_wconf 78' lang='grc' dir='ltr'>Ἀϐραὰμ</span> <span class='ocrx_word' id='word_1_11' title='bbox 931 559 1182 626; x_wconf 85' lang='grc' dir='ltr'>φαίνηται</span> <span class='ocrx_word' id='word_1_12' title='bbox 1205 558 1293 610; x_wconf 83' lang='grc' dir='ltr'>τὸν</span> <span class='ocrx_word' id='word_1_13' title='bbox 1317 557 1427 610; x_wconf 82' lang='grc' dir='ltr'>υἰόν</span> <span class='ocrx_word' id='word_1_14' title='bbox 1452 558 1752 629; x_wconf 79' lang='grc' dir='ltr'>ἀναφέρων,</span> <span class='ocrx_word' id='word_1_15' title='bbox 1789 560 1879 611; x_wconf 79' lang='grc' dir='ltr'>καὶ</span> <span class='ocrx_word' id='word_1_16' title='bbox 1905 559 1995 611; x_wconf 81' lang='grc' dir='ltr'>τὸν</span> <span class='ocrx_word' id='word_1_17' title='bbox 2038 559 2188 627; x_wconf 85' lang='grc' dir='ltr'>κριὸν</span> 
     </span>
    </p>
   </div>
   <div class='ocr_carea' id='block_1_4' title="bbox 643 651 2188 723">
    <p class='ocr_par' dir='ltr' id='par_1_4' title="bbox 643 651 2188 723">
     <span class='ocr_line' id='line_1_4' title="bbox 643 651 2188 723; baseline 0.001 -20"><span class='ocrx_word' id='word_1_18' title='bbox 643 651 1053 717; x_wconf 84' lang='grc' dir='ltr'>κατασφάττων.</span> <span class='ocrx_word' id='word_1_19' title='bbox 1108 652 1203 703; x_wconf 75' lang='grc' dir='ltr'>Δια</span> <span class='ocrx_word' id='word_1_20' title='bbox 1250 653 1356 723; x_wconf 86' lang='grc' dir='ltr'>γὰρ</span> <span class='ocrx_word' id='word_1_21' title='bbox 1408 654 1514 706; x_wconf 89' lang='grc' dir='ltr'>τῶν</span> <span class='ocrx_word' id='word_1_22' title='bbox 1563 655 1896 723; x_wconf 82' lang='grc' dir='ltr'>πραγμάτων</span> <span class='ocrx_word' id='word_1_23' title='bbox 1955 669 2188 723; x_wconf 86' lang='grc' dir='ltr'>προανα-</span> 
     </span>
    </p>
   </div>
   <div class='ocr_carea' id='block_1_5' title="bbox 640 747 2188 818">
    <p class='ocr_par' dir='ltr' id='par_1_5' title="bbox 640 747 2188 818">
     <span class='ocr_line' id='line_1_5' title="bbox 640 747 2188 818; baseline 0.003 -22"><span class='ocrx_word' id='word_1_24' title='bbox 640 748 799 797; x_wconf 89' lang='grc' dir='ltr'>τυποῖ</span> <span class='ocrx_word' id='word_1_25' title='bbox 839 747 930 798; x_wconf 79' lang='grc' dir='ltr'>τοῦ</span> <span class='ocrx_word' id='word_1_26' title='bbox 982 749 1207 816; x_wconf 81' lang='grc' dir='ltr'>σταυροῦ</span> <span class='ocrx_word' id='word_1_27' title='bbox 1250 750 1344 818; x_wconf 85' lang='grc' dir='ltr'>τὴν</span> <span class='ocrx_word' id='word_1_28' title='bbox 1388 749 1584 811; x_wconf 83' lang='grc' dir='ltr'>εἰκόνα,</span> <span class='ocrx_word' id='word_1_29' title='bbox 1623 750 1716 800; x_wconf 74' lang='grc' dir='ltr'>καὶ</span> <span class='ocrx_word' id='word_1_30' title='bbox 1767 749 1863 817; x_wconf 82' lang='grc' dir='ltr'>τὴν</span> <span class='ocrx_word' id='word_1_31' title='bbox 1911 751 2047 818; x_wconf 77' lang='grc' dir='ltr'>ὑπὲρ</span> <span class='ocrx_word' id='word_1_32' title='bbox 2091 749 2188 817; x_wconf 88' lang='grc' dir='ltr'>τῆς</span> 
     </span>
    </p>
   </div>
   <div class='ocr_carea' id='block_1_6' title="bbox 641 841 2185 912">
    <p class='ocr_par' dir='ltr' id='par_1_6' title="bbox 641 841 2185 912">
     <span class='ocr_line' id='line_1_6' title="bbox 641 841 2185 912; baseline 0.002 -22"><span class='ocrx_word' id='word_1_33' title='bbox 641 841 963 910; x_wconf 84' lang='grc' dir='ltr'>οἰκουμένης</span> <span class='ocrx_word' id='word_1_34' title='bbox 1006 843 1263 911; x_wconf 77' lang='grc' dir='ltr'>ἐσομένην</span> <span class='ocrx_word' id='word_1_35' title='bbox 1303 845 1529 912; x_wconf 84' lang='grc' dir='ltr'>σφαγήν.</span> <span class='ocrx_word' id='word_1_36' title='bbox 1572 843 1681 895; x_wconf 77' lang='grc' dir='ltr'>Καὶ</span> <span class='ocrx_word' id='word_1_37' title='bbox 1727 843 1952 906; x_wconf 78' lang='grc' dir='ltr'>πολλοὺς</span> <span class='ocrx_word' id='word_1_38' title='bbox 1992 844 2055 896; x_wconf 82' lang='grc' dir='ltr'>ἄν</span> <span class='ocrx_word' id='word_1_39' title='bbox 2103 860 2185 905; x_wconf 90' lang='grc' dir='ltr'>τις</span> 
     </span>
    </p>
   </div>
   <div class='ocr_carea' id='block_1_7' title="bbox 641 933 2184 1007">
    <p class='ocr_par' dir='ltr' id='par_1_7' title="bbox 641 933 2184 1007">
     <span class='ocr_line' id='line_1_7' title="bbox 641 933 2184 1007; baseline 0.003 -23"><span class='ocrx_word' id='word_1_40' title='bbox 641 933 789 1001; x_wconf 77' lang='grc' dir='ltr'>εὖροι</span> <span class='ocrx_word' id='word_1_41' title='bbox 819 934 1085 997; x_wconf 81' lang='grc' dir='ltr'>τοιούτους</span> <span class='ocrx_word' id='word_1_42' title='bbox 1102 936 1296 998; x_wconf 81' lang='grc' dir='ltr'>τύπους</span> <span class='ocrx_word' id='word_1_43' title='bbox 1326 939 1380 988; x_wconf 80' lang='grc' dir='ltr'>ἐν</span> <span class='ocrx_word' id='word_1_44' title='bbox 1396 939 1458 1005; x_wconf 83' lang='grc' dir='ltr'>τῇ</span> <span class='ocrx_word' id='word_1_45' title='bbox 1485 937 1710 1006; x_wconf 76' lang='grc' dir='ltr'>Παλαιᾷ,</span> <span class='ocrx_word' id='word_1_46' title='bbox 1742 941 1833 990; x_wconf 88' lang='grc' dir='ltr'>καί</span> <span class='ocrx_word' id='word_1_47' title='bbox 1855 938 2184 1007; x_wconf 74' lang='grc' dir='ltr'>προφητείας</span> 
     </span>
    </p>
   </div>
   <div class='ocr_carea' id='block_1_8' title="bbox 640 1028 2182 1103">
    <p class='ocr_par' dir='ltr' id='par_1_8' title="bbox 640 1028 2182 1103">
     <span class='ocr_line' id='line_1_8' title="bbox 640 1028 2182 1103; baseline 0.003 -24"><span class='ocrx_word' id='word_1_48' title='bbox 640 1028 727 1080; x_wconf 84' lang='grc' dir='ltr'>διὰ</span> <span class='ocrx_word' id='word_1_49' title='bbox 779 1028 1133 1098; x_wconf 81' lang='grc' dir='ltr'>πραγμάτων.</span> <span class='ocrx_word' id='word_1_50' title='bbox 1182 1031 1254 1082; x_wconf 75' lang='grc' dir='ltr'>Οὐ</span> <span class='ocrx_word' id='word_1_51' title='bbox 1308 1031 1465 1098; x_wconf 89' lang='grc' dir='ltr'>μόνον</span> <span class='ocrx_word' id='word_1_52' title='bbox 1515 1031 1570 1082; x_wconf 82' lang='grc' dir='ltr'>δὲ</span> <span class='ocrx_word' id='word_1_53' title='bbox 1619 1031 1685 1082; x_wconf 88' lang='grc' dir='ltr'>τά</span> <span class='ocrx_word' id='word_1_54' title='bbox 1747 1033 2001 1101; x_wconf 88' lang='grc' dir='ltr'>μέλλοντα</span> <span class='ocrx_word' id='word_1_55' title='bbox 2049 1050 2182 1103; x_wconf 86' lang='grc' dir='ltr'>προ-</span> 
     </span>
    </p>
   </div>
   <div class='ocr_carea' id='block_1_9' title="bbox 640 1123 2182 1199">
    <p class='ocr_par' dir='ltr' id='par_1_9' title="bbox 640 1123 2182 1199">
     <span class='ocr_line' id='line_1_9' title="bbox 640 1123 2182 1199; baseline 0.005 -25"><span class='ocrx_word' id='word_1_56' title='bbox 640 1123 865 1191; x_wconf 89' lang='grc' dir='ltr'>φητείας</span> <span class='ocrx_word' id='word_1_57' title='bbox 891 1125 1032 1178; x_wconf 72' lang='grc' dir='ltr'>ἐστιν</span> <span class='ocrx_word' id='word_1_58' title='bbox 1071 1129 1260 1186; x_wconf 86' lang='grc' dir='ltr'>εἰπεῖν,</span> <span class='ocrx_word' id='word_1_59' title='bbox 1285 1125 1416 1178; x_wconf 79' lang='grc' dir='ltr'>ἀλλά</span> <span class='ocrx_word' id='word_1_60' title='bbox 1447 1125 1540 1176; x_wconf 73' lang='grc' dir='ltr'>καὶ</span> <span class='ocrx_word' id='word_1_61' title='bbox 1564 1125 1631 1177; x_wconf 89' lang='grc' dir='ltr'>τά</span> <span class='ocrx_word' id='word_1_62' title='bbox 1669 1129 2017 1196; x_wconf 79' lang='grc' dir='ltr'>παρελθόντα,</span> <span class='ocrx_word' id='word_1_63' title='bbox 2051 1130 2182 1199; x_wconf 71' lang='grc' dir='ltr'>ὅπερ</span> 
     </span>
    </p>
   </div>
   <div class='ocr_carea' id='block_1_10' title="bbox 642 1219 2180 1293">
    <p class='ocr_par' dir='ltr' id='par_1_10' title="bbox 642 1219 2180 1293">
     <span class='ocr_line' id='line_1_10' title="bbox 642 1219 2180 1293; baseline 0.004 -24"><span class='ocrx_word' id='word_1_64' title='bbox 642 1219 836 1285; x_wconf 83' lang='grc' dir='ltr'>μᾶλλόν</span> <span class='ocrx_word' id='word_1_65' title='bbox 864 1219 976 1270; x_wconf 76' lang='grc' dir='ltr'>ἐστι</span> <span class='ocrx_word' id='word_1_66' title='bbox 1006 1219 1152 1288; x_wconf 85' lang='grc' dir='ltr'>παρά</span> <span class='ocrx_word' id='word_1_67' title='bbox 1179 1220 1402 1289; x_wconf 83' lang='grc' dir='ltr'>Μωῦσῇ.</span> <span class='ocrx_word' id='word_1_68' title='bbox 1443 1219 1609 1274; x_wconf 86' lang='grc' dir='ltr'>Ὅταν</span> <span class='ocrx_word' id='word_1_69' title='bbox 1656 1221 1763 1291; x_wconf 83' lang='grc' dir='ltr'>γὰρ</span> <span class='ocrx_word' id='word_1_70' title='bbox 1797 1224 1923 1293; x_wconf 68' lang='grc' dir='ltr'>περὶ</span> <span class='ocrx_word' id='word_1_71' title='bbox 1955 1223 2180 1293; x_wconf 70' lang='grc' dir='ltr'>ούρανοῦ</span> 
     </span>
    </p>
   </div>
   <div class='ocr_carea' id='block_1_11' title="bbox 638 1313 2182 1388">
    <p class='ocr_par' dir='ltr' id='par_1_11' title="bbox 638 1313 2182 1388">
     <span class='ocr_line' id='line_1_11' title="bbox 638 1313 2182 1388; baseline 0.003 -25"><span class='ocrx_word' id='word_1_72' title='bbox 638 1314 729 1364; x_wconf 74' lang='grc' dir='ltr'>καὶ</span> <span class='ocrx_word' id='word_1_73' title='bbox 751 1313 850 1382; x_wconf 80' lang='grc' dir='ltr'>γῆς</span> <span class='ocrx_word' id='word_1_74' title='bbox 873 1313 1197 1382; x_wconf 82' lang='grc' dir='ltr'>διαλέγηται,</span> <span class='ocrx_word' id='word_1_75' title='bbox 1219 1315 1548 1384; x_wconf 80' lang='grc' dir='ltr'>παρελθόντα</span> <span class='ocrx_word' id='word_1_76' title='bbox 1579 1317 1675 1385; x_wconf 76' lang='grc' dir='ltr'>μὲν</span> <span class='ocrx_word' id='word_1_77' title='bbox 1708 1317 1854 1385; x_wconf 85' lang='grc' dir='ltr'>λέγει</span> <span class='ocrx_word' id='word_1_78' title='bbox 1884 1320 2182 1388; x_wconf 88' lang='grc' dir='ltr'>πράγματα</span> 
     </span>
    </p>
   </div>
   <div class='ocr_carea' id='block_1_12' title="bbox 638 1407 2182 1481">
    <p class='ocr_par' dir='ltr' id='par_1_12' title="bbox 638 1407 2182 1481">
     <span class='ocr_line' id='line_1_12' title="bbox 638 1407 2182 1481; baseline 0.003 -23"><span class='ocrx_word' id='word_1_79' title='bbox 638 1407 729 1459; x_wconf 80' lang='grc' dir='ltr'>καὶ</span> <span class='ocrx_word' id='word_1_80' title='bbox 762 1408 1110 1477; x_wconf 84' lang='grc' dir='ltr'>κεκρυμμένα</span> <span class='ocrx_word' id='word_1_81' title='bbox 1143 1409 1219 1479; x_wconf 82' lang='grc' dir='ltr'>τῷ</span> <span class='ocrx_word' id='word_1_82' title='bbox 1235 1410 1432 1480; x_wconf 86' lang='grc' dir='ltr'>χρόνῳ,</span> <span class='ocrx_word' id='word_1_83' title='bbox 1456 1413 1758 1481; x_wconf 79' lang='grc' dir='ltr'>προφητεία</span> <span class='ocrx_word' id='word_1_84' title='bbox 1783 1413 1837 1465; x_wconf 83' lang='grc' dir='ltr'>δὲ</span> <span class='ocrx_word' id='word_1_85' title='bbox 1865 1413 2001 1464; x_wconf 83' lang='grc' dir='ltr'>αύτά</span> <span class='ocrx_word' id='word_1_86' title='bbox 2020 1413 2182 1481; x_wconf 80' lang='grc' dir='ltr'>φθέγ·</span> 
     </span>
    </p>
   </div>
   <div class='ocr_carea' id='block_1_13' title="bbox 635 1502 2179 1577">
    <p class='ocr_par' dir='ltr' id='par_1_13' title="bbox 635 1502 2179 1577">
     <span class='ocr_line' id='line_1_13' title="bbox 635 1502 2179 1577; baseline 0.005 -25"><span class='ocrx_word' id='word_1_87' title='bbox 635 1516 809 1566; x_wconf 88' lang='grc' dir='ltr'>γεται.</span> <span class='ocrx_word' id='word_1_88' title='bbox 839 1502 1048 1572; x_wconf 82' lang='grc' dir='ltr'>Ὠσπερ</span> <span class='ocrx_word' id='word_1_89' title='bbox 1068 1504 1174 1574; x_wconf 87' lang='grc' dir='ltr'>γάρ</span> <span class='ocrx_word' id='word_1_90' title='bbox 1198 1503 1268 1556; x_wconf 89' lang='grc' dir='ltr'>τά</span> <span class='ocrx_word' id='word_1_91' title='bbox 1297 1505 1516 1575; x_wconf 87' lang='grc' dir='ltr'>μηδέπω</span> <span class='ocrx_word' id='word_1_92' title='bbox 1578 1507 1856 1576; x_wconf 89' lang='grc' dir='ltr'>γενόμενα,</span> <span class='ocrx_word' id='word_1_93' title='bbox 1893 1509 1982 1560; x_wconf 80' lang='grc' dir='ltr'>καὶ</span> <span class='ocrx_word' id='word_1_94' title='bbox 2003 1509 2179 1577; x_wconf 81' lang='grc' dir='ltr'>ἀφανῆ</span> 
     </span>
    </p>
   </div>
   <div class='ocr_carea' id='block_1_14' title="bbox 635 1594 2181 1670">
    <p class='ocr_par' dir='ltr' id='par_1_14' title="bbox 635 1594 2181 1670">
     <span class='ocr_line' id='line_1_14' title="bbox 635 1594 2181 1670; baseline 0.005 -24"><span class='ocrx_word' id='word_1_95' title='bbox 635 1594 714 1646; x_wconf 71' lang='grc' dir='ltr'>ἔτι</span> <span class='ocrx_word' id='word_1_96' title='bbox 745 1597 1096 1665; x_wconf 85' lang='grc' dir='ltr'>τυγχάνοντα,</span> <span class='ocrx_word' id='word_1_97' title='bbox 1147 1600 1481 1670; x_wconf 76' lang='grc' dir='ltr'>προφητείας</span> <span class='ocrx_word' id='word_1_98' title='bbox 1531 1601 1675 1654; x_wconf 77' lang='grc' dir='ltr'>ἐστὶν</span> <span class='ocrx_word' id='word_1_99' title='bbox 1702 1604 1892 1666; x_wconf 87' lang='grc' dir='ltr'>εἰπεῖν,</span> <span class='ocrx_word' id='word_1_100' title='bbox 1925 1603 2064 1655; x_wconf 80' lang='grc' dir='ltr'>οὕτω</span> <span class='ocrx_word' id='word_1_101' title='bbox 2112 1602 2181 1654; x_wconf 89' lang='grc' dir='ltr'>τά</span> 
     </span>
    </p>
   </div>
   <div class='ocr_carea' id='block_1_15' title="bbox 635 1690 2181 1766">
    <p class='ocr_par' dir='ltr' id='par_1_15' title="bbox 635 1690 2181 1766">
     <span class='ocr_line' id='line_1_15' title="bbox 635 1690 2181 1766; baseline 0.004 -24"><span class='ocrx_word' id='word_1_102' title='bbox 635 1690 896 1759; x_wconf 84' lang='grc' dir='ltr'>γενόμενα</span> <span class='ocrx_word' id='word_1_103' title='bbox 943 1692 1076 1760; x_wconf 83' lang='grc' dir='ltr'>μὲν,</span> <span class='ocrx_word' id='word_1_104' title='bbox 1135 1696 1483 1764; x_wconf 86' lang='grc' dir='ltr'>κεκρυμμένα</span> <span class='ocrx_word' id='word_1_105' title='bbox 1528 1695 1582 1748; x_wconf 80' lang='grc' dir='ltr'>δὲ</span> <span class='ocrx_word' id='word_1_106' title='bbox 1630 1697 1708 1765; x_wconf 84' lang='grc' dir='ltr'>τῷ</span> <span class='ocrx_word' id='word_1_107' title='bbox 1756 1699 1962 1766; x_wconf 82' lang='grc' dir='ltr'>χρόνῳ,</span> <span class='ocrx_word' id='word_1_108' title='bbox 2014 1699 2181 1751; x_wconf 83' lang='grc' dir='ltr'>ταῦτα</span> 
     </span>
    </p>
   </div>
   <div class='ocr_carea' id='block_1_16' title="bbox 633 1785 2180 1863">
    <p class='ocr_par' dir='ltr' id='par_1_16' title="bbox 633 1785 2180 1863">
     <span class='ocr_line' id='line_1_16' title="bbox 633 1785 2180 1863; baseline 0.006 -26"><span class='ocrx_word' id='word_1_109' title='bbox 633 1785 972 1853; x_wconf 81' lang='grc' dir='ltr'>ἀνακαλύψαι</span> <span class='ocrx_word' id='word_1_110' title='bbox 1006 1787 1098 1838; x_wconf 76' lang='grc' dir='ltr'>καὶ</span> <span class='ocrx_word' id='word_1_111' title='bbox 1131 1789 1208 1849; x_wconf 87' lang='grc' dir='ltr'>εἰς</span> <span class='ocrx_word' id='word_1_112' title='bbox 1239 1787 1397 1856; x_wconf 88' lang='grc' dir='ltr'>μέσον</span> <span class='ocrx_word' id='word_1_113' title='bbox 1422 1790 1647 1856; x_wconf 77' lang='grc' dir='ltr'>ἀγαγεῖν</span> <span class='ocrx_word' id='word_1_114' title='bbox 1676 1795 1772 1860; x_wconf 83' lang='grc' dir='ltr'>τῆς</span> <span class='ocrx_word' id='word_1_115' title='bbox 1807 1793 1924 1862; x_wconf 86' lang='grc' dir='ltr'>ῐσης</span> <span class='ocrx_word' id='word_1_116' title='bbox 1966 1796 2180 1863; x_wconf 85' lang='grc' dir='ltr'>χάριτός</span> 
     </span>
    </p>
   </div>
   <div class='ocr_carea' id='block_1_17' title="bbox 637 1883 2176 1956">
    <p class='ocr_par' dir='ltr' id='par_1_17' title="bbox 637 1883 2176 1956">
     <span class='ocr_line' id='line_1_17' title="bbox 637 1883 2176 1956; baseline 0.006 -23"><span class='ocrx_word' id='word_1_117' title='bbox 637 1883 801 1936; x_wconf 79' lang='grc' dir='ltr'>ἐστιν.</span> <span class='ocrx_word' id='word_1_118' title='bbox 830 1883 982 1934; x_wconf 86' lang='grc' dir='ltr'>Ἔστι</span> <span class='ocrx_word' id='word_1_119' title='bbox 1011 1883 1067 1935; x_wconf 81' lang='grc' dir='ltr'>δὲ</span> <span class='ocrx_word' id='word_1_120' title='bbox 1100 1885 1194 1937; x_wconf 76' lang='grc' dir='ltr'>καὶ</span> <span class='ocrx_word' id='word_1_121' title='bbox 1242 1884 1310 1937; x_wconf 83' lang='grc' dir='ltr'>τὰ</span> <span class='ocrx_word' id='word_1_122' title='bbox 1343 1885 1582 1953; x_wconf 88' lang='grc' dir='ltr'>παρόντα</span> <span class='ocrx_word' id='word_1_123' title='bbox 1613 1888 1942 1956; x_wconf 76' lang='grc' dir='ltr'>προφητείας</span> <span class='ocrx_word' id='word_1_124' title='bbox 1986 1892 2176 1953; x_wconf 83' lang='grc' dir='ltr'>εἰπεῖν,</span> 
     </span>
    </p>
   </div>
   <div class='ocr_carea' id='block_1_18' title="bbox 634 1977 2178 2050">
    <p class='ocr_par' dir='ltr' id='par_1_18' title="bbox 634 1977 2178 2050">
     <span class='ocr_line' id='line_1_18' title="bbox 634 1977 2178 2050; baseline 0.005 -22"><span class='ocrx_word' id='word_1_125' title='bbox 634 1977 760 2030; x_wconf 78' lang='grc' dir='ltr'>ὅταν</span> <span class='ocrx_word' id='word_1_126' title='bbox 807 1995 859 2030; x_wconf 87' lang='grc' dir='ltr'>τι</span> <span class='ocrx_word' id='word_1_127' title='bbox 906 1978 1122 2048; x_wconf 88' lang='grc' dir='ltr'>γίνηται</span> <span class='ocrx_word' id='word_1_128' title='bbox 1171 1979 1287 2044; x_wconf 83' lang='grc' dir='ltr'>μὲν,</span> <span class='ocrx_word' id='word_1_129' title='bbox 1320 1981 1628 2050; x_wconf 83' lang='grc' dir='ltr'>κρύπτηται</span> <span class='ocrx_word' id='word_1_130' title='bbox 1657 1981 1734 2044; x_wconf 84' lang='grc' dir='ltr'>δὲ,</span> <span class='ocrx_word' id='word_1_131' title='bbox 1785 1978 1893 2035; x_wconf 74' lang='grc' dir='ltr'>οἷον</span> <span class='ocrx_word' id='word_1_132' title='bbox 1942 1984 2033 2035; x_wconf 78' lang='grc' dir='ltr'>ἐπὶ</span> <span class='ocrx_word' id='word_1_133' title='bbox 2086 1983 2178 2036; x_wconf 78' lang='grc' dir='ltr'>τοῦ</span> 
     </span>
    </p>
   </div>
   <div class='ocr_carea' id='block_1_19' title="bbox 647 2073 2180 2150">
    <p class='ocr_par' dir='ltr' id='par_1_19' title="bbox 647 2073 2180 2150">
     <span class='ocr_line' id='line_1_19' title="bbox 647 2073 2180 2150; baseline 0.007 -28"><span class='ocrx_word' id='word_1_134' title='bbox 647 2073 882 2125; x_wconf 79' lang='grc' dir='ltr'>’Δνανίου</span> <span class='ocrx_word' id='word_1_135' title='bbox 906 2073 1115 2141; x_wconf 74' lang='grc' dir='ltr'>καὶτῆς</span> <span class='ocrx_word' id='word_1_136' title='bbox 1140 2074 1469 2144; x_wconf 86' lang='grc' dir='ltr'>Σαπφείρης.</span> <span class='ocrx_word' id='word_1_137' title='bbox 1524 2077 1668 2128; x_wconf 85' lang='grc' dir='ltr'>Ἐκεῖ</span> <span class='ocrx_word' id='word_1_138' title='bbox 1711 2077 1818 2146; x_wconf 82' lang='grc' dir='ltr'>γὰρ</span> <span class='ocrx_word' id='word_1_139' title='bbox 1860 2077 1980 2131; x_wconf 77' lang='grc' dir='ltr'>οὔτε</span> <span class='ocrx_word' id='word_1_140' title='bbox 2041 2097 2180 2150; x_wconf 85' lang='grc' dir='ltr'>παρ-</span> 
     </span>
    </p>
   </div>
   <div class='ocr_carea' id='block_1_20' title="bbox 633 2163 2177 2241">
    <p class='ocr_par' dir='ltr' id='par_1_20' title="bbox 633 2163 2177 2241">
     <span class='ocr_line' id='line_1_20' title="bbox 633 2163 2177 2241; baseline 0.006 -24"><span class='ocrx_word' id='word_1_141' title='bbox 633 2165 805 2226; x_wconf 76' lang='grc' dir='ltr'>ελθὸν,</span> <span class='ocrx_word' id='word_1_142' title='bbox 864 2165 984 2218; x_wconf 76' lang='grc' dir='ltr'>οὔτε</span> <span class='ocrx_word' id='word_1_143' title='bbox 1021 2167 1209 2235; x_wconf 82' lang='grc' dir='ltr'>μέλλον</span> <span class='ocrx_word' id='word_1_144' title='bbox 1241 2163 1325 2237; x_wconf 78' lang='grc' dir='ltr'>ἦν,</span> <span class='ocrx_word' id='word_1_145' title='bbox 1363 2168 1492 2220; x_wconf 84' lang='grc' dir='ltr'>ἀλλά</span> <span class='ocrx_word' id='word_1_146' title='bbox 1518 2170 1684 2240; x_wconf 72' lang='grc' dir='ltr'>παρὸν</span> <span class='ocrx_word' id='word_1_147' title='bbox 1735 2173 1851 2240; x_wconf 82' lang='grc' dir='ltr'>μὲν,</span> <span class='ocrx_word' id='word_1_148' title='bbox 1881 2172 2071 2241; x_wconf 79' lang='grc' dir='ltr'>ἄδηλον</span> <span class='ocrx_word' id='word_1_149' title='bbox 2099 2174 2177 2226; x_wconf 88' lang='grc' dir='ltr'>δέ.</span> 
     </span>
    </p>
   </div>
   <div class='ocr_carea' id='block_1_21' title="bbox 643 2259 2178 2335">
    <p class='ocr_par' dir='ltr' id='par_1_21' title="bbox 643 2259 2178 2335">
     <span class='ocr_line' id='line_1_21' title="bbox 643 2259 2178 2335; baseline 0.007 -23"><span class='ocrx_word' id='word_1_150' title='bbox 643 2259 701 2312; x_wconf 86' lang='grc' dir='ltr'>Ὀ</span> <span class='ocrx_word' id='word_1_151' title='bbox 744 2260 919 2314; x_wconf 87' lang='grc' dir='ltr'>τοίνυν</span> <span class='ocrx_word' id='word_1_152' title='bbox 970 2263 1170 2332; x_wconf 87' lang='grc' dir='ltr'>Πέτρος</span> <span class='ocrx_word' id='word_1_153' title='bbox 1220 2265 1520 2333; x_wconf 74' lang='grc' dir='ltr'>προφητείᾳ</span> <span class='ocrx_word' id='word_1_154' title='bbox 1552 2265 1686 2317; x_wconf 77' lang='grc' dir='ltr'>αὑτά</span> <span class='ocrx_word' id='word_1_155' title='bbox 1723 2267 2051 2335; x_wconf 71' lang='grc' dir='ltr'>ἐκκαλύψας,</span> <span class='ocrx_word' id='word_1_156' title='bbox 2100 2271 2178 2333; x_wconf 83' lang='grc' dir='ltr'>εἰς</span> 
     </span>
    </p>
   </div>
   <div class='ocr_carea' id='block_1_22' title="bbox 634 2355 2178 2427">
    <p class='ocr_par' dir='ltr' id='par_1_22' title="bbox 634 2355 2178 2427">
     <span class='ocr_line' id='line_1_22' title="bbox 634 2355 2178 2427; baseline 0.006 -21"><span class='ocrx_word' id='word_1_157' title='bbox 634 2355 795 2425; x_wconf 85' lang='grc' dir='ltr'>μέσον</span> <span class='ocrx_word' id='word_1_158' title='bbox 847 2356 988 2422; x_wconf 82' lang='grc' dir='ltr'>ἀγει.</span> <span class='ocrx_word' id='word_1_159' title='bbox 1025 2356 1132 2409; x_wconf 76' lang='grc' dir='ltr'>Καὶ</span> <span class='ocrx_word' id='word_1_160' title='bbox 1177 2356 1242 2408; x_wconf 75' lang='grc' dir='ltr'>τὰ</span> <span class='ocrx_word' id='word_1_161' title='bbox 1301 2359 1399 2427; x_wconf 83' lang='grc' dir='ltr'>μὲν</span> <span class='ocrx_word' id='word_1_162' title='bbox 1436 2361 1534 2427; x_wconf 89' lang='grc' dir='ltr'>τῆς</span> <span class='ocrx_word' id='word_1_163' title='bbox 1577 2360 1812 2422; x_wconf 82' lang='grc' dir='ltr'>Παλαιᾶς</span> <span class='ocrx_word' id='word_1_164' title='bbox 1835 2403 1848 2425; x_wconf 97' lang='grc'>,</span> <span class='ocrx_word' id='word_1_165' title='bbox 1893 2362 1965 2424; x_wconf 79' lang='grc' dir='ltr'>ὡς</span> <span class='ocrx_word' id='word_1_166' title='bbox 2001 2363 2066 2414; x_wconf 79' lang='grc' dir='ltr'>ἄν</span> <span class='ocrx_word' id='word_1_167' title='bbox 2097 2380 2178 2426; x_wconf 89' lang='grc' dir='ltr'>τις</span> 
     </span>
    </p>
   </div>
   <div class='ocr_carea' id='block_1_23' title="bbox 631 2449 2178 2524">
    <p class='ocr_par' dir='ltr' id='par_1_23' title="bbox 631 2449 2178 2524">
     <span class='ocr_line' id='line_1_23' title="bbox 631 2449 2178 2524; baseline 0.004 -22"><span class='ocrx_word' id='word_1_168' title='bbox 631 2449 944 2521; x_wconf 85' lang='grc' dir='ltr'>ἀδρομερῶς</span> <span class='ocrx_word' id='word_1_169' title='bbox 993 2451 1154 2516; x_wconf 87' lang='grc' dir='ltr'>εῐποι,</span> <span class='ocrx_word' id='word_1_170' title='bbox 1204 2451 1390 2505; x_wconf 75' lang='grc' dir='ltr'>ταῦτα.</span> <span class='ocrx_word' id='word_1_171' title='bbox 1448 2454 1568 2505; x_wconf 72' lang='grc' dir='ltr'>Ἐπὶ</span> <span class='ocrx_word' id='word_1_172' title='bbox 1615 2454 1671 2505; x_wconf 77' lang='grc' dir='ltr'>δὲ</span> <span class='ocrx_word' id='word_1_173' title='bbox 1715 2457 1812 2523; x_wconf 85' lang='grc' dir='ltr'>τῆς</span> <span class='ocrx_word' id='word_1_174' title='bbox 1861 2457 2063 2524; x_wconf 81' lang='grc' dir='ltr'>Καινῆς</span> <span class='ocrx_word' id='word_1_175' title='bbox 2111 2457 2178 2510; x_wconf 81' lang='grc' dir='ltr'>τὰ</span> 
     </span>
    </p>
   </div>
   <div class='ocr_carea' id='block_1_24' title="bbox 630 2544 2251 2624">
    <p class='ocr_par' dir='ltr' id='par_1_24' title="bbox 630 2544 2251 2624">
     <span class='ocr_line' id='line_1_24' title="bbox 630 2544 2251 2624; baseline 0.004 -29"><span class='ocrx_word' id='word_1_176' title='bbox 630 2544 686 2595; x_wconf 76' lang='grc' dir='ltr'>ὲν</span> <span class='ocrx_word' id='word_1_177' title='bbox 718 2548 783 2614; x_wconf 76' lang='grc' dir='ltr'>τῇ</span> <span class='ocrx_word' id='word_1_178' title='bbox 811 2545 1018 2615; x_wconf 83' lang='grc' dir='ltr'>Παλαιᾷ</span> <span class='ocrx_word' id='word_1_179' title='bbox 1045 2548 1451 2615; x_wconf 77' lang='grc' dir='ltr'>αἰνιγματωδῶς</span> <span class='ocrx_word' id='word_1_180' title='bbox 1474 2550 1758 2618; x_wconf 84' lang='grc' dir='ltr'>εἰρημένα,</span> <span class='ocrx_word' id='word_1_181' title='bbox 1791 2549 1958 2602; x_wconf 81' lang='grc' dir='ltr'>ταῦτα</span> <span class='ocrx_word' id='word_1_182' title='bbox 1980 2550 2180 2603; x_wconf 81' lang='grc' dir='ltr'>δείκνυ·</span> <span class='ocrx_word' id='word_1_183' title='bbox 2243 2613 2251 2624; x_wconf 16' lang='grc' dir='ltr'>γ</span> 
     </span>
    </p>
   </div>
   <div class='ocr_carea' id='block_1_25' title="bbox 629 2639 2178 2713">
    <p class='ocr_par' dir='ltr' id='par_1_25' title="bbox 629 2639 2178 2713">
     <span class='ocr_line' id='line_1_25' title="bbox 629 2639 2178 2713; baseline 0.004 -24"><span class='ocrx_word' id='word_1_184' title='bbox 629 2654 718 2691; x_wconf 83' lang='grc' dir='ltr'>ται</span> <span class='ocrx_word' id='word_1_185' title='bbox 740 2675 755 2699; x_wconf 85' lang='grc'>,</span> <span class='ocrx_word' id='word_1_186' title='bbox 799 2639 895 2702; x_wconf 80' lang='grc' dir='ltr'>τὰς</span> <span class='ocrx_word' id='word_1_187' title='bbox 922 2641 1250 2709; x_wconf 82' lang='grc' dir='ltr'>προφητείας</span> <span class='ocrx_word' id='word_1_188' title='bbox 1275 2641 1416 2708; x_wconf 86' lang='grc' dir='ltr'>λέγω</span> <span class='ocrx_word' id='word_1_189' title='bbox 1464 2642 1559 2703; x_wconf 87' lang='grc' dir='ltr'>τὰς</span> <span class='ocrx_word' id='word_1_190' title='bbox 1584 2643 1666 2694; x_wconf 74' lang='grc' dir='ltr'>διὰ</span> <span class='ocrx_word' id='word_1_191' title='bbox 1699 2642 1804 2694; x_wconf 87' lang='grc' dir='ltr'>τῶν</span> <span class='ocrx_word' id='word_1_192' title='bbox 1833 2644 2004 2713; x_wconf 75' lang='grc' dir='ltr'>ἔργων</span> <span class='ocrx_word' id='word_1_193' title='bbox 2041 2661 2178 2713; x_wconf 89' lang='grc' dir='ltr'>μαρ-</span> 
     </span>
    </p>
   </div>
   <div class='ocr_carea' id='block_1_26' title="bbox 629 2733 2173 2809">
    <p class='ocr_par' dir='ltr' id='par_1_26' title="bbox 629 2733 2173 2809">
     <span class='ocr_line' id='line_1_26' title="bbox 629 2733 2173 2809; baseline 0.004 -25"><span class='ocrx_word' id='word_1_194' title='bbox 629 2733 976 2803; x_wconf 81' lang='grc' dir='ltr'>τυρουμένας,</span> <span class='ocrx_word' id='word_1_195' title='bbox 1011 2735 1107 2805; x_wconf 80' lang='grc' dir='ltr'>τὴν</span> <span class='ocrx_word' id='word_1_196' title='bbox 1126 2736 1232 2787; x_wconf 89' lang='grc' dir='ltr'>τῶν</span> <span class='ocrx_word' id='word_1_197' title='bbox 1260 2738 1499 2806; x_wconf 83' lang='grc' dir='ltr'>οὐρανῶν</span> <span class='ocrx_word' id='word_1_198' title='bbox 1549 2738 1853 2809; x_wconf 84' lang='grc' dir='ltr'>ἁπτομένην</span> <span class='ocrx_word' id='word_1_199' title='bbox 1885 2739 2173 2801; x_wconf 86' lang='grc' dir='ltr'>πολιτείαν,</span> 
     </span>
    </p>
   </div>
   <div class='ocr_carea' id='block_1_27' title="bbox 627 2828 2174 2901">
    <p class='ocr_par' dir='ltr' id='par_1_27' title="bbox 627 2828 2174 2901">
     <span class='ocr_line' id='line_1_27' title="bbox 627 2828 2174 2901; baseline 0.007 -25"><span class='ocrx_word' id='word_1_200' title='bbox 627 2828 695 2879; x_wconf 89' lang='grc' dir='ltr'>τά</span> <span class='ocrx_word' id='word_1_201' title='bbox 721 2828 1003 2898; x_wconf 74' lang='grc' dir='ltr'>ἀπόρρητα</span> <span class='ocrx_word' id='word_1_202' title='bbox 1018 2828 1124 2880; x_wconf 90' lang='grc' dir='ltr'>τῶν</span> <span class='ocrx_word' id='word_1_203' title='bbox 1143 2829 1437 2896; x_wconf 86' lang='grc' dir='ltr'>μελλόντων</span> <span class='ocrx_word' id='word_1_204' title='bbox 1453 2831 1650 2896; x_wconf 77' lang='grc' dir='ltr'>ἀγαθὰ,</span> <span class='ocrx_word' id='word_1_205' title='bbox 1671 2832 1736 2884; x_wconf 80' lang='lat' dir='ltr'>&quot;A</span> <span class='ocrx_word' id='word_1_206' title='bbox 1751 2835 2050 2901; x_wconf 69' lang='grc' dir='ltr'>ὀφθαλμός</span> <span class='ocrx_word' id='word_1_207' title='bbox 2065 2837 2174 2886; x_wconf 87' lang='grc' dir='ltr'>οὐκ</span> 
     </span>
    </p>
   </div>
   <div class='ocr_carea' id='block_1_28' title="bbox 629 2917 2174 2994">
    <p class='ocr_par' dir='ltr' id='par_1_28' title="bbox 629 2917 2174 2994">
     <span class='ocr_line' id='line_1_28' title="bbox 629 2917 2174 2994; baseline 0.005 -22"><span class='ocrx_word' id='word_1_208' title='bbox 629 2917 767 2984; x_wconf 79' lang='grc' dir='ltr'>εἶδε,</span> <span class='ocrx_word' id='word_1_209' title='bbox 781 2921 878 2973; x_wconf 81' lang='grc' dir='ltr'>καὶ</span> <span class='ocrx_word' id='word_1_210' title='bbox 892 2918 996 2985; x_wconf 87' lang='grc' dir='ltr'>οὖς</span> <span class='ocrx_word' id='word_1_211' title='bbox 1012 2925 1118 2975; x_wconf 83' lang='grc' dir='ltr'>οὐκ</span> <span class='ocrx_word' id='word_1_212' title='bbox 1135 2922 1373 2990; x_wconf 75' lang='grc' dir='ltr'>ἢκουσε,</span> <span class='ocrx_word' id='word_1_213' title='bbox 1390 2924 1484 2975; x_wconf 79' lang='grc' dir='ltr'>καὶ</span> <span class='ocrx_word' id='word_1_214' title='bbox 1500 2924 1594 2976; x_wconf 75' lang='grc' dir='ltr'>ἐπὶ</span> <span class='ocrx_word' id='word_1_215' title='bbox 1611 2925 1856 2991; x_wconf 83' lang='grc' dir='ltr'>καρδίαν</span> <span class='ocrx_word' id='word_1_216' title='bbox 1869 2928 2174 2994; x_wconf 73' lang='grc' dir='ltr'>ἀνθρώπου</span> 
     </span>
    </p>
   </div>
   <div class='ocr_carea' id='block_1_29' title="bbox 631 3014 2174 3090">
    <p class='ocr_par' dir='ltr' id='par_1_29' title="bbox 631 3014 2174 3090">
     <span class='ocr_line' id='line_1_29' title="bbox 631 3014 2174 3090; baseline 0.005 -25"><span class='ocrx_word' id='word_1_217' title='bbox 631 3015 738 3066; x_wconf 81' lang='grc' dir='ltr'>οὐκ</span> <span class='ocrx_word' id='word_1_218' title='bbox 767 3014 967 3080; x_wconf 81' lang='grc' dir='ltr'>ἀνέϐη.</span> <span class='ocrx_word' id='word_1_219' title='bbox 988 3015 1373 3084; x_wconf 81' lang='grc' dir='ltr'>Παραλαϐοὖσα</span> <span class='ocrx_word' id='word_1_220' title='bbox 1412 3015 1517 3086; x_wconf 85' lang='grc' dir='ltr'>γὰρ</span> <span class='ocrx_word' id='word_1_221' title='bbox 1551 3018 1637 3068; x_wconf 90' lang='grc' dir='ltr'>τὸν</span> <span class='ocrx_word' id='word_1_222' title='bbox 1668 3019 1945 3088; x_wconf 84' lang='grc' dir='ltr'>ἄνθρωπον</span> <span class='ocrx_word' id='word_1_223' title='bbox 1975 3021 2058 3071; x_wconf 76' lang='grc' dir='ltr'>διὰ</span> <span class='ocrx_word' id='word_1_224' title='bbox 2079 3022 2174 3090; x_wconf 91' lang='grc' dir='ltr'>τῆς</span> 
     </span>
    </p>
   </div>
   <div class='ocr_carea' id='block_1_30' title="bbox 633 3109 2176 3184">
    <p class='ocr_par' dir='ltr' id='par_1_30' title="bbox 633 3109 2176 3184">
     <span class='ocr_line' id='line_1_30' title="bbox 633 3109 2176 3184; baseline 0.006 -26"><span class='ocrx_word' id='word_1_225' title='bbox 633 3109 869 3171; x_wconf 81' lang='grc' dir='ltr'>ῐΙαλαιᾶς</span> <span class='ocrx_word' id='word_1_226' title='bbox 899 3112 930 3178; x_wconf 82' lang='grc' dir='ltr'><strong>ὴ</strong></span> <span class='ocrx_word' id='word_1_227' title='bbox 965 3111 1160 3179; x_wconf 82' lang='grc' dir='ltr'>Καινὴ,</span> <span class='ocrx_word' id='word_1_228' title='bbox 1199 3113 1522 3182; x_wconf 89' lang='grc' dir='ltr'>συμμέτρως</span> <span class='ocrx_word' id='word_1_229' title='bbox 1568 3131 1681 3176; x_wconf 86' lang='grc' dir='ltr'>πως</span> <span class='ocrx_word' id='word_1_230' title='bbox 1714 3116 1802 3167; x_wconf 79' lang='grc' dir='ltr'>καὶ</span> <span class='ocrx_word' id='word_1_231' title='bbox 1831 3117 1926 3184; x_wconf 89' lang='grc' dir='ltr'>τῆς</span> <span class='ocrx_word' id='word_1_232' title='bbox 1982 3118 2176 3179; x_wconf 87' lang='grc' dir='ltr'>κακίας</span> 
     </span>
    </p>
   </div>
   <div class='ocr_carea' id='block_1_31' title="bbox 629 3205 2174 3278">
    <p class='ocr_par' dir='ltr' id='par_1_31' title="bbox 629 3205 2174 3278">
     <span class='ocr_line' id='line_1_31' title="bbox 629 3205 2174 3278; baseline 0.005 -22"><span class='ocrx_word' id='word_1_233' title='bbox 629 3205 812 3274; x_wconf 72' lang='grc' dir='ltr'>ἡρέμα</span> <span class='ocrx_word' id='word_1_234' title='bbox 841 3206 1213 3273; x_wconf 86' lang='grc' dir='ltr'>ἀπαλλαγέντα</span> <span class='ocrx_word' id='word_1_235' title='bbox 1237 3245 1250 3269; x_wconf 85' lang='grc'>,</span> <span class='ocrx_word' id='word_1_236' title='bbox 1302 3207 1438 3276; x_wconf 90' lang='grc' dir='ltr'>πρὸς</span> <span class='ocrx_word' id='word_1_237' title='bbox 1462 3207 1558 3277; x_wconf 82' lang='grc' dir='ltr'>τὴν</span> <span class='ocrx_word' id='word_1_238' title='bbox 1585 3209 1690 3262; x_wconf 91' lang='grc' dir='ltr'>τῶν</span> <span class='ocrx_word' id='word_1_239' title='bbox 1715 3210 1956 3277; x_wconf 84' lang='grc' dir='ltr'>ἀγγέλων</span> <span class='ocrx_word' id='word_1_240' title='bbox 1989 3212 2174 3278; x_wconf 81' lang='grc' dir='ltr'>ἀνάγει</span> 
     </span>
    </p>
   </div>
   <div class='ocr_carea' id='block_1_32' title="bbox 631 3302 2174 3378">
    <p class='ocr_par' dir='ltr' id='par_1_32' title="bbox 631 3302 2174 3378">
     <span class='ocr_line' id='line_1_32' title="bbox 631 3302 2174 3378; baseline 0.006 -26"><span class='ocrx_word' id='word_1_241' title='bbox 631 3302 923 3356; x_wconf 85' lang='grc' dir='ltr'>πολιτείαν.</span> <span class='ocrx_word' id='word_1_242' title='bbox 960 3303 1116 3356; x_wconf 86' lang='grc' dir='ltr'>Ὥστε</span> <span class='ocrx_word' id='word_1_243' title='bbox 1159 3305 1256 3372; x_wconf 90' lang='grc' dir='ltr'>τῆς</span> <span class='ocrx_word' id='word_1_244' title='bbox 1295 3306 1391 3375; x_wconf 79' lang='grc' dir='ltr'>μὲν</span> <span class='ocrx_word' id='word_1_245' title='bbox 1423 3307 1656 3369; x_wconf 86' lang='grc' dir='ltr'>Παλαιᾶς</span> <span class='ocrx_word' id='word_1_246' title='bbox 1684 3308 1838 3377; x_wconf 82' lang='grc' dir='ltr'>ἔργον</span> <span class='ocrx_word' id='word_1_247' title='bbox 1867 3304 1932 3378; x_wconf 79' lang='grc' dir='ltr'>ἦν</span> <span class='ocrx_word' id='word_1_248' title='bbox 1957 3311 2174 3378; x_wconf 89' lang='grc' dir='ltr'>ποιῆσαι</span> 
     </span>
    </p>
   </div>
   <div class='ocr_carea' id='block_1_33' title="bbox 629 3398 2174 3474">
    <p class='ocr_par' dir='ltr' id='par_1_33' title="bbox 629 3398 2174 3474">
     <span class='ocr_line' id='line_1_33' title="bbox 629 3398 2174 3474; baseline 0.003 -23"><span class='ocrx_word' id='word_1_249' title='bbox 629 3398 927 3468; x_wconf 75' lang='grc' dir='ltr'>ἄνθρωπον,</span> <span class='ocrx_word' id='word_1_250' title='bbox 973 3403 1069 3469; x_wconf 83' lang='grc' dir='ltr'>τῆς</span> <span class='ocrx_word' id='word_1_251' title='bbox 1105 3400 1158 3451; x_wconf 84' lang='grc' dir='ltr'>δὲ</span> <span class='ocrx_word' id='word_1_252' title='bbox 1192 3403 1392 3468; x_wconf 79' lang='grc' dir='ltr'>Καινῆς</span> <span class='ocrx_word' id='word_1_253' title='bbox 1420 3403 1508 3453; x_wconf 89' lang='grc' dir='ltr'>τὸν</span> <span class='ocrx_word' id='word_1_254' title='bbox 1543 3403 1818 3469; x_wconf 85' lang='grc' dir='ltr'>ἄνθρωπον</span> <span class='ocrx_word' id='word_1_255' title='bbox 1845 3405 2174 3474; x_wconf 73' lang='grc' dir='ltr'>ἐργάσασθαι</span> 
     </span>
    </p>
   </div>
   <div class='ocr_carea' id='block_1_34' title="bbox 629 3493 2175 3570">
    <p class='ocr_par' dir='ltr' id='par_1_34' title="bbox 629 3493 2175 3570">
     <span class='ocr_line' id='line_1_34' title="bbox 629 3493 2175 3570; baseline 0.005 -24"><span class='ocrx_word' id='word_1_256' title='bbox 629 3493 872 3560; x_wconf 77' lang='grc' dir='ltr'>ἄγγελον.</span> <span class='ocrx_word' id='word_1_257' title='bbox 918 3494 1130 3564; x_wconf 79' lang='grc' dir='ltr'>Ἐπειδὴ</span> <span class='ocrx_word' id='word_1_258' title='bbox 1158 3495 1262 3565; x_wconf 88' lang='grc' dir='ltr'>γάρ</span> <span class='ocrx_word' id='word_1_259' title='bbox 1291 3497 1321 3565; x_wconf 84' lang='grc' dir='ltr'>ἡ</span> <span class='ocrx_word' id='word_1_260' title='bbox 1354 3499 1516 3548; x_wconf 81' lang='grc' dir='ltr'>κακία</span> <span class='ocrx_word' id='word_1_261' title='bbox 1536 3500 1628 3550; x_wconf 68' lang='grc' dir='ltr'>καὶ</span> <span class='ocrx_word' id='word_1_262' title='bbox 1661 3499 1720 3550; x_wconf 84' lang='grc' dir='ltr'>τὸ</span> <span class='ocrx_word' id='word_1_263' title='bbox 1746 3499 2060 3570; x_wconf 77' lang='grc' dir='ltr'>ἀνθρώπους</span> <span class='ocrx_word' id='word_1_264' title='bbox 2098 3499 2175 3554; x_wconf 80' lang='grc' dir='ltr'>εἷ-</span> 
     </span>
    </p>
   </div>
   <div class='ocr_carea' id='block_1_35' title="bbox 629 3589 2176 3659">
    <p class='ocr_par' dir='ltr' id='par_1_35' title="bbox 629 3589 2176 3659">
     <span class='ocr_line' id='line_1_35' title="bbox 629 3589 2176 3659; baseline 0.005 -20"><span class='ocrx_word' id='word_1_265' title='bbox 629 3605 714 3639; x_wconf 86' lang='grc' dir='ltr'>ναι</span> <span class='ocrx_word' id='word_1_266' title='bbox 740 3589 988 3658; x_wconf 76' lang='grc' dir='ltr'>ἐποίησεν</span> <span class='ocrx_word' id='word_1_267' title='bbox 1016 3591 1292 3653; x_wconf 84' lang='grc' dir='ltr'>ἀπολέσαι,</span> <span class='ocrx_word' id='word_1_268' title='bbox 1327 3593 1403 3651; x_wconf 86' lang='grc' dir='ltr'>εἰς</span> <span class='ocrx_word' id='word_1_269' title='bbox 1436 3592 1637 3658; x_wconf 83' lang='grc' dir='ltr'>ἀλόγων</span> <span class='ocrx_word' id='word_1_270' title='bbox 1680 3593 1990 3659; x_wconf 80' lang='grc' dir='ltr'>δυσγένειαν</span> <span class='ocrx_word' id='word_1_271' title='bbox 2010 3614 2176 3648; x_wconf 78' lang='grc' dir='ltr'>κατα-</span> 
     </span>
    </p>
   </div>
   <div class='ocr_carea' id='block_1_36' title="bbox 627 3682 2174 3757">
    <p class='ocr_par' dir='ltr' id='par_1_36' title="bbox 627 3682 2174 3757">
     <span class='ocr_line' id='line_1_36' title="bbox 627 3682 2174 3757; baseline 0.005 -25"><span class='ocrx_word' id='word_1_272' title='bbox 627 3682 888 3748; x_wconf 79' lang='grc' dir='ltr'>γαγοῦσα,</span> <span class='ocrx_word' id='word_1_273' title='bbox 911 3682 1053 3753; x_wconf 78' lang='grc'>[518]</span> <span class='ocrx_word' id='word_1_274' title='bbox 1074 3685 1162 3735; x_wconf 71' lang='grc' dir='ltr'>καὶ</span> <span class='ocrx_word' id='word_1_275' title='bbox 1181 3685 1456 3753; x_wconf 85' lang='grc' dir='ltr'>Θηριώδεις</span> <span class='ocrx_word' id='word_1_276' title='bbox 1479 3688 1841 3756; x_wconf 80' lang='grc' dir='ltr'>ἐργασαμένη·</span> <span class='ocrx_word' id='word_1_277' title='bbox 1861 3691 1887 3740; x_wconf 92' lang='lat'>6</span> <span class='ocrx_word' id='word_1_278' title='bbox 1907 3689 2000 3756; x_wconf 85' lang='grc' dir='ltr'>μὲν</span> <span class='ocrx_word' id='word_1_279' title='bbox 2017 3691 2174 3757; x_wconf 87' lang='grc' dir='ltr'>νόμος</span> 
     </span>
    </p>
   </div>
   <div class='ocr_carea' id='block_1_37' title="bbox 629 3775 2173 3849">
    <p class='ocr_par' dir='ltr' id='par_1_37' title="bbox 629 3775 2173 3849">
     <span class='ocr_line' id='line_1_37' title="bbox 629 3775 2173 3849; baseline 0.006 -25"><span class='ocrx_word' id='word_1_280' title='bbox 629 3775 838 3845; x_wconf 68' lang='grc' dir='ltr'>ἐκείνης</span> <span class='ocrx_word' id='word_1_281' title='bbox 869 3777 963 3844; x_wconf 83' lang='grc' dir='ltr'>μὲν</span> <span class='ocrx_word' id='word_1_282' title='bbox 991 3777 1295 3846; x_wconf 85' lang='grc' dir='ltr'>ἀπήλλαττε</span> <span class='ocrx_word' id='word_1_283' title='bbox 1342 3779 1436 3844; x_wconf 80' lang='grc' dir='ltr'>τῆς</span> <span class='ocrx_word' id='word_1_284' title='bbox 1470 3780 1682 3840; x_wconf 83' lang='grc' dir='ltr'>κακίας·</span> <span class='ocrx_word' id='word_1_285' title='bbox 1719 3783 1750 3847; x_wconf 86' lang='grc' dir='ltr'>ἡ</span> <span class='ocrx_word' id='word_1_286' title='bbox 1781 3780 1836 3831; x_wconf 86' lang='grc' dir='ltr'>δὲ</span> <span class='ocrx_word' id='word_1_287' title='bbox 1879 3781 2033 3849; x_wconf 86' lang='grc' dir='ltr'>χάρις</span> <span class='ocrx_word' id='word_1_288' title='bbox 2081 3784 2173 3833; x_wconf 75' lang='grc' dir='ltr'>καὶ</span> 
     </span>
    </p>
   </div>
   <div class='ocr_carea' id='block_1_38' title="bbox 628 3869 2173 3943">
    <p class='ocr_par' dir='ltr' id='par_1_38' title="bbox 628 3869 2173 3943">
     <span class='ocr_line' id='line_1_38' title="bbox 628 3869 2173 3943; baseline 0.005 -25"><span class='ocrx_word' id='word_1_289' title='bbox 628 3869 827 3937; x_wconf 85' lang='grc' dir='ltr'>ταύτην</span> <span class='ocrx_word' id='word_1_290' title='bbox 857 3870 952 3938; x_wconf 82' lang='grc' dir='ltr'>τὴν</span> <span class='ocrx_word' id='word_1_291' title='bbox 995 3871 1282 3941; x_wconf 81' lang='grc' dir='ltr'>ἀγγελικὴν</span> <span class='ocrx_word' id='word_1_292' title='bbox 1314 3872 1658 3941; x_wconf 81' lang='grc' dir='ltr'>προστίθησιν</span> <span class='ocrx_word' id='word_1_293' title='bbox 1689 3874 1902 3943; x_wconf 77' lang='grc' dir='ltr'>ἀρετήν.</span> <span class='ocrx_word' id='word_1_294' title='bbox 1938 3875 2087 3926; x_wconf 87' lang='grc' dir='ltr'>Ἔστι</span> <span class='ocrx_word' id='word_1_295' title='bbox 2119 3875 2173 3926; x_wconf 84' lang='grc' dir='ltr'>δὲ</span> 
     </span>
    </p>
   </div>
   <div class='ocr_carea' id='block_1_39' title="bbox 630 3965 2172 4035">
    <p class='ocr_par' dir='ltr' id='par_1_39' title="bbox 630 3965 2172 4035">
     <span class='ocr_line' id='line_1_39' title="bbox 630 3965 2172 4035; baseline 0.004 -19"><span class='ocrx_word' id='word_1_296' title='bbox 630 3965 836 4033; x_wconf 77' lang='grc' dir='ltr'>καὶτῆς</span> <span class='ocrx_word' id='word_1_297' title='bbox 882 3967 1083 4034; x_wconf 83' lang='grc' dir='ltr'>Καινῆς</span> <span class='ocrx_word' id='word_1_298' title='bbox 1133 3967 1326 4035; x_wconf 87' lang='grc' dir='ltr'>βιϐλία,</span> <span class='ocrx_word' id='word_1_299' title='bbox 1363 3968 1416 4019; x_wconf 80' lang='grc' dir='ltr'>αἰ</span> <span class='ocrx_word' id='word_1_300' title='bbox 1460 3968 1760 4019; x_wconf 75' lang='grc' dir='ltr'>Ἐπιστολαὶ</span> <span class='ocrx_word' id='word_1_301' title='bbox 1813 3970 1865 4021; x_wconf 82' lang='grc' dir='ltr'>αἰ</span> <span class='ocrx_word' id='word_1_302' title='bbox 1918 3970 2172 4022; x_wconf 87' lang='grc' dir='ltr'>δεκατέσ-</span> 
     </span>
    </p>
   </div>
   <div class='ocr_carea' id='block_1_40' title="bbox 631 4061 2172 4133">
    <p class='ocr_par' dir='ltr' id='par_1_40' title="bbox 631 4061 2172 4133">
     <span class='ocr_line' id='line_1_40' title="bbox 631 4061 2172 4133; baseline 0.004 -22"><span class='ocrx_word' id='word_1_303' title='bbox 631 4076 790 4128; x_wconf 84' lang='grc' dir='ltr'>σαρες</span> <span class='ocrx_word' id='word_1_304' title='bbox 822 4061 1048 4124; x_wconf 78' lang='grc' dir='ltr'>Παύλου,</span> <span class='ocrx_word' id='word_1_305' title='bbox 1081 4065 1147 4114; x_wconf 90' lang='grc' dir='ltr'>τά</span> <span class='ocrx_word' id='word_1_306' title='bbox 1162 4063 1458 4130; x_wconf 86' lang='grc' dir='ltr'>Εύαγγέλια</span> <span class='ocrx_word' id='word_1_307' title='bbox 1486 4063 1550 4114; x_wconf 78' lang='grc' dir='ltr'>τά</span> <span class='ocrx_word' id='word_1_308' title='bbox 1576 4064 1831 4133; x_wconf 84' lang='grc' dir='ltr'>τέσσαρα,</span> <span class='ocrx_word' id='word_1_309' title='bbox 1852 4063 1940 4116; x_wconf 89' lang='grc' dir='ltr'>δύο</span> <span class='ocrx_word' id='word_1_310' title='bbox 1960 4065 2052 4133; x_wconf 85' lang='grc' dir='ltr'>μὲν</span> <span class='ocrx_word' id='word_1_311' title='bbox 2068 4064 2172 4118; x_wconf 90' lang='grc' dir='ltr'>τῶν</span> 
     </span>
    </p>
   </div>
   <div class='ocr_carea' id='block_1_41' title="bbox 634 4154 2172 4225">
    <p class='ocr_par' dir='ltr' id='par_1_41' title="bbox 634 4154 2172 4225">
     <span class='ocr_line' id='line_1_41' title="bbox 634 4154 2172 4225; baseline 0.003 -19"><span class='ocrx_word' id='word_1_312' title='bbox 634 4154 884 4223; x_wconf 80' lang='grc' dir='ltr'>μαθητῶν</span> <span class='ocrx_word' id='word_1_313' title='bbox 920 4155 1009 4206; x_wconf 78' lang='grc' dir='ltr'>τοῦ</span> <span class='ocrx_word' id='word_1_314' title='bbox 1043 4157 1300 4225; x_wconf 80' lang='grc' dir='ltr'>Χριστοῦ,</span> <span class='ocrx_word' id='word_1_315' title='bbox 1348 4158 1585 4209; x_wconf 84' lang='grc' dir='ltr'>Ἰωάννου</span> <span class='ocrx_word' id='word_1_316' title='bbox 1622 4160 1711 4209; x_wconf 73' lang='grc' dir='ltr'>καὶ</span> <span class='ocrx_word' id='word_1_317' title='bbox 1761 4160 2055 4221; x_wconf 83' lang='grc' dir='ltr'>Ματθαίου,</span> <span class='ocrx_word' id='word_1_318' title='bbox 2083 4160 2172 4211; x_wconf 86' lang='grc' dir='ltr'>δύο</span> 
     </span>
    </p>
   </div>
   <div class='ocr_carea' id='block_1_42' title="bbox 629 4245 2170 4321">
    <p class='ocr_par' dir='ltr' id='par_1_42' title="bbox 629 4245 2170 4321">
     <span class='ocr_line' id='line_1_42' title="bbox 629 4245 2170 4321; baseline 0.003 -22"><span class='ocrx_word' id='word_1_319' title='bbox 629 4249 684 4300; x_wconf 81' lang='grc' dir='ltr'>δὲ</span> <span class='ocrx_word' id='word_1_320' title='bbox 717 4251 896 4301; x_wconf 82' lang='grc' dir='ltr'>Λουκᾶ</span> <span class='ocrx_word' id='word_1_321' title='bbox 918 4251 1260 4321; x_wconf 71' lang='grc' dir='ltr'>καὶΜάρκου⁹</span> <span class='ocrx_word' id='word_1_322' title='bbox 1296 4245 1367 4304; x_wconf 81' lang='grc' dir='ltr'>ὧν</span> <span class='ocrx_word' id='word_1_323' title='bbox 1400 4254 1426 4303; x_wconf 90' lang='grc' dir='ltr'><strong>ὁ</strong></span> <span class='ocrx_word' id='word_1_324' title='bbox 1467 4253 1561 4320; x_wconf 76' lang='grc' dir='ltr'>μὲν</span> <span class='ocrx_word' id='word_1_325' title='bbox 1589 4252 1677 4304; x_wconf 83' lang='grc' dir='ltr'>τοῦ</span> <span class='ocrx_word' id='word_1_326' title='bbox 1711 4254 1932 4321; x_wconf 87' lang='grc' dir='ltr'>Πέτρου,</span> <span class='ocrx_word' id='word_1_327' title='bbox 1957 4255 2051 4304; x_wconf 79' lang='grc' dir='ltr'>ὁδὲ</span> <span class='ocrx_word' id='word_1_328' title='bbox 2080 4253 2170 4304; x_wconf 79' lang='grc' dir='ltr'>τοῦ</span> 
     </span>
    </p>
   </div>
   <div class='ocr_carea' id='block_1_43' title="bbox 631 4342 2169 4414">
    <p class='ocr_par' dir='ltr' id='par_1_43' title="bbox 631 4342 2169 4414">
     <span class='ocr_line' id='line_1_43' title="bbox 631 4342 2169 4414; baseline 0.001 -18"><span class='ocrx_word' id='word_1_329' title='bbox 631 4342 837 4396; x_wconf 78' lang='grc' dir='ltr'>Παύλου</span> <span class='ocrx_word' id='word_1_330' title='bbox 891 4345 1136 4410; x_wconf 82' lang='grc' dir='ltr'>γεγόνασι</span> <span class='ocrx_word' id='word_1_331' title='bbox 1193 4346 1442 4414; x_wconf 85' lang='grc' dir='ltr'>μαθηταί.</span> <span class='ocrx_word' id='word_1_332' title='bbox 1499 4347 1560 4396; x_wconf 84' lang='grc' dir='ltr'><strong>Οἱ</strong></span> <span class='ocrx_word' id='word_1_333' title='bbox 1616 4348 1709 4413; x_wconf 81' lang='grc' dir='ltr'>μὲν</span> <span class='ocrx_word' id='word_1_334' title='bbox 1744 4346 1847 4413; x_wconf 87' lang='grc' dir='ltr'>γάρ</span> <span class='ocrx_word' id='word_1_335' title='bbox 1912 4347 2169 4397; x_wconf 75' lang='grc' dir='ltr'>αὐτόπται</span> 
     </span>
    </p>
   </div>
   <div class='ocr_carea' id='block_1_44' title="bbox 629 4431 2168 4507">
    <p class='ocr_par' dir='ltr' id='par_1_44' title="bbox 629 4431 2168 4507">
     <span class='ocr_line' id='line_1_44' title="bbox 629 4431 2168 4507; baseline 0.001 -21"><span class='ocrx_word' id='word_1_336' title='bbox 629 4431 765 4502; x_wconf 83' lang='grc' dir='ltr'>ἦσαν</span> <span class='ocrx_word' id='word_1_337' title='bbox 795 4438 1158 4505; x_wconf 86' lang='grc' dir='ltr'>γεγενημένοι,</span> <span class='ocrx_word' id='word_1_338' title='bbox 1209 4441 1301 4490; x_wconf 77' lang='grc' dir='ltr'>καὶ</span> <span class='ocrx_word' id='word_1_339' title='bbox 1331 4439 1703 4507; x_wconf 87' lang='grc' dir='ltr'>συγγενόμενοι</span> <span class='ocrx_word' id='word_1_340' title='bbox 1728 4438 1803 4505; x_wconf 85' lang='grc' dir='ltr'>τῷ</span> <span class='ocrx_word' id='word_1_341' title='bbox 1832 4438 2063 4507; x_wconf 84' lang='grc' dir='ltr'>Χριστῷ·</span> <span class='ocrx_word' id='word_1_342' title='bbox 2121 4440 2168 4488; x_wconf 91' lang='grc' dir='ltr'>οἰ</span> 
     </span>
    </p>
   </div>
   <div class='ocr_carea' id='block_1_45' title="bbox 630 4528 2169 4600">
    <p class='ocr_par' dir='ltr' id='par_1_45' title="bbox 630 4528 2169 4600">
     <span class='ocr_line' id='line_1_45' title="bbox 630 4528 2169 4600; baseline 0.002 -21"><span class='ocrx_word' id='word_1_343' title='bbox 630 4528 682 4579; x_wconf 80' lang='grc' dir='ltr'>δὲ</span> <span class='ocrx_word' id='word_1_344' title='bbox 717 4532 842 4598; x_wconf 86' lang='grc' dir='ltr'>παρ’</span> <span class='ocrx_word' id='word_1_345' title='bbox 873 4531 1087 4583; x_wconf 80' lang='grc' dir='ltr'>ἐκείνων</span> <span class='ocrx_word' id='word_1_346' title='bbox 1112 4533 1177 4584; x_wconf 77' lang='grc' dir='ltr'>τὰ</span> <span class='ocrx_word' id='word_1_347' title='bbox 1201 4533 1416 4584; x_wconf 75' lang='grc' dir='ltr'>ἐκείνων</span> <span class='ocrx_word' id='word_1_348' title='bbox 1442 4533 1818 4599; x_wconf 78' lang='grc' dir='ltr'>διαδεξάμενοι,</span> <span class='ocrx_word' id='word_1_349' title='bbox 1852 4534 1926 4593; x_wconf 88' lang='grc' dir='ltr'>εἰς</span> <span class='ocrx_word' id='word_1_350' title='bbox 1956 4532 2169 4600; x_wconf 86' lang='grc' dir='ltr'>ἑτέρους</span> 
     </span>
    </p>
   </div>
   <div class='ocr_carea' id='block_1_46' title="bbox 633 4624 2171 4694">
    <p class='ocr_par' dir='ltr' id='par_1_46' title="bbox 633 4624 2171 4694">
     <span class='ocr_line' id='line_1_46' title="bbox 633 4624 2171 4694; baseline 0.001 -20"><span class='ocrx_word' id='word_1_351' title='bbox 633 4624 940 4694; x_wconf 64' lang='grc' dir='ltr'>ἐξήνεγκαν·</span> <span class='ocrx_word' id='word_1_352' title='bbox 975 4627 1065 4678; x_wconf 77' lang='grc' dir='ltr'>καὶ</span> <span class='ocrx_word' id='word_1_353' title='bbox 1103 4627 1161 4677; x_wconf 91' lang='grc' dir='ltr'>τὸ</span> <span class='ocrx_word' id='word_1_354' title='bbox 1194 4627 1298 4678; x_wconf 85' lang='grc' dir='ltr'>τῶν</span> <span class='ocrx_word' id='word_1_355' title='bbox 1330 4627 1579 4694; x_wconf 79' lang='grc' dir='ltr'>Πράξεων</span> <span class='ocrx_word' id='word_1_356' title='bbox 1603 4627 1656 4676; x_wconf 80' lang='grc' dir='ltr'>δὲ</span> <span class='ocrx_word' id='word_1_357' title='bbox 1680 4626 1898 4692; x_wconf 86' lang='grc' dir='ltr'>βιϐλίον,</span> <span class='ocrx_word' id='word_1_358' title='bbox 1928 4627 2017 4694; x_wconf 66' lang='grc' dir='ltr'>καλ.</span> <span class='ocrx_word' id='word_1_359' title='bbox 2046 4626 2171 4675; x_wconf 81' lang='grc' dir='ltr'>αὐτὸ</span> 
     </span>
    </p>
   </div>
   <div class='ocr_carea' id='block_1_47' title="bbox 631 4693 2171 4763">
    <p class='ocr_par' dir='ltr' id='par_1_47' title="bbox 631 4693 2171 4763">
     <span class='ocr_line' id='line_1_47' title="bbox 631 4693 2171 4763; baseline 0.001 -20"><span class='ocrx_word' id='word_1_360' title='bbox 631 4693 828 4763; x_wconf 32' lang='grc' dir='ltr'>ᾼ-ουκᾶ,</span> <span class='ocrx_word' id='word_1_361' title='bbox 858 4697 1225 4762; x_wconf 83' lang='grc' dir='ltr'>ἰστορήσαντος</span> <span class='ocrx_word' id='word_1_362' title='bbox 1242 4697 1306 4747; x_wconf 72' lang='grc' dir='ltr'>τὰ</span> <span class='ocrx_word' id='word_1_363' title='bbox 1335 4693 1612 4763; x_wconf 86' lang='grc' dir='ltr'>γενόμενα,</span> <span class='ocrx_word' id='word_1_364' title='bbox 1633 4698 1723 4746; x_wconf 73' lang='grc' dir='ltr'>καὶ</span> <span class='ocrx_word' id='word_1_365' title='bbox 1750 4695 1854 4745; x_wconf 87' lang='grc' dir='ltr'>τῶν</span> <span class='ocrx_word' id='word_1_366' title='bbox 1879 4693 2171 4745; x_wconf 87' lang='grc' dir='ltr'>καθολικῶν</span> 
     </span>
    </p>
   </div>
   <div class='ocr_carea' id='block_1_48' title="bbox 643 4759 1127 4832">
    <p class='ocr_par' dir='ltr' id='par_1_48' title="bbox 643 4759 1127 4832">
     <span class='ocr_line' id='line_1_48' title="bbox 643 4759 1127 4832; baseline 0.006 -22"><span class='ocrx_word' id='word_1_367' title='bbox 643 4759 946 4816; x_wconf 75' lang='grc' dir='ltr'>Ἐπιστολαὶ</span> <span class='ocrx_word' id='word_1_368' title='bbox 967 4759 1127 4832; x_wconf 80' lang='grc' dir='ltr'>τρεῖς.</span> 
     </span>
    </p>
   </div>
   <div class='ocr_carea' id='block_1_49' title="bbox 993 4961 1783 5028">
    <p class='ocr_par' dir='ltr' id='par_1_49' title="bbox 993 4961 1783 5028">
     <span class='ocr_line' id='line_1_49' title="bbox 993 4961 1783 5028; baseline 0.004 -16"><span class='ocrx_word' id='word_1_369' title='bbox 993 4965 1035 5012; x_wconf 86' lang='grc' dir='ltr'><strong><em>Σ</em></strong></span> <span class='ocrx_word' id='word_1_370' title='bbox 1041 4963 1250 5028; x_wconf 74' lang='grc' dir='ltr'>ὐνοψις</span> <span class='ocrx_word' id='word_1_371' title='bbox 1286 4961 1390 5027; x_wconf 80' lang='grc' dir='ltr'>τῆς</span> <span class='ocrx_word' id='word_1_372' title='bbox 1417 4962 1715 5027; x_wconf 81' lang='grc' dir='ltr'>Γενέσεως</span> <span class='ocrx_word' id='word_1_373' title='bbox 1739 4976 1783 5015; x_wconf 75' lang='grc' dir='ltr'>ε.</span> 
     </span>
    </p>
   </div>
   <div class='ocr_carea' id='block_1_50' title="bbox 701 5138 2196 5209">
    <p class='ocr_par' dir='ltr' id='par_1_50' title="bbox 701 5138 2196 5209">
     <span class='ocr_line' id='line_1_50' title="bbox 701 5138 2196 5209; baseline 0.001 -20"><span class='ocrx_word' id='word_1_374' title='bbox 701 5138 780 5190; x_wconf 75' lang='grc' dir='ltr'>Τὰ</span> <span class='ocrx_word' id='word_1_375' title='bbox 815 5140 945 5190; x_wconf 79' lang='grc' dir='ltr'>κατά</span> <span class='ocrx_word' id='word_1_376' title='bbox 986 5139 1078 5206; x_wconf 81' lang='grc' dir='ltr'>τὴν</span> <span class='ocrx_word' id='word_1_377' title='bbox 1112 5144 1476 5207; x_wconf 77' lang='grc' dir='ltr'>κοσμοποιίαν,</span> <span class='ocrx_word' id='word_1_378' title='bbox 1513 5144 1602 5192; x_wconf 71' lang='grc' dir='ltr'>καὶ</span> <span class='ocrx_word' id='word_1_379' title='bbox 1647 5142 1739 5209; x_wconf 81' lang='grc' dir='ltr'>τὴν</span> <span class='ocrx_word' id='word_1_380' title='bbox 1768 5143 1858 5192; x_wconf 78' lang='grc' dir='ltr'>τοῦ</span> <span class='ocrx_word' id='word_1_381' title='bbox 1893 5142 2196 5209; x_wconf 74' lang='grc' dir='ltr'>ἁνθρώπου¹</span> 
     </span>
    </p>
   </div>
   <div class='ocr_carea' id='block_1_51' title="bbox 635 5233 2168 5303">
    <p class='ocr_par' dir='ltr' id='par_1_51' title="bbox 635 5233 2168 5303">
     <span class='ocr_line' id='line_1_51' title="bbox 635 5233 2168 5303; baseline 0.001 -19"><span class='ocrx_word' id='word_1_382' title='bbox 635 5233 845 5287; x_wconf 75' lang='grc' dir='ltr'>πλάσιν.</span> <span class='ocrx_word' id='word_1_383' title='bbox 890 5233 1126 5302; x_wconf 73' lang='grc' dir='ltr'>Ἐντολὴν</span> <span class='ocrx_word' id='word_1_384' title='bbox 1152 5234 1409 5301; x_wconf 75' lang='grc' dir='ltr'>λαμϐάνει</span> <span class='ocrx_word' id='word_1_385' title='bbox 1465 5238 1491 5286; x_wconf 84' lang='grc' dir='ltr'>ὁ</span> <span class='ocrx_word' id='word_1_386' title='bbox 1534 5237 1716 5303; x_wconf 69' lang='grc' dir='ltr'>Ἀδὰμ,</span> <span class='ocrx_word' id='word_1_387' title='bbox 1748 5238 1836 5286; x_wconf 73' lang='grc' dir='ltr'>καὶ</span> <span class='ocrx_word' id='word_1_388' title='bbox 1887 5237 2168 5286; x_wconf 78' lang='grc' dir='ltr'>πλάττεται</span> 
     </span>
    </p>
   </div>
   <div class='ocr_carea' id='block_1_52' title="bbox 633 5328 2169 5398">
    <p class='ocr_par' dir='ltr' id='par_1_52' title="bbox 633 5328 2169 5398">
     <span class='ocr_line' id='line_1_52' title="bbox 633 5328 2169 5398; baseline 0 -18"><span class='ocrx_word' id='word_1_389' title='bbox 633 5332 664 5398; x_wconf 73' lang='grc' dir='ltr'><strong>ἡ</strong></span> <span class='ocrx_word' id='word_1_390' title='bbox 692 5331 823 5397; x_wconf 79' lang='grc' dir='ltr'>γυνὴ</span> <span class='ocrx_word' id='word_1_391' title='bbox 852 5331 912 5378; x_wconf 82' lang='grc' dir='ltr'>ἐκ</span> <span class='ocrx_word' id='word_1_392' title='bbox 928 5328 1022 5395; x_wconf 86' lang='grc' dir='ltr'>τῆς</span> <span class='ocrx_word' id='word_1_393' title='bbox 1051 5328 1278 5395; x_wconf 70' lang='grc' dir='ltr'>πλευρᾶς</span> <span class='ocrx_word' id='word_1_394' title='bbox 1312 5329 1490 5390; x_wconf 76' lang='grc' dir='ltr'>αὐτοῦ,</span> <span class='ocrx_word' id='word_1_395' title='bbox 1517 5331 1549 5397; x_wconf 81' lang='grc' dir='ltr'>ἣ</span> <span class='ocrx_word' id='word_1_396' title='bbox 1573 5332 1902 5396; x_wconf 73' lang='grc' dir='ltr'>άπατηθεῐσα</span> <span class='ocrx_word' id='word_1_397' title='bbox 1934 5330 2033 5380; x_wconf 78' lang='grc' dir='ltr'>ὑπὸ</span> <span class='ocrx_word' id='word_1_398' title='bbox 2079 5329 2169 5380; x_wconf 78' lang='grc' dir='ltr'>τοῦ</span> 
     </span>
    </p>
   </div>
   <div class='ocr_carea' id='block_1_53' title="bbox 695 5581 2171 5644">
    <p class='ocr_par' dir='ltr' id='par_1_53' title="bbox 695 5581 2171 5644">
     <span class='ocr_line' id='line_1_53' title="bbox 695 5581 2171 5644; baseline -0.005 -10"><span class='ocrx_word' id='word_1_399' title='bbox 695 5591 718 5617; x_wconf 82' lang='grc'><strong><em>⁸</em></strong></span> <span class='ocrx_word' id='word_1_400' title='bbox 750 5587 939 5635; x_wconf 75' lang='lat' dir='ltr'>Titulus</span> <span class='ocrx_word' id='word_1_401' title='bbox 983 5587 1029 5631; x_wconf 80' lang='lat' dir='ltr'>in</span> <span class='ocrx_word' id='word_1_402' title='bbox 1057 5584 1362 5644; x_wconf 62' lang='lat' dir='ltr'>Lugdunensi</span> <span class='ocrx_word' id='word_1_403' title='bbox 1408 5581 1512 5628; x_wconf 90' lang='lat' dir='ltr'>cod.</span> <span class='ocrx_word' id='word_1_404' title='bbox 1559 5582 1749 5641; x_wconf 70' lang='grc' dir='ltr'>Σύνοψις</span> <span class='ocrx_word' id='word_1_405' title='bbox 1785 5584 1830 5628; x_wconf 79' lang='grc' dir='ltr'>ἐν</span> <span class='ocrx_word' id='word_1_406' title='bbox 1864 5582 2069 5641; x_wconf 77' lang='grc' dir='ltr'>ἐπιτὸμῳ</span> <span class='ocrx_word' id='word_1_407' title='bbox 2092 5588 2171 5636; x_wconf 73' lang='grc' dir='ltr'>τῆς</span> 
     </span>
    </p>
   </div>
   <div class='ocr_carea' id='block_1_54' title="bbox 636 5642 2078 5705">
    <p class='ocr_par' dir='ltr' id='par_1_54' title="bbox 636 5642 2078 5705">
     <span class='ocr_line' id='line_1_54' title="bbox 636 5642 2078 5705; baseline -0.007 -7"><span class='ocrx_word' id='word_1_408' title='bbox 636 5651 845 5702; x_wconf 75' lang='grc' dir='ltr'>Παλαιᾶς</span> <span class='ocrx_word' id='word_1_409' title='bbox 865 5647 1092 5702; x_wconf 79' lang='grc' dir='ltr'>Διαθὴκης</span> <span class='ocrx_word' id='word_1_410' title='bbox 1110 5642 1190 5692; x_wconf 74' lang='grc' dir='ltr'>τοῦ</span> <span class='ocrx_word' id='word_1_411' title='bbox 1214 5644 1563 5705; x_wconf 83' lang='grc' dir='ltr'>Χρυσοστόμου.</span> <span class='ocrx_word' id='word_1_412' title='bbox 1590 5644 1782 5696; x_wconf 74' lang='grc' dir='ltr'>Γένεσις.</span> <span class='ocrx_word' id='word_1_413' title='bbox 1809 5644 1989 5690; x_wconf 64' lang='lat' dir='ltr'>meum</span> <span class='ocrx_word' id='word_1_414' title='bbox 2012 5658 2039 5687; x_wconf 83' lang='grc' dir='ltr'>α</span> <span class='ocrx_word' id='word_1_415' title='bbox 2055 5644 2078 5688; x_wconf 88' lang='grc'>’.</span> 
     </span>
    </p>
   </div>
   <div class='ocr_carea' id='block_1_55' title="bbox 1343 344 3144 406">
    <p class='ocr_par' dir='ltr' id='par_1_55' title="bbox 1343 344 3144 406">
     <span class='ocr_line' id='line_1_55' title="bbox 1343 344 3144 406; baseline 0.002 -4"><span class='ocrx_word' id='word_1_416' title='bbox 1343 351 1399 403; x_wconf 84' lang='grc'>5.</span> <span class='ocrx_word' id='word_1_417' title='bbox 1440 348 1717 404; x_wconf 67' lang='grc' dir='ltr'>ΙΟΑΝΝΙΒ</span> <span class='ocrx_word' id='word_1_418' title='bbox 1752 345 2227 403; x_wconf 76' lang='lat' dir='ltr'>CURYSUSTOMI</span> <span class='ocrx_word' id='word_1_419' title='bbox 2263 344 2575 404; x_wconf 72' lang='lat' dir='ltr'>ARCIIIEP.</span> <span class='ocrx_word' id='word_1_420' title='bbox 2616 349 3144 406; x_wconf 80' lang='lat' dir='ltr'>CONSTANTINOP.</span> 
     </span>
    </p>
   </div>
   <div class='ocr_carea' id='block_1_56' title="bbox 3725 378 3842 432">
    <p class='ocr_par' dir='ltr' id='par_1_56' title="bbox 3725 378 3842 432">
     <span class='ocr_line' id='line_1_56' title="bbox 3725 378 3842 432; baseline -0.017 0"><span class='ocrx_word' id='word_1_421' title='bbox 3725 378 3842 432; x_wconf 84' lang='grc'>318</span> 
     </span>
    </p>
   </div>
   <div class='ocr_carea' id='block_1_57' title="bbox 2291 462 3840 537">
    <p class='ocr_par' dir='ltr' id='par_1_57' title="bbox 2291 462 3840 537">
     <span class='ocr_line' id='line_1_57' title="bbox 2291 462 3840 537; baseline 0.005 -24"><span class='ocrx_word' id='word_1_422' title='bbox 2291 462 2483 529; x_wconf 78' lang='grc' dir='ltr'>ὄφεως,</span> <span class='ocrx_word' id='word_1_423' title='bbox 2512 468 2691 535; x_wconf 75' lang='grc' dir='ltr'>ἀπατᾷ</span> <span class='ocrx_word' id='word_1_424' title='bbox 2731 467 2820 518; x_wconf 89' lang='grc' dir='ltr'>τὸν</span> <span class='ocrx_word' id='word_1_425' title='bbox 2865 467 3046 536; x_wconf 82' lang='grc' dir='ltr'>ἄνδρα,</span> <span class='ocrx_word' id='word_1_426' title='bbox 3083 468 3174 519; x_wconf 76' lang='grc' dir='ltr'>καὶ</span> <span class='ocrx_word' id='word_1_427' title='bbox 3216 467 3476 537; x_wconf 82' lang='grc' dir='ltr'>γενομένη</span> <span class='ocrx_word' id='word_1_428' title='bbox 3519 469 3629 536; x_wconf 75' lang='grc' dir='ltr'>μετ’</span> <span class='ocrx_word' id='word_1_429' title='bbox 3659 467 3840 521; x_wconf 74' lang='grc' dir='ltr'>αὑτοῦ</span> 
     </span>
    </p>
   </div>
   <div class='ocr_carea' id='block_1_58' title="bbox 2288 558 3840 632">
    <p class='ocr_par' dir='ltr' id='par_1_58' title="bbox 2288 558 3840 632">
     <span class='ocr_line' id='line_1_58' title="bbox 2288 558 3840 632; baseline 0.003 -23"><span class='ocrx_word' id='word_1_430' title='bbox 2288 558 2700 626; x_wconf 76' lang='grc' dir='ltr'>ἐπικατάρατος,</span> <span class='ocrx_word' id='word_1_431' title='bbox 2765 561 3077 614; x_wconf 80' lang='grc' dir='ltr'>ἐκϐάλλεται</span> <span class='ocrx_word' id='word_1_432' title='bbox 3121 561 3213 615; x_wconf 79' lang='grc' dir='ltr'>τοῦ</span> <span class='ocrx_word' id='word_1_433' title='bbox 3274 562 3611 632; x_wconf 86' lang='grc' dir='ltr'>παραδείσου·</span> <span class='ocrx_word' id='word_1_434' title='bbox 3667 564 3764 615; x_wconf 75' lang='grc' dir='ltr'>καὶ</span> <span class='ocrx_word' id='word_1_435' title='bbox 3809 563 3840 613; x_wconf 85' lang='lat'>6</span> 
     </span>
    </p>
   </div>
   <div class='ocr_carea' id='block_1_59' title="bbox 2287 653 3830 725">
    <p class='ocr_par' dir='ltr' id='par_1_59' title="bbox 2287 653 3830 725">
     <span class='ocr_line' id='line_1_59' title="bbox 2287 653 3830 725; baseline 0.003 -22"><span class='ocrx_word' id='word_1_436' title='bbox 2287 653 2406 718; x_wconf 70' lang='grc' dir='ltr'>ὄφις</span> <span class='ocrx_word' id='word_1_437' title='bbox 2431 654 2636 722; x_wconf 81' lang='grc' dir='ltr'>δέχεται</span> <span class='ocrx_word' id='word_1_438' title='bbox 2681 655 2920 724; x_wconf 89' lang='grc' dir='ltr'>κατάραν</span> <span class='ocrx_word' id='word_1_439' title='bbox 2963 655 3051 706; x_wconf 72' lang='grc' dir='ltr'>ἐπὶ</span> <span class='ocrx_word' id='word_1_440' title='bbox 3079 654 3169 706; x_wconf 83' lang='grc' dir='ltr'>τοῦ</span> <span class='ocrx_word' id='word_1_441' title='bbox 3209 655 3432 725; x_wconf 80' lang='grc' dir='ltr'>στήθους</span> <span class='ocrx_word' id='word_1_442' title='bbox 3489 657 3830 725; x_wconf 84' lang='grc' dir='ltr'>περιπατεῖν.</span> 
     </span>
    </p>
   </div>
   <div class='ocr_carea' id='block_1_60' title="bbox 2299 745 3846 818">
    <p class='ocr_par' dir='ltr' id='par_1_60' title="bbox 2299 745 3846 818">
     <span class='ocr_line' id='line_1_60' title="bbox 2299 745 3846 818; baseline 0.002 -22"><span class='ocrx_word' id='word_1_443' title='bbox 2299 745 2531 816; x_wconf 83' lang='grc' dir='ltr'>Ἀναιρεῖ</span> <span class='ocrx_word' id='word_1_444' title='bbox 2556 748 2643 798; x_wconf 83' lang='grc' dir='ltr'>τὸν</span> <span class='ocrx_word' id='word_1_445' title='bbox 2671 748 2890 816; x_wconf 80' lang='grc' dir='ltr'>ἀδελφὸν</span> <span class='ocrx_word' id='word_1_446' title='bbox 2923 750 2950 800; x_wconf 97' lang='lat'>6</span> <span class='ocrx_word' id='word_1_447' title='bbox 2976 748 3110 801; x_wconf 83' lang='grc' dir='ltr'>Κάῖν</span> <span class='ocrx_word' id='word_1_448' title='bbox 3139 748 3224 800; x_wconf 80' lang='grc' dir='ltr'>διὰ</span> <span class='ocrx_word' id='word_1_449' title='bbox 3248 749 3309 801; x_wconf 87' lang='grc' dir='ltr'>τὸ</span> <span class='ocrx_word' id='word_1_450' title='bbox 3342 749 3846 818; x_wconf 82' lang='grc' dir='ltr'>ὑπερευδοκιμηθῆ-</span> 
     </span>
    </p>
   </div>
   <div class='ocr_carea' id='block_1_61' title="bbox 2286 840 3838 912">
    <p class='ocr_par' dir='ltr' id='par_1_61' title="bbox 2286 840 3838 912">
     <span class='ocr_line' id='line_1_61' title="bbox 2286 840 3838 912; baseline 0.005 -22"><span class='ocrx_word' id='word_1_451' title='bbox 2286 856 2370 890; x_wconf 91' lang='grc' dir='ltr'>ναι</span> <span class='ocrx_word' id='word_1_452' title='bbox 2417 840 2465 904; x_wconf 68' lang='grc' dir='ltr'>δ,</span> <span class='ocrx_word' id='word_1_453' title='bbox 2491 843 2582 892; x_wconf 78' lang='grc' dir='ltr'>καὶ</span> <span class='ocrx_word' id='word_1_454' title='bbox 2614 843 2794 894; x_wconf 86' lang='grc' dir='ltr'>δίδωσι</span> <span class='ocrx_word' id='word_1_455' title='bbox 2817 843 2987 911; x_wconf 87' lang='grc' dir='ltr'>δίκην·</span> <span class='ocrx_word' id='word_1_456' title='bbox 3020 844 3110 895; x_wconf 73' lang='grc' dir='ltr'>καὶ</span> <span class='ocrx_word' id='word_1_457' title='bbox 3141 842 3276 912; x_wconf 87' lang='grc' dir='ltr'>μετά</span> <span class='ocrx_word' id='word_1_458' title='bbox 3301 843 3469 896; x_wconf 80' lang='grc' dir='ltr'>ταῦτα</span> <span class='ocrx_word' id='word_1_459' title='bbox 3512 845 3838 897; x_wconf 82' lang='grc' dir='ltr'>παιδοποιεῖ.</span> 
     </span>
    </p>
   </div>
   <div class='ocr_carea' id='block_1_62' title="bbox 2285 934 3838 1006">
    <p class='ocr_par' dir='ltr' id='par_1_62' title="bbox 2285 934 3838 1006">
     <span class='ocr_line' id='line_1_62' title="bbox 2285 934 3838 1006; baseline 0.003 -23"><span class='ocrx_word' id='word_1_460' title='bbox 2285 934 2468 985; x_wconf 79' lang='grc' dir='ltr'>Τίκτει</span> <span class='ocrx_word' id='word_1_461' title='bbox 2497 935 2552 987; x_wconf 83' lang='grc' dir='ltr'>δὲ</span> <span class='ocrx_word' id='word_1_462' title='bbox 2581 936 2674 988; x_wconf 76' lang='grc' dir='ltr'>καὶ</span> <span class='ocrx_word' id='word_1_463' title='bbox 2715 936 2826 988; x_wconf 80' lang='grc' dir='ltr'>Εὔα</span> <span class='ocrx_word' id='word_1_464' title='bbox 2863 937 2952 988; x_wconf 90' lang='grc' dir='ltr'>τὸν</span> <span class='ocrx_word' id='word_1_465' title='bbox 2980 937 3108 1006; x_wconf 82' lang='grc' dir='ltr'>Σήθ.</span> <span class='ocrx_word' id='word_1_466' title='bbox 3143 937 3444 1002; x_wconf 81' lang='grc' dir='ltr'>Κατάλογος</span> <span class='ocrx_word' id='word_1_467' title='bbox 3471 938 3575 990; x_wconf 88' lang='grc' dir='ltr'>τῶν</span> <span class='ocrx_word' id='word_1_468' title='bbox 3602 939 3701 990; x_wconf 85' lang='grc' dir='ltr'>ἀπὸ</span> <span class='ocrx_word' id='word_1_469' title='bbox 3733 937 3838 990; x_wconf 79' lang='grc' dir='ltr'>τοῦ</span> 
     </span>
    </p>
   </div>
   <div class='ocr_carea' id='block_1_63' title="bbox 2296 1028 3841 1099">
    <p class='ocr_par' dir='ltr' id='par_1_63' title="bbox 2296 1028 3841 1099">
     <span class='ocr_line' id='line_1_63' title="bbox 2296 1028 3841 1099; baseline 0.005 -21"><span class='ocrx_word' id='word_1_470' title='bbox 2296 1028 2481 1097; x_wconf 67' lang='grc' dir='ltr'>Ἀδὰμ,</span> <span class='ocrx_word' id='word_1_471' title='bbox 2511 1031 2601 1081; x_wconf 78' lang='grc' dir='ltr'>καί</span> <span class='ocrx_word' id='word_1_472' title='bbox 2628 1030 2734 1082; x_wconf 86' lang='grc' dir='ltr'>τῶν</span> <span class='ocrx_word' id='word_1_473' title='bbox 2763 1032 2869 1084; x_wconf 83' lang='grc' dir='ltr'>ἀπὸ</span> <span class='ocrx_word' id='word_1_474' title='bbox 2891 1032 2979 1084; x_wconf 78' lang='grc' dir='ltr'>τοῦ</span> <span class='ocrx_word' id='word_1_475' title='bbox 3009 1033 3134 1099; x_wconf 76' lang='grc' dir='ltr'>Σὴθ,</span> <span class='ocrx_word' id='word_1_476' title='bbox 3165 1032 3267 1093; x_wconf 72' lang='grc' dir='ltr'>ἕως</span> <span class='ocrx_word' id='word_1_477' title='bbox 3288 1032 3379 1083; x_wconf 81' lang='grc' dir='ltr'>τοῦ</span> <span class='ocrx_word' id='word_1_478' title='bbox 3406 1033 3544 1093; x_wconf 89' lang='grc' dir='ltr'>Νῶε,</span> <span class='ocrx_word' id='word_1_479' title='bbox 3583 1035 3670 1086; x_wconf 75' lang='grc' dir='ltr'>καὶ</span> <span class='ocrx_word' id='word_1_480' title='bbox 3695 1051 3841 1086; x_wconf 86' lang='grc' dir='ltr'>κατ-</span> 
     </span>
    </p>
   </div>
   <div class='ocr_carea' id='block_1_64' title="bbox 2282 1125 3840 1196">
    <p class='ocr_par' dir='ltr' id='par_1_64' title="bbox 2282 1125 3840 1196">
     <span class='ocr_line' id='line_1_64' title="bbox 2282 1125 3840 1196; baseline 0.004 -22"><span class='ocrx_word' id='word_1_481' title='bbox 2282 1125 2476 1193; x_wconf 88' lang='grc' dir='ltr'>ηγορία</span> <span class='ocrx_word' id='word_1_482' title='bbox 2499 1125 2604 1178; x_wconf 87' lang='grc' dir='ltr'>τῶν</span> <span class='ocrx_word' id='word_1_483' title='bbox 2661 1126 2866 1196; x_wconf 87' lang='grc' dir='ltr'>ἀνδρῶν</span> <span class='ocrx_word' id='word_1_484' title='bbox 2889 1127 2974 1179; x_wconf 85' lang='grc' dir='ltr'>διά</span> <span class='ocrx_word' id='word_1_485' title='bbox 3005 1127 3100 1190; x_wconf 78' lang='grc' dir='ltr'>τὰς</span> <span class='ocrx_word' id='word_1_486' title='bbox 3125 1127 3183 1178; x_wconf 82' lang='grc' dir='ltr'>ού</span> <span class='ocrx_word' id='word_1_487' title='bbox 3224 1128 3590 1196; x_wconf 75' lang='grc' dir='ltr'>προσηκούσας</span> <span class='ocrx_word' id='word_1_488' title='bbox 3638 1131 3840 1195; x_wconf 74' lang='grc' dir='ltr'>ἐπιγα-</span> 
     </span>
    </p>
   </div>
   <div class='ocr_carea' id='block_1_65' title="bbox 2284 1217 3840 1289">
    <p class='ocr_par' dir='ltr' id='par_1_65' title="bbox 2284 1217 3840 1289">
     <span class='ocr_line' id='line_1_65' title="bbox 2284 1217 3840 1289; baseline 0.004 -20"><span class='ocrx_word' id='word_1_489' title='bbox 2284 1217 2411 1287; x_wconf 89' lang='grc' dir='ltr'>μίας</span> <span class='ocrx_word' id='word_1_490' title='bbox 2464 1220 2558 1272; x_wconf 75' lang='grc' dir='ltr'>καὶ</span> <span class='ocrx_word' id='word_1_491' title='bbox 2609 1219 2702 1283; x_wconf 88' lang='grc' dir='ltr'>τάς</span> <span class='ocrx_word' id='word_1_492' title='bbox 2751 1221 2941 1284; x_wconf 83' lang='grc' dir='ltr'>λοιπὰς</span> <span class='ocrx_word' id='word_1_493' title='bbox 2988 1221 3238 1289; x_wconf 87' lang='grc' dir='ltr'>ἀνομίας·</span> <span class='ocrx_word' id='word_1_494' title='bbox 3269 1221 3428 1285; x_wconf 77' lang='grc' dir='ltr'>Υἰοὺς</span> <span class='ocrx_word' id='word_1_495' title='bbox 3475 1221 3529 1274; x_wconf 82' lang='grc' dir='ltr'>δὲ</span> <span class='ocrx_word' id='word_1_496' title='bbox 3561 1223 3688 1275; x_wconf 88' lang='grc' dir='ltr'>Θεοῦ</span> <span class='ocrx_word' id='word_1_497' title='bbox 3751 1227 3840 1275; x_wconf 80' lang='grc' dir='ltr'>ὲν-</span> 
     </span>
    </p>
   </div>
   <div class='ocr_carea' id='block_1_66' title="bbox 2279 1313 3838 1385">
    <p class='ocr_par' dir='ltr' id='par_1_66' title="bbox 2279 1313 3838 1385">
     <span class='ocr_line' id='line_1_66' title="bbox 2279 1313 3838 1385; baseline 0.003 -20"><span class='ocrx_word' id='word_1_498' title='bbox 2279 1313 2451 1366; x_wconf 79' lang='grc' dir='ltr'>ταῦθα</span> <span class='ocrx_word' id='word_1_499' title='bbox 2475 1314 2626 1366; x_wconf 87' lang='grc' dir='ltr'>καλεῖ</span> <span class='ocrx_word' id='word_1_500' title='bbox 2659 1315 2780 1378; x_wconf 82' lang='grc' dir='ltr'>τοὺς</span> <span class='ocrx_word' id='word_1_501' title='bbox 2800 1315 2904 1367; x_wconf 87' lang='grc' dir='ltr'>ἀπὸ</span> <span class='ocrx_word' id='word_1_502' title='bbox 2923 1313 3014 1366; x_wconf 78' lang='grc' dir='ltr'>τοῦ</span> <span class='ocrx_word' id='word_1_503' title='bbox 3050 1314 3152 1384; x_wconf 82' lang='grc' dir='ltr'>Σὴθ</span> <span class='ocrx_word' id='word_1_504' title='bbox 3181 1315 3508 1383; x_wconf 86' lang='grc' dir='ltr'>κατάγοντας</span> <span class='ocrx_word' id='word_1_505' title='bbox 3545 1317 3601 1369; x_wconf 85' lang='grc' dir='ltr'>τὸ</span> <span class='ocrx_word' id='word_1_506' title='bbox 3649 1318 3838 1385; x_wconf 82' lang='grc' dir='ltr'>γένος·</span> 
     </span>
    </p>
   </div>
   <div class='ocr_carea' id='block_1_67' title="bbox 2281 1406 3835 1479">
    <p class='ocr_par' dir='ltr' id='par_1_67' title="bbox 2281 1406 3835 1479">
     <span class='ocr_line' id='line_1_67' title="bbox 2281 1406 3835 1479; baseline 0.006 -21"><span class='ocrx_word' id='word_1_507' title='bbox 2281 1408 2496 1478; x_wconf 74' lang='grc' dir='ltr'>καὶγὰρ</span> <span class='ocrx_word' id='word_1_508' title='bbox 2527 1410 2757 1479; x_wconf 74' lang='grc' dir='ltr'>εἴρηται·</span> <span class='ocrx_word' id='word_1_509' title='bbox 2809 1408 2953 1478; x_wconf 63' lang='grc' dir='ltr'>Ἐγὼ</span> <span class='ocrx_word' id='word_1_510' title='bbox 2999 1406 3184 1472; x_wconf 74' lang='grc' dir='ltr'>εἷπον,</span> <span class='ocrx_word' id='word_1_511' title='bbox 3207 1411 3337 1467; x_wconf 79' lang='grc' dir='ltr'>Θεοί</span> <span class='ocrx_word' id='word_1_512' title='bbox 3372 1412 3525 1476; x_wconf 75' lang='grc' dir='ltr'>ἐστε,</span> <span class='ocrx_word' id='word_1_513' title='bbox 3580 1414 3672 1465; x_wconf 77' lang='grc' dir='ltr'>καὶ</span> <span class='ocrx_word' id='word_1_514' title='bbox 3705 1415 3835 1467; x_wconf 85' lang='grc' dir='ltr'>υιοί</span> 
     </span>
    </p>
   </div>
   <div class='ocr_carea' id='block_1_68' title="bbox 2293 1483 3836 1576">
    <p class='ocr_par' dir='ltr' id='par_1_68' title="bbox 2293 1483 3836 1576">
     <span class='ocr_line' id='line_1_68' title="bbox 2293 1483 3836 1576; baseline 0.005 -20"><span class='ocrx_word' id='word_1_515' title='bbox 2293 1505 2578 1571; x_wconf 71' lang='grc' dir='ltr'>Ὑψίστου</span> <span class='ocrx_word' id='word_1_516' title='bbox 2611 1483 2848 1570; x_wconf 72' lang='grc' dir='ltr'>πάντες.</span> <span class='ocrx_word' id='word_1_517' title='bbox 2868 1505 3071 1572; x_wconf 88' lang='grc' dir='ltr'>Θυγατέ</span> <span class='ocrx_word' id='word_1_518' title='bbox 3081 1522 3174 1574; x_wconf 90' lang='grc' dir='ltr'>ρας</span> <span class='ocrx_word' id='word_1_519' title='bbox 3201 1506 3256 1558; x_wconf 79' lang='grc' dir='ltr'>δὲ</span> <span class='ocrx_word' id='word_1_520' title='bbox 3287 1506 3578 1576; x_wconf 84' lang='grc' dir='ltr'>ἀνθρώπων</span> <span class='ocrx_word' id='word_1_521' title='bbox 3607 1510 3698 1572; x_wconf 87' lang='grc' dir='ltr'>τάς</span> <span class='ocrx_word' id='word_1_522' title='bbox 3719 1511 3836 1563; x_wconf 75' lang='grc' dir='ltr'>ἀπὸ</span> 
     </span>
    </p>
   </div>
   <div class='ocr_carea' id='block_1_69' title="bbox 2279 1597 3836 1668">
    <p class='ocr_par' dir='ltr' id='par_1_69' title="bbox 2279 1597 3836 1668">
     <span class='ocr_line' id='line_1_69' title="bbox 2279 1597 3836 1668; baseline 0.003 -20"><span class='ocrx_word' id='word_1_523' title='bbox 2279 1597 2371 1649; x_wconf 79' lang='grc' dir='ltr'>τοῦ</span> <span class='ocrx_word' id='word_1_524' title='bbox 2405 1599 2558 1650; x_wconf 85' lang='grc' dir='ltr'>Κάῖν.</span> <span class='ocrx_word' id='word_1_525' title='bbox 2610 1598 2864 1666; x_wconf 83' lang='grc' dir='ltr'>Προλέγει</span> <span class='ocrx_word' id='word_1_526' title='bbox 2911 1598 2939 1649; x_wconf 90' lang='lat'>6</span> <span class='ocrx_word' id='word_1_527' title='bbox 2965 1597 3092 1660; x_wconf 80' lang='grc' dir='ltr'>Θεὸς</span> <span class='ocrx_word' id='word_1_528' title='bbox 3118 1598 3194 1665; x_wconf 83' lang='grc' dir='ltr'>τῷ</span> <span class='ocrx_word' id='word_1_529' title='bbox 3241 1598 3362 1650; x_wconf 91' lang='grc' dir='ltr'>Νῶε</span> <span class='ocrx_word' id='word_1_530' title='bbox 3399 1600 3494 1668; x_wconf 76' lang='grc' dir='ltr'>τὴν</span> <span class='ocrx_word' id='word_1_531' title='bbox 3532 1600 3836 1667; x_wconf 85' lang='grc' dir='ltr'>μέλλουσαν</span> 
     </span>
    </p>
   </div>
   <div class='ocr_carea' id='block_1_70' title="bbox 2280 1691 3831 1762">
    <p class='ocr_par' dir='ltr' id='par_1_70' title="bbox 2280 1691 3831 1762">
     <span class='ocr_line' id='line_1_70' title="bbox 2280 1691 3831 1762; baseline 0.003 -18"><span class='ocrx_word' id='word_1_532' title='bbox 2280 1693 2385 1744; x_wconf 88' lang='grc' dir='ltr'>τῶν</span> <span class='ocrx_word' id='word_1_533' title='bbox 2423 1692 2715 1762; x_wconf 82' lang='grc' dir='ltr'>ἀνθρώπων</span> <span class='ocrx_word' id='word_1_534' title='bbox 2743 1691 3012 1745; x_wconf 87' lang='grc' dir='ltr'>ἀπώλειαν</span> <span class='ocrx_word' id='word_1_535' title='bbox 3042 1693 3126 1745; x_wconf 84' lang='grc' dir='ltr'>διὰ</span> <span class='ocrx_word' id='word_1_536' title='bbox 3164 1693 3255 1744; x_wconf 80' lang='grc' dir='ltr'>τοῦ</span> <span class='ocrx_word' id='word_1_537' title='bbox 3289 1695 3679 1762; x_wconf 82' lang='grc' dir='ltr'>κατακλυσμοῦ,</span> <span class='ocrx_word' id='word_1_538' title='bbox 3730 1698 3831 1748; x_wconf 77' lang='grc' dir='ltr'>καὶ</span> 
     </span>
    </p>
   </div>
   <div class='ocr_carea' id='block_1_71' title="bbox 2283 1787 3834 1856">
    <p class='ocr_par' dir='ltr' id='par_1_71' title="bbox 2283 1787 3834 1856">
     <span class='ocr_line' id='line_1_71' title="bbox 2283 1787 3834 1856; baseline 0.002 -19"><span class='ocrx_word' id='word_1_539' title='bbox 2283 1789 2531 1856; x_wconf 90' lang='grc' dir='ltr'>παραινεῖ</span> <span class='ocrx_word' id='word_1_540' title='bbox 2575 1790 2785 1855; x_wconf 86' lang='grc' dir='ltr'>ποιῆσαι</span> <span class='ocrx_word' id='word_1_541' title='bbox 2813 1788 2909 1856; x_wconf 78' lang='grc' dir='ltr'>τὴν</span> <span class='ocrx_word' id='word_1_542' title='bbox 2944 1787 3197 1850; x_wconf 89' lang='grc' dir='ltr'>κιϐωτὸν,</span> <span class='ocrx_word' id='word_1_543' title='bbox 3244 1787 3562 1854; x_wconf 85' lang='grc' dir='ltr'>τριακοσίων</span> <span class='ocrx_word' id='word_1_544' title='bbox 3610 1789 3834 1856; x_wconf 83' lang='grc' dir='ltr'>πήχεων</span> 
     </span>
    </p>
   </div>
   <div class='ocr_carea' id='block_1_72' title="bbox 2280 1882 3833 1951">
    <p class='ocr_par' dir='ltr' id='par_1_72' title="bbox 2280 1882 3833 1951">
     <span class='ocr_line' id='line_1_72' title="bbox 2280 1882 3833 1951; baseline 0.001 -16"><span class='ocrx_word' id='word_1_545' title='bbox 2280 1883 2339 1936; x_wconf 90' lang='grc' dir='ltr'>τὸ</span> <span class='ocrx_word' id='word_1_546' title='bbox 2367 1883 2556 1951; x_wconf 88' lang='grc' dir='ltr'>μῆκος,</span> <span class='ocrx_word' id='word_1_547' title='bbox 2588 1884 2916 1950; x_wconf 77' lang='grc' dir='ltr'>πεντήκοντα</span> <span class='ocrx_word' id='word_1_548' title='bbox 2952 1883 3166 1951; x_wconf 85' lang='grc' dir='ltr'>πήχεων</span> <span class='ocrx_word' id='word_1_549' title='bbox 3181 1882 3239 1935; x_wconf 92' lang='grc' dir='ltr'>τὸ</span> <span class='ocrx_word' id='word_1_550' title='bbox 3283 1882 3501 1945; x_wconf 88' lang='grc' dir='ltr'>πλάτος,</span> <span class='ocrx_word' id='word_1_551' title='bbox 3542 1885 3833 1951; x_wconf 81' lang='grc' dir='ltr'>τριάκοντα</span> 
     </span>
    </p>
   </div>
   <div class='ocr_carea' id='block_1_73' title="bbox 2282 1976 3829 2048">
    <p class='ocr_par' dir='ltr' id='par_1_73' title="bbox 2282 1976 3829 2048">
     <span class='ocr_line' id='line_1_73' title="bbox 2282 1976 3829 2048; baseline 0 -18"><span class='ocrx_word' id='word_1_552' title='bbox 2282 1980 2494 2048; x_wconf 77' lang='grc' dir='ltr'>πήχεων</span> <span class='ocrx_word' id='word_1_553' title='bbox 2542 1977 2601 2029; x_wconf 82' lang='grc' dir='ltr'>τὸ</span> <span class='ocrx_word' id='word_1_554' title='bbox 2628 1976 2775 2045; x_wconf 76' lang='grc' dir='ltr'>ὕψος.</span> <span class='ocrx_word' id='word_1_555' title='bbox 2817 1978 2900 2039; x_wconf 87' lang='grc' dir='ltr'>Ὠς</span> <span class='ocrx_word' id='word_1_556' title='bbox 2922 1976 2976 2028; x_wconf 82' lang='grc' dir='ltr'>δὲ</span> <span class='ocrx_word' id='word_1_557' title='bbox 3009 1977 3249 2044; x_wconf 87' lang='grc' dir='ltr'>εἰσῆλθεν</span> <span class='ocrx_word' id='word_1_558' title='bbox 3293 1980 3371 2040; x_wconf 92' lang='grc' dir='ltr'>εἰς</span> <span class='ocrx_word' id='word_1_559' title='bbox 3417 1979 3513 2048; x_wconf 80' lang='grc' dir='ltr'>τὴν</span> <span class='ocrx_word' id='word_1_560' title='bbox 3577 1979 3829 2042; x_wconf 89' lang='grc' dir='ltr'>κιϐωτὸν,</span> 
     </span>
    </p>
   </div>
   <div class='ocr_carea' id='block_1_74' title="bbox 2281 2070 3832 2140">
    <p class='ocr_par' dir='ltr' id='par_1_74' title="bbox 2281 2070 3832 2140">
     <span class='ocr_line' id='line_1_74' title="bbox 2281 2070 3832 2140; baseline 0.001 -16"><span class='ocrx_word' id='word_1_561' title='bbox 2281 2074 2500 2140; x_wconf 72' lang='grc' dir='ltr'>ἐφέρετο</span> <span class='ocrx_word' id='word_1_562' title='bbox 2531 2074 2558 2124; x_wconf 88' lang='lat'>6</span> <span class='ocrx_word' id='word_1_563' title='bbox 2601 2070 2978 2139; x_wconf 87' lang='grc' dir='ltr'>κατακλυσμὸς</span> <span class='ocrx_word' id='word_1_564' title='bbox 3021 2071 3416 2140; x_wconf 86' lang='grc' dir='ltr'>τεσσαράκοντα</span> <span class='ocrx_word' id='word_1_565' title='bbox 3472 2073 3677 2140; x_wconf 78' lang='grc' dir='ltr'>ἡμέρας</span> <span class='ocrx_word' id='word_1_566' title='bbox 3729 2075 3832 2125; x_wconf 65' lang='grc' dir='ltr'>καὶ</span> 
     </span>
    </p>
   </div>
   <div class='ocr_carea' id='block_1_75' title="bbox 2279 2164 3831 2237">
    <p class='ocr_par' dir='ltr' id='par_1_75' title="bbox 2279 2164 3831 2237">
     <span class='ocr_line' id='line_1_75' title="bbox 2279 2164 3831 2237; baseline -0.001 -18"><span class='ocrx_word' id='word_1_567' title='bbox 2279 2168 2672 2237; x_wconf 86' lang='grc' dir='ltr'>τεσσαράκοντα</span> <span class='ocrx_word' id='word_1_568' title='bbox 2698 2164 2909 2224; x_wconf 90' lang='grc' dir='ltr'>νύκτας.</span> <span class='ocrx_word' id='word_1_569' title='bbox 2942 2165 3195 2216; x_wconf 80' lang='grc' dir='ltr'>Ἐνεδίδου</span> <span class='ocrx_word' id='word_1_570' title='bbox 3221 2164 3352 2216; x_wconf 82' lang='grc' dir='ltr'>δὲτὸ</span> <span class='ocrx_word' id='word_1_571' title='bbox 3381 2164 3516 2234; x_wconf 81' lang='grc' dir='ltr'>ὕδωρ</span> <span class='ocrx_word' id='word_1_572' title='bbox 3549 2166 3681 2233; x_wconf 85' lang='grc' dir='ltr'>μετά</span> <span class='ocrx_word' id='word_1_573' title='bbox 3698 2167 3831 2218; x_wconf 79' lang='grc' dir='ltr'>ἑκα-</span> 
     </span>
    </p>
   </div>
   <div class='ocr_carea' id='block_1_76' title="bbox 2277 2258 3831 2328">
    <p class='ocr_par' dir='ltr' id='par_1_76' title="bbox 2277 2258 3831 2328">
     <span class='ocr_line' id='line_1_76' title="bbox 2277 2258 3831 2328; baseline -0.001 -16"><span class='ocrx_word' id='word_1_574' title='bbox 2277 2261 2365 2312; x_wconf 85' lang='grc' dir='ltr'>τὸν</span> <span class='ocrx_word' id='word_1_575' title='bbox 2399 2262 2727 2328; x_wconf 85' lang='grc' dir='ltr'>πεντήκοντα</span> <span class='ocrx_word' id='word_1_576' title='bbox 2756 2259 2984 2327; x_wconf 80' lang='grc' dir='ltr'>ἡμέρας.</span> <span class='ocrx_word' id='word_1_577' title='bbox 3017 2258 3289 2325; x_wconf 74' lang='grc' dir='ltr'>’Ὠφθησαν</span> <span class='ocrx_word' id='word_1_578' title='bbox 3313 2258 3366 2309; x_wconf 83' lang='grc' dir='ltr'>δὲ</span> <span class='ocrx_word' id='word_1_579' title='bbox 3385 2259 3439 2311; x_wconf 86' lang='grc' dir='ltr'>αἰ</span> <span class='ocrx_word' id='word_1_580' title='bbox 3473 2260 3699 2326; x_wconf 73' lang='grc' dir='ltr'>κορυφαὶ</span> <span class='ocrx_word' id='word_1_581' title='bbox 3719 2260 3831 2310; x_wconf 82' lang='grc' dir='ltr'>τῶν</span> 
     </span>
    </p>
   </div>
   <div class='ocr_carea' id='block_1_77' title="bbox 2277 2351 3832 2424">
    <p class='ocr_par' dir='ltr' id='par_1_77' title="bbox 2277 2351 3832 2424">
     <span class='ocr_line' id='line_1_77' title="bbox 2277 2351 3832 2424; baseline -0.002 -19"><span class='ocrx_word' id='word_1_582' title='bbox 2277 2354 2444 2423; x_wconf 79' lang='grc' dir='ltr'>ὀρέων</span> <span class='ocrx_word' id='word_1_583' title='bbox 2473 2354 2659 2424; x_wconf 83' lang='grc' dir='ltr'>πρώτῃ</span> <span class='ocrx_word' id='word_1_584' title='bbox 2684 2351 2774 2404; x_wconf 84' lang='grc' dir='ltr'>τοῦ</span> <span class='ocrx_word' id='word_1_585' title='bbox 2809 2351 3030 2404; x_wconf 87' lang='grc' dir='ltr'>δεκάτου</span> <span class='ocrx_word' id='word_1_586' title='bbox 3067 2351 3229 2419; x_wconf 87' lang='grc' dir='ltr'>μηνός</span> <span class='ocrx_word' id='word_1_587' title='bbox 3271 2361 3318 2403; x_wconf 84' lang='grc' dir='ltr'>ο.</span> <span class='ocrx_word' id='word_1_588' title='bbox 3345 2351 3451 2403; x_wconf 75' lang='grc' dir='ltr'>Καὶ</span> <span class='ocrx_word' id='word_1_589' title='bbox 3476 2353 3610 2419; x_wconf 89' lang='grc' dir='ltr'>μετά</span> <span class='ocrx_word' id='word_1_590' title='bbox 3635 2369 3832 2402; x_wconf 86' lang='grc' dir='ltr'>τεσσα-</span> 
     </span>
    </p>
   </div>
   <div class='ocr_carea' id='block_1_78' title="bbox 2280 2445 3833 2518">
    <p class='ocr_par' dir='ltr' id='par_1_78' title="bbox 2280 2445 3833 2518">
     <span class='ocr_line' id='line_1_78' title="bbox 2280 2445 3833 2518; baseline -0.003 -17"><span class='ocrx_word' id='word_1_591' title='bbox 2280 2451 2516 2518; x_wconf 89' lang='grc' dir='ltr'>ράκοντα·</span> <span class='ocrx_word' id='word_1_592' title='bbox 2540 2448 2749 2517; x_wconf 80' lang='grc' dir='ltr'>ἡμέρας</span> <span class='ocrx_word' id='word_1_593' title='bbox 2773 2445 3050 2498; x_wconf 82' lang='grc' dir='ltr'>ἀπέστειλε</span> <span class='ocrx_word' id='word_1_594' title='bbox 3079 2445 3166 2497; x_wconf 89' lang='grc' dir='ltr'>τὸν</span> <span class='ocrx_word' id='word_1_595' title='bbox 3192 2445 3416 2514; x_wconf 78' lang='grc' dir='ltr'>κόρακα,</span> <span class='ocrx_word' id='word_1_596' title='bbox 3462 2447 3552 2496; x_wconf 72' lang='grc' dir='ltr'>καὶ</span> <span class='ocrx_word' id='word_1_597' title='bbox 3596 2447 3692 2514; x_wconf 73' lang='grc' dir='ltr'>οὐχ</span> <span class='ocrx_word' id='word_1_598' title='bbox 3722 2448 3833 2498; x_wconf 81' lang='grc' dir='ltr'>ὐπ-</span> 
     </span>
    </p>
   </div>
   <div class='ocr_carea' id='block_1_79' title="bbox 2278 2539 3836 2613">
    <p class='ocr_par' dir='ltr' id='par_1_79' title="bbox 2278 2539 3836 2613">
     <span class='ocr_line' id='line_1_79' title="bbox 2278 2539 3836 2613; baseline -0.003 -19"><span class='ocrx_word' id='word_1_599' title='bbox 2278 2543 2525 2613; x_wconf 69' lang='grc' dir='ltr'>έστρεψε·</span> <span class='ocrx_word' id='word_1_600' title='bbox 2548 2545 2638 2594; x_wconf 78' lang='grc' dir='ltr'>καὶ</span> <span class='ocrx_word' id='word_1_601' title='bbox 2667 2542 2800 2612; x_wconf 89' lang='grc' dir='ltr'>μετά</span> <span class='ocrx_word' id='word_1_602' title='bbox 2829 2541 2964 2593; x_wconf 81' lang='grc' dir='ltr'>ὲπτά</span> <span class='ocrx_word' id='word_1_603' title='bbox 2989 2540 3192 2610; x_wconf 79' lang='grc' dir='ltr'>ἡμέρας</span> <span class='ocrx_word' id='word_1_604' title='bbox 3229 2539 3506 2592; x_wconf 85' lang='grc' dir='ltr'>ἀπέστειλε</span> <span class='ocrx_word' id='word_1_605' title='bbox 3547 2541 3644 2608; x_wconf 79' lang='grc' dir='ltr'>τὴν</span> <span class='ocrx_word' id='word_1_606' title='bbox 3673 2557 3836 2609; x_wconf 83' lang='grc' dir='ltr'>περι-</span> 
     </span>
    </p>
   </div>
   <div class='ocr_carea' id='block_1_80' title="bbox 2279 2633 3828 2706">
    <p class='ocr_par' dir='ltr' id='par_1_80' title="bbox 2279 2633 3828 2706">
     <span class='ocr_line' id='line_1_80' title="bbox 2279 2633 3828 2706; baseline -0.001 -18"><span class='ocrx_word' id='word_1_607' title='bbox 2279 2639 2490 2706; x_wconf 73' lang='grc' dir='ltr'>στερὰν,</span> <span class='ocrx_word' id='word_1_608' title='bbox 2546 2639 2638 2688; x_wconf 77' lang='grc' dir='ltr'>καὶ</span> <span class='ocrx_word' id='word_1_609' title='bbox 2691 2635 2989 2704; x_wconf 77' lang='grc' dir='ltr'>ὑπέστρεψε</span> <span class='ocrx_word' id='word_1_610' title='bbox 3034 2635 3217 2688; x_wconf 76' lang='grc' dir='ltr'>θαλλὸν</span> <span class='ocrx_word' id='word_1_611' title='bbox 3272 2633 3453 2694; x_wconf 75' lang='grc' dir='ltr'>ἐλαίας</span> <span class='ocrx_word' id='word_1_612' title='bbox 3505 2633 3828 2701; x_wconf 77' lang='grc' dir='ltr'>κομίζουσα.</span> 
     </span>
    </p>
   </div>
   <div class='ocr_carea' id='block_1_81' title="bbox 2278 2725 3829 2793">
    <p class='ocr_par' dir='ltr' id='par_1_81' title="bbox 2278 2725 3829 2793">
     <span class='ocr_line' id='line_1_81' title="bbox 2278 2725 3829 2793; baseline -0.004 -8"><span class='ocrx_word' id='word_1_613' title='bbox 2278 2732 2560 2785; x_wconf 86' lang='grc' dir='ltr'>Κελεύεται</span> <span class='ocrx_word' id='word_1_614' title='bbox 2606 2731 2708 2782; x_wconf 86' lang='grc' dir='ltr'>ὑπὸ</span> <span class='ocrx_word' id='word_1_615' title='bbox 2738 2729 2828 2782; x_wconf 79' lang='grc' dir='ltr'>τοῦ</span> <span class='ocrx_word' id='word_1_616' title='bbox 2871 2727 3000 2780; x_wconf 83' lang='grc' dir='ltr'>Θεοῦ</span> <span class='ocrx_word' id='word_1_617' title='bbox 3033 2729 3061 2779; x_wconf 89' lang='lat'>6</span> <span class='ocrx_word' id='word_1_618' title='bbox 3089 2727 3206 2778; x_wconf 83' lang='grc' dir='ltr'>Νῶε</span> <span class='ocrx_word' id='word_1_619' title='bbox 3256 2725 3481 2789; x_wconf 73' lang='grc' dir='ltr'>ἐξελθεῖν</span> <span class='ocrx_word' id='word_1_620' title='bbox 3511 2728 3574 2777; x_wconf 83' lang='grc' dir='ltr'>ὲκ</span> <span class='ocrx_word' id='word_1_621' title='bbox 3605 2726 3704 2793; x_wconf 86' lang='grc' dir='ltr'>τῆς</span> <span class='ocrx_word' id='word_1_622' title='bbox 3737 2744 3829 2779; x_wconf 81' lang='grc' dir='ltr'>κι-</span> 
     </span>
    </p>
   </div>
   <div class='ocr_carea' id='block_1_82' title="bbox 2277 2817 3830 2889">
    <p class='ocr_par' dir='ltr' id='par_1_82' title="bbox 2277 2817 3830 2889">
     <span class='ocr_line' id='line_1_82' title="bbox 2277 2817 3830 2889; baseline -0.003 -15"><span class='ocrx_word' id='word_1_623' title='bbox 2277 2824 2467 2876; x_wconf 82' lang='grc' dir='ltr'>ϐωτοῦ·</span> <span class='ocrx_word' id='word_1_624' title='bbox 2524 2825 2615 2875; x_wconf 81' lang='grc' dir='ltr'>καὶ</span> <span class='ocrx_word' id='word_1_625' title='bbox 2661 2822 2884 2886; x_wconf 82' lang='grc' dir='ltr'>ἐξελθὼν</span> <span class='ocrx_word' id='word_1_626' title='bbox 2931 2821 3086 2872; x_wconf 77' lang='grc' dir='ltr'>ἔθυσε</span> <span class='ocrx_word' id='word_1_627' title='bbox 3112 2820 3188 2889; x_wconf 87' lang='grc' dir='ltr'>τῷ</span> <span class='ocrx_word' id='word_1_628' title='bbox 3242 2819 3375 2889; x_wconf 84' lang='grc' dir='ltr'>Θεῷ,</span> <span class='ocrx_word' id='word_1_629' title='bbox 3434 2820 3524 2870; x_wconf 75' lang='grc' dir='ltr'>καὶ</span> <span class='ocrx_word' id='word_1_630' title='bbox 3561 2817 3830 2889; x_wconf 83' lang='grc' dir='ltr'>εὐλογήθη</span> 
     </span>
    </p>
   </div>
   <div class='ocr_carea' id='block_1_83' title="bbox 2279 2912 3835 2986">
    <p class='ocr_par' dir='ltr' id='par_1_83' title="bbox 2279 2912 3835 2986">
     <span class='ocr_line' id='line_1_83' title="bbox 2279 2912 3835 2986; baseline -0.004 -17"><span class='ocrx_word' id='word_1_631' title='bbox 2279 2918 2533 2986; x_wconf 80' lang='grc' dir='ltr'>μετὰτῶν</span> <span class='ocrx_word' id='word_1_632' title='bbox 2563 2917 2688 2967; x_wconf 87' lang='grc' dir='ltr'>υἱῶν</span> <span class='ocrx_word' id='word_1_633' title='bbox 2735 2914 2914 2966; x_wconf 74' lang='grc' dir='ltr'>αὑτοῦ.</span> <span class='ocrx_word' id='word_1_634' title='bbox 2946 2915 3050 2968; x_wconf 75' lang='grc' dir='ltr'>Καὶ</span> <span class='ocrx_word' id='word_1_635' title='bbox 3075 2912 3259 2964; x_wconf 74' lang='grc' dir='ltr'>ἔλαϐεν</span> <span class='ocrx_word' id='word_1_636' title='bbox 3291 2912 3617 2978; x_wconf 76' lang='grc' dir='ltr'>ἐπαγγελίαν</span> <span class='ocrx_word' id='word_1_637' title='bbox 3677 2913 3835 2981; x_wconf 76' lang='grc' dir='ltr'>παρὰ.</span> 
     </span>
    </p>
   </div>
   <div class='ocr_carea' id='block_1_84' title="bbox 2277 3005 3830 3077">
    <p class='ocr_par' dir='ltr' id='par_1_84' title="bbox 2277 3005 3830 3077">
     <span class='ocr_line' id='line_1_84' title="bbox 2277 3005 3830 3077; baseline -0.003 -15"><span class='ocrx_word' id='word_1_638' title='bbox 2277 3011 2367 3063; x_wconf 74' lang='grc' dir='ltr'>τοῦ</span> <span class='ocrx_word' id='word_1_639' title='bbox 2389 3009 2538 3074; x_wconf 81' lang='grc' dir='ltr'>Θεοῦ,</span> <span class='ocrx_word' id='word_1_640' title='bbox 2570 3010 2705 3060; x_wconf 79' lang='grc' dir='ltr'>ὥστε</span> <span class='ocrx_word' id='word_1_641' title='bbox 2751 3007 2940 3077; x_wconf 84' lang='grc' dir='ltr'>μηκέτι</span> <span class='ocrx_word' id='word_1_642' title='bbox 2984 3006 3229 3073; x_wconf 85' lang='grc' dir='ltr'>γενέσθαι</span> <span class='ocrx_word' id='word_1_643' title='bbox 3257 3005 3506 3072; x_wconf 85' lang='grc' dir='ltr'>τοιαύτην</span> <span class='ocrx_word' id='word_1_644' title='bbox 3553 3006 3830 3057; x_wconf 85' lang='grc' dir='ltr'>ἀπώλειαν</span> 
     </span>
    </p>
   </div>
   <div class='ocr_carea' id='block_1_85' title="bbox 2276 3079 3834 3172">
    <p class='ocr_par' dir='ltr' id='par_1_85' title="bbox 2276 3099 3834 3172">
     <span class='ocr_line' id='line_1_85' title="bbox 2276 3099 3834 3172; baseline -0.002 -19"><span class='ocrx_word' id='word_1_645' title='bbox 2276 3102 2570 3172; x_wconf 81' lang='grc' dir='ltr'>ἀνθρώπων</span> <span class='ocrx_word' id='word_1_646' title='bbox 2597 3102 2680 3152; x_wconf 79' lang='grc' dir='ltr'>διὰ</span> <span class='ocrx_word' id='word_1_647' title='bbox 2709 3099 2799 3152; x_wconf 81' lang='grc' dir='ltr'>τοῦ</span> <span class='ocrx_word' id='word_1_648' title='bbox 2829 3099 3224 3168; x_wconf 76' lang='grc' dir='ltr'>κατακλυσμοῦ.</span> <span class='ocrx_word' id='word_1_649' title='bbox 3255 3100 3362 3151; x_wconf 77' lang='grc' dir='ltr'>Ιίαί⁸</span> <span class='ocrx_word' id='word_1_650' title='bbox 3396 3099 3527 3167; x_wconf 73' lang='grc' dir='ltr'>μετὰ</span> <span class='ocrx_word' id='word_1_651' title='bbox 3551 3099 3721 3150; x_wconf 84' lang='grc' dir='ltr'>ταῦτα</span> <span class='ocrx_word' id='word_1_652' title='bbox 3743 3101 3834 3150; x_wconf 84' lang='grc' dir='ltr'>εὑ-</span> 
     </span>
    </p>
   </div>
   <div class='ocr_carea' id='block_1_86' title="bbox 2275 3192 3830 3266">
    <p class='ocr_par' dir='ltr' id='par_1_86' title="bbox 2275 3192 3830 3266">
     <span class='ocr_line' id='line_1_86' title="bbox 2275 3192 3830 3266; baseline -0.003 -18"><span class='ocrx_word' id='word_1_653' title='bbox 2275 3197 2420 3263; x_wconf 88' lang='grc' dir='ltr'>λογεί</span> <span class='ocrx_word' id='word_1_654' title='bbox 2447 3195 2594 3266; x_wconf 79' lang='grc'>[519]</span> <span class='ocrx_word' id='word_1_655' title='bbox 2627 3196 2722 3263; x_wconf 81' lang='grc' dir='ltr'>μὲν</span> <span class='ocrx_word' id='word_1_656' title='bbox 2745 3195 2832 3248; x_wconf 82' lang='grc' dir='ltr'>τὸν</span> <span class='ocrx_word' id='word_1_657' title='bbox 2863 3195 2980 3262; x_wconf 79' lang='grc' dir='ltr'>Σὴμ</span> <span class='ocrx_word' id='word_1_658' title='bbox 3001 3195 3091 3246; x_wconf 79' lang='grc' dir='ltr'>καὶ</span> <span class='ocrx_word' id='word_1_659' title='bbox 3118 3194 3207 3245; x_wconf 89' lang='grc' dir='ltr'>τὸν</span> <span class='ocrx_word' id='word_1_660' title='bbox 3245 3192 3436 3260; x_wconf 77' lang='grc' dir='ltr'>’1άφεθ,</span> <span class='ocrx_word' id='word_1_661' title='bbox 3453 3193 3830 3262; x_wconf 82' lang='grc' dir='ltr'>καταρᾶταιδὲ</span> 
     </span>
    </p>
   </div>
   <div class='ocr_carea' id='block_1_87' title="bbox 2275 3287 3828 3358">
    <p class='ocr_par' dir='ltr' id='par_1_87' title="bbox 2275 3287 3828 3358">
     <span class='ocr_line' id='line_1_87' title="bbox 2275 3287 3828 3358; baseline -0.004 -15"><span class='ocrx_word' id='word_1_662' title='bbox 2275 3291 2362 3343; x_wconf 89' lang='grc' dir='ltr'>τὸν</span> <span class='ocrx_word' id='word_1_663' title='bbox 2392 3291 2626 3353; x_wconf 79' lang='grc' dir='ltr'>Χαναὰν,</span> <span class='ocrx_word' id='word_1_664' title='bbox 2658 3289 2840 3358; x_wconf 80' lang='grc' dir='ltr'>ἐπειδὴ</span> <span class='ocrx_word' id='word_1_665' title='bbox 2871 3291 2898 3340; x_wconf 88' lang='lat'>6</span> <span class='ocrx_word' id='word_1_666' title='bbox 2927 3289 3104 3358; x_wconf 80' lang='grc' dir='ltr'>πατὴρ</span> <span class='ocrx_word' id='word_1_667' title='bbox 3152 3287 3312 3340; x_wconf 79' lang='grc' dir='ltr'>αὑτοῦ</span> <span class='ocrx_word' id='word_1_668' title='bbox 3347 3288 3472 3357; x_wconf 90' lang='grc' dir='ltr'>Χάμ</span> <span class='ocrx_word' id='word_1_669' title='bbox 3518 3288 3698 3352; x_wconf 80' lang='grc' dir='ltr'>ὲξεῖπε</span> <span class='ocrx_word' id='word_1_670' title='bbox 3728 3287 3828 3356; x_wconf 78' lang='grc' dir='ltr'>τὴν</span> 
     </span>
    </p>
   </div>
   <div class='ocr_carea' id='block_1_88' title="bbox 2275 3382 3829 3457">
    <p class='ocr_par' dir='ltr' id='par_1_88' title="bbox 2275 3382 3829 3457">
     <span class='ocr_line' id='line_1_88' title="bbox 2275 3382 3829 3457; baseline -0.003 -18"><span class='ocrx_word' id='word_1_671' title='bbox 2275 3389 2546 3457; x_wconf 88' lang='grc' dir='ltr'>γύμνωσιν</span> <span class='ocrx_word' id='word_1_672' title='bbox 2567 3385 2657 3437; x_wconf 80' lang='grc' dir='ltr'>τοῦ</span> <span class='ocrx_word' id='word_1_673' title='bbox 2687 3385 2904 3453; x_wconf 91' lang='grc' dir='ltr'>πατρός.</span> <span class='ocrx_word' id='word_1_674' title='bbox 2949 3384 3212 3435; x_wconf 82' lang='grc' dir='ltr'>Ἐκϐαίνει</span> <span class='ocrx_word' id='word_1_675' title='bbox 3239 3382 3294 3434; x_wconf 78' lang='grc' dir='ltr'>δὲ</span> <span class='ocrx_word' id='word_1_676' title='bbox 3317 3385 3347 3450; x_wconf 78' lang='grc' dir='ltr'><strong>ἡ</strong></span> <span class='ocrx_word' id='word_1_677' title='bbox 3373 3383 3580 3451; x_wconf 87' lang='grc' dir='ltr'>κατάρα</span> <span class='ocrx_word' id='word_1_678' title='bbox 3599 3383 3829 3435; x_wconf 73' lang='grc' dir='ltr'>ἐπὶτῶν</span> 
     </span>
    </p>
   </div>
   <div class='ocr_carea' id='block_1_89' title="bbox 2277 3472 3830 3547">
    <p class='ocr_par' dir='ltr' id='par_1_89' title="bbox 2277 3472 3830 3547">
     <span class='ocr_line' id='line_1_89' title="bbox 2277 3472 3830 3547; baseline -0.003 -14"><span class='ocrx_word' id='word_1_679' title='bbox 2277 3479 2622 3533; x_wconf 76' lang='grc' dir='ltr'>Γαϐαονιτῶν·</span> <span class='ocrx_word' id='word_1_680' title='bbox 2661 3477 2854 3547; x_wconf 83' lang='grc' dir='ltr'>μᾶλλον</span> <span class='ocrx_word' id='word_1_681' title='bbox 2905 3476 2960 3527; x_wconf 86' lang='grc' dir='ltr'>δὲ</span> <span class='ocrx_word' id='word_1_682' title='bbox 2990 3476 3272 3543; x_wconf 85' lang='grc' dir='ltr'>πρόσχημα</span> <span class='ocrx_word' id='word_1_683' title='bbox 3307 3476 3402 3543; x_wconf 80' lang='grc' dir='ltr'>μὲν</span> <span class='ocrx_word' id='word_1_684' title='bbox 3458 3476 3698 3543; x_wconf 86' lang='grc' dir='ltr'>κατάρας</span> <span class='ocrx_word' id='word_1_685' title='bbox 3728 3472 3830 3546; x_wconf 79' lang='grc' dir='ltr'>ἦν,</span> 
     </span>
    </p>
   </div>
   <div class='ocr_carea' id='block_1_90' title="bbox 2274 3566 3828 3642">
    <p class='ocr_par' dir='ltr' id='par_1_90' title="bbox 2274 3566 3828 3642">
     <span class='ocr_line' id='line_1_90' title="bbox 2274 3566 3828 3642; baseline -0.004 -15"><span class='ocrx_word' id='word_1_686' title='bbox 2274 3578 2332 3627; x_wconf 88' lang='grc' dir='ltr'>τὸ</span> <span class='ocrx_word' id='word_1_687' title='bbox 2389 3575 2443 3625; x_wconf 78' lang='grc' dir='ltr'>δὲ</span> <span class='ocrx_word' id='word_1_688' title='bbox 2467 3573 2657 3642; x_wconf 85' lang='grc' dir='ltr'>ἀληθὲς</span> <span class='ocrx_word' id='word_1_689' title='bbox 2718 3570 3033 3638; x_wconf 84' lang='grc' dir='ltr'>προφητεία.</span> <span class='ocrx_word' id='word_1_690' title='bbox 3076 3570 3135 3619; x_wconf 82' lang='grc' dir='ltr'>Οἰ</span> <span class='ocrx_word' id='word_1_691' title='bbox 3181 3567 3284 3619; x_wconf 86' lang='grc' dir='ltr'>ἀπὸ</span> <span class='ocrx_word' id='word_1_692' title='bbox 3311 3566 3401 3619; x_wconf 82' lang='grc' dir='ltr'>τοῦ</span> <span class='ocrx_word' id='word_1_693' title='bbox 3435 3567 3558 3619; x_wconf 86' lang='grc' dir='ltr'>Νῶε</span> <span class='ocrx_word' id='word_1_694' title='bbox 3595 3570 3700 3631; x_wconf 73' lang='grc' dir='ltr'>ἕως</span> <span class='ocrx_word' id='word_1_695' title='bbox 3727 3571 3828 3621; x_wconf 81' lang='grc' dir='ltr'>τοῦ</span> 
     </span>
    </p>
   </div>
   <div class='ocr_carea' id='block_1_91' title="bbox 2274 3662 3830 3734">
    <p class='ocr_par' dir='ltr' id='par_1_91' title="bbox 2274 3662 3830 3734">
     <span class='ocr_line' id='line_1_91' title="bbox 2274 3662 3830 3734; baseline -0.004 -14"><span class='ocrx_word' id='word_1_696' title='bbox 2274 3669 2464 3730; x_wconf 75' lang='grc' dir='ltr'>Φαλὲκ,</span> <span class='ocrx_word' id='word_1_697' title='bbox 2491 3669 2545 3728; x_wconf 88' lang='grc' dir='ltr'>ὃς</span> <span class='ocrx_word' id='word_1_698' title='bbox 2573 3667 2676 3717; x_wconf 75' lang='grc' dir='ltr'>ἀπὸ</span> <span class='ocrx_word' id='word_1_699' title='bbox 2703 3664 2794 3716; x_wconf 82' lang='grc' dir='ltr'>τοῦ</span> <span class='ocrx_word' id='word_1_700' title='bbox 2828 3663 3144 3733; x_wconf 82' lang='grc' dir='ltr'>μερισθῆναι</span> <span class='ocrx_word' id='word_1_701' title='bbox 3182 3662 3265 3713; x_wconf 75' lang='grc' dir='ltr'>ἐπ’</span> <span class='ocrx_word' id='word_1_702' title='bbox 3293 3662 3446 3713; x_wconf 74' lang='grc' dir='ltr'>αὑτοῦ</span> <span class='ocrx_word' id='word_1_703' title='bbox 3475 3662 3571 3732; x_wconf 82' lang='grc' dir='ltr'>τὴν</span> <span class='ocrx_word' id='word_1_704' title='bbox 3592 3665 3695 3732; x_wconf 90' lang='grc' dir='ltr'>γῆν</span> <span class='ocrx_word' id='word_1_705' title='bbox 3721 3665 3830 3734; x_wconf 75' lang='grc' dir='ltr'>τὴν</span> 
     </span>
    </p>
   </div>
   <div class='ocr_carea' id='block_1_92' title="bbox 2275 3757 3829 3832">
    <p class='ocr_par' dir='ltr' id='par_1_92' title="bbox 2275 3757 3829 3832">
     <span class='ocr_line' id='line_1_92' title="bbox 2275 3757 3829 3832; baseline -0.005 -15"><span class='ocrx_word' id='word_1_706' title='bbox 2275 3762 2638 3832; x_wconf 82' lang='grc' dir='ltr'>προσηγορίαν</span> <span class='ocrx_word' id='word_1_707' title='bbox 2703 3759 2856 3810; x_wconf 77' lang='grc' dir='ltr'>ἔλαϐε</span> <span class='ocrx_word' id='word_1_708' title='bbox 2903 3758 3115 3826; x_wconf 82' lang='grc' dir='ltr'>ταύτην.</span> <span class='ocrx_word' id='word_1_709' title='bbox 3172 3758 3301 3808; x_wconf 84' lang='grc' dir='ltr'>Τότε</span> <span class='ocrx_word' id='word_1_710' title='bbox 3345 3757 3451 3827; x_wconf 86' lang='grc' dir='ltr'>γὰρ</span> <span class='ocrx_word' id='word_1_711' title='bbox 3486 3759 3574 3810; x_wconf 89' lang='grc' dir='ltr'>τὸν</span> <span class='ocrx_word' id='word_1_712' title='bbox 3612 3758 3829 3828; x_wconf 80' lang='grc' dir='ltr'>πύργον</span> 
     </span>
    </p>
   </div>
   <div class='ocr_carea' id='block_1_93' title="bbox 2273 3851 3830 3926">
    <p class='ocr_par' dir='ltr' id='par_1_93' title="bbox 2273 3851 3830 3926">
     <span class='ocr_line' id='line_1_93' title="bbox 2273 3851 3830 3926; baseline -0.005 -17"><span class='ocrx_word' id='word_1_713' title='bbox 2273 3858 2640 3926; x_wconf 82' lang='grc' dir='ltr'>ᾠκοδόμησαν,</span> <span class='ocrx_word' id='word_1_714' title='bbox 2685 3853 2800 3905; x_wconf 79' lang='grc' dir='ltr'>ὅθεν</span> <span class='ocrx_word' id='word_1_715' title='bbox 2843 3853 2984 3904; x_wconf 82' lang='grc' dir='ltr'>καὶὸ</span> <span class='ocrx_word' id='word_1_716' title='bbox 3029 3853 3188 3913; x_wconf 89' lang='grc' dir='ltr'>τόπος</span> <span class='ocrx_word' id='word_1_717' title='bbox 3242 3851 3492 3903; x_wconf 83' lang='grc' dir='ltr'>Βαϐυλὼν</span> <span class='ocrx_word' id='word_1_718' title='bbox 3553 3868 3830 3921; x_wconf 87' lang='grc' dir='ltr'>προσηγο-</span> 
     </span>
    </p>
   </div>
   <div class='ocr_carea' id='block_1_94' title="bbox 2279 3946 3830 4023">
    <p class='ocr_par' dir='ltr' id='par_1_94' title="bbox 2279 3946 3830 4023">
     <span class='ocr_line' id='line_1_94' title="bbox 2279 3946 3830 4023; baseline -0.003 -20"><span class='ocrx_word' id='word_1_719' title='bbox 2279 3952 2460 4023; x_wconf 85' lang='grc' dir='ltr'>ρεύθη,</span> <span class='ocrx_word' id='word_1_720' title='bbox 2508 3952 2673 4002; x_wconf 78' lang='grc' dir='ltr'>ὅέστι</span> <span class='ocrx_word' id='word_1_721' title='bbox 2732 3948 3019 4017; x_wconf 87' lang='grc' dir='ltr'>Σύγχυσις,</span> <span class='ocrx_word' id='word_1_722' title='bbox 3072 3946 3251 4014; x_wconf 79' lang='grc' dir='ltr'>ἐπειδὴ</span> <span class='ocrx_word' id='word_1_723' title='bbox 3286 3947 3399 3998; x_wconf 85' lang='grc' dir='ltr'>ἐκεῖ</span> <span class='ocrx_word' id='word_1_724' title='bbox 3455 3946 3830 4016; x_wconf 83' lang='grc' dir='ltr'>συνεχύθησαν</span> 
     </span>
    </p>
   </div>
   <div class='ocr_carea' id='block_1_95' title="bbox 2274 4040 3830 4112">
    <p class='ocr_par' dir='ltr' id='par_1_95' title="bbox 2274 4040 3830 4112">
     <span class='ocr_line' id='line_1_95' title="bbox 2274 4040 3830 4112; baseline -0.001 -13"><span class='ocrx_word' id='word_1_725' title='bbox 2274 4047 2447 4099; x_wconf 68' lang='grc' dir='ltr'>αὐτῶν</span> <span class='ocrx_word' id='word_1_726' title='bbox 2477 4047 2530 4098; x_wconf 84' lang='grc' dir='ltr'>αἰ</span> <span class='ocrx_word' id='word_1_727' title='bbox 2590 4043 2842 4112; x_wconf 88' lang='grc' dir='ltr'>γλῶσσαι.</span> <span class='ocrx_word' id='word_1_728' title='bbox 2895 4041 2995 4092; x_wconf 80' lang='grc' dir='ltr'>Τὸν</span> <span class='ocrx_word' id='word_1_729' title='bbox 3032 4041 3086 4092; x_wconf 78' lang='grc' dir='ltr'>δὲ</span> <span class='ocrx_word' id='word_1_730' title='bbox 3121 4041 3324 4110; x_wconf 86' lang='grc' dir='ltr'>πατέρα</span> <span class='ocrx_word' id='word_1_731' title='bbox 3375 4040 3466 4092; x_wconf 81' lang='grc' dir='ltr'>τοῦ</span> <span class='ocrx_word' id='word_1_732' title='bbox 3509 4042 3684 4094; x_wconf 78' lang='grc' dir='ltr'>Φαλὲκ</span> <span class='ocrx_word' id='word_1_733' title='bbox 3727 4042 3830 4097; x_wconf 79' lang='grc' dir='ltr'>τὸν</span> 
     </span>
    </p>
   </div>
   <div class='ocr_carea' id='block_1_96' title="bbox 2276 4134 3831 4209">
    <p class='ocr_par' dir='ltr' id='par_1_96' title="bbox 2276 4134 3831 4209">
     <span class='ocr_line' id='line_1_96' title="bbox 2276 4134 3831 4209; baseline -0.002 -18"><span class='ocrx_word' id='word_1_734' title='bbox 2276 4140 2439 4209; x_wconf 83' lang='grc' dir='ltr'>Ἔϐερ</span> <span class='ocrx_word' id='word_1_735' title='bbox 2461 4139 2612 4205; x_wconf 82' lang='grc' dir='ltr'>λόγος</span> <span class='ocrx_word' id='word_1_736' title='bbox 2651 4137 2758 4205; x_wconf 76' lang='grc' dir='ltr'>ἔχει</span> <span class='ocrx_word' id='word_1_737' title='bbox 2787 4137 2859 4204; x_wconf 83' lang='grc' dir='ltr'>μὴ</span> <span class='ocrx_word' id='word_1_738' title='bbox 2907 4134 3190 4203; x_wconf 81' lang='grc' dir='ltr'>ὁμονοῆσαι</span> <span class='ocrx_word' id='word_1_739' title='bbox 3236 4137 3345 4194; x_wconf 86' lang='grc' dir='ltr'>τοῖς</span> <span class='ocrx_word' id='word_1_740' title='bbox 3369 4134 3572 4195; x_wconf 86' lang='grc' dir='ltr'>λοιποῖς</span> <span class='ocrx_word' id='word_1_741' title='bbox 3608 4137 3689 4197; x_wconf 88' lang='grc' dir='ltr'>εἰς</span> <span class='ocrx_word' id='word_1_742' title='bbox 3718 4137 3831 4206; x_wconf 74' lang='grc' dir='ltr'>τὴν</span> 
     </span>
    </p>
   </div>
   <div class='ocr_carea' id='block_1_97' title="bbox 2272 4227 3830 4301">
    <p class='ocr_par' dir='ltr' id='par_1_97' title="bbox 2272 4227 3830 4301">
     <span class='ocr_line' id='line_1_97' title="bbox 2272 4227 3830 4301; baseline -0.001 -16"><span class='ocrx_word' id='word_1_743' title='bbox 2272 4234 2362 4286; x_wconf 81' lang='grc' dir='ltr'>τοῦ</span> <span class='ocrx_word' id='word_1_744' title='bbox 2391 4233 2590 4301; x_wconf 81' lang='grc' dir='ltr'>πύργου</span> <span class='ocrx_word' id='word_1_745' title='bbox 2615 4230 2914 4298; x_wconf 81' lang='grc' dir='ltr'>οἰκοδομὴν,</span> <span class='ocrx_word' id='word_1_746' title='bbox 2945 4230 3034 4280; x_wconf 67' lang='grc' dir='ltr'>καὶ</span> <span class='ocrx_word' id='word_1_747' title='bbox 3057 4229 3142 4278; x_wconf 72' lang='grc' dir='ltr'>διὰ</span> <span class='ocrx_word' id='word_1_748' title='bbox 3161 4227 3312 4278; x_wconf 66' lang='grc' dir='ltr'>τοῦτο</span> <span class='ocrx_word' id='word_1_749' title='bbox 3328 4228 3471 4296; x_wconf 82' lang='grc' dir='ltr'>αύτῷ</span> <span class='ocrx_word' id='word_1_750' title='bbox 3499 4227 3593 4298; x_wconf 78' lang='grc' dir='ltr'>τῆν</span> <span class='ocrx_word' id='word_1_751' title='bbox 3629 4229 3830 4284; x_wconf 77' lang='grc' dir='ltr'>λαλιὰν</span> 
     </span>
    </p>
   </div>
   <div class='ocr_carea' id='block_1_98' title="bbox 2276 4323 3832 4397">
    <p class='ocr_par' dir='ltr' id='par_1_98' title="bbox 2276 4323 3832 4397">
     <span class='ocr_line' id='line_1_98' title="bbox 2276 4323 3832 4397; baseline -0.003 -18"><span class='ocrx_word' id='word_1_752' title='bbox 2276 4331 2348 4397; x_wconf 79' lang='grc' dir='ltr'>μὴ</span> <span class='ocrx_word' id='word_1_753' title='bbox 2377 4327 2717 4395; x_wconf 79' lang='grc' dir='ltr'>άμειφθῆναι,</span> <span class='ocrx_word' id='word_1_754' title='bbox 2769 4325 2900 4376; x_wconf 82' lang='grc' dir='ltr'>ἁλλά</span> <span class='ocrx_word' id='word_1_755' title='bbox 2929 4327 3100 4391; x_wconf 85' lang='grc' dir='ltr'>μεῖναι</span> <span class='ocrx_word' id='word_1_756' title='bbox 3151 4323 3307 4372; x_wconf 76' lang='grc' dir='ltr'>αὑτὸν</span> <span class='ocrx_word' id='word_1_757' title='bbox 3354 4323 3604 4391; x_wconf 83' lang='grc' dir='ltr'>ἀκέραιον</span> <span class='ocrx_word' id='word_1_758' title='bbox 3628 4324 3832 4393; x_wconf 77' lang='grc' dir='ltr'>ἔχοντα</span> 
     </span>
    </p>
   </div>
   <div class='ocr_carea' id='block_1_99' title="bbox 2271 4415 3829 4491">
    <p class='ocr_par' dir='ltr' id='par_1_99' title="bbox 2271 4415 3829 4491">
     <span class='ocr_line' id='line_1_99' title="bbox 2271 4415 3829 4491; baseline -0.01 -16"><span class='ocrx_word' id='word_1_759' title='bbox 2271 4425 2365 4491; x_wconf 78' lang='grc' dir='ltr'>τὴν</span> <span class='ocrx_word' id='word_1_760' title='bbox 2394 4422 2686 4480; x_wconf 87' lang='grc' dir='ltr'>διάλεκτον,</span> <span class='ocrx_word' id='word_1_761' title='bbox 2723 4418 2813 4469; x_wconf 78' lang='grc' dir='ltr'>καὶ</span> <span class='ocrx_word' id='word_1_762' title='bbox 2865 4417 2955 4468; x_wconf 73' lang='grc' dir='ltr'>ἀπ’</span> <span class='ocrx_word' id='word_1_763' title='bbox 2994 4415 3152 4467; x_wconf 72' lang='grc' dir='ltr'>αὑτοῦ</span> <span class='ocrx_word' id='word_1_764' title='bbox 3182 4416 3275 4484; x_wconf 80' lang='grc' dir='ltr'>τὴν</span> <span class='ocrx_word' id='word_1_765' title='bbox 3304 4417 3613 4485; x_wconf 77' lang='grc' dir='ltr'>ἐπωνυμίαν</span> <span class='ocrx_word' id='word_1_766' title='bbox 3646 4420 3829 4489; x_wconf 68' lang='grc' dir='ltr'>αὐτὴν</span> 
     </span>
    </p>
   </div>
   <div class='ocr_carea' id='block_1_100' title="bbox 2271 4510 3831 4584">
    <p class='ocr_par' dir='ltr' id='par_1_100' title="bbox 2271 4510 3831 4584">
     <span class='ocr_line' id='line_1_100' title="bbox 2271 4510 3831 4584; baseline -0.001 -16"><span class='ocrx_word' id='word_1_767' title='bbox 2271 4515 2636 4582; x_wconf 81' lang='grc' dir='ltr'>λαϐεἰν.”Εϐερ</span> <span class='ocrx_word' id='word_1_768' title='bbox 2659 4514 2762 4581; x_wconf 82' lang='grc' dir='ltr'>γὰρ</span> <span class='ocrx_word' id='word_1_769' title='bbox 2787 4511 2987 4562; x_wconf 80' lang='grc' dir='ltr'>ἐκείνου</span> <span class='ocrx_word' id='word_1_770' title='bbox 3013 4510 3333 4578; x_wconf 85' lang='grc' dir='ltr'>καλουμένου</span> <span class='ocrx_word' id='word_1_771' title='bbox 3359 4510 3410 4573; x_wconf 72' lang='grc' dir='ltr'>ἀ,</span> <span class='ocrx_word' id='word_1_772' title='bbox 3445 4510 3657 4580; x_wconf 80' lang='grc' dir='ltr'>Ἐϐραῒς</span> <span class='ocrx_word' id='word_1_773' title='bbox 3679 4514 3831 4584; x_wconf 80' lang='grc' dir='ltr'>αὕτη</span> 
     </span>
    </p>
   </div>
   <div class='ocr_carea' id='block_1_101' title="bbox 2274 4605 3832 4678">
    <p class='ocr_par' dir='ltr' id='par_1_101' title="bbox 2274 4605 3832 4678">
     <span class='ocr_line' id='line_1_101' title="bbox 2274 4605 3832 4678; baseline -0.002 -17"><span class='ocrx_word' id='word_1_774' title='bbox 2274 4610 2549 4678; x_wconf 89' lang='grc' dir='ltr'>κέκληται,</span> <span class='ocrx_word' id='word_1_775' title='bbox 2605 4608 2631 4658; x_wconf 77' lang='grc' dir='ltr'><strong>ὃ</strong></span> <span class='ocrx_word' id='word_1_776' title='bbox 2684 4608 2774 4657; x_wconf 68' lang='grc' dir='ltr'>κα)⁸</span> <span class='ocrx_word' id='word_1_777' title='bbox 2816 4605 3032 4674; x_wconf 86' lang='grc' dir='ltr'>σημεῖόν</span> <span class='ocrx_word' id='word_1_778' title='bbox 3064 4606 3175 4654; x_wconf 78' lang='grc' dir='ltr'>ἐστι</span> <span class='ocrx_word' id='word_1_779' title='bbox 3216 4605 3463 4671; x_wconf 84' lang='grc' dir='ltr'>μέγιστον</span> <span class='ocrx_word' id='word_1_780' title='bbox 3509 4605 3600 4655; x_wconf 80' lang='grc' dir='ltr'>τοῦ</span> <span class='ocrx_word' id='word_1_781' title='bbox 3623 4608 3832 4658; x_wconf 85' lang='grc' dir='ltr'>πασῶν</span> 
     </span>
    </p>
   </div>
   <div class='ocr_carea' id='block_1_102' title="bbox 2271 4694 3832 4770">
    <p class='ocr_par' dir='ltr' id='par_1_102' title="bbox 2271 4694 3832 4770">
     <span class='ocr_line' id='line_1_102' title="bbox 2271 4694 3832 4770; baseline -0.003 -14"><span class='ocrx_word' id='word_1_782' title='bbox 2271 4705 2378 4756; x_wconf 87' lang='grc' dir='ltr'>τῶν</span> <span class='ocrx_word' id='word_1_783' title='bbox 2409 4703 2598 4755; x_wconf 88' lang='grc' dir='ltr'>λαλιῶν</span> <span class='ocrx_word' id='word_1_784' title='bbox 2640 4701 3007 4770; x_wconf 83' lang='grc' dir='ltr'>πρεσϐυτέραν</span> <span class='ocrx_word' id='word_1_785' title='bbox 3039 4694 3172 4749; x_wconf 80' lang='grc' dir='ltr'>εἶναι</span> <span class='ocrx_word' id='word_1_786' title='bbox 3223 4697 3317 4765; x_wconf 83' lang='grc' dir='ltr'>τὴν</span> <span class='ocrx_word' id='word_1_787' title='bbox 3358 4697 3630 4765; x_wconf 82' lang='grc' dir='ltr'>Ἐϐραῖδα·</span> <span class='ocrx_word' id='word_1_788' title='bbox 3685 4703 3832 4768; x_wconf 80' lang='grc' dir='ltr'>πρὶν</span> 
     </span>
    </p>
   </div>
   <div class='ocr_carea' id='block_1_103' title="bbox 2273 4791 3837 4866">
    <p class='ocr_par' dir='ltr' id='par_1_103' title="bbox 2273 4791 3837 4866">
     <span class='ocr_line' id='line_1_103' title="bbox 2273 4791 3837 4866; baseline -0.001 -19"><span class='ocrx_word' id='word_1_789' title='bbox 2273 4798 2378 4866; x_wconf 75' lang='grc' dir='ltr'>γὰρ</span> <span class='ocrx_word' id='word_1_790' title='bbox 2407 4796 2730 4864; x_wconf 81' lang='grc' dir='ltr'>συγχυθῆναι</span> <span class='ocrx_word' id='word_1_791' title='bbox 2750 4794 2843 4855; x_wconf 86' lang='grc' dir='ltr'>τάς</span> <span class='ocrx_word' id='word_1_792' title='bbox 2873 4793 3132 4860; x_wconf 83' lang='grc' dir='ltr'>γλώσσας,</span> <span class='ocrx_word' id='word_1_793' title='bbox 3151 4791 3319 4861; x_wconf 78' lang='grc' dir='ltr'>ταύτῃ</span> <span class='ocrx_word' id='word_1_794' title='bbox 3347 4792 3538 4854; x_wconf 85' lang='grc' dir='ltr'>πάντες</span> <span class='ocrx_word' id='word_1_795' title='bbox 3565 4792 3837 4862; x_wconf 79' lang='grc' dir='ltr'>ἐκέχρην-</span> 
     </span>
    </p>
   </div>
   <div class='ocr_carea' id='block_1_104' title="bbox 2273 4879 3840 4954">
    <p class='ocr_par' dir='ltr' id='par_1_104' title="bbox 2273 4879 3840 4954">
     <span class='ocr_line' id='line_1_104' title="bbox 2273 4879 3840 4954; baseline -0.008 -14"><span class='ocrx_word' id='word_1_796' title='bbox 2273 4909 2349 4942; x_wconf 88' lang='grc' dir='ltr'>το.</span> <span class='ocrx_word' id='word_1_797' title='bbox 2393 4893 2542 4941; x_wconf 63' lang='lat' dir='ltr'>&quot;Eat:</span> <span class='ocrx_word' id='word_1_798' title='bbox 2575 4889 2627 4939; x_wconf 79' lang='grc' dir='ltr'>δὲ</span> <span class='ocrx_word' id='word_1_799' title='bbox 2662 4890 2688 4939; x_wconf 87' lang='grc' dir='ltr'>ὁ</span> <span class='ocrx_word' id='word_1_800' title='bbox 2743 4888 2903 4953; x_wconf 80' lang='grc' dir='ltr'>Ἔϐερ</span> <span class='ocrx_word' id='word_1_801' title='bbox 2929 4879 3075 4945; x_wconf 65' lang='grc' dir='ltr'>οὗτος</span> <span class='ocrx_word' id='word_1_802' title='bbox 3130 4885 3386 4952; x_wconf 84' lang='grc' dir='ltr'>πρόγονος</span> <span class='ocrx_word' id='word_1_803' title='bbox 3426 4884 3694 4954; x_wconf 76' lang='grc' dir='ltr'>Ἁϐραάμ.</span> <span class='ocrx_word' id='word_1_804' title='bbox 3732 4889 3840 4940; x_wconf 84' lang='grc' dir='ltr'>Γε-</span> 
     </span>
    </p>
   </div>
   <div class='ocr_carea' id='block_1_105' title="bbox 2275 4979 3841 5051">
    <p class='ocr_par' dir='ltr' id='par_1_105' title="bbox 2275 4979 3841 5051">
     <span class='ocr_line' id='line_1_105' title="bbox 2275 4979 3841 5051; baseline -0.008 -14"><span class='ocrx_word' id='word_1_805' title='bbox 2275 4986 2643 5051; x_wconf 76' lang='grc' dir='ltr'>νεαλογοῦνται</span> <span class='ocrx_word' id='word_1_806' title='bbox 2687 4984 2739 5033; x_wconf 80' lang='grc' dir='ltr'>δὲ</span> <span class='ocrx_word' id='word_1_807' title='bbox 2762 4981 2866 5032; x_wconf 84' lang='grc' dir='ltr'>ἀπὸ</span> <span class='ocrx_word' id='word_1_808' title='bbox 2898 4979 2984 5031; x_wconf 82' lang='grc' dir='ltr'>τοῦ</span> <span class='ocrx_word' id='word_1_809' title='bbox 3013 4979 3116 5048; x_wconf 78' lang='grc' dir='ltr'>Σὴθ</span> <span class='ocrx_word' id='word_1_810' title='bbox 3137 4980 3235 5041; x_wconf 76' lang='grc' dir='ltr'>ἕως</span> <span class='ocrx_word' id='word_1_811' title='bbox 3255 4980 3343 5031; x_wconf 80' lang='grc' dir='ltr'>τοῦ</span> <span class='ocrx_word' id='word_1_812' title='bbox 3384 4980 3649 5049; x_wconf 84' lang='grc' dir='ltr'>Ἀϐραάμ.</span> <span class='ocrx_word' id='word_1_813' title='bbox 3678 4985 3841 5051; x_wconf 80' lang='grc' dir='ltr'>Λαμ.</span> 
     </span>
    </p>
   </div>
   <div class='ocr_carea' id='block_1_106' title="bbox 2276 5074 3838 5145">
    <p class='ocr_par' dir='ltr' id='par_1_106' title="bbox 2276 5074 3838 5145">
     <span class='ocr_line' id='line_1_106' title="bbox 2276 5074 3838 5145; baseline -0.01 -10"><span class='ocrx_word' id='word_1_814' title='bbox 2276 5085 2422 5134; x_wconf 58' lang='lat' dir='ltr'>Cive:</span> <span class='ocrx_word' id='word_1_815' title='bbox 2461 5085 2486 5132; x_wconf 76' lang='grc' dir='ltr'>ὁ</span> <span class='ocrx_word' id='word_1_816' title='bbox 2507 5080 2680 5145; x_wconf 79' lang='grc' dir='ltr'>πατὴρ</span> <span class='ocrx_word' id='word_1_817' title='bbox 2710 5076 2800 5127; x_wconf 78' lang='grc' dir='ltr'>τοῦ</span> <span class='ocrx_word' id='word_1_818' title='bbox 2818 5074 3057 5143; x_wconf 79' lang='grc' dir='ltr'>’Λϐραάμ</span> <span class='ocrx_word' id='word_1_819' title='bbox 3079 5076 3105 5124; x_wconf 89' lang='lat'>6</span> <span class='ocrx_word' id='word_1_820' title='bbox 3131 5074 3279 5141; x_wconf 85' lang='grc' dir='ltr'>Θαρᾶ</span> <span class='ocrx_word' id='word_1_821' title='bbox 3315 5075 3436 5133; x_wconf 71' lang='grc' dir='ltr'>τοὺς</span> <span class='ocrx_word' id='word_1_822' title='bbox 3467 5076 3608 5135; x_wconf 78' lang='grc' dir='ltr'>υἱοὺς</span> <span class='ocrx_word' id='word_1_823' title='bbox 3627 5078 3838 5140; x_wconf 72' lang='grc' dir='ltr'>αὑτοῦ,</span> 
     </span>
    </p>
   </div>
   <div class='ocr_carea' id='block_1_107' title="bbox 2273 5168 3840 5240">
    <p class='ocr_par' dir='ltr' id='par_1_107' title="bbox 2273 5168 3840 5240">
     <span class='ocr_line' id='line_1_107' title="bbox 2273 5168 3840 5240; baseline -0.006 -13"><span class='ocrx_word' id='word_1_824' title='bbox 2273 5178 2359 5228; x_wconf 69' lang='grc' dir='ltr'>τό)</span> <span class='ocrx_word' id='word_1_825' title='bbox 2390 5193 2441 5226; x_wconf 85' lang='grc' dir='ltr'>τε</span> <span class='ocrx_word' id='word_1_826' title='bbox 2485 5175 2742 5240; x_wconf 58' lang='grc' dir='ltr'>’Λϐραὶιμη</span> <span class='ocrx_word' id='word_1_827' title='bbox 2805 5171 2895 5222; x_wconf 73' lang='grc' dir='ltr'>καὶ</span> <span class='ocrx_word' id='word_1_828' title='bbox 2949 5169 3036 5220; x_wconf 83' lang='grc' dir='ltr'>τὸν</span> <span class='ocrx_word' id='word_1_829' title='bbox 3071 5168 3300 5235; x_wconf 77' lang='grc' dir='ltr'>Ναχὼρ,</span> <span class='ocrx_word' id='word_1_830' title='bbox 3337 5169 3546 5218; x_wconf 78' lang='grc' dir='ltr'>καὶτὸν</span> <span class='ocrx_word' id='word_1_831' title='bbox 3595 5169 3840 5236; x_wconf 69' lang='grc' dir='ltr'>ἔγγονον</span> 
     </span>
    </p>
   </div>
   <div class='ocr_carea' id='block_1_108' title="bbox 2335 5453 3847 5514">
    <p class='ocr_par' dir='ltr' id='par_1_108' title="bbox 2335 5453 3847 5514">
     <span class='ocr_line' id='line_1_108' title="bbox 2335 5453 3847 5514; baseline 0.009 -19"><span class='ocrx_word' id='word_1_832' title='bbox 2335 5459 2358 5495; x_wconf 84' lang='lat' dir='ltr'>b</span> <span class='ocrx_word' id='word_1_833' title='bbox 2400 5457 2653 5503; x_wconf 70' lang='lat' dir='ltr'>Vmsiunus</span> <span class='ocrx_word' id='word_1_834' title='bbox 2700 5455 2846 5501; x_wconf 77' lang='lat' dir='ltr'>codex</span> <span class='ocrx_word' id='word_1_835' title='bbox 2891 5454 3385 5514; x_wconf 61' lang='lat' dir='ltr'>napauaoxrmeﬁvau.</span> <span class='ocrx_word' id='word_1_836' title='bbox 3426 5453 3644 5513; x_wconf 61' lang='lat' dir='ltr'>Utramlc</span> <span class='ocrx_word' id='word_1_837' title='bbox 3677 5458 3847 5510; x_wconf 70' lang='lat' dir='ltr'>lectio</span> 
     </span>
    </p>
   </div>
   <div class='ocr_carea' id='block_1_109' title="bbox 2274 5520 2648 5574">
    <p class='ocr_par' dir='ltr' id='par_1_109' title="bbox 2274 5520 2648 5574">
     <span class='ocr_line' id='line_1_109' title="bbox 2274 5520 2648 5574; baseline -0.013 -8"><span class='ocrx_word' id='word_1_838' title='bbox 2274 5520 2453 5566; x_wconf 71' lang='lat' dir='ltr'>admitti</span> <span class='ocrx_word' id='word_1_839' title='bbox 2478 5524 2648 5574; x_wconf 69' lang='lat' dir='ltr'>pulcsl.</span> 
     </span>
    </p>
   </div>
   <div class='ocr_carea' id='block_1_110' title="bbox 2336 5572 3262 5631">
    <p class='ocr_par' dir='ltr' id='par_1_110' title="bbox 2336 5572 3262 5631">
     <span class='ocr_line' id='line_1_110' title="bbox 2336 5572 3262 5631; baseline -0.004 -9"><span class='ocrx_word' id='word_1_840' title='bbox 2336 5583 2356 5608; x_wconf 72' lang='grc' dir='ltr'><strong>ε</strong></span> <span class='ocrx_word' id='word_1_841' title='bbox 2386 5580 2430 5622; x_wconf 78' lang='lat' dir='ltr'>lu</span> <span class='ocrx_word' id='word_1_842' title='bbox 2457 5572 2593 5621; x_wconf 55' lang='grc' dir='ltr'>(ἶυὶςί.</span> <span class='ocrx_word' id='word_1_843' title='bbox 2625 5575 2749 5620; x_wconf 68' lang='lat' dir='ltr'>male</span> <span class='ocrx_word' id='word_1_844' title='bbox 2769 5572 2851 5620; x_wconf 68' lang='grc' dir='ltr'>τοῦ</span> <span class='ocrx_word' id='word_1_845' title='bbox 2872 5574 3082 5631; x_wconf 69' lang='grc' dir='ltr'>δευτέρου</span> <span class='ocrx_word' id='word_1_846' title='bbox 3110 5573 3262 5629; x_wconf 78' lang='grc' dir='ltr'>μηνός.</span> 
     </span>
    </p>
   </div>
   <div class='ocr_carea' id='block_1_111' title="bbox 2338 5634 3638 5698">
    <p class='ocr_par' dir='ltr' id='par_1_111' title="bbox 2338 5634 3638 5698">
     <span class='ocr_line' id='line_1_111' title="bbox 2338 5634 3638 5698; baseline -0.002 -14"><span class='ocrx_word' id='word_1_847' title='bbox 2338 5640 2362 5676; x_wconf 79' lang='grc' dir='ltr'>«ι</span> <span class='ocrx_word' id='word_1_848' title='bbox 2383 5639 2454 5685; x_wconf 77' lang='lat' dir='ltr'>De</span> <span class='ocrx_word' id='word_1_849' title='bbox 2482 5636 2673 5688; x_wconf 68' lang='lat' dir='ltr'>urbem</span> <span class='ocrx_word' id='word_1_850' title='bbox 2697 5635 2785 5682; x_wconf 76' lang='lat' dir='ltr'>huc</span> <span class='ocrx_word' id='word_1_851' title='bbox 2809 5637 2947 5681; x_wconf 71' lang='lat' dir='ltr'><strong>etiam</strong></span> <span class='ocrx_word' id='word_1_852' title='bbox 2967 5646 3107 5693; x_wconf 77' lang='lat' dir='ltr'>supra</span> <span class='ocrx_word' id='word_1_853' title='bbox 3133 5634 3254 5681; x_wconf 75' lang='lat' dir='ltr'>dum</span> <span class='ocrx_word' id='word_1_854' title='bbox 3274 5634 3322 5682; x_wconf 85' lang='lat' dir='ltr'><strong>in</strong></span> <span class='ocrx_word' id='word_1_855' title='bbox 3343 5634 3638 5698; x_wconf 69' lang='grc' dir='ltr'>Προθεωρίᾳ.</span> 
     </span>
    </p>
   </div>
  </div>
