4000 6220
179 418 294 473 317

176 518 498 582 voluerunt;
537 513 782 583 operibus
806 527 931 565 vero
954 551 970 573 ,
1011 526 1129 563 cum
1169 509 1430 563 Abraham
1455 505 1730 559 exhibetur

182 606 347 658 filium
374 605 593 657 offerens
613 643 626 666 ,
659 612 710 656 et
746 603 956 654 arietem
996 601 1254 667 jugu!ans.
1284 600 1377 651 llic
1401 599 1542 651 enim
1573 595 1729 648 rebus

180 693 309 758 ipsis
329 693 495 746 crucis
523 693 799 757 imaginem
826 689 1208 757 pnesignilicat,
1235 699 1388 754 atque
1413 685 1609 738 caedem
1637 698 1730 751 pro

180 781 310 833 orbe
336 780 579 832 futuram.
611 779 796 831 Multas
825 787 966 831 certe
991 777 1226 830 invenire
1251 780 1332 824 est
1357 771 1411 823 in
1430 771 1601 826 Veteri
1628 771 1729 824 Tc-

179 877 439 921 stamento
473 866 768 934 hujusmodi
813 866 1002 933 figuras
1025 905 1038 927 ,
1085 862 1489 940 prophetiasque
1524 873 1618 926 per
1642 872 1728 910 res

177 956 458 1010 exhibitas.
491 955 780 1022 Prophetiae
809 970 934 1008 vero
960 968 1150 1006 munus
1207 961 1304 1014 est,
1339 966 1439 1002 non
1467 949 1621 1002 modo
1652 948 1729 998 fu-

179 1053 296 1097 tura
320 1045 494 1098 dicere
518 1083 532 1108 ,
561 1044 652 1098 sed
682 1044 838 1097 etiam
866 1043 1143 1110 praeterita,
1174 1040 1310 1107 quod
1341 1039 1564 1091 maxime
1592 1038 1725 1106 apud

179 1134 410 1203 Moysem
450 1134 873 1201 deprehenditur.
905 1131 1122 1197 Quando
1152 1131 1291 1183 enim
1331 1129 1396 1182 de
1425 1128 1554 1182 caelo
1583 1137 1634 1180 et
1663 1128 1728 1180 de

179 1233 322 1276 terra
353 1223 596 1291 loquitur,
625 1238 709 1275 res
731 1222 936 1288 quidem
962 1221 1090 1273 dicit
1112 1219 1402 1288 praitcritas
1421 1227 1471 1270 et
1497 1226 1728 1283 tempone

178 1311 499 1374 obscumtas,
522 1311 615 1364 scd
643 1311 911 1378 prophetia
950 1309 1061 1362 hate
1081 1308 1333 1361 enuntiat.
1378 1306 1729 1372 Quemadmo-

175 1400 305 1453 dum
332 1401 469 1452 enim
500 1399 784 1467 prophetia:
809 1406 908 1456 est.
933 1415 1020 1452 res
1036 1396 1262 1449 nondum
1291 1406 1482 1464 gestas,
1510 1410 1728 1463 quaeque

178 1491 352 1542 adhuc
378 1490 592 1542 occulta:
621 1496 742 1542 sunt
769 1488 1096 1549 annuntiare,
1128 1486 1202 1538 sic
1232 1494 1285 1538 et
1311 1500 1394 1537 res
1423 1493 1594 1552 gestas
1617 1485 1730 1551 qui-

181 1578 322 1640 dem,
353 1577 443 1630 sed
473 1577 539 1629 ob
566 1590 767 1645 tempus
791 1575 1020 1628 occultas
1047 1575 1310 1637 revelare,
1340 1581 1394 1627 et
1423 1573 1475 1625 in
1503 1573 1728 1626 medium

179 1667 472 1728 adducere,
521 1682 695 1733 parem
729 1666 945 1734 gratiam
986 1665 1234 1732 postulat.
1283 1663 1360 1716 Ad
1405 1663 1728 1730 prephetiam

180 1770 390 1822 quoque
432 1756 652 1822 pertinet
702 1770 785 1807 res
821 1763 1105 1821 prresentes
1144 1753 1453 1806 annuntiare
1477 1791 1490 1815 ,
1522 1753 1729 1820 quando

180 1845 443 1911 quidpiam
469 1844 712 1907 efficitur,
744 1843 834 1896 sed
864 1843 1124 1896 occultum
1150 1853 1264 1904 est;
1295 1853 1351 1894 ut
1376 1840 1562 1895 accidit
1591 1843 1726 1894 circa

180 1934 436 1985 Aminiam
465 1942 516 1985 et
542 1931 867 2000 Sapphiram.
897 1932 1001 1984 Illic
1023 1933 1163 1984 enim
1195 1946 1364 1999 neque
1389 1931 1724 1997 praeteritum,

179 2037 353 2090 neque
381 2023 627 2084 futurum,
655 2022 745 2075 sed
773 2036 857 2074 res
887 2035 1141 2088 prtcsens,
1170 2020 1370 2072 occulta
1403 2029 1591 2073 tamen.
1628 2020 1728 2072 Pe—

182 2122 297 2164 trus
329 2128 453 2181 ergo
489 2113 599 2165 lure
629 2128 720 2180 per
746 2112 1070 2180 prophetiam
1113 2112 1387 2175 revelans,
1419 2112 1470 2164 in
1502 2111 1727 2164 medium

179 2202 410 2255 adducit.
440 2202 577 2255 Sane
603 2217 718 2269 qua:
745 2203 809 2254 ad
842 2202 994 2255 Vetus
1020 2201 1415 2254 Testamentum
1444 2202 1725 2268 pertinent,

182 2302 238 2346 ut
267 2294 382 2361 quis
407 2293 676 2345 confertim
703 2293 840 2345 dicat
865 2331 879 2355 ,
917 2290 1173 2358 ejusmodi
1213 2299 1351 2343 sunt.
1383 2289 1438 2342 In
1467 2289 1611 2342 Novo
1636 2306 1731 2342 au-

181 2391 288 2434 tem
320 2395 379 2433 ea
401 2421 415 2444 ,
450 2396 564 2448 qua:
593 2381 643 2432 in
676 2380 846 2433 Veteri
889 2379 1212 2446 :enigmatice
1241 2378 1378 2431 dicta
1409 2388 1547 2440 sunt,
1580 2378 1728 2430 exhi-

179 2468 412 2521 bentur:
444 2468 510 2521 de
555 2467 840 2536 prophetiis
878 2467 1095 2535 loquor,
1139 2468 1329 2535 quibus
1376 2466 1729 2520 testimonium

180 2557 459 2626 perhibent
488 2557 596 2624 ipsa
625 2571 781 2624 opera
805 2597 820 2622 ,
860 2571 1048 2624 nempe
1079 2559 1196 2608 vitae
1222 2556 1510 2608 institutum
1537 2557 1600 2607 ad
1628 2571 1730 2607 cm-

181 2651 292 2702 lnm
323 2664 483 2716 usque
511 2648 826 2716 pertingens,
853 2661 1040 2700 arcana
1073 2646 1360 2699 futurorum
1397 2646 1530 2698 bona
1556 2686 1569 2709 ,
1606 2647 1730 2710 Qua:

178 2755 270 2790 nec
313 2739 482 2790 oculus
509 2738 656 2802 vidit,
694 2753 779 2789 nec
807 2736 941 2787 auris
964 2736 1184 2800 audivit,
1215 2751 1301 2786 nec
1331 2736 1379 2785 in
1410 2750 1492 2786 cor
1519 2734 1730 2786 hominis

177 2829 499 2880 ascenderunt
518 2826 588 2894 (l.
608 2825 722 2878 Cor.
739 2827 792 2878 ‘2.
815 2825 889 2894 9).
907 2824 1108 2877 Novum
1129 2824 1318 2891 quippe
1340 2823 1727 2876 Testamentum

179 2917 446 2970 hominem
474 2932 565 2984 per
592 2914 750 2969 Vetus
775 2924 1043 2983 acceptum
1064 2955 1078 2979 ,
1111 2915 1376 2967 moderate
1401 2924 1452 2968 et
1479 2916 1670 2968 sensim
1700 2929 1726 2966 a

179 3007 409 3073 nequitia
435 3006 498 3058 ad
528 3006 830 3073 angelorum
855 3005 1146 3058 institutum
1168 3003 1396 3057 adducit.
1431 3005 1607 3073 itaque
1631 3005 1731 3058 Vc-

181 3099 311 3150 teris
337 3097 542 3166 quidem
575 3097 892 3151 Tcstamenti
923 3111 1052 3164 opus
1083 3105 1193 3149 erat
1221 3096 1482 3148 hominem
1527 3096 1725 3160 facere;

179 3187 312 3239 Novi
342 3195 541 3256 autem.
561 3185 821 3238 hominem
855 3184 1064 3237 efficere
1105 3185 1366 3251 angelum.
1397 3184 1728 3251 Quandoqui—

178 3277 304 3329 dem
333 3276 468 3328 enim
509 3274 733 3341 nequitia
765 3273 814 3325 id
842 3272 1014 3324 effecit
1041 3280 1095 3324 ut
1140 3271 1264 3324 illud
1306 3272 1584 3338 perderent
1627 3288 1728 3339 quo

180 3366 422 3420 homines
474 3375 619 3419 erant
644 3404 659 3428 ,
705 3365 946 3431 ipsosque
974 3364 1023 3415 in
1054 3363 1322 3415 brutorum
1358 3363 1728 3429 ignobilitatem

180 3457 374 3522 dejecit
397 3496 412 3517 ,
453 3471 512 3508 ac
543 3454 735 3509 ferinos
766 3453 991 3506 reddidit
1019 3469 1032 3515 ;
1071 3453 1153 3505 lex
1189 3451 1399 3519 quidem
1445 3452 1560 3504 illos
1586 3467 1614 3503 a
1644 3453 1728 3504 tali

179 3545 379 3597 malitia
418 3544 702 3604 liberabat;
743 3545 905 3610 gratia
943 3557 1067 3595 vero
1107 3541 1232 3609 ipsis
1272 3541 1404 3593 hanc
1445 3542 1726 3609 angelicam

181 3635 428 3684 virtutem
465 3631 624 3682 addit.
671 3630 803 3682 Sunt
842 3637 1013 3681 autem
1058 3629 1184 3681 Novi
1215 3629 1530 3681 Testamenti
1574 3630 1727 3693 libri,

181 3721 432 3788 EpiSlolac
468 3719 857 3788 quatuordeeim
888 3719 1029 3771 Pauli
1056 3719 1148 3786 (α),
1181 3727 1402 3785 quatuor
1429 3719 1725 3786 Evangelia,

177 3813 287 3865 duo
315 3811 684 3879 discipulorum
727 3809 917 3862 Christi
943 3849 956 3870 ,
1001 3807 1213 3861 Joannis
1243 3818 1295 3861 et
1330 3807 1554 3859 Matthaai
1582 3847 1596 3873 ,
1625 3808 1729 3859 duo

177 3910 360 3953 autem
388 3899 537 3951 Luca:
557 3909 607 3951 et
625 3897 777 3951 Marci
804 3914 816 3948 :
840 3911 1060 3964 quorum
1086 3896 1217 3948 alius
1245 3896 1400 3957 Petri,
1431 3896 1562 3948 alius
1584 3895 1726 3947 l’auli

177 3990 466 4056 discipulus
493 3989 604 4042 fuit.
637 3989 712 4042 llli
743 3989 882 4041 enim
921 3988 1045 4056 ipsis
1083 3989 1248 4040 oculis
1286 3987 1546 4040 Christum
1579 3988 1728 4041 vide-

178 4091 324 4142 rant,
351 4095 411 4131 ac
439 4095 555 4132 cum
596 4081 683 4131 illo
715 4080 901 4131 versati
933 4080 1173 4138 fuerant;
1207 4077 1258 4129 hi
1283 4093 1406 4130 vero
1430 4093 1487 4131 ea
1516 4094 1630 4147 qua:
1662 4094 1724 4132 ex

179 4170 314 4235 ipsis
357 4176 662 4235 acceperant
689 4208 702 4228 ,
750 4168 866 4219 aliis
911 4167 1278 4229 tradiderunt;
1327 4166 1552 4234 itemque
1597 4168 1727 4220 liber

176 4261 429 4321 Acutum,
462 4257 545 4323 qui
575 4258 728 4310 etiam
764 4256 913 4308 Lucro
939 4263 1038 4319 est,
1061 4255 1318 4307 narrantis
1345 4269 1403 4307 ca
1434 4271 1550 4324 qua:
1579 4267 1721 4323 gesta

176 4359 344 4409 sunt;
375 4355 427 4400 et
450 4362 513 4399 ex
539 4345 804 4399 catholicis
833 4355 936 4397 tres
965 4343 1210 4412 Epistolae
1245 4343 1335 4412 (b).

249 4497 321 4555 (α)
355 4497 513 4555 Mirum
533 4497 608 4542 hic
629 4495 843 4543 videatur
862 4494 1084 4555 Epistolas
1097 4494 1450 4555 quatuordecim
1476 4494 1595 4540 Pauli
1615 4501 1726 4545 ante

175 4553 435 4614 Evangelia
468 4556 593 4614 poni.
632 4561 857 4608 Quantum
896 4553 1074 4601 amaret
1119 4554 1306 4614 Paulum
1354 4554 1724 4614 Chrysostomus,

176 4610 334 4675 quani
347 4625 440 4673 prze
457 4610 559 4659 aliis
579 4614 797 4659 omnibus
816 4615 1062 4670 scriptura:
1083 4625 1230 4675 sacrze
1267 4612 1399 4659 libris
1423 4610 1528 4671 ejus
1549 4610 1725 4675 Epistoé

177 4673 255 4723 [as
277 4686 467 4733 semper
480 4686 574 4733 fore
599 4675 858 4733 menteque
883 4682 1111 4733 versaret,
1139 4673 1324 4733 ignorat
1349 4684 1488 4733 nemo
1510 4673 1589 4731 qui
1608 4678 1726 4733 scri-

203 4743 263 4782 ita
291 4730 395 4792 ejus
416 4732 490 4778 vel
517 4730 802 4792 primoribus
832 4730 978 4792 glabris
1006 4732 1233 4792 attigerit.
1275 4731 1493 4778 ordinem
1529 4730 1644 4790 ergo
1669 4731 1724 4780 li-

203 4751 263 4782 διε
291 4751 393 4792 ejus
417 4751 490 4778 νει
517 4751 793 4791 ι›Γιιιιυι·ιιιυδ
839 4751 978 4775 ΙὶἰυΙΊδ
1006 4751 1233 4776 auwunt.
1275 4751 1493 4778 Ul‘UlllUlll
1529 4751 1644 4790 (31⁷ςο
1669 4751 1724 4780 ΙΙ·

180 4751 380 4841 {it-orum
402 4791 806 4838 Novi't‘estamenti
829 4790 904 4836 hic
925 4802 1015 4836 non
1032 4766 1196 4836 ordine
1217 4791 1473 4843 recensuit,
1494 4793 1579 4837 sed
1605 4797 1652 4839 ut
1671 4806 1725 4840 se

177 4854 388 4914 primum
432 4853 592 4914 menti
614 4849 878 4898 offerebant
914 4849 1194 4908 descril'sit;
1241 4850 1307 4895 sic
1342 4856 1570 4914 Joannem
1605 4861 1726 4914 ante

176 4907 355 4958 omnes
378 4909 711 4970 Evangelistas,
737 4919 786 4958 ct
801 4917 963 4957 Lucam
986 4907 1315 4970 antestarcum
1338 4910 1507 4970 posuit.
1522 4907 1726 4959 Catholi-

176 4990 266 5024 cas
289 4967 607 5030 Epistolas'hic
630 4978 730 5030 tres
760 4969 1008 5030 recenseri
1045 4968 1177 5015 vides
1219 4967 1478 5030 secundum
1509 4977 1724 5030 Syrorum

181 5027 370 5078 morem
394 5042 576 5077 necnon
598 5027 813 5075 Ecclesiae
838 5029 1154 5084 Antiochense,
1188 5029 1266 5074 ubi
1290 5028 1444 5073 Jacobi
1470 5027 1576 5083 una,
1604 5031 1724 5076 Petri

186 5093 357 5156 prima,
381 5091 570 5138 Joannis
584 5091 702 5156 item
729 5090 873 5156 prima
895 5086 1452 5156 solaniadmittebantur.
1475 5096 1568 5143 Qua
1589 5088 1650 5134 de
1669 5101 1723 5134 re

185 5148 403 5211 pluribus
423 5162 492 5208 sui
511 5161 562 5195 ra
583 5150 628 5211 in
653 5148 851 5211 Diatriba
873 5148 1013 5192 verba
1027 5149 1250 5211 fecimus.

251 5209 322 5271 (ὁ)
357 5205 653 5271 Nota,'inquit
689 5205 982 5271 scholiastes,
1025 5206 1175 5271 ipsum
1207 5219 1303 5271 non
1326 5217 1588 5271 memorare
1612 5215 1725 5271 Apo:

184 5263 428 5330 calypsim.
456 5263 674 5328 tantidem
692 5266 793 5312 hace
814 5263 1077 5330 Scholiastis
1090 5267 1324 5330 adnotatio
1347 5263 1722 5330 aliquidncgotii

185 5324 431 5376 facessere
455 5324 627 5387 potest,
651 5330 759 5386 quta
785 5324 1112 5385 Apocalypsin),
1136 5325 1341 5387 amplum
1366 5324 1477 5387 licet
1497 5324 1682 5377 librum,
1700 5339 1724 5371 a

186 5397 372 5436 Joanne
413 5384 736 5448 Chrysostouio
761 5384 1026 5448 usurpatam
1059 5384 1262 5448 nonduin
1293 5386 1472 5448 reperi,
1514 5397 1604 5432 nec
1639 5387 1725 5448 de-

186 5449 346 5503 fuere,
368 5448 450 5508 qui
472 5442 535 5508 de
559 5447 662 5508 ejus
682 5442 956 5492 auctoritate
982 5444 1026 5508 in
1053 5442 1256 5508 Ecclesia
1279 5442 1446 5508 saltem
1466 5451 1619 5508 Graeca
1641 5445 1726 5491 du-

186 5502 464 5562 bitaverint,
490 5502 870 5566 sicéphorusque
904 5503 1163 5566 patriarcha
1195 5502 1728 5566 Constantimpolitanus

186 5571 238 5617 in
257 5568 449 5616 Canoue
471 5578 557 5611 suo
571 5563 835 5623 recensuit.
859 5564 971 5619 Quin
995 5569 1044 5608 et
1065 5564 1108 5609 in
1129 5563 1336 5608 secundo
1370 5563 1505 5611 romo’
1519 5567 1725 5623 Gregorii

190 5629 460 5674 Nazianzeni
483 5626 528 5671 in
553 5620 772 5683 Catalogo
796 5623 1019 5669 librorum
1055 5623 1317 5680 Scriptura},
1365 5624 1446 5682 qui
1481 5626 1583 5683 ejus
1614 5620 1725 5672 csse

192 5703 292 5740 non
321 5697 532 5751 putatur,
565 5691 667 5739 hazc
698 5693 930 5756 leguntur
965 5705 1016 5758 ρ.
1048 5690 1136 5739 198
1167 5705 1178 5740 :
1211 5693 1304 5745 Τήν
1338 5694 1377 5742 δ’
1421 5694 1465 5744 Ἀ
1479 5697 1733 5760 πονῶν-ριν

1215 392 1528 453 SYNOPSIS
1565 382 1954 446 SCRIPTURE
1988 379 2245 438 SACR/E.

3281 408 3389 465 318

2340 513 2572 553 svxorms
2608 515 2818 555 GENLaIS
2842 502 2883 554 ί.

1904 628 2078 682 Mundi
2125 629 2360 693 crcatio,
2405 629 2732 696 hominisque
2781 630 3040 684 formatio.
3087 631 3384 689 Mandatum

1833 718 2019 784 accipit
2045 717 2205 770 Adam
2229 757 2241 778 ,
2273 726 2326 770 et
2351 717 2603 771 formatur
2633 720 2815 771 mulier
2840 735 2903 772 ex
2929 729 3073 774 costa
3103 722 3214 788 ejus
3233 762 3247 786 ,
3273 740 3389 791 quae

1833 819 1862 857 a
1891 815 2132 872 serpente
2159 805 2394 872 decepta,
2429 807 2595 858 virum
2618 807 2830 870 decipit,
2853 818 3006 876 atque
3028 825 3127 863 una
3153 825 3270 864 cum
3298 812 3387 864 illo

1833 894 2103 947 maledicta
2125 895 2329 962 ejicitur
2353 911 2412 948 ex
2442 896 2703 964 paradiso.
2735 897 2962 964 Serpens
2991 914 3197 966 quoque
3225 902 3380 954 male-

1833 982 2023 1035 dictum
2053 985 2273 1052 accipit,
2304 995 2358 1038 ut
2387 1001 2541 1053 super
2569 995 2749 1053 pectus
2774 988 3059 1055 gradiatur.
3091 990 3218 1043 Cain
3247 991 3388 1044 occi-

1832 1072 1909 1124 dit
1948 1072 2163 1125 fratrem
2184 1114 2197 1136 ,
2231 1076 2351 1142 quia
2384 1074 2692 1129 laudabilius
2718 1091 2774 1128 se
2797 1086 3051 1143 gesserat.
3083 1079 3271 1147 datque
3297 1081 3385 1133 illo

1833 1175 2013 1227 poenas
2037 1179 2047 1212 :
2076 1171 2356 1230 posteaque
2379 1163 2569 1217 liberos
2599 1165 2830 1231 suscipit.
2859 1166 2961 1217 Eva
2989 1166 3204 1218 Sethum
3227 1169 3380 1235 parit.

1825 1245 2105 1315 Catalegus
2125 1263 2308 1301 eorum
2351 1251 2437 1318 qui
2475 1251 2540 1303 ab
2580 1251 2779 1304 Adamo
2809 1265 2858 1304 et
2886 1268 2912 1303 a
2938 1253 3099 1306 Setho
3127 1255 3227 1307 orti
3263 1265 3384 1308 sunt

1832 1353 1994 1407 usque
2023 1339 2088 1392 ad
2116 1339 2226 1392 Noe
2254 1358 2265 1391 :
2296 1340 2670 1409 hominumque
2718 1343 3011 1396 criminatio
3036 1344 3104 1396 ob
3139 1345 3380 1399 indecora

1828 1428 2106 1492 connubia,
2134 1443 2194 1480 ac
2220 1439 2438 1482 ozeteras
2469 1429 2786 1497 iniquitates.
2813 1431 2970 1484 Filios
3003 1433 3092 1486 Dei
3124 1433 3208 1486 hic
3233 1443 3382 1487 vocat

1831 1529 1922 1568 eos
1952 1517 2038 1584 qui
2075 1532 2102 1568 a
2141 1517 2299 1569 Setho
2320 1533 2482 1585 genus
2507 1518 2763 1571 ducebant
2786 1521 2802 1587 (
2829 1519 2949 1571 Gen.
2980 1521 3030 1574 6.
3059 1523 3159 1590 2);
3196 1522 3384 1575 disitur

1831 1607 1966 1658 enim
1993 1624 2006 1658 :
2035 1607 2140 1676 Ego
2171 1610 2296 1671 dixi,
2335 1608 2419 1659 Dii
2449 1609 2580 1673 estis,
2618 1619 2662 1660 et
2697 1612 2786 1677 ﬁlii
2825 1611 3064 1664 Altissimi
3111 1630 3274 1666 omnes
3307 1616 3380 1684 (α)

1833 1694 1991 1764 (Psal.
2020 1697 2103 1749 8-f.
2122 1698 2196 1763 6).
2223 1697 2377 1750 Filias
2399 1714 2520 1751 vero
2540 1699 2804 1752 hominum
2823 1713 2969 1754 vocat
2991 1718 3078 1755 eas
3100 1720 3253 1770 quam
3276 1705 3384 1758 Cai—

1832 1798 1900 1835 no
1930 1792 2056 1837 ortae
2085 1797 2251 1839 erant.
2275 1787 2512 1840 Praidicit
2545 1788 2676 1841 Deus
2707 1788 2828 1841 N01!
2853 1789 3078 1842 futuram
3113 1793 3377 1846 hominum

1834 1873 2112 1938 perniciem
2153 1889 2246 1941 per
2273 1876 2542 1940 diluvium,
2575 1886 2627 1930 et
2659 1877 2804 1944 jubet
2847 1895 3017 1932 arcam
3045 1892 3374 1945 construere,

1833 1969 2184 2016 trecentorum
2242 1965 2535 2018 cubitorum
2594 1966 2948 2035 longitudine,
3007 1972 3377 2039 quinquaginta

1831 2051 2120 2103 cubitorum
2151 2053 2440 2117 latitudine,
2469 2065 2517 2107 et
2545 2055 2750 2123 triginta
2772 2059 3060 2110 cubitorum
3087 2059 3374 2113 altitudine.

1833 2138 1898 2192 Ut
1927 2152 2096 2193 autem
2141 2145 2403 2209 ingressus
2443 2151 2521 2196 est
2566 2144 2616 2196 in
2661 2159 2833 2196 arcam
2859 2186 2871 2207 ,
2899 2147 3378 2202 advenitdiluvium

1831 2229 2166 2297 quadraginta
2196 2231 2379 2283 diebus
2409 2241 2460 2284 et
2487 2233 2826 2301 quadraginta
2862 2237 3115 2290 noctibus.
3145 2237 3379 2291 Obtinuit

1831 2330 1960 2383 aqua
1982 2327 2189 2370 centum
2212 2320 2583 2388 quinquaginta
2600 2322 2800 2375 diebus.
2827 2326 3186 2391 Apparuernnt
3205 2340 3374 2380 autem
3407 2379 3410 2382 .

1831 2406 2096 2457 cacumina
2124 2408 2374 2459 montium
2411 2411 2578 2475 primo
2605 2411 2688 2463 die
2719 2413 2903 2464 decimi
2936 2415 3147 2465 mensis.
3173 2417 3236 2466 Et
3261 2427 3378 2483 post

1831 2494 2169 2561 quadraginta
2210 2495 2322 2548 dies
2365 2498 2538 2548 emisit
2585 2512 2836 2561 corvum,
2869 2502 2956 2566 qui
2988 2515 3090 2553 non
3137 2519 3376 2558 reversus

1829 2591 1909 2634 est
1946 2599 1958 2633 :
1999 2591 2050 2635 et
2098 2591 2212 2648 post
2261 2593 2461 2650 septem
2517 2585 2627 2638 dies
2671 2587 2844 2639 emisit
2890 2589 3216 2654 columbam,
3262 2609 3378 2660 qua:

1833 2684 2038 2722 reversa
2062 2680 2141 2722 est
2172 2687 2370 2724 ramum
2398 2673 2547 2723 oliva:
2575 2684 2802 2739 gestans.
2831 2674 3052 2729 Juhetur
3072 2693 3098 2729 a
3129 2678 3238 2731 Deo
3265 2681 3374 2734 Noe

1831 2759 2006 2825 egredi
2037 2775 2096 2812 ex
2129 2776 2244 2812 area
2276 2779 2287 2811 :
2315 2773 2365 2814 et
2392 2777 2630 2830 egressus
2665 2764 2768 2817 Deo
2791 2767 3123 2832 Sacrificavit,
3155 2778 3202 2821 ot
3227 2771 3379 2824 bene-

1830 2847 1999 2900 dictus
2042 2855 2121 2901 est
2163 2865 2277 2901 cum
2307 2851 2422 2903 filiis
2462 2852 2584 2904 suis.
2632 2855 2942 2923 Accepitque
2981 2860 3377 2924 promissionem

1832 2950 1858 2985 a
1892 2937 2015 3000 Deo,
2049 2954 2150 2988 non
2178 2939 2306 2989 ultra
2339 2939 2563 2992 futuram
2588 2940 2880 3007 hujusmodi
2906 2947 3188 3012 perniciem
3213 2950 3376 3003 homi-

1834 3041 1955 3076 num
1987 3043 2076 3092 per
2101 3028 2370 3082 diluvium.
2427 3029 2608 3081 Postea
2639 3047 2759 3083 vero
2784 3031 2940 3086 Semo
2975 3037 3182 3101 quidem
3205 3049 3256 3090 et
3283 3039 3374 3091 Ja-

1832 3115 1990 3182 pheto
2035 3117 2290 3168 benedicit
2315 3159 2328 3179 ,
2363 3120 2621 3170 maledicit
2665 3131 2834 3172 autem
2866 3122 3222 3188 Chanaanum,
3252 3129 3372 3194 quia

1834 3214 1976 3271 pater
2004 3204 2118 3272 ejus
2143 3206 2302 3256 Cham
2334 3207 2655 3260 i'cvclavcrat
2685 3210 2966 3263 nuditatem
3000 3216 3179 3280 patris.
3214 3217 3375 3271 Malc-

1831 3293 1987 3346 dictio
2029 3307 2201 3345 autem
2232 3296 2313 3346 illa
2345 3308 2586 3349 eventum
2634 3297 2815 3352 habuit
2853 3302 2900 3354 in
2940 3302 3240 3359 Gabaonitis
3266 3308 3373 3375 (b);

1831 3383 1935 3435 imo
1965 3385 2136 3450 potius
2162 3387 2333 3454 specie
2362 3389 2566 3455 quidem
2599 3392 2890 3446 maledictio
2920 3405 3047 3458 erat,
3079 3400 3169 3450 sed
3192 3415 3374 3454 revera

1833 3474 2124 3539 prophetia.
2153 3476 2280 3527 llinc
2303 3487 2590 3544 sequuntur
2613 3480 2699 3547 qui
2729 3496 2789 3532 ex
2817 3481 2925 3535 Noe
2949 3486 3043 3536 orti
3067 3496 3185 3539 sunt
3213 3504 3376 3557 usque

1832 3561 1894 3612 ad
1920 3561 2120 3625 Phalec,
2145 3565 2229 3630 qui
2261 3565 2356 3618 hoc
2380 3582 2567 3619 nomen
2599 3569 2810 3621 sortitus
2837 3582 2933 3632 cst,
2962 3575 3078 3640 quia
3111 3576 3223 3642 ejus
3251 3588 3376 3632 tem-

1833 3664 1958 3716 pore
1985 3651 2145 3704 divisa
2180 3652 2268 3704 fuit
2300 3663 2454 3706 terra.
2484 3657 2627 3709 Tunc
2652 3659 2789 3711 enim
2821 3664 2999 3713 turrim
3032 3665 3372 3733 mdificarunt,

1834 3741 1968 3791 unde
1987 3740 2131 3794 locus
2167 3743 2396 3810 Babylon
2427 3755 2505 3797 est
2525 3748 2809 3813 appellatus
2829 3789 2842 3813 ,
2867 3753 3000 3817 quod
3017 3753 3377 3822 Coufusionem

1831 3829 2114 3894 significat,
2163 3832 2278 3898 quia
2329 3833 2429 3884 illic
2475 3834 2703 3887 confusa:
2753 3849 2869 3886 sunt
2932 3839 3120 3906 lingua:
3173 3857 3372 3895 eorum.

1836 3917 1988 3970 Pater
2028 3930 2199 3971 autem
2230 3920 2436 3972 Phaleci
2469 3923 2635 3973 lleher
2664 3923 2854 3975 dicitur
2899 3941 2999 3977 non
3049 3933 3376 3986 consensisse

1831 4020 1947 4056 cum
1973 4008 2175 4058 cmtcris
2195 4008 2330 4059 circa
2362 4008 2756 4062 aedificationem
2789 4015 2980 4076 turris;
3015 4015 3235 4085 ideoque
3278 4019 3375 4087 ipsi

1832 4095 2086 4162 loquelam
2134 4113 2236 4149 non
2282 4107 2528 4150 mutatum
2578 4100 2766 4164 fuisse,
2797 4104 2886 4156 sed
2933 4110 3185 4162 mansisse
3233 4111 3376 4166 illum

1894 4213 1908 4240 ί
1927 4211 2121 4278 Titulus
2145 4213 2189 4258 in
2214 4212 2508 4278 Lugdunensi
2529 4212 2640 4262 Cod.
2665 4216 2732 4278 sic
2751 4215 2954 4265 habetur
2981 4234 2991 4267 :
3032 4221 3187 4268 lli-eris
3210 4223 3376 4272 veteris

1837 4272 2107 4338 Teslamcmi
2129 4272 2360 4333 synopsis,
2396 4279 2585 4321 auctore
2622 4273 2964 4336 Chrysostomo.
2999 4279 3202 4328 Genesis.
3239 4283 3369 4330 Liber

1863 4343 2023 4379 mnus.

1829 4343 2100 4449 “mihi.th
2124 4391 2335 4451 pluribus
2359 4392 2654 4453 exillicantur
2676 4402 2800 4441 Tom.
2824 4395 2902 4450 IV,
2922 4403 3045 4442 Hom.
3071 4398 3130 4442 22
3152 4400 3195 4445 in
3220 4407 3371 4448 ϐεξηοο

1827 4452 1933 4504 sim,
1957 4454 2033 4498 ubi
2061 4453 2287 4512 probatur
2309 4465 2407 4508 eos,
2427 4452 2512 4512 ’qni
2532 4465 2556 4512 a
2583 4454 2723 4512 setho
2745 4457 2832 4498 orti
2859 4465 3008 4512 erant,
3048 4457 3165 4504 liiios
3188 4462 3268 4506 Dei
3296 4476 3373 4508 vo-

1828 4511 1940 4577 cari,
1968 4509 2116 4577 etliic
2140 4513 2240 4570 ipse
2277 4509 2408 4577 locus
2449 4509 2607 4577 l‘salmi
2739 4512 2972 4577 aflertur_:
2999 4509 3091 4574 Ego
3128 4518 3250 4577 dixi,
3296 4521 3373 4570 Ιῖῇξ

1827 4570 1952 4640 estis.
1993 4570 2128 4618 Filias
2161 4569 2328 4618 autem
2360 4573 2596 4617 hominum
2629 4569 2745 4617 filias
2779 4584 2886 4619 esse
2923 4569 3053 4622 Caini
3087 4578 3200 4625 dicit
3235 4569 3373 4640 paulo

1859 4638 2008 4676 estea.

1829 4643 2401 4760 Ῠέῗῖῗῗτυωηῖεεξξπίοίη
2421 4687 2592 4760 Ιδθίτηη
2612 4687 2670 4760 at!
2702 4700 2803 4760 σεεν·
2838 4690 3053 4760 ἓιῖετρυ
3074 4696 3250 4760 Mm:
3273 4701 3372 4760 ipsa

1833 4748 1910 4812 sic_
1927 4759 1984 4791 ex
1996 4749 2160 4816 primit
2183 4749 2545 4816 librvfos't‘omns
2571 4760 2580 4790 :
2608 4748 2677 4816 ρύ
2699 4751 2790 4816 per
2817 4752 2930 4816 ρύδὲ
2956 4755 3038 4816 τήν
3064 4748 3178 4816 ἀρἀν
3206 4748 3366 4804 διασῖτε-

1830 4805 2028 4869 σοξισᾳν,
2052 4808 2150 4852 ἀλλ’
2175 4807 2246 4851 ἐπὶ
2268 4807 2359 4869 τῷν
2384 4807 2933 4869 Γαῇαφνιίξῶνγὶαϐοὖσαν
2953 4805 3010 4858 τὸ
3034 4805 3163 4869 τέῗος
3193 4821 3285 4862 τῶν
3311 4819 3364 4864 ἐκ

1828 4866 2125 4934 ςοῦΙΧάνσαγ
2148 4866 2423 4934 γεχονὸτῳν..
2451 4867 2536 4932 Κριί
2562 4867 2659 4934 γᾴρ.
2677 4868 2721 4912 ἐν
2747 4870 2869 4922 τάξει
2897 4873 3007 4930 ἀρᾶς
3032 4866 3283 4934 «popvlum
3310 4880 3365 4924 τὸ

1829 4924 2071 4986 λεγόμενα(
2193 4928 2308 4978 Qum
2337 4923 2578 4982 ipsissima
2616 4923 2690 4972 hic
2716 4939 2908 4986 quoque
2931 4923 3208 4980 habentur:
3236 4923 3362 4984 undé

1827 4986 2009 5050 probari
2033 4985 2346 5050 videatur'hoc
2369 4986 2812 5050 opnstjhrysostomi
2832 4985 2963 5050 esse.
2978 4996 3068 5050 Irtoc
3092 4993 3238 5050 ipsum
3258 5008 3370 5042 rem

1825 5042 1887 5112 de
1922 5043 2183 5088 Gabaonitis
2219 5043 2284 5088 ait
2319 5043 2460 5089 etiam
2495 5043 2610 5089 infra
2647 5044 2692 5089 in
2727 5048 2916 5106 synopsi
2952 5046 3059 5095 libri
3089 5042 3227 5112 J'esu,
3268 5058 3370 5102 sive

1825 5108 1981 5148 Josue.

1837 5201 1920 5276 τῄχ
1951 5200 2164 5276 Ἰευᾴννου
2188 5205 2324 5276 πέλω
2352 5205 2469 5276 τινὲς
2500 5207 2578 5266 μὲν
2611 5207 2911 5276 ἐγκρίνωσιν,
2947 5216 2989 5259 oi
3030 5214 3212 5270 πλείους
3244 5217 3295 5263 δέ
3323 5234 3372 5276 γε

1837 5262 1965 5335 rebus;
1984 5262 2190 5335 λέγουσι.
2206 5264 2391 5335 rerum
2425 5262 2507 5312 hic
2532 5262 2737 5335 scriptor
2764 5281 2868 5335 non
2888 5262 3119 5335 accurate
3142 5262 3368 5335 loquitur:

1838 5319 1954 5366 Nam
1983 5321 2472 5386 l‘atnruniiGrrecorum
2502 5319 2766 5386 principes,
2793 5319 3376 5381 Athanasiusiinitianone

1839 5392 1927 5453 eruo
1951 5393 1996 5453 p.
2025 5381 2133 5453 962,
2161 5384 2380 5453 Basilius,
2417 5381 2696 5453 Gregoritts_
2711 5387 2839 5442 Μυκη
2866 5391 3158 5450 insuperqne
3195 5394 3378 5453 Hippo-

1838 5439 1968 5507 [γωδ
1993 5443 2438 5507 atqu_e_Methodius
2471 5439 2637 5492 auctor
2670 5439 2944 5507 Synopseos
2976 5439 3102 5498 inter
3130 5439 3376 5501 Athanasii

1839 5499 2025 5571 Qpera,
2051 5502 2113 5571 ad
2278 5510 2439 5549 autem
2475 5499 2765 5571 to'a_l.alina
2794 5499 3008 5571 Ecclesia
3035 5517 3066 5556 Α
3080 5499 3376 5571 pocalypsini

1840 5561 1967 5629 inter
1987 5561 2441 5629 authenticaﬁopera
2473 5565 2785 5629 admiserunt.
2813 5561 3130 5629 QUamobre'm
3157 5561 3265 5629 juré
3295 5575 3375 5617 illa

1838 5621 1970 5665 inter
1991 5621 2547 5687 οωλοηῇοειξξςςὶρ]ιιι-⁸387
2570 5627 2723 5687 locum
2751 5621 2912 5687 habet.
2940 5628 3057 5678 Vide
3080 5621 3374 5679 Olliumcnii

1838 5689 2120 5737 opuscututn
2144 5681 2190 5728 in
2217 5681 2446 5731 Biblioth.
2470 5683 2753 5733 Coisliniana
2777 5700 2821 5745 p.
2849 5686 2951 5735 278.
