4000 6220
591 385 703 440 319

573 493 691 533 eum
719 478 918 546 integra
940 491 1033 531 sua
1056 477 1300 542 dialecto,
1318 493 1434 547 qua:
1465 479 1637 534 abillo
1659 479 2134 535 denominationem

577 569 762 621 sortita
793 569 880 621 sit.
927 567 1054 621 Nam
1085 583 1201 622 cum
1228 569 1317 622 ille
1341 569 1515 624 lleber
1545 579 1854 636 vocaretur,
1887 571 2001 624 hrec
2031 571 2136 625 lle-

572 657 752 710 braiea
783 656 1038 725 appellata
1064 667 1144 710 est
1170 657 1244 726 (a)
1279 658 1458 726 :quod
1497 659 1701 727 signum
1737 669 1816 713 est
1851 659 2133 713 maximqu

573 745 888 798 Hebraicam
930 760 1049 800 esse
1087 747 1320 798 omnium
1370 747 1658 816 linguarum
1699 749 2130 817 antiquissimam.

578 835 864 901 Antequam
897 835 1036 887 enim
1077 835 1526 890 confunderentur
1555 837 1744 905 linguae
1769 879 1782 900 ,
1812 839 1909 892 hac
1954 852 2138 891 omnes

574 923 870 976 utebamur.
894 924 984 976 Est
1021 933 1199 978 autem
1227 924 1311 978 hic
1336 925 1507 979 Heber
1551 927 1686 980 inter
1708 927 1934 995 majores
1966 928 2134 981 Abra-

574 1010 675 1064 hze.
698 1011 927 1063 Assumit
949 1011 1120 1066 Thara
1149 1023 1294 1080 pater
1321 1013 1565 1080 Abrahre,
1587 1014 1720 1068 ﬁlios
1735 1029 1858 1067 suos
1876 1015 2137 1068 Abraham

571 1108 627 1152 et
653 1100 859 1153 Naehor
884 1096 1031 1170 (l'),et
1056 1111 1297 1168 nepotem
1329 1117 1480 1155 suum
1503 1103 1618 1168 Lot,
1645 1115 1697 1157 et
1720 1105 1860 1157 venit
1883 1105 1935 1157 in
1970 1103 2137 1157 Char-

578 1205 671 1243 ran
693 1231 707 1254 ,
743 1190 794 1242 in
837 1191 1011 1242 animo
1038 1192 1235 1244 habens
1265 1191 1385 1246 inde
1410 1194 1666 1261 proﬁcisci
1699 1194 1748 1246 in
1782 1202 1972 1247 terram
1999 1193 2137 1246 Cha-

577 1292 899 1331 nanaeorum.
951 1277 1148 1347 Illoque
1188 1289 1395 1334 mortuo
1442 1282 1491 1334 in
1543 1282 1810 1346 Oliarran,
1855 1282 2067 1351 jubetur
2107 1297 2138 1335 a

584 1366 689 1418 Deo
721 1365 983 1418 Abraham
1015 1369 1387 1436 transmigrarc
1433 1386 1494 1422 ex
1533 1363 1790 1437 Cltarran,
1821 1373 2040 1427 etvenit
2083 1371 2135 1424 in

578 1455 802 1523 Sychcm
830 1457 878 1507 in
909 1464 1044 1507 terra
1085 1456 1352 1510 Chanaan.
1390 1458 1454 1511 Et
1481 1458 1611 1512 dixit
1652 1461 1700 1512 ei
1746 1460 1902 1522 Deus,
1949 1460 2136 1513 semini

581 1544 697 1610 ejus
726 1559 783 1597 sc
807 1543 1049 1597 daturum
1079 1552 1270 1598 terram
1299 1548 1456 1600 illam.
1489 1547 1553 1601 Et
1578 1549 1850 1601 aedificavit
1878 1549 2138 1602 Abraham

583 1632 746 1684 altare
780 1633 904 1693 Deo,
936 1645 987 1684 et
1018 1632 1130 1686 ﬁxit
1155 1636 1544 1688 tabernaculum
1573 1651 1722 1688 suum
1751 1651 1936 1690 versus
1972 1653 2137 1691 mare.

580 1719 709 1772 Cum
748 1719 914 1774 fames
959 1731 1132 1775 autem
1178 1732 1338 1788 esset,
1388 1724 1714 1778 descendens
1760 1727 1810 1778 in
1859 1726 2140 1795 Egyptum

581 1810 832 1876 praecepit
859 1811 1006 1864 uxiri
1047 1821 1240 1879 sur,ut
1269 1813 1466 1866 diceret
1503 1830 1561 1867 se
1599 1831 1831 1869 sororem
1859 1818 1973 1886 ejus
2004 1833 2137 1871 esse.

583 1898 712 1952 Cum
762 1916 918 1966 porro
957 1903 1256 1955 sustulisset
1286 1918 1401 1956 eam
1433 1905 1654 1967 Pharao,
1683 1917 1737 1959 et
1769 1908 1858 1960 Dei
1891 1909 2140 1962 ultionem

583 1997 830 2056 expertus
869 2000 1026 2052 esset,
1058 1991 1285 2043 reddidit
1328 1994 1468 2044 illam
1509 1995 1752 2048 Abmlne.
1800 1995 2142 2064 Litigantibus

584 2079 806 2131 invicem
851 2081 1147 2146 pastoribus
1190 2081 1412 2134 Abrahae
1439 2091 1492 2136 et
1520 2083 1632 2136 Leti
1657 2125 1670 2148 ,
1702 2086 1798 2152 ipsi
1827 2086 2144 2141 habitatione

583 2168 809 2234 separati
867 2177 1006 2220 sunt.
1059 2168 1157 2221 Lot
1207 2171 1407 2237 accepit
1459 2171 1844 2225 Sodoniitarum
1905 2184 2141 2227 terram:

585 2256 850 2310 Abraham
883 2272 1006 2310 vero
1034 2258 1098 2311 ad
1134 2274 1382 2326 quercum
1427 2261 1658 2315 Mainbre
1689 2263 1973 2329 habitavit,
2021 2279 2144 2332 pro-

586 2344 969 2412 missionesque
991 2361 1198 2400 rursum
1224 2362 1253 2399 a
1287 2349 1390 2401 Deo
1416 2352 1637 2418 accepit,
1665 2353 1776 2419 ejus
1803 2368 1981 2407 semen
2011 2355 2146 2408 mul-

586 2433 805 2486 titudinc
833 2435 1221 2502 propagandum
1249 2452 1386 2500 esse,
1425 2447 1478 2491 et
1505 2439 1643 2491 illam
1690 2449 1881 2494 terram
1933 2457 2142 2510 posses-

584 2535 785 2575 surunt.
815 2523 1273 2593 Chodollagomor,
1303 2527 1420 2594 quia
1443 2527 1509 2580 ab
1533 2529 1645 2597 ipso
1669 2529 1971 2584 defecerant
1995 2533 2148 2600 quin-

583 2626 686 2679 que
711 2627 860 2681 reges
883 2613 1220 2668 Sodomitiea:
1243 2624 1417 2681 terrae,
1436 2620 1521 2685 qui
1549 2619 1644 2685 ipsi
1671 2621 1812 2687 prius
1835 2623 2142 2685 servierant,

585 2702 868 2768 assumptis
915 2717 1090 2755 secum
1142 2704 1308 2758 tribus
1353 2706 1467 2760 aliis
1511 2709 1753 2776 regibus,
1787 2711 1979 2765 bellum
2019 2712 2144 2780 ipsis

587 2786 780 2852 intulit,
814 2805 1009 2856 eosque
1043 2793 1092 2842 in
1125 2792 1296 2859 fugam
1325 2809 1506 2847 versos
1546 2797 1779 2862 captivos
1804 2800 2050 2864 abduxit;
2091 2801 2143 2854 in

584 2875 774 2942 quibus
808 2885 923 2928 erat
949 2876 1104 2930 etiam
1133 2877 1252 2930 Lot.
1308 2879 1398 2932 llis
1442 2881 1633 2934 auditis
1675 2884 1972 2947 Abraham,
2024 2901 2141 2938 cum

587 2964 882 3015 vernaculis
932 2965 1040 3017 suis
1068 2967 1314 3018 trecentis
1340 2967 1653 3032 octodecim,
1675 2970 1790 3022 illos
1816 2972 2140 3040 insequutns,

586 3051 776 3117 eripuit
802 3049 978 3105 fratris
1025 3052 1186 3106 ﬁlium
1216 3067 1333 3106 cum
1372 3056 1604 3123 equitatu
1631 3066 1684 3109 et
1727 3059 2062 3124 mulieribus;
2092 3070 2144 3113 et

585 3139 967 3194 Melchisedeco
1019 3155 1076 3194 se
1111 3142 1438 3196 benedicenti
1481 3155 1531 3197 et
1566 3145 1804 3199 afferenti
1863 3163 2046 3215 panem
2094 3159 2146 3202 et

588 3234 761 3285 vinum
786 3273 800 3297 ,
845 3233 1073 3286 decimas
1117 3234 1280 3287 dedit.
1325 3235 1444 3288 Ideo
1481 3237 1552 3288 ait
1615 3237 1804 3290 Paulus
1836 3238 1904 3308 (τ)
1944 3241 1991 3291 in
2032 3240 2141 3307 epi-

585 3321 715 3374 stola
734 3320 796 3373 ad
827 3321 1082 3375 Hebraeos
1101 3339 1112 3373 :
1130 3321 1195 3374 Et
1215 3322 1329 3374 Levi
1357 3323 1440 3391 qui
1469 3325 1684 3377 decimas
1711 3327 1918 3394 accepit,
1941 3328 2146 3379 decima-

587 3421 666 3462 μω
702 3421 774 3462 est
798 3409 976 3480 (Hebr.
1009 3413 1058 3463 7.
1085 3412 1159 3480 9).
1181 3412 1307 3481 Regi
1337 3412 1682 3467 Sodomorum
1702 3419 1897 3484 roganti
1922 3426 1976 3468 ut
1997 3417 2144 3483 cqui-

585 3509 747 3552 tatum
777 3501 1038 3566 acciperet
1089 3516 1192 3552 non
1240 3503 1422 3554 annuit
1454 3521 1466 3554 :
1498 3502 1578 3555 Ne
1611 3505 1766 3566 dicas,
1802 3505 2002 3572 inquit,
2036 3504 2144 3573 Ego

584 3587 736 3639 (litavi
761 3586 1027 3637 Abraham.
1047 3589 1065 3652 (
1085 3585 1300 3639 Gen.M.
1328 3588 1450 3657 23).
1479 3589 1626 3641 Tunc
1654 3591 1763 3643 Deo
1793 3593 1890 3658 ipsi
1914 3592 2142 3655 dicente,

586 3677 776 3729 Marce:
805 3686 891 3728 tua
927 3692 1106 3745 magna
1139 3676 1408 3746 crit(Gcn.
1436 3678 1518 3731 15.
1554 3681 1575 3731 1
1607 3681 1645 3746 ),
1689 3680 1911 3732 ﬁliorum
1951 3681 2145 3733 orbita-

584 3775 688 3817 tem
737 3763 979 3832 deplorat
1021 3780 1033 3814 :
1078 3778 1387 3832 rursumque
1435 3765 1600 3830 audit,
1650 3782 1773 3819 eum
1814 3768 1901 3836 qui
1952 3783 2012 3820 ex
2054 3767 2143 3821 illo

582 3866 893 3920 egressurus
941 3861 1074 3914 erat,
1107 3851 1223 3919 ejus
1263 3853 1605 3906 hereditatem
1634 3867 1968 3922 accepturum
2005 3870 2137 3918 esse,

585 3952 638 3994 et
678 3955 858 3993 semen
895 3939 1008 4006 ejus
1051 3937 1279 3991 futurum
1310 3941 1444 3993 sicut
1482 3941 1658 3994 stt-llas
1703 3942 1835 3994 cadi.
1889 3941 1983 3995 llic
2004 3942 2143 4009 jacet

583 4029 711 4080 illud
739 4047 751 4079 :
784 4027 1004 4080 Credidit
1045 4027 1298 4080 Abraham
1327 4028 1461 4093 Deo,
1491 4039 1536 4080 et
1581 4040 1862 4098 reputatum
1891 4041 1959 4083 est
1985 4031 2056 4082 illi
2077 4031 2143 4082 ad

582 4118 820 4181 iustitiam
855 4115 1018 4182 (Gen.
1073 4117 1157 4169 15.
1204 4118 1296 4185 6).
1345 4117 1714 4187 Sectiones(d)
1745 4119 1880 4182 limit,
1915 4129 1965 4170 et
1991 4119 2142 4172 discit

581 4206 909 4275 peregrinum
948 4203 1173 4256 futurum
1206 4218 1320 4256 esse
1351 4219 1529 4257 semen
1552 4221 1719 4268 suum,
1745 4215 1795 4259 et
1820 4216 1996 4273 postea
2024 4205 2142 4259 libe-

579 4293 800 4347 randum
832 4290 942 4343 fore
971 4300 1242 4358 postquam
1266 4290 1570 4361 depressum
1601 4290 1750 4343 fuerit
1779 4308 1872 4359 per
1895 4293 2139 4360 quadrin-

578 4393 760 4451 gentos
789 4395 974 4434 annos.
1005 4380 1130 4433 Sara
1160 4389 1333 4433 autem
1364 4381 1482 4447 quia
1513 4379 1705 4431 sterilis
1732 4388 1861 4440 erat,
1888 4378 1978 4430 dat
1999 4380 2137 4446 Aga-

580 4486 692 4524 rcm
737 4469 1064 4529 Abrahamo,
1099 4477 1157 4521 ut
1204 4468 1397 4521 liberos
1437 4467 1725 4534 susciperet
1765 4480 1825 4517 ex
1871 4465 1978 4517 illa.
2009 4464 2136 4517 Cum

576 4568 750 4612 autem
775 4557 886 4610 lucc
913 4568 1116 4609 uterum
1138 4563 1386 4623 gestaret,
1418 4563 1596 4608 contra
1638 4551 1814 4604 heram
1844 4566 1990 4604 suam
2020 4567 2138 4607 sese

577 4647 761 4699 extulit
801 4662 811 4696 :
844 4645 1104 4712 traditque
1145 4644 1284 4696 illam
1342 4644 1486 4696 Sane
1535 4641 1832 4704 Abraham,
1866 4650 1921 4691 ut
1957 4650 2138 4692 eonlu-

578 4733 789 4787 tneliam
825 4732 1183 4784 ulcisceretur.
1209 4730 1294 4782 Illa
1323 4743 1449 4782 vero
1468 4728 1533 4780 ab
1560 4727 1682 4779 hera
1707 4742 1796 4779 sua
1828 4728 1964 4779 male
1989 4742 2138 4780 accc-

585 4830 694 4889 pta,
734 4834 761 4870 a
802 4819 958 4871 domo
984 4817 1201 4885 aufugit,
1229 4816 1294 4869 ab
1319 4817 1610 4884 angeloque
1644 4815 1858 4880 jubetur
1884 4814 1947 4866 ad
1974 4814 2137 4866 domi-

637 4948 708 5010 (a)
745 4953 837 4996 Itoc
860 4947 1102 5010 ipsum__d_e
1125 4945 1330 5010 Hebe‘ro,
1364 4944 1454 4991 etsi
1478 4944 1690 5000 brevius,
1733 4943 1845 4989 dicit
1880 4939 2045 4988 ttomil.
2079 4940 2137 4989 30

573 5011 620 5056 iu
643 5003 837 5071 lienes,
861 5003 989 5071 'I‘om.
1016 5006 1102 5071 1V,
1125 5004 1216 5071 col.
1241 5003 1347 5071 ῼἹΘ.
1468 5068 1476 5071 _
1525 5061 1535 5071 _
1603 5060 1715 5071 -Μ
1984 5059 2012 5071 υ
2047 5060 2055 5067 υ

536 5067 543 5074 ’
646 5067 716 5126 (b)
751 5067 805 5114 In
826 5059 1057 5122 'Hebrteo,
1085 5059 1140 5112 'in
1172 5064 1392 5126 Vulgata,
1435 5068 1482 5108 et
1523 5061 1570 5108 in
1603 5060 1814 5107 Fditione
1839 5066 1945 5126 Lxx
1968 5059 2136 5106 dicitur

581 5123 733 5173 'rliat‘e
757 5138 921 5174 secum
943 5127 1255 5184 assumpsisse
1274 5123 1455 5184 Abram
1479 5126 1733 5184 Qtlﬂllllll,
1761 5125 2032 5184 nouantem
2057 5126 2138 5184 Aa-

572 5187 781 5251 cltorem.
795 5187 882 5232 Sed
899 5185 1000 5248 htec
1013 5177 1155 5251 lectio
1172 5185 1218 5231 in
1243 5180 1505 5251 exemplari
1521 5178 1842 5251 Chrysostomi.
1852 5177 1974 5251 haud
1989 5178 2137 5251 e

572 5245 853 5300 habebatur,
879 5251 932 5290 ut
952 5240 1114 5306 videas
1137 5242 1301 5290 Homil.
1319 5236 1445 5289 313a
1475 5236 1666 5295 Genesi,
1685 5246 1812 5306 Tom.
1829 5237 1909 5306 iV,
1929 5236 2135 5306 cohﬁsz,

571 5320 630 5355 ια
647 5318 752 5374 we
768 5296 967 5374 mm
985 5303 1140 5374 ιεοιιιμ
1159 5315 1218 5374 aut
1238 5314 1300 5374 τδν
1323 5315 1447 5374 rem,
1459 5335 1474 5374 ε
1486 5307 1557 5374 ρει
1576 5297 1783 5374 μίξρςεεξξξξ,
1798 5296 2138 5374 Τ¹ιέέξῖςιςί91ζαέϋ

570 5376 616 5415 et
641 5359 972 5422 Nachor,etc.,
1000 5363 1307 5424 quodipsum
1339 5359 1411 5407 bis
1432 5359 1552 5407 infra
1572 5359 1828 5424 repetitur.
1852 5359 1966 5402 Hinc
1995 5369 2137 5424 porro

571 5416 1058 5487 Chrysostomo_assert
1076 5416 1260 5487 videtur
1282 5421 1382 5487 haec
1392 5419 1623 5487 Synopsis.
1638 5416 1800 5463 Multas
1813 5424 1972 5487 autem
1993 5418 2137 5482 tuisse

568 5487 615 5534 in
652 5476 1002 5543 exemplaribus
1031 5487 1135 5528 LXX
1161 5476 1434 5543 varietates
1450 5479 1760 5543 Hieronymus
1788 5483 1836 5523 et
1859 5476 1934 5543 alii
1967 5476 2136 5543 passim

567 5535 811 5592 afﬁrmant:
833 5543 987 5592 Codex
1009 5553 1197 5601 quoque
1213 5537 1542 5601 Lugdunensis
1545 5535 1799 5601 lfachoreln
1807 5537 1954 5601 etiam
1972 5535 2133 5580 habet.

624 5605 697 5664 (ε)
732 5603 852 5651 Vide
872 5593 1038 5649 Ηοωὶιῖ
1149 5601 1196 5664 in
1218 5593 1500 5664 ϐεἶιηςζοῐζι.
1523 5593 1608 5664 IV,
1624 5594 1851 5664 col-.nﬁﬂ.

626 5629 697 5664 te}
744 5629 760 5651 ν
778 5629 852 5649 Ιυΰ
873 5629 1034 5649 "vum.
1060 5629 1120 5647 υυ
1150 5629 1196 5665 ιε.
1218 5629 1329 5644 tum.
1357 5629 1500 5664 At"...
1523 5629 1540 5642 ι
1560 5629 1570 5638 .
1591 5630 1603 5651 ,
1632 5629 1719 5639 νυ..
1745 5629 1749 5638 .

626 5667 704 5723 td)
739 5664 980 5710 Sectioaes
999 5657 1285 5708 animalium.
1308 5629 1431 5704 Vide
1450 5661 1562 5702 Gen.
1596 5655 1666 5712 15,
1695 5655 1749 5700 10

1283 367 1338 422 S.
1376 367 1649 424 JOANNIS
1672 367 2138 426 CllRYSOSTOMl
2178 369 2486 429 ARCHIEP.
2518 372 3042 434 CONSTANTINOP.

3704 397 3828 448 320

2249 496 2368 534 nam
2409 497 2556 537 suam
2599 484 2805 550 redire;
2861 489 3364 560 promissionemque
3400 493 3589 562 accipit
3625 508 3819 548 semen

2247 571 2409 640 ipsius
2465 575 2912 643 multiplicandum
2966 593 3084 632 esse
3134 596 3150 632 :
3199 595 3465 651 pueroque
3519 592 3809 651 antequam

2245 673 2557 716 nasceretur
2607 678 2795 718 nomen
2844 667 3062 734 imponit
3110 671 3365 736 angelus,
3397 672 3582 724 lsmael
3634 674 3818 739 ipsum

2244 751 2532 817 appellans.
2565 752 2774 822 Peperit
2801 761 2940 821 Agar
2966 755 3270 822 lsmaelem,
3299 768 3352 812 et
3380 759 3650 813 Abraham
3686 775 3816 812 cum

2244 839 2527 907 nonaginta
2577 855 2769 895 novem
2819 857 3074 898 annorum
3113 854 3286 905 esset,
3337 862 3527 901 nomen
3570 850 3809 901 mutavit.

2244 925 2357 979 Non
2389 928 2527 980 enim
2561 930 2695 982 ultra
2736 923 2952 997 Abram,
2993 933 3084 987 sed
3124 933 3388 988 Abraham
3441 945 3661 990 vocatus
3701 945 3807 989 est.

2245 1015 2492 1086 Praecipit
2521 1019 2587 1071 illi
2631 1021 2766 1074 Deus
2793 1032 2848 1075 ut
2876 1023 3277 1077 circumeldatur
3319 1039 3434 1078 eum
3469 1035 3574 1078 tota
3605 1025 3762 1078 domo
3795 1044 3810 1077 :

2243 1122 2536 1178 nomenque
2573 1109 2714 1164 Sara:
2740 1122 2986 1177 mutatur,
3013 1124 3330 1183 vocaturque
3365 1113 3458 1168 illa
3489 1114 3639 1169 Sara.
3695 1118 3795 1169 Ac—

2243 1208 2369 1276 cipit
2411 1208 2671 1262 Abraham
2714 1210 3111 1278 promissionem
3157 1211 3294 1264 circa
3337 1209 3591 1266 lsaacum.
3627 1213 3814 1277 Appa—

2243 1305 2323 1350 ret
2359 1298 2655 1350 Abrahamo
2695 1298 2856 1352 Filius
2903 1301 2990 1353 Dei
3034 1299 3106 1370 (a)
3144 1315 3260 1354 eum
3305 1300 3505 1353 duobus
3559 1300 3764 1369 angelis
3792 1340 3809 1361 ,

2243 1395 2296 1441 et
2335 1387 2406 1439 ait
2449 1388 2519 1440 illi
2554 1405 2567 1442 :
2598 1390 2832 1442 Revertar
2869 1391 2934 1441 ad
2971 1399 3016 1444 te
3053 1401 3268 1460 tempore
3303 1392 3396 1443 isto
3435 1393 3500 1443 ad
3537 1391 3692 1444 horas
3719 1405 3737 1442 :
3763 1400 3814 1442 et

2244 1475 2435 1527 habebit
2461 1477 2621 1542 ﬁlium
2653 1478 2812 1532 Sarra
2839 1495 2963 1531 uxor
2987 1490 3070 1532 tua
3092 1479 3110 1551 (
3134 1478 3350 1534 GenJS.
3388 1478 3512 1549 10).
3535 1479 3812 1533 Abraham

2245 1565 2486 1618 obsecrat
2512 1567 2670 1619 Deum
2713 1583 2806 1634 pro
2845 1567 3110 1622 Sodomis.
3155 1567 3266 1620 Duo
3291 1569 3458 1636 angeli
3501 1568 3719 1621 veniunt
3742 1567 3811 1619 ad

2245 1652 2362 1705 Lot.
2405 1652 2662 1708 Instantes
2703 1654 2988 1708 Sodomita:
3033 1657 3338 1724 perquirunt
3374 1671 3481 1719 eos,
3525 1665 3578 1709 et
3617 1671 3813 1723 percu-

2246 1741 2442 1793 tiuntur
2470 1743 2719 1796 caecitate.
2753 1743 2989 1797 Abducto
3038 1755 3211 1796 autem
3260 1745 3389 1797 Loto
3436 1744 3606 1813 angeli
3652 1759 3809 1812 egre-

2246 1829 2458 1883 diuntur
2503 1830 2659 1884 domo
2688 1849 2701 1884 ε
2733 1840 2784 1884 et
2812 1833 2922 1900 ipse
2953 1833 3162 1901 quidem
3210 1848 3328 1886 cum
3380 1833 3585 1886 ﬁliabus
3632 1835 3815 1886 salvus

2245 1921 2473 1990 confugit
2495 1922 2544 1974 in
2570 1921 2770 1990 Segor:
2800 1939 2929 1974 uxor
2954 1934 3125 1976 autem
3155 1925 3268 1991 ejus
3294 1923 3426 1976 facta
3455 1932 3536 1975 est
3561 1925 3808 1976 columna

2247 2010 2386 2074 salis,
2416 2011 2532 2077 quia
2560 2020 2699 2063 retro
2729 2011 2972 2077 respexit.
3002 2011 3069 2065 Ut
3095 2026 3218 2065 vero
3241 2012 3626 2065 Sodomitaruin
3664 2013 3813 2079 regio

2247 2098 2456 2151 incensa
2485 2107 2563 2152 est
2583 2140 2595 2162 ,
2625 2109 2677 2152 et
2705 2099 2800 2152 Lot
2826 2101 2876 2152 in
2905 2111 3132 2153 montem
3166 2116 3222 2154 se
3262 2102 3513 2164 contulit,
3545 2115 3815 2167 concepe-

2249 2197 2369 2240 runt
2399 2204 2461 2241 ex
2495 2190 2584 2242 illo
2627 2190 2744 2242 dure
2773 2191 2888 2243 ﬁlia:
2914 2191 3028 2258 ejus
3054 2231 3068 2255 ,
3101 2200 3152 2244 et
3183 2191 3347 2259 major
3388 2193 3588 2260 peperit
3623 2191 3775 2243 Moab
3797 2232 3813 2253 ,

2242 2275 2420 2344 junior
2445 2291 2569 2329 vero
2609 2279 2832 2330 Ammon
2885 2295 2897 2329 :
2943 2279 3137 2330 coitum
3183 2294 3307 2332 vero
3350 2295 3468 2331 cum
3509 2287 3658 2347 patre
3707 2291 3806 2345 per

2249 2365 2516 2420 ebrietatis
2541 2367 2774 2420 fraudem
2803 2377 3138 2436 consequuta:
3167 2377 3307 2430 sunt,
3355 2370 3609 2436 putabant
3664 2368 3811 2420 cnim

2248 2471 2413 2523 genus
2462 2457 2744 2510 humanum
2771 2457 3043 2511 defecisse.
3069 2459 3430 2528 Peregrinatus
3455 2469 3535 2512 est
3565 2460 3616 2511 in
3647 2458 3818 2511 Gera-

2249 2546 2323 2596 ris
2351 2545 2636 2609 Abraham,
2669 2556 2720 2599 et
2749 2547 3048 2600 Ahimelech
3095 2563 3186 2601 rex
3235 2546 3551 2601 Gerarorum
3619 2544 3814 2598 Saratu

2246 2636 2482 2702 accepit:
2522 2637 2628 2689 Deo
2650 2646 2821 2690 autem
2853 2637 3022 2690 minas
3061 2639 3110 2690 in
3143 2639 3310 2704 ipsum
3341 2637 3655 2694 intentante,
3689 2649 3819 2686 se~e

2245 2724 2500 2792 purgabat
2529 2725 2615 2777 ille
2640 2725 2836 2789 dicens,
2867 2737 3076 2792 putasse
3109 2727 3377 2780 mulierem
3401 2725 3537 2776 illam
3563 2736 3820 2775 sororem

2246 2813 2358 2879 ejus
2385 2828 2502 2866 esse
2530 2831 2543 2865 :
2574 2815 2649 2866 sic
2669 2816 2805 2866 enim
2830 2815 2938 2881 ipsa
2959 2815 3179 2867 dixerat.
3213 2813 3456 2866 Reddidit
3489 2825 3614 2863 vero
3659 2809 3819 2860 illam

2245 2899 2470 2952 Abraha:
2496 2915 2612 2953 cum
2644 2901 2814 2954 donis.
2842 2901 2988 2954 Tune
3034 2912 3308 2969 postquam
3360 2900 3560 2953 reddita
3611 2900 3820 2958 fuerat,

2245 2989 2445 3054 peperit
2469 2987 2712 3041 lsaacum.
2744 2989 2895 3055 Ejicit
2917 2999 3087 3040 autem
3111 2988 3266 3040 domo
3285 2988 3524 3040 ancillam
3551 2999 3671 3038 cum
3702 2984 3824 3034 lilio

2245 3076 2358 3138 ejus
2390 3075 2625 3129 lsmaele.
2656 3076 2956 3129 Abimclech
2976 3090 3133 3145 porro
3152 3075 3342 3143 pepigit
3357 3089 3474 3128 cum
3502 3073 3827 3126 Abrahamo

2249 3160 2438 3226 foedus,
2472 3175 2526 3215 ut
2556 3163 2684 3216 nihil
2704 3164 2907 3231 injuriae
2937 3165 3073 3217 inter
3101 3178 3192 3216 eos
3218 3161 3607 3216 intercederet:
3637 3169 3698 3213 et
3725 3173 3829 3211 εο-

2246 3253 2372 3322 cipit
2401 3254 2486 3308 ille
2514 3262 2713 3322 septem
2740 3269 2898 3322 agnas
2929 3254 2994 3307 ab
3021 3253 3335 3317 Abrahamo,
3366 3253 3416 3304 in
3445 3248 3829 3303 testimonium

2246 3346 2386 3413 putei
2411 3345 2710 3412 juramenti,
2745 3355 2797 3397 ut
2829 3345 2995 3411 palam
3035 3353 3176 3397 esset
3218 3343 3358 3396 illum
3387 3341 3609 3394 Abrahae
3655 3352 3830 3391 asse.

2245 3434 2464 3487 Jubetur
2493 3434 2753 3487 Abraham
2797 3435 2957 3486 ﬁlium
2980 3434 3173 3488 olferre
3220 3435 3273 3486 in
3321 3431 3714 3491 holocaustum.
3771 3438 3836 3483 et

2246 3523 2418 3588 oﬂ‘crt,
2452 3525 2850 3594 immolaturque
2888 3523 3025 3577 aries
3051 3538 3145 3591 pro
3169 3536 3253 3576 eo.
3295 3522 3418 3575 Hzec
3455 3533 3608 3587 porro
3635 3519 3836 3586 ﬁgura

2245 3621 2394 3666 erant
2417 3613 2724 3666 meonomite
2748 3627 2901 3680 quam
2943 3626 3039 3681 pro
3062 3612 3214 3665 nobis
3266 3610 3662 3678 dispensaturus
3691 3617 3838 3661 crat

2246 3700 2506 3754 Christus.
2534 3700 2748 3753 Moritur
2777 3700 2907 3754 Sara
2934 3742 2948 3766 ,
2979 3709 3031 3752 et
3056 3709 3231 3767 empto
3275 3699 3390 3751 loco
3426 3694 3694 3749 Abraham
3753 3697 3838 3749 ab

2246 3790 2494 3858 Ephrone
2518 3789 2773 3853 Chettaao,
2796 3787 2896 3840 illic
2925 3802 3138 3840 uxorem
3174 3786 3381 3854 sepelit,
3401 3784 3658 3851 mittitque
3687 3798 3839 3836 ser-

2245 3893 2387 3940 vum,
2422 3887 2477 3930 ut
2503 3891 2716 3929 uxorem
2737 3876 2890 3929 ducat
2912 3876 3088 3929 lsaaco
3108 3890 3170 3928 ex
3197 3873 3592 3942 Mesopotamia,
3623 3872 3838 3937 μηροὶ-

2246 3966 2394 4034 piens
2419 3980 2482 4018 ne
2503 3965 2661 4017 ﬁlium
2689 3977 2841 4016 suum
2862 3962 2949 4014 illo
2970 3962 3145 4028 ducat,
3174 3962 3218 4016 si
3245 3959 3472 4015 noluerit
3495 3958 3688 4011 mulier
3719 3973 3837 4012 ve-

2245 4055 2377 4107 nire.
2412 4053 2475 4109 Ut
2502 4062 2673 4106 autem
2701 4051 2842 4104 venit
2861 4065 3044 4105 servus
3071 4051 3121 4103 in
3153 4050 3334 4103 urbem
3351 4047 3628 4107 Nachoris,
3656 4053 3722 4098 et
3746 4046 3835 4098 si-

2241 4160 2398 4213 gnum
2416 4144 2578 4210 petiit,
2592 4157 2694 4210 quo
2706 4141 2956 4210 virginem
2973 4141 3238 4207 agniturus
3251 4146 3364 4191 erat
3379 4153 3392 4188 :
3407 4137 3608 4204 signum
3623 4143 3834 4192 autem

2243 4231 2367 4284 illud
2395 4240 2526 4293 erat,
2555 4231 2598 4282 si
2630 4230 2887 4296 przebcret
2906 4228 2990 4280 illa
3023 4227 3121 4279 sibi
3156 4237 3207 4278 et
3235 4224 3451 4277 camelis
3475 4223 3582 4275 suis
3609 4237 3834 4290 aquam

2240 4317 2305 4369 ad
2329 4317 2609 4368 bibendum
2636 4331 2649 4366 :
2674 4315 2780 4367 exit
2801 4314 3036 4367 Rebecca
3059 4312 3162 4365 ﬁlia
3192 4311 3459 4365 Bathuelis
3477 4311 3562 4363 ﬁlii
3590 4309 3833 4364 Naclm-

2241 4406 2315 4457 ris
2347 4421 2359 4453 :
2390 4403 2594 4456 Nachor
2620 4415 2743 4454 vero
2780 4401 2943 4454 frater
2979 4408 3091 4453 erat
3131 4400 3374 4454 Abrahae.
3416 4398 3546 4453 Cum
3569 4398 3834 4455 dedisset

2240 4502 2413 4545 autem
2440 4493 2548 4558 ipsa
2579 4491 2650 4543 illi
2677 4502 2730 4543 et
2748 4491 2961 4543 camelis
2976 4491 3083 4542 suis
3107 4499 3307 4557 potum,
3325 4497 3380 4542 et
3407 4489 3628 4542 dixisset
3657 4491 3835 4557 cujus

2242 4589 2381 4633 esset
2407 4581 2529 4644 ﬁlia,
2565 4580 2844 4632 introducit
2883 4580 3051 4631 virum
3080 4587 3133 4630 et
3177 4578 3404 4645 hospitio
3445 4578 3656 4646 accipit.
3711 4577 3830 4632 Ubi

2241 4669 2370 4722 dixit
2411 4670 2498 4722 ille
2524 4670 2669 4735 cujus
2695 4670 2768 4722 rei
2818 4684 2970 4722 causa
3001 4668 3246 4731 venisset,
3278 4678 3331 4722 et
3359 4668 3595 4735 petiisset
3626 4677 3684 4722 ut
3710 4669 3831 4722 sibi

2243 4760 2535 4812 traderetur
2573 4759 2764 4827 puella,
2806 4759 2854 4810 id
2889 4755 3103 4825 virginis
3132 4757 3348 4810 arbitrio
3391 4769 3638 4825 parentes
3680 4757 3830 4812 reli-

2240 4855 2478 4914 querunt.
2524 4847 2663 4898 Illam
2707 4854 3021 4897 annuentem
3061 4859 3336 4899 assumens
3363 4861 3547 4900 servus
3590 4846 3829 4900 absces-

2240 4935 2307 4986 sit
2365 4952 2377 4985 :
2430 4933 2623 4999 fuitque
2665 4932 2750 4983 illa
2792 4946 2923 4985 uxor
2965 4933 3146 4986 lsaaci.
3179 4935 3309 4987 Sara
3344 4934 3616 4992 defuncta,
3663 4933 3828 4988 ducit

2241 5020 2499 5073 Abraham
2547 5034 2765 5071 uxorem
2795 5020 3121 5083 Chetturam,
3157 5031 3210 5075 et
3254 5023 3406 5084 ﬁlios,
3445 5035 3577 5089 quos
3622 5037 3689 5073 ex
3722 5022 3823 5076 illa

2240 5118 2560 5174 susceperat,
2589 5109 2849 5174 separavit
2887 5109 2952 5161 ab
2980 5111 3176 5174 lsaaeo,
3209 5111 3514 5163 muneribus
3543 5109 3781 5165 affectos
3807 5131 3823 5164 :

2240 5213 2394 5266 opum
2420 5212 2543 5249 vero
2588 5211 2798 5249 suarum
2827 5197 3074 5252 heredem
3108 5199 3230 5251 fecit
3277 5199 3540 5260 lsaacum,
3573 5206 3627 5250 et
3663 5214 3826 5253 inor-

2240 5299 2357 5341 tuus
2385 5296 2482 5339 est.
2508 5287 2600 5337 llic
2627 5296 2969 5338 recensentur
3011 5289 3218 5339 nomina
3268 5287 3496 5338 ﬁliorum
3521 5285 3779 5342 lsmaelis
3805 5332 3822 5353 ,

2239 5378 2322 5444 qui
2346 5375 2588 5427 habitavit
2611 5374 2675 5426 ab
2693 5374 2858 5426 Evilat
2879 5390 3041 5442 usque
3063 5375 3124 5426 ad
3145 5375 3264 5426 Sur.
3279 5371 3411 5425 Cum
3437 5373 3687 5427 Rebecca
3707 5387 3824 5430 ste-

2299 5468 2368 5522 (a)
2401 5465 2538 5526 Filius
2554 5465 2635 5526 bei
2661 5466 2740 5526 qui
2767 5466 2826 5512 ab
2849 5467 3073 5512 Abraham
3101 5473 3335 5526 exceptus
3355 5473 3449 5522 est,
3469 5469 3704 5526 Dominus
3729 5480 3824 5515 m-

2237 5534 2367 5574 eatur
2385 5524 2883 5580 Itomil.4?.in’t;enes.,
2905 5532 3031 5571 'I‘om.
3057 5525 3136 5580 ιν,
3161 5525 3252 5572 col.
3278 5526 3386 5573 5‘37.
3418 5533 3486 5574 De
3511 5525 3708 5573 ﬁliabus
3733 5533 3748 5574 1
3771 5536 3822 5578 ut

2238 5584 2353 5632 infra
2381 5584 2538 5674 pap‘eis
2564 5584 2772 5674 d'ici't‘ga.‘
2787 5598 2907 5674 quae
2928 5583 3141 5644 pluribus
3174 5595 3394 5633 enarrata
3420 5596 3536 5636 sunt
3560 5587 3734 5634 lietml.
3770 5588 3822 5636 in

2246 5653 2396 5674 l‘nnnc
2525 5655 2579 5674 f‘ln
2650 5665 2659 5674 ι

2246 5641 2414 5693 Cenes.
2430 5643 2503 5700 -Η,
2525 5641 2610 5688 σοι.
2647 5641 2852 5692 ειοηίιὲ.
