4000 6220
195 367 306 422 319

188 481 349 537 αὑτοῦ
385 479 525 542 Λὼτ,
576 478 667 531 καὶ
692 477 901 548 ἔρχεται
930 477 1005 540 είς
1035 478 1276 549 Χαρῤἄν,
1307 478 1629 547 προθέμενος
1651 474 1729 537 είς

186 570 283 638 τὴν
336 568 646 622 Χαναναίων
707 567 897 628 ἐλθεῖν,
938 568 1028 619 καὶ
1076 567 1426 628 ἀποθανόντος
1470 564 1629 617 αὑτοῦ
1674 566 1728 615 ἐν

189 658 399 725 Χαρρᾷ,
435 654 815 723 προστάττεται
849 655 949 706 61:6
982 653 1071 705 :06
1112 654 1242 705 Θεοῦ
1283 655 1524 722 Ἀϐραὰμ
1559 668 1729 719 μετοι-

192 745 351 813 κῆσαι
373 744 478 797 ἀπὸ
507 745 745 813 Χαρῤᾶν,
779 743 869 795 καὶ
892 738 1049 811 ἦλθεν
1079 744 1155 804 είς
1189 742 1363 810 Συχὲμ
1386 742 1478 809 τῆς
1495 740 1593 807 γῆς
1620 741 1727 789 Χα-

186 835 339 887 ναάν.
379 834 485 886 Καὶ
506 828 652 884 εἶπεν
703 831 847 899 αύτῷ
875 834 901 883 6
943 831 1088 894 Θεὸς,
1141 829 1217 900 τῷ
1257 830 1522 897 σπέρματι
1565 824 1725 879 αὑτοῦ

181 921 374 973 δώσειν
394 921 487 988 τὴν
513 921 631 989 γῆν.
655 921 760 971 Καὶ
782 920 1117 988 ᾠκοδόμησεν
1162 917 1404 985 Ἀϐραὰμ
1442 916 1721 982 θυσιαστή-

192 1029 303 1081 ριον
325 1011 400 1079 τῷ
427 1009 541 1079 Θεῷ
561 1047 576 1072 ,
603 1010 699 1061 καὶ
731 1007 889 1078 ἔπηξε
914 1009 1009 1079 τὴν
1041 1008 1237 1076 σκηνὴν
1268 1005 1425 1058 αὑτοῦ
1451 1006 1589 1057 κατά
1634 1003 1725 1056 θά-

190 1101 409 1156 λασσαν.
444 1101 731 1171 Γενομένου
764 1100 817 1151 δὲ
845 1099 1021 1168 λιμοῦ,
1047 1097 1313 1151 κατελθὼν
1355 1099 1431 1158 είς
1460 1096 1725 1162 Αἴγυπτον

187 1189 625 1259 παραγγέλλειτῇ
655 1191 865 1257 γυναικὶ
891 1188 1049 1241 αὑτοῦ
1086 1190 1275 1247 εἰπεῖν,
1307 1188 1385 1239 ὅτι
1418 1184 1615 1253 ἀδελφὴ
1637 1185 1726 1234 αύ-

183 1279 279 1331 ιτοῦ
305 1280 409 1347 εῖη.
441 1281 545 1332 Καὶ
570 1279 742 1331 λαϐὼν
776 1278 938 1347 αὐτὴν
970 1276 1183 1346 Φαραὼ,
1219 1277 1308 1329 καὶ
1353 1275 1588 1335 ἐτασθεὶς
1623 1273 1724 1323 61:6

188 1368 278 1421 :06
304 1368 458 1429 Θεοῦ,
487 1366 663 1421 δίδωσι
683 1368 757 1437 τῷ
792 1367 1052 1437 Ἀϐραάμ.
1077 1366 1461 1436 Μαχεσθέντων
1480 1365 1583 1416 τῶν
1610 1380 1725 1415 ποι-

180 1458 360 1524 μένων
394 1454 485 1507 τοῦ
548 1454 791 1524 Ἀϐραάμ
839 1454 929 1506 καὶ
985 1454 1075 1506 τοῦ
1120 1455 1235 1504 Λὼτ
1287 1452 1417 1522 1:96;
1446 1451 1720 1519 ἀλλήλους,

178 1546 432 1597 ’διείλοντο
461 1544 557 1606 τὰς
587 1546 839 1612 οἰκήσεις,
862 1546 967 1597 Καὶ
1000 1546 1025 1595 6
1057 1545 1152 1613 μὲν
1178 1542 1296 1595 Λὼτ
1327 1541 1479 1592 ἐλαϐε
1507 1541 1600 1608 τὴν
1627 1542 1722 1590 Σο-

182 1634 447 1702 δομηνὼν,
488 1636 520 1686 6
552 1632 606 1684 66
652 1632 897 1700 Ἀϐραάμ
928 1632 1058 1699 πρὸς
1083 1634 1146 1698 τῇ
1189 1628 1305 1697 δρυῒ
1343 1629 1406 1696 τῇ
1444 1626 1667 1697 Μαμϐρλ¹
1693 1639 1717 1664 α

188 1722 519 1792 κατῴκησεν,
548 1722 869 1789 ἐπαγγελίας
908 1737 967 1772 τε
1020 1718 1175 1772 ἐλαϐε
1224 1718 1381 1770 πάλιν
1444 1718 1589 1784 παρὰ
1627 1716 1717 1767 τοῦ

187 1812 337 1875 Θεοῦ,
367 1814 459 1864 καὶ
486 1814 563 1864 ὅτι
596 1814 673 1873 είς
705 1811 902 1878 πλῆθος
932 1806 1177 1861 ἐπιδώσει
1210 1807 1370 1859 αὑτοῦ
1397 1804 1455 1857 :6
1481 1805 1711 1873 σπέρμα,

186 1905 279 1954 καὶ
324 1903 404 1953 ὃτι
450 1900 837 1969 κληρονομήσει
883 1897 979 1967 τὴν
1028 1898 1152 1966 γῆν.
1218 1896 1278 1948 '0
1332 1894 1716 1961 Χοδολαγομὸρ,

186 1992 368 2060 ἐπειδὴ
406 1992 709 2057 ἀπέστησαν
741 1987 901 2040 αὑτοῦ
950 1987 997 2038 οί
1057 1987 1212 2037 πέντε
1274 1984 1500 2053 βασιλεῖς
1547 1986 1595 2033 οί
1622 1984 1717 2050 τῆς

185 2078 507 2148 Σοδομηνῆς,
535 2076 867 2137 δουλεύοντες
894 2074 1039 2143 αὑτῷ
1086 2074 1363 2143 πρότερον,
1397 2071 1721 2141 παραλαϐὼν

180 2167 399 2236 ἐτέρους
447 2164 676 2233 βασιλεῖς
716 2164 879 2233 τρεῖς,
910 2162 1332 2231 ἐπεστράτευσεν
1400 2164 1594 2223 αὐτοῖς,
1630 2162 1718 2213 καὶ

180 2254 589 2323 τροπωσάμενος
620 2251 804 2304 ἐλαϐεν
850 2250 1231 2320 αίχμαλώτους·
1268 2252 1325 2303 ἐν
1374 2247 1450 2312 οἷς
1478 2248 1541 2319 ἦν
1569 2253 1657 2302 καὶ
1688 2252 1714 2301 6

180 2342 323 2395 Λώτ.
364 2344 421 2394 '0
445 2342 499 2394 66
539 2340 781 2409 Ἀϐραὰμ
818 2340 1071 2404 ἀκούσας,
1123 2339 1213 2390 καὶ
1236 2340 1328 2391 σὺν
1378 2342 1483 2399 τοῖς
1514 2341 1716 2403 οἰκογε-

176 2436 325 2485 νέσιν
353 2431 511 2483 αὑτοῦ
540 2431 859 2501 τριακοσίοις
884 2428 1153 2482 δεκαοκτὼ
1200 2429 1545 2493 καταδιώξας,
1581 2428 1714 2491 ἐξεί-

179 2523 302 2574 λετο
327 2521 416 2573 τὸν
441 2519 744 2586 ἀδελφιδοῦν
779 2519 912 2587 μετά
937 2520 1033 2587 τῆς
1062 2518 1224 2570 ἵππου
1267 2518 1355 2569 καὶ
1381 2518 1484 2570 τῶν
1538 2534 1717 2583 γυναι-

178 2612 311 2664 κῶν·
369 2612 459 2663 καὶ
514 2608 587 2678 τῷ
642 2610 738 2678 μὲν
766 2609 1087 2677 Μελχισεδὲκ
1141 2609 1484 2676 εύλογήσαντι
1537 2607 1713 2672 αὑτὸν,

178 2701 509 2767 ἐξενεγκόντι
541 2700 734 2767 ἄρτους
774 2714 831 2749 τε
861 2698 953 2749 καὶ
974 2694 1131 2759 οἶνον,
1158 2699 1382 2766 δεκάτην
1412 2698 1593 2749 ἔδωκε.
1632 2699 1719 2747 Διό

176 2806 343 2859 φησιν
367 2792 393 2841 6
423 2788 625 2849 Παῦλος
655 2788 711 2840 ἐν
729 2789 792 2856 τῇ
815 2786 947 2855 πρὸς
980 2786 1276 2857 Ἐϐραίους,
1302 2788 1380 2837 ὅτι
1406 2772 1513 2836 Καὶ
1532 2782 1717 2851 ό[ὖ·20]

179 2879 358 2941 Λευίς
385 2879 414 2929 ό
430 2875 676 2938 δεκάτας
698 2874 1009 2940 λαμϐάνων
1028 2873 1423 2925 δεδεκάτωται.
1473 2871 1604 2921 Ὑπὸ
1627 2869 1718 2920 τοῦ

178 2967 439 3035 βασιλέως
490 2967 731 3036 Σοδόμων
772 2963 1133 3035 παρακληθεὶς
1167 2961 1261 3031 τὴν
1314 2961 1474 3011 ίππον
1520 2958 1717 3018 λαϐεῖν,

178 3059 282 3110 οὐκ
309 3058 607 3109 ἐπένευσεν·
652 3056 779 3110 Ἵνα
794 3054 877 3121 μὴ
905 3054 1093 3118 εῑπῃς,
1124 3052 1453 3120 φησὶν,Ἐγὼ
1465 3047 1721 3099 πεπλού-

183 3164 333 3215 τηκα
368 3147 471 3199 τὸν
498 3144 758 3212 Ἁϐραάμ.
782 3142 911 3195 Τότε
938 3141 1028 3193 τοῦ
1062 3140 1190 3191 Θεοῦ
1220 3139 1354 3208 πρὸς
1370 3136 1525 3189 αὑτὸν
1542 3134 1718 3186 εἰπόν-

179 3254 292 3300 τος,
314 3238 391 3289 ὃτι
418 3235 477 3287 '0
493 3234 704 3302 μισθός
736 3248 849 3286 σου
870 3231 1062 3294 πολὺς
1074 3230 1261 3289 ἔσται,
1285 3227 1602 3295 ἀποδύρεται
1624 3226 1720 3292 τὴν

180 3325 451 3381 ἀπαιδίαν·
494 3326 583 3377 καὶ
610 3321 790 3375 ἀκούει
830 3322 1007 3383 πάλιν,
1040 3321 1118 3371 ὅτι
1152 3320 1179 3369 6
1232 3318 1289 3381 ἐξ
1320 3316 1479 3367 αὑτοῦ
1514 3316 1720 3377 ἐξελευο

182 3416 409 3485 ρόμενος
438 3415 821 3484 κληρονομήσει
859 3410 1016 3464 αὐτὸν
1038 3451 1052 3475 ,
1113 3408 1203 3461 καὶ
1229 3406 1288 3458 :6
1326 3407 1540 3474 σπέρμα
1562 3402 1719 3455 αὐτοῦ

181 3505 336 3559 ισται
364 3506 437 3566 ώς
455 3504 521 3557 τά
550 3504 719 3573 ἄστρα
732 3503 822 3555 τοῦ
849 3499 1091 3570 ούρανοῦ.
1140 3498 1394 3550 Ἐνταῦθα
1431 3499 1600 3548 κεῖται
1638 3494 1717 3556 τὸ,

195 3597 583 3648 Ἐπίστευσεν
606 3592 845 3659 Ἀϐραὰμ
870 3590 945 3654 τῷ
976 3589 1113 3653 Θεῷ,
1146 3588 1238 3641 καί
1262 3588 1536 3653 ἐλογίσθη
1567 3582 1721 3646 αὐτῷ

181 3688 271 3749 εἰς
299 3684 703 3747 δικαιοσύνην.
738 3682 814 3733 Τά
855 3679 1248 3748 διχοτομήματα
1274 3678 1430 3735 ποιεῖ,
1466 3676 1556 3726 καὶ
1592 3691 1722 3741 μαν-

181 3775 331 3827 θάνει
356 3775 437 3825 ὅτι
463 3772 714 3842 πάροικον
766 3768 911 3820 ἐσται
950 3767 1010 3819 :6
1038 3767 1252 3836 σπέρμα
1285 3764 1444 3817 αὑτοῦ
1470 3803 1484 3827 ,
1525 3765 1614 3813 καὶ
1641 3764 1720 3814 ὃτι

183 3863 324 3931 μετά
353 3862 519 3914 ταῦτα
557 3859 1006 3927 ἀπαλλαγήσεται,
1058 3854 1192 3924 μετὰ
1239 3855 1296 3905 :6
1330 3853 1720 3920 ταπεινωθῆναι

180 3951 277 4020 ἔτη
299 3950 640 4019 τετρακόσια.
666 3951 844 4020 Σάρρα
873 3949 927 3999 δέ
954 3947 1071 3998 ἐπεὶ
1102 3947 1281 4013 στεῖρα
1307 3939 1395 4011 ἦν,
1429 3942 1604 3993 δίδωσι
1624 3941 1720 4009 τὴν

184 4044 365 4110 Ἀγαρ
390 4040 467 4108 τῷ
508 4040 782 4109 Ἁϐραάμ,
835 4039 919 4090 ἶνα
971 4036 1406 4103 παιδοποιήσηται
1440 4032 1494 4097 ἐξ
1534 4033 1717 4100 αὐτῆς.

192 4130 284 4191 Ὠς
306 4129 360 4180 δὲ
390 4126 570 4187 ἐκύει,
619 4127 826 4197 ἐπήρθη
882 4123 1018 4177 κατὰ
1059 4123 1156 4191 τῆς
1189 4122 1374 4190 κυρίας
1422 4121 1603 4187 αὐτῆς·
1632 4120 1721 4171 καλ⁵

180 4220 394 4273 δίδωσιν
421 4219 585 4286 αὐτὴν
615 4221 678 4287 τῇ
711 4218 890 4286 Σάρρᾳ.
922 4218 950 4268 6
993 4214 1257 4284 Ἀϐραὰμ,
1275 4212 1410 4264 ὥστε
1439 4210 1635 4279 ἀμῦναι
1656 4211 1718 4277 τῇ

183 4308 339 4378 ὕϐρει
375 4311 440 4376 τῇ
458 4308 668 4376 ἑαυτῆς.
694 4307 757 4358 Ἡ
783 4307 838 4358 δέ
867 4305 1167 4358 κακωθεῖσα
1188 4305 1289 4356 61:6
1304 4304 1399 4371 τῆς
1424 4302 1719 4369 δεσποίνης,

181 4399 392 4468 ἀπέδρα
424 4398 529 4450 ἀπὸ
556 4398 649 4466 τῆς
670 4399 861 4462 οἰκίας,
904 4397 995 4449 καὶ
1048 4396 1318 4448 κελεύεται
1356 4396 1458 4447 61:6
1495 4394 1721 4461 ἀγγέλου

181 4489 590 4558 ἀποστραφῆναι
645 4487 777 4555 πρὸς
819 4486 913 4555 τὴν
951 4487 1139 4555 κυρίαν
1170 4485 1352 4551 αὐτῆς·
1384 4482 1638 4551 λαμϐάνει
1664 4497 1721 4530 τε

181 4578 534 4645 ἐπαγγελίαν,
562 4578 642 4630 ὅτι
668 4577 726 4629 τὸ
766 4577 981 4645 σπέρμα
1015 4575 1179 4642 αὐτῆς
1210 4571 1454 4625 ἐπιδώσει
1483 4574 1559 4633 είς
1588 4571 1722 4637 πλῆ-

184 4680 297 4746 θος,
320 4682 410 4733 καὶ
429 4681 594 4749 δνομα
615 4680 691 4750 τῷ
712 4680 902 4750 παιδίῳ
936 4681 1059 4750 πρὶν
1100 4680 1134 4747 ἦ
1161 4679 1406 4747 τεχθῆναι
1429 4677 1723 4746 ἐπιτίθησιν

182 4785 211 4834 6
237 4781 484 4848 ἄγγελος,
522 4781 737 4851 Ἰσμαὴλ
759 4782 916 4835 αὐτὸν
938 4781 1128 4834 καλῶν.
1158 4782 1423 4849 Ἔτεκενή
1446 4782 1619 4849 ’Ἅγαρ
1637 4780 1722 4831 τὸν

195 4887 440 4957 Ἰσμαὴλ,
484 4888 576 4939 καὶ
616 4885 855 4955 ’Δϐραάμ
894 4884 1026 4936 ἐτῶν
1074 4886 1389 4952 ἐνενήκοντα
1428 4886 1578 4936 ἐννέα
1600 4902 1725 4953 μετ·

182 4984 514 5057 ωνομάζετο.
558 4988 748 5040 Οὐκέτι
788 4987 894 5056 γὰρ
941 4987 1172 5056 ΙἈϐροιμ,
1214 4982 1344 5038 ἀλλὰ
1386 4986 1627 5054 Ἀϐραὰμ
1670 4990 1722 5037 ἐ-

183 5090 384 5161 κλήθη.
409 5090 693 5143 Κελεύεται
724 5090 825 5141 61:6
852 5089 940 5141 :06
980 5089 1109 5141 Θεοῦ
1150 5088 1537 5157 περιτμηθῆναι
1566 5088 1722 5150 αὐτὸς

185 5192 524 5261 πανοικεσίᾳ.
555 5192 663 5243 Καὶ
689 5192 752 5243 :6
771 5190 866 5259 τῆς
900 5191 1072 5259 Σάρας
1104 5190 1268 5258 δνομα
1297 5191 1593 5257 ἀμείϐεται,
1633 5191 1724 5244 καὶΙ

183 5292 429 5345 καλεῖται
454 5291 652 5358 Σάρρα.
678 5291 785 5342 Καὶ
811 5290 1069 5356 λαμϐάνει
1097 5287 1329 5357 περὶτοῦ
1366 5288 1540 5339 ἰσαάκ
1559 5291 1726 5354 ἐπαγ-

179 5378 368 5443 γελίαν
396 5378 423 5426 6
456 5377 716 5446 Ἀϐραάμ.
755 5376 1115 5441 Ἐπιφαίνεται
1158 5381 1230 5445 τῷ
1263 5376 1507 5445 Ἀϐραὰμ
1545 5374 1574 5427 6
1604 5371 1732 5440 Υίὺς

253 5534 512 5597 ξΜαμδρή
556 5533 823 5597 legiturjn
861 5533 1079 5583 Homi'iis
1111 5535 1157 5582 in
1184 5536 1427 5585 Genesim.
1456 5536 1550 5584 Sed
1584 5552 1723 5597 quam

187 5593 347 5647 belli:
364 5593 429 5643 είι
446 5593 611 5643 barum
634 5594 867 5643 vocalium
888 5610 918 5651 η
952 5600 1002 5643 ει
1023 5613 1037 5643 ι
1062 5598 1364 5645 commulalio
1388 5610 1529 5646 nemo
1552 5593 1718 5646 uéscil.

1268 359 1593 419 SYNOPSIS
1630 360 2033 417 SCRlPTL'R/E
2073 360 2332 417 SACRE.

3268 378 3375 429 320

1828 475 1916 527 :06
1942 475 2071 527 Θεοῦ
2102 478 2235 545 μετὰ
2262 476 2351 529 δύο
2386 478 2645 545 ἀγγέλων,
2680 480 2773 532 καὶ
2815 477 2955 547 λέγει
2998 483 3131 551 πρὸς
3178 484 3335 539 αὐτόν
3356 502 3367 515 ·

1838 564 2146 627 Ἔσται-λήξω
2178 566 2322 631 πρὸς
2348 566 2421 617 σὲ
2457 570 2604 620 κατὰ
2657 571 2759 620 τάν
2808 570 3009 635 καιρὸν
3038 573 3249 624 τοῦτον
3288 576 3371 635 είς

1825 652 1992 720 ὧρας,
2013 656 2106 707 καὶ
2127 655 2248 716 ἕξει
2277 657 2408 707 υἱὸν
2434 657 2623 722 Σάριὶα
2643 658 2677 721 ἡ
2693 658 2840 725 γυνή
2862 674 2990 709 σου.
3013 660 3252 729 Ἀϐραὰμ
3268 663 3370 713 δεῖ-

1824 759 1911 794 ται
1940 744 2030 795 τοῦ
2063 744 2195 796 Θεοῦ
2218 744 2354 813 ὑπὲρ
2380 745 2639 813 Σοδόμων.
2667 744 2728 799 OE
2764 747 2852 798 δύο
2879 748 3093 813 ἄγγελοι
3125 751 3367 818 ἔρχονται

1826 830 1956 897 1:96;
1980 830 2067 881 τὸν
2098 829 2235 883 Λώτ.
2278 830 2613 891 Ἐπιστάντες
2644 832 2691 881 οί
2750 832 3021 895 Σοδομῖται
3076 834 3366 902 ἐπεζήτουν

1824 919 2033 980 αὐτοὺς,
2059 921 2149 971 καὶ
2182 919 2493 989 πλήττονται
2521 920 2870 989 ἀορασίᾳ.Τὸν
2891 922 2944 972 δὲ
2968 923 3084 973 Λὼτ
3120 924 3365 984 λαϐόντες

1824 1010 1869 1057 οί
1898 1009 2110 1073 ἄγγελοι
2148 1009 2363 1077 ἐξῆλθον
2415 1009 2509 1076 τῆς
2558 1012 2730 1070 οἰκίας
2756 1025 2767 1037 ·
2816 1011 2906 1061 καὶ
2940 1012 3095 1072 αὐτὸς
3125 1014 3220 1079 μὲν
3252 1015 3363 1081 ἅμα

1824 1098 1941 1155 ταῖς
1984 1096 2272 1165 θυγατράσι
2320 1098 2634 1159 διασώζεται
2681 1100 2757 1159 είς
2792 1100 3064 1167 Σηγώρσή
3123 1102 3175 1151 66
3230 1104 3361 1171 γυνὴ

1824 1182 2008 1247 γέγονε
2036 1184 2198 1253 στήλη
2234 1185 2374 1248 ἁλὸς,
2410 1184 2588 1253 ἐπειδὴ
2629 1186 2924 1252 ἀπέϐλεψεν
2955 1189 3031 1247 εἰς
3063 1188 3125 1238 τά
3172 1189 3357 1241 ὀπίσω.

1834 1271 1918 1333 Ὧς
1949 1272 2003 1323 66
2032 1274 2333 1344 ἐνεπρήσθη
2368 1276 2398 1343 ὴ
2432 1276 2721 1344 Σοδομηνὴ.
2755 1278 2842 1327 καὶ
2877 1278 3110 1345 ἀπῆλθεν
3162 1281 3236 1340 είς
3299 1281 3356 1331 τὸ

1821 1361 1941 1431 ὅρος
1975 1362 2113 1424 Λὼτ,
2144 1364 2234 1415 καλ⁵
2272 1364 2551 1416 συνέλαϐον
2583 1366 2641 1428 ἐξ
2679 1367 2835 1417 αὑτοῦ
2864 1369 2915 1418 αί
2949 1368 3235 1436 θυγατέρες
3259 1370 3355 1421 αύ-

1820 1450 1933 1511 τοῦ,
1968 1452 2114 1521 καὶή
2152 1453 2248 1521 μὲν
2284 1455 2618 1523 πρεσϐυτέρα
2664 1456 2811 1507 ἔτεκε
2856 1458 2943 1508 τὸν
2996 1458 3182 1518 Μωάδ,
3231 1461 3261 1526 ἡ
3301 1460 3356 1510 δὲ

1821 1540 2051 1609 νεωτέρα
2068 1542 2154 1592 τὸν
2196 1542 2430 1611 Ἀμμών·
2466 1545 2559 1614 τὴν
2586 1547 2639 1597 δὲ
2676 1547 2807 1614 μετὰ
2848 1547 2939 1598 τοῦ
2964 1549 3162 1615 πατρὸς
3216 1551 3357 1616 μίξιν

1821 1628 2045 1695 ἔκλεψαν
2076 1634 2139 1699 τῇ
2165 1630 2316 1700 μέθῃ·
2343 1630 2505 1700 ᾤοντο
2533 1633 2636 1701 γὰρ
2663 1634 2721 1685 :6
2765 1634 3092 1702 ἀνθρώπινον
3130 1638 3356 1688 ἐκλελοι-

1823 1719 1978 1770 πέναι
2009 1720 2177 1784 γένος.
2206 1721 2531 1790 Παρῴκησεν
2557 1726 2611 1774 ἐν
2642 1724 2891 1791 Γεράροις
2921 1726 2946 1775 6
2986 1726 3355 1794 ’Λϐίιαάμ,καὶ

1820 1806 1846 1855 6
1871 1805 2115 1872 βασιλεὺς
2154 1807 2401 1876 Γεράρων
2440 1809 2717 1877 Ἀϐιμέλεχ
2750 1811 2903 1862 ἔλαϐε
2959 1813 3057 1879 τὴν
3102 1815 3313 1884 Σάρῤαν
3339 1832 3353 1845 ·

1820 1893 2197 1961 ἀπειλήσαντος
2230 1895 2284 1945 δέ
2315 1896 2459 1965 αὐτῷ
2486 1898 2575 1949 τοῦ
2603 1898 2754 1959 Θεοῦ,
2807 1898 3116 1964 ἀπελογεῖτο
3162 1902 3350 1968 λέγων,

1818 1981 2043 2050 ἀδελφὴν
2065 1982 2223 2035 αὐτοῦ
2266 1985 2597 2052 νενομικέναι
2620 1985 2713 2054 τὴν
2748 1990 2972 2052 γυναῖκα
3006 1985 3159 2041 εἶναι·
3212 1993 3355 2044 οῦτω

1820 2070 1925 2140 γὰρ
1953 2072 2082 2138 αὑτὴ
2101 2068 2266 2125 εἶπεν.
2295 2074 2557 2125 Ἀπέδωκε
2582 2074 2635 2125 δὲ
2658 2076 2819 2143 αὐτὴν
2848 2076 2923 2143 τῷ
2954 2076 3194 2146 Ἀϐραὰμ
3220 2082 3352 2147 μετὰ

1818 2162 2018 2229 δώρων.
2055 2163 2181 2213 Τότε
2205 2162 2515 2214 ἀποδοθεῖσα
2545 2164 2711 2215 τίκτει
2735 2164 2822 2216 τὸν
2862 2166 3055 2216 Ἰσαάκ.
3128 2168 3349 2220 Ἑκϐἀλ-

1820 2249 1896 2300 λει
1927 2251 1978 2300 δέ
2014 2253 2109 2318 τὴν
2163 2252 2443 2320 παιδίσκην
2481 2252 2576 2319 τῆς
2628 2253 2797 2313 οίκίας
2851 2254 2981 2321 μετὰ
3010 2255 3099 2305 τοῦ
3148 2257 3353 2309 παιδίου

1831 2340 2067 2408 Ἰσμαήλ.
2119 2342 2172 2393 '0
2192 2342 2245 2393 66
2282 2341 2558 2410 Ἀϐιμέλεχ
2584 2341 2781 2392 τίθεται
2812 2342 2943 2410 πρὸς
2969 2343 3054 2393 τὸν
3110 2345 3351 2413 Ἀϐραάμ

1818 2428 2090 2497 διαθήκην,
2120 2429 2254 2481 ὥστε
2287 2430 2357 2498 μὴ
2407 2430 2653 2499 ἀδικῆσαι
2702 2431 2973 2500 ἀλλήλους,
3006 2433 3093 2482 καὶ
3144 2433 3352 2499 λαμϐά-

1816 2534 1891 2569 νει
1921 2519 2053 2568 ἐπτα
2085 2519 2317 2586 ἀμνάδας
2348 2519 2496 2587 παρὰ
2530 2519 2620 2570 τοῦ
2658 2519 2917 2587 Ἀϐραὰμ,
2953 2522 3030 2579 είς
3066 2520 3352 2589 μαρτύριον

1815 2601 1904 2653 τοῦ
1962 2604 2187 2670 φρέατος
2235 2604 2324 2655 τοῦ
2380 2605 2659 2671 ὁρκισμοῦ,
2727 2601 2882 2674 ἴναῇ
2943 2604 3095 2671 δῆλον
3126 2607 3204 2657 ὃτι
3259 2608 3352 2658 τοῦ

1828 2690 2072 2755 Ἀϐραάμ
2094 2690 2223 2740 ἐστι.
2247 2688 2533 2740 Κελεύεται
2564 2690 2844 2755 ἀνενέγκαι
2878 2691 2964 2741 τὸν
2993 2693 3105 2744 υἱὸν
3140 2695 3216 2754 είς
3242 2694 3354 2745 ὁλο-

1820 2776 2115 2843 κάρπωσιν,
2146 2778 2236 2828 καὶ
2283 2778 2623 2845 ἀναφέρεται,
2655 2780 2745 2829 καὶ
2778 2780 3030 2845 σφάζεται
3066 2782 3211 2849 κριὸς
3242 2783 3352 2833 ἀντ’

1822 2860 1965 2933 [3‘21]
1995 2863 2171 2915 αὑτοῦ.
2204 2865 2229 2903 b
2264 2865 2440 2916 Ταῦτα
2468 2866 2520 2917 δὲ
2564 2866 2717 2917 τύποι
2748 2863 2884 2936 ἦσαν
2928 2870 3020 2936 τῆς
3063 2870 3353 2937 μελλούσης

1817 2950 2115 3017 οίκονομίας
2140 2951 2238 3001 ὑπὸ
2263 2952 2492 3019 Χριστοῦ
2522 2952 2781 3004 τελεῖσθαι
2822 2954 2958 3024 ὑπὲρ
2989 2956 3157 3023 ήμῶν.
3200 2958 3353 3008 Ἀπο-

1818 3037 2031 3106 θνήσκει
2062 3038 2260 3107 Σάρρα,
2285 3040 2375 3089 καὶ
2408 3041 2677 3107 ἀγοράσας
2695 3041 2850 3093 τόπον
2871 3044 2897 3092 6
2930 3042 3171 3111 Ἀϐραὰμ
3206 3045 3353 3113 παρά

1816 3124 2024 3191 Ἐφρὼν
2052 3123 2141 3175 τοῦ
2176 3126 2445 3187 Χετταίου,
2483 3127 2669 3178 θάπτει
2710 3130 2821 3179 ἐκεῖ
2844 3129 2939 3197 τήν
2968 3134 3214 3195 γυναῖκα,
3258 3135 3352 3183 καὶ

1819 3212 2133 3277 πέμπειτὸν
2160 3212 2319 3261 παῖδα
2363 3212 2518 3263 αὑτοῦ
2548 3252 2561 3275 ,
2613 3213 2746 3264 ὥστε
2807 3216 3227 3282 μνηστεύσασθαι
3278 3220 3352 3287 τῷ

1831 3298 2009 3349 Ἰσαὰκ
2028 3301 2255 3363 γυναῖκα
2282 3299 2386 3350 ἀπὸ
2406 3300 2838 3367 Μεσοποταμίας,
2884 3303 3245 3369 παραγγείλας
3282 3310 3353 3375 μὴ

1818 3387 2145 3456 ἀποστρέψαι
2168 3388 2254 3438 τὸν
2288 3388 2397 3438 υίὺν
2429 3388 2587 3439 αὑτοῦ
2611 3391 2739 3452 ἐκεῖ,
2765 3392 2810 3440 εί
2836 3391 2906 3458 μὴ
2932 3391 3164 3459 βούλοιτο
3184 3394 3355 3445 ἐλθεῖν

1817 3479 1848 3544 ή
1877 3477 2029 3545 γυνή.
2077 3476 2159 3537 Ὦς
2212 3476 2264 3527 66
2292 3472 2449 3545 ἦλθεν
2474 3479 2500 3527 6
2545 3480 2666 3538 παῖς
2720 3480 2793 3539 είς
2824 3480 2918 3548 τὴν
2952 3481 3102 3532 πόλιν
3135 3483 3352 3551 Ναχώρ,

1818 3562 1980 3614 καὶτὸ
2010 3564 2225 3631 σημεῖον
2262 3564 2448 3632 ᾔτησε,
2492 3563 2610 3614 καθ’
2637 3564 2663 3615 6
2688 3565 2879 3633 ἤμελλε
2932 3569 3211 3636 γνωρίζειν
3258 3569 3355 3636 τὴν

1821 3648 2097 3716 παρθένον·
2123 3645 2187 3717 ἦν
2209 3648 2262 3699 δὲ
2301 3650 2357 3700 :6
2392 3654 2627 3717 σημεῖον,
2669 3656 2957 3721 παρασχεῖν
2982 3656 3191 3724 ἐκείνην
3211 3657 3355 3725 αύτῴ

1817 3753 1873 3788 τε
1903 3738 1992 3788 καὶ
2018 3740 2131 3799 ταῖς
2169 3738 2423 3806 καμήλοις
2440 3739 2597 3789 αὑτοῦ
2629 3742 2783 3789 πιεῖν·
2812 3742 3355 3809 ἐξέρχεταιῬεϐέκκα

1820 3829 1852 3896 ή
1901 3828 2135 3897 θυγάτηρ
2178 3828 2411 3897 Βαθουὴλ
2450 3828 2539 3880 τοῦ
2580 3829 2691 3881 υἱοῦ
2745 3831 2959 3901 Ναχώρ·
2995 3837 3021 3885 6
3058 3834 3113 3884 66
3156 3836 3354 3904 Ναχώρ

1820 3916 2039 3983 ἀδελφὸς
2064 3914 2129 3985 ἦν
2151 3917 2239 3968 τοῦ
2282 3918 2540 3986 Ἀϐραάμ·
2595 3918 2753 3971 δοῦσά
2803 3937 2860 3971 τε
2898 3922 3041 3990 αὐτῷ
3070 3926 3209 3975 πιεῖν
3262 3927 3355 3977 καὶ

1818 4011 1934 4069 ταῖς
1967 4010 2243 4075 καμήλοις,
2264 4009 2484 4060 εἰποῦσά
2512 4027 2588 4069 τε,
2625 4011 2761 4071 τίνος
2794 4012 2875 4078 εἴη
2922 4012 3181 4081 θυγάτηρ,
3249 4017 3355 4064 εἰσο

1821 4096 1938 4161 ἀγει
1968 4096 2055 4147 τὸν
2084 4097 2247 4165 ἀνδρα
2295 4098 2384 4148 καὶ
2417 4096 2625 4159 ξενίζει.
2654 4100 2865 4167 Ἐπειδὴ
2886 4100 2939 4150 δὲ
2969 4095 3115 4150 εἶπεν
3135 4103 3352 4165 ἐκεῖνος,

1817 4184 1955 4245 τίνος
1984 4185 2162 4235 ἐνεκεν
2183 4180 2330 4251 ἦλθε,
2354 4187 2442 4235 καὶ
2463 4186 2577 4254 ᾔτει
2599 4184 2691 4255 τὴν
2721 4188 2879 4238 παῖδα
2910 4187 3104 4247 λαϐεῖν,
3132 4193 3193 4257 τῇ
3219 4208 3351 4259 παρ-

1822 4272 1955 4340 θένῳ
1981 4274 2075 4340 τὴν
2135 4273 2338 4343 αἵρεσιν
2376 4273 2671 4342 ἐπέτρεψαν
2718 4277 2763 4325 οἱ
2802 4277 2988 4340 γονεῖς.
3044 4277 3125 4336 Ὠς
3156 4279 3209 4328 δὲ
3253 4280 3351 4328 ἐπ-

1820 4363 2029 4413 ένευσεν
2062 4362 2259 4429 ἐκείνη,
2302 4360 2475 4413 λαϐὼν
2500 4363 2659 4431 αὐτὴν
2684 4364 2902 4431 ἀπῆλθε·
2932 4366 3021 4415 καὶ
3051 4367 3256 4430 ἐγένετο
3280 4368 3351 4435 τῷ

1821 4449 1999 4499 Ἰσαάκ
2021 4450 2171 4517 γυνή.
2200 4449 2468 4517 Λαμϐάνει.
2494 4452 2519 4499 6
2554 4452 2794 4518 Ἀϐραέιμ
2839 4456 3065 4516 γυναῖκα
3094 4455 3187 4521 τὴν
3221 4456 3353 4505 Χετ-

1821 4538 2032 4607 τούραν,
2081 4537 2442 4607 ἀποθανούσης
2482 4541 2722 4609 Σάρρας,
2790 4543 2879 4590 καὶ
2924 4543 3043 4600 τοὺς
3087 4541 3142 4602 ἐξ
3191 4544 3353 4609 αὐτῆς

1821 4628 2131 4694 γενομένους
2163 4628 2345 4688 παῖδας
2379 4628 2741 4691 ἐξαπέστειλεν
2766 4630 2871 4679 ἀπὸ
2906 4630 3104 4680 Ἰσαὰκ.
3154 4630 3353 4696 δόματα

1821 4716 1939 4775 δοὺς
1966 4716 2272 4781 αὺτοῖς-τῆς
2306 4716 2359 4766 δὲ
2393 4717 2572 4776 οὐσίας
2606 4716 2783 4766 Ἰσαὰκ
2814 4716 3133 4784 κληρονόμον
3170 4719 3350 4786 ἐποίη-

1824 4820 1900 4862 σε,
1958 4805 2047 4853 καὶ
2092 4803 2340 4854 ἀπέθανε.
2391 4804 2467 4854 ⁷Γά
2512 4805 2743 4870 ὀνόματα
2796 4805 2898 4855 τῶν
2949 4806 3073 4855 υίὼν
3141 4807 3356 4874 Ἱσμαήλ

1822 4888 2053 4953 ἔγκειται
2077 4888 2321 4940 ἐνταῦθα·
2345 4889 2622 4958 κατῴκησε
2650 4892 2702 4941 66
2732 4892 2832 4940 ἀπὸ
2854 4892 3044 4942 Eii/.6:
3073 4893 3171 4952 ἕως
3198 4893 3350 4959 Σούρ.

1820 4978 1927 5045 Τῆς
1965 4978 2251 5039 Ῥεϐέκκας
2275 4978 2679 5047 ἐστειρωμένης,
2702 4980 3057 5031 ἐδεῖτοῚσαὰγ
3088 4980 3177 5029 τοῦ
3200 4980 3351 5040 Θεοῦ,

1821 5065 1954 5115 ὥστε
1980 5067 2122 5115 κυεῖν
2164 5065 2347 5132 αὑτήν·
2398 5066 2488 5116 καὶ
2516 5066 2695 5133 ἐπειδὴ
2746 5065 2911 5126 ἐκύει,
2956 5067 3112 5133 φησὶν
3148 5066 3277 5133 αὐτῇ
3326 5069 3353 5117 6

1821 5153 1967 5214 Θεός·
2002 5155 2113 5205 Δύο
2146 5152 2283 5218 ἔθνη
2312 5153 2379 5205 ἐν·
2422 5153 2492 5219 τῇ
2520 5156 2708 5217 κοιλίῃ
2736 5170 2867 5217 σου,
2892 5154 2985 5205 καί
3013 5155 3157 5217 λαὸς
3203 5155 3352 5208 λαοῦ

1822 5241 2105 5306 ὑπερέξει·
2125 5241 2395 5309 προλέγων
2420 5243 2482 5293 τά
2510 5244 2631 5310 περὶ
2664 5244 2922 5294 Ἰουδαίων
2957 5243 3045 5293 καὶ
3071 5243 3221 5311 ἡμῶν
3249 5244 3353 5293 τῶν

1817 5334 2165 5386 Χριστιανῶν.
2205 5335 2287 5387 Ὠς
2338 5336 2392 5387 66
2437 5338 2623 5406 ἐτέχθη
2659 5338 2723 5389 τὰ
2766 5341 2945 5391 παιδία
2979 5339 3067 5390 καὶ
3125 5337 3346 5408 ηὐξήθη,

1883 5478 1909 5515 ὶι
1940 5480 2048 5525 Ηπο
2086 5480 2145 5525 de
2173 5483 2674 5545 _sacr_iﬁc§o_Abr;:h:n,
2720 5487 2844 5543 quml
2887 5493 2988 5531 erat
3013 5488 3159 5545 ﬁgura
3186 5492 3357 5541 crucis,

1824 5540 1926 5607 sive
1952 5538 2246 5607 0199110111513
2272 5539 2463 5602 Christi,
2508 5538 2955 5605 pluribus'cxplicat
2998 5538 3359 5607 Cﬁrysuswmué

1829 5604 1956 5645 lomo
1982 5598 2057 5657 IV,
2088 5612 2133 5656 ρ.
2160 5599 2264 5649 478.
