4000 6220
640 376 740 427 321

641 472 943 526 ἀποδίῗοται
976 472 1069 524 καὶ
1097 471 1389 542 πιπράσκει
1423 471 1694 540 ἑψήματος
1722 469 1899 538 φακῆς
1947 467 2017 520 τὰ
2041 483 2190 536 πρω-

641 564 852 615 τοτόκια
867 561 1058 614 ἐαυτοῦ
1078 565 1104 614 6
1137 561 1301 614 Ἦσαῦ
1329 562 1404 631 τῷ
1432 561 1642 616 Ἰακώϐ.
1675 561 2003 630 Βουλόμενον
2027 557 2084 610 δέ
2106 557 2195 609 τὸν

653 652 835 704 Ἰσαὰκ
871 654 948 712 είς
987 654 1254 718 Λίγυπτον
1302 649 1597 711 κατελθεῖν,
1642 648 1823 716 ἐπειδὴ
1867 646 2023 714 λιμὸς
2069 661 2196 696 κατ-

645 741 826 809 ίσχυε,
878 741 1074 792 κωλύει
1117 743 1144 791 6
1197 742 1355 804 Θεὸς,
1403 738 1676 808 παραινῶν
1726 738 1850 789 ἔνθα
1884 736 2036 805 ᾧκει,
2083 736 2198 787 ἐκεῖ

646 830 844 898 μένειν,
881 829 969 882 καὶ
1002 828 1419 897 ὑπισχνούμενος
1469 826 1682 878 ἔσεσθαι
1717 826 1830 894 μετ’
1863 822 2050 884 αὑτοῦ,
2104 822 2195 873 καὶ

642 920 947 988 εὑλογήσειν
979 920 1036 971 16
1071 921 1286 990 σπέρμα
1319 919 1479 974 αὑτοῦ
1519 920 1610 971 καὶ
1658 915 1964 985 πληθυνεῖν.
1999 913 2195 966 Μαθὼν

641 1011 1013 1079 δέόβασιλευς
1047 1012 1296 1080 Γεράρων
1345 1009 1650 1077 ’Λϐιμέλεχ,
1697 1007 1777 1057 δτι
1829 1006 1863 1074 ἡ
1933 1001 2196 1054 Ῥεϐέκκα

643 1103 774 1170 γυνή
808 1101 1029 1152 ἐστιτοῦ
1062 1103 1096 1153 Ἰ
1106 1102 1243 1152 σαάκ
1286 1101 1624 1169 (ὑπώπτευσε
1644 1096 1750 1165 γὰρ
1776 1094 2007 1163 ἀδελφὴν
2033 1092 2193 1144 αὑτοῦ

642 1184 778 1239 εἶναι
810 1188 1038 1257 αὑτὴν),
1084 1187 1306 1239 θάνατον
1327 1188 1490 1257 ὥρισε
1523 1186 1577 1237 εῖ
1606 1201 1686 1246 τις
1709 1181 1976 1251 ἐξυϐρίσει
1999 1181 2076 1242 είς
2101 1182 2196 1232 αὑ-

640 1277 757 1345 τήν.
796 1277 836 1326 Τ
840 1277 924 1326 ότε
954 1275 1198 1346 ἔσπειρεν
1227 1279 1253 1328 6
1289 1277 1487 1335 Ἰσαὰκ,
1527 1272 1620 1324 καὶ
1642 1264 1797 1342 εὗρεν
1821 1269 2196 1323 ἐκατοστεύουο

644 1381 741 1416 σαν
766 1364 976 1433 κριθὴν.
1018 1365 1102 1426 Ὠς
1137 1365 1190 1415 δέ
1213 1361 1372 1432 ἦλθεν
1416 1366 1494 1425 είς
1540 1361 1766 1412 πλοῦτον
1813 1359 1981 1428 μέγαν
2004 1360 2065 1410 ἐκ
2099 1359 2195 1426 τῆς

643 1450 884 1516 εὐλογίας
916 1448 1007 1500 τοῦ
1041 1448 1574 1516 Θεοῦ,διεφθονοῦντο
1602 1445 1747 1514 αὑτῴ
1794 1447 1840 1496 οί
1862 1444 2193 1512 Φυλιστιεὶμ,

643 1540 732 1590 καὶ
757 1540 784 1588 ὁ
833 1539 1116 1608 ’Λϐιμέλεχ
1140 1538 1441 1607 ἀπήλαυνεν
1469 1537 1625 1588 661611
1674 1534 1898 1586 ἐκεῖθεν.
1939 1534 1995 1585 '0
2017 1533 2071 1585 66
2098 1534 2195 1584 οὑκ

643 1628 902 1696 ἠμύνατο,
953 1627 1063 1679 ἀλλ’
1113 1625 1442 1695 ἀνεχώρησε,
1501 1626 1592 1678 καὶ
1628 1624 1798 1694 ὼρυξε
1823 1623 2048 1693 φρέατα,
2106 1622 2196 1672 καὶ

643 1718 902 1785 ἐμάχοντο
953 1717 1078 1784 περὶ
1119 1716 1313 1782 αὑτῶν.
1381 1716 1439 1767 '0
1475 1716 1530 1768 66
1575 1716 1673 1767 οὑκ
1727 1714 2032 1771 ἀνθίστατο,
2084 1711 2194 1762 ἀλλ’

642 1807 802 1875 ἕτερα
825 1806 1082 1875 ώρυσσεν,
1114 1806 1215 1867 ἐως
1235 1799 1294 1858 οὗ
1329 1806 1633 1858 ἐπαύσαντο
1673 1817 1720 1857 ο.
1754 1805 1861 1855 Καὶ
1910 1803 2196 1868 εὐλόγησεν

643 1896 799 1947 αὑτὸν
819 1898 845 1946 6
873 1896 1022 1956 Θεός.
1072 1896 1218 1948 Καὶό
1259 1897 1442 1948 Ἰσαάκ
1475 1895 1695 1946 ἐλθόντα
1741 1894 1873 1962 1196;
1902 1892 2059 1944 661611
2109 1891 2198 1942 1611

657 1987 936 2054 Ἀϐιμέλεχ
958 1987 1172 2049 ἐδέξατο
1214 1985 1460 2053 ἀσμένως
1495 1985 1587 2036 καὶ
1636 1983 1920 2042 εἱστίασεν,
1973 1982 2031 2031 06
2065 1997 2198 2048 μνη-

647 2076 787 2136 σθεὶς
820 2070 892 2128 ὧν
936 2075 1180 2144 ἠδικήθη.
1220 2073 1444 2125 Ἔλαϐεν
1481 2076 1508 2124 6
1552 2071 1716 2124 Ἠσαῦ
1754 2072 2055 2131 Χαναναίας
2106 2087 2199 2136 γυ-

643 2166 851 2224 ναῖκας,
881 2165 972 2215 καὶ
995 2165 1178 2231 ῆριζον
1205 2166 1270 2230 τῇ
1314 2161 1593 2229 Ῥεϐέκκα.
1618 2161 1916 2230 Ἐγήρασεν
1948 2161 1975 2209 6
2020 2160 2198 2210 Ἰσαὰκ

644 2252 736 2302 καὶ
757 2250 1143 2318 ἡμϐλυώπησε,
1174 2249 1265 2300 καὶ
1301 2249 1624 2317 προστάσσει
1649 2249 1723 2314 τῷ
1751 2248 1846 2315 υἱῷ
1880 2247 2045 2298 Ἠσαῦ
2101 2247 2196 2314 θη-

647 2340 941 2410 ρεύσαικαὶ
984 2340 1201 2406 ποιῆσαι
1232 2338 1379 2406 αὑτῷ
1415 2338 1610 2405 ἔδεσμα
1636 2379 1648 2400 ,
1688 2337 1772 2386 ἵνα
1802 2336 2063 2404 εὑλογήσῃ
2107 2336 2200 2387 66-

642 2429 752 2480 τόν.
798 2428 853 2478 '0
875 2427 929 2478 66
961 2425 1172 2487 Ἰακὼϐ,
1203 2424 1652 2493 συμπραττούσης
1686 2423 1832 2491 αὑτῷ
1864 2423 1961 2491 τῆς
1980 2422 2197 2490 μητρὸς,

645 2519 844 2585 ἔφθασε
874 2518 963 2568 1611
1005 2515 1191 2567 Ἡσαῦ·
1227 2515 1473 2582 ἐψήσασα
1503 2515 1609 2584 γὰρ
1633 2513 1848 2582 ἐρίφους
1883 2512 1990 2575 δύο,
2015 2512 2107 2563 καὶ
2135 2512 2199 2561 16

645 2606 795 2678 [5:22]
822 2607 1062 2676 δέρματα
1101 2605 1276 2656 αὑτῶν
1312 2604 1592 2673 περιθεῖσα
1627 2601 1793 2671 αὑτῷ,
1825 2604 1908 2653 ἶνα
1931 2602 2200 2671 ἐπικρύιᾷῃ

643 2698 741 2766 τὴν
775 2697 1016 2765 λειότητα
1035 2695 1124 2746 τοῦ
1161 2696 1366 2758 παιδὸς,
1417 2695 1581 2746 ἔδωκε
1615 2695 1681 2745 τά
1706 2694 1973 2762 ἐδέσματα
1995 2695 2073 2754 είς
2107 2693 2201 2753 16;

645 2790 830 2856 χεῖρας
858 2787 1040 2848 αὑτοῦ,
1071 2789 1160 2837 καὶ
1189 2785 1532 2854 εἰσέπεμψεν.
1591 2785 1647 2836 Ὀ
1685 2784 1738 2836 δὲ
1770 2781 2020 2835 εἰσελθὼν
2046 2782 2199 2832 ἔλαϐε

645 2877 742 2938 16;
787 2877 1050 2942 εὐλογίας.
1102 2877 1179 2926 Ἑλ
1193 2875 1296 2926 θὼν
1325 2875 1379 2926 δέ
1409 2878 1434 2926 6
1471 2873 1662 2934 Ἡσαῦ,
1692 2874 1782 2924 καὶ
1819 2871 2000 2942 μαθὼν
2020 2872 2077 2922 16
2109 2888 2201 2937 γε-

646 2967 816 3033 γονὸς,
847 2966 1154 3032 ἀπωδύρετο
1178 2967 1268 3016 καὶ
1306 2965 1536 3033 ἐθρήνει,
1571 2966 1661 3015 καὶ
1683 2965 1799 3032 ⁴ᾔτει
1849 2963 2202 3030 εὑλογηθῆναι

648 3056 742 3107 καὶ
772 3055 949 3117 αὑτὸς,
986 3056 1076 3104 καὶ
1100 3055 1259 3122 ηνυσε
1289 3057 1353 3122 τῇ
1385 3056 1633 3121 ἐπιμονῇ,
1655 3053 1801 3103 οὑδέν
1841 3052 1936 3120 μέν
1957 3052 2203 3101 τοσοῦτον

647 3147 769 3198 ὅσον
789 3146 1026 3214 ἧλπισενσ
1076 3147 1236 3212 ἤνυσε
1271 3144 1326 3196 66
1375 3145 1538 3212 ὅμως.
1574 3142 1758 3209 Μικρά
1787 3143 1961 3193 τοίνυν
1988 3141 2205 3207 εὐλογη-

649 3236 760 3296 θεὶς
780 3236 896 3287 ἀντὶ
924 3235 1186 3303 μεγάλων,
1209 3233 1468 3302 ὠργίζετο
1496 3233 1628 3302 1196;
1649 3233 1737 3283 τὸν
1760 3232 2004 3298 ἀδελφὺν,
2041 3234 2203 3299 ἐμνη-

651 3328 879 3386 σικάκει,
918 3327 1199 3393 περιέμενε
1238 3324 1327 3376 τοῦ
1355 3325 1555 3392 πατρὸς
1575 3323 1670 3392 τὴν
1699 3323 1965 3392 τελευτὴν,
2003 3322 2202 3382 ὼςτότε

650 3417 959 3484 ἀδεέστερον
1007 3413 1396 3465 ἐπιϐουλεύσων
1437 3413 1599 3482 αὑτῷ.
1651 3412 1854 3482 Μηνύει
1882 3411 1956 3481 τῷ
2017 3410 2204 3462 Ἰακὼϐ

649 3506 819 3557 ταῦτα
850 3508 880 3573 ή
916 3506 1116 3574 μήτηρ,
1150 3505 1238 3556 καὶ
1265 3507 1513 3571 παραινεῖ
1538 3505 1677 3570 φυγῇ
1712 3503 1807 3570 τὴν
1829 3502 2092 3570 σωτηρίαν
2122 3501 2202 3551 εὑ-

653 3595 891 3664 ρηκέναν
926 3592 1150 3643 εἰποῦσά
1203 3609 1259 3642 τε
1309 3591 1438 3658 1196;
1464 3595 1553 3640 1611
1614 3588 1830 3645 Ἰσαάκ,
1876 3587 1954 3637 δτι
1981 3587 2206 3646 ἀϐίωτος

650 3685 783 3752 αὑτῇ
804 3683 951 3733 ἕσται
981 3685 1007 3734 6
1028 3682 1135 3749 βίος
1151 3682 1198 3742 b,
1230 3683 1276 3731 εί
1307 3681 1398 3731 καὶ
1421 3678 1613 3730 Ἰακὼϐ
1638 3677 1740 3730 ἀπὸ
1766 3677 1871 3727 τῶν
1895 3674 2205 3727 Χαναναίων

649 3774 797 3826 λάϐοι
825 3776 1078 3838 γυναῖκα,
1121 3772 1520 3840 παρασκευάζει
1567 3771 1655 3820 1611
1718 3768 1900 3819 Ἰσαὰκ
1927 3765 2205 3833 ἐκπέμψαι

649 3863 738 3913 τὸν
783 3861 970 3912 Ἰακὼϐ
1006 3863 1082 3920 είς
1127 3860 1539 3926 Μεσοποταμίαν
1592 3857 1833 3924 1196;1611
1869 3854 2088 3921 ἀδελφὸν
2114 3855 2207 3905 66-

649 3955 745 4021 τῆς
769 3952 856 4003 τὸν
884 3951 1083 4010 Λάϐαν,
1103 3950 1195 4000 καὶ
1226 3952 1287 4001 ἐκ
1316 3950 1420 4001 τῶν
1447 3948 1752 4014 θυγατέρων
1786 3946 1946 3998 αὑτοῦ
1979 3949 2206 4011 γυναῖκα

649 4041 848 4094 λαϐεῖν.
889 4040 1230 4101 Ἀπελθόντος
1273 4039 1325 4090 66
1351 4038 1440 4090 τοῦ
1467 4036 1676 4097 Ἰακὼϐ,
1713 4035 1972 4102 λαμϐάνει
1997 4035 2093 4104 τὴν
2119 4034 2207 4086 θυ-

649 4132 853 4198 γατέρα
885 4129 1104 4198 Ἰσμαὴλ
1134 4128 1306 4195 ἐαυτῷ
1326 4131 1555 4193 γυναῖκα
1579 4129 1605 4178 6
1627 4125 1814 4177 Ἡσαῦ.
1839 4126 1896 4176 '0
1918 4125 1971 4175 δὲ
1989 4124 2207 4192 Ἰσμαὴλ

651 4219 764 4282 υίὸς
780 4217 845 4289 ἦν
875 4221 966 4271 τοῦ
1008 4220 1271 4288 Ἀϐρααμ,
1301 4219 1405 4270 ἀπὸ
1434 4219 1528 4286 τῆς
1546 4219 1719 4285 Ἀγαρ
1734 4217 2015 4284 γενόμενος
2041 4215 2202 4282 αὑτῷ.

653 4311 844 4362 Βλέπει
873 4311 968 4378 τὴν
1024 4309 1260 4377 κλίμακα
1299 4311 1325 4359 6
1361 4306 1574 4370 Ἰακὼϐ,
1619 4308 1792 4374 ἵστησι
1834 4306 2048 4375 στήλην,
2115 4305 2206 4355 καὶ

654 4400 1041 4466 ἐπαγγέλλεται
1070 4400 1134 4450 τὰ
1156 4400 1462 4466 ὑπάρχοντα
1506 4396 1651 4464 αὑτῷ
1681 4395 2104 4447 ἀποδεκατώσειν
2131 4393 2206 4461 τῷ

653 4491 791 4559 Θεῷ,
823 4493 867 4540 εί
897 4489 1147 4555 ὑγιαίνων
1195 4487 1491 4539 ἐπανέλθοι.
1552 4487 1803 4553 Ἔρχεται
1836 4485 1913 4544 είς
1970 4483 2063 4552 τὴν
2099 4484 2208 4533 Με-

655 4581 1001 4648 σοποταμίαν,
1031 4575 1134 4630 εἷδε
1165 4578 1260 4644 τὴν
1300 4576 1516 4645 Ῥαχὴλ,
1547 4575 1795 4640 ἐφίλησεν
1829 4575 2013 4642 αὑτήν·
2042 4572 2206 4624 ἀπελ-

656 4671 876 4738 θοῦσαή
931 4671 1064 4738 κόρη
1098 4667 1388 4737 ἀπήγγειλε
1428 4666 1504 4734 τῷ
1561 4667 1724 4733 πατρὶ
1765 4664 1964 4715 Λάϐαν.
2013 4661 2207 4712 Ἐλθὼν

656 4760 812 4820 αὑτὸς
839 4760 1045 4825 ἐπέγνω
1071 4759 1158 4809 τὸν
1195 4755 1402 4816 Ἰακὼϐ,
1434 4757 1714 4822 εἰσήγαγεν
1738 4754 1892 4802 αὑτὸν
1925 4752 2056 4820 1196;
2083 4753 2206 4803 ἐαυ-

656 4853 766 4902 τόν.
802 4850 1132 4900 Ἐδούλευσεν
1165 4847 1306 4913 αὑτῷ
1337 4848 1425 4896 ἐπὶ
1471 4843 1642 4912 μισθῷ
1665 4841 1944 4909 θυγατρός·
1969 4841 2067 4892 666
2112 4842 2209 4909 τὴν

659 4939 1024 5008 πρεσϐυτέραν
1057 4938 1237 4988 ἔδωκε·
1295 4935 1690 5003 δυσχεραίνοντι
1714 4934 1766 4984 66
1793 4933 1866 5000 τῷ
1906 4931 2092 4984 Ἰακὼϐ
2119 4934 2209 4984 ἐπὶ

657 5032 723 5097 τῇ
757 5029 954 5096 ἀπάτῃ,
989 5026 1251 5094 προτείνει
1292 5025 1428 5074 ἐπτά
1490 5023 1581 5088 ἐτη
1637 5023 1794 5088 ’έτερα
1826 5020 2135 5080 δουλεῦσαι,
2165 5023 2209 5071 εἰ

661 5120 896 5188 βούλοιτο
939 5121 1027 5169 καὶ
1055 5118 1150 5185 τὴν
1181 5116 1450 5182 νεωτέραν
1497 5113 1697 5163 λαϐεῖν.
1750 5113 1805 5162 Ὀ
1847 5111 1900 5161 δὲ
1940 5109 2210 5160 καὶτοῦτο

661 5205 932 5271 ὑπέμεινε,
961 5205 1051 5254 καὶ
1083 5202 1344 5270 λαμϐάνει
1369 5202 1459 5251 καὶ
1497 5200 1590 5265 τὴν
1620 5198 1902 5265 νεωτέραν.
1931 5194 2037 5247 Ἦν
2072 5198 2125 5248 δέ
2177 5199 2207 5264 ἡ

664 5294 758 5362 μέν
784 5293 1119 5361 πρεσϐυτέρα
1154 5291 1378 5358 ἀσθενὴς
1404 5292 1509 5349 τοῖς
1559 5287 1869 5354 ὀφθαλμοῖς,
1895 5287 2044 5337 Λεία·
2155 5288 2210 5338 δέ

661 5386 892 5452 νεωτέρα
916 5385 1115 5450 ὡραία,
1159 5384 1190 5448 ή
1233 5380 1449 5448 Ῥαχὴλ.
1494 5377 1610 5427 Ιείσί
1655 5377 1708 5426 66
1753 5375 1907 5426 τύποι
1951 5375 2130 5435 αὑταὶ,
2179 5377 2210 5443 ή

723 5476 747 5502 ⁸
772 5474 1102 5532 Lugdunensis
1125 5475 1149 5518 6
1172 5473 1222 5518 δὲ
1245 5471 1330 5516 οὐκ
1349 5469 1592 5529 ἀφίστατο,
1622 5467 1720 5512 ἀλλ’
1743 5468 1876 5526 ἔτερα
1897 5466 2105 5524 ὤρυσσεν
2127 5465 2213 5520 ἕως

660 5534 940 5582 ἕπαύσαντο.

727 5594 752 5631 b
772 5597 996 5676 idipsnm,
1031 5593 1115 5638 sed
1159 5590 1254 5637 alio
1280 5589 1418 5635 mndo
1444 5585 1672 5646 exprimit
1693 5586 2064 5643 Chrysoslomus
2085 5590 2213 5633 lomo

768 5667 794 5676 ..
861 5655 926 5676 ἐὶίέ
970 5663 1144 5676 "amna
1189 5653 1242 5676 ..ὲ
1271 5656 1350 5676 ..αι
1371 5653 1488 5676 Vua.
1510 5648 1619 5676 ..ιηῗυ
1641 5649 1812 5676 ntus-..“

664 5651 742 5712 IV,
768 5667 814 5714 ρ.
841 5648 946 5713 526,
970 5663 1164 5714 nempe,
1189 5653 1246 5697 τὰ
1271 5656 1351 5705 τῆς
1371 5653 1490 5705 ζωῆς
1510 5648 1619 5706 ἡμῖν
1641 5649 1837 5706 οἴχεται.

1317 357 1375 412 S.
1416 355 1695 412 JOANNIS
1732 349 2222 412 CHRYSOSTOMI
2261 347 2576 404 ARCHIEP.
2614 347 3151 406 CONSTANTINOP.

3733 379 3848 430 322

2301 463 2397 531 μὲν
2422 462 2762 533 πρεσϐυτέρα
2797 464 2893 533 τῆς
2922 463 3238 533 συναγωγῆς
3272 465 3381 518 τῶν
3415 466 3695 534 Ἰουδαίων,
3731 473 3765 540 ή
3799 475 3860 527 66

2295 553 2530 622 νεωτέρα
2584 556 2683 623 τῆς
2739 553 3059 623 Ἐκκλησίας
3125 554 3217 606 τοῦ
3267 557 3520 625 Χριστοῦ.
3583 561 3856 614 Συνέλαϐε

2297 642 2449 705 Λεία,
2469 644 2559 694 καὶ
2585 643 2734 696 ἔτεκε
2762 643 2850 695 τὸν
2881 644 3148 712 Ῥουϐεὶμ,
3182 645 3271 697 τὸν
3290 647 3528 715 Συμεὼν,
3582 649 3672 701 τὸν
3699 652 3856 712 Λευῖ,

2294 730 2384 782 τὸν
2417 729 2626 784 Ἰούδαν.
2673 733 2738 785 'H
2765 733 2821 784 δὲ
2869 733 3084 804 Ῥαχὴλ,
3143 733 3265 786 ἐπεὶ
3312 737 3386 805 μὴ
3422 737 3617 799 ἔτικτε,
3667 739 3858 790 δίδωσι

2294 816 2370 884 τῷ
2410 818 2600 871 Ἰακὼϐ
2624 823 2854 887 γυναῖκα
2880 821 3154 891 δευτέραν,
3193 823 3291 892 τὴν
3342 824 3628 896 παιδίσκην
3680 827 3858 894 αὐτῆς

2296 907 2489 973 Βάλαν,
2515 912 2605 964 καὶ
2632 911 2813 964 ἔτεκεν
2844 912 3022 982 ἐκείνη
3049 913 3138 964 1611
3157 914 3261 966 Δάν
3282 915 3374 967 καὶ
3403 915 3492 966 τὸν
3516 916 3855 984 Νεφθαλείμ.

2299 997 2502 1050 Ἔδωκε
2527 999 2581 1050 δὲ
2616 1002 2706 1053 καὶ
2727 1002 2760 1072 ἡ
2788 1002 2920 1054 Λεία
2941 1002 3142 1070 Ζελφὰν
3165 1003 3260 1072 τὴν
3281 1004 3564 1074 παιδίσκην
3592 1006 3764 1074 αὐτῆς
3777 1005 3857 1073 τῷ

2308 1087 2500 1139 Ἰακὼϐ
2532 1093 2780 1156 γυναῖκαο
2811 1093 2843 1160 ή
2870 1091 2927 1143 δὲ
2949 1090 3100 1143 ἔτεκε
3129 1091 3218 1143 τὸν
3257 1093 3361 1145 Γάδ
3387 1095 3479 1146 καὶ
3511 1094 3598 1147 τὸν
3660 1097 3852 1162 Ἀσήρ.

2300 1177 2490 1229 Ἐτεκε
2513 1178 2569 1230 δὲ
2596 1179 2722 1248 ἐξῆς
2743 1181 2872 1233 Λεία
2909 1184 3043 1250 μετὰ
3064 1182 3234 1234 ταῦτα
3271 1183 3361 1235 τὸν
3403 1183 3615 1253 ἰσάχαρ
3637 1184 3730 1236 καὶ
3762 1185 3855 1235 τὸν

2297 1265 2599 1322 Ζαϐουλὼν.
2644 1271 2773 1320 Τότε
2808 1270 2956 1322 ἔτεκε
2980 1270 3071 1322 καὶ
3102 1273 3134 1338 ἠ
3165 1270 3361 1339 Ῥαχὴλ
3389 1271 3478 1322 τὸν
3517 1272 3731 1341 Ἰωσήφ.
3768 1273 3855 1333 Ὠς

2295 1355 2351 1406 δέ
2385 1355 2569 1424 ἢθελεν
2600 1360 2627 1410 6
2669 1358 2857 1410 Ἰακὼϐ
2906 1359 3152 1412 ἀπελθεῖν
3180 1361 3256 1422 εἰς
3285 1360 3384 1429 τὴν
3413 1361 3615 1412 οίκείαν
3637 1361 3761 1430 γῆν,
3779 1361 3854 1411 δίο

2294 1446 2455 1497 δωσιν
2480 1447 2625 1516 αὑτῷ
2657 1447 2745 1500 τὸν
2769 1448 2953 1518 μισθὸν
2977 1450 3003 1500 6
3023 1449 3225 1513 Λάϐαν,
3277 1449 3336 1501 δν
3377 1451 3532 1512 6616;
3563 1451 3590 1502 6
3658 1450 3854 1502 Ἰακὼϐ

2297 1532 2480 1601 ὥρισε,
2514 1537 2620 1588 πᾶν
2641 1535 2795 1602 φαιὸν
2821 1538 2876 1588 ἐν
2914 1539 3023 1598 τοῖς
3056 1539 3268 1604 ἀρνασι,
3303 1538 3392 1590 καὶ
3421 1541 3525 1591 πᾶν
3551 1537 3740 1590 λευκὸν
3797 1543 3853 1592 ἐν

2296 1626 2414 1684 ταῖς
2443 1623 2581 1688 αἰξίν
2619 1634 2664 1661 θ’
2692 1624 2766 1686 ὼς
2798 1624 2851 1676 δὲ
2886 1623 3050 1676 πολλὰ
3076 1624 3144 1676 16
3164 1624 3384 1677 τοιαῦτα
3421 1626 3658 1692 γέγονεν·
3687 1627 3852 1678 ἐτίθει

2297 1712 2404 1782 γάρ
2435 1714 2660 1782 ῥάϐδους
2684 1716 2740 1764 ἐν
2787 1717 2896 1776 τοῖς
2929 1715 3307 1784 ποτιστηρίοις,
3353 1717 3444 1767 καὶ
3474 1717 3723 1768 ἐνεκίσσα
3784 1717 3852 1769 16

2299 1803 2558 1872 πρόϐατα,
2579 1805 2671 1856 καὶ
2701 1804 2875 1856 ἔτικτε
2904 1805 3067 1856 λευκά
3094 1807 3184 1857 καὶ
3204 1805 3437 1869 ποικίλα,
3457 1807 3548 1860 καὶ
3574 1807 3847 1875 σποδοειδῆ

2302 1893 2484 1958 ραντά.
2521 1891 2591 1942 Τὸ
2617 1893 2672 1942 δέ
2703 1895 2806 1944 πᾶν
2832 1893 2923 1944 τοῦ
2943 1893 3073 1944 Θεοῦ
3096 1893 3252 1962 ἔργον
3277 1890 3364 1962 ἦν,
3397 1893 3470 1956 ὡς
3499 1893 3657 1957 αὑτός
3687 1911 3850 1962 φησιν

2297 1981 2324 2030 6
2369 1980 2577 2032 Ἰακώϐ.
2607 1981 2981 2047 Διεφθονοῦντο
3020 1982 3163 2051 αὑτῷ
3190 1983 3291 2034 υἱοὶ
3319 1982 3520 2044 Λάϐαν,
3554 1983 3645 2034 καὶ
3672 1982 3850 2033 λαϐὼν

2299 2069 2468 2138 λάθρα
2499 2073 2594 2133 τάς
2626 2073 2812 2124 ἐαυτοῦ
2857 2076 3112 2139 γυναῖκας
3165 2074 3299 2141 μετά
3355 2073 3459 2125 τῶν
3504 2074 3848 2143 ὑπαρχόντων

2300 2162 2553 2230 ἀπῆλθεν.
2601 2164 2656 2214 '0
2696 2164 2751 2215 66
2798 2163 2978 2216 Λάϐαν
3025 2164 3330 2227 κατεδίωξε,
3381 2163 3473 2217 καὶ
3521 2179 3649 2234 πριν
3701 2164 3848 2233 αὑτῷ

2302 2252 2606 2320 συμϐαλεῖν,
2632 2253 2918 2321 ἠπείλησεν
2961 2257 2988 2305 6
3013 2255 3141 2316 Θεὸς
3164 2253 3328 2322 αὐτῷ,
3347 2257 3392 2306 εί
3415 2255 3652 2324 τραχέως
3681 2271 3847 2321 προσ-

2299 2343 2536 2409 ενεχθείη
2566 2343 2642 2410 τῷ
2685 2342 2893 2394 Ἰακώϐ.
2937 2345 2992 2394 '0
3023 2343 3078 2394 δὲ
3109 2343 3292 2404 ἐλθὼν,
3325 2343 3384 2394 16
3407 2346 3502 2411 μέν
3526 2344 3735 2412 πρῶτον
3761 2347 3846 2394 ἐν·

2301 2428 2500 2489 εκάλει,
2530 2428 2675 2499 [525]
2697 2431 2788 2481 καὶ
2808 2431 2904 2499 τὴν
2924 2433 3097 2483 αἰτίαν
3123 2433 3298 2500 ἐζήτει
3319 2431 3418 2500 τῆς
3445 2433 3696 2502 λαθραίας
3715 2434 3846 2484 ἀνα-

2300 2519 2608 2587 χωρήσεως.
2647 2520 2730 2580 Ὠς
2756 2521 2810 2572 66
2829 2515 2978 2573 εἶπεν
2997 2523 3023 2573 6
3059 2520 3269 2582 Ἰακὼϐ,
3287 2522 3376 2574 διὰ
3402 2521 3461 2573 16
3488 2523 3846 2590 πεφθονῆσθαι

2305 2611 2506 2676 μήποτε
2532 2610 2630 2670 16;
2659 2609 2958 2678 θυγατέρας
2985 2609 3143 2661 αὑτοῦ
3172 2610 3340 2672 λάϐοι,
3369 2609 3524 2663 τοῦτο
3559 2611 3846 2680 πεποιηκέ-

2303 2715 2409 2758 ναι,
2439 2698 2616 2767 ἐζήτει
2653 2699 2774 2761 τοὺς
2801 2698 2953 2762 θεοὺς
2999 2699 3158 2751 αὑτοῦ
3206 2700 3411 2761 Λάϐαν,
3441 2701 3530 2763 οὓς
3563 2702 3782 2767 ἔκλεψεν
3813 2706 3843 2770 ὴ

2317 2783 2530 2852 Ῥαχὴλ.
2591 2785 2676 2845 Ὠς
2727 2784 2781 2834 δέ
2829 2785 2924 2852 οὑχ
2971 2779 3154 2854 εὗρεν,
3200 2785 3494 2837 ἐπιτίθεται
3536 2787 3772 2855 σφοδρῶς
3821 2791 3847 2838 6

2317 2868 2504 2921 Ἰακὼϐ
2535 2871 2794 2936 ἐγκαλῶν.
2841 2872 2948 2923 Καὶ
2988 2872 3155 2935 τέλος,
3189 2873 3446 2938 φαγόντες
3491 2875 3578 2925 καὶ
3619 2875 3845 2938 πιόντες,

2303 2957 2720 3026 διεχωρίσθησαν
2741 2957 2995 3026 ἀλλήλων,
3016 2958 3197 3026 βουνὸν
3221 2957 3379 3009 λίθων
3408 2963 3689 3028 στήσαντες
3710 2961 3844 3026 ἐκεῖ,

2303 3041 2360 3092 δν
2391 3043 2480 3093 καὶ
2512 3043 2700 3093 Βουνὸν
2728 3044 3022 3112 μαρτυρίου
3057 3043 3335 3096 ἐκάλεσαν.
3361 3045 3489 3096 Τότε
3521 3047 3846 3114 συνήντησαν

2296 3125 2378 3193 ’τῷ
2422 3125 2611 3176 Ἰακὼϐ
2646 3128 2858 3193 ἄγγελοι
2893 3127 3045 3180 Θεοῦ.
3084 3129 3416 3180 ’Λποστέλλει
3444 3132 3471 3181 6
3504 3130 3686 3181 Ἰακὼϐ
3713 3133 3845 3200 πρὸς

2306 3209 2393 3260 τὸν
2433 3210 2621 3271 ἸΙσαῦ,
2651 3212 3002 3279 ἀπαγγέλλων
3030 3212 3192 3286 αὑτοῦ
3222 3212 3319 3283 τὴν
3353 3215 3652 3284 ἐπιδημίαν.
3682 3216 3769 3279 Ὠς
3795 3218 3845 3270 δὲ

2305 3291 2463 3363 ἦλθον
2491 3299 2536 3347 οἱ
2569 3298 2976 3361 ἀποσταλέντες,
3011 3299 3102 3351 καὶ
3127 3293 3276 3350 εἶπον
3303 3298 3548 3368 ἔρχεσθαι
3569 3301 3652 3352 τὸν
3677 3301 3842 3353 Ἡσαῦ

2308 3383 2444 3450 μετά
2473 3384 2829 3452 τετρακοσίων
2862 3385 3085 3454 ἀνδρῶν,
3117 3385 3404 3454 περίφοϐος
3434 3387 3710 3455 γενόμενος
3745 3388 3843 3439 δεῖ·

2304 3485 2389 3518 ται
2423 3467 2515 3520 τοῦ
2539 3469 2691 3531 Θεοῦ,
2718 3469 2854 3520 ὥστε
2888 3469 3046 3521 αὑτὸν
3073 3470 3371 3534 ἀπαλλάξαι
3401 3471 3491 3522 τοῦ
3513 3473 3840 3540 ἐπικειμένου

2306 3553 2568 3614 κινδύνου,
2606 3555 2697 3605 καὶ
2722 3554 3078 3623 πέμπειδῶρα
3105 3552 3181 3620 τῷ
3226 3554 3414 3608 Ἠσαῦ.
3444 3557 3528 3617 Ὠς
3554 3557 3606 3608 δέ
3639 3557 3840 3626 εἰσῆλθε

2304 3635 2394 3688 τὸν
2419 3639 2747 3706 χειμάρρουν
2771 3639 2797 3687 6
2823 3637 3032 3700 Ἰακὼϐ,
3065 3637 3156 3690 καὶ
3184 3638 3466 3709 εὑλογήθη,
3496 3643 3584 3691 καὶ
3618 3657 3840 3708 μετωνο-

2310 3723 2487 3790 μάσθη
2513 3723 2572 3773 16
2600 3723 2767 3790 ὄνομα
2792 3722 2972 3786 αὑτοῦ,
2999 3725 3096 3793 ὁρᾷ
3120 3724 3206 3777 1611
3235 3723 3402 3776 Ἠσαῦ
3431 3726 3731 3795 ἐρχόμενον,
3758 3729 3842 3779 καὶ

2305 3809 2492 3860 διελὼν
2525 3809 2582 3859 16
2609 3809 2828 3876 πλῆθος,
2857 3809 2952 3871 16;
2980 3811 3076 3876 μὲν
3117 3810 3398 3873 παιδίσκας
3426 3813 3561 3881 μετὰ
3587 3811 3694 3864 τῶν
3725 3815 3839 3865 παί-

2305 3895 2408 3947 δων
2438 3895 2610 3946 αὑτῶν
2633 3895 2850 3961 πρώτας
2868 3896 3039 3959 ἔταξε,
3061 3897 3156 3966 τὴν
3180 3897 3234 3947 δέ
3257 3896 3417 3949 Λείαν
3443 3898 3692 3968 δευτέραν
3715 3900 3840 3968 μετὰ

2306 3979 2414 4032 τῶν
2446 3981 2690 4043 παιδίων,
2724 3982 2815 4033 καὶ
2846 3981 2941 4051 τὴν
2990 3981 3184 4052 Ῥαχὴλ
3225 3982 3361 4051 μετά
3405 3983 3595 4050 Ἰωσήφ
3625 3985 3840 4052 ἐσχάτην

2307 4067 2559 4137 ἔρχεσθαι
2587 4068 2861 4132 κελεύσας,
2894 4069 3052 4131 αὑτὸς
3076 4068 3285 4139 πρῶτος
3311 4070 3493 4139 ἀπῄει.
3529 4071 3614 4133 Ὠς
3641 4071 3694 4122 δέ
3716 4067 3840 4121 εἶδεν

2308 4154 2466 4205 αὑτὸν
2499 4154 2743 4222 ἀσμένως
2782 4156 2809 4206 ὁ
2849 4153 3039 4218 Ἠσαῦ,
3089 4155 3181 4206 καὶ
3227 4153 3296 4206 τά
3327 4155 3470 4223 δῶρα
3520 4155 3673 4207 ἔλαϐε
3721 4155 3836 4222 παρ’

2308 4239 2489 4303 αὑτοῦ,
2525 4240 2673 4308 ἠξίου
2715 4239 3142 4309 συμπορεύεσθαι
3175 4240 3320 4308 αὑτῷ
3342 4257 3355 4271 ο
3386 4243 3413 4293 6
3443 4241 3499 4293 66
3544 4245 3836 4312 παρῃτεῖτο.

2308 4325 2416 4376 Καὶ
2441 4325 2605 4376 ἐλθὼν
2635 4326 2919 4377 κατέλυσεν
2951 4328 3028 4388 είς
3058 4325 3206 4378 πόλιν
3234 4327 3468 4394 Σικίμων
3501 4326 3701 4394 Σαλήμ,
3726 4325 3838 4376 ἔνθα

2309 4410 2488 4478 Συχὲμ
2521 4411 2548 4460 6
2582 4410 2692 4472 υίὸς
2734 4410 2956 4480 Ἑμμὼρ
2985 4411 3074 4462 τοῦ
3111 4411 3391 4478 βασιλέως,
3425 4410 3668 4480 ἐρασθεὶς
3696 4411 3840 4470 Δίνας

2306 4496 2404 4562 τῆς
2437 4497 2699 4568 θυγατρὸς
2751 4497 2977 4560 Ἰακὼϐ,
3020 4499 3113 4550 καὶ
3161 4498 3381 4569 φθείρας
3424 4499 3521 4566 τὴν
3555 4497 3838 4567 παρθένον.

2307 4581 2454 4648 ἠξίου
2485 4582 2634 4650 νόμῳ
2677 4582 2854 4650 γάμου
2904 4581 3082 4632 λαϐεῖν
3130 4583 3296 4650 αὑτὴν
3335 4585 3581 4650 γυναῖκα.
3623 4577 3750 4633 Είπε
3791 4581 3839 4632 δὲ

2307 4667 2528 4733 Συμεὼν
2583 4669 2674 4718 καὶ
2706 4667 2832 4719 Λευῗ
2877 4666 3064 4719 δώσειν
3105 4668 3356 4736 ἑτοίμως,
3398 4670 3445 4720 εί
3481 4667 3839 4737 περιτμηθεῖεν

2309 4753 2500 4802 ἐκεῖνοι
2537 4751 2670 4820 μετὰ
2702 4751 2792 4802 τοῦ
2822 4753 2946 4804 λαοῦ
2977 4753 3171 4806 αὑτῶν.
3209 4754 3292 4816 Ὠς
3315 4754 3370 4805 δέ
3401 4753 3838 4822 περιετμήθησαν,

2311 4836 2388 4886 ἔτι
2423 4837 2577 4896 ὄντας
2620 4837 2676 4886 ἐν
2723 4837 2797 4904 τῷ
2846 4838 2989 4905 πόνῳ
3037 4838 3240 4890 ἀνεῖλον
3288 4839 3474 4900 αὐτοὺς
3508 4839 3723 4906 Συμεὼν
3759 4839 3838 4889 καὶ

2309 4923 2456 4974 Λευΐ.
2494 4921 2761 4986 Ἐφοϐεῖτο
2789 4922 2969 4974 λοιπὸν
3004 4925 3032 4974 6
3084 4921 3303 4982 Ἰακὼϐ,
3353 4924 3425 4993 μὴ
3470 4923 3837 4976 ωνεπιθῶνται

2310 5007 2455 5074 αὑτῷ
2477 5009 2522 5057 οί
2548 5007 2768 5074 πλησίον
2786 5007 3071 5058 Χαναναῖοι
3092 5023 3104 5035 ·
3128 5008 3220 5059 καὶ
3243 5006 3336 5060 τοῦ
3354 5006 3484 5062 Θεοῦ
3511 5007 3836 5065 κελεύσαντκ

2312 5095 2540 5161 ἀνῆλθεν
2568 5095 2644 5154 είς
2680 5094 2894 5162 Βαιθήλ.
2927 5095 3032 5146 Καὶ
3065 5093 3330 5145 ἀπέθανεν
3424 5094 3614 5163 τροφὸς
3644 5093 3838 5143 Ῥεϐέκο

2313 5198 2431 5240 κας.
2464 5182 2548 5241 Ὠς
2569 5181 2624 5231 δέ
2653 5180 2947 5248 ηὑλόγησεν
2972 5179 3116 5248 αὑτῷ
3136 5183 3162 5231 6
3184 5180 3555 5248 Θεὸς,ἀπάρας
3583 5181 3643 5231 ἐκ
3662 5177 3835 5243 Βαιθὴλ

2314 5265 2622 5332 κατῴκησεν
2648 5265 2898 5316 ἐπέκεινα
2921 5265 3123 5333 πύργου
3150 5265 3336 5334 Γαδέρ.
3355 5266 3483 5316 Τότε
3509 5264 3835 5332 ἐδυστόκησεν

2314 5353 2345 5419 ἡ
2371 5351 2586 5420 Ῥαχὴλ,
2607 5353 2698 5404 καὶ
2717 5351 2972 5416 ἀπέθανε,
2993 5353 3084 5404 καὶ⁸
3110 5352 3282 5420 ἐτάφη
3302 5353 3359 5402 ἐν
3377 5355 3439 5420 τῇ
3588 5350 3834 5417 Ἐφραθᾶ·

2377 5529 2398 5555 ο
2432 5525 2478 5571 In
2507 5529 2643 5570 Iextu
2667 5521 2852 5585 Biblico
2876 5522 3218 5585 legimusmav
3247 5522 3485 5585 διάλευκον
3509 5523 3586 5568 καὶ
3616 5521 3772 5585 ραντὸν
3802 5516 3839 5561 ιν

2312 5587 2412 5638 ταῖς
2453 5586 2586 5636 αἰξίν.
2621 5583 2715 5649 Se}!
2760 5584 2840 5639 qui
2875 5583 3158 5649 c0mpondio
3185 5584 3414 5642 loquitur,
3450 5594 3542 5629 non
3576 5582 3730 5629 omnia
3759 5582 3837 5640 jam

2315 5653 2533 5693 accurato
2559 5645 2833 5705 exprimere
2857 5645 3015 5688 uici..-
