4000 6220
207 386 312 440 321

203 487 316 540 rilis
343 489 501 545 esset,
529 477 836 536 obsecrabat
856 477 998 529 lsaac
1019 474 1178 526 Deum
1209 471 1376 523 011110
1405 469 1701 528 conciperet
1729 484 1742 518 :

205 580 361 640 atque
385 578 442 622 ut
469 569 686 637 gestavit
716 579 942 624 uterum,
968 563 1097 616 dixit
1123 561 1194 614 illi
1219 560 1354 614 Deus
1377 577 1390 610 :
1424 558 1549 610 Duo:
1588 565 1748 625 gentes

207 663 256 712 in
287 671 420 712 utero
442 667 523 710 tuo
551 665 681 716 sunt,
731 654 1035 722 populusque
1062 650 1295 718 populum
1325 647 1567 717 superabit
1586 645 1602 715 (
1623 644 1747 696 Gen.

207 750 297 802 9.5.
320 747 425 810 εὖ)
458 763 470 797 :
501 744 788 813 praedicens
835 756 894 794 ea
924 755 1038 809 quae
1063 738 1268 792 Judtcos
1292 745 1342 789 ct
1371 750 1467 788 m~s
1497 733 1749 786 Christia-

209 852 306 891 nos
332 835 651 903 spectabant.
677 831 930 885 Utautem
953 828 1092 896 pueri
1113 826 1216 878 nati
1245 834 1365 877 sunt
1384 831 1748 883 etcreverunt,

208 926 365 977 tradit
395 923 673 989 venditque
725 917 1064 988 primogenita
1107 930 1197 968 sua
1243 915 1438 968 Jacobo
1478 913 1616 964 Esaii
1660 926 1752 978 pro

209 1015 450 1067 coctione
477 1011 647 1064 lentis.
673 1011 802 1062 Cum
828 1008 978 1060 vellet
1001 1007 1139 1059 lsaac
1165 1006 1214 1056 in
1239 1004 1514 1072 .‘Egyptum
1538 1003 1746 1055 desecu-

208 1103 358 1164 dere,
387 1102 504 1168 quia
538 1099 700 1150 fames
742 1095 1073 1163 praevalebat,
1127 1093 1359 1146 cohibuit
1399 1091 1540 1143 illum
1586 1091 1748 1152 Deus,

210 1191 446 1242 hortatus
477 1197 531 1240 ut
569 1188 671 1239 illic
701 1194 954 1246 maneret,
983 1183 1066 1236 ubi
1103 1191 1221 1234 tunc
1246 1189 1376 1242 erat,
1403 1180 1655 1246 pollicitus
1695 1192 1752 1231 se

209 1294 327 1332 cum
354 1280 463 1346 ipso
512 1275 759 1338 futurum,
809 1288 868 1326 ae
899 1270 1289 1325 benedicturum
1334 1283 1512 1322 semen
1558 1267 1747 1334 ipsius,

210 1367 490 1434 ipsumque
505 1363 980 1430 multiplicaturum.
1003 1361 1134 1413 Cum
1152 1358 1411 1412 didicisset
1432 1366 1599 1410 autem
1625 1359 1662 1408 Α
1672 1356 1751 1408 bi-

213 1455 416 1506 melech
449 1468 540 1506 rex
569 1452 880 1507 Gerarorum
909 1449 1198 1502 Rebeccam
1225 1462 1434 1500 uxorein
1456 1461 1568 1498 esse
1594 1444 1751 1498 lsaaci

211 1544 230 1609 (
257 1541 618 1608 suSpicabatur
647 1540 782 1592 cnim
806 1552 1036 1591 sororem
1067 1538 1178 1602 ejus
1207 1533 1378 1602 esse),
1423 1545 1639 1586 mortem
1671 1533 1751 1585 in-

213 1629 346 1680 dixit
372 1629 432 1681 iis
453 1629 538 1696 qui
570 1628 664 1695 ipsi
693 1625 1056 1679 contumeliam
1088 1623 1356 1676 inferrent.
1391 1621 1751 1673 Tunesemina

209 1716 401 1782 Sparsit
423 1716 584 1779 Isaac,
610 1724 663 1767 et
682 1715 876 1767 centies
899 1712 1290 1778 multiplicatum
1325 1709 1573 1762 hordeum
1606 1709 1753 1762 inve-

212 1805 307 1856 nit.
335 1805 463 1856 Cum
495 1812 666 1856 autem
710 1818 776 1856 ex
821 1801 1178 1854 benedictione
1213 1799 1304 1852 Dei
1344 1799 1542 1865 magnis
1573 1807 1753 1851 auctus

210 1893 580 1956 essetdivitiis,
623 1890 916 1944 invidebant
942 1891 989 1944 ei
1033 1888 1341 1958 Phylistiim,
1370 1897 1422 1940 et
1451 1887 1752 1940 Abimelech

210 1982 332 2034 inde
357 1997 474 2035 eum
493 1981 709 2050 expulit.
736 1981 825 2033 1110
842 1995 964 2032 vero
984 1994 1083 2031 non
1107 1978 1322 2041 obstitit,
1343 1977 1429 2030 sed
1454 1977 1684 2042 recessit,
1702 1985 1755 2029 et

211 2080 398 2138 puteos
420 2071 562 2135 fodit,
587 2086 681 2139 pro
702 2071 884 2138 quibus
909 2070 1026 2122 lites
1055 2069 1261 2121 fuerunt
1283 2068 1375 2135 (a).
1398 2068 1484 2119 1110
1507 2082 1630 2120 vero
1650 2082 1751 2118 non

212 2161 350 2214 ultus
378 2177 488 2226 eos,
519 2163 650 2214 alios
678 2161 801 2213 fodit
833 2169 1032 2228 puteos,
1057 2159 1224 2212 donec
1253 2159 1324 2211 illi
1355 2159 1642 2211 molestiam
1671 2157 1742 2209 in-

213 2249 348 2303 ferre
377 2251 655 2303 desierunt.
681 2249 745 2301 Et
769 2249 1029 2302 benedixit
1057 2249 1200 2300 illum
1231 2249 1384 2301 Deus.
1411 2247 1551 2301 Isaac
1581 2258 1749 2300 autem

211 2353 269 2392 se
295 2339 568 2392 adeuntem
591 2338 976 2392 Abimclechum
996 2338 1214 2406 benigne
1243 2338 1468 2405 suscepit
1492 2338 1754 2390 convivio-

211 2444 315 2496 que
344 2429 570 2497 excepit,
611 2429 912 2496 injuriarnm
957 2428 1246 2480 immemor.
1280 2427 1589 2480 ῡ111111Εδοῡ
1615 2427 1750 2479 Cha-

212 2534 421 2572 nanzcas
447 2519 708 2580 mulieres,
728 2533 842 2586 quae
872 2517 1134 2585 litigabunt
1151 2532 1268 2568 cum
1288 2515 1540 2568 Rebecca.
1566 2515 1750 2568 Senuit

213 2607 418 2660 lsaacus
444 2616 495 2658 et
519 2607 870 2673 caligaveruut
898 2605 1032 2657 oculi
1061 2606 1172 2670 ejus
1197 2645 1210 2666 ,
1242 2605 1584 2672 pra-Cepitque
1615 2606 1750 2658 Esaii

211 2693 316 2744 ﬁlio
342 2709 455 2757 suo,
480 2703 534 2746 ut
555 2703 831 2746 venaretur
857 2700 910 2745 et
933 2703 1135 2759 pararet
1155 2693 1251 2744 sibi
1272 2692 1484 2754 cibaria,
1511 2703 1562 2744 ut
1591 2694 1747 2747 henc-

207 2783 408 2835 diceret
433 2797 569 2836 eum.
603 2783 762 2836 Jacob
781 2791 972 2845 autem,
991 2782 1054 2836 de
1076 2784 1254 2836 matris
1274 2783 1488 2837 consilio
1505 2793 1555 2837 et
1569 2799 1744 2853 Opera,

207 2871 349 2922 Esau
372 2869 577 2924 fratrem
605 2872 887 2939 prrcvenit:
913 2887 1030 2924 nam
1052 2871 1212 2926 coctis
1232 2873 1317 2925 illa
1341 2872 1502 2926 hmdis
1525 2874 1745 2938 duobus,

205 2969 262 3013 et
287 2960 507 3028 pellibus
539 2976 717 3015 eorum
747 2961 852 3015 ﬁlio
877 2964 1273 3031 circumpositis,
1302 2973 1356 3016 ut
1375 2965 1461 3017 ﬁlii
1491 2966 1748 3020 levitatem

204 3052 509 3120 obtegeret,
538 3053 729 3106 cibaria
777 3053 872 3122 ipsi
923 3053 1163 3117 tradidit,
1210 3065 1260 3108 ct
1289 3056 1460 3107 emisit
1495 3070 1633 3109 eum.
1661 3055 1750 3110 ille

205 3157 336 3194 vero
365 3143 625 3208 ingressus
651 3142 1041 3195 benedictiones
1067 3144 1280 3209 accepit.
1319 3143 1414 3196 Ubi
1447 3153 1618 3196 autem
1658 3160 1747 3198 ac-

205 3231 365 3281 cessit
398 3229 563 3290 Esat't,
596 3239 645 3282 et
685 3230 821 3296 quod
848 3240 1050 3296 gestum
1083 3242 1191 3282 erat
1214 3231 1424 3283 edidit-it
1447 3271 1459 3291 ,
1495 3232 1747 3286 lamenta-

205 3317 380 3381 batur,
409 3317 630 3385 lugebat,
661 3316 966 3387 petebatque
996 3331 1044 3372 et
1075 3320 1181 3387 ipse
1209 3320 1621 3373 benedictionem
1650 3322 1744 3375 sibi

204 3406 319 3458 dari
349 3407 849 3474 :etperseverantia
869 3421 958 3460 sua
986 3409 1175 3475 aliquid
1196 3409 1394 3471 effecit;
1428 3411 1552 3462 nihil
1576 3421 1745 3463 tamen

205 3504 426 3556 tan:um,
459 3503 706 3562 quantum
735 3496 977 3563 sperabat
1004 3513 1016 3548 ε
1046 3498 1339 3564 impetravit
1367 3507 1557 3552 tamen.
1584 3499 1746 3552 Parva

207 3586 378 3652 itaque
409 3585 522 3638 loco
551 3583 761 3652 majoris
787 3585 1145 3642 benedictione
1169 3587 1409 3654 donatus,
1435 3589 1748 3642 irascebatur

203 3682 386 3724 contra
412 3672 638 3734 fratrem,
669 3673 870 3739 injuria:
896 3689 1113 3738 memor,
1137 3677 1568 3744 exspectabatque
1591 3679 1747 3744 patris

206 3770 454 3824 mortem,
486 3770 542 3814 ut
571 3771 690 3815 tunc
719 3763 832 3816 sine
857 3772 993 3815 metu
1023 3765 1230 3818 insidias
1257 3767 1350 3833 ipsi
1374 3777 1595 3834 pararet.
1629 3768 1748 3820 lltcc

203 3850 404 3902 Iacobo
430 3851 619 3904 indicat
637 3862 821 3914 mater,
845 3853 1182 3922 hortaturque
1202 3864 1256 3908 ut
1281 3857 1394 3924 fuga
1418 3859 1632 3910 salutem
1652 3858 1746 3910 sibi

205 3949 390 4005 paret:
419 3953 638 4006 cumque
667 3940 880 3995 dixisset
910 3942 1083 3996 lsaaco
1117 3959 1218 3996 non
1259 3945 1462 3998 vitalem
1507 3947 1602 3998 sibi
1638 3945 1748 4000 fore

205 4030 387 4095 vitam,
420 4029 461 4082 si
493 4029 651 4082 Jacob
676 4032 830 4083 etiam
862 4047 923 4085 ex
950 4033 1257 4087 Chananteis
1277 4051 1486 4088 uxorem
1513 4037 1746 4097 duceret,

204 4118 333 4170 illud
359 4117 518 4171 efﬁcit
547 4129 602 4171 ut
625 4119 764 4174 Isaac
779 4121 1024 4175 Jacobum
1059 4125 1223 4177 mittat
1250 4126 1298 4177 in
1328 4126 1747 4193 Mesopotamiam

202 4207 271 4259 ad
297 4206 507 4260 fratrem
561 4210 719 4276 ipsius
768 4211 1054 4276 Labanum,
1085 4223 1140 4266 ut
1169 4230 1232 4267 ex
1262 4215 1461 4266 lilialms
1487 4215 1595 4281 ejus
1623 4230 1750 4266 uxo-

202 4313 315 4350 rem
339 4299 512 4352 ducat.
544 4299 664 4352 Post
703 4301 878 4354 Jacobi
911 4302 1197 4369 profectum
1247 4305 1392 4356 duxit
1424 4305 1559 4357 Esaii
1594 4305 1748 4356 ﬁliam

203 4386 439 4440 lsmaelis
459 4389 552 4442 sibi
579 4405 810 4444 uxorem.
843 4392 1025 4445 lsmael
1046 4403 1217 4447 autem
1243 4395 1375 4448 ﬁlius
1394 4406 1504 4449 erat
1530 4397 1750 4449 Abrahae

201 4490 267 4527 ex
299 4477 488 4543 Agare.
515 4478 664 4532 Videt
692 4481 879 4533 scalam
907 4482 1084 4545 Jacob,
1107 4485 1314 4550 cippum
1342 4486 1507 4548 erigit,
1539 4487 1752 4553 promit-

205 4566 374 4630 titque
400 4580 455 4617 se
482 4567 730 4619 bonorum
761 4585 967 4622 suorum
996 4572 1221 4625 decimas
1247 4575 1350 4627 1)οο
1397 4576 1657 4637 daturmn,
1708 4577 1750 4628 si

204 4653 485 4706 incolumis
515 4665 877 4710 reverteretur.
915 4660 1062 4712 Venit
1089 4663 1136 4713 in
1156 4662 1595 4730 Mesopotamiam,
1629 4666 1754 4718 vidit

205 4740 516 4806 Racbclcm,
549 4743 709 4810 ipsam
732 4746 989 4797 osculatus
1010 4756 1087 4799 cst
1112 4765 1125 4809 ;
1154 4765 1359 4802 reversa
1395 4753 1558 4817 puella
1589 4753 1635 4803 id
1667 4769 1752 4805 re-

195 4831 614 4896 nuntiavitpatri
642 4848 734 4886 suo
763 4835 992 4889 Labano.
1025 4838 1108 4890 1110
1130 4840 1340 4892 veniens
1372 4843 1576 4908 agnovit
1601 4842 1752 4895 Jaco-

202 4920 352 4981 bum,
385 4919 586 4971 induxit
629 4923 771 4974 illum
812 4924 1045 4976 domum.
1087 4926 1248 4980 .lacob
1287 4930 1497 4981 servivit
1537 4931 1641 4992 illi,
1704 4932 1750 4982 in

200 5005 502 5059 mercedem
531 5009 685 5060 ﬁliam
716 5011 875 5076 ipsius
891 5024 1194 5079 accepturus
1218 5035 1228 5068 :
1251 5017 1334 5069 ille
1354 5034 1477 5069 vero
1505 5021 1753 5085 majorem

204 5104 329 5146 natu
351 5095 510 5148 dedit.
546 5096 701 5164 Aigre
743 5101 921 5152 ferenti
955 5103 1146 5156 1000111)
1170 5106 1236 5157 01)
1266 5106 1539 5170 fallaciam,
1565 5124 1753 5176 propo-

205 5183 282 5234 nit
313 5192 368 5234 nt
403 5195 598 5250 septem
625 5187 752 5237 alios
779 5203 942 5242 annos
967 5193 1062 5243 sibi
1108 5194 1317 5256 serviat,
1360 5196 1402 5246 si
1431 5197 1549 5247 velit
1588 5207 1640 5249 et
1670 5199 1754 5264 ju-

203 5272 408 5322 niorem
456 5271 664 5324 dueere.
721 5275 808 5326 1110
853 5291 976 5328 vero
1025 5279 1074 5330 id
1128 5297 1331 5348 quoque
1363 5297 1541 5350 passus
1576 5295 1672 5348 est,
1704 5297 1756 5338 et

200 5359 356 5411 duxit
381 5361 536 5413 etiam
561 5362 842 5429 ⁴1011101001.
876 5365 1000 5417 Erat
1026 5378 1194 5421 autem
1219 5372 1381 5438 major
1407 5384 1526 5425 natu
1547 5374 1632 5425 Lia
1663 5376 1756 5442 lip-

203 5447 282 5512 pis
305 5448 502 5510 oculis;
537 5451 711 5516 junior
753 5463 922 5504 autem
968 5453 1162 5508 Rachel
1210 5459 1456 5513 formosa.
1515 5462 1603 5514 lla:
1633 5476 1756 5515 vero

203 5536 384 5602 ﬁgurm
411 5545 550 5600 sunt,
583 5553 770 5606 nempe
800 5540 964 5606 major
985 5550 1106 5594 natu
1131 5561 1404 5614 synagoga:
1431 5548 1752 5616 Judmorum,

262 5643 337 5703 (II)
371 5649 478 5693 llaec
501 5647 711 5694 pluribus
736 5650 1029 5706 exilirantnr
1054 5661 1194 5701 'l'nmr)
1219 5663 1285 5714 IV,
1317 5658 1408 5705 col.
1437 5660 1523 5708 Ab"!

531 5723 796 5780 Parnm.
831 5725 874 5785 G
889 5743 943 5782 u.
986 5725 1130 5784 LVI.

1277 357 1586 413 SYNOPSIS
1619 353 2013 411 SCRIPTURJ‘I
2051 353 2316 408 SACRE.

3284 371 3393 422 322

1853 466 2026 531 junior
2054 473 2222 517 autem
2251 464 2493 517 Ecclesire
2515 463 2726 516 Christi.
2759 463 3004 531 Concepit
3032 464 3140 526 Lia,
3165 474 3218 518 et
3247 479 3401 532 pepe-

1855 557 1920 608 rit
1951 556 2150 616 Ruben,
2178 555 2508 623 Symeonem,
2540 553 2661 608 Levi
2691 563 2741 607 et
2767 554 2972 607 Judam.
3009 553 3197 606 Rachel
3227 565 3397 607 autem

1855 645 1972 712 quia
1999 660 2099 696 non
2135 644 2385 711 pariebat,
2409 643 2495 695 dat
2514 642 2708 696 Jacobo
2737 657 2950 696 uxorem
2974 642 3274 705 secundam,
3302 658 3396 694 an-

1854 735 2022 787 cillam
2055 746 2242 800 nempe
2271 746 2414 784 suam
2455 732 2652 793 Balam,
2702 741 2754 783 ct
2801 733 3000 799 peperit
3047 732 3132 784 illa
3190 731 3295 784 Dm
3345 741 3398 783 et

1855 822 2202 888 Nephtlialim.
2239 820 2386 874 Dedit
2411 822 2565 873 etiam
2598 820 2685 872 Lia
2713 820 2961 886 Zelpham
2984 820 3220 872 ancillam
3249 832 3394 872 suam

1855 911 2048 964 Jacobo
2080 925 2290 962 uxorem
2326 927 2336 961 :
2366 909 2477 961 luce
2515 925 2638 961 vero
2666 909 2866 975 peperit
2894 907 3001 960 Gad
3043 919 3092 960 et
3123 911 3268 961 Aser.
3302 910 3396 963 Pe-

1858 1002 1989 1066 perit
2010 997 2194 1051 dcimle
2221 998 2374 1049 etiam
2402 997 2485 1048 Lia
2504 995 2709 1050 lsachar
2728 1008 2777 1049 et
2798 997 3046 1048 Zabttlon.
3072 995 3217 1049 Tunc
3242 1012 3398 1065 pepe-

1857 1090 1920 1140 rit
1945 1103 2149 1156 quoque
2174 1087 2364 1138 Rachel
2383 1085 2688 1155 Joscphum.
2712 1086 2838 1139 Cum
2866 1097 3034 1140 autem
3063 1088 3214 1140 vellet
3237 1087 3396 1141 10001)

1856 1179 2046 1231 reverti
2075 1179 2125 1229 in
2150 1187 2337 1230 terram
2378 1191 2544 1240 suam,
2571 1177 2658 1229 dat
2701 1176 2795 1244 ipsi
2850 1177 3142 1232 mercedem
3198 1177 3391 1238 Laban,

1856 1282 2008 1335 quam
2037 1267 2145 1334 ipse
2173 1265 2730 1329 Jacobdeterminavit,
2761 1281 2914 1320 omne
2938 1265 3204 1320 fuscumin
3223 1268 3388 1335 agnis,

1857 1365 1908 1407 et
1936 1370 2088 1407 omne
2114 1355 2285 1406 album
2319 1355 2366 1406 in
2397 1355 2566 1420 capris
2593 1373 2604 1404 :
2637 1355 2718 1406 illa
2757 1365 2928 1406 autem
2975 1370 3124 1422 quam
3175 1357 3392 1421 plurima

1856 1445 2192 1496 oriebantur:
2217 1441 2444 1510 ponebat
2470 1442 2606 1493 enim
2637 1443 2796 1496 Jacob
2820 1445 2988 1511 virgas
3021 1444 3070 1494 in
3096 1443 3393 1507 earialibus;

1856 1544 1907 1586 ct
1937 1533 2294 1600 concipiebant
2324 1547 2466 1594 oves,
2496 1544 2547 1585 et
2570 1533 2838 1599 pariebant
2875 1534 2988 1587 alba
3034 1543 3087 1588 et
3127 1535 3288 1599 varia,
3343 1547 3398 1589 et

1855 1623 2091 1675 cincritio
2136 1622 2308 1674 colore
2352 1637 2551 1689 sparsa.
2598 1621 2727 1672 1111111
2781 1637 2904 1675 vero
2948 1631 3109 1676 totum
3151 1624 3238 1677 Dei
3285 1635 3397 1677 crat

1855 1728 2005 1779 opus,
2049 1721 2104 1765 ut
2147 1713 2257 1779 ipse
2284 1711 2443 1764 Jacob
2469 1713 2558 1763 ait.
2607 1710 3088 1766 111ν11101101110111111
3117 1713 3311 1776 Laban,
3343 1726 3397 1769 et

1858 1802 1942 1854 ille
1971 1802 2102 1853 clam
2131 1802 2354 1869 acceptis
2385 1801 2629 1853 uxoribus
2663 1801 2769 1854 suis
2789 1815 2905 1854 cum
2929 1801 3256 1856 facultatibus
3276 1804 3395 1857 abs-

1856 1891 2030 1944 cessit.
2062 1890 2235 1943 Laban
2263 1906 2388 1944 vero
2416 1891 2723 1958 insequutus
2742 1907 2858 1944 eum
2881 1903 2980 1953 est,
3008 1907 3068 1946 ac
3095 1895 3391 1961 priusquam

1856 1995 1972 2033 cum
1994 1979 2083 2032 illo
2108 1979 2532 2048 congrederetur,
2563 1979 2926 2034 interminatus
2955 1990 3034 2033 est
3060 1981 3128 2032 illi
3169 1982 3322 2045 Deus,
3350 1983 3394 2035 si

1855 2085 2039 2139 aspere
2057 2070 2302 2124 Iacobum
2319 2071 2628 2123 adoriretur.
2653 2070 2741 2124 1110
2759 2086 2881 2123 vero
2903 2080 2956 2122 ut
2976 2069 3204 2135 advenit,
3230 2073 3395 2138 primo

1856 2160 2143 2223 incusabat,
2176 2171 2225 2212 et
2249 2173 2458 2212 causam
2487 2156 2770 2225 qucerebat,
2799 2171 2891 2209 cur
2914 2157 3082 2210 furtim
3115 2159 3396 2211 abSCGS>iS-

1856 2259 1954 2303 set.
1987 2250 2051 2304 Ut
2070 2261 2242 2303 autem
2268 2247 2729 2314 JacobrespOndit,
2747 2262 2803 2300 se
2820 2248 2868 2300 id
2889 2247 3003 2301 ideo
3033 2247 3234 2312 fecisse,
3257 2250 3393 2318 quod

1854 2341 1951 2392 sibi
1981 2339 2317 2401 invideretur,
2361 2347 2413 2390 et
2452 2338 2670 2391 veritum
2699 2352 2766 2392 ne
2805 2337 2936 2392 ﬁlias
2974 2353 3093 2392 suas
3129 2342 3390 2401 retineret,

1853 2430 1981 2481 deos
2008 2443 2129 2481 suos
2172 2427 2434 2495 repetebat
2465 2426 2659 2491 Laban,
2693 2439 2823 2494 quos
2851 2425 3014 2478 furata
3041 2435 3154 2479 erat
3179 2427 3394 2480 Rachel.

1854 2521 1980 2572 Cum
2000 2529 2170 2570 autem
2190 2533 2291 2570 non
2309 2517 2610 2581 invenisset,
2631 2518 2787 2568 instat
2803 2515 3308 2569 vehementerJaeob
3329 2518 3394 2569 in-

1854 2620 2058 2659 cusans.
2085 2607 2321 2669 Demum,
2356 2612 2627 2672 pestquam
2645 2604 2982 2657 comederant
2995 2613 3045 2656 et
3071 2603 3324 2666 biberant,
3344 2605 3392 2658 in

1856 2697 1988 2747 viam
2016 2698 2234 2763 quisque
2274 2709 2418 2747 suam
2451 2703 2775 2747 recesserunt
2795 2734 2808 2752 .
2840 2695 3092 2746 tumulum
3120 2692 3228 2747 illic
3250 2694 3387 2761 lapi-

1853 2785 1976 2836 dum
2021 2793 2309 2836 statuentes
2335 2823 2347 2843 .
2391 2799 2542 2849 quem
2582 2783 2765 2836 eollem
2813 2782 3390 2834 testimoniivocarunt.

1855 2874 2000 2928 Tunc
2029 2888 2302 2927 occurrere
2333 2873 2526 2926 Jacobo
2556 2873 2723 2939 angeli
2754 2873 2862 2925 Dei.
2903 2871 3057 2924 Mittit
3083 2888 3208 2926 vero
3233 2873 3394 2926 Jacob

1852 2966 1915 3018 ad
1957 2967 2093 3019 Esau
2114 3006 2128 3030 ,
2161 2965 2246 3033 qui
2272 2964 2639 3016 aununtiarcnt
2665 2962 2938 3015 adventum
2973 2977 3142 3016 suum.
3181 2963 3242 3017 Ut
3272 2979 3394 3017 vero

1853 3056 2119 3109 redierunt
2145 3055 2178 3106 ii
2204 3055 2288 3122 qui
2331 3053 2470 3106 missi
2492 3052 2714 3116 fuerant,
2747 3061 2796 3104 et
2826 3052 3188 3103 nuntiaverunt
3216 3053 3392 3104 venire

1853 3144 1991 3196 Esaii
2014 3158 2129 3195 cmn
2159 3141 2550 3209 quadringentis
2582 3140 2723 3203 viris,
2749 3139 3022 3191 formidine
3043 3149 3222 3206 captus
3248 3151 3392 3207 rogat

1853 3235 2047 3296 Deum,
2082 3241 2134 3284 ut
2164 3247 2218 3284 se
2243 3233 2307 3284 ab
2339 3229 2624 3283 imminenti
2651 3230 2879 3297 periculo
2903 3230 3102 3293 liberet,
3136 3231 3392 3297 mittitque

1850 3323 1984 3376 dona
2031 3324 2167 3374 Esaii
2213 3323 2379 3373 fratri.
2413 3321 2480 3374 Ut
2509 3328 2681 3372 autem
2727 3320 2990 3387 ingressus
3031 3329 3112 3372 est
3139 3318 3298 3372 Jacob
3340 3321 3391 3372 in

1850 3421 2131 3466 torrentem
2157 3452 2170 3475 ,
2210 3410 2726 3477 benedictionemqne
2754 3411 2991 3476 accepit,
3027 3423 3088 3461 ac
3131 3417 3388 3463 mutatum

1853 3503 1944 3554 fuit
1970 3515 2159 3552 nomen
2186 3500 2318 3565 ejus,
2349 3498 2482 3550 videt
2511 3499 2646 3549 Esau
2673 3497 2982 3557 venientem,
3007 3511 3067 3549 ae
3093 3497 3257 3548 divisa
3283 3509 3391 3550 tur-

1851 3606 1931 3641 ma
1955 3605 2065 3652 sua,
2089 3589 2302 3641 ancillas
2323 3603 2438 3639 cum
2463 3587 2580 3638 filiis
2599 3587 2704 3638 Suis
2727 3587 2914 3652 primas
2941 3587 3224 3648 constituit,
3250 3586 3391 3639 Liam

1851 3681 2128 3733 secundam
2151 3695 2266 3731 cum
2293 3680 2425 3743 filiis,
2461 3691 2511 3731 et
2532 3678 2810 3732 Rachelem
2833 3692 2948 3730 cum
2973 3677 3165 3744 .loseph
3196 3686 3393 3744 postre-

1852 3785 1988 3821 mam
2037 3769 2214 3821 vcnire
2254 3768 2446 3835 jussit:
2477 3765 2588 3835 ipse
2609 3782 2738 3821 vero
2766 3767 2961 3835 primus
3002 3766 3290 3820 incedebat.
3325 3767 3392 3822 Ut

1851 3868 2024 3910 autem
2045 3857 2247 3925 placide
2275 3856 2402 3908 vidit
2431 3855 2573 3907 illum
2606 3854 2742 3908 Esau
2767 3895 2780 3918 ,
2809 3865 2861 3908 ct
2888 3856 3021 3909 dona
3047 3855 3113 3906 ab
3142 3855 3230 3908 illo
3250 3871 3394 3909 acce-

1853 3945 1960 4011 pit,
1991 3945 2204 4012 rogabat
2232 3960 2288 3996 se
2318 3949 2412 3995 viae
2442 3944 2684 3996 comitem
2712 3945 2968 4010 acciperet
2998 3963 3010 3995 :
3040 3942 3200 3996 Jacob
3221 3952 3392 3996 autent

1853 4036 2042 4086 renuit.
2073 4031 2319 4086 Confecto
2364 4034 2548 4085 itinere
2587 4044 2818 4085 moratus
2860 4042 2937 4085 est
2969 4035 3018 4086 in
3056 4033 3227 4087 Salem
3265 4035 3395 4086 Sicic

1853 4138 2056 4174 morum
2084 4124 2226 4184 urbe,
2261 4122 2347 4174 ubi
2373 4122 2594 4190 Syeliem
2625 4122 2758 4174 [ilius
2788 4123 2997 4174 limmor
3021 4124 3154 4191 regis
3175 4164 3189 4188 ,
3217 4139 3396 4177 amore

1855 4213 1995 4266 Dirue
2023 4213 2140 4265 filiae
2173 4213 2348 4266 Jacobi
2374 4223 2553 4280 captus
2582 4221 2691 4276 est,
2728 4213 2915 4280 illaque
2941 4213 3136 4276 vitiata,
3176 4212 3394 4280 rogabat

1856 4303 1993 4354 illam
2023 4303 2214 4355 ducere
2260 4318 2475 4355 uxorem
2505 4301 2601 4355 sibi
2643 4301 2841 4354 liceret.
2870 4302 3267 4369 Responderunt
3295 4303 3396 4370 Sy-

1855 4406 2006 4443 mcon
2033 4401 2084 4444 et
2112 4391 2271 4456 Levi,
2305 4406 2361 4444 se
2391 4392 2610 4445 libenter
2637 4392 2849 4444 daturos
2870 4432 2884 4455 ,
2927 4392 2970 4444 si
2997 4392 3092 4458 ipsi
3123 4393 3396 4444 circumci-

1853 4480 2100 4534 dereutur
2120 4495 2239 4533 cum
2266 4480 2456 4548 pepulo
2475 4495 2588 4532 suo.
2611 4479 2677 4532 Ut
2706 4494 2830 4533 vero
2852 4493 2909 4532 se
2938 4481 3393 4543 circumciderunt,

1854 4585 1974 4622 cum
2005 4568 2174 4621 adhuc
2216 4570 2265 4620 in
2296 4569 2476 4620 dolore
2523 4577 2892 4629 versarentur,
2941 4568 3058 4620 illos
3096 4568 3398 4622 interfecere

1854 4659 2078 4728 Symeon
2117 4669 2168 4711 et
2210 4659 2350 4711 Levi.
2393 4657 2650 4710 Metuebat
2685 4659 2932 4725 deinceps
2971 4658 3130 4712 10001)
3159 4674 3223 4712 00
3253 4661 3302 4712 10
3343 4676 3400 4713 se

1857 4749 2112 4800 irruerent
2143 4748 2293 4798 vicini
2320 4746 2596 4798 Chanamei
2628 4765 2640 4799 :
2681 4748 2889 4816 Dcoquc
2912 4749 3127 4816 jubcntc
3169 4751 3403 4804 ascendit

1858 4837 1905 4888 in
1939 4837 2154 4888 131011101.
2188 4836 2487 4902 MOrtuaque
2517 4846 2594 4888 cst
2620 4839 2791 4889 nutrix
2836 4838 3101 4891 Rebeccae.
3131 4839 3197 4892 Ut
3228 4852 3400 4892 autem

1858 4925 2117 4976 benedixit
2146 4925 2336 4976 Jacobo
2362 4925 2514 4988 Deus,
2544 4926 2804 4992 profectus
2829 4942 2892 4978 cx
2923 4926 3114 4977 Brethel
3146 4926 3396 4976 habitavit

1859 5016 1988 5066 ultra
2017 5015 2402 5068 ωτι-101001101³.
2435 5016 2579 5069 Tunc
2601 5017 2872 5071 infeliciter
2896 5018 3096 5082 peperit
3121 5016 3312 5069 Rachel
3343 5026 3398 5069 et

1859 5117 2057 5158 mortua
2087 5117 2164 5159 est
2190 5147 2202 5168 ,
2237 5109 2540 5174 sepultaque
2587 5117 2665 5158 est
2697 5107 2744 5157 in
2783 5107 2861 5158 via
2889 5106 3110 5172 Ephrata
3145 5122 3156 5159 :
3190 5107 3298 5160 lucc
3328 5117 3407 5158 est

1862 5195 2180 5247 b'elblehem.
2204 5196 2297 5260 Qui
2325 5206 2476 5247 natus
2495 5207 2666 5247 autem
2691 5205 2789 5258 cst,
2817 5197 3082 5262 Benijamin
3106 5206 3235 5248 erat.
3262 5197 3406 5249 Tune

1859 5282 2105 5334 dormivit
2143 5285 2320 5336 Ruben
2350 5299 2465 5334 cum
2500 5284 2640 5335 Balla
2671 5285 2956 5336 concubina
2991 5285 3150 5351 patris
3190 5285 3286 5335 sui.
3317 5284 3408 5335 Illo

1864 5382 2096 5436 tempore
2127 5383 2361 5424 mortuus
2388 5383 2466 5424 est
2501 5373 2640 5424 isaac
2667 5388 2681 5432 ;
2711 5384 2762 5424 et
2783 5375 3106 5440 sepelierunt
3129 5389 3245 5425 eum
3277 5373 3412 5424 Esaii

1863 5461 2103 5513 0110001).
2120 5461 2428 5528 Gcnealogia
2452 5461 2654 5513 ducitur
2674 5463 2934 5529 progenici
2953 5463 3110 5525 Esat'i,
3129 5462 3261 5512 inter
3280 5476 3409 5527 quos

1862 5549 1959 5603 101)
1987 5551 2246 5618 reperitur
2269 5551 2341 5617 (α)
2369 5591 2380 5614 ,
2413 5551 2501 5616 qui
2533 5549 2697 5602 Jobab
2718 5550 2800 5603 hic
2827 5562 3056 5603 vocatur.
3082 5549 3308 5616 Josepho
3340 5551 3411 5600 in-

1929 5661 1995 5719 (u)
2030 5661 2125 5708 Jobi
2153 5662 2386 5720 originem
2409 5660 2467 5705 ab
2492 5658 2606 5706 Esai;
2649 5659 2842 5708 deducit
2878 5659 3233 5715 Clirvsostcmus
3268 5659 3344 5708 hic
3365 5662 3412 5706 ct

3006 5738 3083 5795 20
