4000 6220
591 353 704 408 323

593 461 772 516 vident
813 461 995 515 fratres
1038 462 1358 514 somniorum
1403 473 1595 521 causa,
1645 455 1865 524 etquod
1901 456 2065 523 magis
2115 469 2143 504 a

597 559 744 619 patre
779 550 1096 618 diligeretur.
1134 550 1388 616 lllumque
1425 548 1591 598 solum
1621 546 1756 597 nacti
1782 543 2022 596 occidere
2057 558 2148 594 vo-

594 638 770 693 lebant
797 654 810 690 :
833 638 1112 691 consulens
1137 647 1308 690 autem
1340 635 1524 688 Ruben
1543 675 1558 698 ,
1590 643 1646 686 ut
1684 633 1734 686 in
1764 632 1934 685 lacum
1965 631 2147 698 injice-

596 737 778 792 retur,
811 727 1017 781 volebat
1058 727 1202 780 illum
1249 727 1430 778 saltem
1474 739 1501 777 a
1541 733 1708 776 morte
1749 722 1974 790 eripere.
2011 720 2142 772 Cum

595 815 912 884 injeeissent,
937 815 1278 869 vendiderunt
1299 814 1506 866 demum
1531 811 1843 874 Madianitis,
1866 809 1995 863 luda
2023 824 2147 861 coa-

593 909 815 961 sulente.
844 905 1091 958 Tunicam
1117 913 1288 958 autem
1312 903 1424 969 ejus
1450 901 1698 969 sanguine
1724 901 1934 952 tinctam
1967 907 2144 950 osten-

594 996 780 1050 derunt
809 996 958 1064 patri.
993 992 1084 1048 Ille
1105 1007 1232 1047 vero
1253 1001 1438 1061 putans
1467 991 1608 1044 illum
1630 1003 1658 1040 a
1681 991 1789 1041 fera
1817 986 2143 1048 devoratum,

594 1086 820 1154 graviter
845 1084 1073 1152 lugebat.
1108 1081 1256 1137 Juda:
1281 1089 1455 1134 autem
1487 1080 1594 1132 nati
1622 1085 1772 1139 sunt,
1809 1076 1897 1138 Er,
1927 1079 2106 1129 Aunan
2127 1117 2142 1140 ,

593 1187 644 1228 et
673 1175 851 1230 Selon.
878 1175 1082 1227 Mortuo
1105 1184 1277 1226 autem
1306 1173 1376 1225 Er
1394 1211 1409 1236 ,
1451 1183 1665 1222 uxorem
1693 1167 1808 1236 ejus
1833 1166 2145 1220 Thamarem

591 1264 738 1316 duxit
761 1263 922 1318 frater
948 1262 1062 1331 ejus
1092 1263 1278 1315 Aunan
1307 1278 1319 1312 :
1347 1261 1434 1327 qui
1457 1257 1861 1311 uolebatsemen
1891 1256 2146 1308 suscitare

594 1351 740 1406 fratri
767 1365 884 1406 suo.
908 1349 977 1404 Ut
995 1365 1120 1404 vero
1141 1349 1224 1402 hic
1247 1361 1453 1417 quoque
1475 1355 1710 1398 mortuus
1736 1354 1815 1398 est
1841 1386 1854 1405 ,
1881 1357 1984 1395 non
2013 1343 2144 1394 ultra

597 1443 805 1497 volebat
839 1441 1000 1496 Judas
1039 1440 1218 1495 Soloni
1260 1439 1412 1492 tertio
1439 1438 1544 1490 lilio
1585 1435 1894 1488 Tliamarem
1931 1447 2144 1486 uxorem

600 1531 738 1588 dare.
808 1531 1037 1584 Thamar
1065 1543 1190 1583 vero
1213 1529 1406 1581 "ornata
1447 1536 1503 1579 ut
1537 1525 1783 1579 meretrix
1821 1538 1972 1578 secus
2011 1524 2144 1574 viam

592 1623 745 1675 sedit.
769 1621 909 1674 Illam
931 1629 1101 1674 autem
1125 1635 1251 1673 vere
1267 1619 1588 1672 meretricem
1612 1613 1968 1684 putansJudas
1992 1614 2145 1680 (nam

594 1712 789 1764 vultum
815 1712 1084 1779 obtegerat
1105 1712 1124 1780 )
1149 1751 1164 1777 ,
1197 1711 1460 1778 ingressus
1485 1716 1566 1763 est
1591 1708 1652 1760 ad
1683 1722 1796 1760 eam
1821 1747 1835 1771 ,
1860 1707 2146 1774 pignusque

593 1803 736 1855 dedit
777 1803 889 1866 illi,
924 1810 1162 1871 torquem
1202 1809 1255 1856 et
1283 1801 1530 1854 annulum
1573 1809 1623 1855 et
1652 1800 1872 1867 virgam.
1912 1797 1980 1852 Ut
2017 1811 2144 1851 vero

597 1891 950 1945 renuntiatum
990 1901 1166 1959 postea
1210 1899 1291 1944 est
1330 1889 1639 1943 Thamarcm
1679 1897 1882 1941 uterum
1912 1896 2144 1955 gestare,

599 1980 752 2047 jussit
786 1995 937 2034 socer
963 1980 1076 2048 ejus
1114 1977 1274 2032 Judas
1301 1991 1420 2032 eam
1452 1977 1708 2031 comburi.
1739 1976 1826 2029 Illa
1851 1991 1976 2031 vero
2005 1976 2149 2030 misit

597 2070 795 2134 dicens,
830 2085 892 2124 ex
917 2071 1009 2124 illo
1029 2071 1142 2124 viro
1163 2083 1220 2124 se
1238 2069 1561 2138 concepisse,
1583 2068 1729 2136 cujus
1747 2076 1883 2123 esset
1902 2067 2143 2121 annulus.

602 2161 748 2213 'l‘unc
775 2160 848 2213 ait
874 2159 1034 2213 ludas
1059 2200 1074 2225 ,
1105 2158 1299 2212 Justior
1328 2168 1398 2211 est
1428 2156 1646 2210 Thamar
1673 2174 1820 2226 quant
1859 2173 1946 2226 ego
1972 2157 1992 2226 (
2019 2155 2144 2210 Gen.

597 2249 686 2303 38.
714 2248 842 2319 90).
871 2248 999 2302 Cum
1023 2257 1194 2301 autem
1221 2247 1414 2316 peperit
1437 2288 1451 2310 ,
1474 2247 1645 2300 emisit
1673 2261 1881 2299 manum
1910 2245 2063 2310 Zara,
2093 2254 2148 2300 et

599 2349 777 2408 postea
799 2341 1034 2406 retraxit,
1060 2349 1112 2392 et
1135 2352 1374 2407 egressus
1393 2347 1472 2390 est
1488 2337 1700 2400 Phares,
1723 2345 1776 2390 et
1798 2345 1974 2405 postea
1994 2335 2144 2389 Zara.

603 2429 722 2481 llrec
749 2442 903 2496 porro
943 2427 1019 2480 sic
1061 2427 1340 2496 allegorice
1382 2426 1722 2494 explicantur.
1755 2425 2015 2489 Protulit,
2069 2425 2147 2477 in-

608 2516 814 2584 quium,
850 2517 1049 2585 primus
1075 2516 1296 2586 populus
1319 2555 1334 2580 ,
1363 2529 1548 2584 nempe
1568 2514 1693 2582 justi
1721 2515 1808 2583 qui
1834 2523 1954 2569 ante
1979 2515 2146 2583 legem

599 2604 824 2672 fuerunt,
856 2620 1064 2663 manum
1085 2647 1099 2668 ν
1128 2605 1178 2658 id
1205 2614 1285 2659 est
1313 2606 1470 2658 vitam
1503 2605 1690 2658 virtute
1713 2615 1949 2658 ornatam
1971 2615 2024 2659 et
2049 2620 2146 2658 an-

597 2697 836 2766 gelicam.
873 2697 1066 2751 Deinde
1102 2698 1150 2750 in
1189 2697 1415 2750 medium
1465 2695 1672 2749 inducta
1701 2706 1782 2751 est
1819 2697 1936 2762 lex;
1968 2706 2146 2764 postea

599 2800 726 2840 vero
754 2794 991 2840 revocata
1021 2802 1224 2840 rursum
1255 2796 1335 2840 est
1361 2785 1442 2839 illa
1475 2786 1618 2855 prior
1647 2786 1747 2839 vita
1772 2827 1786 2851 ,
1821 2800 1912 2854 per
1949 2786 2144 2839 Christi

604 2873 896 2927 institutum
923 2873 986 2926 ad
1013 2873 1374 2941 perfectiorem
1400 2882 1591 2926 statum
1619 2881 1862 2940 provecta
1893 2873 1985 2942 (a).
2011 2874 2149 2928 Emit

598 2961 880 3030 Joscpbum
908 2963 1150 3032 princeps
1175 2976 1456 3031 coquorum
1480 2961 1765 3015 Pharaonis
1786 2961 2106 3029 Pentepbres
2131 2981 2143 3015 :

599 3053 801 3123 ipsique
839 3055 1099 3112 commisit
1136 3069 1313 3107 curam
1343 3051 1576 3106 omnium
1621 3066 1736 3122 qua:
1766 3051 1818 3104 in
1865 3050 2024 3104 domo
2053 3066 2145 3105 sua

601 3152 771 3199 erant.
800 3145 913 3199 Non
944 3145 1101 3200 cessit
1143 3145 1229 3198 ille
1257 3145 1396 3197 horse
1435 3143 1499 3197 ad
1541 3141 1858 3212 peccandum
1901 3142 2145 3195 hortanti.

600 3235 868 3289 Calumnia
903 3235 1166 3304 impetitus
1190 3243 1301 3297 est,
1333 3233 1600 3302 conjectus
1633 3233 1974 3286 incarcerem
2009 3230 2104 3284 fuit
2131 3248 2146 3284 :

600 3325 757 3377 etiam
780 3323 882 3377 illic
897 3321 1179 3376 dominium
1200 3322 1498 3386 obtinebat;
1523 3321 1738 3389 principi
1767 3320 2142 3390 pineemarum

601 3422 656 3467 et
684 3414 902 3481 principi
935 3413 1183 3482 pistorum
1213 3413 1579 3480 interpretatus
1604 3420 1684 3464 est
1711 3411 1931 3463 somnia.
1965 3410 2150 3465 Evenit

602 3505 736 3558 sicut
763 3505 875 3572 ipse
902 3503 1106 3558 dixerat
1135 3522 1146 3557 ε
1182 3503 1267 3558 ille
1291 3505 1482 3572 quippe
1511 3503 1712 3554 occisus
1734 3543 1748 3565 ,
1778 3501 1860 3555 hic
1887 3502 1938 3555 in
1974 3503 2150 3570 pristi-

601 3609 723 3645 num
747 3593 994 3645 honorem
1014 3592 1258 3646 reductus
1278 3600 1375 3645 est.
1395 3591 1534 3644 Vidit
1553 3592 1754 3644 Pharao
1772 3591 1971 3644 somnia
1993 3591 2148 3643 boum

600 3691 652 3734 ul
677 3681 934 3748 spicarum
957 3699 969 3744 ;
993 3681 1180 3748 quibus
1199 3679 1587 3747 significabatur
1605 3679 1937 3742 abundantia,
1965 3687 2018 3731 et
2035 3693 2150 3747 quae

603 3772 744 3824 illam
786 3772 1100 3838 subsequuta
1126 3780 1206 3824 est
1236 3769 1415 3824 fames.
1458 3769 1686 3822 Eductus
1715 3785 1778 3822 ex
1819 3783 2027 3823 carcere
2069 3777 2152 3823 est

603 3859 820 3928 Joseph,
851 3867 908 3912 ut
933 3858 1018 3910 illa
1046 3859 1511 3926 interpretaretur;
1543 3872 1658 3910 nam
1685 3871 1802 3909 eum
1835 3857 2152 3911 indicaverat

602 3949 843 4017 princeps
867 3949 1250 4016 pincernarum.
1275 3946 1646 4014 lnterpretatus
1676 3945 1763 3998 ille
1785 3957 1884 4010 est,
1908 3946 2151 4014 deditque

601 4039 896 4101 consilium,
925 4052 1027 4106 quo
1057 4036 1176 4090 fami
1201 4037 1485 4091 remedium
1515 4035 1873 4090 adhibebatur.
1899 4037 2152 4093 Statuitur

601 4137 719 4196 post
743 4127 1063 4180 Pharaonem
1094 4127 1289 4194 primus
1307 4165 1323 4191 ,
1363 4133 1416 4179 et
1440 4126 1602 4178 multo
1627 4126 1846 4180 collecto
1875 4126 1924 4179 in
1951 4137 2151 4194 septem

604 4220 753 4271 annis
807 4219 1058 4272 ubertatis
1101 4219 1410 4280 frumento;
1457 4217 1665 4286 quando
1707 4216 1875 4272 fames
1924 4219 2148 4283 institit,

606 4307 901 4361 volentibus
941 4307 1217 4360 vendebat.
1252 4305 1517 4360 Venerunt
1545 4306 1702 4359 etiam
1730 4305 1914 4359 fratres
1949 4306 2063 4374 ejus
2087 4308 2152 4362 ad

604 4397 901 4451 emendum.
928 4396 1025 4451 Ubi
1050 4406 1221 4450 autem
1246 4411 1348 4450 non
1369 4411 1485 4449 cum
1508 4395 1610 4448 illis
1633 4395 2150 4463 viditBeujaminum,

606 4499 844 4541 metuens
871 4501 936 4540 ne
959 4487 1101 4539 illum
1126 4501 1331 4555 quoque
1357 4485 1724 4554 perdidissent,
1757 4488 1959 4539 incusat
1983 4500 2072 4538 eos
2100 4495 2155 4539 ut

605 4577 962 4646 exploratores
988 4585 1174 4641 terrae,
1217 4590 1312 4628 nec
1339 4575 1570 4628 criminis
1595 4575 1748 4626 aliam
1791 4575 1898 4627 fore
1933 4576 2151 4628 solutio-

605 4683 724 4722 nem
747 4667 891 4732 dicit,
909 4668 1004 4720 nisi
1030 4667 1238 4720 fratrem
1259 4666 1515 4732 juniorem
1540 4665 1898 4732 Benjaminum
1921 4666 1970 4717 in
1993 4663 2155 4734 Egy-

606 4771 749 4830 ptum
777 4759 1122 4820 adducentes,
1153 4756 1432 4812 ostendere
1459 4765 1687 4824 possent.
1717 4757 1941 4824 Arrepto
1980 4763 2152 4808 autem

604 4861 656 4905 et
685 4852 858 4905 vincto
887 4851 1145 4920 Symeone
1169 4891 1182 4914 ,
1215 4857 1429 4902 creteros
1459 4848 1691 4912 dimisit,
1731 4855 1786 4901 et
1814 4847 2074 4900 frumento
2099 4855 2152 4900 et

604 4950 820 5010 argento
842 4941 982 4994 dato.
1010 4939 1103 4994 Ubi
1125 4947 1299 4991 autem
1319 4937 1559 4991 viderunt
1578 4946 1870 5006 argentum,
1893 4949 2009 4988 eum
2034 4950 2154 5002 ape-

606 5035 769 5086 rirent
797 5046 976 5087 saccos
1003 5071 1017 5096 ,
1061 5030 1125 5083 de
1156 5043 1214 5082 re
1241 5037 1344 5081 tam
1389 5027 1653 5094 inopinata
1693 5026 1885 5080 turbati
1915 5034 2071 5080 sunt.
2104 5033 2158 5076 et

608 5124 964 5190 Benjaminum
992 5137 1018 5174 a
1043 5131 1187 5189 patre
1208 5117 1555 5188 postulabant,
1579 5117 1659 5169 cui
1681 5115 1853 5168 omnia
1876 5128 1991 5181 qua;
2010 5122 2153 5180 gesta

608 5223 756 5265 erant
776 5217 1100 5264 enarrarunt.
1131 5209 1218 5261 llle
1244 5221 1369 5260 vero
1386 5204 1633 5260 rennebat
1656 5217 1872 5272 puerum
1898 5202 2153 5254 emittere.

608 5299 736 5359 alibi,
759 5308 812 5348 ut
836 5305 880 5348 in
907 5298 1122 5359 ιιοιιιὶΙηἹ
1143 5297 1204 5344 de
1219 5295 1513 5359 Pcenitentia.
1530 5299 1582 5340 Et
1606 5293 1709 5359 haec
1733 5298 1808 5359 est
1832 5297 2154 5359 veterumre:

609 5350 970 5420 centiorumque
995 5358 1245 5420 multorum
1267 5357 1442 5416 opinio,
1468 5353 1600 5401 illum
1622 5354 1768 5400 Jobab
1793 5352 1874 5411 qui
1892 5351 2016 5397 inter
2041 5350 2155 5396 Lsatl

611 5429 813 5469 nepotes
839 5419 986 5468 fertur
1012 5431 1119 5465 esse
1143 5419 1324 5463 Jobum.

673 5444 674 5449 η
739 5435 813 5469 tes
839 5435 986 5468 lut'utr
1143 5435 1324 5463 JUDUIII.

673 5435 743 5540 εὖ
778 5488 900 5528 Hanc
922 5479 1197 5540 allegoriam
1215 5475 1385 5522 eodem
1410 5487 1600 5540 prorsus
1622 5485 1768 5540 sensu
1786 5468 1992 5540 ex
2015 5467 2155 5540 Chry-

610 5529 843 5588 soétdmus
866 5548 993 5586 tlom.
1018 5529 1080 5585 iii
1102 5538 1148 5583 in
1164 5529 1476 5582 Genes.'l'oin.
1493 5534 1570 5590 IV,
1595 5534 1686 5581 col.
1712 5532 1820 5583 554,
1836 5531 1943 5577 535.
1968 5529 2055 5590 sed
2083 5529 2155 5572 hic

608 5587 1004 5663 tltzmdaniailjicit,
1017 5613 1121 5660 qua:
1135 5595 1447 5656 Cbrysostomi
1462 5587 1780 5644 inventionem
1793 5601 1895 5651 pra:
1911 5601 1966 5637 se
1979 5587 2150 5636 ferunt.

1301 349 1354 404 S.
1395 345 1665 402 JOANNIS
1700 338 2168 399 CllRYSOSTOlll
2210 340 2522 397 ARCHIEP.
2549 339 3068 401 CONSTANTINOP.

3689 371 3798 426 324

2259 454 2324 509 Ut
2364 465 2535 510 autem
2564 457 2725 512 fames
2755 457 2996 525 invaluit,
3024 477 3142 515 cum
3169 461 3384 518 instaret
3410 463 3570 520 Judas
3604 467 3795 537 Benja-

2253 545 2450 598 mimun
2479 547 2659 600 volens
2685 548 2960 612 abducere,
2988 565 3046 604 se
3073 565 3259 606 sanum
3287 561 3340 607 et
3365 553 3678 609 incolumem
3707 571 3794 610 re-

2251 633 2524 688 ducturum
2541 636 2817 704 pollicitus,
2835 639 2977 693 dedit
2995 639 3154 694 Jacob
3173 642 3483 708 duplicatum
3500 655 3792 713 argentum,

2247 722 2437 790 jubens
2464 725 2565 780 alia
2605 741 2812 794 quoque
2839 727 2974 781 dona
3017 725 3217 783 afferri.
3253 729 3314 784 Ut
3341 740 3512 784 autem
3555 733 3620 784 ad
3652 733 3794 786 lose-

2252 813 2411 880 phum
2435 825 2806 882 pervenerunt,
2832 817 2898 868 ab
2919 830 2981 870 eo
3002 817 3388 884 perhumaniter
3413 819 3614 886 excepti
3642 830 3791 882 sunt;

2251 899 2317 954 de
2350 910 2496 969 patre
2528 901 2613 955 ille
2641 903 3011 971 interrogavit,
3043 913 3096 957 et
3121 905 3262 959 lauto
3290 905 3406 958 illos
3433 909 3672 960 convivio
3701 922 3790 960 ex.

2249 991 2405 1058 cepit.
2439 992 2570 1045 Cum
2611 1006 2764 1060 porro
2787 993 2854 1047 de
2882 992 3048 1047 reditu
3069 1002 3312 1062 ageretur
3333 1034 3348 1060 ,
3369 995 3525 1063 jussit
3552 995 3788 1063 poculum

2250 1095 2465 1135 aureum
2507 1082 2646 1150 injiei
2679 1082 2729 1135 in
2769 1097 2978 1136 saccum
3021 1083 3341 1152 Benjamini,
3394 1085 3492 1140 illis
3549 1087 3791 1155 ignoran—

2251 1173 2408 1226 tibus.
2438 1172 2506 1227 Ut
2535 1181 2710 1226 autem
2740 1173 2984 1241 injectum
3013 1173 3109 1227 fuit
3137 1175 3398 1242 poculum,
3429 1176 3549 1229 dum
3583 1177 3656 1230 illi
3683 1179 3792 1231 abi-

2249 1269 2384 1324 rent,
2396 1260 2742 1328 jubetJosepb
2759 1262 3088 1330 prmpositum
3101 1261 3287 1316 domus
3296 1278 3402 1318 sua:
3418 1264 3556 1317 viros
3571 1265 3791 1331 insequi.

2250 1350 2559 1420 lnsequutus
2586 1351 2672 1405 ille
2701 1351 2970 1405 incusabat
3002 1353 3140 1421 quod
3179 1352 3468 1407 beneﬁcum
3510 1355 3663 1407 malis
3705 1370 3792 1407 re-

2249 1451 2603 1496 munerarent.
2637 1440 2741 1496 lllis
2776 1456 2900 1496 vero
2929 1441 3167 1505 turbatis,
3189 1453 3240 1497 et
3271 1451 3437 1498 morte
3462 1443 3672 1511 dignum
3703 1445 3794 1496 de-

2251 1531 2550 1586 finientibus
2577 1546 2695 1585 eum
2721 1532 2808 1601 qui
2837 1533 2886 1584 in
2921 1531 3058 1585 furto
3079 1532 3438 1599 deprehensus
3459 1535 3609 1596 foret,
3635 1547 3796 1601 seque

2249 1621 2484 1674 servituti
2511 1621 2794 1686 obnoxios,
2831 1621 3096 1674 inventum
3129 1620 3222 1673 fuit
3248 1621 3488 1688 poculum
3516 1623 3567 1674 in
3608 1622 3794 1689 Benja-

2250 1710 2377 1762 mini
2406 1723 2580 1763 sacco.
2611 1708 2758 1763 Tune
2799 1711 3064 1778 ingressus
3090 1709 3249 1764 Iudas
3271 1749 3286 1775 ,
3330 1710 3584 1778 longoque
3617 1709 3795 1762 habito

2248 1813 2491 1854 sermone
2515 1800 2581 1853 de
2601 1809 2766 1868 patre,
2795 1801 2860 1854 de
2883 1799 3134 1868 Josepho,
3156 1808 3209 1852 et
3229 1798 3296 1853 de
3317 1799 3646 1868 Benjamino;
3669 1813 3791 1852 eum

2248 1903 2306 1943 se
2351 1889 2437 1944 ille
2477 1903 2574 1959 pro
2604 1904 2764 1958 puero
2805 1889 2870 1944 ad
2899 1891 3201 1944 servitutem
3227 1887 3474 1952 oﬂ‘erret,
3515 1888 3566 1940 in
3597 1895 3792 1941 tantam

2241 1981 2759 2036 commiserationem
2785 1981 3069 2050 Josepbum
3097 1981 3291 2050 injecit,
3321 1991 3373 2033 ut
3401 1989 3505 2034 tota
3526 1980 3608 2034 illa
3635 1995 3792 2034 scena

2249 2071 2575 2138 proderetur.
2607 2068 2859 2124 Omnibus
2877 2069 3014 2123 enim
3035 2069 3278 2131 exclusis,
3302 2077 3359 2121 ut
3377 2068 3474 2122 sibi
3495 2082 3610 2122 cum
3633 2067 3793 2122 libero

2251 2169 2356 2213 tate
2385 2157 2511 2213 ﬂere
2537 2158 2739 2223 liceret,
2771 2171 2890 2212 sese
2919 2157 3164 2211 fratribus
3192 2157 3611 2226 cognoscendum
3637 2156 3788 2210 exhi-

2250 2249 2388 2312 buit,
2418 2247 2660 2315 misitque
2689 2247 2752 2300 ad
2781 2255 2980 2314 patrem
3009 2260 3128 2299 eum
3164 2245 3315 2299 donis
3340 2255 3392 2297 et
3419 2244 3660 2312 plaustris
3687 2259 3702 2294 :
3739 2242 3792 2295 id

2248 2336 2388 2406 quod
2417 2338 2570 2391 etiam
2601 2336 2856 2390 Pharaoni
2881 2335 3127 2404 placitum
3157 2343 3289 2388 erat.
3325 2332 3392 2387 Ut
3415 2333 3609 2386 audivit
3628 2330 3792 2385 .laeob

2249 2445 2308 2484 ea
2339 2444 2454 2499 qua:
2478 2427 2542 2482 ad
2561 2427 2843 2497 Josephum
2870 2425 3192 2494 spectabant,
3213 2426 3400 2495 gaudio
3424 2424 3656 2491 perfusus
3679 2430 3790 2486 est,

2248 2527 2303 2575 et
2326 2520 2544 2588 jubente
2585 2518 2689 2572 Deo
2733 2516 3004 2571 descendit
3033 2517 3086 2570 in
3135 2515 3437 2585 Egyptum.
3469 2512 3615 2566 Videt
3640 2511 3793 2566 lose—

2248 2612 2407 2684 phum
2428 2619 2570 2680 pater
2595 2626 2607 2661 :
2634 2609 2744 2662 lucc
2767 2606 3131 2662 renuntiantur
3151 2603 3427 2668 Pharaoni,
3451 2604 3536 2670 qui
3558 2601 3794 2655 habitam

2249 2720 2340 2760 eos
2365 2703 2521 2772 jussit
2559 2703 2609 2757 in
2638 2701 2908 2755 Ramesse.
2950 2698 3018 2754 Ut
3041 2707 3216 2752 autem
3257 2697 3560 2752 exhaustum
3589 2695 3794 2748 fuitar-

2250 2803 2460 2862 gentum
2493 2801 2664 2857 terrm,
2691 2791 2923 2860 jumenta
2955 2787 3137 2842 dantes
3163 2787 3238 2840 illi
3269 2786 3527 2851 homines,
3554 2785 3792 2837 frumen-

2252 2893 2356 2936 tum
2387 2881 2708 2950 accipiebant
2738 2897 2750 2933 :
2779 2879 2860 2932 bis
2885 2892 3093 2947 quoque
3116 2873 3500 2937 deﬁcientibus,
3531 2886 3625 2926 nec
3649 2870 3796 2925 fama

2249 2971 2541 3034 desinente,
2569 2969 2769 3036 seipsos
2796 2981 2913 3021 eum
2937 2975 3076 3020 terra
3101 2963 3355 3018 dederunt
3380 2979 3393 3014 :
3421 2976 3482 3016 ac
3501 2961 3632 3015 servi
3656 2959 3797 3013 Pha-

2249 3059 2425 3114 raonis
2454 3057 2720 3112 constituti
2743 3055 3101 3117 seminabaut,
3131 3061 3185 3106 et
3210 3051 3440 3119 quintam
3468 3057 3660 3117 partem
3687 3047 3794 3116 ipsi

2250 3150 2580 3211 referebant,
2632 3157 2854 3216 quatuor
2895 3145 2994 3199 sibi
3039 3151 3210 3213 partes
3252 3149 3594 3196 reservantes.
3636 3139 3796 3192 Morti

2251 3241 2519 3311 proximus
2543 3237 2722 3302 Jacob,
2745 3236 3096 3304 juramentum
3127 3231 3286 3301 exigit
3308 3247 3337 3284 a
3366 3230 3608 3298 .losepbo,
3642 3243 3710 3283 ne
3736 3242 3799 3281 se

2250 3331 2301 3384 in
2329 3329 2553 3400 Egypto
2578 3327 2842 3393 sepeliret,
2865 3323 2955 3377 sed
2983 3325 3032 3377 in
3055 3324 3293 3391 sepulcro
3324 3328 3526 3389 patrum
3551 3332 3794 3371 suorum.

2250 3419 2515 3488 Filiosque
2553 3415 2764 3483 Josephi
2794 3413 3041 3482 Ephraim
3080 3421 3132 3464 et
3169 3410 3452 3463 Manassem
3484 3421 3582 3460 non
3613 3405 3667 3458 in
3699 3419 3796 3458 nc-

2253 3521 2449 3580 potum.
2470 3509 2560 3564 sed
2584 3507 2634 3560 in
2656 3507 2875 3560 ﬁliorum
2896 3502 3131 3557 ordinem
3153 3508 3409 3554 accenset.
3428 3494 3798 3564 Caligabatque

2252 3601 2415 3656 oculis
2439 3597 2602 3654 Jaeob
2631 3615 2643 3650 :
2677 3607 2732 3650 ut
2760 3604 2934 3648 autem
2963 3591 3222 3647 osculatus
3249 3600 3329 3643 est
3355 3601 3467 3653 eos,
3496 3601 3608 3640 cum
3633 3583 3798 3638 bene-

2253 3692 2487 3746 dieturus
2520 3689 2634 3743 illos
2660 3694 2836 3751 esset,
2865 3683 3058 3750 Joseph
3100 3696 3128 3734 a
3160 3679 3389 3735 sinistris
3414 3676 3592 3731 Jacobi
3621 3676 3799 3744 posuit

2254 3779 2503 3848 Ephraim
2523 3819 2538 3844 ,
2569 3786 2622 3830 et
2649 3776 2939 3829 Manassem
2966 3787 2994 3825 a
3020 3769 3237 3825 dextris.
3265 3767 3426 3822 Jacob
3455 3774 3625 3819 autem
3667 3762 3800 3816 dex-

2253 3880 2418 3925 teram
2446 3883 2654 3922 manum
2683 3865 2925 3933 imposuit
2946 3877 3102 3930 super
3121 3860 3380 3928 juniorem
3407 3856 3493 3925 qui
3519 3871 3548 3908 a
3571 3853 3799 3909 sinistris

2254 3961 2461 4022 stabat,
2505 3958 2766 4012 sinistram
2799 3970 2925 4009 vero
2961 3967 3118 4022 super
3153 3965 3270 4005 eum
3301 3949 3441 4018 quia
3466 3945 3663 4001 dextris
3687 3985 3703 4009 ,
3745 3953 3799 3997 et

2254 4047 2540 4102 benedixit.
2570 4047 2840 4100 Putantem
2886 4041 3169 4109 Josephum
3209 4038 3260 4092 id
3292 4047 3487 4105 patrem
3517 4048 3608 4102 per
3644 4032 3800 4099 igno-

2254 4139 2476 4193 rantiam
2505 4135 2693 4197 facere,
2723 4144 2776 4188 et
2800 4139 3096 4186 monentem
3115 4169 3129 4192 ,
3159 4143 3261 4180 non
3292 4125 3406 4178 tulit
3429 4122 3606 4185 Jacob,
3637 4135 3803 4189 seque

2254 4243 2493 4298 gnarum,
2527 4239 2629 4279 non
2660 4224 2981 4291 ignorantem
3009 4219 3060 4273 id
3088 4218 3259 4272 facere
3286 4214 3434 4268 dixit.
3471 4211 3617 4264 Tune
3655 4208 3806 4262 dedit

2255 4319 2484 4388 Josepho
2503 4315 2663 4372 Jacob
2684 4315 2930 4373 Sicimam
2947 4311 3064 4380 jure
3087 4309 3367 4378 prmeipuo,
3398 4317 3550 4372 quam
3573 4300 3804 4370 Symeoo

2260 4420 2313 4464 et
2341 4409 2465 4463 Levi
2513 4413 2785 4475 ceperant.
2834 4403 2902 4457 Et
2934 4397 3364 4456 benedieitfllios
3409 4407 3551 4447 suos.
3601 4390 3697 4446 Hie
3742 4389 3806 4444 de

2257 4500 2465 4556 Christo
2494 4495 2806 4550 vaticinatur
2834 4509 2848 4545 :
2878 4490 2996 4542 Non
3023 4486 3233 4555 deﬁciet,
3267 4483 3453 4552 inquit,
3485 4480 3720 4548 princeps
3747 4493 3805 4529 ea

2256 4589 2423 4651 Juda,
2464 4601 2550 4640 nec
2592 4585 2696 4635 dux
2739 4581 2798 4632 de
2823 4575 3086 4648 femoribus
3111 4575 3218 4642 ejus
3239 4609 3255 4635 ,
3291 4572 3443 4624 donec
3467 4568 3627 4621 veniat
3652 4566 3698 4618 is
3729 4563 3809 4616 cui

2256 4678 2524 4745 repositum
2557 4681 2626 4726 est
2663 4668 2830 4741 (Gen.
2870 4667 2957 4721 49.
2990 4661 3116 4734 10).
3155 4661 3220 4716 Ut
3249 4669 3420 4713 autem
3452 4664 3695 4745 mortuus
3728 4661 3812 4707 est

2257 4743 2418 4820 Ja'cob
2435 4804 2450 4829 ,
2477 4762 2608 4818 luxit
2631 4773 2749 4814 eum
2769 4755 2963 4825 Joseph
2982 4793 2997 4816 ,
3025 4763 3076 4807 et
3095 4751 3316 4806 efferens
3335 4745 3578 4815 sepelivit
3598 4743 3653 4797 in
3684 4756 3811 4812 spe-

2259 4861 2411 4914 lunca
2435 4854 2675 4908 Abrahae.
2707 4850 2958 4902 Dixerunt
2979 4845 3150 4911 itaque
3172 4841 3358 4894 fratres
3381 4838 3496 4905 ejus
3525 4853 3539 4887 :
3574 4833 3659 4886 Ne
3686 4838 3814 4903 forte

2258 4947 2456 5017 injuriae
2487 4941 2772 4996 memoriam
2795 4937 2999 4989 retineat
3017 4973 3031 4998 ,
3060 4941 3105 4983 et
3124 4930 3304 4996 referat
3333 4925 3472 4978 nobis
3500 4924 3634 4975 mala
3652 4961 3668 4984 ,
3701 4934 3815 4988 qua:

2259 5012 2512 5090 intulimus
2532 5032 2574 5085 ei
2596 5028 2755 5101 (Gen.
2780 5024 2866 5079 50.
2896 5025 2961 5076 l5
2980 5021 2998 5091 )
3019 5062 3032 5086 ,
3056 5027 3108 5074 et
3127 5016 3379 5085 rogabant
3399 5027 3519 5068 eum
3535 5012 3811 5101 dicentes:

2263 5125 2389 5178 Ecce
2429 5138 2516 5176 nos
2557 5099 2680 5172 servi
2721 5115 2790 5167 tui
2827 5126 2998 5165 sumus
3043 5107 3203 5177 (Gen.
3234 5104 3321 5158 50.
3359 5102 3486 5170 l8).
3531 5099 3816 5164 Flevitquo

2261 5217 2482 5286 Josepb,
2515 5224 2564 5268 et
2588 5211 2717 5265 dixit
2746 5208 2821 5261 eis
2851 5223 2863 5258 :
2899 5203 2978 5255 Ne
3009 5200 3216 5254 linteatis
3245 5213 3261 5250 :
3290 5211 3405 5248 nam
3436 5193 3529 5286 pei
3553 5207 3670 5244 sum

2270 5307 2367 5360 Vos
2389 5277 2524 5357 Ima-la
2565 5296 2769 5353 consido
2809 5293 3002 5360 cepistis
3026 5332 3040 5356 ,
3073 5289 3202 5341 Deus
3241 5296 3401 5336 autem
3429 5281 3555 5334 bona
3584 5277 3818 5329 retrtbuit

2262 5397 2404 5449 mihi.
2435 5393 2538 5460 Ego
2580 5387 2793 5440 nutriant
2823 5398 2907 5435 vos
2933 5389 2976 5432 et
3003 5380 3171 5431 domos
3199 5382 3382 5427 vestras
3423 5367 3602 5440 (Ibid.
3642 5383 3694 5418 υ.

2262 5489 2320 5540 2|
2357 5485 2392 5553 ).
2433 5454 2564 5535 Vixit
2594 5491 2720 5545 ergo
2765 5471 2956 5540 Joseph
2987 5475 3193 5521 centum
3222 5474 3386 5515 annos
3432 5459 3542 5526 (α),
3583 5464 3643 5508 et
3688 5454 3821 5507 vidit

2322 5639 2394 5701 (a)
2426 5636 2586 5684 Omnia
2610 5624 2901 5689 exemplaria
2920 5619 3172 5670 Bibliorum
3188 5620 3380 5665 centum
3405 5617 3456 5659 et
3475 5609 3657 5659 decem
3673 5620 3827 5658 annos
