4000 6220
249 476 388 546 αὕτη
409 475 524 528 ἐστὶ
557 474 817 544 Βηθλεέμ.
848 475 905 526 '0
939 476 994 526 δὲ
1017 474 1223 543 τεχθεὶς
1247 473 1314 544 ἦν
1340 475 1640 544 Βενιαμείν.
1667 475 1795 528 Τότε

248 560 514 630 ἐκοιμήθη
561 560 783 628 Ῥουϐὶμ
831 561 966 628 μετά
997 560 1201 622 Βάλλας
1248 564 1346 631 τῆς
1388 560 1661 629 παλλακῆς
1702 559 1795 612 τοῦ

250 647 454 714 πατρὸς
497 645 679 697 αὐτοῦ.
713 645 844 696 Τότε
897 645 1160 698 ἀπέθανεν
1200 647 1417 700 Ἰσαάκ*
1468 649 1560 699 καὶ
1596 645 1796 714 ἔθαψαν

248 732 409 784 αὐτὸν
440 732 604 783 Ἡσαῦ
631 732 722 784 καὶ
759 730 967 784 Ἰακώϐ.
1002 731 1442 800 Γενεαλογοῦνται
1478 733 1526 783 οί
1563 732 1668 784 ἀπὸ
1703 732 1794 784 τοῦ

259 817 449 879 Ἡσαῦ,
475 816 598 870 ἔνθα
628 816 936 886 εὑρίσκεται
976 816 1094 870 Ἰὼϐ
1125 819 1228 871 ἀπὸ
1257 819 1454 871 τούτων
1481 817 1574 880 ὢν,
1607 817 1793 870 Ἰωϐἀϐ

244 903 302 955 66
350 901 576 955 ἐνταῦθα
628 903 884 956 καλεῖται.
937 903 1347 970 Διαφθονοῦνται
1393 903 1469 972 τῷ
1512 903 1703 973 Ἰωσὴφ
1746 906 1792 955 οί

247 986 463 1056 ἀδελφοί⁵
488 989 593 1042 τῶν
623 989 881 1041 ἐνυπνίων
912 989 1090 1054 ἕνεκα,
1127 991 1218 1042 καὶ
1252 991 1332 1042 ὅτι
1361 989 1554 1058 μᾶλλον
1580 991 1738 1041 αὐτὸν
1766 989 1794 1040 6

246 1074 428 1144 πατὴρ
460 1075 647 1141 ἐφίλει.
672 1075 778 1126 Kal
805 1075 1053 1136 λαϐόντες
1077 1075 1232 1144 μόνον
1258 1074 1531 1126 ἐϐούλοντο
1556 1075 1757 1127 ἀνελεῖν
1777 1089 1792 1104 ο

247 1160 738 1229 συμϐουλεύσαντος
793 1161 847 1213 δὲ
884 1160 972 1213 τοῦ
1016 1161 1241 1229 Ῥουϐὶμ
1269 1162 1346 1224 είς
1387 1161 1582 1213 λάκκον
1623 1161 1792 1230 ἐμϐα-

245 1246 354 1297 λεῖν
394 1245 660 1314 (ἐϐούλετο
703 1247 809 1314 γὰρ
836 1246 993 1298 αὐτὸν
1022 1246 1155 1308 τέως
1200 1245 1471 1310 ἐξελέσθαι
1497 1245 1587 1298 τοῦ
1634 1245 1794 1298 θανά-

242 1341 383 1401 του),
425 1333 549 1384 ἐπεὶ
581 1331 862 1395 ἐνέϐαλον,
896 1330 1152 1384 ἀπέδοντο
1188 1329 1408 1400 ὕστερον
1444 1330 1555 1393 τοῖς
1587 1330 1794 1384 Μαδια-

242 1417 433 1480 ναίοις,
450 1417 542 1469 τοῦ
576 1417 741 1469 Ἰούδα
768 1415 920 1469 τοῦτο
941 1416 1386 1486 εἰσηγησαμένου.
1405 1416 1505 1469 Τὸν
1523 1417 1575 1468 δὲ
1595 1416 1792 1485 χιτῶνα

240 1504 406 1557 αὐτοῦ
439 1504 701 1573 βάψαντες
724 1505 934 1573 αἵματι,
965 1505 1299 1556 ἐπεδείκνυον
1326 1504 1402 1573 τῷ
1433 1504 1615 1572 πατρί.
1651 1505 1707 1555 '0
1736 1503 1790 1554 66

241 1591 464 1659 νομίσας
493 1591 819 1660 θηριάλωτον
847 1590 1143 1659 γεγονέναι,
1175 1591 1386 1660 ἐθρήνει
1415 1589 1681 1658 χαλεπῶς.
1704 1587 1792 1658 Τῷ

238 1677 298 1727 δὲ
332 1675 496 1728 Ἰούδα
535 1676 826 1746 ἐτέχθησαν
851 1677 975 1746 Ἤρ,
1018 1677 1213 1739 Αὐνᾶν,
1253 1676 1346 1728 καὶ
1378 1674 1580 1744 Σηλών.
1637 1676 1783 1726 Ἀπο-

240 1761 488 1824 θανόντος
515 1763 570 1814 δὲ
601 1762 693 1815 τοῦ
728 1762 853 1830 Ἣρ,
886 1762 982 1831 τὴν
1013 1764 1242 1828 γυναῖκα
1266 1759 1428 1812 αὐτοῦ
1470 1758 1565 1828 τὴν
1601 1758 1790 1828 Θάμαρ

239 1847 430 1899 ἐλαϐεν
462 1851 490 1900 6
539 1848 761 1915 ἀδελφὸς
809 1847 973 1900 αὐτοῦ
1027 1848 1235 1899 Δύνᾶν·
1287 1847 1379 1898 καὶ
1410 1847 1509 1898 οὐκ
1549 1845 1791 1898 ἐϐούλετο

237 1933 540 2000 ἀναστῆσαι
564 1933 782 2002 σπέρμα
812 1933 888 2000 τῷ
913 1931 1121 2000 ἀδελφῷ
1149 1930 1335 1984 αὐτοῦ.
1375 1931 1462 1992 '0;
1491 1931 1546 1983 66
1576 1932 1670 1982 καὶ
1703 1925 1776 1982 οὗ·

236 2036 329 2081 τος
359 2018 646 2078 ἀπέθανεν.
691 2019 868 2070 οὐκέτι
910 2018 1069 2088 ἦθελε
1106 2017 1184 2088 τῷ
1208 2017 1372 2087 τρίτῳ
1401 2017 1583 2087 Σηλὼν
1613 2017 1790 2069 δοῦναι

236 2109 468 2172 γυναῖκα
506 2107 603 2175 τὴν
649 2105 841 2174 Θάμαρ
881 2108 910 2158 6
948 2105 1141 2166 Ἰούδας
1182 2104 1350 2176 [324].
1401 2105 1464 2157 Ἡ
1502 2105 1558 2156 δὲ
1598 2105 1790 2174 Θάμαρ

237 2192 628 2260 κοσμησαμένη
661 2191 910 2243 ἐκάθισεν
930 2190 1004 2253 ώς
1024 2191 1193 2260 πόρνη
1216 2190 1364 2260 παρά
1393 2189 1489 2260 τὴν
1520 2190 1656 2242 ὀδόν.
1685 2192 1790 2242 Καὶ

235 2278 461 2347 νομίσας
507 2278 673 2348 αὐτὴν
705 2275 915 2346 άληθῶς
955 2277 1154 2346 πόρνην
1183 2273 1320 2330 εἶναι
1355 2276 1548 2340 Ἰούδας
1569 2277 1784 2345 (ἐκεκάο

235 2363 406 2416 λυπτο
454 2363 562 2433 γάρ
627 2364 687 2415 16
743 2361 1085 2433 πρόσωπον),
1140 2362 1350 2432 είσῆλθε
1405 2363 1539 2432 πρὸς
1603 2363 1789 2434 αὐτὴν,

237 2451 332 2502 καὶ
385 2449 578 2500 ἔδωκεν
621 2450 756 2517 αὐτῇ
804 2448 1112 2519 ἀρραϐῶνα,
1153 2448 1409 2518 ὁρμίσκον
1459 2449 1548 2501 καὶ
1593 2448 1787 2501 δακτύ-

233 2535 348 2588 λιον
393 2536 485 2588 καὶ
531 2534 739 2606 ῥάϐδον.
778 2536 864 2596 '0;
925 2534 980 2586 66
1037 2534 1347 2605 ἀπηγγέλθη
1418 2535 1554 2604 μετὰ
1597 2535 1786 2596 ταῦτα,

231 2625 316 2676 ὅτι
373 2623 490 2676 κύει
547 2623 772 2693 Θάμαρ,
833 2623 1110 2676 ἐκέλευσεν
1169 2623 1334 2692 αὐτὴν
1390 2623 1788 2692 κατακαυθῆναι

231 2709 263 2760 6
303 2708 556 2778 πενθερὸς
618 2707 830 2769 Ἰούδας.
868 2710 930 2760 'H
982 2708 1036 2760 66
1090 2709 1369 2761 ἀπέστειλε
1419 2709 1675 2775 λέγουσα,
1725 2711 1788 2760 ἐκ

232 2795 329 2848 τοῦ
371 2795 560 2865 ἀνδρὸς
627 2795 1015 2863 συνειληφέναι,
1075 2788 1135 2847 οὗ
1189 2798 1217 2848 6
1261 2795 1514 2854 δάκτυλός
1578 2803 1594 2823 ⁶
1652 2796 1783 2845 ἐστι.

232 2880 369 2933 Τότε
393 2880 552 2948 φησὶν
588 2877 802 2939 Ἰούδας
832 2877 1201 2931 Δεδικαιωται
1239 2878 1434 2946 Θάμαρ
1463 2877 1499 2944 ἣ
1540 2876 1671 2944 ἐγώ.
1703 2877 1788 2938 '0;

230 2966 294 3020 δὲ
325 2965 519 3031 ἐτικτε,
546 2963 908 3035 προεξήνεγκε
936 2964 1031 3034 τὴν
1069 2966 1224 3034 χεῖρα
1260 2965 1287 3015 6
1313 2963 1482 3035 Ζαρὰ,
1512 2957 1630 3014 εἶτα
1663 2979 1786 3014 συν-

235 3051 462 3115 έστειλε,
483 3050 576 3103 καὶ
600 3049 815 3118 ἐξῆλθεν
837 3051 863 3101 ὁ
888 3049 1080 3118 Φαρὲς,
1104 3049 1195 3100 καὶ
1222 3049 1340 3100 τότε
1361 3049 1388 3100 6
1411 3048 1576 3118 Ζαρά.
1607 3047 1787 3100 Ταῦτα

231 3138 292 3191 66
319 3136 488 3200 οὕτως
523 3137 916 3207 ἀλληγορεῖται.
951 3135 1338 3206 Προεξήνεγκε,
1374 3137 1555 3205 φησιν,
1586 3137 1612 3187 6
1642 3137 1788 3205 πρῶ-

231 3243 325 3288 τος
347 3226 490 3290 λαὸς,
517 3227 564 3277 οἱ
591 3224 699 3293 πρὸ
733 3224 825 3276 τοῦ
859 3223 1020 3293 νόμου
1053 3223 1267 3287 δίκαιοι,
1298 3222 1397 3294 τὴν
1433 3226 1604 3292 χεῖρα,
1633 3240 1784 3275 τουτ-

235 3311 373 3377 έστι,
395 3311 489 3380 τὴν
522 3309 772 3379 ἐνάρετον
802 3308 1071 3361 πολιτείαν
1103 3308 1196 3360 καὶ
1222 3308 1533 3378 ἀγγελικὴν».
1567 3303 1698 3359 Εἶτα
1731 3311 1785 3358 ἐν

237 3405 388 3472 μέσῳ
410 3401 777 3474 παρενεϐλήθη
803 3401 962 3470 νόμος
981 3416 993 3431 ·
1031 3399 1167 3470 μετά
1202 3398 1257 3451 66
1285 3398 1453 3451 ταῦτα
1508 3399 1664 3451 πάλιν
1693 3401 1784 3450 ἀν-

233 3489 436 3560 εκλήθη
465 3492 668 3551 ἐκεῖνος
689 3491 716 3541 6
736 3488 994 3557 πρότερος
1023 3486 1152 3555 βίος,
1175 3485 1261 3539 διὰ
1279 3485 1375 3553 τῆς
1397 3485 1537 3537 κατά
1560 3485 1786 3554 Χριστὸν

235 3575 506 3636 πολιτείας
551 3575 641 3626 ἐπὶ
683 3574 743 3625 16
785 3572 1108 3641 τελειότερον
1163 3569 1477 3639 παραχθείς.
1523 3570 1785 3639 Ἠγόρασε

232 3665 326 3716 τὸν
367 3663 558 3733 Ἰωσὴφ
587 3665 615 3716 6
661 3663 1050 3732 ἀρχιμάγειρος
1087 3660 1283 3730 Φαραὼ
1326 3662 1353 3712 ό
1392 3662 1699 3731 Πεντεφρής
1722 3661 1781 3699 δ’

234 3752 526 3822 ἐνεχείρισε
560 3752 627 3804 τά
659 3752 797 3804 κατὰ
817 3751 913 3820 τὴν
949 3750 1144 3802 οἰκίαν.
1176 3750 1286 3802 Οὐκ
1318 3746 1422 3814 εἶξε
1446 3752 1509 3818 τῇ
1535 3748 1783 3819 δεσποίνῃ

234 3839 571 3908 παρανομεῖν
634 3837 924 3905 κελευούσῃ
958 3838 1181 3897 ἐκεῖνος.
1222 3834 1676 3904 Ἐσυκοφαντήθη,
1702 3835 1784 3885 ἐν·

234 3924 435 3992 ἐϐλήθη
453 3928 529 3984 είς
547 3924 605 3975 16
626 3923 990 3991 δεσμωτήριον
1009 3937 1020 3949 ·
1048 3917 1114 3990 ἦν
1148 3920 1326 3990 ἄρχων
1356 3923 1530 3982 κάκεῖ,
1555 3921 1784 3989 διέκρινε

233 4009 313 4078 τῷ
358 4009 702 4079 ἀρχιοινοχόῳ
750 4007 840 4059 καὶ
883 4005 960 4072 τῷ
1001 4005 1382 4073 ἀρχισιτοποιῷ
1423 4005 1490 4056 τά
1541 4005 1781 4057 ἐνύπνια.

248 4094 436 4164 Ἐξέϐη
462 4093 641 4154 καθὼς
679 4088 825 4145 εἴπεο
856 4092 946 4144 καὶ
968 4094 992 4142 6
1026 4091 1123 4160 μὲν
1156 4091 1410 4161 ἀνῃρέθη,
1438 4094 1465 4143 6
1490 4091 1543 4143 66
1580 4093 1658 4153 είς
1688 4092 1783 4162 τὴν

236 4181 508 4250 προτέραν
543 4177 806 4247 ἐπανῆλθε
850 4177 1032 4245 τιμήν.
1081 4173 1196 4228 Εἷδε
1228 4176 1422 4246 Φαραὼ
1452 4177 1518 4228 τὰ
1563 4176 1783 4228 ἐνύπνια

234 4266 340 4318 τῶν
368 4266 524 4335 βοῶν,
553 4265 658 4318 τῶν
685 4263 928 4332 σταχύων
949 4280 960 4294 ο
988 4263 1052 4315 δι’
1086 4257 1160 4316 ὧν
1193 4262 1439 4332 ἐδηλοῦτο
1468 4265 1499 4331 ή
1540 4263 1779 4332 εὐθηνία,

235 4354 329 4406 καὶ
359 4356 386 4405 6
416 4352 790 4420 διαδεξάμενος
840 4349 1008 4418 αὐτὴν
1048 4348 1220 4417 λιμός.
1263 4349 1547 4417 Ἐξηνέχθη
1588 4351 1782 4417 Ἰωσὴφ

234 4439 327 4491 τοῦ
356 4437 748 4507 δεσμωτηρίου,
775 4437 861 4487 ἵνα
879 4435 1107 4505 ἐπιλύσῃ
1125 4448 1138 4461 ·
1161 4435 1393 4503 ἐμήνυσε
1413 4434 1519 4502 γὰρ
1537 4436 1564 4486 6
1582 4436 1783 4502 ἀρχιοι-

233 4525 437 4595 νοχόος.
476 4523 781 4587 Ἐπέλυσεν,
814 4520 977 4573 ἔδωκε
1009 4521 1102 4572 καὶ
1129 4519 1349 4589 γνώμην
1385 4520 1480 4590 τὴν
1509 4521 1596 4573 τὸν
1630 4521 1782 4588 λιμὸν

234 4610 780 4683 παραμυθησομένην.
801 4609 1008 4662 Γίνεται
1036 4607 1169 4677 μετὰ
1194 4609 1282 4660 16v
1303 4607 1517 4678 Φαραὼ,
1538 4608 1630 4660 καὶ
1660 4625 1781 4659 συν-

233 4697 452 4766 αγαγὼν
485 4700 624 4749 σῖτον
651 4695 813 4747 πολὺν
841 4695 896 4746 ἐν
923 4696 1032 4756 τοῖς
1059 4693 1195 4745 ἐπτά
1218 4694 1358 4745 ἐτεσι
1380 4695 1475 4762 τῆς
1499 4694 1746 4762 εὐθηνίας
1765 4735 1779 4756 ,

234 4786 320 4837 ὅτε
353 4785 382 4836 6
408 4783 561 4851 λιμὸς
594 4782 814 4850 ἐπέστη,
847 4779 1041 4832 ἐπώλει
1073 4782 1183 4841 τοῖς
1206 4778 1560 4846 βουλομένοις.
1584 4775 1782 4830 Ἦλθον

237 4873 326 4923 καὶ
362 4871 412 4921 οί
446 4868 660 4936 ἀδελφοὶ
693 4865 854 4918 αὐτοῦ
893 4865 1169 4934 πρίασθαι.
1200 4866 1287 4926 '0;
1323 4865 1378 4916 66
1403 4865 1500 4916 οὐκ
1537 4860 1639 4916 εῐδε
1667 4864 1780 4934 μετ’

235 4955 412 5010 αὐτῶν
453 4955 542 5007 τὸν
595 4951 878 5020 Βενιαμὶν,
917 4950 1164 5012 δεδοικὼς
1213 4951 1286 5019 μὴ
1331 4952 1421 5002 καὶ
1483 4951 1640 5003 αὐτὸν
1678 4951 1783 5001 ἀπ·-

236 5043 462 5105 ώλεσαν,
492 5041 727 5093 αἰτιᾶται
752 5038 825 5100 ώς
867 5037 1242 5097 κατασκόπους
1272 5035 1368 5103 τῆς
1413 5035 1542 5102 γῆς,
1576 5035 1782 5087 καὶτοῦ

234 5132 575 5202 ἐγκλήματος
614 5130 710 5181 οὐκ
737 5124 873 5180 εἶναι
906 5127 1092 5191 ἐτέραν
1130 5125 1298 5187 λύσιν,
1339 5123 1472 5193 πλὴν
1504 5126 1549 5176 εί
1589 5124 1662 5192 μὴ
1698 5124 1784 5175 τὸν

235 5221 458 5289 ἀδελφὸν
492 5219 580 5271 τὸν
607 5217 862 5286 νεώτερον
882 5216 970 5268 τὸν
998 5215 1250 5283 Βενιαμὶν
1281 5213 1676 5279 καταγαγόντες
1708 5213 1785 5273 εἰς

234 5308 506 5375 Αἴγυπτον
534 5304 791 5366 ἐπιδεῖξαι
818 5301 1109 5371 δυνηθεῖεν.
1136 5299 1327 5352 Λαϐὼν
1364 5300 1418 5351 δὲ
1445 5299 1533 5351 τὸν
1567 5298 1783 5367 Συμεὼν

295 5396 322 5423 ⁸
350 5391 629 5452 Legendum
651 5390 774 5452 haud
797 5387 1009 5452 dubiem}
1030 5387 1083 5434 τὸ
1101 5387 1364 5434 δακτύλιον.
1391 5384 1446 5432 ιιι
1471 5385 1783 5446 Lugdunensi

234 5454 400 5504 codice
423 5448 604 5513 regitur
621 5451 673 5499 οὗ
687 5452 730 5513 _6_
745 5448 998 5513 δακτύλιος.

295 5515 324 5554 b
372 5505 637 5571 Πενῖεφρής
687 5511 761 5557 hic
814 5508 1052 5568 Πετεφρής
1103 5512 1304 5571 _vocali)r
1347 5506 1396 5552 in
1446 5505 1642 5562 Bibliis;
1699 5505 1782 5552 sed

233 5577 338 5623 haec
396 5569 588 5621 nomina
643 5572 840 5617 variant.
886 5569 1148 5630 Πεντεφρής
1191 5570 1338 5630 ﬂiam
1401 5574 1777 5630 voca_l_urr§npra

234 5635 554 5688 Expositione
599 5633 645 5678 in
687 5630 925 5678 Psalmum
971 5626 1138 5688 48,"p.
1188 5627 1294 5684 2|9,
1347 5633 1460 5673 lom.
1507 5626 1564 5674 V.
1610 5629 1780 5674 Πεντε-

234 5689 348 5757 φρῆς
374 5696 519 5744 etiam
543 5694 722 5754 legitur
741 5693 788 5739 in
812 5690 976 5738 codice
1000 5689 1217 5751 Lugduni
1243 5689 1539 5737 Batavorum.

1286 361 1617 419 SYNOPSIS
1651 362 2059 418 SCRIPTUBA'J
2095 361 2361 418 SACRE.

3344 377 3454 432 32‘4

1896 475 1989 526 ἀπ’
2024 473 2204 526 αὐτῶν
2231 475 2323 526 καὶ
2355 473 2539 544 δήσας,
2559 471 2680 536 τοὺς
2708 471 2922 536 λοιποὺς
2941 472 3228 543 ἐξέπεμψε,
3255 476 3344 529 τόν
3378 495 3438 531 τε

1898 563 2040 613 σῖτον
2073 559 2191 620 δοὺς
2225 561 2318 612 καὶ
2343 559 2403 610 τὸ
2436 559 2712 628 ἀργύριον.
2745 558 2832 621 '0;
2858 559 2913 610 66
2941 554 3077 612 εἶδον
3095 560 3155 612 τθ
3185 561 3439 631 ἀργύριον

1897 644 1954 694 ἐν
1975 644 2051 713 τῷ
2078 642 2262 696 κενοῦν
2287 645 2409 704 τοὺς
2441 644 2804 712 μαρσίππους,
2833 644 3205 714 ἐταράχθησαν
3232 645 3308 714 τῷ
3334 665 3436 700 πα·

1899 729 2132 797 ραδόξῳ,
2182 729 2274 780 καὶ
2313 728 2400 780 16v
2455 729 2704 797 Βενιαμὶν
2747 729 2906 799 ᾔτουν
2935 730 3082 799 παρὰ
3114 730 3206 782 τοῦ
3236 733 3438 801 πατρὸς

1896 815 2096 880 λαϐεῖν,
2139 817 2206 868 τά
2247 817 2502 883 γεγονότα
2549 817 2969 884 ἀπαγγέλλοντες
3001 817 3230 870 ἅπαντα.
3278 819 3336 870 '0
3380 819 3437 871 66

1896 903 2164 971 ἀντείχετο
2190 902 2281 954 τοῦ
2323 901 2548 953 παιδίου.
2596 902 2680 963 Ὠς
2714 903 2770 954 66
2812 903 3178 972 ἐπεκράτησεν
3203 905 3231 955 6
3262 904 3433 972 λιμὸς,

1895 987 1986 1039 καὶ
2019 988 2214 1048 Ἰούδας
2241 986 2485 1038 ἐπέκειτο
2509 985 2819 1055 βουλόμενος
2847 987 3026 1040 λαϐεῖν
3052 987 3139 1038 τὸν
3163 989 3433 1058 Βενιαμὶν,

1899 1072 2025 1141 ὐγιῆ
2062 1073 2155 1124 καὶ
2184 1073 2321 1125 σῶον
2363 1070 2818 1139 ἐπαγγειλάμενος
2852 1070 3153 1142 ἐπανήξειν,
3187 1071 3382 1126 ἔδωκεν
3409 1076 3438 1126 6

1909 1155 2096 1208 Ἰακὼϐ
2136 1158 2195 1210 τό
2238 1173 2296 1208 τε
2324 1156 2582 1226 ἀργύριον
2621 1155 2859 1218 διπλοῦν,
2899 1156 3156 1220 κελεύσας
3182 1157 3436 1227 ἐπιφέρε-

1896 1243 2018 1293 σθαι
2048 1242 2140 1294 καὶ
2163 1242 2307 1310 δῶρα
2339 1243 2517 1314 ἕτερα.
2564 1241 2722 1303 Ὠςδέ
2743 1238 2902 1311 ἦλθον
2934 1241 3066 1307 πρὸς
3097 1242 3186 1295 τὸν
3217 1245 3432 1314 Ἰωσήφ.

1893 1325 2106 1392 ἐδέξατο
2137 1329 2329 1390 αὐτοὺς
2367 1326 2625 1396 εὐμενῶς,
2666 1327 2758 1378 καὶ
2795 1322 2919 1396 περὶ
2946 1325 3036 1378 τοῦ
3061 1328 3259 1396 πατρὸς
3293 1329 3435 1398 ήρὼ-

1891 1431 2043 1484 τησε,
2069 1416 2158 1466 καὶ
2182 1416 2416 1468 εἱστίασε
2449 1413 2731 1486 λαμπρῶς.
2771 1413 2958 1466 Ἢνίκα
2984 1414 3038 1465 66
3060 1412 3164 1465 ἔδει
3197 1415 3431 1472 ἀπιέναι.

1893 1500 1952 1551 16
1985 1502 2236 1570 ποτήριον
2273 1501 2332 1552 τὸ
2366 1500 2634 1571 ἀργυροῦν
2682 1499 2887 1551 κελεύει
2921 1498 3067 1571 [525]
3106 1500 3433 1570 ἐμϐληθῆναι

1891 1586 1969 1654 τῷ
2001 1587 2296 1656 μαρσίππῳ
2339 1586 2431 1639 τοῦ
2473 1585 2759 1654 Βενιαμὶν,
2805 1585 2901 1636 οὐκ
2933 1585 3144 1637 είδότων
3191 1585 3430 1638 ἐκείνων.

1904 1672 1991 1731 '0;
2019 1672 2074 1724 66
2113 1672 2369 1741 ἐνεϐλήθη
2405 1673 2493 1724 καὶ
2530 1672 2777 1734 λαϐόντες
2818 1670 3073 1738 ἀπῆλθον,
3110 1673 3432 1740 προστάσσει

1891 1757 1967 1828 τῷ
2001 1759 2092 1811 ἐπὶ
2116 1759 2212 1827 τῆς
2241 1759 2413 1822 οίκίας
2438 1762 2465 1811 6
2493 1759 2685 1828 Ἰωσὴφ
2716 1759 3036 1822 καταδιῶξαι
3065 1760 3187 1821 τοὺς
3215 1758 3428 1829 ἄνδρας.

1905 1845 1962 1896 Ὀ
2000 1844 2054 1896 δὲ
2077 1843 2406 1907 καταδιώξας
2443 1843 2702 1909 ἐνεκάλει,
2727 1846 2805 1896 ὅτι
2835 1847 3016 1908 κακοῖς
3037 1845 3126 1898 τὸν
3147 1845 3434 1914 εὐεργέτην

1891 1928 2211 1996 ἠμείψαντο.
2259 1929 2680 1998 Ταραττομένων
2723 1929 2780 1980 66
2818 1931 3022 1994 αὐτῶν,
3067 1930 3157 1983 καὶ
3209 1928 3286 1998 τῲ
3334 1931 3432 1999 μὲν

1892 2013 2068 2065 ἁλόντι
2098 2013 2189 2065 ἐπὶ
2209 2015 2273 2082 τῇ
2306 2012 2497 2082 κλοπῇ,
2517 2016 2564 2065 εί
2591 2012 2856 2083 εὑρεθείη,
2879 2015 3101 2067 θάνατον
3127 2014 3430 2084 δριζόντων,

1893 2100 2100 2160 ἐαυτοῖς
2146 2099 2201 2150 δὲ
2233 2098 2501 2160 δουλείαν,
2536 2099 2839 2169 εὑρίσκεται
2878 2099 3024 2168 παρά
3054 2099 3130 2168 τῷ
3163 2099 3428 2166 Βενιαμίν.

1892 2184 1934 2234 Τ
1937 2184 2024 2235 ότε
2052 2183 2303 2236 εἰσελθὼν
2331 2187 2359 2236 6
2395 2185 2608 2246 Ἰούδας,
2638 2185 2728 2236 καὶ
2751 2184 2953 2254 μακρὸν
2977 2185 3258 2246 ἀποτείνας
3282 2185 3433 2251 λόγον

1892 2270 2017 2339 περί
2036 2285 2094 2320 τε
2107 2268 2196 2321 τοῦ
2211 2268 2412 2338 πατρὸς
2432 2270 2524 2320 καὶ
2541 2269 2664 2338 περὶ
2684 2269 2774 2322 τοῦ
2809 2269 2997 2339 Ἰωσὴφ
3015 2271 3106 2323 καὶ
3132 2270 3223 2321 τοῦ
3246 2271 3431 2324 Βενια-

1895 2355 2004 2423 μὶν,
2040 2353 2097 2417 ὃς
2130 2350 2196 2424 ἦν
2233 2355 2480 2424 ἐλόμενος
2519 2354 2638 2408 ἀντὶ
2676 2353 2764 2406 τοῦ
2831 2358 3110 2424 μειρακίου
3165 2355 3432 2408 δουλεύειν

1891 2440 2066 2502 αὐτὸς,
2098 2442 2175 2502 είς
2204 2440 2451 2494 τοσοῦτον
2497 2440 2739 2492 ἐνέϐαλεν
2771 2435 2944 2492 οἶκτον
2980 2442 3070 2492 τὸν
3115 2441 3327 2511 Ἰωσὴφ,
3356 2443 3430 2504 ώς

1890 2525 2206 2594 ἐλεγχθῆναι
2232 2536 2254 2563 ο
2281 2525 2376 2595 τὴν
2419 2527 2617 2596 σκηνὴν
2646 2526 2877 2578 ἃπασαν.
2912 2527 3117 2588 Πάντας
3144 2527 3250 2597 γάρ
3273 2528 3431 2581 ἐκϐα-

1890 2610 2014 2672 λὼν,
2039 2612 2122 2662 ἵνα
2158 2610 2303 2679 αὐτῷ
2337 2613 2453 2679 μετ’
2486 2611 2729 2676 ἐξουσίας
2757 2610 3004 2680 δακρύειν
3043 2611 3156 2680 ἐξῇ,
3181 2613 3430 2682 γνωρίζει

1889 2715 1946 2748 τε
1988 2697 2144 2750 αὐτὸν
2179 2701 2286 2758 τοῖς
2314 2697 2574 2763 ἀδελφοῖς,
2607 2697 2698 2748 καὶ
2738 2697 3048 2749 ἀποστέλλει
3086 2697 3174 2748 ἐπὶ
3206 2697 3292 2748 τὸν
3328 2716 3431 2750 πα-

1891 2783 2019 2850 τέρα
2064 2781 2199 2849 μετά
2232 2780 2416 2851 δώρων
2449 2782 2541 2832 καὶ
2571 2780 2791 2850 ἁμαξῶν
2812 2798 2825 2811 ·
2853 2777 2920 2851 ἦν
2939 2781 2993 2833 66
3021 2783 3111 2834 καὶ
3138 2780 3212 2851 τῷ
3238 2783 3430 2853 Φαραὼ

1889 2867 2042 2918 τοῦτο
2077 2866 2441 2920 συνευδοκοῦν.
2476 2866 2561 2929 '0;
2585 2867 2639 2918 66
2662 2868 2886 2936 ήκουσεν
2909 2870 2936 2920 6
2977 2867 3164 2920 Ἰακὼϐ
3196 2869 3261 2921 τά
3290 2869 3430 2922 κατά

1889 2952 1977 3002 τιν
2008 2953 2219 3021 Ἰωσὴφ,
2253 2952 2548 3022 περιχαρής
2571 2969 2628 3003 τε
2655 2948 2740 3020 ἦν,
2766 2953 2856 3004 καὶ
2885 2952 2974 3004 τοῦ
3003 2953 3132 3006 Θεοῦ
3158 2953 3431 3007 κελεύσαν-

1889 3054 1977 3098 τος
2011 3037 2210 3107 κατέϐη
2244 3039 2321 3099 είς
2360 3037 2647 3104 Αἴγυπτον.
2676 3039 2808 3107 ’0ρᾷ
2832 3038 2920 3090 τὸν
2953 3038 3146 3109 Ἰωσὴφ
3178 3041 3205 3090 6
3231 3039 3428 3109 πατὴρ,

1887 3123 2199 3193 ἀπηγγέλθη
2238 3122 2404 3175 ταῦτα
2437 3123 2511 3192 τῷ
2537 3122 2747 3192 Φαραὼ,
2776 3124 2866 3176 καὶ
2892 3123 3201 3192 κατῴκησεν
3223 3126 3277 3176 ἐν
3304 3125 3429 3178 Ῥα-

1890 3208 2085 3276 μεσσῆ.
2119 3209 2206 3269 Ὠς
2245 3209 2300 3259 δὲ
2341 3209 2576 3261 ἀνάλωτο
2601 3208 2659 3260 16
2694 3207 2948 3276 ἀργύριον
2983 3208 3078 3276 τῆς
3105 3208 3228 3276 γῆς,
3261 3212 3426 3280 κτήνη

1887 3294 2113 3355 διδόντες
2157 3295 2205 3345 οί
2252 3293 2540 3362 ἄνθρωποι,
2581 3292 2876 3361 ἐλάμϐανον
2919 3295 3088 3344 σῖτον’
3141 3295 3320 3365 ἐπειδὴ
3371 3295 3428 3349 δὲ

1887 3379 1980 3431 καὶ
2002 3378 2172 3430 ταῦτα
2199 3377 2441 3440 ἐπέλιπε,
2472 3377 2563 3428 καὶ
2582 3379 2610 3428 6
2637 3376 2790 3444 λιμὸς
2819 3377 2915 3428 οὐκ
2939 3378 3183 3439 ἐπαύετο,
3209 3380 3428 3441 ἐαυτοὺς

1888 3464 2090 3517 ἔδωκαν
2115 3462 2251 3533 μετά
2274 3463 2370 3532 τῆς
2397 3463 2498 3530 γῆς
2518 3475 2530 3489 ·
2570 3461 2662 3512 καὶ
2690 3460 2959 3529 γενόμενοι
2981 3461 3057 3529 τῷ
3088 3463 3280 3532 Φαραὼ
3306 3463 3427 3516 606-

1889 3550 1987 3613 λοι,
2011 3551 2277 3618 ἐσπειρον,
2311 3550 2402 3601 καὶ
2434 3549 2491 3600 16
2531 3548 2773 3615 πέμπτον
2809 3548 2966 3618 μέρος
2997 3550 3227 3602 ἐδίδοσαν
3259 3551 3424 3618 αὐτῷ,

1887 3638 1951 3689 τὰ
1987 3637 2221 3704 τέσσαρα
2252 3635 2401 3687 αὐτοὶ
2437 3632 2818 3702 καρπούμενοι.
2851 3633 3068 3684 Μέλλων
3103 3633 3158 3685 δέ
3181 3636 3427 3703 τελευτᾷν

1886 3724 1913 3773 6
1941 3721 2152 3785 Ἰακὼϐ,
2180 3721 2338 3789 ὅρκον
2366 3719 2585 3771 ἀπαιτεῖ
2607 3719 2696 3768 τὸν
2743 3716 2956 3786 Ἰωσὴφ,
2984 3718 3120 3770 ὥστε
3162 3719 3232 3787 μὴ
3263 3719 3425 3788 θάψαι

1886 3807 2045 3860 αὐτὸν
2089 3808 2145 3857 ἐν
2185 3805 2469 3872 Αίγύπτῳ,
2501 3803 2612 3856 ἀλλ’
2644 3805 2701 3855 ἐν
2746 3801 2820 3871 τῷ
2849 3804 2998 3872 τάφῳ
3047 3805 3152 3854 τῶν
3187 3805 3426 3875 πατέρων

1885 3891 2068 3945 αὐτοῦ.
2109 3893 2214 3943 Καὶ
2238 3893 2361 3953 τοὺς
2389 3892 2536 3951 υἱοὺς
2574 3889 2788 3958 Ἰωσὴφ,
2818 3889 2907 3940 τὸν
2953 3889 3185 3958 Ἐφραίμ
3219 3891 3309 3941 καὶ
3337 3890 3426 3942 τὸν

1886 3977 2171 4045 Μανασσῆ,
2199 3977 2297 4028 οὐκ
2330 3977 2406 4037 είς
2451 3975 2704 4043 ἐγγόνων,
2738 3974 2848 4025 ἀλλ’
2879 3977 2956 4035 είς
2988 3976 3114 4026 υἱῶν
3144 3975 3426 4042 καταλέγει

1884 4066 2054 4130 τάξιν.
2092 4064 2198 4116 Kal
2237 4063 2550 4131 ἦμϐλυώπει
2603 4061 2825 4113 Ἰακώϐ·
2872 4062 2946 4124 ώς
2990 4062 3044 4114 δέ
3077 4063 3426 4133 κατεφίλησεν

1886 4151 2097 4213 αὐτοὺς,
2133 4150 2223 4201 καὶ
2257 4149 2360 4199 ἔδει
2392 4148 2649 4214 εὐλογεῖν,
2693 4147 2751 4209 ἐξ
2779 4146 3074 4214 ἀριστερῶν
3107 4147 3199 4198 τοῦ
3238 4147 3425 4200 Ἰακὼϐ

1885 4239 2076 4306 ἔστησε
2103 4237 2191 4287 τὸν
2235 4234 2522 4304 Ἐιρραῖμό
2565 4233 2788 4302 Ἰωσὴφ,
2827 4233 2918 4284 τὸν
2966 4231 3019 4283 δὲ
3068 4234 3324 4303 Μανασσῆ
3362 4237 3427 4288 ἐκ

1884 4324 2088 4387 δεξιῶν.
2126 4325 2182 4376 '0
2209 4323 2265 4375 66
2300 4321 2487 4375 Ἰακὼϐ
2523 4322 2616 4391 τὴν
2651 4322 2825 4386 δεξιὰν
2863 4325 3017 4391 χεῖρα
3045 4323 3306 4393 ἐπέθηκεν
3334 4326 3426 4376 ἐπὶ

1883 4409 1973 4461 τὸν
2002 4409 2060 4472 ἐξ
2102 4408 2400 4479 ἀριστερῶν
2430 4407 2634 4460 ἑστῶτα
2664 4407 2750 4459 τὸν
2783 4406 3059 4476 νεώτερον,
3091 4407 3186 4476 τὴν
3216 4407 3270 4458 δὲ
3306 4409 3425 4477 ἀρι-

1886 4495 2076 4565 στερὰν
2111 4495 2200 4546 ἐπὶ
2242 4494 2328 4546 16v
2383 4495 2446 4546 ἐκ
2489 4493 2672 4556 δεξιῶν
2697 4534 2710 4558 ,
2753 4493 2844 4545 καὶ
2886 4493 3138 4561 εὐλόγησε
3163 4533 3178 4556 ,
3233 4492 3323 4545 τοῦ
3368 4494 3424 4547 δὲ

1897 4582 2089 4650 Ἰωσὴφ
2128 4582 2368 4650 οἰομένου
2401 4581 2537 4632 κατά
2568 4581 2783 4647 ἄγνοιαν
2807 4581 2960 4632 τοῦτο
2994 4581 3158 4631 ποιεῖν
3197 4580 3283 4631 τὸν
3323 4598 3424 4632 παο

1884 4669 2046 4738 τέρα,
2079 4667 2170 4719 καὶ
2219 4666 2621 4736 διορθουμένου,
2673 4666 2771 4716 οὐκ
2821 4666 3070 4732 τινέσχετο
3115 4666 3141 4714 6
3192 4665 3378 4717 Ἰακώϐ
3406 4684 3419 4696 ·

1885 4752 2035 4815 εἰδὼς
2063 4753 2166 4818 γὰρ
2198 4750 2297 4820 ἔφη
2323 4748 2477 4801 τοῦτο
2502 4752 2689 4810 ποιεῖν,
2712 4750 2809 4800 οὐκ
2843 4747 3062 4813 ἀγνοῶν.
3090 4750 3218 4801 Τότε
3247 4750 3423 4803 δίδωσι

1885 4841 1960 4909 τῷ
2011 4839 2200 4908 Ἰωσήφ
2233 4840 2260 4889 6
2321 4836 2508 4889 Ἰακὼϐ
2551 4836 2646 4904 τὴν
2694 4836 2920 4904 Σίκιμαν
2951 4837 3249 4907 ἐξαίρετον,
3286 4839 3348 4906 ἣν
3398 4841 3426 4890 6

1887 4925 2102 4995 Συμεὼν
2126 4923 2216 4976 καὶ
2238 4922 2365 4974 Δευῖ
2386 4917 2543 4973 εἷλον.
2562 4920 2670 4973 Kal
2693 4921 2900 4986 εὐλογεί
2924 4923 3046 4982 τοὺς
3070 4921 3212 4982 υίοὺς
3239 4921 3421 4974 αὐτοῦ.

1898 5010 2154 5063 Ἐνταῦθα
2180 5009 2305 5076 περὶ
2326 5006 2417 5060 106
2458 5005 2690 5076 Χριστοῦ
2724 5006 3063 5075 προφητεύει.
3093 5007 3211 5058 Οὐκ
3240 5007 3426 5059 ἐκλεί-

1886 5101 1981 5164 ψει
2007 5097 2220 5162 ἄρχω-ν,
2255 5093 2434 5161 φησὶν,
2475 5091 2542 5154 ἐξ
2589 5091 2797 5152 Ἰούδα,
2827 5089 2964 5142 οὐδὲ
3002 5091 3321 5158 ἡγούμενος
3359 5093 3424 5143 ἐκ

1889 5181 2000 5235 τῶν
2010 5180 2215 5248 μηρῶν
2234 5178 2435 5239 αὑτοῦ,
2457 5177 2563 5242 ἕως
2585 5177 2658 5228 ἂν·
2682 5177 2826 5243 ἔλθῃ
2851 5169 2898 5240 ᾧ
2925 5177 3224 5228 ἀπόκειται
3250 5190 3298 5228 α.
3336 5177 3423 5237 '0;

1884 5269 1937 5320 66
1967 5267 2229 5318 ἀπέθανεν
2257 5267 2284 5315 6
2307 5263 2518 5325 Ἰακὼϐ,
2551 5262 2838 5330 ἐπένθησεν
2866 5261 3024 5313 αὐτὸν
3046 5264 3073 5312 6
3099 5263 3307 5330 Ἰωσὴφ,
3335 5264 3425 5314 καὶ

1886 5351 2169 5419 ἀναγαγὼν
2204 5349 2395 5418 ἔθαψεν
2419 5351 2474 5399 ἐν
2495 5348 2569 5416 τῷ
2597 5347 2839 5416 σπηλαίῳ
2869 5347 3128 5415 Ἀϐραάμ.
3155 5343 3313 5399 Εἶπον
3335 5343 3424 5400 06v

1925 5441 1970 5470 -ο
2008 5439 2211 5496 Ἐλέγχω
2238 5448 2324 5482 vox
2345 5431 2946 5496 Chrysoslomofalniliarif;
2968 5433 3056 5496 hoc
3077 5445 3182 5496 nso.

1948 5499 1973 5536 ιι
2002 5501 2050 5544 1η
2081 5491 2287 5557 ιιῖιέςιιιδ
2313 5491 2668 5557 erxemplgribqs
2691 5491 3075 5557 legilqr,_Ew;_&_v
3104 5493 3207 5557 ἐλθη
3233 5492 3428 5557 166110-

1886 5559 2074 5620 κείμενα
2097 5552 2238 5620 αὐτῷ’
2265 5556 2350 5620 sed
2371 5555 2419 5600 in
2442 5552 2722 5620 quibugdgrn
2742 5552 3079 5620 éccjosiasiiois
3116 5553 3431 5620 gcriplorlpus

1887 5621 1927 5679 ᾧ
1948 5613 2408 5679 ἀπόκειταιιρειιιιτ,
2423 5623 2473 5679 gi
2496 5615 2564 5660 sic
2586 5613 3133 5679 nabcbgighrysogtomi
3159 5615 3426 5672 exemplar;

1888 5672 1997 5728 nam
2020 5680 2085 5727 sic
2107 5678 2189 5725 illc
2214 5672 2331 5736 legit
2350 5675 2397 5720 in
2423 5674 2650 5724 Genesim
2675 5687 2720 5734 p.
2744 5673 2852 5732 638,
2875 5679 2924 5720 el
2947 5672 3078 5721 alibi.
