4000 6220
270 393 380 447 325

261 500 396 553 ﬁlios
424 500 670 567 Ephraim
698 511 857 566 usque
886 496 949 550 ad
978 495 1184 549 tertiam
1217 494 1635 561 generationem.
1670 492 1809 543 Dixit

261 604 417 656 porro
448 587 695 640 fratribus
724 588 833 640 suis
863 605 875 639 :
918 584 1203 639 Visitatione
1231 583 1443 636 visitabt't
1471 596 1556 635 vos
1587 578 1743 641 Deus,
1771 589 1815 631 et

258 679 452 732 inducet
479 695 559 731 vos
590 680 637 730 in
663 687 843 732 terram
869 674 1226 745 promissionis,
1268 689 1417 742 quant
1438 673 1626 742 juravit
1656 672 1813 740 patri-

257 772 350 823 bus
388 770 567 821 nostris
610 784 660 821 se
698 768 931 820 daturum
968 767 1054 818 eis.
1091 764 1153 817 Et
1181 764 1331 818 simul
1372 764 1616 816 vobiscum
1653 764 1817 831 feretis

256 875 370 911 ossa
396 875 501 909 mea
532 854 691 928 (Gen.
725 857 812 910 50.
846 856 913 909 24
936 856 978 921 ).
1008 854 1134 906 Cum
1165 853 1380 907 vixisset
1399 861 1609 906 centum
1641 849 1811 913 annis,

256 948 495 1017 sepultus
525 955 604 1002 est
629 947 680 1000 itt
712 946 882 1000 loculo
914 946 961 997 in
991 944 1235 1015 Aigypto.

809 1050 1042 1090 SYNOPSIS
1083 1049 1253 1089 EXODI.

330 1129 629 1196 Exsurgens
663 1128 712 1179 in
749 1125 978 1195 Egypto
1014 1140 1105 1179 rex
1144 1124 1232 1193 qui
1270 1122 1554 1191 Joscphum
1586 1136 1687 1175 non
1721 1136 1816 1175 no-

256 1228 437 1279 verat,
488 1218 745 1273 lsraclilas
780 1216 964 1269 afﬂixit
1004 1216 1054 1268 in
1104 1215 1213 1267 luto
1260 1224 1311 1268 et
1345 1214 1526 1267 latere.
1564 1212 1817 1280 Praecepit

254 1314 412 1364 etiam
445 1309 833 1373 obstetricibus,
877 1317 931 1361 ttt
969 1307 1268 1362 occiderent
1306 1306 1566 1359 masculos
1609 1304 1816 1357 Israeli-

256 1410 464 1464 tarum;
494 1408 549 1452 ut
586 1409 759 1452 autem
810 1398 911 1451 illa:
953 1412 1055 1451 non
1103 1405 1403 1464 paruerunt,
1440 1395 1569 1448 illud
1617 1393 1816 1447 facimus

254 1490 446 1557 pepulo
471 1489 753 1542 commisit.
802 1482 1653 1553 TuncnasciturMoyscsextribu
1666 1482 1811 1546 Levi,

254 1591 303 1631 et
332 1588 687 1646 exposuerunt
716 1594 835 1632 cum
865 1587 1107 1645 parentes
1153 1577 1202 1629 in
1242 1575 1438 1628 arcula.
1484 1573 1816 1629 Descendens

254 1684 380 1721 vero
415 1669 514 1721 tilia
563 1668 869 1732 Pharaonis,
908 1667 1151 1721 eductum
1184 1666 1432 1719 infantem
1481 1663 1813 1717 nutriendmn

256 1758 483 1811 tradidit.
513 1757 642 1811 Cum
668 1760 719 1811 in
746 1758 913 1810 virum
940 1756 1194 1810 crevisset
1222 1754 1445 1824 Moyses,
1467 1767 1710 1822 egressus
1734 1761 1814 1805 est

253 1848 317 1899 ad
342 1846 472 1900 filios
500 1846 682 1901 Israel.
716 1846 785 1902 Ut
813 1856 985 1899 autem
1030 1845 1262 1898 laborem
1287 1859 1469 1898 eorum
1513 1841 1807 1896 considera-

252 1936 360 1997 bat,
388 1936 516 1989 vidit
539 1935 865 2005 z’Egyptiutn,
899 1934 984 2003 qui
1012 1934 1286 1988 llebraatm
1316 1933 1644 1997 verberabat,
1672 1947 1817 1986 cum-

252 2042 354 2092 que
381 2026 501 2078 hinc
538 2026 656 2079 inde
686 2024 1026 2094 respexisset,
1065 2023 1329 2077 neminem
1356 2022 1514 2085 vidit;
1541 2035 1813 2089 percusso-

258 2130 361 2181 qnc
389 2114 652 2184 zEgyptio,
677 2114 951 2167 abscondit
980 2114 1121 2167 illum
1152 2114 1202 2167 in
1237 2127 1416 2167 arena.
1450 2113 1702 2180 Egressus
1734 2112 1815 2165 die

252 2211 513 2271 sequenti,
544 2204 670 2256 vidit
699 2203 946 2257 llcbrteos
975 2203 1106 2256 duos
1144 2216 1263 2256 sese
1300 2210 1482 2255 mutuo
1530 2201 1814 2255 verberan-

255 2302 369 2354 tes,
408 2292 664 2360 allcrique
703 2292 831 2345 dixit
865 2310 877 2345 :
908 2291 1008 2344 Cur
1056 2293 1279 2344 verberas
1333 2290 1658 2357 proximum?
1702 2289 1816 2340 lttiit

254 2382 378 2435 ille:
417 2382 539 2447 Qui:
566 2393 611 2435 te
650 2384 900 2436 constituit
930 2384 1203 2451 principem
1240 2394 1284 2435 et
1302 2383 1525 2449 judicent
1555 2382 1815 2434 nostrum?

251 2490 319 2523 an
347 2474 567 2526 occidere
595 2490 670 2525 me
696 2475 784 2537 eis,
825 2484 876 2525 ut
919 2474 1023 2525 lteri
1068 2472 1366 2541 {Egyptium
1414 2470 1602 2541 (Exod.
1635 2471 1687 2523 2.
1727 2473 1810 2524 15.

256 2566 381 2632 li)?
422 2565 618 2618 Timuit
669 2580 795 2633 ergo
848 2565 1069 2634 Moyses,
1120 2564 1424 2631 Pharaoque
1465 2577 1574 2617 rem
1614 2572 1812 2629 gestam

252 2653 469 2716 audivit,
511 2668 570 2705 ac
613 2653 878 2721 qna'rebat
935 2654 1230 2706 interﬁcere
1274 2652 1525 2721 Moysem.
1580 2651 1814 2704 Metuens

253 2742 459 2810 Moyses
491 2741 710 2793 secessit
739 2742 788 2792 in
825 2740 1044 2794 Modiam
1082 2757 1092 2792 :
1126 2741 1359 2809 iuvitque
1406 2740 1636 2793 Jothoris
1682 2740 1813 2791 ﬁlias

253 2831 321 2884 ad
352 2833 668 2899 aqu:indum.
717 2831 822 2884 Illa:
869 2847 977 2885 rem
1014 2842 1211 2900 gestam
1244 2833 1372 2898 patri
1423 2833 1810 2897 nuntiaverunt,

252 2922 320 2975 ad
350 2938 574 2991 cumque
595 2922 861 2976 adduxere
892 2922 1137 2992 Moysem.
1166 2921 1351 2975 JOtltor
1384 2922 1527 2975 dedit
1554 2923 1626 2975 illi
1652 2923 1812 2975 ﬁliam

254 3027 403 3063 snam
436 3014 489 3064 in
538 3026 754 3064 uxorem
791 3028 801 3063 :
834 3019 886 3065 ct
928 3011 1127 3078 peperit
1167 3011 1251 3063 illa
1298 3009 1458 3079 Moysi
1510 3011 1727 3064 Gersem
1762 3019 1815 3064 et

258 3101 481 3153 Eliescr.
537 3101 637 3168 Ipsi
681 3116 865 3168 greges
917 3101 1145 3168 poscenti
1199 3100 1425 3168 loquitur
1476 3101 1643 3163 Deus;
1696 3115 1813 3153 cum

252 3189 495 3253 accessit,
526 3189 653 3241 vidit
679 3190 729 3242 itt
769 3188 900 3242 rubo
942 3189 1251 3243 miraculum
1293 3188 1438 3251 illud,
1479 3204 1598 3242 cum
1637 3204 1811 3243 urere-

255 3287 340 3331 tur
367 3288 552 3331 etnon
599 3280 1015 3333 combureretur.
1067 3280 1129 3333 Et
1172 3280 1331 3333 mittit
1385 3281 1529 3335 illum
1584 3281 1720 3334 Deus
1762 3282 1811 3333 in

252 3366 537 3435 ngyptum
576 3367 794 3421 dicens:
830 3369 920 3422 Dic
968 3366 1056 3439 [de
1102 3368 1229 3439 me],
1281 3368 1393 3437 Ego
1438 3385 1545 3421 sum
1592 3372 1677 3437 qui
1706 3386 1815 3422 sum

254 3456 452 3521 (Exod.
485 3458 537 3511 5.
568 3458 677 3527 id).
711 3458 927 3513 iubetur
960 3475 1278 3528 congregare
1303 3461 1569 3514 seniorum
1599 3472 1812 3525 emtum,

255 3554 309 3598 et
342 3547 417 3598 sic
445 3548 639 3600 intrare
682 3548 745 3600 ad
788 3549 1134 3614 Pharaonem,
1184 3551 1571 3619 prrecipereque
1604 3552 1811 3619 populo,

257 3643 308 3685 ut
338 3650 456 3687 cum
484 3635 812 3706 aufugerent,
850 3652 969 3690 vasa
1016 3648 1261 3705 argentea
1304 3649 1356 3692 et
1409 3655 1567 3693 aurea
1614 3650 1814 3693 mutua-

259 3732 440 3774 rentur
483 3736 510 3774 a
552 3724 753 3778 vicinis.
806 3726 1003 3794 Datque
1053 3727 1124 3779 illi
1182 3729 1299 3779 talia
1335 3729 1480 3797 signa
1512 3739 1564 3783 ut
1610 3729 1738 3784 iides
1766 3732 1813 3783 ci

259 3812 562 3877 haberetur,
594 3815 791 3883 virgam
828 3831 943 3883 qua:
986 3831 1132 3869 versa
1166 3818 1322 3871 estin
1348 3828 1666 3887 serpentem,
1703 3837 1813 3873 mu-

256 3903 507 3956 tationem
537 3919 722 3959 manus
749 3920 888 3972 suze;
932 3907 1061 3961 facta
1090 3909 1282 3977 quippe
1306 3920 1387 3962 est.
1411 3911 1527 3963 alba
1564 3912 1697 3965 sicut
1724 3912 1812 3964 nix

256 3994 345 4060 (ex
379 3992 567 4059 lepra),
591 4002 643 4047 et
671 4010 874 4048 rursum
903 3996 1139 4050 restituta
1170 4007 1249 4051 est
1277 3998 1329 4050 in
1364 4000 1634 4065 pristinum
1667 4002 1814 4054 colo-

255 4097 405 4143 rem;
434 4098 618 4149 aquam
648 4083 765 4137 item
786 4084 1032 4148 ﬁutnittis,
1067 4084 1311 4149 E/I'undes
1335 4087 1494 4152 enim,
1528 4088 1713 4157 inquit,
1756 4108 1815 4143 ex.

256 4186 313 4222 ea
342 4172 393 4222 in
416 4172 629 4235 aridam,
658 4182 702 4225 et
743 4174 942 4241 sanguis
970 4174 1058 4225 erit
1089 4173 1277 4243 (Exod.
1307 4176 1358 4227 4.
1399 4174 1475 4245 9).
1508 4176 1814 4233 Reluctaute

260 4259 459 4327 Moyse,
487 4260 647 4312 iratus
691 4261 825 4313 [)eus
854 4262 1095 4329 adjunxit
1143 4263 1240 4329 ipsi
1284 4265 1565 4318 Aaronem.
1598 4266 1813 4319 Annuu-

262 4347 407 4398 tiavit
433 4347 637 4415 Moyses
664 4348 865 4401 Jothori
893 4364 1075 4402 socero
1103 4364 1218 4414 suo,
1244 4366 1301 4405 se
1324 4352 1371 4405 itt
1392 4352 1673 4422 /Egyptum
1701 4370 1815 4410 esse

262 4437 639 4501 profecturum.
685 4436 991 4506 Mortuoque
1033 4453 1173 4507 rege,
1204 4442 1291 4508 qui
1319 4441 1486 4508 ipsmn
1523 4443 1816 4501 interﬁcere

260 4524 551 4590 qumrebat,
585 4526 652 4577 ait
685 4526 754 4578 illi
787 4526 920 4579 Deus
950 4544 962 4579 :
994 4525 1261 4595 Ingredere
1284 4531 1333 4580 in
1356 4528 1636 4599 Afgypmm
1658 4531 1813 4604 (Ibid.

262 4630 308 4664 υ.
342 4612 455 4679 19).
487 4613 574 4665 Ille
620 4629 745 4666 vero
773 4616 1054 4683 assumptis
1094 4615 1213 4669 ﬁliis
1241 4631 1357 4669 cum
1383 4634 1570 4682 uxore,
1594 4621 1669 4673 sic
1702 4638 1817 4688 ι)Γο-

263 4700 434 4754 fectus
460 4711 555 4753 est.
603 4701 721 4755 Ideo
748 4704 959 4770 angelus
1005 4704 1102 4771 ipsi
1131 4715 1363 4771 apparet,
1393 4715 1665 4762 exterrens
1699 4725 1816 4761 cum

266 4791 492 4859 (a).l\'on
522 4791 659 4843 enim
697 4802 906 4859 prepter
956 4792 1400 4847 circumcisioncm
1446 4794 1513 4863 (si
1546 4798 1682 4849 enim
1720 4799 1820 4851 cir-

263 4881 599 4935 cumcisionis
640 4894 815 4942 causa,
847 4882 1119 4949 oportebat
1151 4898 1252 4935 non
1280 4893 1400 4936 ante
1424 4884 1689 4938 discedere
1728 4902 1819 4937 an-

263 4972 463 5039 gelum,
495 4984 645 5035 quam
672 4969 895 5021 alterum
920 4980 1084 5023 mater
1104 4971 1554 5042 circumcidisset),
1588 4974 1678 5026 sed
1704 4975 1819 5026 ideo

264 5057 528 5125 apparuit,
560 5065 742 5109 utnon
775 5073 990 5110 uxorem
1026 5065 1243 5113 duceret
1277 5058 1327 5111 in
1366 5059 1671 5128 Egyptian.
1705 5061 1820 5114 Non

265 5151 407 5201 enim
434 5162 499 5200 eo
530 5146 849 5208 mittebatur,
874 5154 927 5197 ut
946 5146 1050 5198 illic
1077 5147 1351 5210 habitaret,
1382 5149 1471 5201 sed
1498 5159 1549 5200 ut
1575 5150 1822 5204 educeret

267 5237 516 5290 lsraeletn
548 5254 561 5287 ;
591 5235 728 5303 quod
771 5244 822 5287 et
873 5235 954 5287 ille
998 5236 1309 5303 intelligens,
1344 5237 1542 5290 remisit
1580 5253 1818 5291 uxorem.

260 5332 332 5384 At
371 5329 510 5380 unde
541 5329 707 5394 palam
735 5334 813 5379 est
855 5324 989 5393 quod
1030 5327 1326 5379 remiserit?
1370 5327 1493 5381 Post
1532 5328 1819 5382 discessum

263 5437 377 5481 vita:
400 5430 605 5492 Josepho
624 5430 837 5492 tribuunt
861 5442 873 5476 :
900 5427 992 5492 sed
1008 5424 1157 5487 lapsu,
1184 5436 1235 5475 ut
1258 5428 1465 5489 videtur,
1490 5430 1714 5492 graphice
1732 5432 1818 5479 de-

262 5506 371 5541 eetn
390 5492 501 5539 anni
526 5491 602 5536 hic
625 5498 676 5536 et
698 5491 816 5535 infra
840 5489 994 5536 omissi
1017 5497 1142 5534 sunt.

326 5555 401 5612 (α)
435 5550 734 5612 Haedicitur
754 5550 897 5597 fuisse
929 5548 1166 5612 sententia
1207 5548 1354 5612 _t’.ahbi
1387 5551 1648 5612 Abrahami,
1675 5564 1822 5611 ange-

264 5606 483 5662 lum'uon
523 5611 630 5657 ideo
655 5617 858 5669 Moysem
894 5608 1111 5656 occidere
1146 5606 1370 5669 voluisse,
1410 5612 1535 5669 quod
1576 5606 1692 5659 ﬁlios
1730 5606 1821 5659 non

264 5672 659 5725 circumcidisset,
684 5667 767 5717 sed
792 5670 914 5725 quod
938 5680 1136 5716 uxorem
1162 5674 1212 5715 et
1247 5667 1366 5715 ﬁlios
1388 5667 1527 5715 simul
1552 5683 1713 5720 secum
1740 5673 1817 5718 ad-

266 5734 473 5783 duceret
499 5745 509 5776 :
534 5738 583 5779 et
604 5728 860 5792 probabilis
875 5736 1009 5780 certe
1037 5740 1092 5777 ea
1116 5731 1233 5777 ratio
1258 5737 1325 5776 est
1345 5741 1477 5793 ,ψιω
1501 5730 1577 5780 hic
1600 5728 1812 5783 aﬂertur.

1297 379 1611 438 SYNUPSIS
1647 378 2044 434 SCIlll’TUli/E
2082 380 2342 437 S.\CliA1’..

3374 396 3483 456 326

1924 505 1984 541 ex
2015 490 2239 560 .‘ligypto
2265 493 2490 545 occurrit
2512 493 2581 545 illi
2605 506 2722 545 cum
2747 507 2908 547 uxore
2933 494 3096 562 ipsius
3116 493 3298 549 Jathor
3326 510 3477 552 socer

1922 578 2054 646 ejus.
2093 580 2243 633 Venit
2271 582 2443 633 Aaron
2471 581 2533 634 ad
2568 581 2819 650 Moyscm,
2848 590 2900 636 et
2927 584 3081 637 ambo
3098 597 3475 653 congrt-garuut

1922 669 2159 723 seniores
2184 670 2412 734 lsraelis,
2448 681 2500 724 et
2526 672 2650 739 ipsis
2678 673 3047 726 renuntiarunt
3078 674 3166 726 Dei
3192 675 3433 728 mandata
3465 694 3473 727 :

1926 759 1998 812 illi
2029 768 2203 814 autem
2245 762 2411 829 gavisi
2449 770 2588 815 sunt.
2629 762 2723 816 Ubi
2752 778 2876 815 vero
2917 763 2980 817 ad
3033 764 3359 821 Pharaonem
3392 782 3479 821 ac-

1922 859 2211 914 cesserunt,
2237 850 2613 918 jusseruntquc
2644 867 2760 904 etttn
2784 851 3047 907 dimittere
3077 855 3344 923 populum,
3372 873 3474 911 non

1925 937 2080 991 modo
2108 956 2207 992 non
2236 942 2419 993 annuit
2448 958 2558 1006 rex,
2588 942 2680 995 sed
2719 944 2873 995 etiam
2906 943 3167 999 lsraclitas
3198 946 3447 1001 vehemen
3467 979 3479 988 -

1924 1028 2025 1081 tius
2054 1028 2257 1095 afﬂixit,
2282 1030 2470 1098 jubens
2506 1046 2570 1085 ne
2613 1030 2825 1086 daretur
2855 1034 2931 1086 eis
2960 1034 3125 1101 palea,
3156 1036 3248 1089 scd
3294 1046 3349 1090 ut
3384 1037 3481 1105 ipsi

1924 1134 2039 1172 eam
2067 1120 2163 1173 sibi
2194 1124 2499 1189 reperirent.
2535 1122 2666 1175 Cum
2706 1132 2879 1176 autem
2919 1125 3106 1178 scriba:
3143 1126 3480 1182 verberaren-

1926 1220 2026 1272 tur,
2055 1211 2195 1279 quod
2223 1227 2477 1281 opusnon
2503 1214 2826 1283 impleretur,
2857 1214 3184 1270 Pharaonem
3214 1218 3476 1283 adierunt,

1922 1300 2152 1371 nihilque
2178 1303 2538 1371 impetrarunt.
2577 1305 2723 1359 Tunc
2754 1308 3306 1362 occlamaruntcontra
3339 1310 3479 1380 Moy-

1922 1404 2033 1441 scm
2061 1408 2072 1441 :
2103 1406 2412 1460 rursumque
2443 1394 2663 1447 mittitur
2704 1394 2787 1447 ille
2838 1396 2901 1447 ad
2950 1396 3230 1463 Israelitas,
3280 1400 3474 1453 exitum

1926 1476 2025 1529 illis
2066 1481 2397 1534 annuntians.
2446 1480 2517 1533 Illi
2550 1498 2671 1536 vero
2698 1499 2760 1535 ne
2787 1485 3057 1538 audierunt
3100 1486 3309 1554 quidem
3333 1489 3476 1560 Moy—

1925 1581 2053 1630 sent,
2090 1578 2190 1620 tam
2222 1569 2426 1637 dejecto
2466 1581 2617 1625 erant
2660 1574 2855 1625 animo.
2902 1574 2995 1627 llic
3019 1577 3261 1630 scribitur
3288 1577 3477 1649 Moysis

1921 1657 2242 1725 genealogia,
2271 1667 2323 1711 et
2348 1661 2420 1712 ait
2465 1660 2534 1713 illi
2580 1660 2715 1713 Deus
2748 1680 2759 1714 :
2788 1660 2913 1715 Dedi
2947 1674 2992 1716 te
3030 1664 3176 1717 deum
3226 1666 3476 1721 Pharaoni

1921 1744 2111 1812 (Exod.
2145 1748 2195 1799 7.
2232 1746 2305 1817 1.)
2339 1766 2350 1798 :
2382 1749 2644 1817 mittitque
2668 1750 2807 1802 illuni
2835 1750 2899 1803 ad
2926 1751 3476 1824 l‘ltaraonetn,jubcns

1919 1836 2197 1890 ostendere
2224 1839 2445 1906 signum,
2476 1840 2517 1893 si
2542 1857 2625 1893 rex
2659 1852 2877 1908 peteret,
2909 1842 3065 1911 virga:
3096 1846 3146 1898 in
3176 1859 3473 1915 serpentem

1920 1939 2203 1980 conversze.
2235 1927 2299 1981 Ut
2327 1940 2499 1983 autem
2543 1932 2682 1999 virga
2730 1932 2780 1984 in
2811 1945 3109 2000 serpentem
3152 1947 3344 1992 mutata
3374 1952 3470 2005 est,

1920 2029 2017 2068 nec
2041 2024 2210 2071 tamen
2253 2033 2346 2072 rex
2374 2021 2551 2084 cessit,
2583 2021 2802 2075 vertitur
2848 2038 2977 2091 aqua
3022 2023 3249 2081 ﬂuminis
3274 2028 3323 2081 in
3352 2046 3473 2082 sau-

1922 2104 2155 2172 guinem,
2182 2106 2428 2175 itnpletur
2449 2118 2582 2162 terra
2607 2111 2746 2164 ranis
2779 2128 2791 2163 :
2823 2111 3011 2167 deinde
3040 2116 3303 2183 sciniphes
3331 2120 3473 2172 exieo

1921 2204 2060 2259 rttnt,
2083 2211 2199 2249 mox
2219 2199 2512 2269 cynomyia,
2540 2210 2716 2268 postea
2741 2217 2881 2254 mors
2898 2203 3275 2271 iumentorum,
3296 2221 3472 2275 postea

1921 2285 2156 2350 pustulae,
2199 2285 2319 2338 hinc
2359 2288 2560 2355 grando
2608 2299 2659 2341 et
2708 2290 2859 2359 ignis,
2914 2302 3091 2357 postea
3138 2294 3370 2356 locusta).
3421 2307 3473 2352 ct

1922 2378 2148 2433 tenebra:
2175 2380 2477 2449 palpabiles.
2510 2383 2635 2435 Cum
2654 2395 2826 2437 autem
2858 2385 3147 2440 inducenda
3174 2398 3313 2441 esset
3336 2405 3475 2444 mors

1924 2470 2409 2537 ptimogcnitorum,
2438 2473 2688 2540 jubetttur
2732 2475 3005 2528 immolare.
3055 2492 3244 2546 agnum
3285 2480 3454 2533 imma-

1919 2558 2171 2624 culatum,
2215 2569 2268 2614 et
2304 2562 2557 2629 inungere
2587 2571 2763 2630 postes
2802 2566 3055 2634 sanguine
3083 2584 3094 2619 :
3123 2583 3292 2636 neque
3332 2573 3470 2623 cnim

1922 2646 2203 2700 morituros
2233 2663 2349 2702 esse
2376 2665 2465 2703 eos
2486 2650 2573 2718 qui
2603 2660 2778 2704 essent
2802 2651 2851 2704 in
2875 2666 2933 2706 ea
2962 2654 3137 2718 domo,
3166 2657 3213 2707 in
3237 2672 3336 2725 qua
3359 2676 3472 2713 san-

1918 2736 2031 2800 guis
2050 2737 2167 2803 agni
2198 2748 2354 2791 esset.
2403 2739 2545 2792 Tunc
2586 2740 2687 2793 illis
2736 2740 2845 2809 lege
2892 2745 3071 2796 statuit
3116 2756 3314 2815 septem
3361 2749 3473 2805 dies

1918 2838 2222 2891 azymorum
2250 2837 2333 2878 :et
2362 2828 2403 2878 si
2450 2827 2664 2895 ingressi
2702 2827 2891 2883 fuerint
2930 2832 2977 2883 itt
3022 2842 3210 2886 terram
3246 2841 3467 2903 promis-

1919 2913 2098 2978 sionis,
2118 2916 2262 2983 jubet
2293 2917 2430 2972 hunc
2455 2934 2667 2973 servare
2711 2921 2925 2974 cultum.
2978 2923 3039 2975 Et
3069 2925 3113 2976 si
3139 2928 3471 2998 interrogave-

1918 3005 2018 3057 rint
2039 3020 2141 3067 vos,
2170 3007 2353 3075 inquit,
2390 3009 2483 3074 ﬁlii
2512 3010 2673 3075 vestri,
2720 3010 2909 3073 dicetis,
2942 3011 3255 3081 Sacri/icium
3286 3021 3473 3086 pose/nt

1920 3096 2012 3147 hoc
2054 3106 2124 3148 est
2169 3096 2381 3149 Domino
2426 3098 2611 3169 (Exod.
2661 3100 2744 3152 12.
2776 3099 2889 3167 27).
2922 3100 3048 3155 Cum
3090 3112 3262 3159 autem
3297 3109 3463 3161 media

1922 3193 2071 3237 nocte
2120 3186 2402 3253 periisscnt
2449 3189 2621 3239 omnia
2670 3192 3013 3257 primogenita
3068 3190 3466 3262 Egyptiornm,

1921 3274 2207 3341 abegeruut
2246 3275 2505 3329 lsraelitas
2554 3294 2615 3330 ex
2666 3275 2910 3348 ZEgypto.
2966 3279 3041 3333 illi
3094 3298 3217 3337 vero
3270 3291 3468 3353 egressi

1920 3374 2056 3427 sunt,
2091 3379 2209 3417 cum
2257 3366 2581 3433 accepissent
2612 3380 2731 3420 vasa
2762 3368 3006 3437 argentea
3039 3380 3089 3423 et
3114 3386 3293 3438 aurea,
3342 3377 3473 3429 mul-

1922 3465 2131 3523 tmnqnc
2170 3458 2413 3525 pepulutn
2467 3472 2642 3511 secum
2695 3460 3067 3527 promiscuum,
3117 3472 3169 3515 ct
3223 3480 3365 3529 oves,
3420 3479 3473 3521 et

1920 3545 2101 3607 bores,
2128 3554 2180 3599 et
2226 3546 2483 3614 jnmcnta.
2520 3547 2779 3600 llabitatio
2817 3557 2987 3602 autem
3021 3551 3242 3605 iilioruut
3289 3554 3467 3622 lsrael,

1920 3649 2018 3701 qna
2052 3633 2349 3687 habitarunt
2382 3637 2477 3703 ipsi
2506 3645 2556 3689 et
2587 3646 2762 3704 patres
2790 3653 2969 3691 eorum
3003 3642 3051 3692 iit
3086 3651 3219 3694 terra
3261 3643 3470 3713 zligypti

1919 3731 1971 3776 ct
1999 3723 2047 3774 in
2081 3731 2216 3776 terra
2243 3724 2505 3789 Chanaan,
2552 3724 2647 3777 fuit
2682 3741 2936 3780 annorum
2975 3729 3470 3800 quadringentorum

1920 3820 1971 3864 et
2018 3812 2226 3879 triginta
2270 3813 2367 3881 (lt).
2401 3814 2465 3867 Et
2504 3816 2572 3866 ait
2613 3815 2749 3868 Deus
2792 3833 2804 3867 :
2847 3816 3088 3869 Consecra
3130 3830 3177 3871 et
3217 3825 3473 3890 sancti/ica

1921 3902 2042 3952 mihi
2072 3918 2213 3953 omne
2258 3904 2629 3970 primogenitum
2668 3906 2728 3955 ab
2779 3906 2974 3958 homine
3017 3923 3167 3977 usque
3210 3912 3277 3962 ad
3325 3929 3473 3981 pecus

1921 3989 2109 4056 (Exod.
2144 3991 2231 4043 15.
2272 3990 2372 4059 9.),
2423 3992 2542 4059 quia
2584 3994 2773 4046 occidit
2816 3995 3158 4065 primogenita
3202 3999 3477 4071 Egyptio-

1922 4093 2057 4129 rum.
2087 4077 2199 4131 Non
2231 4077 2375 4131 duxit
2414 4088 2586 4133 autem
2633 4096 2722 4133 eos
2754 4097 2845 4148 per
2875 4082 3184 4152 Phylistiim,
3214 4103 3281 4142 ne
3308 4092 3473 4157 panti-

1924 4174 2057 4219 teret
2085 4181 2175 4220 eos
2202 4166 2393 4219 bellum
2418 4168 2671 4231 videntes,
2698 4184 2796 4223 neu
2826 4182 3211 4228 reverterentur
3238 4177 3470 4249 inASgy-

1923 4268 2085 4322 ptum,
2117 4257 2208 4309 sed
2242 4272 2333 4324 per
2369 4272 2514 4310 mare
2558 4257 2810 4311 Rubrum.
2839 4259 3025 4325 Quinta
3055 4273 3230 4317 autem
3251 4280 3469 4334 genera-

1922 4346 2063 4399 tione
2092 4346 2442 4399 asccntlerunt
2472 4347 2558 4400 ﬁlii
2604 4347 2758 4401 lsrael
2789 4364 2851 4402 cx
2882 4349 3108 4418 [Egypto
3137 4371 3150 4404 :
3180 4362 3235 4408 et
3272 4361 3473 4427 accepit

1923 4436 2126 4505 Moyses
2148 4452 2265 4489 ossa
2287 4437 2519 4504 Joscphi.
2552 4439 2785 4492 Ducebat
2830 4448 3003 4494 autem
3054 4442 3188 4496 Deus
3229 4444 3472 4501 lsraelem

1922 4528 2079 4581 ductu
2111 4528 2242 4595 ignis
2270 4543 2360 4595 per
2388 4536 2615 4593 noctem,
2645 4538 2695 4580 et
2720 4528 2875 4581 ductu
2907 4529 3058 4583 nubis
3098 4546 3192 4598 per
3216 4532 3374 4586 diem.
3412 4537 3475 4590 Ut

1923 4628 2094 4669 autem
2126 4618 2430 4683 iusequutus
2456 4628 2535 4672 est
2564 4617 2764 4670 Pharao
2795 4627 2991 4670 mutata
3022 4624 3300 4685 sententia,
3333 4626 3472 4696 virga

1926 4706 2179 4771 percussit
2205 4704 2409 4772 Moyses
2442 4721 2601 4767 mare,
2630 4714 2681 4757 et
2708 4705 2929 4757 divismn
2972 4718 3051 4761 cst
3086 4726 3097 4761 :
3130 4725 3247 4764 cum
3296 4724 3469 4769 autem

1927 4793 2349 4859 pertransiissent
2382 4793 2647 4855 Israelita‘,
2680 4808 2825 4846 mare
2859 4795 3191 4863 coniunctum
3242 4812 3319 4854 est
3349 4820 3475 4857 con-

1927 4891 2001 4933 tra
2023 4880 2319 4950 IEgyptios,
2346 4892 2398 4935 et
2423 4883 2670 4935 demersit
2690 4900 2801 4936 eos.
2835 4884 2898 4937 Et
2919 4888 3105 4939 cecinit
3125 4888 3324 4958 Moy5es
3350 4908 3476 4947 can-

1928 4976 2105 5037 ticum,
2132 4974 2321 5027 cecinit
2342 4984 2391 5027 et
2421 4974 2577 5028 Maria
2608 4990 2724 5029 cum
2762 4977 3085 5032 mulieribus.
3122 4980 3385 5037 Venerth
3426 4991 3477 5041 in

1989 5126 2060 5187 (α)
2096 5126 2306 5188 (1111111113
2327 5135 2584 5188 consulant
2605 5140 2714 5188 quce
2731 5128 2851 5176 dixit
2874 5130 2920 5176 in
2944 5130 3135 5177 llomilia
3175 5133 3232 5181 37
3260 5136 3302 5181 in
3326 5144 3478 5185 Cene-

1925 5186 2184 5252 sim,'T0m.
2213 5186 2291 5245 IV,
2316 5187 2413 5252 col.
2431 5186 2539 5252 Mt},
2566 5186 2714 5252 annos
2738 5202 2911 5252 nempe
2930 5192 3305 5252 quadringentos
3324 5203 3478 5247 servi-

1928 5249 2065 5318 tutis,
2091 5260 2211 5318 quos
2248 5248 2417 5318 semini
2463 5247 2657 5295 Abrahae
2696 5247 2918 5318 prmi-litin
2948 5247 3074 5297 Deus
3108 5247 3277 5301 (Tenes.
3308 5258 3380 5312 15,
3408 5261 3483 5318 15,

1927 5308 2216 5373 i_n_cipieudos
2238 5322 2263 5354 a
2287 5314 2520 5373 tempore,
2546 5310 2873 5373 qttoabrahze
2910 5311 3192 5369 imperatum
3228 5324 3318 5373 est,
3345 5308 3396 5366 ut
3420 5308 3484 5369 ei

1927 5366 2131 5438 Charran
2165 5366 2501 5438 egrederetur.
2542 5366 2914 5438 Quadringentis
2937 5366 3086 5421 annos
3123 5386 3183 5421 eo
3215 5366 3318 5424 loco
3354 5366 3484 5438 dicit;

1926 5431 2033 5487 quia
2057 5427 2384 5487 quadringenti
2412 5435 2591 5475 tantum
2616 5427 2830 5477 i'eruniur
2864 5434 2910 5477 in
2945 5439 3083 5480 textu
3109 5442 3369 5485 Genesws.
3407 5427 3487 5487 ltit':

1927 5501 2043 5557 vero
2078 5488 2450 5557 quadringentos
2474 5490 2664 5557 triginta
2687 5494 2980 5557 stat_uit_cum
3025 5499 3071 5540 Β.
3101 5495 3238 5543 Paulo
3265 5500 3403 5557 Epist.
3428 5494 3486 5540 ad

1926 5548 2120 5617 Galatas,
2142 5548 2223 5617 ubi
2248 5552 2327 5617 ait,
2352 5562 2378 5595 a
2400 5552 2709 5608 promissione
2735 5552 2931 5617 Abrahte
2954 5551 3072 5600 facta
3095 5556 3150 5602 ad
3176 5548 3328 5617 usque
3364 5567 3487 5606 tem-

1928 5622 2016 5667 pus
2038 5608 2160 5656 datae
2185 5609 2325 5667 legis,
2350 5621 2498 5673 annos
2522 5623 2632 5673 esse
2654 5612 3027 5673 quadringentos
3052 5608 3263 5673 triginta:
3278 5618 3382 5673 Quo
3404 5630 3488 5663 au-

1932 5678 2189 5776 l'CII}\[lQCltl)
2214 5670 2493 5778 ἓιὶδιυΐὶωάί
2517 5672 2612 5721 sint
2632 5670 2741 5722 anni
2764 5670 3074 5734 illi,tiixitnus
3091 5670 3268 5727 ibide
3286 5670 3335 5727 i‘n
3358 5685 3489 5731 nota.

1936 5738 1969 5748 "
2053 5738 2080 5778 '.
2106 5744 2159 5778 co
2184 5768 2192 5778 .
2309 5765 2320 5777 .

1936 5738 1969 5776 ’t‘
2012 5736 2080 5788 tv,
2106 5730 2192 5779 col.
2215 5730 2320 5778 516.
