4000 6220
533 375 640 429 327

541 475 794 538 Marrbas,
830 472 914 527 ubi
953 485 1129 524 amara
1173 477 1284 522 erat
1318 483 1487 538 aqua,
1531 479 1584 523 et
1621 468 1822 522 dulcem
1863 468 2086 522 reddidit

541 566 682 618 illam
725 563 924 633 Moyses
973 577 1066 628 per
1107 561 1318 630 lignum.
1381 559 1643 613 Venerunt
1695 559 1744 611 in
1795 560 1963 612 locum
2002 559 2087 612 ubi

543 650 985 708 entntduodecim
1018 650 1203 714 fontes,
1249 658 1300 703 et
1328 651 1650 716 septuaginta
1684 649 1868 716 palnue
1902 665 1913 698 :
1946 647 2089 700 locus

541 752 713 796 antem
739 742 1020 796 vocabatur
1062 741 1210 793 Elim.
1260 738 1384 792 Inde
1429 745 1684 791 venerunt
1730 738 1779 789 in
1826 737 2089 790 desertum

541 841 677 885 mter
702 830 834 884 Elim
867 839 917 883 et
936 829 1079 883 Sina.
1109 827 1254 881 Tunc
1286 836 1736 879 munnuraverunt
1780 825 1830 877 in
1881 826 2090 876 deserto

544 919 812 982 lsraelitte,
837 932 1022 972 carnes
1043 917 1391 985 postulantes.
1415 915 1558 968 Tunc
1588 915 1713 982 pluit
1753 913 1853 966 illis
1880 928 2088 965 manna.

544 1007 742 1062 Deinde
779 1008 949 1060 intulit
987 1005 1325 1058 coturnicem.
1370 1004 1462 1057 llic
1509 1003 1646 1055 circa
1689 1017 1900 1066 manna,
1952 1002 2088 1069 quod

542 1111 663 1149 cum
693 1095 908 1149 multum
953 1103 1082 1154 erat,
1128 1108 1228 1144 non
1283 1090 1622 1153 redundabat,
1683 1105 1800 1142 cum
1851 1104 2088 1156 parvum,

545 1200 649 1238 non
673 1183 960 1246 deﬁciebat,
987 1183 1137 1250 jussit
1168 1181 1296 1234 nihil
1328 1181 1547 1248 relinqui
1580 1181 1629 1232 in
1669 1180 1970 1232 crastinum.
2011 1178 2091 1230 llli

543 1289 670 1327 varo
694 1287 795 1326 non
823 1280 1123 1341 paruerunt,
1153 1280 1204 1324 et
1237 1269 1373 1338 quod
1406 1269 1667 1322 residuum
1703 1268 1794 1320 l'nit
1827 1266 2092 1320 vermibus

543 1362 794 1414 scatebat.
829 1361 984 1423 Dixit,
1011 1359 1082 1411 Ne
1107 1357 1442 1426 cgrcdiatnini
1473 1357 1536 1410 ad
1579 1355 1926 1423 colligendum
1968 1355 2088 1406 Sab-

546 1451 709 1502 liato:
743 1449 816 1502 illi
843 1463 965 1502 vero
995 1462 1162 1514 neque
1197 1447 1244 1498 in
1277 1445 1375 1498 hoc
1399 1445 1674 1512 obsequuti
1715 1453 1854 1505 sunt,
1895 1453 1945 1494 et
1975 1459 2092 1494 cum

540 1538 743 1608 egressi
765 1550 963 1599 essent,
995 1537 1120 1588 nihil
1152 1537 1480 1588 invenerunt.
1498 1534 1653 1588 Jubet
1676 1534 1878 1602 Moyses
1902 1534 1948 1584 iu
1973 1547 2095 1585 vase

546 1643 708 1682 aureo
733 1629 913 1696 reponi
931 1643 992 1679 ex
1012 1641 1197 1679 manna
1215 1627 1264 1677 iu
1286 1626 1483 1677 laturas
1502 1627 1882 1692 generationes.
1909 1623 2092 1674 Manna

547 1731 674 1769 vero
698 1715 1036 1769 comederunt
1059 1715 1396 1782 quadraginta
1430 1713 1601 1765 annis.
1630 1712 1774 1764 Tunc
1798 1727 2094 1767 murmura-

546 1813 736 1859 verunt
760 1805 827 1858 ob
842 1805 1002 1857 sitim.
1029 1803 1093 1855 Et
1117 1803 1367 1869 percussit
1395 1801 1596 1869 Moyses
1619 1810 1837 1867 petmm,
1869 1799 2096 1864 exiitque

549 1911 701 1962 aqua.
733 1894 881 1947 Venit
909 1894 1121 1945 Amalec
1161 1893 1402 1944 bellatum
1438 1899 1615 1942 eontra
1649 1889 1888 1941 lsraelem
1922 1905 1934 1940 :
1968 1897 2016 1940 ct
2047 1887 2095 1940 in

548 1985 723 2052 fugam
767 1984 911 2036 illum
963 1983 1116 2035 vertit
1157 1981 1306 2033 Jesus
1359 1979 1494 2032 lilius
1537 1979 1675 2031 Nave
1705 1995 1716 2028 :
1743 1993 1803 2029 ac
1849 1975 2097 2043 quamdiu

549 2083 700 2129 erant
725 2088 908 2126 manus
935 2072 1122 2140 Moysis
1141 2081 1344 2133 erecte,
1371 2069 1647 2136 superabat
1678 2068 1863 2130 lsracl;
1891 2065 2098 2134 ([llﬂllti-J

547 2171 719 2214 autem
741 2160 1042 2214 demittehat
1065 2173 1174 2220 eas,
1200 2157 1562 2224 superabatur.
1591 2155 1714 2206 liltul
1748 2169 1866 2206 vero
1893 2155 2094 2220 signum

548 2260 666 2303 erat
691 2250 880 2302 crucis.
914 2247 1126 2301 Stabant
1147 2248 1332 2314 quippe
1360 2249 1534 2298 Aaron
1571 2255 1620 2297 et
1657 2246 1727 2296 Ur
1759 2245 1842 2310 qui
1875 2244 2100 2296 sustine-

548 2348 661 2392 rent
689 2354 871 2392 manus
897 2338 1076 2407 Moysi.
1109 2337 1245 2389 Dixit
1271 2348 1441 2388 autem
1473 2336 1718 2387 Dominus
1739 2337 1801 2386 ad
1822 2334 2048 2402 Moyscm
2081 2350 2094 2383 :

550 2428 725 2482 Scribe
766 2430 857 2480 hoc
893 2429 940 2478 in
979 2436 1343 2478 monumentum
1390 2427 1439 2478 in
1485 2426 1607 2478 libro
1637 2425 1826 2492 (Exod.
1873 2425 1955 2476 17.
1990 2421 2094 2491 14).

549 2518 764 2571 Accedit
807 2517 991 2571 Jotbor
1015 2532 1164 2571 socer
1189 2518 1377 2585 Moysis
1419 2532 1536 2568 cum
1581 2532 1742 2567 uxore
1781 2517 1894 2582 ejus
1929 2513 2101 2582 (gone.

549 2622 666 2660 rum
692 2617 860 2659 autem
895 2609 1035 2658 illum
1091 2615 1276 2673 pneter
1320 2621 1467 2657 usum
1515 2616 1662 2657 vocat
1713 2605 2003 2672 Scriptura)
2047 2613 2100 2656 et

550 2694 714 2764 Moysi
737 2704 790 2749 et
815 2695 1001 2762 populo
1019 2695 1116 2762 (a).
1146 2695 1364 2746 Enarmt
1380 2695 1633 2746 mirabilia
1653 2693 1856 2762 Moyses
1878 2707 2060 2746 socero
2083 2709 2096 2743 :

551 2788 640 2843 ille
665 2803 788 2842 vero
817 2788 1032 2840 miratus
1057 2795 1156 2841 est.
1189 2786 1254 2839 Ut
1291 2796 1462 2838 autem
1492 2785 1617 2837 vidit
1644 2793 1805 2837 totum
1849 2785 2095 2852 populum

549 2876 713 2946 Moysi
742 2877 1052 2939 adstantem,
1082 2876 1223 2928 illutn
1261 2889 1382 2927 vero
1411 2890 1512 2927 non
1558 2890 1709 2942 posse
1758 2889 1878 2942 erga
1917 2887 2100 2926 omnes

548 2966 796 3035 judicium
825 2981 1089 3031 exercere,
1135 2973 1316 3018 auctor
1342 2975 1422 3018 est
1470 2964 1544 3016 illi
1595 2978 1765 3026 socer,
1808 2973 1863 3015 ut
1907 2963 2101 3030 deligat

554 3057 694 3109 viros
745 3066 1001 3123 potentes,
1052 3054 1345 3122 religiosos,
1397 3053 1584 3120 justus,
1641 3053 1877 3104 odientes
1915 3067 2100 3118 super-

550 3145 709 3208 biam,
732 3155 780 3197 et
802 3143 1082 3196 constituat
1108 3157 1198 3196 eos
1215 3141 1554 3205 millenarios,
1574 3141 1922 3201 centenarios,
1942 3141 2064 3207 quin
2080 3168 2100 3178 -

554 3233 916 3302 quageuarios,
968 3231 1273 3285 decuriones
1305 3228 1497 3296 (Exod.
1545 3228 1627 3281 18.
1677 3227 1786 3296 21).
1820 3227 2102 3295 Obtenipe-

548 3325 683 3378 ravit
706 3326 754 3376 ei
785 3323 1010 3393 Moyses,
1037 3333 1088 3375 et
1118 3320 1356 3375 ascendit
1382 3319 1433 3373 in
1461 3329 1711 3372 montem.
1743 3319 2101 3385 l’ra-cepitque

550 3417 601 3469 ei
629 3416 765 3470 Deus
794 3423 851 3466 ut
879 3415 1067 3480 populo
1097 3413 1314 3471 diceret,
1348 3424 1440 3462 eos
1464 3411 1664 3460 futuros
1690 3409 1780 3460 Dei
1813 3410 1985 3475 regale
2013 3423 2098 3460 sa-

551 3503 862 3565 cerdotium,
891 3509 1095 3571 gentem
1131 3506 1384 3558 sanctam,
1433 3497 1475 3549 si
1521 3495 1830 3548 obedierint.
1863 3495 1936 3544 11ιί
1976 3509 2101 3546 vero

548 3593 826 3649 dixerunt:
855 3591 1033 3641 Omnia
1069 3601 1385 3656 quarumque
1421 3585 1545 3637 dixit
1594 3583 1748 3645 Deus,
1792 3586 2025 3653 faciemus
2056 3594 2100 3634 et

549 3683 807 3736 audiemus
854 3677 1044 3750 (Exod.
1093 3678 1179 3730 19.
1217 3675 1291 3746 8).
1337 3675 1482 3728 Tunc
1512 3673 1748 3742 praecipit
1789 3675 1999 3740 populo,
2047 3681 2103 3724 ut

553 3772 856 3841 purilicetur
901 3783 1064 3835 usque
1114 3766 1177 3819 ad
1235 3765 1440 3818 tertium
1471 3764 1630 3826 diem,
1669 3773 1720 3816 et
1773 3763 1908 3816 lavet
1946 3763 2105 3815 vesti-

554 3869 728 3915 menta
755 3873 865 3912 sua.
897 3856 988 3908 llic
1016 3857 1210 3907 dictum
1255 3864 1333 3905 est
1363 3852 1484 3904 illttd
1531 3850 1667 3920 quod
1714 3851 1931 3904 habetur
1965 3850 2100 3918 apud

554 3940 1184 4020 ApostoluminEpistola
1233 3943 1590 3996 adllcbraeos:
1630 3941 1689 3993 Si
1727 3942 1931 4009 tetigerit
1962 3958 2104 3992 mon-

553 4048 670 4099 tem,
698 4031 1196 4102 lapidabiturUlebr.
1220 4030 1299 4083 12.
1325 4029 1597 4097 ‘20).Tuuc
1621 4043 1770 4080 mons
1797 4029 2099 4100 lutnigabat,

553 4139 709 4178 voces
731 4125 966 4177 tubarum
991 4119 1265 4173 sonabant.
1298 4117 1443 4170 Tunc
1484 4128 1738 4184 praecepta
1771 4118 1898 4186 legis
1917 4119 2104 4184 accipit

553 4213 780 4281 Moyses,
822 4225 1008 4277 nempe
1033 4207 1359 4275 dccalogum,
1382 4213 1434 4259 et
1464 4206 1657 4272 reliqua
1688 4206 1828 4272 jura.
1854 4206 1979 4258 lllud
2005 4221 2100 4258 au-

559 4311 686 4365 tem,
713 4299 818 4351 Diis
841 4315 936 4351 non
967 4296 1225 4349 maledice:
1263 4294 1450 4364 (Exod.
1472 4293 1559 4346 22.
1583 4293 1696 4361 28),
1722 4309 1822 4346 non
1858 4294 1921 4347 de
1952 4294 2101 4346 idolis

557 4390 752 4444 dictum
783 4397 883 4452 est,
926 4386 1017 4440 sed
1048 4386 1113 4439 de
1141 4383 1455 4452 principibus
1488 4399 1499 4432 :
1534 4383 1708 4434 subtlit
1737 4384 1873 4433 enim
1907 4399 1918 4432 :
1947 4382 2101 4434 Prin-

556 4479 655 4548 eipi
686 4477 857 4548 populi
902 4476 973 4527 tui
1000 4473 1419 4548 nonmialedices.
1463 4472 1739 4524 l’ollieetur
1787 4471 1942 4521 multa
1978 4471 2101 4537 ipsis

554 4572 709 4631 bona,
738 4567 780 4620 si
810 4562 1283 4630 obedicrintzquod
1305 4571 1486 4631 gentes
1515 4563 1614 4613 sint
1647 4560 1962 4628 superaturi,
2000 4570 2103 4611 ter-

554 4675 666 4711 rant
693 4656 1012 4726 p05sessuri;
1044 4653 1317 4720 pollicetur
1346 4653 1472 4704 item
1503 4667 1688 4718 aquam
1721 4666 1901 4703 eorum
1943 4649 2102 4704 bene-

557 4747 751 4798 dictum
796 4744 878 4806 iri,
910 4753 961 4796 et
990 4756 1196 4810 panem,
1241 4740 1381 4793 omni
1413 4741 1599 4792 morbo
1649 4738 1946 4792 liberandos
1987 4739 2105 4790 illos

557 4848 695 4898 esse,
725 4848 826 4885 non
858 4833 1077 4886 futuram
1102 4833 1332 4888 stenilem
1359 4833 1544 4886 essein
1570 4831 1691 4897 illis,
1715 4845 1882 4899 neque
1898 4832 2101 4892 orbum,

556 4939 725 4993 neque
750 4924 1079 4979 immaturam
1113 4933 1355 4986 mortem,
1385 4924 1635 4978 terminos
1659 4936 1841 4975 eorum
1881 4935 1937 4974 se
1963 4922 2103 4989 posi-

555 5027 728 5068 turum
767 5028 880 5067 esse
922 5028 949 5064 a
988 5012 1115 5063 mari
1161 5011 1336 5063 Rubro
1384 5027 1546 5078 nSque
1589 5012 1652 5063 ad
1696 5011 2103 5079 I’Itylistinornlti

554 5113 772 5168 terram,
799 5115 827 5152 ει
858 5101 1066 5154 deserto
1095 5114 1256 5165 usque
1283 5099 1345 5152 ad
1377 5099 1714 5164 Euphratem.
1739 5100 1882 5150 'l‘unc
1922 5099 2106 5151 inuno-

553 5194 678 5248 lavit
706 5193 930 5263 Moyses,
953 5200 1000 5244 et
1025 5190 1294 5244 ditnidiunt
1319 5190 1586 5256 sanguinis
1608 5190 1787 5240 ellndit
1816 5191 1879 5242 ad
1899 5190 2061 5242 altare
2091 5207 2102 5242 :

555 5283 919 5349 accipienSque
959 5281 1258 5345 sanguinem
1307 5280 1534 5343 aspersit
1591 5278 1858 5344 popultun.
1909 5279 2105 5331 [lorum

561 5373 796 5424 meminit
827 5370 1015 5422 Paulus
1043 5370 1092 5421 in
1123 5367 1353 5434 Epistola
1380 5368 1445 5418 ad
1473 5367 1721 5421 lleltrutos
1749 5367 1929 5418 dicens
1957 5384 1968 5417 :
2001 5368 2107 5418 Ne-

555 5479 650 5530 que
673 5463 885 5530 printum
915 5462 1276 5514 Testamentum
1302 5457 1408 5509 sine
1444 5457 1682 5523 sanguine
1725 5467 2008 5506 renovatum
2040 5467 2110 5507 est

612 5593 684 5664 tu)
717 5598 853 5650 "ac,
887 5597 929 5638 et
969 5589 1116 5652 Μουδὶ
1150 5594 1194 5638 et
1225 5586 1421 5650 populo,
1455 5587 1674 5636 videntur
1713 5587 1943 5636 mendose
1986 5595 2111 5641 irre-

556 5668 569 5712 Ι
612 5665 725 5706 1858.

1318 355 1371 412 S.
1412 357 1682 414 JOANNIS
1713 357 2173 414 CliRYSOSTOlll
2197 360 2506 416 ARClllEP.
2547 364 3066 422 CONSTANTINOP.

3636 387 3750 440 328

2193 468 2580 540 (llebr.9.18).
2611 470 2833 525 Jubctur
2865 474 3065 543 Moyses
3098 476 3385 530 ascendere
3421 486 3472 530 et
3501 477 3742 544 accipere

2190 557 2410 610 tabulas.
2435 559 2497 611 Et
2525 569 2636 612 erat
2661 561 2728 612 ibi
2749 563 3086 628 quadraginta
3113 564 3296 618 diebus
3325 575 3373 618 et
3399 566 3740 634 quadraginta

2191 647 2448 699 noctibus.
2484 647 2690 700 Audivit
2737 659 2910 702 autem
2956 651 3348 718 dispositionem
3396 654 3738 716 tabernaculi,

2191 741 2242 784 ct
2271 748 2452 785 eorum
2483 749 2599 799 quae
2638 735 2691 788 in
2727 736 2839 804 ipso
2876 738 3292 801 continebantur,
3326 749 3377 793 et
3402 743 3742 794 sacerdotalis

2191 821 2430 885 amictus,
2461 830 2514 874 et
2543 823 2801 878 unctionis
2837 825 3185 888 sacerdotum,
3219 836 3270 879 et
3300 828 3738 895 redemptionem.

2194 909 2314 963 ll;ec
2340 925 2462 963 vero
2487 920 2634 964 erant
2663 922 2716 965 ut
2754 914 2942 982 singuli
2981 914 3246 968 dimidiam
3288 916 3570 970 didracbmi
3617 934 3738 986 par-

2195 1010 2297 1052 tem
2326 1001 2527 1062 darent,
2573 1002 2623 1054 id
2669 1013 2768 1067 est,
2813 1005 2995 1058 obolos
3032 1005 3234 1059 decem.
3279 1007 3343 1059 Et
3383 1008 3448 1060 de
3479 1011 3739 1075 Composi-

2195 1090 2333 1144 tione
2360 1091 2456 1144 olei
2493 1093 2744 1160 pra:cipit,
2785 1094 2919 1147 etde
2960 1095 3322 1149 observatione
3360 1097 3580 1149 sabbati.
3603 1099 3742 1150 Con-

2193 1179 2406 1231 veniunt
2451 1178 2694 1234 lsraelitae
2721 1190 2901 1236 contra
2945 1183 3202 1237 Aaronem
3228 1193 3279 1236 et
3304 1183 3356 1236 in
3395 1184 3741 1238 idololatriam

2196 1268 2446 1322 incidunt.
2479 1269 2623 1323 Tunc
2663 1272 2734 1326 ait
2763 1273 2900 1327 Deus
2940 1273 3101 1342 Moysi
3131 1289 3144 1326 :
3174 1275 3297 1328 Sine
3342 1292 3435 1337 me,
3485 1285 3540 1327 et.
3572 1277 3742 1328 delebo

2193 1373 2296 1419 eos,
2325 1359 2576 1426 etfaciam
2619 1369 2665 1410 te
2704 1361 2754 1412 in
2784 1370 2974 1429 gentem
3009 1378 3237 1414 maanam
3277 1362 3464 1430 (Exod.
3499 1364 3584 1416 32.
3631 1365 3737 1431 10).

2198 1448 2263 1500 Ut
2291 1457 2465 1500 autem
2496 1448 2819 1504 descendens
2845 1451 3049 1520 Moyses
3083 1451 3208 1504 vidit
3244 1453 3460 1504 vitulum
3493 1462 3545 1505 et
3571 1468 3741 1520 popu-

2197 1538 2300 1588 lum
2333 1537 2618 1601 ludentetn,
2657 1541 2870 1607 projecit
2897 1552 2948 1594 et
2979 1542 3223 1595 contrivit
3259 1543 3474 1604 tabulas,
3508 1543 3744 1610 inerepa-

2197 1635 2269 1675 v.t
2300 1627 2578 1687 Aaronem,
2608 1628 2850 1694 prweepit
2875 1629 2991 1682 [iliis
3021 1629 3143 1684 Levi
3180 1630 3534 1694 venientibus;
3561 1631 3688 1684 dixit
3726 1649 3738 1683 :

2199 1712 2388 1778 Siquis
2421 1714 2486 1764 ad
2527 1714 2810 1780 Dominum,
2846 1718 3005 1768 veniat
3039 1718 3106 1767 ad
3146 1733 3240 1778 me,
3278 1727 3328 1768 ut
3366 1719 3554 1769 occidat
3585 1735 3739 1770 unus—

2198 1802 2398 1867 quisque
2423 1805 2627 1869 fratrem
2655 1819 2798 1854 suum
2825 1815 2869 1855 et
2887 1806 3161 1871 proximum
3183 1821 3326 1856 suum
3351 1821 3368 1857 :
3393 1815 3438 1858 et
3463 1807 3741 1858 ceciderunt

2198 1899 2292 1940 tres
2315 1891 2448 1942 mille
2474 1891 2563 1941 uiri
2591 1890 2779 1958 (Exod.
2811 1891 2877 1944 52
2926 1892 2994 1944 26
3033 1893 3227 1960 -28).
3271 1893 3417 1945 Tunc
3458 1895 3745 1948 ascendens

2199 1979 2398 2049 Moyses
2426 1979 2557 2033 dixit
2587 1982 2692 2034 Deo
2721 1999 2732 2032 :
2767 1982 2825 2034 Si
2866 1983 3059 2048 quidem
3089 1983 3294 2034 dimittis
3337 1983 3437 2038 illis
3462 1973 3739 2049 peccatum,

2199 2071 2425 2133 dimitte;
2462 2073 2538 2123 sin
2577 2073 2756 2123 minus.
2789 2073 2896 2123 dele
2934 2074 3096 2127 mede
3135 2074 3278 2137 libro,
3321 2089 3463 2141 quem
3501 2075 3741 2140 scripsisti

2204 2159 2389 2227 (Exod.
2419 2161 2504 2213 59..
2530 2161 2613 2213 51.
2647 2161 2758 2230 52).
2789 2162 2934 2215 Tunc
2967 2163 3105 2216 llevit
3133 2164 3372 2230 populus,
3393 2175 3442 2216 et
3466 2164 3641 2230 jussus
3663 2176 3747 2218 est

2199 2251 2460 2315 deponere
2481 2261 2720 2302 ornattun
2744 2265 2912 2302 suum.
2945 2252 3038 2304 llic
3057 2252 3248 2304 dictum
3272 2252 3368 2304 fuit
3395 2269 3408 2304 :
3437 2252 3498 2303 Et
3515 2255 3746 2320 loquutus

2197 2348 2266 2388 est
2298 2337 2536 2391 Dominus
2585 2340 2649 2388 ad
2695 2338 2934 2406 Moysem,
2975 2340 3113 2404 quasi
3157 2340 3199 2389 si
3239 2340 3345 2406 quis
3397 2340 3624 2406 loquatur
3673 2343 3742 2390 ait

2200 2428 2411 2479 amicum
2437 2445 2576 2481 suum
2603 2427 2791 2499 (Exod.
2824 2428 2906 2480 33.
2944 2429 3050 2495 11).
3073 2428 3223 2481 Jesus
3251 2438 3418 2480 autem
3448 2431 3579 2482 lilins
3606 2429 3745 2483 Nate

2203 2535 2302 2571 non
2329 2520 2691 2587 egrediebatur
2712 2534 2780 2572 ex
2804 2519 3156 2574 tabernaculo.
3185 2519 3331 2574 Tunc
3361 2531 3504 2587 rogat
3545 2520 3746 2589 Moyses

2205 2607 2386 2671 Deum,
2417 2617 2470 2659 ιιι
2499 2623 2598 2658 non
2628 2607 2949 2675 derelinquat
2979 2607 3242 2674 populum,
3269 2617 3322 2659 et
3341 2609 3524 2660 dolatis
3541 2608 3744 2660 duabus

2201 2697 2409 2759 tabulis,
2444 2699 2640 2764 accepit
2679 2697 3003 2764 dec:ilogttm,
3051 2697 3322 2749 transactis
3367 2712 3567 2748 rorsmn
3614 2715 3747 2763 qua-

2200 2786 2434 2854 dz'aginta
2465 2786 2646 2839 diebus
2675 2797 2725 2838 ct
2772 2787 3108 2854 quadraginta
3148 2787 3402 2838 noctibus.
3443 2787 3747 2854 l’nccipitur

2201 2886 2372 2928 autem
2405 2877 2499 2942 ipsi
2531 2876 2714 2928 iterum
2757 2876 2820 2928 dc
2850 2877 3057 2943 pascha,
3091 2876 3156 2932 de
3187 2877 3422 2941 sabbato,
3462 2876 3526 2930 de
3568 2887 3750 2929 exter-

2203 2965 2460 3016 Iuinamlis
2479 2965 2707 3032 gentium
2727 2964 2844 3027 diis,
2861 2963 2923 3017 de
2941 2965 3293 3032 printogenitis
3316 2964 3409 3031 ipsi
3429 2967 3750 3017 sanctiﬁcan-

2202 3055 2299 3106 dis.
2334 3054 2425 3107 llic
2452 3055 2658 3122 legitur,
2686 3053 2913 3123 Moysem
2945 3069 3060 3107 cum
3108 3054 3222 3106 velo
3259 3053 3523 3120 loquutum
3555 3055 3748 3119 populo

2202 3160 2345 3206 esse;
2378 3144 2512 3212 quod
2541 3144 2602 3196 ad
2632 3144 2930 3197 Corinthios
2959 3143 3184 3198 secunda
3218 3145 3287 3197 ait
3318 3143 3503 3195 Paulus
3529 3144 3598 3209 (2.
3630 3144 3747 3195 Cor.

2203 3236 2256 3289 5.
2292 3236 2393 3302 13).
2421 3233 2565 3286 Tunc
2602 3234 2700 3287 illis
2729 3244 3042 3301 praeceptum
3073 3242 3152 3285 est
3179 3233 3244 3285 de
3276 3232 3513 3293 sabbato,
3540 3232 3603 3282 de
3632 3246 3746 3284 tua.

2205 3329 2331 3376 t._-ria
2370 3324 2433 3375 ad
2469 3322 2784 3376 tabernaculi
2823 3323 3261 3375 constructionem
3304 3319 3612 3379 adhibenda,
3649 3319 3750 3371 hoc

2203 3421 2300 3472 est,
2328 3411 2394 3463 de
2422 3425 2568 3473 auro,
2599 3409 2664 3461 de
2685 3423 2808 3471 tere,
2842 3408 2905 3460 de
2931 3407 3148 3473 capillis,
3178 3407 3346 3472 deque
3372 3407 3566 3473 reliqua
3591 3415 3748 3458 matc-

2205 3497 2296 3548 ria.
2330 3496 2394 3548 Et
2429 3495 2501 3548 illi
2532 3495 2739 3563 quidem
2767 3511 2883 3548 cum
2927 3510 3109 3562 magna
3148 3493 3432 3546 allerebaut
3457 3494 3744 3556 alacritate,

2203 3586 2269 3636 ita
2301 3596 2354 3636 ut
2383 3584 2726 3644 redundaret;
2769 3592 3014 3650 operatus
3065 3592 3236 3635 autem
3285 3593 3365 3634 est
3411 3581 3639 3634 Beseleel
3681 3581 3767 3634 de.

2204 3674 2339 3726 tribu
2363 3671 2515 3735 Juda,
2556 3681 2606 3726 et
2645 3672 2791 3725 Eliab
2817 3673 2880 3723 de
2917 3672 3048 3723 tribu
3080 3671 3184 3722 Dan
3215 3672 3387 3723 omnia
3433 3670 3497 3723 ad
3532 3686 3750 3738 appara-

2205 3774 2312 3816 tmn
2367 3765 2692 3827 necessaria;
2739 3773 2791 3817 et
2835 3764 3218 3816 tabernaculum
3273 3763 3435 3826 stetit,
3483 3763 3749 3830 nubesque

2203 3855 2406 3920 operuit
2434 3854 2576 3907 illud.
2605 3853 2751 3918 Quod
2781 3863 2955 3905 autem
2997 3854 3288 3919 impensum
3340 3852 3429 3904 fuit
3463 3852 3526 3904 ad
3569 3869 3744 3920 opera,

2204 3945 2313 3995 auri
2344 3943 2554 4011 qttidctn
2581 3943 2756 4010 viginti
2783 3957 2968 3995 novem
2999 3943 3183 3995 talenta
3207 3953 3256 3994 et
3278 3942 3390 3995 sicli
3415 3943 3745 4008 septingenti,

2205 4029 2404 4098 argenti
2429 4031 2618 4083 talenta
2648 4039 2879 4094 centum,
2901 4030 3012 4081 sicli
3036 4030 3154 4092 772,
3187 4029 3304 4081 :cri.
3325 4030 3514 4080 talenta
3543 4040 3749 4096 septua-

2204 4120 2364 4186 ginta,
2397 4129 2448 4173 et
2473 4119 2554 4172 bis
2583 4119 2722 4172 mille
2751 4118 3016 4186 quingenti
3045 4119 3178 4171 sicli.

2528 4261 2816 4312 stmcus,
2857 4262 3005 4300 Linea
3043 4261 3264 4300 TERTIUS
3301 4245 3399 4315 (a).

2276 4379 2536 4431 Leviticus
2558 4390 2771 4432 vocatur
2811 4378 2893 4433 hic
2931 4380 3080 4443 liber,
3108 4380 3227 4446 quia
3269 4378 3480 4447 proprie
3506 4388 3558 4431 et
3590 4394 3761 4447 chll‘.

2208 4466 2400 4518 liartter
2429 4477 2584 4518 totam
2615 4467 2826 4519 Levitici
2865 4468 3134 4519 ministerii
3170 4469 3386 4519 formam
3413 4467 3665 4529 continet,
3696 4477 3754 4519 et

2206 4574 2307 4624 quo
2337 4567 2486 4623 pacto
2507 4559 2748 4609 Aarouet
2788 4556 3004 4622 liliiejus
3025 4572 3088 4608 ex
3116 4556 3247 4607 tribu
3275 4554 3396 4607 Levi
3428 4554 3479 4606 in
3507 4553 3756 4607 sacerdoo

2208 4655 2284 4698 tes
2305 4646 2454 4698 electi
2484 4648 2658 4713 utique
2698 4647 2906 4705 fuerint,
2933 4657 2984 4698 et
3027 4644 3274 4712 quidquid
3315 4644 3632 4699 discriminis
3675 4653 3756 4695 est

2209 4735 2345 4789 inter
2375 4737 2624 4788 sacrilieia
2651 4746 2701 4788 et
2725 4737 3034 4797 oblationes,
3067 4745 3116 4786 et
3157 4734 3324 4800 qualis
3363 4735 3430 4786 sit
3484 4735 3756 4786 universus

2207 4841 2472 4878 sacrorum
2503 4828 2690 4886 cultus,
2717 4827 3137 4894 sacerdotaleqne
3167 4825 3532 4878 ministerium.
3561 4823 3757 4877 Deinde

2208 4919 2458 4983 cujusque
2483 4915 2720 4966 sacrilicii
2751 4915 2914 4981 legem
2941 4915 3180 4982 exponit;
3213 4925 3319 4965 tum
3348 4913 3463 4980 ejus
3487 4911 3624 4980 quod
3652 4926 3746 4977 pro

2209 5006 2396 5068 salute,
2438 5013 2544 5055 tum
2593 5005 2706 5070 ejus
2735 5005 2872 5070 quod
2922 5019 3014 5070 pro
3058 5004 3278 5066 delicto,
3321 5004 3429 5055 sive
3467 5010 3757 5068 spontaneo

2211 5098 2317 5147 sive
2341 5095 2702 5156 involuutario,
2721 5104 2772 5147 et
2791 5111 2894 5162 quo
2912 5105 3058 5161 pacto
3075 5095 3272 5162 singula
3291 5091 3564 5146 dividenda
3585 5090 3687 5142 sint
3702 5098 3762 5143 et

2215 5187 2500 5240 referenda.
2532 5186 2812 5237 Enarratur
2841 5188 2994 5238 etiam
3024 5185 3075 5236 in
3107 5186 3204 5237 hoc
3247 5184 3376 5235 libro
3422 5181 3609 5232 summi
3661 5194 3747 5231 sa-

2213 5279 2459 5340 cerdotis,
2512 5278 2834 5343 aliorumque
2878 5275 3207 5329 sacerdotum
3261 5273 3435 5326 unctio
3469 5271 3573 5323 :ad
3619 5271 3755 5334 lucc,

2278 5405 2348 5463 (η)
2367 5411 2472 5450 time
2487 5410 2582 5450 tota
2601 5406 2788 5452 Levitici
2803 5405 3018 5465 Synopsis
3029 5403 3324 5465 desideratur
3347 5401 3388 5445 in
3407 5397 3580 5465 Codice
3599 5398 3760 5449 Coisli-

2217 5462 2372 5517 niano,
2397 5465 2480 5510 sed
2525 5464 2727 5510 habetur
2761 5466 2807 5510 in
2831 5462 3147 5522 'l.ugdunensi
3168 5462 3397 5508 llatavico.
3427 5462 3617 5522 Maxima
3645 5474 3765 5522 vero

2219 5539 2324 5583 pars
2349 5525 2452 5579 eius
2477 5525 2643 5570 eadem
2669 5528 2696 5583 η
2715 5539 2766 5572 sa
2791 5533 2881 5577 est,
2907 5519 3013 5583 qua:
3037 5526 3084 5568 in
3106 5531 3294 5581 Synopst
3314 5521 3551 5583 Athanasii
3569 5519 3766 5583 nomine

2217 5579 2408 5645 ariolus
2438 5587 2566 5631 edita
2602 5579 2859 5633 (ιςι’”1“οιιιο
2898 5579 2935 5634 ll
2965 5579 3172 5645 (ipernin
3214 5584 3481 5632 Athanasii.
3519 5581 3582 5630 Ea
3609 5579 3671 5627 de
3701 5591 3769 5626 re.

2220 5646 2375 5708 agitur
2402 5644 2447 5696 in
2471 5648 2680 5694 Dialriba
2712 5654 2822 5694 ante
2847 5644 3082 5707 Synopstn
3108 5646 3272 5708 posita.
