4000 6220
220 377 332 432 327

228 518 329 554 σαν
369 502 416 553 οί
463 501 783 570 Ἰσραηλῖται
817 501 873 553 ἐν
913 501 977 569 τῇ
1022 500 1241 569 ἐρήμῳ,
1290 501 1425 569 κρέα
1463 496 1764 565 ζητοῦντες.

224 586 359 636 Τότε
392 583 604 652 ἔϐρεξεν
643 585 823 645 αὐτοῖς
868 583 1058 651 μάννα.
1089 580 1221 635 Εἶτα
1253 584 1444 651 ήνεγκε
1488 582 1585 648 τὴν
1620 580 1771 648 ὀρτυ-

227 668 523 734 γομήτραν.
569 663 823 716 Ἐνταῦθα
863 666 956 718 ἐπὶ
991 661 1081 716 τοῦ
1124 665 1328 733 μάννα,
1357 663 1386 714 ὃ
1417 663 1476 714 τὸ
1502 662 1633 713 πολὺ
1676 660 1772 712 οὐκ

226 747 535 806 ἐπλεόνασε,
565 746 652 798 καὶ
692 746 721 797 6
755 746 814 797 τὸ
842 745 1016 811 ὀλίγον
1043 746 1139 797 ούκ
1178 744 1521 812 ήλαττόνησε,
1559 742 1771 810 παρήγ-

224 829 372 895 γειλε
392 829 464 897 μὴ
489 828 867 881 ὑπολείπεσθαι
898 830 973 890 εἰς
1002 830 1097 895 τὴν
1125 827 1328 895 αῦριον.
1346 828 1406 878 Οἱ
1429 827 1484 877 δέ
1505 826 1775 893 παρήκου-

230 928 351 971 σαν,
384 910 477 961 καὶ
520 909 707 976 γέγονε
754 908 811 960 τὸ
841 907 1193 974 καταλειφθὲν
1230 906 1517 975 σκωλήκων
1548 904 1769 973 πλῆρες.

228 992 393 1047 Εἷπε·
429 993 518 1060 Μὴ
549 990 791 1059 ἐξέλθητε
830 990 1071 1052 συλλέξαι
1099 990 1173 1057 τῷ
1214 990 1462 1058 σαϐϐάτῳ
1482 1005 1493 1018 ·
1530 988 1577 1039 οἱ
1603 987 1655 1038 δὲ
1682 987 1772 1038 καὶ

227 1076 285 1130 ἐν
327 1072 497 1140 τούτῳ
550 1074 929 1141 παρήκουσαν,
972 1072 1061 1124 καὶ
1108 1070 1407 1134 ἐξελθόντες
1451 1071 1546 1138 οὺχ
1597 1062 1768 1137 εῦρον.

227 1154 450 1209 Κελεύει
491 1153 717 1223 Μωῦσῆς
767 1155 821 1206 ἐν
856 1153 1073 1222 στάμνῳ
1128 1155 1297 1223 χρυσῇ
1345 1151 1633 1206 ἀποθέσθαι
1669 1150 1774 1203 άπὸ

226 1241 320 1293 τοῦ
348 1241 515 1310 μάννα
556 1242 631 1303 είς
670 1241 765 1302 τὰς
799 1239 933 1309 μετὰ
979 1239 1144 1292 ταῦτα
1172 1242 1378 1306 γενεάς.
1412 1239 1482 1289 T0
1516 1238 1570 1290 δὲ
1604 1238 1774 1307 μάννα

227 1332 427 1399 ἔφαγον
477 1331 873 1401 τεσσαράκοντα
923 1330 1036 1399 ἔτη.
1079 1330 1209 1382 Τότε
1261 1330 1547 1397 ἐγόγγυζον
1582 1329 1667 1381 διὰ
1715 1328 1773 1380 τὸ

223 1422 395 1491 δίψος.
414 1424 521 1474 Καὶ
544 1421 773 1487 ἐπάταξε
804 1421 1037 1489 Μωῦσῆς
1070 1421 1165 1489 τὴν
1194 1420 1412 1488 πέτραν,
1440 1418 1534 1471 καὶ
1558 1418 1773 1487 ἐξῆλθεν

223 1512 286 1563 τὸ
314 1511 475 1581 ὕδωρ.
504 1513 754 1579 Ἔρχεται
795 1510 1035 1580 ’Λμαλὴκ
1062 1510 1370 1578 πολεμῶσαι
1411 1508 1501 1559 τὸν
1543 1506 1772 1577 Ἰσραήλ·

224 1601 319 1652 καὶ
346 1599 601 1669 ἐτρέψατο
624 1599 783 1651 αὑτὸν
810 1598 1011 1667 Ἰησοῦς
1036 1600 1062 1650 ό
1081 1597 1171 1649 τοῦ
1202 1596 1375 1665 Ναυῆ
1401 1596 1491 1648 καὶ
1520 1595 1621 1658 ἕως
1639 1590 1776 1665 ἦσαν

224 1695 280 1744 αἱ
310 1694 485 1761 χεῖρες
541 1688 742 1757 Μωῡσῆ
784 1687 1073 1757 μετέωροι,
1110 1688 1322 1755 ἰσχυσεν
1350 1688 1376 1737 6
1418 1685 1648 1755 Ἰσραὴλ,
1688 1684 1775 1736 ὅτε

223 1778 282 1828 δὲ
314 1776 546 1843 καθῆκεν
581 1774 779 1835 αὐτάς,
808 1772 1062 1841 ἡττῶντο.
1095 1770 1261 1823 Τοῦτο
1292 1772 1346 1823 δὲ
1385 1771 1552 1833 τύπος
1582 1766 1649 1840 ἦν
1684 1770 1774 1822 τοῦ

225 1861 453 1931 σταυροῦ
474 1872 519 1913 ⁸.
560 1852 910 1928 Είστὴκεισαν
935 1856 1039 1926 γάρ
1079 1856 1287 1925 Ἀαρὼν
1322 1857 1411 1907 καὶ
1447 1857 1567 1925 Ὢρ,
1596 1855 1777 1924 στηρί-

224 1948 405 2009 ζοντες
430 1946 525 2007 τὰς
550 1946 735 2013 χεῖρας
756 1942 975 2012 Μωῦσῇ.
994 1940 1122 1993 Είπε
1150 1942 1204 1994 δὲ
1239 1941 1438 2010 Κύριος
1461 1940 1594 2011 πρὸς
1618 1942 1777 1993 Μωῡ-

223 2036 324 2102 σῆν
346 2050 360 2063 ο
391 2030 783 2097 Κατάγραψον
820 2030 992 2082 τοῦτο
1030 2030 1113 2092 είς
1144 2029 1534 2096 μνημόσυνον
1579 2027 1649 2079 ἐν
1690 2027 1778 2090 ﬂc-

222 2121 387 2181 ϐλίῳ.
433 2118 671 2187 Ἀπαντᾷ
703 2116 865 2185 Ἰοθδρ
913 2118 940 2167 6
975 2114 1231 2184 πενθερὸς
1274 2113 1479 2183 Μωῦσῆ
1518 2114 1654 2182 μετὰ
1680 2114 1778 2183 τῆς

221 2205 476 2271 γυναικὸς
516 2202 780 2272 (γαμϐρὸν
799 2202 855 2254 δέ
892 2201 1049 2252 αὐτὸν
1082 2200 1235 2253 καλεῖ
1264 2200 1711 2270 καταχρηστικῶς
1742 2202 1774 2267 ἡ

222 2290 431 2359 Γραφὴ)
474 2288 551 2357 τῷ
578 2304 635 2339 τε
680 2288 883 2356 Μωῦσῇ
920 2287 1010 2338 καὶ
1061 2286 1137 2354 τῷ
1176 2286 1286 2355 λαῷ
1307 2286 1356 2339 ι).
1407 2288 1678 2355 Διηγεῖται
1710 2286 1777 2336 τὰ

223 2374 501 2442 θαυμάσια
521 2373 752 2440 Μωῦσῆι,
782 2371 856 2441 τῷ
890 2373 1158 2441 πενθερᾷγ
1200 2370 1303 2422 όδὲ
1338 2370 1661 2439 ἐθαύμασεν.
1694 2372 1777 2433 Ὠς

222 2459 280 2519 δὲ
309 2455 412 2510 εἶδε
435 2460 607 2511 πάντα
638 2457 727 2509 τὸν
755 2456 880 2509 λαὸν
929 2456 1308 2526 παρεστηκότα
1333 2457 1535 2526 Μωῦσῇ
1558 2498 1572 2521 ,
1608 2458 1695 2508 τὸν
1724 2458 1779 2509 δὲ

222 2548 323 2597 οὑκ
350 2544 613 2614 ἀρκοῦντα
651 2547 782 2597 πᾶσι
817 2544 1037 2615 κρίνειν,
1070 2546 1231 2613 φησὶν
1257 2544 1405 2612 αύτῷ
1430 2546 1457 2596 6
1500 2544 1774 2611 πενθερός·

236 2631 507 2697 Ἐπίλεξαι
549 2632 743 2699 ἄνδρας
776 2632 1047 2691 δυνατοὺς,
1070 2630 1356 2691 θεοσεϐεῖς,
1384 2630 1636 2694 δικαίους,
1688 2646 1776 2698 μι-

224 2719 451 2779 σοῦντας
485 2718 876 2787 ὑπερηφανίαν,
900 2718 992 2769 καὶ
1039 2718 1375 2785 κατάστησον
1420 2715 1614 2776 αὐτοὺς
1647 2714 1780 2782 χιλι-

222 2805 450 2873 άρχους,
498 2804 953 2871 ἑκατοντάρχους,
1007 2802 1535 2870 πεντηκοντάρχους,
1589 2799 1781 2867 δεκάρ-

222 2900 413 2959 χουςε.
448 2889 696 2957 Ἐποίησε
736 2889 971 2956 Μωῦσῆς
998 2886 1187 2950 οὕτως,
1218 2886 1311 2937 καὶ
1341 2885 1566 2953 ἀνῆλθεν
1608 2888 1686 2945 είς
1722 2885 1780 2936 τὸ

222 2976 372 3047 ὅρος.
415 2975 519 3027 Καὶ
552 2973 878 3043 προσέταξεν
907 2972 1053 3040 αὑτῷ
1104 2974 1131 3025 6
1175 2971 1305 3033 Θεὸς
1328 2973 1498 3024 εἰπεῖν
1542 2970 1619 3039 τῷ
1647 2969 1779 3038 λαῷ,

222 3062 307 3121 ὅτι
330 3058 640 3112 ἐσονταιτοῦ
659 3058 790 3111 Θεοῦ
818 3058 1080 3127 βασίλειον
1114 3055 1589 3128 ἱεράτευμα,έθνος
1607 3056 1778 3121 ἅγιον,

223 3143 320 3195 ἐὰν
348 3141 713 3193 ὑπακούσωσι.
744 3141 805 3192 Οἱ
838 3140 894 3191 δέ
922 3135 1069 3191 εἷπον
1087 3156 1100 3170 ο
1132 3139 1412 3200 Ἀπαντα,
1432 3138 1546 3190 ὅσα
1566 3133 1731 3189 εἶπεν
1750 3140 1782 3190 ό

226 3225 389 3289 Θεὸς,
416 3225 741 3293 ποιήσομεν
760 3224 857 3278 καί
880 3224 1272 3291 ἀκουσόμεθα.
1308 3224 1437 3278 Τότε
1458 3224 1781 3291 προστάσσει

222 3312 304 3383 τῷ
331 3312 441 3381 λαῷ
480 3311 792 3379 άγνισθῆναι
823 3310 924 3371 ἕως
974 3309 1159 3380 τρίτης
1210 3310 1441 3379 ἡμέρας,
1496 3310 1686 3363 πλῦναι
1715 3311 1783 3362 τὰ

225 3399 415 3468 ἱμάτια
466 3397 662 3452 αὐτῶν.
733 3396 989 3449 Ἐνταῦθα
1041 3397 1252 3466 εἴρηται
1306 3398 1398 3449 καὶ
1435 3397 1495 3448 τὸ
1530 3396 1678 3467 παρὰ
1707 3397 1782 3466 τῷ

237 3483 541 3553 ’Λποστόλῳ
582 3485 639 3535 ἐν
691 3485 755 3553 τῇ
805 3481 939 3553 πρὲς
980 3481 1282 3551 Ἐϐραίουςο
1327 3481 1451 3535 Κᾶν
1495 3485 1630 3551 θίγῃ
1677 3482 1782 3535 τοῦ

226 3572 423 3640 ὄρους,
461 3569 1008 3637 λιθοϐοληθήσεται.
1043 3568 1190 3640 [529]
1220 3570 1352 3621 Τότε
1384 3570 1700 3633 ἐκαπνίζετο
1726 3570 1784 3621 τὺ

224 3659 369 3727 ϐρος,
404 3657 575 3725 φωναὶ
611 3656 918 3724 σαλπίγγων
938 3658 1119 3727 ἠχουν.
1152 3657 1284 3708 Τότε
1316 3656 1412 3719 τὰς
1438 3658 1653 3719 ἐντολὰς
1690 3659 1782 3710 τοῦ

225 3745 390 3811 νόμου
414 3743 675 3811 λαμϐάνει
700 3744 1058 3812 Μωῦσῆς,τὴν
1083 3744 1399 3811 Δεκάλογον,
1427 3746 1519 3796 καὶ
1539 3745 1603 3797 τὰ
1626 3744 1785 3798 λοιπὰ

225 3827 584 3897 δικαιώματα.
626 3829 696 3880 Τὸ
740 3828 829 3891 δὲ,
874 3828 1054 3892 Θεοὺς
1110 3830 1179 3880 οὺ
1239 3830 1690 3897 κακολογήσας,
1722 3832 1782 3883 οὐ

226 3916 354 3984 περὶ
398 3914 623 3967 εἰδώλων
679 3916 887 3984 εἴρηται
916 3955 931 3979 ,
975 3914 1109 3967 ἀλλὰ
1156 3914 1281 3983 περὶ
1336 3915 1441 3966 τῶν
1480 3917 1781 3985 ἀρχόντων⁸

227 4003 419 4069 ἐπάγει
453 4002 579 4071 γὰρ,
607 4002 870 4069 Ἀρχοντι
899 4001 1001 4054 τοῦ
1028 4002 1179 4055 λαοῦ
1221 4017 1336 4055 σου
1373 4003 1482 4055 οὐκ
1511 4003 1661 4068 ἐρεῖς
1690 4022 1784 4057 κα·

225 4087 364 4151 πῶς.
400 4088 835 4155 Ἐπαγγέλλεται,
865 4089 915 4141 εί
967 4087 1348 4149 ύπακούσειαν,
1404 4088 1570 4140 πολλὰ
1603 4090 1783 4154 αὐτοῖς

224 4173 407 4239 ἀγαθά
426 4189 438 4204 ’
466 4174 756 4243 κρατήσειν
785 4173 891 4226 τῶν
920 4172 1103 4238 ἐθνῶν,
1143 4174 1239 4244 τῆς
1271 4175 1373 4243 γῆς
1404 4174 1779 4243 κληρονομίαν,

224 4261 284 4311 τὸ
316 4258 457 4327 ὕδωρ
482 4257 659 4312 αὐτῶν
689 4260 998 4327 εύλογήσειν
1020 4260 1112 4313 καὶ
1144 4260 1233 4311 τὸν
1259 4260 1439 4330 ἄρτον,
1467 4262 1645 4331 πάσης
1676 4280 1779 4330 μαο

224 4344 419 4406 λακίας
466 4344 660 4407 αὐτοὺς
706 4345 1053 4411 ἀπαλλάξειν,
1094 4345 1168 4415 μὴ
1215 4344 1430 4399 ἔσεσθαι
1482 4350 1696 4416 στεῖραν
1727 4348 1783 4399 ἐν

225 4431 426 4493 αὐτοῖς,
468 4431 599 4501 μηδέ
638 4430 846 4499 ἄγονον,
881 4432 1015 4501 μηδέ
1043 4432 1267 4485 θάνατον
1321 4431 1519 4502 ἄωρον,
1554 4433 1620 4486 τὰ
1664 4435 1785 4503 ὅρια

224 4515 405 4567 αὐτῶν
452 4514 635 4584 θήσειν
662 4516 769 4569 ἀπὸ
798 4517 896 4585 τῆς
946 4518 1205 4587 Ἐρυθρᾶς
1240 4518 1512 4588 θαλάσσης
1543 4520 1646 4583 ἕως
1683 4520 1781 4589 τῆς

224 4599 553 4667 Φυλιστιεὶμ,
575 4600 683 4653 ἀπὸ
702 4602 797 4670 τῆς
822 4602 1028 4671 ἐρήμου
1056 4604 1159 4665 ἕως
1194 4604 1287 4656 τοῦ
1328 4605 1634 4674 Εὐφράτου.
1654 4607 1782 4658 Τότε

226 4686 343 4738 θύει
367 4685 625 4753 Μωῦσῆς,
644 4687 809 4737 καὶτὸ
823 4688 992 4755 ἥμισυ
1016 4688 1110 4740 τοῦ
1130 4690 1355 4757 αἵματος
1372 4691 1633 4760 προσέχεε
1650 4692 1782 4760 πρὸς

224 4772 289 4825 τὸ
316 4772 691 4841 θυσιαστήριον
712 4786 724 4799 ·
744 4771 836 4823 καὶ
863 4770 1039 4823 λαϐὼν
1067 4773 1126 4823 τὸ
1154 4768 1290 4841 αἷμα
1306 4776 1661 4828 κατεσκέδασε
1689 4776 1781 4827 τοῦ

224 4857 666 4925 λαοῦ.Μέμνηται
689 4856 890 4910 τούτων
905 4857 933 4909 6
949 4858 1155 4920 Παῦλος
1173 4860 1229 4910 ἐν
1250 4862 1317 4930 τῇ
1340 4860 1471 4927 πρὸς
1502 4860 1781 4931 Ἐϐραίους

225 4944 417 5013 λέγων,
436 4945 515 4997 δτι
535 4942 685 4997 Οὐδὲ
700 4944 952 5013 ἡπρώτη
973 4942 1221 5012 διαθήκη
1244 4945 1417 5013 χωρὶς
1427 4946 1670 5015 αἳματος
1689 4948 1782 5017 ἐγ-

288 5090 315 5118 ·
334 5089 419 5155 §ic
444 5087 656 5155 jlomilia
676 5089 723 5155 ξιι
744 5087 883 5155 ιιιμςι,
910 5089 1074 5145 Paler,
1100 5086 1142 5155 εἰ
1164 5085 1387 5155 possibile;
1404 5093 1514 5155 _csl_:
1534 5091 1616 5155 καί
1635 5093 1780 5155 M500-

223 5158 312 5208 σῆς
331 5151 383 5198 δὲ
410 5150 534 5217 οὕτω
559 5145 642 5194 τοῦ
678 5145 890 5217 ᾍμριλήκ
932 5145 1243 5217 περιεγένετο,-
1264 5150 1421 5206 ἐπειδή
1441 5150 1583 5195 τύπον
1604 5149 1779 5217 ἐπεδεί-

223 5228 366 5259 κνυτο
405 5208 491 5257 τοῦ
516 5208 736 5269 σταυροῦ.
760 5208 862 5253 Mox
889 5208 1016 5267 quod
1037 5208 1156 5257 dicit
1197 5211 1583 5268 Chrysostomus.
1605 5211 1779 5257 ,Ιοιὶιο-

225 5285 330 5339 τιιιη
364 5271 459 5317 dici
482 5272 528 5317 in
552 5270 799 5339 _Scr’iplura
828 5269 1033 5337 γαμϐρόν
1055 5271 1463 5339 καταχρηστεκῶᾓ
1486 5270 1573 5339 §ed
1600 5270 1778 5339 impljo-

225 5332 333 5393 prie
358 5344 445 5393 pljo
463 5330 695 5393 πενθερόν,
719 5340 958 5389 generum.
984 5330 1030 5374 in
1053 5329 1277 5393 pmnib'us
1296 5331 1397 5393 saw
1428 5333 1467 5393 ς)
1484 5329 1495 5347 ’
1530 5332 1778 5393 ex_emp_la-

224 5388 373 5440 iibus'
406 5388 650 5451 hodiequée
689 5388 990 5451 observatur,
1020 5388 1332 5451 ubiyapﬁpo’v
1355 5388 1552 5451 legitur.
1579 5388 1776 5450 Lugd“-

224 5452 391 5506 ncnsis
414 5450 566 5497 codex
603 5449 681 5496 hic
700 5448 848 5497 habet
880 5449 1084 5510 γαμϐρόν
1106 5450 1157 5496 δέ
1192 5448 1338 5497 αὐτὸν
1364 5448 1494 5497 καλεῖ
1514 5448 1778 5512 χρηστὶκῶς

225 5514 337 5570 (sic)
357 5513 385 5564 ή
414 5511 590 5570 Γραφή-

248 5525 385 5570 slcm
414 5525 590 5570 ιραφη.

225 5517 337 5576 (sic)
357 5517 385 5564 ή
414 5517 590 5579 Γραφῇ.
1101 5571 1120 5580 _

284 5571 470 5635 ὶυΗως,
511 5585 579 5629 τῳ
625 5585 675 5615 τε
714 5571 895 5628 Μωῡσῇ
938 5569 1015 5615 καὶ
1063 5586 1129 5629 τῳ
1177 5570 1305 5635 λαῷ,
1348 5576 1580 5623 mendose
1621 5570 1774 5620 forsan

222 5635 585 5744 ιπῗῐίῗιϐἓίίίίίδ
606 5689 788 5755 legitur
807 5690 1134 5753 δεκαδάρχους.

1262 369 1587 429 SYNOPSIS
1623 363 2030 423 SCRIPTURAS
2069 363 2331 419 SACRIE.

3309 378 3420 434 328

1872 493 2254 544 κεκαίνισται.
2304 489 2591 542 Κελεύεται
2614 490 2848 558 Μωῦσῆς
2874 487 3107 541 ἀνελθὼν
3138 486 3324 539 λαϐεῖν
3349 483 3416 534 τά

1872 578 2050 639 πυξία.
2071 579 2180 630 Καὶ
2193 574 2258 645 ἦν
2277 580 2390 629 ἐκεῖ
2408 576 3026 646 τεσσαράκονταήμέρας
3049 576 3140 627 καὶ
3154 572 3413 639 τεσσαρά-

1873 680 2029 715 κοντα
2051 663 2509 725 νύκτας.”11κουσε
2533 664 2586 714 δὲ
2612 664 2709 731 τὴν
2727 660 2963 723 διάταξιν
2980 661 3077 727 τῆς
3097 657 3298 725 σκηνῆς
3326 655 3417 707 καὶ

1869 750 1976 801 τῶν
1994 751 2049 801 ἐν
2073 751 2229 820 αὐτῇ,
2246 750 2444 817 καὶτῆς
2464 748 2736 817 ἱερατικῆς
2756 747 2959 815 στολῆς,
2979 744 3175 811 καὶτῆς
3192 742 3416 811 χρίσεως

1871 836 1976 887 τῶν
2017 838 2222 905 ἱερέων,
2253 838 2343 889 καὶ
2373 837 2479 887 τῶν
2504 836 2727 905 λύτρων.
2752 832 2934 886 Ταῦτα
2975 833 3029 884 δέ
3053 828 3118 901 ἧν
3152 831 3210 882 τὸ
3250 830 3417 896 ἥμισυ

1870 922 1961 974 τοῦ
2007 923 2297 993 διδράχμου
2348 925 2570 976 ἕκαστον
2621 922 2835 983 διδόναι,
2876 921 3165 982 τουτέστιν,
3205 916 3419 975 ὀϐολοὺς

1872 1009 2018 1062 δέκα.
2056 1011 2164 1062 Καὶ
2205 1010 2451 1079 περὶτῆς
2482 1009 2774 1069 συνθέσεως
2809 1006 2901 1059 τοῦ
2943 1006 3119 1057 ἐλαίου
3150 1004 3416 1073 παραινεῖ,

1874 1096 1965 1147 καὶ
1990 1096 2128 1165 ὑπὲρ
2160 1097 2257 1165 τῆς
2296 1096 2539 1164 φυλακῆς
2560 1095 2651 1147 τοῦ
2683 1092 2969 1145 σαϐϐάτου.
3009 1090 3419 1159 Ἐκκλησιάζου-

1876 1198 1957 1232 σιν
1977 1183 2025 1233 οί
2066 1182 2387 1251 Ἰσραηλῖται
2412 1182 2552 1234 κατὰ
2593 1179 2797 1249 Ἀαρὼν
2834 1179 2927 1231 καὶ
2966 1173 3416 1244 είδωλολατροῦσι.

1875 1267 2006 1318 Τότε
2038 1268 2242 1337 φησὶνό
2275 1266 2403 1329 Θεὸς
2431 1267 2507 1335 τῷ
2530 1267 2753 1334 Μωῦσῇ*
2800 1264 3020 1315 Ἕασόν
3050 1278 3144 1329 με,
3186 1259 3282 1312 καὶ
3322 1258 3420 1323 ἐξ·

1874 1355 2101 1421 αλείψω
2115 1354 2355 1418 αὐτοὺς,
2381 1355 2479 1406 καὶ
2510 1353 2739 1420 ποιήσω
2758 1366 2829 1404 σε
2852 1352 2937 1414 είς
2959 1352 3130 1413 ἔθνος
3152 1349 3317 1416 μέγα.
3338 1348 3422 1408 Ὠς

1874 1438 1930 1489 δέ
1965 1439 2234 1492 κατελθὼν
2261 1442 2288 1491 6
2325 1440 2559 1509 Μωῦσῆς
2586 1435 2691 1491 εἶδε
2721 1438 2809 1489 τὸν
2843 1438 3038 1507 μόσχον
3068 1435 3268 1487 καὶτὸν
3300 1434 3422 1486 λαὸν

1877 1526 2181 1590 παίζοντας,
2209 1526 2395 1597 έρῤιψε
2429 1524 2524 1587 τὰς
2580 1526 2810 1589 πλάκας,
2846 1526 2937 1577 καὶ
2969 1522 3297 1593 συνέτριψεν,
3332 1523 3424 1573 ἐπ-

1877 1613 2100 1683 ετίμησε
2130 1613 2204 1682 τῷ
2248 1612 2474 1683 Ἀαρὼν,
2504 1611 2752 1664 ἐκέλευσε
2778 1614 2889 1673 τοῖς
2930 1612 3061 1672 υἱοῖς
3084 1608 3212 1662 Λευῒ
3246 1607 3425 1659 ἐλθοῦ-

1878 1714 1981 1759 σιν,
2036 1695 2186 1750 εἷπε·
2232 1700 2302 1749 EI
2359 1715 2445 1762 τις
2501 1699 2647 1767 πρὸς
2692 1694 2964 1766 Κύριον-δ,
3023 1698 3122 1748 ιτω
3151 1696 3296 1763 πρός
3330 1712 3423 1762 με,

1877 1786 2132 1854 σφάξειν
2174 1787 2431 1839 ἕκαστον
2486 1788 2589 1839 τὸν
2646 1786 2907 1853 ἀδελφὸν
2964 1784 3145 1837 αὐτοῦ
3193 1782 3427 1835 καὶτὸν

1877 1876 2139 1939 πλησίον
2167 1876 2369 1928 αὐτοῦ.
2408 1876 2517 1928 Καὶ
2576 1876 2796 1928 ἔπεσον
2824 1874 3137 1940 τρισχίλιοι
3191 1870 3423 1937 ἄνδρες.

1879 1961 2008 2011 Τότε
2053 1960 2107 2011 δὲ
2154 1960 2385 2013 ἀνελθὼν
2444 1961 2683 2029 Μωῡσῆς
2729 1960 2873 2025 λέγει
2920 1958 2995 2026 τῷ
3041 1956 3187 2025 Θεῷ·
3226 1957 3293 2009 El
3316 1955 3429 2021 μὲν

1878 2045 2111 2112 ἀφιεῒςο
2164 2046 2364 2112 αὐτοῖς
2421 2046 2533 2113 τὴν
2574 2045 2880 2114 ἁμαρτίαν,
2929 2044 3108 2110 ἄφες·
3148 2044 3197 2093 εί
3233 2039 3298 2091 δὲ
3321 2038 3427 2106 μὴ.

1878 2132 2199 2200 ἐξάλειψόν
2240 2149 2315 2201 με
2344 2134 2411 2186 ἐκ
2459 2131 2567 2199 τῆς
2598 2132 2836 2195 βίϐλου,
2872 2125 2944 2197 ἧς
2986 2129 3266 2195 ἔγραψας.
3300 2126 3430 2177 Τότε

1879 2216 2172 2288 ἐπένθησεν
2192 2220 2219 2270 6
2241 2218 2387 2281 λαὸς,
2412 2219 2504 2269 καὶ
2532 2215 2815 2283 ἐκελεύσθη
2836 2214 3098 2283 περιελεῖν
3118 2213 3204 2264 τὸν
3233 2212 3431 2278 κόσμον

1879 2302 2062 2356 αὑτοῦ.
2090 2303 2347 2355 Ἐνταῦθα
2371 2303 2598 2372 εἴρηται·
2621 2301 2724 2354 Καὶ
2754 2300 3016 2365 ἐλάλησε
3050 2300 3259 2365 Κύριος
3286 2298 3431 2363 πρές

1879 2390 2159 2455 Μωῦσῆν,
2190 2391 2269 2454 ὠς
2332 2391 2385 2443 sl
2430 2407 2515 2453 τις
2563 2388 2819 2454 λαὶήσει
2868 2388 3015 2454 πρὸς
3072 2387 3173 2436 τὸν
3219 2384 3431 2436 ἑαυτοῦ

1878 2476 2076 2542 φίλον.
2119 2475 2319 2541 Ἰησοῦς
2346 2476 2399 2527 δὲ
2439 2478 2467 2527 6
2497 2474 2588 2525 τοῦ
2620 2473 2771 2538 Ναυῆ
2813 2473 2908 2522 οὐκ
2944 2471 3287 2539 ἐξεπορεύετο
3337 2474 3432 2538 τῆς

1881 2561 2102 2629 σκηνῆς.
2148 2562 2281 2611 Τότε
2320 2560 2625 2627 παρακαλεῖ
2669 2559 2906 2624 Μωῦσῆς
2950 2558 3040 2609 τὸν
3095 2558 3257 2616 Θεὸν,
3297 2556 3433 2608 ὥστε

1882 2645 1955 2713 μὴ
1987 2644 2296 2698 καταλιπεῖν
2328 2645 2417 2696 τὸν
2450 2645 2602 2696 λαόν·
2654 2645 2746 2695 καὶ
2788 2644 3049 2706 λαξεύσας
3087 2643 3178 2695 δύο
3205 2643 3433 2706 πλάκας,

1878 2729 2137 2799 λαμϐάνει
2168 2730 2265 2799 τὴν
2325 2729 2641 2795 Δεκάλογον,
2685 2729 2913 2797 ποιήσας
2969 2729 3127 2780 πάλιν
3173 2729 3475 2796 τεσσαρά-,

1881 2832 2041 2867 κοντα
2064 2816 2274 2884 ἡμέρας
2302 2816 2395 2867 καὶ
2421 2815 2819 2883 τεσσαράκοντα
2842 2814 3059 2876 νύκτας.
3108 2813 3435 2867 Ἐντέλλεται

1878 2901 2101 2969 δὲαύτῷ
2149 2901 2308 2954 πάλιν
2336 2902 2462 2970 περὶ
2488 2899 2578 2952 τοῦ
2610 2901 2791 2969 πάσχα
2811 2940 2826 2965 ,
2861 2902 2984 2969 περὶ
3016 2899 3109 2952 τοῦ
3150 2901 3433 2961 σαϐϐάτου,

1882 2987 2008 3056 περὶ
2037 2986 2129 3038 τοῦ
2178 2985 2546 3056 ἐξολοθρεῦσαι
2579 2986 2703 3049 τοὺς
2748 2985 2900 3047 θεοὺς
2945 2985 3050 3037 τῶν
3075 2985 3261 3047 ἐθνῶν,
3301 2986 3436 3055 ὑπὲρ

1881 3072 1970 3124 τοῦ
2018 3074 2235 3139 ἁγιάσαι
2284 3073 2429 3141 αύτῷ
2475 3072 2542 3125 τὰ
2584 3071 2920 3141 πρωτότοκα.
2957 3072 3211 3125 Ἐνταῦθα
3240 3074 3433 3132 κεῖται,

1881 3157 1960 3209 ὅτι
1997 3159 2130 3226 μετὰ
2164 3158 2511 3228 καλύμματος
2543 3158 2717 3209 ἐλάλει
2767 3158 3002 3224 Μωῦσῆς
3030 3157 3105 3225 τῷ
3137 3157 3278 3225 λαῷ·
3322 3158 3349 3209 ὃ
3379 3160 3435 3209 ἐν

1881 3246 1944 3313 τῇ
1976 3243 2197 3314 δευτέρᾳ
2218 3246 2349 3313 πρὸς
2369 3243 2680 3314 Κορινθίους
2707 3244 2866 3311 φησὶν
2889 3244 2916 3293 6
2936 3241 3160 3304 Παῦλος.
3181 3243 3310 3294 Τότε
3340 3242 3435 3294 αύ-

1881 3331 1990 3392 τοῖς
2015 3329 2440 3400 παραγγέλλεται
2480 3329 2716 3397 περὶτοῦ
2737 3328 3024 3387 σαϐϐάτου,
3055 3330 3145 3380 καὶ
3180 3328 3306 3396 περὶ
3338 3328 3435 3396 τῆς

1884 3415 2014 3483 ῦλης
2034 3416 2131 3484 τῆς
2166 3416 2481 3485 ὀφειλούσης
2509 3417 2854 3486 προχωρῆσαι
2883 3416 2959 3477 εἱς
2990 3415 3087 3484 τὴν
3119 3415 3213 3483 τῆς
3236 3414 3437 3483 σκηνῆς

1884 3501 2162 3571 ἐργασίαν,
2211 3502 2472 3562 τουτέστι,
2509 3500 2756 3571 περὶτοῦ
2804 3499 3024 3568 χρυσοῦ,
3084 3498 3175 3550 τοῦ
3216 3498 3434 3567 χαλκοῦ,

1884 3587 1990 3639 τῶν
2016 3586 2236 3657 τριχῶν,
2260 3588 2354 3639 καὶ
2385 3588 2479 3655 τῆς
2508 3585 2698 3653 λοιπῆς
2737 3584 2883 3654 ῦλης.
2903 3585 3011 3636 Καὶ
3041 3584 3088 3635 οἱ
3126 3584 3221 3652 μὲν
3248 3584 3438 3652 ἔφερον

1886 3673 2049 3743 πολλῇ
2083 3677 2147 3742 τῇ
2178 3672 2472 3742 προθυμίᾳ,
2500 3672 2574 3734 ὼς
2618 3673 2709 3724 καὶ
2747 3670 3113 3741 περισσεύειν·
3155 3670 3437 3739 ἐργάζεται

1887 3758 2035 3830 [350]
2066 3760 2121 3811 δὲ
2150 3757 2407 3828 Βεσελεὴλ
2440 3759 2501 3809 ἐκ
2549 3760 2646 3827 τῆς
2678 3756 2846 3826 φυλῆς
2880 3756 3045 3808 Ἰούδα
3076 3798 3089 3819 ,
3132 3757 3224 3807 καὶ
3260 3756 3437 3809 Ἑλιὰϐ

1885 3850 1948 3899 ἐκ
1977 3847 2076 3916 τῆς
2106 3846 2277 3916 φυλῆς
2300 3847 2402 3899 Δάν
2446 3847 2657 3900 άπαντα
2692 3844 2757 3897 τά
2788 3844 2921 3913 πρὸς
2947 3843 3054 3913 τὴν-
3082 3844 3435 3912 κατασκευὴν,

1884 3934 1976 3984 καὶ
2003 3932 2129 3999 ἔστη
2169 3934 2202 4001 ή
2231 3932 2421 4000 σκηνὴ,
2453 3931 2544 3981 καὶ
2573 3929 2836 3995 ἐκάλυψεν
2863 3927 3030 3996 αὐτὴν
3056 3929 3086 3996 ή
3116 3926 3330 3997 νεφέλη.
3367 3930 3438 3980 Τὸ

1882 4016 1936 4068 δὲ
1963 4015 2233 4069 ἀναλωθὲν
2260 4017 2339 4077 είς
2362 4015 2429 4066 τὰ
2449 4015 2581 4084 ἔργα
2609 4014 2828 4082 χρυσίου
2862 4013 2960 4081 μὲν
2978 4012 3210 4065 τάλαντα
3236 4012 3315 4065 κθ¹
3348 4014 3439 4067 καὶ

1884 4102 2052 4155 σίκλοι
2098 4101 2173 4170 ψ,
2202 4099 2457 4170 ἀργυρίου
2510 4100 2565 4151 δὲ
2600 4098 2841 4152 τάλαντα»
2877 4105 2943 4168 ρ’,
2976 4099 3144 4152 σίκλοι
3179 4098 3317 4168 ψοβ’,
3350 4103 3439 4152 καὶ

1882 4187 2082 4258 χαλκοῦ
2120 4187 2354 4242 τάλαντα
2385 4193 2447 4249 o',
2484 4186 2576 4239 καὶ
2607 4184 2798 4248 σίκλοι,
2831 4185 2937 4254 βφκ

2305 4274 2635 4337 Λευῖτικὸν,
2663 4272 2902 4336 βιϐλίον
2927 4271 3001 4340 τ’.

1954 4362 2231 4414 Λευῖτικδν
2259 4361 2499 4414 καλεῖται
2527 4358 2679 4411 τοῦτο
2711 4359 2776 4412 τὸ
2806 4357 3024 4425 βιϐλίον,
3055 4357 3236 4428 ἐπειδὴ
3260 4358 3440 4421 ίδικῶς

1886 4450 2062 4503 πᾶσαν
2090 4448 2186 4517 τῆς
2213 4464 2268 4498 τε
2310 4447 2592 4514 Λευῖτικῆς
2613 4445 2946 4513 λειτουργίας
2974 4444 3069 4512 τὴν
3109 4443 3440 4498 διατύπωσιν

1886 4534 2144 4604 περιέχει,
2169 4531 2395 4594 καὶπῶς
2433 4530 2636 4601 Ἀαρὼν
2668 4530 2760 4581 καὶ
2799 4528 2847 4578 οἱ
2873 4528 2978 4577 υἱοὶ
2998 4527 3157 4580 αὑτοῦ
3188 4528 3438 4596 ἐκλέγονο

1884 4638 1971 4672 ται
2012 4622 2075 4671 ἐκ
2102 4617 2201 4687 τῆς
2234 4618 2402 4686 φυλῆς
2433 4616 2579 4677 Λευῒ,
2613 4615 2701 4665 καὶ
2732 4612 2968 4680 χρίονται
3002 4613 3079 4672 είς
3108 4613 3303 4682 ἱερέας,
3333 4618 3437 4668 πᾶ-

1886 4704 1983 4756 σάν
2005 4720 2063 4754 τε
2085 4702 2180 4771 τὴν
2212 4700 2468 4770 διαφοράν
2502 4698 2607 4750 τῶν
2642 4695 2867 4748 θυσιῶν·
2923 4699 3017 4748 καὶ
3049 4696 3147 4764 τὴν
3185 4701 3437 4769 ποιότητα

1884 4790 2061 4841 πᾶσαν
2085 4788 2181 4856 τῆς
2216 4788 2273 4839 ἐν
2315 4786 2391 4853 τῷ
2422 4782 2548 4853 ἱερῷ
2587 4781 2835 4851 λατρείας
2878 4782 2972 4834 καὶ
3011 4782 3285 4851 ἱερατικῆς
3334 4784 3438 4836 λει-

1881 4874 2152 4943 τουργίας.
2185 4872 2453 4938 Διηγεῖται
2486 4867 2577 4920 καὶ
2622 4866 2711 4919 τὸν
2754 4866 2914 4935 νόμον
2957 4866 3187 4935 ἑκάστης
3227 4868 3435 4931 θυσίας,

1884 4964 2007 5032 περί
2033 4979 2091 5013 τε
2124 4961 2217 5011 τοῦ
2253 4959 2516 5025 σωτηρίου
2552 4957 2643 5009 καὶ
2676 4956 2767 5009 τοῦ
2796 4955 3039 5009 ἑκουσίου
3066 4958 3159 5008 καὶ
3184 4957 3435 5010 ἀκουσίου

1882 5045 2361 5116 πλημμελήματος,
2391 5043 2483 5095 καὶ
2527 5042 2642 5105 πῶς
2672 5042 2882 5111 ἑκάστῳ
2913 5042 3024 5093 τῶν
3060 5044 3436 5112 προσφερομέ-⁹

1882 5153 1984 5186 νων
2020 5132 2336 5200 διαιρεῖσθαι
2380 5132 2470 5183 καὶ
2511 5129 2871 5199 ἀναφέρεσθαι
2912 5128 3113 5198 ὀφείλει
3151 5128 3431 5199 διηγεῖται.

1885 5222 2036 5271 Ἔστι
2066 5218 2120 5270 δὲ
2151 5220 2207 5269 ἐν
2227 5219 2397 5287 τούτῳ
2417 5216 2491 5285 τῷ
2523 5216 2705 5285 βιϐλίῳ
2736 5217 2768 5284 ή
2799 5219 2974 5284 χρῖσις
3012 5215 3105 5268 τοῦ
3141 5216 3437 5286 ἀρχιερέως

1880 5308 1972 5359 καὶ
2015 5306 2122 5357 τῶν
2156 5306 2363 5376 ἱερέων,
2404 5306 2494 5355 καὶ
2542 5304 2574 5372 ἠ
2606 5303 2872 5369 διάκρισις
2913 5304 3004 5354 καὶ
3038 5306 3069 5371 ή
3108 5304 3300 5369 γνῶσις
3330 5302 3435 5353 τῶν

1881 5392 2137 5461 σημείων,
2170 5395 2294 5461 περὶ
2337 5392 2539 5459 λέπρας
2570 5387 2867 5458 ἀνθρώπων
2923 5389 3013 5439 καὶ
3071 5387 3292 5455 ἱματίων
3341 5389 3435 5438 καὶ

1879 5480 2052 5547 τοίχου
2083 5478 2275 5540 οἰκίας,
2314 5478 2446 5529 καὶό
2478 5475 2678 5543 νόμοςὸ
2711 5472 2835 5543 περὶ
2866 5470 3202 5541 καθαρισμοῦ
3234 5471 3433 5525 αὐτῶν.

1940 5626 1965 5666 (Ι
1994 5626 2044 5673 In
2082 5623 2251 5674 Bibliis
2273 5625 2453 5685 legitur
2476 5623 2543 5675 τίς
2560 5620 2671 5681 πρὸς
2688 5618 2879 5685 Κύριον.
2910 5678 2929 5685 -

1948 5704 1969 5731 ο
1991 5689 2043 5739 1n
2069 5686 2239 5737 Bibms
2263 5678 2439 5737 ϐᾶθι-ιε
2465 5678 2641 5745 legum
2666 5682 2702 5727 εί
2726 5681 2807 5741 μὲν
2826 5678 2967 5739 ἀφεῖς.
