4000 6220
237 396 351 451 329

227 494 482 563 judicnim
519 503 571 547 et
595 493 820 561 cognitio
860 492 1189 554 indiciorum,
1240 491 1424 557 quibus
1468 499 1572 543 tam
1612 488 1779 542 bomi¢

233 598 379 644 num,
410 596 560 648 quam
613 581 1052 643 indumentorum,
1100 580 1457 647 parietumquc
1503 578 1779 631 domorum

233 672 373 737 lepra
408 669 726 736 deprehendi
760 669 941 735 possit,
974 677 1025 721 et
1053 668 1140 736 qui
1158 668 1226 720 sit
1272 681 1454 720 eorum
1500 666 1784 733 expiando-

233 778 349 816 rnm
373 764 518 814 ritus.
543 762 800 814 Prmterea
842 776 957 829 qua:
980 761 1045 811 sit
1077 760 1156 812 lex
1198 769 1248 812 et
1276 759 1539 811 distinctio
1587 772 1785 811 connu-

233 850 436 903 biorum
462 850 830 917 legitimorum,
865 856 917 901 et
938 862 1176 915 quamam
1225 861 1319 914 pro
1349 846 1633 914 illegitimis
1675 846 1782 899 sint

232 937 493 993 habenda.
525 940 647 992 Item
695 938 819 1007 quid
857 938 1174 995 discriminis
1203 939 1270 990 sit
1318 937 1452 989 inter
1493 937 1683 991 munda
1726 945 1778 989 et

232 1027 501 1080 immunda
554 1028 827 1092 animalia,
860 1028 1095 1095 interque
1141 1026 1378 1079 volucres
1413 1035 1465 1079 et
1512 1027 1678 1093 pisces
1718 1040 1779 1080 ac

232 1115 434 1182 reptilia
460 1115 685 1181 cujusvis
708 1117 934 1183 generis,
965 1116 1341 1182 ctquibusnam
1364 1115 1522 1175 vesci,
1577 1128 1605 1165 a
1649 1112 1770 1182 qui-

232 1204 451 1256 busnam
470 1203 739 1257 abstinere
759 1201 990 1255 dedeant
1010 1198 1488 1255 Hebr-{eLDecIarat
1514 1203 1665 1255 etiam
1691 1202 1780 1270 qui

231 1292 301 1343 sit
325 1292 725 1347 Tubarumdies
746 1292 799 1343 in
822 1291 1089 1343 neomenia
1109 1290 1303 1343 mensis
1332 1292 1534 1358 septimi
1568 1309 1578 1342 :
1608 1291 1779 1359 magni

232 1393 441 1446 quoque
457 1378 636 1445 jejunii
658 1386 995 1445 praeceptum,
1020 1377 1155 1445 quod
1182 1378 1362 1430 eodem
1382 1379 1603 1447 septimo
1625 1393 1775 1431 men-

231 1481 309 1529 se,
337 1467 537 1519 decima
582 1468 776 1519 mensis
822 1468 1213 1521 custodiendum
1262 1470 1348 1535 sit,
1372 1484 1524 1537 quam
1566 1470 1778 1522 sabbata

232 1555 575 1608 sabbatorum
609 1564 661 1609 et
690 1557 887 1623 peccati
932 1558 1291 1611 remissionem
1343 1566 1516 1610 vocat.
1569 1557 1777 1611 Festum

232 1645 389 1698 ctiam
414 1646 893 1700 Tabernaculorum
925 1648 1123 1700 decima
1152 1649 1326 1714 quinta
1352 1647 1586 1712 ejusdem
1634 1662 1779 1701 men-

229 1734 304 1785 sis
332 1734 579 1787 celebrari
605 1734 769 1801 jubet.
799 1736 915 1802 Agit
944 1749 1147 1801 quoque
1173 1734 1235 1786 de
1280 1734 1445 1798 festis,
1474 1745 1525 1787 et
1569 1750 1681 1801 qua:
1725 1736 1775 1787 in

232 1822 333 1875 iIlis
354 1823 615 1875 offerenda
657 1824 1030 1890 sintprieeipit.
1060 1823 1185 1875 Item
1230 1825 1297 1878 de
1350 1822 1777 1879 manumittendis

229 1907 481 1973 Hebraeis,
504 1909 589 1976 qui
621 1910 669 1961 iu
700 1911 1003 1963 servitutem
1034 1910 1224 1963 venditi
1267 1920 1406 1976 sunt,
1436 1920 1489 1964 et
1519 1910 1583 1963 de
1627 1912 1777 1965 debi-

230 2008 400 2051 torum
448 2000 795 2052 remissione:
827 2000 891 2053 de
915 2000 1089 2067 quiete
1126 2002 1348 2068 septimo
1390 2016 1595 2068 quoque
1640 2015 1777 2054 anno

230 2096 385 2138 terra:
405 2086 759 2140 concedenda.
794 2086 871 2139 Ad
902 2087 1013 2139 Inec
1037 2088 1103 2139 de
1125 2087 1375 2153 legalibus
1403 2088 1675 2154 prazceptis
1716 2102 1776 2141 ac

228 2174 542 2227 testimoniis
586 2176 850 2229 admonet.
912 2177 1076 2229 Porro
1106 2177 1437 2230 servantibus
1480 2178 1583 2241 illa,
1632 2179 1765 2231 bona

226 2264 538 2329 pollicetur;
595 2265 1094 2333 transgredientibus
1120 2281 1243 2317 vero
1283 2267 1590 2333 gravissima
1636 2268 1771 2320 mala

226 2352 469 2405 minatur.
504 2354 642 2407 Inter
691 2356 834 2409 cibos
884 2366 1056 2409 autem
1105 2356 1329 2409 mundos
1376 2365 1428 2409 et
1481 2358 1774 2411 immundos

222 2441 611 2497 distinctionem
642 2444 933 2512 hujusmodi
961 2447 1123 2513 ponit.
1152 2448 1204 2499 In
1237 2446 1402 2499 brutis
1423 2448 1774 2501 animantibus

222 2530 335 2583 hazc
360 2531 549 2584 munda
576 2532 700 2585 dicit
717 2548 982 2602 esse,qu:e
1001 2535 1240 2601 ungulam
1257 2534 1511 2597 dividunt,
1536 2544 1587 2588 et
1610 2536 1770 2602 gemi-

221 2634 320 2671 nas
345 2622 559 2688 ungulas
587 2622 798 2687 habent,
825 2638 886 2677 ac
915 2624 1311 2677 rnminationem
1344 2636 1617 2691 regerunt;
1644 2640 1769 2692 qua-

218 2709 291 2761 lia
318 2719 437 2763 sunt
463 2711 671 2776 vitulus,
702 2714 830 2775 ovis,
861 2729 1035 2779 capra,
1063 2728 1270 2775 cervus,
1296 2714 1530 2775 bubalus,
1560 2728 1767 2779 caprea,

217 2812 372 2865 oryx,
416 2812 691 2866 pygargus,
725 2801 1074 2867 tragelaplius,
1126 2801 1573 2866 can'ieIOpardaIis,
1605 2809 1656 2853 et
1701 2802 1772 2852 si-

217 2883 382 2936 milia.
412 2884 465 2937 Si
484 2898 606 2937 vero
634 2886 896 2953 quidpiam
920 2901 1099 2938 eorum
1121 2887 1362 2949 defuerit,
1394 2902 1485 2953 pro
1506 2885 1771 2937 immundo

218 2970 512 3037 habebitur,
543 2982 596 3025 ut
648 2984 767 3026 sunt
816 2975 1064 3036 camelus,
1118 2974 1289 3040 lepus,
1346 2972 1766 3041 cbterogryllus:

219 3060 336 3115 Iizcc
360 3063 497 3115 enim
551 3064 1059 3131 ruminantquidcm,
1089 3064 1178 3117 sed
1213 3066 1458 3131 ungulam
1503 3078 1605 3116 non
1664 3063 1767 3115 fin-

216 3150 379 3213 dunt;
407 3159 458 3204 et
485 3166 572 3204 sus
598 3168 801 3219 quoque
832 3169 843 3202 :
879 3168 995 3205 nam
1028 3154 1110 3206 liic
1136 3155 1352 3221 ungulas
1379 3154 1608 3206 habetac
1628 3154 1762 3205 divi-

222 3239 321 3299 dit,
352 3240 442 3291 sed
468 3254 568 3292 non
598 3242 836 3293 ruminat.
873 3241 944 3294 De
975 3242 1266 3294 volatilibus
1287 3257 1409 3294 vero
1435 3257 1549 3309 quae
1570 3242 1653 3295 edi
1681 3256 1769 3293 ve-

214 3336 311 3389 tat,
361 3327 473 3381 Ι]ωο
520 3338 641 3382 sunt
674 3347 685 3381 :
718 3330 905 3397 aquila,
956 3330 1200 3397 gryphes,
1248 3329 1521 3394 haliaétus,
1568 3332 1762 3393 vultur,

215 3416 425 3481 niilvus,
481 3431 686 3481 corvus,
720 3426 773 3470 et
812 3417 891 3470 liis
933 3418 1141 3480 similia,
1172 3419 1418 3484 accipiter
1464 3426 1515 3470 et
1554 3419 1762 3483 similia,

211 3504 513 3571 nycticorax
559 3514 610 3557 et
649 3504 874 3567 similia,
920 3514 1225 3567 cataractes,
1280 3505 1399 3568 ibis,
1456 3506 1758 3573 porphyrio,

210 3596 496 3663 pelicanus,
524 3610 738 3665 cycnus,
770 3595 999 3661 erodius,
1023 3596 1343 3653 charadrius.
1367 3604 1418 3647 et
1446 3595 1525 3647 his
1546 3596 1757 3659 similia,

210 3699 382 3752 upupa
409 3695 461 3739 et
487 3687 802 3753 vespertilio.
855 3686 1105 3754 Repentia
1138 3686 1381 3748 volatilia,
1413 3687 1586 3738 omnia
1636 3686 1761 3739 dicit

209 3788 326 3829 esse
352 3774 633 3838 immunda,
660 3791 775 3843 qua:
796 3785 1015 3844 quatuor
1033 3776 1246 3842 pedibus
1270 3775 1575 3843 gradiuntur
1616 3790 1761 3841 qum-

210 3880 312 3932 que
333 3880 482 3917 crura
513 3864 728 3931 pedibus
748 3866 1047 3917 sublimiora
1084 3866 1294 3927 habent,
1321 3868 1391 3917 ita
1423 3873 1478 3916 ut
1500 3866 1548 3915 in
1594 3864 1696 3915 illis
1730 3879 1760 3916 a

209 3964 348 4007 terra
376 3954 582 4016 saliant,
614 3954 781 4021 qualia
797 3962 921 4006 sunt
948 3954 1196 4016 bruchus,
1239 3954 1479 4020 pittacus,
1535 3961 1757 4021 attagus,

207 4041 406 4095 locusta
435 4050 487 4095 et
527 4042 735 4102 similia,
784 4051 836 4093 et
886 4042 1098 4095 lacerta.
1142 4043 1269 4105 Qua:
1325 4056 1449 4093 vero
1493 4041 1542 4092 in
1588 4041 1753 4107 aquis,

207 4131 319 4184 sive
348 4132 397 4183 in
430 4132 578 4193 mari,
610 4132 720 4184 sive
748 4131 800 4183 in
830 4130 1127 4184 fluminibus
1171 4147 1231 4184 ac
1259 4131 1577 4184 torrentibus
1605 4140 1743 4194 nata,

206 4220 319 4273 hate
347 4218 471 4272 dicit
494 4233 610 4273 esse
638 4221 849 4284 munda,
884 4221 967 4273 illa
1007 4221 1248 4273 videlicet
1294 4235 1409 4288 qua:
1459 4221 1643 4285 pinnas
1696 4228 1749 4271 et

207 4321 451 4374 squamas
472 4306 695 4369 habent;
730 4315 787 4359 ut
810 4318 929 4359 sunt
956 4308 1122 4375 trigla,
1151 4322 1347 4368 scarus,
1377 4308 1609 4374 glaucus,
1636 4320 1753 4358 ces-

206 4404 370 4461 treus,
401 4404 454 4449 et
482 4411 598 4464 qua:
626 4397 705 4449 his
729 4404 851 4448 sunt
873 4396 1077 4447 similia.
1114 4396 1239 4459 Quae
1261 4405 1431 4446 autem
1462 4394 1633 4461 aliquo
1664 4408 1753 4446 eo-

204 4502 324 4539 rum
359 4494 553 4549 carent,
584 4484 845 4539 immunda
897 4500 991 4538 nec
1036 4485 1268 4545 edenda;
1300 4483 1542 4535 videlicet
1587 4482 1749 4548 sepia,

205 4589 322 4642 qua:
345 4575 532 4641 pinnas
558 4574 731 4634 habet,
756 4575 982 4641 squamis
1000 4582 1173 4627 autem
1197 4582 1356 4624 caret.
1389 4572 1463 4623 Ex
1487 4572 1587 4622 illis
1640 4585 1737 4622 au-

207 4673 311 4715 tem
332 4676 615 4731 quaesupra
641 4670 833 4716 terram
863 4672 1067 4728 repunt,
1098 4662 1209 4713 haac
1232 4659 1494 4711 immunda
1526 4673 1641 4711 esse
1668 4658 1750 4709 di-

203 4751 295 4811 cit,
320 4756 622 4819 mustelam,
654 4748 971 4803 crocodilum
1002 4756 1318 4809 terrestrem,
1346 4747 1604 4813 mygalen,
1627 4745 1750 4798 cha-

202 4838 551 4901 maeleontem,
570 4840 879 4901 stellionem,
895 4853 1098 4892 sanram
1119 4848 1169 4891 et
1188 4837 1396 4903 talpam.
1416 4838 1486 4889 De
1510 4844 1750 4903 serpente

202 4938 400 4991 autem,
431 4937 486 4982 et
512 4944 627 4995 qua:
658 4929 754 4995 ipsi
776 4938 893 4981 sunt
913 4930 1120 4990 similia,
1153 4926 1469 4993 superfluum
1498 4935 1637 4977 esset
1660 4924 1750 4975 ad-

201 5031 419 5070 monere
448 5034 460 5067 :
487 5017 583 5070 hoc
613 5033 835 5085 namque
891 5018 1228 5069 animantium
1254 5029 1415 5082 genus
1445 5015 1604 5080 liquet
1631 5028 1747 5065 om-

198 5106 353 5158 nibus
364 5119 481 5159 esse
496 5106 895 5159 abominandum
912 5120 971 5157 ac
990 5104 1369 5157 detestandum.
1396 5102 1746 5167 Similiterque

202 5194 250 5245 in
281 5194 682 5247 Deuteronomio
710 5195 891 5246 horum
924 5193 1173 5245 meminit.
1205 5190 1332 5244 Item
1371 5191 1475 5257 agit
1502 5190 1563 5241 de
1612 5205 1745 5241 mor-

201 5283 372 5337 ticinis
398 5291 453 5337 ut
480 5285 770 5351 prohibitis,
803 5284 868 5337 de
896 5284 1145 5350 sanguine
1169 5281 1427 5339 similiter,
1464 5280 1530 5331 de
1560 5279 1746 5330 mulie-

201 5373 345 5425 ribus
374 5373 710 5440 parientibus.
740 5374 793 5427 Si
825 5375 940 5440 quis
967 5386 1145 5424 semen
1176 5368 1428 5429 emiserit,
1454 5368 1747 5419 immundus

199 5464 297 5517 erit
324 5464 512 5518 diebus
527 5474 744 5532 septem.
772 5466 841 5517 De
864 5463 1255 5516 circumcisione
1281 5459 1423 5527 pueri
1452 5468 1639 5509 octavo
1662 5458 1745 5509 die

200 5551 455 5607 facienda.
503 5554 577 5606 De
614 5554 830 5607 muliere
873 5561 1221 5611 inenstruata,
1266 5559 1315 5599 et
1356 5547 1421 5600 de
1460 5546 1745 5599 differentia

198 5645 521 5716 purgationis
546 5658 722 5697 carum
746 5660 857 5711 qua:
886 5645 961 5698 vel
987 5641 1269 5697 masculum
1296 5639 1370 5691 vel
1396 5639 1631 5690 feminam
1658 5654 1741 5704 pc-

1280 374 1591 430 SYNOPSIS
1628 372 2023 429 SCRIPTUIUE
2061 372 2323 427 SACRA‘Z.

3325 399 3434 454 330

1889 490 2135 556 percrint.
2168 490 2272 543 Lex
2301 489 2366 543 de
2406 492 2549 561 lepra
2574 500 2626 547 et
2648 494 2714 549 de
2734 494 2846 561 ejus
2874 495 3199 563 purgatione,
3226 492 3293 549 de
3343 509 3427 549 sco

1888 577 2151 643 miniftuis,
2188 580 2324 635 etde
2361 584 2657 636 menstruis.
2692 584 2766 638 De
2792 584 3104 648 reverentia,
3152 583 3220 637 de
3268 598 3425 650 capro

1886 667 2157 722 emissario
2178 678 2233 723 et
2254 671 2319 724 de
2343 671 2559 740 jejunio.
2590 673 2663 726 De
2680 672 2971 726 cohibenda
3000 671 3271 740 illegitimo
3312 672 3423 724 coi-

1888 762 1940 808 tu
1970 771 1983 807 :
2013 757 2079 810 de
2107 759 2378 813 connubiis
2403 761 2642 828 legitimis
2665 770 2718 814 et
2744 762 3042 830 illegitimis,
3074 771 3127 814 et
3150 760 3288 828 quod
3316 774 3421 815 non

1885 845 2070 900 debeat
2107 849 2351 903 sacerdos
2393 850 2596 903 viduam
2624 860 2710 903 aut
2736 850 3052 919 repudiatam
3087 848 3301 912 ducere,
3326 849 3418 902 sed

1886 934 2156 1003 virginem.
2177 937 2250 990 De
2272 937 2371 989 filia
2384 938 2667 991 sacerdotis
2686 938 2987 991 fornicante.
3010 936 3155 1002 Quod
3177 937 3420 990 sacerdos

1885 1022 2172 1090 inculpatus
2187 1039 2302 1077 esse
2314 1025 2518 1077 debeat.
2541 1026 2611 1078 De
2627 1025 2775 1078 donis
2787 1026 2989 1078 oblatis.
3009 1024 3082 1076 De
3094 1023 3338 1084 sabbatis,
3357 1023 3421 1076 de

1886 1112 2110 1177 festis,et
2123 1107 2191 1162 de
2204 1106 2338 1161 festo
2352 1110 2719 1175 Paschatis,de
2730 1109 3077 1177 ScenOpegia,
3090 1111 3258 1180 deque
3286 1112 3419 1165 festo

1888 1202 2266 1262 Tubarum.De
2276 1202 2416 1265 oleo,
2433 1203 2497 1256 de
2514 1202 2726 1266 Imnine,
2740 1203 2803 1255 de
2822 1203 3040 1269 panibus
3059 1202 3421 1269 prepositionis

1883 1289 2019 1343 etde
2046 1305 2181 1343 anno
2208 1292 2548 1344 remissionis.
2578 1292 2828 1357 Deinceps
2856 1291 2919 1343 de
2944 1291 3108 1344 servis
3132 1290 3324 1343 Iudaeis
3367 1298 3421 1343 et

1882 1378 2175 1445 gentilibus.
2222 1380 2291 1431 De
2348 1380 2703 1446 repudiatione
2756 1379 3011 1431 idolorum
3042 1380 3116 1431 sic
3149 1378 3419 1446 loquitur:

1889 1486 1908 1518 ί
1931 1468 2039 1535 Ego
2067 1468 2202 1520 enim
2220 1483 2332 1521 sum
2356 1469 2490 1521 Deus
2509 1479 2696 1531 vester;
2712 1483 2811 1521 non
2836 1468 3030 1522 facietis
3044 1468 3190 1521 vobis
3206 1468 3329 1534 ipsis
3354 1469 3424 1519 si-

1884 1557 2131 1621 mulacra,
2158 1573 2253 1611 nec
2295 1567 2516 1610 statuam
2543 1559 2751 1625 erigetis
2774 1558 2939 1619 vobis,
2983 1573 3151 1625 neque
3197 1557 3418 1624 lapidem

1885 1647 1933 1697 in
1965 1662 2174 1712 scopum
2206 1648 2409 1713 ponetis
2452 1648 2500 1699 in
2530 1657 2663 1700 terra
2695 1657 2749 1700 ut
2792 1647 3017 1700 adoretis
3047 1647 3189 1699 illum
3212 1646 3419 1713 »(ιιευὶτ.

1882 1734 1967 1786 26.
1999 1734 2103 1804 I.).
2133 1734 2209 1787 Ad
2239 1735 2348 1787 lucc
2395 1737 2559 1789 minas
2598 1736 2745 1788 efl‘ert
2795 1738 2843 1787 in
2876 1736 3296 1803 praevaricatores
3343 1734 3421 1787 his

1882 1822 2085 1875 verbis:
2120 1840 2137 1871 ‹
2176 1822 2283 1889 Ego
2323 1823 2568 1876 Dominus
2592 1822 2725 1875 Deus
2750 1832 2939 1889 vester,
2971 1824 3059 1892 qui
3105 1823 3256 1877 eduxi
3330 1837 3421 1877 vos

1882 1912 1946 1964 de
1975 1922 2108 1963 terra
2134 1910 2344 1980 Egypti
2369 1926 2484 1965 cum
2514 1912 2699 1966 essetis
2727 1914 2881 1973 servi,
2914 1921 2968 1966 et
2996 1914 3215 1965 contrivi
3239 1912 3420 1965 vincu—

1882 2000 1985 2050 lum
2027 1999 2133 2065 jugi
2164 2000 2343 2063 vestri,
2383 2014 2443 2051 ac
2471 1999 2591 2051 duxi
2622 2014 2711 2053 vos
2735 2015 2851 2053 cum
2894 2000 3099 2053 fiducia.
3146 1999 3199 2052 Si
3246 2009 3418 2052 autem

1881 2100 1983 2138 non
2006 2086 2269 2139 audieritis
2293 2102 2396 2149 me,
2424 2102 2589 2154 neque
2611 2087 2834 2139 feceritis
2866 2097 3117 2154 przccepta
3141 2102 3254 2140 mea
3282 2086 3414 2149 haec,

1881 2173 1972 2227 sed
1999 2174 2123 2241 ipsis
2142 2176 2570 2242 repngnavcritis,
2598 2184 2651 2227 et
2672 2176 2711 2227 si
2732 2175 2938 2241 judiciis
2967 2175 3097 2229 meis
3117 2174 3418 2229 adversetur

1879 2262 2048 2313 anima
2070 2271 2257 2325 vestra,
2283 2264 2349 2315 ita
2378 2274 2431 2315 ut
2458 2278 2557 2315 non
2584 2262 2783 2315 faciatis
2807 2264 2981 2315 omnia
3004 2271 3259 2330 praecepta
3281 2277 3415 2326 mea,

1880 2359 1936 2403 ut
1962 2351 2223 2419 dissipetis
2254 2361 2616 2406 testamentum
2642 2368 2818 2407 meum
2844 2369 2856 2417 ;
2886 2353 3122 2406 inducam
3142 2352 3191 2405 in
3213 2367 3305 2407 vos
3324 2368 3420 2406 an-

1878 2442 2121 2508 gustiam,
2150 2443 2394 2505 scabiem,
2423 2452 2472 2495 et
2513 2442 2752 2494 ardorem
2798 2454 3188 2496 consumentem
3234 2444 3417 2496 oculos

1879 2540 2074 2583 vestros
2101 2547 2111 2581 :
2136 2540 2186 2583 et
2238 2530 2555 2583 seminabilis
2600 2530 2787 2583 frustra
2826 2541 3113 2583 sementem
3150 2538 3374 2582 vestram
3401 2571 3415 2594 ,

1876 2629 1928 2671 et
1958 2616 2095 2669 hanc
2135 2620 2408 2672 comedent
2452 2621 2626 2672 hostes
2679 2621 2835 2671 vestri
2871 2637 2888 2669 ι
2921 2620 2939 2686 (
2966 2619 3095 2671 Ibid.
3123 2636 3167 2671 v.
3198 2620 3415 2688 15-16).

1877 2705 1975 2757 Ista
2001 2707 2230 2757 continet
2257 2707 2339 2758 hic
2366 2707 2520 2769 liber,
2547 2721 2667 2758 cum
2692 2706 2806 2760 aliis
2831 2707 3089 2760 mandatis
3117 2717 3171 2761 et
3218 2723 3415 2776 przece-

1876 2795 1992 2861 ptis,
2018 2794 2067 2847 in
2098 2793 2282 2862 hisque
2305 2795 2630 2848 terminatur.

2296 2920 2527 2959 SYNOPSIS
2553 2920 2867 2960 NUIERORUI
2895 2906 2993 2977 (a).

1942 3016 2157 3069 Jubetur
2173 3015 2375 3084 Moyses
2398 3032 2669 3069 numerare
2691 3016 2936 3085 populum
2958 3032 2986 3069 a
3009 3016 3256 3086 vigesimo
3276 3034 3413 3071 anno

1872 3117 1925 3161 et
1945 3123 2096 3174 supra
2122 3148 2135 3169 ,
2164 3117 2412 3175 erantque
2440 3119 2683 3161 sexcenta
2711 3109 2805 3161 tria
2840 3110 2998 3161 millia
3032 3110 3295 3162 hominum
3320 3153 3331 3172 ,
3361 3122 3413 3164 ct

1870 3198 2103 3251 sexcenti
2144 3199 2512 3266 quinquaginta
2541 3239 2554 3261 ,
2599 3209 2784 3266 pra-ter
2831 3198 3056 3253 Levitas.
3101 3202 3411 3269 Genealogia

1870 3286 2195 3349 Levitarnm,
2236 3288 2323 3354 qui
2365 3298 2742 3349 numerantur,
2790 3296 3039 3354 erantque
3082 3288 3261 3354 viginti
3307 3288 3411 3342 duo

1870 3374 2011 3427 mille
2039 3374 2253 3427 trecenti
2278 3389 2308 3427 a
2345 3376 2479 3428 natis
2511 3391 2612 3427 uno
2638 3390 2817 3429 mense
2842 3384 2894 3429 et
2923 3391 3100 3443 supra.
3129 3378 3257 3441 Quia
3288 3394 3411 3434 vero

1871 3465 2198 3532 primogeniti
2244 3464 2447 3518 Israelis
2486 3477 2636 3518 erant
2675 3466 2851 3531 viginti
2893 3466 2997 3519 duo
3036 3467 3177 3519 mille
3201 3467 3407 3521 ducenti

1869 3555 2194 3621 septuaginta
2234 3562 2371 3617 tres,
2415 3569 2509 3620 pro
2549 3553 2612 3607 iis
2650 3554 2735 3621 qui
2775 3568 3047 3607 numerum
3086 3556 3410 3610 excedebant

1867 3642 2251 3708 redemptiones
2302 3642 2503 3709 accepit
2542 3642 2745 3710 Moyses
2785 3643 3029 3711 deditque
3055 3645 3267 3699 Aaroni.
3308 3646 3408 3700 Re-

1866 3730 2191 3797 demptiones
2211 3741 2380 3784 autem
2405 3732 2709 3784 erantmille
2732 3732 2945 3784 trecenti
2973 3733 3238 3801 sexaginta
3259 3734 3407 3801 quin-

1865 3836 1964 3888 que
2000 3822 2109 3873 sicli
2139 3836 2232 3887 pro
2256 3822 2503 3889 quolibet.
2536 3822 2778 3890 Prmcipit
2803 3822 3038 3889 quisnam
3066 3839 3176 3875 rem
3205 3838 3405 3876 sacram

1864 3909 2009 3961 obire
2054 3908 2278 3970 debeat,
2323 3924 2575 3977 quosnam
2604 3924 2722 3963 esse
2754 3918 2991 3977 oporteat
3020 3909 3225 3963 Levitas
3257 3927 3269 3963 :
3300 3926 3403 3963 non

1862 4000 1999 4052 enim
2022 4013 2208 4051 omnes
2230 3998 2411 4052 eodem
2444 4000 2637 4053 honore
2666 3999 3030 4067 dignahantur.
3061 4000 3189 4051 Aliis
3216 4002 3405 4065 pretio-

1860 4091 1996 4141 siora
2028 4102 2145 4139 vasa
2170 4087 2520 4151 tabernaculi,
2553 4089 2669 4141 aliis
2708 4089 2905 4140 minora
2938 4087 3402 4141 concredebantur.

1861 4176 2089 4230 Fuerunt
2112 4185 2287 4228 autem
2314 4176 2506 4229 Levita:
2539 4191 2566 4228 a
2594 4178 2844 4245 vigesimo
2872 4192 3008 4231 anno
3033 4186 3085 4231 ct
3112 4193 3286 4246 supra,
3316 4181 3401 4246 qui

1862 4268 2240 4327 ministrabant,
2260 4281 2423 4334 usque
2446 4267 2508 4318 ad
2538 4268 3018 4336 quinquagesimum
3044 4282 3256 4333 annum,
3286 4278 3401 4320 octo

1860 4357 2001 4409 mille
2041 4356 2301 4423 quingenti
2348 4356 2607 4423 octoginta
2661 4366 2782 4409 tres.
2815 4357 2959 4409 Tunc
3010 4357 3152 4423 jubet
3191 4371 3398 4409 omnem

1860 4445 2180 4497 immundum
2222 4444 2459 4497 emittere
2496 4459 2559 4497 ex
2599 4445 2801 4506 caStris,
2846 4446 2991 4498 etde
3021 4447 3274 4499 sacrificio
3302 4461 3396 4512 pro

1858 4534 2048 4586 delicto
2071 4534 2315 4599 loquitur,
2342 4533 2605 4599 legemque
2629 4533 2896 4601 zelotypia:
2917 4534 3094 4586 statuit
3117 4552 3130 4597 ;
3159 4542 3211 4585 ut
3232 4549 3398 4600 neque

1858 4622 2111 4675 calumnia
2145 4622 2479 4688 iinpcteretur
2506 4621 2691 4673 mulier
2714 4621 2847 4673 circa
2873 4622 3200 4683 adulterium,
3230 4637 3397 4688 neque

1857 4712 2085 4764 adultera
2114 4712 2273 4763 latere
2304 4720 2496 4776 posset.
2529 4710 2603 4761 De
2642 4710 2937 4775 precatione
2976 4712 3396 4763 sanctificationis

1856 4802 2115 4864 statuitur,
2135 4810 2183 4853 et
2201 4800 2462 4867 quomodo
2487 4806 2727 4866 oporteat
2748 4798 3066 4852 sacerdotem
3091 4799 3395 4853 benedicere

1858 4892 1989 4943 filios
2033 4889 2209 4942 Israel.
2257 4888 2354 4941 Ubi
2389 4898 2561 4940 autem
2599 4888 2742 4941 stetit
2772 4888 3179 4949 tabernaculum,
3206 4889 3391 4941 attule-

1854 4988 1974 5034 runt
1997 4978 2254 5047 principes
2284 4977 2419 5029 dona
2446 4976 2603 5029 multa
2631 4992 2935 5044 magnaque.
2958 4976 3171 5029 Jubetur
3191 4979 3389 5046 Moyses

1914 5094 1983 5153 (a)
2019 5092 2207 5153 Initium
2230 5091 2337 5139 libri
2380 5099 2687 5139 Numerorum
2724 5092 2771 5137 in
2804 5090 3100 5153 largdunensi
3127 5090 3301 5153 _Codi_ce
3325 5090 3392 5153 sic

1853 5148 2000 5201 habet.
2024 5167 2035 5199 :
2060 5154 2145 5201 llic
2169 5152 2285 5199 liber
2309 5158 2495 5198 vocatur
2523 5168 2545 5195 ι
2563 5148 2912 5199 Numerorum}
2937 5185 2949 5207 ,
2974 5150 3081 5211 quia
3096 5148 3285 5203 sim/ulte
3304 5150 3387 5196 tri-

1854 5212 1953 5270 bus,
1971 5214 2116 5272 juxta
2152 5211 2681 5273 praeceptumuoomini,
2702 5219 2888 5273 quanta:
2908 5217 3055 5273 essent
3079 5218 3390 5273 nwnsuratum

1852 5269 2006 5324 est.ét
2029 5273 2140 5331 quia
2154 5269 2299 5321 totius
2313 5269 2483 5332 populi
2516 5269 2736 5332 numerus
2758 5270 2807 5319 in
2842 5270 2927 5317 hoc
2952 5270 3067 5318 libro
3105 5269 3387 5317 declaratur.

1854 5333 2221 5396 Dinunterabant
2245 5331 2670 5396 _aiuem_populum
2710 5340 2885 5391 Meyses
2920 5338 2962 5396 et
2992 5343 3159 5396 glarea,
3203 5336 3246 5377 et
3283 5341 3389 5396 cum

1853 5394 1919 5443 cis
1944 5393 2166 5453 cujusque
2191 5392 2340 5439 tribus
2366 5390 2597 5453 princeps.
2617 5400 2669 5439 Et
2690 5390 2908 5439 nunierus
2928 5390 3198 5453 bellatorum
3219 5403 3248 5437 a
3272 5390 3389 5447 m'qc-

1852 5454 1969 5501 simo
1991 5450 2112 5513 om.)
2133 5460 2175 5500 et
2198 5466 2343 5513 supra
2367 5450 2573 5513 inventus
2594 5460 2659 5500 est
2674 5459 2900 5513 sexcenta
2918 5451 3064 5498 millia
3088 5458 3129 5513 et
3147 5457 3388 5513 (autumet

1853 5512 2202 5573 quurquuqinta,
2232 5509 2403 5572 p'rwter
2428 5512 2561 5559 alios.
2606 5512 2792 5559 Tribuni
2833 5520 2987 5573 autem
3019 5509 3388 5569 leviscparatim

1852 5572 2261 5621 ιίέηιιηιωυυωωιι
2279 5574 2535 5620 secundant
2557 5573 2747 5621 verbum
2768 5572 2964 5631 Domini,
2988 5579 3159 5633 Moyses
3178 5580 3220 5621 ct
3261 5582 3318 5616 3a:
3332 5581 3389 5617 οη

1857 5634 1957 5694 soli,
1984 5649 2012 5681 (ι
2034 5647 2187 5682 mense
2211 5646 2299 5684 MIO
2322 5638 2365 5681 ct
2390 5645 2551 5697 supra.
