4000 6220
564 389 668 443 331

559 481 1138 545 sanouﬁcareLevitas,
1153 481 1396 550 auditque
1415 494 1445 534 a
1461 478 1713 547 vigesimo
1727 487 1864 528 anno
1881 479 1935 526 et
1954 483 2106 537 supra

563 579 806 636 eportcre
847 571 990 638 ipsos
1025 567 1342 634 ministrare,
1393 583 1422 620 a
1466 563 1893 633 quinquagesimo
1937 566 2110 612 autem

570 673 711 712 anno
736 672 765 711 a
799 657 1088 711 ministerio
1127 671 1353 710 cessare.
1394 655 1647 722 Praecepit
1679 652 1805 722 ipsis
1852 650 1987 702 Deus
2022 661 2114 714 per

567 747 798 815 Moysem
826 753 883 799 ut
907 743 1096 812 pascha
1123 744 1332 797 l'aciant.
1363 742 1476 807 Dic,
1523 741 1704 809 inquit,
1737 748 1780 792 et
1815 737 2000 806 faciam
2023 733 2114 801 ﬁlii

569 835 732 888 Israel
748 834 932 902 pascha
958 833 1158 904 (Num.
1185 833 1238 886 9.
1266 832 1356 902 2).
1381 832 1502 885 Erat
1527 829 1666 884 enim
1695 825 1894 896 primus
1921 821 2114 876 mensis

566 923 782 981 secundi
819 922 962 976 anni.
1003 923 1352 976 Accesserant
1385 927 1558 972 autem
1597 913 1851 970 immundi
1880 911 1945 966 ad
1972 911 2114 979 Moy-

567 1029 702 1079 sem,
728 1020 781 1068 et
807 1011 992 1066 obtulit
1016 1025 1108 1078 pro
1130 1010 1233 1064 illis
1263 1009 1389 1064 Deo.
1420 1005 1779 1074 Pra-cepitque
1805 1001 1966 1064 Deus,
1993 1013 2114 1054 eum

567 1104 654 1173 qui
682 1117 785 1156 non
814 1109 991 1170 posset
1017 1099 1069 1152 in
1094 1099 1264 1166 primo
1290 1109 1468 1149 mense
1492 1091 1765 1147 immolare
1789 1087 2000 1157 pascha,
2031 1084 2116 1138 vel

568 1190 706 1259 quod
745 1188 1043 1244 lmmundus
1083 1194 1254 1246 esset.
1286 1184 1367 1238 vel
1394 1182 1533 1252 qttod
1563 1183 1615 1235 in
1644 1181 1801 1247 longo
1827 1178 2037 1240 itinere,
2065 1175 2117 1228 iu

568 1277 800 1335 secundo
824 1289 1005 1330 mense
1031 1274 1219 1337 facere,
1243 1272 1442 1325 decima
1461 1269 1611 1322 tertia
1631 1267 1736 1322 die.
1757 1266 1811 1321 Si
1834 1265 1951 1334 quis
1969 1278 2117 1329 vero,

569 1366 796 1422 mundus
825 1379 942 1418 cum
976 1362 1065 1426 sit,
1094 1375 1191 1415 nec
1215 1361 1266 1414 in
1311 1361 1466 1427 longo
1501 1358 1709 1420 itinere,
1751 1355 1884 1408 nolit
1927 1353 2118 1422 pascha

569 1457 744 1512 facere
768 1455 819 1507 in
843 1453 1008 1522 primo
1039 1463 1236 1514 mense,
1255 1448 1351 1502 sub
1379 1456 1592 1516 peccato
1617 1446 1742 1500 erit.
1774 1443 1903 1506 Lex,
1933 1441 2118 1510 inquit,

571 1559 672 1598 una
697 1544 764 1598 sit
785 1541 999 1595 advenas
1031 1549 1084 1593 et
1122 1538 1398 1605 indigeam.
1435 1535 1566 1590 Cum
1596 1533 1904 1588 ascenderet
1931 1531 2120 1593 nubes,

571 1641 740 1688 castra
771 1629 1050 1686 movebant
1077 1627 1324 1681 Israelitte
1347 1665 1362 1690 ,
1390 1633 1442 1679 et
1469 1624 1556 1677 ubi
1585 1622 1750 1676 nubes
1780 1621 1950 1675 stabat
1972 1661 1988 1684 ,
2019 1620 2124 1672 illic

571 1730 740 1777 castra
789 1717 1132 1773 metabantur.
1175 1714 1392 1769 Jubetur
1437 1713 1640 1782 Moyses
1669 1709 1841 1764 facere
1867 1709 2015 1762 tubas
2041 1721 2125 1760 ar-

573 1821 806 1882 genteas.
841 1810 909 1862 ita
940 1817 996 1862 ut
1022 1823 1111 1874 per
1147 1807 1262 1860 illas
1304 1803 1680 1872 signiﬁcaretur
1717 1799 1927 1869 populo,
1957 1813 2124 1867 quau-

578 1903 772 1956 donem
797 1898 1051 1968 proﬁcisci
1073 1903 1360 1964 oporteret,
1386 1893 1594 1964 quando
1619 1905 1939 1960 congregare
1963 1904 2126 1958 popu-

577 1993 682 2043 lum
712 1990 764 2042 iu
789 1987 938 2042 bellis
964 2027 977 2051 ,
1006 1987 1056 2039 iu
1078 1983 1351 2038 sacriﬁciis
1373 2023 1387 2047 ,
1419 1981 1775 2050 utendumque
1795 1995 1910 2033 esse
1940 1978 2127 2032 dicitur

577 2080 661 2132 bis
699 2077 836 2130 tubis
864 2076 917 2128 iu
950 2073 1129 2137 festis,
1162 2073 1211 2125 in
1248 2070 1568 2135 neomeniis,
1600 2071 1652 2122 in
1693 2066 2028 2122 holocaustis.
2060 2065 2128 2120 Ut

575 2173 750 2220 autem
778 2161 994 2231 profecti
1022 2171 1141 2214 sunt
1166 2159 1259 2214 ﬁlii
1290 2159 1468 2224 Israel,
1495 2157 1711 2228 rogabat
1737 2156 1943 2226 Moyses
1961 2153 2127 2209 Jobab

579 2256 740 2309 lilium
771 2252 964 2322 Raguel
982 2291 997 2316 ,
1028 2254 1115 2320 qui
1143 2259 1195 2304 et
1221 2249 1406 2304 Jotbor
1429 2248 1716 2312 dicebatur,
1746 2256 1802 2300 ut
1829 2245 1926 2299 sibi
1953 2253 2008 2298 et
2032 2244 2128 2298 vim

579 2354 633 2400 ot
660 2343 1032 2413 promissorum
1063 2340 1316 2393 bonorum
1338 2350 1556 2392 consors
1571 2344 1711 2391 esset
1739 2352 1752 2399 ;
1785 2343 1837 2389 et
1862 2348 1981 2388 cum
2007 2346 2126 2386 arca

581 2431 911 2492 eveheretur,
938 2427 1068 2480 dixit
1087 2427 1291 2496 Moyses
1314 2443 1328 2479 :
1362 2425 1606 2493 Exsurge,
1634 2423 1861 2489 Domine,
1889 2423 2132 2490 dissipen-

582 2529 663 2575 tur
689 2516 874 2570 inimici
903 2516 1003 2579 tui,
1031 2515 1222 2584 fugiant
1251 2528 1417 2566 omnes
1439 2513 1522 2582 qui
1549 2521 1593 2565 te
1618 2511 1824 2564 oderunt
1841 2508 2024 2579 (Nunt.
2043 2509 2125 2564 l0.

581 2608 694 2678 55).
737 2608 801 2662 Et
835 2606 1178 2660 murmuravit
1220 2605 1462 2673 populus,
1507 2611 1561 2658 et
1597 2605 1870 2657 combusta
1896 2610 1979 2655 est
2011 2614 2131 2669 pars

583 2704 870 2750 castrorum
905 2711 920 2758 ;
958 2703 1011 2746 et
1042 2701 1257 2746 vocatus
1297 2702 1379 2746 est
1416 2693 1560 2746 locus
1588 2691 1909 2746 Incendium.
1943 2691 2132 2746 Preca-

584 2796 772 2852 tusque
791 2791 871 2836 est
890 2781 1113 2850 Moyses,
1144 2789 1196 2833 et
1217 2781 1439 2834 cessavit
1464 2781 1614 2834 ultio.
1639 2781 1995 2849 Pctebantque
2019 2793 2135 2834 car-

586 2884 680 2924 nes
703 2910 717 2932 .
748 2879 799 2922 et
827 2869 1068 2921 dicebant
1093 2885 1103 2918 :
1149 2885 1168 2918 s
1205 2867 1562 2920 Recordemur
1599 2868 1816 2935 piscium
1841 2906 1857 2929 ,
1883 2881 2017 2935 quos
2041 2881 2132 2922 co-

587 2957 922 3011 tuedebamus
951 2957 1000 3007 in
1023 2955 1277 3022 Egypto,
1299 2969 1631 3008 eucumerum
1661 2964 1713 3008 et
1759 2970 2038 3023 peponum.
2083 2962 2137 3009 et

586 3058 860 3114 porrorum
891 3052 944 3096 et
966 3056 1210 3108 ceparum
1251 3049 1304 3095 et
1340 3042 1602 3096 alliorum.
1631 3042 1776 3096 Nune
1814 3053 1986 3096 autem
2017 3043 2133 3096 ani-

587 3147 671 3186 ma
717 3137 892 3185 nostra
947 3130 1130 3193 arida;
1183 3130 1310 3183 nihil
1360 3139 1554 3199 preter
1603 3147 1794 3185 manna
1849 3133 2134 3200 respiciunt

589 3219 727 3273 oeuli
757 3218 919 3272 nostri
957 3235 975 3269 ι
1014 3218 1031 3284 (
1060 3216 1217 3269 Num.
1250 3218 1334 3271 Il.
1361 3219 1411 3272 5.
1437 3219 1519 3287 6).
1544 3219 1800 3273 Utautem
1823 3220 2133 3275 seditionem

589 3321 771 3360 eorum
812 3307 1037 3374 graviter
1066 3306 1263 3360 ferebat
1287 3344 1302 3368 ,
1333 3314 1386 3360 et
1421 3313 1532 3366 Deo
1550 3309 1902 3379 supplicabat,
1937 3309 2135 3363 addidit

588 3397 636 3451 el
665 3397 984 3464 septuaginta
1012 3397 1264 3459 seniores,
1293 3397 1378 3464 qui
1405 3407 1605 3464 partem
1633 3398 1874 3466 vituperii
1897 3413 2015 3452 cum
2047 3399 2136 3453 illo

588 3483 805 3538 terrent.
833 3483 977 3536 Tunc
1007 3482 1129 3536 Iesu
1157 3483 1264 3536 ﬁlio
1295 3482 1434 3537 Nave
1463 3483 1687 3546 dicente.
1723 3484 1948 3539 Prohibe
1976 3485 2134 3539 lllium

589 3572 751 3629 Eldad
774 3583 826 3626 et
852 3571 1034 3625 Modad
1058 3587 1122 3626 ne
1148 3571 1475 3639 prophetent.
1504 3573 1577 3626 ait
1601 3573 1768 3628 Moses
1789 3592 1801 3626 :
1823 3572 1959 3627 Num
1975 3590 2128 3627 amu-

595 3663 715 3716 laris
752 3671 802 3715 tu
842 3678 931 3730 pro
957 3679 1033 3714 me
1060 3663 1084 3715 .’
1112 3662 1175 3714 Et
1211 3663 1320 3728 quis
1347 3663 1534 3715 dederit
1560 3673 1612 3715 ut
1643 3673 1769 3718 totus
1795 3665 2007 3733 populus
2037 3664 2140 3718 Do-

593 3755 712 3807 mini
739 3755 991 3822 propheta:
1022 3754 1120 3806 sint
1147 3755 1165 3820 (
1199 3751 1356 3807 Num.
1389 3754 1471 3806 li.
1500 3753 1568 3806 29
1596 3752 1614 3822 )
1641 3755 1658 3785 ¹
1687 3755 1710 3805 τ
1738 3753 1882 3808 Tunc
1907 3753 2139 3809 ascendit

595 3845 836 3899 coturnix
873 3859 902 3897 a
934 3843 1152 3896 Domino
1173 3883 1190 3910 ,
1218 3851 1270 3897 et
1295 3842 1655 3897 comederunt.
1686 3842 1750 3896 Et
1779 3858 1962 3898 carnes
1989 3853 2138 3898 erant

595 3934 647 3986 in
685 3931 929 3986 dentibus
967 3946 1182 3993 eorum,
1221 3930 1522 3999 priusquam
1563 3931 1870 3985 deﬁcerent.
1921 3931 2032 3986 Iloc
2085 3931 2135 3986 in

595 4024 805 4080 Pssimo
837 4022 992 4075 etiam
1031 4021 1222 4073 dictum
1248 4032 1328 4073 est
1360 4037 1374 4073 :
1406 4021 1581 4073 Adhuc
1617 4036 1729 4073 esca
1762 4036 1932 4072 eorum
1956 4030 2059 4073 erat
2087 4022 2139 4074 itt

593 4128 680 4164 ore
709 4113 948 4176 ipsorum,
988 4119 1034 4161 et
1072 4111 1146 4160 ira
1191 4107 1278 4159 Dei
1306 4109 1524 4160 ascendit
1559 4124 1705 4176 super
1732 4124 1814 4161 eos
1842 4124 1860 4159 :
1884 4115 1929 4161 et
1962 4108 2140 4161 occidit

590 4219 645 4258 an
674 4201 898 4271 pluribus
918 4215 1080 4252 eorum
1105 4198 1271 4268 (Psal.
1305 4199 1393 4252 77.
1423 4199 1509 4253 30.
1539 4199 1626 4265 51)
1646 4201 1686 4249 '.
1721 4198 1941 4252 Vacalus
1965 4207 2136 4252 autem

593 4302 676 4346 est
703 4302 874 4344 autem
915 4288 997 4341 hic
1032 4289 1176 4342 locus
1199 4288 1451 4357 Sepulcra
1493 4289 1947 4357 concupiscentiae.
1992 4290 2140 4344 Tunc

595 4380 806 4449 loquuta
845 4387 924 4432 est
951 4386 1131 4432 contra
1170 4377 1396 4446 Moysem
1426 4377 1581 4430 Maria
1605 4377 1825 4431 dicens:
1864 4378 2002 4432 Num
2043 4379 2142 4448 ipsi

597 4471 690 4522 soli
727 4469 954 4536 loquutus
999 4477 1068 4520 est
1107 4467 1238 4519 Deus
1266 4467 1284 4536 (
1317 4467 1471 4519 Num.
1497 4467 1583 4522 I2.
1613 4466 1689 4537 2)
1720 4467 1743 4520 τ
1768 4467 1897 4520 Cum
1925 4467 2142 4523 dixisset

598 4571 727 4610 vero
771 4555 925 4619 Deus,
965 4569 1022 4609 se
1067 4555 1163 4622 ipsi
1209 4555 1304 4608 soli
1343 4553 1716 4625 prophetarum
1757 4557 1826 4610 ita
1872 4556 2137 4626 loquutum

599 4658 735 4708 esse,
776 4644 987 4697 immisit
1025 4644 1219 4711 lepratn
1266 4643 1316 4696 in
1354 4643 1589 4708 Mariam,
1621 4644 1901 4714 Moyseque
1927 4656 2142 4715 rogante

596 4747 692 4800 pro
722 4732 804 4784 illa
829 4772 843 4794 ,
873 4747 973 4785 non
1001 4732 1117 4785 tulit
1145 4745 1260 4784 eam
1287 4732 1429 4797 prius
1457 4731 1693 4786 mundari
1720 4772 1735 4797 ,
1761 4748 1915 4801 quam
1941 4743 2139 4802 septem

599 4819 710 4871 dies
740 4829 883 4872 extra
909 4828 1078 4873 castra
1116 4820 1411 4872 mansisset.
1445 4820 1596 4874 Mittit
1636 4836 1760 4891 ergo
1798 4822 2050 4890 quosdam
2078 4837 2140 4876 ex

673 4956 700 5026 ε
718 4955 768 5029 ιη
796 4955 967 5029 Bibliis
1001 4959 1194 5029 Graecis,
1230 4961 1308 5018 Μὴ
1333 4963 1487 5019 ζηλοῖς
1507 4965 1605 5025 ἐμέ.
1632 4967 1723 5013 Καὶ
1748 4966 1817 5021 τίς
1837 4967 1903 5029 δῷ
1924 4964 2060 5012 παντὶ
2081 4966 2148 5026 τῷ

610 5013 710 5076 λαῷ
735 5018 902 5077 Κυρίου
933 5013 1196 5081 amittas;

663 5087 695 5152 τι
717 5085 766 5132 In
785 5085 938 5135 Bibliis
1147 5087 1260 5134 tulit.
1289 5093 1452 5152 Ᾱιοιτι.ν
1482 5099 1516 5135 ιν
1537 5103 1610 5143 τοις
1633 5101 1749 5138 αιοσιν
1769 5101 1908 5146 αὐτῶν,
1942 5090 1996 5152 in
2035 5090 2141 5150 pin-

599 5143 761 5210 guibus
799 5159 972 5194 eorum.
996 5146 1214 5205 Vulgata,
1250 5143 1446 5210 pingues
1481 5161 1659 5210 eorum,
1705 5156 1756 5196 et
1796 5155 1867 5198 sic
1897 5143 2139 5210 amquo-

602 5205 697 5264 que
723 5206 1006 5264 interpretes
1030 5215 1223 5253 veteres
1245 5205 1503 5254 Secundum
1544 5205 1799 5255 lectionem
1842 5205 2137 5266 Hebraicam,

602 5269 925 5317 nrt-Imm.
965 5266 1052 5313 Sed
1101 5266 1147 5311 in
1192 5267 1521 5315 vetustissrmis
1571 5267 1925 5326 exemplaribus
1971 5269 2142 5316 Grecis

600 5331 758 5396 multis
779 5332 1045 5396 legebatur,
1061 5345 1095 5381 ιν
1117 5348 1190 5389 τοις
1212 5343 1368 5396 ιλιὶρσιν
1387 5347 1528 5392 eam,
1543 5333 1591 5382 in
1609 5332 1822 5396 pluribus
1842 5346 2022 5396 eor‘wn.
2044 5341 2140 5392 Qua

599 5390 662 5438 de
686 5403 739 5439 re
758 5390 864 5441 vide
885 5390 1211 5454 Hieronymum
1235 5395 1375 5454 Epist.
1399 5395 1457 5442 ad
1481 5390 1666 5443 simiam
1692 5400 1740 5441 et
1760 5393 1950 5443 Fretell.
1979 5403 2029 5443 et
2049 5390 2138 5442 Itu-

599 5454 836 5510 gustinum
875 5455 919 5501 iu
956 5451 1156 5512 Psallnos
1191 5451 1282 5500 hoc
1313 5452 1432 5502 loco.
1473 5454 1800 5501 'rbeodoretus
1827 5455 1968 5501 etiam
2003 5466 2038 5502 ιν
2066 5471 2139 5512 τοῖς

598 5522 753 5558 «λιιοοιν
773 5523 910 5574 ἀτᾶν)
925 5515 1003 5560 ubi
1029 5511 1271 5572 Inter-pres
1293 5516 1452 5569 vertit,
1472 5513 1665 5574 pingues
1686 5526 1864 5574 eorum,
1891 5526 1984 5560 non
1999 5511 2138 5561 accué

597 5577 701 5615 rate
717 5582 854 5634 sane.
880 5571 1276 5632 lnterpretatione
1299 5581 1458 5621 autem
1475 5571 1537 5622 in
1554 5571 1728 5634 't'salm.
1755 5573 1832 5630 77,
1850 5585 1991 5634 quam
2013 5573 2138 5624 inter

594 5631 754 5691 spuria
774 5631 1110 5702 ablegavimus,
1135 5645 1168 5680 ἰν
1201 5649 1272 5691 ηις
1290 5645 1443 5682 sub.“
1465 5645 1578 5681 αὐτῶν
1603 5632 1792 5694 legitur.

1240 367 1296 425 S.
1334 365 1606 424 JOANNIS
1639 355 2103 420 CIIRYSOS‘I'OMI
2143 354 2455 411 ARCIIIEP.
2493 353 3010 412 CONSTANTINOP.

3659 364 3768 415 332

2217 470 2411 536 populo
2450 469 2783 538 exploratum
2827 478 3016 523 terram
3047 466 3482 521 Cbanaumorutu.
3521 464 3631 530 Qun
3660 479 3761 518 ex-

2219 554 2439 622 plorata,
2471 571 2622 610 uvam
2663 556 2784 610 inde
2822 561 3113 624 gestarunt,
3156 563 3449 622 terramque
3482 550 3761 606 admodum

2218 642 2512 696 laudabant.
2548 644 2652 698 Sed
2693 644 2948 697 timebant
2985 641 3232 711 populum
3267 685 3282 710 ,
3319 639 3454 709 quod
3485 639 3764 694 bellatores

2216 730 2322 784 illic
2358 729 2454 783 viri
2497 739 2692 785 essent.
2720 731 2919 786 Cbaleb
2943 739 3116 784 autem
3144 728 3280 781 ﬁlius
3307 727 3576 794 Iephone,
3604 735 3657 780 et
3675 725 3766 780 Je-

2218 834 2306 872 sus
2337 819 2472 874 ﬁlius
2496 820 2636 875 Nave
2662 861 2676 884 ,
2708 820 2797 889 qui
2821 827 2873 874 et
2898 819 2995 886 ipsi
3031 831 3095 872 ex
3135 829 3353 870 numero
3377 815 3766 884 exploratorum

2218 917 2388 972 erant,
2417 908 2610 976 populo
2645 909 2848 962 animos
2876 906 3134 962 addebant
3168 923 3182 960 :
3211 905 3280 960 illi
3311 914 3482 959 autem
3511 913 3769 959 venerunt

2220 993 2503 1062 lapidatum
2551 1010 2663 1050 eos.
2705 995 3006 1064 Rursusque
3051 995 3212 1048 Deum
3255 993 3605 1048 irritaveruut.
3633 993 3768 1047 Tum

2218 1082 2348 1136 dixit
2376 1083 2536 1149 Deus,
2567 1099 2670 1138 non
2696 1099 3006 1138 ascensuros
3031 1097 3148 1137 esse
3181 1097 3273 1137 eos
3301 1083 3386 1151 qui
3414 1097 3772 1137 murmurave-

2219 1181 2340 1226 runt
2365 1173 2415 1226 in
2440 1182 2631 1227 terram
2659 1173 3037 1242 promissionis,
3067 1174 3166 1228 nisi
3192 1180 3386 1226 tantum
3411 1172 3545 1226 ﬁlios
3564 1186 3767 1239 eorum,

2220 1269 2274 1315 et
2295 1261 2490 1317 Cbaleb
2520 1263 2679 1316 ﬁlium
2706 1263 2962 1332 Jcphone,
2993 1273 3044 1318 et
3073 1263 3272 1319 Iesum.
3299 1263 3643 1333 Quadraginta
3673 1279 3768 1318 au-

2223 1361 2325 1404 tem
2358 1351 2531 1416 annis,
2560 1352 2743 1420 inquit,
2773 1362 2926 1406 erunt
2955 1353 3004 1405 in
3031 1352 3242 1407 deserto
3269 1391 3284 1417 ,
3324 1351 3491 1407 donec
3527 1351 3616 1406 ﬁlii
3657 1367 3773 1408 cre-

2224 1442 2415 1504 verint,
2435 1441 2720 1494 secundum
2749 1456 3021 1495 numerum
3056 1442 3280 1507 dierum,
3310 1441 3500 1512 quibus
3525 1441 3775 1496 visitave-

2223 1538 2347 1582 runt
2375 1538 2590 1582 terram.
2625 1531 2771 1584 'I'nnc
2810 1531 3164 1598 exploratores
3191 1545 3374 1586 omnes
3410 1531 3599 1585 mortui
3625 1539 3771 1596 sunt,

2224 1621 2456 1688 exceptis
2476 1619 2672 1674 Cbaleb
2695 1629 2746 1674 et
2771 1621 2892 1675 Iesu
2920 1621 3025 1674 lilio
3050 1621 3186 1674 Nave
3219 1638 3232 1674 :
3263 1620 3506 1690 ﬂevitque
3531 1620 3773 1688 populus.

2225 1710 2590 1764 Ascenderunt
2615 1722 2796 1764 contra
2827 1712 3040 1765 Amalec
3067 1720 3258 1780 prmter
3296 1711 3384 1766 Dei
3415 1711 3662 1779 placitum
3681 1751 3696 1774 ,
3725 1720 3779 1765 et

2225 1813 2348 1852 arca
2379 1800 2570 1853 mansit
2598 1801 2650 1853 in
2679 1801 2862 1854 castris
2891 1815 3008 1855 cum
3035 1799 3229 1870 Moyse.
3264 1799 3539 1869 Exivitque
3567 1800 3778 1853 Amalec

2227 1897 2279 1940 et
2309 1889 2565 1956 percussit
2591 1903 2702 1942 eos.
2731 1889 3033 1958 Praecipitur
3052 1888 3118 1944 de
3140 1889 3478 1955 holocaustis,
3511 1889 3577 1943 de
3602 1890 3781 1959 primi-

2229 1977 2332 2042 tiis,
2363 1977 2428 2030 de
2456 1977 2722 2032 sacriﬁciis
2757 1992 2851 2046 pro
2889 1977 3097 2032 delicto.
3131 1978 3502 2045 Deprehensus
3531 1987 3612 2032 est
3632 1980 3779 2047 quis-

2227 2067 2363 2135 piam
2403 2066 2543 2136 ligna
2589 2068 2842 2136 colligens
2891 2069 2942 2122 in
2983 2067 3234 2134 sabbato,
3292 2075 3346 2122 et
3385 2067 3640 2136 lapidatus
3680 2078 3780 2123 est.

2229 2155 2607 2222 Prmcipiuntur
2629 2156 2859 2210 ﬁmbrias
2881 2157 2931 2210 iu
2951 2157 3059 2212 oris
3083 2156 3274 2212 facere.
3297 2155 3372 2212 De
3395 2156 3550 2223 Core,
3583 2157 3781 2211 Dathan

2228 2253 2280 2298 et
2306 2244 2502 2298 Abiron
2529 2261 2543 2296 :
2575 2245 2824 2299 tumultus
2845 2260 3047 2309 eorum,
3066 2255 3120 2300 et
3144 2260 3314 2314 poena
3352 2259 3483 2314 quas
3507 2245 3781 2300 dederunt.

2235 2332 2328 2386 llis
2372 2334 2622 2402 peractis,
2667 2334 2852 2402 reliqui
2891 2335 2958 2389 de
2991 2335 3182 2404 populo
3206 2349 3307 2389 non
3337 2334 3400 2389 ad
3427 2335 3698 2389 meliorem
3728 2350 3785 2390 se

2231 2421 2432 2491 frugem
2459 2432 2805 2490 receperunt,
2837 2423 2929 2477 sed
2959 2437 3138 2477 rursus
3165 2424 3561 2478 insurrexerunt
3601 2434 3784 2477 contra

2233 2512 2482 2582 Moysem,
2531 2514 2924 2582 moriunturque
2959 2513 3349 2580 quatuordecim
3396 2513 3542 2567 mille
3583 2514 3784 2581 septin-

2233 2604 2393 2671 genti.
2415 2602 2562 2656 Tunc
2587 2601 2761 2656 floruit
2787 2603 2928 2671 virga
2954 2603 3192 2656 Aaronis.
3216 2601 3348 2656 Dicit
3371 2610 3425 2657 et
3448 2603 3637 2656 statuit
3661 2601 3784 2671 quid

2232 2693 2470 2760 accipere
2505 2692 2728 2745 debeant
2757 2692 2949 2747 Levita:
2986 2701 3040 2748 et
3064 2692 3312 2748 sacerdos
3337 2707 3556 2762 magnus
3579 2732 3593 2757 ,
3626 2702 3681 2746 et
3708 2693 3781 2746 le-

2233 2793 2349 2848 gem
2377 2780 2466 2833 dat
2501 2780 2568 2834 de
2605 2781 2782 2835 cinere
2819 2781 3014 2845 vitnl:e,
3046 2796 3110 2835 ex
3160 2794 3260 2850 qua
3299 2781 3622 2850 aspcrsionis
3653 2795 3785 2850 aqua

2233 2867 2410 2920 ﬁebat.
2439 2869 2582 2920 Hanc
2611 2884 2764 2935 porro
2789 2869 2999 2923 vitulam
3031 2870 3197 2922 visum
3227 2878 3308 2924 est
3331 2869 3644 2938 quibusdam
3673 2885 3789 2925 esse

2239 2955 2453 3024 ﬁguram
2492 2958 2746 3023 passionis
2776 2958 2979 3012 Domini
2999 2959 3163 3012 nostri
3188 2958 3312 3013 Iesu
3341 2956 3555 3013 Christi.
3582 2959 3688 3014 Per
3711 2960 3787 3012 ci-

2237 3060 2418 3100 nerem
2463 3056 2636 3100 autem
2680 3047 2854 3101 vitulte
2903 3046 3250 3103 mundabatur
3289 3047 3334 3102 is
3365 3048 3452 3117 qui
3492 3047 3789 3103 immundus

2235 3144 2400 3190 erata
2427 3147 2654 3190 mortuo.
2689 3136 2840 3190 Venit
2866 3145 3040 3192 autem
3071 3137 3293 3206 populus
3321 3137 3374 3190 in
3396 3135 3588 3201 Cades,
3617 3136 3791 3206 ibique

2238 3233 2444 3276 mortua
2473 3224 2778 3292 sepultaque
2804 3233 2883 3277 est
2903 3223 3081 3277 Maria.
3114 3224 3398 3280 Deﬁciente
3425 3238 3559 3294 aqua
3584 3239 3790 3279 rursum

2237 3320 2559 3364 murmurant
2583 3311 2745 3365 Jud:ei
2778 3327 2792 3364 :
2846 3310 3049 3381 Moyses
3088 3325 3212 3365 vero
3253 3319 3308 3365 et
3342 3312 3518 3366 Aaron
3542 3310 3793 3379 iubentur

2237 3413 2426 3466 aquam
2459 3399 2524 3452 de
2562 3409 2702 3468 petra
2741 3398 2984 3454 educere.
3015 3398 3280 3454 Percussit
3306 3400 3447 3453 illam
3479 3398 3687 3468 Moyses
3713 3398 3791 3453 di-

2237 3499 2399 3541 cens:
2437 3486 2694 3555 Numquid
2735 3503 2795 3540 ea:
2837 3489 2930 3540 hac
2969 3497 3106 3557 petra
3142 3489 3408 3542 educemus
3444 3488 3578 3542 vobis
3616 3504 3791 3556 aquam

2239 3575 2423 3646 (Nunt.
2453 3577 2542 3632 20.
2583 3577 2669 3646 I0)
2703 3576 2726 3632 τ
2756 3577 2818 3632 Et
2846 3591 3049 3647 egressa
3087 3586 3167 3632 est
3209 3591 3361 3647 aqua.
3400 3577 3648 3647 Dixitque
3692 3577 3794 3631 Ι)οο

2241 3665 2414 3719 minus
2457 3665 2521 3719 ad
2572 3665 2800 3735 Moysem
2846 3674 2898 3720 et
2944 3667 3116 3720 Aaron
3151 3682 3164 3716 :
3214 3665 3344 3732 Quia
3382 3681 3482 3719 non
3519 3666 3795 3720 credidistis

2240 3754 2395 3816 mihi,
2425 3763 2477 3806 ut
2514 3755 2887 3822 sanctiﬁcaretis
2913 3771 2989 3808 me
3013 3771 3181 3809 coraut
3211 3755 3330 3823 ﬁliis
3355 3753 3538 3821 Israel,
3563 3756 3673 3809 ideo
3695 3772 3794 3808 non

2239 3841 2556 3895 introducetis
2597 3859 2680 3896 vos
2723 3843 2854 3896 hunc
2886 3853 3060 3897 castum
3089 3844 3140 3898 in
3165 3853 3346 3898 terram
3364 3883 3383 3912 ,
3412 3861 3560 3914 quam
3589 3845 3706 3898 dedi
3728 3846 3796 3899 eis

2242 3928 2396 3999 (Ibid.
2412 3947 2460 3983 υ.
2479 3930 2589 3999 I2).
2611 3931 2708 3985 Per
2733 3931 2930 4001 legatos
2950 3932 3055 4001 agit
3079 3931 3285 4000 Moyses
3308 3947 3428 3988 cum
3451 3947 3574 4002 rege
3600 3931 3794 3999 Edom,

2242 4029 2299 4074 ut
2341 4034 2433 4074 eos
2472 4021 2699 4074 transire
2737 4021 2972 4076 sineret:
3011 4021 3097 4076 ille
3123 4036 3249 4076 vero
3285 4036 3390 4076 non
3429 4021 3664 4090 permisit
3697 4038 3714 4075 :
3746 4032 3799 4076 et

2241 4109 2632 4165 declinaverunt
2651 4111 2716 4164 ab
2744 4125 2808 4164 eo
2835 4111 2923 4164 ﬁlii
2947 4109 3128 4166 Israel.
3154 4109 3226 4167 Ut
3249 4119 3420 4164 autem
3445 4120 3800 4180 pervenerunt

2242 4197 2293 4252 in
2327 4208 2553 4251 montem
2582 4198 2673 4259 Or,
2698 4198 2845 4266 jussu
2890 4199 2978 4252 Dei
3019 4198 3302 4266 assumptis
3343 4197 3549 4269 Moyses
3583 4199 3801 4252 Aaronc

2243 4293 2296 4339 et
2324 4285 2572 4340 Eleazaro
2602 4287 2709 4338 ﬁlio
2739 4287 2871 4355 ejus,
2903 4285 3118 4340 adduxit
3144 4299 3236 4340 eos
3259 4285 3309 4339 in
3341 4293 3606 4340 montem:
3633 4294 3681 4339 et
3717 4285 3799 4337 iu-

2242 4376 2354 4431 duit
2381 4377 2683 4430 Eleazarum
2713 4377 2944 4431 vestibus
2977 4376 3110 4445 ejus.
3145 4377 3318 4431 Aaron
3351 4384 3528 4430 autem
3558 4382 3804 4428 mortuus

2244 4472 2326 4519 est
2354 4465 2403 4518 in
2433 4474 2628 4518 monte.
2655 4464 2922 4534 Flevitque
2950 4466 3168 4534 populus
3193 4465 3400 4535 triginta
3431 4464 3629 4520 diebus.
3661 4464 3804 4518 Cha-

2247 4567 2486 4606 nanacum
2518 4553 2785 4616 vicerunt,
2817 4564 2865 4606 et
2904 4552 3234 4607 anathemate
3266 4551 3532 4606 ferierunt.
3567 4551 3804 4608 Profecti

2244 4652 2417 4695 autem
2446 4641 2511 4694 ad
2539 4655 2685 4694 mare
2713 4640 2944 4694 Rubrum
2968 4680 2983 4705 ,
3027 4641 3348 4695 circuierunt
3376 4651 3567 4696 terram
3603 4639 3803 4708 Edoni,

2245 4740 2298 4786 et
2315 4730 2489 4783 animo
2505 4729 2827 4795 deiecerunt,
2853 4739 3410 4799 murmuraveruntque
3437 4739 3615 4786 contra
3645 4729 3804 4798 Moy-

2244 4835 2354 4875 scm
2387 4838 2398 4873 :
2423 4821 2737 4889 immisitque
2763 4821 2814 4874 in
2843 4834 2934 4875 eos
2973 4821 3109 4875 Deus
3147 4831 3422 4890 serpentes
3447 4821 3533 4890 qui
3561 4820 3674 4874 illos
3703 4836 3808 4874 oc-

2243 4909 2497 4963 ciderent.
2547 4910 2898 4978 I’recatusque
2942 4919 3024 4964 est
3069 4911 3310 4981 Moyses,
3349 4920 3404 4965 et
3437 4911 3648 4980 iubente
3684 4911 3813 4968 Deo

2245 4997 2370 5053 fecit
2405 5009 2704 5067 serpentem
2743 5015 2944 5052 a‘neum
2979 5015 2992 5051 :
3020 4999 3107 5068 qui
3141 5013 3268 5054 vero
3296 5000 3649 5066 mordebatur,
3673 5013 3811 5057 eum

2244 5087 2532 5153 respiceret
2577 5087 2628 5140 in
2675 5097 3015 5154 serpentem,
3053 5088 3276 5142 vivebat.
3314 5088 3389 5142 De
3427 5087 3525 5142 hoc
3549 5101 3813 5154 serpente

2246 5175 2442 5229 dictum
2491 5181 2645 5235 estin
2662 5176 2941 5244 Evangelia
2975 5194 2988 5230 :
3018 5175 3158 5230 Sicut
3199 5177 3431 5230 eaalta'vit
3463 5177 3660 5246 Moyses
3691 5193 3814 5231 ser-

2246 5273 2438 5332 pentem
2478 5266 2536 5318 in
2579 5265 2767 5318 deserto
2786 5305 2801 5331 ,
2827 5266 2898 5317 ita
2933 5275 3118 5334 oportet
3147 5267 3354 5319 exaltari
3375 5262 3561 5320 Filium
3581 5267 3814 5324 hominis

2249 5354 2438 5424 (Joan.
2472 5357 2524 5410 ὅ.
2554 5357 2617 5410 Id
2642 5357 2679 5424 ).
2705 5356 2926 5424 Legatos
2953 5357 3112 5410 mittit
3134 5357 3337 5426 Moyses
3365 5357 3428 5410 ad
3454 5356 3586 5412 Seon
3615 5371 3815 5426 regem

2249 5448 2701 5501 Aumrrhmorum.
2753 5447 2847 5499 llic
2896 5458 3070 5500 autem
3115 5447 3252 5501 Seon
3296 5462 3414 5501 cum
3458 5447 3648 5502 bellum
3675 5459 3817 5503 ante

2246 5539 2499 5590 movisset
2537 5545 2716 5589 contra
2755 5551 2928 5603 regem
2969 5535 3149 5602 Moab,
3180 5539 3318 5603 cepit
3346 5546 3536 5590 terram
3561 5535 3697 5604 ejus.
3736 5537 3819 5593 Ut

2247 5641 2370 5682 vero
2395 5626 2551 5681 etiam
2590 5635 2769 5680 contra
2804 5625 3058 5680 Israelitas
3090 5625 3319 5694 puellum
3347 5625 3645 5690 commisit,
3678 5641 3819 5694 pro-
