4000 6220
180 381 283 435 331

186 500 320 553 μητε
344 483 708 553 μοιχευθεῖσαν
758 485 1005 537 δύνασθαι
1027 485 1223 539 λαϐεῖν.
1256 488 1386 557 Περὶ
1421 487 1517 555 τῆς
1554 486 1717 555 εὐχῆς

183 565 276 618 ⁴τοῦ
314 566 579 634 ἀγιασμοῦ
621 566 989 630 διατάττεται,
1051 570 1142 621 καὶ
1166 568 1279 630 πῶς
1312 568 1389 619 δεῖ
1438 569 1524 620 τὸν
1575 566 1719 635 ίερέα

183 647 420 712 εὐλογεῖν
450 646 572 707 τοὺς
617 648 761 708 υἱοὺς
793 649 1020 717 Ἰσραήλ.
1068 650 1153 709 Ὠς
1190 649 1243 701 δέ
1293 649 1418 717 ἔστη
1456 647 1716 716 ἡσκηνὴ,

180 727 439 795 περιῆγον
464 727 509 777 οἱ
541 727 789 795 ἄρχοντες
815 728 958 798 δῶρα
982 730 1147 781 πολλά
1166 748 1224 781 τε
1251 731 1341 782 καὶ
1369 729 1590 798 μεγάλα.
1618 729 1720 777 Κε-

179 805 388 860 λεύεται
432 806 673 879 Μωῦσῆς
703 808 917 874 ἁγνίσαι
950 810 1071 870 τοὺς
1126 811 1376 871 Λευίτας,
1413 809 1503 860 ml
1533 807 1717 860 ἀκούει

178 886 260 937 δτι
286 885 393 937 ἀπὸ
414 888 747 948 είκοσαέτους
766 888 843 939 δεῖ
866 890 1055 950 αὐτοὺς
1073 890 1391 956 λειτουργεῖν
1408 890 1496 941 ml
1517 889 1715 950 ἐπάνω,

180 965 284 1016 ἀπὸ
313 967 369 1017 δὲ
395 969 869 1035 πεντηκονταέτους
894 970 1213 1035 ἀφίστασθαι
1240 971 1333 1038 τῆς
1365 968 1712 1037 λειτουργίας.

183 1044 397 1098 Κελεύει
430 1050 605 1111 αὐτοῖς
631 1050 658 1101 6
694 1049 822 1111 Θεὸς
852 1050 937 1101 διὰ
967 1051 1237 1112 Μωῡσέως
1270 1051 1485 1119 ποιῆσαι
1526 1050 1585 1101 τὸ
1616 1050 1715 1101 πά-

183 1141 304 1192 σχα.
339 1127 479 1179 Εἰπὲ
510 1128 633 1197 γὰρ,
665 1131 814 1197 φησὶ,
837 1131 932 1182 καὶ
958 1132 1307 1184 ποιείτωσαν
1330 1133 1442 1184 υἱοὶ
1478 1129 1713 1196 Ἰσραὴλ

180 1206 244 1257 τὸ
268 1206 489 1274 πάσχα.
526 1206 629 1261 Ἦν
660 1212 765 1279 γὰρ
795 1212 1002 1277 πρῶτος
1034 1213 1137 1280 μὴν
1160 1212 1250 1263 τοῦ
1277 1212 1516 1280 δευτέρου
1544 1212 1709 1270 ἔτους.

180 1288 482 1357 Προσῆλθον
524 1290 579 1341 δὲ
617 1295 663 1343 οὶ
703 1292 992 1361 ἀκάθαρτοι
1020 1295 1257 1356 Μωῦσεῖ,
1317 1295 1406 1345 ml
1456 1294 1712 1359 ἀνήνεγκε

180 1369 303 1434 περὶ
338 1369 511 1421 αὐτῶν
543 1371 617 1438 τῷ
644 1372 775 1439 Θεῷ.
813 1376 919 1425 Kal
944 1373 1266 1442 προσέταξεν
1299 1376 1326 1425 6
1358 1372 1486 1434 Θεὸς
1509 1373 1596 1422 τὸν
1642 1370 1712 1438 μὴ

177 1445 465 1513 δυνάμενον
495 1452 552 1501 ἐν
580 1451 653 1519 τῷ
676 1452 872 1521 πρώτῳ
913 1456 1037 1521 μηνὶ
1073 1454 1217 1506 θύειν
1248 1454 1307 1505 τὸ
1334 1454 1533 1520 πάσχα,
1562 1450 1594 1520 ἢ
1629 1450 1711 1501 διὶ

174 1527 233 1576 τὸ
264 1528 562 1597 ἀκάθαρτον
584 1527 735 1591 εἶναι,
766 1534 898 1600 ῆδιά
924 1535 983 1585 τὸ
1004 1536 1058 1584 ἐν
1083 1535 1182 1603 ὀδῷ
1210 1536 1391 1602 μακρᾷ
1413 1533 1709 1599 τυγχάνειν,

174 1606 251 1675 τῷ
282 1608 513 1679 δευτέρῳ
554 1614 678 1681 μηνὶ
719 1617 917 1673 ποιεῖν,
952 1618 1014 1683 τῇ
1046 1614 1613 1683 τεσσαρεσκαιδεκάτῃ.
1650 1613 1709 1662 Εἰ

172 1686 227 1735 δέ
258 1704 339 1749 τις
365 1692 455 1742 ml
482 1692 712 1762 καθαρὸς
740 1692 833 1757 ὢν,
862 1696 953 1745 ml
976 1696 1070 1745 οὐκ
1099 1694 1173 1745 ὣν
1199 1694 1254 1745 ἐν
1286 1695 1466 1761 μακρᾷ
1489 1692 1609 1760 ὁδῷ,
1638 1690 1709 1759 μὴ

175 1766 411 1833 βούλοιτο
448 1777 617 1825 ποιεῖν
652 1776 712 1827 τὸ
746 1776 926 1843 πάσχα
955 1778 1010 1827 ἐν
1049 1776 1123 1843 τῷ
1156 1774 1352 1845 πρώτῳ
1402 1777 1561 1843 μηνὶ,
1609 1774 1710 1825 ὑπὸ

173 1847 443 1916 ἁμαρτίαν
488 1854 655 1906 ἔσται.
701 1855 895 1923 Νόμος,
934 1858 1121 1923 φησὶν,
1158 1851 1235 1918 εἷς
1271 1856 1405 1907 ἐστω
1440 1854 1515 1923 τῷ
1548 1870 1711 1922 προσ-

172 1927 353 1996 ηλύτῳ
383 1931 473 1982 ml
498 1933 574 2001 τῷ
598 1934 892 2003 αύτόχθονι.
934 1937 1120 1989 Ἦνίκα
1143 1937 1413 1990 ἀνέϐαινεν
1436 1939 1466 2005 ἡ
1494 1936 1707 2003 νεφέλη,

409 2012 454 2062 οἱ
486 2014 587 2064 υἱοὶ
631 2014 856 2086 Ἰσραὴλ,
880 2019 971 2069 καὶ
999 2013 1057 2071 οῦ
1096 2020 1331 2087 ἀνέστη,
1369 2020 1481 2069 ἐκεῖ
1515 2034 1709 2086 παρεν-

170 2086 408 2140 έϐαλλον.
477 2093 763 2147 Κελεύεται
818 2099 1053 2167 Μωῦσῆς
1115 2086 1330 2168 ποιῆσαι
1412 2097 1709 2163 σάλπιγγας

168 2173 440 2239 ἀργυρᾶς,
484 2177 621 2228 ὥστε
660 2177 725 2228 δι’
750 2179 923 2232 αὐτῶν
966 2182 1241 2248 σημαίνειν
1272 2181 1347 2249 τῷ
1384 2180 1511 2247 λαῷ,
1550 2179 1706 2247 ἡνίκα

168 2253 378 2322 ἀπᾶραι
398 2256 521 2318 δέοι,
542 2258 697 2325 ἡνίκα
732 2264 1046 2326 συναγαγεῖν
1077 2263 1165 2313 τὸν
1196 2262 1316 2313 λαὸν
1350 2264 1405 2314 ἐν
1435 2260 1702 2329 πολέμοις,

170 2332 227 2381 ἐν
256 2334 478 2397 θυσίαις,
514 2340 812 2407 χρήσασθαι
839 2345 956 2402 ταῖς
988 2342 1231 2409 σάλπιγξι
1259 2344 1478 2404 ταύταις
1506 2344 1562 2394 ἐν
1590 2346 1707 2411 ἐορ-

168 2412 461 2484 τατςήῦὅὸ]
493 2419 548 2468 ἐν
581 2421 917 2487 νεομηνίαις,
955 2424 1010 2472 ἐν
1054 2423 1503 2491 ὁλοκαυτώμασιν.
1548 2422 1630 2484 Ὠς
1652 2423 1704 2475 δὲ

168 2492 369 2561 ἐξῆραν
384 2496 431 2545 οι
451 2498 551 2548 υἱοὶ
566 2499 790 2569 Ἰσραὴλ,
816 2503 1106 2569 παρεκάλει
1123 2505 1208 2554 τὸν
1223 2504 1411 2572 Ἰωϐἀρ
1431 2515 1454 2542 α
1477 2503 1703 2571 Μωῡσῆς

167 2574 281 2625 υἱὸν
318 2576 575 2646 Ῥαγουὴλ
599 2580 687 2631 τὸν
717 2582 807 2633 καὶ
831 2584 1009 2651 Ίοθὸρ,
1034 2583 1168 2636 ὥστε
1196 2585 1340 2654 αὑτῷ
1366 2588 1453 2638 καὶ
1475 2587 1566 2652 τῆς
1586 2585 1702 2636 ὁδοῦ

165 2658 505 2725 κοινωνῆσαι,
536 2662 625 2711 ml
651 2662 756 2713 τῶν
785 2664 1211 2730 ἐπαγγελθέντων
1248 2669 1458 2733 ἀγαθῶν
1486 2669 1664 2729 αὐτοῖς
1685 2682 1697 2694 ·

165 2737 259 2787 καὶ
292 2740 349 2789 ἐν
373 2739 449 2807 τῷ
476 2740 705 2811 ἐξαίρειν
732 2743 828 2811 τὴν
859 2746 1103 2810 κιϐωτὸν,
1128 2746 1243 2799 εἷπε
1270 2750 1520 2817 Μωῦσῆς·
1579 2751 1699 2813 Ἐξ-

164 2817 1272 2890 ετέρθητι,Κύριεβιασκορπισθήτωσαν
1294 2834 1343 2880 οἱ
1358 2832 1551 2893 ἐχθροί
1567 2848 1699 2891 σου,

165 2898 513 2964 φυτέτωσαν
545 2900 761 2966 πάντες
790 2907 841 2956 οἱ
870 2906 1185 2971 μισοῦντές
1222 2923 1313 2959 σε.
1343 2909 1450 2959 Kal
1478 2910 1700 2976 ἐγόγγυ-

165 2977 255 3040 ξεν
277 2981 304 3030 6
333 2978 475 3041 λαὸς,
506 2982 596 3033 ml
622 2986 857 3053 κατεκάη
889 2987 1046 3056 μέρος
1090 2988 1187 3054 τῆς
1220 2990 1579 3056 παρεμϐολῆς,
1612 2991 1701 3042 καὶ

162 3058 361 3129 ἐκλήθη
384 3062 411 3111 6
430 3063 587 3124 τόπος
616 3065 968 3135 ἐμπυρισμός.
989 3069 1092 3119 Kal
1119 3069 1313 3136 ηὔξατο
1339 3071 1593 3138 Μωῦσῆς,
1613 3072 1701 3122 ml

163 3138 434 3192 ἐπαύσατο
466 3144 498 3211 ἡ
526 3147 777 3215 τιμωρία.
811 3147 916 3198 Καὶ
942 3146 1161 3215 ἐζήτουν
1188 3152 1340 3217 κρέα,
1374 3153 1465 3201 καὶ
1492 3151 1695 3217 ἔλεγον·

175 3218 587 3291 Ἕμνήσθημεν
607 3228 744 3291 τοὺς
765 3228 949 3294 ιχθῦς.
989 3230 1093 3293 οὓς
1120 3232 1403 3299 ἠσθίομεν
1430 3234 1496 3285 ἐν
1531 3236 1701 3300 Αίγύ-

162 3313 306 3363 πτῳ,
338 3302 474 3368 τοὺς
494 3309 761 3373 σικύους,
789 3309 882 3361 καὶ
918 3310 1056 3373 τοὺς
1086 3310 1363 3375 πέπονας,
1396 3315 1463 3364 τὰ
1486 3314 1699 3378 πράσα,

163 3381 235 3432 τὰ
261 3383 546 3449 κρόμμυα,
573 3387 642 3439 τὰ
666 3389 919 3454 σκόροδα
945 3391 990 3442 δ.
1022 3390 1147 3442 Νῦν
1175 3390 1242 3442 δὲ
1275 3392 1311 3453 ἡ
1342 3392 1508 3457 ψυχὴ
1540 3392 1703 3458 ἡμῶν

161 3464 525 3530 κατάξηρος·
565 3468 742 3520 οὐδὲν
768 3472 931 3536 πλὴν
956 3474 1041 3536 εὶς
1073 3472 1136 3523 τὸ
1161 3473 1361 3540 μάννα
1388 3475 1439 3523 οὶ
1485 3475 1700 3539 ὀφθαλ-

155 3544 256 3610 μοι
510 3547 593 3607 Ὠς
618 3547 671 3600 δὲ
703 3549 986 3618 ἐϐαρύνετο
1016 3552 1109 3621 τὴν
1134 3554 1475 3604 άντιστασίαν
1507 3553 1699 3615 αὐτῶν,

161 3627 253 3679 καὶ
286 3628 599 3699 ἐνετύγχανε
626 3632 698 3700 τῷ
726 3633 859 3701 Θεῷ,
899 3635 1243 3705 προστίθησιν
1285 3634 1429 3702 αὑτῷ
1476 3634 1702 3703 ἐϐδομή-

160 3723 323 3759 κοντα
352 3710 765 3780 πρεσϐυτέρους,
795 3714 931 3765 ὥστε
966 3715 1422 3785 συλλαμϐάνεσθαι
1468 3716 1613 3783 αὑτῷ
1646 3716 1703 3766 ἐν

156 3790 222 3856 τῇ
256 3790 418 3858 ἀρχῇ.
452 3792 581 3843 Τότε
612 3794 702 3845 τοῦ
748 3796 917 3863 Ἰησοῦ
964 3798 1053 3848 τοῦ
1094 3800 1244 3867 Ναυῆ
1281 3799 1546 3860 είπόντος·
1579 3797 1701 3851 Κώ-

158 3867 315 3921 λυσον
339 3870 428 3921 τὸν
465 3873 576 3923 υἱὸν
621 3874 800 3926 meas
834 3878 921 3927 ml
964 3879 1157 3931 Mw6'16
1193 3878 1285 3931 τοῦ
1319 3880 1700 3947 προφητεύειν,

157 3952 321 4019 φησὶν
338 3954 366 4003 6
396 3954 627 4021 Μωῦσῆς
644 3972 655 3983 ·
679 3958 887 4021 Ζηλοῖς
907 3959 983 4010 σύ
1005 3976 1137 4025 μοι;
1168 3961 1273 4013 Kal
1303 3961 1389 4023 τίς
1416 3960 1497 4023 δῷ
1515 3962 1701 4014 ᾶπαν-

154 4049 228 4088 τα
254 4035 361 4087 τὸν
384 4038 537 4089 λαὸν
572 4039 784 4104 Κυρίου
814 4040 1145 4107 προφήτας;
1180 4043 1308 4094 Τότε
1347 4042 1510 4111 ἀνέϐη
1544 4043 1699 4111 ὀρτυ-

153 4116 408 4186 γομήτρα
435 4118 583 4186 παρὰ
610 4119 831 4188 Κυρίου,
867 4121 956 4172 ml
995 4123 1210 4188 ἔφαγον.
1244 4123 1350 4174 Kal
1370 4124 1436 4174 τά
1462 4124 1594 4191 κρέα
1632 4120 1699 4192 ἦν

155 4199 213 4249 ἐν
244 4200 359 4259 τοῖς
390 4197 595 4250 ὀδοῦσιν
619 4200 814 4261 αὐτῶν,
846 4203 970 4271 πρὶν
999 4202 1029 4271 ἢ
1058 4204 1311 4257 ἐκλιπεῖν.
1344 4204 1506 4255 Τοῦτο
1542 4206 1602 4256 τὸ
1642 4209 1700 4257 ἐν

153 4278 353 4349 ψαλμῷ
394 4280 701 4349 εἰρημένονο
734 4282 852 4333 Ἔτι
881 4283 987 4349 τῆς
1008 4286 1284 4351 βρώσεως
1312 4288 1497 4352 οὔσης
1527 4288 1595 4337 ὲν
1621 4287 1699 4350 τῷ

152 4363 401 4429 στόματι
427 4360 638 4422 αὐτῶν,
672 4361 769 4416 καὶ
794 4363 935 4429 ὀργὴ
958 4366 1060 4417 τοῦ
1092 4366 1235 4419 Θεοῦ
1268 4368 1445 4433 ἀνέϐη
1482 4368 1571 4419 ἐπ’
1593 4370 1697 4420 αὺ-

152 4444 330 4505 τοὺς’
379 4442 475 4493 καὶ
515 4440 859 4495 ἀπέκτεινεν
893 4445 961 4496 ἐν
1012 4446 1131 4510 τοῖς
1178 4448 1447 4500 πλείοσιν
1482 4447 1694 4501 αὐτῶν.

165 4524 397 4593 Ἐκλήθη
424 4524 479 4575 δὲ
513 4526 540 4577 6
567 4525 727 4586 τόπος
754 4519 905 4587 οὗτος
945 4528 1191 4596 μνήματα
1221 4529 1523 4597 ἐπιθυμίας.
1566 4530 1697 4580 Τότε

152 4604 483 4672 κατελάλησε
512 4605 589 4674 τῷ
615 4607 835 4658 Μωῦσεῖ
860 4608 1042 4675 Μαρία
1066 4649 1079 4668 ,
1109 4608 1360 4675 λέγουσα·
1401 4609 1497 4675 Μὴ
1542 4609 1697 4672 αὐτῷ

146 4686 311 4753 μόνῳ
336 4684 636 4751 ἐλάλησεν
659 4689 691 4738 ὀ
718 4688 856 4751 Θεός
877 4706 896 4751 ;
928 4689 1107 4741 Εἰπὼν
1140 4689 1195 4740 δὲ
1226 4691 1253 4739 6
1278 4690 1425 4751 Θεὸς,
1456 4691 1533 4741 ὃτι
1555 4689 1697 4757 αύτῷ

154 4768 299 4834 μόνῳ
334 4768 621 4835 προφητῶν
666 4768 919 4836 ἐλάλησεν
954 4769 1153 4831 οὕτως.
1188 4770 1445 4822 ἐπέϐαλεν
1480 4772 1570 4822 ἐπὶ
1601 4771 1697 4839 τὴν

151 4847 385 4917 Μαριὰμ
404 4847 624 4917 λέπραν,
648 4850 739 4901 καὶ
763 4850 1031 4911 Μωῦσέως
1053 4850 1325 4918 δεηθέντος
1348 4852 1483 4919 ὑπὲρ
1506 4853 1692 4921 αὐτῆς,

149 4930 209 4980 οὐ
241 4929 501 4997 πρότερον
522 4929 687 4998 αὐτὴν
702 4930 874 4998 ἀφῆκε
896 4931 1300 5000 ωθαρισθῆναι,
1329 4932 1429 4993 ἕως
1449 4933 1695 4999 ἐποίησεν

152 5008 289 5060 ἐπτά
323 5009 527 5078 ἡμέρας
556 5010 657 5073 ἐξω
670 5012 765 5079 τῆς
788 5013 1152 5081 παρεμϐολῆς.
1172 5014 1381 5082 Πέμπει
1404 5013 1530 5079 γοῦν
1550 5031 1695 5076 τινας

153 5096 216 5143 ἐκ
246 5092 339 5145 τοῦ
376 5091 501 5143 λαοῦ
545 5095 978 5163 κατασκέψασθαι
1023 5097 1116 5165 τὴν
1163 5099 1261 5165 γῆν
1304 5098 1535 5150 Χαναάν.
1592 5100 1696 5150 Καὶ

154 5183 650 5252 κατασκεψάμενοι,
694 5186 882 5255 βότρυν
913 5188 1144 5255 ἤνεγκαν
1188 5190 1423 5251 ἐκεῖθεν,
1470 5190 1560 5240 ml
1600 5190 1695 5255 τὴν

329 5378 702 5459 ξίξιίίε-ϐτεοξξδ
720 5384 912 5459 ις-ςὶριε
928 5385 1089 5459 ’ρξὰίῇ
1113 5390 1163 5432 cl
1186 5388 1231 5433 in
1254 5386 1471 5433 Hebreo.
1501 5385 1693 5445 Lugdu-

152 5443 315 5486 nensis
332 5452 527 5546 (Luoqpe
559 5443 710 5488 codex
746 5443 912 5490 Ἰωϐάϐ
933 5445 1093 5490 habet.
1577 5443 1596 5445 “

156 5558 175 5569 _
212 5498 321 5569 δμξ
382 5500 916 5569 illlilg'Gmpiglegllglr
940 5506 1016 5549 καὶ
1055 5506 1113 5569 τὰ
1134 5504 1348 5569 κρόμμυα
1378 5506 1453 5550 καί
1476 5506 1533 5551 τὰ
1554 5507 1694 5567 σκόρ-

152 5557 566 5629 61.'Li_brot‘e_rl.io
605 5564 661 5610 ad
701 5557 954 5624 Stagirium
985 5571 1017 5612 ι.
1053 5564 1089 5622 l,
1115 5557 1291 5624 p.908,
1335 5566 1511 5625 lcgllur
1552 5557 1693 5614 ctiuln

152 5619 374 5681 σκόροδα,
398 5625 451 5667 ul
468 5619 563 5668 hic.

1214 374 1536 431 SYNOPSIS
1574 374 1981 430 SCRIP’IURIE
2018 374 2283 432 εΑοηΑε.

3260 404 3368 456 332

1823 487 1923 554 γῆν
1951 486 2313 555 ἐθαύμαζον.
2356 488 2665 553 Ἐφοϐοῦντο
2692 488 2799 556 γὰρ
2834 486 2921 539 τὸν
2963 486 3115 547 λαὸν,
3146 486 3219 546 ὠς
3249 502 3352 553 μα-

1818 567 1987 633 χίμων
2014 568 2178 622 ὄντων
2205 568 2309 619 τῶν
2334 569 2447 619 ἐκεῖ
2482 568 2703 636 ἀνδρῶν.
2736 566 2910 619 Χαλέϐ
2928 566 2981 617 δὲ
3012 568 3039 616 6
3066 565 3158 616 τοῦ
3193 566 3350 632 Ἱεφοο

1817 648 1922 709 νεὶ,
1949 649 2037 700 ml
2075 647 2273 716 Ἰησοῦς
2305 650 2333 700 6
2359 647 2449 699 τοῦ
2479 650 2650 716 Ναυῆ,
2682 650 2769 700 ml
2797 649 2945 701 αὐτοὶ
2974 648 3035 699 ἐκ
3059 646 3164 697 τῶν
3188 662 3350 698 κατα⁹

1819 729 2033 779 σκόπων
2060 728 2206 788 ὄντες
2226 769 2241 792 ,
2277 728 2674 797 παρεθάρρυνον
2708 729 2795 779 τὸν
2829 728 2971 782 λαόν.
3008 728 3069 779 Οἱ
3098 726 3155 778 δὲ
3190 721 3350 795 ἦλθον

1816 808 2147 878 λιθοϐολῆσαι
2201 809 2462 871 αὐτούς’ὁ
2509 809 2563 859 δὲ
2611 810 2740 871 Θεὸς
2785 808 3049 878 ὀργισθεὶς
3100 802 3217 860 εἷπε
3273 807 3347 876 μὴ

1815 888 2050 941 ἀνελθεῖν
2074 889 2099 928 ά
2129 890 2248 951 τοὺς
2280 890 2643 956 γογγύσαντας
2666 892 2740 950 είς
2766 890 2860 957 τὴν
2889 889 2987 955 γῆν
3008 888 3102 955 τῆς
3124 890 3345 951 ἐπαγγε-

1813 968 1948 1033 λίας,
1966 972 2012 1022 εί
2054 970 2126 1038 μὴ
2151 971 2215 1022 τά
2240 973 2397 1023 τέκνα
2421 971 2612 1031 αὐτῶν,
2638 972 2726 1021 ml
2755 968 2927 1022 Χαλὲϐ
2965 969 3074 1019 υἱὸν
3108 968 3340 1033 ’ῐεφονεὶ,

1814 1050 1907 1100 καὶ
1940 1050 2157 1119 Ἰησοῦν.
2180 1052 2586 1120 Τεσσαράκοντα
2618 1050 2672 1103 δὲ
2711 1050 2822 1115 ἔτη,
2853 1049 3031 1116 φησὶν,
3063 1047 3266 1101 ἐσονται
3287 1048 3343 1098 ἐν

1810 1133 1874 1198 τῇ
1900 1132 2109 1200 ἐρήμῳ,
2139 1132 2237 1192 ἕως
2260 1131 2325 1184 ἂν
2363 1132 2563 1199 αὐξηθῇ
2596 1131 2663 1182 τὰ
2706 1130 2919 1191 παιδία,
2954 1128 3089 1181 κατά
3120 1126 3341 1195 ἀριθμὸν

1811 1213 1915 1263 τῶν
1945 1212 2179 1280 ἡμερῶν,
2203 1206 2274 1264 ὧν
2302 1213 2660 1280 ἐπεσκέψαντο
2680 1211 2775 1280 τὴν
2802 1214 2920 1279 γῆν.
2952 1210 3079 1261 Τότε
3113 1209 3160 1259 οί
3182 1207 3343 1259 κατά-

1812 1316 1997 1351 σκοποι
2026 1300 2216 1361 πάντες
2250 1300 2528 1363 ἀπέθανον,
2559 1300 2693 1367 πλὴν
2719 1298 2889 1351 Χαλέϐ
2921 1297 3011 1350 ml
3050 1296 3217 1363 Ἰησοῦ
3248 1294 3341 1346 τοῦ

1809 1378 1983 1446 Ναυῆ,
2022 1381 2114 1431 καὶ
2131 1380 2461 1447 ἐπένθησενό
2498 1380 2638 1440 λαός.
2682 1378 3041 1447 Ἀνῆλθονὲπὶ
3061 1376 3148 1429 τὸν
3186 1376 3342 1443 Ἀμα‹

1807 1458 1908 1527 λὴκ
1933 1460 2079 1529 παρὰ
2115 1462 2174 1512 τὸ
2204 1460 2389 1513 δοκοῦν
2420 1460 2494 1529 τῷ
2526 1460 2669 1528 Θεῷ,
2702 1460 2791 1512 καὶ
2818 1462 2849 1527 ἡ
2878 1457 3099 1519 κιϐωτὸς
3125 1456 3340 1523 ἀνέμει-

1808 1556 1894 1591 νεν
1936 1542 1991 1590 ἐν
2026 1543 2090 1609 τῇ
2130 1542 2437 1615 παρεμϐολῇ
2471 1540 2606 1609 μετὰ
2635 1540 2921 1599 Μωῦσέως.
2975 1538 3081 1588 Kal
3124 1534 3341 1615 ἐξῆλθεν

1819 1618 2078 1688 Ἀμαλὴκ,
2125 1614 2215 1673 ml
2266 1622 2556 1688 κατέκοψεν
2604 1620 2811 1680 αὐτούς.
2855 1616 3176 1669 Ἐντέλλεται
3216 1614 3339 1682 περὶ

1808 1701 1954 1773 [534]
1992 1704 2468 1770 ὁλοκαυτωμάτων,
2505 1704 2626 1772 περὶ
2659 1702 2942 1773 ἀπαρχῶν,
2985 1700 3109 1769 περὶ
3144 1697 3337 1749 θυσιῶν

1806 1784 1910 1835 τῶν
1952 1784 2089 1852 ὑπὲρ
2144 1783 2526 1853 πλημμελείας.
2570 1783 2744 1835 Ἐάλω
2792 1801 2870 1844 τις
2910 1782 3038 1847 ξύλα
3086 1778 3334 1842 συλλέξας

1806 1867 1861 1917 ἐν
1892 1866 2139 1935 σαϐϐάτῳ
2163 1908 2177 1928 ,
2211 1868 2300 1918 ml
2340 1864 2694 1933 ἐλιθοϐολὴθη.
2739 1865 3163 1933 Προστάσσονται
3205 1860 3333 1928 κρά-

1808 1947 1969 1999 σπεδα
1995 1948 2082 1998 ἐπὶ
2120 1946 2185 1997 τὰ
2215 1946 2471 2014 πτερύγια
2514 1945 2747 2012 ποιῆσαι.
2784 1944 2861 1994 Ta
2894 1942 3017 2011 περὶ
3067 1940 3204 2009 Κορὲ
3244 1940 3334 1992 καὶ

1802 2028 1975 2079 Δαθάν
2020 2029 2110 2079 ml
2162 2027 2493 2094 Ἀὕηρών’ἠ
2531 2026 2883 2086 ἐπανάστασις
2930 2023 3125 2085 αὐτῶν,
3180 2024 3213 2089 ἡ
3257 2039 3333 2072 τι·

1807 2110 1980 2177 μωρία
2020 2109 2083 2176 ἡν
2134 2107 2335 2159 ἔδοσαν.
2390 2110 2449 2158 Ol
2496 2108 2551 2158 δὲ
2595 2108 2764 2159 λοιποὶ
2811 2106 2901 2158 τοῦ
2953 2105 3101 2164 λαοῦ,
3136 2103 3333 2154 τούτων

1803 2192 2117 2257 γενομένων,
2149 2191 2245 2241 οὐκ
2285 2190 2778 2256 ἐσωφρονίσθησαν,
2818 2186 2950 2239 ἀλλὰ
2978 2186 3135 2238 πάλιν
3173 2186 3332 2234 ἐπαν-

1803 2272 2031 2339 έστησαν
2055 2271 2129 2338 τῷ
2160 2272 2384 2338 Μωῦσῇ,
2419 2273 2509 2323 ml
2538 2271 2923 2339 ἀποθνήσκουσι
2950 2264 3331 2335 τεσσαρεσκαί-

1800 2356 1926 2407 δεκα
1953 2354 2179 2421 χιλιάδες
2209 2356 2300 2406 καὶ
2327 2355 2656 2408 ἑπτακόσιοι,
2684 2354 2810 2403 Τότε
2834 2352 3056 2421 ἡνθησεν
3084 2352 3115 2417 ἡ
3146 2348 3329 2417 ῥάϐδος

1812 2435 2036 2503 Ἀαρών.
2069 2436 2223 2501 Λέγει
2254 2437 2345 2487 καὶ
2371 2436 2707 2487 διατάσσεται
2738 2435 2764 2486 ὃ
2792 2433 3076 2501 λαμϐάνειν
3106 2430 3185 2481 δεῖ
3208 2431 3330 2489 τοὺς

1799 2517 2021 2577 Λευῖτας
2050 2517 2140 2569 ml
2167 2516 2254 2567 τὸν
2296 2517 2440 2585 ἱερέα
2468 2516 2555 2567 τὸν
2581 2517 2766 2584 μέγαν,
2798 2515 2899 2565 Kal
2917 2512 3186 2580 νομοθετεῖ
3207 2509 3330 2576 περὶ

1797 2599 1894 2665 τῆς
1928 2596 2116 2649 σποδοῦ
2152 2598 2245 2663 τῆς
2273 2597 2566 2663 δαμάλεως,
2604 2597 2659 2658 ἐξ
2685 2592 2751 2665 ἦς
2771 2596 2830 2646 τὸ
2861 2595 2997 2662 ὓδωρ
3030 2590 3120 2643 τοῦ
3154 2592 3330 2658 ῥαντι-

1798 2678 1931 2746 σμοῦ
1962 2678 2183 2743 ἐγίνετο.
2207 2677 2313 2745 Τὴν
2342 2678 2395 2728 δὲ
2422 2678 2645 2743 δάμαλιν
2672 2677 2837 2743 αὐτὴν
2857 2674 2997 2735 ἔδοξέ
3025 2689 3132 2722 τισι
3164 2670 3329 2721 τύπον

1796 2760 1930 2812 εἶναι
1964 2760 2051 2811 τοῦ
2083 2760 2280 2820 πάθους
2322 2758 2409 2809 τοῦ
2444 2758 2643 2826 Κυρίου
2681 2756 2831 2823 ἡμῶν
2874 2751 3040 2822 Ἰησοῦ
3076 2751 3326 2821 Χριστοῦ.

1808 2840 1935 2890 Ἀπὸ
1965 2840 2021 2889 δὲ
2058 2839 2154 2904 τῆς
2198 2839 2386 2889 σποδοῦ
2417 2839 2513 2902 τῆς
2548 2837 2819 2903 δαμάλεως
2864 2833 3172 2901 ἐκαθαίρετο
3198 2832 3224 2883 6
3255 2830 3330 2883 ὣν

1796 2921 1884 2972 ἐπὶ
1906 2918 2091 2987 νεκροῦ
2122 2918 2437 2985 ἀκάθαρτος.
2454 2914 2618 2969 ⁷11).οε
2640 2918 2691 2968 δὲ
2714 2920 2740 2968 6
2766 2916 2888 2977 λαὸς
2914 2915 2989 2975 εις
3015 2913 3213 2979 Καδὴς,
3237 2913 3328 2963 καὶ

1795 3002 1908 3053 ἐκεῖ
1936 3000 2167 3052 ἀπέθανε
2207 2999 2422 3067 Μαρία,
2464 2999 2554 3049 ml
2598 2999 2786 3066 ἐτάφη.
2820 2998 2931 3049 Οὐκ
2970 2996 3114 3055 ὄντος
3145 2993 3329 3054 ὓδατος

1794 3082 1950 3131 πάλιν
2000 3080 2346 3145 γογγύζουσιν
2396 3080 2442 3129 οί
2483 3079 2745 3131 Ἰουδαῖοι·
2784 3078 2811 3129 6
2862 3076 2917 3128 δὲ
2962 3074 3195 3141 Μωΰσῆς
3237 3072 3330 3123 ml

1805 3158 2007 3227 Ἀαρὼν
2040 3160 2338 3211 κελεύονται
2371 3161 2431 3209 ἐκ
2473 3160 2568 3225 τῆς
2610 3160 2809 3227 πέτρας
2844 3157 3122 3221 ἐξαγαγεῖν
3162 3153 3323 3221 ὕδωρ.

1806 3240 2094 3301 Ἐπάταξεν
2124 3242 2289 3306 αὐτὴν
2318 3242 2343 3290 6
2373 3240 2605 3305 Μωῦσῆς
2646 3239 2840 3302 λέγων·
2878 3237 2969 3299 Μὴ
2996 3237 3060 3287 ἐκ
3082 3233 3189 3299 τῆς
3222 3232 3323 3284 πέ-

1794 3336 1931 3383 qm;
1967 3321 2182 3382 ταύτης
2224 3318 2509 3383 ἐξάξομεν
2557 3317 2707 3381 ὕδωρ
2740 3315 2908 3381 ῠμῖν;
2950 3314 3056 3365 Kal
3110 3312 3326 3379 ἐξῆλθεν

1797 3398 1955 3468 ὓδωρ.
1984 3399 2091 3451 Καὶ
2129 3396 2246 3449 εἷπε
2273 3398 2469 3466 Κύριος
2516 3395 2648 3464 πρὸς
2695 3396 2926 3461 Μωῦσῆν
2967 3394 3056 3443 ml
3092 3391 3321 3461 ’Λαρώνο

1797 3480 1914 3531 Ὅτι
1950 3482 2056 3532 οὐκ
2099 3476 2484 3531 ἐπιστεύσατέ
2525 3494 2626 3543 μοι
2663 3476 2897 3545 ἁγιάσαι
2943 3489 3017 3540 με
3058 3472 3326 3524 ἐναντίον

1795 3558 1909 3611 τῶν
1942 3558 2083 3611 υίῶν
2114 3559 2373 3625 Ἰσραὴλ,
2401 3558 2496 3611 διὰ
2528 3558 2698 3610 τοῦτο
2735 3558 2842 3610 οὐκ
2878 3554 3139 3617 εἰσάξετε
3164 3552 3327 3619 ὑμεῖς

1793 3640 1905 3704 τὴν
1946 3641 2297 3707 συναγωγὴν
2333 3640 2553 3703 ταύτην
2592 3639 2677 3702 εις
2712 3636 2823 3703 τὴν
2852 3634 2984 3703 γῆν,
3028 3632 3106 3699 ἢν
3141 3632 3331 3687 ἔδωκα

1794 3720 2011 3785 αὐτοῖς.
2069 3719 2428 3789 Πρεσϐεύεται
2485 3718 2717 3785 Μωῦσῆς
2779 3716 2912 3784 πρὸς
2962 3715 3051 3766 τὸν
3108 3712 3330 3781 βασιλέα

1807 3802 1999 3870 Ἐδὼμ,
2026 3802 2108 3853 ἵνα
2151 3802 2258 3871 ἀφῇ
2294 3800 2486 3862 αὐτούς
2510 3812 2531 3839 ο
2552 3818 2564 3830 ·
2594 3802 2621 3851 6
2660 3800 2715 3850 δὲ
2744 3799 2802 3849 οὐ
2840 3797 3201 3866 συνεχώρησε·
3234 3795 3329 3847 καὶ

1796 3883 2065 3947 ἐξέκλιναν
2108 3884 2199 3935 ἀπ’
2236 3883 2395 3935 αὐτοῦ
2427 3883 2528 3933 υἱοὶ
2568 3880 2794 3949 Ἰσραήλ.
2842 3880 2922 3939 Ὠς
2956 3880 3011 3930 δὲ
3048 3874 3210 3945 ἦλθον
3249 3877 3329 3939 είς

1800 3966 1893 4034 Ὣρ
1915 3963 1972 4015 τὸ
2010 3964 2162 4031 ὅρος,
2194 3962 2537 4022 κελεύσαντος
2571 3960 2663 4011 τοῦ
2690 3960 2841 4021 Θεοῦ,
2877 3958 3050 4011 λαϐὼν
3090 3957 3328 4025 Μωῦσῆς

1794 4044 1881 4096 τὸν
1922 4043 2124 4112 ’Λαρὼν
2167 4045 2258 4094 καὶ
2299 4043 2555 4109 Ἐλεάζαρ
2581 4040 2668 4093 τὸν
2704 4040 2813 4091 υἱὸν
2846 4038 3034 4100 αὐτοῦ,
3063 4039 3329 4107 ἀνήγαγεν

1794 4125 1872 4184 είς
1915 4124 1971 4175 τὸ
2003 4124 2157 4192 δρο;“
2202 4124 2293 4173 καὶ
2328 4123 2535 4174 ἐνέδυσε
2584 4121 2672 4172 τὸν
2730 4118 2980 4187 Ἐλεάζαρ
3027 4117 3093 4168 τά
3141 4116 3329 4186 ίμάτια

1794 4201 1974 4253 αὑτοῦ.
2049 4203 2106 4253 '0
2153 4200 2208 4251 δὲ
2254 4200 2458 4269 ’Δαρὼν
2502 4201 2761 4252 ἀπέθανεν
2811 4200 2867 4250 ἐν
2922 4197 2997 4265 τῷ
3033 4196 3165 4265 δραι.
3221 4197 3329 4251 Καὶ

1795 4284 2045 4334 ἔκλαυσεν
2080 4282 2108 4333 6
2150 4279 2273 4342 λαὸς
2302 4282 2589 4350 τριάκοντα
2631 4282 2857 4349 ἡμέρας.
2896 4274 3046 4331 Εἷλον
3096 4278 3185 4329 τόν
3213 4280 3325 4331 Χα-

1794 4366 2022 4425 ναναῖον,
2060 4363 2151 4414 καὶ
2183 4364 2567 4431 ἀνεθεμάτισαν
2602 4362 2780 4415 αὐτόν.
2834 4359 3097 4418 Ἐλθόντες
3136 4358 3192 4409 δὲ
3238 4359 3328 4410 ἐπὶ

1795 4446 2060 4499 θάλασσαν
2102 4445 2382 4513 Ἐρυθρὰν,
2419 4444 2675 4495 ἐκύκλουν
2714 4443 2809 4510 τὴν
2853 4444 2952 4507 γῆν
3004 4439 3204 4509 Ἐδὼμ,
3237 4442 3327 4493 καὶ

1793 4524 2179 4593 ὼλιγοψύχουν,
2230 4525 2320 4575 καὶ
2363 4522 2752 4589 κατεγόγγυζον
2796 4524 2996 4589 Μωῡσῇ
3022 4535 3035 4548 ·
3082 4522 3173 4572 καὶ
3225 4521 3329 4571 άπι-

1793 4609 2025 4660 έστειλεν
2066 4608 2092 4657 6
2130 4606 2256 4668 Θεὸς
2287 4606 2371 4656 ἐπ’
2412 4605 2604 4663 αὐτοὺς
2642 4602 2789 4662 δφεις
2822 4602 3189 4661 θανατοῦντας.
3222 4602 3327 4654 Καὶ

1792 4689 1987 4758 ηὔξατο
2018 4686 2252 4753 Μωῦσῆς
2272 4702 2285 4715 ⁸
2320 4686 2411 4737 καὶ
2436 4683 2651 4753 ἐποίησε
2673 4680 2900 4750 χαλκοῦν
2920 4682 3060 4747 ὅφιν,
3097 4697 3325 4748 προστα-

1792 4771 1935 4837 χθεὶς
1973 4768 2075 4819 ὑπὸ
2109 4766 2200 4817 τοῦ
2245 4765 2395 4817 Θεοῦ.
2440 4765 2545 4815 Kal
2583 4766 2610 4815 6
2652 4762 3003 4831 δακνόμενος,
3042 4762 3199 4829 ἡνίκα
3243 4762 3327 4813 ἀν-

1793 4850 2007 4915 έϐλεψεν
2032 4852 2108 4909 εἰς
2133 4848 2220 4898 τὸν
2244 4847 2380 4912 ὅφιν,
2410 4845 2502 4913 ἔζη
2555 4844 2687 4912 Περὶ
2711 4842 2895 4894 τούτου
2928 4842 3017 4893 τοῦ
3048 4842 3217 4907 ὄφεως
3253 4843 3324 4892 εί-

1795 4948 1947 4999 ρηται
1976 4934 2031 4981 ἐν
2056 4928 2132 4995 τῷ
2157 4926 2482 4993 Εὑαγγελίῳ·
2500 4925 2697 4989 Καθὼς
2714 4926 2918 4990 ὕψωσε
2946 4921 3199 4986 Μωϋσῆς
3224 4923 3327 4973 τὸν

1790 5014 1926 5078 ὅφιν
1952 5013 2019 5063 ὲν
2046 5009 2117 5076 τῇ
2148 5008 2373 5075 ἐρήμῳ,
2400 5007 2548 5059 οὕτω
2580 5006 2668 5057 δεῖ
2709 5003 3012 5071 ὑψωθῆναι
3053 5002 3155 5054 τὸν
3195 5003 3327 5055 Υιόν

1790 5093 1890 5144 τοῦ
1918 5090 2243 5157 ἀνθρώπου.
2269 5088 2627 5158 Πρεσϐεύεται
2649 5086 2884 5153 Μωῦσῆς
2912 5084 3044 5153 πρὸς
3069 5084 3158 5135 τὸν
3184 5083 3326 5152 βασις

1789 5176 1880 5226 λέα
1904 5175 2009 5225 τῶν
2051 5176 2102 5223 ’Λ
2114 5172 2383 5241 μορραίων
2404 5171 2490 5221 τὸν
2510 5169 2675 5238 Σηών.
2704 5161 2867 5228 Οὗτος
2887 5167 2939 5218 δέ
2960 5169 2987 5218 6
3011 5163 3158 5235 Σηὼν
3180 5165 3329 5217 πολε-

1851 5264 1873 5292 ε
1898 5262 1949 5310 In
1994 5258 2299 5308 Onomaslico
2344 5257 2663 5318 Athanasiapo
2698 5255 2755 5301 ad
2794 5266 2977 5318 vocem.
3000 5251 3213 5318 θαυμάζω
3250 5251 3325 5298 di-

1788 5325 1947 5371 ximus
1969 5322 2089 5368 hanc
2116 5332 2276 5364 vocem
2303 5330 2432 5377 sepe
2470 5316 2758 5379 signiﬁcare,
2780 5310 3233 5379 cumadmiratian
3247 5323 3323 5379 ες-

1792 5370 1938 5438 lébro,
1965 5380 2124 5427 laudo.
2154 5379 2254 5426 Hoc
2279 5370 2421 5425 senisu
2446 5370 2639 5436 pro'rsus
2668 5370 2753 5421 hic
2772 5371 3003 5434 explicari
3022 5370 3168 5419 debet
3191 5370 3323 5418 ἐθαύ-

1828 5448 1949 5495 αζον.

1795 5460 1949 5501 μαςον.

1854 5503 1875 5537 d
1901 5500 2093 5548 Cuislin.
2120 5500 2196 5544 καὶ
2218 5499 2352 5545 πάλιν
2393 5494 2680 5557 ὀργιζόμενον
2716 5495 2795 5539 τὸν
2831 5494 2964 5541 Θεὸν.
2997 5492 3114 5541 Τότε
3148 5488 3273 5536 εἶπεν
3296 5495 3325 5537 ὁ

1792 5565 1904 5614 Θεὸς
1925 5563 1985 5618 μὴ
2010 5559 2221 5614 ἀνελθεῖν,
2257 5571 2363 5617 quae
2378 5555 2487 5618 subl
2511 5555 2765 5618 ἀσύστατα.

1862 5635 1883 5665 '3
1905 5616 2007 5669 "Ilva
2027 5622 2116 5670 ἀεὶ
2144 5616 2322 5676 αὐτούς,
2346 5617 2515 5681 supple
2536 5616 2853 5676 παρέρχεσθαι,
