4000 6220
165 381 278 434 333

165 475 382 544 [ligatus
422 477 490 530 ab
538 476 638 530 illis
671 484 786 529 est:
827 474 1087 540 urbesque
1123 471 1234 537 ejus
1259 478 1510 536 ceperunt
1548 469 1712 518 Israc-

175 568 298 621 litz.
340 567 617 635 Congressi
669 564 826 618 etiam
866 577 983 617 cum
1028 562 1102 630 Og
1149 575 1269 627 rege
1311 561 1496 620 Basau,
1535 557 1716 611 iisdem

176 657 346 723 ipsum
401 655 552 708 malis
598 651 908 713 affecerunt,
949 650 1096 718 queis
1137 651 1272 702 Scon
1319 647 1617 710 affecerant,
1657 659 1718 698 ac

177 755 370 798 terram
395 743 650 810 urbesque
679 740 795 808 ejus
821 753 1004 793 omnes
1027 746 1295 804 ceperunt.
1325 736 1475 787 Mittit
1505 749 1592 787 rex
1628 734 1718 786 Ba-

177 835 257 888 lac
284 835 348 888 ad
372 835 579 887 Balaam
611 841 780 885 vatem
799 872 813 895 ,
840 839 897 884 ut
925 829 1255 883 malediceret
1281 828 1548 894 populum.
1582 825 1719 877 Deus

175 935 349 977 autem
382 922 527 975 initio
561 921 770 990 quidem
815 917 1140 987 prohibebat.
1174 916 1240 970 Ut
1279 923 1450 968 autem
1497 913 1720 966 instabat

177 1012 260 1064 ille
281 1010 414 1078 apud
453 1019 643 1072 vatem,
669 1007 928 1060 concessit
947 1005 1155 1073 quidem
1185 1013 1240 1056 ut
1267 1005 1383 1061 iret,
1415 1000 1507 1054 sed
1535 1015 1636 1054 non
1664 1008 1719 1053 ut

176 1099 510 1154 malediceret
542 1115 555 1148 :
589 1096 680 1150 sed
719 1095 974 1149 convertit
1003 1092 1396 1146 maledictiones
1427 1091 1475 1142 in
1504 1089 1717 1143 benedi-

176 1189 401 1241 ctionem
431 1188 525 1254 (a).
563 1184 674 1237 Non
702 1182 840 1250 quod
863 1181 1126 1249 quidpiam
1164 1187 1376 1247 possent
1397 1177 1720 1230 maledictio-

177 1291 276 1330 nes
317 1275 488 1337 vatis,
517 1273 608 1326 sed
652 1273 770 1340 quia
817 1271 1040 1324 miseriis
1074 1269 1288 1323 aﬁ‘ectus
1326 1276 1438 1322 erat
1475 1266 1714 1334 populus,

176 1365 468 1418 crediturus
492 1371 609 1416 erat
630 1362 766 1414 illius
795 1359 1261 1422 maledictionibns,
1280 1357 1484 1423 illicquc
1507 1363 1717 1422 propter

178 1454 528 1507 inﬁrmitatem
568 1467 714 1505 suam
758 1449 1082 1502 damnandus
1120 1456 1252 1500 crat.
1296 1446 1388 1498 llic
1421 1446 1484 1497 de
1509 1445 1717 1497 Christo

179 1543 491 1596 vaticinatur
531 1541 710 1594 dicens
738 1557 749 1592 :
786 1539 983 1591 Orietur
1010 1539 1150 1590 stella
1178 1551 1239 1588 cx
1263 1534 1446 1594 Jacob,
1475 1545 1518 1586 et
1552 1542 1716 1601 surget

178 1636 322 1686 homo
350 1649 410 1686 ea:
437 1631 595 1685 Israel
621 1630 799 1700 (Nunt.
831 1628 920 1680 24.
954 1629 1062 1694 17).
1097 1626 1318 1692 Spiritus
1342 1624 1480 1676 enim
1515 1622 1601 1674 Dei
1626 1621 1718 1673 fttit

177 1726 227 1777 in
257 1733 395 1777 vate.
422 1723 490 1778 Ut
515 1736 639 1774 vero
673 1721 798 1772 abiit
830 1718 1058 1781 Balaam,
1091 1716 1412 1768 fornicamur
1441 1713 1528 1765 filii
1557 1711 1713 1765 Israel

176 1829 294 1866 cum
341 1813 544 1866 ﬁliabus
587 1809 752 1873 Moab,
795 1815 849 1862 et
893 1806 1162 1860 initiantur
1206 1800 1717 1870 Beelphcgor.Tunc

178 1903 409 1971 pratcipit
431 1902 652 1971 Moyses,
680 1908 736 1953 ιιι
766 1899 1118 1966 unusquisque
1147 1895 1357 1948 fratrem
1385 1907 1533 1946 suum
1565 1892 1714 1944 idolis

175 1993 487 2047 servientem
536 1990 828 2044 interﬁciat.
858 1988 1002 2041 Tunc
1046 1987 1266 2040 Pbinees
1308 1985 1444 2036 filius
1483 1983 1714 2036 Eleazari

174 2080 408 2134 confodit
432 2079 672 2132 Zambrin
703 2078 1004 2139 lsraclitam,
1035 2084 1086 2128 et
1113 2073 1301 2128 Chasbi
1333 2071 1713 2125 Madianitidem

176 2185 293 2221 eum
316 2169 405 2221 illo
431 2186 444 2219 :
476 2167 540 2220 Et
565 2175 842 2235 rcputatttm
867 2176 934 2217 est
965 2165 1038 2216 illi
1061 2163 1125 2214 ad
1140 2162 1386 2232 justitiam
1404 2159 1568 2230 (Psal.
1594 2159 1712 2213 105.

175 2261 292 2331 51).
321 2260 467 2314 Tunc
497 2268 838 2313 numerantur
869 2257 954 2308 ﬁlii
987 2255 1141 2309 lsrael
1164 2269 1191 2306 a
1222 2252 1471 2321 vigesimo
1498 2266 1636 2302 anno
1664 2258 1716 2302 et

175 2365 352 2417 supra,
379 2361 428 2404 et
452 2350 643 2402 inventi
669 2358 786 2400 sunt
808 2345 1036 2398 sexcenti
1064 2353 1115 2398 et
1144 2352 1248 2396 tres
1275 2342 1414 2394 mille
1440 2351 1490 2393 et
1509 2340 1714 2407 triginta

173 2441 291 2493 viri.
339 2440 532 2493 Levita:
571 2448 743 2491 autem
786 2447 891 2489 tres
938 2445 988 2488 ct
1025 2433 1202 2501 viginti
1232 2432 1372 2484 mille
1397 2445 1426 2481 a
1458 2442 1636 2482 mense
1664 2436 1716 2478 et

172 2545 350 2598 supra.
384 2530 475 2582 1110
515 2543 703 2581 census
737 2527 787 2578 in
823 2524 1050 2579 Arabotb
1081 2523 1229 2575 Moab
1259 2522 1420 2573 factus
1454 2526 1534 2572 est
1574 2529 1716 2569 trans

172 2619 474 2673 Jordanem.
511 2617 688 2684 Neque
727 2617 776 2667 in
825 2615 926 2667 illis
956 2622 1067 2666 erat
1103 2611 1356 2678 quiSpiam
1399 2623 1459 2661 ex
1494 2609 1552 2659 iis
1583 2621 1712 2674 quos

173 2714 564 2760 entuucraverat
596 2706 736 2773 prius
766 2702 970 2772 Moyses
1000 2702 1049 2754 in
1072 2700 1279 2753 deserto
1307 2698 1451 2760 Sina,
1484 2695 1714 2761 exceptis

171 2797 296 2850 Jesu
341 2796 445 2849 ﬁlio
478 2794 620 2848 Nave
645 2834 657 2857 ,
689 2792 987 2846 etChalebo
1025 2791 1130 2842 ﬁlio
1162 2788 1418 2855 Jephone.
1449 2784 1717 2839 Accedunt

171 2885 410 2953 quaedam
453 2884 571 2938 ﬁlias
609 2882 830 2950 Salpaad
875 2897 941 2934 ex
985 2880 1119 2934 tribu
1164 2878 1403 2930 Manassc
1452 2883 1712 2942 rogantes,

173 2990 292 3027 cum
324 2983 467 3042 pater
488 2988 668 3027 eorum
696 2971 814 3024 ﬁliis
840 2968 1085 3023 masculis
1111 2967 1265 3019 orbus
1294 2973 1528 3017 mortuus
1556 2970 1713 3026 esset,

175 3075 231 3114 ut
262 3065 325 3116 ad
356 3079 410 3116 se
440 3063 701 3116 hereditas
738 3060 936 3112 veniret
962 3068 1116 3125 atque
1146 3056 1426 3124 possessio.
1463 3052 1716 3119 Praecepit

177 3153 316 3206 Deus
344 3162 399 3204 ιιι
432 3152 532 3205 illa:
562 3151 880 3219 acciperent.
914 3149 981 3202 Et
1012 3149 1053 3202 si
1087 3149 1204 3216 quis
1242 3147 1355 3198 sine
1390 3144 1496 3196 ﬁlio
1522 3144 1712 3210 obiret,

176 3242 443 3294 mandavit
471 3249 527 3293 ut
556 3241 657 3294 ﬁlia
680 3249 822 3294 esset
849 3240 1001 3291 heres
1033 3255 1046 3302 ;
1076 3239 1117 3290 si
1156 3252 1254 3289 nec
1280 3236 1438 3288 ﬁliam
1465 3233 1679 3285 haberet
1699 3272 1712 3294 ,

176 3331 338 3384 frater
365 3346 380 3392 ;
407 3331 448 3384 si
474 3330 686 3384 fratrem
715 3345 815 3382 non
836 3329 1069 3390 haberet,
1093 3328 1253 3395 patris
1282 3325 1457 3378 frater.
1481 3322 1717 3376 Ostendit

178 3421 317 3472 licus
340 3419 498 3487 Moysi
524 3434 588 3473 ex
606 3428 780 3472 monte
799 3418 941 3471 Navo
961 3417 1029 3487 (b)
1053 3427 1240 3471 terram
1265 3413 1642 3483 promissionis,
1666 3419 1717 3464 ct

177 3508 226 3562 in
247 3509 544 3577 ejuslocum
564 3509 665 3562 dux
689 3509 1017 3561 constituitur
1042 3506 1192 3561 Jesus
1221 3505 1354 3557 filius
1382 3503 1544 3556 Nave.
1574 3501 1718 3554 Tunc

178 3599 332 3665 prmci
341 3598 475 3666 pitur
492 3597 608 3652 ﬁliis
627 3597 780 3651 Israel
799 3598 862 3650 de
879 3597 1210 3658 holocaustis,
1226 3595 1292 3648 (10
1308 3593 1571 3649 sacriﬁciis
1601 3608 1720 3662 quo-

177 3690 406 3753 tidianis,
424 3689 488 3744 de
503 3690 604 3743 illis
624 3704 738 3757 qua:
762 3689 812 3741 in
840 3688 1072 3752 sabbato,
1098 3687 1163 3740 de
1185 3686 1284 3739 illis
1311 3701 1423 3753 quae
1441 3685 1488 3736 in
1513 3699 1721 3736 neome-

177 3779 278 3831 niis
300 3817 316 3840 ,
344 3778 408 3830 de
434 3778 495 3830 iis
530 3793 644 3845 quas
674 3778 724 3829 in
755 3775 943 3843 pascha
970 3814 983 3838 ,
1014 3776 1079 3828 de
1106 3776 1168 3827 iis
1194 3789 1308 3842 qua:
1337 3775 1385 3825 in
1412 3773 1496 3825 die
1522 3772 1719 3824 hebdo-

177 3869 469 3933 madarum,
494 3867 560 3920 de
591 3869 652 3920 iis
672 3881 786 3935 quas
807 3866 1031 3934 septimo
1067 3879 1267 3918 mense.
1298 3863 1538 3930 Praecipit
1565 3863 1720 3916 etiam

178 3956 244 4009 de
274 3956 405 4009 votis
436 3971 450 4017 ;
492 3955 540 4008 id
569 3964 678 4020 est,
709 3954 773 4008 de
799 3955 861 4007 iis
881 3969 998 4023 qum
1023 3953 1277 4022 quispiam
1310 3950 1573 4004 oﬁ'erenda
1599 3964 1722 4002 con-

178 4045 582 4099 stituerit.Tune
596 4053 865 4098 armantur
888 4043 1157 4096 duodecim
1187 4042 1331 4094 mille
1353 4041 1446 4092 viri
1479 4056 1539 4092 ex
1564 4038 1726 4090 Israe-

182 4135 289 4186 litis
313 4143 494 4187 contra
524 4132 827 4187 Madianitas
847 4172 862 4196 ,
893 4140 944 4185 ct
972 4115 1196 4183 Phinees
1224 4145 1339 4180 cum
1369 4129 1500 4191 illis,
1530 4127 1725 4179 interﬁ—

180 4225 428 4290 ciuntque
449 4236 540 4276 eos
569 4232 622 4276 et
647 4223 872 4290 quinque
898 4235 1044 4288 reges
1065 4219 1307 4279 Madiam,
1334 4227 1385 4271 et
1407 4218 1611 4269 Balaam
1639 4231 1727 4268 va-

184 4322 310 4367 tem.
341 4312 406 4365 Et
434 4311 689 4380 primitias
712 4310 1011 4363 obtulerunt
1040 4309 1144 4362 Deo
1173 4309 1237 4362 de
1263 4307 1444 4374 Spoliis
1467 4346 1480 4369 ,
1508 4315 1724 4359 extera-

186 4417 287 4470 que
317 4403 453 4455 inter
484 4415 542 4456 se
578 4401 887 4454 diviserunt.
921 4400 1240 4454 Accedentes
1271 4398 1434 4452 tribus
1465 4397 1644 4450 Ruben
1676 4404 1728 4450 et

185 4491 320 4552 Gad.
373 4499 428 4545 et
469 4491 680 4545 dimidia
725 4491 892 4545 tribus
932 4490 1189 4555 Manassc,
1227 4491 1524 4558 petebanta
1552 4489 1729 4558 Moyse

187 4582 478 4650 regionem,
514 4595 630 4646 quae
662 4589 742 4633 est
779 4588 921 4632 trans
945 4579 1245 4634 Jordanem.
1284 4580 1374 4633 llle
1413 4593 1537 4632 vero
1564 4579 1727 4642 dedit,

185 4686 304 4725 cum
334 4672 477 4741 prius
505 4670 576 4724 illi
611 4671 969 4738 promisissent
1007 4686 1064 4723 se
1093 4686 1212 4724 cum
1239 4671 1450 4738 reliquis
1481 4670 1730 4724 Israelitis

189 4771 508 4829 pugnaturos
542 4775 656 4814 esse
677 4801 691 4824 ,
727 4758 1111 4827 Jordancmque
1145 4775 1263 4811 cum
1298 4759 1456 4810 armis
1483 4759 1732 4811 transitu-

189 4865 300 4916 ros,
333 4858 388 4901 ιιι
424 4849 678 4902 bellarent
713 4865 806 4916 pro
834 4848 1078 4902 fratribus
1107 4849 1231 4902 suis.
1259 4848 1352 4900 Hie
1381 4849 1729 4900 narrationem

190 4940 321 4994 texit
357 4939 560 5007 Moyses
604 4939 806 4991 itineris
846 4940 910 4991 ab
945 4938 1170 5007 [Egypto
1190 4978 1203 5001 ,
1233 4937 1398 4991 donec
1422 4945 1675 4990 venerunt
1704 4951 1734 4990 e

192 5030 403 5097 regione
445 5026 672 5081 Jcricho.
728 5027 982 5079 iubentur
1035 5029 1107 5080 illi
1161 5029 1513 5082 exterminare
1560 5030 1732 5082 omnia

190 5117 329 5171 idola
355 5117 607 5185 gentium.
633 5116 882 5184 Loquitur
903 5119 1056 5171 etiam
1081 5120 1182 5172 illis
1206 5119 1272 5173 de
1299 5121 1534 5174 terminis
1559 5129 1732 5185 teme,

191 5208 280 5261 ubi
324 5207 578 5275 incipiant
621 5218 674 5261 et
713 5208 798 5259 ubi
838 5208 1096 5263 desinant.
1136 5211 1376 5278 Prazcipit
1408 5211 1564 5264 etiam
1598 5212 1735 5264 circa

190 5303 409 5359 terram,
439 5311 594 5365 quam
632 5297 836 5352 chitas
871 5299 1110 5366 accipere
1145 5300 1447 5367 oportebat,
1479 5299 1619 5352 etde
1644 5313 1732 5351 sex

253 5432 323 5493 (a)
357 5429 672 5493 Hucgrecldit
691 5431 816 5493 illud
843 5431 970 5493 quod
1009 5431 1076 5493 ait.
1113 5429 1217 5490 ipse
1252 5443 1478 5479 sermone
1521 5445 1643 5478 nono
1687 5434 1733 5478 in

196 5489 426 5541 Genesi!!!
457 5492 608 5540 Tomo
638 5491 718 5551 IV,
755 5489 996 5544 οο1.’5.18,
1024 5491 1103 5536 τὸν
1131 5489 1329 5551 Βαλαὰμ
1353 5493 1589 5551 ἠνάγκασέ
1622 5509 1733 5537 ποτε

191 5555 251 5599 τὰ
285 5553 512 5612 μέλλοντα
540 5553 699 5600 εἰπεῖν.

259 5610 326 5673 (bl
349 5613 660 5673 ln‘vulgata,
692 5610 912 5668 Abarim,
942 5611 1205 5658 secundum
1234 5611 1520 5663 llebraicam
1557 5612 1732 5661 verita-

198 5669 319 5721 .em.
343 5669 461 5720 Yidc
491 5669 544 5718 ιιι
565 5673 658 5720 tiae
683 5673 915 5733 Synopsis
947 5673 1326 5720 lleutcronomii.

1177 357 1488 414 SYNOPSIS
1524 351 1924 408 SCRIPTUBIE
1960 350 2221 405 SACBE.

3229 369 3338 421 334

1825 464 2037 521 urbibus
2063 468 2269 538 refugii,
2298 471 2366 524 ita
2395 482 2448 525 ιιι
2476 476 2516 527 is
2547 475 2632 542 qui
2660 484 2850 544 ιιι-(0101·
2877 477 3191 531 voluntatem
3223 481 3358 534 oeci.

1822 555 2004 620 disset,
2027 557 2146 610 illuc
2165 558 2487 627 confugeret,
2513 573 2564 615 et
2586 565 2698 616 sine
2725 565 2958 632 periculo
2988 574 3127 620 esset
3157 568 3225 620 ibi
3255 583 3365 623 ma-

1823 659 1973 708 nens,
2005 645 2174 699 donec
2211 660 2503 703 moreretur
2540 654 2787 706 sacerdos
2830 669 3070 722 magnus.
3099 654 3152 708 Si
3188 666 3361 710 autem

1822 743 1966 787 extra
1991 738 2237 791 terminos
2262 739 2410 793 urbis
2430 751 2725 808 caperetur,
2752 753 2802 795 ct
2829 744 3089 798 occideret
3125 761 3242 797 eum
3269 761 3362 798 co-

1821 835 2007 891 gnatus
2044 827 2201 879 occisi
2227 867 2242 893 ,
2277 828 2360 883 hic
2387 844 2486 881 non
2516 830 2664 883 daret
2691 846 2889 899 pmnas.
2921 833 2987 885 Et
3010 848 3166 900 pauca
3191 834 3362 901 loqui-

1824 922 1906 966 tnr
1928 915 1993 967 de
2019 915 2218 982 legibus
2244 917 2378 970 circa
2405 919 2592 971 caules.
2621 921 2884 973 Accedunt
2910 922 3167 988 principes
3197 922 3360 976 tribus

1822 1002 2054 1056 Manasse
2074 1005 2306 1058 dicentes
2341 1007 2501 1075 Moysi
2531 1026 2542 1060 :
2569 1007 2820 1072 Quoniam
2861 1011 3024 1061 visum
3061 1021 3138 1062 est
3165 1021 3218 1062 ut
3241 1010 3360 1063 ﬁlia:

1821 1093 2038 1162 Salpaad
2068 1095 2364 1162 acciperent
2392 1096 2732 1149 hereditatem
2751 1139 2766 1160 ,
2793 1099 2834 1150 si
2857 1099 3126 1166 contigerit
3151 1113 3239 1151 eas
3257 1115 3358 1150 nn-

1823 1183 1944 1236 bcre
1974 1185 2088 1236 viro
2112 1199 2175 1238 ex
2214 1186 2375 1238 altera
2407 1186 2566 1252 tribu,
2593 1186 2714 1253 quid
2743 1186 2827 1239 ﬁet
2849 1187 2872 1237 ?
2893 1202 3006 1239 sors
3035 1189 3168 1238 enim
3195 1188 3357 1239 tribus

1821 1282 2011 1325 nostra:
2053 1274 2214 1326 exibit
2247 1273 2299 1327 in
2344 1276 2486 1328 illam
2516 1276 2725 1327 tribum.
2755 1275 2899 1329 Tunc
2937 1277 3182 1342 praecepit
3207 1275 3353 1343 Moy-

1820 1375 1924 1425 ses,
1966 1371 2020 1412 ut
2062 1363 2140 1414 vir
2176 1363 2399 1431 quisque
2437 1381 2498 1418 cx
2529 1378 2621 1416 sua
2661 1365 2793 1416 tribu
2834 1378 3046 1416 uxorem
3078 1365 3353 1430 acciperet,

1823 1467 1887 1504 ne
1915 1452 2320 1507 transferrentur
2351 1455 2665 1508 hereditates
2685 1470 2714 1506 a
2743 1455 2877 1507 tribu
2904 1455 2953 1507 in
2980 1454 3190 1506 tribum.

2251 1577 2479 1616 SYNOPSIS
2507 1573 2890 1616 DEUTERO‘NOMII

1888 1672 2043 1736 Quasi
2075 1674 2370 1724 summatim
2404 1674 2574 1740 priora
2604 1675 2774 1724 omnia
2826 1682 2999 1724 narrat
3034 1670 3235 1740 Moyses
3258 1711 3273 1734 ,
3301 1678 3355 1723 ιιι

1821 1761 1920 1812 illis
1952 1761 2000 1811 in
2033 1762 2333 1814 memoriam
2361 1768 2569 1813 revocet
2594 1771 2640 1813 et
2671 1761 2756 1811 Dci
2791 1760 3056 1825 beneﬁcia,
3085 1769 3136 1814 et
3169 1762 3352 1828 nequi-

1821 1850 1941 1902 tiam
1974 1849 2222 1916 ipsorum.
2273 1845 2587 1900 Adbortatio
2616 1861 2680 1899 ne
2712 1844 2850 1899 idola
2878 1848 3075 1899 colant.
3139 1849 3231 1900 llic
3266 1850 3349 1915 ja-

1819 1947 1900 1990 cet
1921 1938 2046 1991 1111ιά
2075 1957 2087 1990 :
2120 1937 2236 1991 Non
2255 1940 2482 1990 adorabis
2502 1937 2688 1998 stellas,
2716 1953 2837 2002 quas
2855 1937 3148 2003 dispensavit
3181 1936 3351 1986 Domi-

1819 2044 1910 2078 nus
1950 2026 2085 2080 Deus
2139 2037 2249 2080 tuus
2295 2028 2518 2080 omnibus
2569 2027 2789 2095 gentibus
2818 2043 2928 2095 quia
2976 2027 3061 2078 sub
3095 2027 3213 2077 carlo
3239 2034 3352 2077 sunt

1821 2117 1840 2185 (
1874 2116 2017 2168 Deut.
2043 2117 2092 2169 4.
2138 2117 2202 2172 19
2231 2116 2250 2185 )
2279 2118 2376 2184 (a).
2405 2117 2532 2169 lllttd
2564 2132 2706 2180 vero,
2734 2116 3060 2184 Dispensavit,
3106 2115 3345 2182 intellige,

1819 2227 1921 2264 non
1950 2209 2085 2280 quod
2113 2211 2222 2277 ipse
2244 2209 2487 2277 jusserit:
2511 2209 2677 2268 absit;
2708 2207 2798 2261 sed
2823 2207 3253 2274 quemadmodum
3281 2207 3353 2257 ait

1819 2300 2000 2353 beatus
2049 2300 2236 2352 Paulus
2265 2313 2278 2348 :
2319 2298 2542 2350 Tradidit
2586 2298 2696 2349 illos
2726 2295 2853 2347 Deus
2881 2296 2930 2346 in
2957 2297 3217 2362 reprobum
3242 2310 3353 2345 scn-

1818 2407 1924 2441 snm
1953 2391 1969 2457 (
2002 2389 2146 2441 Rom.
2197 2392 2243 2442 1.
2272 2389 2339 2442 28
2385 2387 2422 2456 ),
2459 2403 2560 2439 non
2590 2385 2726 2453 quod
2753 2383 3023 2437 tradiderit
3055 2423 3068 2443 ,
3099 2382 3188 2434 sed
3217 2381 3349 2447 quod

1819 2479 1936 2531 illos
1973 2519 1987 2542 ,
2017 2479 2102 2546 qui
2136 2480 2201 2530 ita
2232 2480 2424 2531 vellent
2459 2487 2510 2531 et
2530 2478 2640 2530 sine
2663 2492 2753 2542 spe
2778 2474 3129 2527 conversionis
3154 2484 3348 2535 essent,

1817 2568 2090 2620 dimiserit.
2138 2566 2223 2619 Sic
2260 2575 2313 2618 et
2355 2566 2454 2618 hoc
2479 2566 2595 2618 loco
2620 2605 2633 2625 ,
2668 2563 2976 2630 Dispensavit
3008 2563 3138 2630 illis,
3170 2561 3218 2613 id
3248 2572 3346 2624 est,

1816 2670 1932 2707 cum
1955 2669 2184 2708 errorem
2210 2653 2851 2722 delegissent,resipiscere
2873 2651 3348 2713 nolentes,dimisit.

1819 2745 1912 2796 llic
1939 2743 2197 2810 paululum
2229 2757 2534 2811 progressus
2579 2743 2648 2795 ait
2684 2759 2696 2795 :
2744 2742 2912 2794 Testor
2941 2740 3070 2793 vobis
3107 2742 3280 2792 ca'lum
3307 2750 3351 2792 et

1820 2845 2016 2894 terram,
2044 2849 2127 2886 vos
2157 2834 2395 2900 perituros
2421 2849 2540 2895 esse,
2569 2833 2610 2883 si
2635 2832 2953 2884 abscesseritis
2974 2848 3003 2882 τι
3036 2829 3137 2882 Deo
3159 2831 3175 2895 (
3201 2829 3345 2882 Deut.

1819 2924 1874 2975 4.
1902 2920 1990 2991 26)
2014 2923 2106 2989 (b).
2141 2921 2336 2974 Deinde
2377 2920 2600 2972 ostendit
2625 2921 2782 2971 Deum
2814 2918 2938 2970 nulli
2979 2927 3115 2970 tanta
3145 2917 3350 2984 praesti-

1820 3014 1946 3066 tisse
1974 3015 2104 3065 bona
2133 3021 2321 3080 quanta
2356 3011 2474 3063 illis.
2511 3010 2576 3063 Et
2604 3010 2912 3062 determinat
2943 3015 3046 3060 tres
3089 3007 3246 3058 nrbes
3286 3005 3350 3056 ad

1817 3101 2097 3156 Iordanem
2126 3116 2221 3169 pro
2246 3101 2463 3168 refugio.
2499 3100 2679 3152 Adhuc
2704 3113 2794 3151 eos
2824 3098 2887 3149 de
2913 3096 3140 3164 pristinis
3167 3095 3348 3147 admo-

1820 3198 1949 3255 net,
1991 3191 2165 3256 aitque
2206 3205 2220 3240 :
2262 3188 2387 3256 Liga
2419 3203 2474 3238 ea
2501 3187 2549 3237 in
2577 3185 2798 3236 manibus
2827 3184 2921 3235 tuis
2942 3223 2954 3244 ,
2983 3193 3026 3234 et
3058 3184 3115 3233 in-
3135 3182 3350 3249 postibus

1817 3279 2015 3342 scribes,
2044 3285 2091 3331 et
2117 3277 2308 3329 docebis
2349 3276 2506 3342 ﬁlium
2533 3283 2669 3326 tuum
2697 3274 2714 3340 (
2749 3272 2894 3325 Dent.
2937 3270 2986 3324 6.
3029 3271 3078 3324 8.
3109 3272 3140 3323 9
3184 3269 3223 3337 ).
3254 3270 3348 3323 Ubi

1820 3370 1946 3423 dixit
1974 3377 2144 3421 autem
2171 3380 2284 3434 qua:
2310 3365 2441 3418 mala
2464 3365 2527 3416 iis
2555 3373 2800 3415 eventura
2827 3361 2948 3422 sint,
2980 3359 3022 3412 si
3055 3374 3155 3410 non
3194 3358 3348 3410 obse-

1819 3467 2077 3526 quantur,
2124 3455 2249 3523 ipsis
2296 3453 2534 3506 ﬁduciam
2587 3451 2750 3514 indit,
2802 3464 2867 3502 ne
2897 3449 3071 3501 hostes
3098 3455 3349 3500 metuant.

1824 3547 2025 3600 Rursus
2054 3545 2225 3613 priora
2257 3543 2306 3594 in
2339 3539 2641 3594 memoriam
2666 3547 2892 3591 revocat.
2920 3537 3011 3590 1110
3030 3536 3166 3604 jacet
3194 3534 3314 3586 illud
3337 3552 3349 3586 :

1830 3639 2038 3693 Attende
2069 3636 2152 3689 tibi
2179 3635 2196 3706 (
2226 3633 2357 3686 Ibid.
2391 3649 2437 3685 υ.
2471 3633 2535 3684 15
2566 3631 2605 3699 ),
2633 3629 2769 3698 quod
2819 3629 2942 3697 ipsis
2981 3626 3276 3694 frequenter
3303 3625 3352 3675 in

1823 3731 2161 3801 sequentibus
2201 3728 2388 3797 repetit
2417 3745 2428 3778 :
2461 3734 2736 3792 monetque
2762 3735 2828 3775 ne
2853 3719 3091 3773 victorias
3133 3714 3355 3783 propria:

1824 3824 1998 3877 virtuti
2050 3821 2346 3875 adscribant
2369 3860 2383 3884 ,
2411 3817 2501 3871 sed
2549 3817 2637 3869 Dei
2671 3814 2867 3881 gratiae.
2913 3810 3004 3863 1110
3026 3809 3162 3876 jacet
3190 3804 3310 3857 illud
3339 3821 3352 3854 :

1827 3914 1960 3966 Deus
1986 3912 2112 3980 ignis
2131 3925 2416 3964 consumens
2453 3915 2520 3960 est
2541 3905 2713 3974 (Deut.
2740 3903 2791 3954 4.
2809 3900 2876 3952 24
2899 3915 2911 3961 ;
2950 3897 3099 3949 Hebr.
3129 3894 3209 3947 12.
3238 3892 3353 3958 29),

1826 4004 1963 4073 quod
1992 4003 2182 4057 Paulus
2208 4003 2259 4054 in
2306 3998 2533 4067 Epistola
2573 3995 2638 4047 ad
2669 3993 2912 4045 llebrzeos
2955 3986 3140 4055 posuit.
3175 3984 3358 4035 llorta-

1828 4102 1912 4144 tur
1937 4102 2110 4143 autem
2156 4090 2207 4140 in
2252 4087 2352 4140 hoc
2387 4087 2500 4153 ipso
2525 4084 2638 4135 loco
2664 4080 2866 4150 Moyses
2897 4091 2962 4129 ne
2997 4089 3054 4127 se
3089 4073 3356 4125 extollant.

1831 4179 1949 4232 Non
1979 4179 2106 4230 enim
2128 4184 2324 4244 propter
2342 4173 2587 4243 justitiam
2617 4180 2772 4232 tuam,
2796 4165 2980 4234 inquit,
3009 4161 3184 4222 Israel,
3208 4169 3361 4212 exter-

1828 4267 2141 4321 minabunlur
2175 4275 2337 4335 gentes
2366 4304 2380 4326 ,
2427 4262 2511 4314 sed
2555 4269 2753 4329 prapter
2801 4259 3021 4322 ipsorum
3064 4251 3361 4318 impietatem

1833 4359 2001 4428 (Deut.
2037 4357 2089 4410 9.
2124 4356 2198 4422 5).
2228 4354 2284 4406 In
2313 4351 2618 4404 memoriam
2647 4355 2817 4399 autem
2849 4342 2974 4409 ipsis
3005 4345 3211 4392 revocat
3235 4350 3366 4388 con-

1831 4423 2008 4500 flatum
2050 4444 2291 4496 vitulum.
2334 4440 2427 4492 llic
2455 4437 2641 4504 legitur
2667 4432 2790 4485 illud
2817 4448 2828 4481 :
2859 4425 3201 4480 Circumcidite
3225 4423 3364 4474 duri-

1835 4537 1951 4588 tiam
1982 4533 2142 4586 cordis
2183 4530 2346 4591 vestri,
2376 4536 2418 4580 et
2457 4525 2687 4577 cervicem
2721 4527 2928 4571 vestram
2962 4531 3022 4567 ne
3061 4511 3366 4565 induraueri-

1835 4627 1895 4677 tis
1926 4621 2105 4692 (Dent.
2153 4619 2237 4672 10.
2268 4617 2373 4683 16).
2401 4612 2598 4665 Laudat
2629 4617 2819 4661 terram
2865 4601 3243 4672 promissionis.
3276 4598 3370 4652 llic

1831 4690 1969 4781 jacet
1991 4709 2113 4763 illud
2149 4705 2310 4760 :Cnm
2345 4700 2612 4754 comederis
2645 4707 2686 4749 et
2716 4695 2889 4748 biberis
2914 4701 2957 4745 et
2980 4700 3227 4744 saturatas
3258 4690 3367 4756 {ue—

1835 4778 1925 4868 ris,
1955 4800 2150 4852 attende
2181 4794 2302 4863 11111(
2333 4793 2481 4844 Dcut.
2502 4790 2552 4843 6.
2586 4788 2670 4842 te.
2706 4787 2770 4840 ιδ
2799 4787 2815 4851 )
2842 4801 2854 4836 ε
2878 4781 3210 4852 ρτωάιοιιίμιε
3238 4778 3375 4868 mala

1837 4864 1938 4945 non
1985 4884 2412 4952 obsequentibus,
2442 4890 2491 4934 ct
2523 4881 2655 4932 bona
2698 4873 3088 4945 sLobedierint.
3137 4864 3378 4933 Praecipit

1842 4990 1897 5032 ιιι
1928 4984 1975 5030 111
2009 4986 2184 5029 111011ιο
2208 4973 2417 5027 Garizin
2464 4969 2616 5022 detur
2662 4962 2952 5018 benedictio
2982 5001 2994 5024 ,
3026 4967 3076 5011 et
3115 4959 3162 5008 in
3205 4963 3380 5007 monte

1839 5069 2001 5125 Gebal
2032 5063 2344 5119 maledictio.
2373 5061 2529 5115 Jubct
2558 5056 2754 5111 destrui
2794 5053 2928 5106 idola
2954 5060 3005 5102 et
3029 5061 3210 5102 eorum
3239 5045 3375 5096 loca.

1842 5157 2084 5225 Praecipit
2125 5170 2190 5208 ne
2220 5153 2410 5221 ubique
2453 5147 2706 5204 sacriﬁcia
2751 5145 2859 5196 Deo
2905 5138 3160 5199 offerant,
3192 5133 3284 5189 sed
3333 5132 3386 5183 in

1841 5249 1956 5300 loco
1985 5259 2138 5312 quem
2184 5243 2296 5310 ipse
2322 5240 2556 5308 elegerit.
2584 5235 2658 5288 Ne
2687 5231 2994 5286 temulenter
3048 5237 3256 5294 gentes,
3292 5233 3388 5273 nec

1842 5309 2064 5404 cuipiam
2090 5309 2454 5400 obtemperent
2478 5323 2718 5379 suadenti
2743 5331 2799 5374 ut
2815 5318 2952 5372 idola
2980 5309 3389 5376 colant,etiamsi

1903 5465 1974 5524 (τι)
2011 5471 2116 5510 tunc
2139 5475 2232 5510 non
2255 5460 2313 5508 ad
2337 5459 2535 5508 verbum
2577 5453 2852 5503 referuntur
2875 5458 2927 5497 ut
2948 5448 3183 5496 habentur
3207 5443 3254 5488 in
3272 5447 3394 5487 ncu-

1844 5528 2126 5575 teronomio.

1905 5607 1973 5668 (b)
2007 5615 2113 5654 11ωο
2134 5618 2229 5668 non
2269 5602 2336 5668 ad_
2369 5601 2556 5649 literam
2597 5600 2666 5647 sic
2689 5597 2925 5646 habentur
2949 5593 2995 5640 iu
3039 5588 3246 5636 Editione
3269 5590 3396 5641 lxx,

1845 5662 1933 5717 sed
1956 5662 2236 5728 compendio
2257 5662 2541 5714 referuntur.
