4000 6220
603 365 713 419 335

606 467 752 536 signa
779 464 982 530 fecerit,
1012 478 1116 518 non
1145 465 1336 529 amico,
1369 477 1472 516 non
1493 461 1582 514 alii
1609 460 1858 529 cuipiam,
1888 456 1981 513 sed
2006 465 2064 510 ut
2091 460 2166 510 la-

609 555 818 623 pidibus
842 553 1070 607 obruant
1097 553 1399 606 hortantem
1425 591 1440 614 ,
1487 552 1599 604 sive
1644 549 1804 603 frater
1850 547 2027 610 fuerit,
2055 546 2167 599 sive

607 644 766 696 etiam
798 642 924 696 urbs
954 641 1090 695 idola
1117 641 1339 696 coluerit
1363 678 1378 703 ,
1411 655 1526 692 eam
1554 639 1911 692 internecione
1935 636 2163 689 deleant.

609 731 787 786 Monet
815 745 933 800 qua:
963 731 1284 784 comedenda
1311 769 1326 793 ,
1354 745 1469 797 qua:
1495 728 1786 796 respuenda
1819 727 1940 780 sint.
1975 725 2165 794 Legem

610 822 700 875 dat
727 822 795 876 de
822 821 1130 875 remissione
1153 818 1473 882 debitorum,
1496 818 1562 871 de
1584 817 1895 871 remissione
1918 827 1973 868 et
2002 815 2166 869 liber-

609 921 714 966 tate
742 927 1035 973 servorum,
1064 911 1129 966 de
1159 912 1517 980 primogenitis
1539 953 1552 972 ,
1577 911 1642 964 de
1671 909 1938 978 paschate.
1973 907 2166 976 Hicja-

609 1013 696 1058 cet
740 1003 869 1057 illud
903 1021 915 1054 :
951 1022 969 1053 ι
1005 1001 1116 1055 Νοη
1148 1003 1345 1070 poteris
1387 1001 1574 1068 pascha
1604 1001 1777 1053 facere
1816 1000 1866 1050 in
1911 999 2014 1049 ulla
2041 998 2170 1050 civi-

611 1103 738 1160 tate,
765 1109 922 1164 quam
953 1094 1205 1148 Dominus
1233 1094 1373 1148 Deus
1402 1104 1521 1146 tuus
1552 1094 1642 1146 dat
1668 1092 1762 1144 tibi
1790 1132 1804 1154 ,
1836 1090 1927 1143 sed
1953 1091 2002 1142 in
2031 1091 2163 1152 loco,

608 1201 764 1254 quem
793 1185 1012 1254 elegerit
1042 1185 1293 1237 Dominus
1324 1184 1459 1237 Deus
1487 1193 1605 1236 tuus
1629 1199 1651 1232 ι
1688 1179 1956 1248 (ὓειιΜϐ.
1981 1179 2069 1250 5).
2096 1179 2169 1231 De

611 1276 1046 1342 hebdomadibus,
1073 1277 1138 1330 de
1165 1276 1512 1344 scenOpegiis,
1534 1273 1604 1328 de
1627 1273 1910 1341 jodicihus,
1940 1273 2005 1327 de
2035 1273 2171 1341 regi-

611 1367 712 1422 bus
735 1409 750 1433 ,
778 1368 820 1420 si
847 1367 1056 1436 quando
1104 1369 1302 1422 vellent
1353 1367 1453 1420 sibi
1495 1381 1675 1434 regem
1705 1365 1931 1433 aliquem
1970 1365 2169 1418 consti-

611 1465 780 1512 tuere.
833 1457 906 1510 De
959 1457 1156 1510 Levitis
1182 1497 1194 1518 ,
1226 1456 1396 1524 deque
1439 1457 1500 1509 iis
1529 1470 1646 1522 qua:
1690 1455 1927 1522 accipere
1955 1453 2167 1506 debent.

611 1547 759 1613 Quod
787 1562 888 1599 non
917 1557 1157 1614 oporteat
1178 1547 1282 1600 illis
1311 1547 1404 1610 uti,
1438 1545 1524 1614 qui
1554 1545 1867 1608 calharistzn,
1899 1559 1988 1598 seu
2021 1558 2172 1595 mun-

613 1637 826 1690 datores
856 1646 1108 1690 vocantur
1137 1636 1236 1706 (α),
1281 1653 1382 1688 non
1432 1635 1862 1697 incanlalorihus,
1893 1651 1997 1687 non
2039 1634 2172 1686 divi-

617 1727 937 1790 nationibus,
957 1742 1058 1780 non
1087 1726 1369 1789 ominibus,
1401 1733 1492 1778 aut
1529 1726 1803 1779 similibus.
1833 1724 1926 1778 llic
1946 1725 2084 1792 jacet
2108 1723 2173 1776 il-

610 1817 728 1870 lud:
753 1815 1054 1886 PrOphetam
1079 1816 1212 1870 vobis
1239 1817 1488 1869 suscitabit
1514 1815 1663 1875 Deus,
1687 1825 1737 1866 ut
1758 1831 1845 1883 ego
1868 1831 1974 1868 sum
1993 1813 2170 1882 (Deut.

612 1907 701 1963 18.
735 1909 799 1963 15
826 1909 866 1977 ).
905 1909 1080 1977 Deque
1106 1907 1322 1961 urbibus
1349 1907 1532 1975 refugii
1578 1907 1893 1974 prmcipitur.
1925 1906 2020 1959 llic
2047 1905 2175 1974 legi-

613 2007 700 2052 tur
724 1997 849 2052 illud
879 2015 893 2050 :
936 1997 1002 2050 In
1032 2014 1118 2051 ore
1163 1997 1374 2050 duorum
1422 1997 1616 2049 testium
1657 1997 1732 2048 set
1760 1995 1906 2047 trium
1932 2004 2175 2049 statuetur

613 2105 758 2142 omne
785 2087 1020 2156 verbum(
1043 2086 1196 2140 Joan.
1231 2087 1282 2141 1.
1307 2087 1414 2152 45;
1455 2086 1606 2139 Deut.
1644 2085 1729 2140 19.
1759 2086 1864 2157 15).
1894 2087 1959 2140 Et
1982 2087 2048 2140 de
2074 2085 2173 2138 fal-

613 2181 688 2235 sis
711 2179 959 2244 testibus,
989 2179 1112 2248 quid
1153 2178 1224 2232 illi
1254 2178 1359 2247 pati
1387 2176 1632 2232 debeant.
1667 2176 1895 2231 Instante
1934 2177 2072 2231 bello
2095 2175 2175 2231 di-

611 2270 684 2323 cit
710 2283 867 2338 quem
905 2269 1151 2322 emittere
1201 2276 1480 2335 oporteat,
1509 2281 1609 2321 nec
1647 2265 1788 2320 ferre
1813 2275 1868 2320 ut
1889 2281 2011 2320 cum
2047 2267 2174 2336 ipsis

612 2368 829 2431 pugnet.
854 2358 1104 2414 Hortatur
1129 2374 1194 2412 ne
1219 2357 1540 2411 interﬁciant
1569 2356 1750 2411 hostes
1780 2357 1830 2410 in
1861 2371 2040 2410 eorum
2065 2372 2174 2411 mae

615 2468 716 2508 nus
753 2451 1004 2506 cadentes
1029 2490 1044 2515 ,
1071 2451 1307 2519 exceptis
1353 2457 1555 2518 septem
1608 2449 1868 2517 gentibus.
1915 2448 1980 2502 Et
2019 2449 2176 2502 urbes

613 2543 826 2612 quidem
849 2556 1058 2608 omnes,
1089 2541 1280 2609 inquit,
1312 2555 1432 2594 cum
1462 2540 1729 2607 ceperitis,
1753 2540 1965 2606 diripite
1987 2579 2002 2601 ,
2034 2554 2176 2593 mas-

611 2634 866 2702 culosque
889 2641 1090 2687 tantum
1118 2632 1362 2689 occidite.
1401 2632 1477 2686 Ex
1509 2633 1590 2686 his
1617 2647 1744 2686 vero
1769 2671 1784 2696 ,
1819 2647 2038 2701 quorum
2068 2643 2174 2685 ter-

615 2738 726 2778 ram
755 2722 1034 2792 possidetis
1061 2763 1078 2789 ,
1110 2724 1375 2777 neminem
1401 2723 1577 2777 vivere
1599 2721 1894 2776 concedite.
1924 2719 2178 2775 Fructife-

614 2826 704 2866 ras
741 2812 964 2867 arbores
1009 2827 1076 2867 ne
1114 2812 1301 2868 caedite
1329 2853 1344 2875 ,
1370 2813 1577 2882 inquit,
1599 2811 1663 2866 ad
1695 2811 1960 2880 ﬁgendum
1986 2811 2177 2865 vallum

618 2905 672 2958 in
719 2903 1008 2958 obsidione.
1063 2903 1117 2958 Si
1145 2905 1260 2972 quis
1289 2905 1496 2958 occisus
1539 2906 1850 2973 reperiatur,
1881 2919 1978 2958 nec
2019 2918 2179 2972 appa-

613 3003 730 3048 reat
774 2994 819 3046 is
848 2993 936 3060 qui
987 2991 1272 3057 interfecit,
1303 2993 1428 3061 quid
1458 2992 1753 3046 faciendum
1794 2993 1861 3045 sit
1917 2993 2032 3061 lege
2068 3001 2177 3045 sta-

618 3083 734 3134 tuit.
785 3082 839 3136 Si
895 3081 1014 3150 quis
1069 3081 1200 3136 duas
1230 3082 1428 3135 habens
1481 3097 1696 3145 uxores,
1752 3082 1908 3134 aliam
1961 3080 2151 3145 oderit,

614 3172 770 3225 aliam
816 3170 1091 3234 dilexerit,
1140 3172 1528 3240 contigeritque
1577 3179 1632 3222 ut
1667 3183 1869 3238 perosa:
1919 3169 2056 3221 ﬁlius
2109 3168 2177 3221 sit

616 3262 997 3330 primogenitus
1029 3278 1043 3314 :
1075 3276 1143 3316 ne
1164 3261 1238 3314 illi
1265 3261 1574 3329 praeferatur
1594 3261 1637 3312 is
1666 3259 1755 3328 qui
1779 3274 1844 3312 ex
1873 3258 2064 3312 dilecta
2085 3271 2177 3309 na-

617 3365 700 3409 tus
725 3362 826 3410 est.
863 3355 935 3410 De
962 3355 1071 3408 lilio
1099 3354 1502 3423 inobsequenle.
1535 3353 1630 3406 Hic
1650 3353 1790 3420 jacet
1818 3350 1945 3404 illud
1973 3368 1986 3403 :
2014 3336 2178 3402 Mate-

615 3446 778 3499 dictus
805 3445 968 3499 omnis
994 3445 1079 3514 qui
1104 3446 1280 3513 pendet
1305 3445 1358 3497 in
1392 3444 1528 3512 ligno
1558 3441 1730 3513 (Deut.
1757 3443 1846 3494 2f.
1876 3440 1946 3494 ΞΖ»
1972 3441 2010 3509 ).
2046 3439 2177 3505 Quia

620 3552 746 3608 ergo
774 3536 1076 3592 maledictio
1106 3535 1308 3604 prolata
1331 3542 1447 3588 erat
1467 3534 1520 3586 in
1541 3547 1634 3586 eos
1657 3531 1744 3600 qui
1769 3545 1873 3584 non
1903 3538 2177 3584 servarent

616 3630 784 3697 legem
810 3669 825 3694 ,
878 3627 1178 3680 Maledictus
1206 3626 1365 3678 omnis
1403 3624 1486 3692 qui
1532 3639 1632 3675 non
1677 3632 1840 3675 manet
1867 3622 1920 3673 in
1949 3621 2175 3672 omnibus

613 3723 812 3790 scriptis
848 3721 900 3772 in
931 3723 1023 3772 hoc
1047 3718 1266 3786 libro(b)
1294 3719 1311 3783 (
1342 3715 1454 3769 Gal.
1485 3717 1539 3769 ὅ.
1568 3715 1634 3767 15
1690 3731 1704 3776 ;
1734 3714 1881 3765 Deut.
1917 3713 2004 3764 ‘27.
2035 3709 2127 3778 26)
2159 3725 2174 3772 ;

613 3811 679 3865 de
709 3812 822 3878 lege
845 3809 1077 3878 loquitur
1096 3807 1323 3876 Moyses,
1348 3821 1443 3858 nec
1462 3813 1669 3873 poterat
1694 3803 1938 3857 Christus
1967 3803 2017 3853 in
2041 3799 2177 3853 hanc

617 3904 888 3956 incurrere
917 3897 1382 3952 maledictionem:
1419 3894 1656 3964 implevit
1694 3907 1920 3959 namque
1965 3890 2130 3958 legem
2159 3929 2174 3953 ,

616 3990 1041 4044 tualedictionem
1068 3986 1438 4042 maledictione
1473 3982 1850 4045 commutavit,
1887 3991 2176 4046 suspensus

615 4083 670 4136 in
693 4082 854 4151 ligno.
884 4078 1034 4146 Quod
1075 4093 1181 4132 non
1210 4082 1457 4145 Oporteat
1501 4072 1662 4127 etiam
1713 4069 1909 4124 inimici
1936 4069 2175 4137 jumenta

615 4173 912 4240 despicere.
943 4169 1058 4224 Alia
1087 4181 1299 4238 quoque
1325 4165 1601 4222 constituit
1623 4203 1638 4226 ,
1681 4171 1734 4217 et
1757 4161 1822 4216 de
1856 4158 2177 4228 nuptialibus

615 4262 819 4331 legibus
847 4260 1110 4324 edisserit,
1137 4272 1424 4327 poenasque
1449 4253 1725 4309 constituit
1751 4261 1932 4305 contra
1961 4249 2178 4302 violato-

616 4367 704 4407 res
732 4352 1014 4421 virginum.
1043 4350 1188 4416 Quos
1230 4346 1509 4417 prohibeat
1536 4345 1602 4397 ab
1647 4344 1888 4411 ingressu
1923 4340 1973 4392 in
2005 4338 2175 4393 eccle-

616 4445 749 4499 siam
778 4459 793 4506 ;
819 4443 886 4497 de
931 4441 1049 4495 aliis
1101 4454 1310 4509 quoque
1343 4439 1484 4507 leges
1512 4435 1634 4498 fert,
1667 4434 1838 4502 deque
1881 4447 1989 4485 non
2034 4429 2176 4484 acci-

616 4535 812 4607 piendo
862 4534 1085 4588 femore.
1134 4532 1245 4586 Non
1273 4527 1623 4584 cunctandum
1650 4540 1769 4579 esse
1806 4524 1869 4576 ad
1907 4521 2175 4577 reddenda

623 4640 745 4681 vota
777 4643 791 4690 ;
828 4626 920 4680 sed
951 4623 1091 4694 quod
1117 4624 1233 4693 quis
1259 4622 1482 4685 voverit,
1506 4619 1681 4673 statim
1709 4615 1895 4669 solvat.
1946 4615 2021 4666 De
2062 4627 2176 4666 mu-

625 4721 755 4774 liere
776 4733 893 4787 qua:
921 4715 1123 4784 accepit
1149 4713 1380 4767 libellum
1413 4708 1640 4780 repudii,
1669 4708 1735 4760 de
1765 4705 2089 4774 pignoribus,
2111 4702 2178 4756 de

677 4851 747 4912 (α)
770 4847 1214 4912 In_t)eutert>_nomio
1234 4843 1413 4906 legitur
1435 4856 1478 4912 ο.
1615 4853 1659 4886 v.
1688 4838 1746 4912 ip
1767 4851 1776 4884 :
1800 4833 2176 4912 a‘ecgjnu'eniuatur

613 4913 661 4961 in
681 4899 833 4972 te'qui
851 4911 1014 4958 tustret
1031 4906 1199 4972 ﬁtitan
1216 4899 1370 4972 suu'rn,
1396 4909 1476 4951 aut
1499 4900 1666 4972 ﬁliam,
1694 4899 1776 4972 dut
1795 4909 1872 4972 ens
1891 4907 1987 4972 pe:
1999 4907 2173 4972 ignem:

680 4957 751 5031 (ὁ)
767 4957 883 5018 Ἠεο
906 4957 962 5031 et
979 4957 1242 5031 explicatio
1255 4957 1559 5031 subsequens
1575 4962 1812 5031 ha'bftttpr
1829 4957 2177 5031 ᾣωξιξξῐξιῇτξο

615 5021 927 5094 Chrysostomi
952 5030 1000 5076 in
1024 5021 1163 5094 Epist.
1187 5028 1249 5094 ad.
1267 5021 1448 5094 Galatas
1470 5021 1643 5070 Tom.V
1661 5021 1880 5094 editionis
1902 5023 2175 5094 postrepim,

613 5094 700 5142 sed
710 5081 948 5154 'pluribusr
965 5081 1204 5138 enuntiata
1226 5087 1392 5154 iisdem
1416 5096 1548 5143 saepe
1567 5081 1750 5154 .YCIi'liS.
1766 5087 2178 5154 ‘Quorumfe‘n‘sns

614 5134 823 5202 erst—E
836 5134 1168 5200 'Ciiristi‘tsnos
1189 5148 1396 5194 redemit
1426 5159 1452 5192 a
1482 5134 1740 5206 maledicto
1766 5134 1907 5206 legis,
1935 5150 1960 5204 _a
1984 5134 2179 5182 maledi-

615 5224 692 5263 cto
715 5212 896 5262 scilicet
917 5210 1000 5258 illo
1024 5215 1162 5258 Deut.
1187 5209 1264 5262 27,
1290 5206 1367 5262 26,
1394 5203 1670 5254 Malcdictus
1695 5203 1842 5247 omnis
1864 5203 1943 5263 qui
1969 5208 2057 5243 non
2081 5207 2178 5241 ma-

710 5255 991 5321 {ﬂagitiis
1009 5255 1198 5329 sciiptis
1222 5255 1272 5316 in
1294 5255 1379 5315 hoc
1401 5264 1522 5313 libro
1545 5277 1560 5312 :
1590 5264 1703 5332 quia
1725 5264 1826 5320 ipse
1865 5271 1890 5305 a
1927 5255 2177 5332 legenser-

616 5316 765 5382 ii.in
785 5316 1069 5381 iias'é’x'étﬁn
1108 5316 1168 5377 'et
1181 5316 1276 5390 quo
1284 5335 1424 5390 pacto
1447 5316 1663 5390 exemit}?
1683 5316 1949 5390 StSpensus
1969 5331 2019 5390 ip
2033 5316 2177 5390 ligno,

780 5375 1221 5441 itiﬁtiin'éiédicioni
1247 5375 1327 5437 ilic
1350 5389 1512 5441 subiit,
1539 5383 1651 5431 illud
1678 5375 1878 5440 nempe,
1907 5375 2179 5426 Maledictus

615 5455 764 5504 omnis
788 5454 868 5514 oui
890 5453 1057 5514 pendet
1077 5452 1126 5499 in
1151 5451 1308 5509 ligno;
1333 5450 1413 5510 qui
1441 5455 1600 5494 tamen
1631 5443 1744 5513 illud
1770 5454 1863 5510 non
1897 5445 2178 5514 meruerat:

616 5503 735 5563 nam
747 5503 908 5576 legem
927 5503 1225 5576 impleverat;
1246 5503 1538 5576 cum'autem
1564 5518 1650 5576 n95
1672 5504 1789 5576 ejus,
1802 5503 1943 5576 jussis
1952 5503 2184 5576 terentes

616 5558 907 5635 ibﬁ'éth'i’ioii'
922 5558 1224 5635 impleamus:
1240 5558 1542 5635 maledictum
1568 5565 1682 5612 illud
1706 5558 2184 5635 'legis,._quod_ip‘nos

615 5628 790 5684 cidere
807 5628 1056 5690 debuerat,
1072 5632 1162 5681 alio
1179 5631 1429 5679 maledicto
1448 5630 1546 5688 ipse
1566 5635 1843 5690 compensat
1856 5628 1906 5675 il,
1924 5628 2185 5690 suspensus

615 5699 663 5744 lu
685 5683 835 5759 ligno,
850 5683 996 5758 atque
1019 5683 1079 5744 ita
1101 5683 1483 5742 maledictionem
1506 5683 1835 5734 maledic-tione
1858 5683 2177 5728 commutavit.

1342 347 1397 402 S.
1423 343 1696 401 JOANNIS
1732 335 2190 399 CIIR'YSOSTOMI
2227 340 2536 397 AitClllEP.
2576 341 3098 398 CONSTANTINOP.

3719 355 3820 410 336

2279 455 2438 522 furto,
2458 458 2526 513 de
2566 461 2812 516 mercede
2838 462 3172 526 mercenarii,
3201 459 3268 515 de
3290 459 3485 528 pupillo
3509 499 3524 524 ,
3549 458 3616 514 de
3642 457 3790 510 vidua
3808 497 3826 519 ,

2275 548 2342 604 de
2371 549 2738 620 relinquendis
2781 555 2940 621 spicis
2983 564 3037 607 et
3086 552 3200 606 uvis
3231 567 3325 620 pro
3367 551 3707 620 pauperibus.
3743 548 3830 601 llic

2271 641 2445 706 jacet,
2493 642 2630 707 quod
2674 657 2778 695 non
2811 642 3003 696 debeat
3047 657 3144 711 pro
3190 643 3466 711 iniquitate
3491 643 3662 711 aliqua
3695 643 3828 710 plus-

2274 746 2430 797 quam
2459 732 2804 801 quadraginta
2834 734 3010 803 plagas
3048 735 3164 803 quis
3193 735 3451 803 accipere.
3485 734 3562 788 De
3591 748 3701 788 non
3724 733 3826 784 alli-

2274 822 2446 888 gnndo
2495 835 2588 874 ore
2642 822 2796 874 bovis
2837 824 3160 885 triturantis,
3189 823 3254 877 de
3301 823 3605 878 suscitando
3632 823 3829 876 semine

2275 909 2418 964 fratri
2446 918 2533 980 qul
2557 911 2836 966 defunctus
2856 955 2870 977 ,
2894 914 2959 966 ab
2980 929 3044 968 eo
3072 917 3157 983 qui
3188 925 3456 984 superstes
3482 926 3562 970 est
3587 933 3602 970 :
3625 925 3681 970 et
3712 915 3827 983 quid

2276 1015 2525 1070 passurus
2555 1006 2623 1056 sit
2642 1006 2728 1073 qui
2761 1006 2988 1059 noluerit
3012 1008 3287 1060 suscitare.
3308 1007 3382 1062 De
3404 1007 3751 1077 ponderibus,
3768 1005 3830 1060 de

2275 1096 2560 1148 mensuris.
2604 1096 2679 1150 De
2725 1097 3128 1150 exterminando
3153 1097 3422 1152 Amaleco.
3464 1097 3538 1151 De
3564 1097 3826 1166 primitiis,

2275 1185 2341 1240 de
2372 1186 2703 1242 humanitate
2732 1201 2854 1256 erga
2882 1187 3068 1241 viduas
3092 1197 3148 1242 et
3176 1188 3421 1257 pupillos.
3449 1187 3582 1242 Hine
3620 1187 3828 1242 demum

2277 1277 2530 1347 incipiunt
2556 1278 2951 1333 maledictiones
2979 1287 3034 1334 et
3057 1277 3488 1342 benedictiones;
3515 1277 3618 1332 ille
3648 1275 3826 1330 inohe-

2275 1367 2558 1432 dientibus,
2588 1369 2669 1422 hae
2697 1367 3551 1439 obtemperantibus.Longumque
3571 1368 3701 1422 texit
3727 1381 3830 1420 ser-

2277 1474 2486 1512 monem
2517 1459 2582 1513 de
2635 1460 2786 1512 malis
2840 1461 2980 1527 ipsos
3016 1459 3293 1514 invasuris.
3339 1459 3449 1513 Hoc
3489 1453 3707 1526 conligit
3740 1455 3831 1510 sub

2278 1550 2508 1618 Assyriis
2537 1559 2590 1602 et
2617 1549 2935 1619 Babyloniis.
2970 1550 3096 1603 Illud
3127 1562 3321 1615 autem,
3350 1551 3486 1618 quod
3510 1549 3596 1603 ﬁlii
3625 1562 3831 1618 quoque

2277 1640 2383 1692 sint
2421 1639 2774 1704 comedendi,
2806 1641 2858 1692 in
2907 1639 3269 1693 obsidionibus
3317 1640 3554 1707 contigit.
3603 1639 3679 1693 De
3723 1639 3832 1706 ipso

2279 1745 2490 1798 quoque
2517 1729 2729 1784 Christo
2762 1731 2850 1784 hic
2895 1731 3154 1784 meminit.
3203 1728 3337 1794 Erit,
3387 1730 3571 1798 inquit,
3604 1730 3707 1781 vita
3751 1740 3834 1780 tu

2278 1820 2498 1890 pendens
2525 1832 2640 1873 ante
2668 1821 2838 1874 oculos
2867 1820 3016 1888 tuos(
3048 1819 3199 1873 Deut.
3229 1819 3318 1873 28.
3363 1819 3430 1873 66
3463 1821 3499 1885 ).
3556 1818 3651 1871 Hic
3701 1818 3835 1885 jacet

2279 1909 2402 1963 illud
2428 1928 2440 1962 :
2474 1907 2556 1962 Ne
2579 1926 2678 1978 qua
2707 1910 2854 1962 radix
2876 1910 3224 1962 amaritudinis
3250 1907 3408 1978 (Ibid.
3441 1907 3528 1962 29.
3556 1907 3668 1974 18),
3697 1905 3832 1975 quini

2279 2001 2470 2056 Paulus
2499 2011 2880 2056 commemorat
2903 2003 2952 2054 in
2983 2001 3217 2070 Epistola
3246 2001 3312 2054 ad
3349 1999 3596 2054 Hebraeos
3635 2000 3654 2069 (
3684 1997 3831 2050 Hebr.

2283 2093 2367 2146 12.
2401 2093 2467 2146 15
2495 2092 2533 2160 ).
2575 2091 2671 2146 Hic
2698 2091 2894 2162 legitur
2939 2091 3067 2145 illud
3096 2110 3107 2145 :
3143 2109 3162 2142 t
3195 2091 3405 2146 Occulta
3435 2091 3654 2145 Domino
3684 2087 3791 2144 Deo
3817 2129 3834 2154 ,

2279 2185 2556 2238 manifesta
2585 2200 2712 2238 vero
2741 2183 2888 2240 vobis
2918 2193 2970 2237 et
2997 2183 3120 2237 ﬁliis
3147 2185 3356 2244 vestris,
3384 2183 3511 2250 Quia
3535 2182 3835 2235 mandatum

2280 2290 2414 2342 ejus,
2449 2275 2629 2341 inquit,
2658 2290 2762 2329 non
2787 2275 2891 2330 erit
2922 2273 3165 2328 sublime.
3199 2273 3311 2327 Non
3335 2275 3384 2327 in
3410 2275 3556 2337 caelo,
3587 2282 3642 2325 ut
3670 2273 3834 2330 dicas,

2277 2365 2407 2429 Quis
2428 2366 2742 2419 ascendetin
2769 2365 3176 2433 cmlum?neque
3208 2364 3340 2418 ultra
3365 2379 3528 2425 mare,
3558 2364 3644 2416 sed
3672 2376 3839 2429 prope

2281 2464 2333 2508 te
2362 2455 2580 2508 verbum
2603 2461 2704 2516 est,
2735 2455 2786 2507 in
2811 2469 2902 2508 ore
2925 2465 3046 2507 tuo»
3083 2453 3258 2524 (Deut.
3288 2452 3478 2508 29.29.
3506 2452 3592 2506 30.
3624 2453 3703 2504 ll.
3735 2447 3835 2510 19.;

2287 2542 2432 2598 Rom.
2462 2544 2545 2598 10.
2576 2544 2652 2614 6).
2682 2544 2804 2598 Haec
2833 2543 2902 2599 de
2933 2545 3083 2613 legali
3123 2543 3370 2597 mandato
3396 2543 3556 2605 dicta,
3587 2542 3650 2594 ad
3678 2541 3838 2594 ﬁdem

2284 2635 2335 2687 i‘n
2365 2634 2632 2688 Christum
2665 2634 2824 2688 traxit
2852 2633 3068 2688 Paulus.
3095 2627 3264 2687 Testes
3289 2649 3404 2686 voco
3435 2633 3566 2685 vobis
3588 2673 3600 2694 ,
3632 2631 3838 2698 inquit,

2282 2728 2459 2778 aetum
2487 2735 2533 2779 et
2579 2735 2763 2780 terram
2789 2766 2805 2790 ,
2837 2734 2890 2777 ut
2919 2726 3139 2794 diligatis
3173 2722 3326 2777 Deum
3375 2723 3394 2794 (
3423 2723 3566 2776 Deut.
3595 2722 3680 2776 50.
3704 2721 3778 2774 19
3801 2722 3838 2789 ).

2283 2815 2428 2871 Tunc
2464 2825 2616 2871 vocat
2641 2815 2821 2871 Iesum
2869 2813 3029 2868 ﬁlium
3073 2813 3248 2877 Nave,
3280 2822 3332 2866 et
3358 2812 3506 2881 jubet
3532 2810 3716 2865 ducere
3753 2827 3841 2878 [:0-

2280 2908 2483 2976 pulum,
2513 2920 2609 2960 nec
2638 2905 2819 2959 hostes
2841 2904 3143 2966 formidare,
3174 2918 3290 2957 cum
3322 2903 3482 2956 Deum
3505 2901 3728 2954 habeant
3753 2917 3842 2952 au-

2280 2999 2600 3051 xiliatorem.
2630 2997 2979 3065 Prtecipitque
3009 3007 3066 3050 ut
3098 2998 3147 3048 in
3177 2995 3502 3064 scenOpegiis
3522 2994 3613 3046 toti
3647 2993 3842 3060 populo

2283 3088 2363 3140 lex
2395 3089 2617 3156 legatur.
2650 3086 2895 3141 Prmdicit
2928 3087 3090 3155 Moysi
3120 3087 3278 3150 Deus,
3303 3095 3420 3154 post
3462 3086 3574 3152 ejus
3615 3093 3842 3135 mortem

2294 3175 2543 3245 populum
2572 3175 2729 3229 idolis
2761 3176 3078 3229 serviturum
3103 3185 3154 3228 et
3180 3175 3504 3244 puniendum
3538 3173 3666 3225 fore.
3687 3170 3841 3235 Esto,

2285 3270 2471 3337 inquit,
2502 3269 2602 3324 hoc
2631 3268 2916 3333 canticum,
2937 3268 3076 3338 quod
3099 3276 3281 3322 contra
3311 3268 3452 3335 ipsos
3485 3263 3841 3319 testimonium

2284 3360 2436 3414 ferat.
2465 3358 2578 3412 Non
2606 3360 2746 3413 enim
2779 3372 3026 3426 umquam
3055 3357 3169 3426 ejus
3197 3356 3593 3409 obliviscentur.
3622 3353 3686 3407 Et
3707 3355 3843 3406 scri-

2284 3452 2390 3519 psit
2416 3451 2622 3519 Moyses
2664 3449 2966 3513 canticum,
3013 3460 3065 3502 et
3095 3446 3342 3516 prtedixit
3381 3447 3458 3500 eis
3500 3444 3633 3512 quod
3666 3443 3843 3510 inique

2281 3541 2386 3595 sint
2414 3544 2601 3594 acturi.
2647 3540 2741 3594 llic
2767 3539 2954 3608 legitur
2987 3557 3000 3590 :
3047 3557 3064 3588 ‹
3099 3537 3198 3608 Ipsi
3245 3554 3330 3592 me
3357 3537 3422 3590 ad
3456 3535 3844 3590 :cmulationcm

2285 3640 2709 3700 provocaverunt
2736 3631 2788 3682 iu
2821 3645 2924 3682 non
2958 3630 3065 3682 Deo
3091 3669 3107 3694 ,
3133 3636 3186 3681 ct
3209 3644 3308 3695 ego
3345 3627 3410 3678 ad
3454 3626 3842 3679 armnlationcm

2282 3722 2579 3790 provocabo
2607 3735 2700 3774 eos
2731 3721 2780 3772 in
2808 3734 2911 3773 non
2939 3729 3094 3788 gente
3141 3737 3159 3768 ι
3197 3718 3216 3786 (
3244 3716 3400 3771 Deut.
3429 3715 3515 3769 52.
3546 3714 3656 3786 21).
3685 3715 3845 3768 .lube-

2285 3822 2368 3862 tur
2402 3809 2607 3877 Moyses
2634 3808 2924 3863 ascendere
2960 3809 3010 3860 in
3038 3816 3269 3860 montent
3299 3806 3536 3867 Abarim,
3569 3803 3656 3874 qui
3682 3804 3840 3857 etiam

2283 3900 2459 3953 Nabus
2489 3899 2794 3958 vocabatur.
2827 3909 2880 3952 et
2903 3898 3085 3952 videre
3111 3906 3307 3950 terram
3344 3894 3751 3964 promissionis:
3790 3900 3844 3947 et

2285 3999 2559 4058 postquam
2591 3989 2822 4057 singulas
2852 3988 3019 4042 tribus
3046 3987 3404 4042 benedixisset
3427 4027 3442 4050 ,
3467 3993 3706 4038 mortuus
3731 3992 3839 4038 est:

2283 4095 2546 4149 nemoque
2575 4080 2726 4133 novit
2753 4079 3054 4147 sepulcrum
3078 4078 3191 4145 ejus
3216 4079 3280 4132 ad
3309 4078 3444 4130 hanc
3464 4090 3630 4144 usque
3646 4075 3785 4128 diem
3803 4075 3838 4125 ί.

2284 4173 2395 4226 lluc
2421 4172 2668 4226 desinunt
2689 4172 2920 4240 quinque
2944 4170 3060 4223 libri
3091 4169 3286 4239 Moysis
3307 4209 3321 4233 ,
3349 4182 3483 4237 quos
3510 4169 3654 4222 solos
3690 4179 3842 4220 acce-

2283 4269 2471 4331 perunt
2495 4259 2928 4328 admiseruntque
2963 4258 3255 4312 Samaria.

2618 4384 2849 4426 SYNOPSIS
2875 4385 3006 4423 LIBRI
3035 4383 3156 4423 JESU
3187 4383 3310 4423 PII-ll
3338 4382 3499 4421 NAVE.

2350 4505 2571 4558 .lubetur
2594 4504 2746 4558 Jesus
2773 4503 3056 4571 prmeipere
3091 4500 3306 4569 populo,
3338 4507 3395 4551 ut
3419 4499 3518 4567 legi
3548 4497 3638 4550 Dei
3675 4506 3847 4549 atten-

2280 4597 2388 4648 dat.
2415 4595 2568 4648 Mittit
2592 4594 2972 4661 exploratores,
3001 4592 3088 4658 qui
3118 4592 3316 4642 intrant
3343 4589 3394 4640 in
3432 4586 3666 4641 Jcricho.
3715 4585 3843 4639 Cum

2281 4686 2330 4739 id
2346 4684 2577 4737 audisset
2593 4699 2685 4736 rex
2705 4682 2867 4745 urbis,
2889 4682 3029 4733 misit
3046 4681 3133 4749 qui
3150 4681 3288 4732 viros
3305 4678 3637 4746 requirerent
3651 4690 3680 4728 a
3701 4676 3847 4728 Raab

2283 4774 2582 4838 meretrice,
2609 4789 2725 4842 qua:
2751 4773 2891 4840 ipsos
2913 4781 3236 4838 susceperat.
3279 4767 3368 4820 Illa
3402 4781 3528 4819 vero
3549 4765 3844 4833 explorato-

2282 4882 2370 4920 res
2395 4865 2690 4918 occultavit.
2715 4864 2922 4929 Proque
2949 4861 3033 4914 illa
3063 4860 3228 4928 gratia
3269 4857 3416 4926 petiit
3448 4871 3545 4924 pro
3569 4855 3729 4909 domo
3753 4867 3841 4907 sua

2282 4960 2525 5020 salutem,
2555 4970 2675 5009 cum
2724 4953 2849 5007 urbs
2889 4961 3040 5020 capta
3081 4952 3235 5003 foret.
3291 4948 3366 5000 llli
3422 4955 3739 4999 annuerant.
3779 4942 3844 4996 Et

2284 5063 2402 5102 cum
2449 5047 2855 5106 discessissent,
2910 5057 3024 5110 qure
3070 5049 3216 5108 gesta
3258 5047 3407 5091 erant
3452 5034 3839 5089 renuntiarunt.

2284 5136 2524 5203 Przecipit
2550 5134 2741 5202 populo
2769 5141 2823 5185 ut
2864 5129 3144 5183 Jordanetn
3187 5133 3436 5189 transeat,
3460 5133 3513 5177 et
3551 5123 3694 5176 sicco
3715 5119 3840 5188 pede

2284 5228 2625 5291 transierunt,
2650 5223 2945 5292 lapidesque
2961 5217 3237 5272 duodecim
3256 5218 3305 5269 in
3322 5215 3506 5269 castris
3526 5221 3836 5267 statuerunt.

2287 5323 2395 5376 lloc
2436 5320 2611 5373 audito
2648 5329 2796 5385 reges
2823 5313 3247 5367 Amorrhmorum
3273 5310 3360 5378 qui
3390 5317 3534 5361 trans
3559 5303 3842 5359 Jordanem

2347 5487 2363 5516 ί
2388 5481 2440 5529 In
2463 5478 2768 5530 Coisliniano,
2791 5473 3224 5532 Deuteronomium
3252 5466 3316 5532 ita
3339 5462 3525 5532 desinit
3548 5460 3834 5532 ε-ξίςλξύεξᾳι

2284 5521 2885 5596 τὸ
2906 5534 3009 5596 ὀρᾳς
3038 5531 3091 5575 τὸ
3137 5529 3374 5596 ξᾼουρεὶμί,
3404 5523 3702 5596 ᾂιχαὶοΝαᾲϐ

2285 5583 2508 5682 ξὲῖᾱξιῖοἶὶ
2527 5583 2625 5645 Eis;
2642 5583 2726 5651 τὴν
2746 5583 2830 5654 γῆν
2857 5583 2944 5646 τῆς·
2965 5583 3263 5648 easnotu;
3281 5583 3367 5633 καὶ
3381 5584 3560 5646 εὐλογεῖ
3585 5583 3694 5634 τοὺς
3712 5583 3842 5630 υἱοὺς

2316 5669 2328 5682 .
2348 5662 2477 5682 μιν.
2531 5659 2604 5682 ---ι
2629 5658 2699 5682 ..Α
2711 5660 2816 5682 ...υ-,ς
2843 5654 3046 5682 ﬂamma,
3069 5649 3144 5682 νηὶ
3170 5647 3409 5682 Μπφστηι-

2312 5647 2502 5724 iason),
2531 5659 2607 5705 καὶ
2629 5647 2820 5716 adstiti":
2843 5654 3048 5706 Μωῡσῆς
3068 5647 3146 5694 καὶ
3170 5647 3411 5694 θάπτεται.
