4000 6220
204 362 316 421 335

201 463 504 535 ἐλευθερίας
526 466 631 519 τῶν
651 466 1021 531 δουλευόντων,
1051 467 1174 535 περὶ
1216 465 1587 535 πρωτοτόκων,
1608 461 1736 530 περὶ

199 551 296 605 τοῦ
326 552 523 622 πάσχα.
558 553 812 607 Ἐνταῦθα
842 556 1014 607 κεῖται
1041 552 1121 617 τὸ,
1146 553 1226 603 Οὐ
1262 552 1498 615 δυνήσῃ
1534 548 1600 599 τὸ
1630 545 1737 597 πά-

202 656 325 709 οχα
345 641 533 694 ποιεῖν
555 654 581 682 ι
601 642 667 695 ἐν
688 640 926 711 οὐδεμιᾷ
957 641 1072 694 τῶν
1098 643 1323 693 πόλεων
1352 635 1439 691 ῶν
1475 639 1681 703 Κύριος
1705 637 1737 688 ὁ

205 730 349 794 Θεός
378 744 489 783 σου
518 729 723 783 δίδωσί
758 746 873 794 σοι,
912 730 1044 783 ἀλλ’
1072 733 1155 793 εἰς
1191 729 1295 781 τὸν
1331 729 1511 780 τόπον
1553 726 1623 777 ὃν
1664 724 1738 777 ἂν

201 818 511 885 ἐκλέξηται
540 820 749 885 Κύριος
782 822 813 872 ό
843 822 982 884 Θεός
1012 833 1145 871 σου.
1174 818 1301 886 Περὶ
1329 817 1422 884 τῆς
1454 815 1557 866 τῶν
1588 814 1737 865 ἐϐδο-

201 906 399 975 μάδων,
446 909 570 978 περί
614 908 711 978 τῆς
756 909 861 960 τῶν
914 908 1304 977 σκηνοπηγιῶν,
1352 907 1474 973 περὶ
1516 904 1733 974 κριτῶν,

198 998 325 1066 περὶ
354 996 628 1065 βασιλέων,
661 998 712 1049 εἴ
741 1014 866 1050 ποτε
893 996 1091 1049 ἔλθοιεν
1116 1000 1190 1057 εἰς
1212 996 1497 1063 ἐπιθυμίαν
1530 993 1621 1045 τοῦ
1650 994 1737 1062 βα-

200 1080 435 1133 σιλεῦσαί
471 1097 607 1134 τινα.
643 1084 771 1152 Περὶ
804 1082 1058 1146 Δευῖτῶν,
1086 1082 1178 1133 καὶ
1211 1075 1282 1133 ὧν
1306 1080 1570 1149 ὀφείλουσι
1601 1080 1736 1149 λαμ-

198 1170 394 1224 ϐάνειν.
419 1174 549 1243 Περὶ
568 1173 659 1225 τοῦ
686 1175 757 1242 μὴ
774 1174 879 1227 δεῖν
898 1176 1005 1237 τοῖς
1025 1174 1328 1242 λεγομένοις
1350 1173 1691 1241 καθαρισταῖς
1706 1172 1733 1209 δ

196 1262 508 1331 κεχρῆσθαι,
530 1263 561 1333 ή
580 1264 861 1328 ἐπαοιδοῖς,
885 1264 916 1333 ἢ
941 1264 1213 1334 μαντείαις
1234 1264 1265 1332 ἢ
1290 1262 1552 1331 κληδόσιν,
1572 1262 1603 1330 ἢ
1626 1263 1732 1322 τοῖς

193 1350 469 1413 τοιούτοις.
503 1353 758 1406 Ἐνταῦθα
787 1354 958 1405 κεῖται
979 1353 1059 1417 τὸ,
1088 1352 1401 1419 Προφήτην
1426 1350 1564 1419 ὑμῖν
1590 1351 1731 1404 ἀνα-

195 1440 407 1507 στήσει
453 1443 484 1494 ό
526 1442 666 1505 Θετ’ς
693 1442 771 1508 ὡς
799 1442 919 1511 ἐμέ.
962 1443 1067 1494 Καὶ
1102 1442 1229 1511 περί
1263 1440 1368 1493 τῶν
1407 1439 1733 1507 φυγαδευτη-

198 1528 325 1596 ρίων
381 1530 581 1583 πόλεων
627 1531 975 1585 διατάττεται.
1029 1530 1285 1584 Ἐνταῦθα
1352 1532 1543 1590 κεῖται,
1604 1528 1729 1580 Ἑπί

193 1625 483 1691 στόματος
523 1622 629 1677 δύο
678 1623 986 1691 μαρτύρων
1031 1620 1127 1673 καὶ
1170 1620 1342 1687 τριῶν
1377 1618 1730 1683 σταθήσεται

195 1712 316 1765 πᾶν
331 1714 510 1780 ῥῆμα.
544 1715 649 1766 Kal
678 1715 802 1781 περί
830 1713 933 1765 τῶν
956 1711 1548 1781 ψευδομαρτυροῦντων,
1578 1709 1629 1759 τί
1654 1709 1733 1759 δεῖ

194 1802 418 1869 πάσχειν
440 1800 653 1863 αὐτούς.
694 1799 1034 1861 Ἐπιστάντος
1069 1797 1318 1865 πολέμου,
1350 1796 1489 1862 λέγει
1518 1794 1634 1846 τίνα
1653 1793 1732 1845 δεῖ

193 1889 510 1959 ἐκπέμπειν,
570 1890 662 1943 καὶ
714 1889 787 1959 μὴ
851 1887 1062 1957 ἀφιέναι
1119 1887 1477 1955 συμπολεμεῖν
1526 1885 1727 1946 αὐτοῖς.

195 1980 451 2048 Παραινεῖ
488 1981 561 2050 μὴ
596 1978 925 2049 ἀναιρεῖσθαι
954 1979 1075 2040 τοὺς
1098 1976 1377 2045 πολεμίους
1401 1974 1726 2027 ὑποπίπτον-

192 2085 308 2131 τας,
337 2069 473 2139 πλὴν
499 2068 606 2121 τῶν
628 2068 763 2121 ἐπτά
785 2067 967 2122 ἐθνῶν.
1006 2068 1111 2119 Kal
1138 2065 1235 2128 τὰς
1267 2064 1363 2134 μὲν
1393 2064 1567 2126 πόλεις
1587 2063 1727 2117 ἀπά-

196 2172 311 2217 σας,
336 2154 551 2209 ἐπειδὰν
574 2154 749 2224 ἐλητε,
775 2154 924 2223 φησί,
958 2152 1263 2217 σκυλεύετε,
1287 2153 1352 2204 τά
1371 2154 1567 2222 ἄρρενα
1594 2151 1726 2221 μόνα

194 2246 553 2316 ἁναιμῦντες.
592 2246 682 2297 Ἐκ
712 2245 768 2297 δὲ
796 2244 1017 2305 τούτων,
1048 2237 1121 2297 ὧν
1144 2243 1239 2311 τὴν
1260 2242 1361 2310 γῆν
1388 2242 1727 2311 κληρονομεῖ-

192 2352 271 2398 τε,
309 2335 510 2405 μηδένα
546 2334 856 2405 ζωγρήσητε
889 2335 1203 2404 ἐμπνέοντα.
1240 2333 1571 2403 Καρποφόρα
1599 2332 1725 2396 ξύλα

195 2425 271 2494 μὴ
292 2425 529 2493 τέμνετε,
555 2422 733 2493 φησὶν,
756 2423 834 2485 εἰς
850 2421 910 2474 τὸ
930 2421 1093 2491 πῆξαι
1119 2422 1329 2491 χάρακα
1352 2422 1408 2472 ἐν
1429 2421 1721 2491 πολιορκία.

192 2513 261 2565 Et
297 2529 376 2575 τις
416 2512 604 2583 εὑρεθῇ
636 2510 1041 2581 πεφονευμένος,
1073 2513 1100 2564 6
1130 2512 1185 2564 δὲ
1213 2510 1469 2579 φονεύσας
1499 2511 1570 2581 μὴ
1606 2511 1727 2578 φαί-

191 2617 367 2663 νοιτο,
410 2600 682 2670 νομοθετεῖ
726 2601 775 2654 τί
820 2602 900 2655 δεῖ
947 2600 1204 2668 γίνεσθαι.
1258 2600 1380 2652 Ἐάν
1423 2600 1479 2653 δέ
1519 2616 1601 2662 τις
1636 2600 1727 2652 δύο

192 2691 329 2760 ἔχων
375 2693 648 2759 γυναῖκας,
699 2692 794 2762 τὴν
840 2690 934 2761 μὲν
977 2691 1195 2760 μισήση,
1242 2690 1501 2760 ἀγαπήσῃ
1545 2690 1599 2742 δὲ
1630 2692 1725 2758 τὴν

190 2779 404 2849 ἑτέραν,
440 2780 532 2831 καὶ
567 2778 741 2849 συμϐῇ
774 2777 861 2830 τὸν
884 2778 981 2847 τῆς
1014 2776 1338 2847 μισουμένης
1371 2773 1502 2831 εἶναι
1525 2778 1727 2848 πρωτό-

188 2886 365 2931 τοκον,
410 2868 481 2939 μὴ
526 2866 886 2937 προτιμείσθω
928 2866 1086 2920 αὑτοῦ
1130 2868 1157 2919 6
1209 2868 1304 2936 τῆς
1350 2868 1721 2938 ἠγαπημένης.

190 2958 324 3029 Περὶ
360 2957 473 3009 υἰοῦ
519 2956 789 3020 ἀπειθοῦς.
837 2955 1091 3009 Ἐνταῦθα
1122 2958 1310 3016 κεῖται.
1347 2957 1724 3024 Ἐπικατάρα-

190 3063 292 3111 τος
320 3046 435 3111 πᾶς
470 3049 501 3099 ό
538 3048 893 3115 κρεμάμενος
914 3045 1007 3097 ἐπὶ
1029 3044 1231 3107 ξύλου.
1269 3046 1417 3098 Ἐπεὶ
1443 3042 1532 3099 οὖν
1556 3047 1725 3099 ἔκειτο

187 3138 401 3208 κατάρα
431 3139 537 3199 τοῖς
572 3137 643 3207 μὴ
669 3136 990 3205 φυλάσσουσι
1019 3135 1107 3187 τὸν
1136 3136 1313 3204 νόμον,
1354 3136 1724 3202 Ἐπικατάρα-

186 3244 289 3291 τος
324 3225 433 3291 πιῑς
468 3227 533 3291 ὃς
571 3227 677 3279 οὐκ
716 3225 945 3293 ἐμμένει
984 3224 1129 3278 πᾶσι
1168 3224 1286 3288 τοῖς
1313 3224 1722 3293 γεγραμμένοις

186 3317 256 3369 ἐν
291 3316 370 3380 τῷ
396 3316 607 3381 βιϐλίῳ
642 3315 843 3377 τούτῳ·
878 3314 1001 3382 περὶ
1032 3313 1121 3365 τοῦ
1165 3314 1324 3382 νόμου
1358 3313 1523 3381 λέγων
1562 3314 1721 3365 Μωῦ-

190 3406 306 3475 σῆς⁸
356 3406 447 3459 καὶ
487 3404 581 3475 τὴν
627 3405 861 3475 κατάραν
888 3404 1097 3471 ἐκείνην
1133 3402 1230 3454 οὐκ
1260 3402 1382 3470 ἐνῆν
1422 3403 1600 3456 λαϐεῖν
1636 3402 1724 3454 τὸν

186 3496 437 3565 Χριστόν·
468 3494 743 3565 ἐπλήρωσε
771 3494 875 3564 γάρ
904 3492 991 3545 τὸν
1016 3494 1193 3561 νόμον,
1218 3492 1457 3561 κατάραν
1486 3494 1724 3563 κατάρας

188 3586 546 3655 ἀντηλλάξατο
570 3584 889 3653 κρεμασθεὶς
918 3583 1006 3634 ἐπὶ
1036 3582 1209 3647 ξύλου.
1238 3583 1369 3650 Περί
1402 3582 1492 3633 τοῦ
1520 3585 1590 3651 μὴ
1618 3582 1725 3635 δεῖν

192 3678 327 3746 μηδέ
382 3675 485 3728 τῶν
541 3675 740 3743 ἐχθρῶν
794 3674 859 3725 τά
908 3673 1071 3738 ἄλογα
1128 3674 1386 3742 παρορᾷν.
1435 3675 1525 3725 κα)⁵
1569 3673 1726 3740 ἕτερα

190 3767 481 3837 νομοθετεῖ,
513 3767 603 3819 καὶ
644 3766 767 3835 περί
804 3764 1047 3833 γαμικῶν
1076 3764 1370 3829 διαλέγεται
1399 3765 1592 3832 νόμων,
1633 3765 1725 3817 καὶ

190 3857 451 3927 τιμωρίας
476 3856 650 3925 τίθησι
681 3854 817 3908 κατά
841 3854 946 3906 τῶν
973 3854 1290 3923 ὑϐριζόντων
1319 3854 1395 3916 εἰς
1412 3854 1723 3923 παρθένους.

191 3947 351 4009 Τίνας
404 3945 595 3997 κωλύει
636 3944 708 4013 μὴ
750 3944 969 3997 εἰσιέναι
997 3944 1073 4005 εἰς
1106 3942 1412 4011 ἐκκλησίαν,
1462 3942 1550 3994 καὶ
1600 3942 1726 4012 περὶ

190 4036 388 4104 ἐτέρων
443 4032 730 4103 νομοθετεῖ,
778 4033 869 4085 καὶ
917 4033 1039 4101 περὶ
1086 4030 1177 4083 τοῦ
1224 4032 1295 4100 μὴ
1335 4032 1515 4083 λαϐεῖν
1552 4033 1720 4084 τόκον.

190 4126 325 4195 Περὶ
353 4124 442 4176 τοῦ
475 4122 547 4193 μὴ
579 4120 838 4192 χρονίζειν
870 4123 925 4173 ἐν
954 4123 1067 4182 ταῖς
1095 4121 1199 4173 τῶν
1228 4121 1396 4189 εὐχῶν
1425 4120 1725 4184 ἀποδόσεσι,

190 4214 302 4266 ἀλλ’
329 4214 462 4282 ὅπερ
490 4213 551 4266 ἀν
577 4229 657 4274 τις
678 4211 913 4282 εὔξηται,
942 4211 1133 4272 εὐθέως
1157 4212 1451 4263 ἀποτελεῖν.
1483 4209 1613 4278 Περὶ
1632 4208 1727 4273 τῆς

191 4303 442 4372 γυναικὸς
473 4303 567 4372 τῆς
595 4300 965 4372 λαμϐανούσης
1007 4300 1201 4369 βιϐλίον
1230 4298 1575 4360 ἀποστασίου,
1604 4296 1727 4364 περὶ

189 4394 473 4463 ἐνεχύρων,
501 4392 627 4461 περί
656 4392 875 4460 κλοπῆς,
902 4390 1025 4461 περί
1058 4388 1246 4458 μισθοῦ
1280 4386 1565 4457 μισθωτοῦ,
1604 4386 1727 4455 περί

186 4480 451 4559 όρφανοῦ,
521 4482 643 4551 περὶ
701 4482 903 4551 χήρας,
965 4480 1087 4549 περὶ
1152 4478 1242 4531 τοῦ
1306 4476 1725 4545 καταλιμπάνειν

188 4570 558 4639 σταχυολογεῖν
589 4569 680 4621 καὶ
712 4569 1017 4637 ραγολογεῖν
1042 4570 1149 4627 τοῖς
1187 4568 1423 4635 πένησιν.
1472 4565 1725 4618 Ἐνταῦθα

186 4662 357 4714 κεῖται
398 4658 530 4738 ἰτερίι
556 4657 647 4709 τοῦ
686 4656 757 4726 μὴ
796 4656 900 4708 δεῖν
951 4655 1105 4707 πλέον
1146 4655 1292 4724 [558]
1330 4654 1725 4722 τεσσαράκοντα

185 4749 478 4820 λαμϐάνειν
504 4747 589 4799 τὸν
621 4744 1009 4813 ἐγκαλούμενον
1043 4744 1166 4811 περὶ
1196 4742 1401 4801 ἀδικίας
1430 4742 1586 4801 τινός.
1622 4740 1725 4791 Kal

186 4841 312 4909 περὶ
361 4837 453 4891 τοῦ
499 4835 569 4905 μὴ
616 4834 809 4905 φιμοῦν
855 4832 977 4903 βοῦν
1026 4832 1279 4892 ἀλοῶντα,
1324 4831 1417 4882 καὶ
1467 4828 1591 4898 περὶ
1631 4826 1723 4879 τοῦ

186 4929 418 4999 ἐγείρειν
452 4925 663 4994 σπέρμα
692 4924 766 4991 τῷ
799 4921 1046 4975 τεθνεῶτι
1084 4918 1290 4987 ἀδελφῷ
1328 4919 1413 4971 τὸν
1450 4918 1727 4970 ὑπολειπό-

189 5038 366 5091 μενον,
400 5018 492 5071 καί
523 5016 573 5067 τί
604 5015 841 5067 πείσεται
882 5015 927 5065 εἰ
970 5011 1042 5081 μὴ
1075 5011 1307 5079 βούλοιτο
1342 5011 1562 5078 ἐγεῖραι.
1595 5010 1727 5077 Περὶ

188 5108 458 5176 σταθμῶν,
498 5103 622 5174 περὶ
674 5102 899 5171 μέτρων.
940 5102 1069 5169 Περὶ
1105 5100 1195 5151 τοῦ
1235 5098 1601 5168 ἐξολοθρεῦσαι
1640 5098 1726 5149 τὸν

198 5198 462 5267 Ἀμαλήκ.
488 5196 618 5263 Περὶ
647 5192 923 5261 ἀπαρχῶν,
955 5192 1079 5259 περὶ
1108 5187 1504 5259 φιλανθρωπίας
1532 5187 1625 5253 τῆς
1651 5188 1726 5246 εἰς

247 5473 271 5500 ⁸
299 5471 352 5519 In
377 5467 739 5524 Bibliislegilur
762 5465 814 5511 οὐ
840 5466 1013 5524 δυνήσῃ
1040 5463 1174 5511 θῦσαι
1200 5464 1251 5508 τὸ
1275 5463 1452 5522 πάσχα.

242 5532 269 5570 δ
291 5518 407 5578 Hec
423 5518 1011 5589 qumrinbeuleronqnﬁid
1039 5524 1273 5589 ωορτηψ
1298 5536 1337 5567 c.
1368 5518 1505 5589 μὴ).
1537 5518 1605 5589 10,
1643 5519 1728 5589 ούχ

189 5579 484 5660 εὑρεθήσεται
528 5588 573 5656 ἐν
609 5588 687 5660 yol
715 5586 1049 5660 περικαθαίρων
1082 5584 1160 5629 τὸν
1202 5584 1299 5652 υἰδν
1328 5579 1489 5660 αὐτοῦ,
1524 5581 1601 5649 καί
1645 5581 1727 5634 τήν

179 5640 409 5711 θυγατέρα
432 5646 575 5696 αὐτοῦ
603 5647 649 5695 ἐν
676 5640 799 5709 πυρί,
827 5660 916 5694 una
942 5640 1051 5691 (oce
1078 5643 1301 5703 exprimit
1326 5640 1633 5701 καθαρισταῖς.

1226 352 1556 411 SYNOPSIS
1593 348 2011 408 SCRIPTURIE
2046 348 2316 408 SACRE.

3265 365 3375 422 336

1848 462 2017 532 χήρας
2038 464 2129 517 καὶ
2149 464 2428 533 ὀρφανούς.
2465 462 2733 516 Ἐντεῦθεν
2754 460 2931 514 λοιπὸν
2950 461 3002 513 αἰ
3028 456 3253 527 κατάραι
3280 456 3376 509 καὶ

1842 552 2095 620 εὐλογίαι.
2136 555 2190 606 αἰ
2237 555 2329 622 μὲν
2379 554 2792 624 παρακούουσιν,
2827 553 2881 605 αἰ
2925 552 2980 603 δὲ
3020 547 3370 618 πειθομένοις.

1842 642 1947 693 Kal
1983 643 2184 711 μακρὸν
2206 643 2469 695 ἀποτείνει
2490 643 2641 709 λόγον
2678 642 2801 710 περὶ
2826 640 2930 693 τῶν
2960 639 3249 708 μελλόντων
3278 634 3373 688 αὖ*

1840 732 1963 793 τοὺς
1994 731 2319 800 διαδέχεσθαι
2339 732 2536 784 κακῶν.
2562 731 2726 783 Τοῦτο
2753 729 2944 797 συνέϐη
2968 729 3058 779 ἐπὶ
3081 726 3371 795 Ἀσσυρίων

1842 819 1934 871 καὶ
1972 819 2335 872 Βαϐυλωνίων.
2371 819 2441 870 Τὸ
2471 819 2525 870 δὲ
2556 819 2676 879 τοὺς
2716 817 2862 878 υἱοὺς
2895 815 3102 882 φαγεῖν,
3136 814 3191 865 ἐν
3223 811 3372 863 πολι-

1841 909 2047 978 ορκίαις
2090 908 2268 978 ἐξέϐη.
2320 908 2421 961 Kal
2467 894 2626 960 αὑτοῦ
2673 908 2937 974 μέμνηται
2977 902 3205 955 ἐνταῦθα
3246 899 3371 969 περί

1840 997 1931 1048 τοῦ
1968 998 2217 1065 Χριστοῦ.
2249 999 2473 1061 Ἔσται,
2494 997 2671 1063 φησὶν,
2708 996 2744 1059 ἠ
2769 992 2873 1058 ζωή
2905 1008 3017 1046 σου
3045 988 3368 1059 κρεμαμένη

1840 1088 1950 1154 πρὸ
1986 1087 2301 1156 ὀφθαλμῶν
2345 1103 2477 1141 σου.
2516 1086 2771 1139 Ἐνταῦθα
2814 1088 3005 1146 κεῖται,
3036 1083 3126 1145 Μή
3142 1075 3370 1145 τιςριζα

1839 1179 2092 1245 πικρίας,
2123 1174 2182 1230 οὗ
2222 1178 2312 1230 καὶ
2345 1180 2372 1229 6
2402 1177 2603 1239 Παῦλος
2638 1175 3030 1244 ἐμνημόνευσεν
3056 1173 3110 1224 ἔν
3140 1170 3205 1237 ττι
3236 1164 3369 1237 πρὸς

1851 1267 2145 1334 Ἐϐραίους,
2183 1266 2436 1319 Ἐνταῦθα
2475 1269 2666 1325 κεῖται,
2702 1264 2776 1318 Τὰ
2812 1261 3038 1330 κρυπτὰ
3073 1258 3258 1325 Κυρίῳ
3289 1254 3369 1319 τῷ

1841 1356 1978 1421 Θεῷ,
2012 1360 2081 1409 τὰ
2119 1357 2185 1409 δὲ
2222 1357 2441 1423 φανερὰ
2481 1356 2619 1423 ὑμῖν
2654 1356 2749 1407 καί
2780 1353 2902 1417 τοῖς
2932 1351 3156 1413 τέκνοις
3185 1346 3367 1415 ὑμῶν.

1839 1447 1965 1499 Ὀτι
1985 1448 2021 1513 ἡ
2046 1447 2259 1513 ἐντολὴ
2281 1446 2480 1505 αὐτοῦ.
2496 1446 2705 1513 φησὶνο,
2723 1445 2827 1496 οὐκ
2840 1441 3003 1494 ἔσται
3024 1438 3365 1504 ὑπέρογκος.

1842 1539 1959 1590 οὐκ
1980 1537 2047 1589 ἐν
2072 1537 2149 1600 τῷ
2175 1536 2421 1603 οὐρανῷ,
2444 1538 2540 1588 ἵνα
2567 1536 2756 1600 εἵπῃς,
2784 1532 2882 1596 Τίς
2906 1528 3258 1594 ἀναϐήσεται
3283 1525 3369 1586 εἰς

1836 1627 1939 1679 τὸν
1972 1627 2263 1693 οὐρανόν;
2306 1624 2443 1679 οὐδὲ
2479 1624 2661 1688 πέραν
2699 1620 2803 1686 τῆς
2845 1618 3175 1682 θαλάσσης,
3231 1612 3367 1666 ἀλλ’

1836 1716 2009 1783 ὲττύς
2047 1730 2160 1768 σου
2202 1716 2267 1767 τὸ
2309 1712 2465 1781 ῥῆμά
2507 1714 2671 1765 ἐστιν
2711 1712 2778 1762 ἐν
2822 1707 2897 1771 τῷ
2942 1705 3184 1773 στόματι
3231 1716 3364 1754 σου.

1837 1806 2015 1858 Ταῦτα
2045 1806 2171 1874 περὶ
2195 1804 2290 1873 τῆς
2314 1801 2535 1871 νομικῆς
2565 1800 2776 1867 ἐντολῆς
2822 1796 3078 1866 εἰρημένα
3125 1792 3367 1845 εἵλκυσεν

1836 1894 1913 1955 εἰς
1941 1894 2036 1962 τὴν
2065 1893 2241 1945 πίστιν
2264 1890 2361 1958 τὴν
2386 1892 2464 1950 είς
2490 1887 2718 1957 Χριστὸν
2748 1888 2776 1938 6
2798 1884 3022 1945 Παῦλος’
3054 1877 3367 1947 Διαμαρτύ-

1827 1998 2003 2050 ρομαι
2029 1981 2185 2050 ὑμῖν,
2209 1980 2359 2048 φησι,
2383 1978 2488 2032 τὸν
2519 1975 2774 2043 οὐρανὸν
2800 1972 2895 2027 καί
2923 1972 3034 2037 τὴν
3054 1970 3187 2038 γῆν,
3214 1967 3367 2019 ὥστε

1833 2067 2068 2137 ἀγαπᾷν
2096 2070 2199 2123 τὸν
2221 2069 2383 2121 Θεόν.
2411 2065 2540 2117 Τότε
2568 2063 2715 2116 καλεῖ
2742 2062 2832 2115 τὸν
2863 2058 3062 2130 Ἰησοῦν
3086 2057 3172 2109 τὸν
3191 2053 3365 2122 Ναυῆ,

1833 2158 1925 2209 καὶ
1962 2156 2254 2210 ἐντέλλεται
2282 2152 2524 2224 ἡγεῖσθαι
2555 2151 2646 2204 τοῦ
2682 2150 2829 2213 λαοῦ,
2857 2148 2948 2202 καὶ
2980 2147 3052 2216 μὴ
3090 2142 3365 2213 φοϐεῖσθαι

1832 2246 1954 2307 τοὺς
1983 2245 2288 2314 πολεμίους,
2308 2242 2436 2295 Θεὸν
2468 2241 2682 2311 ἔχοντας
2713 2237 2917 2307 βοηθόν.
2958 2234 3059 2287 Kal
3095 2233 3368 2301 παραινεῖ,

1832 2334 1969 2388 ὥστε
2006 2337 2061 2390 ἐν
2092 2337 2209 2397 ταῖς
2250 2334 2632 2402 σκηνοπηγίαις
2662 2329 2820 2383 παντί
2845 2326 2921 2395 τῷ
2954 2323 3062 2393 λαῷ
3088 2324 3177 2376 τὸν
3207 2322 3365 2389 νόμον

1834 2423 2307 2493 ἀναγινώσκεσθαι.
2353 2422 2607 2491 Προλέγει
2662 2419 2738 2487 τῷ
2785 2418 2985 2485 Μωῦσῇ
3031 2417 3058 2467 6
3104 2412 3252 2473 Θεὸς,
3284 2410 3365 2462 ὅτι

1836 2516 1971 2585 μετά
2018 2515 2240 2567 θάνατον
2296 2511 2456 2563 αὑτοῦ
2507 2513 2535 2562 6
2586 2510 2707 2572 λαὸς
2773 2504 3226 2573 εἰδωλολατρήσει,
3271 2497 3365 2551 καὶ

1833 2603 2237 2671 κολασθήσεται.
2261 2602 2438 2653 Ἔστω
2466 2596 2575 2662 οῦν,
2607 2598 2843 2666 φησίν,ή
2879 2594 2989 2664 ᾠδὴ
3028 2592 3162 2657 αῦτη
3202 2604 3364 2671 κατα-

1836 2664 2175 2764 μαρτυροῦσα
2206 2690 2400 2744 αὐτῶν.
2446 2690 2519 2741 Οὐ
2565 2664 2678 2757 γάρ
2718 2702 2846 2737 ποτε
2892 2683 3137 2751 λήσονται
3176 2664 3361 2744 αὐτῆς.

1833 2785 1940 2837 Kal
1970 2780 2169 2852 ἔγραψε
2189 2779 2422 2848 Μωῦσῆς
2449 2778 2543 2846 τὴν
2571 2776 2727 2846 ᾠδὴν.
2761 2774 2852 2827 καὶ
2884 2773 3134 2841 προεῖπεν
3162 2766 3361 2831 αὐτοῖς,

1832 2878 1909 2931 ὅτι
1930 2874 2299 2943 ἀνομι’,;ουσιν.
2340 2869 2592 2922 Ἐνταῦθα
2618 2870 2806 2919 κεῖται·
2838 2862 3010 2916 Αὐτοί
3042 2855 3365 2925 παρεζήλω-

1831 2967 1949 3021 σάν
1967 2982 2040 3034 με
2062 2964 2151 3017 ἐπ’
2170 2965 2241 3017 οὐ
2271 2961 2410 3025 Θεῷ,
2443 2959 2599 3025 κάγὼ
2622 2952 3014 3022 παραζηλώσω
3033 2946 3363 3034 αὑτοὺςέπ*

1831 3057 1940 3109 οὐκ
1970 3033 2140 3106 ἔθνει.
2190 3048 2474 3102 Κελεύεται
2518 3042 2751 3109 ιῐωῦσῆς
2782 3039 3015 3092 ἀνελθεῖν
3048 3036 3123 3096 εἰς
3155 3034 3214 3085 τδ
3243 3033 3366 3101 ϐρος

1829 3143 1889 3195 τὸ
1925 3142 2196 3211 Ἀϐαρείμ,
2223 3140 2251 3191 ὃ
2278 3138 2369 3191 καὶ
2399 3134 2573 3188 Ναϐαὶ
2610 3132 2842 3197 ἐλέγετο,
2872 3126 2963 3179 καὶ
2992 3125 3114 3177 ἰδεῖν
3136 3122 3236 3191 τὴν
3263 3120 3365 3187 γῆν

1831 3208 2171 3299 ἐπαγγελίας’
2206 3230 2298 3281 καὶ
2334 3225 2625 3292 εὐλογήσας
2659 3220 2889 3287 ἐκάστην
2929 3213 3116 3299 φυλὴν,
3146 3208 3365 3299 ἐτελεύ-

1830 3293 1994 3390 τησεί
2018 3318 2108 3371 καὶ
2136 3318 2232 3368 ούκ
2264 3312 2397 3367 εἶδεν
2428 3310 2597 3371 οὐδεὶς
2626 3307 2722 3374 τὴν
2754 3302 2927 3369 ταφὴν
2959 3296 3118 3351 αὑτοῦ
3145 3296 3244 3356 ἐως
3270 3293 3364 3362 τῆς

1828 3383 2038 3478 ἡμέρας
2068 3405 2285 3471 ταύτης.
2320 3398 2577 3454 Ἐνταῦθα
2600 3391 2980 3458 ἐτελειώθησαν
3009 3388 3077 3440 τά
3103 3386 3258 3438 πέντε
3286 3383 3365 3451 βι-

1832 3497 1953 3549 ϐλία
1975 3493 2267 3555 Μωῦσέως,
2299 3490 2334 3543 ἀ
2362 3489 2494 3558 μόνα
2522 3484 2763 3549 ἐδέξαντο
2785 3480 2832 3531 οί
2854 3478 3171 3545 Σαμαρῖται.

2114 3689 2370 3755 Σύνοψις
2403 3682 2507 3735 τοῦ
2539 3678 2731 3746 Ἰησοῦ
2761 3676 2864 3730 τοῦ
2901 3670 3090 3738 Ναυῆ.

1900 3858 2191 3913 Κελεύεται
2221 3855 2247 3895 ἀ
2281 3851 2479 3923 Ἰησοῦς
2514 3848 2810 3901 διατάττειν
2836 3842 2913 3909 τῷ
2939 3839 3073 3909 λαῷ,
3097 3836 3174 3906 τῷ
3200 3852 3258 3888 τε
3282 3834 3366 3887 v6—

1836 3969 1917 4021 μῳ
1963 3947 2054 4001 τοῦ
2096 3944 2229 3998 Θεοῦ
2264 3941 2566 4011 προσέχειν.
2599 3935 2807 4002 Πέμπει
2844 3927 3229 3985 κατασκόπους·
3259 3924 3367 3975 εἰσ-

1830 4010 1989 4109 ῖιλθον
2016 4039 2092 4097 εἰς
2122 4036 2220 4101 τὴν
2258 4010 2476 4098 Ἱεριχώ.
2524 4023 2777 4082 ’Λκούσας
2815 4022 2841 4071 6
2878 4015 3120 4085 βασιλεὺς
3147 4012 3244 4078 τῆς
3266 4010 3365 4061 πό-

1831 4100 1983 4189 λεως,
2032 4100 2258 4191 έπεμψε,
2301 4116 2474 4187 ζητῶν
2522 4115 2645 4174 τοὺς
2688 4110 2880 4178 ἄνδρας
2917 4104 3066 4174 παρὰ
3101 4101 3263 4154 Ῥαὰὸ
3298 4100 3364 4191 τῇ

1833 4187 2002 4286 πόρνη
2028 4216 2092 4282 τῇ
2124 4187 2505 4275 ύποδεξαμένῃ.
2554 4203 2617 4254 Ἠ
2654 4200 2708 4251 δὲ
2739 4196 2937 4265 ἔκρυψε
2965 4194 3085 4253 τοὺς
3106 4187 3370 4286 κατασκό-

1832 4280 2119 4368 πουςξ-Καὶ
2152 4300 2270 4352 ἀντὶ
2294 4294 2491 4363 ταύτης
2518 4294 2615 4361 τῆς
2641 4290 2853 4359 χάριτος
2881 4285 3044 4353 ᾔτησε
3073 4280 3169 4368 τὴν
3197 4293 3368 4368 “fw:

1835 4361 1957 4463 ρίαν
1996 4390 2093 4458 τῆς
2137 4384 2310 4445 οἰκίας
2343 4361 2527 4448 αὐτῆς,
2565 4379 2689 4430 ὃταν
2734 4376 2766 4443 ή
2810 4371 2959 4463 πόλις
2989 4364 3265 4463 ληφθῇθιοί
3310 4361 3366 4412 δὲ

1832 4454 2139 4534 ἐπένευσαν.
2175 4473 2283 4527 Kal
2301 4470 2611 4529 ἀπελθόντες
2638 4461 2966 4532 ἀπήγγειλαν
2990 4458 3055 4510 τά
3084 4454 3361 4522 γενόμενα.

1833 4563 2198 4631 Παραγγέλλει
2231 4559 2306 4628 τῷ
2329 4555 2462 4625 λαῷ,
2498 4554 2634 4605 ὥστε
2670 4549 2911 4617 διαϐῆναι
2947 4544 3035 4631 τὸν
3082 4538 3364 4631 Ἰορδάνην,

1833 4626 1929 4707 καῖ
1965 4626 2217 4718 διέϐησαν
2260 4626 2350 4696 ἐπὶ
2388 4641 2574 4711 ξηρᾶς,
2614 4638 2703 4689 καὶ
2740 4634 2914 4694 λίθους
2945 4630 3173 4718 ἔστησαν
3205 4626 3266 4718 ἐν
3302 4626 3367 4718 τῇ

1835 4712 2213 4811 στρατοπεδείᾳ
2254 4732 2474 4786 δώδεκα.
2528 4726 2874 4786 ’Λκούσαντες
2916 4722 2964 4774 οἰ.
3007 4715 3239 4782 βασιλεῖς
3265 4712 3371 4811 ¹[ἰῶν

1845 4800 2356 4901 Ἀμορραίων-[559]
2381 4821 2428 4873 οἱ
2463 4820 2631 4888 πέραν
2658 4815 2749 4867 τοῦ
2784 4811 3064 4901 Ἰορδάνου,
3088 4807 3178 4901 καί
3206 4800 3370 4901 οἰ-βα-

1836 4892 1999 4984 σιλεῖς
2016 4892 2124 4986 ’τῆς
2150 4892 2414 4981 Φοινίκης,
2441 4911 2518 4962 ὅτι
2548 4906 2633 4959 διὰ
2655 4905 2821 4973 ξηρᾶς
2847 4898 3096 4986 διέϐησαν
3125 4894 3214 4986 τὸν
3251 4892 3374 4986 Ἰορ-

1833 4979 2013 5077 δάνην,
2036 4979 2425 5069 κατετάκησαν,
2446 4996 2537 5049 καὶ
2559 4991 2986 5056 κατεπλάγησαν.
3011 4983 3140 5035 Τότε
3170 4979 3371 5049 Ἰησοῦς

1834 5072 2187 5168 προσταχθεὶς
2236 5088 2522 5160 μαχαίραις
2569 5082 2843 5149 πετρίναις
2886 5074 3193 5145 περιτέμνει
3250 5072 3372 5129 τοὺς

1847 5161 2145 5246 Ἰουδαίους.
2218 5180 2368 5233 Ἐπεί
2422 5172 2815 5241 τεσσαράκοντα
2885 5165 2978 5233 ἔτη
3040 5161 3373 5228 ἀνέστραπτο

1848 5276 2056 5345 Ἰσραὴλ
2111 5276 2165 5325 ἐν
2207 5273 2269 5338 τῇ
2327 5268 2531 5337 ἐρήμῳ,
2581 5262 2671 5315 καὶ
2713 5259 2797 5311 διὰ
2830 5255 2983 5308 τοῦτο
3022 5248 3373 5320 ἀπερίτμητοι

1901 5518 1921 5545 ο
1953 5514 2062 5561 Hanc
2084 5514 2321 5558 adduntur
2348 5516 2406 5549 ex
2430 5514 2531 5606 (ηρ
2557 5514 2633 5555 ου,
2658 5514 2752 5568 νηι
2769 5514 2805 5542 ι.
3019 5549 3030 5565 ⁸
3146 5542 3169 5554 _
3327 5539 3351 5553 .

1899 5575 1921 5611 ιι
1945 5572 2089 5621 Liber
2115 5570 2261 5616 Josue
2288 5567 2334 5611 in
2360 5564 2463 5621 Lug
2500 5559 2668 5608 uncnsi
2690 5569 2756 5605 SIC
2782 5553 2947 5614 Incipit
2973 5568 2982 5597 :
3031 5551 3198 5603 Ιηοους
3219 5542 3350 5589 ac)“

1842 5651 1912 5681 ται
1936 5634 1989 5680 τὸ
2014 5630 2207 5693 βιϐλίον.
2232 5623 2497 5674 Κελεύεται.
