4000 6220
639 354 747 409 337

643 455 785 528 ἦσαν
833 457 1007 510 αὑτῶν
1047 456 1097 509 οἰ
1139 454 1372 507 πλεῖστοι
1414 453 1522 504 τῶν
1565 451 1830 521 μαχίμων,
1860 451 1908 503 οἰ
1948 451 2038 503 καὶ
2066 450 2172 502 άπ-

647 550 858 603 ώλοντο’
884 546 999 599 ἀντὶ
1024 546 1078 597 δὲ
1104 544 1298 596 τούτων
1331 542 1741 611 άντικατέστησε
1767 543 1890 603 τοὺς
1918 541 2064 602 υἰοὺς
2088 541 2180 592 αὑ-

646 640 773 700 τῶν,
796 637 887 699 οὓς
909 639 936 689 6
967 634 1168 703 Ἰησοῦς
1194 633 1501 703 περιέτεμε,
1521 632 1605 685 διά
1632 633 1691 684 τὸ
1716 630 1958 698 γενέσθαι
1987 631 2179 693 αὑτοὺς

648 727 1041 796 άπεριτμήτους
1086 726 1143 777 ἐν
1186 726 1251 793 τῇ
1298 722 1417 793 ὁδῷ.
1454 724 1581 775 Τότε
1624 723 1841 790 ἐποίησε
1879 721 1938 775 τδ
1978 722 2177 790 πάσχα.

649 816 759 867 Καὶ
786 817 842 866 ἐν
867 816 933 882 τῇ
966 814 1145 883 ήμέρᾳ
1237 813 1433 880 ἔφαγον
1456 813 1633 880 ἄζυμα
1658 810 1763 865 ἀπὸ
1788 810 1878 863 τοῦ
1911 811 2053 863 σίτου
2081 809 2181 876 τῆς

650 904 751 971 γῆς
773 904 1002 969 ἐκείνης,
1040 903 1246 965 ἐξέλιπε
1281 901 1341 952 τὸ
1370 900 1557 968 μάννα.
1587 899 1873 952 Κελεύεται
1910 902 1939 952 6
1980 898 2182 967 Ἰησοῦς

651 991 806 1045 λῦσαι
836 992 896 1043 τὸ
921 991 1164 1059 ὑπόδημα
1190 988 1371 1051 αὑτοῦ,
1402 991 1493 1041 καὶ
1530 988 1800 1041 κυκλῶσαι
1838 988 1934 1057 τὴν
1976 986 2182 1056 Ἱεριχῶ

656 1082 788 1148 μετά
821 1080 1125 1146 σαλπίγγων
1168 1080 1260 1131 καί
1300 1080 1395 1145 τῆς
1429 1077 1655 1129 κιϐωτοῦ
1686 1078 1890 1148 ἡμέρας
1922 1078 2076 1130 ἑπτά.
2109 1068 2181 1130 Οὑ

653 1168 935 1236 γενομένου
966 1168 1237 1234 αὐτόματα
1277 1167 1465 1217 έπεσον
1509 1167 1574 1217 τέι
1610 1166 1779 1232 τείχη.
1806 1165 1969 1231 Δῆλον
1994 1161 2082 1217 οῦν
2103 1165 2182 1217 ὅτι

653 1258 831 1309 ἔκτοτε
862 1258 1029 1326 ἀρχὴν
1064 1256 1216 1306 ἔλαϐε
1252 1255 1465 1305 λύεσθαι
1509 1255 1567 1305 τδ
1613 1253 1888 1306 σάϐϐατον*
1925 1251 2042 1304 ὅθεν
2080 1252 2184 1320 γάρ

654 1350 720 1401 ἇν
751 1346 971 1415 ἄρξηταί
996 1363 1093 1406 τις,
1118 1346 1322 1411 ἀνάγκη
1346 1345 1403 1395 τὸ
1429 1343 1689 1395 σάϐϐατον
1710 1343 1961 1408 ἐμπεσεῖν
1987 1344 2043 1393 ἐν
2065 1344 2184 1403 ταῖς

654 1438 711 1502 ἒξ
740 1437 983 1505 ήμέραις.
1014 1436 1142 1485 Τότε
1174 1434 1393 1495 σώζεται
1420 1433 1512 1499 μὲν
1538 1434 1569 1500 ή
1602 1430 1763 1484 Ῥαὰϐ
1793 1429 1927 1498 μετὰ
1947 1429 2043 1497 τῆς
2067 1444 2185 1493 συγ-

654 1522 863 1585 γενείας
890 1520 1068 1587 αὑτῆς,
1108 1519 1199 1570 καὶ
1235 1520 1370 1569 οἰκεῖ
1402 1519 1457 1568 ἐν
1485 1517 1560 1585 τῷ
1594 1517 1823 1586 Ἰσραὴλ,
1849 1517 2183 1585 ἐμπιπρᾶται

652 1612 707 1662 δέ
738 1614 768 1677 ή
807 1610 957 1671 πόλις
981 1609 1069 1661 καὶ
1092 1608 1555 1677 άναθεματίζεται,
1599 1608 1687 1659 καὶ
1713 1607 2052 1675 κατηράσατο
2086 1607 2186 1676 Ἰη-

656 1699 780 1761 σοῦς
808 1698 884 1765 τῷ
908 1698 1266 1767 οἰκοδομοῦντι
1302 1698 1489 1765 αὑτήν.
1518 1696 1777 1763 Ἐκλεψεν
1824 1698 1886 1749 ἐκ
1931 1697 2024 1750 τοῦ
2058 1700 2177 1750 ἁνα-

655 1788 881 1856 θέματος
911 1788 1104 1856 Ἀχαρ.
1138 1788 1230 1839 καὶ
1256 1788 1475 1855 ἡττᾶται
1500 1786 1527 1837 6
1552 1785 1676 1848 λαδς
1696 1786 2008 1855 προσϐαλὼν
2029 1787 2187 1854 ἑτέρα

657 1882 824 1934 πόλει.
859 1882 1037 1934 Δεῖται
1073 1879 1163 1932 τοῦ
1202 1879 1333 1932 Θεοῦ
1377 1879 1595 1949 Ἰησοῦς,
1633 1879 1838 1933 κελεύει
1877 1882 1905 1933 ό
1943 1878 2070 1941 Θεὸς
2100 1878 2188 1942 ἐξ·

654 1969 880 2038 αρθῆναι
903 1968 960 2020 τὸ
988 1967 1249 2036 ἀνάθεμα.
1290 1966 1583 2037 Ἂνεδείχθη
1602 1969 1632 2020 6
1649 1967 1841 2037 Ἀχαρ,
1868 1967 2097 2036 ήλέγχθη
2129 1967 2188 2019 τὸ

655 2059 893 2127 κλέμμα,
926 2057 1264 2126 ἐλιθοϐολήθη
1307 2057 1440 2126 μετὰ
1474 2058 1579 2110 τῶν
1615 2057 1743 2110 υἰῶν
1768 2058 1860 2110 καὶ
1885 2057 2187 2126 θυγατέρων

652 2149 682 2200 δ
720 2148 914 2216 Ἀχαρ.
960 2146 1348 2215 Ἀνεμαχέσατο
1386 2145 1586 2214 Ἰησοῦς
1608 2145 1703 2215 τήν
1735 2146 1926 2215 μάχην,
1961 2146 2051 2198 καὶ
2082 2139 2188 2196 εἷλε

654 2238 749 2306 τὴν
770 2237 964 2299 Γάζαν,
992 2236 1083 2287 καὶ
1104 2234 1405 2303 ἐνεπύρισε⁶
1430 2234 1523 2286 καὶ
1543 2233 1732 2287 ἔπεσον
1754 2236 1808 2286 ἐν
1830 2236 1963 2304 αὑτῇ
1986 2234 2190 2288 δώδεκα

655 2323 904 2392 χιλιάδες·
939 2324 1028 2376 καὶ
1064 2324 1152 2376 τὸν
1183 2323 1399 2391 βασιλέα
1422 2324 1519 2393 τῆς
1547 2324 1746 2385 πόλεως
1772 2325 2072 2394 ἐκρέμασαν
2097 2324 2188 2376 ἐπὶ

655 2413 828 2478 ξύλου.
851 2414 1197 2483 Συνέρχονται
1222 2414 1516 2484 πολεμῆσαι
1539 2415 1626 2467 τὸν
1659 2415 1866 2483 Ἰσραὴλ
1891 2418 1935 2467 οἱ
1963 2415 2190 2482 βασιλεῖς

652 2502 760 2554 τῶν
800 2504 1134 2573 ’Λμοῤῥαίων
1165 2504 1257 2556 καὶ
1286 2505 1617 2566 Χαναναίων,
1656 2507 1746 2555 καὶ
1783 2506 1829 2555 οἰ
1874 2504 2064 2557 λοιποί.
2096 2506 2187 2557 Oi-

654 2592 870 2661 κοδομεῖ
899 2591 1099 2661 Ἰησοῦς
1130 2593 1501 2662 θυσιαστήριον
1520 2595 1582 2645 ἐκ
1596 2592 1753 2646 λίθων
1783 2593 2081 2662 ὁλοκλήρων
2099 2594 2190 2645 καὶ

654 2683 849 2750 γράφει
873 2682 932 2735 τδ
961 2683 1363 2752 Δευτερονόμιον
1392 2685 1521 2737 ἐκεῖ.
1552 2684 1660 2737 Καὶ
1688 2686 1735 2736 οἰ
1772 2684 1981 2753 ἡμίσεις
2015 2684 2190 2736 ἵσταν-

652 2781 741 2818 ται
771 2766 988 2835 πλησίον
1012 2769 1102 2821 τοῦ
1140 2769 1294 2838 ὅρους
1318 2769 1507 2832 Γεϐὰλ,
1536 2771 1627 2822 καὶ
1655 2773 1701 2823 οί
1736 2771 1945 2840 ἡμίσεις
1972 2770 2188 2840 πλησίον

653 2854 744 2908 τοῦ
775 2856 929 2926 ὄρους
963 2858 1200 2927 Γαριζίν.
1244 2860 1515 2913 Ἐντεῦθεν
1543 2860 1609 2913 τὰ
1651 2862 1789 2913 κατὰ
1823 2862 1944 2923 τοὺς
1971 2859 2188 2913 Γαϐαω⁹

654 2945 819 3008 νίτας.
851 2940 1005 2997 Οὗτοι
1042 2946 1148 3015 γάρ
1179 2947 1500 3009 ἀκούσαντες
1530 2949 1655 3019 περὶ
1685 2948 1791 3001 τῶν
1830 2949 2185 3019 Ἰσραηλιτῶν,

654 3033 745 3084 καὶ
767 3033 1085 3101 φοϐηθέντες
1114 3035 1303 3096 αὑτοὺς
1325 3035 1380 3100 ἐξ
1400 3029 1472 3087 ὧν
1490 3036 1593 3104 ἤδη
1610 3036 1968 3104 κατώρθωσαν
1996 3039 2051 3089 ἐν
2078 3039 2188 3099 τοῖς

654 3120 947 3189 πολεμίοις,
974 3120 1213 3191 ἔρχονται
1236 3122 1368 3191 πρὸς
1396 3123 1604 3186 αὑτοὺς,
1630 3124 1827 3177 παλαιά
1852 3125 2186 3195 περιθέμενοι

654 3205 862 3273 ίμάτια,
882 3206 1073 3277 ἄρτους
1092 3208 1464 3277 ἐπιφερόμενοι
1487 3209 1700 3279 ξηροὺς,
1735 3212 1987 3265 σανδάλια
2013 3204 2183 3265 πεπα-

654 3294 943 3363 λαιωμένα,
967 3296 1057 3348 καί
1079 3313 1205 3364 φασι
1229 3298 1362 3366 πρὸς
1387 3299 1476 3351 τὸν
1502 3299 1645 3361 λαδν,
1671 3302 1750 3353 ὅτι
1774 3303 1835 3353 ἐκ
1857 3303 1959 3370 γῆς
1982 3303 2189 3373 πόρρω-

654 3382 744 3437 θεν
773 3385 978 3453 ἥκουσι,
1010 3386 1101 3438 καὶ
1130 3388 1349 3454 σημεῖον
1388 3385 1480 3439 τοῦ
1519 3388 1701 3458 πόρρω
1740 3391 1926 3452 οἰκεῖν,
1965 3390 2030 3444 τά
2062 3393 2188 3462 ἰμά-

653 3490 759 3533 τια,
799 3474 891 3526 καὶ
938 3475 1062 3535 τοὺς
1106 3475 1318 3543 ἄρτους,
1361 3476 1453 3528 καὶ
1502 3476 1568 3528 τὰ
1607 3477 1856 3531 σανδάλια
1897 3478 2184 3535 ἐποιοῦντο.

667 3564 754 3614 Ἐν
786 3562 891 3632 γάρ
918 3566 981 3633 τῇ
1014 3563 1115 3633 ὀδῷ
1141 3564 1276 3617 αὑτά
1308 3565 1710 3619 πεπαλαιῶσθαι
1736 3569 1934 3636 ἔλεγον·
1963 3573 2113 3640 ἥκειν
2133 3574 2188 3626 δὲ

654 3653 744 3704 ἐπὶ
776 3652 853 3721 τῷ
889 3654 1155 3723 συνθήκας
1192 3655 1511 3724 ποιήσασθαι
1540 3656 1673 3725 πρὸς
1713 3660 1905 3722 αὐτοὺς
1950 3663 2186 3731 εἰρήνης.

655 3742 715 3792 οι
750 3741 806 3792 δὲ
854 3742 926 3810 μὴ
961 3742 1202 3810 ἐρόμενοι
1239 3743 1328 3795 τὸν
1367 3745 1515 3808 Θεὸν,
1559 3748 1871 3816 ἐποιήσαντο
1903 3751 2185 3819 συνθήκας.

663 3828 750 3889 Ὠς
776 3829 832 3882 δὲ
859 3829 1097 3897 ἔγνωσαν
1129 3832 1478 3903 ἠπατημένοι,
1510 3835 1600 3888 καί⁵
1629 3837 1707 3890 ὅτι
1736 3838 1795 3889 οὑ
1823 3838 2023 3907 πόρρω,
2057 3840 2188 3893 ἀλλὰ

655 3921 876 3991 πλησίον
908 3920 1131 3983 οἰκοῦσι,
1179 3921 1250 3990 μὴ
1281 3922 1563 3991 δυνάμενοι
1594 3926 1786 3989 αὐτοὺς
1819 3929 2183 3997 καταπολεμῆ-

656 4029 744 4065 σαι
785 4012 869 4064 διὰ
904 4013 1027 4074 τοὺς
1052 4012 1265 4081 ὅρκους,
1293 4012 1506 4077 δούλους
1529 4015 1844 4084 ἐποιήσαντο
1872 4017 2189 4080 ξυλοκόπους

653 4117 711 4153 τε
744 4100 837 4153 καὶ
874 4099 1212 4168 ὑδροφόρους.
1252 4102 1508 4155 Ἐνταῦθα
1552 4103 1787 4157 ἐκϐαίνει
1820 4107 1853 4174 ή
1895 4107 2189 4176 πρόρρησις

651 4188 743 4241 τοῦ
775 4188 915 4251 Νῶε,
947 4190 1012 4257 ἢν
1043 4184 1181 4241 εἷπε·
1208 4192 1442 4243 Χαναὰν
1464 4192 1600 4255 παῖς
1628 4193 1873 4259 οἰκέτης·
1910 4197 1964 4260 ἐξ
1986 4197 2187 4248 ἐκείνου

651 4280 757 4349 γάρ
810 4281 943 4332 εἰσιν
1000 4273 1163 4333 οὑτοι.
1220 4281 1484 4334 Ἤκουσεν
1545 4283 1889 4345 Ἀδωνιϐεζὲκ
1946 4286 2188 4351 βασιλεὺς

666 4367 1029 4438 Ἰερουσαλὴμ,
1062 4368 1315 4439 [5401611
1348 4371 1487 4423 ἐάλω
1526 4371 1729 4440 Ἰεριχὼ
1766 4374 1856 4423 καὶ
1895 4376 2057 4436 Γάζα,
2097 4378 2187 4429 καὶ

651 4458 732 4509 ὅτι
782 4457 1148 4527 ηὐτομόλησαν
1187 4461 1234 4511 οί
1276 4460 1623 4522 Γαϐαωνῖται,
1677 4462 1767 4513 καὶ
1818 4463 2187 4531 ἐπιστρατεύει

652 4548 735 4599 ἐπ’
763 4547 957 4610 αὐτοὺς
994 4552 1125 4617 μετὰ
1149 4551 1239 4601 καὶ
1265 4550 1460 4619 ἐτέρων
1496 4550 1770 4619 βασιλέων.
1800 4555 1859 4605 Ol
1887 4553 1941 4605 δὲ
1967 4553 2188 4607 ἐκάλουν

651 4639 727 4697 εἰς
772 4639 1076 4706 συμμαχίαν
1118 4638 1206 4690 τὸν
1240 4640 1461 4706 Ἰησοῦν.
1496 4637 1662 4693 Ἦλθε
1699 4643 1753 4693 δὲ
1788 4645 1878 4695 καὶ
1912 4644 2184 4705 συνέϐαλε,

653 4723 743 4773 καὶ
776 4722 1032 4791 ἐτρέψατο
1060 4725 1268 4787 αὑτούς·
1297 4726 1384 4777 καὶ
1414 4727 1611 4779 ἄνωθεν
1642 4728 1727 4778 ἐπ’
1753 4730 1942 4790 αὐτοὺς
1984 4730 2185 4797 χάλαζα

652 4814 973 4883 κατηνέχθη’
1002 4815 1092 4865 καί
1132 4815 1343 4876 πλείους
1374 4816 1575 4867 ἀνεῖλεν
1604 4818 1635 4885 ή
1667 4817 1891 4885 χάλαζα,
1930 4818 1962 4886 ἢ
1994 4820 2041 4870 οἰ
2084 4821 2185 4870 υίο¹ι

660 4903 868 4969 Ἰσραὴλ
911 4906 967 4953 ἐν
1016 4904 1272 4972 μαχαίρᾳ.
1313 4906 1442 4955 Τότε
1491 4905 1615 4974 ἔστη
1660 4908 1686 4956 ό
1724 4907 1868 4973 ἥλιος
1914 4908 2049 4959 κατὰ
2085 4908 2187 4960 Γα-

649 4986 814 5047 ϐαὼν,
841 4990 930 5041 καὶ
954 4992 986 5057 ἠ
1019 4990 1208 5058 σελήνη
1233 4991 1367 5042 κατὰ
1393 4991 1642 5060 φάραγγα
1674 4992 1867 5061 Ἐλώμ’
1898 4994 1987 5045 καὶ
2013 4994 2184 5046 πάντα

647 5076 753 5129 τῶν
785 5075 988 5145 ἐχθρῶν
1015 5078 1103 5128 τὸν
1136 5078 1260 5129 λαδν
1289 5080 1597 5132 ἀπέκτεινεν
1632 5080 1847 5149 Ἰησοῦς,
1897 5084 1988 5134 καὶ
2030 5085 2185 5136 πέντε

650 5166 900 5234 βασιλεῖς.
934 5163 1055 5218 Εἰλε
1086 5166 1140 5218 δὲ
1185 5169 1274 5219 καὶ
1317 5170 1413 5237 τὴν
1446 5170 1696 5238 Μακηλά,
1730 5172 1820 5222 καὶ
1848 5172 1941 5239 τὴν
1988 5173 2181 5235 Λοϐνᾶ,

649 5252 740 5303 καὶ
789 5250 885 5319 τὴν
924 5252 1109 5320 Λαχὶς,
1147 5252 1238 5304 καὶ
1274 5254 1367 5320 τὴν
1409 5256 1636 5315 ’(λδολὰν,
1677 5258 1769 5308 καὶ
1807 5257 1900 5326 τὴν
1943 5260 2180 5327 Χεϐρὼν,

647 5336 739 5387 καὶ
780 5336 875 5393 τὴν
920 5337 1113 5405 Δαϐὴρ,
1148 5337 1240 5389 καὶ
1276 5338 1374 5401 τὴν
1415 5339 1641 5408 ὀρεινὴν,
1686 5344 1777 5393 καὶ
1822 5342 1916 5411 τὴν
1945 5345 2176 5412 πεδινὴν.

647 5419 908 5483 Συνῆλθον
940 5420 1109 5487 ἕτερον.
1146 5421 1376 5488 βασιλεῖς
1426 5424 1605 5475 πολλοὶ
1652 5427 1783 5492 μετὰ
1816 5430 2180 5494 στρατοπέδων

649 5503 915 5572 μεγάλων,
950 5506 1041 5557 καὶ
1088 5506 1304 5569 τούτους
1345 5503 1482 5560 εἷλεν
1531 5511 1748 5576 Ἰησοῦς.
1797 5514 2070 5578 Ἔγκειται
2125 5514 2179 5565 δὲ

1327 330 1384 388 S.
1421 333 1695 392 JOANMS
1731 332 2203 393 CIIRYSOSTOMI
2237 333 2547 395 ARCHIEP.
2579 340 3113 399 CONSTANTINOP.

3717 358 3819 410 338

2278 449 2523 520 ἀριθμός.
2558 455 2956 522 Προστάσσεται
2983 459 3036 510 δὲ
3072 458 3273 527 Ἰησοῦς
3301 459 3563 513 διαδοῦναι
3588 460 3685 530 τὴν
3714 461 3809 529 γῆν

2284 541 2385 603 τοῖς
2419 542 2785 611 Ἰσραηλίταις.
2815 546 2922 597 Καὶ
2942 547 3221 615 διαγράφει
3250 548 3329 609 τίς
3349 548 3483 617 φυλή
3509 550 3659 611 τίνας
3684 548 3809 617 κλή-

2279 647 2405 698 ρους
2442 631 2618 693 έλαϐε,
2658 633 2750 684 καὶ.
2780 635 2892 694 τοῖς
2913 634 3160 696 Δευΐταις
3184 635 3235 686 τί
3262 634 3405 703 δοθῇ.
3447 636 3810 705 Ἐκπέμπεται

2289 718 2491 789 Ἰησοῦς
2523 721 2619 791 τὴν
2651 722 2818 792 φυλὴν
2845 723 3065 793 Ῥουϐὶμ
3091 725 3183 777 καὶ
3202 724 3296 792 τὴν
3321 724 3423 779 Γὰδ
3449 727 3617 778 καὶτὸ
3644 727 3807 794 ἥμισυ

2279 809 2450 878 φυλῆς
2476 812 2738 880 Μανασσῆ
2762 814 2840 873 εἰς
2873 813 2996 874 τοὺς
3026 814 3249 883 κλήρους
3280 815 3471 877 αὑτῶν,
3500 815 3590 877 οὓς
3625 814 3807 867 ἔλαϐον

2279 896 2357 949 ἐτι
2401 895 2598 961 ζῶντος
2636 900 2925 963 Μωῡσέως.
2972 903 3033 954 Οἱ
3075 902 3132 954 δὲ
3173 901 3503 963 ἀπελθόντες,
3545 902 3692 969 παρά
3720 902 3807 954 τὸν

2290 986 2556 1056 Ἰορδάνην
2604 987 2951 1057 ᾠκοδόμησαν
2992 989 3185 1059 βωμόν.
3230 989 3481 1059 Ἐτάραξε
3526 990 3682 1041 τοῦτο
3715 990 3807 1050 τὰς

2279 1074 2439 1135 άλλας
2488 1075 2676 1142 φυλάς.
2716 1077 2899 1144 ᾭοντο
2942 1077 3048 1146 γάρ
3091 1078 3415 1139 άποστασίας
3448 1078 3625 1129 ἕνεκεν
3659 1077 3807 1128 τοῦτο

2280 1164 2629 1232 πεποιηκέναι
2667 1165 2877 1227 αὑτούς.
2920 1166 3197 1234 Πέμπουσι
3246 1166 3378 1233 πρὸς
3421 1167 3611 1227 αὐτοὺς
3649 1166 3807 1231 ἐγκαα

2280 1250 2510 1313 λοῦντες·
2541 1254 2588 1303 οἰ
2610 1253 2664 1304 δέ
2694 1252 3045 1319 ἀπελογοῦντο
3064 1253 3325 1320 λέγοντες,
3354 1254 3448 1305 οὑκ
3485 1253 3807 1315 ἁποστασίας

2279 1340 2461 1392 ἐνεκεν
2512 1341 2855 1410 οίκοδομῆσαι
2888 1344 2976 1394 τὸν
3016 1342 3214 1411 βωμόν·
3251 1343 3360 1396 ἀλλ’
3391 1345 3473 1395 ἵνα
3508 1344 3580 1412 μὴ
3622 1343 3807 1411 ἔχωσιν

2280 1430 2329 1481 οἰ
2354 1430 2465 1497 μεθ’
2487 1431 2626 1499 ὑμᾶς
2649 1432 2922 1500 γενόμενοι
2942 1434 3062 1495 τοὺς
3082 1432 3376 1501 ἡμετέρους
3402 1434 3543 1494 υἱοὺς
3566 1436 3638 1493 ὡς
3663 1432 3809 1485 ἀλλο-

2280 1520 2458 1588 τρίους
2487 1520 2583 1588 τῆς
2617 1521 2820 1573 ἑαυτῶν
2852 1521 3180 1588 συγγενείας,
3209 1522 3294 1573 διὰ
3328 1522 3387 1573 τὺ
3426 1523 3515 1574 τὸν
3548 1521 3807 1591 Ἰορδάνην

2285 1608 2444 1676 μέσον
2474 1609 2743 1679 ἑκατέρων
2782 1613 2910 1679 ῥεῖν·
2938 1610 3045 1662 ἀλλ’
3068 1610 3149 1662 ἵνα
3233 1612 3261 1661 6
3296 1609 3471 1679 βωμὸς
3500 1611 3577 1670 είς
3608 1609 3809 1678 μαρτύ-

2283 1712 2415 1763 ριον,
2447 1698 2538 1749 καὶ
2583 1696 2657 1767 μὴ
2682 1697 2840 1765 ἔχωσι
2866 1697 3037 1763 λέγειν
3065 1698 3130 1751 τά
3155 1698 3316 1750 τέκνα
3346 1698 3493 1765 ὑμῶν
3520 1698 3630 1760 τοῖς
3659 1697 3808 1764 ἐγγό-

2283 1801 2390 1846 νοις
2422 1785 2592 1853 ήμῶν,
2612 1784 2723 1837 Οὑκ
2754 1785 2896 1838 ἐστιν
2923 1788 3045 1855 ὑμῖν
3076 1789 3227 1856 μερὶς
3266 1788 3484 1856 Κυρίου.
3530 1787 3808 1855 Ἐπείσθη-

2284 1889 2379 1924 σαν
2408 1874 2599 1942 μηκέτι
2630 1875 2929 1944 πολεμῆσαι
2964 1877 3153 1939 αὑτοὺς
3182 1877 3236 1929 αἱ
3263 1876 3442 1928 λοιπαὶ
3476 1876 3652 1944 φυλαί.
3682 1876 3807 1927 Τότε

2284 1964 2539 2029 συγκαλεῖ
2553 1966 2675 2027 τοὺς
2708 1964 3032 2035 Ἰσραηλίτας
3062 1965 3281 2036 Ἰησοῦς,
3307 1968 3399 2019 καὶ
3420 1968 3809 2036 ὑπομιμνήσκει

2282 2053 2472 2116 αὐτοὺς
2508 2053 2615 2107 τῶν
2651 2055 2741 2107 τοῦ
2780 2054 2911 2107 Θεοῦ
2944 2055 3278 2126 εὐεργεσιῶν,
3309 2055 3401 2109 καὶ
3442 2058 3686 2124 παραινεῖ
3714 2073 3810 2123 φυ-

2283 2139 2491 2193 λάττειν
2519 2143 2609 2195 τὸν
2638 2145 2816 2214 νόμον,
2849 2144 2943 2198 καὶ
2973 2145 3221 2214 προλέγει
3249 2145 3317 2197 τά
3345 2144 3682 2213 διαδεξόμενα
3717 2144 3811 2197 αὑ-

2282 2232 2406 2293 τοὺς
2435 2232 2596 2293 κακὰ,
2628 2234 2675 2283 εί
2704 2234 2775 2302 μὴ
2807 2235 3100 2302 φυλάξειεν.
3129 2236 3220 2288 καὶ
3251 2235 3487 2303 τελευτᾷ.
3513 2233 3811 2301 Τελευτᾷδὲ

2282 2320 2376 2371 καί
2416 2320 2670 2391 Ἐλεάζαρ
2709 2324 2737 2375 6
2772 2324 2965 2391 ἱερεὺς,
2992 2325 3084 2377 καὶ
3125 2324 3397 2391 ἰεράτευσε
3426 2324 3602 2384 Φινεὲς
3646 2324 3674 2373 6
3703 2322 3811 2382 υἱὸς

2284 2409 2443 2462 αὑτοῦ
2471 2412 2580 2463 ἀντ’
2603 2412 2782 2465 αὑτοῦ.
2812 2413 2918 2466 Καὶ
2949 2414 3401 2484 εἰδωλολάτρησαν
3425 2426 3451 2455 ι
3476 2416 3522 2465 οἱ
3558 2412 3812 2480 Ἰσραηλῖ-

2282 2512 2392 2560 ται,
2431 2501 2523 2551 καὶ
2543 2500 2907 2570 παρεδόθησαν
2934 2502 3009 2571 τῷ
3035 2502 3256 2571 Αἰγλὼμ
3282 2502 3484 2571 βασιλεῖ
3507 2502 3695 2564 Μωάϐ,
3722 2500 3813 2553 καὶ

2284 2588 2693 2657 κατεκυρίευσεν
2719 2590 2893 2643 αὐτῶν
2922 2591 3013 2662 ἐτη
3045 2592 3334 2646 δεκαοκτώ.

2715 2757 2972 2823 Σύνοψις
3002 2755 3118 2809 τῶν
3152 2756 3392 2824 Κριτῶν.

2365 2893 2620 2947 Ἐνταῦθα
2653 2898 2822 2949 κεῖται
2869 2896 3023 2961 ποίας
3057 2900 3152 2968 μὲν
3180 2900 3357 2963 πόλεις
3390 2894 3547 2963 εἶλον,
3574 2900 3726 2962 ποίας
3761 2902 3815 2951 δέ

2281 2983 2494 3052 ἀφῆκαν
2530 2985 2693 3051 φόρου
2719 2986 2979 3048 ἐπιτελεῖς
3004 2991 3179 3050 αυτοῖς
3208 2986 3344 3041 εἶναι
3382 2990 3429 3040 οἱ
3472 2989 3813 3057 Ἰσραηλῖται.

2281 3072 2852 3143 Καταμαλακισθέντες
2876 3076 2982 3146 γάρ
3011 3078 3147 3147 πρὸς
3170 3079 3293 3140 τοὺς
3328 3077 3417 3131 τοῦ
3458 3078 3686 3146 πολέμου
3724 3078 3817 3129 πό-

2280 3179 2421 3226 νους,
2453 3165 2762 3235 παρέϐησαν
2808 3165 2867 3218 τὸ
2905 3167 3223 3238 πρόσταγμα
3256 3169 3349 3221 τοῦ
3380 3169 3530 3231 Θεοῦ,
3564 3168 3815 3221 κελεῦσαν

2283 3251 2485 3311 πάντας
2523 3254 2793 3316 παντελῶς
2817 3256 2982 3325 ἄρδην
3018 3256 3390 3326 ἀφανισθῆναι.
3428 3254 3626 3311 *Ηλθεν
3657 3259 3820 3325 ἄγγε-

2280 3339 2367 3403 λος
2392 3345 2538 3413 παρά
2567 3345 2764 3415 Κυρίου
2793 3346 2925 3416 πρὸς
2951 3349 3073 3411 τοὺς
3106 3348 3452 3419 Ἰσραηλίτας,
3479 3348 3571 3401 καὶ
3598 3349 3817 3417 ἤλεγξεν

2281 3429 2456 3483 αὑτῶν
2510 3433 2605 3501 τὴν
2650 3437 3004 3504 παρανομίαν.
3050 3436 3178 3489 Δέον
3228 3437 3354 3508 γὰρ,
3404 3438 3554 3506 φησὶ,
3614 3438 3818 3497 πάντας

2281 3519 2656 3589 ἀφανισθῆναι,
2687 3522 2842 3590 ὑμεῖς
2868 3521 2923 3574 δὲ
2957 3523 3049 3575 καὶ
3080 3522 3344 3591 συνθήκας
3371 3521 3552 3574 ἔθεσθε
3571 3521 3705 3590 πρὸς
3733 3522 3822 3572 αὑ-

2280 3607 2421 3670 τούς’
2449 3610 2535 3662 διὰ
2554 3610 2709 3663 τοῦτο
2734 3614 2831 3664 οὑκ
2855 3612 3212 3681 ἐξολοθρεύσει
3237 3614 3264 3664 6
3290 3612 3416 3671 Θεὸς
3442 3611 3510 3663 τὰ
3540 3611 3821 3664 ὑπολειπό-

2284 3711 2418 3762 μενα
2455 3696 2598 3766 ἔθνη.
2624 3698 2804 3751 Ταῦτα
2829 3699 3150 3762 ἀκούσαντες
3180 3699 3437 3752 ἔκλαυσαν
3464 3699 3816 3767 ὁμοθυμαδὸν,

2282 3786 2372 3838 καὶ
2402 3787 2684 3856 Κλαυθμδς
2721 3791 2748 3841 ό
2778 3789 2933 3850 τόπος
2961 3790 3177 3859 ἐκλήθη.
3209 3789 3312 3840 Καὶ
3346 3788 3688 3856 παρηνόμουν
3726 3788 3820 3838 καὶ

2283 3875 2683 3945 εἰδωλολάτρουν
2704 3879 2955 3947 συνεχῶς,
2984 3881 3074 3932 καὶ
3096 3879 3428 3948 παρεδίδοντο
3448 3880 3561 3939 τοῖς
3588 3878 3818 3946 ἐχθροῖς.

2284 3963 2374 4014 καὶ
2398 3964 2793 4032 ἀπηλλάσσοντο
2817 3966 2911 4033 τῆς
2932 3966 3186 4028 δουλείας,
3214 3967 3304 4016 καὶ
3332 3963 3485 4016 πάλιν
3510 3967 3619 4025 τοῖς
3642 3963 3819 4020 αὐτοῖς

2283 4053 2537 4122 ἐπέμενον
2566 4059 2769 4118 κακοῖς.
2806 4058 3176 4127 Παρεδόθησαν
3204 4055 3419 4126 Χουσάρ
3446 4053 3629 4107 Σαθὼν
3664 4055 3691 4093 b
3727 4052 3820 4120 βα-

2284 4144 2415 4195 σιλεῖ
2450 4146 2643 4214 Συρίας
2680 4146 2771 4214 ἔτη
2817 4153 2886 4215 η’,
2928 4148 3019 4199 καὶ
3054 4146 3250 4199 ἔσωσεν
3287 4145 3477 4207 αὑτοὺς
3506 4144 3706 4213 Κύριος
3733 4142 3819 4193 διὰ

2284 4231 2427 4303 [3H]
2474 4235 2727 4303 Γοθονοὴλ
2777 4236 2867 4287 τοῦ
2919 4236 3122 4303 κριτοῦ.
3181 4235 3287 4288 Καὶ
3333 4234 3698 4303 παρεδόθησαν
3741 4232 3818 4299 τῷ

2294 4323 2506 4393 Ἐγλὼμ
2546 4326 2751 4393 βασιλεῖ
2779 4327 2969 4389 Μωάϐ,
2999 4329 3089 4379 καὶ
3118 4325 3345 4395 ἔκραξαν
3376 4324 3508 4393 πρὸς
3545 4324 3633 4375 τὸν
3666 4323 3816 4385 Θεὸν,

2284 4415 2374 4465 καὶ
2426 4415 2638 4483 ἤγειρεν
2686 4415 2863 4475 αὑτοῖς
2930 4414 3079 4477 Ἀιῦδ,
3127 4416 3270 4475 ὅστις
3330 4413 3461 4482 δόλῳ
3509 4412 3683 4464 ἀνεῖλε
3729 4412 3817 4463 τὸν

2295 4502 2504 4569 Ἐγλὼμ
2534 4502 2625 4555 καὶ
2649 4503 2736 4553 τὸν
2764 4502 2951 4554 Μωάϐ.
2975 4503 3123 4555 Μετὰ
3144 4501 3325 4553 τοῦτον
3345 4501 3522 4569 ἔκρινε
3547 4500 3814 4568 Σομεγὰρ,

2282 4591 2497 4657 Δεϐώρα
2518 4603 2563 4653 ο,
2600 4592 2731 4660 γυνὴ
2777 4595 3055 4660 προφῆτις.
3096 4591 3451 4643 Δουλευόντων
3485 4590 3539 4641 δὲ
3567 4590 3642 4657 τῷ
3672 4591 3817 4657 βασι-

2281 4681 2359 4732 λεῖ
2404 4683 2618 4733 Χαναὰν
2663 4682 2767 4732 τῶν
2805 4680 3158 4749 Ἰσραηλιτῶν,
3198 4679 3401 4733 κελεύει
3446 4679 3527 4747 τῷ
3562 4679 3745 4747 Βαράκ
3784 4679 3814 4743 ή

2282 4771 2497 4842 Δεϐώρα
2532 4772 2892 4839 στρατηγῆσαι
2919 4770 3006 4821 τὸν
3035 4768 3282 4835 πόλεμον.
3322 4769 3377 4819 Ὀ
3401 4768 3458 4821 δὲ
3486 4770 3584 4820 οὑκ
3609 4769 3814 4835 ἠνείχε-

2281 4879 2357 4924 το,
2391 4865 2437 4912 εἰ
2470 4862 2541 4931 μὴ
2572 4863 2662 4913 καὶ
2690 4861 2824 4929 αὑτὴ
2860 4859 3154 4923 συνεξέλθοι
3180 4857 3342 4927 αὐτῷ·
3376 4860 3468 4910 καὶ
3500 4857 3814 4925 συνεξῆλθεν

2281 4952 2312 5018 ἡ
2355 4952 2506 5019 γυνή.
2543 4950 2829 5018 Γενομένου
2877 4949 2930 5000 δὲ
2978 4948 3066 4999 τοῦ
3123 4947 3374 5016 πολέμου,
3430 4948 3714 5016 φεύγουσιν
3768 4948 3814 4996 οἰ

2280 5038 2541 5107 πολέμιοι,
2572 5038 2662 5090 καὶ
2692 5039 2716 5088 6
2748 5036 3039 5105 στρατηγὸς
3073 5036 3232 5097 Ἰαϐὶς
3264 5036 3464 5105 Σισάρα
3491 5036 3654 5088 ἐλθὼν
3685 5035 3816 5105 πρός

2341 5192 2365 5218 ⁸
2391 5190 2441 5236 ln
2484 5190 2792 5249 Lugdunensi
2821 5188 2999 5244 legitur
3040 5189 3117 5235 καὶ
3157 5186 3590 5249 εἰδωλολατροῦσιν.
3632 5186 3813 5233 Ibidem

2278 5264 2362 5310 pro
2387 5253 2572 5310 Λίγλὼμ
2594 5251 2771 5308 legitur
2804 5248 2999 5307 Ἐγλώμ.

2339 5307 2365 5344 ῒι
2393 5306 2675 5369 Ιιιριιὶὶὶουο
2702 5306 2909 5355 Romam
2935 5307 3111 5367 legitur
3132 5307 3513 5369 Χουσαρσαθαΐμ,
3533 5307 3587 5369 _iu
3608 5306 3813 5369 Yulggala

2275 5371 2535 5416 secundum
2555 5368 2835 5415 Ilcbraicam
2857 5364 3103 5413 verilzilem
3119 5364 3306 5416 Clmsmi
3320 5364 3603 5413 Ιίηεοιίιιιὺη.
3623 5364 3816 5425 Lugdu-

2277 5431 2767 5500 [ιειιξρ[ηῃερηιιὶῐηυι·ἶ
2793 5425 3113 5500 ςοὶειίηὶιιηυε
3140 5439 3253 5473 vero
3289 5426 3438 5474 habet
3461 5427 3658 5472 Χουσάὅ
3682 5427 3815 5487 Σύρῳ

2276 5489 2454 5549 βασιλεῖ
2478 5488 2652 5548 Συρίας.
2679 5488 2769 5533 Καὶ
2792 5488 2988 5549 ἔσῳσεν.

2332 5551 2353 5577 ε
2383 5547 2433 5593 In
2460 5542 2778 5608 mahuscriplo
2801 5546 2992 5598 Coislin.
3027 5545 3105 5595 hic
3125 5547 3348 5607 Δεϐϐώρα
3372 5544 3573 5605 legitur,
3594 5550 3645 5594 et
3668 5542 3817 5606 paulo

644 5587 819 5640 αὑτῶν
848 5590 1070 5642 ἐνταῦθα
1100 5591 1190 5643 καὶ
1221 5590 1285 5643 τὰ
1317 5592 1549 5662 ὀνόματα
1580 5596 1670 5647 καὶ
1706 5597 1761 5649 αἰ
1802 5598 1994 5655 πόλεις.
2030 5602 2117 5649 καί
2150 5598 2176 5646 6
2273 5587 2612 5667 post-3e55,};
