  <div class='ocr_page' id='page_1' title='image "/cluster/home/n/w/nwhite01/storage/ocr_20150623/56/nnc1.0114695758/328.png"; bbox 0 0 4000 6220; ppageno 0'>
   <div class='ocr_carea' id='block_1_1' title="bbox 191 365 298 419">
    <p class='ocr_par' dir='ltr' id='par_1_1' title="bbox 191 365 298 419">
     <span class='ocr_line' id='line_1_1' title="bbox 191 365 298 419; baseline 0.009 -1"><span class='ocrx_word' id='word_1_1' title='bbox 191 365 298 419; x_wconf 90' lang='grc'><strong>337</strong></span> 
     </span>
    </p>
   </div>
   <div class='ocr_carea' id='block_1_2' title="bbox 196 453 1762 530">
    <p class='ocr_par' dir='ltr' id='par_1_2' title="bbox 196 453 1762 530">
     <span class='ocr_line' id='line_1_2' title="bbox 196 453 1762 530; baseline -0.008 -14"><span class='ocrx_word' id='word_1_2' title='bbox 196 470 364 525; x_wconf 85' lang='lat' dir='ltr'><strong>erant,</strong></span> <span class='ocrx_word' id='word_1_3' title='bbox 393 469 448 516; x_wconf 88' lang='lat' dir='ltr'><strong>et</strong></span> <span class='ocrx_word' id='word_1_4' title='bbox 468 474 620 530; x_wconf 84' lang='lat' dir='ltr'><strong>reges</strong></span> <span class='ocrx_word' id='word_1_5' title='bbox 647 459 946 524; x_wconf 62' lang='lat' dir='ltr'><strong>Phoenices,</strong></span> <span class='ocrx_word' id='word_1_6' title='bbox 973 471 1068 512; x_wconf 90' lang='lat' dir='ltr'><strong>eos</strong></span> <span class='ocrx_word' id='word_1_7' title='bbox 1099 457 1242 510; x_wconf 89' lang='lat' dir='ltr'><strong>sicco</strong></span> <span class='ocrx_word' id='word_1_8' title='bbox 1283 455 1416 523; x_wconf 89' lang='lat' dir='ltr'><strong>pede</strong></span> <span class='ocrx_word' id='word_1_9' title='bbox 1457 453 1762 507; x_wconf 88' lang='lat' dir='ltr'><strong>transivissc</strong></span> 
     </span>
    </p>
   </div>
   <div class='ocr_carea' id='block_1_3' title="bbox 195 542 1766 616">
    <p class='ocr_par' dir='ltr' id='par_1_3' title="bbox 195 542 1766 616">
     <span class='ocr_line' id='line_1_3' title="bbox 195 542 1766 616; baseline -0.005 -13"><span class='ocrx_word' id='word_1_10' title='bbox 195 551 505 612; x_wconf 81' lang='lat' dir='ltr'><strong>.Iordauem,</strong></span> <span class='ocrx_word' id='word_1_11' title='bbox 545 549 802 609; x_wconf 79' lang='lat' dir='ltr'><strong>exterriti,</strong></span> <span class='ocrx_word' id='word_1_12' title='bbox 847 547 1183 616; x_wconf 77' lang='lat' dir='ltr'><strong>perculsique</strong></span> <span class='ocrx_word' id='word_1_13' title='bbox 1212 553 1352 596; x_wconf 89' lang='lat' dir='ltr'><strong>sunt.</strong></span> <span class='ocrx_word' id='word_1_14' title='bbox 1411 542 1560 596; x_wconf 89' lang='lat' dir='ltr'><strong>Tunc</strong></span> <span class='ocrx_word' id='word_1_15' title='bbox 1609 542 1766 595; x_wconf 87' lang='lat' dir='ltr'><strong>Jesus</strong></span> 
     </span>
    </p>
   </div>
   <div class='ocr_carea' id='block_1_4' title="bbox 193 632 1762 706">
    <p class='ocr_par' dir='ltr' id='par_1_4' title="bbox 193 632 1762 706">
     <span class='ocr_line' id='line_1_4' title="bbox 193 632 1762 706; baseline -0.005 -16"><span class='ocrx_word' id='word_1_16' title='bbox 193 640 372 706; x_wconf 89' lang='lat' dir='ltr'><strong>jussus</strong></span> <span class='ocrx_word' id='word_1_17' title='bbox 399 638 584 691; x_wconf 83' lang='lat' dir='ltr'><strong>cultris</strong></span> <span class='ocrx_word' id='word_1_18' title='bbox 618 637 836 704; x_wconf 79' lang='lat' dir='ltr'><strong>lapideis</strong></span> <span class='ocrx_word' id='word_1_19' title='bbox 859 635 1188 689; x_wconf 89' lang='lat' dir='ltr'><strong>circumcidit</strong></span> <span class='ocrx_word' id='word_1_20' title='bbox 1214 633 1445 687; x_wconf 74' lang='lat' dir='ltr'><strong>Judteos.</strong></span> <span class='ocrx_word' id='word_1_21' title='bbox 1474 632 1603 698; x_wconf 85' lang='lat' dir='ltr'><strong>Quia</strong></span> <span class='ocrx_word' id='word_1_22' title='bbox 1634 645 1762 698; x_wconf 89' lang='lat' dir='ltr'><strong>qua-</strong></span> 
     </span>
    </p>
   </div>
   <div class='ocr_carea' id='block_1_5' title="bbox 196 719 1767 794">
    <p class='ocr_par' dir='ltr' id='par_1_5' title="bbox 196 719 1767 794">
     <span class='ocr_line' id='line_1_5' title="bbox 196 719 1767 794; baseline -0.004 -16"><span class='ocrx_word' id='word_1_23' title='bbox 196 727 434 794; x_wconf 82' lang='lat' dir='ltr'><strong>draginta</strong></span> <span class='ocrx_word' id='word_1_24' title='bbox 460 727 612 778; x_wconf 87' lang='lat' dir='ltr'><strong>annis</strong></span> <span class='ocrx_word' id='word_1_25' title='bbox 643 734 880 778; x_wconf 88' lang='lat' dir='ltr'><strong>versatus</strong></span> <span class='ocrx_word' id='word_1_26' title='bbox 909 723 1076 776; x_wconf 87' lang='lat' dir='ltr'><strong>fuerat</strong></span> <span class='ocrx_word' id='word_1_27' title='bbox 1101 719 1264 776; x_wconf 77' lang='lat' dir='ltr'><strong>Israel</strong></span> <span class='ocrx_word' id='word_1_28' title='bbox 1295 723 1343 774; x_wconf 91' lang='lat' dir='ltr'><strong>in</strong></span> <span class='ocrx_word' id='word_1_29' title='bbox 1371 721 1602 784; x_wconf 83' lang='lat' dir='ltr'><strong>deserto,</strong></span> <span class='ocrx_word' id='word_1_30' title='bbox 1628 722 1767 774; x_wconf 81' lang='lat' dir='ltr'><strong>ideo-</strong></span> 
     </span>
    </p>
   </div>
   <div class='ocr_carea' id='block_1_6' title="bbox 201 814 1763 882">
    <p class='ocr_par' dir='ltr' id='par_1_6' title="bbox 201 814 1763 882">
     <span class='ocr_line' id='line_1_6' title="bbox 201 814 1763 882; baseline -0.003 -14"><span class='ocrx_word' id='word_1_31' title='bbox 201 830 306 882; x_wconf 92' lang='lat' dir='ltr'><strong>que</strong></span> <span class='ocrx_word' id='word_1_32' title='bbox 328 816 477 868; x_wconf 94' lang='lat' dir='ltr'><strong>multi</strong></span> <span class='ocrx_word' id='word_1_33' title='bbox 507 831 687 868; x_wconf 90' lang='lat' dir='ltr'><strong>eorum</strong></span> <span class='ocrx_word' id='word_1_34' title='bbox 720 816 1049 878; x_wconf 91' lang='lat' dir='ltr'><strong>bellatorum,</strong></span> <span class='ocrx_word' id='word_1_35' title='bbox 1082 814 1169 881; x_wconf 94' lang='lat' dir='ltr'><strong>qui</strong></span> <span class='ocrx_word' id='word_1_36' title='bbox 1195 814 1453 877; x_wconf 89' lang='lat' dir='ltr'><strong>obierant,</strong></span> <span class='ocrx_word' id='word_1_37' title='bbox 1487 814 1763 866; x_wconf 91' lang='lat' dir='ltr'><strong>incircum-</strong></span> 
     </span>
    </p>
   </div>
   <div class='ocr_carea' id='block_1_7' title="bbox 199 902 1759 973">
    <p class='ocr_par' dir='ltr' id='par_1_7' title="bbox 199 902 1759 973">
     <span class='ocr_line' id='line_1_7' title="bbox 199 902 1759 973; baseline -0.003 -15"><span class='ocrx_word' id='word_1_38' title='bbox 199 905 294 958; x_wconf 89' lang='lat' dir='ltr'><strong>cisi</strong></span> <span class='ocrx_word' id='word_1_39' title='bbox 341 915 491 958; x_wconf 88' lang='lat' dir='ltr'><strong>erant</strong></span> <span class='ocrx_word' id='word_1_40' title='bbox 513 902 587 973; x_wconf 76' lang='grc' dir='ltr'><strong>(τι)</strong></span> <span class='ocrx_word' id='word_1_41' title='bbox 613 921 627 967; x_wconf 91' lang='grc'>;</span> <span class='ocrx_word' id='word_1_42' title='bbox 657 920 753 973; x_wconf 91' lang='lat' dir='ltr'><strong>pro</strong></span> <span class='ocrx_word' id='word_1_43' title='bbox 778 906 879 956; x_wconf 89' lang='lat' dir='ltr'><strong>illis</strong></span> <span class='ocrx_word' id='word_1_44' title='bbox 904 904 1175 956; x_wconf 86' lang='lat' dir='ltr'><strong>substituit</strong></span> <span class='ocrx_word' id='word_1_45' title='bbox 1213 903 1352 955; x_wconf 88' lang='lat' dir='ltr'><strong>Deus</strong></span> <span class='ocrx_word' id='word_1_46' title='bbox 1381 902 1515 955; x_wconf 84' lang='lat' dir='ltr'><strong>filios</strong></span> <span class='ocrx_word' id='word_1_47' title='bbox 1541 916 1724 956; x_wconf 90' lang='lat' dir='ltr'><strong>eorum</strong></span> <span class='ocrx_word' id='word_1_48' title='bbox 1745 942 1759 964; x_wconf 95' lang='lat'><strong>,</strong></span> 
     </span>
    </p>
   </div>
   <div class='ocr_carea' id='block_1_8' title="bbox 200 992 1765 1065">
    <p class='ocr_par' dir='ltr' id='par_1_8' title="bbox 200 992 1765 1065">
     <span class='ocr_line' id='line_1_8' title="bbox 200 992 1765 1065; baseline -0.003 -16"><span class='ocrx_word' id='word_1_49' title='bbox 200 1011 332 1065; x_wconf 81' lang='lat' dir='ltr'><strong>quos</strong></span> <span class='ocrx_word' id='word_1_50' title='bbox 353 995 507 1050; x_wconf 79' lang='lat' dir='ltr'><strong>Jesus</strong></span> <span class='ocrx_word' id='word_1_51' title='bbox 523 995 1016 1062; x_wconf 85' lang='lat' dir='ltr'><strong>circutttcidit,qttod</strong></span> <span class='ocrx_word' id='word_1_52' title='bbox 1047 995 1141 1064; x_wconf 87' lang='lat' dir='ltr'><strong>ipsi</strong></span> <span class='ocrx_word' id='word_1_53' title='bbox 1167 992 1517 1046; x_wconf 87' lang='lat' dir='ltr'><strong>incircumcisi</strong></span> <span class='ocrx_word' id='word_1_54' title='bbox 1542 992 1765 1045; x_wconf 83' lang='lat' dir='ltr'><strong>mansis-</strong></span> 
     </span>
    </p>
   </div>
   <div class='ocr_carea' id='block_1_9' title="bbox 199 1081 1758 1152">
    <p class='ocr_par' dir='ltr' id='par_1_9' title="bbox 199 1081 1758 1152">
     <span class='ocr_line' id='line_1_9' title="bbox 199 1081 1758 1152; baseline -0.004 -13"><span class='ocrx_word' id='word_1_55' title='bbox 199 1094 318 1139; x_wconf 87' lang='lat' dir='ltr'><strong>sent</strong></span> <span class='ocrx_word' id='word_1_56' title='bbox 345 1086 395 1138; x_wconf 88' lang='lat' dir='ltr'><strong>in</strong></span> <span class='ocrx_word' id='word_1_57' title='bbox 422 1087 524 1138; x_wconf 85' lang='lat' dir='ltr'><strong>via.</strong></span> <span class='ocrx_word' id='word_1_58' title='bbox 557 1085 702 1138; x_wconf 88' lang='lat' dir='ltr'><strong>Tunc</strong></span> <span class='ocrx_word' id='word_1_59' title='bbox 733 1084 850 1138; x_wconf 89' lang='lat' dir='ltr'><strong>fecit</strong></span> <span class='ocrx_word' id='word_1_60' title='bbox 874 1083 1088 1152; x_wconf 74' lang='lat' dir='ltr'><strong>pascha.</strong></span> <span class='ocrx_word' id='word_1_61' title='bbox 1118 1083 1184 1134; x_wconf 85' lang='lat' dir='ltr'><strong>Et</strong></span> <span class='ocrx_word' id='word_1_62' title='bbox 1217 1097 1246 1134; x_wconf 90' lang='lat' dir='ltr'><strong>a</strong></span> <span class='ocrx_word' id='word_1_63' title='bbox 1276 1082 1361 1135; x_wconf 90' lang='lat' dir='ltr'><strong>die</strong></span> <span class='ocrx_word' id='word_1_64' title='bbox 1387 1097 1488 1149; x_wconf 92' lang='lat' dir='ltr'><strong>qua</strong></span> <span class='ocrx_word' id='word_1_65' title='bbox 1508 1081 1758 1134; x_wconf 84' lang='lat' dir='ltr'><strong>comede—</strong></span> 
     </span>
    </p>
   </div>
   <div class='ocr_carea' id='block_1_10' title="bbox 201 1169 1762 1243">
    <p class='ocr_par' dir='ltr' id='par_1_10' title="bbox 201 1169 1762 1243">
     <span class='ocr_line' id='line_1_10' title="bbox 201 1169 1762 1243; baseline -0.004 -16"><span class='ocrx_word' id='word_1_66' title='bbox 201 1184 326 1228; x_wconf 92' lang='lat' dir='ltr'><strong>runt</strong></span> <span class='ocrx_word' id='word_1_67' title='bbox 366 1190 547 1243; x_wconf 79' lang='lat' dir='ltr'><strong>azyma</strong></span> <span class='ocrx_word' id='word_1_68' title='bbox 576 1190 636 1227; x_wconf 77' lang='lat' dir='ltr'><strong>ex</strong></span> <span class='ocrx_word' id='word_1_69' title='bbox 677 1173 936 1226; x_wconf 84' lang='lat' dir='ltr'><strong>frutnento</strong></span> <span class='ocrx_word' id='word_1_70' title='bbox 967 1181 1120 1224; x_wconf 74' lang='lat' dir='ltr'><strong>terrae</strong></span> <span class='ocrx_word' id='word_1_71' title='bbox 1143 1171 1303 1236; x_wconf 91' lang='lat' dir='ltr'><strong>illius,</strong></span> <span class='ocrx_word' id='word_1_72' title='bbox 1329 1169 1524 1224; x_wconf 89' lang='lat' dir='ltr'><strong>defecit</strong></span> <span class='ocrx_word' id='word_1_73' title='bbox 1551 1183 1762 1222; x_wconf 80' lang='lat' dir='ltr'><strong>manna.</strong></span> 
     </span>
    </p>
   </div>
   <div class='ocr_carea' id='block_1_11' title="bbox 200 1259 1765 1322">
    <p class='ocr_par' dir='ltr' id='par_1_11' title="bbox 200 1259 1765 1322">
     <span class='ocr_line' id='line_1_11' title="bbox 200 1259 1765 1322; baseline -0.003 -6"><span class='ocrx_word' id='word_1_74' title='bbox 200 1264 419 1316; x_wconf 83' lang='lat' dir='ltr'><strong>Jubetur</strong></span> <span class='ocrx_word' id='word_1_75' title='bbox 444 1262 597 1315; x_wconf 77' lang='lat' dir='ltr'><strong>Iesus</strong></span> <span class='ocrx_word' id='word_1_76' title='bbox 626 1262 831 1316; x_wconf 87' lang='lat' dir='ltr'><strong>solvere</strong></span> <span class='ocrx_word' id='word_1_77' title='bbox 855 1261 1268 1314; x_wconf 88' lang='lat' dir='ltr'><strong>ealccamentum</strong></span> <span class='ocrx_word' id='word_1_78' title='bbox 1297 1274 1471 1322; x_wconf 87' lang='lat' dir='ltr'><strong>suum,</strong></span> <span class='ocrx_word' id='word_1_79' title='bbox 1495 1268 1548 1312; x_wconf 90' lang='lat' dir='ltr'><strong>et</strong></span> <span class='ocrx_word' id='word_1_80' title='bbox 1571 1259 1765 1312; x_wconf 38' lang='lat' dir='ltr'><strong>circuis</strong></span> 
     </span>
    </p>
   </div>
   <div class='ocr_carea' id='block_1_12' title="bbox 201 1349 1762 1418">
    <p class='ocr_par' dir='ltr' id='par_1_12' title="bbox 201 1349 1762 1418">
     <span class='ocr_line' id='line_1_12' title="bbox 201 1349 1762 1418; baseline -0.003 -11"><span class='ocrx_word' id='word_1_81' title='bbox 201 1369 258 1408; x_wconf 90' lang='lat' dir='ltr'><strong>re</strong></span> <span class='ocrx_word' id='word_1_82' title='bbox 280 1353 491 1409; x_wconf 76' lang='lat' dir='ltr'><strong>Iericho</strong></span> <span class='ocrx_word' id='word_1_83' title='bbox 511 1368 629 1406; x_wconf 92' lang='lat' dir='ltr'><strong>cum</strong></span> <span class='ocrx_word' id='word_1_84' title='bbox 657 1353 793 1406; x_wconf 89' lang='lat' dir='ltr'><strong>tubis</strong></span> <span class='ocrx_word' id='word_1_85' title='bbox 819 1361 869 1406; x_wconf 85' lang='lat' dir='ltr'><strong>et</strong></span> <span class='ocrx_word' id='word_1_86' title='bbox 893 1367 1012 1405; x_wconf 91' lang='lat' dir='ltr'><strong>arca</strong></span> <span class='ocrx_word' id='word_1_87' title='bbox 1037 1360 1239 1418; x_wconf 89' lang='lat' dir='ltr'><strong>septem</strong></span> <span class='ocrx_word' id='word_1_88' title='bbox 1264 1350 1467 1404; x_wconf 88' lang='lat' dir='ltr'><strong>diebus.</strong></span> <span class='ocrx_word' id='word_1_89' title='bbox 1495 1349 1610 1414; x_wconf 87' lang='lat' dir='ltr'><strong>Quo</strong></span> <span class='ocrx_word' id='word_1_90' title='bbox 1641 1365 1762 1416; x_wconf 90' lang='lat' dir='ltr'><strong>per-</strong></span> 
     </span>
    </p>
   </div>
   <div class='ocr_carea' id='block_1_13' title="bbox 199 1439 1766 1511">
    <p class='ocr_par' dir='ltr' id='par_1_13' title="bbox 199 1439 1766 1511">
     <span class='ocr_line' id='line_1_13' title="bbox 199 1439 1766 1511; baseline -0.004 -15"><span class='ocrx_word' id='word_1_91' title='bbox 199 1455 340 1507; x_wconf 88' lang='lat' dir='ltr'><strong>acto,</strong></span> <span class='ocrx_word' id='word_1_92' title='bbox 369 1459 460 1511; x_wconf 92' lang='lat' dir='ltr'><strong>per</strong></span> <span class='ocrx_word' id='word_1_93' title='bbox 499 1458 556 1496; x_wconf 89' lang='lat' dir='ltr'><strong>se</strong></span> <span class='ocrx_word' id='word_1_94' title='bbox 593 1443 725 1496; x_wconf 89' lang='lat' dir='ltr'><strong>muri</strong></span> <span class='ocrx_word' id='word_1_95' title='bbox 757 1442 1077 1496; x_wconf 91' lang='lat' dir='ltr'><strong>ceciderunt.</strong></span> <span class='ocrx_word' id='word_1_96' title='bbox 1127 1440 1457 1493; x_wconf 80' lang='lat' dir='ltr'><strong>Manifestum</strong></span> <span class='ocrx_word' id='word_1_97' title='bbox 1481 1439 1655 1508; x_wconf 87' lang='lat' dir='ltr'><strong>itaque</strong></span> <span class='ocrx_word' id='word_1_98' title='bbox 1684 1447 1766 1491; x_wconf 89' lang='lat' dir='ltr'><strong>est</strong></span> 
     </span>
    </p>
   </div>
   <div class='ocr_carea' id='block_1_14' title="bbox 195 1526 1766 1600">
    <p class='ocr_par' dir='ltr' id='par_1_14' title="bbox 195 1526 1766 1600">
     <span class='ocr_line' id='line_1_14' title="bbox 195 1526 1766 1600; baseline -0.004 -15"><span class='ocrx_word' id='word_1_99' title='bbox 195 1533 302 1600; x_wconf 88' lang='lat' dir='ltr'><strong>jam</strong></span> <span class='ocrx_word' id='word_1_100' title='bbox 333 1541 454 1584; x_wconf 90' lang='lat' dir='ltr'><strong>tunc</strong></span> <span class='ocrx_word' id='word_1_101' title='bbox 486 1541 716 1598; x_wconf 71' lang='lat' dir='ltr'><strong>emptum</strong></span> <span class='ocrx_word' id='word_1_102' title='bbox 738 1545 857 1584; x_wconf 86' lang='lat' dir='ltr'><strong>esse</strong></span> <span class='ocrx_word' id='word_1_103' title='bbox 882 1529 1014 1583; x_wconf 85' lang='lat' dir='ltr'><strong>solvi</strong></span> <span class='ocrx_word' id='word_1_104' title='bbox 1054 1529 1330 1582; x_wconf 90' lang='lat' dir='ltr'><strong>sabbatum</strong></span> <span class='ocrx_word' id='word_1_105' title='bbox 1357 1545 1371 1580; x_wconf 89' lang='lat'><strong>:</strong></span> <span class='ocrx_word' id='word_1_106' title='bbox 1401 1526 1766 1595; x_wconf 81' lang='lat' dir='ltr'><strong>undecumque</strong></span> 
     </span>
    </p>
   </div>
   <div class='ocr_carea' id='block_1_15' title="bbox 199 1617 1762 1688">
    <p class='ocr_par' dir='ltr' id='par_1_15' title="bbox 199 1617 1762 1688">
     <span class='ocr_line' id='line_1_15' title="bbox 199 1617 1762 1688; baseline -0.003 -14"><span class='ocrx_word' id='word_1_107' title='bbox 199 1623 336 1675; x_wconf 86' lang='lat' dir='ltr'><strong>enim</strong></span> <span class='ocrx_word' id='word_1_108' title='bbox 365 1622 569 1674; x_wconf 92' lang='lat' dir='ltr'><strong>initium</strong></span> <span class='ocrx_word' id='word_1_109' title='bbox 595 1622 711 1688; x_wconf 87' lang='lat' dir='ltr'><strong>quis</strong></span> <span class='ocrx_word' id='word_1_110' title='bbox 747 1619 923 1684; x_wconf 85' lang='lat' dir='ltr'><strong>ducat,</strong></span> <span class='ocrx_word' id='word_1_111' title='bbox 958 1633 1175 1672; x_wconf 89' lang='lat' dir='ltr'><strong>necesse</strong></span> <span class='ocrx_word' id='word_1_112' title='bbox 1204 1627 1287 1672; x_wconf 91' lang='lat' dir='ltr'><strong>est</strong></span> <span class='ocrx_word' id='word_1_113' title='bbox 1312 1618 1590 1672; x_wconf 76' lang='lat' dir='ltr'><strong>sabbatum</strong></span> <span class='ocrx_word' id='word_1_114' title='bbox 1630 1617 1762 1670; x_wconf 90' lang='lat' dir='ltr'><strong>inci-</strong></span> 
     </span>
    </p>
   </div>
   <div class='ocr_carea' id='block_1_16' title="bbox 197 1708 1766 1779">
    <p class='ocr_par' dir='ltr' id='par_1_16' title="bbox 197 1708 1766 1779">
     <span class='ocr_line' id='line_1_16' title="bbox 197 1708 1766 1779; baseline -0.001 -15"><span class='ocrx_word' id='word_1_115' title='bbox 197 1713 326 1766; x_wconf 85' lang='lat' dir='ltr'><strong>dere</strong></span> <span class='ocrx_word' id='word_1_116' title='bbox 353 1713 402 1764; x_wconf 89' lang='lat' dir='ltr'><strong>in</strong></span> <span class='ocrx_word' id='word_1_117' title='bbox 424 1721 626 1779; x_wconf 87' lang='lat' dir='ltr'><strong>septem</strong></span> <span class='ocrx_word' id='word_1_118' title='bbox 655 1710 771 1764; x_wconf 90' lang='lat' dir='ltr'><strong>illos</strong></span> <span class='ocrx_word' id='word_1_119' title='bbox 795 1710 928 1765; x_wconf 90' lang='lat' dir='ltr'><strong>dies.</strong></span> <span class='ocrx_word' id='word_1_120' title='bbox 955 1710 1106 1764; x_wconf 87' lang='lat' dir='ltr'><strong>Tunc</strong></span> <span class='ocrx_word' id='word_1_121' title='bbox 1127 1719 1370 1764; x_wconf 90' lang='lat' dir='ltr'><strong>servatur</strong></span> <span class='ocrx_word' id='word_1_122' title='bbox 1393 1709 1601 1778; x_wconf 88' lang='lat' dir='ltr'><strong>quidem</strong></span> <span class='ocrx_word' id='word_1_123' title='bbox 1622 1708 1766 1762; x_wconf 79' lang='lat' dir='ltr'><strong>ltaab</strong></span> 
     </span>
    </p>
   </div>
   <div class='ocr_carea' id='block_1_17' title="bbox 199 1798 1766 1870">
    <p class='ocr_par' dir='ltr' id='par_1_17' title="bbox 199 1798 1766 1870">
     <span class='ocr_line' id='line_1_17' title="bbox 199 1798 1766 1870; baseline -0.003 -15"><span class='ocrx_word' id='word_1_124' title='bbox 199 1817 318 1855; x_wconf 91' lang='lat' dir='ltr'><strong>cum</strong></span> <span class='ocrx_word' id='word_1_125' title='bbox 355 1801 667 1870; x_wconf 88' lang='lat' dir='ltr'><strong>cognatione</strong></span> <span class='ocrx_word' id='word_1_126' title='bbox 693 1814 784 1854; x_wconf 92' lang='lat' dir='ltr'><strong>sua</strong></span> <span class='ocrx_word' id='word_1_127' title='bbox 805 1842 820 1865; x_wconf 95' lang='lat'><strong>,</strong></span> <span class='ocrx_word' id='word_1_128' title='bbox 844 1808 898 1854; x_wconf 89' lang='lat' dir='ltr'><strong>et</strong></span> <span class='ocrx_word' id='word_1_129' title='bbox 924 1799 1122 1852; x_wconf 81' lang='lat' dir='ltr'><strong>habitat</strong></span> <span class='ocrx_word' id='word_1_130' title='bbox 1151 1800 1200 1852; x_wconf 93' lang='lat' dir='ltr'><strong>in</strong></span> <span class='ocrx_word' id='word_1_131' title='bbox 1231 1798 1427 1862; x_wconf 89' lang='lat' dir='ltr'><strong>Israel,</strong></span> <span class='ocrx_word' id='word_1_132' title='bbox 1464 1799 1766 1851; x_wconf 90' lang='lat' dir='ltr'><strong>incenditur</strong></span> 
     </span>
    </p>
   </div>
   <div class='ocr_carea' id='block_1_18' title="bbox 198 1888 1766 1956">
    <p class='ocr_par' dir='ltr' id='par_1_18' title="bbox 198 1888 1766 1956">
     <span class='ocr_line' id='line_1_18' title="bbox 198 1888 1766 1956; baseline -0.001 -13"><span class='ocrx_word' id='word_1_133' title='bbox 198 1900 371 1946; x_wconf 88' lang='lat' dir='ltr'><strong>autem</strong></span> <span class='ocrx_word' id='word_1_134' title='bbox 400 1891 542 1955; x_wconf 89' lang='lat' dir='ltr'><strong>urbs,</strong></span> <span class='ocrx_word' id='word_1_135' title='bbox 573 1900 625 1944; x_wconf 91' lang='lat' dir='ltr'><strong>et</strong></span> <span class='ocrx_word' id='word_1_136' title='bbox 643 1890 978 1945; x_wconf 87' lang='lat' dir='ltr'><strong>anathemate</strong></span> <span class='ocrx_word' id='word_1_137' title='bbox 1004 1890 1291 1956; x_wconf 78' lang='lat' dir='ltr'><strong>percutitur</strong></span> <span class='ocrx_word' id='word_1_138' title='bbox 1332 1906 1345 1940; x_wconf 92' lang='lat'><strong>:</strong></span> <span class='ocrx_word' id='word_1_139' title='bbox 1395 1888 1766 1955; x_wconf 79' lang='lat' dir='ltr'><strong>maledixitque</strong></span> 
     </span>
    </p>
   </div>
   <div class='ocr_carea' id='block_1_19' title="bbox 196 1978 1766 2050">
    <p class='ocr_par' dir='ltr' id='par_1_19' title="bbox 196 1978 1766 2050">
     <span class='ocr_line' id='line_1_19' title="bbox 196 1978 1766 2050; baseline -0.003 -15"><span class='ocrx_word' id='word_1_140' title='bbox 196 1981 348 2036; x_wconf 81' lang='lat' dir='ltr'><strong>Jesus</strong></span> <span class='ocrx_word' id='word_1_141' title='bbox 368 1981 414 2035; x_wconf 86' lang='lat' dir='ltr'><strong>ei</strong></span> <span class='ocrx_word' id='word_1_142' title='bbox 445 1981 532 2050; x_wconf 89' lang='lat' dir='ltr'><strong>qui</strong></span> <span class='ocrx_word' id='word_1_143' title='bbox 557 1981 694 2033; x_wconf 83' lang='lat' dir='ltr'><strong>illam</strong></span> <span class='ocrx_word' id='word_1_144' title='bbox 716 1980 1078 2034; x_wconf 75' lang='lat' dir='ltr'><strong>reaaditicaret.</strong></span> <span class='ocrx_word' id='word_1_145' title='bbox 1110 1979 1334 2032; x_wconf 88' lang='lat' dir='ltr'><strong>Furatus</strong></span> <span class='ocrx_word' id='word_1_146' title='bbox 1360 1986 1521 2032; x_wconf 82' lang='lat' dir='ltr'><strong>estex</strong></span> <span class='ocrx_word' id='word_1_147' title='bbox 1547 1978 1766 2031; x_wconf 87' lang='lat' dir='ltr'><strong>anathe-</strong></span> 
     </span>
    </p>
   </div>
   <div class='ocr_carea' id='block_1_20' title="bbox 198 2060 1767 2135">
    <p class='ocr_par' dir='ltr' id='par_1_20' title="bbox 198 2060 1767 2135">
     <span class='ocr_line' id='line_1_20' title="bbox 198 2060 1767 2135; baseline -0.002 -13"><span class='ocrx_word' id='word_1_148' title='bbox 198 2079 338 2124; x_wconf 87' lang='lat' dir='ltr'><strong>mate</strong></span> <span class='ocrx_word' id='word_1_149' title='bbox 367 2069 561 2134; x_wconf 84' lang='lat' dir='ltr'><strong>Achar,</strong></span> <span class='ocrx_word' id='word_1_150' title='bbox 591 2069 881 2122; x_wconf 87' lang='lat' dir='ltr'><strong>etvincitur</strong></span> <span class='ocrx_word' id='word_1_151' title='bbox 918 2067 1144 2135; x_wconf 91' lang='lat' dir='ltr'><strong>populus</strong></span> <span class='ocrx_word' id='word_1_152' title='bbox 1182 2060 1458 2135; x_wconf 78' lang='lat' dir='ltr'><strong>aggressus</strong></span> <span class='ocrx_word' id='word_1_153' title='bbox 1490 2068 1644 2122; x_wconf 89' lang='lat' dir='ltr'><strong>aliam</strong></span> <span class='ocrx_word' id='word_1_154' title='bbox 1681 2084 1767 2120; x_wconf 86' lang='lat' dir='ltr'><strong>ur-</strong></span> 
     </span>
    </p>
   </div>
   <div class='ocr_carea' id='block_1_21' title="bbox 199 2156 1764 2226">
    <p class='ocr_par' dir='ltr' id='par_1_21' title="bbox 199 2156 1764 2226">
     <span class='ocr_line' id='line_1_21' title="bbox 199 2156 1764 2226; baseline -0.001 -15"><span class='ocrx_word' id='word_1_155' title='bbox 199 2161 334 2213; x_wconf 91' lang='lat' dir='ltr'><strong>bem.</strong></span> <span class='ocrx_word' id='word_1_156' title='bbox 369 2159 532 2212; x_wconf 92' lang='lat' dir='ltr'><strong>Deum</strong></span> <span class='ocrx_word' id='word_1_157' title='bbox 565 2166 805 2226; x_wconf 85' lang='lat' dir='ltr'><strong>precatur</strong></span> <span class='ocrx_word' id='word_1_158' title='bbox 833 2157 987 2211; x_wconf 84' lang='lat' dir='ltr'><strong>Jcsus</strong></span> <span class='ocrx_word' id='word_1_159' title='bbox 1019 2175 1031 2209; x_wconf 92' lang='lat'><strong>:</strong></span> <span class='ocrx_word' id='word_1_160' title='bbox 1062 2157 1212 2224; x_wconf 90' lang='lat' dir='ltr'><strong>jubet</strong></span> <span class='ocrx_word' id='word_1_161' title='bbox 1238 2157 1374 2209; x_wconf 81' lang='lat' dir='ltr'><strong>[)cus</strong></span> <span class='ocrx_word' id='word_1_162' title='bbox 1399 2156 1510 2209; x_wconf 90' lang='lat' dir='ltr'><strong>tolli</strong></span> <span class='ocrx_word' id='word_1_163' title='bbox 1537 2157 1764 2210; x_wconf 87' lang='lat' dir='ltr'><strong>anathe-</strong></span> 
     </span>
    </p>
   </div>
   <div class='ocr_carea' id='block_1_22' title="bbox 199 2244 1765 2313">
    <p class='ocr_par' dir='ltr' id='par_1_22' title="bbox 199 2244 1765 2313">
     <span class='ocr_line' id='line_1_22' title="bbox 199 2244 1765 2313; baseline -0.001 -14"><span class='ocrx_word' id='word_1_164' title='bbox 199 2263 300 2299; x_wconf 87' lang='lat' dir='ltr'><strong>ma.</strong></span> <span class='ocrx_word' id='word_1_165' title='bbox 332 2247 696 2313; x_wconf 87' lang='lat' dir='ltr'><strong>Deprehensus</strong></span> <span class='ocrx_word' id='word_1_166' title='bbox 733 2254 814 2298; x_wconf 92' lang='lat' dir='ltr'><strong>est</strong></span> <span class='ocrx_word' id='word_1_167' title='bbox 844 2246 1016 2298; x_wconf 84' lang='lat' dir='ltr'><strong>Achar</strong></span> <span class='ocrx_word' id='word_1_168' title='bbox 1040 2286 1055 2310; x_wconf 92' lang='lat'><strong>,</strong></span> <span class='ocrx_word' id='word_1_169' title='bbox 1086 2245 1278 2297; x_wconf 89' lang='lat' dir='ltr'><strong>furtum</strong></span> <span class='ocrx_word' id='word_1_170' title='bbox 1305 2244 1601 2310; x_wconf 88' lang='lat' dir='ltr'><strong>detectum,</strong></span> <span class='ocrx_word' id='word_1_171' title='bbox 1635 2246 1765 2312; x_wconf 87' lang='lat' dir='ltr'><strong>lapi-</strong></span> 
     </span>
    </p>
   </div>
   <div class='ocr_carea' id='block_1_23' title="bbox 197 2334 1767 2400">
    <p class='ocr_par' dir='ltr' id='par_1_23' title="bbox 197 2334 1767 2400">
     <span class='ocr_line' id='line_1_23' title="bbox 197 2334 1767 2400; baseline 0.001 -13"><span class='ocrx_word' id='word_1_172' title='bbox 197 2337 349 2388; x_wconf 89' lang='lat' dir='ltr'><strong>datur</strong></span> <span class='ocrx_word' id='word_1_173' title='bbox 373 2335 546 2388; x_wconf 81' lang='lat' dir='ltr'><strong>Achar</strong></span> <span class='ocrx_word' id='word_1_174' title='bbox 571 2349 693 2388; x_wconf 90' lang='lat' dir='ltr'><strong>cum</strong></span> <span class='ocrx_word' id='word_1_175' title='bbox 726 2334 846 2387; x_wconf 86' lang='lat' dir='ltr'><strong>filiis</strong></span> <span class='ocrx_word' id='word_1_176' title='bbox 867 2342 920 2387; x_wconf 93' lang='lat' dir='ltr'><strong>ct</strong></span> <span class='ocrx_word' id='word_1_177' title='bbox 948 2335 1170 2388; x_wconf 84' lang='lat' dir='ltr'><strong>filiabus.</strong></span> <span class='ocrx_word' id='word_1_178' title='bbox 1204 2334 1458 2400; x_wconf 76' lang='lat' dir='ltr'><strong>Pugnavit</strong></span> <span class='ocrx_word' id='word_1_179' title='bbox 1477 2334 1632 2388; x_wconf 84' lang='lat' dir='ltr'><strong>Jesus</strong></span> <span class='ocrx_word' id='word_1_180' title='bbox 1656 2350 1767 2388; x_wconf 89' lang='lat' dir='ltr'><strong>ccr-</strong></span> 
     </span>
    </p>
   </div>
   <div class='ocr_carea' id='block_1_24' title="bbox 199 2423 1764 2492">
    <p class='ocr_par' dir='ltr' id='par_1_24' title="bbox 199 2423 1764 2492">
     <span class='ocr_line' id='line_1_24' title="bbox 199 2423 1764 2492; baseline 0.001 -16"><span class='ocrx_word' id='word_1_181' title='bbox 199 2426 394 2478; x_wconf 85' lang='lat' dir='ltr'><strong>tamine</strong></span> <span class='ocrx_word' id='word_1_182' title='bbox 418 2425 632 2492; x_wconf 90' lang='lat' dir='ltr'><strong>etcepit</strong></span> <span class='ocrx_word' id='word_1_183' title='bbox 655 2424 869 2486; x_wconf 81' lang='lat' dir='ltr'><strong>Gazam,</strong></span> <span class='ocrx_word' id='word_1_184' title='bbox 900 2423 1266 2491; x_wconf 89' lang='lat' dir='ltr'><strong>incenditque:</strong></span> <span class='ocrx_word' id='word_1_185' title='bbox 1297 2438 1357 2476; x_wconf 89' lang='lat' dir='ltr'><strong>ac</strong></span> <span class='ocrx_word' id='word_1_186' title='bbox 1377 2423 1685 2476; x_wconf 82' lang='lat' dir='ltr'><strong>ceciderunt</strong></span> <span class='ocrx_word' id='word_1_187' title='bbox 1713 2425 1764 2477; x_wconf 93' lang='lat' dir='ltr'><strong>in</strong></span> 
     </span>
    </p>
   </div>
   <div class='ocr_carea' id='block_1_25' title="bbox 199 2513 1765 2580">
    <p class='ocr_par' dir='ltr' id='par_1_25' title="bbox 199 2513 1765 2580">
     <span class='ocr_line' id='line_1_25' title="bbox 199 2513 1765 2580; baseline 0.001 -14"><span class='ocrx_word' id='word_1_188' title='bbox 199 2514 285 2566; x_wconf 82' lang='lat' dir='ltr'><strong>illa</strong></span> <span class='ocrx_word' id='word_1_189' title='bbox 311 2513 586 2566; x_wconf 88' lang='lat' dir='ltr'><strong>duodecim</strong></span> <span class='ocrx_word' id='word_1_190' title='bbox 625 2513 825 2576; x_wconf 87' lang='lat' dir='ltr'><strong>millia;</strong></span> <span class='ocrx_word' id='word_1_191' title='bbox 853 2528 1134 2580; x_wconf 87' lang='lat' dir='ltr'><strong>regemque</strong></span> <span class='ocrx_word' id='word_1_192' title='bbox 1187 2513 1330 2567; x_wconf 85' lang='lat' dir='ltr'><strong>urbis</strong></span> <span class='ocrx_word' id='word_1_193' title='bbox 1376 2513 1765 2580; x_wconf 81' lang='lat' dir='ltr'><strong>suspenderunt</strong></span> 
     </span>
    </p>
   </div>
   <div class='ocr_carea' id='block_1_26' title="bbox 199 2601 1766 2670">
    <p class='ocr_par' dir='ltr' id='par_1_26' title="bbox 199 2601 1766 2670">
     <span class='ocr_line' id='line_1_26' title="bbox 199 2601 1766 2670; baseline 0.001 -16"><span class='ocrx_word' id='word_1_194' title='bbox 199 2604 251 2654; x_wconf 80' lang='lat' dir='ltr'><strong>in</strong></span> <span class='ocrx_word' id='word_1_195' title='bbox 283 2603 441 2670; x_wconf 88' lang='lat' dir='ltr'><strong>ligno.</strong></span> <span class='ocrx_word' id='word_1_196' title='bbox 486 2602 818 2656; x_wconf 89' lang='lat' dir='ltr'><strong>Conveniunt</strong></span> <span class='ocrx_word' id='word_1_197' title='bbox 843 2603 907 2654; x_wconf 90' lang='lat' dir='ltr'><strong>ad</strong></span> <span class='ocrx_word' id='word_1_198' title='bbox 937 2601 1306 2656; x_wconf 89' lang='lat' dir='ltr'><strong>debellandum</strong></span> <span class='ocrx_word' id='word_1_199' title='bbox 1339 2603 1585 2656; x_wconf 84' lang='lat' dir='ltr'><strong>Israelem</strong></span> <span class='ocrx_word' id='word_1_200' title='bbox 1615 2618 1766 2670; x_wconf 88' lang='lat' dir='ltr'><strong>rcges</strong></span> 
     </span>
    </p>
   </div>
   <div class='ocr_carea' id='block_1_27' title="bbox 199 2692 1762 2761">
    <p class='ocr_par' dir='ltr' id='par_1_27' title="bbox 199 2692 1762 2761">
     <span class='ocr_line' id='line_1_27' title="bbox 199 2692 1762 2761; baseline 0.001 -16"><span class='ocrx_word' id='word_1_201' title='bbox 199 2693 629 2747; x_wconf 79' lang='lat' dir='ltr'><strong>Amori-lucorum</strong></span> <span class='ocrx_word' id='word_1_202' title='bbox 658 2702 710 2747; x_wconf 88' lang='lat' dir='ltr'><strong>et</strong></span> <span class='ocrx_word' id='word_1_203' title='bbox 735 2692 1153 2746; x_wconf 65' lang='lat' dir='ltr'><strong>Chananarorum</strong></span> <span class='ocrx_word' id='word_1_204' title='bbox 1185 2707 1244 2745; x_wconf 92' lang='lat' dir='ltr'><strong>ac</strong></span> <span class='ocrx_word' id='word_1_205' title='bbox 1271 2694 1479 2761; x_wconf 89' lang='lat' dir='ltr'><strong>reliqui.</strong></span> <span class='ocrx_word' id='word_1_206' title='bbox 1511 2693 1762 2747; x_wconf 72' lang='lat' dir='ltr'><strong>AEdificat</strong></span> 
     </span>
    </p>
   </div>
   <div class='ocr_carea' id='block_1_28' title="bbox 197 2783 1763 2851">
    <p class='ocr_par' dir='ltr' id='par_1_28' title="bbox 197 2783 1763 2851">
     <span class='ocr_line' id='line_1_28' title="bbox 197 2783 1763 2851; baseline -0.001 -13"><span class='ocrx_word' id='word_1_207' title='bbox 197 2784 350 2838; x_wconf 87' lang='lat' dir='ltr'><strong>Jesus</strong></span> <span class='ocrx_word' id='word_1_208' title='bbox 373 2785 536 2837; x_wconf 88' lang='lat' dir='ltr'><strong>altare</strong></span> <span class='ocrx_word' id='word_1_209' title='bbox 551 2800 613 2838; x_wconf 83' lang='lat' dir='ltr'><strong>ex</strong></span> <span class='ocrx_word' id='word_1_210' title='bbox 635 2783 893 2851; x_wconf 88' lang='lat' dir='ltr'><strong>lapidibus</strong></span> <span class='ocrx_word' id='word_1_211' title='bbox 917 2783 1152 2851; x_wconf 87' lang='lat' dir='ltr'><strong>integris,</strong></span> <span class='ocrx_word' id='word_1_212' title='bbox 1178 2783 1282 2835; x_wconf 90' lang='lat' dir='ltr'><strong>illic</strong></span> <span class='ocrx_word' id='word_1_213' title='bbox 1302 2783 1763 2836; x_wconf 85' lang='lat' dir='ltr'><strong>Deuteronemium</strong></span> 
     </span>
    </p>
   </div>
   <div class='ocr_carea' id='block_1_29' title="bbox 199 2874 1764 2943">
    <p class='ocr_par' dir='ltr' id='par_1_29' title="bbox 199 2874 1764 2943">
     <span class='ocr_line' id='line_1_29' title="bbox 199 2874 1764 2943; baseline 0 -15"><span class='ocrx_word' id='word_1_214' title='bbox 199 2875 381 2928; x_wconf 88' lang='lat' dir='ltr'><strong>scribit</strong></span> <span class='ocrx_word' id='word_1_215' title='bbox 409 2890 423 2925; x_wconf 89' lang='lat'><strong>:</strong></span> <span class='ocrx_word' id='word_1_216' title='bbox 456 2874 774 2943; x_wconf 89' lang='lat' dir='ltr'><strong>dimidiaquc</strong></span> <span class='ocrx_word' id='word_1_217' title='bbox 801 2889 922 2942; x_wconf 89' lang='lat' dir='ltr'><strong>pars</strong></span> <span class='ocrx_word' id='word_1_218' title='bbox 959 2874 1134 2942; x_wconf 85' lang='lat' dir='ltr'><strong>pepuli</strong></span> <span class='ocrx_word' id='word_1_219' title='bbox 1165 2882 1270 2928; x_wconf 88' lang='lat' dir='ltr'><strong>stat</strong></span> <span class='ocrx_word' id='word_1_220' title='bbox 1314 2889 1476 2943; x_wconf 89' lang='lat' dir='ltr'><strong>prepe</strong></span> <span class='ocrx_word' id='word_1_221' title='bbox 1530 2882 1764 2928; x_wconf 89' lang='lat' dir='ltr'><strong>montem</strong></span> 
     </span>
    </p>
   </div>
   <div class='ocr_carea' id='block_1_30' title="bbox 195 2965 1766 3034">
    <p class='ocr_par' dir='ltr' id='par_1_30' title="bbox 195 2965 1766 3034">
     <span class='ocr_line' id='line_1_30' title="bbox 195 2965 1766 3034; baseline -0.001 -13"><span class='ocrx_word' id='word_1_222' title='bbox 195 2966 383 3031; x_wconf 85' lang='lat' dir='ltr'><strong>Gebal,</strong></span> <span class='ocrx_word' id='word_1_223' title='bbox 413 2965 626 3019; x_wconf 82' lang='lat' dir='ltr'><strong>dimidia</strong></span> <span class='ocrx_word' id='word_1_224' title='bbox 654 2975 830 3019; x_wconf 87' lang='lat' dir='ltr'><strong>autem</strong></span> <span class='ocrx_word' id='word_1_225' title='bbox 861 2981 1024 3034; x_wconf 90' lang='lat' dir='ltr'><strong>prope</strong></span> <span class='ocrx_word' id='word_1_226' title='bbox 1050 2975 1284 3020; x_wconf 88' lang='lat' dir='ltr'><strong>montem</strong></span> <span class='ocrx_word' id='word_1_227' title='bbox 1306 2966 1537 3019; x_wconf 83' lang='lat' dir='ltr'><strong>Garizin.</strong></span> <span class='ocrx_word' id='word_1_228' title='bbox 1568 2965 1766 3019; x_wconf 86' lang='lat' dir='ltr'><strong>Dehinc</strong></span> 
     </span>
    </p>
   </div>
   <div class='ocr_carea' id='block_1_31' title="bbox 195 3055 1763 3124">
    <p class='ocr_par' dir='ltr' id='par_1_31' title="bbox 195 3055 1763 3124">
     <span class='ocr_line' id='line_1_31' title="bbox 195 3055 1763 3124; baseline 0.001 -18"><span class='ocrx_word' id='word_1_229' title='bbox 195 3071 314 3123; x_wconf 72' lang='lat' dir='ltr'><strong>qua:</strong></span> <span class='ocrx_word' id='word_1_230' title='bbox 335 3065 478 3124; x_wconf 90' lang='lat' dir='ltr'><strong>gesta</strong></span> <span class='ocrx_word' id='word_1_231' title='bbox 500 3064 622 3109; x_wconf 84' lang='lat' dir='ltr'><strong>sunt</strong></span> <span class='ocrx_word' id='word_1_232' title='bbox 649 3056 787 3109; x_wconf 89' lang='lat' dir='ltr'><strong>circa</strong></span> <span class='ocrx_word' id='word_1_233' title='bbox 815 3056 1152 3110; x_wconf 89' lang='lat' dir='ltr'><strong>Gabaonitas.</strong></span> <span class='ocrx_word' id='word_1_234' title='bbox 1197 3055 1257 3108; x_wconf 89' lang='lat' dir='ltr'><strong>Hi</strong></span> <span class='ocrx_word' id='word_1_235' title='bbox 1287 3056 1427 3108; x_wconf 91' lang='lat' dir='ltr'><strong>enim</strong></span> <span class='ocrx_word' id='word_1_236' title='bbox 1455 3071 1520 3108; x_wconf 87' lang='lat' dir='ltr'><strong>ex</strong></span> <span class='ocrx_word' id='word_1_237' title='bbox 1555 3055 1763 3108; x_wconf 88' lang='lat' dir='ltr'><strong>Israeli-</strong></span> 
     </span>
    </p>
   </div>
   <div class='ocr_carea' id='block_1_32' title="bbox 199 3143 1765 3213">
    <p class='ocr_par' dir='ltr' id='par_1_32' title="bbox 199 3143 1765 3213">
     <span class='ocr_line' id='line_1_32' title="bbox 199 3143 1765 3213; baseline 0 -15"><span class='ocrx_word' id='word_1_238' title='bbox 199 3154 368 3198; x_wconf 89' lang='lat' dir='ltr'><strong>tarnm</strong></span> <span class='ocrx_word' id='word_1_239' title='bbox 397 3145 530 3197; x_wconf 89' lang='lat' dir='ltr'><strong>fama</strong></span> <span class='ocrx_word' id='word_1_240' title='bbox 564 3143 942 3213; x_wconf 75' lang='lat' dir='ltr'><strong>perterrefacti,</strong></span> <span class='ocrx_word' id='word_1_241' title='bbox 967 3144 1158 3197; x_wconf 85' lang='lat' dir='ltr'><strong>auditis</strong></span> <span class='ocrx_word' id='word_1_242' title='bbox 1179 3145 1241 3198; x_wconf 91' lang='lat' dir='ltr'><strong>iis</strong></span> <span class='ocrx_word' id='word_1_243' title='bbox 1270 3160 1386 3212; x_wconf 69' lang='lat' dir='ltr'><strong>qum</strong></span> <span class='ocrx_word' id='word_1_244' title='bbox 1407 3145 1513 3212; x_wconf 89' lang='lat' dir='ltr'><strong>jam</strong></span> <span class='ocrx_word' id='word_1_245' title='bbox 1537 3146 1588 3198; x_wconf 90' lang='lat' dir='ltr'><strong>in</strong></span> <span class='ocrx_word' id='word_1_246' title='bbox 1614 3145 1765 3199; x_wconf 85' lang='lat' dir='ltr'><strong>bellis</strong></span> 
     </span>
    </p>
   </div>
   <div class='ocr_carea' id='block_1_33' title="bbox 199 3235 1765 3305">
    <p class='ocr_par' dir='ltr' id='par_1_33' title="bbox 199 3235 1765 3305">
     <span class='ocr_line' id='line_1_33' title="bbox 199 3235 1765 3305; baseline 0 -15"><span class='ocrx_word' id='word_1_247' title='bbox 199 3239 451 3305; x_wconf 77' lang='lat' dir='ltr'><strong>praeclare</strong></span> <span class='ocrx_word' id='word_1_248' title='bbox 476 3245 773 3305; x_wconf 81' lang='lat' dir='ltr'><strong>gesserant,</strong></span> <span class='ocrx_word' id='word_1_249' title='bbox 801 3236 941 3305; x_wconf 90' lang='lat' dir='ltr'><strong>ipsos</strong></span> <span class='ocrx_word' id='word_1_250' title='bbox 961 3235 1154 3289; x_wconf 89' lang='lat' dir='ltr'><strong>adeunt</strong></span> <span class='ocrx_word' id='word_1_251' title='bbox 1174 3237 1396 3289; x_wconf 90' lang='lat' dir='ltr'><strong>vetustis</strong></span> <span class='ocrx_word' id='word_1_252' title='bbox 1420 3236 1584 3289; x_wconf 90' lang='lat' dir='ltr'><strong>induti</strong></span> <span class='ocrx_word' id='word_1_253' title='bbox 1606 3237 1765 3290; x_wconf 89' lang='lat' dir='ltr'><strong>vesti-</strong></span> 
     </span>
    </p>
   </div>
   <div class='ocr_carea' id='block_1_34' title="bbox 195 3325 1760 3394">
    <p class='ocr_par' dir='ltr' id='par_1_34' title="bbox 195 3325 1760 3394">
     <span class='ocr_line' id='line_1_34' title="bbox 195 3325 1760 3394; baseline 0.001 -15"><span class='ocrx_word' id='word_1_254' title='bbox 195 3327 410 3391; x_wconf 84' lang='lat' dir='ltr'><strong>mentis,</strong></span> <span class='ocrx_word' id='word_1_255' title='bbox 444 3339 604 3394; x_wconf 89' lang='lat' dir='ltr'><strong>panes</strong></span> <span class='ocrx_word' id='word_1_256' title='bbox 654 3326 831 3379; x_wconf 86' lang='lat' dir='ltr'><strong>aridos</strong></span> <span class='ocrx_word' id='word_1_257' title='bbox 885 3326 1138 3388; x_wconf 83' lang='lat' dir='ltr'><strong>ferentes,</strong></span> <span class='ocrx_word' id='word_1_258' title='bbox 1170 3325 1509 3394; x_wconf 84' lang='lat' dir='ltr'><strong>sandaliaque</strong></span> <span class='ocrx_word' id='word_1_259' title='bbox 1559 3336 1760 3381; x_wconf 85' lang='lat' dir='ltr'><strong>vetera.</strong></span> 
     </span>
    </p>
   </div>
   <div class='ocr_carea' id='block_1_35' title="bbox 199 3415 1763 3484">
    <p class='ocr_par' dir='ltr' id='par_1_35' title="bbox 199 3415 1763 3484">
     <span class='ocr_line' id='line_1_35' title="bbox 199 3415 1763 3484; baseline 0.001 -16"><span class='ocrx_word' id='word_1_260' title='bbox 199 3417 497 3484; x_wconf 87' lang='lat' dir='ltr'><strong>populoque</strong></span> <span class='ocrx_word' id='word_1_261' title='bbox 541 3415 724 3469; x_wconf 90' lang='lat' dir='ltr'><strong>dicunt</strong></span> <span class='ocrx_word' id='word_1_262' title='bbox 767 3430 824 3468; x_wconf 90' lang='lat' dir='ltr'><strong>se</strong></span> <span class='ocrx_word' id='word_1_263' title='bbox 867 3428 934 3469; x_wconf 86' lang='lat' dir='ltr'><strong>ex</strong></span> <span class='ocrx_word' id='word_1_264' title='bbox 980 3425 1116 3467; x_wconf 91' lang='lat' dir='ltr'><strong>terra</strong></span> <span class='ocrx_word' id='word_1_265' title='bbox 1149 3415 1427 3483; x_wconf 88' lang='lat' dir='ltr'><strong>longinqua</strong></span> <span class='ocrx_word' id='word_1_266' title='bbox 1455 3415 1658 3480; x_wconf 90' lang='lat' dir='ltr'><strong>venire,</strong></span> <span class='ocrx_word' id='word_1_267' title='bbox 1687 3417 1763 3470; x_wconf 87' lang='lat' dir='ltr'><strong>si-</strong></span> 
     </span>
    </p>
   </div>
   <div class='ocr_carea' id='block_1_36' title="bbox 197 3504 1757 3573">
    <p class='ocr_par' dir='ltr' id='par_1_36' title="bbox 197 3504 1757 3573">
     <span class='ocr_line' id='line_1_36' title="bbox 197 3504 1757 3573; baseline 0.002 -17"><span class='ocrx_word' id='word_1_268' title='bbox 197 3521 461 3573; x_wconf 86' lang='lat' dir='ltr'><strong>gnumque</strong></span> <span class='ocrx_word' id='word_1_269' title='bbox 486 3506 666 3573; x_wconf 88' lang='lat' dir='ltr'><strong>procul</strong></span> <span class='ocrx_word' id='word_1_270' title='bbox 697 3514 1017 3558; x_wconf 90' lang='lat' dir='ltr'><strong>remotarum</strong></span> <span class='ocrx_word' id='word_1_271' title='bbox 1044 3504 1249 3557; x_wconf 86' lang='lat' dir='ltr'><strong>sedium</strong></span> <span class='ocrx_word' id='word_1_272' title='bbox 1276 3519 1393 3559; x_wconf 89' lang='lat' dir='ltr'><strong>esse</strong></span> <span class='ocrx_word' id='word_1_273' title='bbox 1415 3505 1722 3559; x_wconf 89' lang='lat' dir='ltr'><strong>vestimenta</strong></span> <span class='ocrx_word' id='word_1_274' title='bbox 1744 3549 1757 3570; x_wconf 93' lang='lat'><strong>,</strong></span> 
     </span>
    </p>
   </div>
   <div class='ocr_carea' id='block_1_37' title="bbox 196 3592 1763 3660">
    <p class='ocr_par' dir='ltr' id='par_1_37' title="bbox 196 3592 1763 3660">
     <span class='ocr_line' id='line_1_37' title="bbox 196 3592 1763 3660; baseline 0.005 -18"><span class='ocrx_word' id='word_1_275' title='bbox 196 3606 360 3660; x_wconf 88' lang='lat' dir='ltr'><strong>panes</strong></span> <span class='ocrx_word' id='word_1_276' title='bbox 380 3602 433 3645; x_wconf 93' lang='lat' dir='ltr'><strong>ct</strong></span> <span class='ocrx_word' id='word_1_277' title='bbox 458 3594 688 3646; x_wconf 89' lang='lat' dir='ltr'><strong>sandalia</strong></span> <span class='ocrx_word' id='word_1_278' title='bbox 715 3612 726 3646; x_wconf 92' lang='lat'><strong>:</strong></span> <span class='ocrx_word' id='word_1_279' title='bbox 755 3607 876 3645; x_wconf 89' lang='lat' dir='ltr'><strong>nam</strong></span> <span class='ocrx_word' id='word_1_280' title='bbox 909 3594 958 3646; x_wconf 92' lang='lat' dir='ltr'><strong>in</strong></span> <span class='ocrx_word' id='word_1_281' title='bbox 977 3593 1132 3660; x_wconf 88' lang='lat' dir='ltr'><strong>longa</strong></span> <span class='ocrx_word' id='word_1_282' title='bbox 1153 3594 1232 3646; x_wconf 86' lang='lat' dir='ltr'><strong>via</strong></span> <span class='ocrx_word' id='word_1_283' title='bbox 1258 3592 1371 3646; x_wconf 72' lang='lat' dir='ltr'><strong>htcc</strong></span> <span class='ocrx_word' id='word_1_284' title='bbox 1390 3593 1579 3648; x_wconf 89' lang='lat' dir='ltr'><strong>detrita</strong></span> <span class='ocrx_word' id='word_1_285' title='bbox 1602 3595 1763 3651; x_wconf 85' lang='lat' dir='ltr'><strong>fuisse</strong></span> 
     </span>
    </p>
   </div>
   <div class='ocr_carea' id='block_1_38' title="bbox 196 3682 1761 3754">
    <p class='ocr_par' dir='ltr' id='par_1_38' title="bbox 196 3682 1761 3754">
     <span class='ocr_line' id='line_1_38' title="bbox 196 3682 1761 3754; baseline 0.001 -18"><span class='ocrx_word' id='word_1_286' title='bbox 196 3683 484 3737; x_wconf 90' lang='lat' dir='ltr'><strong>dicebant:</strong></span> <span class='ocrx_word' id='word_1_287' title='bbox 520 3683 697 3736; x_wconf 89' lang='lat' dir='ltr'><strong>venire</strong></span> <span class='ocrx_word' id='word_1_288' title='bbox 740 3691 912 3736; x_wconf 88' lang='lat' dir='ltr'><strong>autem</strong></span> <span class='ocrx_word' id='word_1_289' title='bbox 953 3698 1013 3736; x_wconf 91' lang='lat' dir='ltr'><strong>se</strong></span> <span class='ocrx_word' id='word_1_290' title='bbox 1039 3682 1104 3735; x_wconf 87' lang='lat' dir='ltr'><strong>ad</strong></span> <span class='ocrx_word' id='word_1_291' title='bbox 1137 3693 1284 3751; x_wconf 87' lang='lat' dir='ltr'><strong>pacta</strong></span> <span class='ocrx_word' id='word_1_292' title='bbox 1325 3698 1616 3754; x_wconf 90' lang='lat' dir='ltr'><strong>pacemque</strong></span> <span class='ocrx_word' id='word_1_293' title='bbox 1643 3699 1761 3738; x_wconf 92' lang='lat' dir='ltr'><strong>cum</strong></span> 
     </span>
    </p>
   </div>
   <div class='ocr_carea' id='block_1_39' title="bbox 199 3770 1763 3841">
    <p class='ocr_par' dir='ltr' id='par_1_39' title="bbox 199 3770 1763 3841">
     <span class='ocr_line' id='line_1_39' title="bbox 199 3770 1763 3841; baseline 0.002 -16"><span class='ocrx_word' id='word_1_294' title='bbox 199 3773 326 3841; x_wconf 85' lang='lat' dir='ltr'><strong>ipsis</strong></span> <span class='ocrx_word' id='word_1_295' title='bbox 357 3771 605 3826; x_wconf 89' lang='lat' dir='ltr'><strong>incunda.</strong></span> <span class='ocrx_word' id='word_1_296' title='bbox 633 3770 709 3826; x_wconf 92' lang='lat' dir='ltr'><strong>Illi</strong></span> <span class='ocrx_word' id='word_1_297' title='bbox 756 3780 935 3826; x_wconf 90' lang='lat' dir='ltr'><strong>autem</strong></span> <span class='ocrx_word' id='word_1_298' title='bbox 969 3773 1078 3825; x_wconf 87' lang='lat' dir='ltr'><strong>Dee</strong></span> <span class='ocrx_word' id='word_1_299' title='bbox 1124 3787 1228 3825; x_wconf 92' lang='lat' dir='ltr'><strong>non</strong></span> <span class='ocrx_word' id='word_1_300' title='bbox 1273 3773 1532 3836; x_wconf 88' lang='lat' dir='ltr'><strong>consulte,</strong></span> <span class='ocrx_word' id='word_1_301' title='bbox 1565 3774 1763 3828; x_wconf 70' lang='lat' dir='ltr'><strong>hedera</strong></span> 
     </span>
    </p>
   </div>
   <div class='ocr_carea' id='block_1_40' title="bbox 197 3860 1760 3931">
    <p class='ocr_par' dir='ltr' id='par_1_40' title="bbox 197 3860 1760 3931">
     <span class='ocr_line' id='line_1_40' title="bbox 197 3860 1760 3931; baseline 0.001 -17"><span class='ocrx_word' id='word_1_302' title='bbox 197 3863 447 3915; x_wconf 89' lang='lat' dir='ltr'><strong>inierunt.</strong></span> <span class='ocrx_word' id='word_1_303' title='bbox 500 3860 570 3915; x_wconf 90' lang='lat' dir='ltr'><strong>Ut</strong></span> <span class='ocrx_word' id='word_1_304' title='bbox 613 3876 738 3915; x_wconf 87' lang='lat' dir='ltr'><strong>vero</strong></span> <span class='ocrx_word' id='word_1_305' title='bbox 793 3869 1158 3930; x_wconf 89' lang='lat' dir='ltr'><strong>cognoverunt</strong></span> <span class='ocrx_word' id='word_1_306' title='bbox 1202 3875 1260 3916; x_wconf 88' lang='lat' dir='ltr'><strong>se</strong></span> <span class='ocrx_word' id='word_1_307' title='bbox 1301 3862 1550 3931; x_wconf 80' lang='lat' dir='ltr'><strong>deceptos</strong></span> <span class='ocrx_word' id='word_1_308' title='bbox 1579 3862 1760 3929; x_wconf 88' lang='lat' dir='ltr'><strong>fuisse,</strong></span> 
     </span>
    </p>
   </div>
   <div class='ocr_carea' id='block_1_41' title="bbox 199 3951 1758 4020">
    <p class='ocr_par' dir='ltr' id='par_1_41' title="bbox 199 3951 1758 4020">
     <span class='ocr_line' id='line_1_41' title="bbox 199 3951 1758 4020; baseline 0.001 -16"><span class='ocrx_word' id='word_1_309' title='bbox 199 3952 420 4020; x_wconf 84' lang='lat' dir='ltr'><strong>illosque</strong></span> <span class='ocrx_word' id='word_1_310' title='bbox 452 3964 553 4004; x_wconf 91' lang='lat' dir='ltr'><strong>non</strong></span> <span class='ocrx_word' id='word_1_311' title='bbox 605 3951 807 4018; x_wconf 89' lang='lat' dir='ltr'><strong>procul,</strong></span> <span class='ocrx_word' id='word_1_312' title='bbox 841 3951 935 4006; x_wconf 89' lang='lat' dir='ltr'><strong>sed</strong></span> <span class='ocrx_word' id='word_1_313' title='bbox 983 3967 1144 4020; x_wconf 86' lang='lat' dir='ltr'><strong>prope</strong></span> <span class='ocrx_word' id='word_1_314' title='bbox 1191 3951 1449 4017; x_wconf 84' lang='lat' dir='ltr'><strong>habitare,</strong></span> <span class='ocrx_word' id='word_1_315' title='bbox 1479 3968 1601 4006; x_wconf 89' lang='lat' dir='ltr'><strong>cum</strong></span> <span class='ocrx_word' id='word_1_316' title='bbox 1655 3967 1758 4006; x_wconf 92' lang='lat' dir='ltr'><strong>non</strong></span> 
     </span>
    </p>
   </div>
   <div class='ocr_carea' id='block_1_42' title="bbox 200 4041 1761 4110">
    <p class='ocr_par' dir='ltr' id='par_1_42' title="bbox 200 4041 1761 4110">
     <span class='ocr_line' id='line_1_42' title="bbox 200 4041 1761 4110; baseline 0.001 -17"><span class='ocrx_word' id='word_1_317' title='bbox 200 4055 416 4108; x_wconf 86' lang='lat' dir='ltr'><strong>possent</strong></span> <span class='ocrx_word' id='word_1_318' title='bbox 469 4041 586 4093; x_wconf 83' lang='lat' dir='ltr'><strong>illos</strong></span> <span class='ocrx_word' id='word_1_319' title='bbox 628 4055 933 4110; x_wconf 76' lang='lat' dir='ltr'><strong>oppugnare</strong></span> <span class='ocrx_word' id='word_1_320' title='bbox 983 4051 1165 4093; x_wconf 89' lang='lat' dir='ltr'><strong>contra</strong></span> <span class='ocrx_word' id='word_1_321' title='bbox 1209 4043 1530 4109; x_wconf 87' lang='lat' dir='ltr'><strong>jnramenta,</strong></span> <span class='ocrx_word' id='word_1_322' title='bbox 1579 4057 1761 4095; x_wconf 87' lang='lat' dir='ltr'><strong>servos</strong></span> 
     </span>
    </p>
   </div>
   <div class='ocr_carea' id='block_1_43' title="bbox 197 4131 1763 4200">
    <p class='ocr_par' dir='ltr' id='par_1_43' title="bbox 197 4131 1763 4200">
     <span class='ocr_line' id='line_1_43' title="bbox 197 4131 1763 4200; baseline 0.001 -16"><span class='ocrx_word' id='word_1_323' title='bbox 197 4132 340 4199; x_wconf 76' lang='lat' dir='ltr'><strong>ipsos</strong></span> <span class='ocrx_word' id='word_1_324' title='bbox 390 4131 775 4184; x_wconf 86' lang='lat' dir='ltr'><strong>constituerunt</strong></span> <span class='ocrx_word' id='word_1_325' title='bbox 805 4132 1074 4199; x_wconf 81' lang='lat' dir='ltr'><strong>lignarios,</strong></span> <span class='ocrx_word' id='word_1_326' title='bbox 1104 4142 1157 4184; x_wconf 85' lang='lat' dir='ltr'><strong>et</strong></span> <span class='ocrx_word' id='word_1_327' title='bbox 1201 4147 1349 4199; x_wconf 67' lang='lat' dir='ltr'><strong>aqua:</strong></span> <span class='ocrx_word' id='word_1_328' title='bbox 1397 4131 1622 4200; x_wconf 85' lang='lat' dir='ltr'><strong>bajulos.</strong></span> <span class='ocrx_word' id='word_1_329' title='bbox 1669 4132 1763 4186; x_wconf 87' lang='lat' dir='ltr'><strong>llic</strong></span> 
     </span>
    </p>
   </div>
   <div class='ocr_carea' id='block_1_44' title="bbox 196 4220 1763 4292">
    <p class='ocr_par' dir='ltr' id='par_1_44' title="bbox 196 4220 1763 4292">
     <span class='ocr_line' id='line_1_44' title="bbox 196 4220 1763 4292; baseline -0.001 -16"><span class='ocrx_word' id='word_1_330' title='bbox 196 4223 398 4276; x_wconf 83' lang='lat' dir='ltr'><strong>exitum</strong></span> <span class='ocrx_word' id='word_1_331' title='bbox 435 4221 591 4274; x_wconf 89' lang='lat' dir='ltr'><strong>habet</strong></span> <span class='ocrx_word' id='word_1_332' title='bbox 619 4220 888 4290; x_wconf 77' lang='lat' dir='ltr'><strong>przedietio</strong></span> <span class='ocrx_word' id='word_1_333' title='bbox 932 4221 1054 4274; x_wconf 70' lang='lat' dir='ltr'><strong>Nom</strong></span> <span class='ocrx_word' id='word_1_334' title='bbox 1086 4222 1232 4290; x_wconf 81' lang='lat' dir='ltr'><strong>(Cen.</strong></span> <span class='ocrx_word' id='word_1_335' title='bbox 1263 4222 1316 4275; x_wconf 86' lang='lat'><strong>9.</strong></span> <span class='ocrx_word' id='word_1_336' title='bbox 1347 4220 1462 4292; x_wconf 72' lang='lat'><strong>25),</strong></span> <span class='ocrx_word' id='word_1_337' title='bbox 1494 4237 1649 4290; x_wconf 85' lang='lat' dir='ltr'><strong>quam</strong></span> <span class='ocrx_word' id='word_1_338' title='bbox 1681 4221 1763 4274; x_wconf 91' lang='lat' dir='ltr'><strong>di-</strong></span> 
     </span>
    </p>
   </div>
   <div class='ocr_carea' id='block_1_45' title="bbox 199 4311 1760 4381">
    <p class='ocr_par' dir='ltr' id='par_1_45' title="bbox 199 4311 1760 4381">
     <span class='ocr_line' id='line_1_45' title="bbox 199 4311 1760 4381; baseline -0.001 -15"><span class='ocrx_word' id='word_1_339' title='bbox 199 4313 310 4366; x_wconf 88' lang='lat' dir='ltr'><strong>xit:</strong></span> <span class='ocrx_word' id='word_1_340' title='bbox 345 4311 584 4366; x_wconf 83' lang='lat' dir='ltr'><strong>Chanaan</strong></span> <span class='ocrx_word' id='word_1_341' title='bbox 612 4328 732 4379; x_wconf 86' lang='lat' dir='ltr'><strong>puer</strong></span> <span class='ocrx_word' id='word_1_342' title='bbox 755 4328 922 4365; x_wconf 79' lang='lat' dir='ltr'><strong>servus</strong></span> <span class='ocrx_word' id='word_1_343' title='bbox 949 4311 1023 4381; x_wconf 74' lang='lat' dir='ltr'><strong>(b)</strong></span> <span class='ocrx_word' id='word_1_344' title='bbox 1058 4331 1069 4364; x_wconf 93' lang='lat'><strong>:</strong></span> <span class='ocrx_word' id='word_1_345' title='bbox 1102 4327 1165 4366; x_wconf 83' lang='lat' dir='ltr'><strong>ex</strong></span> <span class='ocrx_word' id='word_1_346' title='bbox 1196 4313 1285 4365; x_wconf 90' lang='lat' dir='ltr'><strong>illo</strong></span> <span class='ocrx_word' id='word_1_347' title='bbox 1317 4328 1544 4381; x_wconf 91' lang='lat' dir='ltr'><strong>namque</strong></span> <span class='ocrx_word' id='word_1_348' title='bbox 1577 4312 1630 4365; x_wconf 92' lang='lat' dir='ltr'><strong>hi</strong></span> <span class='ocrx_word' id='word_1_349' title='bbox 1658 4313 1760 4365; x_wconf 92' lang='lat' dir='ltr'><strong>orti</strong></span> 
     </span>
    </p>
   </div>
   <div class='ocr_carea' id='block_1_46' title="bbox 200 4401 1760 4471">
    <p class='ocr_par' dir='ltr' id='par_1_46' title="bbox 200 4401 1760 4471">
     <span class='ocr_line' id='line_1_46' title="bbox 200 4401 1760 4471; baseline 0.001 -16"><span class='ocrx_word' id='word_1_350' title='bbox 200 4403 371 4456; x_wconf 89' lang='lat' dir='ltr'><strong>fuere.</strong></span> <span class='ocrx_word' id='word_1_351' title='bbox 423 4401 635 4455; x_wconf 89' lang='lat' dir='ltr'><strong>Audivit</strong></span> <span class='ocrx_word' id='word_1_352' title='bbox 682 4403 1014 4456; x_wconf 85' lang='lat' dir='ltr'><strong>Adonibezee</strong></span> <span class='ocrx_word' id='word_1_353' title='bbox 1065 4419 1157 4455; x_wconf 85' lang='lat' dir='ltr'><strong>rex</strong></span> <span class='ocrx_word' id='word_1_354' title='bbox 1210 4403 1499 4457; x_wconf 88' lang='lat' dir='ltr'><strong>Jerusalem</strong></span> <span class='ocrx_word' id='word_1_355' title='bbox 1555 4413 1760 4471; x_wconf 85' lang='lat' dir='ltr'><strong>captam</strong></span> 
     </span>
    </p>
   </div>
   <div class='ocr_carea' id='block_1_47' title="bbox 194 4492 1755 4563">
    <p class='ocr_par' dir='ltr' id='par_1_47' title="bbox 194 4492 1755 4563">
     <span class='ocr_line' id='line_1_47' title="bbox 194 4492 1755 4563; baseline 0 -16"><span class='ocrx_word' id='word_1_356' title='bbox 194 4495 359 4547; x_wconf 84' lang='lat' dir='ltr'><strong>fuisse</strong></span> <span class='ocrx_word' id='word_1_357' title='bbox 402 4492 610 4546; x_wconf 85' lang='lat' dir='ltr'><strong>Jcricho</strong></span> <span class='ocrx_word' id='word_1_358' title='bbox 637 4504 689 4545; x_wconf 89' lang='lat' dir='ltr'><strong>et</strong></span> <span class='ocrx_word' id='word_1_359' title='bbox 711 4493 922 4556; x_wconf 83' lang='lat' dir='ltr'><strong>Gazam,</strong></span> <span class='ocrx_word' id='word_1_360' title='bbox 945 4493 1369 4561; x_wconf 86' lang='lat' dir='ltr'><strong>Gabaonitasquc</strong></span> <span class='ocrx_word' id='word_1_361' title='bbox 1395 4494 1755 4563; x_wconf 83' lang='lat' dir='ltr'><strong>transfugisse,</strong></span> 
     </span>
    </p>
   </div>
   <div class='ocr_carea' id='block_1_48' title="bbox 191 4583 1758 4652">
    <p class='ocr_par' dir='ltr' id='par_1_48' title="bbox 191 4583 1758 4652">
     <span class='ocr_line' id='line_1_48' title="bbox 191 4583 1758 4652; baseline 0 -14"><span class='ocrx_word' id='word_1_362' title='bbox 191 4600 255 4638; x_wconf 87' lang='lat' dir='ltr'><strong>ac</strong></span> <span class='ocrx_word' id='word_1_363' title='bbox 279 4585 468 4638; x_wconf 84' lang='lat' dir='ltr'><strong>bellum</strong></span> <span class='ocrx_word' id='word_1_364' title='bbox 501 4583 627 4651; x_wconf 86' lang='lat' dir='ltr'><strong>ipsis</strong></span> <span class='ocrx_word' id='word_1_365' title='bbox 648 4584 822 4636; x_wconf 86' lang='lat' dir='ltr'><strong>intulit</strong></span> <span class='ocrx_word' id='word_1_366' title='bbox 849 4583 964 4634; x_wconf 90' lang='lat' dir='ltr'><strong>aliis</strong></span> <span class='ocrx_word' id='word_1_367' title='bbox 991 4583 1088 4635; x_wconf 91' lang='lat' dir='ltr'><strong>sibi</strong></span> <span class='ocrx_word' id='word_1_368' title='bbox 1119 4583 1378 4649; x_wconf 88' lang='lat' dir='ltr'><strong>adjunctis</strong></span> <span class='ocrx_word' id='word_1_369' title='bbox 1405 4585 1632 4652; x_wconf 82' lang='lat' dir='ltr'><strong>regibus.</strong></span> <span class='ocrx_word' id='word_1_370' title='bbox 1683 4583 1758 4638; x_wconf 90' lang='lat' dir='ltr'><strong>Illi</strong></span> 
     </span>
    </p>
   </div>
   <div class='ocr_carea' id='block_1_49' title="bbox 193 4671 1760 4728">
    <p class='ocr_par' dir='ltr' id='par_1_49' title="bbox 193 4671 1760 4728">
     <span class='ocr_line' id='line_1_49' title="bbox 193 4671 1760 4728; baseline 0 -2"><span class='ocrx_word' id='word_1_371' title='bbox 193 4690 321 4728; x_wconf 89' lang='lat' dir='ltr'><strong>vero</strong></span> <span class='ocrx_word' id='word_1_372' title='bbox 343 4673 405 4726; x_wconf 90' lang='lat' dir='ltr'><strong>ad</strong></span> <span class='ocrx_word' id='word_1_373' title='bbox 431 4674 681 4727; x_wconf 86' lang='lat' dir='ltr'><strong>auxilium</strong></span> <span class='ocrx_word' id='word_1_374' title='bbox 712 4673 808 4726; x_wconf 92' lang='lat' dir='ltr'><strong>sibi</strong></span> <span class='ocrx_word' id='word_1_375' title='bbox 837 4673 1107 4726; x_wconf 88' lang='lat' dir='ltr'><strong>ferendum</strong></span> <span class='ocrx_word' id='word_1_376' title='bbox 1135 4671 1313 4725; x_wconf 83' lang='lat' dir='ltr'><strong>Jesum</strong></span> <span class='ocrx_word' id='word_1_377' title='bbox 1355 4683 1626 4726; x_wconf 84' lang='lat' dir='ltr'><strong>vocarunt.</strong></span> <span class='ocrx_word' id='word_1_378' title='bbox 1660 4673 1760 4726; x_wconf 87' lang='lat' dir='ltr'><strong>Ve-</strong></span> 
     </span>
    </p>
   </div>
   <div class='ocr_carea' id='block_1_50' title="bbox 254 4806 1754 4869">
    <p class='ocr_par' dir='ltr' id='par_1_50' title="bbox 254 4806 1754 4869">
     <span class='ocr_line' id='line_1_50' title="bbox 254 4806 1754 4869; baseline -0.002 -13"><span class='ocrx_word' id='word_1_379' title='bbox 254 4809 329 4868; x_wconf 78' lang='lat' dir='ltr'><strong>(u)</strong></span> <span class='ocrx_word' id='word_1_380' title='bbox 350 4816 422 4856; x_wconf 93' lang='lat' dir='ltr'><strong>.Io.</strong></span> <span class='ocrx_word' id='word_1_381' title='bbox 447 4807 822 4869; x_wconf 72' lang='lat' dir='ltr'><strong>Cltrywstomus,</strong></span> <span class='ocrx_word' id='word_1_382' title='bbox 848 4807 927 4869; x_wconf 89' lang='lat' dir='ltr'><strong>qui</strong></span> <span class='ocrx_word' id='word_1_383' title='bbox 953 4818 1083 4869; x_wconf 64' lang='lat' dir='ltr'><strong>sgepe</strong></span> <span class='ocrx_word' id='word_1_384' title='bbox 1107 4819 1215 4854; x_wconf 88' lang='lat' dir='ltr'><strong>cum</strong></span> <span class='ocrx_word' id='word_1_385' title='bbox 1235 4806 1754 4869; x_wconf 10' lang='lat' dir='ltr'><strong>.ludmisgceucertabat,</strong></span> 
     </span>
    </p>
   </div>
   <div class='ocr_carea' id='block_1_51' title="bbox 190 4863 1756 4927">
    <p class='ocr_par' dir='ltr' id='par_1_51' title="bbox 190 4863 1756 4927">
     <span class='ocr_line' id='line_1_51' title="bbox 190 4863 1756 4927; baseline -0.001 -10"><span class='ocrx_word' id='word_1_386' title='bbox 190 4863 402 4917; x_wconf 71' lang='lat' dir='ltr'><strong>maxime</strong></span> <span class='ocrx_word' id='word_1_387' title='bbox 428 4863 843 4925; x_wconf 60' lang='lat' dir='ltr'><strong>vere&#39;Antioehim,</strong></span> <span class='ocrx_word' id='word_1_388' title='bbox 867 4863 1041 4924; x_wconf 73' lang='lat' dir='ltr'><strong>legalia</strong></span> <span class='ocrx_word' id='word_1_389' title='bbox 1079 4880 1172 4914; x_wconf 89' lang='lat' dir='ltr'><strong>non</strong></span> <span class='ocrx_word' id='word_1_390' title='bbox 1205 4873 1337 4914; x_wconf 63' lang='lat' dir='ltr'><strong>tanta</strong></span> <span class='ocrx_word' id='word_1_391' title='bbox 1362 4867 1600 4927; x_wconf 81' lang='lat' dir='ltr'><strong>religione</strong></span> <span class='ocrx_word' id='word_1_392' title='bbox 1625 4879 1651 4914; x_wconf 90' lang='lat' dir='ltr'><strong>a</strong></span> <span class='ocrx_word' id='word_1_393' title='bbox 1673 4863 1756 4915; x_wconf 44' lang='lat' dir='ltr'><strong>vc;</strong></span> 
     </span>
    </p>
   </div>
   <div class='ocr_carea' id='block_1_52' title="bbox 191 4927 1757 4986">
    <p class='ocr_par' dir='ltr' id='par_1_52' title="bbox 191 4927 1757 4986">
     <span class='ocr_line' id='line_1_52' title="bbox 191 4927 1757 4986; baseline -0.001 -9"><span class='ocrx_word' id='word_1_394' title='bbox 191 4931 381 4978; x_wconf 82' lang='lat' dir='ltr'><strong>teribus</strong></span> <span class='ocrx_word' id='word_1_395' title='bbox 423 4927 516 4976; x_wconf 88' lang='lat' dir='ltr'><strong>illis</strong></span> <span class='ocrx_word' id='word_1_396' title='bbox 555 4929 806 4975; x_wconf 69' lang='lat' dir='ltr'><strong>observata</strong></span> <span class='ocrx_word' id='word_1_397' title='bbox 854 4940 982 4983; x_wconf 80' lang='lat' dir='ltr'><strong>esse,</strong></span> <span class='ocrx_word' id='word_1_398' title='bbox 1021 4933 1197 4986; x_wconf 87' lang='lat' dir='ltr'><strong>quanta</strong></span> <span class='ocrx_word' id='word_1_399' title='bbox 1241 4927 1465 4975; x_wconf 86' lang='lat' dir='ltr'><strong>dicebant</strong></span> <span class='ocrx_word' id='word_1_400' title='bbox 1499 4928 1646 4976; x_wconf 69' lang='lat' dir='ltr'><strong>Judtei</strong></span> <span class='ocrx_word' id='word_1_401' title='bbox 1684 4929 1757 4976; x_wconf 91' lang='lat' dir='ltr'><strong>sui</strong></span> 
     </span>
    </p>
   </div>
   <div class='ocr_carea' id='block_1_53' title="bbox 190 4988 1758 5051">
    <p class='ocr_par' dir='ltr' id='par_1_53' title="bbox 190 4988 1758 5051">
     <span class='ocr_line' id='line_1_53' title="bbox 190 4988 1758 5051; baseline -0.001 -14"><span class='ocrx_word' id='word_1_402' title='bbox 190 4991 441 5051; x_wconf 65' lang='lat' dir='ltr'><strong>temporis,</strong></span> <span class='ocrx_word' id='word_1_403' title='bbox 467 5001 597 5051; x_wconf 67' lang='lat' dir='ltr'><strong>saepe</strong></span> <span class='ocrx_word' id='word_1_404' title='bbox 620 4988 816 5046; x_wconf 83' lang='lat' dir='ltr'><strong>indicat;</strong></span> <span class='ocrx_word' id='word_1_405' title='bbox 840 4988 915 5051; x_wconf 87' lang='lat' dir='ltr'><strong>hic</strong></span> <span class='ocrx_word' id='word_1_406' title='bbox 933 4994 1092 5051; x_wconf 74' lang='lat' dir='ltr'><strong>autem</strong></span> <span class='ocrx_word' id='word_1_407' title='bbox 1117 4995 1182 5035; x_wconf 81' lang='lat' dir='ltr'><strong>ait</strong></span> <span class='ocrx_word' id='word_1_408' title='bbox 1202 4988 1557 5035; x_wconf 82' lang='lat' dir='ltr'><strong>incircumcisos</strong></span> <span class='ocrx_word' id='word_1_409' title='bbox 1580 4989 1758 5051; x_wconf 81' lang='lat' dir='ltr'><strong>ehiisse</strong></span> 
     </span>
    </p>
   </div>
   <div class='ocr_carea' id='block_1_54' title="bbox 190 5047 1755 5111">
    <p class='ocr_par' dir='ltr' id='par_1_54' title="bbox 190 5047 1755 5111">
     <span class='ocr_line' id='line_1_54' title="bbox 190 5047 1755 5111; baseline -0.002 -13"><span class='ocrx_word' id='word_1_410' title='bbox 190 5047 317 5106; x_wconf 48' lang='lat' dir='ltr'><strong>illes’,</strong></span> <span class='ocrx_word' id='word_1_411' title='bbox 337 5051 419 5111; x_wconf 88' lang='lat' dir='ltr'><strong>qui</strong></span> <span class='ocrx_word' id='word_1_412' title='bbox 445 5051 497 5111; x_wconf 15' lang='lat' dir='ltr'><strong>iur</strong></span> <span class='ocrx_word' id='word_1_413' title='bbox 514 5047 710 5096; x_wconf 83' lang='lat' dir='ltr'><strong>deserto</strong></span> <span class='ocrx_word' id='word_1_414' title='bbox 734 5048 906 5111; x_wconf 69' lang='lat' dir='ltr'><strong>mortui</strong></span> <span class='ocrx_word' id='word_1_415' title='bbox 930 5047 1215 5111; x_wconf 79' lang='lat' dir='ltr'><strong>l‘uerant,_et</strong></span> <span class='ocrx_word' id='word_1_416' title='bbox 1251 5060 1360 5094; x_wconf 89' lang='lat' dir='ltr'><strong>mox</strong></span> <span class='ocrx_word' id='word_1_417' title='bbox 1396 5051 1563 5111; x_wconf 80' lang='lat' dir='ltr'><strong>probat</strong></span> <span class='ocrx_word' id='word_1_418' title='bbox 1585 5049 1755 5095; x_wconf 87' lang='lat' dir='ltr'><strong>sabba-</strong></span> 
     </span>
    </p>
   </div>
   <div class='ocr_carea' id='block_1_55' title="bbox 189 5107 1757 5168">
    <p class='ocr_par' dir='ltr' id='par_1_55' title="bbox 189 5107 1757 5168">
     <span class='ocr_line' id='line_1_55' title="bbox 189 5107 1757 5168; baseline -0.003 -9"><span class='ocrx_word' id='word_1_419' title='bbox 189 5121 292 5160; x_wconf 88' lang='lat' dir='ltr'><strong>tum</strong></span> <span class='ocrx_word' id='word_1_420' title='bbox 331 5107 425 5157; x_wconf 57' lang='lat' dir='ltr'><strong>n&#39;on</strong></span> <span class='ocrx_word' id='word_1_421' title='bbox 460 5110 762 5157; x_wconf 83' lang='lat' dir='ltr'><strong>observatum</strong></span> <span class='ocrx_word' id='word_1_422' title='bbox 797 5107 971 5163; x_wconf 80' lang='lat' dir='ltr'><strong>fuisse,</strong></span> <span class='ocrx_word' id='word_1_423' title='bbox 995 5108 1184 5167; x_wconf 84' lang='lat' dir='ltr'><strong>quando</strong></span> <span class='ocrx_word' id='word_1_424' title='bbox 1214 5115 1403 5168; x_wconf 83' lang='lat' dir='ltr'><strong>septem</strong></span> <span class='ocrx_word' id='word_1_425' title='bbox 1439 5108 1612 5168; x_wconf 79' lang='lat' dir='ltr'><strong>diebus</strong></span> <span class='ocrx_word' id='word_1_426' title='bbox 1649 5121 1757 5155; x_wconf 90' lang='lat' dir='ltr'><strong>cum</strong></span> 
     </span>
    </p>
   </div>
   <div class='ocr_carea' id='block_1_56' title="bbox 186 5166 1756 5228">
    <p class='ocr_par' dir='ltr' id='par_1_56' title="bbox 186 5166 1756 5228">
     <span class='ocr_line' id='line_1_56' title="bbox 186 5166 1756 5228; baseline -0.002 -10"><span class='ocrx_word' id='word_1_427' title='bbox 186 5184 298 5228; x_wconf 75' lang='lat' dir='ltr'><strong>arra</strong></span> <span class='ocrx_word' id='word_1_428' title='bbox 331 5183 493 5218; x_wconf 89' lang='lat' dir='ltr'><strong>muros</strong></span> <span class='ocrx_word' id='word_1_429' title='bbox 527 5169 712 5216; x_wconf 81' lang='lat' dir='ltr'><strong>Jerielto</strong></span> <span class='ocrx_word' id='word_1_430' title='bbox 746 5166 1038 5226; x_wconf 34' lang='lat' dir='ltr'><strong>circuiliant’;</strong></span> <span class='ocrx_word' id='word_1_431' title='bbox 1077 5166 1286 5215; x_wconf 77' lang='lat' dir='ltr'><strong>necesse</strong></span> <span class='ocrx_word' id='word_1_432' title='bbox 1319 5172 1496 5228; x_wconf 81' lang='lat' dir='ltr'><strong>quippe</strong></span> <span class='ocrx_word' id='word_1_433' title='bbox 1520 5166 1683 5228; x_wconf 75' lang='lat' dir='ltr'><strong>fuisse</strong></span> <span class='ocrx_word' id='word_1_434' title='bbox 1710 5169 1756 5215; x_wconf 87' lang='lat' dir='ltr'><strong>in</strong></span> 
     </span>
    </p>
   </div>
   <div class='ocr_carea' id='block_1_57' title="bbox 189 5187 1755 5291">
    <p class='ocr_par' dir='ltr' id='par_1_57' title="bbox 189 5187 1755 5291">
     <span class='ocr_line' id='line_1_57' title="bbox 189 5187 1755 5228; baseline -0.002 -10"><span class='ocrx_word' id='word_1_435' title='bbox 189 5187 212 5218; x_wconf 63' lang='lat' dir='ltr'><strong>EI</strong></span> <span class='ocrx_word' id='word_1_436' title='bbox 243 5187 298 5219; x_wconf 69' lang='grc' dir='ltr'><strong>(Ἠ</strong></span> <span class='ocrx_word' id='word_1_437' title='bbox 331 5187 493 5218; x_wconf 74' lang='grc' dir='ltr'><strong>ιιιυῐοδ</strong></span> <span class='ocrx_word' id='word_1_438' title='bbox 527 5187 712 5216; x_wconf 68' lang='lat' dir='ltr'><strong>JP-I&#39;ICUO</strong></span> <span class='ocrx_word' id='word_1_439' title='bbox 746 5187 1038 5226; x_wconf 69' lang='grc' dir='ltr'><strong>ωΓωιιιιειιιις</strong></span> <span class='ocrx_word' id='word_1_440' title='bbox 1077 5187 1280 5215; x_wconf 60' lang='grc'><strong>11006556</strong></span> <span class='ocrx_word' id='word_1_441' title='bbox 1319 5187 1496 5228; x_wconf 67' lang='grc' dir='ltr'><strong>ψιιιψε</strong></span> <span class='ocrx_word' id='word_1_442' title='bbox 1537 5187 1683 5215; x_wconf 70' lang='grc' dir='ltr'>ιυιδδυ</span> <span class='ocrx_word' id='word_1_443' title='bbox 1710 5187 1755 5215; x_wconf 82' lang='lat' dir='ltr'><strong>Ill</strong></span> 
     </span>
     <span class='ocr_line' id='line_1_58' title="bbox 189 5187 1755 5291; baseline -0.003 -12"><span class='ocrx_word' id='word_1_444' title='bbox 189 5187 284 5280; x_wconf 55' lang='lat' dir='ltr'><strong>iliis</strong></span> <span class='ocrx_word' id='word_1_445' title='bbox 305 5236 495 5291; x_wconf 78' lang='lat' dir='ltr'><strong>septem</strong></span> <span class='ocrx_word' id='word_1_446' title='bbox 514 5231 686 5278; x_wconf 81' lang='lat' dir='ltr'><strong>diebus</strong></span> <span class='ocrx_word' id='word_1_447' title='bbox 710 5228 928 5291; x_wconf 74' lang='lat' dir='ltr'><strong>incidere</strong></span> <span class='ocrx_word' id='word_1_448' title='bbox 945 5231 1210 5274; x_wconf 80' lang='lat' dir='ltr'><strong>sabbatum.</strong></span> <span class='ocrx_word' id='word_1_449' title='bbox 1235 5230 1309 5291; x_wconf 69' lang='lat' dir='ltr'><strong>sic</strong></span> <span class='ocrx_word' id='word_1_450' title='bbox 1343 5241 1482 5287; x_wconf 82' lang='lat' dir='ltr'><strong>supra</strong></span> <span class='ocrx_word' id='word_1_451' title='bbox 1508 5227 1755 5291; x_wconf 81' lang='lat' dir='ltr'><strong>Commen-</strong></span> 
     </span>
    </p>
   </div>
   <div class='ocr_carea' id='block_1_58' title="bbox 187 5287 1754 5344">
    <p class='ocr_par' dir='ltr' id='par_1_58' title="bbox 187 5287 1754 5344">
     <span class='ocr_line' id='line_1_59' title="bbox 187 5287 1754 5344; baseline -0.004 -4"><span class='ocrx_word' id='word_1_452' title='bbox 187 5294 309 5340; x_wconf 90' lang='lat' dir='ltr'><strong>tario</strong></span> <span class='ocrx_word' id='word_1_453' title='bbox 345 5287 390 5338; x_wconf 85' lang='lat' dir='ltr'><strong>iu</strong></span> <span class='ocrx_word' id='word_1_454' title='bbox 433 5291 601 5337; x_wconf 63' lang='lat' dir='ltr'><strong>Imiam</strong></span> <span class='ocrx_word' id='word_1_455' title='bbox 640 5291 703 5337; x_wconf 86' lang='lat' dir='ltr'><strong>de</strong></span> <span class='ocrx_word' id='word_1_456' title='bbox 737 5287 976 5336; x_wconf 80' lang='lat' dir='ltr'><strong>sacrificiis</strong></span> <span class='ocrx_word' id='word_1_457' title='bbox 999 5290 1171 5344; x_wconf 77' lang='lat' dir='ltr'><strong>arguit,</strong></span> <span class='ocrx_word' id='word_1_458' title='bbox 1199 5287 1530 5337; x_wconf 63' lang='lat' dir='ltr'><strong>etilomtnent.</strong></span> <span class='ocrx_word' id='word_1_459' title='bbox 1558 5290 1603 5334; x_wconf 91' lang='lat' dir='ltr'><strong>in</strong></span> <span class='ocrx_word' id='word_1_460' title='bbox 1630 5287 1754 5334; x_wconf 85' lang='lat' dir='ltr'><strong>Psal-</strong></span> 
     </span>
    </p>
   </div>
   <div class='ocr_carea' id='block_1_59' title="bbox 187 5321 1755 5410">
    <p class='ocr_par' dir='ltr' id='par_1_59' title="bbox 187 5321 1755 5410">
     <span class='ocr_line' id='line_1_60' title="bbox 187 5321 1755 5410; baseline -0.002 -11"><span class='ocrx_word' id='word_1_461' title='bbox 187 5321 613 5409; x_wconf 48' lang='lat' dir='ltr'><strong>iibS&#39;tiE&#39;iﬁEipsa</strong></span> <span class='ocrx_word' id='word_1_462' title='bbox 628 5321 923 5410; x_wconf 50' lang='lat' dir='ltr'><strong>re‘loquene,</strong></span> <span class='ocrx_word' id='word_1_463' title='bbox 937 5321 1206 5410; x_wconf 48' lang='lat' dir='ltr'><strong>ltzeel’iabijt</strong></span> <span class='ocrx_word' id='word_1_464' title='bbox 1234 5361 1245 5394; x_wconf 92' lang='lat'><strong>:</strong></span> <span class='ocrx_word' id='word_1_465' title='bbox 1268 5321 1454 5410; x_wconf 49' lang='lat' dir='ltr'><strong>gemam</strong></span> <span class='ocrx_word' id='word_1_466' title='bbox 1475 5355 1631 5396; x_wconf 82' lang='lat' dir='ltr'><strong>autent</strong></span> <span class='ocrx_word' id='word_1_467' title='bbox 1655 5348 1755 5396; x_wconf 82' lang='lat' dir='ltr'><strong>die-</strong></span> 
     </span>
    </p>
   </div>
   <div class='ocr_carea' id='block_1_60' title="bbox 185 5407 1755 5470">
    <p class='ocr_par' dir='ltr' id='par_1_60' title="bbox 185 5407 1755 5470">
     <span class='ocr_line' id='line_1_61' title="bbox 185 5407 1755 5470; baseline 0 -12"><span class='ocrx_word' id='word_1_468' title='bbox 185 5425 294 5459; x_wconf 84' lang='lat' dir='ltr'><strong>rmn</strong></span> <span class='ocrx_word' id='word_1_469' title='bbox 319 5407 650 5466; x_wconf 68' lang='lat' dir='ltr'><strong>imincrusitnn</strong></span> <span class='ocrx_word' id='word_1_470' title='bbox 667 5416 771 5456; x_wconf 81' lang='lat' dir='ltr'><strong>mue</strong></span> <span class='ocrx_word' id='word_1_471' title='bbox 794 5409 923 5470; x_wconf 62' lang='lat' dir='ltr'><strong>nobis</strong></span> <span class='ocrx_word' id='word_1_472' title='bbox 933 5407 1064 5470; x_wconf 60' lang='lat' dir='ltr'><strong>soluat</strong></span> <span class='ocrx_word' id='word_1_473' title='bbox 1087 5407 1343 5457; x_wconf 68' lang='lat' dir='ltr'><strong>sabbatum.</strong></span> <span class='ocrx_word' id='word_1_474' title='bbox 1366 5418 1462 5458; x_wconf 70' lang='lat' dir='ltr'><strong>Non</strong></span> <span class='ocrx_word' id='word_1_475' title='bbox 1483 5410 1609 5458; x_wconf 80' lang='lat' dir='ltr'><strong>enim</strong></span> <span class='ocrx_word' id='word_1_476' title='bbox 1632 5411 1755 5470; x_wconf 80' lang='lat' dir='ltr'><strong>ejus-</strong></span> 
     </span>
    </p>
   </div>
   <div class='ocr_carea' id='block_1_61' title="bbox 185 5467 1754 5534">
    <p class='ocr_par' dir='ltr' id='par_1_61' title="bbox 185 5467 1754 5534">
     <span class='ocr_line' id='line_1_62' title="bbox 185 5467 1754 5534; baseline -0.001 -16"><span class='ocrx_word' id='word_1_477' title='bbox 185 5471 318 5534; x_wconf 77' lang='lat' dir='ltr'><strong>modi</strong></span> <span class='ocrx_word' id='word_1_478' title='bbox 341 5472 460 5534; x_wconf 77' lang='lat' dir='ltr'><strong>legis</strong></span> <span class='ocrx_word' id='word_1_479' title='bbox 483 5477 723 5534; x_wconf 66' lang='lat' dir='ltr'><strong>praecepta</strong></span> <span class='ocrx_word' id='word_1_480' title='bbox 745 5467 1069 5534; x_wconf 69' lang='lat' dir='ltr'><strong>principaliter</strong></span> <span class='ocrx_word' id='word_1_481' title='bbox 1093 5470 1208 5534; x_wconf 72' lang='lat' dir='ltr'><strong>dum</strong></span> <span class='ocrx_word' id='word_1_482' title='bbox 1225 5477 1351 5518; x_wconf 82' lang='lat' dir='ltr'><strong>sunt.</strong></span> <span class='ocrx_word' id='word_1_483' title='bbox 1377 5478 1486 5527; x_wconf 66' lang='lat' dir='ltr'><strong>Quae</strong></span> <span class='ocrx_word' id='word_1_484' title='bbox 1511 5471 1587 5519; x_wconf 87' lang='lat' dir='ltr'><strong>hic</strong></span> <span class='ocrx_word' id='word_1_485' title='bbox 1608 5467 1754 5534; x_wconf 80' lang='lat' dir='ltr'><strong>longe</strong></span> 
     </span>
    </p>
   </div>
   <div class='ocr_carea' id='block_1_62' title="bbox 185 5528 1753 5639">
    <p class='ocr_par' dir='ltr' id='par_1_62' title="bbox 185 5528 1753 5639">
     <span class='ocr_line' id='line_1_63' title="bbox 185 5528 1753 5639; baseline 0.002 -61"><span class='ocrx_word' id='word_1_486' title='bbox 185 5532 362 5639; x_wconf 54' lang='lat' dir='ltr'><strong>t&#39;Iabl&#39;gll‘S</strong></span> <span class='ocrx_word' id='word_1_487' title='bbox 387 5528 727 5594; x_wconf 67' lang='lat' dir='ltr'><strong>wexplicantur:</strong></span> <span class='ocrx_word' id='word_1_488' title='bbox 759 5528 866 5589; x_wconf 87' lang='lat' dir='ltr'><strong>jam</strong></span> <span class='ocrx_word' id='word_1_489' title='bbox 887 5535 1028 5587; x_wconf 81' lang='lat' dir='ltr'><strong>tunc,</strong></span> <span class='ocrx_word' id='word_1_490' title='bbox 1051 5529 1238 5590; x_wconf 88' lang='lat' dir='ltr'><strong>inquit,</strong></span> <span class='ocrx_word' id='word_1_491' title='bbox 1262 5538 1468 5593; x_wconf 68' lang='lat' dir='ltr'><strong>coeptum</strong></span> <span class='ocrx_word' id='word_1_492' title='bbox 1503 5545 1603 5581; x_wconf 81' lang='lat' dir='ltr'><strong>esse</strong></span> <span class='ocrx_word' id='word_1_493' title='bbox 1641 5529 1753 5581; x_wconf 75' lang='lat' dir='ltr'><strong>solvi</strong></span> 
     </span>
     <span class='ocr_line' id='line_1_64' title="bbox 185 5606 448 5639; baseline 0 0"><span class='ocrx_word' id='word_1_494' title='bbox 185 5606 236 5639; x_wconf 79' lang='lat' dir='ltr'><strong>sa</strong></span> <span class='ocrx_word' id='word_1_495' title='bbox 299 5607 330 5639; x_wconf 73' lang='grc' dir='ltr'><strong>ιι</strong></span> <span class='ocrx_word' id='word_1_496' title='bbox 351 5606 448 5639; x_wconf 84' lang='lat' dir='ltr'><strong>um.</strong></span> 
     </span>
    </p>
   </div>
   <div class='ocr_carea' id='block_1_63' title="bbox 184 5599 448 5641">
    <p class='ocr_par' dir='ltr' id='par_1_63' title="bbox 184 5599 448 5641">
     <span class='ocr_line' id='line_1_65' title="bbox 184 5599 448 5641; baseline 0.004 -3"><span class='ocrx_word' id='word_1_497' title='bbox 184 5599 448 5641; x_wconf 73' lang='lat' dir='ltr'><strong>sabbatum.</strong></span> 
     </span>
    </p>
   </div>
   <div class='ocr_carea' id='block_1_64' title="bbox 250 5647 1750 5715">
    <p class='ocr_par' dir='ltr' id='par_1_64' title="bbox 250 5647 1750 5715">
     <span class='ocr_line' id='line_1_66' title="bbox 250 5647 1750 5715; baseline 0.005 -20"><span class='ocrx_word' id='word_1_498' title='bbox 250 5653 322 5715; x_wconf 75' lang='lat' dir='ltr'><strong>(_b)</strong></span> <span class='ocrx_word' id='word_1_499' title='bbox 346 5652 472 5700; x_wconf 79' lang='lat' dir='ltr'><strong>Vide</strong></span> <span class='ocrx_word' id='word_1_500' title='bbox 511 5664 628 5715; x_wconf 74' lang='lat' dir='ltr'><strong>quae</strong></span> <span class='ocrx_word' id='word_1_501' title='bbox 633 5649 848 5715; x_wconf 69' lang='lat' dir='ltr'><strong>diximus</strong></span> <span class='ocrx_word' id='word_1_502' title='bbox 860 5663 1010 5715; x_wconf 81' lang='lat' dir='ltr'><strong>supra</strong></span> <span class='ocrx_word' id='word_1_503' title='bbox 1031 5651 1076 5696; x_wconf 93' lang='lat' dir='ltr'><strong>in</strong></span> <span class='ocrx_word' id='word_1_504' title='bbox 1093 5647 1303 5715; x_wconf 77' lang='lat' dir='ltr'><strong>Synopsl</strong></span> <span class='ocrx_word' id='word_1_505' title='bbox 1324 5649 1372 5698; x_wconf 89' lang='lat' dir='ltr'><strong>in</strong></span> <span class='ocrx_word' id='word_1_506' title='bbox 1385 5655 1605 5702; x_wconf 88' lang='lat' dir='ltr'><strong>Genesim</strong></span> <span class='ocrx_word' id='word_1_507' title='bbox 1628 5655 1750 5704; x_wconf 80' lang='lat' dir='ltr'><strong>circa</strong></span> 
     </span>
    </p>
   </div>
   <div class='ocr_carea' id='block_1_65' title="bbox 185 5711 1526 5776">
    <p class='ocr_par' dir='ltr' id='par_1_65' title="bbox 185 5711 1526 5776">
     <span class='ocr_line' id='line_1_67' title="bbox 185 5711 1526 5776; baseline -0.006 -16"><span class='ocrx_word' id='word_1_508' title='bbox 185 5711 571 5763; x_wconf 71' lang='lat' dir='ltr'><strong>maledictiouein</strong></span> <span class='ocrx_word' id='word_1_509' title='bbox 597 5712 829 5760; x_wconf 79' lang='lat' dir='ltr'><strong>Cltaaaaui</strong></span> <span class='ocrx_word' id='word_1_510' title='bbox 859 5712 901 5757; x_wconf 89' lang='lat' dir='ltr'><strong>iu</strong></span> <span class='ocrx_word' id='word_1_511' title='bbox 925 5711 1191 5758; x_wconf 73' lang='lat' dir='ltr'><strong>(L&#39;thaotutis</strong></span> <span class='ocrx_word' id='word_1_512' title='bbox 1220 5718 1526 5776; x_wconf 49' lang='grc' dir='ltr'><strong>υυιιῳιριωυ.</strong></span> 
     </span>
    </p>
   </div>
   <div class='ocr_carea' id='block_1_66' title="bbox 498 5803 1129 5865">
    <p class='ocr_par' dir='ltr' id='par_1_66' title="bbox 498 5803 1129 5865">
     <span class='ocr_line' id='line_1_68' title="bbox 498 5803 1129 5865; baseline 0.005 -3"><span class='ocrx_word' id='word_1_513' title='bbox 498 5804 764 5864; x_wconf 72' lang='grc' dir='ltr'><strong>ΡΑτιιοι..</strong></span> <span class='ocrx_word' id='word_1_514' title='bbox 814 5805 857 5864; x_wconf 79' lang='grc'>0</span> <span class='ocrx_word' id='word_1_515' title='bbox 871 5823 927 5862; x_wconf 87' lang='lat' dir='ltr'><strong>n.</strong></span> <span class='ocrx_word' id='word_1_516' title='bbox 981 5803 1129 5865; x_wconf 77' lang='lat' dir='ltr'><strong>LVI.</strong></span> 
     </span>
    </p>
   </div>
   <div class='ocr_carea' id='block_1_67' title="bbox 1276 341 2340 402">
    <p class='ocr_par' dir='ltr' id='par_1_67' title="bbox 1276 341 2340 402">
     <span class='ocr_line' id='line_1_69' title="bbox 1276 341 2340 402; baseline -0.004 0"><span class='ocrx_word' id='word_1_517' title='bbox 1276 344 1600 402; x_wconf 76' lang='lat' dir='ltr'><strong>SYNOPSIS</strong></span> <span class='ocrx_word' id='word_1_518' title='bbox 1634 341 2038 400; x_wconf 67' lang='lat' dir='ltr'><strong>SCRIPTURA&#39;J</strong></span> <span class='ocrx_word' id='word_1_519' title='bbox 2076 346 2340 401; x_wconf 66' lang='lat' dir='ltr'><strong>SACRIE.</strong></span> 
     </span>
    </p>
   </div>
   <div class='ocr_carea' id='block_1_68' title="bbox 3334 355 3443 410">
    <p class='ocr_par' dir='ltr' id='par_1_68' title="bbox 3334 355 3443 410">
     <span class='ocr_line' id='line_1_70' title="bbox 3334 355 3443 410; baseline 0.018 -2"><span class='ocrx_word' id='word_1_520' title='bbox 3334 355 3443 410; x_wconf 88' lang='lat'><strong>338</strong></span> 
     </span>
    </p>
   </div>
   <div class='ocr_carea' id='block_1_69' title="bbox 1875 454 3438 526">
    <p class='ocr_par' dir='ltr' id='par_1_69' title="bbox 1875 454 3438 526">
     <span class='ocr_line' id='line_1_71' title="bbox 1875 454 3438 526; baseline 0.004 -20"><span class='ocrx_word' id='word_1_521' title='bbox 1875 454 1950 506; x_wconf 88' lang='lat' dir='ltr'><strong>nit</strong></span> <span class='ocrx_word' id='word_1_522' title='bbox 1995 463 2167 508; x_wconf 89' lang='lat' dir='ltr'><strong>autem</strong></span> <span class='ocrx_word' id='word_1_523' title='bbox 2218 456 2326 519; x_wconf 89' lang='lat' dir='ltr'><strong>ille,</strong></span> <span class='ocrx_word' id='word_1_524' title='bbox 2356 455 2640 524; x_wconf 70' lang='lat' dir='ltr'><strong>prmlioque</strong></span> <span class='ocrx_word' id='word_1_525' title='bbox 2682 456 2965 510; x_wconf 89' lang='lat' dir='ltr'><strong>commisso</strong></span> <span class='ocrx_word' id='word_1_526' title='bbox 3010 458 3062 509; x_wconf 93' lang='lat' dir='ltr'><strong>in</strong></span> <span class='ocrx_word' id='word_1_527' title='bbox 3095 457 3266 526; x_wconf 88' lang='lat' dir='ltr'><strong>fugam</strong></span> <span class='ocrx_word' id='word_1_528' title='bbox 3322 459 3438 512; x_wconf 90' lang='lat' dir='ltr'><strong>illos</strong></span> 
     </span>
    </p>
   </div>
   <div class='ocr_carea' id='block_1_70' title="bbox 1874 545 3436 619">
    <p class='ocr_par' dir='ltr' id='par_1_70' title="bbox 1874 545 3436 619">
     <span class='ocr_line' id='line_1_72' title="bbox 1874 545 3436 619; baseline 0.004 -24"><span class='ocrx_word' id='word_1_529' title='bbox 1874 545 2032 598; x_wconf 91' lang='lat' dir='ltr'><strong>vertit</strong></span> <span class='ocrx_word' id='word_1_530' title='bbox 2062 564 2074 598; x_wconf 96' lang='lat'><strong>:</strong></span> <span class='ocrx_word' id='word_1_531' title='bbox 2101 561 2161 599; x_wconf 91' lang='lat' dir='ltr'><strong>ac</strong></span> <span class='ocrx_word' id='word_1_532' title='bbox 2187 545 2252 599; x_wconf 90' lang='lat' dir='ltr'><strong>de</strong></span> <span class='ocrx_word' id='word_1_533' title='bbox 2279 548 2409 600; x_wconf 75' lang='lat' dir='ltr'><strong>czele</strong></span> <span class='ocrx_word' id='word_1_534' title='bbox 2442 548 2491 599; x_wconf 93' lang='lat' dir='ltr'><strong>in</strong></span> <span class='ocrx_word' id='word_1_535' title='bbox 2521 548 2640 599; x_wconf 87' lang='lat' dir='ltr'><strong>illos</strong></span> <span class='ocrx_word' id='word_1_536' title='bbox 2662 549 2863 615; x_wconf 86' lang='lat' dir='ltr'><strong>grando</strong></span> <span class='ocrx_word' id='word_1_537' title='bbox 2889 549 3081 604; x_wconf 89' lang='lat' dir='ltr'><strong>decidit</strong></span> <span class='ocrx_word' id='word_1_538' title='bbox 3109 566 3121 604; x_wconf 87' lang='lat'><strong>:</strong></span> <span class='ocrx_word' id='word_1_539' title='bbox 3153 551 3436 619; x_wconf 82' lang='lat' dir='ltr'><strong>pluresque</strong></span> 
     </span>
    </p>
   </div>
   <div class='ocr_carea' id='block_1_71' title="bbox 1872 635 3441 707">
    <p class='ocr_par' dir='ltr' id='par_1_71' title="bbox 1872 635 3441 707">
     <span class='ocr_line' id='line_1_73' title="bbox 1872 635 3441 707; baseline 0.003 -19"><span class='ocrx_word' id='word_1_540' title='bbox 1872 635 2070 704; x_wconf 86' lang='lat' dir='ltr'><strong>grando</strong></span> <span class='ocrx_word' id='word_1_541' title='bbox 2091 636 2301 698; x_wconf 85' lang='lat' dir='ltr'><strong>occidit,</strong></span> <span class='ocrx_word' id='word_1_542' title='bbox 2333 652 2488 705; x_wconf 90' lang='lat' dir='ltr'><strong>quam</strong></span> <span class='ocrx_word' id='word_1_543' title='bbox 2518 639 2606 691; x_wconf 89' lang='lat' dir='ltr'><strong>lilii</strong></span> <span class='ocrx_word' id='word_1_544' title='bbox 2638 639 2794 692; x_wconf 92' lang='lat' dir='ltr'><strong>Israel</strong></span> <span class='ocrx_word' id='word_1_545' title='bbox 2829 640 3024 707; x_wconf 88' lang='lat' dir='ltr'><strong>gladio.</strong></span> <span class='ocrx_word' id='word_1_546' title='bbox 3084 641 3233 694; x_wconf 88' lang='lat' dir='ltr'><strong>Tunc</strong></span> <span class='ocrx_word' id='word_1_547' title='bbox 3290 642 3441 694; x_wconf 90' lang='lat' dir='ltr'><strong>stetit</strong></span> 
     </span>
    </p>
   </div>
   <div class='ocr_carea' id='block_1_72' title="bbox 1872 726 3436 792">
    <p class='ocr_par' dir='ltr' id='par_1_72' title="bbox 1872 726 3436 792">
     <span class='ocr_line' id='line_1_74' title="bbox 1872 726 3436 792; baseline 0.004 -14"><span class='ocrx_word' id='word_1_548' title='bbox 1872 727 1948 779; x_wconf 92' lang='lat' dir='ltr'><strong>sol</strong></span> <span class='ocrx_word' id='word_1_549' title='bbox 1980 737 2162 779; x_wconf 88' lang='lat' dir='ltr'><strong>contra</strong></span> <span class='ocrx_word' id='word_1_550' title='bbox 2203 726 2421 782; x_wconf 83' lang='lat' dir='ltr'><strong>Gahaen</strong></span> <span class='ocrx_word' id='word_1_551' title='bbox 2459 736 2507 781; x_wconf 89' lang='lat' dir='ltr'><strong>et</strong></span> <span class='ocrx_word' id='word_1_552' title='bbox 2556 729 2677 781; x_wconf 91' lang='lat' dir='ltr'><strong>luna</strong></span> <span class='ocrx_word' id='word_1_553' title='bbox 2717 741 2899 782; x_wconf 82' lang='lat' dir='ltr'><strong>contra</strong></span> <span class='ocrx_word' id='word_1_554' title='bbox 2937 731 3227 785; x_wconf 90' lang='lat' dir='ltr'><strong>convallem</strong></span> <span class='ocrx_word' id='word_1_555' title='bbox 3257 733 3436 792; x_wconf 85' lang='lat' dir='ltr'><strong>Elom;</strong></span> 
     </span>
    </p>
   </div>
   <div class='ocr_carea' id='block_1_73' title="bbox 1874 815 3435 887">
    <p class='ocr_par' dir='ltr' id='par_1_73' title="bbox 1874 815 3435 887">
     <span class='ocr_line' id='line_1_75' title="bbox 1874 815 3435 887; baseline 0.004 -20"><span class='ocrx_word' id='word_1_556' title='bbox 1874 823 2145 886; x_wconf 82' lang='lat' dir='ltr'><strong>totumque</strong></span> <span class='ocrx_word' id='word_1_557' title='bbox 2172 815 2504 871; x_wconf 88' lang='lat' dir='ltr'><strong>inimicorum</strong></span> <span class='ocrx_word' id='word_1_558' title='bbox 2533 819 2781 886; x_wconf 88' lang='lat' dir='ltr'><strong>populum</strong></span> <span class='ocrx_word' id='word_1_559' title='bbox 2816 820 3082 874; x_wconf 87' lang='lat' dir='ltr'><strong>interfecit</strong></span> <span class='ocrx_word' id='word_1_560' title='bbox 3105 821 3278 887; x_wconf 89' lang='lat' dir='ltr'><strong>Jcsus,</strong></span> <span class='ocrx_word' id='word_1_561' title='bbox 3313 837 3435 875; x_wconf 86' lang='lat' dir='ltr'><strong>nec-</strong></span> 
     </span>
    </p>
   </div>
   <div class='ocr_carea' id='block_1_74' title="bbox 1873 905 3436 976">
    <p class='ocr_par' dir='ltr' id='par_1_74' title="bbox 1873 905 3436 976">
     <span class='ocr_line' id='line_1_76' title="bbox 1873 905 3436 976; baseline 0.003 -18"><span class='ocrx_word' id='word_1_562' title='bbox 1873 922 1975 959; x_wconf 93' lang='lat' dir='ltr'><strong>uen</strong></span> <span class='ocrx_word' id='word_1_563' title='bbox 1993 907 2221 975; x_wconf 89' lang='lat' dir='ltr'><strong>quinque</strong></span> <span class='ocrx_word' id='word_1_564' title='bbox 2250 923 2420 976; x_wconf 84' lang='lat' dir='ltr'><strong>reges.</strong></span> <span class='ocrx_word' id='word_1_565' title='bbox 2448 905 2598 976; x_wconf 89' lang='lat' dir='ltr'><strong>Cepit</strong></span> <span class='ocrx_word' id='word_1_566' title='bbox 2621 920 2794 963; x_wconf 88' lang='lat' dir='ltr'><strong>autem</strong></span> <span class='ocrx_word' id='word_1_567' title='bbox 2826 910 3074 964; x_wconf 88' lang='lat' dir='ltr'><strong>Macelam</strong></span> <span class='ocrx_word' id='word_1_568' title='bbox 3105 919 3159 964; x_wconf 92' lang='lat' dir='ltr'><strong>et</strong></span> <span class='ocrx_word' id='word_1_569' title='bbox 3179 911 3436 973; x_wconf 89' lang='lat' dir='ltr'><strong>Lebnam,</strong></span> 
     </span>
    </p>
   </div>
   <div class='ocr_carea' id='block_1_75' title="bbox 1874 996 3438 1066">
    <p class='ocr_par' dir='ltr' id='par_1_75' title="bbox 1874 996 3438 1066">
     <span class='ocr_line' id='line_1_77' title="bbox 1874 996 3438 1066; baseline 0.004 -16"><span class='ocrx_word' id='word_1_570' title='bbox 1874 997 2095 1061; x_wconf 89' lang='lat' dir='ltr'><strong>Lachis,</strong></span> <span class='ocrx_word' id='word_1_571' title='bbox 2118 996 2363 1063; x_wconf 89' lang='lat' dir='ltr'><strong>Odolam,</strong></span> <span class='ocrx_word' id='word_1_572' title='bbox 2395 999 2731 1054; x_wconf 74' lang='lat' dir='ltr'><strong>Chebroxicm</strong></span> <span class='ocrx_word' id='word_1_573' title='bbox 2761 1009 2813 1054; x_wconf 93' lang='lat' dir='ltr'><strong>et</strong></span> <span class='ocrx_word' id='word_1_574' title='bbox 2845 1000 3035 1066; x_wconf 88' lang='lat' dir='ltr'><strong>Dahir,</strong></span> <span class='ocrx_word' id='word_1_575' title='bbox 3067 1015 3120 1055; x_wconf 69' lang='lat' dir='ltr'><strong>et</strong></span> <span class='ocrx_word' id='word_1_576' title='bbox 3149 1011 3358 1056; x_wconf 88' lang='lat' dir='ltr'><strong>montes</strong></span> <span class='ocrx_word' id='word_1_577' title='bbox 3386 1012 3438 1057; x_wconf 84' lang='lat' dir='ltr'><strong>et</strong></span> 
     </span>
    </p>
   </div>
   <div class='ocr_carea' id='block_1_76' title="bbox 1873 1086 3435 1158">
    <p class='ocr_par' dir='ltr' id='par_1_76' title="bbox 1873 1086 3435 1158">
     <span class='ocr_line' id='line_1_78' title="bbox 1873 1086 3435 1158; baseline 0.005 -20"><span class='ocrx_word' id='word_1_578' title='bbox 1873 1086 2159 1154; x_wconf 90' lang='lat' dir='ltr'><strong>planitiem.</strong></span> <span class='ocrx_word' id='word_1_579' title='bbox 2191 1087 2569 1144; x_wconf 86' lang='lat' dir='ltr'><strong>Convenerunt</strong></span> <span class='ocrx_word' id='word_1_580' title='bbox 2594 1089 2680 1143; x_wconf 89' lang='lat' dir='ltr'><strong>alii</strong></span> <span class='ocrx_word' id='word_1_581' title='bbox 2705 1104 2856 1158; x_wconf 89' lang='lat' dir='ltr'><strong>reges</strong></span> <span class='ocrx_word' id='word_1_582' title='bbox 2877 1091 3024 1144; x_wconf 91' lang='lat' dir='ltr'><strong>multi</strong></span> <span class='ocrx_word' id='word_1_583' title='bbox 3045 1107 3162 1146; x_wconf 91' lang='lat' dir='ltr'><strong>cum</strong></span> <span class='ocrx_word' id='word_1_584' title='bbox 3187 1094 3435 1148; x_wconf 83' lang='lat' dir='ltr'><strong>exerciti-</strong></span> 
     </span>
    </p>
   </div>
   <div class='ocr_carea' id='block_1_77' title="bbox 1873 1177 3440 1246">
    <p class='ocr_par' dir='ltr' id='par_1_77' title="bbox 1873 1177 3440 1246">
     <span class='ocr_line' id='line_1_79' title="bbox 1873 1177 3440 1246; baseline 0.003 -16"><span class='ocrx_word' id='word_1_585' title='bbox 1873 1177 1970 1230; x_wconf 91' lang='lat' dir='ltr'><strong>bus</strong></span> <span class='ocrx_word' id='word_1_586' title='bbox 2000 1178 2202 1245; x_wconf 85' lang='lat' dir='ltr'><strong>magnis</strong></span> <span class='ocrx_word' id='word_1_587' title='bbox 2227 1193 2238 1229; x_wconf 96' lang='lat'><strong>:</strong></span> <span class='ocrx_word' id='word_1_588' title='bbox 2273 1186 2325 1231; x_wconf 92' lang='lat' dir='ltr'><strong>et</strong></span> <span class='ocrx_word' id='word_1_589' title='bbox 2351 1177 2447 1231; x_wconf 90' lang='lat' dir='ltr'><strong>hes</strong></span> <span class='ocrx_word' id='word_1_590' title='bbox 2476 1193 2684 1246; x_wconf 89' lang='lat' dir='ltr'><strong>quoque</strong></span> <span class='ocrx_word' id='word_1_591' title='bbox 2711 1180 2902 1232; x_wconf 90' lang='lat' dir='ltr'><strong>occidit</strong></span> <span class='ocrx_word' id='word_1_592' title='bbox 2921 1179 3092 1234; x_wconf 80' lang='lat' dir='ltr'><strong>Jesus.</strong></span> <span class='ocrx_word' id='word_1_593' title='bbox 3126 1182 3324 1235; x_wconf 86' lang='lat' dir='ltr'><strong>IIorum</strong></span> <span class='ocrx_word' id='word_1_594' title='bbox 3355 1183 3440 1236; x_wconf 91' lang='lat' dir='ltr'><strong>hic</strong></span> 
     </span>
    </p>
   </div>
   <div class='ocr_carea' id='block_1_78' title="bbox 1872 1269 3442 1341">
    <p class='ocr_par' dir='ltr' id='par_1_78' title="bbox 1872 1269 3442 1341">
     <span class='ocr_line' id='line_1_80' title="bbox 1872 1269 3442 1341; baseline 0.004 -21"><span class='ocrx_word' id='word_1_595' title='bbox 1872 1269 2080 1321; x_wconf 81' lang='lat' dir='ltr'><strong>nomina</strong></span> <span class='ocrx_word' id='word_1_596' title='bbox 2112 1276 2478 1333; x_wconf 81' lang='lat' dir='ltr'><strong>recensentur,</strong></span> <span class='ocrx_word' id='word_1_597' title='bbox 2507 1279 2559 1322; x_wconf 88' lang='lat' dir='ltr'><strong>et</strong></span> <span class='ocrx_word' id='word_1_598' title='bbox 2597 1271 2775 1335; x_wconf 86' lang='lat' dir='ltr'><strong>urbes,</strong></span> <span class='ocrx_word' id='word_1_599' title='bbox 2802 1287 3180 1341; x_wconf 83' lang='lat' dir='ltr'><strong>numerusque.</strong></span> <span class='ocrx_word' id='word_1_600' title='bbox 3221 1274 3442 1327; x_wconf 82' lang='lat' dir='ltr'><strong>Jubetnr</strong></span> 
     </span>
    </p>
   </div>
   <div class='ocr_carea' id='block_1_79' title="bbox 1869 1359 3438 1433">
    <p class='ocr_par' dir='ltr' id='par_1_79' title="bbox 1869 1359 3438 1433">
     <span class='ocr_line' id='line_1_81' title="bbox 1869 1359 3438 1433; baseline 0.004 -20"><span class='ocrx_word' id='word_1_601' title='bbox 1869 1359 2023 1413; x_wconf 81' lang='lat' dir='ltr'><strong>Jesus</strong></span> <span class='ocrx_word' id='word_1_602' title='bbox 2079 1369 2271 1414; x_wconf 89' lang='lat' dir='ltr'><strong>terram</strong></span> <span class='ocrx_word' id='word_1_603' title='bbox 2324 1360 2530 1414; x_wconf 87' lang='lat' dir='ltr'><strong>tradere</strong></span> <span class='ocrx_word' id='word_1_604' title='bbox 2580 1361 2871 1415; x_wconf 82' lang='lat' dir='ltr'><strong>Israelitis:</strong></span> <span class='ocrx_word' id='word_1_605' title='bbox 2905 1380 2963 1415; x_wconf 89' lang='lat' dir='ltr'><strong>ac</strong></span> <span class='ocrx_word' id='word_1_606' title='bbox 2991 1363 3303 1418; x_wconf 80' lang='lat' dir='ltr'><strong>describitur</strong></span> <span class='ocrx_word' id='word_1_607' title='bbox 3322 1381 3438 1433; x_wconf 73' lang='lat' dir='ltr'><strong>qua:</strong></span> 
     </span>
    </p>
   </div>
   <div class='ocr_carea' id='block_1_80' title="bbox 1873 1450 3430 1519">
    <p class='ocr_par' dir='ltr' id='par_1_80' title="bbox 1873 1450 3430 1519">
     <span class='ocr_line' id='line_1_82' title="bbox 1873 1450 3430 1519; baseline 0.004 -17"><span class='ocrx_word' id='word_1_608' title='bbox 1873 1450 2040 1503; x_wconf 92' lang='lat' dir='ltr'><strong>tribus</strong></span> <span class='ocrx_word' id='word_1_609' title='bbox 2067 1459 2237 1503; x_wconf 87' lang='lat' dir='ltr'><strong>sortes</strong></span> <span class='ocrx_word' id='word_1_610' title='bbox 2271 1453 2588 1519; x_wconf 89' lang='lat' dir='ltr'><strong>acceperint,</strong></span> <span class='ocrx_word' id='word_1_611' title='bbox 2614 1460 2662 1504; x_wconf 90' lang='lat' dir='ltr'><strong>et</strong></span> <span class='ocrx_word' id='word_1_612' title='bbox 2691 1452 2812 1518; x_wconf 90' lang='lat' dir='ltr'><strong>quid</strong></span> <span class='ocrx_word' id='word_1_613' title='bbox 2838 1453 3033 1506; x_wconf 84' lang='lat' dir='ltr'><strong>Levitis</strong></span> <span class='ocrx_word' id='word_1_614' title='bbox 3054 1454 3232 1506; x_wconf 91' lang='lat' dir='ltr'><strong>datum</strong></span> <span class='ocrx_word' id='word_1_615' title='bbox 3261 1455 3430 1509; x_wconf 90' lang='lat' dir='ltr'><strong>fuerit.</strong></span> 
     </span>
    </p>
   </div>
   <div class='ocr_carea' id='block_1_81' title="bbox 1872 1540 3437 1613">
    <p class='ocr_par' dir='ltr' id='par_1_81' title="bbox 1872 1540 3437 1613">
     <span class='ocr_line' id='line_1_83' title="bbox 1872 1540 3437 1613; baseline 0.004 -21"><span class='ocrx_word' id='word_1_616' title='bbox 1872 1540 2108 1594; x_wconf 72' lang='lat' dir='ltr'><strong>Iiemiltit</strong></span> <span class='ocrx_word' id='word_1_617' title='bbox 2156 1540 2308 1594; x_wconf 82' lang='lat' dir='ltr'><strong>Jrsus</strong></span> <span class='ocrx_word' id='word_1_618' title='bbox 2364 1543 2554 1594; x_wconf 88' lang='lat' dir='ltr'><strong>tribum</strong></span> <span class='ocrx_word' id='word_1_619' title='bbox 2586 1541 2770 1595; x_wconf 81' lang='lat' dir='ltr'><strong>Ruben</strong></span> <span class='ocrx_word' id='word_1_620' title='bbox 2811 1552 2865 1596; x_wconf 88' lang='lat' dir='ltr'><strong>et</strong></span> <span class='ocrx_word' id='word_1_621' title='bbox 2907 1542 3017 1595; x_wconf 81' lang='lat' dir='ltr'><strong>Gatl</strong></span> <span class='ocrx_word' id='word_1_622' title='bbox 3059 1545 3437 1613; x_wconf 81' lang='lat' dir='ltr'><strong>(lintidiamquc</strong></span> 
     </span>
    </p>
   </div>
   <div class='ocr_carea' id='block_1_82' title="bbox 1873 1631 3434 1702">
    <p class='ocr_par' dir='ltr' id='par_1_82' title="bbox 1873 1631 3434 1702">
     <span class='ocr_line' id='line_1_84' title="bbox 1873 1631 3434 1702; baseline 0.004 -18"><span class='ocrx_word' id='word_1_623' title='bbox 1873 1633 2061 1685; x_wconf 84' lang='lat' dir='ltr'><strong>tribum</strong></span> <span class='ocrx_word' id='word_1_624' title='bbox 2094 1631 2330 1685; x_wconf 85' lang='lat' dir='ltr'><strong>Manasse</strong></span> <span class='ocrx_word' id='word_1_625' title='bbox 2354 1633 2402 1684; x_wconf 92' lang='lat' dir='ltr'><strong>in</strong></span> <span class='ocrx_word' id='word_1_626' title='bbox 2430 1641 2599 1684; x_wconf 88' lang='lat' dir='ltr'><strong>sortes</strong></span> <span class='ocrx_word' id='word_1_627' title='bbox 2620 1645 2761 1688; x_wconf 89' lang='lat' dir='ltr'><strong>suas.</strong></span> <span class='ocrx_word' id='word_1_628' title='bbox 2779 1648 2911 1701; x_wconf 89' lang='lat' dir='ltr'><strong>quas</strong></span> <span class='ocrx_word' id='word_1_629' title='bbox 2934 1646 3241 1702; x_wconf 87' lang='lat' dir='ltr'><strong>acceperant</strong></span> <span class='ocrx_word' id='word_1_630' title='bbox 3265 1637 3434 1690; x_wconf 83' lang='lat' dir='ltr'><strong>adhuc</strong></span> 
     </span>
    </p>
   </div>
   <div class='ocr_carea' id='block_1_83' title="bbox 1872 1721 3438 1791">
    <p class='ocr_par' dir='ltr' id='par_1_83' title="bbox 1872 1721 3438 1791">
     <span class='ocr_line' id='line_1_85' title="bbox 1872 1721 3438 1791; baseline 0.005 -19"><span class='ocrx_word' id='word_1_631' title='bbox 1872 1721 2083 1775; x_wconf 83' lang='lat' dir='ltr'><strong>vivente</strong></span> <span class='ocrx_word' id='word_1_632' title='bbox 2112 1721 2311 1791; x_wconf 87' lang='lat' dir='ltr'><strong>Moyse.</strong></span> <span class='ocrx_word' id='word_1_633' title='bbox 2354 1721 2451 1788; x_wconf 85' lang='lat' dir='ltr'><strong>Qui</strong></span> <span class='ocrx_word' id='word_1_634' title='bbox 2480 1730 2655 1774; x_wconf 88' lang='lat' dir='ltr'><strong>autem</strong></span> <span class='ocrx_word' id='word_1_635' title='bbox 2682 1722 2947 1786; x_wconf 90' lang='lat' dir='ltr'><strong>abierunt,</strong></span> <span class='ocrx_word' id='word_1_636' title='bbox 2980 1738 3124 1776; x_wconf 84' lang='lat' dir='ltr'><strong>arant</strong></span> <span class='ocrx_word' id='word_1_637' title='bbox 3157 1725 3219 1777; x_wconf 93' lang='lat' dir='ltr'><strong>ad</strong></span> <span class='ocrx_word' id='word_1_638' title='bbox 3251 1725 3438 1779; x_wconf 76' lang='lat' dir='ltr'><strong>Iorda-</strong></span> 
     </span>
    </p>
   </div>
   <div class='ocr_carea' id='block_1_84' title="bbox 1871 1813 3438 1881">
    <p class='ocr_par' dir='ltr' id='par_1_84' title="bbox 1871 1813 3438 1881">
     <span class='ocr_line' id='line_1_86' title="bbox 1871 1813 3438 1881; baseline 0.001 -16"><span class='ocrx_word' id='word_1_639' title='bbox 1871 1828 1990 1866; x_wconf 93' lang='lat' dir='ltr'><strong>nem</strong></span> <span class='ocrx_word' id='word_1_640' title='bbox 2030 1813 2375 1866; x_wconf 59' lang='lat' dir='ltr'><strong>aedificarunt.</strong></span> <span class='ocrx_word' id='word_1_641' title='bbox 2410 1813 2517 1865; x_wconf 89' lang='lat' dir='ltr'><strong>lIoc</strong></span> <span class='ocrx_word' id='word_1_642' title='bbox 2556 1813 2685 1865; x_wconf 90' lang='lat' dir='ltr'><strong>alias</strong></span> <span class='ocrx_word' id='word_1_643' title='bbox 2716 1813 2882 1865; x_wconf 90' lang='lat' dir='ltr'><strong>tribus</strong></span> <span class='ocrx_word' id='word_1_644' title='bbox 2913 1814 3248 1881; x_wconf 83' lang='lat' dir='ltr'><strong>perturbavit.</strong></span> <span class='ocrx_word' id='word_1_645' title='bbox 3280 1815 3438 1869; x_wconf 81' lang='lat' dir='ltr'><strong>Puta-</strong></span> 
     </span>
    </p>
   </div>
   <div class='ocr_carea' id='block_1_85' title="bbox 1870 1901 3440 1960">
    <p class='ocr_par' dir='ltr' id='par_1_85' title="bbox 1870 1901 3440 1960">
     <span class='ocr_line' id='line_1_87' title="bbox 1870 1901 3440 1960; baseline 0.002 -4"><span class='ocrx_word' id='word_1_646' title='bbox 1870 1903 1996 1956; x_wconf 89' lang='lat' dir='ltr'><strong>bant</strong></span> <span class='ocrx_word' id='word_1_647' title='bbox 2023 1903 2162 1957; x_wconf 87' lang='lat' dir='ltr'><strong>enim</strong></span> <span class='ocrx_word' id='word_1_648' title='bbox 2182 1903 2300 1957; x_wconf 92' lang='lat' dir='ltr'><strong>illos</strong></span> <span class='ocrx_word' id='word_1_649' title='bbox 2326 1903 2424 1955; x_wconf 91' lang='lat' dir='ltr'><strong>hoc</strong></span> <span class='ocrx_word' id='word_1_650' title='bbox 2447 1901 2754 1956; x_wconf 85' lang='lat' dir='ltr'><strong>defectionis</strong></span> <span class='ocrx_word' id='word_1_651' title='bbox 2775 1918 2930 1956; x_wconf 87' lang='lat' dir='ltr'><strong>causa</strong></span> <span class='ocrx_word' id='word_1_652' title='bbox 2956 1904 3162 1960; x_wconf 76' lang='lat' dir='ltr'><strong>fet-isse.</strong></span> <span class='ocrx_word' id='word_1_653' title='bbox 3189 1906 3440 1959; x_wconf 85' lang='lat' dir='ltr'><strong>Miscrunt</strong></span> 
     </span>
    </p>
   </div>
   <div class='ocr_carea' id='block_1_86' title="bbox 1869 1993 3438 2066">
    <p class='ocr_par' dir='ltr' id='par_1_86' title="bbox 1869 1993 3438 2066">
     <span class='ocr_line' id='line_1_88' title="bbox 1869 1993 3438 2066; baseline 0.002 -19"><span class='ocrx_word' id='word_1_654' title='bbox 1869 1995 1957 2063; x_wconf 90' lang='lat' dir='ltr'><strong>qui</strong></span> <span class='ocrx_word' id='word_1_655' title='bbox 2007 1995 2150 2061; x_wconf 89' lang='lat' dir='ltr'><strong>ipsos</strong></span> <span class='ocrx_word' id='word_1_656' title='bbox 2201 1993 2690 2062; x_wconf 87' lang='lat' dir='ltr'><strong>reprehenderent:</strong></span> <span class='ocrx_word' id='word_1_657' title='bbox 2735 1994 2804 2046; x_wconf 92' lang='lat' dir='ltr'><strong>illi</strong></span> <span class='ocrx_word' id='word_1_658' title='bbox 2835 2010 2960 2047; x_wconf 85' lang='lat' dir='ltr'><strong>vero</strong></span> <span class='ocrx_word' id='word_1_659' title='bbox 2999 2008 3116 2049; x_wconf 89' lang='lat' dir='ltr'><strong>sese</strong></span> <span class='ocrx_word' id='word_1_660' title='bbox 3157 2006 3438 2066; x_wconf 83' lang='lat' dir='ltr'><strong>purgantes</strong></span> 
     </span>
    </p>
   </div>
   <div class='ocr_carea' id='block_1_87' title="bbox 1869 2083 3431 2148">
    <p class='ocr_par' dir='ltr' id='par_1_87' title="bbox 1869 2083 3431 2148">
     <span class='ocr_line' id='line_1_89' title="bbox 1869 2083 3431 2148; baseline 0.001 -10"><span class='ocrx_word' id='word_1_661' title='bbox 1869 2085 2136 2148; x_wconf 85' lang='lat' dir='ltr'><strong>dixerunt,</strong></span> <span class='ocrx_word' id='word_1_662' title='bbox 2174 2098 2232 2136; x_wconf 90' lang='lat' dir='ltr'><strong>se</strong></span> <span class='ocrx_word' id='word_1_663' title='bbox 2273 2099 2375 2136; x_wconf 90' lang='lat' dir='ltr'><strong>non</strong></span> <span class='ocrx_word' id='word_1_664' title='bbox 2403 2083 2714 2136; x_wconf 87' lang='lat' dir='ltr'><strong>defectionis</strong></span> <span class='ocrx_word' id='word_1_665' title='bbox 2741 2098 2897 2136; x_wconf 71' lang='lat' dir='ltr'><strong>causa</strong></span> <span class='ocrx_word' id='word_1_666' title='bbox 2929 2099 3073 2137; x_wconf 92' lang='lat' dir='ltr'><strong>aram</strong></span> <span class='ocrx_word' id='word_1_667' title='bbox 3105 2087 3431 2148; x_wconf 80' lang='lat' dir='ltr'><strong>aedificasse;</strong></span> 
     </span>
    </p>
   </div>
   <div class='ocr_carea' id='block_1_88' title="bbox 1869 2173 3436 2242">
    <p class='ocr_par' dir='ltr' id='par_1_88' title="bbox 1869 2173 3436 2242">
     <span class='ocr_line' id='line_1_90' title="bbox 1869 2173 3436 2242; baseline 0.001 -15"><span class='ocrx_word' id='word_1_668' title='bbox 1869 2174 1963 2228; x_wconf 88' lang='lat' dir='ltr'><strong>sed</strong></span> <span class='ocrx_word' id='word_1_669' title='bbox 1995 2187 2060 2228; x_wconf 88' lang='lat' dir='ltr'><strong>ne</strong></span> <span class='ocrx_word' id='word_1_670' title='bbox 2087 2173 2280 2242; x_wconf 81' lang='lat' dir='ltr'><strong>posteri</strong></span> <span class='ocrx_word' id='word_1_671' title='bbox 2310 2173 2494 2232; x_wconf 86' lang='lat' dir='ltr'><strong>vestri,</strong></span> <span class='ocrx_word' id='word_1_672' title='bbox 2530 2173 2768 2240; x_wconf 87' lang='lat' dir='ltr'><strong>inquiunt</strong></span> <span class='ocrx_word' id='word_1_673' title='bbox 2793 2215 2805 2233; x_wconf 83' lang='lat'><strong>,</strong></span> <span class='ocrx_word' id='word_1_674' title='bbox 2837 2173 2971 2227; x_wconf 86' lang='lat' dir='ltr'><strong>filios</strong></span> <span class='ocrx_word' id='word_1_675' title='bbox 3003 2183 3211 2227; x_wconf 91' lang='lat' dir='ltr'><strong>nostros</strong></span> <span class='ocrx_word' id='word_1_676' title='bbox 3237 2177 3436 2230; x_wconf 87' lang='lat' dir='ltr'><strong>alienos</strong></span> 
     </span>
    </p>
   </div>
   <div class='ocr_carea' id='block_1_89' title="bbox 1872 2263 3434 2332">
    <p class='ocr_par' dir='ltr' id='par_1_89' title="bbox 1872 2263 3434 2332">
     <span class='ocr_line' id='line_1_91' title="bbox 1872 2263 3434 2332; baseline 0.001 -15"><span class='ocrx_word' id='word_1_677' title='bbox 1872 2265 2096 2317; x_wconf 89' lang='lat' dir='ltr'><strong>habeant</strong></span> <span class='ocrx_word' id='word_1_678' title='bbox 2120 2278 2146 2315; x_wconf 90' lang='lat' dir='ltr'><strong>a</strong></span> <span class='ocrx_word' id='word_1_679' title='bbox 2171 2279 2260 2315; x_wconf 91' lang='lat' dir='ltr'><strong>sua</strong></span> <span class='ocrx_word' id='word_1_680' title='bbox 2286 2265 2618 2332; x_wconf 82' lang='lat' dir='ltr'><strong>cognatione,</strong></span> <span class='ocrx_word' id='word_1_681' title='bbox 2644 2280 2707 2315; x_wconf 86' lang='lat' dir='ltr'><strong>eo</strong></span> <span class='ocrx_word' id='word_1_682' title='bbox 2737 2265 2874 2332; x_wconf 79' lang='lat' dir='ltr'><strong>quod</strong></span> <span class='ocrx_word' id='word_1_683' title='bbox 2904 2263 3147 2318; x_wconf 85' lang='lat' dir='ltr'><strong>Jortlanis</strong></span> <span class='ocrx_word' id='word_1_684' title='bbox 3179 2267 3434 2319; x_wconf 41' lang='lat' dir='ltr'><strong>intertuc‘</strong></span> 
     </span>
    </p>
   </div>
   <div class='ocr_carea' id='block_1_90' title="bbox 1869 2357 3439 2424">
    <p class='ocr_par' dir='ltr' id='par_1_90' title="bbox 1869 2357 3439 2424">
     <span class='ocr_line' id='line_1_92' title="bbox 1869 2357 3439 2424; baseline 0 -13"><span class='ocrx_word' id='word_1_685' title='bbox 1869 2359 2012 2411; x_wconf 90' lang='lat' dir='ltr'><strong>dium</strong></span> <span class='ocrx_word' id='word_1_686' title='bbox 2040 2373 2223 2411; x_wconf 88' lang='lat' dir='ltr'><strong>eorum</strong></span> <span class='ocrx_word' id='word_1_687' title='bbox 2254 2358 2415 2420; x_wconf 84' lang='lat' dir='ltr'><strong>fluat;</strong></span> <span class='ocrx_word' id='word_1_688' title='bbox 2448 2357 2538 2410; x_wconf 84' lang='lat' dir='ltr'><strong>sed</strong></span> <span class='ocrx_word' id='word_1_689' title='bbox 2570 2367 2624 2409; x_wconf 89' lang='lat' dir='ltr'><strong>ut</strong></span> <span class='ocrx_word' id='word_1_690' title='bbox 2650 2357 2716 2409; x_wconf 90' lang='lat' dir='ltr'><strong>sit</strong></span> <span class='ocrx_word' id='word_1_691' title='bbox 2740 2373 2830 2409; x_wconf 85' lang='lat' dir='ltr'><strong>ara</strong></span> <span class='ocrx_word' id='word_1_692' title='bbox 2859 2357 2911 2410; x_wconf 92' lang='lat' dir='ltr'><strong>in</strong></span> <span class='ocrx_word' id='word_1_693' title='bbox 2934 2361 3311 2424; x_wconf 84' lang='lat' dir='ltr'><strong>testimonium,</strong></span> <span class='ocrx_word' id='word_1_694' title='bbox 3344 2373 3439 2411; x_wconf 79' lang='lat' dir='ltr'><strong>nec</strong></span> 
     </span>
    </p>
   </div>
   <div class='ocr_carea' id='block_1_91' title="bbox 1871 2448 3438 2519">
    <p class='ocr_par' dir='ltr' id='par_1_91' title="bbox 1871 2448 3438 2519">
     <span class='ocr_line' id='line_1_93' title="bbox 1871 2448 3438 2519; baseline 0.001 -18"><span class='ocrx_word' id='word_1_695' title='bbox 1871 2451 2072 2519; x_wconf 84' lang='lat' dir='ltr'><strong>possint</strong></span> <span class='ocrx_word' id='word_1_696' title='bbox 2112 2449 2290 2502; x_wconf 83' lang='lat' dir='ltr'><strong>dicere</strong></span> <span class='ocrx_word' id='word_1_697' title='bbox 2330 2448 2417 2501; x_wconf 88' lang='lat' dir='ltr'><strong>filii</strong></span> <span class='ocrx_word' id='word_1_698' title='bbox 2455 2450 2613 2502; x_wconf 86' lang='lat' dir='ltr'><strong>vestri</strong></span> <span class='ocrx_word' id='word_1_699' title='bbox 2643 2449 2921 2518; x_wconf 88' lang='lat' dir='ltr'><strong>nepotibus</strong></span> <span class='ocrx_word' id='word_1_700' title='bbox 2955 2450 3169 2512; x_wconf 91' lang='lat' dir='ltr'><strong>nostris,</strong></span> <span class='ocrx_word' id='word_1_701' title='bbox 3193 2450 3306 2502; x_wconf 86' lang='lat' dir='ltr'><strong>Non</strong></span> <span class='ocrx_word' id='word_1_702' title='bbox 3355 2459 3438 2503; x_wconf 85' lang='lat' dir='ltr'><strong>cst</strong></span> 
     </span>
    </p>
   </div>
   <div class='ocr_carea' id='block_1_92' title="bbox 1870 2541 3437 2610">
    <p class='ocr_par' dir='ltr' id='par_1_92' title="bbox 1870 2541 3437 2610">
     <span class='ocr_line' id='line_1_94' title="bbox 1870 2541 3437 2610; baseline 0.001 -18"><span class='ocrx_word' id='word_1_703' title='bbox 1870 2541 2019 2594; x_wconf 90' lang='lat' dir='ltr'><strong>vobis</strong></span> <span class='ocrx_word' id='word_1_704' title='bbox 2042 2541 2212 2610; x_wconf 88' lang='lat' dir='ltr'><strong>portio</strong></span> <span class='ocrx_word' id='word_1_705' title='bbox 2232 2541 2467 2604; x_wconf 90' lang='lat' dir='ltr'><strong>Domini;</strong></span> <span class='ocrx_word' id='word_1_706' title='bbox 2497 2542 2678 2609; x_wconf 84' lang='lat' dir='ltr'><strong>sicque</strong></span> <span class='ocrx_word' id='word_1_707' title='bbox 2701 2552 3072 2608; x_wconf 86' lang='lat' dir='ltr'><strong>persuaserunt</strong></span> <span class='ocrx_word' id='word_1_708' title='bbox 3099 2542 3310 2610; x_wconf 90' lang='lat' dir='ltr'><strong>reliquis</strong></span> <span class='ocrx_word' id='word_1_709' title='bbox 3343 2543 3437 2594; x_wconf 87' lang='lat' dir='ltr'><strong>tri-</strong></span> 
     </span>
    </p>
   </div>
   <div class='ocr_carea' id='block_1_93' title="bbox 1871 2630 3432 2685">
    <p class='ocr_par' dir='ltr' id='par_1_93' title="bbox 1871 2630 3432 2685">
     <span class='ocr_line' id='line_1_95' title="bbox 1871 2630 3432 2685; baseline 0.001 -2"><span class='ocrx_word' id='word_1_710' title='bbox 1871 2630 2041 2684; x_wconf 92' lang='lat' dir='ltr'><strong>bubus</strong></span> <span class='ocrx_word' id='word_1_711' title='bbox 2068 2645 2133 2685; x_wconf 90' lang='lat' dir='ltr'><strong>ne</strong></span> <span class='ocrx_word' id='word_1_712' title='bbox 2161 2631 2258 2684; x_wconf 91' lang='lat' dir='ltr'><strong>sibi</strong></span> <span class='ocrx_word' id='word_1_713' title='bbox 2292 2631 2485 2684; x_wconf 89' lang='lat' dir='ltr'><strong>bellum</strong></span> <span class='ocrx_word' id='word_1_714' title='bbox 2512 2630 2784 2685; x_wconf 91' lang='lat' dir='ltr'><strong>inferrent.</strong></span> <span class='ocrx_word' id='word_1_715' title='bbox 2812 2630 2960 2684; x_wconf 90' lang='lat' dir='ltr'><strong>Tune</strong></span> <span class='ocrx_word' id='word_1_716' title='bbox 2980 2641 3237 2685; x_wconf 87' lang='lat' dir='ltr'><strong>convocat</strong></span> <span class='ocrx_word' id='word_1_717' title='bbox 3260 2633 3432 2685; x_wconf 57' lang='lat' dir='ltr'><strong>Isracc</strong></span> 
     </span>
    </p>
   </div>
   <div class='ocr_carea' id='block_1_94' title="bbox 1870 2719 3431 2789">
    <p class='ocr_par' dir='ltr' id='par_1_94' title="bbox 1870 2719 3431 2789">
     <span class='ocr_line' id='line_1_96' title="bbox 1870 2719 3431 2789; baseline 0.001 -17"><span class='ocrx_word' id='word_1_718' title='bbox 1870 2721 1987 2773; x_wconf 88' lang='lat' dir='ltr'><strong>Iitas</strong></span> <span class='ocrx_word' id='word_1_719' title='bbox 2017 2719 2200 2784; x_wconf 86' lang='lat' dir='ltr'><strong>Jesus,</strong></span> <span class='ocrx_word' id='word_1_720' title='bbox 2242 2721 2472 2789; x_wconf 74' lang='lat' dir='ltr'><strong>ipsusque</strong></span> <span class='ocrx_word' id='word_1_721' title='bbox 2500 2720 2549 2772; x_wconf 93' lang='lat' dir='ltr'><strong>in</strong></span> <span class='ocrx_word' id='word_1_722' title='bbox 2578 2720 2883 2773; x_wconf 90' lang='lat' dir='ltr'><strong>memoriam</strong></span> <span class='ocrx_word' id='word_1_723' title='bbox 2918 2731 3126 2774; x_wconf 87' lang='lat' dir='ltr'><strong>revocat</strong></span> <span class='ocrx_word' id='word_1_724' title='bbox 3155 2722 3242 2774; x_wconf 90' lang='lat' dir='ltr'><strong>Dei</strong></span> <span class='ocrx_word' id='word_1_725' title='bbox 3274 2722 3431 2774; x_wconf 87' lang='lat' dir='ltr'><strong>bene-</strong></span> 
     </span>
    </p>
   </div>
   <div class='ocr_carea' id='block_1_95' title="bbox 1870 2811 3437 2880">
    <p class='ocr_par' dir='ltr' id='par_1_95' title="bbox 1870 2811 3437 2880">
     <span class='ocr_line' id='line_1_97' title="bbox 1870 2811 3437 2880; baseline 0.002 -16"><span class='ocrx_word' id='word_1_726' title='bbox 1870 2811 2007 2876; x_wconf 89' lang='lat' dir='ltr'><strong>ficia,</strong></span> <span class='ocrx_word' id='word_1_727' title='bbox 2039 2811 2278 2866; x_wconf 89' lang='lat' dir='ltr'><strong>hortatur</strong></span> <span class='ocrx_word' id='word_1_728' title='bbox 2299 2820 2354 2865; x_wconf 90' lang='lat' dir='ltr'><strong>ut</strong></span> <span class='ocrx_word' id='word_1_729' title='bbox 2381 2811 2548 2879; x_wconf 87' lang='lat' dir='ltr'><strong>legem</strong></span> <span class='ocrx_word' id='word_1_730' title='bbox 2576 2811 2857 2865; x_wconf 89' lang='lat' dir='ltr'><strong>observent</strong></span> <span class='ocrx_word' id='word_1_731' title='bbox 2884 2853 2898 2873; x_wconf 94' lang='lat'><strong>,</strong></span> <span class='ocrx_word' id='word_1_732' title='bbox 2929 2813 3269 2880; x_wconf 72' lang='lat' dir='ltr'><strong>pt‘uulit‘itqttc</strong></span> <span class='ocrx_word' id='word_1_733' title='bbox 3300 2813 3437 2867; x_wconf 84' lang='lat' dir='ltr'><strong>mala</strong></span> 
     </span>
    </p>
   </div>
   <div class='ocr_carea' id='block_1_96' title="bbox 1869 2901 3439 2969">
    <p class='ocr_par' dir='ltr' id='par_1_96' title="bbox 1869 2901 3439 2969">
     <span class='ocr_line' id='line_1_98' title="bbox 1869 2901 3439 2969; baseline 0.001 -15"><span class='ocrx_word' id='word_1_734' title='bbox 1869 2917 1984 2969; x_wconf 63' lang='lat' dir='ltr'><strong>quae</strong></span> <span class='ocrx_word' id='word_1_735' title='bbox 2026 2902 2142 2954; x_wconf 92' lang='lat' dir='ltr'><strong>illos</strong></span> <span class='ocrx_word' id='word_1_736' title='bbox 2165 2910 2448 2968; x_wconf 79' lang='lat' dir='ltr'><strong>exceptura</strong></span> <span class='ocrx_word' id='word_1_737' title='bbox 2470 2909 2611 2962; x_wconf 87' lang='lat' dir='ltr'><strong>sunt,</strong></span> <span class='ocrx_word' id='word_1_738' title='bbox 2664 2901 2764 2953; x_wconf 89' lang='lat' dir='ltr'><strong>nisi</strong></span> <span class='ocrx_word' id='word_1_739' title='bbox 2804 2902 2942 2954; x_wconf 92' lang='lat' dir='ltr'><strong>illam</strong></span> <span class='ocrx_word' id='word_1_740' title='bbox 2999 2903 3362 2962; x_wconf 72' lang='lat' dir='ltr'><strong>cusunlicrint,</strong></span> <span class='ocrx_word' id='word_1_741' title='bbox 3387 2914 3439 2957; x_wconf 90' lang='lat' dir='ltr'><strong>et</strong></span> 
     </span>
    </p>
   </div>
   <div class='ocr_carea' id='block_1_97' title="bbox 1869 2990 3436 3052">
    <p class='ocr_par' dir='ltr' id='par_1_97' title="bbox 1869 2990 3436 3052">
     <span class='ocr_line' id='line_1_99' title="bbox 1869 2990 3436 3052; baseline 0.003 -9"><span class='ocrx_word' id='word_1_742' title='bbox 1869 3000 2107 3044; x_wconf 90' lang='lat' dir='ltr'><strong>mortuus</strong></span> <span class='ocrx_word' id='word_1_743' title='bbox 2126 3001 2224 3045; x_wconf 90' lang='lat' dir='ltr'><strong>est.</strong></span> <span class='ocrx_word' id='word_1_744' title='bbox 2252 2990 2469 3044; x_wconf 87' lang='lat' dir='ltr'><strong>Moritur</strong></span> <span class='ocrx_word' id='word_1_745' title='bbox 2496 3001 2549 3046; x_wconf 92' lang='lat' dir='ltr'><strong>et</strong></span> <span class='ocrx_word' id='word_1_746' title='bbox 2570 2992 2788 3044; x_wconf 84' lang='lat' dir='ltr'><strong>Eleazar</strong></span> <span class='ocrx_word' id='word_1_747' title='bbox 2817 2993 3084 3052; x_wconf 82' lang='lat' dir='ltr'><strong>sacerdos,</strong></span> <span class='ocrx_word' id='word_1_748' title='bbox 3108 2995 3230 3046; x_wconf 91' lang='lat' dir='ltr'><strong>etin</strong></span> <span class='ocrx_word' id='word_1_749' title='bbox 3265 2995 3436 3048; x_wconf 79' lang='lat' dir='ltr'><strong>locum</strong></span> 
     </span>
    </p>
   </div>
   <div class='ocr_carea' id='block_1_98' title="bbox 1868 3081 3437 3151">
    <p class='ocr_par' dir='ltr' id='par_1_98' title="bbox 1868 3081 3437 3151">
     <span class='ocr_line' id='line_1_100' title="bbox 1868 3081 3437 3151; baseline 0.002 -16"><span class='ocrx_word' id='word_1_750' title='bbox 1868 3082 1983 3151; x_wconf 86' lang='lat' dir='ltr'><strong>ejus</strong></span> <span class='ocrx_word' id='word_1_751' title='bbox 2027 3081 2377 3136; x_wconf 88' lang='lat' dir='ltr'><strong>sacerdotium</strong></span> <span class='ocrx_word' id='word_1_752' title='bbox 2409 3082 2611 3136; x_wconf 89' lang='lat' dir='ltr'><strong>obtinet</strong></span> <span class='ocrx_word' id='word_1_753' title='bbox 2637 3081 2863 3136; x_wconf 89' lang='lat' dir='ltr'><strong>Phinecs</strong></span> <span class='ocrx_word' id='word_1_754' title='bbox 2893 3082 3029 3136; x_wconf 89' lang='lat' dir='ltr'><strong>filius</strong></span> <span class='ocrx_word' id='word_1_755' title='bbox 3066 3084 3200 3151; x_wconf 87' lang='lat' dir='ltr'><strong>ejus.</strong></span> <span class='ocrx_word' id='word_1_756' title='bbox 3259 3085 3320 3136; x_wconf 75' lang='lat' dir='ltr'><strong>I-lt</strong></span> <span class='ocrx_word' id='word_1_757' title='bbox 3347 3085 3437 3138; x_wconf 84' lang='lat' dir='ltr'><strong>ﬁlii</strong></span> 
     </span>
    </p>
   </div>
   <div class='ocr_carea' id='block_1_99' title="bbox 1869 3171 3433 3240">
    <p class='ocr_par' dir='ltr' id='par_1_99' title="bbox 1869 3171 3433 3240">
     <span class='ocr_line' id='line_1_101' title="bbox 1869 3171 3433 3240; baseline 0.001 -15"><span class='ocrx_word' id='word_1_758' title='bbox 1869 3172 2032 3227; x_wconf 88' lang='lat' dir='ltr'><strong>Israel</strong></span> <span class='ocrx_word' id='word_1_759' title='bbox 2088 3171 2225 3226; x_wconf 87' lang='lat' dir='ltr'><strong>idola</strong></span> <span class='ocrx_word' id='word_1_760' title='bbox 2277 3172 2597 3237; x_wconf 90' lang='lat' dir='ltr'><strong>coluerunt,</strong></span> <span class='ocrx_word' id='word_1_761' title='bbox 2653 3172 2936 3240; x_wconf 87' lang='lat' dir='ltr'><strong>traditique</strong></span> <span class='ocrx_word' id='word_1_762' title='bbox 2984 3182 3106 3226; x_wconf 91' lang='lat' dir='ltr'><strong>sunt</strong></span> <span class='ocrx_word' id='word_1_763' title='bbox 3152 3175 3201 3226; x_wconf 90' lang='lat' dir='ltr'><strong>in</strong></span> <span class='ocrx_word' id='word_1_764' title='bbox 3247 3189 3433 3226; x_wconf 82' lang='lat' dir='ltr'><strong>manus</strong></span> 
     </span>
    </p>
   </div>
   <div class='ocr_carea' id='block_1_100' title="bbox 1869 3262 3434 3334">
    <p class='ocr_par' dir='ltr' id='par_1_100' title="bbox 1869 3262 3434 3334">
     <span class='ocr_line' id='line_1_102' title="bbox 1869 3262 3434 3334; baseline 0 -16"><span class='ocrx_word' id='word_1_765' title='bbox 1869 3263 2076 3334; x_wconf 59' lang='lat' dir='ltr'><strong>AEgIom</strong></span> <span class='ocrx_word' id='word_1_766' title='bbox 2106 3263 2244 3331; x_wconf 87' lang='lat' dir='ltr'><strong>regis</strong></span> <span class='ocrx_word' id='word_1_767' title='bbox 2291 3262 2441 3318; x_wconf 85' lang='lat' dir='ltr'><strong>Moab</strong></span> <span class='ocrx_word' id='word_1_768' title='bbox 2475 3264 2571 3333; x_wconf 83' lang='grc' dir='ltr'><strong>(η),</strong></span> <span class='ocrx_word' id='word_1_769' title='bbox 2605 3263 2692 3332; x_wconf 89' lang='lat' dir='ltr'><strong>qui</strong></span> <span class='ocrx_word' id='word_1_770' title='bbox 2725 3263 2777 3317; x_wconf 92' lang='lat' dir='ltr'><strong>in</strong></span> <span class='ocrx_word' id='word_1_771' title='bbox 2829 3263 2948 3318; x_wconf 88' lang='lat' dir='ltr'><strong>illos</strong></span> <span class='ocrx_word' id='word_1_772' title='bbox 2991 3263 3270 3332; x_wconf 87' lang='lat' dir='ltr'><strong>imperium</strong></span> <span class='ocrx_word' id='word_1_773' title='bbox 3295 3264 3434 3318; x_wconf 89' lang='lat' dir='ltr'><strong>obti-</strong></span> 
     </span>
    </p>
   </div>
   <div class='ocr_carea' id='block_1_101' title="bbox 1868 3355 2500 3410">
    <p class='ocr_par' dir='ltr' id='par_1_101' title="bbox 1868 3355 2500 3410">
     <span class='ocr_line' id='line_1_103' title="bbox 1868 3355 2500 3410; baseline -0.005 0"><span class='ocrx_word' id='word_1_774' title='bbox 1868 3357 1981 3410; x_wconf 88' lang='lat' dir='ltr'><strong>nuit</strong></span> <span class='ocrx_word' id='word_1_775' title='bbox 2011 3356 2163 3409; x_wconf 90' lang='lat' dir='ltr'><strong>annis</strong></span> <span class='ocrx_word' id='word_1_776' title='bbox 2185 3355 2500 3410; x_wconf 90' lang='lat' dir='ltr'><strong>octodecim.</strong></span> 
     </span>
    </p>
   </div>
   <div class='ocr_carea' id='block_1_102' title="bbox 2395 3482 2906 3522">
    <p class='ocr_par' dir='ltr' id='par_1_102' title="bbox 2395 3482 2906 3522">
     <span class='ocr_line' id='line_1_104' title="bbox 2395 3482 2906 3522; baseline -0.006 0"><span class='ocrx_word' id='word_1_777' title='bbox 2395 3482 2631 3522; x_wconf 65' lang='lat' dir='ltr'><strong>SYNOPSIS</strong></span> <span class='ocrx_word' id='word_1_778' title='bbox 2667 3483 2906 3521; x_wconf 72' lang='lat' dir='ltr'><strong>JUDICUI.</strong></span> 
     </span>
    </p>
   </div>
   <div class='ocr_carea' id='block_1_103' title="bbox 1939 3578 3438 3648">
    <p class='ocr_par' dir='ltr' id='par_1_103' title="bbox 1939 3578 3438 3648">
     <span class='ocr_line' id='line_1_105' title="bbox 1939 3578 3438 3648; baseline -0.003 -13"><span class='ocrx_word' id='word_1_779' title='bbox 1939 3584 2033 3636; x_wconf 91' lang='lat' dir='ltr'><strong>Ilic</strong></span> <span class='ocrx_word' id='word_1_780' title='bbox 2055 3591 2296 3635; x_wconf 88' lang='lat' dir='ltr'><strong>narratur</strong></span> <span class='ocrx_word' id='word_1_781' title='bbox 2325 3594 2455 3648; x_wconf 87' lang='lat' dir='ltr'><strong>quas</strong></span> <span class='ocrx_word' id='word_1_782' title='bbox 2481 3579 2640 3632; x_wconf 91' lang='lat' dir='ltr'><strong>urbes</strong></span> <span class='ocrx_word' id='word_1_783' title='bbox 2666 3578 2924 3646; x_wconf 88' lang='lat' dir='ltr'><strong>ceperint,</strong></span> <span class='ocrx_word' id='word_1_784' title='bbox 2948 3593 3186 3648; x_wconf 90' lang='lat' dir='ltr'><strong>quasque</strong></span> <span class='ocrx_word' id='word_1_785' title='bbox 3213 3578 3313 3631; x_wconf 89' lang='lat' dir='ltr'><strong>sibi</strong></span> <span class='ocrx_word' id='word_1_786' title='bbox 3345 3578 3438 3631; x_wconf 90' lang='lat' dir='ltr'><strong>tri-</strong></span> 
     </span>
    </p>
   </div>
   <div class='ocr_carea' id='block_1_104' title="bbox 1866 3667 3433 3727">
    <p class='ocr_par' dir='ltr' id='par_1_104' title="bbox 1866 3667 3433 3727">
     <span class='ocr_line' id='line_1_106' title="bbox 1866 3667 3433 3727; baseline -0.004 0"><span class='ocrx_word' id='word_1_787' title='bbox 1866 3673 2097 3727; x_wconf 90' lang='lat' dir='ltr'><strong>butarias</strong></span> <span class='ocrx_word' id='word_1_788' title='bbox 2152 3669 2376 3724; x_wconf 90' lang='lat' dir='ltr'><strong>fecerint</strong></span> <span class='ocrx_word' id='word_1_789' title='bbox 2428 3667 2701 3721; x_wconf 73' lang='lat' dir='ltr'><strong>lsraelilm.</strong></span> <span class='ocrx_word' id='word_1_790' title='bbox 2748 3667 2875 3719; x_wconf 87' lang='lat' dir='ltr'><strong>Nam</strong></span> <span class='ocrx_word' id='word_1_791' title='bbox 2901 3667 3038 3722; x_wconf 89' lang='lat' dir='ltr'><strong>circa</strong></span> <span class='ocrx_word' id='word_1_792' title='bbox 3072 3667 3194 3720; x_wconf 91' lang='lat' dir='ltr'><strong>belli</strong></span> <span class='ocrx_word' id='word_1_793' title='bbox 3225 3668 3433 3721; x_wconf 87' lang='lat' dir='ltr'><strong>labores</strong></span> 
     </span>
    </p>
   </div>
   <div class='ocr_carea' id='block_1_105' title="bbox 1865 3756 3434 3826">
    <p class='ocr_par' dir='ltr' id='par_1_105' title="bbox 1865 3756 3434 3826">
     <span class='ocr_line' id='line_1_107' title="bbox 1865 3756 3434 3826; baseline -0.003 -11"><span class='ocrx_word' id='word_1_794' title='bbox 1865 3761 2116 3824; x_wconf 88' lang='lat' dir='ltr'><strong>emolliti,</strong></span> <span class='ocrx_word' id='word_1_795' title='bbox 2147 3758 2459 3826; x_wconf 87' lang='lat' dir='ltr'><strong>transgressi</strong></span> <span class='ocrx_word' id='word_1_796' title='bbox 2489 3765 2613 3811; x_wconf 88' lang='lat' dir='ltr'><strong>sunt</strong></span> <span class='ocrx_word' id='word_1_797' title='bbox 2642 3756 2943 3810; x_wconf 89' lang='lat' dir='ltr'><strong>mandatum</strong></span> <span class='ocrx_word' id='word_1_798' title='bbox 2993 3756 3120 3821; x_wconf 87' lang='lat' dir='ltr'><strong>Dei,</strong></span> <span class='ocrx_word' id='word_1_799' title='bbox 3151 3770 3257 3825; x_wconf 93' lang='lat' dir='ltr'><strong>quo</strong></span> <span class='ocrx_word' id='word_1_800' title='bbox 3281 3757 3434 3824; x_wconf 85' lang='lat' dir='ltr'><strong>jube-</strong></span> 
     </span>
    </p>
   </div>
   <div class='ocr_carea' id='block_1_106' title="bbox 1865 3847 3434 3914">
    <p class='ocr_par' dir='ltr' id='par_1_106' title="bbox 1865 3847 3434 3914">
     <span class='ocr_line' id='line_1_108' title="bbox 1865 3847 3434 3914; baseline -0.004 -8"><span class='ocrx_word' id='word_1_801' title='bbox 1865 3854 2056 3906; x_wconf 88' lang='lat' dir='ltr'><strong>bantur</strong></span> <span class='ocrx_word' id='word_1_802' title='bbox 2080 3865 2263 3904; x_wconf 89' lang='lat' dir='ltr'><strong>emncs</strong></span> <span class='ocrx_word' id='word_1_803' title='bbox 2311 3848 2670 3903; x_wconf 91' lang='lat' dir='ltr'><strong>internecione</strong></span> <span class='ocrx_word' id='word_1_804' title='bbox 2695 3847 2892 3900; x_wconf 89' lang='lat' dir='ltr'><strong>delere.</strong></span> <span class='ocrx_word' id='word_1_805' title='bbox 2947 3847 3102 3899; x_wconf 83' lang='lat' dir='ltr'><strong>Venit</strong></span> <span class='ocrx_word' id='word_1_806' title='bbox 3146 3847 3363 3914; x_wconf 87' lang='lat' dir='ltr'><strong>angelus</strong></span> <span class='ocrx_word' id='word_1_807' title='bbox 3405 3862 3434 3899; x_wconf 86' lang='lat' dir='ltr'><strong>a</strong></span> 
     </span>
    </p>
   </div>
   <div class='ocr_carea' id='block_1_107' title="bbox 1869 3937 3432 4006">
    <p class='ocr_par' dir='ltr' id='par_1_107' title="bbox 1869 3937 3432 4006">
     <span class='ocr_line' id='line_1_109' title="bbox 1869 3937 3432 4006; baseline -0.006 -9"><span class='ocrx_word' id='word_1_808' title='bbox 1869 3944 2089 3998; x_wconf 88' lang='lat' dir='ltr'><strong>Domine</strong></span> <span class='ocrx_word' id='word_1_809' title='bbox 2128 3940 2192 3994; x_wconf 89' lang='lat' dir='ltr'><strong>ad</strong></span> <span class='ocrx_word' id='word_1_810' title='bbox 2240 3939 2500 3993; x_wconf 87' lang='lat' dir='ltr'><strong>Israelitas</strong></span> <span class='ocrx_word' id='word_1_811' title='bbox 2523 3978 2536 4002; x_wconf 91' lang='lat'><strong>,</strong></span> <span class='ocrx_word' id='word_1_812' title='bbox 2562 3938 2650 4006; x_wconf 89' lang='lat' dir='ltr'><strong>qui</strong></span> <span class='ocrx_word' id='word_1_813' title='bbox 2683 3939 2892 3990; x_wconf 91' lang='lat' dir='ltr'><strong>illorum</strong></span> <span class='ocrx_word' id='word_1_814' title='bbox 2946 3937 3432 4005; x_wconf 73' lang='lat' dir='ltr'><strong>prmvaricationem</strong></span> 
     </span>
    </p>
   </div>
   <div class='ocr_carea' id='block_1_108' title="bbox 1865 4025 3432 4101">
    <p class='ocr_par' dir='ltr' id='par_1_108' title="bbox 1865 4025 3432 4101">
     <span class='ocr_line' id='line_1_110' title="bbox 1865 4025 3432 4101; baseline -0.006 -14"><span class='ocrx_word' id='word_1_815' title='bbox 1865 4032 2152 4101; x_wconf 82' lang='lat' dir='ltr'><strong>redarguit.</strong></span> <span class='ocrx_word' id='word_1_816' title='bbox 2184 4030 2314 4084; x_wconf 86' lang='lat' dir='ltr'><strong>Cum</strong></span> <span class='ocrx_word' id='word_1_817' title='bbox 2339 4029 2478 4082; x_wconf 92' lang='lat' dir='ltr'><strong>cnim</strong></span> <span class='ocrx_word' id='word_1_818' title='bbox 2511 4028 2830 4096; x_wconf 87' lang='lat' dir='ltr'><strong>eportuisset</strong></span> <span class='ocrx_word' id='word_1_819' title='bbox 2859 4027 2974 4079; x_wconf 90' lang='lat' dir='ltr'><strong>illos</strong></span> <span class='ocrx_word' id='word_1_820' title='bbox 2996 4025 3209 4089; x_wconf 87' lang='lat' dir='ltr'><strong>delere,</strong></span> <span class='ocrx_word' id='word_1_821' title='bbox 3239 4027 3432 4093; x_wconf 85' lang='lat' dir='ltr'><strong>inquit,</strong></span> 
     </span>
    </p>
   </div>
   <div class='ocr_carea' id='block_1_109' title="bbox 1867 4117 3437 4186">
    <p class='ocr_par' dir='ltr' id='par_1_109' title="bbox 1867 4117 3437 4186">
     <span class='ocr_line' id='line_1_111' title="bbox 1867 4117 3437 4186; baseline -0.004 -12"><span class='ocrx_word' id='word_1_822' title='bbox 1867 4138 1960 4176; x_wconf 81' lang='lat' dir='ltr'><strong>vos</strong></span> <span class='ocrx_word' id='word_1_823' title='bbox 1989 4122 2185 4175; x_wconf 75' lang='lat' dir='ltr'><strong>fcedcra</strong></span> <span class='ocrx_word' id='word_1_824' title='bbox 2207 4137 2326 4174; x_wconf 93' lang='lat' dir='ltr'><strong>cum</strong></span> <span class='ocrx_word' id='word_1_825' title='bbox 2361 4119 2489 4186; x_wconf 90' lang='lat' dir='ltr'><strong>ipsis</strong></span> <span class='ocrx_word' id='word_1_826' title='bbox 2511 4117 2700 4171; x_wconf 90' lang='lat' dir='ltr'><strong>iniistis</strong></span> <span class='ocrx_word' id='word_1_827' title='bbox 2729 4135 2740 4168; x_wconf 91' lang='lat'><strong>:</strong></span> <span class='ocrx_word' id='word_1_828' title='bbox 2777 4118 2894 4170; x_wconf 90' lang='lat' dir='ltr'><strong>ideo</strong></span> <span class='ocrx_word' id='word_1_829' title='bbox 2932 4132 3036 4170; x_wconf 90' lang='lat' dir='ltr'><strong>non</strong></span> <span class='ocrx_word' id='word_1_830' title='bbox 3065 4117 3437 4171; x_wconf 82' lang='lat' dir='ltr'><strong>exterminabit</strong></span> 
     </span>
    </p>
   </div>
   <div class='ocr_carea' id='block_1_110' title="bbox 1871 4206 3432 4281">
    <p class='ocr_par' dir='ltr' id='par_1_110' title="bbox 1871 4206 3432 4281">
     <span class='ocr_line' id='line_1_112' title="bbox 1871 4206 3432 4281; baseline -0.004 -16"><span class='ocrx_word' id='word_1_831' title='bbox 1871 4215 1882 4265; x_wconf 98' lang='grc' dir='ltr'><strong>Ι</strong></span> <span class='ocrx_word' id='word_1_832' title='bbox 1911 4229 2006 4267; x_wconf 92' lang='lat' dir='ltr'><strong>eus</strong></span> <span class='ocrx_word' id='word_1_833' title='bbox 2031 4213 2262 4281; x_wconf 90' lang='lat' dir='ltr'><strong>reliquas</strong></span> <span class='ocrx_word' id='word_1_834' title='bbox 2280 4219 2482 4279; x_wconf 88' lang='lat' dir='ltr'><strong>gentes.</strong></span> <span class='ocrx_word' id='word_1_835' title='bbox 2513 4206 2604 4262; x_wconf 87' lang='lat' dir='ltr'><strong>llis</strong></span> <span class='ocrx_word' id='word_1_836' title='bbox 2634 4209 2826 4260; x_wconf 84' lang='lat' dir='ltr'><strong>auditis</strong></span> <span class='ocrx_word' id='word_1_837' title='bbox 2861 4208 2936 4260; x_wconf 91' lang='lat' dir='ltr'><strong>illi</strong></span> <span class='ocrx_word' id='word_1_838' title='bbox 2959 4207 3218 4260; x_wconf 88' lang='lat' dir='ltr'><strong>fleverunt</strong></span> <span class='ocrx_word' id='word_1_839' title='bbox 3243 4207 3432 4259; x_wconf 92' lang='lat' dir='ltr'><strong>unani-</strong></span> 
     </span>
    </p>
   </div>
   <div class='ocr_carea' id='block_1_111' title="bbox 1865 4297 3431 4370">
    <p class='ocr_par' dir='ltr' id='par_1_111' title="bbox 1865 4297 3431 4370">
     <span class='ocr_line' id='line_1_113' title="bbox 1865 4297 3431 4370; baseline -0.005 -14"><span class='ocrx_word' id='word_1_840' title='bbox 1865 4306 2042 4369; x_wconf 89' lang='lat' dir='ltr'><strong>miter,</strong></span> <span class='ocrx_word' id='word_1_841' title='bbox 2072 4305 2321 4370; x_wconf 87' lang='lat' dir='ltr'><strong>locusque</strong></span> <span class='ocrx_word' id='word_1_842' title='bbox 2351 4311 2566 4353; x_wconf 89' lang='lat' dir='ltr'><strong>vocatus</strong></span> <span class='ocrx_word' id='word_1_843' title='bbox 2603 4308 2683 4352; x_wconf 89' lang='lat' dir='ltr'><strong>cst</strong></span> <span class='ocrx_word' id='word_1_844' title='bbox 2730 4298 2928 4352; x_wconf 87' lang='lat' dir='ltr'><strong>Fletus.</strong></span> <span class='ocrx_word' id='word_1_845' title='bbox 2989 4298 3054 4350; x_wconf 84' lang='lat' dir='ltr'><strong>Et</strong></span> <span class='ocrx_word' id='word_1_846' title='bbox 3104 4297 3431 4365; x_wconf 74' lang='lat' dir='ltr'><strong>prrcvaricali</strong></span> 
     </span>
    </p>
   </div>
   <div class='ocr_carea' id='block_1_112' title="bbox 1864 4385 3431 4456">
    <p class='ocr_par' dir='ltr' id='par_1_112' title="bbox 1864 4385 3431 4456">
     <span class='ocr_line' id='line_1_114' title="bbox 1864 4385 3431 4456; baseline -0.008 -6"><span class='ocrx_word' id='word_1_847' title='bbox 1864 4400 2004 4456; x_wconf 83' lang='lat' dir='ltr'><strong>sunt,</strong></span> <span class='ocrx_word' id='word_1_848' title='bbox 2027 4409 2088 4446; x_wconf 88' lang='lat' dir='ltr'><strong>ac</strong></span> <span class='ocrx_word' id='word_1_849' title='bbox 2111 4393 2450 4446; x_wconf 90' lang='lat' dir='ltr'><strong>tradebantur</strong></span> <span class='ocrx_word' id='word_1_850' title='bbox 2473 4388 2730 4451; x_wconf 91' lang='lat' dir='ltr'><strong>hostibus,</strong></span> <span class='ocrx_word' id='word_1_851' title='bbox 2755 4397 2807 4441; x_wconf 89' lang='lat' dir='ltr'><strong>et</strong></span> <span class='ocrx_word' id='word_1_852' title='bbox 2823 4403 2850 4440; x_wconf 93' lang='lat' dir='ltr'><strong>a</strong></span> <span class='ocrx_word' id='word_1_853' title='bbox 2874 4387 3126 4440; x_wconf 78' lang='lat' dir='ltr'><strong>servitute</strong></span> <span class='ocrx_word' id='word_1_854' title='bbox 3144 4385 3431 4439; x_wconf 90' lang='lat' dir='ltr'><strong>liberaban-</strong></span> 
     </span>
    </p>
   </div>
   <div class='ocr_carea' id='block_1_113' title="bbox 1867 4477 3430 4551">
    <p class='ocr_par' dir='ltr' id='par_1_113' title="bbox 1867 4477 3430 4551">
     <span class='ocr_line' id='line_1_115' title="bbox 1867 4477 3430 4551; baseline -0.006 -12"><span class='ocrx_word' id='word_1_855' title='bbox 1867 4496 1969 4550; x_wconf 90' lang='lat' dir='ltr'><strong>tur,</strong></span> <span class='ocrx_word' id='word_1_856' title='bbox 2003 4497 2318 4551; x_wconf 88' lang='lat' dir='ltr'><strong>rursumque</strong></span> <span class='ocrx_word' id='word_1_857' title='bbox 2348 4481 2530 4534; x_wconf 87' lang='lat' dir='ltr'><strong>iisdem</strong></span> <span class='ocrx_word' id='word_1_858' title='bbox 2573 4480 2622 4530; x_wconf 91' lang='lat' dir='ltr'><strong>in</strong></span> <span class='ocrx_word' id='word_1_859' title='bbox 2653 4479 2801 4531; x_wconf 88' lang='lat' dir='ltr'><strong>malis</strong></span> <span class='ocrx_word' id='word_1_860' title='bbox 2832 4477 3262 4546; x_wconf 86' lang='lat' dir='ltr'><strong>perseverabant.</strong></span> <span class='ocrx_word' id='word_1_861' title='bbox 3297 4477 3430 4530; x_wconf 81' lang='lat' dir='ltr'><strong>Tra-</strong></span> 
     </span>
    </p>
   </div>
   <div class='ocr_carea' id='block_1_114' title="bbox 1862 4569 3428 4640">
    <p class='ocr_par' dir='ltr' id='par_1_114' title="bbox 1862 4569 3428 4640">
     <span class='ocr_line' id='line_1_116' title="bbox 1862 4569 3428 4640; baseline -0.008 -9"><span class='ocrx_word' id='word_1_862' title='bbox 1862 4579 1954 4631; x_wconf 92' lang='lat' dir='ltr'><strong>diti</strong></span> <span class='ocrx_word' id='word_1_863' title='bbox 1985 4587 2104 4630; x_wconf 89' lang='lat' dir='ltr'><strong>sunt</strong></span> <span class='ocrx_word' id='word_1_864' title='bbox 2127 4574 2336 4628; x_wconf 72' lang='lat' dir='ltr'><strong>()husah</strong></span> <span class='ocrx_word' id='word_1_865' title='bbox 2356 4570 2554 4626; x_wconf 88' lang='lat' dir='ltr'><strong>Sathon</strong></span> <span class='ocrx_word' id='word_1_866' title='bbox 2577 4570 2685 4638; x_wconf 86' lang='lat' dir='ltr'><strong>regi</strong></span> <span class='ocrx_word' id='word_1_867' title='bbox 2711 4569 2877 4640; x_wconf 60' lang='lat' dir='ltr'><strong>Syria</strong></span> <span class='ocrx_word' id='word_1_868' title='bbox 2898 4569 3048 4622; x_wconf 91' lang='lat' dir='ltr'><strong>annis</strong></span> <span class='ocrx_word' id='word_1_869' title='bbox 3077 4578 3216 4633; x_wconf 89' lang='lat' dir='ltr'><strong>octo,</strong></span> <span class='ocrx_word' id='word_1_870' title='bbox 3243 4578 3295 4622; x_wconf 94' lang='lat' dir='ltr'><strong>et</strong></span> <span class='ocrx_word' id='word_1_871' title='bbox 3321 4569 3428 4620; x_wconf 88' lang='lat' dir='ltr'><strong>eri-</strong></span> 
     </span>
    </p>
   </div>
   <div class='ocr_carea' id='block_1_115' title="bbox 1865 4658 3427 4735">
    <p class='ocr_par' dir='ltr' id='par_1_115' title="bbox 1865 4658 3427 4735">
     <span class='ocr_line' id='line_1_117' title="bbox 1865 4658 3427 4735; baseline -0.006 -16"><span class='ocrx_word' id='word_1_872' title='bbox 1865 4667 1972 4735; x_wconf 92' lang='lat' dir='ltr'><strong>puit</strong></span> <span class='ocrx_word' id='word_1_873' title='bbox 2000 4679 2093 4718; x_wconf 89' lang='lat' dir='ltr'><strong>eos</strong></span> <span class='ocrx_word' id='word_1_874' title='bbox 2122 4664 2369 4715; x_wconf 74' lang='lat' dir='ltr'><strong>Dominus</strong></span> <span class='ocrx_word' id='word_1_875' title='bbox 2400 4676 2493 4729; x_wconf 90' lang='lat' dir='ltr'><strong>per</strong></span> <span class='ocrx_word' id='word_1_876' title='bbox 2519 4659 2798 4714; x_wconf 83' lang='lat' dir='ltr'><strong>Cetheniel</strong></span> <span class='ocrx_word' id='word_1_877' title='bbox 2823 4659 3077 4725; x_wconf 90' lang='lat' dir='ltr'><strong>judicem.</strong></span> <span class='ocrx_word' id='word_1_878' title='bbox 3137 4659 3203 4712; x_wconf 92' lang='lat' dir='ltr'><strong>Et</strong></span> <span class='ocrx_word' id='word_1_879' title='bbox 3251 4658 3427 4712; x_wconf 84' lang='lat' dir='ltr'><strong>traditi</strong></span> 
     </span>
    </p>
   </div>
   <div class='ocr_carea' id='block_1_116' title="bbox 1862 4749 3425 4819">
    <p class='ocr_par' dir='ltr' id='par_1_116' title="bbox 1862 4749 3425 4819">
     <span class='ocr_line' id='line_1_118' title="bbox 1862 4749 3425 4819; baseline -0.006 -9"><span class='ocrx_word' id='word_1_880' title='bbox 1862 4766 1983 4810; x_wconf 90' lang='lat' dir='ltr'><strong>sunt</strong></span> <span class='ocrx_word' id='word_1_881' title='bbox 2009 4756 2188 4819; x_wconf 80' lang='lat' dir='ltr'><strong>Eglom</strong></span> <span class='ocrx_word' id='word_1_882' title='bbox 2214 4754 2321 4819; x_wconf 81' lang='lat' dir='ltr'><strong>regi</strong></span> <span class='ocrx_word' id='word_1_883' title='bbox 2346 4751 2519 4816; x_wconf 86' lang='lat' dir='ltr'><strong>Moab,</strong></span> <span class='ocrx_word' id='word_1_884' title='bbox 2542 4761 2596 4805; x_wconf 90' lang='lat' dir='ltr'><strong>et</strong></span> <span class='ocrx_word' id='word_1_885' title='bbox 2631 4752 2992 4803; x_wconf 90' lang='lat' dir='ltr'><strong>clamaverunt</strong></span> <span class='ocrx_word' id='word_1_886' title='bbox 3027 4750 3089 4803; x_wconf 90' lang='lat' dir='ltr'><strong>ad</strong></span> <span class='ocrx_word' id='word_1_887' title='bbox 3125 4749 3425 4810; x_wconf 89' lang='lat' dir='ltr'><strong>Dominum,</strong></span> 
     </span>
    </p>
   </div>
   <div class='ocr_carea' id='block_1_117' title="bbox 1862 4840 3400 4912">
    <p class='ocr_par' dir='ltr' id='par_1_117' title="bbox 1862 4840 3400 4912">
     <span class='ocr_line' id='line_1_119' title="bbox 1862 4840 3400 4912; baseline -0.007 -10"><span class='ocrx_word' id='word_1_888' title='bbox 1862 4857 1914 4902; x_wconf 92' lang='lat' dir='ltr'><strong>ct</strong></span> <span class='ocrx_word' id='word_1_889' title='bbox 1940 4846 2208 4901; x_wconf 88' lang='lat' dir='ltr'><strong>suscitavit</strong></span> <span class='ocrx_word' id='word_1_890' title='bbox 2236 4845 2337 4897; x_wconf 90' lang='lat' dir='ltr'><strong>illis</strong></span> <span class='ocrx_word' id='word_1_891' title='bbox 2361 4844 2492 4908; x_wconf 80' lang='lat' dir='ltr'><strong>Aed,</strong></span> <span class='ocrx_word' id='word_1_892' title='bbox 2523 4845 2609 4912; x_wconf 91' lang='lat' dir='ltr'><strong>qui</strong></span> <span class='ocrx_word' id='word_1_893' title='bbox 2639 4843 2760 4896; x_wconf 90' lang='lat' dir='ltr'><strong>dolo</strong></span> <span class='ocrx_word' id='word_1_894' title='bbox 2788 4841 2979 4895; x_wconf 91' lang='lat' dir='ltr'><strong>occidit</strong></span> <span class='ocrx_word' id='word_1_895' title='bbox 3001 4841 3183 4909; x_wconf 87' lang='lat' dir='ltr'><strong>Eglem</strong></span> <span class='ocrx_word' id='word_1_896' title='bbox 3209 4849 3263 4893; x_wconf 91' lang='lat' dir='ltr'><strong>ct</strong></span> <span class='ocrx_word' id='word_1_897' title='bbox 3284 4840 3400 4893; x_wconf 89' lang='lat' dir='ltr'><strong>Moa</strong></span> 
     </span>
    </p>
   </div>
   <div class='ocr_carea' id='block_1_118' title="bbox 1860 4932 3423 5002">
    <p class='ocr_par' dir='ltr' id='par_1_118' title="bbox 1860 4932 3423 5002">
     <span class='ocr_line' id='line_1_120' title="bbox 1860 4932 3423 5002; baseline -0.005 -11"><span class='ocrx_word' id='word_1_898' title='bbox 1860 4936 2013 4991; x_wconf 82' lang='lat' dir='ltr'><strong>bitas.</strong></span> <span class='ocrx_word' id='word_1_899' title='bbox 2048 4935 2171 4988; x_wconf 85' lang='lat' dir='ltr'><strong>Post</strong></span> <span class='ocrx_word' id='word_1_900' title='bbox 2200 4933 2337 4988; x_wconf 91' lang='lat' dir='ltr'><strong>hunc</strong></span> <span class='ocrx_word' id='word_1_901' title='bbox 2365 4935 2541 5002; x_wconf 84' lang='lat' dir='ltr'><strong>pepuli</strong></span> <span class='ocrx_word' id='word_1_902' title='bbox 2565 4934 2723 5001; x_wconf 87' lang='lat' dir='ltr'><strong>judcx</strong></span> <span class='ocrx_word' id='word_1_903' title='bbox 2754 4932 2846 4984; x_wconf 91' lang='lat' dir='ltr'><strong>fuit</strong></span> <span class='ocrx_word' id='word_1_904' title='bbox 2869 4934 3141 4999; x_wconf 83' lang='lat' dir='ltr'><strong>Somcgar,</strong></span> <span class='ocrx_word' id='word_1_905' title='bbox 3161 4939 3213 4984; x_wconf 87' lang='lat' dir='ltr'><strong>et</strong></span> <span class='ocrx_word' id='word_1_906' title='bbox 3241 4939 3423 4999; x_wconf 89' lang='lat' dir='ltr'><strong>postea</strong></span> 
     </span>
    </p>
   </div>
   <div class='ocr_carea' id='block_1_119' title="bbox 1862 5024 3422 5095">
    <p class='ocr_par' dir='ltr' id='par_1_119' title="bbox 1862 5024 3422 5095">
     <span class='ocr_line' id='line_1_121' title="bbox 1862 5024 3422 5095; baseline -0.003 -14"><span class='ocrx_word' id='word_1_907' title='bbox 1862 5028 2062 5081; x_wconf 87' lang='lat' dir='ltr'><strong>Debera</strong></span> <span class='ocrx_word' id='word_1_908' title='bbox 2093 5026 2283 5079; x_wconf 89' lang='lat' dir='ltr'><strong>mulier</strong></span> <span class='ocrx_word' id='word_1_909' title='bbox 2310 5027 2660 5095; x_wconf 85' lang='lat' dir='ltr'><strong>prophetissa.</strong></span> <span class='ocrx_word' id='word_1_910' title='bbox 2691 5025 2819 5077; x_wconf 90' lang='lat' dir='ltr'><strong>Cum</strong></span> <span class='ocrx_word' id='word_1_911' title='bbox 2848 5033 3021 5076; x_wconf 86' lang='lat' dir='ltr'><strong>autem</strong></span> <span class='ocrx_word' id='word_1_912' title='bbox 3045 5024 3153 5091; x_wconf 85' lang='lat' dir='ltr'><strong>regi</strong></span> <span class='ocrx_word' id='word_1_913' title='bbox 3177 5024 3422 5077; x_wconf 81' lang='lat' dir='ltr'><strong>Chanaan</strong></span> 
     </span>
    </p>
   </div>
   <div class='ocr_carea' id='block_1_120' title="bbox 1860 5110 3418 5182">
    <p class='ocr_par' dir='ltr' id='par_1_120' title="bbox 1860 5110 3418 5182">
     <span class='ocr_line' id='line_1_122' title="bbox 1860 5110 3418 5182; baseline -0.001 -11"><span class='ocrx_word' id='word_1_914' title='bbox 1860 5117 2119 5171; x_wconf 87' lang='lat' dir='ltr'><strong>servirent</strong></span> <span class='ocrx_word' id='word_1_915' title='bbox 2145 5116 2413 5181; x_wconf 73' lang='lat' dir='ltr'><strong>Israelitm,</strong></span> <span class='ocrx_word' id='word_1_916' title='bbox 2443 5117 2694 5169; x_wconf 81' lang='lat' dir='ltr'><strong>Baracum</strong></span> <span class='ocrx_word' id='word_1_917' title='bbox 2728 5114 2876 5182; x_wconf 90' lang='lat' dir='ltr'><strong>jubet</strong></span> <span class='ocrx_word' id='word_1_918' title='bbox 2905 5110 3106 5166; x_wconf 90' lang='lat' dir='ltr'><strong>Debera</strong></span> <span class='ocrx_word' id='word_1_919' title='bbox 3142 5129 3198 5168; x_wconf 88' lang='lat' dir='ltr'><strong>se</strong></span> <span class='ocrx_word' id='word_1_920' title='bbox 3239 5114 3418 5169; x_wconf 90' lang='lat' dir='ltr'><strong>ducem</strong></span> 
     </span>
    </p>
   </div>
   <div class='ocr_carea' id='block_1_121' title="bbox 1859 5204 3414 5276">
    <p class='ocr_par' dir='ltr' id='par_1_121' title="bbox 1859 5204 3414 5276">
     <span class='ocr_line' id='line_1_123' title="bbox 1859 5204 3414 5276; baseline -0.003 -14"><span class='ocrx_word' id='word_1_921' title='bbox 1859 5209 1979 5262; x_wconf 83' lang='lat' dir='ltr'><strong>belli</strong></span> <span class='ocrx_word' id='word_1_922' title='bbox 2007 5209 2262 5276; x_wconf 62' lang='lat' dir='ltr'><strong>pratbere.</strong></span> <span class='ocrx_word' id='word_1_923' title='bbox 2295 5205 2385 5260; x_wconf 89' lang='lat' dir='ltr'><strong>Ille</strong></span> <span class='ocrx_word' id='word_1_924' title='bbox 2414 5207 2596 5269; x_wconf 87' lang='lat' dir='ltr'><strong>noluit,</strong></span> <span class='ocrx_word' id='word_1_925' title='bbox 2631 5204 2729 5257; x_wconf 90' lang='lat' dir='ltr'><strong>nisi</strong></span> <span class='ocrx_word' id='word_1_926' title='bbox 2752 5213 2803 5257; x_wconf 90' lang='lat' dir='ltr'><strong>et</strong></span> <span class='ocrx_word' id='word_1_927' title='bbox 2829 5205 2912 5257; x_wconf 91' lang='lat' dir='ltr'><strong>illa</strong></span> <span class='ocrx_word' id='word_1_928' title='bbox 2935 5219 3054 5257; x_wconf 90' lang='lat' dir='ltr'><strong>cum</strong></span> <span class='ocrx_word' id='word_1_929' title='bbox 3086 5205 3197 5272; x_wconf 86' lang='lat' dir='ltr'><strong>ipso</strong></span> <span class='ocrx_word' id='word_1_930' title='bbox 3215 5206 3414 5258; x_wconf 84' lang='lat' dir='ltr'><strong>exiret:</strong></span> 
     </span>
    </p>
   </div>
   <div class='ocr_carea' id='block_1_122' title="bbox 1858 5295 3422 5366">
    <p class='ocr_par' dir='ltr' id='par_1_122' title="bbox 1858 5295 3422 5366">
     <span class='ocr_line' id='line_1_124' title="bbox 1858 5295 3422 5366; baseline -0.003 -14"><span class='ocrx_word' id='word_1_931' title='bbox 1858 5299 2119 5366; x_wconf 71' lang='lat' dir='ltr'><strong>exivitque</strong></span> <span class='ocrx_word' id='word_1_932' title='bbox 2150 5298 2354 5350; x_wconf 90' lang='lat' dir='ltr'><strong>mulier.</strong></span> <span class='ocrx_word' id='word_1_933' title='bbox 2380 5296 2672 5349; x_wconf 64' lang='lat' dir='ltr'><strong>Commisso</strong></span> <span class='ocrx_word' id='word_1_934' title='bbox 2698 5295 2898 5364; x_wconf 69' lang='lat' dir='ltr'><strong>prazlio,</strong></span> <span class='ocrx_word' id='word_1_935' title='bbox 2927 5295 3167 5364; x_wconf 87' lang='lat' dir='ltr'><strong>fugerunt</strong></span> <span class='ocrx_word' id='word_1_936' title='bbox 3195 5295 3376 5348; x_wconf 91' lang='lat' dir='ltr'><strong>hostes</strong></span> <span class='ocrx_word' id='word_1_937' title='bbox 3404 5311 3422 5348; x_wconf 68' lang='grc' dir='ltr'><strong>ι</strong></span> 
     </span>
    </p>
   </div>
   <div class='ocr_carea' id='block_1_123' title="bbox 1859 5384 3423 5456">
    <p class='ocr_par' dir='ltr' id='par_1_123' title="bbox 1859 5384 3423 5456">
     <span class='ocr_line' id='line_1_125' title="bbox 1859 5384 3423 5456; baseline -0.001 -16"><span class='ocrx_word' id='word_1_938' title='bbox 1859 5387 2067 5456; x_wconf 80' lang='lat' dir='ltr'><strong>duxque</strong></span> <span class='ocrx_word' id='word_1_939' title='bbox 2093 5387 2252 5441; x_wconf 85' lang='lat' dir='ltr'><strong>Jabisi</strong></span> <span class='ocrx_word' id='word_1_940' title='bbox 2280 5387 2454 5440; x_wconf 89' lang='lat' dir='ltr'><strong>Sisara</strong></span> <span class='ocrx_word' id='word_1_941' title='bbox 2486 5384 2745 5440; x_wconf 88' lang='lat' dir='ltr'><strong>accedens</strong></span> <span class='ocrx_word' id='word_1_942' title='bbox 2785 5385 2850 5438; x_wconf 92' lang='lat' dir='ltr'><strong>ad</strong></span> <span class='ocrx_word' id='word_1_943' title='bbox 2905 5387 3183 5453; x_wconf 91' lang='lat' dir='ltr'><strong>quamdam</strong></span> <span class='ocrx_word' id='word_1_944' title='bbox 3237 5387 3423 5439; x_wconf 79' lang='lat' dir='ltr'><strong>mulie-</strong></span> 
     </span>
    </p>
   </div>
   <div class='ocr_carea' id='block_1_124' title="bbox 1924 5526 3421 5590">
    <p class='ocr_par' dir='ltr' id='par_1_124' title="bbox 1924 5526 3421 5590">
     <span class='ocr_line' id='line_1_126' title="bbox 1924 5526 3421 5590; baseline 0.002 -17"><span class='ocrx_word' id='word_1_945' title='bbox 1924 5528 1994 5588; x_wconf 85' lang='grc' dir='ltr'><strong>(α)</strong></span> <span class='ocrx_word' id='word_1_946' title='bbox 2020 5535 2127 5577; x_wconf 74' lang='lat' dir='ltr'><strong>llmc</strong></span> <span class='ocrx_word' id='word_1_947' title='bbox 2146 5543 2254 5590; x_wconf 67' lang='lat' dir='ltr'><strong>quze</strong></span> <span class='ocrx_word' id='word_1_948' title='bbox 2278 5529 2338 5576; x_wconf 89' lang='lat' dir='ltr'><strong>de</strong></span> <span class='ocrx_word' id='word_1_949' title='bbox 2364 5529 2549 5589; x_wconf 73' lang='lat' dir='ltr'><strong>nglom</strong></span> <span class='ocrx_word' id='word_1_950' title='bbox 2565 5530 2640 5577; x_wconf 92' lang='lat' dir='ltr'><strong>hic</strong></span> <span class='ocrx_word' id='word_1_951' title='bbox 2661 5526 2908 5588; x_wconf 80' lang='lat' dir='ltr'><strong>leguntur,</strong></span> <span class='ocrx_word' id='word_1_952' title='bbox 2935 5541 2994 5590; x_wconf 85' lang='lat' dir='ltr'><strong>ex</strong></span> <span class='ocrx_word' id='word_1_953' title='bbox 3018 5529 3173 5588; x_wconf 83' lang='lat' dir='ltr'><strong>capite</strong></span> <span class='ocrx_word' id='word_1_954' title='bbox 3196 5531 3421 5588; x_wconf 86' lang='lat' dir='ltr'><strong>sequenti</strong></span> 
     </span>
    </p>
   </div>
   <div class='ocr_carea' id='block_1_125' title="bbox 1858 5589 3419 5649">
    <p class='ocr_par' dir='ltr' id='par_1_125' title="bbox 1858 5589 3419 5649">
     <span class='ocr_line' id='line_1_127' title="bbox 1858 5589 3419 5649; baseline -0.003 -14"><span class='ocrx_word' id='word_1_955' title='bbox 1858 5589 1951 5636; x_wconf 91' lang='lat' dir='ltr'><strong>Iutc</strong></span> <span class='ocrx_word' id='word_1_956' title='bbox 1992 5589 2305 5649; x_wconf 83' lang='lat' dir='ltr'><strong>transsumpta</strong></span> <span class='ocrx_word' id='word_1_957' title='bbox 2335 5600 2447 5638; x_wconf 89' lang='lat' dir='ltr'><strong>sunt</strong></span> <span class='ocrx_word' id='word_1_958' title='bbox 2480 5592 2526 5637; x_wconf 90' lang='lat' dir='ltr'><strong>in</strong></span> <span class='ocrx_word' id='word_1_959' title='bbox 2552 5597 2686 5638; x_wconf 87' lang='lat' dir='ltr'><strong>textu</strong></span> <span class='ocrx_word' id='word_1_960' title='bbox 2712 5597 2838 5646; x_wconf 71' lang='lat' dir='ltr'><strong>LXX,</strong></span> <span class='ocrx_word' id='word_1_961' title='bbox 2863 5603 2954 5636; x_wconf 89' lang='lat' dir='ltr'><strong>nec</strong></span> <span class='ocrx_word' id='word_1_962' title='bbox 2979 5589 3215 5649; x_wconf 81' lang='lat' dir='ltr'><strong>habentur</strong></span> <span class='ocrx_word' id='word_1_963' title='bbox 3258 5590 3300 5635; x_wconf 83' lang='lat' dir='ltr'><strong>iu</strong></span> <span class='ocrx_word' id='word_1_964' title='bbox 3329 5598 3419 5634; x_wconf 65' lang='lat' dir='ltr'><strong>Ili-.-</strong></span> 
     </span>
    </p>
   </div>
   <div class='ocr_carea' id='block_1_126' title="bbox 1857 5646 3426 5711">
    <p class='ocr_par' dir='ltr' id='par_1_126' title="bbox 1857 5646 3426 5711">
     <span class='ocr_line' id='line_1_128' title="bbox 1857 5646 3426 5711; baseline 0 -15"><span class='ocrx_word' id='word_1_965' title='bbox 1857 5650 1989 5696; x_wconf 78' lang='lat' dir='ltr'><strong>hrtco</strong></span> <span class='ocrx_word' id='word_1_966' title='bbox 2015 5663 2026 5697; x_wconf 89' lang='lat'><strong>:</strong></span> <span class='ocrx_word' id='word_1_967' title='bbox 2062 5663 2170 5711; x_wconf 65' lang='lat' dir='ltr'><strong>quae</strong></span> <span class='ocrx_word' id='word_1_968' title='bbox 2197 5646 2335 5710; x_wconf 81' lang='lat' dir='ltr'><strong>porro</strong></span> <span class='ocrx_word' id='word_1_969' title='bbox 2357 5657 2418 5711; x_wconf 79' lang='lat' dir='ltr'><strong>de</strong></span> <span class='ocrx_word' id='word_1_970' title='bbox 2446 5650 2630 5710; x_wconf 64' lang='lat' dir='ltr'><strong>{Eglom</strong></span> <span class='ocrx_word' id='word_1_971' title='bbox 2659 5652 2732 5697; x_wconf 88' lang='lat' dir='ltr'><strong>hic</strong></span> <span class='ocrx_word' id='word_1_972' title='bbox 2762 5649 2921 5711; x_wconf 81' lang='lat' dir='ltr'><strong>paucis</strong></span> <span class='ocrx_word' id='word_1_973' title='bbox 2946 5653 3105 5696; x_wconf 79' lang='lat' dir='ltr'><strong>verbis</strong></span> <span class='ocrx_word' id='word_1_974' title='bbox 3123 5646 3360 5711; x_wconf 65' lang='lat' dir='ltr'><strong>dicuntur</strong></span> <span class='ocrx_word' id='word_1_975' title='bbox 3382 5657 3426 5706; x_wconf 57' lang='lat' dir='ltr'><strong>in</strong></span> 
     </span>
    </p>
   </div>
   <div class='ocr_carea' id='block_1_127' title="bbox 1859 5708 3293 5774">
    <p class='ocr_par' dir='ltr' id='par_1_127' title="bbox 1859 5708 3293 5774">
     <span class='ocr_line' id='line_1_129' title="bbox 1859 5708 3293 5774; baseline -0.003 -15"><span class='ocrx_word' id='word_1_976' title='bbox 1859 5712 2030 5760; x_wconf 89' lang='lat' dir='ltr'><strong>eadem</strong></span> <span class='ocrx_word' id='word_1_977' title='bbox 2065 5708 2295 5771; x_wconf 72' lang='lat' dir='ltr'><strong>t-iditienc,</strong></span> <span class='ocrx_word' id='word_1_978' title='bbox 2323 5708 2536 5774; x_wconf 78' lang='lat' dir='ltr'><strong>pluribus</strong></span> <span class='ocrx_word' id='word_1_979' title='bbox 2556 5708 2802 5760; x_wconf 86' lang='lat' dir='ltr'><strong>narrantur</strong></span> <span class='ocrx_word' id='word_1_980' title='bbox 2828 5711 2871 5756; x_wconf 90' lang='lat' dir='ltr'><strong>in</strong></span> <span class='ocrx_word' id='word_1_981' title='bbox 2897 5709 3016 5756; x_wconf 88' lang='lat' dir='ltr'><strong>libro</strong></span> <span class='ocrx_word' id='word_1_982' title='bbox 3048 5708 3219 5755; x_wconf 80' lang='lat' dir='ltr'><strong>.tudteu</strong></span> <span class='ocrx_word' id='word_1_983' title='bbox 3245 5728 3293 5755; x_wconf 75' lang='lat' dir='ltr'><strong>n.</strong></span> 
     </span>
    </p>
   </div>
   <div class='ocr_carea' id='block_1_128' title="bbox 2985 5812 3050 5868">
    <p class='ocr_par' dir='ltr' id='par_1_128' title="bbox 2985 5812 3050 5868">
     <span class='ocr_line' id='line_1_130' title="bbox 2985 5812 3050 5868; baseline -0.031 0"><span class='ocrx_word' id='word_1_984' title='bbox 2985 5812 3050 5868; x_wconf 68' lang='grc'><strong>21</strong></span> 
     </span>
    </p>
   </div>
  </div>
