4000 6220
586 378 697 434 339

584 490 693 529 rem
723 473 917 528 Jaélem
951 471 1142 526 dictam
1163 509 1176 532 ,
1209 467 1419 536 petebat
1446 465 1510 520 ab
1539 465 1624 517 illa
1656 472 1838 532 potum
1874 481 1887 516 :
1913 462 1999 514 illa
2029 473 2122 528 pro

584 577 715 631 aqua
739 563 817 614 lae
843 561 914 613 illi
945 558 1107 612 dedit.
1131 557 1199 611 Ut
1231 564 1403 609 autem
1430 563 1546 621 post
1575 561 1753 620 potum
1786 548 2124 610 obdormivit,

584 659 848 716 arreptum
874 654 1072 701 vectem
1101 644 1288 698 mulier
1322 658 1416 712 per
1445 652 1676 708 tempora
1703 640 1816 706 ejus
1846 635 2124 690 transfixit.

585 738 672 792 Sic
701 746 933 790 mortuus
963 742 1043 787 est
1070 731 1244 786 Sisara
1270 746 1282 782 :
1311 731 1679 798 ingressusque
1719 726 1882 779 Barac
1905 723 2033 777 vidit
2067 723 2123 776 il-

585 827 690 878 lum
736 831 1017 876 mortuum.
1076 821 1222 873 Tunc
1270 818 1526 872 canticum
1576 813 1886 882 triumphale
1939 811 2131 865 cecinit

588 913 809 966 Debora.
831 911 1030 964 Rursus
1050 909 1319 962 traduntur
1346 906 1589 959 Israelita:
1608 905 1658 957 iu
1683 918 1868 956 manus
1885 901 2126 961 Madiam;

585 1017 706 1058 nam
735 1000 1031 1068 frequenter
1058 999 1216 1050 Deum
1249 994 1539 1049 irritabant.
1563 993 1705 1045 Tunc
1730 991 1962 1045 Gedeoni
1992 991 2129 1042 visus

585 1101 666 1144 est
707 1089 940 1158 angelus,
972 1087 1058 1155 qui
1090 1086 1236 1138 illum
1261 1084 1325 1136 ad
1353 1083 1541 1136 bellum
1579 1080 1878 1134 concitavit.
1930 1078 2129 1132 Dehinc

585 1179 820 1247 praecipit
839 1178 912 1229 illi
933 1177 1182 1228 Dominus
1210 1181 1265 1226 ut
1285 1171 1576 1225 immolaret
1601 1169 1817 1222 vitulum
1839 1167 2128 1235 saginatum

587 1268 748 1333 patris
794 1264 895 1328 sui,
924 1273 976 1318 et
1011 1263 1224 1316 afferret
1265 1261 1626 1314 holocaustum
1651 1299 1664 1321 ,
1691 1259 1963 1326 Baalisque
1987 1273 2129 1309 aram

583 1358 896 1412 destrueret.
936 1353 1115 1407 Paruit
1155 1351 1261 1414 ille,
1284 1359 1337 1404 et
1386 1350 1575 1404 obtulit
1617 1348 1972 1401 holocaustum
2000 1347 2124 1399 Deo.

585 1445 907 1518 Signumque
938 1447 1066 1515 petit
1091 1444 1304 1500 Gedeon
1333 1443 1420 1511 qui
1449 1453 1502 1497 et
1522 1441 1761 1494 .lerobaal
1791 1448 2002 1492 vocatus
2025 1448 2126 1501 est,

588 1539 640 1589 in
664 1536 858 1589 vellere
881 1535 1094 1588 editum.
1123 1533 1446 1599 Jubeturque
1466 1539 1629 1584 totum
1648 1529 1912 1582 dimittere
1931 1529 2132 1582 exerci-

587 1633 719 1687 tum,
744 1633 1106 1691 trecentosque
1129 1630 1328 1674 tantum
1352 1620 1598 1674 retinere.
1641 1618 1697 1670 Id
1719 1617 1858 1686 quod
1881 1617 1966 1671 ille
1986 1617 2128 1681 fecit,

588 1727 639 1769 et
663 1729 974 1784 congressus
994 1729 1112 1768 cum
1140 1711 1463 1780 lampadibus
1482 1719 1535 1762 et
1565 1709 1701 1762 tubis
1718 1749 1732 1773 ,
1766 1709 1943 1761 hostes
1958 1708 2131 1775 proﬂi-

587 1805 744 1873 gavit.
767 1803 914 1857 Tunc
939 1802 1095 1856 occisi
1116 1810 1236 1855 sunt
1259 1800 1397 1855 Oreb
1412 1808 1465 1852 et
1479 1799 1586 1852 Zeb
1604 1797 1859 1865 principes
1885 1797 2127 1862 Madiam,

589 1909 642 1952 et
668 1898 837 1954 Zebee
861 1908 913 1952 et
939 1898 1180 1953 Salmana
1210 1911 1380 1965 reges.
1420 1896 1635 1951 Gedeon
1665 1896 1894 1949 moriens
1919 1893 2131 1960 reliquit

589 1986 727 2040 filios
747 1989 1086 2055 septuaginta,
1111 1996 1162 2039 et
1182 2001 1248 2039 ex
1273 1987 1558 2039 concubina
1578 2000 1737 2038 unum
1752 1984 2128 2038 Abimelecum.

591 2076 687 2131 Hic
720 2077 906 2130 occisis
945 2077 1265 2144 septuaginta
1305 2075 1584 2140 fratribus,
1616 2089 1832 2143 regnum
1872 2074 2127 2128 obtinuit:

589 2181 689 2220 uec
706 2166 868 2219 multo
883 2167 1059 2235 elapso
1081 2174 1316 2234 tempore
1333 2165 1598 2218 fratricidii
1614 2179 1795 2231 ptenas
1813 2163 1973 2218 dedit.
2002 2162 2132 2216 Cum

591 2254 730 2308 enim
755 2255 805 2307 in
832 2254 1010 2322 praelio
1038 2254 1347 2308 accessisset
1369 2253 1432 2306 ad
1461 2253 1735 2320 quamdam
1759 2252 1964 2316 urbem,
1998 2251 2133 2319 frag-

590 2351 769 2396 mento
804 2342 955 2396 mola:
998 2352 1152 2410 caput
1180 2343 1294 2410 ejus
1334 2357 1362 2394 a
1394 2342 1610 2395 muliere
1656 2339 1980 2395 confractum
2029 2351 2129 2404 est,

587 2434 781 2502 illeque
799 2434 955 2486 vitam
975 2435 1168 2487 amisit.
1197 2433 1321 2486 Post
1360 2433 1626 2487 Abimelec
1651 2431 1900 2498 judicavit
1935 2430 2095 2483 Thula
2116 2469 2133 2491 ,

592 2532 712 2592 post
734 2523 950 2576 Thalam
976 2522 1104 2576 Jair.
1135 2523 1200 2576 Et
1219 2523 1550 2576 irritaverunt
1571 2523 1735 2575 Deum
1762 2520 1853 2574 filii
1884 2521 2057 2583 Israel,
2080 2528 2134 2572 et

594 2611 767 2666 traditi
796 2621 917 2666 sunt
944 2613 994 2665 in
1017 2627 1202 2666 manus
1225 2612 1474 2665 Ammon.
1526 2611 1673 2664 Tunc
1693 2609 1934 2678 Jephtha:
1960 2623 2134 2662 mere-

594 2700 737 2754 tricis
762 2699 922 2753 filium
948 2711 1000 2753 et
1027 2715 1056 2752 a
1082 2700 1238 2753 domo
1265 2708 1478 2767 paterna
1506 2712 1600 2767 per
1649 2698 1836 2752 fratres
1885 2696 2132 2764 ejectum,

594 2787 780 2844 ducem
807 2788 930 2842 belli
957 2797 1137 2841 contra
1165 2788 1298 2841 filios
1328 2789 1550 2840 Ammon
1592 2800 1708 2840 esse
1733 2793 1918 2852 rogant
1947 2783 2137 2850 princi-

593 2890 688 2944 pes
714 2876 922 2945 populi,
951 2876 1152 2944 ipsique
1176 2875 1449 2941 imperium
1481 2873 1711 2926 tradunt.
1748 2873 1838 2925 Ille
1862 2871 2136 2940 obtempe-

592 2967 748 3032 ravit,
775 2982 836 3020 ac
877 2966 1059 3033 legatis
1089 2965 1156 3019 ad
1183 2979 1358 3034 regem
1402 2964 1626 3016 filiorum
1668 2964 1891 3016 Ammon
1941 2961 2134 3023 missis,

588 3071 712 3110 eum
741 3056 871 3108 nihil
895 3054 1163 3118 suasisset,
1192 3061 1347 3106 vovet
1370 3067 1428 3106 se
1455 3052 1562 3105 Deo
1603 3051 1988 3104 immolaturum
2017 3063 2136 3103 eum

594 3145 681 3211 qui
708 3145 904 3213 primus
935 3143 1032 3211 ipsi
1054 3149 1368 3205 occurreret,
1398 3141 1442 3194 si
1467 3140 1666 3194 rediret
1691 3155 1757 3194 ex
1786 3139 1925 3192 bello
1952 3155 1966 3191 :
1990 3152 2138 3191 eom-

594 3235 758 3288 misso
781 3233 964 3301 prailio
991 3245 1110 3285 cum
1140 3230 1350 3283 vicisset
1368 3229 1565 3292 hostes,
1597 3227 1752 3280 tiliam
1782 3241 1928 3281 suam
1956 3226 2142 3280 immo-

595 3323 671 3376 lat
694 3337 707 3373 :
733 3322 844 3390 ipsa
869 3320 1007 3375 enim
1041 3320 1181 3388 prior
1207 3318 1434 3372 occurrit
1459 3316 1553 3371 illi.
1581 3316 1780 3368 Rursus
1807 3316 2142 3368 irritaverant

598 3414 760 3466 Deum
779 3411 866 3464 filii
887 3409 1076 3475 Israel,
1107 3419 1162 3463 et
1183 3408 1356 3461 traditi
1383 3415 1505 3461 sunt
1545 3407 1595 3459 in
1619 3419 1802 3458 manus
1826 3405 2141 3472 alienigena-

597 3516 737 3555 rum.
763 3500 909 3553 Tunc
945 3499 1177 3551 nascitur
1218 3495 1513 3563 Sampson,
1554 3503 1609 3547 et
1653 3494 1764 3546 visa
1816 3493 2034 3546 muliere
2090 3492 2140 3544 in

598 3588 946 3652 'l‘bamnatha,
979 3588 1093 3655 ejus
1113 3600 1291 3638 amore
1316 3597 1498 3651 captus
1515 3592 1614 3646 est,
1639 3583 1906 3651 ipsamque
1927 3595 2143 3634 uxorem

599 3683 794 3735 ducere
823 3679 1052 3733 volebat.
1083 3677 1332 3730 Parentes
1365 3685 1536 3729 autem
1562 3675 1731 3742 primo
1770 3672 2140 3740 impediebant,

600 3771 740 3840 quod
771 3772 854 3823 illa
884 3769 1171 3835 alienigena
1199 3775 1339 3819 esset
1367 3783 1380 3818 :
1411 3776 1464 3818 ut
1500 3773 1673 3818 autem
1698 3763 1938 3816 viderunt
1979 3763 2145 3829 ipsum

599 3863 906 3920 instantem,
933 3873 1036 3910 non
1060 3857 1190 3908 ultra
1210 3854 1765 3928 prohibueruntﬁum
1789 3850 2144 3905 abiretantem

600 3949 668 4011 de
695 3948 780 4001 illa
808 3946 1220 4015 colloquuturus,
1252 3944 1481 3998 occurrit
1509 3943 1586 3996 illi
1611 3943 1692 3996 leo
1719 3955 1873 4010 quem
1908 3939 2146 3993 manibus

603 4038 712 4090 suis
738 4034 946 4089 occidit.
997 4034 1127 4086 Cum
1171 4042 1341 4085 autem
1370 4032 1561 4098 nuptiae
1593 4028 1919 4083 celebrandae
1948 4033 2144 4092 essent,

601 4138 810 4180 rursum
839 4121 1133 4192 profectus,
1162 4120 1303 4174 videt
1339 4119 1511 4171 favum
1542 4118 1714 4172 mellis
1753 4117 1804 4170 in
1830 4131 1921 4169 ore
1946 4116 2112 4168 leonis
2130 4154 2145 4178 ,

602 4229 758 4283 quem
787 4211 1083 4272 occiderat,
1115 4219 1167 4262 et
1200 4216 1473 4276 acceptum
1500 4206 1748 4266 comedit,
1778 4204 2023 4270 deditque
2061 4219 2149 4270 pa-

602 4303 838 4358 rcntibus
857 4311 912 4355 et
937 4300 1237 4354 concivibus
1263 4297 1370 4351 suis
1399 4313 1411 4348 :
1443 4305 1598 4364 atque
1636 4294 1856 4361 aenigma
1888 4293 2152 4358 proposuit

605 4394 732 4461 ipsis
758 4391 937 4444 dicens
969 4405 982 4441 :
1025 4389 1103 4441 Ea:
1137 4403 1219 4440 ore
1247 4385 1544 4440 comedenti:
1571 4397 1794 4451 egressus
1813 4389 1883 4432 eu
1908 4379 2042 4430 cibus
2063 4419 2076 4440 ,
2103 4378 2149 4430 id

603 4490 704 4544 est,
734 4494 798 4533 ex
828 4493 920 4532 ore
940 4477 1138 4540 leonis;
1171 4485 1215 4528 et
1242 4491 1303 4526 ea:
1325 4484 1519 4527 austero
1548 4488 1639 4541 pro
1681 4467 2009 4520 amaritudine
2041 4465 2149 4516 dul-

605 4571 726 4622 cedo
750 4567 893 4636 (Jud.
925 4567 1010 4619 H.
1047 4566 1154 4632 14).
1181 4562 1526 4629 Promisitque
1544 4574 1602 4614 se
1627 4559 1870 4612 daturum
1911 4555 1958 4608 ei
1986 4556 2071 4622 qui
2104 4553 2154 4606 id

607 4663 1039 4725 interpretaretur
1079 4653 1289 4722 triginta
1320 4651 1600 4713 sindonas,
1631 4657 1684 4701 et
1709 4647 1918 4715 triginta
1955 4643 2151 4703 stolas;

607 4752 687 4805 sin
732 4762 834 4801 non
875 4752 1110 4814 possent,
1142 4742 1239 4796 sibi
1268 4739 1588 4795 tantumdem
1617 4736 1821 4790 darent.
1864 4733 1932 4787 Ut
1982 4741 2155 4784 autem

608 4840 683 4892 illi
709 4836 995 4897 hmrebaut,
1026 4839 1078 4886 et
1107 4830 1513 4898 explicationem
1539 4841 1642 4879 non
1661 4821 2013 4891 reperiebant,
2031 4834 2158 4871 uxo-

609 4929 653 4981 ri
683 4926 797 4993 ejus
820 4921 1120 4976 comminati
1156 4927 1276 4972 sunt
1302 4925 1544 4979 mortem,
1579 4913 1678 4967 nisi
1717 4910 1783 4964 ab
1812 4911 1901 4962 illo
1929 4909 2154 4976 explica-

609 5018 807 5069 tionem
828 5009 1113 5078 :enigmatis
1134 5009 1420 5066 edisceret;
1451 5018 1568 5057 cum
1593 5000 1862 5053 didicisset
1889 4997 1996 5057 illa,
2031 4995 2155 5062 ipsis

610 5099 936 5157 annuntiavit
967 5113 979 5150 :
1008 5105 1060 5150 et
1088 5111 1204 5148 eum
1256 5095 1396 5146 illam
1446 5089 1846 5157 explicationem
1876 5084 2150 5143 dixissent,

611 5197 825 5264 pignora
854 5195 1186 5255 acceperunt.
1234 5183 1534 5249 Indignatus
1574 5186 1655 5229 est
1689 5176 1965 5240 Sampson.
2011 5172 2162 5222 Pater

609 5259 783 5338 autem
837 5292 1044 5348 sponsa
1093 5283 1368 5332 metuens,
1421 5271 1559 5323 illam
1612 5263 1852 5335 pronubo
1911 5277 2005 5314 suo
2072 5259 2164 5312 de-

609 5374 748 5428 dit‘:
778 5369 829 5422 id
857 5367 993 5436 quod
1023 5366 1186 5434 magis
1211 5363 1552 5429 Sampsonem
1581 5353 1929 5415 contristavit,
1949 5360 1999 5402 et
2020 5363 2164 5401 arre-

669 5489 683 5517 ι
723 5479 1265 5548 Septua_ginta,_§vi1&iv
1287 5476 1430 5548 qia-ev
1445 5469 1802 5548 Eﬁfqﬁ.~Alius,
1829 5467 1966 5540 cujus
1986 5473 2163 5548 nomen

607 5523 807 5594 tacet-url
824 5541 874 5589 in
900 5523 1335 5597 ﬁexaplisuostris
1353 5539 1362 5580 ι
1378 5536 1422 5589 5,
1445 5536 1490 5591 ‘2,
1515 5534 1681 5597 ἑνὶτῷν
1702 5523 1982 5597 ᾳυνὲταίρων
2001 5523 2163 5594 autcf).

609 5593 856 5655 Incertum
887 5615 944 5648 an
975 5593 1342 5655 Chrysostnmus
1374 5597 1420 5641 in
1458 5593 1726 5655 exemplari
1752 5602 1840 5635 suo
1863 5597 2166 5655 νυμφαγῳγᾳγ

609 5653 854 5723 habuerit,
900 5674 962 5709 ex
1001 5653 1162 5721 aliquo
1207 5660 1478 5714 interprete
1517 5654 1852 5712 desumptum,
1896 5658 2012 5693 num
2051 5653 2167 5689 vero

1275 366 1332 413 Β.
1369 354 1641 412 JOANNIS
1678 349 2138 409 CHRYSOSTOMI
2177 347 2484 403 ARCIIIEP.
2523 346 3043 405 CONSTANTINOP.

3659 361 3804 419 340

2234 459 2336 526 ptis
2361 459 2603 528 vulpibus
2630 460 2894 525 trecentis,
2921 456 3347 527 lampadibusque
3367 468 3393 506 a
3417 462 3558 522 tergo
3586 464 3805 507 eorum

2233 550 2484 613 accensis,
2503 551 2678 603 emisit
2702 550 2751 602 in
2783 563 2995 616 campos
3039 547 3444 613 alienigenarum
3469 559 3482 592 :
3511 554 3565 594 ut
3595 549 3804 593 autem

2232 649 2551 706 campestres
2589 654 2770 692 eorum
2807 653 3004 691 messes
3044 635 3290 696 incendit,
3328 634 3399 686 illi
3446 644 3642 699 sponsae
3686 626 3809 680 do-

2233 745 2375 782 mum
2420 745 2536 783 cum
2575 730 2683 797 ipsa
2709 743 2897 797 sponsa
2929 737 2977 782 et
3005 737 3150 795 patre
3199 725 3310 792 ejus
3352 723 3802 776 conibusserunt.

2233 821 2412 887 Neque
2441 819 2541 873 hoc
2585 819 2720 873 facto
2749 819 2946 872 sedavit
2985 819 3113 870 iram
3142 815 3419 881 Sampson,
3467 811 3552 864 sed
3596 810 3806 862 adhuc

2234 911 2562 980 oppugnabat
2608 925 2717 964 eos.
2767 911 2840 962 Illi
2868 924 2991 963 vero
3040 910 3287 961 instructa
3317 914 3493 958 contra
3523 903 3802 957 Israelem

2234 1006 2365 1067 acie,
2389 1001 2729 1069 Sampsonem
2759 1001 3017 1068 petebant;
3047 999 3188 1052 illum
3213 1010 3338 1051 vero
3357 996 3572 1049 vinctum
3604 993 3802 1047 hosti—

2235 1093 2329 1146 bus
2360 1092 2681 1145 tradiderunt
2708 1090 2969 1143 Israelitae.
3029 1088 3225 1140 Fraetis
3251 1087 3337 1140 ille
3378 1085 3607 1145 vinculis,
3636 1098 3789 1137 cum

2236 1174 2525 1228 invenisset
2550 1173 2813 1226 maxillam
2842 1172 2995 1232 asini,
3024 1171 3161 1223 mille
3197 1185 3313 1223 cum
3343 1168 3426 1221 illa
3459 1170 3593 1221 viros
3617 1167 3797 1220 occi-

2235 1263 2327 1317 dit.
2350 1262 2583 1330 Cumque
2610 1263 2695 1315 siti
2730 1261 3066 1329 amigeretur,
3103 1267 3343 1328 precatus
3372 1267 3451 1311 est
3492 1258 3675 1321 Deum,
3729 1264 3798 1308 et

2235 1351 2393 1404 exivit
2414 1365 2545 1418 aqua
2575 1365 2639 1403 ex
2667 1350 2953 1412 maxilla,et
2994 1347 3140 1401 bibit.
3185 1347 3306 1400 Inde
3343 1348 3480 1399 venit
3503 1346 3564 1399 ad
3591 1359 3793 1398 ruere-

2235 1441 2414 1493 trieem
2442 1440 2711 1493 mulierem
2741 1439 2792 1491 in
2812 1437 3025 1499 Gazam,
3049 1437 3322 1505 ipsumque
3348 1435 3518 1488 hostes
3541 1435 3794 1487 circum-

2234 1529 2487 1583 dederunt
2522 1545 2533 1580 :
2564 1528 2649 1581 ille
2671 1542 2796 1581 vero
2818 1526 2986 1580 media
3006 1533 3158 1579 nocte
3178 1524 3393 1579 eductas
3417 1521 3554 1576 urbis
3590 1531 3794 1590 portas

2235 1618 2508 1686 imponens
2555 1616 2784 1669 humeris
2811 1617 2943 1679 suis,
2974 1614 3121 1667 abiit.
3181 1612 3457 1666 Adamavit
3505 1619 3620 1679 post
3659 1613 3795 1664 hanc

2234 1708 2503 1761 mulierem
2529 1705 2804 1774 quamdam
2847 1704 3065 1758 Samson
3099 1702 3324 1756 Dalidam
3356 1701 3559 1753 nomine
3600 1699 3700 1767 (a),
3729 1708 3795 1752 et

2234 1797 2434 1863 accepit
2473 1810 2586 1848 eam
2615 1795 2666 1847 in
2696 1808 2931 1848 uxorem.
2978 1792 3110 1845 Huic
3155 1791 3508 1858 promiserunt
3546 1796 3794 1853 satrapae

2235 1884 2639 1953 alienigenarum
2675 1882 2816 1936 mille
2843 1889 2895 1934 et
2922 1888 3130 1933 centum
3155 1888 3430 1946 argenteos
3449 1917 3462 1941 ,
3494 1875 3537 1928 si
3563 1875 3632 1928 ab
3659 1875 3794 1942 ipso

2235 1975 2511 2037 edisceret,
2543 1988 2645 2041 quo
2689 1980 2842 2041 pacto
2883 1978 3179 2038 expugnatu
3224 1967 3388 2020 facilis
3445 1965 3593 2018 foret.
3639 1962 3790 2015 Cum

2235 2074 2406 2118 autem
2429 2063 2514 2116 illa
2545 2062 2594 2116 id
2624 2062 2859 2115 ediscere
2885 2066 3183 2121 conaretur,
3208 2057 3374 2124 primo
3399 2053 3600 2122 quidem
3633 2053 3790 2104 illam

2234 2151 2566 2220 decipiebat:
2595 2149 2822 2208 demum,
2849 2161 2966 2200 cum
3019 2146 3316 2212 importune
3359 2142 3443 2194 illa
3489 2141 3788 2201 insisteret,

2234 2243 2506 2296 veritatem
2536 2239 2632 2307 ipsi
2660 2236 2967 2300 enuntiavit,
3001 2249 3188 2302 nempe
3213 2248 3270 2285 se
3294 2271 3308 2293 ,
3338 2231 3384 2284 si
3417 2229 3531 2298 quis
3557 2228 3654 2280 sibi
3682 2242 3754 2279 ca
3772 2256 3791 2266 -

2236 2333 2388 2402 pillos
2407 2331 2654 2391 auferret,
2680 2327 2939 2381 infirmum
2969 2337 3265 2377 evasurum.
3300 2319 3388 2371 Illa
3418 2315 3649 2372 evocatis
3688 2328 3791 2365 sa-

2239 2423 2418 2490 trapis,
2446 2436 2561 2476 eum
2588 2420 2731 2473 illum
2758 2417 2823 2470 ad
2854 2428 3096 2468 somnum
3141 2411 3407 2465 inductum
3445 2403 3648 2460 tonderi
3689 2416 3794 2455 cu-

2236 2522 2436 2578 rasset,
2494 2511 2751 2564 infirmum
2817 2504 3061 2560 reddidit.
3125 2502 3299 2570 Ipsum
3363 2509 3489 2550 vero
3562 2502 3790 2559 captum

2236 2604 2546 2672 alienigenas
2592 2605 2948 2657 excmcarunt,
2977 2604 3030 2647 et
3057 2592 3348 2660 iniecerunt
3387 2586 3438 2638 in
3488 2594 3790 2637 carcerein.

2239 2693 2318 2747 Illi
2340 2707 2462 2745 vero
2489 2688 2821 2750 laetabantur,
2845 2693 2900 2738 et
2925 2682 3213 2736 eduxerunt
3233 2689 3354 2731 eum
3371 2687 3438 2727 ex
3463 2682 3699 2729 carcere,
3733 2676 3796 2719 ut

2239 2783 2337 2851 ipsi
2364 2780 2659 2835 illuderent.
2688 2777 2940 2843 Sampson
2972 2783 3145 2825 autem
3174 2765 3363 2821 acerbe
3398 2759 3756 2830 ingemiscens
3775 2797 3790 2818 ,

2239 2846 2357 2926 cum
2386 2870 2662 2924 Dominum
2687 2872 2920 2933 rogasset
2941 2870 2994 2914 ut
3022 2858 3119 2913 sibi
3144 2856 3280 2909 vires
3302 2851 3506 2907 inderet
3523 2889 3536 2912 ,
3557 2846 3797 2913 arreptis

2239 2961 2497 3017 columnis
2523 2958 2711 3011 domus
2738 2955 2902 3020 iisque
2926 2949 3217 3008 concussis,
3239 2944 3451 2998 domum
3476 2936 3712 2992 decussit
3737 2936 3793 2986 in

2240 3062 2474 3118 satrapas
2494 3087 2510 3114 ,
2542 3050 2595 3101 in
2619 3047 2845 3113 seipsum
2870 3049 2924 3094 et
2961 3040 3012 3091 in
3039 3037 3196 3090 alium
3232 3031 3476 3100 papulum
3521 3026 3752 3079 multum
3777 3065 3792 3087 ,

2241 3141 2522 3212 pluresque
2543 3146 2665 3189 tunc
2686 3133 2874 3186 mortui
2899 3137 3020 3183 sunt
3044 3139 3197 3195 quam
3219 3123 3334 3190 ipse
3359 3119 3544 3172 vivens
3570 3113 3797 3168 occide-

2243 3207 2342 3285 rat.
2370 3227 2567 3282 Deinde
2609 3223 2800 3278 bellum
2842 3225 3050 3272 movent
3087 3213 3172 3283 qui
3203 3226 3267 3266 ex
3300 3209 3436 3262 tribu
3474 3207 3586 3258 Dan
3612 3211 3796 3262 erant,

2243 3321 2550 3385 Laisamque
2569 3307 3193 3380 capiunt,etipsinomen
3213 3299 3515 3355 indiderunt
3543 3312 3557 3347 :
3587 3302 3804 3347 statue“

2243 3419 2467 3476 runtque
2493 3405 2562 3458 ibi
2587 3399 2824 3469 sculptile
2851 3395 3144 3451 colendum.
3175 3389 3267 3444 Vir
3296 3385 3499 3448 Levita,
3518 3397 3639 3435 cum
3666 3394 3804 3434 con-

2245 3467 2434 3553 cubina
2471 3495 2584 3563 ejus
2614 3467 2744 3544 irata
2768 3484 3111 3541 abscessisset
3153 3482 3205 3533 in
3236 3478 3451 3531 domum
3478 3470 3649 3540 patris
3678 3467 3763 3520 sui
3786 3506 3802 3528 ,

2243 3587 2509 3659 profectus
2537 3589 2617 3636 est
2638 3586 2696 3633 ut
2721 3578 2862 3631 illam
2891 3586 3068 3627 secum
3091 3567 3400 3626 reduceret;
3431 3573 3552 3614 eum
3580 3562 3806 3621 accepta

2246 3645 2331 3732 illa
2359 3674 2584 3735 rediret,
2611 3669 2809 3735 iterque
2830 3668 3034 3731 ageret,
3066 3654 3277 3712 divertit
3303 3654 3354 3705 in
3395 3649 3576 3704 Gabaa
3602 3645 3806 3735 Benja-

2248 3766 2374 3829 min,
2395 3761 2531 3831 apud
2553 3732 2742 3813 senem
2759 3750 3056 3823 quemdam.
3076 3745 3174 3812 Qui
3195 3748 3250 3797 in
3275 3740 3454 3796 Gabaa
3501 3742 3657 3790 erant
3702 3732 3811 3784 eir-

2248 3853 2552 3908 cumdantes
2585 3847 2798 3901 domum
2818 3882 2832 3904 ,
2861 3838 3106 3908 petebant
3130 3831 3414 3899 hospitem,
3451 3833 3508 3878 ut
3533 3831 3814 3877 centumc-

2250 3944 2372 3996 liam
2400 3941 2494 4008 ipsi
2526 3935 2797 3991 inferrent.
2840 3929 3010 3983 Senex
3039 3933 3254 3994 paratus
3291 3926 3409 3972 erat
3436 3915 3565 3983 ipsis
3594 3909 3814 3964 tradere

2251 4002 2588 4086 filiam-suam
2619 4025 2896 4092 virginem.
2927 4018 3004 4072 Illi
3030 4021 3248 4082 accepta
3275 4007 3590 4068 concubina,
3628 4002 3817 4055 illuse-

2250 4129 2372 4176 runt
2398 4119 2443 4172 ei
2461 4132 2553 4185 per
2581 4124 2739 4169 totam
2760 4119 2986 4165 noctem.
3010 4101 3453 4173 Appetenteluce,
3473 4096 3561 4148 illa
3591 4093 3814 4146 dimissa

2251 4178 2507 4264 abierunt.
2563 4204 2651 4257 llla
2678 4215 2806 4255 vero
2829 4213 2889 4252 ex
2923 4194 3130 4248 inducta
3171 4190 3269 4243 sibi
3302 4185 3566 4247 molestia,
3601 4196 3724 4236 cum
3751 4178 3817 4232 ad

2253 4300 2486 4358 domum,
2511 4307 2612 4359 quo
2632 4292 2913 4343 diverterat
2931 4285 3008 4336 vir
3037 4282 3171 4349 ejus,
3189 4277 3539 4346 pervenisset,
3567 4271 3817 4337 exspira-

2255 4388 2346 4438 vit.
2377 4385 2465 4436 Ille
2499 4357 2739 4447 egressus
2761 4415 2776 4436 ,
2803 4387 2920 4426 cum
2963 4379 3222 4423 mortuam
3248 4363 3563 4424 invenisset,
3587 4357 3822 4412 cadaver

2257 4477 2308 4528 in
2339 4471 2610 4527 duodecim
2644 4476 2815 4536 partes
2839 4463 3030 4524 divisit,
3063 4459 3305 4523 misitque
3337 4451 3624 4507 duodecim
3653 4448 3825 4500 tribuo

2257 4567 2370 4619 bus.
2404 4563 2615 4614 Factum
2646 4557 2855 4620 indigne
2881 4551 3109 4604 tulerunt
3138 4544 3409 4606 Israelitze,
3433 4549 3489 4594 et
3507 4538 3706 4592 armati
3735 4549 3824 4603 pe-

2260 4654 2435 4706 tebant
2461 4664 2550 4703 eos
2577 4647 2662 4715 qui
2694 4644 2896 4697 mulieri
2932 4637 3302 4693 contumeliam
3335 4632 3595 4685 fecerant.
3629 4628 3703 4682 Ut
3727 4642 3826 4678 au-

2263 4754 2364 4797 tem
2425 4736 2727 4804 Benjarnitae
2790 4733 2903 4784 illos
2950 4727 3157 4780 tradere
3221 4728 3558 4780 renuerunt,
3622 4716 3826 4770 bellum

2262 4802 2550 4884 moverunt.
2586 4825 2649 4876 Et
2675 4822 2840 4889 primo
2870 4817 2990 4869 victi
3015 4821 3166 4875 sunt,
3193 4809 3426 4864 secundo
3454 4806 3711 4859 similiter
3738 4819 3750 4854 :
3780 4802 3829 4853 in

2264 4919 2415 4974 tertio
2443 4926 2615 4969 autem
2641 4921 2920 4976 congressu
2948 4912 3108 4958 totam
3151 4900 3343 4952 tribum
3372 4895 3660 4962 Benjamin
3710 4906 3832 4959 per-

2264 5013 2558 5066 cusserunt,
2607 5008 2795 5068 praeter
2847 5000 3158 5053 sexcentos,
3187 4988 3272 5056 qui
3305 4985 3651 5052 aufugerant.
3701 4979 3832 5032 Cum

2266 5108 2438 5153 autem
2465 5089 2748 5163 periculum
2786 5091 2925 5139 esset
2954 5096 3020 5134 ne
3057 5087 3161 5133 tota
3184 5077 3352 5129 tribus
3392 5073 3598 5140 periret
3629 5070 3835 5135 (neque

2269 5211 2373 5267 ipse
2399 5215 2485 5263 pro
2509 5197 2790 5264 συνεταίρῳ,
2824 5188 3013 5237 scilicet
3048 5199 3109 5231 ex
3152 5192 3355 5250 numero
3390 5179 3592 5267 triginta
3618 5178 3843 5267 illorpm,

2339 5264 2345 5267 _
2754 5260 2763 5267 .
2834 5253 3017 5267 μη--.
3068 5256 3379 5267 .Α......-.,.,..,,κ..
3419 5250 3545 5267 ...πω
3594 5251 3734 5267 ουρ...

2269 5240 3040 5328 qln‘iusp'ons'alihusinterfuerant.
3068 5240 3379 5328 'Afy-garwylév
3402 5240 3781 5328 Eppeuavsrit.

2329 5301 2822 5387 ἑαῖῑτῖἷὲἱίίῖοέωςο
2857 5301 3843 5387 Qeislt‘tiitiﬂﬁffﬁ-.l‘i‘iiitti:mum

2269 5354 2662 5441 Aa;:,i,;:;;;;:,
2670 5354 2845 5427 2.113;.
3047 5366 3158 5427 quid
3175 5366 3265 5410 lim
3286 5354 3508 5441 voéquli
3531 5354 3594 5404 sit
3607 5369 3640 5441 ;c
3649 5354 3842 5441 videtur

2269 5418 2934 5506 iiiZTéiiiEifJEieB’agpon‘i.‘
2953 5418 3130 5506 Verulm
3146 5434 3338 5506 samsmi

2272 5474 3127 5556 Ili'lauliuanralia’ttquzefiru'illsorech,
3155 5483 3251 5556 vel,
3273 5489 3326 5556 ut
3349 5477 3559 5556 Vulgata
3597 5474 3771 5541 habet,
3801 5474 3843 5515 in

2418 5542 2878 5610 Sergi—habitabat;
2907 5547 3131 5606 nullaque
3166 5545 3242 5590 hic
3276 5542 3568 5587 obserxatttr
3595 5544 3846 5581 ιιοωωιηυ

2275 5626 2484 5675 affinitas.
