4000 6220
304 356 418 412 339

294 478 420 514 τινα
454 462 683 530 γυναῖκα
723 460 866 530 Ἰαὴλ
894 458 1205 527 λεγομένην,
1235 458 1350 528 ᾔτει
1384 459 1545 509 πιεῖν’
1568 458 1600 524 ἡ
1628 454 1683 507 δὲ
1717 452 1856 520 γάλα

298 545 496 596 ἔδωκεν
546 544 693 612 αὐτῷ
736 545 854 596 ἀντὶ
893 543 1097 604 ὓδατος.
1139 541 1223 603 Ὠς
1279 541 1333 592 δέ
1380 538 1642 608 ἐκοιμήθη
1695 534 1852 598 πιὼν,

295 627 570 680 πάσσαλον
594 626 828 678 λαϐοῦσα
852 628 884 694 ή
911 625 1063 694 γυνὴ,
1087 624 1331 693 διήλασεν
1357 622 1442 674 διά
1463 621 1554 673 τοῦ
1584 618 1854 686 κροτάφου

295 708 484 762 αὐτοῦ.
524 709 632 760 Kal
658 707 829 769 οὓτως
860 708 1093 760 ἀπέθανε
1131 708 1352 774 Σισάρα·
1379 705 1471 756 καὶ
1497 701 1732 754 ἐπελθὼν
1760 701 1857 751 Βα-

299 790 409 860 ράκ
438 786 570 842 εἶδεν
598 790 757 843 αὐτὸν
789 789 1103 857 τεθνηκότα.
1137 789 1266 840 Τότε
1306 786 1433 860 ᾖσεν
1461 786 1600 856 ᾠδήν
1637 783 1856 853 Δεϐώρα

297 872 584 923 ἐπινίκιον.
619 871 785 923 Πάλιν
820 870 1196 937 παραδίδονται
1230 871 1307 930 είς
1335 871 1521 937 χεῖρας
1551 866 1775 934 Μαδιάμ
1807 865 1854 916 οί

310 955 656 1023 Ἰσραηλῖται·
715 953 951 1022 συνεχῶς
999 951 1106 1021 γὰρ
1165 949 1508 1020 παρὼργιζον
1559 949 1647 1000 τὸν
1703 947 1851 1000 Θεόν.

297 1035 435 1087 Τότε
464 1035 540 1104 τῷ
573 1034 773 1087 Γεδεὼν
797 1034 948 1104 ὤφθη
978 1031 1222 1100 ἄγγελος,
1251 1033 1343 1085 ml
1369 1030 1734 1100 παρώρμησεν
1778 1031 1855 1091 είς

297 1116 552 1185 πόλεμον.
586 1113 718 1168 Εἶτα
742 1119 769 1168 0
792 1115 991 1184 Κύριος
1020 1113 1226 1165 κελεύει
1256 1112 1411 1165 αὑτὸν
1445 1111 1600 1164 θῦσαι
1635 1111 1724 1162 τὸν
1762 1111 1855 1179 μό-

298 1214 429 1266 σχον
457 1198 546 1250 τὸν
578 1198 816 1250 σιτευτὸν
843 1198 933 1250 τοῦ
965 1196 1161 1264 πατρὸς
1198 1193 1382 1257 αὐτοῦ,
1421 1195 1514 1246 καὶ
1551 1194 1855 1259 ἀνενεγκεῖν

295 1280 673 1349 δλοκαύτωμα,
722 1279 814 1332 καὶ
857 1279 918 1330 τὸ
955 1277 1331 1346 θυσιαστήριον
1372 1276 1713 1343 κατασκάψαι
1761 1273 1854 1325 τοῦ

299 1360 466 1414 Βάαλ.
506 1361 785 1430 Ἐποίησεν
825 1359 1014 1422 οὕτως,
1049 1360 1140 1412 ml
1175 1361 1469 1428 ἀνήνεγκεν
1509 1357 1857 1424 ὁλοκαύτωμα

295 1442 378 1510 τῷ
410 1443 545 1513 Θεῷ.
572 1445 682 1496 Kal
707 1445 844 1496 αίτεῖ
869 1445 1088 1512 σημεῖον
1116 1445 1142 1494 0
1170 1441 1372 1494 Γεδεὼν
1404 1441 1432 1492 0
1459 1441 1550 1493 καὶ
1585 1439 1855 1508 Ὶεροϐαάλ

296 1523 360 1575 τὸ
406 1526 497 1576 ἐπὶ
540 1525 632 1577 τοῦ
676 1526 841 1577 πόκου
886 1525 1191 1592 γενόμενον.
1241 1523 1350 1575 Kal
1395 1522 1668 1575 κελεύεται
1712 1522 1855 1574 ἅπαν

297 1605 620 1675 ἀποπέμψαι
672 1607 730 1658 τὸ
778 1606 1151 1674 στρατόπεδον,
1193 1604 1537 1674 τριακοσίους
1586 1604 1641 1654 δὲ
1699 1604 1855 1672 μόνον

296 1691 612 1756 κατασχεῖν.
642 1689 747 1740 Kal
776 1689 1026 1757 ἐποίησεν
1057 1687 1218 1748 οὕτω,
1264 1688 1356 1739 ml
1393 1685 1679 1754 συμϐαλὼν
1721 1685 1855 1754 μετὰ

296 1769 592 1839 λαμπάδων
623 1772 713 1823 ml
740 1771 1067 1838 σαλπίγγων,
1097 1765 1205 1822 εἷλε
1230 1770 1354 1832 τοὺς
1378 1769 1684 1837 πολεμίους.
1722 1767 1853 1820 Τότε

297 1854 647 1925 ἀνῃρήθησαν
683 1853 843 1924 Ὠρὴϐ
874 1853 968 1905 καὶ
997 1852 1104 1921 Ζὴϐ
1135 1852 1183 1904 οί
1211 1852 1464 1922 ἄρχοντες
1495 1851 1737 1918 Μαδιάμ.
1763 1851 1855 1902 ml

295 1935 460 1989 Ζεϐεὲ
504 1936 598 1987 καὶ
640 1935 890 2006 Σαλμανά
930 1936 978 1986 οἱ
1010 1934 1263 2002 βασιλεῖς.
1307 1933 1613 1986 Ἀποθανὼν
1652 1932 1853 1986 Γεδεὼν

296 2016 586 2071 κατέλιπεν
635 2018 782 2080 υίοὺς
811 2016 1193 2085 ἐϐδομήκοντα,
1248 2016 1341 2067 ml
1380 2016 1486 2068 ἀπὸ
1533 2014 1854 2078 παλλακίδος

295 2099 394 2152 ἕνα
425 2099 516 2151 τὸν
545 2098 846 2168 Ἀϐιμέλεκ.
891 2093 1057 2158 061:0;
1084 2097 1206 2160 τοὺς
1240 2097 1602 2167 ἐϐδομήκοντα
1631 2097 1852 2164 ἀνελὼν,

295 2181 565 2250 ἐκράτησε
624 2183 719 2250 τὴν
772 2179 1058 2250 βασιλείαν
1106 2180 1198 2232 καὶ
1257 2179 1372 2246 μετ’
1417 2179 1477 2232 οὐ
1527 2179 1659 2231 πολὺ
1703 2179 1854 2248 δίκην

295 2261 466 2313 ἔδωκε
503 2262 601 2330 τῆς
631 2262 1056 2328 ἀδελφοκτονίας.
1082 2258 1397 2330 Προσελθὼν
1423 2261 1528 2332 γάρ
1557 2261 1613 2313 ἐν
1638 2261 1854 2332 πολέμῳ

293 2343 404 2394 τινὶ
434 2343 602 2404 πόλει,
631 2345 898 2412 κλάσματι
926 2342 1088 2411 μύλου
1115 2343 1344 2411 ἐθλάσθη
1369 2342 1465 2410 τὴν
1493 2343 1729 2411 κεφαλὴν
1751 2345 1855 2398 ὑπὸ

293 2424 569 2491 γυναικὸς,
613 2425 704 2476 ml
743 2425 994 2477 ἀπέθανε.
1041 2424 1192 2477 Μετά
1222 2423 1314 2476 τὸν
1351 2423 1631 2491 Ἀϐιμέλεκ
1675 2426 1854 2496 ἔκρινε

294 2507 474 2569 Θωλά,
507 2508 641 2576 μετά
682 2509 772 2560 τὸν
808 2507 962 2559 Θωλά
996 2507 1176 2575 Ἰαείρ.
1225 2507 1334 2559 Kal
1371 2507 1720 2576 παρὼργισαν
1763 2509 1852 2561 τὸν

293 2589 427 2642 Θεὸν
456 2591 559 2644 υἱοὶ
598 2591 831 2660 Ἰσραὴλ,
866 2589 958 2646 ml
989 2589 1360 2657 παρεδόθησαν
1389 2592 1467 2651 είς
1493 2593 1677 2659 χεῖρας
1720 2591 1851 2660 Ἀμ-

295 2670 434 2739 μών.
463 2672 594 2724 Τότε
634 2673 722 2723 τὸν
763 2671 988 2738 Ἰεφθάε,
1030 2670 1142 2722 υἱὸν
1179 2670 1302 2722 ὄντα
1346 2671 1598 2738 γυναικὸς
1630 2673 1849 2740 πόρνης,

293 2752 388 2805 ml
433 2753 536 2804 ὑπὸ
578 2752 684 2804 τῶν
729 2751 967 2820 ἀδελφῶν
1005 2751 1334 2804 ἀπελαθέντα
1374 2753 1471 2821 τῆς
1506 2753 1752 2822 πατέρων
1777 2757 1851 2807 ol-

293 2835 440 2896 κίας.
467 2836 514 2886 οἱ
545 2836 797 2904 ἄρχοντες
835 2832 927 2886 τοῦ
964 2833 1089 2886 λαοῦ
1122 2833 1328 2898 ἀξιοῦσι
1358 2835 1724 2904 στρατηγῆσαι
1757 2836 1850 2888 τοῦ

294 2915 528 2983 πολέμου
553 2916 642 2968 τοῦ
669 2916 802 2986 πρὸς
823 2918 945 2977 τοὺς
971 2916 1115 2978 υἱοὺς
1139 2915 1381 2985 Ἀμμὼν,
1406 2916 1496 2969 καὶ
1517 2917 1744 2970 διδόασιν
1765 2919 1854 2971 αύ-

291 2996 373 3065 τῷ
397 2998 492 3066 τὴν
517 2999 709 3068 ἀρχήν.
745 2998 803 3050 '0
842 2999 897 3051 δέ
938 2998 1193 3061 πεισθεὶς,
1227 2998 1317 3050 ml
1345 2999 1555 3068 πρῶτον
1586 2999 1849 3068 πρεσϐευ-

293 3080 526 3149 σάμενος
586 3081 720 3151 πρὸς
779 3081 870 3134 τὸν
923 3082 1143 3150 βασιλέα
1193 3081 1323 3135 υίῶν
1377 3082 1620 3152 ’Λμμὼν,
1653 3083 1726 3146 ὡς
1753 3083 1850 3136 οὐκ

291 3161 526 3226 ἔπειθεν,
553 3163 846 3231 εὐξάμενος
875 3162 951 3231 τῷ
979 3162 1094 3231 Θεῷ
1124 3162 1303 3216 θύσειν
1332 3163 1422 3216 τὸν
1449 3163 1661 3232 πρῶτον
1688 3165 1851 3216 ἀπαν-

290 3245 530 3313 τήσαντα
567 3243 734 3313 αὐτῷ,
773 3245 820 3296 εί
865 3245 1142 3296 ἐπανέλθοι
1181 3247 1244 3297 ἐκ
1289 3245 1382 3299 τοῦ
1425 3245 1682 3312 πολέμου,
1713 3263 1850 3314 συμ-

291 3323 472 3376 ϐαλὼν
513 3328 620 3387 τοῖς
662 3326 874 3396 ἐχθροῖς
907 3328 1000 3379 ml
1035 3329 1276 3396 νικήσας,
1307 3325 1423 3380 θύει
1457 3328 1552 3398 τὴν
1581 3329 1849 3400 θυγατέρα

289 3406 480 3459 αὑτοῦ·
511 3406 695 3476 πρώτη
718 3407 824 3476 γὰρ
844 3407 990 3476 αὖτῷ
1011 3408 1317 3478 ἀπήντησεν
1339 3409 1496 3479 αὕτη.
1526 3412 1690 3465 Πάλιν
1712 3429 1849 3481 παρ-

287 3489 532 3559 ὠργισαν
569 3489 659 3541 τὸν
696 3489 826 3541 Θεὸν
872 3489 921 3540 οἱ
963 3490 1307 3560 Ἰσραηλῖται,
1350 3491 1442 3544 καὶ
1479 3495 1849 3565 παρεδόθησαν

289 3573 374 3632 είς
409 3574 593 3640 χεῖρας
627 3571 953 3639 ἀλλοφύλων.
981 3573 1110 3625 Τότε
1149 3573 1388 3628 τίκτεται
1415 3577 1444 3628 ό
1471 3577 1723 3645 Σαμψὼν,
1758 3580 1850 3630 ml

292 3653 419 3706 ίδὼν
447 3658 674 3722 γυναῖκα
704 3656 760 3707 ἐν
785 3655 1066 3724 Θαμναθᾶ,
1093 3657 1301 3727 ἠράσθη
1331 3658 1520 3726 αὐτῆς,
1547 3661 1639 3712 ml
1669 3661 1848 3716 λαϐεῖν

289 3733 519 3804 ἠθέλησε
554 3737 698 3805 νόμῳ
724 3737 920 3804 γάμου.
955 3739 1014 3789 οί
1039 3737 1094 3789 δὲ
1117 3741 1289 3804 γονεῖς
1313 3740 1373 3792 τὸ
1402 3741 1498 3809 μὲν
1532 3741 1744 3810 πρῶτον
1767 3744 1847 3796 διο

287 3815 523 3868 ἐκώλυον
551 3817 637 3867 διὰ
661 3816 719 3868 τὸ
745 3818 1033 3884 ἀλλόφυλον
1056 3817 1209 3871 εἶναι·
1232 3821 1306 3882 ὼς
1333 3820 1388 3872 δὲ
1417 3817 1553 3875 εἶδον
1575 3825 1849 3893 ἐπικείμε-

287 3915 400 3957 νον,
425 3899 522 3949 ούκ
551 3897 970 3967 ἠναντιώθησαν.
1012 3901 1201 3952 Ἦνίκα
1228 3902 1282 3954 δὲ
1313 3903 1474 3972 ἀπῄει
1507 3905 1847 3976 διαλεχθῆναι

287 3997 355 4030 πε
367 3979 419 4047 pl
445 3979 632 4046 αὐτῆς,
657 3981 981 4049 συνήντησεν
1001 3980 1144 4050 αύτῷ
1168 3982 1324 4047 λέων,
1349 3985 1441 4037 καὶ
1471 3988 1675 4039 ἀνεῖλεν
1699 3990 1846 4060 [5421

285 4060 452 4112 αὐτὸν
482 4063 597 4123 ταῖς
629 4065 810 4132 χερσὶν
836 4063 1016 4116 αὑτοῦ.
1061 4063 1210 4116 Ἐπεὶ
1237 4064 1291 4115 δέ
1318 4065 1423 4117 ἔδει
1450 4069 1697 4134 γενέσθαι
1724 4073 1846 4134 τοὺς

286 4142 519 4209 γάμους,
547 4144 704 4195 πάλιν
732 4145 926 4206 ἀπιὼν,
956 4147 1056 4215 ὁρᾷ
1089 4145 1274 4214 κηρίον
1305 4147 1516 4213 μέλιτος
1550 4152 1605 4201 ἐν
1624 4152 1700 4219 τῷ
1731 4155 1846 4205 στόη

289 4241 422 4292 ματι
455 4224 547 4278 τοῦ
575 4225 784 4289 λέοντος
814 4227 904 4279 τοῦ
936 4228 1273 4296 ἀνῃρημένου
1303 4229 1393 4280 ὑπ’
1415 4232 1599 4296 αὑτοῦ,
1637 4234 1727 4285 ml
1754 4235 1844 4286 λα-

285 4306 401 4357 ϐὼν
430 4305 617 4374 ἔφαγε,
651 4309 744 4360 καὶ
776 4308 940 4360 ἔδωκε
963 4311 1053 4361 ml
1075 4311 1186 4370 τοῖς
1214 4311 1425 4376 γονεῦσι
1451 4313 1543 4364 ml
1575 4317 1684 4375 τοῖς
1712 4333 1772 4366 συ
1782 4335 1844 4384 μ-

284 4389 532 4452 πολίταις
581 4389 765 4442 αὐτοῦ’
817 4391 906 4442 καὶ
966 4391 1268 4460 προέτεινεν
1326 4395 1504 4456 αὐτοῖς
1557 4398 1843 4468 πρόϐλημα

280 4470 481 4537 λέγων·
517 4471 610 4524 Ἐκ
638 4474 932 4539 στόματος
963 4474 1267 4538 ἐσθίοντος
1296 4475 1514 4542 ἐξῆλθε
1547 4479 1774 4546 βρῶσις
1794 4494 1839 4542 η,

278 4553 578 4614 τουτέστιν,
646 4555 708 4606 ἐκ
760 4556 852 4606 τοῦ
897 4556 1160 4623 στόματος
1219 4557 1310 4609 τοῦ
1360 4558 1588 4622 λέοντος,
1643 4564 1736 4614 καὶ
1776 4566 1840 4615 ἐκ

279 4635 558 4698 σκληροῦ
579 4636 710 4689 ἀντὶ
739 4636 841 4688 τοῦ
869 4637 1079 4702 πικροῦ
1107 4639 1317 4703 γλυκύ.
1345 4640 1453 4691 Kal
1483 4642 1762 4710 ὑπέσχετο,
1795 4648 1840 4696 εί

277 4713 579 4778 ἐπιλύσειε,
642 4715 828 4767 δώσειν
873 4718 1050 4779 αὐτοῖς
1106 4721 1395 4788 τριάκοντα
1454 4721 1708 4786 σινδόνας,
1751 4728 1841 4777 ml

274 4796 576 4866 τριάκοντα
602 4799 808 4861 στολάς·
838 4801 884 4850 εί
910 4800 962 4852 δὲ
992 4801 1064 4868 μὴ
1091 4801 1382 4870 δυνηθεῖεν,
1412 4805 1731 4874 ἀπαιτήσειν
1751 4810 1840 4859 αύ-

275 4883 411 4941 τοὺς
454 4879 705 4933 τοσαῦτα.
749 4883 833 4944 Ὠς
872 4883 930 4934 δέ
970 4883 1276 4952 διηπόρουν,
1313 4887 1406 4938 xal
1433 4888 1528 4955 οὐχ
1570 4889 1836 4956 εὖρισκον,

274 4961 585 5030 ἠπείλησαν
625 4964 689 5030 τῇ
727 4965 942 5028 γυναικὶ
980 4965 1140 5016 αὐτοῦ
1184 4966 1427 5029 θάνατον,
1469 4971 1514 5021 εί
1552 4971 1626 5036 μὴ
1681 4973 1839 5038 μάθοι

274 5043 416 5113 παρ’
447 5043 606 5096 αὑτοῦ
649 5044 708 5095 τὸ
736 5045 978 5115 αἴνιγμα·
1031 5050 1062 5116 ή
1106 5048 1162 5098 δὲ
1207 5047 1470 5116 μαθοῦσα,
1510 5051 1838 5118 ἀπήγγειλεν

345 5249 362 5270 ³
401 5247 666 5307 Aliisjncet
707 5250 867 5298 verbis
887 5252 1087 5310 zenigma
1113 5251 1158 5298 in
1185 5253 1400 5300 editione
1421 5254 1514 5300 τῶν
1539 5254 1621 5301 Ο¹.
1647 5253 1835 5303 Deinde

289 5312 365 5360 ιαὶ
392 5311 445 5357 ἐκ
457 5309 691 5372 σκληροὶ
716 5313 763 5358 in
787 5309 1003 5372 editione
1039 5313 1134 5357 τὼν
1158 5312 1221 5360 0'
1261 5321 1312 5362 et
1335 5317 1393 5365 in.
1429 5315 1765 5362 'l'heodolione
1791 5317 1836 5365 ἐξ

283 5368 484 5433 εἰσχυροῦ
506 5375 558 5418 et
574 5368 665 5418 ἄπὸ
690 5372 880 5432 ἰσχυροῦ
906 5371 1174 5432 legitur,ex
1199 5373 1394 5433 forti.ln
1416 5373 1653 5422 Hebraico
1675 5384 1836 5424 autem

278 5444 468 5501 legitur
498 5442 603 5493 WE!
632 5475 644 5494 ,
677 5443 806 5503 quod
846 5441 973 5490 idem
1021 5443 1274 5501 signiﬁcat.
1322 5445 1637 5502 Symmachus
1673 5452 1834 5494 tamen

276 5511 428 5558 Isaia
455 5510 586 5571 179,4,
620 5513 698 5564 ητ.
740 5511 938 5571 σκληρός
956 5510 1210 5566 convertit,
1238 5514 1455 5560 utetiam
1477 5524 1537 5559 eo
1560 5515 1666 5562 loco
1688 5517 1831 5565 LXX:

273 5570 600 5632 quamobrem
634 5571 851 5632 suspicor
868 5570 872 5571 ⁷
889 5572 1008 5617 hanc
1028 5571 1305 5632 lectionem
1331 5586 1440 5620 esse
1467 5573 1759 5631 Symmachi.
1784 5585 1836 5627 et

275 5629 331 5679 in
359 5629 628 5678 editionem
648 5629 793 5679 τῶίαΟ
808 5633 819 5649 ¹
839 5645 945 5679 eam
971 5630 1278 5691 scilicet,qua
1301 5629 1645 5692 Chysostomus
1666 5629 1835 5686 uteba-

275 5699 379 5748 tur,
407 5693 678 5752 irrepsisse.

1314 341 1641 399 SYNOPSIS
1678 334 2090 396 SCRIPTUREE
2126 333 2393 390 SACRE.

3409 341 3521 397 340

1962 448 2161 511 αὐτοῖς,
2201 448 2293 500 ml
2326 443 2568 506 εἰπόντες
2602 439 2807 493 ἔλαϐον.
2848 437 3099 509 Ὠργίσθη
3127 437 3182 488 δέ
3205 437 3232 488 0
3256 435 3509 506 Σαμψών.

1970 532 2026 582 Ὁ
2055 530 2109 582 δὲ
2137 528 2314 598 πατὴρ
2339 528 2438 594 τῆς
2466 525 2678 593 νύμφης
2705 521 2904 581 δείσας,
2936 520 3114 572 λαϐὼν
3148 519 3314 587 αὐτὴν
3349 519 3512 571 ἔδωκε

1956 611 2032 681 τῷ
2059 608 2407 680 νυμφαγωγῷ
2434 605 2615 659 αὐτοῦ’
2644 603 2796 655 τοῦτο
2823 602 2875 652 δὲ
2904 601 3099 670 μᾶλλον
3127 601 3286 653 αὑτὸν
3315 601 3516 668 ἐλύπη-

1959 711 2069 755 σεν,
2105 693 2197 745 καὶ
2229 689 2409 744 λαϐὼν
2447 687 2787 759 τριακοσίους
2820 684 3124 745 ἀλώπεκας,
3165 686 3257 736 καὶ
3299 684 3516 750 λαμπά-

1957 776 2048 838 δας
2076 775 2296 827 ὄπισθεν
2326 773 2501 826 αὐτῶν
2533 770 2754 836 ἐξάψας,
2786 769 2991 837 ἀφῆκεν
3016 769 3093 828 είς
3125 765 3194 817 τά
3228 766 3383 818 πεδία
3409 765 3516 818 τῶν

1956 857 2284 924 ἀλλοφύλων
2315 858 2389 917 ὼς
2422 855 2478 906 δὲ
2507 852 2819 921 ἐνεπύρισεν
2860 847 3037 901 αὐτῶν
3076 847 3142 898 τὰ
3176 847 3518 916 σταχυοφόρα

1957 939 2133 1002 πεδία,
2164 939 2464 1007 ἐνέπρησαν
2488 937 2677 988 ἐκεῖνοι
2705 935 2798 1001 τὴν
2830 933 3003 984 οἰκίαν
3028 933 3124 999 τῆς
3152 931 3366 999 νύμφης
3399 931 3514 998 μετ’

1957 1022 2122 1090 αὐτῆς
2146 1023 2237 1073 ml
2269 1021 2362 1072 τοῦ
2395 1019 2596 1088 πατρὸς
2629 1018 2813 1083 αὐτῆς.
2847 1014 2975 1067 Οὐδὲ
3007 1014 3193 1065 τούτου
3223 1015 3514 1082 γενομένου

1958 1103 2186 1171 ἐχάλασε
2221 1103 2318 1171 τὴν
2351 1101 2517 1170 ὀργὴν
2550 1102 2577 1152 0
2603 1097 2854 1168 Σαμψὼν,
2881 1097 2990 1148 ἀλλ’
3023 1096 3102 1148 ἐτι
3132 1095 3382 1164 ἐπολέμει
3415 1097 3514 1147 αύ-

1955 1186 2086 1245 τοῖς.
2140 1184 2202 1235 Οί
2249 1183 2305 1236 δὲ
2348 1181 2784 1252 παραταξάμενοι
2833 1178 2969 1230 κατά
3020 1176 3110 1229 τοῦ
3151 1177 3381 1245 Ἰσραὴλ,
3425 1179 3516 1230 τὸν

1956 1263 2188 1332 Σαμψὼν
2211 1264 2450 1333 ἐζήτουν·
2484 1263 2740 1331 δήσαντες
2770 1261 2930 1313 αὑτὸν
2954 1262 2999 1312 οί
3039 1260 3357 1329 Ἰσραηλῖται
3387 1277 3511 1329 παρα

1957 1346 2161 1398 έδωκαν
2185 1348 2295 1407 τοῖς
2320 1345 2548 1415 ἐχθροῖς.
2601 1345 2656 1396 ὐ
2683 1344 2736 1394 δὲ
2768 1342 2833 1394 τὰ
2864 1343 3035 1411 δεσμά
3069 1340 3383 1411 διαρρήξας,
3423 1345 3518 1396 καὶ

1956 1426 2128 1498 εὑρὼν
2159 1427 2379 1493 σιαγόνα
2408 1427 2549 1488 ὄνου,
2578 1426 2777 1495 χιλίους
2797 1424 3112 1477 ἀπέκτεινεν
3144 1425 3197 1476 ἐν
3224 1425 3380 1494 αὐτῇ.
3411 1424 3518 1477 Kal

1955 1507 2182 1576 διψήσας
2215 1507 2414 1576 ηὔξατο
2464 1508 2540 1576 τῷ
2586 1507 2721 1574 Θεῷ,
2758 1507 2850 1559 καὶ
2889 1505 3109 1574 ἐξῆλθεν
3150 1505 3291 1575 ὕδωρ
3327 1508 3389 1558 ἐκ
3419 1505 3518 1574 τῆς

1959 1591 2222 1658 σιαγόνος,
2247 1592 2338 1643 ml
2368 1591 2535 1642 ἔπιεν.
2561 1586 2760 1641 ἾΙλθεν
2790 1588 2996 1640 ἐκεῖθεν
3028 1590 3106 1651 εἰς
3134 1592 3363 1656 γυναῖκα
3388 1589 3519 1659 πόρ-

1955 1689 2052 1742 νην
2076 1676 2155 1734 είς
2179 1673 2374 1736 Γάζαν,
2413 1675 2504 1725 ml
2531 1671 2970 1741 περιεκύκλωσαν
2996 1670 3155 1723 αὑτὸν
3182 1673 3229 1723 οί
3258 1670 3460 1740 ἐχθροίο
3489 1672 3520 1724 0

1954 1754 2009 1807 δέ
2037 1757 2172 1808 κατά
2196 1755 2256 1808 τὸ
2279 1756 2620 1825 μεσονύκτιον
2651 1752 2826 1805 λαϐὼν
2847 1753 2942 1814 τὰς
2972 1753 3142 1814 πύλας
3168 1753 3264 1821 τῆς
3291 1753 3513 1813 πόλεως.

1957 1838 2047 1889 ml
2076 1838 2186 1901 θεὶς
2213 1839 2304 1890 ἐπὶ
2327 1837 2434 1890 τῶν
2461 1838 2622 1906 ῶμων
2649 1835 2886 1906 ἐξῆλθεν.
2921 1835 3160 1904 Ἦράσθη
3187 1835 3322 1904 μετά
3344 1835 3516 1886 ταῦτα

1955 1924 2208 1986 γυναικός
2235 1939 2380 1984 τινος
2409 1923 2436 1973 0
2465 1920 2697 1990 Σαμψὼν
2732 1919 2951 1988 ὀνόματι
2979 1918 3222 1982 Δαλιδᾶς,
3266 1919 3359 1972 καὶ
3392 1919 3516 1971 έλα-

1955 2002 2047 2054 ϐεν
2077 2003 2245 2074 αὐτὴν
2278 2006 2356 2066 εἰς
2385 2007 2635 2070 γυναῖκα.
2675 2002 2854 2072 Ταύτῃ
2888 2002 2944 2054 δὲ
2985 2002 3277 2070 ὑπέσχοντο
3322 2003 3370 2054 οἱ
3425 2019 3518 2054 σα-

1956 2085 2156 2154 τράπαι
2186 2085 2291 2138 τῶν
2317 2086 2626 2154 ἀλλοφύλων
2647 2085 2846 2154 χιλίους
2872 2087 2964 2138 καὶ
2987 2085 3176 2137 ἐκατὸν
3199 2084 3513 2154 ἀργυρίους,

1956 2170 2004 2219 εί
2030 2168 2188 2232 μάθοι
2210 2169 2338 2237 παρ’
2358 2169 2539 2232 αὑτοῦ,
2570 2169 2684 2231 πῶς
2711 2169 2774 2220 ἂν
2803 2166 3266 2234 εὐκαταγώνιστος
3290 2167 3512 2234 γένοιτο.

1966 2249 2052 2312 Ὠς
2076 2250 2131 2302 δὲ
2153 2252 2407 2319 ἐπειρᾶτο
2435 2251 2642 2320 μαθεῖν.
2661 2251 2720 2302 τὸ
2752 2250 2848 2320 μὲν
2879 2250 3088 2320 πρῶτον
3117 2249 3283 2319 αὐτὴν
3313 2250 3513 2318 ὴπάτα”

1954 2329 2103 2392 τέλος
2145 2332 2220 2393 δὲ,
2267 2333 2340 2394 ὼς
2383 2332 2778 2403 κατειργάσατο
2815 2332 2992 2394 αὑτὸν,
3037 2328 3185 2382 εἶπεν
3231 2331 3366 2399 αὐτῇ
3417 2331 3516 2398 τὴν

1954 2419 2229 2489 ἀλήθειαν,
2267 2422 2346 2473 ὅτι
2397 2421 2488 2473 ἐάν
2529 2438 2611 2481 τις
2653 2416 2814 2471 αὑτοῦ
2851 2417 3085 2487 περιέλοι
3127 2417 3250 2478 τοὺς
3283 2416 3512 2487 βοστρύ-

1953 2520 2097 2571 χους,
2124 2502 2427 2572 ἀσθενήσει.
2476 2504 2538 2554 ’Π
2561 2502 2615 2553 δέ
2638 2502 2910 2554 καλέσασα
2937 2501 3060 2562 τοὺς
3093 2500 3394 2569 σατράπας,
3423 2498 3516 2550 ml

1952 2587 2257 2656 κοιμήσασα
2286 2585 2464 2649 αὑτὸν,
2500 2585 2722 2652 ἐποίησε
2750 2583 3085 2652 ξυρισθῆναι,
3114 2582 3204 2633 καὶ
3232 2579 3512 2650 ἡσθένησε.

1952 2670 2061 2722 Kal
2112 2668 2362 2731 λαϐόντες
2416 2668 2576 2720 αὐτὸν
2620 2669 2666 2719 οί
2709 2665 3013 2734 ἀλλόφυλοι,
3065 2663 3376 2730 ἐτύφλωσαν
3424 2663 3516 2714 ml

1953 2756 2200 2809 ἐνέϐαλον
2230 2758 2307 2818 είς
2337 2756 2396 2808 τὸ
2432 2756 2815 2825 δεσμωτήριον.
2847 2752 2912 2807 Ol
2939 2754 2994 2806 δέ
3020 2752 3392 2822 ηύφραίνοντο,
3423 2754 3516 2804 καὶ

1952 2842 2214 2912 ἐξήγαγον
2242 2842 2402 2896 αὑτὸν
2441 2844 2503 2894 ἐκ
2531 2841 2623 2894 τοῦ
2646 2840 3033 2910 δεσμωτηρίου,
3069 2840 3146 2902 είς
3173 2840 3232 2891 τὸ
3257 2839 3516 2908 ἐμπαῖξαι

1952 2929 2116 2999 αὐτῷ’
2146 2932 2174 2982 0
2203 2930 2257 2981 δέ
2287 2930 2477 2999 πικρὸν
2506 2928 2784 2990 στενάξας,
2818 2927 2910 2980 καὶ
2948 2925 3041 2979 τοῦ
3075 2927 3276 2996 Κυρίου
3308 2926 3514 2996 δεηθεὶς

1951 3017 2089 3069 ὥστε
2144 3016 2420 3084 ἐνισχῦσαι
2470 3015 2650 3076 αὑτὸν,
2708 3013 2816 3065 τῶν
2867 3012 3057 3065 κιόνων
3089 3012 3382 3083 λαϐόμενος
3418 3012 3512 3065 τοῦ

1950 3102 2118 3166 οἴκου,
2147 3103 2239 3154 ml
2266 3101 2634 3163 διασαλεύσας,
2665 3101 2964 3170 κατήνεγκε
2990 3099 3079 3152 τὸν
3105 3096 3249 3151 οῐκον
3278 3101 3368 3152 ἐπὶ
3389 3101 3514 3163 τοὺς

1952 3189 2232 3258 σατράπας
2261 3189 2354 3240 ml
2375 3187 2561 3240 ἐαυτὸν
2592 3187 2683 3238 ml
2711 3185 2896 3254 ἕτερον
2927 3185 3052 3237 λαὸν
3079 3185 3266 3247 πολὺν,
3294 3187 3385 3238 ml
3411 3187 3515 3239 ἁπ-

1953 3273 2140 3328 έθανον
2173 3273 2403 3334 πλείους,
2444 3272 2475 3341 ἢ
2515 3274 2625 3325 ὅσοι
2663 3272 2926 3324 ἀπέθανον
2970 3272 3058 3323 ὑπ’
3090 3273 3252 3325 αὐτοῦ
3291 3274 3509 3336 ζῶντος.

1953 3360 2102 3430 1545]
2133 3361 2286 3413 Μετὰ
2313 3359 2482 3412 ταῦτα
2514 3357 2989 3428 ἐπιστρατεύουσιν
3032 3359 3080 3411 οἱ
3112 3362 3174 3411 ἐκ
3212 3360 3308 3428 τῆς
3342 3359 3513 3428 φυλῆς

1951 3448 2075 3508 Δάν,
2110 3450 2199 3499 ml
2232 3445 2419 3498 ἐλαϐον
2439 3445 2537 3515 τὴν
2565 3445 2791 3509 Δαῖσάν,
2816 3445 2908 3497 ml
2936 3445 3292 3515 ἐπωνόμασαν
3321 3446 3511 3516 αὐτὴν,

1952 3536 2044 3587 καὶ
2082 3535 2313 3602 ἔστησαν
2351 3535 2466 3585 ἐκεῖ
2495 3532 2726 3600 γλυπτὸν
2761 3532 3033 3602 λατρείαν.
3078 3534 3238 3604 Ἀνὴρ
3260 3535 3509 3605 Λευῒτης,

1949 3621 2288 3690 όργισθείσης
2336 3619 2482 3689 αύτῷ
2541 3621 2637 3686 τῆς
2696 3618 2974 3687 παλλακῆς
3027 3619 3209 3677 αὐτοῦ,
3263 3621 3352 3672 ml
3401 3623 3509 3672 ἀπ-

1951 3707 2204 3774 ελθούσης
2259 3709 2337 3769 είς
2382 3706 2472 3758 τὸν
2530 3701 2674 3757 οἷκον
2724 3704 2815 3756 τοῦ
2866 3703 3069 3772 πατρὸς
3119 3704 3306 3771 αὐτῆς,
3348 3707 3507 3774 ἀπῄει

1951 3794 2254 3856 καταλέξων
2318 3793 2485 3861 αὐτὴν
2541 3790 2737 3860 ἐαυτῷ·
2805 3791 2896 3842 ml
2957 3789 3135 3841 λαϐὼν
3188 3792 3354 3860 αὐτὴν
3412 3794 3506 3842 ἐπ-

1951 3882 2194 3950 ανῆλθεν
2250 3882 2305 3931 ἐν
2350 3880 2404 3931 δέ
2559 3878 2661 3947 όδῷ
2716 3877 3005 3928 κατέλυσεν
3050 3878 3127 3938 είς
3181 3877 3365 3928 Γαϐαά
3413 3878 3508 3946 τὴν

1951 3968 2203 4035 Βενιαμὶν
2253 3965 2402 4034 παρά
2443 3982 2546 4014 τινι
2591 3963 2884 4032 πρεσϐύτῃ.
2936 3965 2997 4014 Οἱ
3037 3963 3092 4015 δέ
3134 3964 3189 4015 ἐν
3223 3966 3286 4032 τῇ
3326 3964 3508 4016 Γαϐαά

1951 4055 2296 4123 περιστάντες
2339 4053 2435 4121 τὴν
2476 4051 2649 4103 οἰκίαν
2687 4053 2918 4120 ἐκείνην,
2959 4050 3181 4120 ἐζήτουν
3214 4051 3302 4102 τὸν
3339 4051 3503 4114 ξένον,

1950 4142 2035 4193 ἵνα
2061 4139 2410 4208 ἐξυϐρίσωσιν
2444 4139 2522 4198 εἰς
2554 4137 2732 4188 αὐτόν.
2776 4137 2833 4186 ὐ
2865 4137 3171 4205 πρεσϐύτης
3198 4137 3411 4206 ἕτοιμος
3439 4134 3505 4207 ἦν

1946 4227 2042 4297 τὴν
2076 4225 2342 4292 θυγατέρα
2367 4222 2526 4275 αὑτοῦ
2565 4223 2745 4275 δοῦναι
2776 4223 2953 4284 αὐτοῖς
2990 4223 3084 4293 τὴν
3124 4223 3405 4292 παρθένον.
3443 4228 3505 4275 υἱ

1945 4313 1998 4364 δὲ
2030 4311 2281 4372 λαϐόντες
2314 4311 2408 4378 τὴν
2444 4308 2738 4377 παλλακὴν,
2774 4307 3056 4371 ἐνέπαιξαν
3088 4310 3221 4378 αὐτῇ
3258 4309 3384 4378 ὅλην
3412 4310 3506 4379 τὴν

1947 4398 2133 4450 νύκτα.
2165 4397 2249 4458 Ὠς
2280 4396 2335 4446 δέ
2358 4393 2500 4464 πρωῒ
2523 4395 2761 4461 γέγονεν,
2795 4394 3018 4460 ἀφέντες
3051 4395 3216 4464 αὐτὴν
3242 4397 3503 4464 ἀπῆλθον.

1955 4487 2019 4539 Ἦ
2057 4486 2112 4538 δὲ
2154 4484 2258 4536 ὑπὸ
2286 4484 2382 4553 τῆς
2413 4485 2692 4553 ἐπηρείας,
2724 4483 2950 4534 ἐλθοῦσα
2992 4484 3140 4552 παρὰ
3173 4485 3270 4552 τὴν
3308 4484 3502 4546 οἰκίαν,

1943 4571 2070 4622 ἔνθα
2113 4573 2374 4638 κατήγετο
2405 4571 2432 4620 0
2462 4569 2595 4636 ἀνὴρ
2635 4569 2820 4634 αὐτῆς,
2857 4567 3126 4632 ἐξέψυξεν.
3166 4568 3421 4631 Ἐξελθὼν
3447 4571 3504 4623 δὲ

1943 4663 2166 4722 ἐκεῖνος,
2198 4659 2286 4709 ml
2315 4657 2485 4726 εὑρὼν
2516 4656 2680 4725 αὐτὴν
2707 4657 2923 4725 νεκράν,
2964 4656 3155 4709 διεῖλεν
3182 4660 3258 4719 εὶς
3280 4659 3504 4712 δεκαδύο

1946 4746 2104 4814 μέρη,
2136 4746 2227 4796 καὶ
2257 4744 2464 4811 ἔπεμψε
2509 4746 2624 4804 ταῖς
2656 4741 2859 4793 δώδεκα
2895 4743 3104 4809 φυλαῖς.
3151 4744 3409 4807 Χαλεπῶς
3445 4748 3501 4799 δὲ

1941 4831 2173 4900 ἤνεγκαν
2217 4829 2277 4880 τὸ
2318 4828 2554 4894 γεγονὸς,
2604 4827 2697 4879 ml
2730 4828 3132 4897 ἐξοπλισάμενοι
3179 4831 3338 4899 ᾔτουν
3377 4834 3500 4896 τοὺς

1941 4918 2320 4985 ἐνυϐρίσαντας
2352 4915 2411 4967 τὸ
2438 4915 2672 4982 γύναιον.
2713 4915 2797 4976 Ὠς
2827 4916 2880 4967 δὲ
2909 4917 3006 4968 ούκ
3029 4917 3262 4970 ἐδίδοσαν
3283 4921 3497 4983 ἐκεῖνοι,

1943 5005 2335 5073 συνεκρότησαν
2367 5002 2614 5070 πόλεμον.
2644 5002 2752 5052 Kal
2787 5000 2848 5052 τὸ
2887 5003 2983 5070 μὲν
3025 5003 3236 5071 πρῶτον
3261 5006 3499 5074 ἡττήθη-

1942 5108 2058 5150 σαν,
2104 5090 2196 5142 καὶ
2231 5087 2499 5156 δεύτερον,
2543 5088 2598 5139 ἐν
2642 5087 2696 5138 δὲ
2731 5089 2795 5155 τῇ
2835 5087 2990 5157 τρίτῃ
3037 5088 3272 5157 συμϐολῇ
3319 5092 3497 5142 πᾶσαν

1939 5177 2035 5247 τὴν
2065 5175 2230 5243 φυλὴν
2259 5174 2511 5241 Βενιαμὶν
2545 5173 2869 5240 κατέκοψαν,
2907 5172 3044 5239 πλὴν
3076 5174 3367 5236 ἑξακοσίων
3391 5178 3495 5228 τῶν

1939 5263 2320 5331 διαφυγόντων.
2364 5262 2447 5322 Ὠς
2477 5261 2531 5311 δὲ
2555 5261 2922 5313 ἐκινδύνευσεν
2950 5265 2980 5330 ή
3010 5262 3147 5330 φυλὴ
3173 5263 3366 5324 τελέως
3391 5265 3495 5315 ἀπ-

1938 5351 2150 5402 ολέσθαι
2185 5348 2325 5414 (οὔτε
2365 5348 2470 5416 γὰρ
2505 5343 2644 5415 εἶχον
2685 5342 2828 5400 οὗτοι
2868 5351 3146 5415 γυναῖκας,
3182 5350 3274 5401 xal
3306 5351 3353 5400 οί
3393 5352 3496 5402 υἱοὶ

1950 5433 2161 5503 Ἰσραὴλ
2188 5432 2407 5501 ὤμοσαν
2433 5433 2489 5495 ἐξ
2515 5432 2688 5482 αὐτῶν
2720 5433 2792 5501 μὴ
2817 5434 3004 5486 δώσειν
3031 5436 3252 5499 αὐτοῖς),
3284 5432 3492 5498 ἐλόντες

1935 5521 2059 5580 τοὺς
2101 5519 2172 5586 μὴ
2211 5517 2707 5584 συστρατεύσαντας
2738 5521 2914 5580 αὐτοῖς
2940 5520 3077 5570 κατὰ
3105 5519 3209 5569 τῶν
3237 5519 3491 5589 Βενιαμι-

1935 5607 2060 5666 τῶν,
2090 5607 2184 5666 τὰς
2214 5605 2432 5656 ἐκείνων
2459 5605 2753 5674 παρθένους
2784 5605 2982 5656 ἔδωκαν
3022 5606 3202 5667 αὐτοῖς
3233 5624 3490 5676 τετρακο-

1941 5693 2072 5754 σίας
2115 5693 2186 5753 ὼς
2224 5691 2278 5743 δέ
2332 5691 2567 5744 ἐνέλιπον
2607 5693 2704 5750 ἔτι,
2752 5690 2939 5758 ἑορτῆς
2983 5691 3326 5760 τελουμένης,
3369 5711 3489 5750 συν-
