4000 6220
277 385 385 438 341

283 501 427 553 enim
459 500 527 551 illi
557 499 798 551 iuulieres
829 497 1111 563 habebant,
1145 498 1339 565 liliique
1363 497 1839 564 lsraeljuraverant

284 606 346 642 se
376 591 506 642 filias
544 603 664 640 suas
691 603 792 640 non
822 588 947 655 ipsis
978 587 1026 639 in
1051 602 1241 640 uxores
1268 588 1481 638 daturos
1519 587 1682 653 esse),
1707 588 1837 639 oeci-

284 681 360 732 sis
387 680 488 731 illis
515 680 740 746 quicum
765 679 894 746 ipsis
941 679 1135 731 bellum
1181 693 1283 730 non
1338 687 1612 746 gesserant
1657 687 1839 730 contra

287 769 628 835 Benjamitas,
653 769 857 821 illorum
879 768 1014 821 lilias
1036 768 1264 836 virgines
1287 768 1692 836 quadringentas
1715 767 1840 834 ipsis

287 859 553 912 dederunt
577 875 588 908 :
616 874 732 910 eum
763 866 937 911 autem
967 857 1161 910 residui
1212 867 1389 910 essent
1425 857 1512 925 qui
1547 873 1647 909 non
1686 856 1841 908 habe-

286 961 410 1002 rent
456 963 643 1002 uxores
668 987 682 1007 .
713 947 836 1000 dum
864 947 1049 999 festum
1084 945 1463 1009 celebraretur,
1491 948 1840 1012 permiserunt

283 1043 367 1095 eis
398 1050 452 1094 ut
478 1042 705 1113 virgines
725 1047 988 1107 raperent,
1017 1037 1193 1090 insciis
1221 1039 1540 1105 parentibus.

774 1160 1004 1201 SYNOI‘SIS
1032 1161 1163 1199 LIBRI
1197 1160 1352 1199 RUTII.

358 1257 630 1312 Noemmin
652 1299 666 1323 ,
695 1257 808 1309 viro
836 1270 933 1309 suo
958 1255 1180 1322 filiisque
1211 1255 1430 1308 mortuis
1451 1295 1465 1318 ,
1495 1263 1732 1308 cessante
1763 1254 1840 1307 fa—

284 1362 374 1399 me
395 1388 408 1411 ,
441 1347 508 1399 ob
535 1361 688 1414 quam
719 1346 770 1398 in
802 1344 1129 1398 Moabitidem
1170 1344 1634 1411 transmigraverat
1656 1384 1670 1406 ,
1703 1344 1843 1396 venit

284 1437 341 1488 in
363 1436 614 1498 Judaeum,
639 1436 853 1504 ejusque
873 1436 1035 1488 altera
1066 1449 1249 1498 nurus,
1274 1435 1381 1502 ipsa
1402 1434 1674 1494 suadente,
1700 1449 1844 1486 man-

282 1527 358 1579 sit
384 1527 432 1578 in
463 1525 774 1586 Moabitide;
802 1525 962 1577 altera
993 1539 1118 1578 vero
1137 1564 1152 1588 ,
1181 1524 1264 1576 cui
1305 1538 1495 1576 nomen
1534 1523 1672 1575 Ruth
1696 1561 1712 1587 ,
1745 1523 1841 1589 ipsi

283 1616 465 1668 nmltis
505 1615 728 1668 hortanti
771 1623 824 1666 ut
865 1622 1130 1676 maneret,
1171 1628 1272 1666 non
1312 1613 1721 1680 obtemperavit,
1749 1611 1842 1664 sed

287 1715 509 1773 sequuta
549 1713 629 1758 est
670 1704 832 1757 illam.
874 1703 1158 1772 Nupsitque
1187 1704 1392 1767 Boozo,
1420 1704 1508 1770 qui
1537 1702 1708 1756 affinis
1733 1711 1844 1756 erat

283 1794 577 1858 Noemmin,
606 1805 659 1848 et
685 1795 884 1864 peperit
908 1794 1075 1859 Ohed,
1100 1794 1244 1849 Obcd
1274 1802 1448 1848 autem
1474 1792 1656 1858 Jessm,
1681 1793 1841 1847 Jessze

292 1887 454 1941 David
483 1900 679 1956 regem.

511 2011 744 2052 SYNOPSIS
771 2013 1013 2061 QUATUOB
1039 2012 1295 2051 ιιηῐιοιιωί
1325 2011 1617 2051 REGNORUI.

361 2108 551 2160 Eleana
589 2122 777 2160 uxores
819 2106 1014 2159 habens
1043 2106 1173 2158 duas
1194 2147 1207 2169 ,
1237 2121 1302 2158 ex
1330 2105 1492 2158 altera
1523 2119 1625 2157 non
1661 2117 1840 2156 susce-

284 2207 435 2262 perat
472 2197 679 2249 liberos.
716 2196 781 2250 Ut
814 2207 986 2249 autem
1029 2195 1262 2249 ascendit
1298 2195 1642 2247 sacrificatum
1673 2194 1722 2245 in
1748 2193 1841 2248 Sc-

286 2287 415 2347 lom,
448 2298 690 2352 precatur
716 2287 801 2340 illa
830 2287 1035 2346 mulier,
1064 2296 1114 2339 et
1146 2285 1278 2353 parit
1304 2286 1619 2346 Samueleni,
1649 2285 1842 2352 ipsum-

285 2391 389 2444 que
434 2376 576 2428 dedit
612 2377 675 2428 ad
725 2376 933 2429 domum
983 2377 1181 2429 Domini
1232 2386 1518 2444 perpetuo,
1549 2385 1603 2428 ut
1633 2383 1844 2428 voverat

285 2473 565 2532 antequam
595 2465 735 2518 illum
757 2466 1074 2532 conciperet.
1099 2464 1242 2517 Tunc
1265 2474 1435 2516 autent
1459 2465 1704 2517 sacerdos
1731 2474 1842 2516 erat

287 2555 384 2607 Eli.
420 2554 528 2606 Filii
569 2564 740 2607 autem
781 2555 892 2616 Eli,
935 2554 1105 2622 Ophni
1144 2565 1197 2608 ct
1233 2555 1489 2617 Phinees,
1523 2554 1760 2607 scelerati
1790 2563 1839 2606 et

286 2644 509 2710 improbi
550 2645 769 2711 juvenes
795 2654 974 2708 erant,
1002 2645 1089 2712 qui
1119 2644 1184 2696 de
1211 2644 1431 2697 victimis
1465 2653 1638 2712 partes
1663 2659 1838 2698 sume-

283 2735 411 2787 bant
450 2745 726 2803 antequam
767 2735 1076 2788 oll'errentur
1102 2735 1225 2787 Deo.
1260 2735 1335 2787 Eli
1365 2745 1534 2788 autem
1577 2735 1842 2787 benedixit

283 2825 489 2876 Atinam
511 2864 525 2886 ,
556 2839 671 2892 qua}
701 2833 807 2877 tres
833 2823 1001 2876 adhuc
1035 2824 1164 2877 lilios
1194 2822 1408 2886 habuit,
1436 2831 1489 2876 et
1512 2821 1642 2876 duas
1673 2823 1837 2887 tilias,

284 2913 598 2982 Samuelque
642 2914 690 2965 in
731 2915 920 2966 virtute
965 2913 1289 2981 proliciebat.
1334 2913 1412 2964 Eli
1457 2927 1612 2979 porro
1652 2913 1840 2965 auditis

285 3004 511 3055 liliorum
541 3001 853 3055 facinoribus
875 3001 892 3069 (
914 3000 1306 3054 mmchabantur
1330 3001 1466 3055 enim
1487 3002 1527 3068 ),
1558 3001 1840 3068 increpavit

283 3108 379 3144 eos
405 3091 599 3156 verbo;
632 3091 703 3144 illi
735 3107 859 3145 vero
903 3107 1004 3144 non
1045 3093 1492 3158 obtemperarunt.
1537 3090 1839 3144 Prredicitur

285 3181 367 3233 illi
398 3181 652 3246 pernicies
674 3180 863 3233 domus
887 3196 992 3234 sua:
1019 3190 1070 3233 et
1100 3181 1322 3233 filiorum
1355 3181 1422 3234 ob
1462 3190 1726 3247 peceatum
1750 3182 1835 3247 ju-

282 3286 498 3323 venum.
528 3272 755 3324 Samueli
792 3286 996 3339 quoque
1033 3270 1369 3324 denuntiatur
1405 3269 1729 3337 inexpiabilis
1765 3269 1838 3322 ira

281 3361 420 3424 Dei;
458 3361 504 3412 id
549 3361 645 3428 ipsi
688 3361 897 3415 Samuel
937 3361 1224 3414 denuntiat.
1271 3361 1506 3428 Pugnant
1535 3360 1838 3428 alienigena:

280 3465 401 3502 cum
431 3450 638 3514 Israele,
662 3467 811 3518 quem
840 3466 1028 3503 casum
1054 3451 1101 3503 in
1126 3451 1299 3519 fugam
1323 3460 1546 3503 vertunt.
1577 3449 1640 3504 Ut
1665 3460 1838 3502 autem

281 3555 456 3592 arcam
484 3540 776 3593 eduxerunt
816 3543 901 3592 lilii
945 3541 1054 3605 Eli,
1086 3541 1180 3608 ipsi
1211 3539 1404 3593 eadunt
1444 3541 1495 3592 in
1541 3539 1677 3593 bello
1720 3554 1836 3592 cum

280 3632 398 3682 aliis
429 3632 601 3682 multis
623 3672 636 3692 ,
665 3646 837 3684 arcam
880 3646 1001 3684 vero
1045 3631 1255 3697 capiunt
1294 3630 1490 3684 hostes.
1520 3631 1668 3684 Venit
1698 3631 1838 3697 quis-

281 3723 418 3788 piam
451 3724 536 3788 qui
575 3721 686 3774 ba-e
723 3725 1043 3774 renuntiaret
1081 3721 1194 3783 Eli;
1227 3721 1313 3772 ille
1344 3736 1468 3773 vero
1497 3736 1560 3773 ex
1593 3721 1717 3774 sella
1745 3721 1838 3774 de-

281 3812 462 3878 lapsus
489 3816 695 3862 attritus
729 3819 809 3863 est
847 3819 900 3862 et
925 3810 1052 3862 obiit
1081 3827 1092 3862 :
1123 3819 1324 3861 mortua
1367 3823 1571 3878 quoque
1609 3818 1688 3862 est
1726 3809 1836 3877 ejus

280 3915 447 3953 nurus
473 3916 590 3953 eum
625 3901 733 3953 hate
763 3900 975 3953 audivit.
1011 3900 1295 3952 lntulerunt
1324 3900 1630 3970 alienigena:
1659 3915 1833 3954 aream

281 3991 332 4043 in
361 3990 572 4041 donuun
603 3990 842 4058 Dagonis,
871 3989 958 4057 qui
986 3988 1228 4056 delapsus
1255 3998 1334 4041 est
1360 3989 1437 4042 bis
1465 4000 1516 4042 et
1540 3989 1836 4044 confracms

279 4081 394 4131 fuit.
433 4079 667 4132 Percussi
709 4089 828 4131 sunt
855 4080 1010 4131 etiam
1042 4079 1136 4130 viri
1177 4079 1228 4131 in
1271 4079 1557 4147 podieibus.
1590 4080 1646 4131 lli
1681 4095 1835 4146 porro

277 4180 433 4223 erant
461 4171 624 4222 Azotii
645 4211 657 4231 ,
691 4180 740 4223 et
771 4185 944 4222 mures
973 4170 1184 4237 protulit
1218 4170 1421 4222 illorum
1458 4185 1597 4237 ager.
1631 4170 1835 4223 Mittunt

275 4277 454 4314 arcam
486 4261 535 4312 in
564 4260 698 4313 Gelh
723 4276 736 4324 ;
769 4261 816 4312 hi
844 4275 1047 4328 quoque
1078 4261 1237 4328 plagis
1266 4260 1433 4313 allecti
1461 4269 1597 4312 sunt.
1629 4261 1836 4315 Mittunt

275 4365 488 4418 quoque
520 4350 657 4402 illam
690 4349 999 4402 Ascalonem
1024 4367 1036 4404 :
1065 4359 1118 4403 et
1144 4351 1248 4403 illic
1275 4365 1478 4417 quoque
1514 4365 1654 4403 mors
1684 4366 1834 4419 gras-

275 4449 447 4494 satur.
477 4441 875 4495 Cousulentibus
911 4450 1082 4494 autem
1124 4441 1331 4492 illormn
1361 4443 1592 4502 vatibus,
1626 4443 1836 4509 podices

273 4545 496 4592 aureos,
527 4546 804 4598 muresque
837 4546 1021 4584 aureos
1050 4531 1296 4594 conﬂant,
1329 4541 1380 4583 et
1407 4533 1637 4599 plaustro
1665 4532 1833 4600 impo-

273 4621 407 4674 sitos
433 4636 548 4674 Cum
578 4638 718 4684 arca,
748 4637 930 4674 vaccas
966 4622 1167 4690 jugant,
1195 4637 1412 4690 quarmn
1443 4622 1628 4673 vitulos
1657 4623 1704 4673 in
1736 4623 1833 4675 do-

275 4713 519 4766 muncula
549 4713 880 4765 conclmlunt.
909 4713 1012 4764 Illa:
1039 4727 1164 4765 vero
1192 4721 1326 4764 recta
1358 4712 1435 4763 via
1470 4721 1836 4778 processerunt

276 4805 329 4858 in
359 4805 685 4872 Bethsamys.
716 4804 990 4871 Excipiunt
1022 4804 1159 4854 illam
1192 4803 1284 4854 viri
1315 4802 1450 4853 illius
1483 4802 1612 4861 loci,
1643 4812 1696 4854 et
1730 4802 1833 4854 Deo

273 4895 604 4957 sacrilicanl,
646 4893 936 4945 videntibus
977 4892 1381 4957 alienigenarum
1427 4892 1665 4957 satrapis.
1703 4889 1832 4943 Cum

273 4999 403 5037 vero
432 4999 532 5034 non
566 4984 762 5049 plat'iilc
793 4982 1107 5048 exeiperent,
1133 4981 1304 5042 idest,
1330 4995 1430 5032 non
1467 4996 1564 5031 una
1597 4981 1834 5032 lcetaren-

274 5087 360 5127 tur
388 5074 475 5127 lilii
501 5073 786 5134 Jeclionim,
822 5075 964 5139 plaga
999 5087 1181 5139 magna
1216 5072 1458 5138 populum
1493 5071 1687 5122 invadit
1715 5069 1787 5137 (α)
1817 5089 1829 5123 :

269 5183 333 5219 ac
364 5173 656 5217 metuentes
685 5161 754 5225 ii,
787 5161 873 5228 qui
917 5161 1227 5228 Bethsamyn
1265 5158 1590 5220 incolebant,
1620 5161 1833 5210 mittunt

267 5272 449 5310 arcam
485 5257 533 5307 in
563 5253 773 5306 domum
804 5251 1111 5303 Aminadab.
1145 5251 1290 5302 'l‘unc
1331 5247 1573 5301 conversi
1615 5257 1733 5298 sunt
1765 5247 1829 5300 ad

270 5348 440 5398 Deum
471 5343 713 5397 Israelilm
733 5383 745 5402 ,
775 5349 825 5394 et
857 5339 1175 5407 alienigenas
1205 5340 1299 5392 sibi
1331 5339 1519 5391 bellum
1549 5336 1831 5388 inferentes

267 5440 571 5509 proﬂigant,
600 5432 842 5488 Samuele
871 5447 962 5497 pro
1002 5431 1125 5497 ipsis
1151 5439 1354 5493 orante,
1385 5437 1438 5482 et
1462 5437 1710 5494 ceperunt
1739 5441 1826 5478 ur-

332 5547 406 5601 (a)
433 5554 542 5598 emat
562 5543 782 5601 dicuntur
805 5539 864 5584 de
883 5537 1268 5601 filiistechouim,
1287 5550 1379 5583 non
1405 5535 1576 5601 suntin
1603 5535 1829 5601 tlelujairo

266 5597 409 5656 textu
432 5597 554 5658 {sed
591 5603 696 5648 iure
735 5600 868 5660 plaga
912 5598 1221 5660 bellisauntas
1254 5605 1455 5655 spectat,
1495 5597 1574 5655 qui
1610 5597 1828 5640 saerdiria

263 5670 468 5727 quidem
505 5657 788 5727 etvietimus
812 5657 1116 5726 olatnlertnil,
1140 5658 1224 5705 sed
1252 5672 1461 5718 [vet'cusst
1501 5665 1658 5703 tamen
1699 5661 1825 5709 sitat,

263 5719 322 5779 (ἰ)
349 5725 478 5786 quod
503 5723 721 5771 vidissent
745 5734 906 5769 meum
934 5719 1132 5767 contini.

1357 387 1676 442 εἴδωνὸιὸ
1714 385 1766 439 Si
1778 386 2114 442 lllll‘TUll/l‘l
2152 389 2420 442 SMZRA'J.

3396 405 3504 456 342

1942 499 2064 559 hes,
2102 515 2230 567 quas
2279 500 2374 552 sibi
2419 500 2758 552 abstulerant.
2799 500 2928 553 Cum
2977 516 3098 553 vero
3140 501 3500 555 consenuisset

1940 586 2182 649 Samuel,
2219 588 2409 656 liliique
2448 587 2560 656 ejus
2601 604 2703 640 non
2748 589 3074 644 ambularent
3105 592 3154 642 in
3184 591 3261 641 via
3297 592 3492 657 ipsius,

1940 680 2236 745 congregati
2264 679 2427 731 Jnda-i
2458 694 2630 747 regem
2658 688 2857 744 petunt.
2882 681 3068 733 Dolore
3092 681 3186 733 hac
3206 682 3270 733 de
3293 697 3347 734 re
3369 680 3494 733 alle—

1941 777 2055 821 ctus
2080 778 2160 820 est
2182 769 2411 831 Samuel,
2442 771 2617 836 aitque
2648 769 2720 821 illi
2763 770 2898 824 Deus
2931 787 2944 823 :
2977 770 3092 822 Non
3123 780 3168 824 te
3195 781 3496 840 contempse-

1943 868 2057 910 runt
2077 899 2090 922 ,
2120 858 2203 910 sed
2231 876 2320 910 me.
2355 859 2463 909 Hoc
2499 860 2658 925 itaque
2686 861 2918 924 testiﬁcor
2956 860 3074 925 ipsis
3095 900 3110 924 ,
3137 861 3226 927 jus
3264 863 3391 929 regis
3420 861 3497 930 (ί.

1946 947 2068 1015 Reg.
2101 949 2150 1001 8.
2181 949 2231 999 7.
2262 948 2318 1013 9)
2349 967 2359 1000 :
2394 949 2439 1001 id
2467 959 2578 1012 est,
2609 957 2857 1016 quantum
2896 949 2961 1002 ab
2994 949 3117 1016 ipsis
3147 949 3492 1003 ministerium

1943 1038 2181 1103 accipere
2208 1053 2295 1089 rex
2322 1038 2524 1091 debeat.
2556 1038 2764 1091 Samuel
2792 1037 3095 1091 testificatus
3123 1047 3201 1090 est
3230 1056 3242 1090 :
3275 1038 3348 1092 illi
3373 1054 3496 1092 vero

1947 1137 2182 1192 petentes
2211 1127 2489 1179 instabant.
2525 1127 2816 1194 Deperdita:
2844 1136 2992 1180 erant
3027 1127 3188 1179 asina:
3223 1127 3310 1180 liis
3337 1132 3496 1194 patris

1944 1215 2066 1270 Saiil
2100 1235 2112 1269 :
2143 1216 2282 1270 misit
2323 1218 2462 1270 illum
2505 1228 2681 1285 pater,
2718 1219 2803 1286 qui
2843 1217 2954 1272 illas
2995 1219 3335 1286 perquireret.
3361 1216 3490 1270 Cum

1945 1316 2117 1360 autem
2147 1323 2248 1360 non
2279 1308 2568 1371 inveniret,
2596 1308 2898 1360 Consulente
2927 1309 3117 1361 famulo
3143 1321 3239 1361 suo
3266 1306 3374 1359 adit
3394 1307 3492 1360 Sa-

1946 1396 2198 1459 muelcm,
2227 1397 2581 1450 seiseitaturus
2608 1397 2674 1452 de
2705 1413 2763 1451 re
2796 1398 2897 1450 illa.
2933 1397 3101 1465 Ipsum
3139 1397 3331 1451 indicat.
3360 1399 3493 1450 Deus

1943 1483 2168 1538 San'meli
2206 1484 2383 1538 dicens
2414 1502 2424 1536 :
2459 1485 2604 1539 llunc
2640 1487 2830 1555 inunge
2872 1502 3065 1555 regem.
3106 1488 3338 1541 Accessit
3367 1488 3487 1541 Saiil

1945 1573 2238 1628 Samuelem
2283 1575 2606 1642 interrogans
2630 1617 2642 1637 ,
2684 1575 2770 1628 ubi
2808 1587 2946 1629 esset
2987 1576 3203 1641 videns;
3240 1578 3314 1630 sic
3352 1580 3492 1631 enim

1947 1665 2226 1732 prophetas
2274 1665 2542 1717 vocabant.
2588 1665 2676 1718 Ille
2717 1681 2840 1718 vero
2886 1666 3187 1734 respondit,
3227 1680 3283 1719 se
3325 1667 3490 1734 ipsum

1945 1768 2081 1816 esse,
2105 1764 2157 1807 et
2176 1753 2450 1806 adductum
2476 1755 2616 1806 illum
2639 1755 2688 1806 in
2717 1754 2889 1817 Bama,
2917 1755 3000 1808 ubi
3023 1755 3332 1807 sam-ilicium
3356 1757 3491 1821 apud

1947 1843 2191 1910 populum
2227 1853 2369 1906 erat,
2398 1845 2635 1897 convivio
2671 1845 2900 1910 excepit,
2939 1853 2990 1896 et
3028 1845 3358 1897 illucescente
3395 1861 3490 1898 au-

1947 1947 2062 1985 rora
2087 1972 2101 1995 ,
2134 1933 2341 2000 quando
2367 1948 2483 1984 cum
2525 1933 2610 1984 illo
2646 1932 3030 1997 descendebat,
3062 1933 3241 1986 effudit
3272 1934 3319 1985 in
3350 1934 3492 1986 illum

1945 2021 2240 2075 lenticulam
2280 2023 2415 2086 olei,
2459 2022 2729 2091 ipsumque
2770 2023 3005 2076 osculans
3044 2023 3118 2076 sic
3153 2022 3337 2076 ell‘atus
3367 2033 3445 2076 est
3480 2043 3490 2075 :

1948 2110 2230 2181 lmperabis
2262 2111 2481 2179 populo,
2510 2121 2559 2163 et
2598 2111 2760 2178 signis
2797 2111 3100 2179 quibusdam
3132 2113 3293 2173 datis,
3323 2114 3495 2169 emisit

1945 2202 2125 2267 illum,
2157 2211 2209 2254 et
2249 2203 2573 2269 prophetarit
2610 2201 2751 2254 Saiil.
2804 2201 3089 2268 lntcrrogat
3134 2202 3340 2255 Saiilem
3380 2203 3493 2268 ejus

1947 2292 2336 2360 propinquus‘,
2385 2307 2607 2360 quonam
2652 2293 2900 2356 abiisset;
2940 2293 3026 2360 qui
3071 2293 3370 2361 I'Cspnltdil,
3413 2294 3490 2344 Ad

1945 2381 2372 2448 ιιρνψιὶεἰιίοιιοιη
2426 2383 2709 2434 asinarmn.
2763 2382 3121 2451 Congregatur
3173 2384 3388 2450 pepulm
3443 2383 3490 2432 in

1946 2470 2211 2539 Massepha
2249 2490 2260 2524 :
2292 2489 2378 2525 rex
2411 2474 2742 2526 Constituitur
2779 2474 2921 2527 sum.
2965 2475 3162 2526 Bellum
3199 2483 3372 2526 movet
3406 2490 3492 2526 rex

1945 2563 2352 2614 Ammanilartnn
2381 2574 2558 2615 contra
2588 2563 2881 2616 Galaaditas
2912 2581 2922 2614 :
2955 2564 3022 2615 illi
3057 2565 3251 2632 legatos
3288 2566 3499 2616 mittunt.

1942 2655 2004 2704 ad
2029 2652 2149 2705 Sai'tl
2174 2654 2292 2720 :qui
2319 2653 2469 2705 motis
2487 2654 2670 2706 castris
2697 2668 2784 2720 pra
2804 2653 2925 2706 lium
2950 2668 3065 2705 eum
3091 2655 3189 2706 illis
3211 2654 3491 2714 commisit,

1944 2753 1990 2794 el
2028 2742 2202 2795 llOSlCS
2239 2743 2450 2793 otnnino
2491 2742 2797 2809 profligavit.
2823 2742 3125 2796 Convixitnn
3154 2744 3408 2796 t'clelu'aul
3447 2747 3493 2794 in

1943 2832 2190 2898 Calgalis.
2215 2833 2561 2885 (Iuncitmatur
2590 2833 2779 2899 populo
2805 2833 3030 2885 Samuel.
3055 2833 3199 2884 'l'unc
3228 2833 3391 2884 dixit:
3421 2835 3492 2882 Au

1941 2923 2148 2974 vitulum
2196 2924 2509 2986 cuiuspiam,
2549 2940 2612 2972 (tu
2656 2922 2846 2973 asinum
2893 2922 3168 2988 cujuspimu
3213 2924 3377 2986 accepi
3420 2923 3490 2986 (l.

1944 3015 2066 3080 llvg.
2111 3014 2190 3067 l2.
2230 3015 2323 3081 3)?
2367 3014 2605 3066 liortatus
2655 3013 2767 3065 illos
2810 3023 2859 3064 ut
2902 3013 3008 3065 Deo
3045 3013 3488 3079 obsequereutm',

1944 3117 2215 3174 preratur,
2257 3115 2307 3157 rt
2348 3106 2512 3172 pluvia
2550 3105 2598 3154 in
2643 3104 2725 3154 die
2770 3103 2954 3154 messis
2991 3102 3263 3153 delabitur.
3301 3099 3495 3152 Timuit

1944 3196 2182 3263 populus,
2206 3195 2577 3259 confessusque
2599 3200 2677 3242 est
2701 3205 2757 3242 se
2779 3203 3023 3257 peccasse
3047 3188 3270 3254 petendo
3293 3202 3492 3252 regem.

1942 3288 2148 3342 Samuel
2190 3294 2359 3337 autem
2398 3298 2575 3335 rursus
2616 3281 2869 3342 hortatur,
2897 3289 2951 3330 ut
2994 3279 3083 3331 Dei
3118 3287 3372 3346 pra-cepta
3404 3291 3489 3328 se-

1941 3387 2179 3446 quatitur.
2217 3373 2544 3440 Alienigenas
2567 3369 2718 3422 caedit
2743 3368 2888 3423 Saiil.
2916 3367 2990 3420 llli
3018 3377 3187 3420 autem
3217 3366 3489 3432 indignati,

1941 3468 2132 3520 bellum
2178 3464 2527 3532 redintegrant
2566 3476 2683 3513 cum
2727 3458 3007 3525 majoribus
3042 3457 3222 3525 Copiis.
3268 3455 3492 3524 Fugiunt

1942 3559 2185 3612 Israelita:
2206 3595 2219 3619 ,
2255 3555 2397 3608 solus
2429 3551 2736 3619 relinquitur
2765 3549 2909 3602 Saiil.
2939 3547 3101 3601 Olfert
3131 3546 3488 3599 holocaustum

1943 3651 2049 3703 Deo
2093 3664 2193 3701 non
2233 3653 2533 3713 exspectato
2570 3641 2810 3696 Samuele
2832 3681 2845 3704 ,
2877 3641 2965 3707 qui
2994 3649 3046 3690 ut
3076 3653 3132 3691 se
3168 3645 3493 3702 exspectaret

1941 3745 2278 3808 praeceperat.
2311 3735 2460 3788 Venit
2488 3731 2734 3795 Samuel,
2768 3730 2976 3797 indigne
3017 3729 3116 3781 fert
3154 3727 3202 3780 id
3232 3727 3366 3793 quod
3397 3741 3489 3792 ge-

1938 3843 2074 3884 stmn
2108 3839 2237 3891 erat,
2271 3826 2497 3878 minatur
2526 3823 2621 3890 ipsi
2660 3821 2801 3888 regni
2832 3819 3263 3875 dissolutionem;
3295 3816 3344 3866 in
3373 3814 3492 3865 alte-

1941 3936 2052 3975 rmu
2097 3919 2286 3988 quippe
2331 3912 2744 3968 transferendum
2786 3925 2933 3971 esse;
2977 3907 3221 3959 Davidem
3263 3905 3486 3956 dicebat.

1938 4011 2064 4064 Cum
2094 4009 2300 4062 sederet
2329 4006 2450 4058 Saiil
2483 4005 2532 4056 in
2562 4003 2693 4055 colle
2721 4015 2838 4053 eum
2876 3997 3133 4050 sexcentis
3167 3995 3291 4047 viris
3311 4035 3324 4060 ,
3355 3995 3488 4046 elam

1939 4101 2195 4156 Jonathan
2225 4099 2361 4151 lilius
2381 4095 2493 4165 ejus
2513 4109 2630 4148 cum
2652 4091 2842 4144 famulo
2862 4104 2957 4143 suo
2984 4090 3185 4141 irruens
3211 4087 3261 4139 in
3287 4086 3485 4149 hostes,

1938 4190 2188 4260 quosdam
2219 4187 2425 4241 occidit.
2460 4183 2512 4238 ld
2543 4198 2658 4238 cum
2687 4180 2888 4234 videret
2924 4177 3044 4232 Saitl
3069 4221 3081 4243 ,
3117 4178 3221 4246 jam
3254 4177 3488 4230 turbatos

1939 4284 2151 4337 adortus
2179 4280 2363 4338 vineit,
2394 4287 2445 4330 et
2471 4291 2586 4328 eum
2614 4275 2910 4342 juramento
2936 4270 3097 4324 edixit
3134 4284 3199 4323 ne
3232 4266 3488 4336 quispiam

1940 4387 2101 4442 u5que
2127 4371 2190 4424 ad
2219 4382 2485 4436 veSperam
2512 4363 2700 4432 aliquid
2736 4370 2984 4431 gustaret.
3015 4358 3270 4413 Jmathan
3295 4373 3410 4409 eum
3436 4356 3486 4408 id

1939 4479 2043 4518 non
2080 4461 2344 4521 audisset,
2384 4457 2448 4510 de
2484 4455 2637 4508 melle
2669 4451 2894 4521 gustavit
2947 4447 3160 4503 Accedit
3183 4445 3304 4499 Stal
3329 4446 3490 4495 inter-

1939 4565 2212 4622 rogaturus
2250 4551 2407 4601 Deum
2447 4561 2564 4598 num
2601 4552 2865 4610 oporteret
2904 4541 3078 4593 hostes
3115 4536 3333 4603 insequi.
3374 4532 3487 4587 Non

1939 4643 2219 4710 reSpondet
2243 4639 2334 4706 ipsi
2362 4639 2514 4690 Deus.
2544 4633 2901 4699 Intellexitque
2925 4630 3008 4681 ille
3035 4634 3295 4694 peceatum
3317 4624 3367 4675 in
3391 4638 3486 4690 po-

1941 4736 2061 4802 pulo
2090 4734 2278 4784 factmn
2311 4743 2445 4781 esse.
2490 4725 2556 4779 Ut
2599 4734 2771 4778 autem
2813 4719 3168 4785 deprehensus
3211 4723 3291 4768 est
3325 4714 3486 4767 Jona-

1939 4829 2086 4888 than,
2117 4836 2325 4892 paratus
2353 4829 2465 4874 erat
2492 4819 2554 4871 ad
2583 4813 2920 4870 occidendum
2952 4811 3113 4863 illum.
3138 4808 3238 4862 Sed
3270 4808 3489 4875 populus

1938 4920 2130 4972 exemit
2155 4930 2271 4968 eum
2303 4914 2364 4965 de
2404 4910 2636 4962 nuiuihus
2663 4908 2792 4971 ejus.
2827 4901 3064 4968 l‘ra'cipit
3088 4900 3297 4953 Samuel
3322 4899 3487 4962 Sauli,

1939 5021 1995 5063 ut
2021 5008 2244 5062 debellet
2276 4999 2606 5055 Amalecitas,
2631 4994 2805 5047 omnia
2835 4993 3037 5060 perdat,
3068 5000 3117 5043 et
3150 4989 3341 5044 nemini
3373 5003 3489 5055 par-

1936 5111 2037 5155 cat.
2073 5100 2163 5151 ille
2203 5107 2324 5145 vero
2363 5106 2462 5142 non
2511 5087 2715 5154 paruit,
2765 5085 3089 5149 servavitque
3134 5084 3273 5149 Agag
3315 5096 3493 5145 regem

1936 5203 2138 5247 eorum,
2165 5196 2213 5235 et
2243 5195 2445 5250 greges,
2477 5188 2528 5231 et
2561 5187 2813 5228 armenta.
2850 5174 3073 5226 Veniens
3102 5171 3309 5225 Samuel
3343 5171 3492 5229 vidu,

1937 5281 2098 5331 iratus
2134 5283 2212 5326 est
2237 5314 2249 5337 ,
2278 5281 2328 5323 et
2362 5270 2430 5321 ait
2462 5285 2473 5318 :
2507 5267 2622 5319 Non
2662 5275 2760 5316 tam
2800 5265 2902 5315 vult
2942 5261 3075 5314 Dius
3117 5259 3403 5310 holocausta
3456 5271 3498 5310 ιι

1934 5365 2209 5432 sacrificia,
2239 5375 2384 5428 qumu
2416 5366 2466 5410 ut
2500 5354 2730 5407 audiatur
2767 5368 2860 5403 vos;
2898 5353 3002 5419 ejus
3030 5367 3046 5402 :
3077 5364 3184 5401 cccc
3213 5347 3340 5398 enim
3385 5346 3500 5397 obc-

1935 5459 2120 5513 dieuliu
2167 5455 2338 5508 melior
2377 5460 2448 5503 est
2529 5463 2676 5516 quant
2715 5445 3020 5510 victimuU.
3070 5442 3193 5510 Reg.
3240 5440 3323 5492 15.
3372 5440 3496 5506 “2.2).

1999 5593 2010 5620 ¹
2042 5588 2144 5635 Vox
2173 5585 2397 5633 llebraiea
2424 5587 2498 5627 est
2518 5584 2621 5634 ‘h‘l’,
2638 5589 2777 5638 quam
2803 5573 2969 5634 Aquila
2992 5578 3232 5631 inpii-id,”
3261 5576 3430 5624 veru,
3460 5571 3501 5613 al

1936 5662 2026 5702 ίὲδίν
2055 5657 2266 5707 υσενιιιιδ.
2294 5655 2344 5691 ιη
2370 5644 2511 5707 Ιὶίιιννῑ
2537 5652 2679 5696 etLam
2704 5641 3167 5706 VulgalaJosepbus
3193 5638 3354 5695 habet,
3397 5652 3494 5693 6s::,.

1942 5704 2152 5772 patruus,
2179 5717 2255 5755 aut
2277 5704 2549 5758 ut‘amulus.
