4000 6220
511 410 622 464 343

514 521 732 575 Minatur
757 523 908 574 etiam
939 530 1059 570 tunc
1091 515 1430 569 auferendum
1460 513 1526 564 ab
1565 512 1654 564 illo
1681 524 1798 562 esse
1826 520 2067 576 regnum.

515 613 642 667 Saul
672 621 842 664 autem
873 611 975 662 vim
1018 607 1274 660 inferebat
1316 604 1410 672 ipsi
1441 613 1495 656 ιιι
1525 615 1701 654 secum
1734 600 1955 651 veniret.
1982 595 2074 648 Ille

514 717 642 756 vero
687 701 872 754 noluit.
907 700 1124 752 Demum
1154 697 1202 748 vi
1230 705 1441 748 coactus
1477 690 1732 744 ascendit.
1779 688 2074 755 Posteaque

513 793 625 860 ipse
655 790 866 845 Samuel
889 831 902 852 ,
949 803 1067 842 cum
1103 786 1349 855 jussisset
1386 783 1570 836 adduci
1598 781 1663 834 ad
1695 782 1866 849 ipsum
1895 781 2038 848 Agag
2058 818 2071 840 ,

513 884 624 936 suis
668 880 908 936 manibus
939 881 1106 947 ipsum
1145 877 1352 932 occidit.
1401 874 1477 928 Ex
1509 875 1596 926 illo
1625 882 1799 925 autem
1839 880 2075 938 tempore

516 990 621 1028 non
645 971 770 1025 vidit
799 971 1012 1026 Saulcm
1042 985 1206 1037 usque
1233 968 1296 1020 ad
1325 966 1462 1019 diem
1494 963 1678 1018 mortis
1707 962 1819 1032 ejus
1839 1001 1853 1024 ,
1881 960 1971 1014 sed
1994 961 2074 1012 lu-

513 1068 667 1135 gebat
699 1067 888 1134 ipsum.
921 1064 1117 1118 Deinde
1147 1063 1368 1115 mittitur
1390 1060 1601 1115 Samuel
1627 1074 1654 1111 a
1675 1059 1812 1121 Deo,
1849 1067 1903 1110 ut
1933 1058 2077 1110 inun-

515 1167 663 1226 geret
711 1155 992 1218 Davidem,
1050 1164 1102 1207 et
1156 1168 1274 1206 cum
1323 1153 1591 1213 venisset,
1639 1149 1861 1203 inunxit.
1931 1147 2077 1201 Tunc

514 1249 768 1317 corripuit
793 1247 1003 1302 Saulem
1030 1246 1242 1314 Spiritus
1272 1243 1439 1296 malus
1459 1283 1472 1306 ,
1505 1251 1557 1294 et
1597 1240 1859 1294 adducunt
1895 1238 1942 1293 ei
1973 1237 2074 1291 Da-

517 1339 684 1392 videm
708 1379 722 1404 ,
752 1339 838 1406 qui
872 1335 1146 1405 psalleret,
1192 1343 1242 1387 et
1268 1330 1736 1400 sedarctspiritum
1765 1330 1977 1385 malum.
2009 1326 2077 1382 Ut

513 1439 688 1481 autent
721 1427 913 1480 bellum
942 1425 1113 1478 intulit
1135 1423 1342 1477 Goliath
1363 1463 1377 1487 ,
1423 1437 1540 1475 cum
1568 1434 1755 1474 onmcs
1786 1428 1927 1472 metu
1959 1433 2076 1487 per-

513 1519 640 1570 culsi
677 1525 890 1578 essent,
941 1514 1164 1567 mittitur
1193 1512 1349 1566 David
1380 1511 1639 1564 visitatum
1695 1509 1882 1563 fratres
1910 1521 2074 1561 suos:

514 1620 674 1676 ntque
702 1607 843 1660 venit
866 1603 932 1658 ad
951 1613 1149 1667 castra,
1180 1608 1527 1670 percontatur
1563 1601 1692 1668 quid
1724 1598 1955 1653 muneris
1993 1596 2076 1650 fu-

515 1710 686 1749 tun-um
709 1696 775 1749 sit
801 1695 845 1749 ei
875 1695 959 1763 qui
987 1693 1264 1747 occidisset
1294 1692 1434 1744 hunc
1455 1691 1820 1758 alienigenam.
1854 1688 1925 1741 Illi
1955 1701 2077 1741 vere

514 1787 778 1848 dicebant,
809 1785 938 1838 Filia
981 1785 1120 1853 regis
1149 1783 1354 1836 dabitur
1383 1783 1428 1835 ei
1459 1783 1507 1833 in
1555 1794 1790 1832 uxorem.
1821 1779 1964 1832 Adiit
1991 1777 2079 1831 ille

513 1877 724 1931 Saulem
743 1918 756 1939 ,
783 1891 839 1930 se
865 1874 1259 1930 interfecturum
1281 1872 1420 1925 illum
1446 1871 1703 1939 pollicitus
1727 1878 1824 1923 est.
1847 1868 1937 1921 Ille
1955 1881 2079 1920 vero

514 1985 620 2020 non
648 1967 910 2020 credebat.
965 1967 1181 2018 Dcmum
1239 1963 1435 2016 dimisit
1484 1962 1643 2014 armis
1689 1959 1969 2024 nudatum,
2015 1972 2079 2011 co

515 2057 653 2124 quod
685 2072 788 2109 non
829 2064 1005 2124 posset
1037 2069 1179 2106 arma
1205 2063 1433 2122 gestare.
1481 2052 1638 2105 David
1669 2052 1864 2105 emisso
1908 2048 2078 2117 lapide

516 2150 569 2202 in
599 2147 822 2200 frontem
849 2145 995 2214 ejus,
1041 2143 1321 2211 prostravit
1367 2143 1534 2209 ipsum
1561 2181 1575 2204 ,
1620 2151 1670 2193 et
1707 2141 1869 2208 ipsius
1906 2139 2079 2208 gladio

516 2249 674 2307 caput
715 2238 831 2307 ejus
869 2248 1178 2305 amputans,
1219 2234 1526 2303 splendidus
1571 2249 1634 2286 ex
1683 2233 1863 2300 prmlio
1901 2229 2075 2283 rediit.

518 2330 613 2384 Illo
641 2338 923 2397 conspecto
957 2327 1218 2381 .lonathan
1271 2327 1446 2378 animo
1503 2323 1598 2394 ipsi
1629 2323 1902 2388 colligatus
1950 2330 2030 2373 est
2063 2337 2076 2372 :

518 2421 905 2489 admodumque
934 2419 1077 2472 illum
1121 2418 1402 2488 diligebat,
1446 2416 1685 2483 donaque.
1726 2414 1822 2481 ipsi
1869 2412 2076 2466 obtulit.

519 2512 641 2565 Saul
680 2525 804 2564 vero
848 2509 1112 2562 invidebat
1155 2509 1236 2572 ei,
1278 2523 1341 2561 eo
1380 2506 1516 2574 quod
1570 2505 1791 2559 choreas
1823 2504 2081 2571 agitantes

520 2601 706 2668 puella:
750 2600 1003 2652 dixissent
1036 2615 1048 2651 :
1089 2597 1336 2651 Percussit
1365 2596 1492 2650 Suiil
1525 2597 1577 2647 in
1605 2595 1821 2646 millibus
1843 2635 1856 2655 ,
1899 2605 1946 2646 et
1981 2592 2083 2644 Da-

519 2691 602 2741 ιιίιι
649 2691 700 2742 in
739 2690 903 2742 decem
953 2686 1204 2759 miliibus(
1237 2689 1281 2741 I.
1316 2687 1441 2756 Reg.
1481 2685 1564 2738 I8.
1591 2685 1678 2753 7).
1707 2683 1907 2737 Extulit
1957 2682 2080 2736 Saul

520 2780 721 2833 hastam
749 2791 928 2832 contra
959 2778 1200 2829 Davidem
1226 2788 1280 2830 ut
1309 2776 1573 2830 occideret
1595 2791 1714 2829 eum
1745 2773 1820 2844 (α)
1851 2792 1862 2825 :
1887 2774 1973 2827 ille
1995 2789 2083 2826 ve-

521 2887 582 2921 ro
607 2869 822 2935 aufugit.
853 2869 982 2922 Cum
1010 2877 1182 2920 autem
1215 2868 1371 2918 David
1394 2867 1563 2919 clarus
1584 2867 1928 2932 omnibusque
1958 2878 2083 2932 pro-

521 2963 675 3014 hatus
704 2971 878 3024 esset,
912 2960 1074 3027 magis
1102 2959 1436 3012 inordebatur
1461 2957 1583 3011 Saiil
1610 2974 1622 3020 ;
1653 2972 1876 3024 cumque
1908 2956 2080 3023 ipsum

520 3049 744 3120 perdere
773 3050 952 3115 vellet,
984 3050 1243 3118 pollicitus
1271 3057 1351 3102 est
1377 3047 1424 3102 ei
1453 3047 1610 3101 filiam
1639 3061 1806 3109 Suam,
1837 3047 1878 3099 si
1905 3062 1964 3100 ex
1991 3047 2084 3099 ho-

521 3143 690 3196 stibus
711 3151 919 3195 centum
949 3140 1241 3194 occideret:
1265 3155 1382 3194 cum
1411 3148 1584 3194 autem
1611 3139 1902 3202 occidisset,
1923 3153 2084 3208 gener

520 3232 660 3300 regis
681 3231 906 3285 efficitur
934 3231 1026 3300 (ὁ).
1052 3231 1272 3300 Alioque
1300 3231 1524 3285 instante
1554 3230 1922 3294 bcllo,rursum
1947 3244 2084 3297 pra:-

524 3324 664 3377 clare
693 3337 750 3376 se
773 3323 933 3391 gessit
955 3339 966 3376 :
992 3321 1115 3376 Safil
1145 3337 1270 3375 vero
1293 3321 1456 3374 multo
1487 3321 1650 3389 magis
1676 3321 2085 3387 exasperabatur

522 3415 576 3468 in
599 3413 767 3480 illum,
781 3413 1006 3482 dicitque
1025 3412 1128 3466 lilio
1142 3428 1235 3466 suo
1251 3412 1529 3473 Jonathan,
1545 3425 1602 3465 se
1625 3411 1765 3463 illum
1789 3409 2085 3463 interficere

524 3505 679 3558 velle.
706 3503 795 3558 Ille
819 3521 942 3558 vero
970 3505 1147 3557 Davidi
1178 3520 1286 3557 rem
1317 3503 1542 3572 aperuit,
1569 3502 1916 3569 praecepitque
1938 3508 1992 3552 ut
2020 3501 2087 3552 la-

525 3606 678 3649 teret.
705 3595 798 3649 Ubi
833 3611 954 3648 vero
984 3606 1182 3664 patrem
1213 3596 1528 3664 placaverat,
1551 3592 1796 3648 Davidem
1823 3591 1887 3644 ad
1915 3592 2083 3660 ipsum

523 3685 906 3739 adducit.Bello
927 3696 1098 3738 autem
1131 3701 1310 3738 rursus
1340 3685 1586 3745 instante,
1605 3692 1818 3738 strenue
1841 3697 1896 3736 se
1921 3682 2085 3750 gessit

525 3775 709 3839 David,
730 3790 1040 3843 rursumque
1069 3791 1098 3829 a
1126 3775 1279 3828 Saiile
1309 3773 1507 3843 aufugit
1529 3775 1740 3827 volente
1765 3789 1883 3826 eum
1906 3773 2082 3825 lancea

524 3867 825 3921 confodere.
858 3867 1048 3921 Uxoris
1093 3867 1314 3920 consilio
1344 3867 1487 3920 illinc
1529 3866 1746 3935 aufugit.
1776 3865 1929 3919 Mittit
1957 3865 2083 3920 Saiil

526 3958 616 4025 qui
649 3957 790 4010 illum
823 3956 1365 4025 comprehenderent;
1404 3956 1688 4025 respondet
1716 3956 1802 4009 illa
1832 3965 2084 4025 a‘grotum

526 4064 664 4103 esse.
700 4049 823 4103 Saul
857 4049 999 4102 illum
1028 4048 1290 4116 aufugisse
1328 4062 1548 4116 gnarus,
1593 4048 1749 4100 filiam
1781 4048 2084 4115 redarguit:

528 4146 685 4204 atque
723 4151 840 4188 cum
868 4138 1212 4204 comperisset
1257 4139 1464 4190 ubinam
1511 4149 1648 4190 esset
1680 4137 1839 4190 David
1870 4178 1884 4202 ,
1929 4137 2088 4190 mittit

529 4228 616 4295 qui
645 4227 788 4279 illuni
811 4235 1018 4294 captum
1051 4227 1385 4280 adducerent.
1406 4227 1534 4280 Cum
1564 4236 1738 4280 autem
1770 4228 1802 4279 ii
1833 4228 1917 4295 qui
1942 4227 2085 4280 missi

532 4317 739 4368 fuerant
782 4331 881 4370 non
914 4316 1179 4377 redirent,
1226 4319 1319 4370 sed
1349 4329 1622 4370 manentes
1666 4317 2042 4384 pr0phetarcnt
2069 4357 2084 4382 ,

528 4408 639 4475 ipse
667 4422 874 4476 quoque
918 4406 1064 4459 abiit.
1099 4405 1174 4459 Ad
1204 4405 1462 4460 Jonatlian
1511 4406 1636 4459 adiit
1665 4407 1860 4472 David,
1906 4416 1959 4460 et
2004 4421 2089 4460 re-

534 4498 739 4550 nuntiat
781 4498 829 4550 ci
859 4496 1074 4551 SaftIcm
1103 4512 1250 4551 suam
1299 4499 1585 4551 machinari
1613 4513 1812 4551 necem.
1847 4497 1995 4563 Quod
2044 4498 2087 4551 si

532 4591 660 4642 velis
681 4630 695 4654 ,
720 4589 914 4657 inquit,
945 4588 995 4641 in
1015 4591 1239 4643 crastina
1269 4589 1353 4643 die
1374 4590 1607 4644 ediscere
1627 4631 1640 4651 ,
1672 4601 1907 4658 tempore
1935 4605 2090 4657 pran-

534 4680 601 4730 dii
635 4679 814 4732 abero.
855 4680 907 4733 Si
939 4688 1087 4748 pater
1114 4690 1233 4732 tuus
1262 4681 1514 4733 absentia:
1558 4695 1770 4733 causam
1802 4687 1973 4747 petat,
2005 4679 2088 4732 die

534 4785 634 4830 me,
663 4785 778 4822 cum
809 4771 1120 4823 sacrificium
1151 4779 1290 4824 esset
1315 4772 1366 4824 in
1390 4773 1538 4833 urbe,
1568 4769 1791 4823 abeundi
1825 4770 2085 4822 licentiam

529 4860 764 4925 petiisse.
795 4859 847 4911 ld
869 4860 912 4912 si
942 4861 1028 4913 ille
1049 4861 1250 4929 placide
1275 4861 1482 4924 tulerit,
1513 4860 1638 4912 nihil
1667 4860 1784 4912 mali
1814 4862 2085 4929 suspicor:

531 4949 608 5002 sin
637 4961 774 5015 a-gre
804 4948 1007 5014 tulerit,
1043 4951 1251 5018 planum
1281 4951 1503 5004 estmibi
1535 4952 1782 5004 ultionem
1807 4951 2088 5005 etinsidias

533 5040 726 5108 parari.
759 5037 869 5092 Iloc
896 5037 1017 5092 facit
1059 5041 1350 5105 Jonathan;
1383 5041 1505 5095 Saiil
1535 5050 1709 5095 autem
1755 5057 1919 5109 usque
1956 5041 2089 5094 adeo

531 5130 696 5182 iratus
719 5137 798 5182 est
820 5169 833 5192 ,
862 5137 918 5181 ut
945 5141 1161 5184 conatus
1191 5133 1257 5186 sit
1308 5132 1469 5184 lilium
1498 5146 1647 5184 suum
1694 5131 1953 5185 occidere.
2002 5130 2089 5184 Ille

535 5237 658 5276 vero
683 5221 748 5276 de
789 5235 968 5274 mensa
997 5222 1272 5286 resiliens,
1324 5224 1374 5276 in
1404 5237 1647 5290 campum
1677 5223 1870 5288 exivit,
1922 5232 1972 5275 et
2000 5237 2088 5275 sa-

593 5399 664 5507 (αὶ
691 5408 796 5448 meo
817 5399 878 5449 de
902 5399 1032 5449 hasta
1057 5400 1102 5446 in
1124 5399 1343 5448 Davidem
1367 5412 1393 5447 a
1416 5397 1552 5448 Saiile
1569 5399 1775 5447 immissa
1799 5411 1891 5446 non
1915 5399 2088 5447 haben-

593 5475 609 5507 r
660 5474 731 5507 »οε
779 5462 881 5507 loco
909 5464 954 5507 in
993 5462 1200 5507 Edilionc
1226 5465 1330 5505 LXX
1357 5461 1542 5507 vulgata
1568 5475 1580 5507 :
1615 5463 1698 5506 sed
1725 5461 1846 5506 haud
1870 5461 2016 5507 dubie
2043 5465 2087 5506 in

532 5468 609 5507 tur
644 5461 731 5508 hoc
779 5462 881 5509 loco
909 5464 954 5508 in
993 5462 1200 5508 Edilionc
1226 5465 1330 5505 LXX
1357 5461 1542 5521 vulgata
1568 5475 1580 5511 :
1615 5463 1698 5506 sed
1725 5461 1846 5506 haud
1870 5461 2016 5507 dubie
2043 5465 2087 5506 in

533 5521 796 5583 cxeniplari
823 5521 1138 5583 Chrysostomi
1176 5534 1235 5567 ex
1272 5522 1482 5568 lLtlitione
1517 5529 1621 5568 L.\.\
1648 5521 1892 5582 hexaplari
1923 5522 2088 5581 adjun-

530 5591 600 5627 cta
629 5581 832 5639 fuerant,
859 5581 1023 5630 ut'alia
1047 5581 1205 5628 multa.

593 5649 660 5719 (li)
687 5648 818 5702 Haec,
842 5645 1258 5719 altoque'inslnntc
1292 5643 1695 5719 bello,‘prrrclq\re
1727 5643 1951 5716 segessit
1990 5648 2089 5718 (χᾳὶ

531 5711 738 5766 πολέμου
760 5707 1014 5760 συστάνεέος
1039 5710 1214 5766 ἑτέρην,
1245 5708 1377 5751 πάλιν
1401 5707 1676 5766 εὐδοκιμεῖ),
1707 5709 1882 5756 Otttissa
1904 5716 2015 5755 sunt
2041 5709 2088 5756 itt

536 5769 621 5816 Ed.
649 5765 767 5818 LXX
797 5770 944 5829 vulg,
975 5770 1058 5816 sed
1098 5767 1142 5814 in
1170 5765 1414 5827 lzcxaplari
1451 5765 1752 5828 legebantur.

1277 399 1330 452 S.
1373 393 1641 451 JOANNIS
1677 385 2143 446 CIIIIYSOSTOMI
2184 385 2492 441 ARCHIEI’.
2534 389 3054 449 CONSTANTINOP.

3629 408 3739 460 344

2181 503 2338 572 gittas
2367 506 2576 571 emisit;
2605 517 2719 561 erat
2746 509 2884 562 enim
2913 511 3012 563 hoc
3033 509 3373 564 constitutum
3405 511 3607 578 signum
3642 527 3656 562 :
3684 521 3740 562 et

2177 613 2458 654 aecurrens
2488 609 2604 668 post
2644 615 2854 655 servum
2881 617 3030 656 suum
3057 645 3071 668 ,
3103 604 3227 656 dum
3259 601 3418 657 David
3449 619 3513 659 eo
3540 606 3588 659 in
3621 606 3740 660 loco
3767 597 3778 617 '

2178 691 2411 754 latebat,
2443 692 2512 745 ait
2546 711 2557 746 :
2587 693 2702 746 Cito
2753 708 2972 762 propera
2993 735 3008 758 ,
3052 710 3117 748 ne
3161 697 3424 750 cuncteris
3450 737 3464 760 ,
3491 697 3610 764 quia
3654 713 3742 752 sa-

2177 786 2302 853 gitta
2332 784 2436 836 illic
2467 792 2546 838 est
2586 785 2820 852 procula
2859 793 2932 839 te.
2975 784 3234 839 Intellexit
3259 785 3417 840 David
3459 787 3584 855 quid
3627 786 3742 840 hare

2179 873 2535 942 significarent
2553 915 2567 938 ,
2593 883 2645 927 et
2690 888 2809 928 cum
2855 887 3040 928 servus
3063 877 3398 938 recessisset,
3427 877 3530 929 ruit
3554 877 3604 930 in
3630 891 3741 930 amo

2180 967 2389 1034 plcxum
2419 965 2678 1019 Jonathan
2713 973 2766 1020 et
2793 966 2936 1021 flevit
2965 983 2979 1019 :
3009 966 3097 1020 ille
3137 981 3264 1021 vero
3290 966 3470 1037 fugere
3506 969 3664 1037 jussit
3688 979 3744 1024 et

2182 1068 2451 1126 pactorum
2501 1056 2788 1111 recordari.
2825 1057 2949 1112 Haac
2983 1072 3142 1126 porro
3185 1068 3337 1112 erant
3385 1073 3452 1113 ne
3493 1074 3740 1128 umquam

2181 1147 2594 1202 misericordiam
2624 1157 2893 1202 amoveret
2922 1163 2987 1203 ex
3007 1148 3170 1202 domo
3197 1148 3456 1203 Jonathan
3473 1191 3487 1215 ,
3519 1151 3631 1204 sive
3658 1152 3739 1204 vi-

2180 1240 2385 1302 ventis,
2417 1241 2528 1293 sive
2561 1240 2772 1294 mortui.
2802 1240 2958 1294 Venit
2985 1240 3148 1295 David
3175 1241 3240 1294 ad
3272 1241 3540 1295 Abimelec
3566 1256 3744 1296 sacer-

2179 1329 2377 1383 dotem.
2407 1330 2554 1384 Tunc
2595 1345 2758 1398 panes
2799 1331 3174 1401 propositionis
3219 1332 3489 1385 comedit:
3539 1333 3742 1400 accepit

2179 1436 2388 1489 quoque
2414 1421 2646 1490 gladium
2672 1420 3110 1486 Goliathi,dicens
3135 1437 3192 1476 se
3213 1438 3239 1473 a
3269 1437 3390 1490 rege
3411 1422 3588 1491 aliquo
3615 1423 3742 1476 mis-

2180 1526 2294 1565 sunt
2317 1527 2434 1565 cum
2463 1512 2749 1580 diligentia.
2781 1512 2846 1566 Et
2876 1512 3017 1565 venit
3045 1511 3164 1565 inde
3189 1511 3253 1564 ad
3279 1511 3524 1575 Auchus,
3549 1511 3740 1566 deinde

2183 1604 2233 1656 in
2257 1602 2476 1658 Odolam
2505 1603 2541 1667 ‘,
2572 1612 2625 1656 et
2647 1603 2980 1656 commendat
3016 1604 3123 1670 regi
3151 1602 3298 1655 Moab
3327 1602 3539 1656 domum
3568 1617 3738 1656 suam.

2175 1691 2310 1746 Cum
2341 1703 2514 1748 autem
2558 1693 2681 1748 Saﬁl
2715 1703 3125 1761 conquereretur
3166 1693 3302 1762 apud
3354 1708 3534 1747 servos
3581 1707 3738 1756 suos,

2182 1784 2322 1852 quod
2365 1799 2521 1838 nemo
2567 1785 2681 1851 ejus
2729 1783 2895 1836 vicem
2946 1782 3170 1848 doleret,
3213 1798 3309 1836 nec
3344 1782 3594 1836 Davidem
3643 1781 3740 1836 sibi

2184 1873 2461 1936 traderet,
2496 1874 2634 1927 Doec
2661 1873 2939 1939 Idumaius,
2983 1873 3072 1942 qui
3119 1888 3350 1941 praesens
3397 1882 3508 1927 erat
3534 1871 3742 1941 quando

2183 1963 2345 2018 David
2372 1964 2436 2016 ad
2456 1963 2780 2017 sacerdotem
2823 1963 2997 2030 venit,
3030 1963 3355 2016 annuntiavit
3381 1962 3453 2015 illi
3478 1962 3613 2030 quod
3639 1961 3743 2015 fac-

2185 2064 2292 2108 tum
2324 2065 2454 2108 erat.
2505 2055 2594 2109 Ille
2623 2055 2804 2108 accitis
2831 2054 3221 2120 sacerdotibus,
3251 2069 3368 2108 cum
3411 2053 3444 2106 ii
3467 2053 3554 2122 qui
3604 2068 3742 2122 pne-

2185 2158 2361 2202 sentcs
2383 2156 2534 2202 erant
2563 2147 2766 2201 nollent
2792 2147 2908 2200 illos
2930 2146 3200 2210 occidere,
3236 2146 3464 2200 Doécum
3494 2145 3544 2198 id
3571 2145 3738 2214 jubet,

2184 2242 2272 2310 qui
2326 2241 2519 2294 ocridit
2564 2250 2824 2293 trecentos
2863 2239 3235 2308 quinquaginta
3291 2239 3430 2291 viros
3472 2246 3745 2306 portantes

2185 2332 2402 2400 Ephnd,
2428 2341 2480 2384 et
2515 2331 2657 2384 Noba
2703 2346 2886 2385 eorum
2936 2331 3117 2384 urbem
3146 2330 3361 2384 delevit.
3393 2330 3514 2383 ΙΙωο
3564 2329 3740 2381 Davidi

2185 2422 2504 2476 renuntiavit
2533 2436 2665 2474 unus
2691 2437 2754 2476 ex
2782 2420 2902 2474 filiis
2930 2420 3239 2483 sacerdotis,
3269 2420 3354 2488 qui
3385 2419 3742 2473 carniﬁcinam

2186 2522 2444 2568 evaserat.
2476 2511 2568 2564 Ille
2591 2527 2716 2564 vero
2743 2511 2926 2564 dolens
2945 2552 2959 2576 ,
2985 2512 3315 2578 superstitem
3347 2510 3492 2562 illum
3529 2509 3664 2576 apud
3686 2523 3744 2562 se

2185 2605 2413 2658 servavit
2433 2646 2446 2667 ,
2472 2616 2525 2657 et
2549 2605 2714 2658 Cilam
2742 2613 3094 2674 Oppugnalam
3125 2603 3381 2655 liberavit.
3407 2600 3538 2654 Cum
3563 2601 3742 2654 audis-

2186 2707 2267 2750 set
2291 2707 2463 2748 autem
2488 2695 2696 2749 Saulcm
2726 2694 2792 2748 ad
2831 2708 2888 2748 se
2916 2694 3095 2747 venire
3119 2734 3134 2754 ,
3160 2693 3283 2746 exiit
3314 2691 3434 2744 inde
3475 2692 3524 2743 in
3561 2690 3742 2744 descr-

2187 2796 2294 2841 tnm
2326 2786 2478 2855 Ziph.
2507 2787 2656 2853 Quod
2679 2800 2796 2840 cum
2826 2785 3076 2838 audiisset
3097 2783 3247 2846 Safil,
3275 2781 3339 2835 ad
3373 2782 3515 2834 illum
3564 2796 3742 2848 perre-

2187 2880 2281 2932 xit.
2314 2879 2443 2932 Dum
2471 2887 2644 2931 autem
2681 2877 2823 2930 illum
2863 2877 3247 2943 insequeretur,
3291 2872 3469 2925 audito
3517 2872 3742 2924 hostium

2187 2969 2432 3032 incursu,
2474 2968 2690 3020 recedit.
2723 2965 2920 3019 Deinde
2959 2981 3076 3018 cum
3117 2980 3181 3017 ex
3213 2963 3448 3016 hosubus
3472 2962 3743 3024 rediissct,

2187 3057 2332 3111 illum
2363 3057 2536 3110 denuo
2565 3056 2931 3123 perquirebat,
2975 3066 3027 3109 et
3057 3055 3322 3123 ingressus
3347 3063 3428 3107 est
3453 3053 3504 3104 in
3535 3051 3745 3121 spelun-

2187 3163 2332 3212 cam,
2368 3147 2418 3200 in
2446 3163 2545 3215 qua
2589 3146 2749 3200 David
2777 3146 3024 3209 sedebat,
3055 3156 3107 3199 et
3133 3160 3248 3200 cum
3281 3145 3367 3196 illo
3393 3144 3488 3196 viri
3528 3143 3746 3196 interius

2188 3241 2367 3307 positi.
2398 3237 2634 3306 Cumque
2659 3253 2844 3291 omnes
2880 3237 3212 3290 hortarentur
3240 3251 3359 3290 eum
3393 3245 3447 3288 ut
3484 3235 3746 3288 occideret

2188 3329 2438 3396 Saulem,
2487 3344 2590 3381 non
2639 3329 3059 3398 obtemperavit,
3121 3343 3288 3394 neque
3345 3325 3640 3379 volentibus
3695 3323 3744 3376 id

2189 3422 2473 3476 concessit.
2507 3419 2572 3474 Ut
2595 3431 2768 3474 autem
2793 3419 2955 3472 exivit
2982 3419 3067 3472 ille
3092 3433 3152 3472 ex
3181 3417 3450 3484 spelunca,
3480 3414 3564 3468 hic
3589 3415 3744 3467 etiam

2189 3523 2440 3580 sequutus
2463 3520 2577 3575 est,
2612 3518 2665 3564 et
2693 3510 2925 3563 clamans
2955 3509 3019 3560 ad
3048 3509 3191 3560 illum
3210 3547 3223 3570 ,
3258 3507 3419 3575 ipsius
3460 3506 3744 3574 nequitiam

2189 3612 2240 3656 et
2254 3602 2508 3669 justitiam
2532 3614 2680 3654 suam
2704 3598 2914 3653 Saiilem
2945 3598 3140 3652 docuit.
3172 3597 3266 3650 Ille
3285 3610 3412 3649 vero
3432 3595 3749 3663 Iacrymatus

2189 3701 2288 3746 est.
2318 3692 2466 3745 Tunc
2515 3699 2753 3743 mortuus
2779 3700 2860 3742 est
2910 3687 3144 3742 Samuel.
3190 3686 3344 3739 Mittit
3370 3685 3458 3754 qui
3499 3700 3528 3738 a
3553 3683 3748 3737 Nabale

2189 3782 2326 3836 dona
2371 3789 2608 3850 peterent
2660 3795 2756 3849 pro
2785 3778 3020 3833 custodia
3063 3792 3164 3846 qua
3217 3784 3517 3831 servaverat
3564 3790 3749 3844 greges

2191 3874 2372 3942 ipsius.
2401 3873 2494 3926 Ille
2520 3886 2646 3926 vero
2674 3885 2775 3923 non
2803 3870 2957 3924 modo
2985 3885 3087 3922 non
3114 3867 3290 3932 dedit,
3318 3867 3410 3920 sed
3441 3868 3596 3920 etiam
3623 3881 3750 3920 eon-

2193 3965 2406 4020 tumelia
2453 3965 2622 4032 ipsum
2654 3961 2828 4015 allecit
2864 3976 2956 4030 per
2983 3961 3179 4028 legatos
3207 3973 3350 4012 suos.
3385 3956 3477 4011 Ille
3514 3966 3748 4010 armatus

2192 4057 2470 4111 incedebat
2495 4064 2550 4108 ut
2578 4052 2820 4123 perderet
2844 4067 2985 4105 eum.
3012 4050 3135 4103 Ilzec
3155 4047 3336 4102 didicit
3362 4048 3578 4115 Abigaia
3619 4061 3749 4098 uxor

2192 4149 2364 4215 illius,
2393 4156 2446 4202 et
2466 4145 2698 4212 acceptis
2721 4143 3024 4198 muneribus
3049 4141 3277 4194 occurrit
3316 4139 3496 4192 Davidi
3514 4179 3527 4200 ,
3555 4137 3746 4190 multa-

2192 4255 2293 4308 que
2324 4249 2535 4309 precata
2556 4279 2570 4301 ,
2592 4237 2844 4304 impetum
2875 4234 2990 4302 ejus
3015 4231 3270 4286 cohibuit.
3300 4230 3608 4298 Mortuoque
3650 4226 3750 4280 Na-

2193 4330 2329 4395 bale,
2364 4329 2580 4398 Abigaia
2609 4327 2723 4394 ejus
2750 4339 2880 4378 uxor
2907 4323 3148 4377 efficitur.
3177 4320 3305 4374 Cum
3329 4321 3581 4372 audiisset
3601 4316 3748 4382 Saul,

2191 4437 2294 4489 quo
2323 4421 2372 4471 in
2403 4421 2518 4472 loco
2547 4427 2686 4471 esset
2731 4414 2891 4468 David
2913 4455 2927 4478 ,
2958 4413 3099 4466 venit
3119 4425 3302 4464 rursus
3325 4409 3391 4461 ad
3420 4423 3561 4461 etnn.
3616 4408 3749 4460 Dor-

2193 4511 2386 4562 miente
2416 4519 2588 4562 autem
2629 4507 2784 4561 Saule
2809 4519 2926 4560 cum
2957 4513 3064 4556 toto
3111 4502 3342 4556 exercitu
3373 4513 3503 4562 suo,
3543 4499 3752 4552 advenit

2195 4600 2356 4653 David
2385 4616 2502 4652 eum
2549 4598 2747 4652 Abessa
2783 4615 2795 4650 :
2839 4609 3062 4664 cumque
3106 4592 3191 4646 hic
3226 4591 3431 4660 juberet
3471 4589 3754 4642 confodere

2195 4691 2463 4744 inimicum
2484 4729 2496 4751 ,
2530 4704 2632 4739 non
2660 4685 2818 4739 cessit
2846 4685 2953 4747 ille,
2980 4682 3069 4737 sed
3101 4691 3316 4748 accepto
3348 4681 3546 4748 scypho
3571 4678 3658 4746 qui
3679 4676 3751 4748 ad

2193 4790 2351 4850 caput
2377 4780 2492 4848 ejus
2517 4787 2663 4842 erat,
2695 4787 2748 4831 et
2789 4777 2965 4840 hasta,
2999 4776 3203 4841 longius
3234 4771 3512 4839 processit,
3545 4779 3595 4822 et
3646 4769 3752 4820 cla-

2194 4887 2344 4924 mans
2385 4869 2630 4924 excitavit
2658 4866 2773 4935 ejus
2794 4867 3004 4930 ducem,
3029 4862 3166 4915 etde
3192 4859 3430 4914 socordia
3459 4858 3750 4919 incusabat,

2193 4962 2333 5032 quod
2361 4976 2465 5015 non
2503 4958 2791 5012 custodiret
2832 4970 3026 5022 regem.
3076 4951 3420 5018 Ostenditque
3450 4950 3653 5002 hastam
3701 4956 3752 4999 et

2194 5056 2451 5124 scyphum
2474 5092 2488 5116 ,
2516 5059 2568 5105 et
2608 5049 2810 5101 incusat
2846 5045 3059 5099 Saulem
3079 5083 3094 5109 ,
3125 5042 3264 5112 quod
3293 5055 3413 5094 eum
3435 5039 3522 5108 qui
3546 5053 3603 5091 se
3625 5035 3754 5089 nihil

2195 5147 2404 5202 laeserat
2451 5146 2828 5210 insequeretur.
2878 5137 3025 5190 Tunc
3071 5135 3200 5203 fugit
3249 5131 3408 5186 David
3457 5130 3521 5182 ad
3579 5142 3752 5196 regem

2194 5239 2450 5294 Anchus:
2501 5247 2669 5302 neque
2716 5232 2855 5286 enim
2904 5240 3068 5282 tutum
3124 5240 3243 5280 esse
3297 5222 3508 5292 putabat
3551 5216 3752 5272 versari

2195 5344 2357 5398 prope
2381 5327 2614 5382 Saulem.
2643 5321 2847 5390 Accipit
2875 5317 3037 5373 David
3063 5317 3128 5370 ab
3171 5313 3383 5368 Anchus
3413 5311 3625 5366 Secelac
3655 5326 3668 5362 :
3701 5318 3756 5362 et

2196 5425 2436 5476 incursus
2465 5415 2689 5471 faciebat
2737 5414 2791 5467 in
2832 5413 3013 5466 hostes
3037 5450 3051 5474 ,
3081 5406 3477 5476 accipiebatqne
3503 5401 3754 5470 pecunias

2195 5528 2247 5571 et
2277 5531 2400 5570 oves
2424 5511 2630 5566 multas.
2659 5509 2808 5565 Tunc
2835 5515 3217 5577 congregantur
3242 5503 3548 5571 alienigena:
3569 5509 3753 5554 contra

2196 5608 2462 5670 lsraclem,
2488 5613 2541 5658 et
2561 5602 2686 5658 Saﬁl
2717 5602 3005 5668 interrogat
3029 5592 3517 5666 engastrimytham.
3550 5588 3752 5644 Rever-

2265 5767 2274 5795 ¹
2304 5764 2411 5824 Alli,
2429 5763 2660 5813 Ortallum.
