4000 6220
587 402 700 458 345

582 493 763 561 φύλων
789 487 1135 554 συνεξελθεῖν,
1157 484 1544 545 ὑποπτεύοντες
1569 481 1729 535 αὑτὸν
1754 477 2049 547 προδιδόναι
2070 474 2129 526 τὸ

586 574 981 648 στρατόπεδον),
1012 572 1251 642 εὑρίσκει
1271 574 1370 639 τὴν
1392 568 1629 621 Σεκελὰκ
1650 562 2129 635 ἐμπεπρησμένην,

583 666 679 716 καὶ
714 662 809 724 τὰς
837 662 1096 727 γυναῖκας
1120 656 1352 726 οὐδαμοῦ
1373 670 1387 684 °
1450 653 1770 723 ἀπήχθησαν
1818 650 1922 718 γὰρ
1973 648 2133 714 αἰχμο

584 750 797 801 ἁλωτοι.
844 746 1128 818 Ἐρόμενος
1156 744 1213 795 δὲ
1245 743 1336 794 τὸν
1372 741 1521 803 Θεὸν,
1552 742 1600 792 εἰ
1636 740 1743 791 δέοι
1788 735 2131 799 καταδιῶξαι,

583 833 823 894 εἰπόντος
846 832 925 883 ὅτι
953 831 1081 891 δέοι,
1114 827 1420 890 κατεδίωξε.
1463 826 1569 878 Καὶ
1606 822 1789 894 μαθὼν
1834 819 1985 891 παρά
2010 835 2135 872 παι-

582 920 694 971 δίου
714 916 1027 984 Αἰγυπτίου,
1062 912 1163 967 ποῦ
1196 910 1720 983 στρατοπεδεύονται,
1760 905 1910 977 [548]
1942 906 2136 956 ἐπιπε-

586 1003 693 1056 σὼν
731 1001 1081 1072 ῥᾳθυμοῦσιν,
1133 998 1397 1061 ἐπάταξεν
1430 996 1663 1057 αὐτοὺς,
1708 994 1802 1046 καὶ
1852 991 1919 1044 τὰ
1967 988 2137 1042 σκῦλα

586 1091 762 1153 ἐλαϐε,
802 1090 894 1142 καὶ
924 1088 1185 1157 διένειμεν
1208 1086 1265 1150 ἐξ
1297 1086 1415 1153 ίσης
1465 1086 1574 1146 τοῖς
1596 1099 1653 1135 τε
1684 1080 2019 1149 πολεμήσασι
2046 1076 2137 1130 καὶ

585 1180 695 1240 τοῖς
719 1175 1073 1245 ἀπομείνασιν
1098 1172 1307 1226 ἐπὶτῶν
1338 1169 1562 1223 σκευῶν.
1603 1169 1688 1230 Ὠς
1721 1168 1777 1219 δέ
1804 1168 1833 1218 0
1878 1166 2013 1235 πρὸς
2047 1164 2138 1215 τὸν

598 1262 811 1332 Ἰσραὴλ
832 1261 1016 1328 γέγονε
1038 1259 1266 1326 πόλεμος
1287 1255 1396 1307 τῶν
1417 1252 1742 1321 ἀλλοφύλων,
1766 1252 1950 1303 πίπτει
1968 1249 2138 1302 Σαοὺλ

587 1351 680 1404 καὶ
716 1347 989 1412 Ἰωνάθαν,
1023 1346 1116 1398 καὶ
1152 1347 1199 1397 οί
1238 1343 1329 1395 δύο
1353 1342 1500 1395 ἄλλοι
1541 1340 1647 1391 υἱοὶ
1671 1337 1866 1391 αὑτοῦ·
1917 1337 2011 1388 καὶ
2043 1335 2139 1386 λα-

588 1436 771 1498 ϐόντες
794 1433 952 1486 αὐτὸν
983 1433 1030 1483 οἱ
1061 1430 1325 1498 πολέμιοι,
1364 1426 1704 1496 προσέπηξαν
1726 1425 1801 1493 τῷ
1828 1422 1994 1490 τείχει
2018 1420 2141 1472 Βιθ-

589 1521 721 1585 σάν,
776 1523 810 1590 ἦ
851 1521 964 1572 ἐστι
994 1515 1338 1578 Σκυθόπολις.
1396 1513 1665 1574 Ἐλθόντες
1715 1511 1771 1563 δὲ
1806 1510 1854 1561 οί
1894 1508 2000 1560 ἀπὸ
2038 1506 2140 1559 ἰἀ-

588 1610 685 1679 ϐης
706 1621 753 1667 ι,
772 1606 959 1658 ἔλαϐόν
979 1622 1039 1657 τε
1067 1601 1219 1656 αὐτὸν
1253 1602 1345 1653 καὶ
1373 1599 1462 1651 τὸν
1497 1597 1766 1658 ’ίωνάθαν,
1800 1594 1892 1647 καὶ
1914 1592 2135 1661 ἔθαψαν.

1140 1749 1464 1805 Baculqu
1507 1749 1586 1813 β’.

662 1863 917 1934 Ἔρχεται
962 1878 1042 1920 τις
1074 1858 1426 1925 ἀπαγγέλλων
1479 1855 1558 1925 τῷ
1583 1854 1765 1916 Δαυῒδ,
1807 1854 1887 1905 ὅτι
1934 1850 2141 1904 ἀνεῖλεν

590 1952 751 2014 αὐτὸς
778 1950 871 2002 τὸν
908 1946 1104 2001 Σαούλ·
1164 1945 1256 1997 καὶ
1310 1942 1515 1999 ἀνεῖλεν
1556 1941 1716 1994 αὐτὸν
1753 1942 1782 1993 0
1823 1936 1983 1991 Δαυῖδ
2006 1952 2021 1967 ο
2049 1934 2143 1988 καὶ

591 2039 853 2108 ἐθρήνησε
883 2034 973 2087 τὸν
1006 2030 1176 2084 Σαοὺλ
1218 2030 1310 2082 καὶ
1356 2029 1445 2080 τὸν
1470 2026 1744 2085 Ἰωνάθαν,
1775 2024 1867 2077 καὶ
1904 2022 2141 2093 χρίουσιν

591 2125 751 2178 αὐτὸν
785 2125 860 2184 εἰς
894 2120 1132 2189 βασιλέα.
1174 2117 1283 2169 Kal
1303 2114 1612 2167 ἀποστέλλει
1646 2114 1779 2181 πρὸς
1818 2112 1942 2171 τοὺς
1977 2108 2142 2169 ’ῐαϐἐς

591 2210 821 2272 Γαλαὰδ,
852 2205 1084 2260 ἐπαινῶν
1116 2204 1311 2265 αὐτοὺς
1334 2203 1412 2255 ὅτι
1441 2200 1644 2267 ἔθαψαν
1688 2200 1777 2251 τὸν
1810 2196 1996 2249 Σαούλ.
2035 2194 2142 2245 Kal

604 2294 855 2364 Ἀϐεννὴρ
889 2295 917 2344 0
950 2290 1249 2361 στρατηγὸς
1292 2287 1385 2340 τοῦ
1432 2286 1599 2339 Σαοὺλ
1652 2284 1960 2337 ἐϐασίλευσε
1989 2282 2017 2320 δ
2048 2278 2140 2332 τοῦ

603 2381 816 2452 Ἰσραήλ
846 2380 958 2431 υἱὸν
992 2375 1163 2429 Σαοὺλ
1202 2375 1293 2426 τὸν
1339 2369 1708 2441 Μεμφιϐοσθέ.
1743 2368 1847 2421 Τοῦ
1876 2368 1930 2420 δέ
1976 2365 2141 2419 Ἰούδα

594 2469 907 2527 ἐϐασίλευσε
938 2464 1118 2517 Δαυΐδ.
1168 2463 1253 2523 Ὠς
1292 2461 1347 2512 δὲ
1387 2458 1669 2527 συνέτυχον
1702 2457 1947 2525 ἀλλήλοις
1986 2453 2141 2507 Ίωάϐ

594 2560 621 2609 0
647 2556 740 2608 τοῦ
769 2552 949 2616 Δαυῒδ,
974 2552 1068 2603 καὶ
1100 2549 1358 2615 Ἀϐεννὴρ
1386 2549 1413 2599 0
1439 2545 1531 2599 τοῦ
1553 2543 1742 2605 Σαοὺλ,
1771 2542 1864 2596 καὶ
1894 2558 2143 2609 συνεκρο-

592 2645 729 2713 τήθη
778 2642 1007 2706 πόλεμος
1054 2637 1161 2690 ἀπὸ
1212 2635 1447 2696 παιδίας,
1503 2631 1824 2687 κατεδίωκεν
1872 2629 2067 2699 Ἀσαήλ
2114 2629 2143 2680 0

594 2730 817 2798 ἀδελφὸς
859 2727 1012 2780 ’ῐωάϐ
1046 2725 1135 2779 τὸν
1174 2724 1430 2791 Ἀϐεννήρ
1450 2737 1463 2748 ·
1504 2721 1597 2773 καὶ
1617 2718 1872 2780 πολλάκις
1897 2717 2141 2770 κελεύον-

594 2835 679 2878 τος
722 2815 1057 2883 ἀναχωρεῖν,
1109 2811 1206 2863 οὐκ
1237 2811 1507 2879 ἠνέσχετο.
1542 2807 1674 2858 Τότε
1729 2806 1940 2874 ἀναιρεῖ
1985 2802 2143 2855 αὑτὸν

607 2902 883 2970 Ἀϐεννήρ,
921 2900 1012 2950 xal
1046 2897 1277 2957 καλέσας
1300 2895 1390 2946 τὸν
1412 2893 1567 2946 ἰωάϐ
1594 2892 1841 2961 παραινεῖ
1862 2886 2141 2942 καταπαῦ-

596 3006 686 3040 σαι
707 2988 795 3039 τὸν
828 2985 1078 3053 πόλεμον.
1101 2984 1210 3037 Kal
1233 2978 1300 3050 ἦν
1324 2981 1552 3047 πόλεμος
1585 2978 1851 3046 ἀναμέσον
1878 2975 1970 3027 τοῦ
1997 2976 2142 3027 οίκου

594 3072 764 3127 Σαοὺλ
798 3071 889 3122 καὶ
916 3068 1007 3120 τοῦ
1036 3069 1183 3120 οἷκου
1210 3066 1399 3118 Δαυῖδ’
1429 3065 1521 3117 καὶ
1567 3066 1595 3114 0
1647 3063 1745 3131 μὲν
1776 3062 2004 3129 ἠσθένει,
2037 3061 2066 3111 0
2088 3059 2144 3111 δέ

595 3156 963 3229 ἐκραταιοῦτο.
1009 3153 1283 3222 Λαμϐάνει
1334 3151 1434 3221 τὴν
1481 3148 1758 3217 παλλακὴν
1795 3146 1889 3198 τοῦ
1921 3144 2089 3198 Σαοὺλ
2117 3147 2145 3197 0

609 3243 897 3309 ’Λϐεννήρ·
946 3238 1257 3291 ἐνεκάλεσεν
1307 3232 1733 3304 ὀΜεμφιϐοσθέ.
1785 3230 2065 3301 Θυμωθεὶς
2117 3230 2147 3280 0

609 3330 862 3398 ’Λϐεννὴρ
902 3327 1105 3395 πέμπει
1140 3323 1276 3392 πρὸς
1324 3322 1415 3373 τὸν
1452 3319 1613 3372 Δαυῖδ
1640 3359 1655 3383 ,
1688 3317 2145 3387 ἐπαγγελλόμενος

598 3416 810 3468 ἅπαντα
832 3414 921 3464 τὸν
947 3412 1073 3463 λαὸν
1097 3407 1244 3475 αύτῷ
1272 3405 1627 3476 παραδώσειν.
1663 3404 1771 3456 Kal
1814 3402 2029 3456 ἐλθόντα
2052 3402 2146 3452 a0-

598 3502 687 3553 τὸν
734 3498 868 3569 πρὸς
898 3502 1076 3560 αὐτὸν,
1112 3494 1378 3547 εἱστίασεν
1409 3495 1436 3544 0
1482 3491 1660 3542 Δαυϊδ.
1716 3490 1802 3550 Ὠς
1832 3489 1887 3539 δὲ
1920 3490 2145 3557 ἤκουσεν

598 3585 758 3638 πόθεν
788 3587 851 3636 ἐκ
870 3583 1101 3651 πολέμου
1130 3578 1425 3647 ἐπανῆλθεν
1449 3580 1476 3629 0
1500 3575 1678 3638 Ἰωάϐ,
1720 3573 2114 3644 μεταπεμνζιάμε
2130 3599 2145 3610 -

598 3683 685 3733 νος
716 3671 804 3721 τὸν
820 3668 1074 3735 ’Λϐεννὴρ
1098 3664 1491 3731 ἐδολοφόνησεν,
1522 3662 1748 3714 ἐκδικῶν
1775 3660 1835 3711 τὸ
1864 3658 1955 3711 τοῦ
1992 3658 2144 3709 ἀδελ-

600 3755 697 3825 φοῦ
733 3750 888 3822 αἷμα.
918 3751 1118 3804 Μαθὼν
1142 3753 1170 3802 0
1193 3749 1351 3800 Δαυῖδ
1384 3750 1681 3816 καταρᾶται
1713 3746 1803 3799 τὸν
1833 3745 1989 3797 Ἰωάϐ
2008 3783 2022 3806 ,
2057 3745 2148 3796 καὶ

601 3842 786 3912 θρηνεῖ
809 3840 899 3890 τὸν
925 3837 1201 3905 Ἀϐεννὴρ,
1231 3834 1322 3886 καὶ
1346 3831 1482 3901 μετά
1507 3832 1702 3899 πολλῆς
1735 3831 1924 3884 θάπτει
1950 3830 2045 3897 τῆς
2068 3847 2147 3880 τι-

603 3928 728 3994 μῆς.
775 3924 957 3993 Ῥιχάν
1005 3924 1097 3974 καὶ
1138 3920 1338 3981 Βανὲας
1374 3929 1396 3956 ο
1446 3916 1617 3985 λάθρα
1666 3917 1754 3967 τὸν
1801 3915 2146 3983 Μεμφιϐοσθὲ

601 4012 873 4071 ἀνελόντες
900 4006 1060 4079 ἦλθον
1087 4006 1219 4075 πρὸς
1256 4005 1343 4056 τὸν
1373 4004 1552 4064 Δαυῒδ,
1592 4002 1665 4064 ὡς
1706 4001 2149 4071 εὐδοκιμήσαντες

600 4098 687 4149 διὰ
712 4097 800 4147 τὸν
844 4096 1018 4161 φόνον.
1085 4091 1143 4145 ’0
1193 4092 1249 4143 δὲ
1286 4090 1476 4149 αὐτοὺς
1514 4088 1707 4142 ἀνεῖλε.
1763 4088 1893 4138 Τότε
1944 4087 2149 4153 γίνεται

602 4182 796 4242 παντὸς
834 4180 925 4231 τοῦ
955 4178 1082 4229 λαοῦ
1124 4178 1370 4245 βασιλεὺς
1412 4177 1440 4226 0
1474 4174 1632 4228 Δαυῒδ
1655 4213 1668 4238 ,
1702 4176 1794 4226 καὶ
1817 4172 2032 4242 ἔρχεται
2074 4174 2151 4234 εἰς

616 4265 961 4337 Ἰερουσαλὴμ
982 4263 1118 4331 πρὸς
1140 4262 1228 4312 τὸν
1245 4262 1580 4321 Ὶεϐουσαῖον,
1618 4261 1709 4311 καὶ
1730 4259 2025 4310 κωλύουσιν
2051 4257 2149 4309 a0-

602 4355 691 4403 τὸν
721 4354 767 4402 οί
791 4350 948 4419 χωλοί
980 4348 1254 4411 εἰσελθεῖν,
1284 4347 1373 4398 καὶ
1401 4345 1661 4413 λαμϐάνει
1690 4344 1786 4413 τὴν
1814 4344 1987 4414 ἄκραν
2013 4382 2027 4406 ,
2059 4344 2151 4395 καὶ

604 4436 946 4505 ᾠκοδόμησεν
976 4432 1148 4500 ἑαυτῷ
1174 4428 1336 4484 οἷκον.
1358 4429 1657 4499 Συνέπραξε
1681 4429 1736 4481 δὲ
1759 4428 1904 4496 αὺτῷ
1931 4429 2021 4478 καὶ
2044 4428 2150 4478 Χυ-

606 4522 719 4592 ρὰμ
750 4523 776 4571 0
807 4519 1056 4588 βασιλεὺς
1094 4518 1287 4589 Τύρου.
1325 4516 1727 4583 Ἐπανέστησαν
1772 4516 1819 4567 οἱ
1848 4513 2146 4579 ἀλλόφυλοι,

606 4609 697 4660 καὶ
724 4605 947 4668 ἐξελθὼν
977 4600 1268 4672 κατέκοψεν
1295 4604 1487 4663 αὐτοὺς
1518 4602 1546 4652 0
1582 4600 1757 4651 Δαυῒδ.
1803 4600 1888 4661 Ὠς
1912 4598 1967 4649 δέ
1994 4598 2150 4652 πάλιν

602 4691 853 4743 ἐπέθεντο
876 4727 890 4752 ,
941 4688 1202 4741 κωλύεται
1235 4690 1381 4757 παρὰ
1408 4686 1500 4739 τοῦ
1534 4684 1667 4738 Θεοῦ
1720 4686 1797 4746 εἰς
1833 4685 2150 4751 συνάντησιν

601 4779 779 4838 αὐτοῖς
808 4774 1062 4827 ἀνελθεῖν.
1088 4774 1223 4825 Ἀλλ’
1266 4777 1368 4827 Ἐν
1391 4773 1471 4836 τῷ
1499 4771 1758 4826 ἀκοῦσαί
1793 4786 1895 4835 σε,
1933 4769 2093 4839 φησὶν
2123 4772 2151 4821 0

602 4863 752 4934 [549]
770 4863 918 4925 Θεὸς,
940 4862 1052 4927 τὴν
1071 4861 1279 4929 φωνὴν
1306 4861 1410 4913 τοῦ
1432 4860 1684 4927 σεισμοῦ
1708 4858 1812 4911 τοῦ
1846 4855 2153 4923 κλαυθμῶ-

600 4966 722 5021 νος,
739 4950 869 5001 τότε
892 4949 1152 5016 πολέμει.
1177 4948 1305 4999 Τότε
1330 4947 1436 5015 γὰρ
1460 4945 1837 5014 παραδίδονταί
1863 4960 1963 4995 σοι.
2001 4944 2153 4993 Ἀνά-

599 5051 685 5101 γει
701 5034 796 5101 τὴν
821 5036 1044 5085 κιϐωτὸν
1069 5038 1097 5086 ὁ
1128 5033 1305 5093 Δαυῖδ,
1322 5034 1413 5084 καὶ
1432 5031 1757 5098 ἀποθνήσκει
1778 5028 1929 5091 Ὀζᾶ,
1949 5030 2027 5079 ὃτι
2079 5027 2154 5091 ἐξ·

598 5123 766 5175 έτεινε
789 5121 885 5188 τὴν
914 5125 1067 5188 χεῖρα
1085 5122 1245 5173 αὐτοῦ
1279 5121 1411 5188 πρὸς
1444 5119 1540 5186 τὴν
1565 5116 1810 5168 κιϐωτόν.
1868 5117 1954 5177 Ὠς
1978 5115 2032 5167 δὲ
2061 5116 2153 5167 ἀν-

601 5207 811 5274 ήγετοή
843 5206 1087 5265 κιϐωτὸς,
1128 5207 1352 5273 ὠρχεῖτο
1376 5206 1403 5256 0
1428 5202 1606 5265 Δαυῒδ,
1629 5202 1721 5254 καὶ
1749 5200 2096 5269 ἐξουθένησεν
2121 5201 2153 5266 ή

600 5291 843 5360 Μελχώλ.
874 5290 1006 5341 Τότε
1038 5290 1353 5357 βουλόμενος
1380 5292 1407 5341 0
1428 5288 1587 5340 Δαυῖδ
1624 5285 1969 5354 οἰκοδομῆσαι
2004 5284 2152 5346 ναὸν,

660 5434 684 5460 ⁸
718 5432 884 5488 Ἰάϐης.
908 5430 1031 5477 Infra
1072 5429 1231 5483 Ἰαϐές.

612 5556 615 5559 ν
661 5492 686 5531 ιι
710 5492 830 5540 Nota
856 5491 1055 5539 verbum
1082 5490 1339 5551 βασιλεύειν
1363 5488 1519 5537 active
1560 5493 1825 5548 sumptum,
1850 5498 1951 5547 pro.
1984 5496 2154 5545 regem

597 5556 758 5657 “fl:
786 5613 903 5659 edit.
944 5610 1081 5657 Rom.
1113 5610 1286 5665 Βαανά,
1329 5613 1380 5654 et
1414 5608 1611 5668 Ῥηχάϐ.
1638 5606 1835 5658 Coislin.
1875 5603 2036 5665 Ἰχαὰϐ
2075 5603 2154 5648 καὶ

598 5669 788 5723 Βανέας.
805 5670 1025 5731 Lugdun.
1057 5668 1217 5730 Ῥιχάν
1237 5670 1313 5715 καὶ
1336 5670 1518 5722 Βενέας.

1250 374 1309 430 S.
1338 369 1619 429 JOA'NNlS
1648 361 2135 422 CHRYSOSTOMI
2174 362 2487 419 ARCHIEP.
2516 364 3059 421 CONSTANTINOP.

3700 380 3816 434 346

2240 474 2503 528 κωλύεται
2531 476 2634 529 01:0
2659 476 2752 529 τοῦ
2772 478 2955 530 Νάθαν
2982 474 3072 529 τοῦ
3106 476 3402 547 προφήτου,
3445 474 3537 528 καὶ
3574 474 3811 544 εὔχεται

2240 562 2574 631 εὐχαριστῶν
2615 563 2749 632 πρὸς
2784 564 2874 616 τὸν
2906 563 3035 615 Θεὸν
3060 604 3077 627 ,
3122 562 3457 634 εὐχαριστῶν
3497 561 3646 632 ὑπὲρ
3696 560 3809 612 τῶν

2240 647 2577 715 ἐπαγγελιῶν
2602 640 2675 701 ὧν
2711 649 2956 719 ήκουσεν.
2995 646 3256 710 Ἐπάταξε
3287 646 3448 699 Δαυῖδ
3471 648 3597 711 τοὺς
3643 645 3809 698 ἀλλο-

2240 732 2436 800 φύλους
2464 733 2556 786 καὶ
2580 734 2671 786 τὸν
2700 734 2870 787 Μωάϐ
2898 734 2989 786 καὶ
3018 734 3143 791 τοὺς
3172 731 3391 802 Σύρους,
3439 733 3529 784 καὶ
3553 731 3628 785 τὰ
3662 730 3807 783 ὅπλα

2240 816 2307 869 τά
2348 820 2541 888 χρυσᾶ,
2571 817 2607 871 ἃ
2638 818 2846 885 ἐλαϐεν,
2876 819 3100 888 ήνεγκεν
3125 819 3204 880 εἰς
3243 817 3616 887 Ἰερουσαλὴμ,
3654 816 3810 886 άπερ

2243 902 2465 973 ὕστερον
2508 903 2666 956 ἔλαϐε
2713 903 3015 972 Σουσακεὶμ
3056 903 3301 971 βασιλεὺς
3347 903 3646 968 Αἰγύπτου.
3691 902 3807 955 Kal

2243 988 2413 1040 πολλὰ
2432 990 2740 1059 ἀναθέματα
2770 990 3032 1059 ἀνέθηκεν
3056 991 3084 1042 0
3115 989 3295 1042 Δαυῖδ.
3338 989 3499 1051 ’Δξιοῖ
3516 989 3610 1041 τὸν
3639 988 3806 1057 Μεμ-

2243 1073 2443 1139 φιϐαάλ
2502 1075 2613 1127 υἰὸν
2675 1074 2925 1127 Ἰωνάθαν
2983 1074 3256 1144 τραπέζης
3319 1074 3640 1142 βασιλικῆς,
3707 1073 3809 1125 καὶ

2243 1159 2417 1213 πάντα
2453 1158 2522 1212 τά
2566 1157 2657 1211 τοῦ
2688 1159 2856 1212 Σαοὺλ
2894 1158 3104 1214 δίδωσιν
3130 1157 3292 1228 αύτιῖ).
3334 1161 3441 1213 Kal
3472 1158 3692 1212 κελεύει
3724 1156 3807 1226 τῷ

2244 1244 2409 1313 Σίϐᾳ,
2457 1245 2515 1307 ὃς
2549 1240 2617 1315 ἦν
2661 1244 2806 1314 αὐτῷ
2838 1244 3021 1308 δοῦλος
3053 1245 3347 1316 πατρικὸς,
3393 1244 3671 1298 δουλεύειν
3722 1242 3808 1311 τῷ

2244 1331 2572 1400 Μεμφιϐαάλ
2617 1331 2752 1400 μετὰ
2778 1331 2885 1384 τῶν
2922 1332 3126 1384 τέκνων
3154 1332 3337 1386 αὑτοῦ.
3369 1332 3577 1399 Πέμπει
3610 1331 3673 1386 δὲ
3706 1331 3807 1384 καὶ

2246 1418 2379 1484 πρὸς
2404 1418 2493 1468 τὸν
2526 1416 2749 1484 βασιλέα
2779 1416 2909 1469 υίῶν
2951 1415 3170 1486 Ἀμμὼν
3195 1416 3605 1486 παρακαλέσων,
3646 1419 3805 1468 01m-

2244 1500 2307 1569 δὴ
2338 1499 2583 1568 τεθνήκει
2610 1500 2772 1554 αὑτοῦ
2801 1503 2829 1554 0
2860 1502 3058 1571 πατήρ.
3088 1502 3145 1553 '0
3173 1500 3227 1553 δέ
3255 1499 3356 1553 01:0
3386 1502 3491 1554 τῶν
3516 1503 3806 1571 ἀρχόντων

2246 1584 2408 1638 αὑτοῦ
2440 1586 2802 1649 ἀναπεισθεὶς,
2826 1586 3074 1657 ἀτιμάζει
3101 1588 3226 1650 τοὺς
3262 1588 3665 1649 ἀποσταλέντας
3692 1585 3810 1639 ὑπὸ

2244 1670 2338 1723 τοῦ
2381 1670 2542 1724 Δαυῒδ
2582 1674 2661 1735 εἰς
2703 1672 3060 1743 παράκλησιν.
3098 1672 3369 1725 Ἐντεῦθεν
3392 1672 3593 1740 γίνεται
3629 1671 3805 1725 πόλει

2250 1776 2347 1828 μος
2365 1775 2377 1786 ·
2409 1760 2499 1812 καὶ
2524 1760 2584 1812 τὸ
2611 1761 2707 1830 μὲν
2739 1761 2949 1831 πρῶτον
2976 1760 3185 1830 έπεμψε
3210 1760 3299 1813 τὸν
3336 1760 3511 1825 ’Ῑωάϐ,
3543 1755 3667 1813 εἶτα
3694 1754 3805 1829 ἦλ-

2247 1845 2338 1899 θεν
2374 1846 2531 1908 αὐτὸς
2563 1848 2591 1898 0
2624 1845 2815 1911 Δαυῖδ,
2844 1848 2938 1900 καὶ
2978 1847 3236 1917 τρέπεται
3261 1848 3383 1909 τοὺς
3417 1846 3667 1922 ἐχθρούς.
3717 1846 3807 1899 Τὰ

2247 1929 2387 1983 κατά
2410 1930 2495 1983 τὸν
2520 1930 2717 2001 Οὐρίαν
2744 1931 2991 1984 ἐντεῦθεν
3024 1933 3116 1984 καὶ
3146 1931 3242 2001 τὴν
3276 1932 3570 2001 Βηρσαϐεέ,
3614 1933 3713 1983 καὶ
3738 1931 3806 1983 τὸ

2247 2016 2451 2069 παιδίον
2494 2017 2553 2069 τὸ
2598 2016 2935 2085 τελευτῆσαν.
2986 2016 3119 2069 Μεθ’
3166 2016 3194 2069 0
3236 2016 3472 2069 τίκτεται
3519 2016 3803 2085 Σολομὼν.

2248 2102 2475 2172 Πολεμεῖ
2499 2104 2527 2156 0
2555 2104 2708 2155 Ἰωάϐ
2729 2104 2827 2172 τὴν
2850 2102 3110 2167 Ῥαυάθει,
3143 2107 3234 2154 καὶ
3273 2102 3407 2170 μετά
3433 2101 3494 2153 τὸ
3522 2102 3805 2171 κρατῆσαι

2246 2189 2343 2257 τῆς
2368 2188 2570 2250 πόλεως
2589 2229 2603 2253 ,
2654 2188 2855 2257 πέμπει
2882 2188 2971 2240 ἐπὶ
3001 2188 3091 2240 τὸν
3122 2186 3311 2250 Δαυτδ,
3346 2186 3663 2256 βουλόμενος
3698 2187 3806 2255 τὴν

2247 2274 2400 2343 νίκην
2421 2275 2608 2344 ἐκείνῳ
2627 2274 3014 2342 ἐπιγραφῆναι.
3045 2270 3174 2342 Ἐρᾷ
3202 2274 3230 2325 0
3259 2272 3369 2334 υίὸς
3399 2272 3559 2325 Δαυῖδ
3582 2274 3638 2324 Ἀ
3651 2272 3807 2339 μνῶν

2245 2358 2343 2426 τῆς
2389 2358 2616 2427 ἀδελφῆς
2657 2358 2817 2411 αὑτοῦ
2866 2359 2962 2428 τῆς
3006 2357 3234 2428 Θάμαρ,
3275 2357 3366 2408 καὶ
3409 2357 3807 2427 προσποιηθεὶς

2246 2443 2431 2506 νόσον,
2492 2443 2745 2496 ἐλθοῦσαν
2794 2444 2959 2513 αὐτὴν
3012 2444 3091 2505 εἰς
3147 2441 3429 2509 ἐπίσκεψιν
3488 2441 3800 2510 ἐξύϐρισεν.

2260 2530 2518 2593 Ἀκούσας
2559 2530 2615 2583 δὲ
2655 2531 2683 2581 0
2729 2530 2951 2598 ἀδελφὸς
2990 2530 3159 2599 αὐτῆς
3208 2527 3588 2597 Ἀϐεσσαλὼμ,
3642 2528 3807 2583 καλεῖ

2254 2616 2389 2685 μετά
2415 2616 2588 2668 ταῦτα
2614 2616 2701 2669 τὸν
2732 2616 2950 2685 βασιλέα
2984 2617 3062 2677 εἰς
3091 2614 3329 2666 ἐστίασιν
3347 2628 3361 2643 ’
3387 2614 3461 2676 ὡς
3491 2613 3543 2665 δὲ
3573 2613 3675 2665 οὐκ
3704 2609 3806 2682 ἦλ-

2248 2700 2339 2753 θεν
2367 2703 2594 2765 ἐκεῐνος,
2623 2701 2772 2770 ἠξίου
2797 2703 2921 2762 τοὺς
2958 2697 3088 2767 γοῦν
3120 2699 3375 2767 ἀδελφοὺς
3408 2698 3595 2750 ἐλθεῖν.
3644 2698 3807 2749 Ἐπεὶ

2247 2787 2301 2841 δὲ
2323 2783 2501 2857 ἦλθον,
2538 2788 2865 2857 παρήγγειλε
2894 2790 3003 2847 τοῖς
3029 2786 3219 2838 ἐαυτοῦ
3249 2784 3454 2848 παισὶν,
3475 2785 3565 2836 καὶ
3584 2782 3808 2835 ἀνεῖλον

2248 2875 2304 2925 ὲν
2335 2873 2481 2942 αὐτῷ
2513 2875 2589 2942 τῷ
2621 2874 2825 2942 ἀρίστῳ
2866 2872 2954 2925 τὸν
3007 2872 3235 2941 Ἀμνῶν.
3290 2871 3375 2934 Ὦς
3418 2870 3474 2921 δὲ
3518 2871 3754 2939 ἤκουσεν
3778 2874 3808 2921 0

2248 2958 2428 3020 Δαυῖδ,
2460 2958 2752 3026 ἐπένθησεν
2786 2959 3002 3021 ἱκανῶς,
3032 2958 3124 3009 καί
3150 2957 3408 3026 ὠργίζετο
3437 2956 3513 3024 τῷ
3541 2954 3806 3006 ’Δϐεσσα-

2248 3043 2384 3113 λώμ.
2426 3045 2484 3095 ὐ
2518 3044 2573 3096 δὲ
2616 3045 2853 3113 ἀπέδρα·
2900 3043 2991 3095 καὶ
3040 3042 3175 3111 μετά
3221 3042 3314 3111 ἐτη
3350 3041 3494 3109 τρία,
3539 3040 3626 3092 ὅτε
3672 3040 3809 3092 καθ-

2249 3128 2423 3197 υφῆκε
2461 3129 2559 3197 τῆς
2594 3128 2760 3198 ὀργῆς
2799 3131 2827 3180 ὁ
2872 3128 3154 3199 βασιλεὺς,
3204 3125 3478 3194 σοφίζεται
3521 3125 3673 3177 Ἰωάϐ
3710 3126 3811 3176 διὰ

2251 3214 2501 3280 γυναικὸς
2547 3214 2861 3276 Θεκωῖτιδος
2886 3252 2900 3276 ,
2951 3214 3043 3266 καὶ
3092 3213 3263 3264 πείθει
3309 3213 3667 3277 ἐπαναγαγεῖν
3706 3211 3811 3266 τὸν

2263 3297 2627 3368 Ἀϐεσσαλώμ.
2669 3298 3053 3350 Ἐπανελθόντα
3085 3298 3143 3351 δὲ
3170 3297 3268 3350 οὐκ
3301 3296 3561 3365 ἠθέλησεν
3589 3294 3808 3357 εύθέως

2254 3385 2377 3438 ἰδεῖν
2428 3388 2457 3437 0
2499 3385 2697 3454 πατὴρ,
2749 3385 2863 3437 ἀλλ’
2899 3381 2967 3455 ἦν
3009 3385 3099 3436 δύο
3129 3385 3219 3452 ἔτη
3265 3386 3323 3436 ἐν
3361 3380 3708 3451 Ἰερουσαλήμ
3747 3381 3809 3445 ἐξ

2250 3471 2419 3538 ὅψεως
2464 3469 2556 3521 τοῦ
2606 3469 2886 3536 βασιλέως.
2942 3468 3071 3519 Τότε
3122 3468 3276 3519 καλεῖ
3317 3468 3408 3519 τὸν
3450 3466 3633 3518 Ὶωάϐ·
3683 3466 3711 3516 0
3749 3465 3808 3515 δὲ

2250 3557 2345 3624 οὐχ
2391 3554 2711 3624 ὑπήκουσεν.
2761 3550 2891 3607 Εἶτα
2920 3554 3210 3625 ἐνέπρησεν
3258 3551 3424 3605 αὑτοῦ
3471 3552 3561 3603 τὸν
3605 3549 3807 3616 ἀγρὸν,

2252 3645 2343 3696 καὶ
2382 3642 2549 3704 οὕτως
2592 3640 2950 3708 ἀναγκασθεὶς
2978 3636 3106 3710 ἦλθε
3132 3640 3264 3709 πρὸς
3297 3639 3389 3691 τὸν
3428 3636 3807 3705 Ἀϐεσσαλὼμ,

2254 3731 2343 3783 καὶ
2374 3727 2696 3790 ἀποσταλεὶς
2741 3729 2833 3779 ὑπ’
2873 3727 3034 3780 αὐτοῦ
3065 3726 3199 3795 πρὸς
3251 3726 3342 3778 τὸν
3385 3725 3625 3793 βασιλέα,
3676 3739 3810 3775 κατ-

2252 3818 2475 3887 ήλλαξεν
2549 3816 2738 3877 αὑτὸν,
2808 3816 2901 3867 καὶ
2961 3816 3219 3883 εἰσήγαγε
3271 3811 3363 3865 τὸν
3431 3810 3806 3879 Ἀϐεσσαλώμ.

2268 3903 2514 3971 Ἐποίησε
2538 3902 2591 3953 δὲ
2615 3900 2762 3970 αύτῴ
2794 3902 3013 3969 ἅρματα
3058 3900 3151 3951 καὶ
3197 3899 3395 3959 ἵππους
3430 3895 3809 3963 ’Λϐεσσαλὼμ,

2256 3988 2346 4039 καὶ
2383 3988 2508 4047 τοὺς
2541 3986 2864 4055 ἐρχομένους
2908 3983 3182 4051 κρίνεσθαι
3237 3983 3373 4050 μετά
3420 3980 3617 4047 πολλῆς
3673 3981 3813 4030 ἀποο

2254 4072 2537 4140 δεχόμενος
2561 4071 2726 4139 τιμῆς
2745 4108 2760 4133 ,
2789 4069 2973 4137 ἐπῄνει
3024 4067 3119 4136 μὲν
3150 4066 3223 4128 ὼς
3251 4065 3431 4117 δίκαια
3456 4065 3632 4130 λέγειν
3661 4063 3814 4131 έχον-

2255 4174 2371 4219 τας,
2404 4156 2541 4208 ἐλέει
2581 4156 2637 4207 δὲ
2680 4155 2754 4216 ὡς
2791 4152 2999 4214 οὐδενὸς
3032 4152 3181 4214 ὄντος
3203 4148 3297 4200 τοῦ
3339 4149 3543 4217 ἀμῦναι
3575 4148 3813 4215 δυναμέ-

2256 4259 2366 4303 νου,
2395 4242 2487 4293 καὶ
2513 4239 2693 4304 ἔλεγε·
2718 4240 2813 4303 Τίς
2841 4235 3200 4301 καταστήσει
3221 4252 3296 4302 με
3333 4233 3544 4300 κριτὴν
3573 4220 3673 4286 ἐπὶ
3702 4231 3814 4297 τῆς

2258 4327 2369 4395 γῆς
2385 4344 2403 4391 ;
2440 4328 2532 4380 καὶ
2556 4326 2725 4387 οὕτως
2760 4324 3016 4393 ᾠκειοῦτο
3039 4324 3127 4375 τὸν
3156 4322 3301 4373 λαόν.
3342 4322 3729 4373 Ἐπανίσταται
3756 4321 3817 4376 δὲ

2272 4412 2617 4481 Ἀϐεσσαλὼμ
2651 4411 2727 4479 τῷ
2760 4411 2918 4463 Δαυῖδ
2938 4427 2951 4442 ·
2982 4411 3011 4460 0
3039 4409 3095 4461 δὲ
3126 4409 3361 4469 ἀκούσας
3390 4408 3591 4475 ἔφυγεν
3619 4408 3687 4457 ἐκ
3714 4406 3817 4474 τῆς

2270 4498 2648 4566 Ἰερουσαλὴμ,
2680 4497 2833 4562 ἀφεὶς
2866 4496 2963 4557 τὰς
3013 4494 3289 4556 παλλακὰς
3321 4493 3487 4545 αὐτοῦ
3520 4495 3580 4544 ἐν
3606 4496 3678 4562 τῇ
3711 4492 3814 4543 πό·

2258 4583 2353 4635 λει.
2384 4582 2711 4651 Βουλομένου
2741 4581 2834 4632 τοῦ
2857 4580 2976 4633 Ἐθι
3004 4577 3435 4648 συμπορεύεσθαι
3466 4578 3638 4645 αὐτῷ,

2257 4668 2324 4729 τὸ,
2348 4668 2443 4735 μὲν
2478 4668 2688 4736 πρῶτον
2722 4665 2973 4729 ἐκώλυεν,
3013 4665 3132 4717 ἐπεὶ
3174 4654 3229 4715 δέ
3271 4658 3410 4715 εῐδεν
3437 4664 3815 4730 ἐπικείμενον,

2258 4753 2453 4807 είασεν.
2489 4752 2573 4813 Ὠς
2619 4752 2675 4802 δέ
2715 4751 2965 4819 διέϐησαν
3005 4749 3095 4801 τὸν
3124 4749 3478 4818 χειμάρρουν,
3513 4748 3816 4815 προσέταξε

2256 4842 2366 4898 τοῖς
2397 4836 2625 4905 ἱερεῦσιν
2658 4834 2990 4903 ἀποστρέψαι
3015 4835 3112 4903 τήν
3140 4833 3367 4885 κιϐωτὸν
3397 4835 3476 4895 εἰς
3512 4833 3611 4901 τὴν
3637 4830 3811 4885 πόλιν.

2259 4922 2427 4983 Αὐτὸς
2448 4922 2503 4972 δὲ
2531 4922 2840 4995 περιμένειν
2866 4920 3057 4980 αὐτοὺς
3080 4918 3181 4986 ἔφη
3209 4919 3342 4987 πρὸς
3372 4921 3439 4988 τῇ
3470 4918 3647 4988 ἐλαίᾳ,
3680 4919 3734 4969 εί
3761 4934 3814 4969 τι

2260 5009 2429 5076 ἔχοιεν
2492 5007 2599 5059 τῶν
2672 5007 2763 5058 τοῦ
2843 5006 3095 5074 βασιλέως
3160 5007 3489 5075 ἀπορρήτων
3558 5005 3809 5071 ἐξειπεῖν.

2273 5095 2511 5162 Ἀπαντᾷ
2538 5093 2612 5160 τῷ
2648 5092 2810 5144 Δαυῒδ
2853 5094 2881 5144 0
2920 5092 3106 5145 Χρυσί.
3145 5092 3202 5143 Ὀ
3224 5092 3280 5144 δὲ
3306 5092 3622 5145 ἀπέστειλεν
3654 5090 3814 5143 αὑτὸν

2260 5178 2337 5245 τῷ
2381 5178 2654 5245 Ἀχιτόφελ
2684 5177 3246 5245 ἐναντιωθησόμενον,
3292 5177 3353 5239 ὃς
3400 5172 3470 5245 ἦν
3513 5175 3815 5244 σύμϐουλος

2261 5264 2336 5332 τῷ
2385 5263 2749 5331 Ἀϐεσσαλὼμ.
2799 5263 2887 5324 Ὠς
2929 5263 2984 5314 δέ
3026 5263 3264 5330 ἀπῆλθεν
3302 5263 3495 5325 αὐτὸς,
3540 5262 3757 5331 ἔρχεται
3783 5252 3849 5313 θ’

2264 5350 2415 5413 Σιϐᾶ,
2448 5350 2541 5400 καὶ
2570 5350 2945 5417 κατηγορήσας
2971 5348 3064 5399 τοῦ
3095 5348 3355 5399 δεσπότου
3396 5347 3559 5400 αὑτοῦ
3586 5348 3814 5414 Μεμφι-

2263 5434 2430 5497 ϐαάλ,
2462 5434 2535 5494 ὠς
2583 5433 2895 5501 βουλομένου
2941 5433 3104 5485 αὑτοῦ
3152 5432 3507 5501 βασιλεῦσαι,
3550 5430 3813 5499 λαμϐάνει

2330 5656 2357 5691 η
2392 5656 2575 5713 Ῥοίὶάθ,
2598 5657 2648 5703 iu
2671 5655 2787 5704 edit.
2814 5657 2949 5704 Rom.
2977 5656 3197 5704 Ῥαϐϐἁθ.
3221 5656 3424 5705 Coislin.
3462 5654 3651 5704 Ῥαυιίθ.
