4000 6220
609 327 718 382 347

598 425 751 478 cebat
810 441 822 476 :
881 422 1004 487 Quis
1057 436 1133 473 me
1182 423 1442 472 constituet
1492 420 1714 489 judicent
1768 432 1916 485 super
1963 423 2144 467 terram

602 513 677 581 (2.
717 512 842 579 Reg.
874 511 958 562 l5.
997 509 1092 578 ΑΗ
1121 518 1174 561 et
1199 509 1274 561 sic
1313 508 1558 576 populum
1585 508 1682 561 sibi
1711 504 2025 561 conciliavit.
2057 504 2145 556 ln-

603 602 767 667 surgit
801 600 1105 652 Abessalom
1143 607 1321 651 contra
1350 597 1630 660 Davidem;
1662 612 1761 665 qua
1791 611 1850 651 re
1880 605 2144 664 comperta

601 691 689 745 ille
717 688 843 758 fugit
873 705 935 741 ex
979 687 1300 751 Jerusalem,
1329 686 1558 740 dimissis
1587 688 1639 740 in
1675 687 1806 740 urbe
1842 686 2146 740 concubinis

607 780 736 832 suis.
783 777 899 831 Ethi
957 776 1218 829 volentem
1265 790 1438 830 secum
1493 776 1638 829 abire
1687 776 1854 843 primo
1903 775 2142 838 cohibet,

608 866 795 920 deinde
821 865 907 918 ubi
941 864 1221 917 instantem
1257 863 1416 928 vidit,
1458 863 1508 916 id
1549 863 1800 932 permisit.
1832 861 1930 916 Ubi
1971 870 2144 916 autem

597 953 901 998 torrentem
939 953 1274 1018 trajecerant,
1317 953 1535 1019 imperat
1575 949 1931 1005 sacerdotibus
1974 960 2028 1002 ut
2055 964 2143 1004 re-

611 1042 802 1094 ducant
829 1055 1002 1094 arcam
1043 1042 1092 1092 in
1122 1041 1322 1093 urbem.
1357 1041 1473 1108 lpse
1494 1054 1620 1094 vero
1648 1052 1705 1093 se
1727 1049 2144 1106 exspectaturum

611 1143 704 1182 eos
730 1129 854 1182 dicit
881 1131 930 1181 in
962 1130 1074 1182 loco
1104 1128 1366 1182 Olivarum
1399 1129 1496 1198 (a),
1526 1129 1568 1181 si
1596 1128 1718 1195 quid
1749 1127 1971 1182 habeant
1995 1143 2145 1182 arca-

611 1231 796 1270 n0rum
837 1219 973 1286 regis
1010 1217 1304 1270 dicendum.
1347 1219 1584 1271 Occurrit
1622 1218 1797 1271 Davidi
1835 1217 2012 1272 Chusi.
2055 1219 2147 1272 llle

611 1318 738 1356 vero
765 1305 905 1357 misit
941 1321 1058 1359 eum
1103 1314 1160 1358 ut
1197 1305 1525 1373 AchitOpheli
1565 1305 1874 1369 obsisteret,
1910 1307 1996 1374 qui
2036 1316 2147 1359 erat

611 1393 706 1459 ipsi
751 1393 1051 1446 Abessalom
1077 1410 1105 1447 a
1134 1395 1381 1448 consiliis.
1425 1394 1492 1449 Ut
1528 1404 1700 1448 autem
1745 1395 1996 1448 abscessit
2027 1394 2143 1458 ille,

613 1482 754 1534 venit
797 1481 937 1546 Siba,
981 1484 1066 1551 qui
1111 1494 1350 1537 accusata
1388 1484 1512 1537 hero
1537 1497 1631 1536 suo
1673 1483 2012 1551 Mempbibaal
2052 1483 2145 1554 (ὁ),

614 1571 759 1636 quasi
790 1587 1005 1638 regnare
1051 1574 1234 1637 vellet,
1273 1582 1432 1624 totum
1477 1573 1664 1639 accipit
1701 1587 1729 1623 a
1763 1573 1970 1627 Davide.
2003 1572 2150 1626 Tunc

613 1657 784 1712 Semei
815 1660 1076 1714 maledicit
1103 1661 1314 1722 Davidi;
1351 1662 1508 1713 David
1550 1671 1720 1714 autem
1761 1662 2010 1715 Abessam
2052 1675 2145 1713 vo-

616 1749 806 1800 lentem
834 1749 976 1801 illum
1007 1751 1243 1804 occidere
1263 1751 1509 1805 cohibuit.
1538 1751 1688 1804 Venit
1706 1750 1865 1804 Chusi
1890 1752 1954 1804 ad
1979 1751 2145 1804 Abes-

617 1836 804 1900 salom,
839 1838 1215 1907 persuadetqne
1245 1840 1316 1891 illi
1337 1855 1394 1893 se
1421 1840 1726 1893 benevolum
1757 1841 1852 1907 ipsi
1877 1841 2143 1895 accedere.

616 1925 850 1993 (Eumque
869 1929 1140 1980 consilium
1165 1929 1445 1996 agitaretur
1469 1929 1534 1982 de
1555 1929 1707 1982 rebus
1734 1930 1992 1997 gerendis,
2021 1931 2145 1983 hor-

615 2018 758 2067 tatur
779 2018 1081 2071 Abessalom
1103 2020 1430 2088 Acbitophel,
1459 2029 1514 2074 ut
1532 2035 1648 2074 cum
1667 2022 1966 2076 concubinis
1988 2024 2148 2090 patris

608 2109 881 2162 suicocat.
913 2107 966 2160 ld
993 2109 1077 2161 ille
1107 2109 1229 2163 fecit
1257 2111 1307 2162 in
1333 2111 1524 2165 solario
1544 2111 1748 2174 domus,
1779 2122 1834 2165 ut
1860 2127 2041 2166 omnes
2067 2113 2145 2166 vi-

609 2193 819 2245 derent.
843 2194 999 2247 Addit
1018 2196 1157 2248 aliud
1179 2197 1483 2259 consilium;
1508 2209 1562 2250 ut
1579 2199 1676 2252 sibi
1699 2199 1981 2252 liceatcum
2004 2201 2146 2254 mille

616 2283 741 2333 viris
779 2282 1024 2336 Davidem
1057 2285 1266 2352 aggredi
1296 2294 1347 2338 et
1383 2300 1587 2340 necare.
1620 2287 1685 2340 Ut
1725 2298 1896 2340 autem
1936 2298 2147 2343 vocatus

618 2381 698 2423 cst
721 2371 902 2438 Chusi,
936 2383 992 2427 ut
1017 2376 1288 2428 consilium
1319 2384 1370 2430 et
1399 2377 1507 2444 ipse
1531 2378 1695 2438 daret.
1721 2378 1764 2431 is
1793 2378 2148 2448 Acbitophelis

609 2467 926 2520 sententiam
955 2466 1157 2529 evertit,
1189 2466 1411 2519 suadens
1438 2477 1492 2519 ut
1520 2469 1720 2521 interim
1749 2469 2146 2536 supersederet,

615 2551 706 2604 sed
733 2563 909 2619 postea
937 2568 1050 2607 cum
1079 2570 1265 2622 magno
1288 2566 1534 2623 apparatu
1560 2557 1803 2611 Davidem
1835 2557 2144 2613 adoriretur.

617 2639 810 2708 lllaque
836 2646 1093 2697 sententia
1121 2647 1284 2713 magis
1313 2647 1530 2713 placuit,
1565 2649 1674 2702 Deo
1716 2651 1912 2703 scilicet
1937 2652 2006 2704 ita
2035 2651 2145 2705 dis-

617 2740 883 2795 pensante.
916 2733 1060 2786 Tunc
1088 2736 1228 2787 misit
1253 2735 1430 2798 Chusi,
1464 2745 1517 2790 et
1543 2754 1633 2804 per
1661 2739 1792 2793 ﬁlios
1817 2737 2143 2794 sacerdotum

619 2815 730 2868 haec
771 2819 944 2871 Davidi
985 2824 1254 2875 nuntiavit.
1285 2824 1591 2893 Achitophel
1629 2839 1821 2892 autem,
1849 2829 1996 2894 cujus
2022 2844 2142 2882 sen-

617 2906 777 2955 tentia
817 2906 1059 2974 despecta
1096 2909 1294 2975 fuerat,
1335 2927 1451 2965 sese
1491 2917 1845 2982 strangulavit.
1891 2918 2146 2972 Feruntur

617 2991 797 3044 Davidi
846 2997 1005 3046 multa
1049 2996 1201 3049 dona.
1251 2999 1560 3053 lnstructum
1611 3011 1780 3056 autem
1828 3005 2144 3072 exercitum,

614 3081 786 3143 emisit
810 3083 990 3137 dicens
1014 3103 1026 3137 :
1053 3085 1250 3140 Parcite
1269 3091 1472 3155 puerulo
1491 3107 1596 3144 meo
1615 3092 1895 3147 Abeuntem
1916 3095 1989 3162 (2.
2020 3096 2144 3166 Reg.

616 3170 700 3222 18.
724 3171 798 3240 5).
823 3172 992 3240 Ipsum
1018 3177 1154 3230 enim
1182 3178 1233 3230 in
1251 3179 1439 3233 bellum
1461 3183 1603 3236 exire
1628 3198 1729 3236 non
1759 3188 2144 3252 permittebant.

617 3257 856 3313 Prmlium
883 3267 1240 3330 committitur,
1273 3269 1546 3339 multisque
1570 3273 1871 3329 cadentibus
1898 3277 2148 3332 occiditur

614 3348 771 3399 etiam
818 3350 1139 3416 Abessalom,
1168 3369 1196 3406 a
1236 3369 1382 3408 coma
1426 3358 1596 3412 arbori
1641 3361 1844 3415 cuidam
1883 3364 2145 3433 alligatus.

616 3435 710 3489 lllo
729 3439 902 3492 occiso
927 3454 1095 3495 cessat
1117 3444 1324 3497 bellum.
1350 3447 1500 3500 Mittit
1524 3448 1679 3503 Chusi
1705 3451 1834 3506 Joab
1860 3456 1944 3522 qui
1969 3456 2145 3511 Davidi

613 3525 882 3613 victoriam
930 3531 1146 3583 nuntiet.
1193 3532 1306 3598 Quo
1347 3535 1430 3589 ille
1473 3538 1646 3591 audito
1684 3539 1889 3610 lugebat
1936 3555 2148 3613 propter

614 3612 806 3678 ﬁlium,
833 3615 1000 3670 donec
1039 3618 1298 3687 ingressus
1332 3622 1460 3677 Joab
1489 3625 1632 3678 illum
1673 3631 1918 3696 mutavit,
1949 3612 2148 3701 ipsique

615 3705 810 3791 suasit,
841 3715 894 3757 ut
931 3707 1049 3759 laeto
1075 3708 1324 3779 hilarique
1351 3715 1491 3768 vultu
1533 3718 1818 3771 exercitum
1861 3723 2143 3791 exciperet.

615 3790 917 3859 Fugientem
965 3795 1203 3851 lsraelem
1248 3816 1338 3854 rex
1383 3804 1695 3869 advocabat;
1735 3809 1929 3864 Abessa
1974 3790 2144 3868 autem

616 3879 768 3945 illos,
795 3879 901 3946 jam
929 3881 979 3933 id
1012 3884 1060 3936 in
1091 3889 1354 3955 proposito
1379 3891 1656 3959 habentes,
1685 3910 1748 3949 eo
1775 3897 1986 3953 adduxit
2012 3910 2065 3954 ut
2091 3916 2148 3956 se

617 3968 796 4020 Davidi
818 3970 1150 4037 subjicerent.
1175 3976 1301 4029 Cum
1329 3983 1663 4046 pertransiret
1687 3984 1986 4050 Jordanem,
2009 3990 2148 4043 venit

616 4057 822 4120 Semei,
871 4072 1018 4112 suum
1071 4064 1322 4118 conﬁtens
1370 4079 1655 4135 peccatum.
1719 4072 1932 4128 Volebat
1975 4085 2146 4131 autem

616 4147 812 4200 Abessa
840 4147 979 4199 illum
1029 4149 1344 4216 interﬁcere,
1393 4156 1441 4209 id
1484 4159 1744 4225 prohibuit
1787 4162 1966 4218 David.
2000 4165 2150 4220 Venit

615 4235 770 4286 etiam
801 4235 1144 4302 Memphibaal
1173 4243 1435 4307 squalidus
1454 4285 1467 4308 ,
1499 4247 1722 4302 sordidis
1752 4250 1960 4305 indutus
1987 4255 2148 4307 vesti-

621 4323 736 4385 bus,
770 4322 986 4376 densnm
1037 4327 1232 4380 habens
1279 4343 1581 4401 mystaeem,
1627 4353 1824 4406 ungues
1869 4341 2150 4396 ostendens

619 4412 798 4480 longos
828 4415 864 4476 ί,
896 4429 1012 4480 qua:
1037 4417 1207 4469 omnia
1234 4418 1429 4474 doloris
1455 4424 1597 4490 signa
1642 4438 1817 4490 erant,
1846 4429 1913 4482 ob
1957 4430 2147 4484 bellum

616 4510 795 4554 contra
826 4502 1063 4554 Davidem
1093 4515 1306 4558 motum.
1336 4508 1684 4580 lnterrogabat
1707 4529 1798 4567 rex
1823 4531 1916 4568 cur
1937 4532 2037 4570 non
2063 4534 2151 4573 ve-

623 4590 785 4642 nisset
811 4605 1005 4642 secum.
1040 4591 1323 4660 Respondit
1352 4597 1435 4651 ille
1460 4613 1517 4653 se
1542 4615 1751 4668 rogasse
1775 4602 1948 4656 Sibam
1979 4605 2117 4659 famu
2137 4641 2149 4646 -

622 4679 727 4730 lnni
757 4694 929 4744 suum,
955 4687 1009 4732 ut
1037 4694 1093 4733 se
1117 4681 1351 4749 jumento
1379 4686 1688 4755 imponeret,
1719 4692 1934 4745 claudus
1961 4695 2151 4763 quippe

621 4776 734 4820 crat
773 4767 1114 4836 Memphibaal
1146 4789 1159 4824 :
1187 4772 1331 4825 illum
1372 4791 1494 4829 vero
1534 4780 1780 4832 noluisse.
1825 4781 1969 4836 Tunc
2005 4784 2151 4850 jubet

619 4873 712 4911 rex
740 4858 882 4911 illum
925 4872 1042 4912 cum
1074 4860 1194 4913 Siba
1219 4875 1396 4929 agrum
1425 4865 1672 4921 dividere.
1705 4870 1919 4924 Bereelli
1960 4887 2149 4941 porro,

617 4947 705 5015 qui
736 4947 858 5003 belli
881 4957 1113 5016 tempore
1134 4951 1291 5004 multa
1319 4953 1412 5021 ipsi
1440 4957 1840 5022 ministraverat,
1865 4974 2038 5013 secum
2059 4963 2152 5015 ad-

617 5036 811 5091 ducere
830 5038 1054 5092 volebat.
1086 5038 1175 5092 llle
1203 5053 1326 5093 vero
1346 5046 1597 5096 recusavit
1624 5050 1690 5098 ob
1719 5057 2034 5102 senectutem
2064 5066 2076 5101 :
2102 5059 2154 5104 et

620 5138 798 5177 secum
827 5127 1030 5194 accepit
1060 5140 1153 5180 rex
1180 5126 1340 5180 ﬁlium
1370 5129 1528 5197 ipsius
1568 5133 1698 5188 loco.
1731 5134 1874 5188 Tunc
1903 5138 2154 5192 scinditur

619 5217 908 5280 exercitus,
941 5232 1165 5287 parsque
1201 5218 1368 5273 Sabee
1412 5235 1466 5274 se
1506 5222 1666 5276 dedit.
1709 5225 1964 5294 Mittitque
1994 5229 2151 5282 David

677 5361 690 5390 ί
719 5359 770 5406 In
812 5359 1020 5424 Editiqnc
1064 5364 1261 5424 Romana
1303 5357 1492 5418 legitur,
1518 5371 1663 5420 neque
1699 5374 1874 5424 ungues
1904 5364 2149 5420 subsecuit.

612 5432 759 5487 neque
785 5417 964 5467 curavit
987 5423 1255 5487 mystacem.

705 5433 759 5467 ne
785 5432 964 5467 curavu
987 5432 1255 5487 mgswcem.

672 5432 746 5536 Ya)
769 5487 873 5525 tlzce
897 5490 990 5524 non
1016 5478 1233 5524 videntur
1257 5489 1515 5525 consonare
1538 5492 1643 5527 cum
1665 5487 1798 5529 textu
1838 5482 1976 5530 LXX.

672 5541 810 5598 (1))111
830 5536 1298 5600 exemplaribus‘aliis
1320 5542 1488 5600 LXKet
1513 5541 1557 5586 in
1582 5540 1787 5588 mitione
1810 5549 2006 5588 Romana
2031 5541 2151 5600 legi-

615 5596 1092 5661 1m‘,.llclitpltt00$llte,
1105 5598 1190 5647 sed
1200 5597 1288 5646 alia
1302 5598 1590 5659 exemplaria
1601 5600 1907 5663 nemp/aibant
1919 5596 2148 5652 habuere.

1306 309 1359 365 S.
1389 308 1661 365 JOANNIS
1695 300 2156 364 CHRYSOSTOIII
2186 301 2495 360 ARCHIEP.
2526 307 3042 362 CONSTANTINOP.

3707 312 3826 365 348

2251 414 2522 467 Amessam
2542 417 2630 483 qui
2654 415 2878 469 debellet
2902 432 3018 470 eum
3043 434 3056 469 :
3080 414 3210 469 Joab
3231 429 3354 469 vero
3374 416 3646 468 Amcssam
3675 415 3812 466 dolo

2250 504 2461 568 occidit,
2495 506 2781 572 urbemque
2816 507 2867 559 in
2894 522 3047 574 quam
3085 506 3388 573 confugerat
3423 505 3589 559 Sabee
3632 504 3809 556 obse-

2250 590 2344 644 dit.
2366 592 2464 657 Qui
2488 593 2538 644 in
2555 593 2763 646 civitate
2781 603 2948 658 erant,
2964 594 3214 647 suadente
3237 593 3469 656 muliere,
3495 593 3804 646 abscissum

2249 692 2402 749 caput
2425 682 2591 735 Sabee
2629 682 2792 736 Joabo
2818 699 2879 736 ex
2924 699 3071 736 muro
3119 683 3446 750 proiecerunt
3477 699 3489 734 :
3517 691 3682 748 atque
3730 681 3804 732 ita

2251 767 2389 821 bello
2414 769 2618 822 liberati
2641 781 2779 822 sunt.
2813 771 2999 823 Fames
3025 771 3074 822 in
3101 781 3234 823 terra
3263 769 3472 822 advenit
3497 787 3513 825 :
3541 769 3606 822 ad
3630 783 3804 836 quam

2250 856 2626 925 profligandam
2667 873 2883 912 necesse
2919 868 3029 913 erat
3062 862 3330 926 quospiam
3359 873 3421 911 ex
3459 858 3630 912 Saulis
3669 872 3803 925 pro-

2249 947 2400 1014 genie
2416 947 2548 1000 tradi
2565 946 2884 1001 Gabaonitis.
2906 947 3050 1001 Tunc
3065 947 3492 1016 Mempbibaalum
3514 955 3806 1000 censet-rat

2251 1033 2433 1098 David,
2459 1034 2527 1088 ob
2555 1035 2906 1102 juramentum
2949 1035 3241 1089 Jonathano
3271 1035 3576 1102 praistitum.
3607 1033 3806 1087 Tradit

2253 1137 2426 1179 autem
2458 1127 2628 1180 Saulis
2671 1127 2809 1180 filios
2832 1136 2883 1180 et
2909 1135 3123 1193 nepotes
3141 1166 3155 1190 ,
3183 1127 3468 1193 sepelitque
3503 1125 3720 1179 Saﬁlem
3746 1133 3804 1177 et

2248 1212 2594 1266 Jonatbanum
2641 1214 2692 1265 in
2732 1215 2968 1280 sepulcro
3011 1212 3120 1266 Cis.
3167 1213 3307 1266 Bella
3345 1222 3635 1266 moventur.
3686 1213 3800 1264 Da-

2251 1302 2423 1354 videm
2450 1302 2694 1355 cohibent
2722 1304 2800 1354 sui
2836 1317 2904 1354 ne
2931 1311 3113 1366 exeat,
3166 1317 3232 1355 ne
3273 1304 3404 1354 forte
3446 1303 3798 1370 periclitetur.

2249 1389 2399 1444 Tunc
2441 1391 2568 1443 dicit
2615 1391 2873 1443 decimum
2919 1391 3196 1457 septimum
3252 1390 3533 1442 Psalmum.
3586 1390 3800 1443 Recen-

2249 1489 2431 1533 sentur
2462 1480 2612 1532 fortia
2653 1481 3000 1547 praeclaraque
3044 1489 3187 1547 gesta
3214 1480 3399 1532 ducum
3442 1480 3669 1532 Davidis.
3700 1479 3799 1532 Ju-

2249 1569 2400 1624 bctur
2443 1570 2575 1624 Joab
2618 1571 2861 1639 populum
2904 1586 3238 1635 enumerare,
3282 1581 3697 1638 enumeratque:
3741 1579 3798 1624 et

2249 1668 2398 1712 erant
2423 1660 2625 1715 lsraelis
2659 1670 2914 1729 nongenta
2944 1661 3106 1715 millia
3127 1703 3141 1726 ,
3171 1673 3224 1715 et
3248 1661 3391 1716 Iuda:
3413 1662 3796 1730 quadringenta

2251 1749 2412 1802 millia
2441 1749 2729 1812 hominum,
2753 1752 2983 1804 omnium
3011 1753 3334 1806 bellatorum.
3352 1752 3498 1806 Tunc
3517 1755 3655 1805 venit
3676 1753 3796 1805 Gad

2250 1837 2502 1904 propheta
2550 1838 2814 1906 optionem
2860 1840 2932 1892 illi
2974 1840 3106 1892 dans
3147 1856 3211 1894 ex
3257 1840 3420 1894 tribus
3467 1842 3789 1903 ultionibus,

2249 1941 2401 1994 quam
2429 1929 2608 1983 subire
2647 1929 2845 1992 mallet,
2877 1945 2942 1982 an
2975 1939 3079 1983 tres
3115 1945 3280 1985 annos
3325 1932 3502 1995 famis,
3529 1946 3595 1984 an
3629 1933 3788 1984 trium

2249 2014 2448 2068 dierum
2483 2018 2652 2085 fugam
2681 2019 2988 2072 instantibus
3016 2020 3264 2082 hostibus,
3287 2035 3349 2072 an
3370 2029 3473 2073 tres
3502 2021 3614 2074 dies
3641 2035 3787 2074 mor-

2249 2107 2385 2160 tiferi
2435 2109 2622 2160 morbi.
2677 2109 2764 2162 Ille
2816 2124 2938 2162 vero
2987 2119 3092 2163 tres
3142 2109 3254 2163 dies
3304 2111 3552 2162 mortiferi
3611 2111 3782 2162 morbi

2249 2199 2590 2263 praecptavit,
2637 2201 2931 2264 mortuique
2976 2208 3096 2250 sunt
3138 2212 3166 2250 a
3211 2200 3462 2250 matutino
3506 2214 3668 2266 usque
3713 2199 3782 2251 ad

2250 2287 2449 2353 prandii
2505 2298 2707 2354 tempus
2761 2289 3083 2356 septuaginta
3133 2289 3274 2340 mille
3325 2288 3576 2341 homines.
3636 2289 3786 2342 Tunc

2256 2375 2415 2428 David
2442 2375 2616 2428 dixit:
2660 2377 2786 2429 Ecce
2812 2393 2899 2446 ego
2943 2378 3168 2446 peccavi,
3216 2387 3261 2428 et
3288 2393 3375 2444 ego
3417 2386 3582 2444 pastor
3622 2378 3786 2442 inique

2249 2465 2326 2532 egi
2351 2481 2368 2517 :
2395 2465 2444 2516 hi
2471 2466 2554 2534 qui
2580 2482 2698 2534 grex
2721 2477 2852 2528 sunt,
2876 2467 2992 2532 quid
3023 2467 3273 2532 fecerunt?
3296 2465 3408 2516 Fiat
3425 2483 3598 2517 manus
3623 2475 3708 2517 tua
3733 2467 3783 2516 tu

2249 2571 2327 2608 me
2353 2564 2399 2608 et
2426 2558 2475 2607 in
2505 2558 2702 2608 domum
2731 2559 2882 2625 patris
2909 2560 3000 2608 mei
3026 2559 3098 2625 (9..
3139 2557 3260 2626 Reg.
3294 2557 3378 2608 24.
3409 2557 3518 2623 ΓΙ).
3550 2556 3784 2609 Cessavit

2251 2645 2469 2712 punitio,
2500 2657 2550 2698 et
2571 2647 2780 2711 jubetur
2807 2646 2964 2698 David
2987 2661 3126 2698 aram
3148 2646 3347 2713 erigere
3372 2645 3422 2697 in
3445 2660 3559 2697 area
3580 2644 3776 2705 Ornias,

2249 2741 2303 2784 et
2334 2733 2402 2786 ibi
2441 2734 2754 2795 sacriﬁcare,
2801 2734 2848 2786 id
2878 2734 3012 2801 quod
3053 2733 3140 2786 ille
3181 2733 3301 2786 fecit
3327 2733 3424 2801 (a).
3460 2731 3613 2786 Ornia
3644 2734 3781 2786 filius

2250 2820 2411 2874 David
2438 2823 2682 2874 convivio
2710 2823 2902 2889 excipit
2930 2823 3146 2876 Joabnm
3177 2830 3230 2874 et
3255 2822 3602 2882 Abiatbarem,
3631 2828 3782 2889 quasi

2247 2922 2574 2978 regnaturus.
2625 2914 2912 2979 Ingreditur
2954 2913 3239 2978 Bersabee,
3284 2912 3563 2966 secundum
3603 2913 3778 2965 cousi-

2249 2998 2374 3051 lium
2421 3001 2620 3052 Nathan
2666 3003 2948 3068 prophetae,
2980 3013 3032 3055 et
3062 3003 3111 3055 id
3153 3003 3422 3055 annuntiat
3453 3003 3660 3063 Davidi;
3703 3003 3780 3052 lo-

2248 3098 2440 3154 quente
2485 3090 2567 3140 illa
2611 3089 2872 3157 ingressus
2924 3099 3003 3142 est
3049 3089 3282 3154 Nathan;
3332 3090 3380 3142 id
3436 3089 3780 3142 moliebantur

2250 3177 2449 3231 scilicet
2477 3187 2532 3231 ut
2557 3179 2798 3232 Salomon
2827 3189 3084 3247 regnaret.
3132 3179 3336 3247 Egressi
3379 3189 3496 3232 sunt
3540 3180 3780 3246 imposito

2249 3280 2403 3335 supra
2425 3273 2620 3339 regiam
2631 3269 2828 3323 mulam
2846 3268 3140 3322 Salomone.
3159 3268 3305 3322 Tunc
3321 3267 3517 3321 Nathan
3533 3268 3778 3335 propheta

2249 3363 2302 3409 et
2325 3355 2529 3409 Sadduc
2567 3358 2812 3411 sacerdos
2851 3358 3090 3411 abierunt
3135 3357 3182 3408 in
3229 3357 3389 3420 Gion,
3417 3367 3780 3424 unxeruntqne

2249 3444 2392 3497 illum
2418 3460 2479 3498 ac
2518 3445 2803 3498 dixerunt:
2845 3444 2986 3498 Vivat
3021 3462 3108 3498 rea:
3134 3446 3206 3513 (3.
3239 3447 3362 3514 Reg.
3405 3446 3454 3497 l.
3484 3446 3595 3512 59).
3630 3445 3780 3498 Venit

2248 3531 2504 3586 Jonathan
2555 3536 2690 3588 ﬁlius
2727 3533 3040 3597 Abiatharis,
3084 3544 3136 3587 et
3179 3534 3408 3601 epulanti
3453 3533 3625 3586 Ornize
3669 3535 3779 3587 haec

2250 3623 2522 3676 nuntiavit.
2553 3623 2616 3676 Et
2641 3622 2727 3675 alii
2755 3623 2966 3692 quidem
3007 3621 3272 3690 fugerunt,
3303 3622 3485 3676 Ornias
3514 3637 3636 3675 vero
3659 3637 3779 3674 con-

2252 3712 2381 3779 fugit
2405 3712 2469 3764 ad
2495 3727 2636 3764 aram
2657 3752 2673 3777 ,
2703 3720 2941 3765 metuens
2970 3711 3320 3765 Salomonem.
3355 3711 3499 3763 Tunc
3527 3711 3693 3763 educit
3719 3711 3780 3762 il-

2250 3802 2356 3852 lum
2380 3801 2520 3866 inde,
2539 3809 2592 3854 et
2609 3802 2819 3853 veniens
2835 3800 3021 3855 Ornias
3041 3801 3270 3854 adoravit
3291 3815 3484 3868 regem.
3506 3800 3779 3853 Moriturus

2255 3891 2434 3956 David,
2464 3893 2698 3945 hortatur
2721 3892 3070 3957 Salomonem,
3098 3901 3151 3945 ut
3169 3892 3422 3945 custodiat
3447 3892 3614 3960 legem
3641 3892 3723 3943 Dei
3751 3907 3767 3945 :

2253 3983 2328 4034 sic
2369 3982 2508 4035 etiim
2558 3981 2701 4034 illum
2747 3983 3117 4048 promissiones
3157 3995 3271 4034 esse
3323 3989 3772 4046 consequuturum.

2253 4069 2497 4137 Praecipit
2521 4071 2680 4124 etiam
2712 4071 2849 4123 circa
2877 4071 3008 4123 Joab
3031 4080 3083 4122 et
3111 4070 3302 4133 Semei,
3336 4079 3393 4121 ut
3419 4070 3540 4120 illos
3565 4069 3776 4120 ulcisca-

2312 4158 2382 4217 (tt)
2405 4165 2505 4224 I_luc_
2534 4158 3269 4224 desinit_Crulett__l.ugdunensis,
3293 4158 3370 4224 qui
3410 4155 3522 4224 libri
3549 4156 3780 4224 tertiiiini-

2253 4218 2366 4265 tium
2389 4219 2457 4264 sic
2478 4219 2604 4265 ducit
2628 4231 2640 4264 :
2664 4218 2862 4265 Attonitis
2874 4216 3170 4276 [ilius’lmritt
3192 4216 3393 4276 convivio
3414 4216 3654 4274 excipiens
3674 4223 3774 4261 Joa-

2254 4277 2378 4331 bum,
2405 4285 2496 4324 etc.
2514 4285 2630 4333 Mox,
2655 4277 2799 4324 Ornia
2823 4275 2947 4334 ﬁlius
2972 4276 3138 4332 Dat-id,
3161 4279 3226 4322 sic
3250 4275 3434 4323 Coislin.
3451 4276 3779 4333 Antiquissima

2251 4335 2394 4384 lectio
2430 4336 2696 4391 est,0rm'a.
2732 4339 2956 4384 Hebraice
2991 4342 3160 4388 manu.
3194 4344 3297 4382 Lxx
3316 4336 3532 4383 Editionis
3557 4342 3776 4390 Romanae,

2256 4403 2446 4460 Adonia,
2460 4405 2543 4452 sed
2558 4404 2928 4461 lectio,0rm'a,in
2941 4405 3269 4452 vetustissimis
3281 4402 3779 4462 exemplaribushabe-

2253 4471 2402 4521 tur,et
2415 4467 2483 4512 sic
2494 4464 2959 4523 legit'l‘heodoretus.
2974 4465 3310 4523 Procopiusait.
3326 4461 3618 4523 binmninem
3634 4461 3773 4509 fuisse

2252 4524 2494 4572 Arioniam.
2518 4521 2696 4571 Verum
2720 4538 2779 4572 ex
2820 4521 3129 4572 similitudine
3151 4522 3391 4570 literarum
3408 4529 3440 4571 ’τ
3463 4528 3512 4568 et
3527 4528 3559 4576 Ἰ
3583 4521 3745 4568 factum
3762 4555 3775 4577 ,

2253 4600 2306 4640 ut
2323 4593 2458 4640 modo
2478 4593 2696 4649 Adonias,
2722 4591 2858 4657 modo
2879 4594 3037 4638 Ornias
3059 4593 3256 4657 dicatur,
3279 4591 3398 4657 quod
3423 4590 3533 4637 alibi
3556 4589 3778 4657 saepeuob-

2253 4660 2485 4699 servatur.
2510 4659 2616 4698 Nam
2651 4652 2776 4711 quod
2814 4660 2998 4708 Spectat
3033 4653 3087 4698 ad
3127 4649 3536 4711 commutationem
3559 4649 3778 4697 voealium

2255 4722 2285 4758 Α
2301 4747 2312 4766 ,
2337 4721 2386 4758 et
2407 4721 2458 4768 0,
2486 4725 2541 4758 ea
2567 4725 2650 4769 pro
2669 4709 2813 4757 nihilo
2836 4711 2910 4757 hic
2933 4711 3146 4757 habenda
3171 4719 3260 4766 est,
3280 4719 3328 4758 ut
3344 4710 3455 4756 alibi
3480 4709 3697 4770 pluribus
3711 4715 3778 4753 est

2253 4768 2678 4820 cmnnnonstratum.
2705 4772 2757 4831 l_n
2782 4772 3038 4830 exemplari
3058 4770 3386 4831 Cbrysostomi,
3410 4775 3465 4817 ut
3483 4768 3669 4828 'liqnet,
3689 4768 3780 4814 haec

2254 4844 2362 4891 qua:
2385 4833 2574 4877 Adonize
2597 4831 2696 4891 sive
2711 4827 2869 4877 Ornia:
2895 4827 3164 4877 convivium
3179 4836 3408 4889 spectant,
3431 4827 3615 4891 necnon
3640 4835 3778 4891 totum

2257 4888 2396 4948 caput
2420 4892 2617 4958 primum
2649 4889 2755 4958 libri
2791 4891 2915 4958 tertii
2956 4898 3128 4958 [legum
3167 4888 3238 4958 et_
3258 4901 3363 4958 pars
3386 4889 3582 4958 secundi
3606 4888 3778 4958 capitis,

2257 4904 2396 4948 caput
2402 4904 2617 4995 (primum
2649 4904 2755 4936 non
2791 4904 2915 4936 term
2956 4904 3128 4948 negum
3167 4904 3216 4936 et
3258 4904 3363 4958 pars
3386 4904 3582 4956 secundi
3606 4904 3762 4947 captus

2255 4963 2400 4997 secun
2434 4963 2461 4997 ο
2501 4951 2618 4996 libro
2655 4950 2868 5008 adjuncta
2891 4948 3092 5005 fuerant,
3117 4949 3239 5009 quod
3265 4962 3310 4995 ul
3334 4946 3763 5009 multtsexetnplari

2256 5010 2346 5056 bus
2369 5016 2477 5056 tunc
2506 5005 2862 5063 observabatur,
2885 5015 2936 5056 et
2959 5005 3227 5056 nominatim
3251 5011 3296 5055 in
3321 5021 3478 5064 exem;
3499 5006 3581 5054 lari
3609 5005 3778 5051 Diodori

2256 5070 2518 5132 Tarsensis,
2537 5069 2617 5128 qui
2637 5067 2959 5132 Chrysostgmi
2974 5069 3115 5132 nostri
3140 5076 3400 5132 praeceptor
3423 5066 3534 5132 fuit;
3555 5066 3780 5132 invidere

2259 5135 2331 5175 (Et
2354 5129 2401 5175 in
2434 5123 2811 5187 nom'cujusdam
2852 5128 3032 5177 Codieis
3068 5123 3213 5185 Regii,
3261 5123 3311 5176 et
3345 5128 3390 5173 in
3429 5129 3577 5173 altera
3612 5123 3780 5187 Codieis

2257 5187 2538 5241 Coisliniaui,
2563 5182 2679 5290 quas
2701 5187 2745 5232 in
2770 5187 2986 5246 Itexaplis
3011 5182 3254 5236 edidimus.
3280 5192 3533 5234 Postrema.
3558 5195 3662 5243 qua:
3687 5182 3779 5239 ιῐε-

2260 5250 2359 5290 nior
2381 5255 2469 5290 est-
2494 5249 2561 5290 sic
2601 5248 2725 5290 tahet
2752 5260 2762 5290 :
2793 5255 2842 5290 In
2872 5245 3079 5290 Hera-nlo
3101 5255 3143 5290 et
3168 5247 3215 5290 in
3241 5244 3605 5290 acetu'att'oribtts
3629 5254 3776 5288 eran-

2260 5250 2359 5308 nior
2381 5255 2469 5308 est,
2494 5249 2561 5293 sic
2581 5244 2725 5308 habet
2752 5260 2762 5292 :
2793 5255 2842 5292 In
2871 5244 3143 5308 liexaploret
3168 5247 3215 5294 in
3241 5244 3605 5308 accuratioribtts
3629 5254 3776 5308 eran-

2258 5306 2491 5370 ptaribus,
2516 5305 3024 5370 secundus[tegunt-tun
3049 5307 3162 5354 liber
3195 5305 3360 5355 desinit
3399 5305 3444 5351 in
3477 5305 3778 5370 narratimtrm

2259 5365 2317 5413 de
2341 5366 2478 5426 plaga
2496 5365 2791 5430 popula-etin
2815 5365 3238 5430 cititationenrarea;
3257 5376 3410 5413 Orate.
3445 5365 3616 5430 tertius
3636 5367 3778 5430 nutent

2259 5419 2515 5485 Regnorum
2538 5419 2757 5472 liberinit
2781 5424 2839 5471 ab
2854 5419 3052 5485 ΔΙιῖέςῑυνὶα
3075 5425 3135 5472 tle
3159 5425 3321 5485 Abisag
3339 5421 3639 5485 Suuantitia'e,
3664 5427 3704 5467 ct
3724 5419 3777 5464 de

2259 5478 2433 5532 Αιὶὸηὶα
2453 5484 2642 5543 ejusque
2674 5483 2938 5542 tyrmmidv.
2967 5484 3195 5544 moderns
3216 5478 3370 5544 anteiit
3391 5482 3594 5532 secundo
3621 5489 3776 5544 Regno-

2257 5559 2360 5591 rum
2381 5537 2499 5606 libro
2522 5537 2785 5606 [aboetiam
2816 5543 3050 5606 conjungit
3081 5557 3223 5606 usque
3259 5543 3322 5593 ad
3361 5549 3555 5593 mortem
3584 5537 3776 5594 Doridis,

2256 5604 2558 5665 sinatitcrque
2586 5602 2907 5654 Theodoretus.
