4000 6220
142 387 264 441 347

138 481 259 534 πᾶν
288 481 441 551 παρὰ
481 481 575 533 τοῦ
602 481 779 533 Δαυῖδ.
824 479 955 531 Τότε
1003 475 1194 544 Σεμεεὶ
1236 474 1583 544 κατηράσατο
1618 471 1709 525 16v

141 580 345 632 Δαυτδ·
402 581 431 630 6
474 579 530 632 δέ
578 579 738 631 Δαυῒδ
784 576 1101 648 βουλόμενον
1162 572 1323 625 αὑτὸν
1370 571 1578 626 ἀνελεῖν
1623 570 1712 623 τὸν

153 659 781 733 ’Δϐεσσίδιεκώλυσεψ
834 678 1085 747 Ἔρχεται
1142 675 1169 725 6
1214 674 1382 726 Χουσὶ
1440 671 1575 742 πρὸς
1624 672 1713 725 τὸν

154 777 512 847 Ἀϐεσσαλὼμ
531 818 547 842 ,
590 779 684 830 καὶ
726 777 900 830 πείθει
928 775 1087 828 αὑτὸν
1123 774 1197 836 ὡς
1226 771 1480 834 εὐνοϊκῶς
1508 770 1713 825 διακεί-

146 894 316 947 μενος
344 878 490 947 αύτῷ
517 878 820 949 προσέχειν.
850 878 959 928 Καὶ
979 874 1344 944 προκειμένης
1375 872 1565 943 βουλῆς
1591 873 1713 925 τίνα

144 977 262 1031 δέοι
287 979 563 1047 πράττειν,
598 976 946 1043 συγγενέσθαι
979 977 1097 1036 ταῖς
1136 973 1433 1035 παλλακαῖς
1467 969 1558 1023 τοῦ
1610 988 1715 1025 πα-

144 1077 280 1147 τρὸς
303 1079 559 1147 παραινεῖ
577 1076 664 1128 τὸν
681 1072 1029 1143 Ἀϐεσσαλὼμ
1044 1071 1337 1141 Ἀχιτόφελ.
1363 1072 1471 1123 Καὶ
1492 1069 1712 1139 ἐποίησε

145 1174 313 1226 τοῦτο
342 1174 433 1227 ἐπὶ
459 1173 549 1226 106
575 1173 839 1242 δώματος,
858 1172 997 1225 ῶστε
1022 1172 1226 1233 πάντας
1248 1171 1398 1239 όρᾷν.
1421 1168 1528 1221 Καὶ
1552 1184 1714 1237 προσ-

146 1272 363 1341 τίθησιν
400 1272 589 1341 ἐτέραν
637 1272 891 1340 γνώμην,
929 1270 1067 1321 ὥστε
1113 1268 1294 1320 λαϐεῖν
1340 1268 1540 1336 χιλίους
1596 1265 1712 1335 μεθ’

143 1369 348 1422 ἑαυτοῦ
369 1410 384 1432 ,
416 1370 505 1422 καὶ
547 1369 823 1423 ἐπιθέσθαι
855 1368 930 1439 τῷ
958 1368 1135 1427 Δαυῖδ,
1180 1369 1270 1419 καὶ
1303 1366 1506 1419 ἀνελεῖν
1530 1367 1709 1419 αὑτόν.

154 1469 251 1531 Ὡς
294 1470 349 1521 δὲ
398 1469 596 1539 ἐκλήθη
636 1470 727 1522 καὶ
768 1471 794 1521 6
826 1469 994 1521 Χουσὶ
1035 1468 1168 1538 πρὸς
1215 1467 1274 1519 τὸ
1322 1464 1711 1537 εἰσηγήσασθαι

145 1569 480 1639 συμϐουλὴν,
530 1569 821 1638 ἀνατρέπει
866 1567 963 1636 τὴν
1009 1566 1102 1619 τοῦ
1151 1566 1427 1635 ’Ᾱχιτόφελ
1468 1565 1709 1635 γνώμην,

143 1668 287 1730 τέως
334 1669 432 1737 μὲν
475 1667 799 1737 ὑπερθέσθαι
844 1666 1152 1736 παραινῶν,
1206 1664 1430 1735 ὕστερον
1474 1665 1529 1717 δέ
1577 1664 1714 1734 μετά

145 1769 507 1837 παρασκευῆς
538 1766 813 1819 ἐπιθέσθαι
847 1766 922 1834 τῷ
949 1766 1126 1819 Δαυῖδ.
1174 1767 1283 1818 Καὶ
1320 1766 1482 1835 ήρεσε
1515 1763 1711 1834 μᾶλλον

144 1867 294 1935 αὕτη
343 1868 377 1935 ἡ
430 1867 655 1936 γνώμηο
705 1866 837 1919 Θεοῦ
886 1866 993 1935 γὰρ
1048 1861 1113 1936 ἦν
1159 1867 1191 1935 ή
1237 1866 1533 1935 οἰκονομία.
1579 1865 1712 1918 Τότε

143 1966 362 2034 πέμπει
398 1965 486 2018 διά
527 1965 634 2018 τῶν
675 1966 802 2019 υἱῶν
853 1964 960 2019 τῶν
1008 1965 1213 2035 ἱερέων,
1245 1964 1338 2018 καὶ
1384 1964 1710 2032 ἀπαγγέλλει

144 2066 327 2118 ταῦτα
358 2065 436 2135 τῷ
467 2065 624 2119 Δαυῒδ
656 2066 683 2117 6
712 2065 895 2118 Χουσί.
927 2066 983 2117 '0
1009 2065 1065 2117 δὲ
1098 2062 1374 2133 Ἀχιτόφελ
1401 2062 1713 2132 διαμαρτὼν

144 2166 253 2235 τῆς
297 2166 552 2235 γνώμης,
604 2165 900 2234 ἀπήγξατο.
948 2164 1172 2234 Φέρεται
1224 2162 1390 2215 πολλὰ
1445 2163 1591 2234 δῶρα
1635 2163 1713 2233 τῷ

146 2266 335 2318 A6616.
362 2265 621 2331 Διατάξας
642 2265 697 2317 δέ
724 2263 783 2316 τὸ
817 2263 1191 2334 στρατόπεδον,
1222 2262 1493 2332 ἐξέπεμψε
1519 2262 1709 2330 λέγων·

148 2363 453 2417 Φείσασθέ
481 2382 597 2432 μου
628 2364 732 2417 τοῦ
765 2364 1075 2430 παιδαρίου
1121 2361 1514 2430 Ἀϐεσσαλώμ.
1545 2361 1715 2415 Αὑτὸν

147 2461 265 2533 γὰρ
288 2462 350 2514 06
391 2462 763 2533 συνεχώρησαν
793 2462 1041 2528 ἐξελθεῖν.
1074 2462 1283 2517 Γίνεται
1315 2462 1580 2531 πόλεμος,
1621 2461 1715 2515 καὶ

148 2560 368 2613 πολλῶν
418 2562 687 2614 πεσόντων
741 2563 1041 2630 ἀναιρεῖται
1105 2560 1197 2614 καὶ
1247 2562 1276 2612 6
1344 2559 1710 2627 Ἀϐεσσαλὼμ,

149 2659 475 2729 προσδεθείς
498 2677 600 2711 τινι
631 2659 827 2729 δένδρῳ
860 2659 965 2711 ἀπὸ
987 2659 1082 2727 τῆς
1106 2658 1298 2727 κόμης.
1318 2658 1715 2728 Ἀναιρεθέντος

147 2759 230 2821 δέ,
270 2757 544 2811 ἐπαύσατο
574 2758 601 2808 6
627 2758 873 2825 πόλεμος.
903 2756 1113 2825 Πέμπει
1140 2757 1231 2809 τὸν
1269 2757 1436 2808 Χουσὶ
1480 2757 1508 2808 6
1560 2755 1713 2809 Ἰωάϐ

150 2857 522 2926 ἀπαγγέλλειν
565 2855 642 2926 τῷ
684 2855 844 2909 A6616
888 2856 985 2925 τὴν
1038 2856 1211 2923 νίκην.
1270 2856 1328 2908 '0
1375 2855 1429 2907 δέ
1480 2855 1715 2919 ἀκούσας

152 2960 377 3029 ἐθρήνει
404 2958 491 3010 διά
519 2958 608 3010 τὸν
635 2957 777 3009 υἱόν’
825 2956 928 3019 ἐως
964 2948 1023 3008 06
1058 2954 1310 3008 είσελθὼν
1342 2957 1369 3008 6
1408 2954 1561 3008 Ίωάϐ
1598 2972 1717 3025 μετ-

152 3058 321 3111 έϐαλέ
355 3074 412 3109 τε
451 3056 631 3119 αὑτὸν,
658 3057 752 3109 καὶ
780 3056 959 3107 ἔπεισε
998 3054 1245 3117 δέξασθαι
1272 3054 1329 3106 16
1359 3055 1715 3123 στρατόπεδον

153 3154 369 3225 φαιδρῷ
408 3154 485 3225 τῷ
512 3154 802 3225 προσώπῳ.
838 3154 1075 3219 Φυγόντα
1102 3153 1191 3206 16v
1230 3153 1441 3223 Ἰσραὴλ
1468 3155 1495 3205 ὅ
1521 3171 1580 3206 τε
1625 3154 1716 3223 βα-

156 3253 344 3313 σιλεὺς
386 3253 784 3322 προσεκαλεῖτο,
833 3253 861 3304 ὅ
904 3267 961 3303 τε
1022 3251 1251 3305 Ἀϐεσσᾶ
1304 3252 1716 3323 προῃρημένους

156 3353 360 3415 αὐτοὺς
377 3354 475 3423 ήδη
497 3353 706 3406 ἔπεισεν
728 3353 1057 3423 ὑποταγῆναι
1085 3353 1160 3422 τῷ
1181 3352 1362 3406 A6616.
1380 3352 1463 3415 Ὠς
1484 3351 1717 3405 διέϐαινε

153 3453 252 3502 τὸν
300 3451 570 3522 Ἰορδάνην
596 3448 756 3523 ἦλθεν
803 3454 831 3505 6
874 3453 1093 3522 Σεμεεὶ,
1124 3452 1394 3522 ὁμολογῶν
1429 3452 1592 3505 66106
1620 3453 1718 3522 τήν

155 3550 454 3618 ἁμαρτίαν.
493 3550 766 3603 Ἐϐούλετο
791 3551 848 3604 δὲ
884 3552 1044 3605 αὐτὸν
1072 3551 1373 3605 θανατῶσαι
1400 3552 1428 3603 6
1467 3553 1715 3618 ’Δϐεσσᾶ,

155 3648 256 3700 καὶ
289 3646 612 3701 διεκώλυσεν
638 3649 666 3700 6
692 3649 869 3700 Δαυῗδ.
909 3646 1078 3701 Ἦλθε
1106 3650 1162 3701 δέ
1192 3650 1281 3703 καὶ
1330 3653 1359 3703 6
1388 3652 1718 3721 Μεμφιϐαάλ

156 3744 426 3814 αὐχμῶν,
478 3747 694 3816 ῥυπαρά
741 3745 1077 3815 ἐνδεδυμένος
1129 3747 1343 3816 ἱμάτια,
1401 3750 1583 3817 κομῶν
1627 3750 1718 3801 16v

156 3843 439 3913 μύστακα,
463 3846 657 3915 ὄνυχας
688 3847 951 3916 μεγάλους
975 3845 1276 3908 ἐπιδεικνὺς
1296 3859 1343 3911 ι,
1368 3847 1543 3900 πάντα
1573 3846 1716 3917 ἅπερ

151 3940 227 4015 ἦν
255 3944 432 4015 λύπης
468 3947 665 4015 σημεῖα
693 3946 790 4014 τῆς
818 3946 1110 4016 γενομένης
1146 3945 1291 4016 αὐτῷ
1329 3945 1415 3998 διὰ
1444 3946 1535 3999 τὸν
1564 3946 1719 3999 πόλε-

157 4060 264 4111 μον
286 4042 379 4095 τὸν
409 4045 549 4096 κατὰ
568 4043 660 4097 τοῦ
682 4044 863 4097 Δαυῖδ.
895 4042 1023 4097 Εἶτα
1048 4045 1075 4097 6
1106 4045 1202 4113 μέν
1228 4044 1429 4113 ήρώτα,
1457 4044 1543 4096 616
1562 4045 1612 4095 τί
1642 4045 1715 4114 μὴ

155 4140 434 4212 ἐπορεύθη
474 4144 591 4212 μετ’
622 4143 799 4196 66106.
846 4144 900 4196 Ὀ
934 4143 988 4196 δέ
1018 4143 1118 4212 ἔφη
1159 4142 1444 4211 ἠξιωκέναι
1470 4142 1559 4194 τὸν
1586 4142 1718 4195 Σιϐἀ

152 4239 254 4291 τὸν
285 4240 501 4309 οἰκέτην
532 4239 694 4294 αὑτοῦ
729 4240 865 4292 ὥστε
899 4240 1209 4292 ἐπιϐιϐάσαι
1256 4239 1415 4291 αὑτὸν
1444 4237 1719 4308 ὑποζυγίῳ

156 4341 285 4404 (καὶ
313 4340 422 4410 γὰρ
451 4335 517 4411 ἦν
543 4341 711 4411 χωλὸς
739 4344 767 4394 6
793 4340 1165 4409 Μεμφιϐαάλ),
1194 4340 1268 4409 μὴ
1304 4339 1631 4408 ἀνασχέσθαι
1661 4339 1717 4390 δέ

154 4439 392 4491 ἐκεῖνον.
429 4440 559 4491 Τότε
597 4439 806 4491 κελεύει
845 4438 1003 4493 αὑτὸν
1032 4440 1122 4491 καὶ
1160 4438 1249 4489 τὸν
1282 4436 1417 4488 Σιϐἀ
1454 4437 1718 4489 διελέσθαι

154 4536 256 4587 τὸν
282 4535 470 4603 ἀγρόν.
525 4536 633 4589 Καὶ
663 4536 753 4589 τὸν
798 4536 1049 4606 Βερζελλὶ
1072 4575 1086 4600 ,
1119 4536 1177 4597 6;
1211 4536 1542 4605 ἐχορήγησεν
1574 4532 1719 4603 αύτῷ

159 4632 343 4685 πολλὰ
371 4630 465 4685 τοῦ
498 4632 730 4703 πολέμου
777 4634 1123 4696 συνεστῶτος,
1167 4632 1225 4684 ὃν
1250 4633 1278 4671 1)
1317 4632 1562 4684 ἐϐούλετο
1600 4632 1717 4702 μεθ’

158 4731 361 4785 ἑαυτοῦ
394 4732 595 4787 λαϐεῖν.
632 4734 691 4785 '0
718 4734 773 4785 δέ
797 4734 1147 4804 παρῃτήσατο
1185 4731 1271 4783 διά
1298 4732 1357 4783 16
1382 4732 1576 4801 γῆρας.
1610 4732 1721 4785 Καὶ

156 4829 429 4900 λαμϐάνει
475 4832 564 4884 τὸν
598 4832 709 4885 υἱὸν
746 4832 907 4885 66106
953 4832 1065 4885 ἀντ’
1100 4829 1283 4884 66106.
1317 4830 1448 4883 Τότε
1480 4829 1719 4899 σχίζεται

157 4926 223 4979 16
280 4928 656 4997 στρατόπεδον,
708 4932 802 4983 καὶ
849 4930 1222 5001 προστίθενται
1271 4928 1348 4998 τῷ
1383 4928 1569 4981 Σαϐεέ.
1611 4929 1721 4980 Καὶ

159 5026 444 5095 ἐκπέμπει
473 5026 634 5081 A6616
665 5028 753 5081 16v
793 5030 1029 5098 ’Δμεσσᾶ
1053 5030 1351 5099 πολεμῆσαι
1380 5026 1527 5100 [551]
1550 5027 1717 5097 αὐτῷ’

160 5128 191 5179 6
216 5126 275 5179 δὲ
319 5126 475 5180 Ἰωάϐ
506 5128 719 5197 ἀναιρεῖ
748 5128 845 5196 μὲν
868 5129 958 5180 τὸν
998 5130 1234 5198 Ἀμεσσᾶ
1263 5127 1415 5198 δόλῳ,
1448 5127 1723 5197 πολιορκεῖ

164 5226 223 5280 δὲ
253 5226 352 5298 τὴν
381 5227 535 5281 πόλιν
562 5227 639 5289 είς
671 5227 736 5295 ἢν
763 5226 1066 5296 κατέφυγεν
1104 5228 1133 5279 6
1168 5226 1355 5282 Σαϐεέ.
1390 5227 1451 5280 Οἱ
1479 5227 1535 5280 δέ
1567 5227 1623 5279 ἐν
1652 5228 1717 5296 τῇ

234 5577 259 5605 ⁸
286 5574 341 5646 in
361 5574 577 5649 egiitione
599 5576 999 5648 Eonymalegilur
1011 5576 1116 5625 οὐδὲ
1132 5577 1412 5638 ὠνυχίσατο,
1436 5576 1542 5624 οὐδὲ
1566 5574 1725 5631 ἐποίη-

168 5651 332 5695 σιίτον
352 5653 568 5695 μυστακα
585 5654 746 5684 αυτου.

232 5694 264 5735 δ
284 5694 378 5745 νον
396 5696 473 5745 hic
495 5709 899 5758 supervacaneum
920 5703 1008 5747 cst.

1203 360 1531 418 SYNOPSIS
1568 356 1979 416 SCRIPTUM
2020 354 2288 410 SACRA‘E.

3252 368 3364 427 348

1809 469 1983 532 πόλει,
2026 467 2281 535 γυναικὸς
2326 466 2821 537 συμϐουλευσάσης,
2866 468 3224 536 ἀποτεμόντες
3269 468 3364 523 106

1809 572 1977 625 Σαϐεέ
2013 570 2108 640 τὴν
2149 569 2405 640 κεφαλὴν,
2454 568 2681 639 ἔρριψαν
2736 570 2843 622 ἀπὸ
2891 570 2985 621 τοῦ
3027 570 3237 639 τείχους
3288 570 3363 640 τῷ

1821 672 1995 734 Ἰωάϐ,
2023 669 2116 723 καὶ
2144 670 2313 732 οὕτως
2350 668 2735 738 ἀπηλλάγησαν
2772 669 2866 721 τοῦ
2913 670 3165 739 πολέμου.
3195 670 3365 740 Λιμὸς

1808 769 2210 839 καταλαμϐάνει
2239 768 2335 838 τὴν
2366 768 2502 836 γῆνο
2534 768 2681 829 λύσις
2710 762 2855 836 δὲῆν
2892 769 2984 820 τοῦ
3013 744 3179 839 ’λιμοῦ
3204 770 3264 823 16
3285 788 3366 822 11-

1809 871 1903 934 νάς
1931 870 2039 922 τῶν
2076 870 2167 923 τοῦ
2198 868 2371 922 Σαοὺλ
2396 867 2674 937 ἐκδοθῆναι
2698 871 2807 931 τοῖς
2833 868 3218 931 Γαϐαωνίταις.
3253 869 3364 922 Καὶ

1806 971 1896 1023 τὸν
1925 970 2254 1037 Μεμφιϐαάλ
2288 971 2645 1037 περιποιεῖται
2687 969 2714 1020 6
2742 967 2922 1030 A6616,
2964 967 3050 1019 616
3076 967 3169 1020 106
3200 968 3362 1038 ὅρκου

1806 1070 1900 1123 τοῦ
1932 1072 2065 1140 πρὸς
2103 1072 2374 1125 ’1ωνάθαν.
2393 1069 2665 1122 Ἐκδίδωσι
2689 1067 2745 1119 δέ
2764 1068 2888 1129 τοὺς
2911 1068 3005 1119 τοῦ
3029 1068 3196 1121 Σαοὺλ
3216 1068 3363 1131 υίοὺς

1808 1171 1901 1223 καὶ
1933 1170 2205 1237 ἐκγόνους,
2248 1170 2338 1222 καὶ
2366 1170 2556 1221 θάπτει
2596 1167 2683 1219 τὸν
2708 1167 2876 1221 Σαοὺλ
2919 1167 3012 1219 καὶ
3043 1168 3137 1219 τὸν
3181 1168 3361 1221 Ἰωνά-

1808 1268 1906 1321 θαν
1945 1270 2001 1321 ἐν
2046 1269 2123 1336 τῷ
2164 1269 2315 1337 τάφῳ
2365 1268 2514 1330 Κείς.
2562 1268 2804 1320 Γίνονται
2841 1267 3071 1320 ἐνταῦθα
3116 1268 3358 1338 πόλεμοι.

1808 1367 1912 1419 Καὶ
1928 1367 2189 1420 κωλύουσι
2215 1368 2304 1418 τὸν
2332 1367 2491 1419 A6616
2516 1367 2767 1431 ἐξελθεῖν,
2789 1368 2993 1437 μήποτε
3022 1368 3360 1439 κινδυνεύσῃρ

1806 1463 1939 1516 Τότε
1987 1464 2131 1531 λέγει
2166 1464 2255 1515 16v
2288 1464 2742 1517 ἑπτακαιδέκατον
2784 1464 3012 1535 ψαλμόν.
3060 1466 3362 1533 Καταλέγει

1805 1564 1903 1628 τὰς
1935 1565 2208 1634 ἀριστείας
2240 1564 2332 1616 καὶ
2357 1564 2423 1617 16
2454 1565 2756 1636 ἀνδραγαθή
2768 1584 2910 1636 ματα
2951 1566 3059 1620 τῶν
3088 1567 3365 1639 ἀρχόντων

1804 1663 1897 1715 τοῦ
1935 1663 2114 1716 A6616.
2150 1663 2436 1717 Κελεύεται
2481 1664 2633 1717 Ἰωάϐ
2655 1666 2951 1735 ἀριθμῆσαι
2976 1667 3065 1719 τὸν
3091 1666 3235 1732 λαὸν,
3270 1668 3363 1719 καὶ

1806 1761 2055 1830 ἀριθμεῖ·
2106 1763 2197 1813 καὶ
2241 1758 2307 1831 ἦν
2349 1762 2561 1832 Ἰσραὴλ
2607 1764 2909 1817 ἐννακόσιαι
2967 1766 3218 1834 χιλιάδες,
3268 1769 3364 1820 καὶ

1818 1862 1985 1916 Ἰούδα
2010 1864 2352 1933 τετρακόσιαι
2382 1865 2633 1934 χιλιάδες,
2648 1866 2843 1930 πάντες
2864 1867 3198 1937 πολεμισταί.
3219 1870 3352 1923 Τότε

1806 1960 2022 2031 ἔρχεται
2052 1960 2157 2013 Γάδ
2198 1964 2225 2014 6
2267 1965 2566 2034 προφήτης,
2601 1965 2807 2033 αἵρεσιν
2834 1964 2978 2035 αὐτῷ
3004 1966 3173 2029 διδοὺς
3195 1969 3364 2038 τριῶν

1805 2061 2104 2130 τιμωριῶν,
2136 2062 2202 2130 ἢν
2231 2061 2468 2130 βούλοιτο
2504 2063 2818 2133 ὑποστῆναι,
2854 2066 2886 2135 ἥ
2916 2066 3038 2135 τρία
3067 2067 3158 2139 ἔτη
3186 2068 3359 2139 λιμὸν,

1807 2158 1839 2228 ἦ
1869 2163 2016 2228 τρεῖς
2050 2159 2258 2230 ὴμέρας
2289 2162 2477 2228 φυγεῖν
2502 2162 2861 2232 ἐπικειμένων
2890 2165 3118 2235 ἐχθρῶν,
3151 2167 3183 2237 ἢ
3216 2170 3365 2238 τρεῖς

1806 2255 2016 2326 ἡμέρας
2048 2255 2291 2309 θάνατον.
2332 2259 2387 2310 '0
2411 2258 2466 2309 δέ
2490 2258 2588 2321 16;
2611 2263 2756 2330 τρεῖς
2786 2262 2997 2333 ἡμέρας
3017 2264 3110 2317 τοῦ
3136 2265 3363 2319 θανάτου

1808 2356 1998 2419 εἵλετο,
2028 2358 2119 2408 καὶ
2155 2357 2420 2411 ἀπέθανον
2446 2360 2552 2412 ἀπὸ
2582 2361 2725 2430 πρωῒ
2752 2362 2854 2425 ἐως
2884 2364 3102 2433 ἀρίστου
3138 2366 3364 2437 ἐϐδομή-

1808 2472 1969 2512 κοντα
2000 2461 2248 2529 χιλιάδες.
2286 2460 2418 2511 Τότε
2442 2458 2586 2525 λέγει
2612 2459 2773 2510 Δαυῖδ
2794 2474 2806 2486 ·
2849 2460 2993 2513 Ἰδοὺ
3024 2461 3135 2529 ἐγὼ
3177 2464 3363 2532 ἦμαρ-

1807 2572 1931 2618 τον,
1960 2558 2053 2608 καὶ
2079 2557 2188 2625 ἐγὼ
2209 2561 2240 2610 ό
2265 2557 2485 2624 ποιμὴν
2506 2555 2930 2624 ἐκακοποίησα,
2974 2560 3066 2613 καὶ
3093 2557 3255 2617 οὗτοι
3293 2564 3366 2617 τὸ

1807 2654 2081 2721 ποίμνιον
2115 2656 2168 2706 τί
2198 2655 2491 2721 ἐποίησαν
2509 2672 2528 2718 ;
2566 2657 2840 2711 Γενέσθω
2875 2658 2911 2724 7)
2964 2659 3089 2726 χεὶρ
3115 2661 3182 2713 ἐν
3212 2662 3362 2729 ἐμοὶ,

1808 2754 1905 2806 καὶ
1938 2754 2006 2806 ἐν
2044 2753 2123 2818 τῷ
2149 2755 2290 2817 οἴκῳ
2319 2754 2422 2807 τοῦ
2458 2756 2679 2822 πατρός
2707 2773 2845 2822 μου.
2885 2757 3187 2812 Ἐπαύσατο
3215 2763 3247 2830 ἡ
3284 2778 3363 2814 τι-

1814 2854 2010 2927 μωρία.
2042 2854 2150 2906 Καὶ
2182 2854 2457 2907 ,ςελεύεται
2502 2855 2529 2906 ὁ
2554 2854 2714 2907 Δαυῒδ
2747 2854 2905 2909 θῦσαι
2942 2856 3003 2927 [ί.
3033 2858 3248 2931 στῆσαι]
3276 2860 3367 2913 06-

1812 2954 2120 3023 σιαστήριον
2180 2956 2235 3005 ἐν
2282 2956 2347 3023 τῇ
2392 2954 2502 3022 ἀλῳ
2566 2954 2814 3023 Ὀρνίαο,
2878 2956 2972 3008 καὶ
3022 2957 3215 3010 θῦσαι·
3273 2962 3366 3015 καὶ

1810 3051 2063 3120 ἐποίησεν
2094 3051 2283 3114 οὕτως.
2326 3053 2536 3122 Ὀρνίας
2562 3053 2675 3115 υίὸς
2700 3053 2860 3106 A6616
2889 3056 3040 3126 ἐστιᾷ
3081 3060 3203 3121 τοὺς
3240 3063 3367 3131 περὶ

1822 3150 1976 3203 Ἰωάϐ
2020 3150 2112 3203 καὶ
2151 3150 2443 3220 Ἀϐιάθαρ,
2487 3150 2561 3211 ὡς
2603 3151 2952 3220 βασιλεύσων.
2986 3156 3299 3227 Εἰσέρχεται
3332 3163 3365 3230 ή

1811 3248 2088 3319 Βηρσαϐεέ
2118 3248 2260 3302 κατά
2287 3249 2590 3319 συμϐουλὴν
2622 3249 2804 3305 Νάθαν
2832 3251 2925 3304 106
2948 3256 3243 3325 προφήτου,
3272 3259 3367 3312 καὶ

1812 3347 2139 3415 ἀπαγγέλλει
2177 3346 2254 3418 τῷ
2287 3348 2448 3401 Δαυίδ
2468 3364 2481 3378 ⁶
2536 3350 2736 3419 μεταξὺ
2760 3351 2816 3404 δέ
2850 3347 3111 3425 λαλούσης
3154 3358 3366 3428 ἐκείνης

1812 3448 2024 3518 εἰσῆλθε
2065 3448 2157 3501 καὶ
2198 3451 2226 3501 6
2259 3449 2464 3508 Νάθαν.
2504 3451 3005 3517 κατασκευάσαντες
3030 3453 3057 3493 ά
3095 3454 3233 3508 ὥστε
3276 3458 3357 3526 βαι

1815 3547 2052 3601 σιλεῦσαι
2101 3548 2191 3600 τὸν
2217 3548 2521 3617 Σολομῶνα.
2568 3549 2815 3618 Ἐξῆλθον
2842 3552 3252 3617 ἐπιϐιϐάσαντες
3277 3558 3367 3609 τὸν

1813 3646 2097 3716 Σολομῶνα
2124 3648 2189 3715 τῇ
2223 3647 2427 3717 ἡμιόνῳ
2474 3650 2539 3718 τῇ
2573 3647 2842 3719 βασιλικῇ.
2873 3650 3003 3703 Τότε
3033 3654 3061 3704 6
3088 3656 3369 3725 προφήτης

1812 3745 1997 3797 Νάθαν
2027 3746 2116 3796 καὶ
2142 3746 2169 3796 6
2200 3746 2373 3813 ἱερεὺς
2404 3745 2638 3798 Σαδδοὺκ
2683 3747 2919 3816 ἀπῆλθον
2967 3751 3044 3812 είς
3084 3751 3181 3820 τήν
3209 3753 3366 3820 Γιὼν,

1814 3844 1906 3895 καὶ
1930 3843 2149 3913 ἔχρισαν
2165 3844 2323 3895 αὑτὸν
2344 3847 2435 3897 καὶ
2460 3841 2609 3898 εἷπον
2628 3862 2642 3878 ο
2674 3845 2756 3913 Ζή
2766 3865 2842 3899 τω
2863 3852 2896 3902 ὀ
2910 3850 3225 3915 βασιλεύς.
3260 3854 3368 3906 Ἐλ-

1814 3940 1919 3995 θὼν
1965 3943 1994 3993 6
2036 3943 2147 4004 υίὸς
2202 3942 2452 3995 Ἰωνάθαν
2502 3945 2798 4013 ἀπήγγειλε
2837 3946 2913 4017 τῷ
2969 3947 3150 4019 Ὀρνία
3199 3951 3369 4006 ταῦτα

1814 4040 2143 4109 ἐστιωμένῳ.
2187 4041 2297 4092 Καὶ
2345 4041 2393 4091 οἱ
2423 4040 2519 4109 μέν
2562 4040 2707 4093 ἄλλοι
2742 4041 2957 4111 ἔφυγον,
2984 4047 3022 4097 -ὁ
3065 4046 3120 4099 δέ
3157 4048 3372 4116 ὐρνίας

1814 4141 2115 4209 κατέφυγεν
2161 4143 2241 4203 εἰς
2294 4141 2353 4193 16
2398 4143 2796 4212 θυσιαστήριον,
2840 4144 3087 4211 δεδοικὼς
3137 4150 3227 4202 τὸν
3274 4153 3369 4204 Σο-

1814 4241 2051 4312 λομῶνα.
2085 4239 2217 4291 Τότε
2247 4238 2427 4306 ἐξάγει
2457 4240 2615 4293 αὑτὸν
2641 4242 2866 4307 ἐκεῖθεν,
2895 4246 2987 4298 καὶ
3015 4247 3181 4300 ἐλθὼν
3206 4267 3368 4318 προσ-

1816 4342 2044 4412 εκύνησε
2070 4339 2146 4408 τῷ
2178 4338 2399 4408 βασιλεῖ.
2430 4340 2652 4393 Μέλλων
2682 4342 2932 4412 τελευτᾷν
2962 4346 2988 4396 6
3013 4346 3192 4410 A6616,
3224 4365 3364 4418 παρ-

1814 4444 1952 4494 αινεῖ
1983 4439 2059 4509 τῷ
2094 4439 2395 4508 Σολομῶντι
2418 4480 2432 4504 ,
2482 4440 2619 4492 ὥστε
2653 4440 2935 4507 φυλάττειν
2964 4443 3055 4495 106
3103 4445 3234 4497 8506
3276 4448 3366 4501 τὸν

1814 4541 2003 4610 νόμονο
2038 4538 2178 4591 οὕτω
2204 4539 2309 4607 γάρ
2352 4537 2629 4600 τεύξεσθαι
2672 4538 2819 4607 αὐτῷ
2863 4540 2972 4593 τῶν
3026 4543 3369 4614 ἐπαγγελιῶν

1813 4643 1920 4695 τῶν
1945 4640 2360 4711 ἐπηγγελμένων
2388 4638 2553 4708 αὐτῷ.
2577 4641 2950 4709 Παραγγέλλει
2971 4661 3029 4696 τε
3060 4647 3186 4716 περὶ
3210 4648 3365 4701 Ἰωάϐ

1814 4743 1907 4795 καὶ
1929 4740 2136 4808 Σεμεεὶ,
2164 4738 2302 4790 ὥστε
2321 4738 2694 4808 τιμωρηθῆναι
2710 4739 2857 4811 [5521
2885 4743 3099 4807 αὐτοὺς,
3126 4746 3217 4798 καὶ
3239 4750 3365 4818 περὶ

1813 4840 1920 4893 τῶν
1947 4838 2077 4889 υἱῶν
2110 4837 2362 4907 Βερζελλὶ
2384 4878 2399 4903 ,
2445 4837 2583 4889 ὥστε
2629 4840 2824 4903 66106;
2859 4843 3021 4912 τιμῆς
3062 4846 3366 4916 τυγχάνειν,

1877 5090 1899 5118 ο
1935 5084 2074 5147 Ὀρνά
2098 5085 2349 5148 legitu_r_in
2388 5085 2508 5133 edit.
2537 5084 2762 5148 Romana.
2795 5083 2980 5148 Ibidem
3004 5088 3082 5134 καὶ
3109 5086 3263 5148 θῦσαι,
3287 5089 3366 5137 καὶ

1817 5146 2035 5215 ἐποίησεν
2057 5146 2219 5215 οὑτως.
2247 5146 2352 5215 Hoc
2374 5158 2517 5215 poi-ro
2538 5147 2737 5215 ﬁesin'it
2764 5146 3292 5215 cogex_Lugggrieqsis,
3314 5152 3365 5215 in

1815 5221 1912 5267 quo
1938 5207 2059 5267 liber
2087 5208 2277 5267 tertius,
2294 5205 2465 5267 incipit
2488 5225 2498 5252 :
2536 5205 2760 5267 Ἂὸωνίας
2790 5208 2887 5259 υἱὸς
2913 5205 3055 5267 Δαυίδ
3078 5209 3244 5255 ἑστιῶν
3260 5205 3367 5262 τοὺς

1815 5265 1920 5329 περὶ
1954 5266 2112 5325 Ἰωάϐ,
2141 5273 2235 5315 etc.
2267 5266 2370 5315 Mox
2398 5265 2598 5327 "Opvia;
2619 5266 2717 5320 υἱὸς
2757 5267 2922 5325 Δαυίδ,
2947 5266 3014 5315 sic
3054 5268 3240 5316 Coislin.
3266 5270 3364 5315 An-

1818 5337 2087 5396 tiquissima
2142 5333 2290 5382 lectio
2332 5338 2412 5396 est
2465 5333 2662 5396 Ὀρνίας.
2719 5334 2959 5396 Hehraice
3006 5337 3179 5385 num
3246 5333 3367 5384 LXX

1818 5395 2047 5445 editionis
2074 5396 2299 5443 Romanae
2331 5395 2667 5456 'A616v16;,sed
2691 5396 2837 5456 lectio
2868 5395 3047 5456 Ὀρνίας
3070 5399 3114 5444 in
3138 5398 3370 5443 vetustis-

1818 5458 1953 5506 simis
1986 5457 2347 5515 exemplaribus
2362 5455 2594 5516 habetur,
2618 5460 2667 5499 et
2683 5456 2755 5516 sic
2776 5455 2898 5516 legit
2921 5455 3271 5516 'l‘heodoretus.

1881 5516 1907 5554 d
1928 5517 2010 5563 Sic
2034 5514 2254 5575 Lugdun.
2282 5515 2457 5571 codex,
2496 5514 2818 5564 Coislinianus
2833 5514 2957 5563 'vero
2982 5514 3369 5563 κατασκοτάσαν-

1819 5593 1908 5631 τες.
1957 5576 2044 5622 Hic
2090 5578 2223 5623 locus
2272 5589 2365 5623 non
2406 5580 2541 5635 vacat
2583 5576 2857 5635 suspicione
2898 5575 3077 5623 mendi.
3121 5576 3227 5635 Ipsa
3277 5586 3369 5623 vox

1824 5636 2264 5699 X6160x_61606v15;
2292 5637 2463 5685 Iexicis
2486 5634 2649 5699 ignota
2673 5634 2765 5695 est,
2790 5635 2877 5685 sed
2899 5637 3072 5686 multas
3098 5634 3371 5699 huiusmodi

1822 5698 1969 5746 habet
1991 5694 2369 5756 Chrysostomus.
