4000 6220
672 477 766 528 καὶ
808 476 902 543 τῆς
945 475 1219 544 τραπέζης
1261 472 1551 524 ἀπολαύειν
1605 471 1703 538 τῆς
1759 469 2054 538 βασιλικῆς.
2097 467 2205 520 Καὶ

671 560 992 629 ἀποθνήσκει
1018 558 1415 627 τεσσαράκοντα
1449 557 1542 625 ἐτη
1574 555 1912 623 βασιλεύσας.

1220 641 1551 694 Βασιλειῶν
1586 646 1654 708 γ’.

753 731 983 797 Ἀναιρεῖ
1012 729 1100 778 τὸν
1140 729 1352 796 ὐρνίαν
1384 727 1412 775 6
1439 725 1706 792 Σολομῶν,
1739 725 1817 775 ὅτι
1845 723 1942 792 τὴν
1981 721 2206 774 ’Λδισάκ

667 817 856 884 ᾔτησε,
900 818 992 866 καὶ
1039 815 1126 865 τὸν
1168 814 1422 881 Ἀϐιάθαρ
1475 811 1692 874 ἐξέϐαλε
1740 811 1834 878 τῆς
1891 812 2201 877 ἱερωσύνης.

669 901 776 950 Καὶ
799 898 1080 968 ἐπληρώθη
1109 899 1302 968 ήκατά
1345 898 1435 949 τοῦ
1478 897 1622 947 Ἠλεὶ
1650 893 1872 962 ἀπειλή·
1911 895 1968 958 ἐξ
2000 894 2204 945 ἐκείνου

668 984 775 1055 γὰρ
813 983 1014 1049 κατῆγε
1047 984 1105 1033 :6
1128 983 1295 1048 γένος.
1344 983 1536 1034 Ἀνεῑλε
1568 981 1623 1032 δέ
1649 985 1740 1032 καὶ
1768 979 1858 1030 τὸν
1898 978 2050 1032 Ίωάϐ
2071 997 2086 1010 ·
2115 981 2205 1030 τὸν

667 1069 723 1123 65
767 1069 992 1121 Σαδδοὺκ
1020 1068 1109 1119 τὸν
1143 1069 1287 1136 ἱερέα
1322 1069 1439 1120 ἀντὶ
1466 1066 1556 1118 τοῦ
1597 1067 1852 1134 Ἀϐιάθαρ
1879 1066 2204 1132 κατέστησεν

671 1156 836 1223 ἱερέα.
862 1153 1050 1204 Δίδωσι
1079 1152 1135 1204 65
1171 1153 1198 1203 6
1237 1151 1482 1219 Σολομῶν
1521 1150 1841 1219 πρόσταγμα
1879 1150 1956 1218 τῷ
1991 1148 2202 1217 Σεμεεί,

670 1239 808 1290 ὥστε
841 1239 898 1289 ἐν
934 1241 1000 1306 τῇ
1031 1237 1178 1290 πόλει
1219 1237 1396 1306 μένειν
1427 1235 1594 1286 διόλου
1617 1253 1628 1268 ο
1657 1237 1704 1286 εί
1732 1235 1786 1286 δέ
1816 1252 1940 1288 ποτε
1982 1234 2201 1300 ἐξέλθοι,

667 1323 767 1374 οὐκ
797 1321 1097 1391 ἀτιμωρητὶ
1139 1322 1293 1372 τοῦτο
1338 1322 1598 1386 ποιήσειν,
1643 1320 1778 1373 ἀλλὰ
1819 1320 2040 1373 θανάτου
2073 1321 2202 1372 ὑπο-

672 1409 961 1478 στήσεσθαι
984 1407 1201 1476 ζημίαν.
1243 1407 1534 1458 Ἀπώλοντο
1561 1407 1705 1475 αύτῴ
1728 1407 1932 1458 δοῦλοι·
1955 1408 1982 1457 6
2013 1405 2066 1458 δέ
2096 1408 2205 1456 ἐπι·

675 1494 961 1562 λαθόμενος
1015 1492 1107 1544 τοῦ
1145 1493 1573 1562 προστάγματος,
1603 1492 1786 1560 ἐξῆλθε
1818 1491 2085 1561 ζητήσειν,
2113 1491 2203 1544 καὶ

673 1579 855 1649 μαθὼν
895 1579 924 1630 6
975 1577 1216 1646 Σολομῶν
1254 1578 1454 1628 ἀνεῖλεν
1501 1578 1675 1628 αὐτόν.
1720 1577 1848 1646 H591
1882 1578 1978 1644 τῆς
2017 1577 2202 1644 σοφίας

670 1665 1004 1733 Σολομῶντος
1046 1663 1286 1731 διήγησις
1307 1701 1320 1724 ,
1345 1664 1469 1733 περὶ
1498 1663 1591 1731 τῆς
1624 1665 1838 1732 εἰρήνης
1869 1663 1962 1732 τῆς
1996 1663 2080 1715 ἐπ’
2102 1663 2200 1714 αὐ-

668 1750 783 1812 τοῦ,
808 1751 932 1818 περὶ
959 1753 1052 1817 τῆς
1079 1749 1417 1809 πολυτελείας
1443 1750 1536 1815 τῆς
1574 1748 1666 1800 τοῦ
1701 1750 1936 1817 ἀρίστου,
1962 1749 2053 1800 καὶ
2078 1749 2203 1818 1:591

669 1837 924 1906 ἁρμάτων
943 1875 956 1896 ,
989 1838 1109 1906 1:591
1136 1836 1239 1888 τῶν
1270 1837 1446 1887 ἵππων
1465 1876 1479 1899 ,
1532 1837 1656 1904 1:591
1695 1836 1890 1897 παντὸς
1927 1836 2016 1887 τοῦ
2046 1836 2201 1888 πλού-

669 1939 784 1974 του.
823 1923 968 1972 Λίτεῖ
1016 1921 1258 1989 Σολομῶν
1298 1921 1483 1986 σοφίαν
1529 1919 1676 1989 παρά
1724 1919 1814 1972 τοῦ
1864 1919 2014 1974 Θεοῦ.
2073 1921 2200 1973 Τότε

671 2009 839 2076 κρίνει
884 2011 1000 2066 ταῖς
1026 2007 1235 2072 γυναιξὶ
1278 2008 1394 2066 ταῖς
1429 2007 1562 2073 ὑπὲρ
1589 2005 1677 2057 τοῦ
1726 2007 1933 2059 παιδίου
1980 2008 2202 2076 προσελ-

668 2093 888 2155 θούσαις
916 2093 1078 2161 αὐτῷ.
1119 2092 1282 2144 Πάλιν
1328 2092 1452 2161 1:591
1500 2092 1597 2160 τῆς
1646 2092 1832 2160 σοφίας
1866 2093 2200 2162 Σολομῶντος

669 2181 840 2247 λόγος,
881 2183 1006 2250 περὶ
1052 2185 1148 2250 τῆς
1200 2181 1537 2242 πολυτελείας
1568 2182 1664 2249 τῆς
1700 2182 1970 2250 τραπέζης
2003 2183 2162 2236 αὐτοῦ
2185 2222 2200 2246 ,

671 2267 762 2318 καὶ
783 2266 922 2326 τίνες
943 2265 1304 2333 ἐλειτούργουν
1328 2265 1522 2332 ταύτην
1553 2266 1700 2333 αὐτῷ
1731 2267 1826 2335 τὴν
1847 2268 2196 2337 λειτουργίαν.

682 2352 1010 2404 ’Λποστέλλει
1051 2353 1183 2421 πρὸς
1223 2354 1434 2422 Χειράμ
1471 2353 1559 2404 τὸν
1603 2353 1820 2421 βασιλέα
1855 2353 2050 2421 Τύρου,
2077 2357 2202 2415 τοὺς

668 2437 984 2507 δρυοτόμους
1016 2437 1176 2489 αἰτῶν
1220 2438 1308 2488 51:1
1361 2437 1553 2507 μισθῷ·
1607 2438 1635 2489 6
1666 2438 1726 2507 δὴ
1777 2439 2059 2508 παρέσχεν.
2098 2441 2203 2490 Ἐν-

668 2517 836 2569 ταῦθα
869 2519 1101 2584 ἔγκειται
1125 2519 1227 2569 τῶν
1256 2519 1627 2587 ἐργαζομένων
1648 2520 1675 2571 6
1712 2520 1955 2588 ἀριθμὸς,
1985 2520 2076 2571 καὶ
2104 2520 2200 2588 τῆς

669 2599 1072 2666 ἐτοιμασθείσης
1100 2601 1176 2660 είς
1200 2601 1288 2650 τὸν
1316 2601 1436 2654 ναὸν
1483 2600 1608 2668 ῦλης
1638 2600 1696 2651 :6
1738 2601 1954 2666 πλῆθος.
1992 2597 2118 2653 Εἶτα
2169 2603 2199 2669 ή

667 2679 915 2747 οἰκοδομὴ
960 2680 1050 2731 τοῦ
1106 2680 1248 2732 ναοῦ.
1285 2680 1510 2748 Εῦχεται
1559 2684 1585 2733 6
1610 2681 1852 2750 Σολομῶν
1882 2683 1936 2732 ἐν
1961 2682 2035 2750 τῷ
2069 2682 2196 2749 ναῷ,

669 2761 760 2809 καὶ
792 2760 926 2821 θύει,
973 2763 1062 2812 καὶ
1109 2762 1400 2826 έγκαινίζει
1445 2763 1534 2814 τὸν
1577 2758 1738 2815 οἷκον.
1790 2763 2200 2830 Ἐπαγγέλλεται

667 2841 844 2906 ἀγαθά
888 2841 1030 2908 αύτῴ
1060 2843 1086 2891 6
1135 2841 1281 2904 Θεὸς,
1313 2843 1404 2893 ἐὰν
1450 2843 1654 2912 φυλάξῃ
1704 2844 1768 2894 τά
1815 2845 2201 2912 προστάγματα.

669 2923 848 2984 αὐτοῦ,
882 2923 969 2974 καὶ
995 2923 1198 2973 ἀπειλεῖ
1217 2923 1487 2986 τάναντία,
1525 2923 1614 2974 ἐὰν
1645 2925 1880 2993 παραϐῇ.
1899 2920 2001 2975 Ἦν
2029 2925 2083 2975 65
2107 2924 2200 2975 αύ-

667 3004 744 3070 τῷ
760 3003 885 3064 ναῦς
920 3003 1130 3070 χρυσίον
1175 3001 1428 3071 φέρουσα.
1472 3003 1549 3054 Τά
1602 3004 1739 3055 κατά
1766 3005 1860 3072 τὴν
1893 3004 2200 3072 βασίλισσαν

675 3086 864 3144 Νότου,
893 3085 986 3152 τὴν
1018 3083 1270 3136 ἐλθοῦσαν
1307 3085 1528 3136 ἀκοῦσαι
1554 3085 1652 3152 τῆς
1688 3087 1872 3152 σοφίας
1913 3086 2092 3139 αὑτοῦ.
2122 3087 2200 3139 Τά

668 3166 804 3218 κατά
851 3167 934 3215 τὸν
987 3165 1205 3216 πλοῦτον
1258 3164 1417 3215 αὑτοῦ
1463 3165 1553 3216 τὸν
1589 3165 1775 3234 μέγαν,
1823 3168 1888 3218 τὰ
1932 3169 2056 3236 περὶ
2095 3167 2200 3220 τῶν

667 3246 842 3297 ὃπλων
896 3246 999 3298 τῶν
1056 3245 1268 3314 χρυσῶν
1308 3239 1380 3298 ὧν
1425 3245 1661 3314 ἐποίησε,
1699 3247 1766 3298 τά
1808 3249 1933 3317 1:591
1977 3249 2074 3316 τῆς
2117 3248 2202 3316 βαρ

668 3327 863 3388 σιλείας
895 3327 1075 3387 αὑτοῦ,
1113 3330 1269 3379 πόθεν
1291 3328 1380 3380 καὶ
1407 3329 1562 3396 μέχρι
1594 3328 1692 3379 ποῦ
1725 3334 2052 3398 παρέτεινεν.
2088 3332 2200 3382 Ἑν-

667 3407 851 3457 τεῦθεν
885 3409 1123 3475 περὶτῆς
1150 3409 1580 3474 είδωλολατρείας
1601 3409 1780 3466 αὑτοῦ.
1802 3411 1889 3459 καὶ
1919 3411 2012 3476 τῆς
2038 3426 2199 3477 προσ-

669 3493 933 3554 κρούσεως
968 3485 1031 3554 ἧς
1060 3490 1419 3556 προσέκρουσε
1465 3490 1539 3555 τῷ
1571 3489 1703 3556 Θεῷ.
1752 3490 2021 3541 Ἐντεῦθεν
2045 3491 2196 3541 ἀπει-

665 3569 730 3635 λὴ
748 3569 877 3636 1:96;
908 3569 1084 3627 αύτὸν,
1111 3571 1312 3636 καὶτῆς
1346 3570 1612 3636 βασιλείας
1639 3572 1953 3639 παράλυσις,
1983 3574 2196 3640 εἰρήνης

665 3648 983 3716 ἀφανισμός.
1032 3650 1410 3702 Ἐπανίσταται
1450 3651 1555 3720 γὰρ
1607 3651 1751 3719 αύτῴ
1795 3653 1942 3720 Ἀδὲρ
1971 3655 1997 3703 6
2045 3653 2197 3704 Ἰδουο

670 3731 843 3793 μαῖος,
877 3729 965 3779 καὶ
990 3730 1016 3779 6
1055 3729 1314 3798 Ἐσδρώμ.
1355 3732 1725 3783 Ίῗπανίσταται
1750 3733 1891 3800 αύτῷ
1915 3733 2003 3783 καὶ
2033 3735 2058 3785 6
2079 3732 2198 3784 δοῦ-

668 3807 754 3868 λος
782 3809 940 3859 αὑτοῦ
979 3809 1270 3878 Ίεροϐοὰμ.
1314 3813 1564 3878 Ἔρχεται
1618 3813 1748 3880 1:96;
1795 3814 1882 3862 τὸν
1928 3813 2201 3881 Ἱεροϐοάμ

681 3889 830 3956 ’Λχιᾶ
863 3893 888 3941 6
919 3892 1213 3958 προφήτης,
1250 3893 1340 3942 καὶ
1360 3893 1564 3943 δίδωσιν
1598 3893 1741 3962 αὐτῷ
1767 3895 2045 3963 διαρρῆξαι
2076 3896 2198 3963 ἱμά-

666 3989 777 4022 τιον
808 3973 1116 4039 τελαμῶνας
1158 3983 1182 4010 α
1226 3974 1372 4034 δέκα,
1425 3975 1742 4043 προμηνύων
1777 3976 1941 4044 αὐτῷ,
1973 3979 2052 4028 ὅτι
2078 3978 2199 4028 καθ-

669 4053 776 4112 έξει
803 4053 868 4102 τά
899 4053 1025 4104 δέκα
1080 4054 1344 4122 σκῆπτρα.
1389 4055 1468 4114 Ὠ,
1499 4056 1552 4104 6'5
1591 4056 1774 4124 ἤθελεν
1814 4057 1970 4108 αὑτὸν
1999 4059 2200 4109 ἀνελεῖν

667 4135 696 4182 ὁ
729 4133 988 4200 Σολομῶν,
1031 4134 1224 4200 ἔφυγεν
1276 4138 1353 4195 είς
1407 4137 1692 4201 Αἴγυπτον.
1757 4138 2079 4206 Ἐπανῆλθεν
2105 4142 2198 4191 ἀπ’

670 4212 939 4276 Αἰγύπτου
982 4214 1271 4282 Ἱεροϐοάμ,
1319 4216 1674 4278 ἀποθανόντος
1726 4220 2078 4286 Σολομῶντος.
2144 4221 2199 4272 ’0

672 4293 724 4343 65
741 4293 860 4354 λαὸς
889 4294 1189 4360 προσελθὼν
1210 4295 1281 4362 τῷ
1310 4297 1534 4362 Ῥοεοὰμ
1566 4299 1662 4365 υίῴ
1688 4299 2034 4367 Σολομῶντος.
2052 4299 2197 4368 ἠξίου

673 4375 1026 4443 ἐλαφροτέραν
1052 4377 1227 4436 αὐτοῖς
1259 4378 1498 4442 γενέσθαι
1534 4380 1628 4445 τὴν
1653 4380 1821 4447 ἀρχὴν
1855 4380 1950 4447 τῆς
1975 4381 2064 4431 τοῦ
2102 4383 2196 4432 Σο-

669 4455 951 4521 λομῶντος.
996 4457 1050 4506 ὐ
1073 4457 1126 4508 65
1167 4458 1267 4508 61:6
1293 4458 1398 4507 τῶν
1429 4460 1732 4526 συντρόφων
1779 4461 1938 4512 αὑτοῦ
1972 4462 2102 4513 νέων
2123 4481 2198 4514 τι·-

667 4536 770 4587 νῶν
813 4536 1168 4597 ἀναπεισθεὶς,
1224 4539 1478 4606 ἠπείλησε
1535 4540 1625 4591 καὶ
1673 4541 1968 4608 βαρυτέραν
2021 4545 2198 4605 αὐτοῖς

667 4618 920 4683 ποιήσειν.
975 4617 1156 4668 Ἔνθεν
1191 4619 1588 4685 ἀπεσχίσθησαν
1620 4621 1675 4672 αἱ
1720 4621 1848 4671 δέκα
1876 4622 2053 4690 φυλαὶ,
2109 4627 2199 4674 καὶ

664 4697 1006 4750 ἐϐασίλευσαν
1038 4700 1116 4764 ἐφ’
1161 4700 1362 4749 ἑαυτῶν
1406 4700 1491 4749 τὸν
1539 4699 1829 4767 Ἰεροϐοάμ.
1870 4705 1972 4752 Καὶ
2023 4704 2198 4770 βουλό-

667 4795 822 4849 μενον
869 4779 1279 4847 ἐπιστρατεῦσαι
1311 4779 1452 4847 αύτῷ
1494 4780 1581 4829 τὸν
1621 4781 1848 4848 Ῥοϐοαμ
1884 4784 2144 4836 ἐκώλυσεν
2172 4788 2198 4837 6

662 4860 810 4920 Θεός.
844 4861 925 4921 Ὠς
952 4861 1004 4911 65
1031 4859 1177 4928 [555]
1203 4860 1516 4929 ήρῤιῦστησε
1561 4862 1618 4912 :6
1663 4863 1865 4912 παιδίον
1901 4865 2192 4932 Ἰεροϐοάμ,

661 4940 863 5005 πέμπει
893 4941 986 5008 τὴν
1007 4943 1233 5006 γυναῖκα
1263 4941 1423 4991 αὑτοῦ
1466 4941 1596 5008 1:96;
1635 4943 1784 5009 ’Λχιὰ
1803 4945 1888 4994 τὸν
1918 4948 2195 5013 προφήτην

663 5019 992 5086 πευσομένην
1028 5021 1151 5089 περὶ
1177 5024 1271 5088 τῆς
1313 5023 1484 5072 νόσου.
1530 5024 1586 5072 '0
1616 5023 1669 5073 65
1701 5021 1868 5086 εἶπεν,
1892 5026 1970 5075 6::
1994 5025 2194 5076 ἀποθα-

660 5103 846 5160 νεῖται,
908 5100 1000 5150 καὶ
1043 5102 1322 5155 ἀπέθανεν.
1369 5103 1575 5172 ⁶Ἰστήσι
1629 5105 1884 5174 δαμάλεις
1930 5110 2133 5176 χρυσᾶς
2169 5111 2195 5160 6

671 5180 964 5248 '159060519,
1003 5181 1128 5249 μίαν
1159 5183 1214 5230 ἐν
1249 5183 1462 5252 Βαιθὴλ,
1500 5186 1587 5234 καὶ
1616 5187 1741 5252 μίαν
1773 5189 1828 5238 ἐν
1849 5189 1972 5251 Δάν,
2015 5190 2099 5240 ἵνα
2122 5190 2194 5257 μὴ

659 5264 1010 5315 ἀναϐαίνωσιν
1037 5263 1113 5322 είς
1151 5262 1491 5332 Ἰερουσαλήμ
1535 5270 1561 5318 6
1590 5267 1732 5330 λαός.
1766 5270 1987 5331 Θύοντο;
2019 5271 2072 5321 65
2101 5273 2196 5321 αύ-

719 5401 741 5424 n
767 5385 1080 5434 Coislinianus
1096 5385 1242 5432 cuch
1270 5386 1448 5445 ἱμάτιον
1466 5391 1724 5449 τελαμῶνος
1748 5395 2192 5454 mendose.l.ug<lu-

660 5459 821 5501 [11-min
843 5458 1105 5514 τελαμῶνας
1128 5457 1255 5511 δέκα,
1279 5455 1324 5502 in
1349 5455 1537 5514 fasvins,
1553 5457 1598 5506 in
1615 5461 1810 5510 lacinias
1823 5465 1996 5512 decem.
2013 5467 2194 5514 D11”?

658 5519 884 5584 ῥήγματα,
911 5514 1124 5584 IIICI-1119‘s,
1150 5519 1216 5561 sic
1241 5520 1280 5561 οἱ
1307 5519 1346 5562 Ο
1363 5516 1387 5562 ’.
1412 5518 1534 5584 Pulq
1558 5526 1717 5584 a11_ler_n
1743 5523 1830 5568 hoc.
1852 5524 1898 5567 in
1928 5521 2190 5584 exemplm'i

657 5575 977 5642 (11111505101111
1001 5575 1142 5642 [ιιίἦκιι
1169 5597 1177 5620 ;
1207 5589 1308 5620 nam
1337 5584 1386 5622 ιιι
1417 5580 1557 5640 modo
1575 5579 1808 5642 dicebam,
1835 5585 1952 5631 mira
1980 5575 2086 5635 craf
2106 5601 2191 5633 cx-

656 5636 990 5695 czupluriurum
1024 5635 1307 5684 lhbliwrum
1333 5634 1549 5684 vuriclas.

1336 360 1390 414 ὃ.
1433 355 1708 412 JOANNIS
1743 353 2228 411 CllP-YSOSTOIII
2262 351 2577 409 ARCIIIEP.
2615 352 3137 408 CONSTANTINOP

3747 371 3854 424 350

2313 466 2405 518 τοῦ
2427 467 2561 529 ἐκεῖ,
2598 467 2705 518 ιδοὺ
2737 465 3014 533 ἄνθρωπος
3038 464 3130 517 τοῦ
3155 463 3285 516 Θεοῦ
3319 464 3500 528 ἐλθὼν,
3534 472 3860 536 προφητεύει

2307 549 2375 600 τά
2401 549 2540 600 κατά
2574 549 2664 599 τὸν
2705 548 2930 600 Ἰωσίαν.
2952 547 3061 600 Καὶ
3083 546 3347 616 ἐξηράνθη
3375 550 3407 616 ή
3437 549 3555 617 χεὶρ
3576 549 3674 600 τοῦ
3709 549 3858 616 βασι·

2309 628 2462 690 λέως,
2485 629 2577 680 καὶ
2615 630 2824 701 ἐρράγη
2852 629 2910 679 :6
2943 627 3335 696 θυσιαστήριον.
3375 622 3662 696 Δεὴθέντος
3683 631 3742 681 65
3770 632 3856 682 τοῦ

2308 713 2580 778 προφήτου
2612 709 2703 760 τοῦ
2734 708 2888 769 Θεοῦ,
2940 709 3150 776 ύγίανεν
3179 713 3205 760 6
3231 710 3490 776 βασιλεύς.
3527 710 3554 748 ιι
3585 712 3692 761 Καὶ
3709 727 3856 780 3:69-

2308 790 2488 841 εκάλει
2536 789 2627 840 τὸν
2674 791 2954 858 προφήτην
2996 790 3304 857 ἐστιαθῆναι
3359 792 3673 860 παράύτῷ.
3721 793 3776 843 Ὀ
3803 795 3854 843 65

2303 871 2401 922 οὐκ
2425 870 2699 938 ἠνέσχετο,
2736 871 3055 940 πρόσταγμα
3102 873 3376 938 φυλάττων
3406 874 3497 924 τοῦ
3533 872 3689 936 Θεοῦ,
3721 874 3855 940 ὅπερ

2304 951 2525 1019 ὕστερον
2571 952 2844 1019 παραϐὰς.
2887 953 3119 1021 ἀνῃρέθη
3157 953 3258 1004 61:6
3288 952 3378 1004 :06
3422 955 3646 1015 λέοντος.
3689 957 3748 1007 ’0
3801 955 3855 1006 65

2314 1031 2588 1100 Ἰεροδοάμ
2631 1032 2709 1083 ἔτι
2741 1032 2967 1100 ἐπέμενε
2999 1035 3062 1101 τῇ
3098 1034 3263 1100 κακίᾳ
3308 1034 3485 1098 αὐτοῦ,
3519 1036 3611 1086 καὶ
3656 1037 3688 1087 6
3733 1037 3849 1088 Ῥο-

2303 1110 2445 1179 6οάμ
2474 1113 2925 1182 εἰδωλολάτρησεν
2941 1113 3029 1180 ἐτη
3058 1113 3231 1166 πάντα
3256 1116 3349 1183 τῆς
3372 1115 3637 1183 βασιλείας
3664 1117 3850 1168 αὐτοῦ.

2318 1192 2509 1244 Ἐλθὼν
2530 1195 2831 1262 Σουσακε¹ιμ
2849 1205 2870 1230 ε
2893 1194 3048 1244 ἔλαϐε
3074 1197 3195 1257 τοὺς
3225 1194 3537 1265 θησαυρούς.
3556 1197 3708 1248 Μετὰ
3733 1198 3853 1249 :06-

2302 1291 2392 1325 τον
2425 1274 2689 1341 βασιλεύει
2728 1276 2910 1336 ’Λϐιᾱς
2940 1277 2967 1327 6
3000 1277 3109 1337 υἱὸς
3139 1278 3322 1342 αὐτοῦ,
3359 1279 3448 1330 καὶ
3490 1280 3624 1345 μετά
3660 1279 3850 1331 τοῦτον

2301 1355 2328 1403 6
2361 1355 2475 1416 υίὸς
2533 1355 2623 1406 τοῦ
2672 1357 2820 1410 Ἀὅιᾶ
2854 1358 2882 1407 6
2927 1357 3074 1408 ’Λσᾶ.
3130 1358 3279 1408 Μετά
3325 1359 3383 1410 65
3432 1359 3517 1410 τὸν
3571 1360 3848 1428 Ἱεροὸοαμ

2304 1433 2568 1500 βασιλεύει
2593 1438 2620 1487 6
2646 1436 2758 1497 υίὸς
2780 1436 2942 1488 αὐτοῦ
2979 1437 3154 1488 Ἀδάὅ-
3184 1439 3243 1488 ὃν
3270 1437 3469 1491 ἀνελὼν
3497 1440 3642 1492 Βασᾱ
3664 1441 3846 1492 565w!-

2301 1515 2476 1576 λευσε,
2514 1518 2602 1568 καὶ
2632 1517 2880 1586 ἐπολέμει
2901 1518 2991 1570 τὸν
3016 1519 3166 1571 Ἀσᾶ.
3211 1520 3264 1572 Ὀ
3285 1520 3339 1571 δέ
3357 1523 3420 1589 τῇ
3451 1522 3731 1592 συμμαχία
3757 1521 3846 1574 τοῦ

2302 1597 2470 1664 Σύρου
2502 1597 2663 1666 ’Ἄδερ
2705 1599 3059 1668 χρησάμενος,
3106 1601 3552 1669 ἐπικρατέστερος
3605 1603 3842 1668 γέγονεν.

2313 1677 2396 1737 Ὦς
2420 1679 2473 1728 65
2503 1679 2729 1746 πονηρὸς
2755 1675 2820 1748 ἦν
2845 1682 2872 1730 ὁ
2904 1679 3066 1740 Βασᾶ,
3097 1681 3305 1732 ἀπειλεῖ
3335 1682 3477 1751 αὐτῷ
3496 1683 3522 1733 6
3552 1683 3684 1743 Θεὸς
3703 1685 3845 1735 κακά

2303 1758 2530 1825 μεγάλα.
2574 1759 2948 1821 ’Λποθανόντος
2983 1760 3039 1813 δέ
3072 1761 3233 1813 αὑτοῦ
3277 1763 3613 1815 ἐϐασίλευσεν
3657 1765 3784 1816 Ἐλᾶ
3818 1767 3845 1815 6

2301 1839 2410 1899 υίὸς
2466 1840 2648 1902 αὑτοῦ,
2689 1840 2746 1892 ὃν
2794 1840 2991 1892 ἀνελὼν
3033 1843 3242 1912 Ζαμδρὶ
3282 1840 3357 1905 εἷς
3406 1846 3509 1898 τῶν
3548 1847 3841 1914 ἀρχόντων,

2299 1920 2625 1985 ἐϐασίλευσε,
2688 1923 2778 1973 καὶ
2810 1922 3106 1991 ὠλόθρευσε
3157 1926 3244 1976 τὴν
3295 1922 3440 1977 οἷκον
3471 1928 3633 1980 Βασᾶ.
3671 1929 3758 1989 Ὠς
3788 1928 3840 1978 δέ

2301 2003 2393 2055 καὶ
2433 2002 2642 2071 Ζαμϐρὶ
2688 2003 2951 2056 ἀπέθανεν
3004 2006 3189 2058 ἑαυτὸν
3221 2007 3519 2075 ἐμπρήσας,
3574 2009 3841 2076 βασιλεύει

2313 2084 2523 2153 ’Λμϐρί.
2558 2085 2646 2146 Ὠς
2674 2085 2727 2137 δὲ
2768 2085 2999 2138 ἀπέθανε
3034 2089 3125 2139 καὶ
3150 2082 3320 2154 οὗτος,
3361 2091 3842 2160 βασιλεύειἊχαάϐ

2299 2169 2327 2218 6
2383 2168 2495 2228 υίὸς
2546 2167 2730 2220 αὑτοῦ.
2781 2167 3056 2222 Βασιλεύει
3109 2171 3137 2222 6
3187 2171 3297 2233 υίὸς
3361 2173 3490 2224 ’Λσᾶ
3555 2175 3837 2240 Ἰωσαφάτ.

2311 2250 2542 2301 Ἀπειλεῖ
2585 2250 2765 2312 Ἠλίας
2787 2253 2815 2302 6
2843 2253 3122 2321 προφήτης
3154 2253 3229 2320 τῷ
3265 2255 3460 2321 Ἀχαάὃ
3485 2253 3582 2324 τήν
3615 2257 3840 2323 γενομέ-

2299 2347 2393 2398 νην
2410 2330 2704 2400 ἀνομϐρίαν
2725 2333 2815 2383 ἐπὶ
2851 2333 2974 2401 τρία
3002 2333 3091 2402 ἐτη
3129 2335 3219 2385 καὶ
3259 2335 3424 2403 μῆνας
3458 2335 3535 2398 ἐξ.
3568 2337 3700 2388 Τότε
3729 2338 3840 2389 δια-

2298 2414 2551 2482 τρέφεται
2571 2414 2656 2467 διά
2676 2414 2780 2465 τῶν
2814 2415 3056 2484 κοράκων
3083 2417 3110 2466 6
3143 2417 3439 2485 προφήτης.
3482 2418 3744 2470 Ἐνταῦθα
3768 2421 3835 2470 τὰ

2299 2493 2436 2546 κατά
2461 2494 2557 2562 τὴν
2590 2494 2758 2563 χήραν
2774 2495 2868 2565 τήν
2901 2496 2956 2546 ἐν
2983 2496 3292 2565 Σαρέφθοις,
3324 2498 3390 2548 τά
3423 2497 3558 2549 κατά
3587 2499 3674 2550 τὸν
3699 2516 3841 2567 καμ-

2297 2573 2476 2642 ψάκην
2500 2575 2591 2626 τοῦ
2623 2575 2818 2639 ἐλαίου,
2847 2577 2937 2627 καὶ
2984 2577 3081 2645 τὴν
3109 2577 3290 2646 ὑδρίαν
3325 2577 3416 2629 τοῦ
3458 2578 3701 2646 ἀλεύρου,
3744 2583 3836 2630 καὶ

2299 2657 2387 2706 τὸν
2439 2654 2667 2708 θάνατον
2713 2657 2804 2708 :06
2842 2658 3071 2719 παιδίου,
3103 2659 3194 2709 καὶ
3237 2659 3333 2728 τὴν
3361 2661 3423 2712 ἐκ
3464 2660 3555 2713 τοῦ
3607 2661 3837 2713 θανάτου

2300 2737 2532 2805 ἔγερσιν.
2578 2739 2980 2790 Ἀποστέλλεται
3025 2739 3158 2811 πρὸς
3194 2739 3284 2792 τὸν
3327 2741 3522 2810 ’Δχαάϐ
3559 2744 3586 2794 6
3631 2743 3834 2804 Ὶιλίας,

2300 2819 2391 2869 καὶ
2422 2821 2563 2870 ποιεῖ
2601 2819 2697 2886 τὴν
2737 2819 2943 2880 θυσίαν,
2979 2820 3070 2872 καὶ
3104 2821 3391 2890 καταφέρει
3421 2823 3477 2873 :6
3519 2821 3625 2891 πῦρ
3651 2821 3710 2885 ἐξ
3743 2824 3837 2874 o6-

2303 2900 2478 2967 ρανοῦ,
2520 2901 2611 2951 καὶ
2642 2901 2913 2951 ἀναλίσκει
2941 2901 3124 2967 αὑτήν.
3159 2903 3287 2952 Τότε
3319 2903 3489 2955 λαϐὼν
3520 2905 3638 2966 τοὺς
3669 2906 3837 2972 ίερεῖς

2297 2979 2387 3030 τοῦ
2415 2979 2553 3030 Βαὰλ
2585 2979 2876 3045 ἀπέσφαξε.
2922 2981 3051 3031 Τότε
3083 2982 3478 3047 εὐαγγελίζεται
3519 2983 3594 3051 τῷ
3635 2985 3840 3052 ’Λχααῦ

2298 3061 2385 3112 τὸν
2424 3062 2590 3112 ὑετόν.
2629 3063 2734 3111 Καὶ
2777 3060 3006 3112 ἀνελθὼν
3049 3063 3125 3122 είς
3171 3063 3261 3114 τὸν
3310 3062 3593 3132 Κάρμηλον
3635 3065 3839 3134 ηὔξατο

2312 3142 2510 3204 Ἠλίας,
2563 3142 2653 3194 καὶ
2686 3143 2947 3210 ποιεῖτὴν
2977 3141 3178 3194 θυσίαν·
3227 3145 3332 3197 ἰδοὺ
3373 3147 3537 3206 ὑετός.
3595 3147 3836 3199 Ἀπειλεῖ

2297 3223 2372 3291 τῷ
2411 3224 2560 3291 Ἠλία
2591 3223 2812 3274 θάνατον
2857 3222 3135 3291 Ἰεζάϐελή
3167 3227 3295 3293 γυνὴ
3335 3225 3424 3277 τοῦ
3470 3225 3680 3292 Ἀχαά6,
3713 3228 3744 3279 6
3779 3229 3837 3279 δέ

2299 3303 2508 3371 ἔρχεται
2529 3305 2604 3362 είς
2629 3303 2725 3371 τ-ήν
2751 3303 2968 3371 ἔρημον,
2997 3305 3087 3354 καὶ
3110 3305 3404 3372 κοιμηθεὶς,
3426 3306 3514 3357 καὶ
3538 3307 3835 3375 διεγερθεὶς

2298 3383 2398 3434 61:6
2436 3383 2660 3450 ἀγγέλου
2714 3382 2865 3444 Θεοῦ,
2919 3377 3071 3450 εῦρεν
3105 3384 3394 3452 ἐγκρυφίαν
3441 3385 3700 3453 ὀλυρίτην,
3741 3391 3835 3440 καὶ

2297 3462 2480 3530 φαγὼν
2525 3461 2702 3523 αὑτὸν,
2746 3461 3034 3527 ἐνίσχυσεν.
3078 3463 3161 3513 Ἐν
3191 3465 3366 3534 ἐκείνῃ
3392 3470 3452 3532 τῇ
3490 3465 3676 3534 βρώσει
3707 3485 3836 3520 τεσ-

2299 3544 2598 3613 σαράκοντα
2616 3543 2822 3610 ἡμέρας
2849 3537 3006 3610 ἦλθεν
3026 3541 3102 3604 εἰς
3131 3544 3348 3613 Χωρήΰ.
3379 3547 3504 3596 Τότε
3530 3546 3686 3612 λέγει’
3717 3550 3832 3600 Κύ-

2299 3641 2399 3692 ριε,
2429 3624 2493 3675 τὰ
2510 3622 2861 3691 θυσιαστήριά
2897 3639 2986 3674 σου
3011 3623 3367 3691 κατέσκαψαν.
3405 3626 3482 3678 Τά
3530 3625 3689 3694 ζεύγη
3724 3631 3834 3681 τῶν

2300 3705 2434 3772 βοῶν
2462 3705 2617 3771 ἀφεὶς
2637 3707 2664 3756 6
2697 3704 2984 3766 Ἐλισσαῖος
3011 3705 3284 3756 ἀκολουθεῖ
3313 3706 3387 3774 τῷ
3421 3708 3589 3776 Ἠλία.
3627 3710 3834 3761 Ἐντεῦ-

2300 3786 2390 3838 θεν
2409 3787 2465 3838 :6
2488 3787 2727 3856 διήγημα
2755 3786 2815 3836 :6
2845 3785 2982 3836 κατά
3003 3785 3088 3836 τὸν
3109 3786 3394 3854 ἀμπελῶνα
3422 3789 3511 3839 τοῦ
3539 3789 3833 3842 Ναϐουθαί·

2299 3867 2392 3918 καὶ
2418 3869 2448 3935 ή
2471 3867 2662 3932 ἀπειλὴ
2695 3865 2832 3918 κατά
2869 3864 3096 3931 Ἰεζάϐελ
3118 3867 3206 3918 καὶ
3249 3868 3462 3934 Ἀχαά6,
3492 3869 3582 3919 καὶ
3609 3871 3640 3936 ἡ
3671 3874 3838 3922 κατὰ·

2299 3948 2441 4009 νυξις
2491 3947 2580 3999 τοῦ
2650 3946 2865 4015 Ἀχαάϐ.
2921 3946 3143 4014 Ἐπῆλθε
3197 3947 3271 4015 τῷ
3332 3949 3539 4016 Ἰσραὴλ
3591 3951 3618 4000 6
3665 3949 3835 4018 Σύρος

2303 4030 2462 4098 ’Λδερ
2505 4028 2638 4095 μετά
2691 4027 3068 4098 τριακονταδύο
3117 4027 3396 4096 βασιλέων·
3441 4031 3470 4082 6
3508 4031 3563 4082 65
3617 4031 3835 4099 ἐχειρώ-

2299 4127 2426 4161 σατο
2452 4109 2661 4172 αύτούς.
2692 4111 2796 4161 Καὶ
2820 4109 3066 4178 δεύτερον
3090 4111 3508 4179 ἐπιστρατεύσας
3548 4113 3833 4180 περιέπεσε

2299 4191 2473 4259 πληγῇ
2513 4189 2734 4259 μεγάλῃ.
2779 4190 2862 4250 Ὠς
2887 4190 2941 4240 δέ
2971 4190 3111 4258 ἐώρα
3136 4192 3321 4243 ἑαυτὸν
3349 4197 3405 4243 ἐν
3435 4193 3676 4261 κινδύνῳ,
3699 4194 3830 4261 σχῆ-

2301 4289 2372 4340 μα
2424 4271 2766 4337 περιθέμενος
2799 4270 3040 4331 ἐλεεινὸν,
3073 4271 3281 4338 ἔρχεται
3313 4274 3442 4340 πρὸς
3481 4273 3571 4322 τὸν
3611 4275 3827 4341 ’Λχαά6,

2296 4351 2473 4402 δοῦλον
2503 4350 2645 4420 [554]
2680 4351 2864 4400 ἐαυτὸν
2896 4350 3194 4410 ἀποκαλῶν,
3231 4354 3318 4401 καὶ
3361 4353 3652 4421 ἀγαπητῶς
3698 4355 3831 4421 ἔχων

2296 4433 2562 4500 σωτηρίας
2606 4433 2804 4498 πιχεῖν.
2869 4430 2924 4482 Ὀ
2962 4430 3014 4481 65
3053 4431 3331 4483 ἀνεϐίϐασέ
3359 4450 3415 4483 τε
3463 4434 3621 4485 αὑτὸν
3651 4436 3740 4486 ἐπὶ
3775 4435 3832 4486 τδ

2294 4512 2466 4580 ἅρμα,
2505 4512 2598 4562 καὶ
2627 4510 2787 4578 τιμῆς
2817 4509 3068 4572 ἀξιώσας,
3094 4511 3390 4581 ἐξέπεμψεν
3412 4515 3489 4575 είς
3517 4515 3614 4582 τὴν
3631 4517 3831 4566 οἰκείαν

2296 4593 2418 4659 γῆν.
2447 4593 2695 4660 Ἔρχεται
2725 4592 2752 4640 ὁ
2788 4594 3067 4660 προφήτης
3099 4593 3338 4659 ἐγκαλῶν
3368 4594 3502 4664 ὑπὲρ
3533 4596 3732 4647 τούτων
3760 4596 3832 4662 τῷ

2299 4674 2518 4742 βασιλεῖ,
2548 4674 2637 4724 καὶ
2664 4671 2883 4724 θάνατον
2920 4672 3172 4727 ἀπειλῶν.
3211 4674 3521 4727 Βουλεύεται
3548 4679 3574 4728 6
3611 4676 3831 4744 ’Λχαά6,

2298 4756 2344 4804 εἰ
2377 4753 2479 4804 δέοι
2519 4752 2930 4820 ἐπιστρατεῦσαι
2976 4755 3084 4814 τοῖς
3113 4753 3320 4821 Σύροις·
3372 4757 3462 4807 καὶ
3509 4757 3833 4825 069606156-

2298 4852 2482 4895 σαντος
2519 4833 2611 4884 τοῦ
2657 4834 2917 4899 Ἰωσαφὰτ
2945 4833 3202 4900 βασιλέως
3242 4835 3425 4899 Ἰούδα,
3460 4839 3832 4906 μετάπεμπτος

2296 4918 2495 4982 γίνεται
2520 4915 2754 4983 Μιχαίας
2781 4917 2808 4965 6
2837 4917 3129 4983 προφήτης,
3158 4917 3249 4967 καλ¹
3278 4918 3568 4986 ἐρωτηθεὶς
3587 4919 3834 4986 προλέγει

2296 4999 2594 5066 συμφορὰς,
2626 4999 2674 5048 εί
2698 4997 3064 5065 πολεμήσειεν.
3114 4998 3414 5066 Ὀργίζεται
3435 5002 3463 5050 6
3505 5001 3723 5067 ’Λχαά6·
3745 4999 3834 5051 τύ-

2293 5099 2414 5132 πτει
2447 5081 2532 5132 τὴν
2584 5078 2816 5144 Μιχαίαν
2857 5078 3102 5141 Σεδεκίας
3145 5081 3171 5131 6
3220 5081 3678 5148 ψευδοπροφήτης.
3726 5081 3830 5130 K5-

2295 5166 2344 5215 λε
2357 5164 2500 5213 ύεται
2519 5162 2714 5228 ’Λχαάὅ
2737 5160 3010 5227 τηρεῖσθαι
3037 5162 3268 5228 Μιχαίαν
3281 5163 3368 5213 τὸν
3381 5163 3842 5229 ψευδοπροφήτην,

2294 5246 2394 5302 ἕως
2425 5244 2486 5293 ἂν
2515 5244 2540 5292 6
2572 5242 2798 5308 πόλεμος
2815 5242 2948 5310 λάϐῃ
2992 5241 3157 5302 τέλος.
3209 5242 3419 5310 Ἐξῆλθε
3457 5241 3835 5308 μαχεσόμενος,

2298 5326 2382 5376 καί
2421 5341 2546 5390 φησι
2570 5323 2642 5388 τῷ
2679 5323 2958 5388 Ἰωσαφάτ·
3003 5323 3054 5372 Ἀ
3068 5323 3344 5392 μείψωμεν
3365 5323 3422 5373 :6
3446 5323 3621 5389 σχῆμα
3639 5323 3838 5373 καὶτὸν

2297 5405 2596 5474 ἱματισμόν·
2643 5404 2818 5456 λαϐὼν
2863 5404 2970 5465 ἐγὼ
3001 5404 3090 5455 τὸν
3131 5413 3240 5469 σον,
3283 5403 3588 5472 ἁντιδίδωμί
3631 5420 3711 5454 σοι
3749 5404 3834 5456 τὸν

2353 5525 2376 5561 ‘J
2403 5526 2484 5569 Ηίρ
2509 5526 2685 5570 dmum
2714 5524 2910 5581 palmula
2937 5523 3079 5571 verba
3105 5525 3150 5569 in
3177 5529 3379 5584 ulmqu
3399 5527 3583 5572 cndive.

2354 5588 2375 5613 ί
2417 5586 2425 5628 Ι
2457 5586 2527 5630 ΧΧ
2547 5584 3292 5645 ἰιι¹ριγπιξιιιςξουσακίμΙιειὴριιι,
3319 5593 3371 5630 ι’·ί.
3390 5587 3459 5632 sic
3481 5590 3623 5635 etiam
3648 5585 3832 5645 Lugdu-

2298 5660 2457 5693 nensis
2482 5647 2652 5692 Cudcx.
2678 5642 2786 5693 Cois
2811 5643 2995 5692 inianus
3023 5656 3138 5691 vero
3161 5645 3417 5699 Σουσακήν.
