  <div class='ocr_page' id='page_1' title='image "/cluster/home/n/w/nwhite01/storage/ocr_20150623/56/nnc1.0114695758/340.png"; bbox 0 0 4000 6220; ppageno 0'>
   <div class='ocr_carea' id='block_1_1' title="bbox 157 347 269 401">
    <p class='ocr_par' dir='ltr' id='par_1_1' title="bbox 157 347 269 401">
     <span class='ocr_line' id='line_1_1' title="bbox 157 347 269 401; baseline 0.009 -1"><span class='ocrx_word' id='word_1_1' title='bbox 157 347 269 401; x_wconf 85' lang='grc'><strong>349</strong></span> 
     </span>
    </p>
   </div>
   <div class='ocr_carea' id='block_1_2' title="bbox 164 434 1732 509">
    <p class='ocr_par' dir='ltr' id='par_1_2' title="bbox 164 434 1732 509">
     <span class='ocr_line' id='line_1_2' title="bbox 164 434 1732 509; baseline -0.011 -6"><span class='ocrx_word' id='word_1_2' title='bbox 164 466 271 509; x_wconf 79' lang='lat' dir='ltr'><strong>tur.</strong></span> <span class='ocrx_word' id='word_1_3' title='bbox 301 459 355 503; x_wconf 88' lang='lat' dir='ltr'><strong>et</strong></span> <span class='ocrx_word' id='word_1_4' title='bbox 398 449 537 503; x_wconf 90' lang='lat' dir='ltr'><strong>circa</strong></span> <span class='ocrx_word' id='word_1_5' title='bbox 578 447 714 500; x_wconf 86' lang='lat' dir='ltr'><strong>ﬁlios</strong></span> <span class='ocrx_word' id='word_1_6' title='bbox 755 443 999 505; x_wconf 82' lang='lat' dir='ltr'><strong>Benelli,</strong></span> <span class='ocrx_word' id='word_1_7' title='bbox 1033 451 1090 494; x_wconf 92' lang='lat' dir='ltr'><strong>ut</strong></span> <span class='ocrx_word' id='word_1_8' title='bbox 1133 441 1254 493; x_wconf 93' lang='lat' dir='ltr'><strong>illos</strong></span> <span class='ocrx_word' id='word_1_9' title='bbox 1285 441 1335 492; x_wconf 93' lang='lat' dir='ltr'><strong>in</strong></span> <span class='ocrx_word' id='word_1_10' title='bbox 1387 438 1589 491; x_wconf 91' lang='lat' dir='ltr'><strong>honore</strong></span> <span class='ocrx_word' id='word_1_11' title='bbox 1634 434 1732 486; x_wconf 90' lang='lat' dir='ltr'><strong>ba-</strong></span> 
     </span>
    </p>
   </div>
   <div class='ocr_carea' id='block_1_3' title="bbox 168 528 1733 604">
    <p class='ocr_par' dir='ltr' id='par_1_3' title="bbox 168 528 1733 604">
     <span class='ocr_line' id='line_1_3' title="bbox 168 528 1733 604; baseline -0.01 -12"><span class='ocrx_word' id='word_1_12' title='bbox 168 541 310 602; x_wconf 76' lang='lat' dir='ltr'><strong>bcat,</strong></span> <span class='ocrx_word' id='word_1_13' title='bbox 342 549 395 593; x_wconf 90' lang='lat' dir='ltr'><strong>et</strong></span> <span class='ocrx_word' id='word_1_14' title='bbox 437 553 633 592; x_wconf 69' lang='lat' dir='ltr'><strong>mensa:</strong></span> <span class='ocrx_word' id='word_1_15' title='bbox 671 535 830 604; x_wconf 58' lang='lat' dir='ltr'><strong>regite</strong></span> <span class='ocrx_word' id='word_1_16' title='bbox 874 542 1150 585; x_wconf 92' lang='lat' dir='ltr'><strong>consortes</strong></span> <span class='ocrx_word' id='word_1_17' title='bbox 1192 530 1365 583; x_wconf 90' lang='lat' dir='ltr'><strong>faciat.</strong></span> <span class='ocrx_word' id='word_1_18' title='bbox 1414 528 1733 593; x_wconf 86' lang='lat' dir='ltr'><strong>Moriturque</strong></span> 
     </span>
    </p>
   </div>
   <div class='ocr_carea' id='block_1_4' title="bbox 166 606 1360 698">
    <p class='ocr_par' dir='ltr' id='par_1_4' title="bbox 166 606 1360 698">
     <span class='ocr_line' id='line_1_4' title="bbox 166 606 1360 698; baseline -0.007 -21"><span class='ocrx_word' id='word_1_19' title='bbox 166 638 444 698; x_wconf 87' lang='lat' dir='ltr'><strong>postquam</strong></span> <span class='ocrx_word' id='word_1_20' title='bbox 472 641 638 680; x_wconf 90' lang='lat' dir='ltr'><strong>annos</strong></span> <span class='ocrx_word' id='word_1_21' title='bbox 658 623 1002 694; x_wconf 88' lang='lat' dir='ltr'><strong>quadraginta</strong></span> <span class='ocrx_word' id='word_1_22' title='bbox 1027 606 1360 688; x_wconf 57' lang='lat' dir='ltr'><strong>regnaverat.</strong></span> 
     </span>
    </p>
   </div>
   <div class='ocr_carea' id='block_1_5' title="bbox 660 766 1238 808">
    <p class='ocr_par' dir='ltr' id='par_1_5' title="bbox 660 766 1238 808">
     <span class='ocr_line' id='line_1_5' title="bbox 660 766 1238 808; baseline -0.009 -1"><span class='ocrx_word' id='word_1_23' title='bbox 660 768 941 808; x_wconf 68' lang='lat' dir='ltr'><strong>REGNOEUH</strong></span> <span class='ocrx_word' id='word_1_24' title='bbox 972 767 1124 804; x_wconf 79' lang='lat' dir='ltr'><strong>LIBER</strong></span> <span class='ocrx_word' id='word_1_25' title='bbox 1164 766 1238 803; x_wconf 83' lang='lat' dir='ltr'><strong>Ill.</strong></span> 
     </span>
    </p>
   </div>
   <div class='ocr_carea' id='block_1_6' title="bbox 234 879 1731 950">
    <p class='ocr_par' dir='ltr' id='par_1_6' title="bbox 234 879 1731 950">
     <span class='ocr_line' id='line_1_6' title="bbox 234 879 1731 950; baseline -0.007 -9"><span class='ocrx_word' id='word_1_26' title='bbox 234 887 445 941; x_wconf 83' lang='lat' dir='ltr'><strong>Occidit</strong></span> <span class='ocrx_word' id='word_1_27' title='bbox 472 886 684 939; x_wconf 91' lang='lat' dir='ltr'><strong>Orniam</strong></span> <span class='ocrx_word' id='word_1_28' title='bbox 714 884 985 947; x_wconf 89' lang='lat' dir='ltr'><strong>Salomon,</strong></span> <span class='ocrx_word' id='word_1_29' title='bbox 1015 882 1137 950; x_wconf 84' lang='lat' dir='ltr'><strong>quia</strong></span> <span class='ocrx_word' id='word_1_30' title='bbox 1170 880 1445 933; x_wconf 82' lang='lat' dir='ltr'><strong>Abisacam</strong></span> <span class='ocrx_word' id='word_1_31' title='bbox 1474 879 1731 946; x_wconf 86' lang='lat' dir='ltr'><strong>petierat,</strong></span> 
     </span>
    </p>
   </div>
   <div class='ocr_carea' id='block_1_7' title="bbox 166 968 1735 1041">
    <p class='ocr_par' dir='ltr' id='par_1_7' title="bbox 166 968 1735 1041">
     <span class='ocr_line' id='line_1_7' title="bbox 166 968 1735 1041; baseline -0.007 -11"><span class='ocrx_word' id='word_1_32' title='bbox 166 986 219 1031; x_wconf 90' lang='lat' dir='ltr'><strong>ct</strong></span> <span class='ocrx_word' id='word_1_33' title='bbox 250 976 586 1030; x_wconf 79' lang='lat' dir='ltr'><strong>Abiatharem</strong></span> <span class='ocrx_word' id='word_1_34' title='bbox 635 975 789 1041; x_wconf 78' lang='lat' dir='ltr'><strong>cjrcit</strong></span> <span class='ocrx_word' id='word_1_35' title='bbox 830 987 892 1025; x_wconf 84' lang='lat' dir='ltr'><strong>ex</strong></span> <span class='ocrx_word' id='word_1_36' title='bbox 938 971 1253 1026; x_wconf 92' lang='lat' dir='ltr'><strong>sacerdotio.</strong></span> <span class='ocrx_word' id='word_1_37' title='bbox 1294 968 1614 1036; x_wconf 89' lang='lat' dir='ltr'><strong>lmpletaque</strong></span> <span class='ocrx_word' id='word_1_38' title='bbox 1654 977 1735 1020; x_wconf 93' lang='lat' dir='ltr'><strong>est</strong></span> 
     </span>
    </p>
   </div>
   <div class='ocr_carea' id='block_1_8' title="bbox 166 1060 1735 1126">
    <p class='ocr_par' dir='ltr' id='par_1_8' title="bbox 166 1060 1735 1126">
     <span class='ocr_line' id='line_1_8' title="bbox 166 1060 1735 1126; baseline -0.006 -8"><span class='ocrx_word' id='word_1_39' title='bbox 166 1065 511 1118; x_wconf 72' lang='lat' dir='ltr'><strong>comminatio</strong></span> <span class='ocrx_word' id='word_1_40' title='bbox 549 1076 733 1117; x_wconf 88' lang='lat' dir='ltr'><strong>contra</strong></span> <span class='ocrx_word' id='word_1_41' title='bbox 778 1062 859 1116; x_wconf 87' lang='lat' dir='ltr'><strong>Eli</strong></span> <span class='ocrx_word' id='word_1_42' title='bbox 892 1063 1046 1124; x_wconf 87' lang='lat' dir='ltr'><strong>data;</strong></span> <span class='ocrx_word' id='word_1_43' title='bbox 1076 1076 1139 1113; x_wconf 83' lang='lat' dir='ltr'><strong>ex</strong></span> <span class='ocrx_word' id='word_1_44' title='bbox 1184 1060 1273 1112; x_wconf 94' lang='lat' dir='ltr'><strong>illo</strong></span> <span class='ocrx_word' id='word_1_45' title='bbox 1301 1074 1525 1126; x_wconf 90' lang='lat' dir='ltr'><strong>namque</strong></span> <span class='ocrx_word' id='word_1_46' title='bbox 1567 1072 1735 1125; x_wconf 90' lang='lat' dir='ltr'><strong>genus</strong></span> 
     </span>
    </p>
   </div>
   <div class='ocr_carea' id='block_1_9' title="bbox 165 1148 1733 1209">
    <p class='ocr_par' dir='ltr' id='par_1_9' title="bbox 165 1148 1733 1209">
     <span class='ocr_line' id='line_1_9' title="bbox 165 1148 1733 1209; baseline -0.004 -2"><span class='ocrx_word' id='word_1_47' title='bbox 165 1155 397 1207; x_wconf 75' lang='lat' dir='ltr'><strong>ducebat</strong></span> <span class='ocrx_word' id='word_1_48' title='bbox 438 1153 709 1209; x_wconf 69' lang='lat' dir='ltr'><strong>Ahiathar.</strong></span> <span class='ocrx_word' id='word_1_49' title='bbox 754 1152 951 1205; x_wconf 90' lang='lat' dir='ltr'><strong>Occidit</strong></span> <span class='ocrx_word' id='word_1_50' title='bbox 996 1160 1171 1203; x_wconf 87' lang='lat' dir='ltr'><strong>autem</strong></span> <span class='ocrx_word' id='word_1_51' title='bbox 1218 1149 1474 1209; x_wconf 85' lang='lat' dir='ltr'><strong>Joabum;</strong></span> <span class='ocrx_word' id='word_1_52' title='bbox 1528 1148 1733 1201; x_wconf 83' lang='lat' dir='ltr'><strong>Sadduc</strong></span> 
     </span>
    </p>
   </div>
   <div class='ocr_carea' id='block_1_10' title="bbox 168 1239 1729 1307">
    <p class='ocr_par' dir='ltr' id='par_1_10' title="bbox 168 1239 1729 1307">
     <span class='ocr_line' id='line_1_10' title="bbox 168 1239 1729 1307; baseline -0.005 -10"><span class='ocrx_word' id='word_1_53' title='bbox 168 1254 341 1297; x_wconf 84' lang='lat' dir='ltr'><strong>autem</strong></span> <span class='ocrx_word' id='word_1_54' title='bbox 370 1244 641 1296; x_wconf 79' lang='lat' dir='ltr'><strong>Constituit</strong></span> <span class='ocrx_word' id='word_1_55' title='bbox 664 1241 992 1294; x_wconf 87' lang='lat' dir='ltr'><strong>sacerdotem</strong></span> <span class='ocrx_word' id='word_1_56' title='bbox 1026 1255 1121 1307; x_wconf 94' lang='lat' dir='ltr'><strong>pro</strong></span> <span class='ocrx_word' id='word_1_57' title='bbox 1144 1240 1449 1291; x_wconf 83' lang='lat' dir='ltr'><strong>Abiathare.</strong></span> <span class='ocrx_word' id='word_1_58' title='bbox 1486 1239 1729 1303; x_wconf 66' lang='lat' dir='ltr'><strong>Praecep-</strong></span> 
     </span>
    </p>
   </div>
   <div class='ocr_carea' id='block_1_11' title="bbox 170 1327 1729 1396">
    <p class='ocr_par' dir='ltr' id='par_1_11' title="bbox 170 1327 1729 1396">
     <span class='ocr_line' id='line_1_11' title="bbox 170 1327 1729 1396; baseline -0.004 -11"><span class='ocrx_word' id='word_1_59' title='bbox 170 1342 276 1385; x_wconf 89' lang='lat' dir='ltr'><strong>tttnt</strong></span> <span class='ocrx_word' id='word_1_60' title='bbox 310 1334 400 1385; x_wconf 89' lang='lat' dir='ltr'><strong>dat</strong></span> <span class='ocrx_word' id='word_1_61' title='bbox 429 1333 600 1386; x_wconf 88' lang='lat' dir='ltr'><strong>Semei</strong></span> <span class='ocrx_word' id='word_1_62' title='bbox 629 1332 899 1395; x_wconf 87' lang='lat' dir='ltr'><strong>Salomon,</strong></span> <span class='ocrx_word' id='word_1_63' title='bbox 931 1340 985 1382; x_wconf 88' lang='lat' dir='ltr'><strong>ut</strong></span> <span class='ocrx_word' id='word_1_64' title='bbox 1011 1344 1220 1396; x_wconf 80' lang='lat' dir='ltr'><strong>semper</strong></span> <span class='ocrx_word' id='word_1_65' title='bbox 1248 1330 1298 1381; x_wconf 93' lang='lat' dir='ltr'><strong>in</strong></span> <span class='ocrx_word' id='word_1_66' title='bbox 1330 1327 1456 1381; x_wconf 83' lang='lat' dir='ltr'><strong>urbe</strong></span> <span class='ocrx_word' id='word_1_67' title='bbox 1484 1336 1729 1381; x_wconf 84' lang='lat' dir='ltr'><strong>maneat:</strong></span> 
     </span>
    </p>
   </div>
   <div class='ocr_carea' id='block_1_12' title="bbox 168 1418 1729 1489">
    <p class='ocr_par' dir='ltr' id='par_1_12' title="bbox 168 1418 1729 1489">
     <span class='ocr_line' id='line_1_12' title="bbox 168 1418 1729 1489; baseline -0.002 -15"><span class='ocrx_word' id='word_1_68' title='bbox 168 1425 209 1474; x_wconf 98' lang='lat' dir='ltr'><strong>si</strong></span> <span class='ocrx_word' id='word_1_69' title='bbox 239 1432 414 1475; x_wconf 90' lang='lat' dir='ltr'><strong>autem</strong></span> <span class='ocrx_word' id='word_1_70' title='bbox 438 1433 584 1475; x_wconf 88' lang='lat' dir='ltr'><strong>exeat</strong></span> <span class='ocrx_word' id='word_1_71' title='bbox 611 1436 881 1489; x_wconf 81' lang='lat' dir='ltr'><strong>umquam,</strong></span> <span class='ocrx_word' id='word_1_72' title='bbox 912 1421 959 1472; x_wconf 95' lang='lat' dir='ltr'><strong>id</strong></span> <span class='ocrx_word' id='word_1_73' title='bbox 990 1434 1090 1472; x_wconf 89' lang='lat' dir='ltr'><strong>non</strong></span> <span class='ocrx_word' id='word_1_74' title='bbox 1123 1421 1333 1486; x_wconf 78' lang='lat' dir='ltr'><strong>impune</strong></span> <span class='ocrx_word' id='word_1_75' title='bbox 1362 1419 1611 1478; x_wconf 84' lang='lat' dir='ltr'><strong>futurum,</strong></span> <span class='ocrx_word' id='word_1_76' title='bbox 1637 1418 1729 1471; x_wconf 91' lang='lat' dir='ltr'><strong>sed</strong></span> 
     </span>
    </p>
   </div>
   <div class='ocr_carea' id='block_1_13' title="bbox 168 1510 1726 1577">
    <p class='ocr_par' dir='ltr' id='par_1_13' title="bbox 168 1510 1726 1577">
     <span class='ocr_line' id='line_1_13' title="bbox 168 1510 1726 1577; baseline -0.003 -12"><span class='ocrx_word' id='word_1_77' title='bbox 168 1526 336 1566; x_wconf 90' lang='lat' dir='ltr'><strong>morte</strong></span> <span class='ocrx_word' id='word_1_78' title='bbox 365 1513 721 1568; x_wconf 90' lang='lat' dir='ltr'><strong>mulctandum</strong></span> <span class='ocrx_word' id='word_1_79' title='bbox 749 1527 887 1566; x_wconf 90' lang='lat' dir='ltr'><strong>esse.</strong></span> <span class='ocrx_word' id='word_1_80' title='bbox 918 1512 1046 1566; x_wconf 91' lang='lat' dir='ltr'><strong>Cum</strong></span> <span class='ocrx_word' id='word_1_81' title='bbox 1075 1525 1256 1563; x_wconf 89' lang='lat' dir='ltr'><strong>servos</strong></span> <span class='ocrx_word' id='word_1_82' title='bbox 1279 1511 1593 1577; x_wconf 90' lang='lat' dir='ltr'><strong>perdidisset</strong></span> <span class='ocrx_word' id='word_1_83' title='bbox 1615 1510 1726 1569; x_wconf 86' lang='lat' dir='ltr'><strong>ille,</strong></span> 
     </span>
    </p>
   </div>
   <div class='ocr_carea' id='block_1_14' title="bbox 169 1604 1731 1670">
    <p class='ocr_par' dir='ltr' id='par_1_14' title="bbox 169 1604 1731 1670">
     <span class='ocr_line' id='line_1_14' title="bbox 169 1604 1731 1670; baseline -0.005 -15"><span class='ocrx_word' id='word_1_84' title='bbox 169 1604 398 1655; x_wconf 82' lang='lat' dir='ltr'><strong>mandati</strong></span> <span class='ocrx_word' id='word_1_85' title='bbox 428 1604 621 1657; x_wconf 91' lang='lat' dir='ltr'><strong>oblitus</strong></span> <span class='ocrx_word' id='word_1_86' title='bbox 640 1643 653 1666; x_wconf 91' lang='lat'><strong>,</strong></span> <span class='ocrx_word' id='word_1_87' title='bbox 684 1617 928 1670; x_wconf 75' lang='lat' dir='ltr'><strong>egressus</strong></span> <span class='ocrx_word' id='word_1_88' title='bbox 954 1610 1032 1654; x_wconf 87' lang='lat' dir='ltr'><strong>est</strong></span> <span class='ocrx_word' id='word_1_89' title='bbox 1064 1610 1116 1652; x_wconf 90' lang='lat' dir='ltr'><strong>ut</strong></span> <span class='ocrx_word' id='word_1_90' title='bbox 1146 1608 1409 1667; x_wconf 63' lang='lat' dir='ltr'><strong>quaereret</strong></span> <span class='ocrx_word' id='word_1_91' title='bbox 1428 1611 1441 1647; x_wconf 89' lang='lat'><strong>:</strong></span> <span class='ocrx_word' id='word_1_92' title='bbox 1460 1613 1561 1665; x_wconf 94' lang='lat' dir='ltr'><strong>quo</strong></span> <span class='ocrx_word' id='word_1_93' title='bbox 1586 1613 1731 1651; x_wconf 87' lang='lat' dir='ltr'><strong>cotu-</strong></span> 
     </span>
    </p>
   </div>
   <div class='ocr_carea' id='block_1_15' title="bbox 174 1687 1729 1760">
    <p class='ocr_par' dir='ltr' id='par_1_15' title="bbox 174 1687 1729 1760">
     <span class='ocr_line' id='line_1_15' title="bbox 174 1687 1729 1760; baseline -0.003 -19"><span class='ocrx_word' id='word_1_94' title='bbox 174 1705 322 1760; x_wconf 84' lang='lat' dir='ltr'><strong>petto</strong></span> <span class='ocrx_word' id='word_1_95' title='bbox 370 1694 617 1746; x_wconf 83' lang='lat' dir='ltr'><strong>Salomon</strong></span> <span class='ocrx_word' id='word_1_96' title='bbox 662 1692 922 1745; x_wconf 82' lang='lat' dir='ltr'><strong>interfecit</strong></span> <span class='ocrx_word' id='word_1_97' title='bbox 972 1706 1112 1744; x_wconf 90' lang='lat' dir='ltr'><strong>eum.</strong></span> <span class='ocrx_word' id='word_1_98' title='bbox 1163 1690 1233 1741; x_wconf 88' lang='lat' dir='ltr'><strong>De</strong></span> <span class='ocrx_word' id='word_1_99' title='bbox 1279 1687 1532 1754; x_wconf 76' lang='lat' dir='ltr'><strong>sapientia</strong></span> <span class='ocrx_word' id='word_1_100' title='bbox 1583 1687 1729 1741; x_wconf 87' lang='lat' dir='ltr'><strong>Salo-</strong></span> 
     </span>
    </p>
   </div>
   <div class='ocr_carea' id='block_1_16' title="bbox 171 1774 1729 1849">
    <p class='ocr_par' dir='ltr' id='par_1_16' title="bbox 171 1774 1729 1849">
     <span class='ocr_line' id='line_1_16' title="bbox 171 1774 1729 1849; baseline -0.005 -15"><span class='ocrx_word' id='word_1_101' title='bbox 171 1785 340 1835; x_wconf 69' lang='lat' dir='ltr'><strong>monis</strong></span> <span class='ocrx_word' id='word_1_102' title='bbox 368 1785 654 1847; x_wconf 87' lang='lat' dir='ltr'><strong>enarratio,</strong></span> <span class='ocrx_word' id='word_1_103' title='bbox 688 1783 753 1835; x_wconf 91' lang='lat' dir='ltr'><strong>de</strong></span> <span class='ocrx_word' id='word_1_104' title='bbox 782 1795 910 1849; x_wconf 88' lang='lat' dir='ltr'><strong>pace</strong></span> <span class='ocrx_word' id='word_1_105' title='bbox 953 1796 1068 1847; x_wconf 77' lang='lat' dir='ltr'><strong>qua:</strong></span> <span class='ocrx_word' id='word_1_106' title='bbox 1097 1777 1210 1844; x_wconf 92' lang='lat' dir='ltr'><strong>ejus</strong></span> <span class='ocrx_word' id='word_1_107' title='bbox 1238 1786 1473 1843; x_wconf 90' lang='lat' dir='ltr'><strong>tempore</strong></span> <span class='ocrx_word' id='word_1_108' title='bbox 1506 1774 1633 1837; x_wconf 79' lang='lat' dir='ltr'><strong>fuit,</strong></span> <span class='ocrx_word' id='word_1_109' title='bbox 1665 1774 1729 1826; x_wconf 91' lang='lat' dir='ltr'><strong>de</strong></span> 
     </span>
    </p>
   </div>
   <div class='ocr_carea' id='block_1_17' title="bbox 168 1864 1726 1943">
    <p class='ocr_par' dir='ltr' id='par_1_17' title="bbox 168 1864 1726 1943">
     <span class='ocr_line' id='line_1_17' title="bbox 168 1864 1726 1943; baseline -0.006 -16"><span class='ocrx_word' id='word_1_110' title='bbox 168 1876 555 1943; x_wconf 80' lang='lat' dir='ltr'><strong>magniﬁcentia</strong></span> <span class='ocrx_word' id='word_1_111' title='bbox 586 1873 809 1941; x_wconf 84' lang='lat' dir='ltr'><strong>prandii,</strong></span> <span class='ocrx_word' id='word_1_112' title='bbox 839 1872 905 1924; x_wconf 88' lang='lat' dir='ltr'><strong>de</strong></span> <span class='ocrx_word' id='word_1_113' title='bbox 928 1870 1189 1933; x_wconf 89' lang='lat' dir='ltr'><strong>curribus,</strong></span> <span class='ocrx_word' id='word_1_114' title='bbox 1216 1868 1281 1921; x_wconf 92' lang='lat' dir='ltr'><strong>de</strong></span> <span class='ocrx_word' id='word_1_115' title='bbox 1308 1868 1478 1935; x_wconf 88' lang='lat' dir='ltr'><strong>equis,</strong></span> <span class='ocrx_word' id='word_1_116' title='bbox 1502 1865 1567 1918; x_wconf 91' lang='lat' dir='ltr'><strong>de</strong></span> <span class='ocrx_word' id='word_1_117' title='bbox 1588 1864 1726 1918; x_wconf 91' lang='lat' dir='ltr'><strong>omni</strong></span> 
     </span>
    </p>
   </div>
   <div class='ocr_carea' id='block_1_18' title="bbox 167 1956 1725 2031">
    <p class='ocr_par' dir='ltr' id='par_1_18' title="bbox 167 1956 1725 2031">
     <span class='ocr_line' id='line_1_18' title="bbox 167 1956 1725 2031; baseline -0.003 -19"><span class='ocrx_word' id='word_1_118' title='bbox 167 1980 360 2031; x_wconf 68' lang='lat' dir='ltr'><strong>genere</strong></span> <span class='ocrx_word' id='word_1_119' title='bbox 389 1966 709 2016; x_wconf 74' lang='lat' dir='ltr'><strong>divitiarum.</strong></span> <span class='ocrx_word' id='word_1_120' title='bbox 744 1963 876 2016; x_wconf 87' lang='lat' dir='ltr'><strong>Petit</strong></span> <span class='ocrx_word' id='word_1_121' title='bbox 905 1960 1155 2015; x_wconf 87' lang='lat' dir='ltr'><strong>Salomon</strong></span> <span class='ocrx_word' id='word_1_122' title='bbox 1194 1958 1508 2027; x_wconf 87' lang='lat' dir='ltr'><strong>sapientiam</strong></span> <span class='ocrx_word' id='word_1_123' title='bbox 1540 1971 1567 2008; x_wconf 91' lang='lat' dir='ltr'><strong>a</strong></span> <span class='ocrx_word' id='word_1_124' title='bbox 1600 1956 1725 2009; x_wconf 88' lang='lat' dir='ltr'><strong>Deo.</strong></span> 
     </span>
    </p>
   </div>
   <div class='ocr_carea' id='block_1_19' title="bbox 168 2049 1727 2122">
    <p class='ocr_par' dir='ltr' id='par_1_19' title="bbox 168 2049 1727 2122">
     <span class='ocr_line' id='line_1_19' title="bbox 168 2049 1727 2122; baseline -0.005 -15"><span class='ocrx_word' id='word_1_125' title='bbox 168 2056 315 2107; x_wconf 82' lang='lat' dir='ltr'><strong>Tunc</strong></span> <span class='ocrx_word' id='word_1_126' title='bbox 343 2056 545 2122; x_wconf 78' lang='lat' dir='ltr'><strong>judirat</strong></span> <span class='ocrx_word' id='word_1_127' title='bbox 575 2055 642 2108; x_wconf 91' lang='lat' dir='ltr'><strong>de</strong></span> <span class='ocrx_word' id='word_1_128' title='bbox 670 2055 873 2107; x_wconf 90' lang='lat' dir='ltr'><strong>duabus</strong></span> <span class='ocrx_word' id='word_1_129' title='bbox 913 2052 1222 2106; x_wconf 78' lang='lat' dir='ltr'><strong>mulieribus</strong></span> <span class='ocrx_word' id='word_1_130' title='bbox 1249 2066 1366 2118; x_wconf 78' lang='lat' dir='ltr'><strong>qua:</strong></span> <span class='ocrx_word' id='word_1_131' title='bbox 1415 2050 1559 2102; x_wconf 90' lang='lat' dir='ltr'><strong>illum</strong></span> <span class='ocrx_word' id='word_1_132' title='bbox 1591 2049 1727 2101; x_wconf 88' lang='lat' dir='ltr'><strong>circa</strong></span> 
     </span>
    </p>
   </div>
   <div class='ocr_carea' id='block_1_20' title="bbox 168 2139 1729 2209">
    <p class='ocr_par' dir='ltr' id='par_1_20' title="bbox 168 2139 1729 2209">
     <span class='ocr_line' id='line_1_20' title="bbox 168 2139 1729 2209; baseline -0.003 -12"><span class='ocrx_word' id='word_1_133' title='bbox 168 2144 418 2197; x_wconf 80' lang='lat' dir='ltr'><strong>infantem</strong></span> <span class='ocrx_word' id='word_1_134' title='bbox 448 2144 703 2197; x_wconf 87' lang='lat' dir='ltr'><strong>adierant.</strong></span> <span class='ocrx_word' id='word_1_135' title='bbox 753 2144 982 2197; x_wconf 79' lang='lat' dir='ltr'><strong>Rursum</strong></span> <span class='ocrx_word' id='word_1_136' title='bbox 1028 2141 1095 2195; x_wconf 89' lang='lat' dir='ltr'><strong>de</strong></span> <span class='ocrx_word' id='word_1_137' title='bbox 1137 2140 1394 2209; x_wconf 84' lang='lat' dir='ltr'><strong>sapientia</strong></span> <span class='ocrx_word' id='word_1_138' title='bbox 1437 2139 1729 2193; x_wconf 85' lang='lat' dir='ltr'><strong>Salomonis</strong></span> 
     </span>
    </p>
   </div>
   <div class='ocr_carea' id='block_1_21' title="bbox 166 2229 1727 2301">
    <p class='ocr_par' dir='ltr' id='par_1_21' title="bbox 166 2229 1727 2301">
     <span class='ocr_line' id='line_1_21' title="bbox 166 2229 1727 2301; baseline -0.003 -15"><span class='ocrx_word' id='word_1_139' title='bbox 166 2234 426 2301; x_wconf 76' lang='lat' dir='ltr'><strong>loquitur;</strong></span> <span class='ocrx_word' id='word_1_140' title='bbox 456 2235 521 2287; x_wconf 92' lang='lat' dir='ltr'><strong>dc</strong></span> <span class='ocrx_word' id='word_1_141' title='bbox 560 2235 760 2287; x_wconf 88' lang='lat' dir='ltr'><strong>lautitia</strong></span> <span class='ocrx_word' id='word_1_142' title='bbox 793 2248 989 2287; x_wconf 75' lang='lat' dir='ltr'><strong>mensa:</strong></span> <span class='ocrx_word' id='word_1_143' title='bbox 1034 2232 1148 2299; x_wconf 83' lang='lat' dir='ltr'><strong>ejus</strong></span> <span class='ocrx_word' id='word_1_144' title='bbox 1171 2272 1184 2294; x_wconf 93' lang='lat'><strong>,</strong></span> <span class='ocrx_word' id='word_1_145' title='bbox 1228 2242 1278 2284; x_wconf 94' lang='lat' dir='ltr'><strong>et</strong></span> <span class='ocrx_word' id='word_1_146' title='bbox 1306 2230 1515 2299; x_wconf 85' lang='lat' dir='ltr'><strong>quinam</strong></span> <span class='ocrx_word' id='word_1_147' title='bbox 1547 2229 1727 2297; x_wconf 89' lang='lat' dir='ltr'><strong>hujus-</strong></span> 
     </span>
    </p>
   </div>
   <div class='ocr_carea' id='block_1_22' title="bbox 166 2323 1726 2394">
    <p class='ocr_par' dir='ltr' id='par_1_22' title="bbox 166 2323 1726 2394">
     <span class='ocr_line' id='line_1_22' title="bbox 166 2323 1726 2394; baseline -0.003 -17"><span class='ocrx_word' id='word_1_148' title='bbox 166 2327 306 2378; x_wconf 90' lang='lat' dir='ltr'><strong>modi</strong></span> <span class='ocrx_word' id='word_1_149' title='bbox 350 2325 525 2378; x_wconf 81' lang='lat' dir='ltr'><strong>officio</strong></span> <span class='ocrx_word' id='word_1_150' title='bbox 571 2326 932 2394; x_wconf 79' lang='lat' dir='ltr'><strong>fungerentur.</strong></span> <span class='ocrx_word' id='word_1_151' title='bbox 979 2325 1136 2377; x_wconf 78' lang='lat' dir='ltr'><strong>Mittit</strong></span> <span class='ocrx_word' id='word_1_152' title='bbox 1182 2324 1243 2374; x_wconf 93' lang='lat' dir='ltr'><strong>ad</strong></span> <span class='ocrx_word' id='word_1_153' title='bbox 1293 2323 1504 2376; x_wconf 82' lang='lat' dir='ltr'><strong>Chiratn</strong></span> <span class='ocrx_word' id='word_1_154' title='bbox 1551 2336 1726 2389; x_wconf 87' lang='lat' dir='ltr'><strong>regem</strong></span> 
     </span>
    </p>
   </div>
   <div class='ocr_carea' id='block_1_23' title="bbox 168 2413 1725 2486">
    <p class='ocr_par' dir='ltr' id='par_1_23' title="bbox 168 2413 1725 2486">
     <span class='ocr_line' id='line_1_23' title="bbox 168 2413 1725 2486; baseline -0.003 -17"><span class='ocrx_word' id='word_1_155' title='bbox 168 2418 315 2486; x_wconf 82' lang='lat' dir='ltr'><strong>Tyri,</strong></span> <span class='ocrx_word' id='word_1_156' title='bbox 338 2418 586 2485; x_wconf 82' lang='lat' dir='ltr'><strong>lignarios</strong></span> <span class='ocrx_word' id='word_1_157' title='bbox 603 2429 785 2484; x_wconf 85' lang='lat' dir='ltr'><strong>petens</strong></span> <span class='ocrx_word' id='word_1_158' title='bbox 806 2416 1153 2469; x_wconf 85' lang='lat' dir='ltr'><strong>conductitios</strong></span> <span class='ocrx_word' id='word_1_159' title='bbox 1183 2432 1194 2466; x_wconf 90' lang='lat'><strong>:</strong></span> <span class='ocrx_word' id='word_1_160' title='bbox 1227 2414 1311 2466; x_wconf 94' lang='lat' dir='ltr'><strong>ille</strong></span> <span class='ocrx_word' id='word_1_161' title='bbox 1332 2428 1459 2465; x_wconf 90' lang='lat' dir='ltr'><strong>vero</strong></span> <span class='ocrx_word' id='word_1_162' title='bbox 1486 2413 1725 2481; x_wconf 63' lang='lat' dir='ltr'><strong>praebuit.</strong></span> 
     </span>
    </p>
   </div>
   <div class='ocr_carea' id='block_1_24' title="bbox 168 2502 1727 2575">
    <p class='ocr_par' dir='ltr' id='par_1_24' title="bbox 168 2502 1727 2575">
     <span class='ocr_line' id='line_1_24' title="bbox 168 2502 1727 2575; baseline -0.004 -16"><span class='ocrx_word' id='word_1_163' title='bbox 168 2506 262 2559; x_wconf 81' lang='lat' dir='ltr'><strong>Hic</strong></span> <span class='ocrx_word' id='word_1_164' title='bbox 283 2508 455 2575; x_wconf 89' lang='lat' dir='ltr'><strong>agitur</strong></span> <span class='ocrx_word' id='word_1_165' title='bbox 480 2508 544 2559; x_wconf 90' lang='lat' dir='ltr'><strong>de</strong></span> <span class='ocrx_word' id='word_1_166' title='bbox 572 2522 851 2575; x_wconf 90' lang='lat' dir='ltr'><strong>operarum</strong></span> <span class='ocrx_word' id='word_1_167' title='bbox 881 2521 1122 2569; x_wconf 86' lang='lat' dir='ltr'><strong>numero,</strong></span> <span class='ocrx_word' id='word_1_168' title='bbox 1150 2512 1203 2557; x_wconf 93' lang='lat' dir='ltr'><strong>et</strong></span> <span class='ocrx_word' id='word_1_169' title='bbox 1232 2503 1297 2556; x_wconf 92' lang='lat' dir='ltr'><strong>de</strong></span> <span class='ocrx_word' id='word_1_170' title='bbox 1325 2504 1556 2554; x_wconf 73' lang='lat' dir='ltr'><strong>materia:</strong></span> <span class='ocrx_word' id='word_1_171' title='bbox 1580 2502 1727 2568; x_wconf 88' lang='lat' dir='ltr'><strong>copia</strong></span> 
     </span>
    </p>
   </div>
   <div class='ocr_carea' id='block_1_25' title="bbox 164 2592 1726 2665">
    <p class='ocr_par' dir='ltr' id='par_1_25' title="bbox 164 2592 1726 2665">
     <span class='ocr_line' id='line_1_25' title="bbox 164 2592 1726 2665; baseline -0.003 -18"><span class='ocrx_word' id='word_1_172' title='bbox 164 2598 225 2649; x_wconf 91' lang='lat' dir='ltr'><strong>ad</strong></span> <span class='ocrx_word' id='word_1_173' title='bbox 256 2598 664 2650; x_wconf 73' lang='lat' dir='ltr'><strong>exstructionem</strong></span> <span class='ocrx_word' id='word_1_174' title='bbox 685 2598 857 2664; x_wconf 92' lang='lat' dir='ltr'><strong>templi</strong></span> <span class='ocrx_word' id='word_1_175' title='bbox 891 2605 1066 2665; x_wconf 86' lang='lat' dir='ltr'><strong>parata</strong></span> <span class='ocrx_word' id='word_1_176' title='bbox 1093 2612 1104 2647; x_wconf 92' lang='lat'>:</span> <span class='ocrx_word' id='word_1_177' title='bbox 1128 2595 1361 2660; x_wconf 83' lang='lat' dir='ltr'><strong>sequitur</strong></span> <span class='ocrx_word' id='word_1_178' title='bbox 1386 2592 1575 2646; x_wconf 91' lang='lat' dir='ltr'><strong>deinde</strong></span> <span class='ocrx_word' id='word_1_179' title='bbox 1596 2602 1726 2644; x_wconf 84' lang='lat' dir='ltr'><strong>tem-</strong></span> 
     </span>
    </p>
   </div>
   <div class='ocr_carea' id='block_1_26' title="bbox 168 2684 1725 2755">
    <p class='ocr_par' dir='ltr' id='par_1_26' title="bbox 168 2684 1725 2755">
     <span class='ocr_line' id='line_1_26' title="bbox 168 2684 1725 2755; baseline -0.001 -18"><span class='ocrx_word' id='word_1_180' title='bbox 168 2688 237 2755; x_wconf 90' lang='lat' dir='ltr'><strong>pli</strong></span> <span class='ocrx_word' id='word_1_181' title='bbox 268 2689 612 2741; x_wconf 85' lang='lat' dir='ltr'><strong>constructio.</strong></span> <span class='ocrx_word' id='word_1_182' title='bbox 647 2689 897 2741; x_wconf 80' lang='lat' dir='ltr'><strong>Precatur</strong></span> <span class='ocrx_word' id='word_1_183' title='bbox 939 2686 1187 2740; x_wconf 88' lang='lat' dir='ltr'><strong>Salomon</strong></span> <span class='ocrx_word' id='word_1_184' title='bbox 1221 2686 1271 2738; x_wconf 92' lang='lat' dir='ltr'><strong>in</strong></span> <span class='ocrx_word' id='word_1_185' title='bbox 1306 2685 1519 2753; x_wconf 89' lang='lat' dir='ltr'><strong>templo,</strong></span> <span class='ocrx_word' id='word_1_186' title='bbox 1548 2694 1599 2737; x_wconf 91' lang='lat' dir='ltr'><strong>et</strong></span> <span class='ocrx_word' id='word_1_187' title='bbox 1628 2684 1725 2735; x_wconf 93' lang='lat' dir='ltr'><strong>im-</strong></span> 
     </span>
    </p>
   </div>
   <div class='ocr_carea' id='block_1_27' title="bbox 165 2773 1719 2844">
    <p class='ocr_par' dir='ltr' id='par_1_27' title="bbox 165 2773 1719 2844">
     <span class='ocr_line' id='line_1_27' title="bbox 165 2773 1719 2844; baseline -0.003 -16"><span class='ocrx_word' id='word_1_188' title='bbox 165 2778 345 2839; x_wconf 84' lang='lat' dir='ltr'><strong>molat,</strong></span> <span class='ocrx_word' id='word_1_189' title='bbox 370 2776 689 2844; x_wconf 84' lang='lat' dir='ltr'><strong>domutnque</strong></span> <span class='ocrx_word' id='word_1_190' title='bbox 714 2776 941 2829; x_wconf 85' lang='lat' dir='ltr'><strong>dedicat.</strong></span> <span class='ocrx_word' id='word_1_191' title='bbox 975 2776 1240 2827; x_wconf 84' lang='lat' dir='ltr'><strong>Promittit</strong></span> <span class='ocrx_word' id='word_1_192' title='bbox 1267 2774 1341 2825; x_wconf 84' lang='lat' dir='ltr'><strong>illi</strong></span> <span class='ocrx_word' id='word_1_193' title='bbox 1372 2773 1508 2824; x_wconf 85' lang='lat' dir='ltr'><strong>bona</strong></span> <span class='ocrx_word' id='word_1_194' title='bbox 1538 2774 1674 2825; x_wconf 88' lang='lat' dir='ltr'><strong>Deus</strong></span> <span class='ocrx_word' id='word_1_195' title='bbox 1706 2812 1719 2837; x_wconf 92' lang='lat'><strong>,</strong></span> 
     </span>
    </p>
   </div>
   <div class='ocr_carea' id='block_1_28' title="bbox 165 2863 1725 2934">
    <p class='ocr_par' dir='ltr' id='par_1_28' title="bbox 165 2863 1725 2934">
     <span class='ocr_line' id='line_1_28' title="bbox 165 2863 1725 2934; baseline -0.001 -17"><span class='ocrx_word' id='word_1_196' title='bbox 165 2867 206 2917; x_wconf 94' lang='lat' dir='ltr'><strong>si</strong></span> <span class='ocrx_word' id='word_1_197' title='bbox 229 2868 540 2919; x_wconf 90' lang='lat' dir='ltr'><strong>custodierit</strong></span> <span class='ocrx_word' id='word_1_198' title='bbox 568 2868 808 2919; x_wconf 88' lang='lat' dir='ltr'><strong>mandata</strong></span> <span class='ocrx_word' id='word_1_199' title='bbox 844 2867 1025 2934; x_wconf 78' lang='lat' dir='ltr'><strong>ipsius,</strong></span> <span class='ocrx_word' id='word_1_200' title='bbox 1048 2874 1097 2916; x_wconf 91' lang='lat' dir='ltr'><strong>et</strong></span> <span class='ocrx_word' id='word_1_201' title='bbox 1124 2864 1450 2916; x_wconf 88' lang='lat' dir='ltr'><strong>contrarium</strong></span> <span class='ocrx_word' id='word_1_202' title='bbox 1473 2863 1725 2927; x_wconf 88' lang='lat' dir='ltr'><strong>minatur,</strong></span> 
     </span>
    </p>
   </div>
   <div class='ocr_carea' id='block_1_29' title="bbox 165 2952 1725 3023">
    <p class='ocr_par' dir='ltr' id='par_1_29' title="bbox 165 2952 1725 3023">
     <span class='ocr_line' id='line_1_29' title="bbox 165 2952 1725 3023; baseline -0.001 -17"><span class='ocrx_word' id='word_1_203' title='bbox 165 2955 207 3006; x_wconf 85' lang='lat' dir='ltr'><strong>si</strong></span> <span class='ocrx_word' id='word_1_204' title='bbox 234 2956 605 3023; x_wconf 62' lang='lat' dir='ltr'><strong>prxvaricatus</strong></span> <span class='ocrx_word' id='word_1_205' title='bbox 645 2954 821 3008; x_wconf 86' lang='lat' dir='ltr'><strong>fuerit.</strong></span> <span class='ocrx_word' id='word_1_206' title='bbox 853 2954 976 3006; x_wconf 87' lang='lat' dir='ltr'><strong>Erat</strong></span> <span class='ocrx_word' id='word_1_207' title='bbox 1000 2963 1176 3005; x_wconf 90' lang='lat' dir='ltr'><strong>autem</strong></span> <span class='ocrx_word' id='word_1_208' title='bbox 1210 2952 1277 3003; x_wconf 90' lang='lat' dir='ltr'><strong>illi</strong></span> <span class='ocrx_word' id='word_1_209' title='bbox 1308 2952 1454 3005; x_wconf 90' lang='lat' dir='ltr'><strong>navis</strong></span> <span class='ocrx_word' id='word_1_210' title='bbox 1489 2967 1605 3020; x_wconf 64' lang='lat' dir='ltr'><strong>quae</strong></span> <span class='ocrx_word' id='word_1_211' title='bbox 1636 2967 1725 3004; x_wconf 81' lang='lat' dir='ltr'><strong>au—</strong></span> 
     </span>
    </p>
   </div>
   <div class='ocr_carea' id='block_1_30' title="bbox 165 3044 1726 3113">
    <p class='ocr_par' dir='ltr' id='par_1_30' title="bbox 165 3044 1726 3113">
     <span class='ocr_line' id='line_1_30' title="bbox 165 3044 1726 3113; baseline 0.001 -17"><span class='ocrx_word' id='word_1_212' title='bbox 165 3059 280 3096; x_wconf 90' lang='lat' dir='ltr'><strong>rum</strong></span> <span class='ocrx_word' id='word_1_213' title='bbox 311 3045 555 3099; x_wconf 84' lang='lat' dir='ltr'><strong>vehebat.</strong></span> <span class='ocrx_word' id='word_1_214' title='bbox 587 3044 815 3099; x_wconf 88' lang='lat' dir='ltr'><strong>Historia</strong></span> <span class='ocrx_word' id='word_1_215' title='bbox 843 3045 1037 3113; x_wconf 64' lang='lat' dir='ltr'><strong>reginae</strong></span> <span class='ocrx_word' id='word_1_216' title='bbox 1082 3044 1281 3107; x_wconf 86' lang='lat' dir='ltr'><strong>Austri,</strong></span> <span class='ocrx_word' id='word_1_217' title='bbox 1310 3058 1425 3111; x_wconf 67' lang='lat' dir='ltr'><strong>qua:</strong></span> <span class='ocrx_word' id='word_1_218' title='bbox 1456 3044 1597 3096; x_wconf 85' lang='lat' dir='ltr'><strong>venit</strong></span> <span class='ocrx_word' id='word_1_219' title='bbox 1623 3085 1635 3107; x_wconf 97' lang='lat'><strong>,</strong></span> <span class='ocrx_word' id='word_1_220' title='bbox 1672 3053 1726 3097; x_wconf 91' lang='lat' dir='ltr'><strong>ut</strong></span> 
     </span>
    </p>
   </div>
   <div class='ocr_carea' id='block_1_31' title="bbox 164 3132 1723 3204">
    <p class='ocr_par' dir='ltr' id='par_1_31' title="bbox 164 3132 1723 3204">
     <span class='ocr_line' id='line_1_31' title="bbox 164 3132 1723 3204; baseline -0.001 -19"><span class='ocrx_word' id='word_1_221' title='bbox 164 3134 376 3188; x_wconf 88' lang='lat' dir='ltr'><strong>audiret</strong></span> <span class='ocrx_word' id='word_1_222' title='bbox 402 3135 715 3204; x_wconf 89' lang='lat' dir='ltr'><strong>sapientiam</strong></span> <span class='ocrx_word' id='word_1_223' title='bbox 742 3136 876 3203; x_wconf 86' lang='lat' dir='ltr'><strong>ejus.</strong></span> <span class='ocrx_word' id='word_1_224' title='bbox 910 3135 983 3189; x_wconf 87' lang='lat' dir='ltr'><strong>De</strong></span> <span class='ocrx_word' id='word_1_225' title='bbox 1028 3134 1326 3203; x_wconf 83' lang='lat' dir='ltr'><strong>ingentibus</strong></span> <span class='ocrx_word' id='word_1_226' title='bbox 1366 3132 1479 3201; x_wconf 91' lang='lat' dir='ltr'><strong>ejus</strong></span> <span class='ocrx_word' id='word_1_227' title='bbox 1509 3133 1723 3197; x_wconf 81' lang='lat' dir='ltr'><strong>divitiis,</strong></span> 
     </span>
    </p>
   </div>
   <div class='ocr_carea' id='block_1_32' title="bbox 166 3221 1725 3294">
    <p class='ocr_par' dir='ltr' id='par_1_32' title="bbox 166 3221 1725 3294">
     <span class='ocr_line' id='line_1_32' title="bbox 166 3221 1725 3294; baseline -0.002 -18"><span class='ocrx_word' id='word_1_228' title='bbox 166 3225 234 3277; x_wconf 91' lang='lat' dir='ltr'><strong>de</strong></span> <span class='ocrx_word' id='word_1_229' title='bbox 262 3225 424 3277; x_wconf 90' lang='lat' dir='ltr'><strong>armis</strong></span> <span class='ocrx_word' id='word_1_230' title='bbox 447 3226 620 3279; x_wconf 89' lang='lat' dir='ltr'><strong>aureis</strong></span> <span class='ocrx_word' id='word_1_231' title='bbox 649 3241 764 3294; x_wconf 66' lang='lat' dir='ltr'><strong>quae</strong></span> <span class='ocrx_word' id='word_1_232' title='bbox 795 3226 904 3291; x_wconf 91' lang='lat' dir='ltr'><strong>ipse</strong></span> <span class='ocrx_word' id='word_1_233' title='bbox 930 3222 1088 3285; x_wconf 86' lang='lat' dir='ltr'><strong>fecit;</strong></span> <span class='ocrx_word' id='word_1_234' title='bbox 1122 3222 1188 3275; x_wconf 92' lang='lat' dir='ltr'><strong>de</strong></span> <span class='ocrx_word' id='word_1_235' title='bbox 1213 3222 1357 3290; x_wconf 88' lang='lat' dir='ltr'><strong>regni</strong></span> <span class='ocrx_word' id='word_1_236' title='bbox 1407 3221 1519 3289; x_wconf 89' lang='lat' dir='ltr'><strong>ejus</strong></span> <span class='ocrx_word' id='word_1_237' title='bbox 1546 3222 1725 3274; x_wconf 91' lang='lat' dir='ltr'><strong>limiti-</strong></span> 
     </span>
    </p>
   </div>
   <div class='ocr_carea' id='block_1_33' title="bbox 162 3311 1725 3382">
    <p class='ocr_par' dir='ltr' id='par_1_33' title="bbox 162 3311 1725 3382">
     <span class='ocr_line' id='line_1_33' title="bbox 162 3311 1725 3382; baseline -0.001 -16"><span class='ocrx_word' id='word_1_238' title='bbox 162 3316 283 3368; x_wconf 90' lang='lat' dir='ltr'><strong>bus.</strong></span> <span class='ocrx_word' id='word_1_239' title='bbox 319 3316 447 3368; x_wconf 88' lang='lat' dir='ltr'><strong>llinc</strong></span> <span class='ocrx_word' id='word_1_240' title='bbox 472 3316 536 3368; x_wconf 90' lang='lat' dir='ltr'><strong>de</strong></span> <span class='ocrx_word' id='word_1_241' title='bbox 587 3315 878 3369; x_wconf 89' lang='lat' dir='ltr'><strong>idololatria</strong></span> <span class='ocrx_word' id='word_1_242' title='bbox 924 3314 1041 3382; x_wconf 84' lang='lat' dir='ltr'><strong>ejus</strong></span> <span class='ocrx_word' id='word_1_243' title='bbox 1070 3322 1121 3367; x_wconf 91' lang='lat' dir='ltr'><strong>et</strong></span> <span class='ocrx_word' id='word_1_244' title='bbox 1164 3314 1228 3366; x_wconf 86' lang='lat' dir='ltr'><strong>de</strong></span> <span class='ocrx_word' id='word_1_245' title='bbox 1272 3311 1583 3372; x_wconf 80' lang='lat' dir='ltr'><strong>oﬂ&#39;ensione,</strong></span> <span class='ocrx_word' id='word_1_246' title='bbox 1624 3327 1725 3379; x_wconf 87' lang='lat' dir='ltr'><strong>qua</strong></span> 
     </span>
    </p>
   </div>
   <div class='ocr_carea' id='block_1_34' title="bbox 165 3400 1725 3464">
    <p class='ocr_par' dir='ltr' id='par_1_34' title="bbox 165 3400 1725 3464">
     <span class='ocr_line' id='line_1_34' title="bbox 165 3400 1725 3464; baseline -0.003 -9"><span class='ocrx_word' id='word_1_247' title='bbox 165 3404 330 3455; x_wconf 87' lang='lat' dir='ltr'><strong>Dcum</strong></span> <span class='ocrx_word' id='word_1_248' title='bbox 362 3403 599 3456; x_wconf 79' lang='lat' dir='ltr'><strong>oiTcndit.</strong></span> <span class='ocrx_word' id='word_1_249' title='bbox 632 3404 761 3457; x_wconf 90' lang='lat' dir='ltr'><strong>llinc</strong></span> <span class='ocrx_word' id='word_1_250' title='bbox 789 3404 943 3457; x_wconf 69' lang='lat' dir='ltr'><strong>mina}</strong></span> <span class='ocrx_word' id='word_1_251' title='bbox 964 3404 1216 3455; x_wconf 80' lang='lat' dir='ltr'><strong>adversus</strong></span> <span class='ocrx_word' id='word_1_252' title='bbox 1245 3401 1389 3453; x_wconf 87' lang='lat' dir='ltr'><strong>illum</strong></span> <span class='ocrx_word' id='word_1_253' title='bbox 1419 3400 1685 3453; x_wconf 80' lang='lat' dir='ltr'><strong>intentata:</strong></span> <span class='ocrx_word' id='word_1_254' title='bbox 1710 3441 1725 3464; x_wconf 88' lang='lat'><strong>,</strong></span> 
     </span>
    </p>
   </div>
   <div class='ocr_carea' id='block_1_35' title="bbox 165 3490 1725 3562">
    <p class='ocr_par' dir='ltr' id='par_1_35' title="bbox 165 3490 1725 3562">
     <span class='ocr_line' id='line_1_35' title="bbox 165 3490 1725 3562; baseline 0 -18"><span class='ocrx_word' id='word_1_255' title='bbox 165 3495 418 3561; x_wconf 88' lang='lat' dir='ltr'><strong>regnique</strong></span> <span class='ocrx_word' id='word_1_256' title='bbox 440 3495 551 3561; x_wconf 84' lang='lat' dir='ltr'><strong>ejus</strong></span> <span class='ocrx_word' id='word_1_257' title='bbox 582 3496 790 3555; x_wconf 84' lang='lat' dir='ltr'><strong>solutio,</strong></span> <span class='ocrx_word' id='word_1_258' title='bbox 824 3508 1027 3562; x_wconf 81' lang='lat' dir='ltr'><strong>paxque</strong></span> <span class='ocrx_word' id='word_1_259' title='bbox 1055 3493 1279 3545; x_wconf 89' lang='lat' dir='ltr'><strong>sublata.</strong></span> <span class='ocrx_word' id='word_1_260' title='bbox 1321 3490 1558 3543; x_wconf 81' lang='lat' dir='ltr'><strong>Rebellat</strong></span> <span class='ocrx_word' id='word_1_261' title='bbox 1586 3492 1725 3544; x_wconf 90' lang='lat' dir='ltr'><strong>cnint</strong></span> 
     </span>
    </p>
   </div>
   <div class='ocr_carea' id='block_1_36' title="bbox 161 3582 1726 3646">
    <p class='ocr_par' dir='ltr' id='par_1_36' title="bbox 161 3582 1726 3646">
     <span class='ocr_line' id='line_1_36' title="bbox 161 3582 1726 3646; baseline -0.001 -11"><span class='ocrx_word' id='word_1_262' title='bbox 161 3592 344 3635; x_wconf 75' lang='lat' dir='ltr'><strong>centra</strong></span> <span class='ocrx_word' id='word_1_263' title='bbox 396 3584 538 3636; x_wconf 90' lang='lat' dir='ltr'><strong>illum</strong></span> <span class='ocrx_word' id='word_1_264' title='bbox 587 3584 729 3637; x_wconf 78' lang='lat' dir='ltr'><strong>Adcr</strong></span> <span class='ocrx_word' id='word_1_265' title='bbox 775 3584 1052 3646; x_wconf 70' lang='lat' dir='ltr'><strong>lduma-tts,</strong></span> <span class='ocrx_word' id='word_1_266' title='bbox 1101 3592 1152 3634; x_wconf 92' lang='lat' dir='ltr'><strong>et</strong></span> <span class='ocrx_word' id='word_1_267' title='bbox 1198 3582 1439 3634; x_wconf 83' lang='lat' dir='ltr'><strong>Esdrom.</strong></span> <span class='ocrx_word' id='word_1_268' title='bbox 1486 3582 1726 3635; x_wconf 74' lang='lat' dir='ltr'><strong>llebellat</strong></span> 
     </span>
    </p>
   </div>
   <div class='ocr_carea' id='block_1_37' title="bbox 160 3671 1725 3740">
    <p class='ocr_par' dir='ltr' id='par_1_37' title="bbox 160 3671 1725 3740">
     <span class='ocr_line' id='line_1_37' title="bbox 160 3671 1725 3740; baseline 0 -15"><span class='ocrx_word' id='word_1_269' title='bbox 160 3675 319 3726; x_wconf 77' lang='lat' dir='ltr'><strong>etiam</strong></span> <span class='ocrx_word' id='word_1_270' title='bbox 352 3686 533 3728; x_wconf 90' lang='lat' dir='ltr'><strong>contra</strong></span> <span class='ocrx_word' id='word_1_271' title='bbox 588 3675 729 3729; x_wconf 91' lang='lat' dir='ltr'><strong>illum</strong></span> <span class='ocrx_word' id='word_1_272' title='bbox 781 3675 1060 3729; x_wconf 80' lang='lat' dir='ltr'><strong>Jeroboam</strong></span> <span class='ocrx_word' id='word_1_273' title='bbox 1100 3687 1283 3727; x_wconf 85' lang='lat' dir='ltr'><strong>servus</strong></span> <span class='ocrx_word' id='word_1_274' title='bbox 1314 3672 1448 3740; x_wconf 91' lang='lat' dir='ltr'><strong>ejus.</strong></span> <span class='ocrx_word' id='word_1_275' title='bbox 1486 3671 1635 3724; x_wconf 84' lang='lat' dir='ltr'><strong>Venit</strong></span> <span class='ocrx_word' id='word_1_276' title='bbox 1661 3672 1725 3725; x_wconf 91' lang='lat' dir='ltr'><strong>ad</strong></span> 
     </span>
    </p>
   </div>
   <div class='ocr_carea' id='block_1_38' title="bbox 158 3762 1725 3833">
    <p class='ocr_par' dir='ltr' id='par_1_38' title="bbox 158 3762 1725 3833">
     <span class='ocr_line' id='line_1_38' title="bbox 158 3762 1725 3833; baseline -0.002 -16"><span class='ocrx_word' id='word_1_277' title='bbox 158 3764 444 3818; x_wconf 80' lang='lat' dir='ltr'><strong>Jeroboam</strong></span> <span class='ocrx_word' id='word_1_278' title='bbox 497 3766 659 3818; x_wconf 83' lang='lat' dir='ltr'><strong>Acbia</strong></span> <span class='ocrx_word' id='word_1_279' title='bbox 716 3766 989 3833; x_wconf 80' lang='lat' dir='ltr'><strong>propheta.</strong></span> <span class='ocrx_word' id='word_1_280' title='bbox 1022 3764 1213 3832; x_wconf 88' lang='lat' dir='ltr'><strong>datque</strong></span> <span class='ocrx_word' id='word_1_281' title='bbox 1254 3763 1326 3815; x_wconf 92' lang='lat' dir='ltr'><strong>illi</strong></span> <span class='ocrx_word' id='word_1_282' title='bbox 1380 3762 1725 3815; x_wconf 87' lang='lat' dir='ltr'><strong>scindendum</strong></span> 
     </span>
    </p>
   </div>
   <div class='ocr_carea' id='block_1_39' title="bbox 158 3852 1724 3922">
    <p class='ocr_par' dir='ltr' id='par_1_39' title="bbox 158 3852 1724 3922">
     <span class='ocr_line' id='line_1_39' title="bbox 158 3852 1724 3922; baseline 0 -17"><span class='ocrx_word' id='word_1_283' title='bbox 158 3854 535 3907; x_wconf 76' lang='lat' dir='ltr'><strong>vestimentum</strong></span> <span class='ocrx_word' id='word_1_284' title='bbox 586 3855 636 3907; x_wconf 92' lang='lat' dir='ltr'><strong>in</strong></span> <span class='ocrx_word' id='word_1_285' title='bbox 670 3855 885 3908; x_wconf 89' lang='lat' dir='ltr'><strong>lacinias</strong></span> <span class='ocrx_word' id='word_1_286' title='bbox 919 3854 1103 3908; x_wconf 89' lang='lat' dir='ltr'><strong>decem</strong></span> <span class='ocrx_word' id='word_1_287' title='bbox 1128 3895 1142 3919; x_wconf 94' lang='lat'><strong>,</strong></span> <span class='ocrx_word' id='word_1_288' title='bbox 1193 3852 1611 3922; x_wconf 63' lang='lat' dir='ltr'><strong>pra-significans</strong></span> <span class='ocrx_word' id='word_1_289' title='bbox 1652 3852 1724 3905; x_wconf 89' lang='lat' dir='ltr'><strong>illi</strong></span> 
     </span>
    </p>
   </div>
   <div class='ocr_carea' id='block_1_40' title="bbox 157 3940 1722 4009">
    <p class='ocr_par' dir='ltr' id='par_1_40' title="bbox 157 3940 1722 4009">
     <span class='ocr_line' id='line_1_40' title="bbox 157 3940 1722 4009; baseline 0 -16"><span class='ocrx_word' id='word_1_290' title='bbox 157 3940 301 4009; x_wconf 88' lang='lat' dir='ltr'><strong>quod</strong></span> <span class='ocrx_word' id='word_1_291' title='bbox 332 3940 515 3994; x_wconf 86' lang='lat' dir='ltr'><strong>decem</strong></span> <span class='ocrx_word' id='word_1_292' title='bbox 542 3951 746 4009; x_wconf 91' lang='lat' dir='ltr'><strong>sceptra</strong></span> <span class='ocrx_word' id='word_1_293' title='bbox 772 3942 1044 3995; x_wconf 85' lang='lat' dir='ltr'><strong>habiturus</strong></span> <span class='ocrx_word' id='word_1_294' title='bbox 1075 3952 1235 3995; x_wconf 89' lang='lat' dir='ltr'><strong>esset.</strong></span> <span class='ocrx_word' id='word_1_295' title='bbox 1266 3942 1393 3993; x_wconf 80' lang='lat' dir='ltr'><strong>Cum</strong></span> <span class='ocrx_word' id='word_1_296' title='bbox 1428 3956 1585 4008; x_wconf 91' lang='lat' dir='ltr'><strong>porro</strong></span> <span class='ocrx_word' id='word_1_297' title='bbox 1615 3941 1722 3993; x_wconf 80' lang='lat' dir='ltr'><strong>vel-</strong></span> 
     </span>
    </p>
   </div>
   <div class='ocr_carea' id='block_1_41' title="bbox 160 4029 1725 4100">
    <p class='ocr_par' dir='ltr' id='par_1_41' title="bbox 160 4029 1725 4100">
     <span class='ocr_line' id='line_1_41' title="bbox 160 4029 1725 4100; baseline -0.001 -15"><span class='ocrx_word' id='word_1_298' title='bbox 160 4031 234 4085; x_wconf 88' lang='lat' dir='ltr'><strong>let</strong></span> <span class='ocrx_word' id='word_1_299' title='bbox 254 4030 504 4085; x_wconf 88' lang='lat' dir='ltr'><strong>Salomon</strong></span> <span class='ocrx_word' id='word_1_300' title='bbox 530 4032 673 4085; x_wconf 93' lang='lat' dir='ltr'><strong>illum</strong></span> <span class='ocrx_word' id='word_1_301' title='bbox 705 4029 966 4095; x_wconf 85' lang='lat' dir='ltr'><strong>occidere,</strong></span> <span class='ocrx_word' id='word_1_302' title='bbox 990 4030 1121 4100; x_wconf 85' lang='lat' dir='ltr'><strong>fugit</strong></span> <span class='ocrx_word' id='word_1_303' title='bbox 1152 4031 1201 4083; x_wconf 92' lang='lat' dir='ltr'><strong>in</strong></span> <span class='ocrx_word' id='word_1_304' title='bbox 1233 4030 1542 4099; x_wconf 64' lang='lat' dir='ltr'><strong>Egyptum.</strong></span> <span class='ocrx_word' id='word_1_305' title='bbox 1569 4030 1725 4083; x_wconf 77' lang='lat' dir='ltr'><strong>Redit</strong></span> 
     </span>
    </p>
   </div>
   <div class='ocr_carea' id='block_1_42' title="bbox 158 4118 1726 4193">
    <p class='ocr_par' dir='ltr' id='par_1_42' title="bbox 158 4118 1726 4193">
     <span class='ocr_line' id='line_1_42' title="bbox 158 4118 1726 4193; baseline -0.003 -18"><span class='ocrx_word' id='word_1_306' title='bbox 158 4123 228 4177; x_wconf 86' lang='lat' dir='ltr'><strong>ab</strong></span> <span class='ocrx_word' id='word_1_307' title='bbox 256 4120 486 4193; x_wconf 64' lang='lat' dir='ltr'><strong>Egypto</strong></span> <span class='ocrx_word' id='word_1_308' title='bbox 528 4122 831 4187; x_wconf 80' lang='lat' dir='ltr'><strong>Jcroboam,</strong></span> <span class='ocrx_word' id='word_1_309' title='bbox 886 4129 1095 4175; x_wconf 93' lang='lat' dir='ltr'><strong>mortuo</strong></span> <span class='ocrx_word' id='word_1_310' title='bbox 1136 4119 1440 4173; x_wconf 86' lang='lat' dir='ltr'><strong>Salomone.</strong></span> <span class='ocrx_word' id='word_1_311' title='bbox 1495 4118 1726 4188; x_wconf 86' lang='lat' dir='ltr'><strong>Pepttlus</strong></span> 
     </span>
    </p>
   </div>
   <div class='ocr_carea' id='block_1_43' title="bbox 157 4210 1724 4279">
    <p class='ocr_par' dir='ltr' id='par_1_43' title="bbox 157 4210 1724 4279">
     <span class='ocr_line' id='line_1_43' title="bbox 157 4210 1724 4279; baseline -0.002 -13"><span class='ocrx_word' id='word_1_312' title='bbox 157 4222 337 4267; x_wconf 88' lang='lat' dir='ltr'><strong>autem</strong></span> <span class='ocrx_word' id='word_1_313' title='bbox 364 4213 549 4265; x_wconf 87' lang='lat' dir='ltr'><strong>adiens</strong></span> <span class='ocrx_word' id='word_1_314' title='bbox 578 4212 815 4266; x_wconf 81' lang='lat' dir='ltr'><strong>Roboam</strong></span> <span class='ocrx_word' id='word_1_315' title='bbox 847 4212 1010 4264; x_wconf 89' lang='lat' dir='ltr'><strong>filium</strong></span> <span class='ocrx_word' id='word_1_316' title='bbox 1058 4210 1376 4275; x_wconf 87' lang='lat' dir='ltr'><strong>Salomonis,</strong></span> <span class='ocrx_word' id='word_1_317' title='bbox 1405 4210 1621 4279; x_wconf 88' lang='lat' dir='ltr'><strong>rogabat</strong></span> <span class='ocrx_word' id='word_1_318' title='bbox 1651 4210 1724 4263; x_wconf 88' lang='lat' dir='ltr'><strong>le-</strong></span> 
     </span>
    </p>
   </div>
   <div class='ocr_carea' id='block_1_44' title="bbox 157 4300 1722 4370">
    <p class='ocr_par' dir='ltr' id='par_1_44' title="bbox 157 4300 1722 4370">
     <span class='ocr_line' id='line_1_44' title="bbox 157 4300 1722 4370; baseline -0.001 -17"><span class='ocrx_word' id='word_1_319' title='bbox 157 4303 310 4355; x_wconf 84' lang='lat' dir='ltr'><strong>viore</strong></span> <span class='ocrx_word' id='word_1_320' title='bbox 340 4300 439 4354; x_wconf 87' lang='lat' dir='ltr'><strong>frui</strong></span> <span class='ocrx_word' id='word_1_321' title='bbox 470 4302 709 4370; x_wconf 89' lang='lat' dir='ltr'><strong>imperio,</strong></span> <span class='ocrx_word' id='word_1_322' title='bbox 743 4315 898 4370; x_wconf 90' lang='lat' dir='ltr'><strong>quam</strong></span> <span class='ocrx_word' id='word_1_323' title='bbox 922 4301 1019 4355; x_wconf 88' lang='lat' dir='ltr'><strong>sub</strong></span> <span class='ocrx_word' id='word_1_324' title='bbox 1040 4300 1356 4363; x_wconf 85' lang='lat' dir='ltr'><strong>SalomOne;</strong></span> <span class='ocrx_word' id='word_1_325' title='bbox 1396 4300 1483 4353; x_wconf 90' lang='lat' dir='ltr'><strong>ille</strong></span> <span class='ocrx_word' id='word_1_326' title='bbox 1512 4314 1636 4352; x_wconf 90' lang='lat' dir='ltr'><strong>vero</strong></span> <span class='ocrx_word' id='word_1_327' title='bbox 1659 4314 1722 4352; x_wconf 84' lang='lat' dir='ltr'><strong>ex</strong></span> 
     </span>
    </p>
   </div>
   <div class='ocr_carea' id='block_1_45' title="bbox 158 4389 1722 4461">
    <p class='ocr_par' dir='ltr' id='par_1_45' title="bbox 158 4389 1722 4461">
     <span class='ocr_line' id='line_1_45' title="bbox 158 4389 1722 4461; baseline -0.002 -15"><span class='ocrx_word' id='word_1_328' title='bbox 158 4393 388 4446; x_wconf 79' lang='lat' dir='ltr'><strong>Consilio</strong></span> <span class='ocrx_word' id='word_1_329' title='bbox 405 4393 653 4459; x_wconf 92' lang='lat' dir='ltr'><strong>juvenum</strong></span> <span class='ocrx_word' id='word_1_330' title='bbox 682 4391 1028 4461; x_wconf 90' lang='lat' dir='ltr'><strong>quorumdam</strong></span> <span class='ocrx_word' id='word_1_331' title='bbox 1056 4432 1069 4455; x_wconf 97' lang='lat'><strong>,</strong></span> <span class='ocrx_word' id='word_1_332' title='bbox 1114 4391 1200 4459; x_wconf 90' lang='lat' dir='ltr'><strong>qtti</strong></span> <span class='ocrx_word' id='word_1_333' title='bbox 1233 4405 1349 4443; x_wconf 93' lang='lat' dir='ltr'><strong>cum</strong></span> <span class='ocrx_word' id='word_1_334' title='bbox 1376 4391 1489 4458; x_wconf 91' lang='lat' dir='ltr'><strong>ipso</strong></span> <span class='ocrx_word' id='word_1_335' title='bbox 1515 4389 1722 4443; x_wconf 89' lang='lat' dir='ltr'><strong>educati</strong></span> 
     </span>
    </p>
   </div>
   <div class='ocr_carea' id='block_1_46' title="bbox 158 4480 1724 4549">
    <p class='ocr_par' dir='ltr' id='par_1_46' title="bbox 158 4480 1724 4549">
     <span class='ocr_line' id='line_1_46' title="bbox 158 4480 1724 4549; baseline -0.004 -11"><span class='ocrx_word' id='word_1_336' title='bbox 158 4482 394 4545; x_wconf 79' lang='lat' dir='ltr'><strong>fuerant,</strong></span> <span class='ocrx_word' id='word_1_337' title='bbox 427 4482 655 4535; x_wconf 88' lang='lat' dir='ltr'><strong>minatus</strong></span> <span class='ocrx_word' id='word_1_338' title='bbox 680 4491 761 4535; x_wconf 91' lang='lat' dir='ltr'><strong>est</strong></span> <span class='ocrx_word' id='word_1_339' title='bbox 784 4496 841 4535; x_wconf 90' lang='lat' dir='ltr'><strong>se</strong></span> <span class='ocrx_word' id='word_1_340' title='bbox 869 4483 1106 4549; x_wconf 86' lang='lat' dir='ltr'><strong>graviore</strong></span> <span class='ocrx_word' id='word_1_341' title='bbox 1126 4494 1344 4533; x_wconf 91' lang='lat' dir='ltr'><strong>usurum</strong></span> <span class='ocrx_word' id='word_1_342' title='bbox 1371 4480 1610 4545; x_wconf 88' lang='lat' dir='ltr'><strong>imperio.</strong></span> <span class='ocrx_word' id='word_1_343' title='bbox 1643 4480 1724 4531; x_wconf 86' lang='lat' dir='ltr'><strong>ln-</strong></span> 
     </span>
    </p>
   </div>
   <div class='ocr_carea' id='block_1_47' title="bbox 158 4567 1722 4635">
    <p class='ocr_par' dir='ltr' id='par_1_47' title="bbox 158 4567 1722 4635">
     <span class='ocr_line' id='line_1_47' title="bbox 158 4567 1722 4635; baseline -0.006 -8"><span class='ocrx_word' id='word_1_344' title='bbox 158 4574 225 4627; x_wconf 90' lang='lat' dir='ltr'><strong>de</strong></span> <span class='ocrx_word' id='word_1_345' title='bbox 250 4572 433 4627; x_wconf 71' lang='lat' dir='ltr'><strong>divisa:</strong></span> <span class='ocrx_word' id='word_1_346' title='bbox 459 4581 581 4625; x_wconf 92' lang='lat' dir='ltr'><strong>sunt</strong></span> <span class='ocrx_word' id='word_1_347' title='bbox 608 4570 790 4624; x_wconf 89' lang='lat' dir='ltr'><strong>decem</strong></span> <span class='ocrx_word' id='word_1_348' title='bbox 822 4570 1009 4634; x_wconf 91' lang='lat' dir='ltr'><strong>tribus,</strong></span> <span class='ocrx_word' id='word_1_349' title='bbox 1061 4578 1115 4622; x_wconf 90' lang='lat' dir='ltr'><strong>et</strong></span> <span class='ocrx_word' id='word_1_350' title='bbox 1152 4582 1329 4635; x_wconf 84' lang='lat' dir='ltr'><strong>regem</strong></span> <span class='ocrx_word' id='word_1_351' title='bbox 1370 4567 1469 4621; x_wconf 88' lang='lat' dir='ltr'><strong>sibi</strong></span> <span class='ocrx_word' id='word_1_352' title='bbox 1524 4570 1722 4622; x_wconf 89' lang='lat' dir='ltr'><strong>consti-</strong></span> 
     </span>
    </p>
   </div>
   <div class='ocr_carea' id='block_1_48' title="bbox 156 4661 1721 4721">
    <p class='ocr_par' dir='ltr' id='par_1_48' title="bbox 156 4661 1721 4721">
     <span class='ocr_line' id='line_1_48' title="bbox 156 4661 1721 4721; baseline -0.006 0"><span class='ocrx_word' id='word_1_353' title='bbox 156 4674 376 4721; x_wconf 89' lang='lat' dir='ltr'><strong>tuerunt</strong></span> <span class='ocrx_word' id='word_1_354' title='bbox 409 4666 709 4721; x_wconf 80' lang='lat' dir='ltr'><strong>Jeroboam.</strong></span> <span class='ocrx_word' id='word_1_355' title='bbox 740 4664 972 4718; x_wconf 81' lang='lat' dir='ltr'><strong>Roboam</strong></span> <span class='ocrx_word' id='word_1_356' title='bbox 1002 4676 1127 4715; x_wconf 92' lang='lat' dir='ltr'><strong>vero</strong></span> <span class='ocrx_word' id='word_1_357' title='bbox 1151 4662 1417 4714; x_wconf 88' lang='lat' dir='ltr'><strong>volentem</strong></span> <span class='ocrx_word' id='word_1_358' title='bbox 1445 4671 1625 4713; x_wconf 93' lang='lat' dir='ltr'><strong>contra</strong></span> <span class='ocrx_word' id='word_1_359' title='bbox 1659 4661 1721 4713; x_wconf 89' lang='lat' dir='ltr'><strong>il-</strong></span> 
     </span>
    </p>
   </div>
   <div class='ocr_carea' id='block_1_49' title="bbox 157 4749 1723 4817">
    <p class='ocr_par' dir='ltr' id='par_1_49' title="bbox 157 4749 1723 4817">
     <span class='ocr_line' id='line_1_49' title="bbox 157 4749 1723 4817; baseline -0.006 -7"><span class='ocrx_word' id='word_1_360' title='bbox 157 4757 269 4810; x_wconf 90' lang='lat' dir='ltr'><strong>lum</strong></span> <span class='ocrx_word' id='word_1_361' title='bbox 292 4770 507 4810; x_wconf 83' lang='lat' dir='ltr'><strong>movere</strong></span> <span class='ocrx_word' id='word_1_362' title='bbox 541 4754 735 4809; x_wconf 88' lang='lat' dir='ltr'><strong>bellum</strong></span> <span class='ocrx_word' id='word_1_363' title='bbox 766 4753 901 4806; x_wconf 91' lang='lat' dir='ltr'><strong>Deus</strong></span> <span class='ocrx_word' id='word_1_364' title='bbox 918 4750 1172 4805; x_wconf 86' lang='lat' dir='ltr'><strong>cohibuit.</strong></span> <span class='ocrx_word' id='word_1_365' title='bbox 1200 4749 1332 4803; x_wconf 90' lang='lat' dir='ltr'><strong>Cum</strong></span> <span class='ocrx_word' id='word_1_366' title='bbox 1368 4760 1541 4802; x_wconf 89' lang='lat' dir='ltr'><strong>autem</strong></span> <span class='ocrx_word' id='word_1_367' title='bbox 1560 4762 1723 4817; x_wconf 63' lang='lat' dir='ltr'><strong>argroo</strong></span> 
     </span>
    </p>
   </div>
   <div class='ocr_carea' id='block_1_50' title="bbox 156 4839 1722 4905">
    <p class='ocr_par' dir='ltr' id='par_1_50' title="bbox 156 4839 1722 4905">
     <span class='ocr_line' id='line_1_50' title="bbox 156 4839 1722 4905; baseline -0.004 -6"><span class='ocrx_word' id='word_1_368' title='bbox 156 4856 297 4900; x_wconf 87' lang='lat' dir='ltr'><strong>taret</strong></span> <span class='ocrx_word' id='word_1_369' title='bbox 322 4847 455 4899; x_wconf 79' lang='lat' dir='ltr'><strong>filius</strong></span> <span class='ocrx_word' id='word_1_370' title='bbox 484 4844 787 4905; x_wconf 86' lang='lat' dir='ltr'><strong>Jeroboam,</strong></span> <span class='ocrx_word' id='word_1_371' title='bbox 816 4843 973 4895; x_wconf 91' lang='lat' dir='ltr'><strong>mittit</strong></span> <span class='ocrx_word' id='word_1_372' title='bbox 999 4855 1214 4894; x_wconf 88' lang='lat' dir='ltr'><strong>uxorem</strong></span> <span class='ocrx_word' id='word_1_373' title='bbox 1244 4855 1389 4893; x_wconf 91' lang='lat' dir='ltr'><strong>suam</strong></span> <span class='ocrx_word' id='word_1_374' title='bbox 1420 4839 1485 4891; x_wconf 91' lang='lat' dir='ltr'><strong>ad</strong></span> <span class='ocrx_word' id='word_1_375' title='bbox 1504 4840 1722 4892; x_wconf 82' lang='lat' dir='ltr'><strong>Acbiam</strong></span> 
     </span>
    </p>
   </div>
   <div class='ocr_carea' id='block_1_51' title="bbox 157 4930 1725 5003">
    <p class='ocr_par' dir='ltr' id='par_1_51' title="bbox 157 4930 1725 5003">
     <span class='ocr_line' id='line_1_51' title="bbox 157 4930 1725 5003; baseline -0.001 -18"><span class='ocrx_word' id='word_1_376' title='bbox 157 4934 498 5003; x_wconf 85' lang='lat' dir='ltr'><strong>prophetam,</strong></span> <span class='ocrx_word' id='word_1_377' title='bbox 521 4934 587 4987; x_wconf 91' lang='lat' dir='ltr'><strong>de</strong></span> <span class='ocrx_word' id='word_1_378' title='bbox 636 4932 823 4986; x_wconf 89' lang='lat' dir='ltr'><strong>morbo</strong></span> <span class='ocrx_word' id='word_1_379' title='bbox 866 4933 1245 4986; x_wconf 87' lang='lat' dir='ltr'><strong>sciseitaturam</strong></span> <span class='ocrx_word' id='word_1_380' title='bbox 1271 4947 1283 4981; x_wconf 92' lang='lat'><strong>:</strong></span> <span class='ocrx_word' id='word_1_381' title='bbox 1314 4930 1403 4983; x_wconf 90' lang='lat' dir='ltr'><strong>ille</strong></span> <span class='ocrx_word' id='word_1_382' title='bbox 1439 4944 1566 4983; x_wconf 89' lang='lat' dir='ltr'><strong>vero</strong></span> <span class='ocrx_word' id='word_1_383' title='bbox 1593 4930 1725 4983; x_wconf 86' lang='lat' dir='ltr'><strong>dixit</strong></span> 
     </span>
    </p>
   </div>
   <div class='ocr_carea' id='block_1_52' title="bbox 157 5019 1722 5090">
    <p class='ocr_par' dir='ltr' id='par_1_52' title="bbox 157 5019 1722 5090">
     <span class='ocr_line' id='line_1_52' title="bbox 157 5019 1722 5090; baseline -0.002 -14"><span class='ocrx_word' id='word_1_384' title='bbox 157 5038 276 5076; x_wconf 89' lang='lat' dir='ltr'><strong>esse</strong></span> <span class='ocrx_word' id='word_1_385' title='bbox 308 5024 641 5084; x_wconf 89' lang='lat' dir='ltr'><strong>moriturum,</strong></span> <span class='ocrx_word' id='word_1_386' title='bbox 666 5032 718 5075; x_wconf 90' lang='lat' dir='ltr'><strong>et</strong></span> <span class='ocrx_word' id='word_1_387' title='bbox 748 5030 988 5075; x_wconf 88' lang='lat' dir='ltr'><strong>mortuus</strong></span> <span class='ocrx_word' id='word_1_388' title='bbox 1013 5030 1093 5075; x_wconf 92' lang='lat' dir='ltr'><strong>est</strong></span> <span class='ocrx_word' id='word_1_389' title='bbox 1114 5020 1208 5090; x_wconf 89' lang='lat' dir='ltr'><strong>(a).</strong></span> <span class='ocrx_word' id='word_1_390' title='bbox 1235 5019 1722 5074; x_wconf 83' lang='lat' dir='ltr'><strong>StatuitJeroboam</strong></span> 
     </span>
    </p>
   </div>
   <div class='ocr_carea' id='block_1_53' title="bbox 161 5110 1725 5175">
    <p class='ocr_par' dir='ltr' id='par_1_53' title="bbox 161 5110 1725 5175">
     <span class='ocr_line' id='line_1_53' title="bbox 161 5110 1725 5175; baseline -0.001 -12"><span class='ocrx_word' id='word_1_391' title='bbox 161 5114 359 5166; x_wconf 78' lang='lat' dir='ltr'><strong>vitulas</strong></span> <span class='ocrx_word' id='word_1_392' title='bbox 388 5126 595 5175; x_wconf 90' lang='lat' dir='ltr'><strong>aureas,</strong></span> <span class='ocrx_word' id='word_1_393' title='bbox 620 5112 839 5165; x_wconf 90' lang='lat' dir='ltr'><strong>alteram</strong></span> <span class='ocrx_word' id='word_1_394' title='bbox 868 5113 919 5164; x_wconf 92' lang='lat' dir='ltr'><strong>in</strong></span> <span class='ocrx_word' id='word_1_395' title='bbox 942 5110 1159 5173; x_wconf 62' lang='lat' dir='ltr'><strong>Bsthel,</strong></span> <span class='ocrx_word' id='word_1_396' title='bbox 1186 5110 1403 5163; x_wconf 91' lang='lat' dir='ltr'><strong>alteram</strong></span> <span class='ocrx_word' id='word_1_397' title='bbox 1430 5110 1479 5162; x_wconf 90' lang='lat' dir='ltr'><strong>in</strong></span> <span class='ocrx_word' id='word_1_398' title='bbox 1510 5110 1637 5172; x_wconf 85' lang='lat' dir='ltr'><strong>Dan,</strong></span> <span class='ocrx_word' id='word_1_399' title='bbox 1660 5124 1725 5162; x_wconf 92' lang='lat' dir='ltr'><strong>ne</strong></span> 
     </span>
    </p>
   </div>
   <div class='ocr_carea' id='block_1_54' title="bbox 160 5199 1725 5270">
    <p class='ocr_par' dir='ltr' id='par_1_54' title="bbox 160 5199 1725 5270">
     <span class='ocr_line' id='line_1_54' title="bbox 160 5199 1725 5270; baseline -0.002 -18"><span class='ocrx_word' id='word_1_400' title='bbox 160 5202 388 5270; x_wconf 82' lang='lat' dir='ltr'><strong>populus</strong></span> <span class='ocrx_word' id='word_1_401' title='bbox 409 5201 721 5255; x_wconf 78' lang='lat' dir='ltr'><strong>ascenderet</strong></span> <span class='ocrx_word' id='word_1_402' title='bbox 749 5202 799 5254; x_wconf 91' lang='lat' dir='ltr'><strong>in</strong></span> <span class='ocrx_word' id='word_1_403' title='bbox 829 5202 1145 5254; x_wconf 84' lang='lat' dir='ltr'><strong>Jerusalem.</strong></span> <span class='ocrx_word' id='word_1_404' title='bbox 1180 5199 1309 5253; x_wconf 90' lang='lat' dir='ltr'><strong>Cum</strong></span> <span class='ocrx_word' id='word_1_405' title='bbox 1339 5208 1513 5252; x_wconf 90' lang='lat' dir='ltr'><strong>autem</strong></span> <span class='ocrx_word' id='word_1_406' title='bbox 1540 5200 1725 5250; x_wconf 88' lang='lat' dir='ltr'><strong>immo-</strong></span> 
     </span>
    </p>
   </div>
   <div class='ocr_carea' id='block_1_55' title="bbox 160 5288 1724 5357">
    <p class='ocr_par' dir='ltr' id='par_1_55' title="bbox 160 5288 1724 5357">
     <span class='ocr_line' id='line_1_55' title="bbox 160 5288 1724 5357; baseline -0.003 -11"><span class='ocrx_word' id='word_1_407' title='bbox 160 5295 292 5347; x_wconf 89' lang='lat' dir='ltr'><strong>Iaret</strong></span> <span class='ocrx_word' id='word_1_408' title='bbox 324 5293 417 5357; x_wconf 89' lang='lat' dir='ltr'><strong>ibi,</strong></span> <span class='ocrx_word' id='word_1_409' title='bbox 449 5307 570 5345; x_wconf 89' lang='lat' dir='ltr'><strong>ecce</strong></span> <span class='ocrx_word' id='word_1_410' title='bbox 601 5291 758 5345; x_wconf 92' lang='lat' dir='ltr'><strong>homo</strong></span> <span class='ocrx_word' id='word_1_411' title='bbox 785 5292 880 5345; x_wconf 87' lang='lat' dir='ltr'><strong>Dei</strong></span> <span class='ocrx_word' id='word_1_412' title='bbox 925 5292 1141 5345; x_wconf 89' lang='lat' dir='ltr'><strong>veniens</strong></span> <span class='ocrx_word' id='word_1_413' title='bbox 1171 5290 1448 5357; x_wconf 87' lang='lat' dir='ltr'><strong>prophetat</strong></span> <span class='ocrx_word' id='word_1_414' title='bbox 1487 5290 1553 5343; x_wconf 94' lang='lat' dir='ltr'><strong>de</strong></span> <span class='ocrx_word' id='word_1_415' title='bbox 1581 5288 1724 5343; x_wconf 82' lang='lat' dir='ltr'><strong>Josia</strong></span> 
     </span>
    </p>
   </div>
   <div class='ocr_carea' id='block_1_56' title="bbox 220 5420 1723 5485">
    <p class='ocr_par' dir='ltr' id='par_1_56' title="bbox 220 5420 1723 5485">
     <span class='ocr_line' id='line_1_56' title="bbox 220 5420 1723 5485; baseline -0.005 -12"><span class='ocrx_word' id='word_1_416' title='bbox 220 5426 295 5485; x_wconf 81' lang='grc' dir='ltr'>(ιι)</span> <span class='ocrx_word' id='word_1_417' title='bbox 322 5432 431 5485; x_wconf 63' lang='lat' dir='ltr'><strong>liae</strong></span> <span class='ocrx_word' id='word_1_418' title='bbox 447 5435 556 5484; x_wconf 69' lang='lat' dir='ltr'><strong>qua:</strong></span> <span class='ocrx_word' id='word_1_419' title='bbox 584 5421 956 5485; x_wconf 47' lang='lat' dir='ltr'><strong>deggritudine</strong></span> <span class='ocrx_word' id='word_1_420' title='bbox 981 5421 1059 5485; x_wconf 77' lang='lat' dir='ltr'><strong>filii</strong></span> <span class='ocrx_word' id='word_1_421' title='bbox 1082 5420 1347 5467; x_wconf 88' lang='lat' dir='ltr'><strong>Jeroboatni</strong></span> <span class='ocrx_word' id='word_1_422' title='bbox 1371 5420 1588 5485; x_wconf 75' lang='lat' dir='ltr'><strong>dicuntur</strong></span> <span class='ocrx_word' id='word_1_423' title='bbox 1614 5432 1723 5480; x_wconf 86' lang='lat' dir='ltr'><strong>per-</strong></span> 
     </span>
    </p>
   </div>
   <div class='ocr_carea' id='block_1_57' title="bbox 160 5480 1725 5541">
    <p class='ocr_par' dir='ltr' id='par_1_57' title="bbox 160 5480 1725 5541">
     <span class='ocr_line' id='line_1_57' title="bbox 160 5480 1725 5541; baseline -0.004 -9"><span class='ocrx_word' id='word_1_424' title='bbox 160 5480 321 5533; x_wconf 67' lang='lat' dir='ltr'><strong>tinent</strong></span> <span class='ocrx_word' id='word_1_425' title='bbox 354 5484 412 5531; x_wconf 83' lang='lat' dir='ltr'><strong>ad</strong></span> <span class='ocrx_word' id='word_1_426' title='bbox 451 5480 594 5541; x_wconf 76' lang='lat' dir='ltr'><strong>caput</strong></span> <span class='ocrx_word' id='word_1_427' title='bbox 628 5480 859 5530; x_wconf 77' lang='lat' dir='ltr'><strong>XlVliliri</strong></span> <span class='ocrx_word' id='word_1_428' title='bbox 885 5482 1013 5529; x_wconf 88' lang='lat' dir='ltr'><strong>tertii</strong></span> <span class='ocrx_word' id='word_1_429' title='bbox 1041 5488 1246 5541; x_wconf 76' lang='lat' dir='ltr'><strong>Regum.</strong></span> <span class='ocrx_word' id='word_1_430' title='bbox 1273 5487 1323 5527; x_wconf 90' lang='lat' dir='ltr'><strong>et</strong></span> <span class='ocrx_word' id='word_1_431' title='bbox 1348 5487 1452 5537; x_wconf 86' lang='lat' dir='ltr'><strong>post</strong></span> <span class='ocrx_word' id='word_1_432' title='bbox 1476 5480 1725 5527; x_wconf 87' lang='lat' dir='ltr'><strong>vitularum</strong></span> 
     </span>
    </p>
   </div>
   <div class='ocr_carea' id='block_1_58' title="bbox 159 5541 1725 5601">
    <p class='ocr_par' dir='ltr' id='par_1_58' title="bbox 159 5541 1725 5601">
     <span class='ocr_line' id='line_1_58' title="bbox 159 5541 1725 5601; baseline -0.003 -10"><span class='ocrx_word' id='word_1_433' title='bbox 159 5557 415 5592; x_wconf 78' lang='lat' dir='ltr'><strong>aurearum</strong></span> <span class='ocrx_word' id='word_1_434' title='bbox 447 5541 628 5592; x_wconf 83' lang='lat' dir='ltr'><strong>cultum</strong></span> <span class='ocrx_word' id='word_1_435' title='bbox 666 5543 901 5590; x_wconf 84' lang='lat' dir='ltr'><strong>habentur</strong></span> <span class='ocrx_word' id='word_1_436' title='bbox 938 5544 985 5589; x_wconf 88' lang='lat' dir='ltr'><strong>iu</strong></span> <span class='ocrx_word' id='word_1_437' title='bbox 1018 5542 1231 5597; x_wconf 71' lang='lat' dir='ltr'><strong>Hebrmo,</strong></span> <span class='ocrx_word' id='word_1_438' title='bbox 1258 5543 1305 5587; x_wconf 90' lang='lat' dir='ltr'><strong>in</strong></span> <span class='ocrx_word' id='word_1_439' title='bbox 1329 5541 1559 5601; x_wconf 75' lang='lat' dir='ltr'><strong>Vulgatis,</strong></span> <span class='ocrx_word' id='word_1_440' title='bbox 1583 5548 1725 5601; x_wconf 88' lang='lat' dir='ltr'><strong>atque</strong></span> 
     </span>
    </p>
   </div>
   <div class='ocr_carea' id='block_1_59' title="bbox 161 5603 1726 5717">
    <p class='ocr_par' dir='ltr' id='par_1_59' title="bbox 161 5603 1726 5717">
     <span class='ocr_line' id='line_1_59' title="bbox 161 5603 1726 5717; baseline 0 -66"><span class='ocrx_word' id='word_1_441' title='bbox 161 5607 210 5652; x_wconf 90' lang='lat' dir='ltr'><strong>in</strong></span> <span class='ocrx_word' id='word_1_442' title='bbox 234 5603 484 5717; x_wconf 48' lang='lat' dir='ltr'><strong>h‘exaplari</strong></span> <span class='ocrx_word' id='word_1_443' title='bbox 504 5605 733 5654; x_wconf 64' lang='lat' dir='ltr'><strong>mlitione.</strong></span> <span class='ocrx_word' id='word_1_444' title='bbox 752 5603 839 5651; x_wconf 75' lang='lat' dir='ltr'><strong>Sed</strong></span> <span class='ocrx_word' id='word_1_445' title='bbox 858 5605 907 5652; x_wconf 78' lang='lat' dir='ltr'><strong>in</strong></span> <span class='ocrx_word' id='word_1_446' title='bbox 924 5604 1026 5652; x_wconf 82' lang='lat' dir='ltr'><strong>aliis</strong></span> <span class='ocrx_word' id='word_1_447' title='bbox 1047 5605 1220 5651; x_wconf 67' lang='lat' dir='ltr'><strong>amcis</strong></span> <span class='ocrx_word' id='word_1_448' title='bbox 1236 5604 1524 5649; x_wconf 71' lang='lat' dir='ltr'><strong>tlditiouibus</strong></span> <span class='ocrx_word' id='word_1_449' title='bbox 1539 5603 1726 5651; x_wconf 75' lang='lat' dir='ltr'><strong>inversa</strong></span> 
     </span>
     <span class='ocr_line' id='line_1_60' title="bbox 161 5677 251 5713; baseline -0.022 0"><span class='ocrx_word' id='word_1_450' title='bbox 161 5677 251 5713; x_wconf 78' lang='lat' dir='ltr'><strong>suo</strong></span> 
     </span>
    </p>
   </div>
   <div class='ocr_carea' id='block_1_60' title="bbox 158 5677 251 5713">
    <p class='ocr_par' dir='ltr' id='par_1_60' title="bbox 158 5677 251 5713">
     <span class='ocr_line' id='line_1_61' title="bbox 158 5677 251 5713; baseline -0.022 0"><span class='ocrx_word' id='word_1_451' title='bbox 158 5677 251 5713; x_wconf 65' lang='grc'><strong>31111</strong></span> 
     </span>
    </p>
   </div>
   <div class='ocr_carea' id='block_1_61' title="bbox 1214 318 2274 381">
    <p class='ocr_par' dir='ltr' id='par_1_61' title="bbox 1214 318 2274 381">
     <span class='ocr_line' id='line_1_62' title="bbox 1214 318 2274 381; baseline -0.006 0"><span class='ocrx_word' id='word_1_452' title='bbox 1214 322 1530 381; x_wconf 79' lang='lat' dir='ltr'><strong>SYNOPSIS</strong></span> <span class='ocrx_word' id='word_1_453' title='bbox 1566 318 1968 376; x_wconf 68' lang='lat' dir='ltr'><strong>SCRIPTUIUE</strong></span> <span class='ocrx_word' id='word_1_454' title='bbox 2006 319 2274 375; x_wconf 66' lang='lat' dir='ltr'><strong>SACRE.</strong></span> 
     </span>
    </p>
   </div>
   <div class='ocr_carea' id='block_1_62' title="bbox 3300 353 3410 406">
    <p class='ocr_par' dir='ltr' id='par_1_62' title="bbox 3300 353 3410 406">
     <span class='ocr_line' id='line_1_63' title="bbox 3300 353 3410 406; baseline 0 0"><span class='ocrx_word' id='word_1_455' title='bbox 3300 353 3410 406; x_wconf 84' lang='grc'><strong>350</strong></span> 
     </span>
    </p>
   </div>
   <div class='ocr_carea' id='block_1_63' title="bbox 1847 439 3402 508">
    <p class='ocr_par' dir='ltr' id='par_1_63' title="bbox 1847 439 3402 508">
     <span class='ocr_line' id='line_1_64' title="bbox 1847 439 3402 508; baseline 0.003 -21"><span class='ocrx_word' id='word_1_456' title='bbox 1847 448 1987 503; x_wconf 87' lang='lat' dir='ltr'><strong>rege.</strong></span> <span class='ocrx_word' id='word_1_457' title='bbox 2020 442 2084 489; x_wconf 75' lang='lat' dir='ltr'><strong>Et</strong></span> <span class='ocrx_word' id='word_1_458' title='bbox 2124 439 2334 492; x_wconf 82' lang='lat' dir='ltr'><strong>exaruit</strong></span> <span class='ocrx_word' id='word_1_459' title='bbox 2356 440 2492 508; x_wconf 85' lang='lat' dir='ltr'><strong>regis</strong></span> <span class='ocrx_word' id='word_1_460' title='bbox 2539 454 2743 502; x_wconf 90' lang='lat' dir='ltr'><strong>manus,</strong></span> <span class='ocrx_word' id='word_1_461' title='bbox 2768 448 2819 493; x_wconf 95' lang='lat' dir='ltr'><strong>et</strong></span> <span class='ocrx_word' id='word_1_462' title='bbox 2849 449 2998 508; x_wconf 85' lang='lat' dir='ltr'><strong>rupta</strong></span> <span class='ocrx_word' id='word_1_463' title='bbox 3027 452 3109 497; x_wconf 85' lang='lat' dir='ltr'><strong>est</strong></span> <span class='ocrx_word' id='word_1_464' title='bbox 3128 456 3239 497; x_wconf 87' lang='lat' dir='ltr'><strong>ara.</strong></span> <span class='ocrx_word' id='word_1_465' title='bbox 3268 442 3402 494; x_wconf 77' lang='lat' dir='ltr'><strong>Pro.</strong></span> 
     </span>
    </p>
   </div>
   <div class='ocr_carea' id='block_1_64' title="bbox 1841 524 3399 597">
    <p class='ocr_par' dir='ltr' id='par_1_64' title="bbox 1841 524 3399 597">
     <span class='ocr_line' id='line_1_65' title="bbox 1841 524 3399 597; baseline 0.006 -22"><span class='ocrx_word' id='word_1_466' title='bbox 1841 524 1997 591; x_wconf 89' lang='lat' dir='ltr'><strong>pheta</strong></span> <span class='ocrx_word' id='word_1_467' title='bbox 2026 537 2199 579; x_wconf 88' lang='lat' dir='ltr'><strong>autem</strong></span> <span class='ocrx_word' id='word_1_468' title='bbox 2232 528 2391 581; x_wconf 91' lang='lat' dir='ltr'><strong>Deum</strong></span> <span class='ocrx_word' id='word_1_469' title='bbox 2416 538 2685 597; x_wconf 89' lang='lat' dir='ltr'><strong>precante,</strong></span> <span class='ocrx_word' id='word_1_470' title='bbox 2718 544 2808 582; x_wconf 87' lang='lat' dir='ltr'><strong>rex</strong></span> <span class='ocrx_word' id='word_1_471' title='bbox 2835 544 2990 582; x_wconf 89' lang='lat' dir='ltr'><strong>sanus</strong></span> <span class='ocrx_word' id='word_1_472' title='bbox 3015 529 3182 583; x_wconf 82' lang='lat' dir='ltr'><strong>factus</strong></span> <span class='ocrx_word' id='word_1_473' title='bbox 3207 541 3305 584; x_wconf 91' lang='lat' dir='ltr'><strong>est.</strong></span> <span class='ocrx_word' id='word_1_474' title='bbox 3333 532 3399 585; x_wconf 83' lang='lat' dir='ltr'><strong>Et</strong></span> 
     </span>
    </p>
   </div>
   <div class='ocr_carea' id='block_1_65' title="bbox 1840 614 3399 687">
    <p class='ocr_par' dir='ltr' id='par_1_65' title="bbox 1840 614 3399 687">
     <span class='ocr_line' id='line_1_66' title="bbox 1840 614 3399 687; baseline 0.005 -22"><span class='ocrx_word' id='word_1_475' title='bbox 1840 614 2055 681; x_wconf 86' lang='lat' dir='ltr'><strong>rogabat</strong></span> <span class='ocrx_word' id='word_1_476' title='bbox 2086 617 2393 685; x_wconf 89' lang='lat' dir='ltr'><strong>prophetam</strong></span> <span class='ocrx_word' id='word_1_477' title='bbox 2426 628 2481 671; x_wconf 94' lang='lat' dir='ltr'><strong>ut</strong></span> <span class='ocrx_word' id='word_1_478' title='bbox 2530 619 2829 687; x_wconf 86' lang='lat' dir='ltr'><strong>epularetur</strong></span> <span class='ocrx_word' id='word_1_479' title='bbox 2854 618 2991 686; x_wconf 91' lang='lat' dir='ltr'><strong>apud</strong></span> <span class='ocrx_word' id='word_1_480' title='bbox 3017 633 3093 672; x_wconf 89' lang='lat' dir='ltr'><strong>se.</strong></span> <span class='ocrx_word' id='word_1_481' title='bbox 3142 621 3232 673; x_wconf 90' lang='lat' dir='ltr'><strong>llle</strong></span> <span class='ocrx_word' id='word_1_482' title='bbox 3274 636 3399 674; x_wconf 88' lang='lat' dir='ltr'><strong>vero</strong></span> 
     </span>
    </p>
   </div>
   <div class='ocr_carea' id='block_1_66' title="bbox 1840 707 3396 778">
    <p class='ocr_par' dir='ltr' id='par_1_66' title="bbox 1840 707 3396 778">
     <span class='ocr_line' id='line_1_67' title="bbox 1840 707 3396 778; baseline 0.004 -20"><span class='ocrx_word' id='word_1_483' title='bbox 1840 707 2071 772; x_wconf 87' lang='lat' dir='ltr'><strong>nolebat,</strong></span> <span class='ocrx_word' id='word_1_484' title='bbox 2107 709 2195 762; x_wconf 89' lang='lat' dir='ltr'><strong>Dei</strong></span> <span class='ocrx_word' id='word_1_485' title='bbox 2237 718 2556 778; x_wconf 71' lang='lat' dir='ltr'><strong>prmceptum</strong></span> <span class='ocrx_word' id='word_1_486' title='bbox 2585 724 2823 772; x_wconf 89' lang='lat' dir='ltr'><strong>servans,</strong></span> <span class='ocrx_word' id='word_1_487' title='bbox 2869 711 3005 777; x_wconf 91' lang='lat' dir='ltr'><strong>quod</strong></span> <span class='ocrx_word' id='word_1_488' title='bbox 3044 725 3161 763; x_wconf 93' lang='lat' dir='ltr'><strong>cum</strong></span> <span class='ocrx_word' id='word_1_489' title='bbox 3216 721 3396 777; x_wconf 87' lang='lat' dir='ltr'><strong>postea</strong></span> 
     </span>
    </p>
   </div>
   <div class='ocr_carea' id='block_1_67' title="bbox 1841 801 3396 867">
    <p class='ocr_par' dir='ltr' id='par_1_67' title="bbox 1841 801 3396 867">
     <span class='ocr_line' id='line_1_68' title="bbox 1841 801 3396 867; baseline 0.003 -18"><span class='ocrx_word' id='word_1_490' title='bbox 1841 807 2205 867; x_wconf 86' lang='lat' dir='ltr'><strong>transgressus</strong></span> <span class='ocrx_word' id='word_1_491' title='bbox 2250 810 2432 866; x_wconf 91' lang='lat' dir='ltr'><strong>esset,</strong></span> <span class='ocrx_word' id='word_1_492' title='bbox 2466 801 2672 853; x_wconf 90' lang='lat' dir='ltr'><strong>occisus</strong></span> <span class='ocrx_word' id='word_1_493' title='bbox 2722 811 2802 855; x_wconf 86' lang='lat' dir='ltr'><strong>est</strong></span> <span class='ocrx_word' id='word_1_494' title='bbox 2833 816 2861 855; x_wconf 90' lang='lat' dir='ltr'><strong>a</strong></span> <span class='ocrx_word' id='word_1_495' title='bbox 2908 804 3076 855; x_wconf 85' lang='lat' dir='ltr'><strong>leone.</strong></span> <span class='ocrx_word' id='word_1_496' title='bbox 3118 802 3396 855; x_wconf 88' lang='lat' dir='ltr'><strong>Jeroboam</strong></span> 
     </span>
    </p>
   </div>
   <div class='ocr_carea' id='block_1_68' title="bbox 1838 889 3393 958">
    <p class='ocr_par' dir='ltr' id='par_1_68' title="bbox 1838 889 3393 958">
     <span class='ocr_line' id='line_1_69' title="bbox 1838 889 3393 958; baseline 0.004 -20"><span class='ocrx_word' id='word_1_497' title='bbox 1838 896 2012 939; x_wconf 88' lang='lat' dir='ltr'><strong>autem</strong></span> <span class='ocrx_word' id='word_1_498' title='bbox 2040 889 2209 942; x_wconf 90' lang='lat' dir='ltr'><strong>adhuc</strong></span> <span class='ocrx_word' id='word_1_499' title='bbox 2252 890 2497 943; x_wconf 88' lang='lat' dir='ltr'><strong>manebat</strong></span> <span class='ocrx_word' id='word_1_500' title='bbox 2524 890 2573 942; x_wconf 92' lang='lat' dir='ltr'><strong>in</strong></span> <span class='ocrx_word' id='word_1_501' title='bbox 2616 890 2883 958; x_wconf 87' lang='lat' dir='ltr'><strong>impietate</strong></span> <span class='ocrx_word' id='word_1_502' title='bbox 2909 906 3019 951; x_wconf 89' lang='lat' dir='ltr'><strong>sua,</strong></span> <span class='ocrx_word' id='word_1_503' title='bbox 3072 900 3126 943; x_wconf 91' lang='lat' dir='ltr'><strong>et</strong></span> <span class='ocrx_word' id='word_1_504' title='bbox 3160 891 3393 944; x_wconf 81' lang='lat' dir='ltr'><strong>Roboatn</strong></span> 
     </span>
    </p>
   </div>
   <div class='ocr_carea' id='block_1_69' title="bbox 1839 975 3394 1032">
    <p class='ocr_par' dir='ltr' id='par_1_69' title="bbox 1839 975 3394 1032">
     <span class='ocr_line' id='line_1_70' title="bbox 1839 975 3394 1032; baseline 0.001 -5"><span class='ocrx_word' id='word_1_505' title='bbox 1839 975 1978 1027; x_wconf 90' lang='lat' dir='ltr'><strong>idola</strong></span> <span class='ocrx_word' id='word_1_506' title='bbox 2012 976 2171 1029; x_wconf 90' lang='lat' dir='ltr'><strong>coluit</strong></span> <span class='ocrx_word' id='word_1_507' title='bbox 2211 977 2456 1030; x_wconf 90' lang='lat' dir='ltr'><strong>omnibus</strong></span> <span class='ocrx_word' id='word_1_508' title='bbox 2488 979 2605 1030; x_wconf 75' lang='lat' dir='ltr'><strong>vita:</strong></span> <span class='ocrx_word' id='word_1_509' title='bbox 2629 992 2737 1031; x_wconf 70' lang='lat' dir='ltr'><strong>sua:</strong></span> <span class='ocrx_word' id='word_1_510' title='bbox 2763 980 2937 1032; x_wconf 88' lang='lat' dir='ltr'><strong>antiis.</strong></span> <span class='ocrx_word' id='word_1_511' title='bbox 2970 979 3200 1031; x_wconf 83' lang='lat' dir='ltr'><strong>Veniens</strong></span> <span class='ocrx_word' id='word_1_512' title='bbox 3231 979 3394 1032; x_wconf 84' lang='lat' dir='ltr'><strong>Susa-</strong></span> 
     </span>
    </p>
   </div>
   <div class='ocr_carea' id='block_1_70' title="bbox 1837 1066 3389 1135">
    <p class='ocr_par' dir='ltr' id='par_1_70' title="bbox 1837 1066 3389 1135">
     <span class='ocr_line' id='line_1_71' title="bbox 1837 1066 3389 1135; baseline 0.005 -18"><span class='ocrx_word' id='word_1_513' title='bbox 1837 1066 1937 1117; x_wconf 92' lang='lat' dir='ltr'><strong>cim</strong></span> <span class='ocrx_word' id='word_1_514' title='bbox 1967 1067 2163 1132; x_wconf 89' lang='lat' dir='ltr'><strong>accepit</strong></span> <span class='ocrx_word' id='word_1_515' title='bbox 2199 1067 2491 1121; x_wconf 87' lang='lat' dir='ltr'><strong>thesauros.</strong></span> <span class='ocrx_word' id='word_1_516' title='bbox 2523 1068 2646 1121; x_wconf 81' lang='lat' dir='ltr'><strong>l’ost</strong></span> <span class='ocrx_word' id='word_1_517' title='bbox 2681 1070 2815 1121; x_wconf 87' lang='lat' dir='ltr'><strong>hunc</strong></span> <span class='ocrx_word' id='word_1_518' title='bbox 2845 1080 3025 1135; x_wconf 80' lang='lat' dir='ltr'><strong>regnat</strong></span> <span class='ocrx_word' id='word_1_519' title='bbox 3064 1070 3222 1122; x_wconf 85' lang='lat' dir='ltr'><strong>Abias</strong></span> <span class='ocrx_word' id='word_1_520' title='bbox 3254 1071 3389 1124; x_wconf 87' lang='lat' dir='ltr'><strong>Illius</strong></span> 
     </span>
    </p>
   </div>
   <div class='ocr_carea' id='block_1_71' title="bbox 1837 1156 3388 1223">
    <p class='ocr_par' dir='ltr' id='par_1_71' title="bbox 1837 1156 3388 1223">
     <span class='ocr_line' id='line_1_72' title="bbox 1837 1156 3388 1223; baseline 0.005 -18"><span class='ocrx_word' id='word_1_521' title='bbox 1837 1156 1971 1220; x_wconf 76' lang='lat' dir='ltr'><strong>ejus,</strong></span> <span class='ocrx_word' id='word_1_522' title='bbox 2001 1165 2052 1208; x_wconf 92' lang='lat' dir='ltr'><strong>et</strong></span> <span class='ocrx_word' id='word_1_523' title='bbox 2083 1167 2197 1223; x_wconf 89' lang='lat' dir='ltr'><strong>post</strong></span> <span class='ocrx_word' id='word_1_524' title='bbox 2223 1156 2359 1211; x_wconf 90' lang='lat' dir='ltr'><strong>hunc</strong></span> <span class='ocrx_word' id='word_1_525' title='bbox 2384 1159 2485 1209; x_wconf 85' lang='lat' dir='ltr'><strong>Asa</strong></span> <span class='ocrx_word' id='word_1_526' title='bbox 2516 1157 2818 1210; x_wconf 83' lang='lat' dir='ltr'><strong>tiliusAbia.</strong></span> <span class='ocrx_word' id='word_1_527' title='bbox 2853 1158 2974 1210; x_wconf 84' lang='lat' dir='ltr'><strong>Post</strong></span> <span class='ocrx_word' id='word_1_528' title='bbox 2996 1158 3272 1211; x_wconf 84' lang='lat' dir='ltr'><strong>Jeroboam</strong></span> <span class='ocrx_word' id='word_1_529' title='bbox 3303 1176 3388 1213; x_wconf 89' lang='lat' dir='ltr'><strong>re-</strong></span> 
     </span>
    </p>
   </div>
   <div class='ocr_carea' id='block_1_72' title="bbox 1835 1246 3391 1315">
    <p class='ocr_par' dir='ltr' id='par_1_72' title="bbox 1835 1246 3391 1315">
     <span class='ocr_line' id='line_1_73' title="bbox 1835 1246 3391 1315; baseline 0.003 -21"><span class='ocrx_word' id='word_1_530' title='bbox 1835 1254 1961 1311; x_wconf 89' lang='lat' dir='ltr'><strong>gnat</strong></span> <span class='ocrx_word' id='word_1_531' title='bbox 1992 1246 2128 1297; x_wconf 81' lang='lat' dir='ltr'><strong>filius</strong></span> <span class='ocrx_word' id='word_1_532' title='bbox 2149 1246 2263 1312; x_wconf 89' lang='lat' dir='ltr'><strong>ejus</strong></span> <span class='ocrx_word' id='word_1_533' title='bbox 2292 1246 2441 1299; x_wconf 82' lang='lat' dir='ltr'><strong>Adab</strong></span> <span class='ocrx_word' id='word_1_534' title='bbox 2471 1246 2543 1315; x_wconf 83' lang='grc' dir='ltr'><strong>(α)</strong></span> <span class='ocrx_word' id='word_1_535' title='bbox 2572 1264 2585 1297; x_wconf 89' lang='lat'>:</span> <span class='ocrx_word' id='word_1_536' title='bbox 2610 1262 2764 1314; x_wconf 89' lang='lat' dir='ltr'><strong>quem</strong></span> <span class='ocrx_word' id='word_1_537' title='bbox 2795 1263 2912 1299; x_wconf 91' lang='lat' dir='ltr'><strong>cum</strong></span> <span class='ocrx_word' id='word_1_538' title='bbox 2936 1248 3216 1302; x_wconf 75' lang='lat' dir='ltr'><strong>occidisset</strong></span> <span class='ocrx_word' id='word_1_539' title='bbox 3236 1249 3391 1314; x_wconf 86' lang='lat' dir='ltr'><strong>Basa,</strong></span> 
     </span>
    </p>
   </div>
   <div class='ocr_carea' id='block_1_73' title="bbox 1836 1334 3395 1401">
    <p class='ocr_par' dir='ltr' id='par_1_73' title="bbox 1836 1334 3395 1401">
     <span class='ocr_line' id='line_1_74' title="bbox 1836 1334 3395 1401; baseline 0.004 -16"><span class='ocrx_word' id='word_1_540' title='bbox 1836 1334 2071 1401; x_wconf 82' lang='lat' dir='ltr'><strong>regnavit</strong></span> <span class='ocrx_word' id='word_1_541' title='bbox 2098 1345 2149 1387; x_wconf 93' lang='lat' dir='ltr'><strong>et</strong></span> <span class='ocrx_word' id='word_1_542' title='bbox 2168 1335 2394 1388; x_wconf 89' lang='lat' dir='ltr'><strong>bellabat</strong></span> <span class='ocrx_word' id='word_1_543' title='bbox 2420 1343 2600 1388; x_wconf 90' lang='lat' dir='ltr'><strong>contra</strong></span> <span class='ocrx_word' id='word_1_544' title='bbox 2620 1337 2743 1389; x_wconf 82' lang='lat' dir='ltr'><strong>Asa.</strong></span> <span class='ocrx_word' id='word_1_545' title='bbox 2770 1336 2861 1389; x_wconf 88' lang='lat' dir='ltr'><strong>llic</strong></span> <span class='ocrx_word' id='word_1_546' title='bbox 2889 1337 3083 1389; x_wconf 80' lang='lat' dir='ltr'><strong>auxilio</strong></span> <span class='ocrx_word' id='word_1_547' title='bbox 3106 1352 3229 1389; x_wconf 85' lang='lat' dir='ltr'><strong>usus</strong></span> <span class='ocrx_word' id='word_1_548' title='bbox 3255 1338 3395 1392; x_wconf 86' lang='lat' dir='ltr'><strong>Adcr</strong></span> 
     </span>
    </p>
   </div>
   <div class='ocr_carea' id='block_1_74' title="bbox 1836 1424 3390 1497">
    <p class='ocr_par' dir='ltr' id='par_1_74' title="bbox 1836 1424 3390 1497">
     <span class='ocr_line' id='line_1_75' title="bbox 1836 1424 3390 1497; baseline 0.005 -21"><span class='ocrx_word' id='word_1_549' title='bbox 1836 1424 1952 1492; x_wconf 86' lang='lat' dir='ltr'><strong>Syri</strong></span> <span class='ocrx_word' id='word_1_550' title='bbox 1984 1428 2224 1491; x_wconf 88' lang='lat' dir='ltr'><strong>superior</strong></span> <span class='ocrx_word' id='word_1_551' title='bbox 2248 1426 2361 1480; x_wconf 82' lang='lat' dir='ltr'><strong>fuit.</strong></span> <span class='ocrx_word' id='word_1_552' title='bbox 2411 1426 2539 1492; x_wconf 89' lang='lat' dir='ltr'><strong>Quia</strong></span> <span class='ocrx_word' id='word_1_553' title='bbox 2589 1443 2712 1480; x_wconf 78' lang='lat' dir='ltr'><strong>vero</strong></span> <span class='ocrx_word' id='word_1_554' title='bbox 2758 1428 3026 1497; x_wconf 88' lang='lat' dir='ltr'><strong>improbus</strong></span> <span class='ocrx_word' id='word_1_555' title='bbox 3068 1440 3179 1481; x_wconf 87' lang='lat' dir='ltr'><strong>erat</strong></span> <span class='ocrx_word' id='word_1_556' title='bbox 3224 1431 3390 1493; x_wconf 87' lang='lat' dir='ltr'><strong>Basa,</strong></span> 
     </span>
    </p>
   </div>
   <div class='ocr_carea' id='block_1_75' title="bbox 1836 1516 3389 1589">
    <p class='ocr_par' dir='ltr' id='par_1_75' title="bbox 1836 1516 3389 1589">
     <span class='ocr_line' id='line_1_76' title="bbox 1836 1516 3389 1589; baseline 0.005 -22"><span class='ocrx_word' id='word_1_557' title='bbox 1836 1518 2063 1567; x_wconf 88' lang='lat' dir='ltr'><strong>minatur</strong></span> <span class='ocrx_word' id='word_1_558' title='bbox 2093 1516 2187 1584; x_wconf 90' lang='lat' dir='ltr'><strong>ipsi</strong></span> <span class='ocrx_word' id='word_1_559' title='bbox 2236 1516 2371 1569; x_wconf 89' lang='lat' dir='ltr'><strong>Deus</strong></span> <span class='ocrx_word' id='word_1_560' title='bbox 2404 1518 2536 1570; x_wconf 86' lang='lat' dir='ltr'><strong>mala</strong></span> <span class='ocrx_word' id='word_1_561' title='bbox 2570 1518 2818 1586; x_wconf 91' lang='lat' dir='ltr'><strong>ingentia.</strong></span> <span class='ocrx_word' id='word_1_562' title='bbox 2854 1519 2943 1571; x_wconf 89' lang='lat' dir='ltr'><strong>Illo</strong></span> <span class='ocrx_word' id='word_1_563' title='bbox 2965 1531 3170 1572; x_wconf 90' lang='lat' dir='ltr'><strong>mortuo</strong></span> <span class='ocrx_word' id='word_1_564' title='bbox 3201 1536 3389 1589; x_wconf 87' lang='lat' dir='ltr'><strong>regna-</strong></span> 
     </span>
    </p>
   </div>
   <div class='ocr_carea' id='block_1_76' title="bbox 1835 1605 3393 1674">
    <p class='ocr_par' dir='ltr' id='par_1_76' title="bbox 1835 1605 3393 1674">
     <span class='ocr_line' id='line_1_77' title="bbox 1835 1605 3393 1674; baseline 0.004 -18"><span class='ocrx_word' id='word_1_565' title='bbox 1835 1607 1904 1658; x_wconf 92' lang='lat' dir='ltr'><strong>vit</strong></span> <span class='ocrx_word' id='word_1_566' title='bbox 1935 1606 2024 1659; x_wconf 84' lang='lat' dir='ltr'><strong>Eia</strong></span> <span class='ocrx_word' id='word_1_567' title='bbox 2048 1605 2184 1658; x_wconf 87' lang='lat' dir='ltr'><strong>filius</strong></span> <span class='ocrx_word' id='word_1_568' title='bbox 2214 1606 2345 1672; x_wconf 89' lang='lat' dir='ltr'><strong>ejus,</strong></span> <span class='ocrx_word' id='word_1_569' title='bbox 2377 1622 2531 1674; x_wconf 91' lang='lat' dir='ltr'><strong>quem</strong></span> <span class='ocrx_word' id='word_1_570' title='bbox 2559 1622 2675 1659; x_wconf 92' lang='lat' dir='ltr'><strong>cum</strong></span> <span class='ocrx_word' id='word_1_571' title='bbox 2707 1609 2986 1660; x_wconf 71' lang='lat' dir='ltr'><strong>occidisst-t</strong></span> <span class='ocrx_word' id='word_1_572' title='bbox 3014 1609 3220 1661; x_wconf 84' lang='lat' dir='ltr'><strong>Zambri</strong></span> <span class='ocrx_word' id='word_1_573' title='bbox 3258 1626 3393 1664; x_wconf 84' lang='lat' dir='ltr'><strong>unus</strong></span> 
     </span>
    </p>
   </div>
   <div class='ocr_carea' id='block_1_77' title="bbox 1836 1695 3390 1764">
    <p class='ocr_par' dir='ltr' id='par_1_77' title="bbox 1836 1695 3390 1764">
     <span class='ocr_line' id='line_1_78' title="bbox 1836 1695 3390 1764; baseline 0.001 -16"><span class='ocrx_word' id='word_1_574' title='bbox 1836 1697 2149 1764; x_wconf 88' lang='lat' dir='ltr'><strong>principum,</strong></span> <span class='ocrx_word' id='word_1_575' title='bbox 2200 1696 2437 1762; x_wconf 83' lang='lat' dir='ltr'><strong>regnavit</strong></span> <span class='ocrx_word' id='word_1_576' title='bbox 2482 1695 2612 1763; x_wconf 87' lang='lat' dir='ltr'><strong>ipse,</strong></span> <span class='ocrx_word' id='word_1_577' title='bbox 2665 1705 2718 1749; x_wconf 89' lang='lat' dir='ltr'><strong>et</strong></span> <span class='ocrx_word' id='word_1_578' title='bbox 2744 1696 2934 1749; x_wconf 77' lang='lat' dir='ltr'><strong>delevit</strong></span> <span class='ocrx_word' id='word_1_579' title='bbox 2978 1700 3189 1751; x_wconf 89' lang='lat' dir='ltr'><strong>domum</strong></span> <span class='ocrx_word' id='word_1_580' title='bbox 3222 1698 3390 1751; x_wconf 58' lang='lat' dir='ltr'><strong>Busan</strong></span> 
     </span>
    </p>
   </div>
   <div class='ocr_carea' id='block_1_78' title="bbox 1834 1785 3392 1855">
    <p class='ocr_par' dir='ltr' id='par_1_78' title="bbox 1834 1785 3392 1855">
     <span class='ocr_line' id='line_1_79' title="bbox 1834 1785 3392 1855; baseline 0.002 -16"><span class='ocrx_word' id='word_1_581' title='bbox 1834 1785 1902 1839; x_wconf 92' lang='lat' dir='ltr'><strong>Ut</strong></span> <span class='ocrx_word' id='word_1_582' title='bbox 1944 1798 2119 1838; x_wconf 87' lang='lat' dir='ltr'><strong>autem</strong></span> <span class='ocrx_word' id='word_1_583' title='bbox 2148 1785 2353 1838; x_wconf 87' lang='lat' dir='ltr'><strong>Zambri</strong></span> <span class='ocrx_word' id='word_1_584' title='bbox 2380 1800 2585 1853; x_wconf 89' lang='lat' dir='ltr'><strong>quoque</strong></span> <span class='ocrx_word' id='word_1_585' title='bbox 2615 1797 2848 1838; x_wconf 72' lang='lat' dir='ltr'><strong>mortuus</strong></span> <span class='ocrx_word' id='word_1_586' title='bbox 2878 1795 2977 1850; x_wconf 90' lang='lat' dir='ltr'><strong>est,</strong></span> <span class='ocrx_word' id='word_1_587' title='bbox 3010 1801 3126 1839; x_wconf 91' lang='lat' dir='ltr'><strong>cum</strong></span> <span class='ocrx_word' id='word_1_588' title='bbox 3161 1788 3392 1855; x_wconf 83' lang='lat' dir='ltr'><strong>seipsmn</strong></span> 
     </span>
    </p>
   </div>
   <div class='ocr_carea' id='block_1_79' title="bbox 1834 1876 3390 1945">
    <p class='ocr_par' dir='ltr' id='par_1_79' title="bbox 1834 1876 3390 1945">
     <span class='ocr_line' id='line_1_80' title="bbox 1834 1876 3390 1945; baseline 0.002 -16"><span class='ocrx_word' id='word_1_589' title='bbox 1834 1877 2168 1939; x_wconf 88' lang='lat' dir='ltr'><strong>incendisset,</strong></span> <span class='ocrx_word' id='word_1_590' title='bbox 2192 1885 2374 1945; x_wconf 82' lang='lat' dir='ltr'><strong>regnat</strong></span> <span class='ocrx_word' id='word_1_591' title='bbox 2394 1876 2592 1929; x_wconf 82' lang='lat' dir='ltr'><strong>Atnbri.</strong></span> <span class='ocrx_word' id='word_1_592' title='bbox 2612 1876 2741 1929; x_wconf 82' lang='lat' dir='ltr'><strong>Cum</strong></span> <span class='ocrx_word' id='word_1_593' title='bbox 2767 1885 2938 1930; x_wconf 89' lang='lat' dir='ltr'><strong>autem</strong></span> <span class='ocrx_word' id='word_1_594' title='bbox 2969 1877 3053 1931; x_wconf 90' lang='lat' dir='ltr'><strong>hic</strong></span> <span class='ocrx_word' id='word_1_595' title='bbox 3073 1880 3226 1931; x_wconf 92' lang='lat' dir='ltr'><strong>etiam</strong></span> <span class='ocrx_word' id='word_1_596' title='bbox 3246 1896 3390 1932; x_wconf 88' lang='lat' dir='ltr'><strong>mor-</strong></span> 
     </span>
    </p>
   </div>
   <div class='ocr_carea' id='block_1_80' title="bbox 1834 1967 3390 2036">
    <p class='ocr_par' dir='ltr' id='par_1_80' title="bbox 1834 1967 3390 2036">
     <span class='ocr_line' id='line_1_81' title="bbox 1834 1967 3390 2036; baseline 0.002 -17"><span class='ocrx_word' id='word_1_597' title='bbox 1834 1977 1951 2019; x_wconf 91' lang='lat' dir='ltr'><strong>tuus</strong></span> <span class='ocrx_word' id='word_1_598' title='bbox 2000 1977 2166 2030; x_wconf 82' lang='lat' dir='ltr'><strong>esset,</strong></span> <span class='ocrx_word' id='word_1_599' title='bbox 2199 1978 2382 2036; x_wconf 73' lang='lat' dir='ltr'><strong>regnat</strong></span> <span class='ocrx_word' id='word_1_600' title='bbox 2414 1967 2624 2020; x_wconf 84' lang='lat' dir='ltr'><strong>Achaab</strong></span> <span class='ocrx_word' id='word_1_601' title='bbox 2663 1968 2797 2021; x_wconf 83' lang='lat' dir='ltr'><strong>illius</strong></span> <span class='ocrx_word' id='word_1_602' title='bbox 2826 1970 2959 2035; x_wconf 91' lang='lat' dir='ltr'><strong>ejus.</strong></span> <span class='ocrx_word' id='word_1_603' title='bbox 3007 1969 3213 2036; x_wconf 82' lang='lat' dir='ltr'><strong>Regnat</strong></span> <span class='ocrx_word' id='word_1_604' title='bbox 3269 1969 3390 2022; x_wconf 78' lang='lat' dir='ltr'><strong>Josa</strong></span> 
     </span>
    </p>
   </div>
   <div class='ocr_carea' id='block_1_81' title="bbox 1837 2058 3397 2126">
    <p class='ocr_par' dir='ltr' id='par_1_81' title="bbox 1837 2058 3397 2126">
     <span class='ocr_line' id='line_1_82' title="bbox 1837 2058 3397 2126; baseline 0.006 -18"><span class='ocrx_word' id='word_1_605' title='bbox 1837 2058 1959 2125; x_wconf 87' lang='lat' dir='ltr'><strong>pbat</strong></span> <span class='ocrx_word' id='word_1_606' title='bbox 1983 2060 2116 2109; x_wconf 91' lang='lat' dir='ltr'><strong>tilius</strong></span> <span class='ocrx_word' id='word_1_607' title='bbox 2148 2061 2216 2111; x_wconf 78' lang='lat' dir='ltr'><strong>As</strong></span> <span class='ocrx_word' id='word_1_608' title='bbox 2237 2075 2283 2109; x_wconf 84' lang='lat' dir='ltr'><strong>e.</strong></span> <span class='ocrx_word' id='word_1_609' title='bbox 2318 2058 2541 2109; x_wconf 81' lang='lat' dir='ltr'><strong>Minatur</strong></span> <span class='ocrx_word' id='word_1_610' title='bbox 2569 2059 2707 2111; x_wconf 87' lang='lat' dir='ltr'><strong>Elias</strong></span> <span class='ocrx_word' id='word_1_611' title='bbox 2733 2060 2985 2126; x_wconf 90' lang='lat' dir='ltr'><strong>propheta</strong></span> <span class='ocrx_word' id='word_1_612' title='bbox 3012 2059 3259 2112; x_wconf 83' lang='lat' dir='ltr'><strong>Achaabo</strong></span> <span class='ocrx_word' id='word_1_613' title='bbox 3296 2077 3397 2117; x_wconf 78' lang='lat' dir='ltr'><strong>Stc—</strong></span> 
     </span>
    </p>
   </div>
   <div class='ocr_carea' id='block_1_82' title="bbox 1834 2150 3398 2215">
    <p class='ocr_par' dir='ltr' id='par_1_82' title="bbox 1834 2150 3398 2215">
     <span class='ocr_line' id='line_1_83' title="bbox 1834 2150 3398 2215; baseline 0.004 -16"><span class='ocrx_word' id='word_1_614' title='bbox 1834 2151 2042 2200; x_wconf 84' lang='lat' dir='ltr'><strong>citatcm</strong></span> <span class='ocrx_word' id='word_1_615' title='bbox 2062 2189 2074 2209; x_wconf 94' lang='lat'><strong>,</strong></span> <span class='ocrx_word' id='word_1_616' title='bbox 2099 2163 2214 2215; x_wconf 81' lang='lat' dir='ltr'><strong>qme</strong></span> <span class='ocrx_word' id='word_1_617' title='bbox 2249 2165 2340 2215; x_wconf 85' lang='lat' dir='ltr'><strong>per</strong></span> <span class='ocrx_word' id='word_1_618' title='bbox 2370 2158 2475 2201; x_wconf 79' lang='lat' dir='ltr'><strong>ll‘CS</strong></span> <span class='ocrx_word' id='word_1_619' title='bbox 2521 2166 2688 2202; x_wconf 86' lang='lat' dir='ltr'><strong>annos</strong></span> <span class='ocrx_word' id='word_1_620' title='bbox 2731 2158 2781 2200; x_wconf 84' lang='lat' dir='ltr'><strong>et</strong></span> <span class='ocrx_word' id='word_1_621' title='bbox 2813 2163 2903 2202; x_wconf 92' lang='lat' dir='ltr'><strong>scx</strong></span> <span class='ocrx_word' id='word_1_622' title='bbox 2932 2164 3139 2202; x_wconf 89' lang='lat' dir='ltr'><strong>menses</strong></span> <span class='ocrx_word' id='word_1_623' title='bbox 3165 2150 3398 2205; x_wconf 79' lang='lat' dir='ltr'><strong>duravit.</strong></span> 
     </span>
    </p>
   </div>
   <div class='ocr_carea' id='block_1_83' title="bbox 1833 2238 3403 2309">
    <p class='ocr_par' dir='ltr' id='par_1_83' title="bbox 1833 2238 3403 2309">
     <span class='ocr_line' id='line_1_84' title="bbox 1833 2238 3403 2309; baseline 0.002 -20"><span class='ocrx_word' id='word_1_624' title='bbox 1833 2238 1979 2290; x_wconf 82' lang='lat' dir='ltr'><strong>Tunc</strong></span> <span class='ocrx_word' id='word_1_625' title='bbox 2009 2255 2102 2304; x_wconf 84' lang='lat' dir='ltr'><strong>per</strong></span> <span class='ocrx_word' id='word_1_626' title='bbox 2132 2251 2317 2289; x_wconf 74' lang='lat' dir='ltr'><strong>corvos</strong></span> <span class='ocrx_word' id='word_1_627' title='bbox 2355 2238 2513 2289; x_wconf 83' lang='lat' dir='ltr'><strong>alitur</strong></span> <span class='ocrx_word' id='word_1_628' title='bbox 2564 2238 2837 2305; x_wconf 80' lang='lat' dir='ltr'><strong>pt&#39;Ophela.</strong></span> <span class='ocrx_word' id='word_1_629' title='bbox 2884 2238 2974 2289; x_wconf 88' lang='lat' dir='ltr'><strong>llic</strong></span> <span class='ocrx_word' id='word_1_630' title='bbox 3027 2248 3147 2291; x_wconf 82' lang='lat' dir='ltr'><strong>sunt</strong></span> <span class='ocrx_word' id='word_1_631' title='bbox 3192 2258 3253 2295; x_wconf 84' lang='lat' dir='ltr'><strong>ea</strong></span> <span class='ocrx_word' id='word_1_632' title='bbox 3284 2257 3403 2309; x_wconf 65' lang='lat' dir='ltr'><strong>qua:</strong></span> 
     </span>
    </p>
   </div>
   <div class='ocr_carea' id='block_1_84' title="bbox 1836 2326 3402 2400">
    <p class='ocr_par' dir='ltr' id='par_1_84' title="bbox 1836 2326 3402 2400">
     <span class='ocr_line' id='line_1_85' title="bbox 1836 2326 3402 2400; baseline 0 -21"><span class='ocrx_word' id='word_1_633' title='bbox 1836 2328 2095 2396; x_wconf 86' lang='lat' dir='ltr'><strong>pettinent</strong></span> <span class='ocrx_word' id='word_1_634' title='bbox 2116 2327 2177 2379; x_wconf 85' lang='lat' dir='ltr'><strong>ad</strong></span> <span class='ocrx_word' id='word_1_635' title='bbox 2209 2328 2411 2379; x_wconf 85' lang='lat' dir='ltr'><strong>viduam</strong></span> <span class='ocrx_word' id='word_1_636' title='bbox 2436 2326 2875 2393; x_wconf 63' lang='lat' dir='ltr'><strong>Sarephtbauatn,</strong></span> <span class='ocrx_word' id='word_1_637' title='bbox 2901 2342 3015 2395; x_wconf 85' lang='lat' dir='ltr'><strong>qua:</strong></span> <span class='ocrx_word' id='word_1_638' title='bbox 3036 2328 3097 2379; x_wconf 87' lang='lat' dir='ltr'><strong>ad</strong></span> <span class='ocrx_word' id='word_1_639' title='bbox 3128 2326 3402 2400; x_wconf 52' lang='lat' dir='ltr'><strong>lecyt&#39;httm</strong></span> 
     </span>
    </p>
   </div>
   <div class='ocr_carea' id='block_1_85' title="bbox 1833 2416 3391 2485">
    <p class='ocr_par' dir='ltr' id='par_1_85' title="bbox 1833 2416 3391 2485">
     <span class='ocr_line' id='line_1_86' title="bbox 1833 2416 3391 2485; baseline 0.001 -16"><span class='ocrx_word' id='word_1_640' title='bbox 1833 2418 1957 2482; x_wconf 87' lang='lat' dir='ltr'><strong>olei,</strong></span> <span class='ocrx_word' id='word_1_641' title='bbox 1983 2427 2036 2469; x_wconf 93' lang='lat' dir='ltr'><strong>et</strong></span> <span class='ocrx_word' id='word_1_642' title='bbox 2067 2433 2181 2485; x_wconf 71' lang='lat' dir='ltr'><strong>qua:</strong></span> <span class='ocrx_word' id='word_1_643' title='bbox 2217 2416 2282 2469; x_wconf 88' lang='lat' dir='ltr'><strong>ad</strong></span> <span class='ocrx_word' id='word_1_644' title='bbox 2308 2418 2542 2485; x_wconf 83' lang='lat' dir='ltr'><strong>bytlriant</strong></span> <span class='ocrx_word' id='word_1_645' title='bbox 2576 2418 2771 2477; x_wconf 60' lang='lat' dir='ltr'><strong>larium,</strong></span> <span class='ocrx_word' id='word_1_646' title='bbox 2802 2417 2862 2467; x_wconf 87' lang='lat' dir='ltr'><strong>ad</strong></span> <span class='ocrx_word' id='word_1_647' title='bbox 2894 2428 3114 2468; x_wconf 80' lang='lat' dir='ltr'><strong>mortem</strong></span> <span class='ocrx_word' id='word_1_648' title='bbox 3148 2422 3315 2484; x_wconf 91' lang='lat' dir='ltr'><strong>pueri,</strong></span> <span class='ocrx_word' id='word_1_649' title='bbox 3339 2430 3391 2471; x_wconf 89' lang='lat' dir='ltr'><strong>ct</strong></span> 
     </span>
    </p>
   </div>
   <div class='ocr_carea' id='block_1_86' title="bbox 1832 2508 3389 2572">
    <p class='ocr_par' dir='ltr' id='par_1_86' title="bbox 1832 2508 3389 2572">
     <span class='ocr_line' id='line_1_87' title="bbox 1832 2508 3389 2572; baseline 0.001 -13"><span class='ocrx_word' id='word_1_650' title='bbox 1832 2511 2299 2561; x_wconf 82' lang='lat' dir='ltr'><strong>atlsnscitationem</strong></span> <span class='ocrx_word' id='word_1_651' title='bbox 2325 2526 2385 2560; x_wconf 84' lang='lat' dir='ltr'><strong>ex</strong></span> <span class='ocrx_word' id='word_1_652' title='bbox 2417 2520 2607 2561; x_wconf 83' lang='lat' dir='ltr'><strong>morte.</strong></span> <span class='ocrx_word' id='word_1_653' title='bbox 2642 2508 2861 2561; x_wconf 83' lang='lat' dir='ltr'><strong>Mittitur</strong></span> <span class='ocrx_word' id='word_1_654' title='bbox 2887 2509 2951 2559; x_wconf 84' lang='lat' dir='ltr'><strong>atl</strong></span> <span class='ocrx_word' id='word_1_655' title='bbox 2986 2510 3197 2561; x_wconf 80' lang='lat' dir='ltr'><strong>Acltaah</strong></span> <span class='ocrx_word' id='word_1_656' title='bbox 3229 2509 3389 2572; x_wconf 78' lang='lat' dir='ltr'><strong>Eiias,</strong></span> 
     </span>
    </p>
   </div>
   <div class='ocr_carea' id='block_1_87' title="bbox 1832 2597 3387 2665">
    <p class='ocr_par' dir='ltr' id='par_1_87' title="bbox 1832 2597 3387 2665">
     <span class='ocr_line' id='line_1_88' title="bbox 1832 2597 3387 2665; baseline -0.002 -12"><span class='ocrx_word' id='word_1_657' title='bbox 1832 2612 1885 2653; x_wconf 84' lang='lat' dir='ltr'><strong>ct</strong></span> <span class='ocrx_word' id='word_1_658' title='bbox 1914 2601 2133 2652; x_wconf 89' lang='lat' dir='ltr'><strong>hostiam</strong></span> <span class='ocrx_word' id='word_1_659' title='bbox 2162 2599 2335 2662; x_wconf 76' lang='lat' dir='ltr'><strong>offert,</strong></span> <span class='ocrx_word' id='word_1_660' title='bbox 2363 2597 2593 2651; x_wconf 90' lang='lat' dir='ltr'><strong>demittit</strong></span> <span class='ocrx_word' id='word_1_661' title='bbox 2627 2600 2798 2665; x_wconf 84' lang='lat' dir='ltr'><strong>ignem</strong></span> <span class='ocrx_word' id='word_1_662' title='bbox 2828 2597 2891 2649; x_wconf 90' lang='lat' dir='ltr'><strong>de</strong></span> <span class='ocrx_word' id='word_1_663' title='bbox 2917 2598 3067 2658; x_wconf 70' lang='lat' dir='ltr'><strong>earlo,</strong></span> <span class='ocrx_word' id='word_1_664' title='bbox 3112 2608 3165 2649; x_wconf 89' lang='lat' dir='ltr'><strong>et</strong></span> <span class='ocrx_word' id='word_1_665' title='bbox 3191 2613 3387 2650; x_wconf 86' lang='lat' dir='ltr'><strong>consu-</strong></span> 
     </span>
    </p>
   </div>
   <div class='ocr_carea' id='block_1_88' title="bbox 1833 2684 3389 2753">
    <p class='ocr_par' dir='ltr' id='par_1_88' title="bbox 1833 2684 3389 2753">
     <span class='ocr_line' id='line_1_89' title="bbox 1833 2684 3389 2753; baseline -0.001 -12"><span class='ocrx_word' id='word_1_666' title='bbox 1833 2690 1925 2741; x_wconf 89' lang='lat' dir='ltr'><strong>tnit</strong></span> <span class='ocrx_word' id='word_1_667' title='bbox 1955 2690 2116 2741; x_wconf 87' lang='lat' dir='ltr'><strong>illam.</strong></span> <span class='ocrx_word' id='word_1_668' title='bbox 2150 2686 2298 2740; x_wconf 88' lang='lat' dir='ltr'><strong>Tune</strong></span> <span class='ocrx_word' id='word_1_669' title='bbox 2328 2696 2565 2753; x_wconf 81' lang='lat' dir='ltr'><strong>arreptos</strong></span> <span class='ocrx_word' id='word_1_670' title='bbox 2595 2685 2895 2737; x_wconf 78' lang='lat' dir='ltr'><strong>sacerdotes</strong></span> <span class='ocrx_word' id='word_1_671' title='bbox 2926 2684 3092 2737; x_wconf 78' lang='lat' dir='ltr'><strong>Baulis</strong></span> <span class='ocrx_word' id='word_1_672' title='bbox 3116 2685 3389 2752; x_wconf 83' lang='lat' dir='ltr'><strong>jugulavit.</strong></span> 
     </span>
    </p>
   </div>
   <div class='ocr_carea' id='block_1_89' title="bbox 1833 2772 3392 2843">
    <p class='ocr_par' dir='ltr' id='par_1_89' title="bbox 1833 2772 3392 2843">
     <span class='ocr_line' id='line_1_90' title="bbox 1833 2772 3392 2843; baseline -0.002 -12"><span class='ocrx_word' id='word_1_673' title='bbox 1833 2778 2081 2831; x_wconf 84' lang='lat' dir='ltr'><strong>Achaabo</strong></span> <span class='ocrx_word' id='word_1_674' title='bbox 2114 2777 2342 2843; x_wconf 87' lang='lat' dir='ltr'><strong>pluviam</strong></span> <span class='ocrx_word' id='word_1_675' title='bbox 2374 2776 2708 2843; x_wconf 80' lang='lat' dir='ltr'><strong>pr:cnuntiat.</strong></span> <span class='ocrx_word' id='word_1_676' title='bbox 2737 2772 2799 2825; x_wconf 87' lang='lat' dir='ltr'><strong>Et</strong></span> <span class='ocrx_word' id='word_1_677' title='bbox 2833 2790 3125 2827; x_wconf 76' lang='lat' dir='ltr'><strong>conscenso</strong></span> <span class='ocrx_word' id='word_1_678' title='bbox 3150 2774 3392 2829; x_wconf 86' lang='lat' dir='ltr'><strong>Carmelu</strong></span> 
     </span>
    </p>
   </div>
   <div class='ocr_carea' id='block_1_90' title="bbox 1836 2862 3390 2934">
    <p class='ocr_par' dir='ltr' id='par_1_90' title="bbox 1836 2862 3390 2934">
     <span class='ocr_line' id='line_1_91' title="bbox 1836 2862 3390 2934; baseline -0.001 -17"><span class='ocrx_word' id='word_1_679' title='bbox 1836 2875 2073 2934; x_wconf 77' lang='lat' dir='ltr'><strong>precatus</strong></span> <span class='ocrx_word' id='word_1_680' title='bbox 2109 2876 2188 2917; x_wconf 88' lang='lat' dir='ltr'><strong>est</strong></span> <span class='ocrx_word' id='word_1_681' title='bbox 2220 2865 2360 2918; x_wconf 82' lang='lat' dir='ltr'><strong>Elias</strong></span> <span class='ocrx_word' id='word_1_682' title='bbox 2380 2904 2394 2927; x_wconf 88' lang='lat'><strong>,</strong></span> <span class='ocrx_word' id='word_1_683' title='bbox 2447 2872 2499 2917; x_wconf 89' lang='lat' dir='ltr'><strong>ct</strong></span> <span class='ocrx_word' id='word_1_684' title='bbox 2550 2864 2863 2917; x_wconf 83' lang='lat' dir='ltr'><strong>sacrificium</strong></span> <span class='ocrx_word' id='word_1_685' title='bbox 2895 2862 3047 2916; x_wconf 82' lang='lat' dir='ltr'><strong>offert</strong></span> <span class='ocrx_word' id='word_1_686' title='bbox 3076 2880 3086 2913; x_wconf 90' lang='lat'>:</span> <span class='ocrx_word' id='word_1_687' title='bbox 3121 2879 3242 2917; x_wconf 85' lang='lat' dir='ltr'><strong>ecce</strong></span> <span class='ocrx_word' id='word_1_688' title='bbox 3273 2867 3390 2933; x_wconf 57' lang='lat' dir='ltr'><strong>plu-</strong></span> 
     </span>
    </p>
   </div>
   <div class='ocr_carea' id='block_1_91' title="bbox 1834 2952 3385 3011">
    <p class='ocr_par' dir='ltr' id='par_1_91' title="bbox 1834 2952 3385 3011">
     <span class='ocr_line' id='line_1_92' title="bbox 1834 2952 3385 3011; baseline -0.001 -2"><span class='ocrx_word' id='word_1_689' title='bbox 1834 2960 1934 3011; x_wconf 88' lang='lat' dir='ltr'><strong>via.</strong></span> <span class='ocrx_word' id='word_1_690' title='bbox 1966 2957 2189 3009; x_wconf 88' lang='lat' dir='ltr'><strong>Minatur</strong></span> <span class='ocrx_word' id='word_1_691' title='bbox 2215 2954 2340 3007; x_wconf 65' lang='lat' dir='ltr'><strong>[ﬁliae</strong></span> <span class='ocrx_word' id='word_1_692' title='bbox 2368 2963 2588 3006; x_wconf 88' lang='lat' dir='ltr'><strong>mortem</strong></span> <span class='ocrx_word' id='word_1_693' title='bbox 2614 2952 2824 3007; x_wconf 85' lang='lat' dir='ltr'><strong>Jezahel</strong></span> <span class='ocrx_word' id='word_1_694' title='bbox 2853 2967 2983 3004; x_wconf 86' lang='lat' dir='ltr'><strong>uxor</strong></span> <span class='ocrx_word' id='word_1_695' title='bbox 3006 2954 3257 3006; x_wconf 83' lang='lat' dir='ltr'><strong>Achaabi.</strong></span> <span class='ocrx_word' id='word_1_696' title='bbox 3293 2954 3385 3008; x_wconf 80' lang='lat' dir='ltr'><strong>llle</strong></span> 
     </span>
    </p>
   </div>
   <div class='ocr_carea' id='block_1_92' title="bbox 1832 3045 3390 3105">
    <p class='ocr_par' dir='ltr' id='par_1_92' title="bbox 1832 3045 3390 3105">
     <span class='ocr_line' id='line_1_93' title="bbox 1832 3045 3390 3105; baseline -0.004 -4"><span class='ocrx_word' id='word_1_697' title='bbox 1832 3059 2004 3102; x_wconf 88' lang='lat' dir='ltr'><strong>autem</strong></span> <span class='ocrx_word' id='word_1_698' title='bbox 2032 3048 2171 3100; x_wconf 91' lang='lat' dir='ltr'><strong>venit</strong></span> <span class='ocrx_word' id='word_1_699' title='bbox 2204 3049 2253 3099; x_wconf 93' lang='lat' dir='ltr'><strong>in</strong></span> <span class='ocrx_word' id='word_1_700' title='bbox 2283 3047 2570 3105; x_wconf 87' lang='lat' dir='ltr'><strong>desertum.</strong></span> <span class='ocrx_word' id='word_1_701' title='bbox 2602 3057 2651 3098; x_wconf 91' lang='lat' dir='ltr'><strong>et</strong></span> <span class='ocrx_word' id='word_1_702' title='bbox 2680 3061 2797 3097; x_wconf 87' lang='lat' dir='ltr'><strong>eum</strong></span> <span class='ocrx_word' id='word_1_703' title='bbox 2836 3045 3170 3099; x_wconf 85' lang='lat' dir='ltr'><strong>dormivisset</strong></span> <span class='ocrx_word' id='word_1_704' title='bbox 3192 3047 3390 3099; x_wconf 76' lang='lat' dir='ltr'><strong>excita-</strong></span> 
     </span>
    </p>
   </div>
   <div class='ocr_carea' id='block_1_93' title="bbox 1835 3134 3387 3206">
    <p class='ocr_par' dir='ltr' id='par_1_93' title="bbox 1835 3134 3387 3206">
     <span class='ocr_line' id='line_1_94' title="bbox 1835 3134 3387 3206; baseline -0.001 -16"><span class='ocrx_word' id='word_1_705' title='bbox 1835 3149 2018 3206; x_wconf 89' lang='lat' dir='ltr'><strong>tusque</strong></span> <span class='ocrx_word' id='word_1_706' title='bbox 2048 3147 2189 3190; x_wconf 87' lang='lat' dir='ltr'><strong>esset</strong></span> <span class='ocrx_word' id='word_1_707' title='bbox 2218 3137 2282 3189; x_wconf 90' lang='lat' dir='ltr'><strong>ab</strong></span> <span class='ocrx_word' id='word_1_708' title='bbox 2326 3137 2511 3203; x_wconf 83' lang='lat' dir='ltr'><strong>angelo</strong></span> <span class='ocrx_word' id='word_1_709' title='bbox 2571 3135 2660 3187; x_wconf 93' lang='lat' dir='ltr'><strong>Dei</strong></span> <span class='ocrx_word' id='word_1_710' title='bbox 2690 3176 2703 3197; x_wconf 86' lang='lat'><strong>,</strong></span> <span class='ocrx_word' id='word_1_711' title='bbox 2764 3134 2966 3187; x_wconf 81' lang='lat' dir='ltr'><strong>invenit</strong></span> <span class='ocrx_word' id='word_1_712' title='bbox 2996 3135 3387 3188; x_wconf 84' lang='lat' dir='ltr'><strong>subcineritiunt</strong></span> 
     </span>
    </p>
   </div>
   <div class='ocr_carea' id='block_1_94' title="bbox 1832 3224 3389 3298">
    <p class='ocr_par' dir='ltr' id='par_1_94' title="bbox 1832 3224 3389 3298">
     <span class='ocr_line' id='line_1_95' title="bbox 1832 3224 3389 3298; baseline -0.002 -18"><span class='ocrx_word' id='word_1_713' title='bbox 1832 3246 2019 3298; x_wconf 85' lang='lat' dir='ltr'><strong>panem</strong></span> <span class='ocrx_word' id='word_1_714' title='bbox 2044 3245 2106 3281; x_wconf 87' lang='lat' dir='ltr'><strong>ex</strong></span> <span class='ocrx_word' id='word_1_715' title='bbox 2136 3229 2299 3296; x_wconf 83' lang='lat' dir='ltr'><strong>olyra,</strong></span> <span class='ocrx_word' id='word_1_716' title='bbox 2321 3242 2474 3294; x_wconf 85' lang='lat' dir='ltr'><strong>quem</strong></span> <span class='ocrx_word' id='word_1_717' title='bbox 2504 3240 2623 3278; x_wconf 90' lang='lat' dir='ltr'><strong>cum</strong></span> <span class='ocrx_word' id='word_1_718' title='bbox 2642 3224 2955 3277; x_wconf 88' lang='lat' dir='ltr'><strong>comedisset</strong></span> <span class='ocrx_word' id='word_1_719' title='bbox 2978 3225 3252 3277; x_wconf 79' lang='lat' dir='ltr'><strong>roboratus</strong></span> <span class='ocrx_word' id='word_1_720' title='bbox 3272 3235 3347 3277; x_wconf 90' lang='lat' dir='ltr'><strong>est</strong></span> <span class='ocrx_word' id='word_1_721' title='bbox 3377 3243 3389 3277; x_wconf 92' lang='lat'><strong>:</strong></span> 
     </span>
    </p>
   </div>
   <div class='ocr_carea' id='block_1_95' title="bbox 1832 3312 3365 3383">
    <p class='ocr_par' dir='ltr' id='par_1_95' title="bbox 1832 3312 3365 3383">
     <span class='ocr_line' id='line_1_96' title="bbox 1832 3312 3365 3383; baseline -0.003 -13"><span class='ocrx_word' id='word_1_722' title='bbox 1832 3335 1951 3372; x_wconf 89' lang='lat' dir='ltr'><strong>cmn</strong></span> <span class='ocrx_word' id='word_1_723' title='bbox 1984 3319 2071 3369; x_wconf 91' lang='lat' dir='ltr'><strong>illo</strong></span> <span class='ocrx_word' id='word_1_724' title='bbox 2101 3318 2218 3369; x_wconf 90' lang='lat' dir='ltr'><strong>cibo</strong></span> <span class='ocrx_word' id='word_1_725' title='bbox 2265 3314 2609 3383; x_wconf 81' lang='lat' dir='ltr'><strong>quadraginta</strong></span> <span class='ocrx_word' id='word_1_726' title='bbox 2651 3314 2836 3366; x_wconf 88' lang='lat' dir='ltr'><strong>diebus</strong></span> <span class='ocrx_word' id='word_1_727' title='bbox 2865 3314 3005 3365; x_wconf 87' lang='lat' dir='ltr'><strong>venit</strong></span> <span class='ocrx_word' id='word_1_728' title='bbox 3052 3315 3101 3365; x_wconf 93' lang='lat' dir='ltr'><strong>in</strong></span> <span class='ocrx_word' id='word_1_729' title='bbox 3157 3312 3365 3366; x_wconf 79' lang='lat' dir='ltr'><strong>Chorcb</strong></span> 
     </span>
    </p>
   </div>
   <div class='ocr_carea' id='block_1_96' title="bbox 1833 3401 3385 3469">
    <p class='ocr_par' dir='ltr' id='par_1_96' title="bbox 1833 3401 3385 3469">
     <span class='ocr_line' id='line_1_97' title="bbox 1833 3401 3385 3469; baseline -0.003 -10"><span class='ocrx_word' id='word_1_730' title='bbox 1833 3409 1977 3461; x_wconf 89' lang='lat' dir='ltr'><strong>&#39;l&#39;unc</strong></span> <span class='ocrx_word' id='word_1_731' title='bbox 2004 3408 2073 3457; x_wconf 91' lang='lat' dir='ltr'><strong>ait</strong></span> <span class='ocrx_word' id='word_1_732' title='bbox 2099 3424 2110 3458; x_wconf 91' lang='lat'>:</span> <span class='ocrx_word' id='word_1_733' title='bbox 2143 3406 2377 3467; x_wconf 83' lang='lat' dir='ltr'><strong>Domine,</strong></span> <span class='ocrx_word' id='word_1_734' title='bbox 2406 3418 2526 3455; x_wconf 87' lang='lat' dir='ltr'><strong>aras</strong></span> <span class='ocrx_word' id='word_1_735' title='bbox 2557 3412 2670 3454; x_wconf 90' lang='lat' dir='ltr'><strong>tuas</strong></span> <span class='ocrx_word' id='word_1_736' title='bbox 2695 3401 3040 3455; x_wconf 60' lang='lat' dir='ltr'><strong>suﬂ‘odisrunt.</strong></span> <span class='ocrx_word' id='word_1_737' title='bbox 3065 3401 3208 3469; x_wconf 83' lang='lat' dir='ltr'><strong>Jugis</strong></span> <span class='ocrx_word' id='word_1_738' title='bbox 3228 3402 3385 3455; x_wconf 88' lang='lat' dir='ltr'><strong>boum</strong></span> 
     </span>
    </p>
   </div>
   <div class='ocr_carea' id='block_1_97' title="bbox 1832 3490 3389 3559">
    <p class='ocr_par' dir='ltr' id='par_1_97' title="bbox 1832 3490 3389 3559">
     <span class='ocr_line' id='line_1_98' title="bbox 1832 3490 3389 3559; baseline -0.003 -10"><span class='ocrx_word' id='word_1_739' title='bbox 1832 3496 2063 3549; x_wconf 85' lang='lat' dir='ltr'><strong>dimissis</strong></span> <span class='ocrx_word' id='word_1_740' title='bbox 2108 3494 2355 3546; x_wconf 66' lang='lat' dir='ltr'><strong>Elissmus</strong></span> <span class='ocrx_word' id='word_1_741' title='bbox 2384 3492 2618 3559; x_wconf 90' lang='lat' dir='ltr'><strong>sequitur</strong></span> <span class='ocrx_word' id='word_1_742' title='bbox 2662 3490 2854 3542; x_wconf 85' lang='lat' dir='ltr'><strong>Etiam.</strong></span> <span class='ocrx_word' id='word_1_743' title='bbox 2889 3490 3018 3543; x_wconf 91' lang='lat' dir='ltr'><strong>llinc</strong></span> <span class='ocrx_word' id='word_1_744' title='bbox 3064 3490 3275 3543; x_wconf 90' lang='lat' dir='ltr'><strong>historia</strong></span> <span class='ocrx_word' id='word_1_745' title='bbox 3310 3492 3389 3544; x_wconf 90' lang='lat' dir='ltr'><strong>vi-</strong></span> 
     </span>
    </p>
   </div>
   <div class='ocr_carea' id='block_1_98' title="bbox 1833 3579 3391 3640">
    <p class='ocr_par' dir='ltr' id='par_1_98' title="bbox 1833 3579 3391 3640">
     <span class='ocr_line' id='line_1_99' title="bbox 1833 3579 3391 3640; baseline -0.004 0"><span class='ocrx_word' id='word_1_746' title='bbox 1833 3602 1947 3640; x_wconf 68' lang='lat' dir='ltr'><strong>nea:</strong></span> <span class='ocrx_word' id='word_1_747' title='bbox 1986 3585 2240 3638; x_wconf 76' lang='lat' dir='ltr'><strong>Nabuthae</strong></span> <span class='ocrx_word' id='word_1_748' title='bbox 2272 3600 2285 3635; x_wconf 86' lang='lat'>:</span> <span class='ocrx_word' id='word_1_749' title='bbox 2322 3592 2375 3634; x_wconf 90' lang='lat' dir='ltr'><strong>et</strong></span> <span class='ocrx_word' id='word_1_750' title='bbox 2402 3582 2557 3634; x_wconf 65' lang='lat' dir='ltr'><strong>mina-</strong></span> <span class='ocrx_word' id='word_1_751' title='bbox 2588 3590 2767 3633; x_wconf 89' lang='lat' dir='ltr'><strong>contra</strong></span> <span class='ocrx_word' id='word_1_752' title='bbox 2799 3579 3092 3632; x_wconf 82' lang='lat' dir='ltr'><strong>chabelem</strong></span> <span class='ocrx_word' id='word_1_753' title='bbox 3120 3588 3171 3633; x_wconf 91' lang='lat' dir='ltr'><strong>et</strong></span> <span class='ocrx_word' id='word_1_754' title='bbox 3193 3582 3391 3633; x_wconf 77' lang='lat' dir='ltr'><strong>Achae-</strong></span> 
     </span>
    </p>
   </div>
   <div class='ocr_carea' id='block_1_99' title="bbox 1831 3671 3390 3741">
    <p class='ocr_par' dir='ltr' id='par_1_99' title="bbox 1831 3671 3390 3741">
     <span class='ocr_line' id='line_1_100' title="bbox 1831 3671 3390 3741; baseline -0.004 -9"><span class='ocrx_word' id='word_1_755' title='bbox 1831 3679 1954 3732; x_wconf 90' lang='lat' dir='ltr'><strong>bum</strong></span> <span class='ocrx_word' id='word_1_756' title='bbox 2007 3692 2020 3731; x_wconf 95' lang='lat'><strong>:</strong></span> <span class='ocrx_word' id='word_1_757' title='bbox 2067 3674 2404 3741; x_wconf 89' lang='lat' dir='ltr'><strong>compunctio</strong></span> <span class='ocrx_word' id='word_1_758' title='bbox 2452 3671 2707 3725; x_wconf 80' lang='lat' dir='ltr'><strong>Achaahi.</strong></span> <span class='ocrx_word' id='word_1_759' title='bbox 2763 3671 3109 3738; x_wconf 87' lang='lat' dir='ltr'><strong>lrruptionetu</strong></span> <span class='ocrx_word' id='word_1_760' title='bbox 3165 3672 3283 3724; x_wconf 84' lang='lat' dir='ltr'><strong>fecit</strong></span> <span class='ocrx_word' id='word_1_761' title='bbox 3337 3676 3390 3725; x_wconf 86' lang='lat' dir='ltr'><strong>in</strong></span> 
     </span>
    </p>
   </div>
   <div class='ocr_carea' id='block_1_100' title="bbox 1832 3760 3387 3834">
    <p class='ocr_par' dir='ltr' id='par_1_100' title="bbox 1832 3760 3387 3834">
     <span class='ocr_line' id='line_1_101' title="bbox 1832 3760 3387 3834; baseline -0.006 -11"><span class='ocrx_word' id='word_1_762' title='bbox 1832 3768 2078 3823; x_wconf 86' lang='lat' dir='ltr'><strong>lsraelem</strong></span> <span class='ocrx_word' id='word_1_763' title='bbox 2106 3765 2269 3834; x_wconf 88' lang='lat' dir='ltr'><strong>Syrus</strong></span> <span class='ocrx_word' id='word_1_764' title='bbox 2322 3762 2464 3816; x_wconf 82' lang='lat' dir='ltr'><strong>Ader</strong></span> <span class='ocrx_word' id='word_1_765' title='bbox 2501 3777 2619 3815; x_wconf 91' lang='lat' dir='ltr'><strong>cum</strong></span> <span class='ocrx_word' id='word_1_766' title='bbox 2666 3762 2873 3829; x_wconf 87' lang='lat' dir='ltr'><strong>triginta</strong></span> <span class='ocrx_word' id='word_1_767' title='bbox 2903 3760 3109 3813; x_wconf 88' lang='lat' dir='ltr'><strong>duobus</strong></span> <span class='ocrx_word' id='word_1_768' title='bbox 3136 3763 3346 3827; x_wconf 85' lang='lat' dir='ltr'><strong>regibus</strong></span> <span class='ocrx_word' id='word_1_769' title='bbox 3374 3780 3387 3814; x_wconf 89' lang='lat'>:</span> 
     </span>
    </p>
   </div>
   <div class='ocr_carea' id='block_1_101' title="bbox 1831 3852 3389 3912">
    <p class='ocr_par' dir='ltr' id='par_1_101' title="bbox 1831 3852 3389 3912">
     <span class='ocr_line' id='line_1_102' title="bbox 1831 3852 3389 3912; baseline -0.004 0"><span class='ocrx_word' id='word_1_770' title='bbox 1831 3858 2045 3912; x_wconf 81' lang='lat' dir='ltr'><strong>Achaab</strong></span> <span class='ocrx_word' id='word_1_771' title='bbox 2068 3872 2191 3911; x_wconf 93' lang='lat' dir='ltr'><strong>vero</strong></span> <span class='ocrx_word' id='word_1_772' title='bbox 2218 3857 2409 3909; x_wconf 88' lang='lat' dir='ltr'><strong>devicit</strong></span> <span class='ocrx_word' id='word_1_773' title='bbox 2446 3870 2557 3909; x_wconf 93' lang='lat' dir='ltr'><strong>eos.</strong></span> <span class='ocrx_word' id='word_1_774' title='bbox 2587 3853 2716 3907; x_wconf 90' lang='lat' dir='ltr'><strong>Cum</strong></span> <span class='ocrx_word' id='word_1_775' title='bbox 2764 3852 2995 3906; x_wconf 87' lang='lat' dir='ltr'><strong>secundo</strong></span> <span class='ocrx_word' id='word_1_776' title='bbox 3026 3853 3389 3906; x_wconf 68' lang='lat' dir='ltr'><strong>Adenbcllum</strong></span> 
     </span>
    </p>
   </div>
   <div class='ocr_carea' id='block_1_102' title="bbox 1832 3942 3384 4012">
    <p class='ocr_par' dir='ltr' id='par_1_102' title="bbox 1832 3942 3384 4012">
     <span class='ocr_line' id='line_1_103' title="bbox 1832 3942 3384 4012; baseline -0.003 -10"><span class='ocrx_word' id='word_1_777' title='bbox 1832 3950 2129 4012; x_wconf 90' lang='lat' dir='ltr'><strong>intulisset,</strong></span> <span class='ocrx_word' id='word_1_778' title='bbox 2172 3960 2340 3999; x_wconf 59' lang='lat' dir='ltr'><strong>caesus</strong></span> <span class='ocrx_word' id='word_1_779' title='bbox 2391 3944 2780 4011; x_wconf 89' lang='lat' dir='ltr'><strong>admodumque</strong></span> <span class='ocrx_word' id='word_1_780' title='bbox 2826 3942 3125 4011; x_wconf 79' lang='lat' dir='ltr'><strong>proﬂigatus</strong></span> <span class='ocrx_word' id='word_1_781' title='bbox 3176 3953 3274 3995; x_wconf 89' lang='lat' dir='ltr'><strong>est.</strong></span> <span class='ocrx_word' id='word_1_782' title='bbox 3319 3943 3384 3997; x_wconf 93' lang='lat' dir='ltr'><strong>Ut</strong></span> 
     </span>
    </p>
   </div>
   <div class='ocr_carea' id='block_1_103' title="bbox 1830 4033 3391 4103">
    <p class='ocr_par' dir='ltr' id='par_1_103' title="bbox 1830 4033 3391 4103">
     <span class='ocr_line' id='line_1_104' title="bbox 1830 4033 3391 4103; baseline -0.003 -12"><span class='ocrx_word' id='word_1_783' title='bbox 1830 4049 2005 4093; x_wconf 85' lang='lat' dir='ltr'><strong>autem</strong></span> <span class='ocrx_word' id='word_1_784' title='bbox 2030 4053 2087 4091; x_wconf 91' lang='lat' dir='ltr'><strong>se</strong></span> <span class='ocrx_word' id='word_1_785' title='bbox 2111 4037 2239 4090; x_wconf 88' lang='lat' dir='ltr'><strong>vidit</strong></span> <span class='ocrx_word' id='word_1_786' title='bbox 2265 4038 2314 4088; x_wconf 89' lang='lat' dir='ltr'><strong>in</strong></span> <span class='ocrx_word' id='word_1_787' title='bbox 2340 4035 2571 4103; x_wconf 90' lang='lat' dir='ltr'><strong>periculo</strong></span> <span class='ocrx_word' id='word_1_788' title='bbox 2611 4034 2827 4094; x_wconf 63' lang='lat' dir='ltr'><strong>verstri,</strong></span> <span class='ocrx_word' id='word_1_789' title='bbox 2862 4033 3145 4086; x_wconf 85' lang='lat' dir='ltr'><strong>miserabili</strong></span> <span class='ocrx_word' id='word_1_790' title='bbox 3178 4034 3391 4087; x_wconf 83' lang='lat' dir='ltr'><strong>indutus</strong></span> 
     </span>
    </p>
   </div>
   <div class='ocr_carea' id='block_1_104' title="bbox 1830 4124 3389 4188">
    <p class='ocr_par' dir='ltr' id='par_1_104' title="bbox 1830 4124 3389 4188">
     <span class='ocr_line' id='line_1_105' title="bbox 1830 4124 3389 4188; baseline -0.003 -7"><span class='ocrx_word' id='word_1_791' title='bbox 1830 4139 1977 4181; x_wconf 91' lang='lat' dir='ltr'><strong>veste</strong></span> <span class='ocrx_word' id='word_1_792' title='bbox 2014 4125 2317 4179; x_wconf 85' lang='lat' dir='ltr'><strong>Acbaabum</strong></span> <span class='ocrx_word' id='word_1_793' title='bbox 2340 4124 2486 4188; x_wconf 88' lang='lat' dir='ltr'><strong>adiit,</strong></span> <span class='ocrx_word' id='word_1_794' title='bbox 2515 4139 2722 4176; x_wconf 88' lang='lat' dir='ltr'><strong>servum</strong></span> <span class='ocrx_word' id='word_1_795' title='bbox 2763 4138 2821 4176; x_wconf 91' lang='lat' dir='ltr'><strong>se</strong></span> <span class='ocrx_word' id='word_1_796' title='bbox 2847 4136 3058 4185; x_wconf 79' lang='lat' dir='ltr'><strong>vocans,</strong></span> <span class='ocrx_word' id='word_1_797' title='bbox 3083 4131 3134 4175; x_wconf 92' lang='lat' dir='ltr'><strong>et</strong></span> <span class='ocrx_word' id='word_1_798' title='bbox 3164 4124 3389 4176; x_wconf 89' lang='lat' dir='ltr'><strong>salutem</strong></span> 
     </span>
    </p>
   </div>
   <div class='ocr_carea' id='block_1_105' title="bbox 1829 4212 3389 4284">
    <p class='ocr_par' dir='ltr' id='par_1_105' title="bbox 1829 4212 3389 4284">
     <span class='ocr_line' id='line_1_106' title="bbox 1829 4212 3389 4284; baseline -0.004 -13"><span class='ocrx_word' id='word_1_799' title='bbox 1829 4216 2079 4284; x_wconf 89' lang='lat' dir='ltr'><strong>consequi</strong></span> <span class='ocrx_word' id='word_1_800' title='bbox 2113 4224 2409 4283; x_wconf 82' lang='lat' dir='ltr'><strong>pemptans.</strong></span> <span class='ocrx_word' id='word_1_801' title='bbox 2437 4212 2527 4265; x_wconf 91' lang='lat' dir='ltr'><strong>llle</strong></span> <span class='ocrx_word' id='word_1_802' title='bbox 2554 4226 2679 4265; x_wconf 90' lang='lat' dir='ltr'><strong>vero</strong></span> <span class='ocrx_word' id='word_1_803' title='bbox 2708 4226 2829 4264; x_wconf 92' lang='lat' dir='ltr'><strong>cum</strong></span> <span class='ocrx_word' id='word_1_804' title='bbox 2874 4214 2922 4263; x_wconf 92' lang='lat' dir='ltr'><strong>in</strong></span> <span class='ocrx_word' id='word_1_805' title='bbox 2950 4228 3103 4265; x_wconf 88' lang='lat' dir='ltr'><strong>curru</strong></span> <span class='ocrx_word' id='word_1_806' title='bbox 3136 4227 3230 4264; x_wconf 93' lang='lat' dir='ltr'><strong>suo</strong></span> <span class='ocrx_word' id='word_1_807' title='bbox 3259 4226 3389 4266; x_wconf 90' lang='lat' dir='ltr'><strong>con-</strong></span> 
     </span>
    </p>
   </div>
   <div class='ocr_carea' id='block_1_106' title="bbox 1831 4301 3388 4371">
    <p class='ocr_par' dir='ltr' id='par_1_106' title="bbox 1831 4301 3388 4371">
     <span class='ocr_line' id='line_1_107' title="bbox 1831 4301 3388 4371; baseline -0.003 -10"><span class='ocrx_word' id='word_1_808' title='bbox 1831 4306 2085 4361; x_wconf 87' lang='lat' dir='ltr'><strong>scendere</strong></span> <span class='ocrx_word' id='word_1_809' title='bbox 2111 4304 2287 4371; x_wconf 91' lang='lat' dir='ltr'><strong>jussit,</strong></span> <span class='ocrx_word' id='word_1_810' title='bbox 2313 4312 2365 4355; x_wconf 89' lang='lat' dir='ltr'><strong>et</strong></span> <span class='ocrx_word' id='word_1_811' title='bbox 2405 4302 2606 4354; x_wconf 90' lang='lat' dir='ltr'><strong>honore</strong></span> <span class='ocrx_word' id='word_1_812' title='bbox 2655 4301 2898 4354; x_wconf 82' lang='lat' dir='ltr'><strong>all‘ectum</strong></span> <span class='ocrx_word' id='word_1_813' title='bbox 2933 4301 2981 4353; x_wconf 94' lang='lat' dir='ltr'><strong>in</strong></span> <span class='ocrx_word' id='word_1_814' title='bbox 3018 4310 3209 4355; x_wconf 88' lang='lat' dir='ltr'><strong>terram</strong></span> <span class='ocrx_word' id='word_1_815' title='bbox 3239 4318 3388 4356; x_wconf 87' lang='lat' dir='ltr'><strong>suam</strong></span> 
     </span>
    </p>
   </div>
   <div class='ocr_carea' id='block_1_107' title="bbox 1831 4392 3386 4462">
    <p class='ocr_par' dir='ltr' id='par_1_107' title="bbox 1831 4392 3386 4462">
     <span class='ocr_line' id='line_1_108' title="bbox 1831 4392 3386 4462; baseline -0.005 -11"><span class='ocrx_word' id='word_1_816' title='bbox 1831 4398 2054 4451; x_wconf 88' lang='lat' dir='ltr'><strong>remisit.</strong></span> <span class='ocrx_word' id='word_1_817' title='bbox 2077 4395 2231 4449; x_wconf 80' lang='lat' dir='ltr'><strong>Venit</strong></span> <span class='ocrx_word' id='word_1_818' title='bbox 2258 4392 2508 4461; x_wconf 90' lang='lat' dir='ltr'><strong>propheta</strong></span> <span class='ocrx_word' id='word_1_819' title='bbox 2558 4406 2736 4461; x_wconf 91' lang='lat' dir='ltr'><strong>regem</strong></span> <span class='ocrx_word' id='word_1_820' title='bbox 2778 4406 2937 4459; x_wconf 90' lang='lat' dir='ltr'><strong>super</strong></span> <span class='ocrx_word' id='word_1_821' title='bbox 2965 4392 3044 4445; x_wconf 91' lang='lat' dir='ltr'><strong>his</strong></span> <span class='ocrx_word' id='word_1_822' title='bbox 3070 4393 3386 4462; x_wconf 80' lang='lat' dir='ltr'><strong>objurgans,</strong></span> 
     </span>
    </p>
   </div>
   <div class='ocr_carea' id='block_1_108' title="bbox 1831 4480 3390 4553">
    <p class='ocr_par' dir='ltr' id='par_1_108' title="bbox 1831 4480 3390 4553">
     <span class='ocr_line' id='line_1_109' title="bbox 1831 4480 3390 4553; baseline -0.001 -14"><span class='ocrx_word' id='word_1_823' title='bbox 1831 4500 2119 4553; x_wconf 89' lang='lat' dir='ltr'><strong>necemque</strong></span> <span class='ocrx_word' id='word_1_824' title='bbox 2164 4482 2429 4536; x_wconf 91' lang='lat' dir='ltr'><strong>minitans.</strong></span> <span class='ocrx_word' id='word_1_825' title='bbox 2476 4480 2749 4534; x_wconf 87' lang='lat' dir='ltr'><strong>Consultat</strong></span> <span class='ocrx_word' id='word_1_826' title='bbox 2798 4481 3051 4545; x_wconf 84' lang='lat' dir='ltr'><strong>Aeliaah,</strong></span> <span class='ocrx_word' id='word_1_827' title='bbox 3102 4498 3166 4534; x_wconf 90' lang='lat' dir='ltr'><strong>an</strong></span> <span class='ocrx_word' id='word_1_828' title='bbox 3202 4482 3390 4537; x_wconf 90' lang='lat' dir='ltr'><strong>debeat</strong></span> 
     </span>
    </p>
   </div>
   <div class='ocr_carea' id='block_1_109' title="bbox 1835 4572 3391 4648">
    <p class='ocr_par' dir='ltr' id='par_1_109' title="bbox 1835 4572 3391 4648">
     <span class='ocr_line' id='line_1_110' title="bbox 1835 4572 3391 4648; baseline -0.003 -17"><span class='ocrx_word' id='word_1_829' title='bbox 1835 4578 1983 4648; x_wconf 86' lang='lat' dir='ltr'><strong>Syris</strong></span> <span class='ocrx_word' id='word_1_830' title='bbox 2025 4577 2217 4629; x_wconf 89' lang='lat' dir='ltr'><strong>bellum</strong></span> <span class='ocrx_word' id='word_1_831' title='bbox 2266 4574 2494 4627; x_wconf 89' lang='lat' dir='ltr'><strong>inferre:</strong></span> <span class='ocrx_word' id='word_1_832' title='bbox 2528 4584 2577 4626; x_wconf 94' lang='lat' dir='ltr'><strong>et</strong></span> <span class='ocrx_word' id='word_1_833' title='bbox 2624 4588 2686 4625; x_wconf 83' lang='lat' dir='ltr'><strong>ex</strong></span> <span class='ocrx_word' id='word_1_834' title='bbox 2719 4573 2937 4625; x_wconf 87' lang='lat' dir='ltr'><strong>consilio</strong></span> <span class='ocrx_word' id='word_1_835' title='bbox 2962 4572 3211 4641; x_wconf 83' lang='lat' dir='ltr'><strong>Josaphat</strong></span> <span class='ocrx_word' id='word_1_836' title='bbox 3252 4576 3391 4643; x_wconf 85' lang='lat' dir='ltr'><strong>regis</strong></span> 
     </span>
    </p>
   </div>
   <div class='ocr_carea' id='block_1_110' title="bbox 1829 4664 3391 4733">
    <p class='ocr_par' dir='ltr' id='par_1_110' title="bbox 1829 4664 3391 4733">
     <span class='ocr_line' id='line_1_111' title="bbox 1829 4664 3391 4733; baseline -0.003 -9"><span class='ocrx_word' id='word_1_837' title='bbox 1829 4671 2003 4732; x_wconf 66' lang='lat' dir='ltr'><strong>Judaa,</strong></span> <span class='ocrx_word' id='word_1_838' title='bbox 2036 4668 2321 4721; x_wconf 87' lang='lat' dir='ltr'><strong>accersitur</strong></span> <span class='ocrx_word' id='word_1_839' title='bbox 2360 4665 2601 4717; x_wconf 75' lang='lat' dir='ltr'><strong>Micinras</strong></span> <span class='ocrx_word' id='word_1_840' title='bbox 2631 4664 2904 4731; x_wconf 82' lang='lat' dir='ltr'><strong>propheta,</strong></span> <span class='ocrx_word' id='word_1_841' title='bbox 2927 4665 3013 4731; x_wconf 85' lang='lat' dir='ltr'><strong>qni</strong></span> <span class='ocrx_word' id='word_1_842' title='bbox 3043 4666 3391 4733; x_wconf 86' lang='lat' dir='ltr'><strong>interrogatus</strong></span> 
     </span>
    </p>
   </div>
   <div class='ocr_carea' id='block_1_111' title="bbox 1830 4753 3389 4824">
    <p class='ocr_par' dir='ltr' id='par_1_111' title="bbox 1830 4753 3389 4824">
     <span class='ocr_line' id='line_1_112' title="bbox 1830 4753 3389 4824; baseline -0.002 -12"><span class='ocrx_word' id='word_1_843' title='bbox 1830 4760 2152 4813; x_wconf 89' lang='lat' dir='ltr'><strong>calamitates</strong></span> <span class='ocrx_word' id='word_1_844' title='bbox 2201 4756 2474 4824; x_wconf 67' lang='grc' dir='ltr'><strong>ρτευᾱίεἱι,</strong></span> <span class='ocrx_word' id='word_1_845' title='bbox 2504 4755 2547 4806; x_wconf 91' lang='lat' dir='ltr'><strong>si</strong></span> <span class='ocrx_word' id='word_1_846' title='bbox 2580 4753 2772 4805; x_wconf 91' lang='lat' dir='ltr'><strong>bellum</strong></span> <span class='ocrx_word' id='word_1_847' title='bbox 2824 4753 3098 4807; x_wconf 81' lang='lat' dir='ltr'><strong>inferatur.</strong></span> <span class='ocrx_word' id='word_1_848' title='bbox 3146 4754 3389 4810; x_wconf 73' lang='lat' dir='ltr'><strong>Irascitur</strong></span> 
     </span>
    </p>
   </div>
   <div class='ocr_carea' id='block_1_112' title="bbox 1831 4845 3387 4915">
    <p class='ocr_par' dir='ltr' id='par_1_112' title="bbox 1831 4845 3387 4915">
     <span class='ocr_line' id='line_1_113' title="bbox 1831 4845 3387 4915; baseline -0.003 -10"><span class='ocrx_word' id='word_1_849' title='bbox 1831 4852 2043 4906; x_wconf 81' lang='lat' dir='ltr'><strong>Achaab</strong></span> <span class='ocrx_word' id='word_1_850' title='bbox 2066 4869 2075 4903; x_wconf 95' lang='lat'><strong>:</strong></span> <span class='ocrx_word' id='word_1_851' title='bbox 2099 4849 2184 4902; x_wconf 64' lang='lat' dir='ltr'><strong>Mi:</strong></span> <span class='ocrx_word' id='word_1_852' title='bbox 2202 4848 2367 4900; x_wconf 79' lang='lat' dir='ltr'><strong>haeam</strong></span> <span class='ocrx_word' id='word_1_853' title='bbox 2398 4848 2612 4915; x_wconf 89' lang='lat' dir='ltr'><strong>perculit</strong></span> <span class='ocrx_word' id='word_1_854' title='bbox 2637 4845 2883 4899; x_wconf 81' lang='lat' dir='ltr'><strong>Sedecias</strong></span> <span class='ocrx_word' id='word_1_855' title='bbox 2911 4846 3387 4915; x_wconf 80' lang='lat' dir='ltr'><strong>pseudoprOpheta.</strong></span> 
     </span>
    </p>
   </div>
   <div class='ocr_carea' id='block_1_113' title="bbox 1831 4935 3388 5004">
    <p class='ocr_par' dir='ltr' id='par_1_113' title="bbox 1831 4935 3388 5004">
     <span class='ocr_line' id='line_1_114' title="bbox 1831 4935 3388 5004; baseline -0.003 -7"><span class='ocrx_word' id='word_1_856' title='bbox 1831 4943 1983 4997; x_wconf 86' lang='lat' dir='ltr'><strong>Jubet</strong></span> <span class='ocrx_word' id='word_1_857' title='bbox 2022 4938 2235 4993; x_wconf 83' lang='lat' dir='ltr'><strong>Achaab</strong></span> <span class='ocrx_word' id='word_1_858' title='bbox 2288 4938 2487 4991; x_wconf 81' lang='lat' dir='ltr'><strong>servari</strong></span> <span class='ocrx_word' id='word_1_859' title='bbox 2518 4935 2785 4989; x_wconf 58' lang='lat' dir='ltr'><strong>Michxatn</strong></span> <span class='ocrx_word' id='word_1_860' title='bbox 2834 4937 3340 5004; x_wconf 85' lang='lat' dir='ltr'><strong>pseudoprophctant</strong></span> <span class='ocrx_word' id='word_1_861' title='bbox 3371 4981 3388 5004; x_wconf 94' lang='lat'><strong>,</strong></span> 
     </span>
    </p>
   </div>
   <div class='ocr_carea' id='block_1_114' title="bbox 1833 5029 3391 5100">
    <p class='ocr_par' dir='ltr' id='par_1_114' title="bbox 1833 5029 3391 5100">
     <span class='ocr_line' id='line_1_115' title="bbox 1833 5029 3391 5100; baseline -0.001 -11"><span class='ocrx_word' id='word_1_862' title='bbox 1833 5036 2001 5089; x_wconf 89' lang='lat' dir='ltr'><strong>donec</strong></span> <span class='ocrx_word' id='word_1_863' title='bbox 2028 5033 2149 5086; x_wconf 91' lang='lat' dir='ltr'><strong>belli</strong></span> <span class='ocrx_word' id='word_1_864' title='bbox 2185 5032 2301 5083; x_wconf 87' lang='lat' dir='ltr'><strong>finis</strong></span> <span class='ocrx_word' id='word_1_865' title='bbox 2326 5039 2485 5082; x_wconf 87' lang='lat' dir='ltr'><strong>esset.</strong></span> <span class='ocrx_word' id='word_1_866' title='bbox 2512 5029 2705 5080; x_wconf 72' lang='lat' dir='ltr'><strong>Exitad</strong></span> <span class='ocrx_word' id='word_1_867' title='bbox 2732 5044 2993 5097; x_wconf 90' lang='lat' dir='ltr'><strong>pugnam,</strong></span> <span class='ocrx_word' id='word_1_868' title='bbox 3031 5040 3083 5082; x_wconf 95' lang='lat' dir='ltr'><strong>et</strong></span> <span class='ocrx_word' id='word_1_869' title='bbox 3107 5030 3391 5100; x_wconf 86' lang='lat' dir='ltr'><strong>Josaphato</strong></span> 
     </span>
    </p>
   </div>
   <div class='ocr_carea' id='block_1_115' title="bbox 1832 5121 3393 5193">
    <p class='ocr_par' dir='ltr' id='par_1_115' title="bbox 1832 5121 3393 5193">
     <span class='ocr_line' id='line_1_116' title="bbox 1832 5121 3393 5193; baseline -0.002 -14"><span class='ocrx_word' id='word_1_870' title='bbox 1832 5127 1992 5180; x_wconf 81' lang='lat' dir='ltr'><strong>dixit:</strong></span> <span class='ocrx_word' id='word_1_871' title='bbox 2016 5126 2272 5177; x_wconf 82' lang='lat' dir='ltr'><strong>Mutemus</strong></span> <span class='ocrx_word' id='word_1_872' title='bbox 2304 5121 2533 5173; x_wconf 90' lang='lat' dir='ltr'><strong>habitum</strong></span> <span class='ocrx_word' id='word_1_873' title='bbox 2560 5130 2612 5173; x_wconf 94' lang='lat' dir='ltr'><strong>et</strong></span> <span class='ocrx_word' id='word_1_874' title='bbox 2631 5121 2944 5173; x_wconf 87' lang='lat' dir='ltr'><strong>vestimenta</strong></span> <span class='ocrx_word' id='word_1_875' title='bbox 2972 5136 2984 5181; x_wconf 88' lang='lat'><strong>;</strong></span> <span class='ocrx_word' id='word_1_876' title='bbox 3016 5122 3266 5189; x_wconf 73' lang='lat' dir='ltr'><strong>aecijiiam</strong></span> <span class='ocrx_word' id='word_1_877' title='bbox 3294 5140 3393 5193; x_wconf 92' lang='lat' dir='ltr'><strong>ego</strong></span> 
     </span>
    </p>
   </div>
   <div class='ocr_carea' id='block_1_116' title="bbox 1835 5210 3389 5282">
    <p class='ocr_par' dir='ltr' id='par_1_116' title="bbox 1835 5210 3389 5282">
     <span class='ocr_line' id='line_1_117' title="bbox 1835 5210 3389 5282; baseline -0.001 -13"><span class='ocrx_word' id='word_1_878' title='bbox 1835 5226 1942 5282; x_wconf 91' lang='lat' dir='ltr'><strong>tua,</strong></span> <span class='ocrx_word' id='word_1_879' title='bbox 1972 5224 2022 5268; x_wconf 91' lang='lat' dir='ltr'><strong>et</strong></span> <span class='ocrx_word' id='word_1_880' title='bbox 2055 5230 2166 5266; x_wconf 85' lang='lat' dir='ltr'><strong>mea</strong></span> <span class='ocrx_word' id='word_1_881' title='bbox 2209 5213 2296 5264; x_wconf 89' lang='lat' dir='ltr'><strong>tibi</strong></span> <span class='ocrx_word' id='word_1_882' title='bbox 2344 5210 2509 5263; x_wconf 89' lang='lat' dir='ltr'><strong>trado.</strong></span> <span class='ocrx_word' id='word_1_883' title='bbox 2564 5210 2653 5262; x_wconf 90' lang='lat' dir='ltr'><strong>llis</strong></span> <span class='ocrx_word' id='word_1_884' title='bbox 2684 5210 2927 5277; x_wconf 88' lang='lat' dir='ltr'><strong>peractis,</strong></span> <span class='ocrx_word' id='word_1_885' title='bbox 2958 5225 3075 5263; x_wconf 89' lang='lat' dir='ltr'><strong>cum</strong></span> <span class='ocrx_word' id='word_1_886' title='bbox 3110 5216 3389 5281; x_wconf 68' lang='lat' dir='ltr'><strong>prmeepis-</strong></span> 
     </span>
    </p>
   </div>
   <div class='ocr_carea' id='block_1_117' title="bbox 1835 5300 3389 5373">
    <p class='ocr_par' dir='ltr' id='par_1_117' title="bbox 1835 5300 3389 5373">
     <span class='ocr_line' id='line_1_118' title="bbox 1835 5300 3389 5373; baseline -0.001 -14"><span class='ocrx_word' id='word_1_887' title='bbox 1835 5316 1915 5362; x_wconf 91' lang='lat' dir='ltr'><strong>set</strong></span> <span class='ocrx_word' id='word_1_888' title='bbox 1941 5322 2029 5360; x_wconf 90' lang='lat' dir='ltr'><strong>rex</strong></span> <span class='ocrx_word' id='word_1_889' title='bbox 2061 5304 2226 5373; x_wconf 81' lang='lat' dir='ltr'><strong>Syriae</strong></span> <span class='ocrx_word' id='word_1_890' title='bbox 2250 5303 2497 5355; x_wconf 88' lang='lat' dir='ltr'><strong>militibus</strong></span> <span class='ocrx_word' id='word_1_891' title='bbox 2515 5300 2643 5365; x_wconf 87' lang='lat' dir='ltr'><strong>suis,</strong></span> <span class='ocrx_word' id='word_1_892' title='bbox 2678 5309 2733 5352; x_wconf 93' lang='lat' dir='ltr'><strong>ut</strong></span> <span class='ocrx_word' id='word_1_893' title='bbox 2758 5300 2931 5353; x_wconf 81' lang='lat' dir='ltr'><strong>missis</strong></span> <span class='ocrx_word' id='word_1_894' title='bbox 2961 5302 3203 5356; x_wconf 90' lang='lat' dir='ltr'><strong>omnibus</strong></span> <span class='ocrx_word' id='word_1_895' title='bbox 3231 5318 3389 5357; x_wconf 88' lang='lat' dir='ltr'><strong>ttnum</strong></span> 
     </span>
    </p>
   </div>
   <div class='ocr_carea' id='block_1_118' title="bbox 1894 5454 3393 5523">
    <p class='ocr_par' dir='ltr' id='par_1_118' title="bbox 1894 5454 3393 5523">
     <span class='ocr_line' id='line_1_119' title="bbox 1894 5454 3393 5523; baseline -0.006 -13"><span class='ocrx_word' id='word_1_896' title='bbox 1894 5464 1964 5523; x_wconf 82' lang='grc' dir='ltr'><strong>(α)</strong></span> <span class='ocrx_word' id='word_1_897' title='bbox 1978 5461 2027 5508; x_wconf 82' lang='lat' dir='ltr'><strong>In</strong></span> <span class='ocrx_word' id='word_1_898' title='bbox 2042 5466 2145 5523; x_wconf 51' lang='lat' dir='ltr'><strong>LX);</strong></span> <span class='ocrx_word' id='word_1_899' title='bbox 2162 5458 2483 5523; x_wconf 82' lang='lat' dir='ltr'><strong>Interpretum</strong></span> <span class='ocrx_word' id='word_1_900' title='bbox 2502 5455 2709 5523; x_wconf 83' lang='lat' dir='ltr'><strong>editione</strong></span> <span class='ocrx_word' id='word_1_901' title='bbox 2730 5454 2926 5523; x_wconf 73' lang='lat' dir='ltr'><strong>legitur,</strong></span> <span class='ocrx_word' id='word_1_902' title='bbox 2942 5460 3393 5523; x_wconf 65' lang='grc' dir='ltr'><strong>Ναεάτι.11ξῐλοῃιιί[ψρ</strong></span> 
     </span>
    </p>
   </div>
   <div class='ocr_carea' id='block_1_119' title="bbox 1834 5516 3394 5577">
    <p class='ocr_par' dir='ltr' id='par_1_119' title="bbox 1834 5516 3394 5577">
     <span class='ocr_line' id='line_1_120' title="bbox 1834 5516 3394 5577; baseline -0.003 -6"><span class='ocrx_word' id='word_1_903' title='bbox 1834 5516 2019 5571; x_wconf 79' lang='lat' dir='ltr'><strong>nomina</strong></span> <span class='ocrx_word' id='word_1_904' title='bbox 2042 5520 2239 5568; x_wconf 88' lang='lat' dir='ltr'><strong>multum</strong></span> <span class='ocrx_word' id='word_1_905' title='bbox 2279 5518 2517 5577; x_wconf 83' lang='lat' dir='ltr'><strong>variabant</strong></span> <span class='ocrx_word' id='word_1_906' title='bbox 2552 5517 2598 5563; x_wconf 92' lang='lat' dir='ltr'><strong>in</strong></span> <span class='ocrx_word' id='word_1_907' title='bbox 2625 5516 2981 5577; x_wconf 78' lang='lat' dir='ltr'><strong>exemplaribus</strong></span> <span class='ocrx_word' id='word_1_908' title='bbox 3009 5522 3191 5567; x_wconf 67' lang='lat' dir='ltr'><strong>Crmris.</strong></span> <span class='ocrx_word' id='word_1_909' title='bbox 3216 5516 3394 5566; x_wconf 75' lang='lat' dir='ltr'><strong>Verum</strong></span> 
     </span>
    </p>
   </div>
   <div class='ocr_carea' id='block_1_120' title="bbox 1834 5576 3393 5639">
    <p class='ocr_par' dir='ltr' id='par_1_120' title="bbox 1834 5576 3393 5639">
     <span class='ocr_line' id='line_1_121' title="bbox 1834 5576 3393 5639; baseline -0.003 -8"><span class='ocrx_word' id='word_1_910' title='bbox 1834 5599 2006 5632; x_wconf 89' lang='lat' dir='ltr'><strong>nomen</strong></span> <span class='ocrx_word' id='word_1_911' title='bbox 2032 5592 2109 5631; x_wconf 85' lang='lat' dir='ltr'><strong>est</strong></span> <span class='ocrx_word' id='word_1_912' title='bbox 2130 5580 2282 5630; x_wconf 65' lang='lat' dir='ltr'><strong>aadah</strong></span> <span class='ocrx_word' id='word_1_913' title='bbox 2303 5576 2561 5626; x_wconf 89' lang='lat' dir='ltr'><strong>secundum</strong></span> <span class='ocrx_word' id='word_1_914' title='bbox 2587 5576 2861 5626; x_wconf 80' lang='lat' dir='ltr'><strong>tlehraicam</strong></span> <span class='ocrx_word' id='word_1_915' title='bbox 2898 5585 3144 5629; x_wconf 85' lang='lat' dir='ltr'><strong>\erilatem</strong></span> <span class='ocrx_word' id='word_1_916' title='bbox 3170 5586 3285 5639; x_wconf 65' lang='grc' dir='ltr'><strong>ειη.</strong></span> <span class='ocrx_word' id='word_1_917' title='bbox 3311 5582 3393 5629; x_wconf 76' lang='lat' dir='ltr'><strong>Sic</strong></span> 
     </span>
    </p>
   </div>
   <div class='ocr_carea' id='block_1_121' title="bbox 1836 5646 2749 5715">
    <p class='ocr_par' dir='ltr' id='par_1_121' title="bbox 1836 5646 2749 5715">
     <span class='ocr_line' id='line_1_122' title="bbox 1836 5646 2749 5715; baseline -0.011 -10"><span class='ocrx_word' id='word_1_918' title='bbox 1836 5662 1885 5705; x_wconf 87' lang='lat' dir='ltr'><strong>et</strong></span> <span class='ocrx_word' id='word_1_919' title='bbox 1908 5654 2025 5702; x_wconf 81' lang='lat' dir='ltr'><strong>infra</strong></span> <span class='ocrx_word' id='word_1_920' title='bbox 2050 5655 2140 5715; x_wconf 64' lang='grc' dir='ltr'><strong>λδιρ</strong></span> <span class='ocrx_word' id='word_1_921' title='bbox 2160 5666 2247 5702; x_wconf 88' lang='lat' dir='ltr'><strong>rex</strong></span> <span class='ocrx_word' id='word_1_922' title='bbox 2268 5650 2408 5713; x_wconf 77' lang='lat' dir='ltr'><strong>Syria:</strong></span> <span class='ocrx_word' id='word_1_923' title='bbox 2429 5655 2503 5698; x_wconf 84' lang='lat' dir='ltr'><strong>cst</strong></span> <span class='ocrx_word' id='word_1_924' title='bbox 2521 5646 2749 5695; x_wconf 83' lang='lat' dir='ltr'><strong>Beuadad.</strong></span> 
     </span>
    </p>
   </div>
  </div>
