4000 6220
643 341 746 396 351

643 450 817 507 regem
837 432 1046 489 Israelis
1068 433 1117 485 in
1142 429 1281 484 bello
1306 427 1653 492 adorirentur,
1679 425 1747 478 illi
1771 423 2006 476 videntes
2043 419 2186 474 Iosa—

647 525 771 593 pltat
800 537 972 592 regem
988 519 1139 582 Iuda,
1167 526 1222 571 et
1247 524 1488 586 putantes
1515 527 1632 568 esse
1657 526 1833 581 regem
1856 508 2015 564 Israel
2045 509 2189 578 (nam

650 615 810 670 vestis
839 615 978 681 ipsus
997 607 1244 678 decepit),
1273 604 1723 661 circumsistebant
1756 603 1900 655 illum
1923 640 1937 664 ,
1965 607 2023 652 ut
2048 597 2190 651 occi-

652 703 855 756 derent.
879 698 975 752 Ille
1003 711 1132 751 vero
1154 696 1390 749 clamans
1417 707 1447 746 a
1488 691 1720 761 periculo
1745 689 2011 744 eximitur.
2044 686 2193 739 Alius

650 798 823 842 autem
850 785 1147 855 sagittarius
1169 783 1306 838 feriit
1329 781 1649 844 Achaabum,
1676 786 1729 833 et
1758 777 1971 846 sanguis
2006 789 2192 828 mana-

649 878 756 939 bat,
787 888 941 942 quem
962 872 1237 926 abluerunt
1265 871 1315 924 in
1334 869 1494 933 fonte,
1525 878 1579 922 et
1606 866 1909 920 meretrices
1931 880 1988 919 sc
2014 864 2195 917 ablue-

653 973 772 1017 runt
814 963 864 1016 in
885 961 1135 1031 sanguine
1163 961 1276 1028 ejus
1300 999 1315 1024 ,
1339 971 1599 1025 canesque
1625 956 1888 1009 Iinxerunt
1909 968 2050 1006 eum.
2093 952 2195 1006 Re-

651 1055 828 1123 gnavit
852 1060 975 1121 post
1017 1049 1316 1106 Achaabum
1343 1046 1597 1101 Ochozias
1627 1044 1762 1097 [ilius
1782 1042 1915 1110 ejus.
1939 1040 2067 1108 Quia
2096 1055 2193 1094 au-

655 1153 757 1194 tem
785 1138 1034 1208 .Iosaphat
1081 1141 1276 1192 amicus
1327 1135 1440 1203 ejus
1464 1134 1578 1196 fuit,
1607 1145 1790 1200 pcenas
1831 1130 2003 1194 dedit;
2037 1129 2106 1182 ita
2141 1136 2197 1182 ut

652 1247 812 1301 Opera
825 1231 941 1300 ejus
967 1227 1418 1297 interpellarentur
1443 1220 1540 1293 (α).

1239 1370 1507 1412 REGNORUI
1536 1371 1603 1410 IV.

722 1489 999 1559 Egrotans
1023 1487 1274 1542 Ochozias
1298 1486 1435 1539 misit
1454 1486 1747 1539 consultum
1765 1485 1995 1548 Baalem,
2023 1491 2194 1536 utrum

653 1588 982 1635 surrecturus
1009 1587 1148 1632 esset
1171 1597 1182 1631 :
1214 1587 1264 1632 et
1291 1577 1484 1630 nuntiis
1505 1590 1785 1630 occurrens
1812 1576 1949 1628 Elias
1971 1574 2197 1642 prophe-

651 1681 724 1736 ta,
750 1671 904 1740 jussit
929 1683 1199 1740 regressus
1227 1669 1467 1722 nuntiare
1512 1672 1678 1734 ipsum
1705 1681 1807 1720 non
1835 1677 2194 1718 surrecturum

649 1773 786 1812 csse.
812 1758 938 1812 Cum
961 1757 1226 1811 didicisset
1247 1765 1419 1810 autem
1447 1753 1699 1808 Ochozias
1728 1768 1844 1806 esse
1883 1753 2065 1814 Etiam,
2099 1751 2198 1804 mi-

655 1850 723 1901 sit
752 1847 1244 1916 quinquagenarium
1277 1846 1443 1913 primo
1491 1853 1546 1898 et
1571 1843 1834 1906 secundo;
1877 1856 1994 1895 cum
2025 1850 2195 1894 autem

656 1949 875 2006 uterque
926 1952 1044 1990 cum
1106 1935 1475 2005 quinquaginta
1527 1936 1634 1986 suis
1696 1934 1813 2001 igne
1859 1938 2198 1999 consumptus

659 2029 859 2089 fuisset,
890 2041 1006 2080 cum
1037 2026 1188 2080 tertio
1212 2025 1419 2092 iubetur
1449 2024 1588 2076 Elias
1639 2021 1982 2083 descendere,
2017 2027 2070 2073 et
2108 2034 2194 2073 re-

654 2131 772 2184 gem
803 2114 984 2168 adiens
1011 2113 1142 2167 dixit
1190 2114 1337 2166 illum
1395 2126 1511 2167 esse
1538 2111 1868 2165 moriturum.
1901 2109 2025 2163 Post
2060 2108 2197 2161 hunc

657 2216 839 2274 regnat
863 2205 1021 2260 frater
1050 2204 1162 2273 ejus
1198 2203 1377 2258 Joram
1413 2223 1424 2256 :
1455 2217 1556 2255 non
1603 2202 1741 2254 enim
1781 2208 1894 2253 erat
1938 2199 2010 2252 illi
2039 2198 2195 2252 filius.

669 2295 800 2349 Hine
828 2293 1112 2361 assumptio
1139 2293 1260 2346 Elite
1291 2293 1340 2344 in
1366 2292 1569 2346 caelum.
1596 2291 1839 2343 Videntes
1861 2289 1946 2342 lilii
1971 2289 2197 2356 prephe-

659 2395 825 2438 larunt
847 2382 1114 2436 Elissaeum
1137 2382 1275 2436 sicco
1302 2380 1432 2449 pede
1457 2379 1738 2434 Iordanem
1772 2386 2192 2446 praetereuntem,

657 2473 900 2526 dixerunt
935 2470 1193 2540 quievisse
1242 2470 1479 2537 spiritum
1513 2469 1638 2520 Eliae
1666 2482 1825 2535 super
1849 2465 2016 2535 ipsum
2047 2506 2059 2527 ,
2108 2479 2196 2519 ro-

658 2571 883 2630 gantque
913 2559 1047 2613 mitti
1076 2559 1164 2628 qui
1196 2559 1359 2612 Eliam
1393 2559 1788 2626 perquirerent:
1820 2556 1906 2609 ille
1954 2555 2200 2625 prohibe-

662 2649 767 2712 bat,
796 2648 1108 2717 demumque
1157 2648 1371 2702 annuit:
1404 2646 1497 2700 sed
1540 2648 1626 2714 qui
1659 2647 1800 2699 missi
1847 2647 2049 2699 fuerant
2094 2659 2198 2699 non

659 2739 988 2791 invenerunt.
1025 2738 1202 2805 Aquas
1230 2737 1280 2789 in
1310 2734 1517 2790 Jericho
1541 2749 1693 2787 sanas
1717 2733 1884 2788 reddit
1916 2734 2196 2796 Elissmus;

659 2841 778 2879 cum
803 2825 1004 2879 veniret
1030 2825 1079 2877 in
1103 2823 1300 2878 Baztbel
1328 2863 1344 2888 ,
1376 2823 1622 2892 puerulos
1648 2837 1705 2876 se
1732 2822 2007 2876 irridentes
2036 2821 2199 2874 malc-

661 2915 807 2977 dicit,
826 2914 1002 2983 illique
1022 2914 1087 2966 ab
1108 2913 1242 2966 ursis
1272 2912 1668 2966 interficiuntur.
1694 2913 1799 2965 Rex
1822 2911 1970 2965 Moab
1989 2911 2197 2964 solitum

657 3004 886 3074 pendere
915 3004 1161 3056 tributum
1214 3003 1412 3056 abnuit.
1443 3004 1640 3055 Bellum
1677 3004 1771 3070 ipsi
1818 3001 1975 3055 infert
2023 3001 2198 3055 Iuram

661 3110 752 3149 rex
777 3093 905 3148 Iuda
926 3103 1192 3161 assumpto
1221 3108 1396 3147 secum
1423 3093 1646 3147 Ochuzia
1674 3108 1794 3160 rege
1822 3091 2002 3156 Israel,
2033 3102 2085 3146 et
2114 3108 2200 3146 re-

662 3198 728 3254 ge
752 3183 915 3238 Edoni
947 3183 1044 3255 (ὁ).
1073 3183 1201 3236 Cum
1235 3191 1408 3235 autem
1443 3198 1544 3235 non
1596 3183 1885 3235 invenirent
1911 3198 2098 3251 aquam
2147 3185 2198 3237 in

663 3273 893 3336 deserto,
934 3282 987 3326 et
1016 3272 1080 3324 de
1110 3273 1215 3324 vita
1239 3272 1676 3341 periclitarentur,
1709 3275 2013 3326 consulente
2029 3272 2200 3327 Ocho-

658 3364 738 3419 zia
765 3363 978 3416 veniunt
1002 3362 1062 3415 ad
1111 3363 1401 3416 Elissaeum.
1440 3363 1532 3416 Ille
1562 3378 1687 3416 vero
1728 3363 1966 3416 irascitur
2003 3371 2185 3418 contra

659 3466 834 3520 regem
864 3451 1036 3514 Israel,
1075 3465 1170 3504 nec
1193 3465 1248 3503 se
1276 3451 1417 3504 illum
1450 3451 1712 3518 respicere
1736 3451 1871 3504 velle
1909 3451 2057 3513 dixit,
2100 3453 2196 3505 nisi

659 3539 712 3593 in
735 3540 950 3608 gratiam
981 3541 1118 3608 regis
1145 3539 1312 3592 ludat.
1367 3538 1543 3607 Neque
1586 3549 1782 3593 tantum
1818 3556 2065 3608 aquarum
2111 3557 2200 3595 co-

659 3629 797 3697 piam
825 3625 1058 3697 przedicit
1080 3666 1095 3689 ,
1133 3627 1222 3678 sed
1267 3627 1424 3679 etiam
1455 3627 1724 3679 victoriam
1755 3637 1936 3680 contra
1961 3627 2199 3680 Moabiti-

657 3717 796 3779 dem,
831 3716 879 3768 id
911 3714 1047 3782 quod
1096 3715 1252 3767 etiam
1281 3713 1454 3767 evenit
1481 3731 1493 3766 :
1528 3714 1578 3767 in
1622 3722 1918 3782 tantamque
1946 3714 2199 3769 deductus

659 3814 742 3859 est
769 3805 1115 3858 calamitatem
1163 3817 1256 3858 rex
1300 3803 1681 3869 Moabitarum,
1738 3812 1796 3857 ut
1826 3805 1980 3858 etiam
2034 3806 2196 3858 filium

662 3904 916 3948 mactaret
930 3909 1083 3961 supra
1113 3908 1338 3946 murum.
1377 3893 1471 3946 Hic
1495 3894 1664 3962 agitur
1686 3894 1750 3946 de
1780 3895 2018 3958 muliere,
2048 3895 2197 3962 cujus

657 3986 829 4040 oleum
873 3985 1348 4052 superabundavit,
1387 3991 1437 4037 et
1465 3983 1530 4037 de
1553 3984 1895 4045 Sunamitide,
1923 3985 2008 4037 cui
2037 3985 2196 4037 lilium

659 4075 851 4126 salvum
887 4073 1107 4126 reddidit
1167 4073 1430 4136 Elissteus,
1487 4082 1539 4125 ct
1589 4080 1847 4124 mortuum
1902 4074 2190 4127 suscitavit.

658 4161 815 4215 Fame
843 4163 1240 4229 superveniente
1261 4161 1655 4214 amaritudinem
1684 4163 1892 4215 abstulit
1935 4178 1963 4215 a
1991 4164 2192 4228 Iebete,

654 4253 784 4305 etin
815 4252 1025 4305 nomine
1064 4251 1150 4303 Dei
1195 4259 1405 4304 centum
1435 4251 1574 4303 viros
1630 4251 1876 4303 enutrivit
1907 4267 1969 4304 ex
2014 4255 2194 4321 viginti

656 4342 876 4410 panibus
906 4339 1233 4394 hordeaceis.
1280 4340 1445 4408 Lepra
1477 4339 1692 4392 all‘ectns
1719 4348 1799 4392 est
1834 4339 2061 4393 Neeman
2089 4343 2192 4395 dux

656 4433 792 4500 regis
822 4433 1004 4495 Syrize,
1046 4431 1131 4498 qui
1163 4430 1418 4483 accedens
1454 4429 1518 4482 ad
1549 4444 1721 4497 regem
1752 4429 1904 4481 Israel
1936 4430 2190 4483 medelam

657 4521 891 4590 petebat;
925 4520 1011 4572 ille
1037 4533 1160 4572 vero
1185 4520 1368 4572 anxius
1385 4517 1535 4572 scidit
1556 4519 1861 4571 vestimenta
1886 4533 1996 4571 sua.
2021 4519 2191 4587 Ipsum

715 4677 786 4736 (α)
809 4675 861 4723 In
884 4681 1057 4736 crzeco,
1082 4681 1189 4722 ιδωιι
1210 4681 1325 4736 δίκην.
1347 4685 1387 4723 τὸ
1411 4681 1673 4728 amatam“;
1690 4684 1773 4734 ῑρτα
1788 4685 1906 4736 αὐτῆ.
1930 4679 2066 4721 Forte
2087 4687 2190 4724 me—

653 4733 744 4784 lius
769 4733 882 4782 'htec
919 4735 1062 4781 verba
1101 4733 1404 4793 quadrarent,
1430 4736 1665 4792 prtemissa
1707 4733 1928 4794 particula
1968 4736 2168 4794 negandi

652 4773 1331 4861 Liﬁsﬁ}w{§_}?_s§$ﬁi
1337 4773 1690 4861 ’ᾖέἶιέζέξξῖῶη
1707 4773 2190 4861 1ιὲἆὲἱῦὼᾶῗῆᾦᾷ

649 4868 793 4920 opera
814 4851 1062 4920 ejus'iltud
1076 4851 1410 4920 ⁸ἱιηρεᾴξνιξηῐ,“
1421 4852 1546 4920 quod
1581 4851 1869 4920 consonaret
1895 4866 2001 4920 cum
2032 4851 2192 4920 verbis

650 4911 742 4960 illis
765 4911 957 4974 Paralip.
978 4912 1051 4961 19.
1074 4913 1128 4960 ἓξ
1152 4911 1201 4974 Et
1225 4911 1404 4960 idcirco
1424 4911 1547 4974 iram
1568 4912 1758 4972 quidem
1779 4912 1964 4961 Domini
1985 4915 2192 4963 mereba-

648 4974 716 5022 m
732 4986 748 5020 .'
769 4974 850 5021 sed
873 4970 989 5020 om
1007 4985 1150 5032 opera
1171 4970 1352 5019 iuventa
1373 4978 1477 5018 sunt
1496 4970 1543 5018 in
1567 4970 1627 5032 te.

711 5032 778 5092 (ὑ)
803 5038 911 5079 Haec
947 5030 1042 5079 non
1077 5032 1308 5093 quadrent
1338 5032 1426 5079 nisi
1461 5043 1568 5093 cum
1602 5030 1711 5080 Cod.
1739 5031 1877 5093 Coisl.
1904 5033 1950 5080 in
1971 5044 2068 5093 quo
2089 5036 2188 5083 cvi-

648 5089 818 5140 denter
854 5093 1075 5139 mendum
1096 5089 1200 5139 'est.
1230 5099 1335 5138 Nam
1358 5093 1435 5142 qui
1460 5089 1637 5137 bellum
1662 5091 1868 5139 intulere
1892 5089 2189 5142 Moabitarum

646 5153 770 5213 regi,
799 5158 1103 5213 crautloratn
1126 5163 1216 5213 rex
1242 5150 1405 5208 Israel,
1431 5164 1453 5197 a
1477 5163 1571 5213 quo
1589 5151 1833 5198 deiecerat
1863 5166 1948 5200 rex
1979 5157 2190 5201 \tmbita-

648 5210 767 5267 runt,
793 5210 1009 5271 .losapltat
1031 5222 1116 5271 rex
1136 5211 1265 5265 .tuda,
1293 5216 1343 5257 et
1364 5223 1452 5259 rex
1479 5211 1628 5257 Ldum.
1657 5213 1877 5257 Fortassis
1901 5215 2040 5259 etiam
2065 5214 2108 5260 id
2127 5229 2186 5262 ex

647 5274 877 5320 varietate
904 5268 1257 5330 exemplarium
1281 5275 1436 5330 ortum
1463 5284 1475 5317 :
1501 5282 1606 5316 nam
1630 5278 1802 5330 quanta
1841 5271 1916 5318 illa
1951 5282 2095 5330 esset,
2121 5277 2188 5321 vi-

643 5332 775 5381 desis
799 5333 845 5380 in
870 5328 1165 5389 Hexaplisiad
1193 5336 1332 5389 caput
1355 5329 1456 5377 XIV
1479 5331 1580 5377 libri
1601 5328 1730 5378 tertii
1756 5338 1948 5385 ltegum.
1973 5334 2061 5380 Sed
2087 5328 2187 5382 me-

645 5391 736 5440 lius
757 5391 976 5439 credatur
1003 5388 1062 5437 id
1098 5388 1228 5450 lapsu
1251 5388 1486 5448 'graphieo
1519 5391 1763 5438 accidisse.
1799 5393 2029 5440 Librarius
2062 5407 2189 5440 eitnn

640 5452 1042 5511 qui3piamprimo
1051 5455 1280 5511 Joramum
1303 5461 1471 5509 regem
1489 5451 1601 5511 Juda
1620 5463 1702 5511 pro
1716 5463 1834 5507 rege
1855 5451 1998 5499 Israel
2019 5464 2186 5511 posue-

640 5508 1064 5574 ιξ1ι.1)θὶῃ(1ὲλειιίυξ
1084 5509 1322 5558 Ochoziam
1346 5508 1514 5570 regem
1537 5508 1685 5557 Israd
1705 5524 1788 5570 pro
1806 5508 2050 5571 Josaphatu
2069 5527 2187 5574 rege

636 5569 760 5621 Iuda
778 5571 1094 5619 substitucrit.

1396 315 1452 370 S.
1490 313 1759 371 .IOANNIS
1791 303 2250 368 CIIRYSOSTOIII
2287 304 2598 364 ARCIIIEP.
2636 310 3155 373 CONSTANI‘INOP.

3762 332 3868 386 352

2298 422 2522 476 accersit
2544 422 2813 490 Elissam,
2832 427 3083 498 iubetque
3110 431 3346 500 immergi
3371 434 3422 486 in
3445 431 3738 490 Iordanem
3762 452 3850 492 se-

2299 512 2455 578 pties.
2485 512 2575 568 IIle
2600 530 2724 569 vero
2754 517 2921 584 primo
2940 521 3148 588 quidem
3175 522 3403 591 neglexit
3425 563 3441 589 ,
3467 539 3563 579 nec
3579 526 3844 580 medelam

2301 598 2421 653 inde
2440 604 2688 670 Speravit.
2715 604 2932 658 Demum
2959 608 3123 662 servis
3142 610 3252 664 suis
3269 611 3614 678 hortantibus,
3634 613 3852 668 immer-

2299 688 2436 756 gitur
2462 698 2515 743 et
2539 700 2754 745 curatur
2781 709 2795 745 :
2827 694 3065 763 donaque
3111 696 3364 752 offerebat
3389 699 3624 765 Elissam,
3655 703 3748 770 qui
3768 703 3850 756 illa

2305 782 2524 848 respuit.
2552 782 2932 838 Abscedentem
2981 787 3126 839 illum
3157 786 3458 856 insequutus
3496 790 3637 845 Giesi
3665 806 3852 846 servus

2301 869 2524 932 Elissaei,
2555 873 2704 940 quasi
2744 874 2810 927 ab
2837 875 3051 929 Elissam
3079 878 3288 942 missus,
3317 894 3345 931 a
3387 879 3614 934 Neeman
3661 883 3855 949 accipit

2301 960 2406 1013 duo
2429 961 2620 1014 talenta
2645 973 2911 1030 argentea,
2935 973 2988 1018 et
3003 966 3107 1019 duo
3127 967 3455 1022 vestimenta.
3477 970 3554 1024 Ad
3573 971 3852 1024 Elissmunn

2302 1064 2428 1104 vero
2457 1066 2716 1117 reversus,
2737 1062 2940 1122 gestum
2964 1057 3228 1112 occultare
3263 1061 3510 1113 teutabat.
3536 1061 3629 1115 Ille
3671 1073 3848 1116 autem

2302 1154 2513 1194 servum
2549 1143 2843 1211 redarguit.
2873 1155 2924 1198 et
2954 1147 3004 1198 in
3039 1162 3243 1214 paruam
3268 1149 3721 1219 immisitlepram.
3756 1152 3851 1207 Ve—

2303 1232 2452 1285 niunt
2481 1231 2567 1284 lilii
2595 1232 2964 1300 prophetarum
2995 1251 3187 1289 caesum
3211 1237 3349 1306 ligna
3369 1239 3809 1295 adasdificandum
3834 1261 3847 1296 :

2304 1330 2360 1374 ut
2395 1337 2521 1377 vero
2547 1323 2742 1377 ferrum
2769 1326 2923 1379 unius
2941 1341 3005 1380 ex
3032 1327 3220 1395 capqu
3242 1327 3457 1393 excidit,
3486 1340 3757 1385 exsectum
3786 1332 3848 1384 Ii-

2301 1423 2459 1478 gnum
2488 1412 2703 1466 immisit
2733 1413 2998 1480 Elissazus,
3032 1425 3086 1470 et
3110 1417 3303 1471 ferrum
3331 1434 3482 1487 supra
3510 1435 3701 1489 aquam
3723 1421 3844 1475 sub-

2304 1499 2461 1550 latum
2498 1507 2598 1552 est.
2647 1501 2760 1554 Rex
2803 1502 2964 1571 Syriae
2999 1503 3194 1558 bellum
3237 1508 3476 1562 movebat
3520 1511 3570 1561 in
3604 1509 3849 1565 Israelem

2303 1595 2363 1639 ut
2389 1588 2702 1654 praedixerat
2742 1589 3014 1646 Elissaeus.
3054 1592 3130 1646 Re
3155 1604 3418 1662 comperta
3442 1594 3652 1660 ,hostis
3692 1600 3850 1652 mittit

2304 1682 2525 1728 turmam
2553 1677 2774 1730 militum
2804 1680 2855 1732 in
2885 1679 3178 1734 Elisszeum.
3206 1683 3368 1736 Deum
3393 1697 3608 1754 rogante
3630 1687 3848 1755 prophe-

2303 1773 2352 1817 ta
2373 1803 2387 1828 ,
2419 1767 2655 1820 caecitate
2684 1769 3042 1835 percutiuntur
3067 1771 3099 1823 ii
3129 1774 3215 1840 qui
3256 1785 3528 1838 venerunt,
3567 1786 3623 1829 et
3651 1776 3850 1830 inducit

2302 1869 2394 1910 eos
2419 1857 2469 1911 in
2487 1858 2688 1912 medios
2718 1859 2975 1926 inimicos,
3005 1876 3282 1931 regemque
3306 1865 3446 1933 ipsos
3471 1867 3733 1933 perimere
3756 1881 3849 1921 voc

2303 1947 2494 1998 lentem
2523 1946 2732 2000 cohibet
2779 1948 3057 2014 Elissmus,
3107 1951 3198 2004 sed
3224 1953 3371 2018 jubet
3417 1954 3679 2008 alimentis
3714 1955 3848 2008 datis

2303 2035 2517 2088 remitti.
2559 2035 2722 2089 Tanta
2754 2039 3153 2105 superveniente
3209 2040 3380 2108 fame,
3433 2052 3492 2096 ut
3531 2053 3689 2112 caput
3716 2045 3847 2098 asini

2301 2123 2672 2194 quinquaginta
2705 2126 2869 2192 siclis,
2901 2136 2954 2182 et
2981 2137 3161 2198 quarta
3191 2145 3310 2198 pars
3333 2132 3448 2186 cabi
3474 2135 3727 2189 stercoris
3752 2150 3844 2189 co-

2303 2213 2596 2269 lumbarum
2613 2217 2839 2285 quinque
2859 2217 3002 2272 siclis
3023 2219 3353 2287 venderetur,
3368 2223 3567 2276 accedit
3585 2224 3651 2276 ad
3672 2240 3846 2293 regem

2302 2304 2489 2358 mulier
2510 2304 2727 2358 alteram
2760 2307 3031 2362 mulierem
3074 2309 3333 2375 incusans,
3365 2312 3502 2380 quod
3540 2327 3657 2366 cum
3681 2315 3846 2367 filium

2303 2406 2454 2446 suum
2480 2408 2658 2448 secum
2682 2396 3016 2459 comedisset,
3049 2399 3480 2466 promisissetque
3508 2415 3568 2455 se
3606 2403 3766 2455 etiam
3791 2402 3847 2454 li-

2304 2482 2429 2537 lium
2460 2497 2612 2538 suum
2638 2486 2687 2539 in
2717 2486 2888 2539 cibum
2918 2487 3251 2554 prwbituram
3273 2502 3408 2552 esse,
3436 2491 3707 2557 promissis
3741 2507 3846 2546 non

2304 2576 2553 2628 stetisset.
2582 2575 2729 2629 Tunc
2778 2575 2932 2630 scidit
2960 2593 3050 2632 rex
3088 2579 3398 2633 vestimenta
3428 2594 3542 2645 sua,
3596 2582 3848 2650 misitque

2303 2665 2472 2719 virum
2517 2667 2605 2735 qui
2646 2679 2803 2735 caput
2848 2668 3053 2722 Elissaei
3105 2679 3417 2737 amputaret.
3450 2671 3692 2725 Prmdicit
3725 2688 3850 2740 pro-

2305 2755 2462 2824 pheta
2491 2757 2540 2810 ei
2569 2758 2654 2826 qui
2691 2773 2748 2811 se
2798 2767 3154 2824 convenerat,
3206 2760 3291 2813 die
3316 2761 3541 2813 crastina
3565 2761 3674 2814 fore
3707 2763 3850 2815 solu-

2306 2846 2505 2898 tionem
2529 2848 2681 2900 famis
2706 2865 2719 2900 :
2749 2862 2869 2900 cum
2897 2859 3070 2901 autem
3115 2849 3203 2902 ille
3241 2863 3344 2902 non
3371 2851 3625 2915 crederet,
3657 2853 3850 2903 vatici-

2305 2943 2460 2988 natur
2479 2936 2526 2989 ei
2556 2945 2798 2989 mortem.
2832 2935 3050 3004 Leprosi
3087 2948 3313 3004 quatuor
3349 2940 3418 2991 ob
3451 2939 3635 2992 famem
3667 2942 3721 2991 in
3755 2940 3851 2994 de-

2305 3024 2658 3090 sperationem
2678 3024 2908 3088 adducti,
2928 3038 3045 3078 sese
3071 3025 3307 3079 hostibus
3324 3027 3516 3080 dedere
3533 3027 3849 3091 decernunt,

2305 3123 2359 3170 ct
2378 3117 2441 3169 ad
2468 3126 2636 3170 castra
2665 3117 2953 3180 venientes,
2984 3116 3067 3168 illa
3104 3117 3311 3184 quidem
3346 3116 3636 3170 hominibus
3655 3133 3847 3182 vacua,

2307 3207 2528 3261 tentoria
2550 3222 2676 3261 vero
2716 3207 2910 3261 divitiis
2937 3209 3088 3275 plena
3119 3209 3444 3261 invenerunt.
3477 3209 3552 3260 Ac
3577 3222 3699 3261 cum
3724 3207 3847 3261 diri~

2306 3305 2540 3372 puissent
2563 3315 2753 3373 quanta
2791 3313 3000 3373 gestare
3032 3312 3292 3374 poterant,
3323 3303 3372 3356 id
3418 3303 3521 3369 regi
3551 3301 3848 3354 nuntiatum

2306 3403 2574 3446 venerunt.
2604 3393 2670 3445 Et
2698 3394 2865 3459 primo
2885 3393 3095 3460 quidem
3119 3407 3208 3446 rex
3230 3391 3403 3444 dolum
3432 3391 3641 3442 subesse
3663 3389 3848 3455 suspi-

2305 3483 2520 3536 cabatur
2562 3484 2781 3536 :missis
2812 3492 2982 3535 autem
3027 3482 3319 3548 equitibus,
3373 3493 3494 3531 cum
3539 3492 3645 3530 rem
3693 3487 3850 3530 certo

2305 3571 2678 3639 comperisset,
2728 3571 2899 3624 emisit
2929 3570 3177 3638 populum
3205 3569 3268 3621 ad
3315 3567 3598 3636 diripienda
3629 3575 3806 3619 castra
3834 3583 3850 3621 :

2304 3662 2630 3730 cessavitque
2661 3663 2842 3713 fames.
2875 3659 2973 3724 Qui
3001 3674 3125 3714 vero
3151 3672 3252 3711 non
3283 3656 3574 3711 crediderat
3602 3655 3848 3716 Elissaeo.

2303 3768 2332 3806 a
2363 3753 2511 3807 turba
2534 3753 2710 3822 populi
2734 3753 3068 3807 conculcatus
3089 3750 3305 3804 interiit.
3332 3747 3569 3800 Praedicit
3595 3745 3852 3799 Ellssmns

2304 3842 2540 3905 mulieri,
2571 3842 2720 3908 cujus
2747 3840 2910 3893 lilium
2952 3853 2980 3890 a
3014 3845 3182 3891 morte
3227 3837 3601 3898 suscitaverat,
3641 3844 3848 3900 septem

2303 3946 2558 3984 annorum
2613 3932 2840 3994 famem,
2897 3929 3233 3994 hortaturque
3277 3926 3416 3978 illam
3464 3933 3518 3976 ut
3556 3939 3584 3976 a
3629 3923 3848 3991 regione

2306 4025 2659 4090 transmigret.
2707 4023 2986 4088 Postquam
3027 4026 3199 4070 autem
3243 4013 3697 4080 transmigraverat
3724 4050 3739 4072 ,
3772 4013 3848 4061 fa-

2304 4131 2516 4184 mesque
2541 4113 2797 4176 cessavit,
2827 4124 3033 4164 reversa
3060 4116 3138 4160 est
3176 4118 3454 4173 regemque
3487 4101 3667 4154 adiens
3693 4114 3848 4166 roga-

2301 4207 2374 4258 vit
2402 4214 2457 4258 ut
2484 4205 2674 4273 praedia
2702 4218 2793 4256 sua
2823 4201 2920 4254 sibi
2949 4199 3362 4252 restituerentur.
3393 4192 3504 4245 Rex
3525 4191 3686 4260 Syri-.e
3724 4189 3846 4240 mit-

2301 4297 2362 4349 tit
2406 4295 2468 4348 ad
2518 4296 3062 4359 Elissacum,rogatum
3110 4302 3175 4339 an
3215 4300 3246 4340 ο
3289 4283 3472 4336 morbo
3513 4291 3845 4334 surrecturus

2299 4397 2456 4442 esset.
2489 4387 2580 4439 Ille
2607 4393 2780 4437 autem
2807 4382 2986 4435 nuntio
3012 4379 3160 4440 dixit,
3189 4391 3290 4431 non
3318 4384 3672 4428 surrecturum
3697 4388 3838 4436 esse,

2298 4477 2500 4544 ipsique
2541 4475 2695 4527 etiam
2740 4471 2978 4540 praedixit
3006 4470 3351 4522 Israelitarum
3383 4465 3686 4533 perniciem.
3714 4461 3844 4517 Cum

2296 4579 2469 4619 autem
2497 4566 2587 4620 ille
2614 4562 2866 4626 obiisset,
2916 4559 3150 4629 regnavit
3197 4559 3246 4610 in
3284 4557 3400 4624 ejus
3441 4556 3614 4608 locum
3662 4553 3839 4606 Azaél.

2297 4656 2501 4709 Mortuo
2543 4655 2667 4707 item
2713 4651 2926 4707 Joramo
2971 4662 3094 4717 rege
3117 4645 3287 4706 Juda,
3332 4644 3404 4697 illi
3447 4641 3843 4696 succeditfilius

2295 4747 2408 4811 ejus
2457 4743 2731 4798 Ocltozias.
2770 4741 2978 4793 Missum
3007 4738 3250 4791 Elissatus
3278 4748 3436 4788 unum
3463 4748 3526 4786 ex
3573 4732 3694 4785 filiis
3724 4746 3842 4799 pro-

2298 4837 2570 4905 phetarum
2593 4875 2608 4898 ,
2640 4835 2783 4902 jubet
2806 4845 3000 4897 ungere
3026 4828 3192 4892 Jehu,
3223 4827 3310 4893 qui
3352 4839 3472 4877 cum
3498 4838 3716 4892 regnum
3748 4837 3838 4875 oc-

2294 4935 2556 4996 cupasset,
2586 4924 2852 4979 Joramum
2873 4921 3082 4982 occidit,
3105 4928 3158 4972 et
3181 4917 3387 4986 projicit
3411 4929 3530 4968 eum
3561 4916 3610 4967 in
3633 4915 3837 4966 vineam

2294 5016 2581 5076 Nabuthae,
2643 5027 2799 5082 quam
2854 5017 3190 5076 usurpaverat
3239 5015 3386 5074 pater
3433 5004 3652 5057 .Iorami.
3703 5002 3831 5054 Cum

2294 5105 2571 5158 occidisset
2587 5105 2740 5156 etiam
2759 5099 3057 5161 choziam,
3079 5096 3288 5150 intravit
3307 5095 3358 5148 in
3379 5094 3638 5147 civitatem
3659 5089 3835 5144 Israel.

2294 5195 2501 5249 Jezabel
2540 5203 2716 5247 autem
2759 5199 2941 5244 ornata
2966 5187 3279 5255 respiciebat
3307 5199 3336 5239 e
3360 5183 3506 5238 turri.
3535 5182 3645 5234 Rex
3675 5195 3835 5233 cunu-

2293 5287 2407 5338 chis
2460 5285 2709 5354 praecepit
2751 5290 2807 5333 ut
2850 5276 2989 5333 illam
3033 5277 3436 5348 praecipitarent.
3489 5269 3698 5338 Dejecta
3747 5267 3830 5320 illa

2296 5388 2499 5434 mortua
2549 5384 2650 5429 est.
2696 5372 2896 5426 Occidit
2951 5371 3105 5424 etiam
3150 5368 3282 5422 .Ichu
3327 5363 3652 5432 septuaginta
3697 5358 3832 5410 filios

2293 5468 2522 5524 Achaabi
2542 5508 2557 5530 ,
2588 5467 2813 5532 itemque
2844 5462 3030 5514 fratres
3071 5455 3309 5511 Ochozite
3334 5494 3350 5518 ,
3379 5450 3678 5506 sacerdotes
3700 5462 3833 5515 quo-

2297 5576 2397 5629 que
2429 5559 2616 5616 Baalis.
2647 5568 2700 5611 et
2728 5556 2935 5609 Baalem
2967 5550 3230 5606 contrivit.
3258 5546 3406 5600 Tunc
3429 5543 3581 5598 Azaél
3605 5537 3833 5595 concidit
