4000 6220
190 366 289 421 351

1236 347 1565 405 SYNOPSIS
1602 349 2013 407 SCRIPTUME
2049 349 2314 407 SACRA'S.

3266 367 3377 421 352

188 469 337 534 ἐμόν.
364 463 450 525 '0;
472 461 527 514 δὲ
563 461 748 528 γέγονε
770 462 942 521 τοῦτο,
965 459 1056 511 καὶ
1077 459 1126 511 οί
1158 460 1477 528 στρατιῶται
1514 461 1727 530 ἐντολὴν
1834 462 2071 527 διώξαςό
2100 462 2240 522 Γιεζὶ
2269 463 2299 513 6
2340 465 2465 526 παῖς
2511 462 2601 516 τοῦ
2640 462 2956 526 Ἐλισσαίου,
2998 461 3069 524 ὡς
3099 460 3244 530 παρά
3282 462 3377 513 τοῦ

190 549 495 616 εἰλήφεισαν
529 544 674 611 παρὰ
700 541 793 593 τοῦ
846 540 1101 609 βασιλέως
1136 542 1227 592 τοῦ
1267 542 1487 603 ἑαυτῶν,
1530 542 1732 603 πάντας

1845 541 2146 594 Ἐλισσαίου
2171 543 2455 611 πεμφθεὶς,
2484 543 2743 610 λαμϐάνει
2772 542 2920 611 παρά
2948 542 3038 593 τοῦ
3060 540 3273 609 Νεεμάν
3296 543 3376 593 δι-

192 628 437 695 ἀφέντες,
475 624 615 691 μόνῳ
641 621 717 689 τῷ
743 621 948 689 βασιλεῖ
966 620 1057 670 τοῦ
1108 621 1319 689 Ἰσραὴλ
1347 622 1628 673 συνάπτειν
1655 623 1732 682 είς
1834 620 2093 675 τάλαντον
2128 623 2407 692 ἀργυρίου,
2434 624 2526 676 καὶ
2546 624 2636 676 δύο
2673 623 2879 684 στολάς.
2926 622 3119 674 Ἐλθὼν
3151 622 3208 673 δὲ
3243 622 3377 690 πρὸς

194 709 445 773 πόλεμον,
472 705 664 763 ίδόντθς
690 702 778 752 τὸν
828 701 1087 767 Ἰωσαφάτ
1107 701 1195 752 τὸν
1232 700 1449 767 βασιλέα
1476 701 1567 751 τοῦ
1608 700 1734 751 Ἰού-

1848 700 2144 754 Ἐλισσαῖον
2162 705 2412 772 ἐπειρᾶτο
2438 704 2715 772 κρύπτειν.
2742 705 2798 755 Ὀ
2815 704 2868 754 δέ
2898 703 3167 772 διήλεγξεν
3196 703 3373 764 αὑτὸν,

193 789 276 847 δα,
306 786 396 837 καὶ
421 784 729 851 νομίσαντες
776 781 931 833 αὑτὸν
959 780 1051 831 τοῦ
1093 780 1301 848 Ἰσραὴλ
1334 774 1469 832 εἶναι
1514 779 1592 847 (τὸ
1629 779 1735 847 γὰρ
1839 779 1933 833 καὶ
1962 785 2221 853 τιμωρίαν
2254 785 2407 839 ἔλαϐε
2460 786 2555 853 τὴν
2608 785 2826 854 λέπραν.
2856 788 3137 854 Ἐρχονται
3185 786 3233 835 οί
3274 786 3379 836 υίοίΙ

198 868 379 935 σχῆμα
412 864 601 924 αὐτοὺς
626 862 942 930 ἠπάτησεν),
979 860 1234 911 ἐκύκλουν
1267 858 1447 924 αυτὸν,
1476 860 1680 911 ἀνελεῖν
1708 871 1735 900 ι
1836 862 1946 915 τῶν
1980 864 2266 933 προφητῶν
2325 866 2483 932 κόψαι
2524 865 2653 927 ξύλα
2690 866 2823 935 πρὸς
2857 866 3156 933 οἰκοδομήν.
3186 864 3270 926 '0;
3321 864 3377 915 δὲ

196 948 454 1005 θέλοντες.
508 944 563 995 '0
584 944 636 994 δὲ
665 941 983 1010 ἀναϐοήσας,
1032 939 1314 1008 ἀπηλλάγη
1338 940 1430 991 τοῦ
1473 939 1734 993 κινδύνου.

199 1028 418 1094 Ἕτερος
446 1023 499 1075 δέ
529 1040 609 1084 τις
640 1022 855 1090 τοξότης
878 1020 1030 1072 ἑϐαλε
1056 1021 1143 1071 τὸν
1182 1019 1398 1087 Ἀχαάϐ,
1431 1020 1521 1071 καὶ
1548 1020 1734 1089 κατέρ-

201 1107 361 1176 ρειτὸ
388 1100 539 1172 αἷμα.
572 1105 744 1172 Ὅπερ
770 1101 1076 1155 ἀπέπλυναν
1114 1102 1170 1151 ἑν
1201 1104 1263 1169 τῇ
1298 1102 1503 1172 κυρήνῃ
1522 1101 1579 1169 (ί,
1602 1102 1734 1172 χρή..

199 1188 307 1257 vn).
340 1188 430 1238 καί
473 1187 526 1237 αί
562 1184 749 1253 πόρναι
805 1182 1083 1233 ἐλούσαντο
1127 1183 1183 1232 ἐν
1222 1182 1297 1249 τῷ
1329 1182 1516 1250 αἵματι
1555 1182 1741 1249 αὑτοῦ,

201 1269 294 1320 καὶ
340 1269 386 1318 οί
433 1265 587 1326 κύνες
641 1264 844 1327 ἑλειξαν
895 1262 1043 1314 αὐτό.
1078 1261 1416 1313 Ἐϐασίλευσε
1469 1262 1603 1330 μετὰ
1654 1263 1746 1316 τὸν

216 1346 413 1416 Ἀχαάϐ
448 1345 685 1414 Ὀχοζίας
718 1346 744 1383 b
769 1346 796 1395 6
819 1345 931 1405 υίὸς
972 1342 1154 1395 αὑτοῦ.
1196 1344 1281 1405 '0;
1304 1343 1360 1395 δέ
1393 1343 1542 1410 φίλος
1581 1344 1746 1399 αὑτοῦ

202 1428 422 1494 γέγονεν
459 1425 741 1493 Ἰωσαφάτ,
794 1424 957 1476 ἔδωκε
1009 1423 1183 1490 δίκην,
1228 1421 1288 1473 :6
1336 1423 1655 1495 διακοπῆναι
1682 1426 1749 1479 τά

205 1510 228 1559 ἑ
238 1524 340 1576 ργα
364 1506 543 1560 06:06.

754 1584 1078 1638 Βασιλειὼν
1127 1594 1169 1637 6'
1181 1625 1195 1637 .

286 1669 660 1738 ’Ᾱρῤωστήσας
698 1666 938 1735 Ὀχοζίας
984 1665 1221 1734 ἔπεμψεν
1255 1666 1525 1737 ἐρωτῆσαι
1572 1672 1628 1722 ἑν
1675 1670 1750 1738 τῷ

207 1752 371 1812 Βάαλ,
408 1754 455 1802 εί
474 1752 848 1819 ἀναστήσεται,
872 1749 964 1801 καὶ
993 1750 1301 1816 ἀπαντήσας
1346 1749 1530 1812 Ἠλίας
1562 1753 1590 1803 6
1621 1768 1752 1820 προ-

208 1834 380 1902 φήτης
404 1835 511 1892 τοῖς
530 1830 891 1891 ἀποσταλεῖσι,
911 1830 1187 1880 ἐκέλευσεν
1211 1831 1539 1893 ἀπελθόντας
1560 1835 1748 1895 εἰπεῖν,

207 1916 289 1966 ὃτι
318 1914 416 1965 οὐκ
439 1913 812 1980 ἀναστήσεται.
844 1909 1041 1963 Μαθὼν
1066 1909 1121 1960 δέ
1154 1911 1417 1979 Ὀχοζίας,
1447 1913 1527 1963 ὅτι
1572 1912 1751 1974 Ἠλίας

210 1995 376 2055 ἐστὶν,
393 1993 597 2061 έπεμψε
620 1993 707 2044 τὸν
745 1990 1206 2060 πεντηκόνταρχον
1233 1992 1441 2061 πρῶτον
1459 1992 1550 2045 καὶ
1571 1992 1751 2044 δεύτε-

215 2092 323 2146 ρον·
350 2075 424 2136 ὡς
443 2075 498 2125 δὲ
548 2072 894 2142 ἀνηλώθησαν
927 2072 1028 2123 ὑπὸ
1052 2074 1143 2125 τοῦ
1173 2074 1337 2143 πυρὸς
1360 2074 1583 2136 ἕκαστος
1620 2075 1753 2142 μετὰ

212 2158 317 2207 τῶν
348 2156 697 2223 πεντήκοντα,
742 2152 877 2222 μετὰ
914 2152 1008 2205 τοῦ
1055 2154 1236 2222 τρίτου
1267 2154 1537 2207 κελεύεται
1568 2155 1755 2206 κατελ-

215 2236 324 2286 θεῖν
344 2236 371 2286 6
413 2235 609 2297 Ἠλίας,
632 2234 723 2285 καὶ
755 2232 920 2285 ἐλθὼν
960 2234 1092 2302 πρὸς
1120 2234 1207 2285 τὸν
1240 2234 1460 2302 βασιλέα
1481 2231 1649 2297 εἶπεν,
1677 2236 1756 2285 ὅτι

215 2319 577 2371 ἀποθανεῖται.
618 2317 768 2368 Μετά
800 2316 983 2367 τοῦτον
1016 2315 1279 2383 βασιλεύει
1301 2318 1329 2367 6
1350 2316 1569 2384 ἀδελφὸς
1597 2316 1756 2368 αὑτοῦ

228 2399 445 2467 Ἰωράμ’
476 2397 534 2448 06
563 2396 668 2466 γὰρ
699 2392 766 2464 ῆν
793 2396 937 2465 αύτῷ
967 2396 1095 2457 υίός.
1141 2396 1462 2466 Ἐντεῦθενή
1500 2396 1759 2465 ἀνάληψις

216 2478 308 2530 τοῦ
360 2477 536 2528 Ἠλίου
560 2478 639 2538 είς
669 2477 759 2527 τὸν
779 2476 1020 2545 οὐρανόν.
1064 2477 1277 2539 Ἰδόντες
1307 2478 1411 2529 υἱοὶ
1438 2476 1542 2529 τῶν
1556 2494 1761 2547 προφη-

214 2558 326 2609 τῶν
354 2558 443 2609 τὸν
478 2557 772 2608 Ἐλισσαῖον
800 2556 887 2607 διὰ
920 2555 1087 2625 ξηρᾶς
1132 2559 1188 2607 ἑν
1226 2556 1303 2625 τῷ
1350 2558 1583 2627 Ἰορδάνῃ
1624 2557 1754 2625 βαδί-

220 2656 407 2701 σαντα,
442 2632 613 2689 εἷπον·
664 2638 1210 2689 Ἐπαναπέπαυταιτὸ
1226 2638 1436 2707 πνεῦμα
1478 2640 1650 2689 Ἡλίου
1676 2638 1756 2689 ἐπ’

220 2720 400 2783 αὑτὸν,
440 2722 533 2772 καὶ
576 2719 812 2782 ἀξιοῦσιν
842 2719 979 2770 ὥστε
1007 2720 1306 2788 ἐπιπέμψαι
1335 2722 1413 2781 εἰς
1449 2720 1762 2789 ἐπιζήτησιν

218 2801 314 2851 τοῦ
369 2800 565 2852 Ἠλίου·
597 2801 625 2851 6
652 2799 707 2851 δὲ
733 2800 1073 2853 διεκώλυσεν’
1106 2800 1325 2869 ὕστερον
1366 2801 1421 2852 δὲ
1463 2802 1764 2871 συνεχώρη-

224 2896 333 2932 σεν·
371 2882 420 2931 οί
452 2880 507 2932 δὲ
537 2879 857 2943 ἀπελθόντες
886 2882 980 2949 οὺχ
1009 2875 1183 2949 εῦρον.
1232 2882 1391 2933 Ἰᾶται
1416 2882 1483 2931 τὰ
1515 2884 1570 2933 ἐν
1610 2882 1764 2950 Ἱερι-

224 2961 302 3030 χὼ
334 2960 518 3013 ὕδατα’
557 2962 924 3030 ἀπερχόμενος
970 2963 1049 3025 είς
1082 2962 1300 3031 Βαιθὴλ,
1337 2961 1405 3014 τὰ
1452 2962 1765 3030 διασύροντα

220 3043 385 3095 αὑτὸν
441 3044 622 3094 παιδία
652 3045 969 3113 καταρᾶται,
1034 3045 1125 3096 καὶ
1159 3046 1452 3113 ἀναιρεῖται
1502 3046 1602 3097 ὑπὸ
1661 3045 1766 3098 τῶν

222 3126 461 3193 ἄρκτων.
502 3125 560 3174 '0
607 3124 775 3176 Μωάϐ
826 3124 1073 3191 βασιλεὺς
1123 3126 1329 3192 ἀπέστη
1363 3125 1455 3176 τοῦ
1482 3125 1652 3177 τελεῖν
1679 3126 1768 3177 τὸν

225 3204 451 3256 εἰωθότα
473 3204 649 3271 φόρον.
688 3206 1090 3272 Ἐπιστρατεύει
1118 3208 1201 3257 ἐπ’
1220 3206 1376 3259 αὑτὸν
1414 3207 1611 3278 Ἰωράμ
1635 3209 1661 3259 6
1685 3206 1771 3274 βα-

229 3285 407 3345 σιλεὺς
444 3283 672 3353 Ἰσραὴλ,
700 3285 1014 3352 προσλαϐὼν
1040 3287 1130 3338 καὶ
1153 3287 1241 3337 τὸν
1266 3287 1527 3353 Ἰωσαφὰτ
1555 3287 1770 3354 βασιλέα

248 3365 468 3426 Ἰούδαο,
496 3366 589 3415 καὶ
617 3364 704 3416 τὸν
737 3365 909 3433 Ἐδὼμ
953 3365 1188 3433 βασιλέα.
1207 3366 1293 3427 '0;
1318 3366 1371 3417 δέ
1397 3368 1491 3435 οὐχ
1524 3367 1771 3437 εὕρισκον

224 3446 372 3516 ὕδωρ
387 3449 444 3497 ἐν
457 3448 519 3514 τῇ
540 3444 743 3513 ἐρήμῳ.
769 3445 877 3497 ἀλλ’
896 3446 1219 3498 ἐκινδύνευον
1234 3446 1380 3516 [555]
1394 3447 1767 3517 διαφθαρῆναι,

228 3526 719 3595 συμϐουλεύσαντος
741 3525 978 3593 Ὀχοζίου
1008 3527 1251 3595 ἔρχονται
1275 3529 1408 3596 πρὸς
1454 3530 1767 3581 Ἐλισσαῖον.

241 3608 301 3660 '0
329 3608 383 3659 δέ
406 3606 671 3677 ὀργίζεται
714 3608 846 3675 πρὸς
886 3608 974 3658 τὸν
1013 3608 1229 3674 βασιλέα
1272 3610 1501 3678 Ἰσραὴλ,
1534 3612 1625 3661 καὶ
1664 3611 1771 3661 οὐδ’

231 3689 299 3742 ἂν
330 3689 455 3739 ίδεὶν
483 3688 641 3739 αὑτὸν
669 3687 865 3755 ἑφη,,εί
901 3688 975 3755 μὴ
1012 3688 1096 3738 διὰ
1128 3690 1217 3739 τὸν
1241 3690 1457 3756 βασιλέα
1500 3692 1770 3743 Ἰούδα.ού

235 3770 392 3838 μόνον
417 3769 471 3819 δὲ
500 3767 682 3828 660:0;
705 3768 955 3833 ἀφθονίαν
977 3770 1227 3835 προεῖπεν
1249 3770 1425 3830 αὐτοῖς
1449 3771 1612 3838 ἥξειν,
1644 3772 1774 3822 ἀλλὰ

226 3850 327 3902 καὶ
351 3849 448 3916 τὴν
464 3849 719 3916 κράτησιν
742 3847 838 3914 τῆς
862 3847 1212 3909 Μωαϐίτιδος,
1244 3850 1427 3917 ὥσπερ
1442 3851 1532 3901 καὶ
1564 3852 1771 3917 γέγονε·

228 3931 328 3984 καὶ
378 3932 457 3992 είς
494 3928 755 3997 τοσαύτην
789 3928 1063 3996 συμφοράν
1096 3924 1254 3997 ἦλθεν
1290 3929 1317 3979 6
1355 3930 1651 3982 Μωαϐιτῶν
1684 3932 1773 4000 βα-

233 4011 434 4073 σιλεὺς,
468 4010 606 4061 ὥστε
629 4008 716 4060 τὸν
748 4010 857 4059 υίὸν
880 4009 1039 4059 αὑτοῦ
1084 4008 1278 4075 σφάξαι
1307 4009 1508 4061 ἄνωθεν
1547 4012 1650 4062 ἀπὸ
1683 4011 1774 4063 τοῦ

230 4091 464 4158 τείχους.
508 4088 765 4141 Ἐνταῦθα
800 4088 1005 4157 ήγυνὴ,
1103 4089 1163 4139 τὸ
1206 4090 1379 4140 ἑλαιον
1410 4090 1773 4157 ἐπερίσσευσε,

236 4172 333 4223 καὶ
362 4172 394 4238 ἡ
433 4171 764 4238 Σουμανῖτις,
884 4169 972 4219 τὸν
1000 4168 1113 4218 υίὸν
1154 4168 1437 4237 ἐχαρίσατο
1468 4169 1774 4238 εὐξάμενος,

237 4253 336 4303 καὶ
373 4250 699 4301 ἀποθανόντα
722 4249 1001 4317 ἀνέστησε,
1048 4247 1218 4315 Λιμοῦ
1252 4250 1537 4316 γενομένου
1570 4252 1667 4318 τήν
1720 4268 1778 4303 τε

237 4333 460 4399 πικρίαν
485 4332 666 4398 ἀφεῖλε
692 4331 787 4399 τὴν
800 4333 855 4382 ἐν
886 4330 962 4398 τῷ
995 4329 1178 4398 λέϐητι
1208 4330 1513 4400 γενομένην,
1542 4333 1634 4384 καὶ
1654 4333 1779 4383 ἑκα-

236 4415 330 4466 τὸν
373 4411 565 4481 ἄνδρας
614 4412 831 4480 ἔθρεψεν
863 4413 917 4462 ἐν
957 4411 1174 4477 ὀνόματι
1214 4410 1344 4462 Θεοῦ
1382 4412 1485 4464 ἀπὸ
1535 4413 1780 4481 κριθίνων

239 4494 417 4562 ἀρτων
441 4494 656 4545 εἴκοσιν.
695 4491 1001 4560 Ἐλεπρώθη
1045 4491 1257 4559 Νεεμάν
1294 4494 1321 4542 6
1362 4494 1659 4562 στρατηγὸς
1686 4495 1777 4547 τοῦ

240 4572 500 4642 βασιλέως
521 4574 720 4641 Σύρωνο
747 4574 838 4623 καὶ
866 4571 1030 4624 ἐλθὼν
1063 4572 1198 4640 πρὸς
1225 4572 1312 4622 τὸν
1331 4571 1551 4639 βασιλέα
1568 4574 1780 4643 Ἰσραὴλ

237 4656 420 4725 ἐζήτει
450 4654 755 4723 θεραπείαν·
785 4656 812 4704 6
836 4653 889 4705 δὲ
910 4653 1170 4722 διηπόρει,
1202 4654 1290 4704 καὶ
1306 4654 1547 4723 διέρρηξε
1570 4655 1633 4705 τὰ
1663 4657 1783 4723 ἱμά-

236 4753 331 4789 τια
372 4735 559 4787 αὑτοῦ.
596 4734 1015 4801 Μεταπέμπεται
1062 4734 1218 4785 αὑτὸν
1250 4736 1277 4785 6
1330 4734 1643 4795 Ἐλισσαῖος,
1693 4736 1784 4786 καὶ

238 4814 451 4867 κελεύει
480 4814 827 4883 βαπτισθῆναι
856 4815 911 4865 ἑν
933 4814 1007 4882 τῷ
1038 4815 1267 4885 Ἰορδάνῃ
1306 4815 1541 4882 ἕϐδομον.
1573 4815 1627 4866 '0
1644 4814 1698 4865 δὲ
1726 4816 1783 4865 τὸ

243 4896 346 4964 μὲν
374 4893 819 4962 πρῶτονῶκνησε,
844 4894 1165 4963 καὶήπίστει
1188 4894 1595 4962 θεραπευθῆναι·
1627 4894 1782 4946 ὓστε-

242 4992 336 5045 ρον
373 4975 430 5026 δέ
465 4974 567 5025 ὑπὸ
589 4973 698 5025 τῶν
739 4975 937 5027 παίδων
981 4976 1140 5027 06:06
1175 4974 1557 5043 παρακληθεὶς,
1593 4976 1784 5042 βαπτί-

241 5058 394 5118 ζεται
411 5056 503 5105 καὶ
520 5054 890 5123 θεραπεύεται,
917 5058 1009 5105 καὶ
1033 5056 1197 5105 ἐδίδου
1220 5056 1367 5123 δῶρα
1391 5054 1467 5122 τῷ
1482 5055 1778 5123 Ἐλισσαίῳ.

253 5136 314 5187 '0
349 5135 405 5186 δὲ
433 5136 529 5186 οὐκ
561 5134 765 5202 ἢθελεν.
791 5135 877 5194 '0;
900 5134 954 5185 δέ
980 5135 1212 5201 ἀπῆλθεν
1241 5137 1267 5186 6
1293 5136 1591 5203 ἄνθρωπος,
1619 5152 1784 5187 κατα-

304 5271 332 5300 ⁸
365 5271 505 5321 COisl.
536 5270 749 5317 ἀνελθεῖν.

304 5331 334 5369 b
358 5332 550 5379 Coislin.
590 5330 754 5383 Ὀζίας.
784 5327 1005 5375 Mendum
1044 5334 1135 5374 est.
1171 5328 1445 5389 Legendum
1482 5328 1711 5388 Ὀχοζίας,
1738 5336 1789 5377 ιιι

240 5391 392 5440 habet
415 5390 651 5449 Lugdun.,
675 5397 726 5436 el
752 5396 803 5434 ul
824 5390 941 5449 infra
970 5390 1158 5449 legitur.

307 5452 330 5478 °
357 5449 436 5496 Sic
460 5447 695 5509 L‘ugdun.,
720 5448 911 5509 Coisliq.
942 5460 1055 5509 νυνι)
1107 5448 1276 5509 Ἰωρὰμ
1310 5450 1334 5493 6
1360 5447 1575 5509 βασιλεὺς
1620 5447 1788 5509 Ἰούδα,

240 5506 612 5569 προσλαϐὼνίδὲ
636 5510 730 5569 ’καὶ
753 5507 831 5551 τὸν
873 5506 1096 5569 ’Ὀχοζίαν
1124 5506 1315 5569 βασιλέα
1358 5506 1561 5569 Ἰσραςὴλ,
1597 5508 1674 5550 καὶ
1712 5510 1791 5551 τὸν

480 5565 668 5617 Videsis
691 5565 881 5629 quwud
924 5564 1345 5624 interpretationem
1390 5564 1599 5613 Liuinum
1632 5571 1787 5613 notata

252 5639 367 5676 Eun.
414 5638 522 5675 ὀιτ.

240 5632 367 5677 sum.
394 5626 522 5676 Εοιτ.

1839 942 2092 1007 ἐξέπεσεν
2112 946 2225 1007 ἑνὸς
2253 945 2312 996 :6
2340 947 2572 1015 σιδήριον
2604 947 2667 997 ἐκ
2694 946 2785 996 τοῦ
2818 944 3049 1005 στελεοῦ,
3085 944 3258 1013 ῥίπτει
3285 943 3374 1006 ξύ-

1840 1022 1930 1078 λον
1945 1026 2251 1087 ἀποκλάσας
2282 1027 2309 1079 6
2351 1027 2663 1090 Ἐλισσαῖος,
2692 1028 2782 1078 καὶ
2803 1027 3185 1095 ἐμετεωρίζετο
3215 1025 3274 1077 :6
3295 1042 3379 1076 σι-

1844 1108 2023 1175 δήριον
2049 1107 2139 1158 ἐπὶ
2166 1107 2255 1158 τοῦ
2286 1105 2492 1169 ὓδατος.
2527 1106 2779 1168 Βασιλεὺς
2800 1108 2990 1174 Συρίας
3018 1106 3265 1173 ἐπολέμει
3288 1105 3380 1156 τὸν

1858 1187 2085 1255 Ἰσραὴλ,
2119 1187 2464 1255 προλέγοντος
2511 1187 2657 1257 αὐτῷ
2702 1188 2793 1238 τοῦ
2830 1186 3141 1238 Ἐλισσαίου.
3182 1185 3381 1237 Μαθὼν

1846 1267 1874 1317 6
1903 1267 2171 1335 πολέμιος,
2225 1268 2428 1335 πέμπει
2463 1269 2769 1337 στράτευμα
2810 1268 2898 1318 ἐπὶ
2937 1268 3025 1318 τὸν
3068 1266 3379 1317 Ἐλισσαῖον.

1848 1348 2151 1416 Εὑξαμένου
2180 1350 2236 1401 δέ
2278 1350 2370 1401 τοῦ
2419 1351 2710 1418 προφήτου,
2744 1348 3060 1417 πλήττονται
3085 1348 3309 1417 ἀορασίᾳ
3334 1349 3381 1399 οἱ

1848 1428 2106 1492 ἐλθόντες,
2142 1430 2233 1481 καὶ
2248 1431 2449 1498 είσάγει
2480 1430 2670 1491 06:06;
2698 1431 2775 1490 είς
2811 1432 2997 1498 μέσους
3020 1431 3139 1491 τοὺς
3164 1430 3384 1498 ἐχθροὺς

1850 1510 2043 1571 αὐτῶν,
2074 1511 2166 1563 καὶ
2194 1510 2509 1579 βουλόμενον
2536 1511 2625 1563 τὸν
2666 1511 2882 1579 βασιλέα
2922 1512 3127 1562 ἀνελεῖν
3168 1512 3379 1573 αὐτοὺς,

1849 1590 2165 1643 διεκώλυσεν
2214 1594 2241 1643 ό
2308 1591 2634 1653 Ἐλισσαῖος·
2689 1593 3032 1653 ἑστιάσαντας
3083 1592 3138 1643 δὲ
3194 1592 3384 1651 06:06;

1850 1672 2123 1724 ἐκέλευσεν
2174 1674 2447 1741 ἐκπέμψαι
2496 1672 2665 1741 Λιμοῦ
2713 1673 3097 1733 καταλαϐόντος
3146 1671 3382 1741 ίσχυροῦ,

1851 1752 1925 1813 ὼς
1951 1751 2183 1819 κεφαλὴν
2207 1753 2326 1804 ὄνου
2374 1755 2706 1822 πεντήκοντα
2753 1753 2963 1814 σίκλων,
3014 1752 3105 1804 καὶ
3136 1753 3386 1821 τέταρτον

1852 1831 2017 1883 κάϐου
2048 1833 2247 1901 κόπρου
2282 1834 2608 1903 περιστερῶν
2630 1835 2785 1885 πέντε
2822 1834 3010 1885 σίκλων
3036 1829 3189 1895 εἶναι,
3219 1849 3387 1898 προσ-

1854 1912 2067 1981 έρχεται
2088 1913 2219 1981 γυνὴ
2242 1914 2317 1981 τῷ
2357 1914 2560 1981 βασιλεῖ
2592 1913 2887 1980 ἐγκαλοῦσα
2925 1914 3081 1981 ἑτέρα
3124 1916 3276 1980 γυνῇ,
3305 1913 3385 1963 ὅτι

1855 1993 1943 2045 τὸν
1966 1994 2075 2045 υἱὸν
2095 1995 2261 2063 αὐτῆς
2279 1995 2658 2062 καταφαγοῦσα
2688 1995 2800 2063 μετ’
2828 1996 3012 2063 αὐτῆς,
3038 1996 3128 2046 καὶ
3158 1994 3245 2044 τὸν
3262 1994 3387 2045 ῖδιον

1856 2073 2188 2143 ὑποσχομένη
2205 2075 2476 2143 παρέξειν,
2491 2077 2636 2142 ήγνω
2644 2076 2772 2144 μόνη
2782 2093 2836 2127 σε
2856 2093 2920 2127 πε
2932 2077 2981 2143 ρὶ
2996 2076 3088 2138 τὴν
3109 2075 3387 2126 ἀντίδοσιν.

1854 2154 1985 2206 Τότε
2004 2156 2244 2225 διέρρηξε
2274 2157 2339 2208 τὰ
2368 2156 2549 2224 ἱμάτια
2588 2156 2747 2207 06:06
2782 2158 2809 2207 6
2840 2155 3104 2223 βασιλεὺς,
3137 2156 3226 2205 καὶ
3250 2155 3391 2220 πέμ-

1857 2251 1947 2285 πει
1965 2237 2053 2287 ἑπὶ
2073 2238 2158 2288 τὸν
2173 2237 2467 2288 Ἐλισσαῖον
2496 2236 2707 2303 ἀφελεῖν
2730 2235 2887 2287 αὑτοῦ
2910 2236 3003 2304 τὴν
3020 2236 3273 2303 κεφαλήν.
3295 2235 3391 2286 A6-

1856 2333 1941 2383 γει
1963 2318 2280 2387 ὁπροφήτης
2309 2318 2384 2385 τῷ
2409 2318 2707 2369 ἑλθόντιέπ*
2736 2317 2914 2377 αὐτὸν,
2941 2320 3019 2368 ὅτι
3049 2316 3391 2383 αῦριονὲσται

1856 2396 1949 2447 τοῦ
1983 2396 2136 2465 λιμοῦ
2166 2400 2198 2464 ή
2229 2398 2395 2458 λύσις.
2450 2398 2533 2459 '0;
2558 2396 2613 2448 δέ
2661 2397 2947 2465 διηπίστει,
2978 2398 3223 2466 προλέγει
3247 2397 3393 2464 αὐτῷ

1860 2476 2099 2531 θάνατον.
2127 2478 2327 2547 Λεπροὶ
2347 2478 2603 2546 τέσσαρες
2630 2477 2977 2547 ἀπειρηκότες
2995 2477 3068 2545 τῷ
3101 2476 3258 2545 λιμῷ,
3276 2476 3395 2543 βου-

1857 2557 2097 2610 λεύονται
2124 2558 2447 2627 παραδοῦναι
2474 2561 2693 2621 ἑαυτοὺς
2730 2562 2836 2621 τοῖς
2870 2560 3159 2627 πολεμίοις,
3192 2560 3284 2609 καὶ
3311 2559 3395 2609 ἑλ-

1862 2638 2039 2700 θόντες
2058 2641 2134 2700 είς
2166 2640 2260 2708 τὴν
2303 2639 2665 2709 παρεμϐολὴν,
2707 2639 2997 2708 ἀνθρώπων
3033 2641 3125 2708 μὲν
3155 2642 3304 2689 κενὸν
3336 2638 3397 2689 :6

1859 2719 2055 2788 χωρίον
2086 2713 2257 2788 εὗρον,
2296 2720 2391 2781 τὰς
2416 2720 2471 2770 δὲ
2503 2720 2699 2786 σκηνάς
2730 2720 2903 2771 αὐτῶν
2934 2720 3152 2788 πλήρεις
3173 2718 3397 2771 πλούτου

1862 2800 2075 2853 πολλοῦ.
2130 2800 2237 2851 Καὶ
2285 2799 2672 2865 διαρπάσαντες
2716 2799 2854 2869 ἀπερ
2896 2799 3148 2865 ἠδύναντο
3195 2798 3395 2865 φέρειν,

1864 2882 2102 2943 ἐλθόντες
2132 2880 2459 2948 ἀπήγγειλαν
2486 2880 2561 2948 τῷ
2586 2880 2802 2947 βασιλεῖ.
2838 2881 2945 2931 Καὶ
2973 2882 3031 2931 τὸ
3064 2881 3159 2947 μὲν
3185 2879 3399 2948 πρῶτον

1864 2962 2008 3013 δόλον
2039 2960 2381 3011 ὑπώπτευσεν
2408 2954 2542 3010 εἶναι
2577 2961 2633 3010 :6
2657 2962 2881 3029 πρᾶγμα
2907 2962 2934 3010 6
2964 2959 3205 3027 βασιλεύς
3225 2976 3237 2988 ·
3269 2961 3401 3011 ἀπο-

1867 3042 2076 3101 στείλας
2112 3040 2165 3091 δὲ
2203 3042 2380 3100 ἱππεῖς
2406 3041 2496 3090 καὶ
2531 3038 2706 3107 μαθὼν
2742 3039 2799 3090 :6
2823 3040 3003 3107 σαφὲς,
3043 3040 3284 3107 ἐπαφῆκε
3308 3039 3399 3090 τὸν

1867 3122 1987 3173 λαὸν
2015 3124 2077 3188 τῇ
2119 3120 2214 3185 τῆς
2254 3119 2593 3188 παρεμϐολῆς
2627 3120 2927 3187 διαρπαγῇ·
2959 3120 3049 3170 καὶ
3092 3119 3247 3187 ἐλύθη
3277 3123 3305 3171 6
3332 3120 3401 3170 λι-

1872 3202 1987 3270 μός.
2013 3201 2118 3252 Καὶ
2141 3201 2530 3267 όδιαπιστήσας
2556 3200 2631 3267 τῷ
2670 3200 2944 3268 Ἐλισσαίῳ
2978 3201 3079 3251 ὑπὸ
3118 3201 3208 3251 τοῦ
3247 3200 3401 3268 δχλου

1870 3282 2237 3351 συμπατηθεῖς
2260 3282 2510 3333 ἀπέθανε.
2541 3281 2795 3350 Προλέγει
2832 3284 2897 3349 τῇ
2927 3282 3141 3347 γυναικὶ
3167 3282 3194 3332 6
3228 3282 3402 3333 Ἐλισ-

1872 3367 2037 3425 σαῖος,
2064 3362 2209 3431 [556]
2235 3358 2300 3431 ἧς
2331 3362 2652 3427 ἑζωοποίησε
2680 3362 2769 3412 τὸν
2807 3362 2934 3421 υἱὸν,
2965 3362 3189 3429 ἑπταετῆ
3230 3362 3401 3429 λιμὸν,

1871 3445 1962 3496 καὶ
1990 3445 2240 3511 παραινεῖ
2273 3441 2662 3510 μετοικίζεσθαι
2701 3443 2763 3491 ἐκ
2807 3438 2903 3507 τῆς
2948 3440 3125 3508 χώρας
3173 3441 3401 3509 ἐκείνην.

1883 3523 1966 3584 '0;
1994 3523 2045 3575 δὲ
2072 3522 2365 3590 μετῴκησε,
2398 3523 2488 3572 καὶ
2514 3520 2783 3572 ἐπαύσατο
2810 3522 2835 3570 6
2859 3520 3028 3587 λιμὸς,
3068 3520 3222 3571 πάλιν
3244 3522 3407 3573 ἐπαν-

1872 3602 2014 3671 ῆλθε,
2041 3604 2130 3652 καὶ
2165 3599 2523 3669 προσελθοῦσα
2552 3601 2625 3667 τῷ
2656 3600 2856 3667 βασιλεῖ
2878 3600 2971 3668 τὴν
2993 3599 3097 3650 τῶν
3121 3600 3407 3668 κτημάτων

1871 3684 1986 3753 ⁴ᾔτει
2015 3683 2340 3734 δεσποτείαν.
2380 3683 2435 3733 '0
2464 3680 2707 3748 βασιλεὺς
2730 3680 2918 3748 Συρίας
2942 3681 3249 3732 ἀποστέλλει
3276 3679 3409 3749 πρὸς

1871 3765 1960 3815 τὸν
1999 3762 2290 3813 Ἐλισσαῖον
2322 3762 2646 3829 πευσόμενος
2678 3763 2725 3811 εί
2749 3762 2994 3828 φεύξεται
3022 3762 3117 3830 τὴν
3144 3762 3313 3825 νόσον,
3350 3763 3409 3813 ἑν

1873 3839 1906 3916 ᾖ
1938 3843 2229 3909 κατείχετο.
2274 3841 2329 3892 Ὀ
2359 3842 2413 3893 δέ
2436 3842 2509 3909 τῷ
2532 3841 2729 3893 ἐλθόντι
2760 3838 2925 3903 εἶπεν,
2949 3843 3026 3893 ὅτι
3060 3844 3117 3893 o6
3138 3838 3410 3908 διαφεύξε-

1876 3941 1980 3986 ται,
2007 3925 2096 3975 καὶ
2119 3923 2508 3991 προεφήτευσεν
2532 3922 2673 3990 αὐτῷ
2700 3924 2788 3973 καὶ
2816 3922 2909 3990 τὴν
2932 3924 3035 3973 τῶν
3074 3923 3410 3992 Ἰσραηλιτῶν

1876 4005 2164 4057 ἀπώλειαν.
2198 4004 2281 4064 '0;
2310 4002 2363 4053 δὲ
2393 4002 2655 4053 ἀπέθανεν
2687 4005 2906 4065 ἐκεῖνος,
2937 4003 3272 4055 ἐϐασίλευσεν
3298 4004 3409 4055 ἀντ’

1875 4083 2037 4137 αὑτοῦ
2083 4083 2295 4150 Ἀζαήλ.
2340 4082 2423 4143 '0;
2457 4082 2511 4134 δὲ
2550 4084 2642 4134 καὶ
2675 4084 2871 4152 Ἰωράμ
2899 4083 3235 4153 ἐτελεύτησεν
3261 4088 3287 4136 ό
3317 4084 3412 4152 βα-

1880 4165 2055 4224 σιλεὺς
2093 4162 2277 4223 Ἰούδα,
2319 4162 2613 4229 διαδέχεται
2655 4164 2814 4214 αὑτὸν
2842 4165 2869 4213 6
2905 4164 3013 4225 υίὸς
3054 4164 3212 4215 αὑτοῦ
3268 4167 3414 4232 Ὀχο-

1879 4244 2014 4307 ζίας.
2047 4243 2266 4311 Πέμψας
2298 4245 2325 4295 6
2360 4244 2653 4305 Ἐλισσαῖος
2680 4245 2771 4295 ἕνα
2800 4245 2901 4295 τῶν
2928 4245 3053 4295 υἱῶν
3074 4246 3177 4295 τῶν
3210 4262 3415 4313 προφη-

1876 4327 2003 4389 τῶν,
2048 4324 2294 4376 ἑκέλευσε
2338 4327 2516 4393 χρῖσαι
2570 4323 2686 4385 Ἰοῦ,
2733 4324 2822 4375 καὶ
2869 4324 3182 4391 βασιλεύσας
3235 4329 3261 4375 6
3317 4324 3412 4376 ‘lr.6

1880 4409 2087 4475 ἀναιρεῖ
2114 4407 2199 4456 τὸν
2243 4404 2456 4472 Ἰωρὰμ,
2502 4406 2590 4454 καὶ
2624 4403 2797 4468 ῥίπτει
2828 4405 2983 4455 αὑτὸν
3016 4407 3093 4465 είς
3128 4406 3216 4455 τὸν
3243 4407 3416 4473 ἀμπε-

1880 4489 2020 4539 λῶνα
2059 4484 2348 4543 Ναϐουθαὶ,
2391 4482 2447 4533 ὃν
2486 4484 2724 4551 ἥρπασεν
2768 4486 2795 4535 6
2843 4486 3017 4552 πατὴρ
3054 4485 3146 4536 τοῦ
3199 4487 3411 4554 Ἰωράμ.

1895 4572 1977 4630 '0;
2004 4568 2055 4619 δὲ
2084 4568 2251 4619 ἀνεῖλε
2276 4566 2366 4616 καὶ
2389 4564 2475 4614 τὸν
2490 4564 2750 4631 Ὀχοζίαν,
2775 4566 3013 4633 είσῆλθεν
3044 4569 3121 4628 είς
3153 4570 3247 4635 την
3266 4568 3415 4619 πόλιν

1896 4648 2123 4719 Ἰσραήλ.
2155 4648 2215 4696 'H
2237 4646 2291 4695 δὲ
2325 4644 2553 4706 Ἰεζάϐελ
2573 4646 2895 4714 κοσμηθεῖσα
2923 4649 3258 4717 παρέκυπτεν
3286 4652 3419 4702 ἄνω-

1885 4729 1992 4781 θεν.
2033 4730 2087 4778 '0
2116 4727 2173 4777 δὲ
2201 4724 2442 4792 βασιλεὺς
2468 4720 2584 4775 εἷπε
2607 4728 2712 4787 τοῖς
2744 4728 3009 4795 εὐνούχοις
3048 4729 3191 4797 ῥῖψαι
3232 4730 3415 4796 αὐτὴν,

1886 4810 1978 4860 καὶ
2006 4808 2214 4877 ῥιφεῖσα
2237 4804 2520 4857 ἀπέθανεν.
2563 4806 2865 4871 Ἀπέκτεινε
2902 4808 2955 4859 δὲ
2990 4812 3016 4860 6
3050 4809 3144 4859 Ὶοῦ
3178 4810 3266 4860 καὶ
3299 4813 3420 4871 τοὶς

1886 4888 2243 4955 ἐϐδομήκοντα
2297 4886 2440 4946 υἱοὺς
2480 4886 2695 4953 Ἀχαάϐ,
2744 4881 2849 4938 εἷλε
2879 4890 2968 4940 καὶ
3004 4894 3124 4949 τοὺς
3170 4890 3420 4955 ἀδελφο.ς

1901 4968 2157 5037 Ὀχοζίου,
2189 4968 2357 5018 ἀνεῖλε
2381 4966 2435 5017 δὲ
2464 4968 2552 5018 καὶ
2586 4968 2709 5027 τοὺς
2738 4970 2894 5036 ἱερεῖς
2918 4969 3013 5019 τοῦ
3038 4971 3196 5033 Βάαλ,
3223 4973 3312 5023 καὶ
3334 4974 3421 5023 τὸν

1890 5050 2035 5102 Βάαλ
2066 5047 2359 5115 συνέτριψε.
2391 5048 2519 5098 Τότε
2546 5049 2573 5098 6
2614 5048 2807 5115 Ἀζαὴλ
2855 5051 3138 5100 συνέκοπτε
3172 5052 3258 5101 τὸν
3296 5053 3422 5114 Ἰεζ-

1893 5132 2045 5200 ραὴλ.
2090 5127 2461 5189 ’ἀποθανόντος
2494 5129 2548 5180 δὲ
2598 5127 2687 5178 τοῦ
2734 5128 2851 5189 Ἰοῦ,
2901 5130 3161 5198 βασιλεύει
3203 5134 3425 5200 Ἰωάχαζ

1892 5212 2003 5273 υίὸς
2030 5208 2209 5261 αὑτοῦ.
2246 5208 2323 5258 Τά
2366 5208 2503 5259 κατὰ
2538 5210 2627 5259 τὸν
2672 5210 2819 5271 Ἰωὰς
2854 5215 2938 5261 τὸν
2972 5212 3187 5279 βασιλέα
3239 5215 3422 5276 Ἰούδα,

1892 5296 1981 5346 καί
2015 5292 2101 5343 τὸν
2154 5290 2302 5357 ἱερέα
2341 5290 2531 5353 Ίωδαὲ,
2577 5293 2665 5342 καὶ
2705 5292 2797 5361 τὴν
2854 5294 3116 5348 Γοθολίαν.
3158 5296 3425 5363 Παρεδόθη

1891 5377 2000 5434 τοῖς
2047 5372 2252 5440 ἐχθροῖς
2292 5370 2520 5439 Ἰσραὴλ,
2557 5374 2647 5423 καὶ
2686 5374 2839 5425 πάλιν
2881 5377 2908 5425 6
2941 5375 3066 5437 Θεὸς
3104 5376 3427 5443 ᾠκτείρησεν

1893 5454 2099 5513 αὐτούς.
2148 5453 2232 5511 Ὠς
2288 5451 2343 5501 δὲ
2390 5452 2650 5504 ἀπέθανεν
2718 5456 2958 5523 Ἰωὰχαζ,
3020 5457 3281 5524 βασιλεύει
3337 5456 3427 5508 τοῦ

1907 5534 2115 5603 Ἰσραὴλ
2144 5533 2292 5593 Ὶωὶις
2312 5533 2339 5583 6
2364 5532 2473 5593 υίὸς
2488 5535 2669 5596 αὑτοῦ,
2693 5539 2781 5587 καὶ
2806 5538 2971 5587 ἐλθὼν
3006 5538 3134 5604 πρὸς
3154 5538 3241 5588 τὸν
3264 5539 3431 5589 Ἑλισ-

1900 5621 2041 5671 σαῖον
2066 5616 2293 5668 ἔκλαιεν.
2337 5614 2393 5666 '0
2448 5615 2501 5667 δὲ
2549 5620 2869 5684 προσέταξεν
2911 5619 3075 5687 αύτῷ,
3106 5621 3261 5673 πέντε
3310 5621 3433 5689 βέλη
