4000 6220
203 387 313 441 353

195 486 479 545 ιεεηὸιοῐη
506 523 519 537 .
550 484 752 540 Mortuo
778 483 911 537 Jehn
951 490 1135 551 regnat
1175 480 1399 535 Joacbas
1442 479 1578 535 ﬁlius
1618 479 1751 549 ejus.

196 579 425 633 Historia
452 590 635 631 eorum
665 589 781 643 quae
813 580 1051 642 spectant
1069 571 1133 624 ad
1156 569 1369 625 Joasum
1395 583 1572 639 regem
1597 568 1753 630 Iuda,

195 669 260 722 ad
292 666 620 722 sacerdotem
646 663 810 719 Jodaé
833 703 847 729 ,
877 671 930 717 et
949 661 1014 715 ad
1038 660 1359 715 Gotholiam.
1394 658 1554 713 Israel
1589 657 1755 710 hosti-

197 758 294 810 bus
325 756 548 809 traditur
570 796 586 820 ,
618 768 937 821 rursumque
974 752 1111 805 Deus
1155 750 1402 804 misertus
1428 757 1508 803 est
1552 763 1756 802 eorum.

203 848 407 901 Mortuo
432 856 608 899 autem
654 845 916 899 Joacbazo
941 883 956 905 ,
995 843 1231 911 regnavit
1269 843 1318 894 in
1348 840 1595 894 Israelem
1634 839 1760 894 Joas

198 940 335 991 lilius
361 939 477 1003 ejus
496 977 510 995 ,
538 936 626 1004 qui
651 936 867 989 veniens
892 933 956 986 ad
988 933 1259 985 Elisszeum
1292 930 1469 985 ﬁebat.
1498 929 1591 983 Ille
1620 944 1762 996 prae-

192 1029 338 1094 cepit
364 1026 447 1089 ei,
484 1036 537 1079 ut
581 1026 805 1093 arreptis
833 1024 1065 1092 quinque
1113 1021 1315 1089 sagittis
1355 1019 1677 1088 jacularetur
1706 1018 1755 1072 in

199 1124 413 1169 terram.
441 1114 571 1167 Cum
596 1122 770 1166 autem
802 1112 966 1163 tribus
994 1109 1205 1162 emissis
1225 1114 1477 1169 cessaret,
1506 1105 1640 1157 dixit
1670 1108 1715 1157 ei
1747 1124 1759 1158 :

197 1208 301 1260 Ter
328 1206 590 1275 percuties
620 1204 827 1272 Syriam
859 1218 873 1256 :
904 1202 946 1255 si
971 1200 1251 1269 quinquies
1272 1198 1540 1267 jaculatus
1576 1211 1721 1249 esses
1745 1237 1759 1257 ,

197 1312 364 1365 usque
406 1296 471 1349 ad
500 1293 1004 1348 consummationem
1053 1288 1400 1357 percussisses
1442 1302 1578 1340 eam.
1627 1285 1764 1338 Mor-

199 1398 320 1441 tuus
348 1386 593 1440 Elissaeas
637 1383 889 1453 sepelitur
910 1421 923 1443 ,
956 1390 1009 1434 et
1033 1379 1297 1447 projectus
1348 1384 1591 1430 mortuus
1620 1375 1765 1444 quis-

199 1478 339 1545 piam
387 1474 438 1527 in
484 1473 783 1542 sepulcrum
833 1472 967 1537 ejus,
995 1468 1243 1521 surrexit.
1294 1466 1498 1518 Mortuo
1547 1464 1758 1525 Azaéle,

196 1564 435 1633 regnavit
480 1562 617 1615 lilius
657 1561 799 1615 Ader
840 1562 890 1613 in
918 1559 1033 1626 ejus
1065 1557 1255 1609 locum.
1305 1554 1429 1607 Joas
1482 1561 1563 1606 ter
1600 1553 1763 1621 Syros

198 1654 475 1723 percussit,
510 1662 565 1706 et
594 1661 831 1705 mortuus
855 1658 972 1713 est,
1001 1656 1287 1715 regnatque
1311 1644 1592 1697 Jeroboam
1625 1643 1764 1697 ﬁlius

195 1746 332 1813 ejus.
366 1743 570 1796 Mortuo
600 1742 722 1795 item
752 1740 908 1794 .loaso
950 1753 1072 1805 rege
1116 1735 1251 1789 Juda
1275 1774 1288 1798 ,
1320 1734 1559 1801 regnavit
1607 1735 1764 1786 Ame-

196 1834 305 1886 sias
336 1833 473 1885 ﬁlius
504 1831 618 1898 ejus
650 1845 664 1881 :
696 1830 783 1897 qui
830 1844 949 1881 cum
997 1825 1346 1894 percussisset
1392 1822 1559 1876 Edom
1586 1864 1599 1887 ,
1633 1837 1761 1877 con-

193 1935 412 1989 gressus
442 1929 523 1973 est
549 1934 668 1972 cum
699 1918 858 1971 Joaso
885 1930 1007 1982 rege
1032 1914 1263 1967 lsraelis.
1316 1912 1411 1965 Hic
1440 1922 1612 1965 autem
1642 1914 1766 1965 vicit

198 2027 351 2072 eum,
398 2021 451 2063 et
493 2010 764 2078 ingressus
802 2016 883 2061 est
927 2005 1332 2075 Jerosolymam.
1381 2003 1583 2057 Mortuo
1612 2002 1762 2057 Jero-

198 2099 660 2167 boamo,regnavit
711 2100 762 2151 in
815 2098 1062 2151 Israelem
1115 2094 1395 2148 Zacharias
1441 2094 1576 2147 ﬁlius
1623 2095 1758 2160 ejus.

199 2191 461 2244 Defuncto
485 2191 608 2242 item
640 2190 849 2242 Amesia
878 2202 1001 2255 rege
1029 2185 1159 2239 Juda
1178 2227 1190 2248 ,
1224 2186 1464 2254 regnavit
1511 2186 1725 2238 Azarias
1746 2227 1758 2249 ,

198 2280 289 2347 qui
320 2290 370 2333 et
398 2279 571 2332 Ozias.
603 2278 712 2332 Hoc
752 2286 1001 2345 regnante
1044 2274 1357 2343 prophetare
1395 2275 1555 2342 cmpit
1602 2272 1759 2328 Osce.

198 2368 456 2421 Zacharia
503 2368 865 2425 occiso.Selus
898 2364 975 2435 (a)
1008 2366 1244 2433 regnavit
1275 2364 1323 2415 in
1354 2362 1619 2416 Israelem.
1668 2363 1763 2415 llic

198 2475 331 2513 usus
358 2468 439 2512 est
464 2458 773 2511 commilitio
796 2458 958 2510 I’bu:e
986 2457 1123 2524 regis
1149 2455 1488 2524 Assyriorum
1517 2453 1661 2506 mille
1687 2462 1763 2505 ta-

194 2549 358 2602 lentis
385 2549 480 2616 ipsi
519 2548 674 2601 datis.
704 2547 795 2599 Illo
822 2545 1276 2607 mortuo,lilanaim
1316 2543 1551 2611 regnavit
1579 2542 1627 2593 in
1650 2543 1763 2608 ejus

197 2639 396 2691 locum.
431 2638 555 2691 Post
574 2638 751 2690 Oziam
798 2636 1033 2703 regnavit
1064 2637 1113 2685 in
1140 2633 1327 2685 ludam
1372 2631 1583 2685 Jotham
1624 2629 1762 2683 ﬁlius

195 2729 337 2796 ejus.
380 2727 495 2792 Quo
526 2735 733 2779 mortuo
763 2724 1001 2793 regnavit
1032 2723 1206 2775 Acbaz
1238 2721 1377 2774 filius
1405 2720 1634 2774 Jotham.
1666 2720 1763 2775 Illo

198 2826 457 2884 regnante
479 2816 667 2868 Raasin
689 2814 853 2883 Syrus
872 2820 925 2866 et
945 2812 1142 2865 Phaces
1164 2811 1298 2863 ﬁlius
1319 2809 1571 2863 Bomelia:
1589 2824 1767 2863 ascen-

196 2908 415 2961 derunt.
466 2905 639 2959 Acbaz
666 2914 841 2957 autem
886 2903 1027 2956 misit
1055 2901 1120 2953 ad
1152 2899 1571 2968 Theglaphassar
1599 2902 1760 2970 Assy-

201 3001 362 3061 rium,
396 2998 459 3050 ad
490 2998 857 3051 commilitium
890 3010 1137 3049 evocans.
1168 2994 1259 3047 Ille
1288 3002 1464 3046 autem
1510 2995 1726 3046 veniens
1747 3032 1761 3055 ,

198 3089 343 3155 cepit
371 3089 678 3139 Damascum
702 3128 715 3149 ,
746 3095 799 3139 et
830 3085 1023 3137 Baasiu
1053 3084 1264 3137 occidit.
1296 3082 1548 3136 Ascendit
1587 3092 1760 3135 autem

198 3188 256 3231 et
286 3178 621 3230 Salmanasar
662 3175 908 3244 Assyrius
939 3173 1003 3226 ad
1052 3172 1185 3226 Osce
1214 3173 1377 3224 ﬁlium
1407 3172 1520 3233 Ela,
1548 3172 1635 3238 qui
1674 3171 1767 3223 fuit

201 3270 275 3322 illi
306 3284 510 3322 servus.
548 3268 612 3321 Ut
644 3268 786 3319 novit
825 3276 998 3319 autem
1051 3264 1297 3331 Assyrius
1342 3263 1487 3315 illum
1512 3261 1765 3314 defectio-

204 3376 329 3414 nem
359 3360 624 3427 cogitare;
657 3358 871 3410 miserat
892 3356 1083 3424 quippe
1111 3355 1306 3421 legatos
1331 3353 1396 3405 ad
1439 3351 1764 3420 Ethiopem,

200 3452 413 3506 obsedit
439 3466 557 3502 eum
585 3462 637 3503 et
677 3450 839 3500 vinxit
887 3463 1005 3499 eum
1036 3481 1050 3505 ,
1081 3456 1337 3513 captaque
1360 3444 1599 3497 Samaria
1627 3443 1766 3495 aliis-

198 3560 305 3613 que
337 3543 552 3597 urbibus
574 3582 589 3604 ,
614 3542 832 3609 populos
860 3538 1124 3590 transtulit
1169 3538 1216 3587 iu
1249 3536 1515 3603 Assyrios.
1547 3533 1639 3585 llic
1680 3548 1767 3583 ae-

199 3635 407 3688 cusatio
438 3632 655 3685 habetur
693 3630 900 3682 Israelis
925 3636 979 3680 et
1007 3626 1173 3680 Judac.
1204 3625 1301 3691 Qui
1322 3624 1531 3677 adducti
1560 3622 1767 3675 fuerant

198 3743 268 3779 cx
321 3725 587 3793 Babylone
635 3722 685 3773 in
714 3720 1001 3773 Samariam
1030 3758 1043 3780 ,
1088 3726 1143 3769 ut
1174 3716 1467 3768 habitarent
1511 3714 1615 3777 ibi,
1645 3714 1765 3780 quia

203 3831 312 3868 non
368 3814 619 3867 timebant
682 3812 882 3871 Deum,
932 3807 1381 3861 interﬁciebantur
1426 3819 1454 3856 a
1504 3805 1763 3857 leonibus.

199 3907 358 3957 Tunc
400 3902 621 3955 mittitur
652 3900 901 3952 sacerdos
933 3896 1085 3957 inde,
1119 3899 1204 3963 qui
1251 3896 1403 3946 docet
1444 3893 1560 3945 illos
1602 3895 1765 3960 legem

204 3998 301 4048 hei
336 4013 348 4047 :
377 4003 429 4049 et
459 3994 531 4046 illi
556 3993 713 4045 Deum
742 3988 1015 4050 timebant,
1046 3986 1284 4053 idolaque
1305 3984 1565 4037 colebant.
1598 3984 1769 4035 Histo-

199 4090 286 4140 ria
321 4082 563 4137 Ezechize
590 4088 644 4135 et
670 4079 1007 4149 Assyriorum
1040 4116 1053 4137 ,
1084 4092 1199 4143 qua:
1238 4076 1392 4127 etiam
1433 4074 1483 4125 in
1518 4073 1647 4125 Isaia
1678 4072 1770 4124 ha-

199 4177 420 4229 bentur.
467 4169 691 4224 Historia
748 4166 1002 4220 liIanassis
1027 4174 1079 4216 et
1119 4163 1399 4230 impietatis
1443 4161 1770 4227 mediumque

199 4268 345 4333 ejus.
370 4263 439 4317 Ut
466 4272 640 4314 autem
661 4273 897 4313 mortuus
917 4266 1017 4317 est,
1038 4254 1267 4322 regnavit
1293 4254 1427 4304 lilius
1449 4252 1560 4319 ejus
1578 4252 1764 4303 Amon.

200 4359 327 4425 Quo
360 4364 585 4413 mortuo,
620 4351 854 4420 regnavit
882 4349 1053 4403 Josias
1083 4346 1218 4397 ﬁlius
1245 4345 1357 4411 ejus
1385 4359 1398 4393 :
1424 4343 1489 4395 de
1513 4357 1619 4410 quo
1649 4356 1771 4409 pro-

197 4449 371 4519 pheta
400 4444 641 4514 praedixit
668 4442 981 4496 Jeroboamo
1020 4453 1171 4491 servo
1202 4435 1497 4489 Salomonis
1516 4474 1530 4499 ,
1562 4433 1771 4501 quando

194 4552 403 4593 manus
432 4536 569 4603 regis
594 4532 737 4585 arida
782 4530 913 4583 facta
956 4537 1054 4581 est.
1092 4527 1184 4579 llic
1228 4525 1532 4593 expurgavit
1556 4524 1771 4577 Jerusa-

203 4632 343 4689 Iern,
377 4626 592 4692 locaque
612 4622 785 4674 omnia
807 4659 819 4680 ,
850 4617 1027 4671 eﬂ‘odit
1057 4618 1166 4669 loca
1196 4615 1551 4681 sepulcrorum
1580 4612 1629 4663 in
1653 4611 1769 4678 qui-

204 4720 317 4772 bus
366 4715 664 4770 sacerdotes
708 4712 1005 4771 idolorum,
1056 4706 1298 4759 contrivit
1346 4703 1504 4756 idola.
1559 4701 1633 4753 De
1685 4701 1772 4752 illo

202 4808 413 4862 dictum
444 4813 555 4867 est,
598 4802 821 4855 similem
843 4800 891 4852 ei
936 4812 1037 4851 non
1080 4796 1237 4847 fuisse
1268 4801 1417 4844 antea
1448 4805 1623 4856 regem
1644 4828 1660 4852 ,
1686 4790 1772 4856 qui

202 4908 507 4949 conversus
557 4891 711 4943 fuerit
747 4889 811 4941 ad
862 4887 1136 4940 Dominum
1182 4884 1232 4935 in
1280 4890 1388 4933 toto
1435 4878 1594 4932 corde
1643 4893 1770 4939 suo,

206 5000 267 5043 et
293 4990 343 5040 in
376 4994 480 5037 tota
507 4982 677 5034 anima
704 4994 816 5031 sua.
859 4978 970 5029 Hoc
1000 4983 1249 5044 regnante
1279 4969 1591 5037 prophetare
1619 4968 1775 5033 carpit

207 5075 480 5133 Jeremias
510 5087 521 5121 :
560 5070 814 5136 bujusque
844 5076 1078 5133 tempore
1104 5072 1218 5116 erat
1245 5060 1373 5113 Olda
1423 5058 1773 5126 prophetissa.

209 5170 351 5221 Cum
384 5174 556 5217 autem
584 5158 865 5213 occidisset
893 5172 1010 5207 eum
1040 5156 1244 5207 Pharao
1277 5150 1519 5211 Nechao,
1544 5149 1778 5215 regnavit

210 5258 448 5316 Joacbas
471 5255 607 5307 ﬁlius
634 5252 744 5319 ejus
766 5263 861 5316 pro
884 5262 964 5299 eo.
991 5246 1191 5299 Pharao
1221 5252 1394 5295 autem
1424 5238 1521 5291 hoc
1549 5237 1775 5303 dejecto,

209 5360 275 5405 et
323 5351 378 5403 in
420 5346 700 5414 {Egyptum
745 5339 997 5397 abducto,
1048 5334 1134 5386 ubi
1181 5333 1339 5387 etiam
1379 5336 1614 5382 mortuus
1661 5336 1775 5392 est,

285 5484 359 5542 (ο)
384 5476 590 5542 maduit
604 5474 771 5542 habet:
788 5464 973 5523 καπνίαν
1000 5477 1102 5542 ῐὶτῗδν
1131 5457 1459 5542 κὲεηαῖῗίλλῖξλ
1473 5456 1777 5542 ἓέ¹¹ἱέἷξξῗέἶῖζ

285 5492 359 5542 (0)
384 5492 441 5527 LU
479 5492 590 5523 αυῐι.
608 5492 771 5526 Πξιυυι,
788 5492 895 5516 diu"
910 5492 973 5523 ut,
1002 5492 1102 5525 In",
1131 5492 1299 5537 nisi.qu
1316 5492 1377 5530 pta.
1408 5492 1459 5505 lu
1481 5492 1585 5504 ιιι-..ι
1611 5492 1752 5526 νηνῑ..

216 5544 437 5598 plaribns
447 5492 655 5597 legitur,
671 5532 870 5598 Sullani,
884 5540 983 5598 pro,
1003 5524 1153 5598 salus.
1164 5522 1355 5598 potilius
1374 5526 1551 5598 autem,

214 5577 905 5650 auxilio
920 5577 1065 5650 Philae
1080 5623 1092 5640 ,
1117 5580 1384 5650 sive_ljhul,
1408 5580 1540 5650 regis
1563 5577 1780 5650 Assyrio:

344 5640 655 5711 .is'ed'er—a‘tﬁin'
667 5640 1019 5711 exemplaribus
1034 5646 1205 5691 Grarcis
1224 5640 1449 5688 librorum
1470 5646 1647 5699 Regum
1665 5640 1781 5683 mira

218 5726 489 5771 lectionum
512 5717 731 5765 varietas.

524 5826 787 5883 Pnaotu
834 5824 947 5880 (in.
992 5819 1143 5877 LVI.

1281 366 1603 423 SYNOPSIS
1638 364 2042 423 ΒΟΒΙΡἸὌΠᾸΞ
2080 366 2341 422 SACIHC.

3312 391 3420 444 354

1867 481 2139 535 constituit
2170 496 2347 549 regem
2390 480 2546 535 Josizc
2595 480 2758 534 ﬁlium
2802 481 3051 546 Eliaeim,
3104 484 3193 553 qui
3220 494 3272 538 et
3303 486 3419 538 Joa-

1865 568 2039 635 cbim,
2071 578 2122 623 et
2150 580 2303 623 terra:
2351 571 2601 623 tributum
2650 570 2917 638 imposuit.
2946 572 3183 628 Joachim
3231 576 3423 643 primu;

1867 658 1920 711 in
1949 668 2258 728 potestatem
2286 660 2815 715 Nabuchodonosoris
2846 664 3106 727 redactus,
3141 678 3286 719 extra
3312 684 3425 719 mu-

1866 764 1955 802 ros
1981 749 2218 817 dejectus
2243 759 2343 803 est.
2375 751 2450 803 De
2482 751 2571 803 illo
2601 752 2673 803 ait
2716 751 2972 806 Jeremias
3007 772 3017 805 :
3051 754 3163 807 Erit
3204 757 3425 808 mortici-

1868 854 1986 890 num
2012 840 2121 907 ejus
2146 842 2421 909 projectum
2449 841 2501 893 in
2528 850 2701 893 malum
2728 842 2826 895 diei
2845 884 2859 907 ,
2891 854 2934 895 et
2961 845 3010 896 in
3040 847 3203 915 frigus
3226 850 3383 899 noctis
3410 865 3428 901 :

1867 934 1921 981 et
1948 938 2070 982 tunc
2095 927 2371 997 Sepultum
2394 931 2521 982 asini
2554 933 2815 999 sepelietur
2836 933 2964 1001 (λεν.
2987 935 3073 988 ⁵56.
3094 936 3181 989 30.
3210 937 3297 989 Ἦ.
3322 938 3429 1005 19).

1869 1015 1998 1070 Nam
2031 1026 2309 1085 postquam
2354 1019 2640 1073 dissolutus
2686 1030 2740 1074 et
2782 1032 3063 1091 corruptus
3112 1034 3258 1089 erat,
3310 1037 3433 1081 tunc

1869 1108 2105 1175 sepultus
2147 1116 2246 1161 est.
2278 1108 2486 1163 Mortuo
2514 1110 2734 1163 Eliaeim
2781 1113 2891 1166 sive
2933 1113 3171 1169 Joacbim
3206 1117 3314 1169 lilio
3337 1117 3431 1169 ,Ιο-

1868 1195 1995 1259 siae,
2036 1206 2220 1264 regnat
2263 1196 2499 1251 Joacliim
2544 1199 2681 1251 ﬁlius
2731 1200 2873 1268 ejus,
2907 1217 3069 1269 nepos
3111 1203 3286 1257 Josize.
3336 1205 3431 1260 IIc

1870 1297 2027 1350 porro
2055 1284 2289 1338 Joachim
2313 1327 2325 1351 ,
2357 1287 2514 1339 etiam
2543 1286 2822 1341 Jeclionias
2849 1292 3226 1357 appellabatur.
3251 1293 3429 1362 Neque

1870 1374 2003 1425 ultra
2036 1390 2126 1428 rex
2157 1374 2370 1444 AEgypti
2402 1377 2565 1430 exivit
2615 1378 2681 1431 de
2708 1388 2844 1431 terra
2877 1394 2989 1432 sua.
3040 1380 3169 1433 Cum
3201 1382 3432 1436 venisset

1867 1472 2041 1517 autem
2088 1464 2579 1520 Nabuchodonosor
2624 1477 2676 1520 et
2722 1467 2988 1521 obsideret
3042 1472 3263 1537 urbem,
3310 1472 3430 1540 quia

1868 1556 2011 1607 venit
2039 1555 2103 1606 ad
2133 1570 2250 1607 eum
2281 1571 2401 1609 cum
2450 1567 2617 1609 matre
2647 1572 2739 1609 sua
2769 1556 3004 1610 Joachim
3038 1560 3124 1626 qui
3153 1570 3205 1612 et
3236 1561 3429 1614 .lecho-

1868 1646 2003 1710 nias,
2028 1645 2242 1698 abduxit
2260 1661 2379 1699 eum
2402 1647 2452 1699 in
2477 1646 2820 1715 Babylonem,
2844 1657 2895 1701 et
2915 1648 3188 1701 constituit
3211 1650 3425 1703 fratrem

1868 1735 2031 1801 patris
2059 1734 2173 1802 ejus
2206 1734 2372 1787 lilium
2401 1736 2558 1789 Josiae
2586 1750 2763 1805 regem
2792 1738 2840 1789 iu
2866 1736 3182 1791 Jerusalem.
3216 1739 3309 1791 Hic
3336 1757 3431 1792 au-

1869 1835 1973 1877 tem
2003 1835 2117 1878 erat
2142 1824 2481 1889 Matthanias,
2509 1826 2597 1893 qui
2637 1836 2691 1878 et
2731 1826 2995 1879 Scdecias.
3029 1826 3096 1880 Ut
3125 1837 3298 1879 autem
3343 1829 3429 1882 ille

1868 1916 2240 1983 praevaricatus
2262 1924 2341 1967 est
2361 1924 2542 1968 contra
2572 1930 2745 1983 regem
2769 1915 3070 1985 Babylonis,
3092 1918 3236 1971 venit
3256 1918 3429 1972 Nabu-

1867 2004 2223 2068 chodonosor,
2257 2014 2308 2057 et
2337 2005 2543 2058 obsedit
2571 2004 2863 2059 Jerusalem
2897 2023 2909 2059 :
2938 2022 3038 2075 qua
3069 2017 3219 2075 capta
3266 2019 3316 2061 et
3346 2010 3429 2061 in-

1867 2107 2047 2157 censa,
2066 2093 2338 2147 Scdeciam
2364 2104 2681 2147 excarcatum
2702 2105 2752 2149 et
2770 2097 2996 2148 vinctum
3018 2095 3229 2149 abduxit
3260 2098 3309 2150 in
3329 2099 3427 2151 Ba-

1867 2182 2130 2252 bylonem.
2151 2183 2426 2237 Godoliant
2445 2200 2567 2237 vero
2581 2186 3016 2254 constituitsuper
3036 2201 3128 2240 eos
3151 2188 3236 2255 qui
3256 2189 3424 2242 relicti

1867 2273 2074 2326 fuerant
2103 2273 2153 2325 in
2183 2273 2495 2327 Jerusalem.
2533 2275 2816 2343 Postquam
2848 2285 3019 2329 autem
3053 2277 3196 2332 illum
3236 2280 3428 2333 occidit

1868 2365 2072 2429 lsmael,
2096 2367 2311 2434 profecti
2334 2366 2405 2418 illi
2432 2366 2628 2420 residui
2659 2368 2878 2435 ingrcssi
2901 2378 3022 2421 sunt
3045 2370 3094 2422 in
3117 2370 3421 2440 Egyptum.

1868 2455 2053 2509 Postea
2110 2473 2234 2509 vero
2258 2457 2586 2509 .luacbimum
2617 2457 2665 2510 in
2700 2458 2965 2527 Babylone
2989 2463 3150 2513 multo
3176 2461 3422 2530 dignatus

1866 2556 1946 2599 est
1983 2548 2179 2600 honore
2211 2548 2389 2601 Evilad
2418 2548 2661 2602 Marodac
2692 2552 2707 2580 ¹
2741 2566 2831 2603 rex
2860 2550 3161 2620 Babylonis.

1938 2640 2177 2709 Regnum
2200 2642 2372 2707 itaque
2396 2641 2666 2703 Samarim,
2700 2641 2879 2709 utjam
2909 2642 3105 2694 dictum
3134 2652 3245 2707 est,
3275 2644 3431 2697 desiit

1869 2729 1919 2781 in
1948 2729 2135 2783 Oscam
2169 2730 2331 2782 ﬁlium
2362 2731 2446 2783 Ela
2482 2773 2494 2794 ,
2546 2732 2635 2799 qui
2668 2731 2933 2783 occiderat
2975 2731 3232 2785 Phaecam
3268 2734 3430 2787 ﬁlium

1869 2820 2140 2873 Bomelitc.
2173 2821 2518 2891 Jerosolymze
2560 2838 2683 2875 vero
2713 2838 2931 2891 regnum
2960 2822 3117 2876 desiit
3168 2826 3217 2877 in
3271 2824 3433 2878 SCllt'-

1866 2910 1998 2961 ciam
2035 2928 2047 2962 :
2080 2910 2166 2977 qui
2195 2910 2449 2963 abductus
2492 2912 2539 2963 in
2588 2911 2904 2979 Babylonem
2931 2950 2946 2974 ,
2977 2913 3142 2965 oculis
3167 2913 3419 2976 orbatus,

1868 2998 1920 3051 in
1952 3000 2171 3052 vinculis
2201 2999 2293 3051 fuit
2325 3015 2417 3066 per
2439 3015 2603 3052 annos
2630 3001 2807 3065 viginti
2837 3014 3058 3067 septem.
3087 3002 3420 3056 Joacliituuiu

1870 3105 1993 3142 vero
2022 3099 2198 3158 postea
2227 3090 2412 3143 extulit
2441 3105 2530 3142 rex
2554 3090 2855 3158 Babylonis,
2890 3090 3030 3143 dedit
3056 3092 3150 3160 ipsi
3175 3098 3427 3149 thronum

1868 3194 2023 3248 supra
2072 3194 2219 3248 reges
2249 3179 2337 3247 qui
2387 3180 2505 3232 istic
2533 3190 2683 3232 erant
2705 3219 2719 3243 ,
2752 3188 2802 3231 ct
2850 3180 3159 3232 comedebat
3190 3189 3431 3247 putabat-

1867 3287 1969 3338 quc
1998 3285 2115 3324 cum
2147 3271 2236 3323 illo
2266 3271 2511 3323 omnibus
2555 3270 2739 3324 diebus
2770 3271 2887 3323 vita:
2934 3285 3061 3323 suae.
3110 3271 3223 3325 IIuc
3253 3284 3427 3326 autem

1869 3362 2061 3414 desinit
2104 3361 2274 3423 liber,
2322 3375 2443 3413 cum
2487 3361 2690 3413 scilicet
2742 3368 2895 3428 capta
2946 3362 3076 3414 urbe
3122 3362 3348 3429 populus
3377 3365 3425 3415 in

1869 3453 2223 3520 captivitatem
2252 3452 2507 3505 abductus
2533 3459 2634 3504 est.

1938 3542 2053 3595 .lam
2076 3557 2202 3595 vero
2226 3549 2389 3595 restat
2414 3550 2470 3593 ut
2500 3541 2710 3593 nomina
2734 3554 2913 3608 regum
2936 3540 3130 3592 Judzere
3158 3548 3212 3594 et
3236 3541 3393 3595 Israel
3413 3583 3427 3601 ,

1870 3650 1937 3703 qu
1957 3652 1985 3685 υ
2014 3634 2339 3701 singulorum
2363 3631 2557 3685 fuerint
2582 3640 2727 3701 gesta
2756 3673 2770 3697 ,
2822 3633 2910 3700 qui
2941 3632 3056 3685 ﬁnis
3082 3673 3094 3694 ,
3121 3642 3250 3700 quot
3277 3634 3426 3687 annis

1871 3724 2209 3793 regnaverint
2236 3738 2298 3775 ex
2332 3723 2477 3776 hisce
2514 3722 2661 3775 libris
2692 3736 3061 3775 recenseamus
3082 3763 3096 3786 ,
3131 3721 3229 3775 hoc
3253 3732 3426 3791 pacto.

1942 3815 2018 3883 (α)
2052 3814 2174 3866 Post
2225 3812 2511 3881 perniciem
2560 3811 2731 3863 Saﬁlis
2778 3811 2866 3878 qui
2910 3820 3220 3879 regnaverat
3260 3812 3414 3863 annis

1872 3903 2235 3972 quadraginta,
2266 3911 2449 3971 regnat
2481 3902 2640 3953 David
2675 3902 2723 3953 in
2749 3916 2956 3953 omnem
2989 3902 3237 3954 Israelem
3264 3912 3315 3955 et
3344 3902 3428 3955 Ju-

1870 3996 1989 4047 dam
2036 3993 2187 4045 anuis
2231 3992 2611 4059 quadraginta;
2656 3991 2858 4043 scilicet
2900 3992 2949 4041 in
2982 3991 3225 4043 Chebron
3277 3992 3430 4043 annis

1872 4094 2071 4152 septem
2095 4124 2107 4143 ,
2138 4085 2187 4136 in
2222 4091 2332 4133 toto
2356 4090 2530 4133 autem
2562 4080 2754 4133 Israele
2791 4088 2844 4132 et
2867 4079 2996 4133 Juda
3024 4080 3176 4132 anuis
3223 4080 3428 4147 triginta

1874 4174 2058 4225 tribus.
2100 4155 2182 4226 Et
2213 4172 2335 4225 fecit
2385 4179 2585 4223 rectum
2620 4173 2666 4221 iu
2717 4170 2949 4237 perfecto
2978 4168 3157 4221 corde.
3197 4168 3304 4221 Sub
3333 4169 3430 4222 hoe

1872 4275 2022 4319 erant
2052 4264 2317 4331 propheta}
2344 4262 2547 4314 Natban
2578 4269 2629 4313 et
2657 4260 2787 4314 Gud.
2817 4260 3064 4312 Salomon
3099 4260 3233 4311 ﬁlius
3269 4259 3427 4311 David

1873 4357 2109 4423 regnavit
2136 4368 2290 4421 supra
2342 4366 2551 4404 omnem
2604 4350 2854 4417 populum
2901 4358 2953 4399 et
2985 4349 3093 4415 ipse
3121 4350 3270 4399 annis
3300 4363 3431 4414 qua-

1872 4448 2108 4515 draginta
2144 4462 2155 4495 :
2185 4454 2236 4497 et
2263 4444 2385 4495 fecit
2412 4442 2624 4495 malum.
2672 4440 2780 4492 Sub
2812 4439 2912 4491 hoc
2941 4440 3099 4491 etiam
3131 4448 3281 4489 erant
3313 4455 3433 4505 pro-

1876 4538 2044 4605 phetae
2086 4536 2286 4588 Natban
2335 4542 2387 4585 et
2436 4532 2565 4584 Gad.
2600 4529 2831 4581 Bobnain
2874 4528 3007 4579 lilius
3036 4528 3144 4593 ejus
3198 4530 3435 4593 regnavit

1875 4628 2023 4679 annis
2045 4626 2435 4692 septemdecim,
2456 4629 2507 4673 el
2530 4620 2649 4672 fecit
2669 4620 2881 4671 malum.
2904 4618 3011 4670 Sub
3032 4617 3130 4670 hoc
3152 4618 3427 4670 discissum

1876 4726 1954 4769 est
1980 4730 2195 4782 regnum
2220 4756 2231 4776 ,
2256 4723 2307 4765 et
2328 4718 2629 4763 manserunt
2676 4723 2794 4759 cum
2823 4721 2885 4759 eo
2916 4708 2965 4757 in
2996 4704 3285 4758 Jerusalem
3312 4707 3428 4757 dum

1879 4810 2061 4868 tribus,
2090 4804 2220 4857 Juda
2263 4811 2313 4855 et
2358 4800 2644 4866 Benjamiu.
2682 4796 2735 4848 In
2775 4796 3007 4849 Samaria
3058 4805 3231 4847 autem
3270 4795 3433 4846 tribus

1876 4902 2077 4954 decem.
2107 4895 2216 4949 Sub
2248 4895 2345 4945 hoc
2374 4898 2522 4943 erant
2560 4888 2827 4955 prophetae
2876 4886 3066 4938 Acbias
3094 4884 3341 4937 Silonites
3379 4892 3431 4936 et

1878 4990 2045 5044 Addo.
2096 4986 2224 5039 Allia
2267 4983 2403 5034 ﬁlius
2442 4981 2553 5046 ejus
2608 4978 2843 5045 regnavit
2891 4976 3041 5027 annis
3096 4974 3283 5027 tribus.
3329 4973 3433 5027 Ne-

1879 5100 1977 5152 que
2009 5090 2116 5133 erat
2166 5092 2257 5129 cor
2301 5076 2411 5141 ejus
2450 5082 2503 5125 ut
2545 5069 2735 5131 David,
2766 5067 2853 5119 sed
2902 5064 3183 5118 ambulavit
3234 5065 3285 5116 in
3319 5079 3427 5131 pec-

1882 5183 1997 5227 cato
2046 5169 2206 5237 patris
2263 5166 2361 5218 sui.
2409 5163 2517 5216 Sub
2560 5162 2661 5215 hoc
2716 5158 2868 5212 etiam
2918 5164 3030 5207 erat
3097 5153 3246 5207 Addo
3310 5168 3427 5220 pro-

1886 5267 2061 5333 pheta.
2088 5263 2187 5313 Asa
2224 5258 2359 5310 ﬁlius
2390 5256 2501 5320 ejus
2546 5251 2697 5304 annis
2727 5247 3063 5317 quadraginta
3093 5255 3282 5305 uno,et
3316 5244 3432 5296 fecit

1882 5364 2115 5410 rectum:
2164 5350 2255 5403 sed
2300 5347 2468 5401 adhuc
2520 5351 2671 5396 erant
2716 5340 2941 5393 excelsa.
2989 5337 3096 5390 Sub
3138 5336 3242 5387 hoc
3279 5337 3435 5385 erant

1948 5510 1963 5538 ι
1986 5505 2113 5553 Vera
2136 5502 2280 5551 lectio
2306 5506 2398 5556 est,
2425 5496 2762 5547 Erilmerodac.
3002 5549 3012 5556 _
3214 5547 3225 5556 _
3247 5545 3274 5556 __
3412 5541 3441 5553 η

1946 5545 2015 5627 (al
2037 5545 2447 5627 amasium
2471 5558 2714 5627 habent":
2740 5556 2787 5600 ίη
2826 5549 3175 5627 alteralter?
3200 5545 3444 5627 5.93323.“

1946 5568 2015 5627 (α)
2040 5574 2147 5623 Qua:
2181 5568 2447 5623 sequuntur
2472 5566 2706 5606 habentur
2740 5566 2787 5600 in
2826 5566 3045 5659 synopst,
3070 5566 3175 5609 quae
3202 5566 3435 5613 nuiaunsu

1885 5629 2077 5677 nomine
2121 5622 2479 5685 circumfertur,_
2506 5626 2649 5685 T‘omo
2686 5616 2742 5671 2,
2771 5628 2817 5673 p.
2886 5612 2948 5658 l5.
2968 5609 3089 5657 Vide
3118 5618 3175 5654 ea
3198 5617 3305 5666 quae
3324 5604 3435 5651 dixt-

1886 5702 1991 5738 mus
2015 5689 2060 5733 in
2085 5686 2286 5732 Dialriba
2313 5680 2443 5729 initio
2468 5680 2606 5738 hujus
2629 5685 2907 5737 Synor‘seos.

3015 5792 3091 5849 22
