4000 6220
582 363 692 417 355

565 457 780 511 Alarias
807 457 939 510 ﬁlius
963 456 1108 510 Oded
1128 499 1142 522 ,
1182 467 1236 511 et
1279 459 1467 512 Anami
1491 499 1505 520 ,
1551 459 1840 528 prophetat.
1871 459 2122 527 Josaphat

562 547 700 601 ﬁlius
737 547 850 613 ejus
875 562 1040 600 annos
1069 547 1244 616 viginti
1259 544 1584 614 quinque,et
1603 548 1724 603 fecit
1755 558 1953 602 rectum
1983 565 1996 612 ;
2030 548 2123 602 sed

561 636 766 690 excelsa
785 635 956 690 adhuc
990 647 1159 690 erant.
1190 636 1378 691 Postea
1421 653 1545 691 vero
1584 640 1635 690 in
1657 637 2121 706 reprehensionem

566 725 851 796 iniquitatis
898 727 1152 792 incurrit,
1183 729 1305 797 quia
1334 728 1536 782 amicus
1575 737 1691 782 erat
1715 727 1956 782 Ochozize
1984 729 2122 796 regis

566 816 724 870 Israel
746 858 761 880 ,
789 825 842 870 et
866 817 916 870 in
945 817 1165 886 negotiis
1191 817 1472 885 plurimum
1501 833 1621 870 cum
1649 817 1740 872 illo
1760 819 2122 872 communica-

567 905 670 958 liat.
715 907 822 960 Sub
865 906 963 959 hoc
991 916 1141 959 erant
1167 906 1437 975 prophetae
1482 904 1629 958 Elias
1664 946 1680 970 ,
1729 907 1996 968 Elisszeus,
2029 905 2122 958 Mi-

564 996 738 1048 eliaeas
766 1005 820 1049 et
846 995 980 1050 Jehu
1013 997 1149 1048 [ilius
1176 996 1362 1049 Anemi
1381 1037 1394 1058 ,
1417 1005 1473 1049 et
1498 995 1641 1049 Oziel
1665 995 1800 1048 ﬁlius
1826 995 2113 1058 Zachariae,

563 1096 618 1140 et
661 1085 875 1139 Eliadad
917 1085 1215 1139 ﬁliusAdizn
1256 1101 1321 1139 ex
1369 1086 1606 1139 Marissa.
1638 1085 1814 1140 Joram
1846 1086 1982 1139 ﬁlius
2009 1085 2122 1152 ejus

561 1179 714 1228 annis
742 1184 894 1240 octo,
925 1185 978 1229 et
1002 1174 1124 1229 fecit
1167 1176 1379 1229 malum.
1414 1175 1603 1229 Habuit
1625 1177 1765 1229 enim
1811 1190 2027 1228 uxorem
2057 1175 2120 1226 ﬁ-

565 1264 685 1317 liam
716 1265 946 1318 Achaab.
976 1265 1084 1319 Sub
1111 1266 1211 1318 hoc
1237 1273 1388 1318 erant
1416 1265 1553 1318 Elias
1581 1274 1633 1317 et
1661 1265 1928 1317 Elissaius.
1952 1263 2124 1318 Ochu-

563 1353 670 1406 zias
699 1353 832 1407 ﬁlius
860 1355 974 1422 ejus
1003 1368 1143 1408 anno
1165 1371 1269 1407 uno
1294 1395 1308 1417 ,
1327 1362 1381 1408 et
1422 1354 1543 1408 fecit
1570 1356 1784 1409 malum.
1837 1355 1960 1408 Post
1999 1369 2118 1407 eum

563 1452 729 1496 mater
754 1443 867 1512 ejus
894 1443 1134 1498 Gotholia
1177 1459 1344 1497 annos
1372 1454 1592 1513 septem.
1621 1445 1744 1499 Joas
1777 1445 1911 1498 ﬁlius
1941 1445 2117 1499 Ocho-

560 1530 658 1585 zite
698 1547 864 1587 annos
915 1533 1274 1603 quadraginta.
1332 1535 1426 1588 Hic
1467 1535 1658 1588 occidit
1701 1535 2003 1588 Zachariam
2029 1544 2122 1600 ,et

561 1621 684 1676 fecit
704 1630 902 1675 rectum
933 1623 983 1675 in
1015 1632 1126 1676 toto
1152 1623 1312 1677 corde
1340 1638 1438 1677 suo
1458 1663 1473 1688 ,
1507 1623 1678 1678 donec
1705 1624 1870 1677 Jodaé
1899 1625 1975 1677 vir
1997 1640 2118 1691 pru-

561 1712 692 1766 dens
721 1715 950 1778 viveret,
979 1723 1032 1766 et
1076 1715 1380 1768 institueret
1422 1716 1612 1783 ipsum.
1639 1715 1786 1768 Hunc
1810 1716 2120 1769 occiderunt

564 1806 700 1860 servi
746 1807 908 1868 ipsius
944 1806 995 1858 in
1030 1805 1189 1859 domo
1235 1806 1484 1860 Maéloth.
1512 1806 1618 1860 Sub
1647 1806 1747 1860 hoc
1791 1806 2119 1875 prophetavit

563 1896 847 1950 Zacharias
870 1896 1004 1950 ﬁlius
1026 1895 1208 1950 Jodaé.
1238 1897 1485 1950 Amesias
1514 1896 1652 1950 ﬁlius
1680 1896 1794 1964 ejus
1823 1898 1976 1950 annis
2018 1911 2118 1949 no-

562 1986 936 2041 vemdecim,et
965 1985 1082 2039 fecit
1105 1995 1303 2039 rectum
1334 1986 1384 2038 in
1413 1987 1702 2054 principio;
1733 1985 1825 2040 sed
1856 2001 1957 2039 non
1985 1987 2120 2040 sicut

568 2075 749 2128 David.
795 2073 980 2127 Adhuc
999 2074 1138 2127 enim
1173 2075 1393 2143 populus
1433 2075 1735 2128 immolabat
1761 2077 1810 2128 in
1858 2076 2116 2139 excelsis,

563 2173 616 2218 et
645 2163 791 2217 lucos
818 2179 920 2216 non
943 2163 1176 2217 abstulit.
1200 2163 1312 2217 Sub
1340 2163 1440 2216 hoc
1482 2165 1637 2217 etiam
1668 2164 2119 2233 prophetaverunt

565 2251 852 2321 prophetm,
884 2267 1104 2320 quorum
1137 2252 1346 2305 nomina
1370 2253 1562 2320 scripta
1600 2269 1702 2305 non
1729 2261 1871 2308 sunt.
1903 2253 2114 2305 Postea-

563 2358 717 2411 quam
753 2356 879 2395 vero
906 2356 1019 2405 eos,
1042 2342 1131 2410 qui
1159 2342 1209 2395 in
1239 2341 1358 2396 Seir
1383 2341 1688 2396 habitabant
1708 2383 1721 2402 .
1755 2345 2032 2410 percussit,
2067 2343 2116 2395 in

564 2432 864 2499 superbiam
913 2433 1083 2486 elatus
1144 2441 1261 2494 est,
1311 2432 1449 2485 idola
1502 2432 1845 2486 habitantium
1910 2433 1961 2484 in
2004 2432 2120 2486 Seir

565 2523 747 2585 coluit,
781 2532 832 2576 et
859 2521 912 2576 in
958 2538 1144 2576 manus
1169 2523 1396 2576 hostium
1419 2522 1667 2584 traditus,
1711 2536 1988 2589 percussus
2017 2532 2116 2576 est.

567 2612 812 2677 Azarias,
839 2612 925 2680 qui
951 2621 1002 2665 et
1020 2612 1174 2665 Ozias
1198 2651 1212 2675 ,
1236 2627 1400 2664 annos
1445 2612 1816 2680 quinquaginta
1853 2611 1988 2665 duos
2012 2653 2026 2676 ,
2068 2621 2120 2665 et

565 2703 716 2757 initio
740 2701 879 2771 quod
903 2711 1101 2756 rectum
1123 2711 1237 2754 erat
1260 2699 1379 2754 fecit
1406 2741 1420 2765 ,
1448 2701 1582 2754 sicut
1613 2713 1759 2768 pater
1779 2701 1893 2768 ejus
1920 2719 1934 2752 :
1964 2713 2120 2754 eazte-

565 2810 680 2848 rum
725 2792 932 2847 excelsa
981 2807 1082 2845 non
1115 2791 1347 2846 abstulit.
1379 2791 1509 2843 Cum
1550 2806 1800 2858 prospere
1846 2806 1955 2844 rem
2001 2807 2123 2860 age-

565 2894 684 2949 ret,
729 2885 899 2938 elatus
943 2893 1026 2937 est
1073 2883 1288 2945 animo,
1346 2891 1399 2935 et
1466 2883 1628 2936 voluit
1670 2883 1782 2950 ipse
1810 2883 2022 2936 adolere
2069 2885 2119 2935 in

568 2974 805 3043 templo,
857 2971 995 3042 quod
1043 2972 1170 3025 solis
1216 2971 1576 3024 sacerdotibus
1629 2971 1835 3024 licebat.
1877 2971 1998 3025 Ideo
2045 2972 2121 3026 le-

568 3080 660 3133 pra
717 3077 994 3133 percussus
1044 3071 1159 3123 est,
1216 3070 1488 3130 postquam
1526 3062 1795 3124 audisset,
1844 3060 1963 3115 Non
1984 3072 2124 3114 tuum

567 3165 637 3208 est
656 3196 671 3220 ,
704 3154 827 3206 Ozia
850 3194 864 3214 ,
895 3153 1096 3206 adolere
1125 3152 1340 3205 Domino
1359 3193 1374 3216 ,
1403 3153 1456 3205 id
1481 3153 1612 3221 quod
1639 3153 1758 3206 solis
1792 3151 2124 3204 sacerdotibus

565 3246 680 3297 licet
707 3243 780 3314 (2.
814 3242 989 3295 Parui.
1022 3242 1110 3294 26.
1146 3241 1254 3310 18).
1274 3241 1382 3294 Sub
1405 3242 1502 3295 hoc
1527 3251 1639 3295 erat
1659 3241 1816 3293 Isaias
1846 3240 2123 3308 propheta.

565 3334 772 3388 Jotham
803 3333 940 3385 ﬁlius
969 3331 1083 3400 ejus
1127 3345 1292 3384 annos
1339 3329 1570 3384 sedecim
1601 3330 1837 3399 regnavit
1863 3368 1876 3392 ,
1908 3337 1961 3382 et
2003 3330 2126 3383 fecit

569 3433 766 3479 rectum
795 3424 930 3478 sicut
956 3431 1102 3491 pater
1132 3422 1293 3490 ipsius
1323 3440 1335 3475 :
1367 3430 1613 3475 cmterum
1639 3421 1842 3476 excelsa
1870 3436 1975 3474 non
2001 3421 2124 3474 abs-

569 3515 704 3568 tulit.
755 3511 862 3567 Sub
889 3512 990 3566 hoc
1030 3519 1145 3564 erat
1188 3510 1366 3562 Isaias.
1413 3509 1587 3563 Acha:
1628 3509 1765 3562 ﬁlius
1801 3509 1916 3575 ejus
1959 3522 2126 3560 annos

569 3606 888 3665 sedecim,et
917 3601 1038 3655 fecit
1063 3600 1279 3654 malum.
1298 3599 1406 3653 Sub
1428 3600 1526 3651 hoc
1555 3609 1703 3652 erant
1726 3598 1882 3650 lsaias
1905 3606 1956 3650 et
1979 3595 2127 3650 Oded

567 3695 863 3763 propheta.
906 3690 1128 3745 Ezekias
1178 3691 1316 3743 ﬁlius
1340 3690 1456 3759 ejus
1481 3689 1722 3759 regnavit
1747 3689 1900 3741 annis
1946 3688 2125 3756 viginti

573 3799 782 3848 novem,
817 3791 872 3836 et
909 3781 1034 3837 fecit
1060 3780 1200 3850 quod
1231 3789 1428 3834 rectum
1460 3790 1572 3834 erat
1601 3782 1733 3832 sicut
1765 3779 1925 3832 David
1952 3777 2126 3846 perfe-

575 3888 679 3930 cte.
709 3874 804 3928 llic
827 3873 1042 3927 abstulit
1069 3881 1368 3939 serpentem
1395 3885 1596 3923 :rneum
1622 3911 1637 3933 ,
1659 3885 1813 3938 quem
1841 3868 2128 3938 suspende-

568 3978 650 4022 rat
675 3967 864 4020 Moses.
907 3965 1016 4018 Sub
1039 3963 1137 4016 hoc
1159 3962 1484 4017 Senaeherih
1518 3972 1571 4016 et
1592 3961 1857 4030 Rapsaces
1885 3962 2085 4030 Assyrii
2112 4001 2127 4026 ,

570 4057 709 4127 quod
741 4056 1193 4124 blasphemassent
1214 4095 1228 4116 ,
1257 4055 1492 4122 percussi
1521 4059 1674 4117 sunt,
1709 4061 1996 4119 posteaque
2028 4066 2127 4104 una

571 4159 726 4204 nocte
769 4161 1013 4216 egressus
1057 4146 1272 4214 angelus
1319 4154 1529 4199 centum
1582 4145 1846 4211 octoginta
1899 4142 2129 4212 quinque

574 4237 733 4291 millia
763 4235 1035 4289 hominum
1066 4233 1278 4288 occidit.
1324 4233 1605 4286 Moriturus
1633 4232 1887 4286 Ezechias
1911 4231 1976 4284 ad
2003 4247 2131 4300 pro-

572 4326 897 4397 rogationem
923 4323 1043 4377 vitae
1066 4337 1232 4376 annos
1270 4321 1569 4390 quindecim
1611 4321 1830 4388 accepit.
1866 4319 2133 4372 Manasses

572 4419 713 4471 tilius
742 4415 857 4484 ejus
885 4428 1052 4467 annos
1081 4414 1455 4482 quinquaginta
1486 4413 1738 4480 quinque,
1765 4410 1995 4479 fecitque
2021 4427 2133 4462 ma-

575 4512 701 4561 lum.
737 4505 1088 4571 Quaecumque
1137 4503 1419 4556 demolitus
1466 4502 1636 4556 fuerat
1683 4501 1934 4555 Ezechias
1961 4542 1973 4564 ,
2024 4501 2136 4568 ipse

576 4599 840 4661 restituit,
881 4605 934 4649 et
972 4595 1140 4648 factus
1183 4604 1262 4648 est
1296 4594 1444 4648 Judze
1479 4593 1613 4646 alter
1639 4592 1948 4654 Jeroboam;
1980 4593 2048 4644 ita
2080 4600 2138 4644 ut

578 4691 691 4757 ejus
721 4702 874 4740 causa
904 4685 1042 4739 idem
1069 4699 1222 4753 passa
1249 4685 1317 4738 sit
1352 4683 1645 4738 Jerusalem
1667 4723 1681 4749 ,
1710 4683 1848 4750 quod
1877 4681 2131 4736 Samaria.

580 4781 651 4832 De
668 4779 756 4832 illo
774 4776 968 4829 dictum
987 4783 1069 4828 est
1085 4815 1099 4837 ,
1122 4774 1217 4837 Qui
1241 4789 1442 4841 peccare
1458 4774 1570 4841 fecit
1589 4771 1620 4824 J
1630 4771 1779 4823 udam
1801 4773 1876 4839 (4.
1900 4770 2024 4839 Reg.
2044 4770 2103 4822 2t
2119 4807 2132 4821 .

576 4871 642 4924 16
663 4868 704 4939 ).
735 4868 856 4921 Ideo
887 4867 1124 4933 captivus
1149 4863 1407 4916 abductus
1449 4871 1531 4915 est
1567 4863 1616 4914 in
1648 4860 1992 4930 Babylonem.
2031 4860 2135 4913 Sed

578 4961 630 5011 in
659 4956 978 5024 captivitate,
1012 4963 1067 5006 ut
1097 4955 1147 5005 in
1179 4951 1594 5020 Paralipomenis
1614 4951 1866 5017 scriptum
1897 4958 1996 5016 est,
2022 4964 2136 5016 pa:-

581 5049 832 5101 nitentem
863 5043 1072 5098 reduxit
1115 5044 1249 5096 Deus
1275 5044 1327 5095 in
1354 5041 1666 5105 Jerusalem,
1701 5056 2023 5109 regnumque
2050 5057 2138 5094 re-

581 5135 868 5204 cuperavit.
899 5132 1266 5188 Ptenitentiam
1299 5133 1472 5200 itaque
1499 5145 1679 5199 agens,
1712 5132 2063 5199 populumque
2084 5139 2142 5183 ut

588 5227 692 5279 Deo
722 5225 942 5277 serviret
978 5221 1174 5275 docens
1203 5261 1216 5284 ,
1259 5221 1407 5274 obiit.
1441 5221 1496 5273 ln
1528 5221 1739 5274 civitate
1769 5232 1941 5273 tamen
1981 5220 2140 5273 David

578 5330 684 5368 non
735 5321 817 5367 est
862 5311 1096 5380 sepultus
1118 5349 1137 5376 ,
1191 5310 1283 5364 sed
1317 5311 1366 5362 in
1397 5310 1550 5363 horto
1590 5324 1685 5362 suo
1709 5348 1723 5372 ,
1755 5310 1804 5362 in
1835 5311 1988 5363 horto
2013 5309 2138 5363 Oza.

589 5410 747 5458 Amos
777 5405 912 5456 ﬁlius
938 5403 1052 5471 ejus
1076 5402 1312 5470 regnavit
1338 5416 1506 5454 annos
1536 5401 1690 5464 duos,
1716 5410 1769 5452 et
1797 5399 1918 5454 fecit
1947 5401 2142 5454 malum

584 5497 644 5551 sit
663 5505 716 5547 ut
740 5503 886 5563 pater
914 5495 1028 5562 ejus
1057 5492 1325 5544 Manasses
1344 5532 1357 5553 ,
1384 5502 1435 5545 et
1469 5490 1779 5546 occiderunt
1806 5491 1975 5558 ipsum
2004 5493 2143 5545 servi

576 5586 717 5656 ejus,
757 5583 1095 5650 sepultusque
1121 5591 1202 5634 est
1240 5581 1291 5633 in
1317 5583 1470 5634 horto
1501 5580 1605 5634 Oza
1631 5621 1646 5645 ,
1679 5581 1730 5632 in
1763 5595 1865 5648 quo
1908 5581 2145 5650 sepultus

576 5687 656 5728 ρει
694 5681 744 5725 et
772 5683 917 5742 pater
957 5672 1139 5740 ipsius.
1189 5669 1359 5724 Josias
1394 5670 1531 5724 ﬁlius
1562 5673 1674 5739 ejus
1704 5670 1938 5737 regnavit
1981 5671 2137 5724 annis

1273 347 1327 401 S.
1369 347 1640 402 JO.\NNIS
1683 347 2151 404 CllBYSOSTOMi
2193 349 2505 406 ABCHIEP.
2546 352 3077 413 CONSTANTINOP.

3677 385 3786 437 356

2236 463 2442 531 triginta
2472 480 2596 518 uno.
2634 466 2780 521 llnnc
2808 471 3030 538 populus
3057 487 3230 541 regem
3258 476 3471 540 creavit,
3503 491 3623 531 cum
3651 488 3793 534 esset

2230 566 2485 604 annorum
2517 564 2656 618 octo,
2687 555 2915 625 fecitque
2941 568 3165 625 rectum,
3189 570 3241 614 et
3269 564 3551 618 ambulavit
3570 567 3622 620 in
3645 569 3788 621 omni

2231 643 2311 692 via
2339 642 2497 694 David
2519 685 2534 705 ,
2565 660 2662 698 nec
2696 646 2978 701 declinavit
3029 650 3095 702 ad
3138 651 3406 707 dexteram
3449 656 3527 710 vel
3555 657 3620 711 ad
3663 659 3788 712 sini.

2229 739 2412 782 stram.
2444 731 2652 786 Etenim
2682 743 2735 787 et
2757 736 2907 790 lucos
2936 739 3158 792 succidit
3185 780 3199 804 ,
3229 751 3277 794 et
3303 745 3476 797 omnia
3503 747 3782 802 simulacra

2229 819 2453 870 sustulit.
2484 820 2613 874 Cum
2642 838 2897 877 annorum
2929 835 3070 880 esset
3095 828 3324 882 sedecim
3345 871 3360 894 ,
3390 831 3556 900 legem
3596 838 3777 903 quaesi-

2230 908 2301 959 vit
2324 946 2339 969 ,
2372 918 2424 961 et
2462 924 2583 962 cum
2626 921 2747 965 ante
2785 915 3075 982 neglectam
3107 916 3425 982 invenisset,
3459 921 3557 989 legi
3579 921 3735 989 jussit
3767 935 3781 969 ε

2229 1011 2291 1048 ac
2317 998 2508 1064 pascha
2555 1000 2861 1066 praedicavit
2899 1004 3319 1074 celebravitque,
3348 1008 3484 1061 sicut
3535 1011 3784 1077 scriptum

2226 1095 2325 1137 est.
2355 1085 2504 1139 Hunc
2525 1090 2718 1142 occidit
2741 1091 2942 1144 Pharao
2971 1092 3180 1147 Nechao
3205 1094 3271 1147 ad
3300 1096 3637 1164 Euphratem,
3665 1114 3782 1151 cum

2228 1177 2502 1229 contentio
2549 1179 2686 1231 inter
2732 1180 2848 1233 illos
2876 1190 2988 1234 orta
3013 1193 3170 1236 esset.
3213 1183 3378 1251 Hujus
3406 1197 3638 1254 tempore
3667 1187 3785 1241 fue-

2226 1278 2349 1318 runt
2375 1268 2643 1335 propheta:
2672 1269 2931 1323 Jeremias
2975 1281 3028 1325 et
3053 1273 3349 1341 Sophonias
3374 1317 3388 1335 .
3420 1287 3472 1328 et
3497 1277 3625 1331 Olda
3657 1294 3784 1345 pro-

2229 1356 2458 1423 phetissa
2482 1373 2610 1411 uxor
2634 1359 2795 1414 Selle.
2826 1359 3055 1414 Joachaz
3088 1363 3225 1417 ﬁlius
3248 1365 3360 1431 ejus
3385 1367 3618 1434 regnavit
3637 1383 3782 1420 men-

2225 1459 2310 1498 ses
2336 1453 2444 1500 tres
2469 1486 2482 1509 ,
2527 1456 2580 1499 et
2623 1445 2742 1500 fecit
2788 1450 2982 1501 malum
3005 1491 3021 1515 ,
3051 1461 3102 1504 et
3133 1455 3395 1508 transtulit
3434 1470 3552 1508 eum
3581 1456 3784 1508 Pharao

2225 1534 2455 1589 Nechao.
2483 1535 2592 1590 Sub
2621 1537 2720 1590 hoc
2751 1553 2958 1607 quoque
2985 1540 3112 1593 vixit
3137 1541 3413 1595 Jeremias.
3446 1541 3667 1596 Eliakim
3699 1546 3780 1597 al-

2223 1631 2305 1676 ter
2329 1624 2467 1677 ﬁlius
2495 1625 2672 1691 Josiaa,
2701 1627 2787 1695 qui
2818 1637 2871 1680 et
2902 1627 3118 1681 Joakim
3149 1639 3348 1684 mutato
3379 1631 3587 1684 nomine
3611 1633 3781 1685 dictus

2225 1721 2342 1775 est,
2381 1714 2620 1781 regnavit
2660 1717 2813 1769 annis
2842 1716 3086 1771 undecim
3113 1758 3127 1782 ,
3157 1727 3210 1772 et
3252 1719 3376 1774 fecit
3397 1720 3534 1788 quod
3577 1723 3773 1776 malum

2225 1813 2360 1857 erat.
2383 1803 2590 1856 Joakim
2620 1805 2707 1872 qui
2748 1815 2802 1860 et
2839 1807 3155 1872 Jechonias,
3189 1809 3331 1863 ﬁlius
3369 1812 3513 1880 ejus,
3547 1815 3784 1882 regnavit

2224 1907 2436 1946 menses
2463 1901 2590 1956 tres,
2622 1905 2676 1947 et
2705 1895 2823 1948 fecit
2853 1895 2991 1964 quod
3015 1898 3207 1952 malum
3235 1909 3366 1964 erat,
3397 1901 3781 1970 translatusque

2223 1990 2304 2034 cst
2333 1982 2382 2033 in
2412 1982 2750 2053 Babylonem.
2786 1985 3014 2039 Matthan
3049 1987 3184 2041 ﬁlius
3223 1989 3356 2056 ejus.
3402 1989 3551 2044 [huic
3602 1991 3780 2044 Nabu-

2223 2071 2558 2125 chodonosor
2586 2075 2859 2127 constituit
2888 2091 3064 2144 regem
3091 2117 3104 2140 ,
3135 2087 3187 2129 et
3214 2087 3411 2131 mutato
3438 2081 3649 2134 nomine
3687 2080 3782 2135 Se-

2223 2162 2424 2215 dcciam
2466 2163 2779 2232 appellavit,
2813 2167 3156 2234 regnavitque
3196 2169 3346 2220 annis
3381 2168 3658 2223 duodecim
3680 2209 3696 2235 ,
3726 2181 3780 2224 et

2224 2253 2346 2306 fecit
2368 2254 2582 2305 malum.
2605 2254 2715 2308 Sub
2737 2254 2836 2308 hoc
2859 2272 3066 2326 quoque
3088 2267 3199 2310 erat
3219 2258 3490 2312 Jeremias.
3509 2259 3783 2330 [lucusque

2226 2342 2432 2394 duravit
2451 2358 2666 2410 regnum
2689 2343 2714 2398 J
2724 2345 2842 2409 uda,
2867 2354 3092 2416 tuncque
3115 2347 3421 2402 subversum
3451 2359 3552 2411 est,
3579 2353 3708 2404 sicut
3730 2361 3783 2405 et

2225 2446 2441 2497 regnum
2466 2432 2735 2487 Samaria.
2765 2433 2902 2488 Urbs
2924 2451 3147 2504 namque
3169 2446 3318 2505 capta
3353 2450 3453 2504 est,
3486 2448 3536 2491 et
3557 2441 3790 2493 universi

2226 2523 2276 2575 in
2303 2521 2622 2592 Babylonem
2646 2525 2834 2592 captivi
2862 2540 2981 2578 cum
3005 2532 3142 2580 vasis
3161 2527 3370 2580 abducti
3393 2538 3532 2582 sunt.
3550 2528 3784 2598 Suntque

2227 2627 2376 2680 reges
2403 2615 2581 2682 viginti
2611 2629 2744 2668 unus
2767 2654 2780 2678 ,
2821 2631 2923 2668 non
2974 2626 3312 2669 annumerata
3345 2617 3604 2672 Gotholia.

2293 2702 2512 2755 Nomina
2539 2718 2718 2772 regum
2749 2705 2834 2773 qui
2867 2705 3072 2758 fuerunt
3098 2707 3147 2758 in
3176 2707 3428 2771 Samaria,
3463 2717 3516 2761 et
3541 2722 3658 2776 quae
3687 2722 3781 2775 ge-

2226 2804 2324 2856 sta,
2360 2795 2447 2862 qui
2490 2795 2608 2848 ﬁnis
2645 2795 2898 2864 cujusque
2948 2795 3122 2859 fuerit,
3154 2807 3206 2851 et
3234 2806 3360 2865 quot
3409 2798 3561 2850 annis
3597 2799 3786 2864 Singuli

2227 2883 2562 2951 regnaverint
2587 2885 2669 2938 his
2696 2886 2892 2953 accipe.
2923 2885 3202 2940 Jeroboam
3250 2887 3382 2939 ﬁlius
3405 2886 3609 2939 Nabath
3637 2888 3789 2939 annis

2226 2973 2314 3025 24.
2344 2972 2438 3025 llic
2459 2972 2678 3026 discisso
2700 2987 2861 3041 regno
2886 2974 3177 3028 ascendens
3204 2990 3267 3028 ex
3296 2973 3522 3044 Egypto
3547 3015 3561 3036 ,
3589 2977 3789 3043 primus

2228 3065 2466 3132 regnavit
2495 3066 2544 3116 in
2571 3064 2822 3127 Samaria,
2853 3075 2907 3118 et
2926 3065 3049 3119 fecit
3070 3067 3284 3129 malum,
3318 3065 3384 3119 ita
3410 3076 3465 3118 ut
3487 3067 3686 3120 nullum
3711 3068 3788 3119 si-

2229 3154 2404 3207 milem
2446 3153 2706 3207 habuerit.
2737 3152 2948 3208 Veritus
3003 3169 3067 3208 ne
3097 3170 3312 3224 regnum
3353 3155 3448 3223 ipsi
3475 3155 3786 3224 eriperetur,

2228 3259 2413 3297 aureas
2445 3244 2659 3296 buculas
2679 3243 2808 3296 duas
2837 3243 2974 3309 fecit,
3000 3254 3051 3297 et
3072 3245 3318 3313 populum
3344 3244 3550 3297 seduxit
3573 3245 3786 3298 dicens:

2233 3332 2302 3385 lli
2327 3341 2439 3386 sunt
2473 3334 2565 3396 dii,
2593 3333 2675 3400 qui
2696 3335 2970 3386 eduxerunt
2991 3349 3079 3386 nos
3105 3349 3167 3386 ea:
3192 3343 3322 3386 terra
3339 3332 3553 3402 Egypti
3581 3334 3630 3400 (1
3664 3333 3788 3400 Reg.

2233 3423 2446 3492 12.28).
2465 3421 2860 3476 lnstituitenim
2878 3423 3011 3478 festa
3030 3431 3080 3476 et
3107 3423 3436 3476 sacerdotes:
3470 3421 3534 3474 Et
3563 3422 3644 3475 hic
3673 3439 3790 3490 pec-

2229 3531 2342 3567 care
2361 3515 2475 3583 fecit
2495 3511 2656 3566 Israel
2681 3513 2753 3582 (2.
2787 3513 2911 3582 Reg.
2938 3515 3022 3567 14.
3057 3513 3133 3582 8).
3162 3515 3330 3582 Ipsum
3354 3530 3580 3584 namque
3609 3530 3793 3569 onmes

2232 3614 2411 3672 postea
2458 3619 2607 3673 reges
2652 3604 2836 3657 imitati
2877 3616 3018 3658 sunt.
3050 3605 3213 3674 Hujus
3243 3615 3476 3673 tempore
3521 3606 3793 3675 prOpheta:

2231 3703 2382 3746 erant
2411 3693 2601 3746 Achias
2625 3693 2894 3756 Silonites,
2927 3704 2980 3747 et
3014 3694 3099 3763 qui
3131 3704 3310 3748 contra
3342 3695 3511 3762 ipsum
3541 3709 3701 3761 super
3719 3696 3796 3747 al-

2232 3794 2342 3836 tare
2368 3783 2683 3837 vociferatus
2708 3793 2806 3837 est.
2827 3783 3028 3838 Nabath
3064 3783 3202 3837 ﬁlius
3233 3784 3344 3852 ejus
3367 3785 3603 3852 regnavit
3626 3799 3794 3838 annos

2232 3872 2384 3938 duos,
2407 3882 2460 3926 et
2492 3872 2844 3936 fecitmalum,
2873 3887 3042 3942 neque
3066 3873 3199 3926 alius
3226 3889 3290 3926 ex
3332 3887 3522 3941 genere
3553 3872 3671 3940 ejus
3708 3887 3794 3924 rc-

2234 3965 2428 4031 guavit.
2457 3963 2664 4015 Zambri
2709 3963 2928 4015 alterius
2957 3963 3165 4031 generis
3194 3978 3357 4015 annos
3391 3963 3474 4014 l2.
3507 3961 3672 4013 Baasa
3713 3976 3798 4014 re-

2235 4054 2411 4121 gnavit
2438 4068 2604 4105 annos
2634 4053 2725 4118 24,
2756 4062 2807 4105 et
2834 4051 2956 4106 fecit
2984 4053 3120 4120 quod
3170 4052 3366 4105 malum
3397 4061 3529 4105 erat.
3563 4051 3673 4104 Sub
3697 4051 3798 4103 hoc

2237 4145 2506 4214 propheta:
2559 4153 2710 4198 erant
2761 4144 2921 4207 Elias,
2968 4143 3235 4205 Elissa-us,
3290 4142 3552 4203 Michazas,
3609 4151 3664 4194 et
3707 4141 3796 4209 qui

2236 4235 2482 4288 Achaabo
2511 4234 2575 4287 de
2622 4234 2771 4302 Syria
2800 4243 2854 4286 et
2895 4233 2962 4287 de
3004 4233 3111 4285 ﬁlio
3153 4233 3293 4286 Ader
3331 4232 3514 4300 pr0pln
3534 4231 3697 4299 tavit,
3744 4239 3800 4282 et

2238 4326 2324 4392 qui
2346 4325 2555 4391 pr0prio
2578 4323 2727 4391 jussu
2771 4323 3094 4386 vulneratus,
3141 4322 3440 4375 Achaabum
3492 4321 3795 4388 redarguit:

2238 4427 2299 4464 ac
2329 4422 2578 4479 praeterea
2609 4425 2846 4463 seorsum
2889 4411 3034 4463 multi
3068 4409 3435 4478 prophetarum
3481 4410 3594 4463 ﬁlii.
3622 4409 3802 4462 Ocho-

2241 4500 2346 4551 zias
2372 4501 2510 4551 ﬁlius
2549 4499 2662 4566 ejus
2690 4499 2842 4551 annis
2879 4499 3112 4558 duobus,
3150 4507 3202 4551 et
3253 4499 3372 4552 fecit
3417 4499 3554 4566 quod
3607 4499 3800 4552 ιιιειΙιιηι

2239 4600 2371 4643 erat.
2394 4589 2501 4642 Sub
2529 4589 2625 4642 hoc
2644 4597 2796 4641 erant
2821 4588 2961 4641 Elias
2982 4597 3035 4642 et
3053 4588 3299 4642 Elissaeus
3328 4605 3343 4642 :
3372 4603 3490 4642 nam
3510 4589 3624 4657 ejus
3645 4591 3800 4657 quin-

2241 4679 2587 4747 quagenarios
2640 4677 2758 4746 igne
2806 4678 3063 4745 percussit
3092 4677 3233 4731 Elias
3280 4679 3330 4731 in
3380 4680 3542 4731 verbo
3573 4679 3798 4731 Domini.

2243 4771 2418 4825 Joram
2448 4773 2583 4824 ﬁlius
2613 4770 2824 4823 Aehaab
2851 4771 3001 4823 annis
3028 4770 3306 4824 duodecim
3338 4768 3797 4830 :etfecitmalum,

2243 4877 2412 4928 neque
2441 4861 2574 4912 ultra
2604 4860 2738 4912 alius
2767 4875 2831 4913 ex
2861 4873 3054 4927 genere
3089 4859 3250 4926 ipsius
3283 4859 3533 4927 regnavit.
3568 4858 3678 4912 Sub
3707 4860 3803 4910 hoc

2245 4951 2388 5004 Elias
2407 4959 2707 5016 assumptus
2739 4958 2819 5002 est
2845 4966 2856 5001 :
2885 4949 3137 5003 Elissasus
3163 4964 3291 5003 vero
3319 4949 3510 5002 mansit
3549 4962 3715 5015 usque
3739 4946 3801 4997 ad

2244 5042 2520 5095 Jeroboam
2551 5042 2710 5094 ﬁlium
2737 5039 2859 5094 Joas
2887 5055 3062 5108 regem
3094 5040 3273 5094 Israel.
3297 5039 3406 5093 Sub
3435 5037 3534 5092 hoc
3572 5047 3723 5092 erant
3744 5038 3802 5088 ﬁ-

2249 5132 2301 5184 lii
2333 5132 2727 5200 prophetarum.
2757 5128 2891 5182 Jehu
2926 5129 2990 5182 de
3015 5129 3113 5182 alia
3141 5130 3322 5196 stirpe,
3350 5129 3486 5181 filius
3529 5126 3801 5186 Namesse,

2249 5224 2400 5276 annis
2425 5222 2512 5273 22.
2530 5223 2623 5274 Hic
2644 5221 3032 5288 sustulitgenus
3044 5219 3296 5283 Achaabi,
3313 5227 3366 5272 et
3385 5218 3666 5286 prophetas
3683 5215 3803 5269 Baal

2250 5329 2342 5382 per
2358 5313 2572 5365 insidias
2595 5312 2804 5374 occidit,
2824 5320 3151 5378 statuamque
3173 5309 3308 5367 illius
3328 5309 3591 5364 contrivit.
3610 5307 3806 5360 Etcum

2251 5406 2301 5458 in
2331 5406 2472 5457 hisce
2496 5403 2706 5456 fecisset
2730 5402 2867 5470 quod
2900 5412 3100 5454 rectum
3129 5409 3260 5464 erat,
3294 5399 3477 5453 habuit
3508 5399 3813 5466 promissio-

2251 5509 2392 5556 nem,
2417 5492 2554 5560 quod
2582 5491 2744 5558 ipsius
2765 5490 2852 5542 filii
2872 5489 2937 5544 ad
2961 5498 3198 5557 quartam
3225 5503 3391 5555 usque
3417 5487 3811 5556 generationem

2252 5581 2446 5635 sessuri
2477 5587 2655 5632 essent
2681 5593 2839 5645 super
2872 5577 3136 5631 thronum.
3167 5577 3394 5631 Joachaz
3420 5576 3558 5629 filius
3587 5577 3704 5644 ejus
3725 5593 3816 5630 an-

2256 5685 2351 5722 nos
2390 5667 2782 5739 septemdecim,
2809 5666 3036 5739 fecitque
3064 5666 3200 5737 quod
3224 5665 3416 5720 malum
3435 5674 3568 5720 erat.
3595 5667 3818 5723 Jerusa-
