4000 6220
258 377 372 430 355

257 473 524 545 ἐπορεύθη
550 476 606 526 ἐν
634 475 696 542 τῇ
726 472 961 542 ἁμαρτίᾳ
991 470 1082 522 τοῦ
1111 470 1313 540 πατρὸς
1350 468 1530 520 αὐτοῦ.
1565 466 1672 518 K01
1713 463 1804 515 ἐπὶ

253 561 444 614 τούτου
480 555 549 628 ἦν
586 558 748 610 Ἀδδὼ
794 559 822 609 6
867 556 1164 628 προφήτης.
1183 554 1310 606 ’Δσὰ
1334 556 1361 606 6
1389 554 1499 615 616;
1523 549 1683 604 06106
1714 549 1804 617 ἔτη

257 652 370 715 μα’,
400 643 492 696 καὶ
521 643 738 712 ἐποίησε
769 641 828 693 τὸ
849 640 1000 704 εὐθές
1017 656 1033 673 ·
1061 640 1170 692 ἀλλ’
1197 639 1274 691 ἔτι
1295 635 1359 708 ἦν
1385 637 1451 690 τὰ
1472 636 1666 705 ὑψηλά.
1686 635 1807 686 Ἐπὶ

252 730 441 783 τούτου
494 725 628 798 ἦσαν
671 725 917 796 Ἀζαρίας
979 727 1088 788 616;
1125 724 1308 793 Ὤδὴδ,
1359 725 1450 776 καὶ
1486 721 1706 788 ’Δναμὶ,
1757 718 1805 769 o1

253 815 545 885 προφῆται.
566 814 823 879 Ἰωσαφὰτ
851 812 964 873 616;
1007 809 1168 863 06106
1197 809 1287 877 ἐτη
1329 807 1426 868 κε’,
1465 807 1554 860 καὶ¹
1585 804 1804 870 ἐποίησε

251 899 317 951 16
339 899 490 960 εὑθές
506 915 520 930 ·
549 898 681 950 ἀλλά
712 897 778 949 τὰ
800 897 975 965 ὑψηλά
997 896 1074 948 ἐτι
1097 896 1322 966 ὑπῆρχε.
1355 895 1457 946 K01
1485 891 1618 962 μετά
1639 890 1806 942 ταῦτα

255 985 462 1054 μέμψιν
492 983 646 1052 ἐσχεν
678 983 918 1051 ἀνομίας,
949 983 1028 1034 ὅτι
1055 981 1291 1048 ἐφιλίασε
1317 980 1390 1049 τῷ
1429 979 1639 1049 Ὀχοζίᾳ
1665 977 1808 1045 βασι-

252 1071 335 1122 λεί
377 1069 604 1138 Ἰσραὴλ,
633 1069 722 1120 καὶ
771 1067 1119 1136 ἐκοινώνησεν
1165 1065 1310 1134 αὐτῷ
1339 1067 1415 1126 είς
1447 1065 1622 1115 πλεῖον
1675 1079 1805 1130 πρα·

249 1157 536 1227 γματείας.
555 1157 674 1208 Ἐπὶ
699 1156 885 1209 τούτου
933 1151 1069 1224 ἦσαν
1113 1155 1384 1223 προφῆται
1423 1152 1618 1212 Ἠλίας,
1636 1151 1805 1201 Ἐλισο

253 1245 390 1306 σαιέ,
436 1242 692 1312 Μιχαίας,
746 1243 837 1294 καὶ
877 1241 976 1292 ’ῐοῦ
1025 1243 1052 1292 6
1082 1240 1174 1291 106
1212 1239 1411 1306 ’Λνεμὶη
1449 1239 1541 1289 καὶ
1576 1236 1754 1304 Ὀζιὴλ
1777 1235 1805 1285 6

249 1328 344 1381 106
372 1327 657 1395 Ζαχαρίου,
691 1327 783 1378 καὶ
821 1326 1060 1379 Ἐλιάδαδ
1091 1329 1118 1378 6
1146 1325 1236 1378 106
1279 1325 1423 1377 Ἀδιά
1460 1323 1566 1376 ἀπὸ
1599 1321 1806 1390 M0010-

252 1431 370 1482 σης.
392 1412 589 1482 Ἰωρὰμ
630 1415 659 1466 6
693 1413 804 1474 616;
833 1412 994 1464 06106
1024 1411 1116 1482 ἐτη
1146 1417 1216 1480 η’,
1247 1413 1337 1464 καὶ
1365 1411 1582 1478 ἐποίησε
1622 1408 1680 1460 τὸ
1707 1425 1804 1458 πο-

250 1517 314 1567 νη
327 1500 432 1567 ρόν.
465 1496 586 1567 Εῐχε
617 1498 724 1567 γὰρ
753 1501 982 1563 γυναῖκα
1018 1497 1286 1566 θυγατέρα
1329 1495 1546 1563 Ἀχαάϐ.
1577 1494 1684 1545 K01
1717 1493 1806 1544 ἐπὶ

247 1585 438 1636 τούτου
466 1581 601 1653 ἦσαν
642 1585 823 1645 Ἠλίας
853 1584 944 1635 καὶ
975 1583 1288 1643 Ἐλισσαῖος.
1306 1579 1548 1649 Ὀχοζίας
1582 1578 1689 1640 υἱὸς
1712 1579 1806 1629 06-

248 1671 343 1723 τοῦ
372 1671 489 1733 610;
522 1678 589 1734 α’,
616 1672 706 1723 καὶ
735 1671 951 1740 ἐποίησε
980 1670 1041 1721 16
1072 1667 1320 1737 πονηρόν.
1354 1667 1484 1719 Μετ’
1507 1665 1666 1717 06166
1713 1663 1749 1714 Γ
1749 1680 1805 1714 0-

249 1756 400 1808 θολία
429 1758 459 1826 ή
489 1759 667 1828 μήτηρ
709 1755 892 1817 06106,
923 1755 1015 1824 ἐτη
1060 1755 1214 1806 ἐπτά.
1235 1754 1382 1813 Ἶωᾶς
1418 1751 1526 1812 616;
1570 1747 1804 1818 Ὀχοζίου

249 1845 344 1911 ἔτη
376 1850 445 1912 μ’.
481 1837 644 1906 U610;
671 1843 924 1910 ἐφόνευσε
952 1841 1039 1892 τὸν
1070 1837 1360 1910 Ζαχαρίαν,
1391 1838 1482 1890 καὶ
1508 1837 1724 1904 ἐποίησε
1748 1835 1806 1886 16

248 1931 401 1992 εὑθές
449 1933 505 1982 ἐν
555 1930 646 1998 ὅλῃ
692 1932 756 1999 τῇ
799 1929 941 1998 ψυχῇ
986 1927 1166 1987 αὑτοῦ,
1202 1928 1302 1987 ἕως
1342 1924 1512 1977 ἰωδαέ
1539 1927 1565 1976 6
1593 1922 1806 1984 066516;

245 2017 365 2085 ἔζη,
398 2016 490 2069 καὶ
519 2015 775 2083 ἐφώτισεν
797 2015 972 2067 αὐτόν.
992 2012 1188 2065 Τοῦτον
1212 2011 1532 2064 ἀπέκτειναν
1561 2012 1607 2062 οἱ
1633 2009 1803 2061 δοῦλοι

244 2101 412 2156 αὑτοῦ
447 2103 503 2154 ἐν
533 2103 663 2171 οἴκῳ
688 2100 935 2154 Μαελὼθ.
953 2100 1073 2152 Ἐπὶ
1099 2098 1288 2152 τούτου
1322 2099 1687 2168 ἐπροφήτευσε
1712 2095 1807 2148 Ζα-

245 2190 440 2258 χαρίας
476 2187 589 2250 616;
626 2186 1092 2255 Ίωδαέ.“Λμεσίας
1131 2187 1241 2247 616;
1286 2185 1445 2237 06106
1475 2184 1567 2251 ἐτη
1599 2182 1680 2248 ιθ’,
1714 2185 1804 2235 καὶ

245 2275 466 2342 ἐποίησε
491 2273 549 2324 16
572 2273 722 2333 εύθές
750 2273 805 2324 ἐν
835 2273 994 2340 ἀρχῇ,
1020 2270 1129 2322 ἀλλ’
1151 2271 1246 2339 οὐχ
1272 2271 1343 2332 ὡς
1369 2270 1676 2322 Δαυῖδ.”Ετι
1698 2268 1803 2338 γὰρ

243 2363 272 2412 6
316 2360 438 2420 λαὸς
484 2357 760 2419 ἐθυσίαζεν
791 2360 846 2409 ἐν
875 2360 985 2419 τοῖς
1018 2356 1256 2424 ὑψηλοῖς,
1305 2357 1395 2408 x01
1438 2359 1506 2407 τά
1549 2355 1680 2424 ἄλση
1706 2356 1804 2406 οὐκ

243 2445 421 2515 ἐξῆρε.
453 2446 560 2496 Καὶ
590 2445 678 2494 ἐπὶ
705 2442 890 2494 τούτου
924 2443 1329 2510 ἐπροφήτευσαν
1363 2441 1660 2510 προφῆται,
1689 2441 1801 2492 ἀλλ’

242 2534 345 2584 οὐκ
373 2532 682 2601 ἐγράφησαν
710 2531 776 2581 τά
809 2529 1042 2596 ὀνόματα
1076 2528 1272 2582 αὐτῶν.
1304 2527 1454 2580 Μετὰ
1479 2526 1646 2579 ταῦτα
1677 2526 1802 2594 μέν·

242 2634 323 2669 τοι
367 2619 617 2687 Ἀμεσίας
649 2614 890 2678 πατάξας
931 2615 1053 2676 τοὺς
1100 2617 1155 2667 ἐν
1207 2615 1390 2684 Σηεὶρ,
1437 2613 1667 2682 ἐπήρθη,
1711 2612 1802 2664 καὶ

242 2703 532 2772 ἐλάτρευσε
547 2704 656 2764 τοῖς
673 2701 903 2762 εἰδώλοις
927 2698 1072 2770 [559]
1085 2700 1189 2751 τῶν
1207 2701 1386 2769 Σηεὶρ,
1409 2699 1503 2751 καὶ
1524 2697 1799 2766 ἐπατάχθη

245 2787 563 2858 παραδοθεὶς
608 2791 717 2849 τοῖς
765 2786 993 2855 ἐχθροῖς.
1014 2785 1265 2853 Ἀζαρίας
1297 2788 1325 2836 6
1366 2786 1457 2836 καὶ
1492 2784 1669 2846 Ὀζίας
1708 2783 1799 2853 ἐτη

165 2912 168 2914 -
241 2874 342 2943 νβ’,
366 2874 458 2926 καὶ
483 2875 702 2940 ἐποίησε
731 2872 870 2924 κατὰ
892 2871 987 2940 τὴν
1013 2870 1183 2940 ἀρχὴν
1206 2869 1265 2920 16
1291 2869 1461 2931 εὑθές,
1486 2869 1558 2932 ὼς
1578 2873 1604 2922 6
1624 2870 1802 2940 πατὴρ

239 2960 434 3012 αὐτοῦ·
482 2959 618 3027 πλὴν
656 2958 720 3010 τὰ
768 2956 943 3025 ὑψηλά
975 2956 1072 3007 οὐκ
1120 2954 1328 3025 ἐξῆρεν.
1356 2954 1714 3024 Εὐοδούμενος
1745 2955 1801 3006 δέ

237 3045 478 3115 ἐπήρθη,
523 3047 616 3097 καὶ
657 3043 915 3113 ἠθέλησεν
963 3040 1139 3110 ἐαυτῷ
1185 3040 1444 3110 θυμιᾶσαι
1474 3043 1530 3092 ἐν
1565 3041 1639 3110 τῷ
1669 3041 1798 3110 ναῷ,

238 3133 376 3201 ὅπερ
425 3132 606 3200 μόνοις
651 3133 762 3192 τοῖς
811 3129 1045 3199 ἱερεῦσιν
1067 3127 1258 3193 ἔξεστι.
1289 3127 1377 3179 Διὸ
1403 3128 1496 3179 καὶ
1522 3127 1801 3197 ἐλεπρώθη

235 3219 502 3279 ἀκούσας·
553 3219 632 3270 Οὐ
664 3216 790 3280 σοὶ,
837 3214 1007 3277 Ὀζία,
1056 3212 1334 3280 θυμιᾶσαι
1381 3212 1460 3276 τῷ
1509 3214 1718 3278 Κυρίῳ,
1770 3213 1801 3265 ὃ

231 3305 446 3371 μόνοις
468 3303 589 3367 τοῖς
611 3302 872 3369 ἱερεῦσιν
898 3302 1152 3365 ἔξεστιν.
1172 3299 1292 3350 Ἐπὶ
1311 3298 1497 3350 τούτου
1524 3299 1803 3367 προφήτης

247 3389 718 3457 Ἦσαῒας.’1ωθάμ
769 3390 796 3440 6
843 3388 953 3450 616;
1001 3387 1163 3440 06106
1201 3385 1542 3438 ἐϐασίλευσεν
1584 3384 1675 3454 ἐτη
1705 3391 1801 3446 ις’,

236 3478 331 3527 καὶ
383 3475 600 3545 ἐποίησε
641 3475 702 3526 16
735 3474 887 3536 εὑθές
919 3475 992 3535 ὼς
1038 3476 1066 3525 6
1114 3472 1290 3542 πατὴρ
1322 3470 1481 3522 αὑτοῦ
1505 3485 1520 3500 ·
1567 3470 1704 3540 πλὴν
1735 3472 1801 3522 τὰ

233 3563 417 3631 61101134
452 3564 549 3614 οὐκ
590 3562 766 3632 ἐξῆρε.
803 3562 911 3614 K01
938 3561 1027 3612 ἐπὶ
1054 3561 1238 3612 τούτου
1266 3555 1332 3629 ἦν
1375 3559 1618 3619 Ἡσαΐας.
1639 3558 1801 3626 Ἀχάζ

236 3647 353 3708 616;
383 3649 544 3700 0.6106
575 3649 668 3716 ἐτη
700 3655 792 3710 ις’,
820 3649 913 3699 καὶ
941 3647 1161 3715 ἐποίησε
1193 3647 1250 3699 τὸ
1274 3646 1524 3716 πονηρόν.
1561 3644 1697 3699 K01~
1711 3647 1802 3697 ἐπὶ

233 3735 426 3786 ’τούτου
477 3731 542 3801 ἦν
584 3735 806 3795 Ἡσαΐας
855 3734 947 3784 καὶ
987 3728 1132 3800 Ὠδὴδ
1181 3730 1730 3802 προφήται.Ἐζεκίας
1775 3734 1802 3782 6

236 3820 353 3884 616;
383 3820 543 3872 06106
588 3821 679 3889 ἔτη
721 3820 820 3880 κθ’,
855 3820 945 3870 καὶ
991 3819 1209 3886 ἐποίησε
1251 3819 1310 3868 τὸ
1354 3818 1504 3878 εὺθές
1535 3818 1609 3878 ὡς
1639 3817 1799 3869 Δαυῖδ

233 3907 472 3968 τελείως.
507 3902 668 3967 Οὗτος
697 3906 939 3958 καθεῖλεν
975 3905 1096 3972 ὅφιν
1123 3905 1376 3973 χαλκοῦν,
1425 3905 1483 3956 ὃν
1528 3906 1797 3974 ἐκρέμασε

237 3992 634 4060 Μωῦσῆς.Ἐπὶ
683 3991 867 4043 τούτου
915 3991 1253 4058 Σεναχηρεὶμ
1301 3991 1391 4040 καὶ
1429 3990 1703 4058 Ῥαψάκης
1751 3991 1798 4040 οἱ

253 4076 522 4146 ’Λσσύριοι
570 4075 1004 4146 βλασφημοῦντες
1046 4074 1425 4143 ἐπατάχθησαν
1482 4075 1579 4144 μὲν
1625 4075 1795 4135 06101,

239 4162 377 4230 μετά
423 4161 592 4214 ταῦτα
627 4163 683 4213 ἐν
725 4164 819 4232 μιᾷ
862 4163 916 4214 δέ
947 4160 1100 4213 νυκτὶ
1140 4161 1377 4229 χιλιάδας
1430 4168 1541 4231 ρπε’
1571 4160 1796 4225 ἐξελθὼν

234 4249 466 4314 ἄγγελος
521 4248 714 4300 ἀνεῖλε.
760 4248 978 4300 Μέλλων
1025 4248 1078 4299 δὲ
1125 4247 1372 4311 Ἐζεκίας
1418 4247 1794 4316 ἀποθνήσκειν,

234 4333 397 4386 ἔλαϐε
427 4335 741 4404 προσθήκην
771 4334 864 4402 ἐτη
892 4340 972 4386 ιε’.
1010 4334 1299 4401 Μανασσῆς
1327 4335 1354 4385 6
1387 4335 1494 4396 υἱὸς
1516 4334 1676 4387 αὑτοῦ
1705 4334 1796 4403 ἐτη

231 4427 328 4481 νε’,
379 4420 470 4472 καὶ
515 4421 734 4488 ἐποίησε
789 4419 848 4470 16
895 4420 1141 4488 πονηρόν.
1169 4418 1308 4472 Ὅσα
1359 4420 1414 4470 δέ
1462 4421 1795 4488 κατέσκαψεν

251 4505 511 4568 Ἐζεκίας,
545 4503 716 4556 ταῦτα
751 4499 900 4566 οὗτος
934 4506 1205 4573 ἀνήγειρε,
1239 4506 1330 4556 καὶ
1378 4505 1595 4572 γέγονεν
1642 4506 1793 4569 ἄλλος

245 4591 524 4660 Ἰεροϐοάμ
568 4591 644 4658 τῷ
684 4591 870 4658 Ἰούδᾳ,
904 4590 1040 4642 ὥστε
1081 4591 1144 4641 δι’
1172 4592 1330 4642 06166
1361 4593 1548 4643 παθεῖν
1579 4594 1674 4660 τὴν
1711 4595 1796 4644 Ἰε-

233 4679 534 4746 ρουσαλὴμ,
569 4679 644 4740 ὡς
687 4679 785 4746 τὴν
836 4679 1161 4747 Σαμάρειαν.
1205 4680 1313 4730 K01
1365 4681 1468 4748 γὰρ
1515 4681 1600 4731 ἐπ’
1632 4681 1793 4731 06106

223 4763 559 4832 ἐλέχθη,⁹ος
601 4765 889 4832 ἐξήμαρτε
930 4766 1033 4815 τῶν
1075 4764 1315 4816 Ἰούδαν.
1359 4765 1447 4816 Διὸ
1485 4766 1574 4816 καὶ
1607 4767 1796 4833 αἰχμά-

225 4850 399 4910 λωτος
429 4850 644 4918 ἀπήχθη
671 4853 748 4912 είς
771 4850 1076 4901 Βαϐυλῶνα.
1097 4849 1232 4900 Ἀλλ’
1258 4851 1314 4900 ἐν
1344 4853 1407 4918 τῇ
1431 4850 1790 4918 αἰχμαλωσίᾳ,

223 4936 307 4995 ὡς
330 4937 385 4985 ἐν
408 4939 514 4996 τοῖς
533 4936 1020 5004 Παραλειπομένοις
1040 4936 1361 5004 γέγραπται,
1391 4939 1794 5004 μετανοήσαντα

226 5021 394 5073 0.6166
419 5021 773 5090 μετέστρεψεν
794 5024 820 5073 6
839 5022 965 5082 Θεὸς
987 5023 1064 5082 είς
1096 5021 1464 5090 Ἰερουσαλὴμ,
1505 5023 1593 5072 καὶ
1634 5023 1792 5074 πάλιν

223 5104 552 5158 ἀντελάϐετο
590 5107 687 5174 τῆς
717 5106 1001 5174 βασιλείας.
1028 5105 1314 5158 Μετανοῶν
1338 5107 1390 5158 δέ
1418 5107 1509 5156 καὶ
1532 5107 1792 5158 διδάσκων

221 5193 322 5244 τὸν
343 5193 468 5243 λαὸν
487 5192 750 5244 δουλεύειν
770 5193 844 5261 τῷ
865 5194 999 5261 Θεῷ,
1022 5193 1384 5262 ἐτελεύτησεν.
1411 5195 1522 5244 Οὐκ
1546 5195 1714 5261 ἐτάφη
1738 5195 1790 5246 δὲ

221 5281 289 5330 ἐν
330 5278 478 5329 πόλει
519 5277 697 5338 Δαυῖδ,
719 5279 829 5329 ἀλλ’
854 5280 908 5332 ἐν
931 5278 1006 5347 τῷ
1049 5280 1205 5347 κήπῳ
1244 5278 1427 5340 06106,
1456 5280 1614 5348 κήπῳ
1646 5277 1790 5340 Ὀζᾶ.

237 5365 425 5434 Ἀμὼς
446 5367 471 5417 6
491 5366 601 5427 υἱὸς
619 5365 779 5418 06106
806 5365 896 5434 ἔτη
923 5365 987 5434 β’,
1013 5366 1102 5417 καὶ
1124 5365 1342 5433 ἐποίησε
1366 5365 1424 5416 16
1445 5366 1694 5434 πονηρὸν,
1721 5366 1791 5425 ὼς

219 5455 256 5505 ὁ
284 5453 464 5522 πατὴρ
489 5453 986 5524 αὑτοῆΜανασσῆς,
1012 5455 1100 5505 καὶ
1120 5453 1324 5504 ἀνεῖλον
1360 5453 1515 5504 06166
1539 5455 1586 5504 01
1610 5454 1792 5512 παῖδες

219 5537 418 5598 06106,
437 5539 529 5589 καὶ
551 5538 721 5607 ἐτάφη
746 5541 800 5590 ἐν
826 5544 985 5607 κήπῳ
1017 5537 1163 5600 Ὀζᾶ,
1189 5538 1316 5590 ἔνθα
1339 5538 1431 5589 x01
1454 5541 1480 5590 6
1509 5538 1685 5606 πατὴρ
1708 5539 1800 5588 06-

214 5623 341 5676 τοῦ.
362 5621 564 5684 Ἰωσίας
583 5626 610 5676 ὁ
633 5624 744 5686 616;
767 5623 925 5675 06106
952 5624 1041 5692 ἔτη
1066 5624 1165 5676 λα’.
1194 5623 1392 5676 Τοῦτον
1413 5627 1438 5674 6
1459 5624 1582 5684 λαὸς
1610 5625 1793 5694 ἤγειρε

218 5708 466 5780 βασιλέα,
493 5708 616 5762 ὅντα
657 5711 791 5762 ἐτῶν
831 5716 900 5779 η’,
929 5711 1020 5761 καὶ
1043 5709 1259 5778 ἐποίησε
1283 5710 1341 5761 16
1364 5710 1512 5772 εύθὲς
1551 5712 1608 5762 ἐν
1643 5711 1788 5783 πάσῃ

1317 353 1647 412 SYNOPSIS
1685 344 2099 407 SCRIPTUM!)
2137 342 2403 403 SACRE.

3344 349 3454 404 356

1906 458 2009 526 ὁδῷ
2049 457 2228 522 Δαυτδ,
2251 457 2344 511 καὶ
2369 456 2466 509 οὐκ
2488 454 2693 524 ἀπέστη
2717 451 2880 520 δεξιᾷ,
2909 447 3025 502 οὐδὲ
3050 447 3326 518 ἀριστερᾷ.
3354 448 3464 502 K01

1906 545 2010 613 γὰρ
2029 545 2120 596 καὶ
2139 545 2204 597 τὰ
2223 544 2357 612 ἀλση
2377 542 2618 610 ἐξέκοψε,
2641 542 2734 593 καὶ
2749 539 2817 591 τὰ
2835 536 3023 589 εἴδωλα
3042 535 3216 588 πάντα
3231 532 3460 588 καθεῖλε.

1907 629 2189 697 Γενόμενος
2215 628 2270 680 δέ
2295 628 2428 680 ἐτῶν
2453 633 2546 691 ις’,
2571 627 2658 678 τόν
2679 641 2736 676 τε
2758 622 2918 692 νόμον
2959 621 3218 690 ζητήσας,
3247 618 3337 672 καὶ
3373 619 3462 671 56-

1909 713 2015 783 ρὼν
2057 712 2430 783 ἀμεληθέντα,
2471 708 2879 777 ἀναγνωσθῆναι
2923 705 3188 773 πεποίηκε
3212 744 3226 768 ,
3273 702 3366 754 καὶ
3401 703 3462 757 τὸ

1907 796 2087 866 πάσχα
2123 797 2364 866 ἐποίησε,
2391 797 2485 848 καὶ
2516 793 2794 864 ἐκήρυξεν,
2820 791 2896 853 ὼς
2919 790 3244 860 γέγραπται.
3268 785 3462 840 Τοῦτον

1904 883 1958 934 δέ
1979 883 2149 935 ἀνεῖλε
2172 882 2366 953 Φαραὼ
2409 881 2604 951 Νεχαὼ
2631 880 2722 932 ἐπὶ
2751 878 2844 931 τοῦ
2870 878 3148 947 Εὐφράτου
3173 874 3466 944 φιλονεικήο

1907 985 2070 1020 σαντα
2094 968 2226 1036 πρὸς
2246 967 2422 1020 αὐτόν.
2441 968 2562 1019 Ἐπὶ
2596 966 2780 1018 τούτου
2814 963 3076 1032 Ἱερεμίας
3097 961 3189 1014 καὶ
3209 960 3464 1026 Σοφονίας

1903 1046 2038 1120 ἦσαν
2063 1055 2109 1103 01
2135 1052 2424 1121 προφῆται,
2453 1053 2544 1104 καὶ
2578 1049 2780 1118 Ὀλδάή
2815 1049 3082 1118 προφῆτις
3104 1045 3239 1115 γυνὴ
3277 1043 3462 1111 Σελλῆ.

1919 1135 2140 1204 Ἰωάχαζ
2169 1138 2278 1198 υίὸς
2299 1137 2459 1188 06106
2484 1137 2656 1206 μῆνας
2678 1137 2844 1205 τρεῖς,
2878 1134 2970 1186 καὶ
2993 1132 3209 1200 ἐποίησε
3231 1130 3291 1182 16
3314 1145 3466 1194 πονηο

1907 1220 2019 1290 ρὸν,
2049 1223 2140 1274 καὶ
2183 1224 2505 1292 μετέστησεν
2544 1220 2703 1273 06166
2745 1217 2939 1289 Φαραὼ
2982 1215 3208 1284 Νεχαώ’
3243 1216 3334 1266 καὶ
3376 1216 3465 1265 ἐπὶ

1904 1305 2094 1358 τούτου
2117 1302 2184 1376 ἦν
2218 1306 2346 1375 Ἰερε
2356 1310 2500 1376 μίας.
2522 1307 2798 1375 Ἐλιακεὶμ
2817 1306 2900 1357 έτε
2911 1321 2998 1372 ρος
3020 1303 3130 1363 υἱὸς
3165 1300 3382 1363 Ἰωσίου,
3407 1299 3466 1360 ὃς

1913 1392 2299 1461 μετωνομάσθη
2339 1394 2609 1460 Ἰωακεὶμ,
2637 1391 2728 1460 ἐτη
2749 1396 2841 1456 ια’,
2867 1390 2958 1441 καὶ
2979 1388 3196 1456 ἐπὈίησε
3221 1387 3279 1438 16
3302 1402 3466 1453 πονη-

1910 1477 2018 1545 ρόν.
2039 1478 2287 1547 Ἰωακεὶμ
2325 1480 2352 1529 6
2397 1480 2488 1530 καὶ
2519 1479 2785 1546 Ἰεχονίας,
2811 1477 2838 1528 6
2861 1476 2970 1538 616;
2993 1473 3178 1534 06106,
3207 1474 3376 1541 μῆνας
3396 1469 3464 1538 γ’,

1906 1562 1998 1612 καὶ
2036 1562 2253 1630 ἐποίησε
2297 1563 2356 1614 16
2395 1565 2623 1632 πονηρὸν
2659 1563 2750 1616 καὶ
2783 1561 2999 1631 ἀπήχθη
3039 1561 3118 1622 είς
3156 1557 3461 1611 Βαϐυλῶνα.

1905 1646 2128 1699 Ματθάν
2155 1648 2182 1698 6
2199 1647 2307 1709 616;
2332 1649 2512 1701 06106.
2539 1649 2736 1700 Τοῦτον
2759 1647 3218 1715 Ναϐουχοδονόσορ
3246 1643 3463 1714 ἐποίησε

1907 1731 2147 1800 βασιλέα,
2186 1731 2332 1803 [560]
2367 1734 2460 1785 καὶ
2496 1733 2841 1802 μετωνόμασε
2869 1732 3029 1784 06166
3051 1728 3327 1781 Σεδεκίαν.
3353 1730 3464 1780 K01

1905 1818 2244 1872 ἐϐασίλευσεν
2273 1820 2365 1888 ἐτη
2400 1820 2484 1888 ιβ’,
2514 1823 2603 1872 καὶ
2635 1820 2856 1889 ἐποίησε
2879 1819 2940 1871 16
2964 1816 3214 1886 πονηρόν.
3248 1817 3353 1869 K01
3373 1818 3464 1869 ἐπὶ

1904 1905 2089 1956 τούτου
2141 1901 2206 1973 ῆν
2250 1903 2700 1973 Ἱερεμίας.Ἒως
2752 1903 2937 1956 τούτου
2985 1905 3017 1972 ή
3075 1901 3317 1970 βασιλεία
3369 1900 3462 1953 τοῦ

1917 1989 2102 2054 Ἰούδα,
2126 1991 2214 2041 καὶ
2243 1989 2526 2058 κατελύθη,
2558 1989 2742 2057 ὥσπερ
2765 1989 2857 2040 καὶ
3008 1986 3334 2056 Σαμαρείας.
3356 1985 3464 2036 K01

1903 2078 2010 2148 γὰρ
2042 2080 2073 2147 ή
2109 2077 2259 2136 πόλις
2295 2077 2454 2140 ἑάλω,
2491 2078 2582 2128 καὶ
2613 2076 2808 2137 πάντες
2839 2073 3159 2143 ἀπήχθησαν
3183 2071 3462 2143 αἰχμάλω-

1903 2181 1982 2215 τοι
2021 2167 2097 2225 εἰς
2133 2162 2420 2215 Βαϐυλῶνα
2454 2161 2588 2232 μετὰ
2614 2160 2837 2214 σκευῶν.
2870 2160 2988 2212 E101.
3013 2159 3069 2211 δέ
3097 2158 3331 2230 βασιλεῖς
3356 2165 3463 2225 καν,

1905 2251 2060 2311 ἐκτὸς
2095 2249 2362 2312 Γοθολίας.

1986 2349 2245 2418 Ὀνόματα
2277 2349 2382 2402 τῷν
2416 2349 2670 2418 βασιλέων
2715 2347 2817 2401 τῶν
2867 2347 3164 2416 γενομένων
3194 2347 3252 2398 ἐν
3279 2346 3463 2414 Σαμα-

1905 2436 2044 2505 ρείᾳ,
2080 2436 2169 2486 καὶ
2209 2438 2353 2486 ποῖον
2399 2436 2492 2504 τῆς
2545 2436 2769 2487 έκάστου
2800 2433 3046 2503 πράξεως
3071 2433 3260 2499 γέγονε
3290 2431 3460 2494 τέλος,

1903 2522 1994 2574 καὶ
2023 2520 2160 2571 πόσα
2188 2521 2281 2588 ἐτη
2312 2522 2537 2582 ἕκαστος
2581 2521 2942 2581 ἐϐασίλευσεν,
2979 2516 3463 2585 οὒτως.⁹1εροϐοὰμ

1903 2608 2014 2668 616;
2048 2606 2232 2658 Ναϐὰθ
2266 2606 2358 2674 ἐτη
2387 2608 2481 2659 κδ’.
2520 2601 2682 2667 0610;
2714 2605 3018 2675 σχισθείσης
3050 2603 3147 2672 τῆς
3190 2602 3463 2671 βασιλείας

1903 2691 2134 2744 ἀνελθὼν
2161 2693 2250 2743 ἀπ’
2279 2691 2549 2758 Αἰγύπτου
2590 2693 2801 2761 πρῶτος
2827 2689 3168 2743 ἐϐασίλευσεν
3202 2690 3259 2740 ἐν
3283 2689 3465 2757 Σαμαο

1906 2777 2045 2846 ρείᾳ,
2079 2777 2170 2829 καὶ
2197 2778 2413 2844 ἐποίησε
2460 2777 2519 2828 16
2565 2776 2793 2846 πονηρὸν
2823 2777 2896 2838 ὡς
2925 2777 3096 2837 οὐδεὶς
3125 2775 3326 2844 ἔτερος.
3367 2775 3465 2826 Φο-

1904 2864 2159 2933 ϐούμενος
2188 2864 2294 2933 γὰρ
2330 2866 2402 2934 μῆ
2431 2865 2763 2933 καταληφθῇ.
2801 2864 3020 2934 ἐποίησε
3052 2863 3307 2933 δαμάλεις
3333 2879 3462 2932 χρυ-

1904 2953 2000 3014 σᾶς
2031 2951 2143 3014 δύο,
2185 2953 2277 3003 καὶ
2301 2952 2544 3020 ὴπάτησε
2579 2952 2667 3002 τὸν
2696 2951 2819 3004 λαὸν
2853 2951 3053 3018 λέγων⁸
3101 2947 3275 3006 Οὗτοί
3308 2952 3465 3003 εἰσιν

1902 3043 1954 3093 οἱ
2005 3039 2147 3104 θεοὶ,
2192 3041 2242 3091 οὶ
2292 3039 2691 3106 ἀναγαγόντες
2726 3038 2880 3107 ἡμᾶς
2907 3039 2973 3091 ἐκ
3011 3038 3124 3105 τῆς
3143 3039 3460 3106 Αἰγύπτου.

1916 3127 2213 3180 Ἐπλάσατο
2243 3128 2335 3178 καὶ
2378 3127 2566 3196 ἑορτὰς
2605 3128 2697 3178 καὶ
2734 3126 2943 3196 ἱερέας⁹
2987 3126 3095 3178 Καὶ
3144 3122 3319 3192 οὗτος
3362 3125 3460 3190 65-

1901 3211 2121 3280 ἥμαρτε
2145 3215 2248 3265 τὸν
2282 3213 2545 3278 Ἰσραήλ.
2574 3213 2726 3281 Αὐτῷ
2779 3213 2883 3283 γὰρ
2928 3214 3126 3276 πάντες
3153 3215 3201 3266 01
3231 3211 3343 3283 μετ’
3368 3214 3463 3265 06-

1901 3296 1989 3349 166
2021 3298 2646 3368 κατηκολούθησαν.Ἐπὶ
2677 3299 2861 3350 τούτου
2889 3293 2956 3368 ἦν
2975 3301 3253 3369 προφήτης
3284 3300 3465 3367 Ἀχίας

1901 3387 1928 3436 6
1961 3387 2250 3456 Σιλονίτης,
2281 3387 2370 3438 καὶ
2413 3387 2442 3438 6
2492 3386 2946 3456 ἐπικαλεσάμενος
2977 3388 3066 3439 ἐπὶ
3089 3388 3151 3439 16
3179 3386 3466 3458 θυσιαστή-

1905 3491 2016 3542 ριον
2042 3474 2158 3525 κατ’
2182 3474 2363 3526 06106.
2384 3473 2572 3526 Ναϐἀθ
2599 3475 2708 3534 616;
2733 3473 2892 3527 06106
2924 3474 3014 3543 ἐτη
3048 3475 3112 3543 β’,
3139 3473 3230 3525 καὶ
3251 3475 3463 3544 ἐποίησε

1901 3561 1960 3612 16
1983 3560 2232 3630 πονηρὸν,
2267 3560 2359 3613 καὶ
2405 3561 2502 3612 οὐκ
2536 3559 2612 3612 ἐτι
2645 3577 2726 3622 τις
2772 3563 2833 3612 ἐκ
2866 3561 3051 3627 γένους
3095 3561 3256 3612 06106
3286 3561 3465 3614 ἐϐασί-

1902 3646 2075 3697 λευσε.
2106 3646 2318 3714 Ζαμϐρὶ
2346 3645 2528 3714 ἐτέρου
2559 3646 2745 3712 γένους
2775 3647 2867 3715 ἐτη
2909 3646 2990 3714 ιβ’.
3029 3646 3217 3698 Βαασᾶ
3243 3646 3334 3715 ἐτη
3365 3647 3460 3710 κδ’,

1903 3735 1994 3783 καὶ
2041 3733 2261 3801 ἐποίησε
2287 3732 2348 3783 16
2377 3731 2630 3801 πονηρόν.
2650 3733 2770 3784 Ἐπὶ
2811 3733 2996 3784 τούτου
3028 3733 3296 3802 προφῆται
3327 3728 3464 3802 ἦσαν

1913 3817 2112 3880 Ἠλίας,
2143 3817 2234 3869 καὶ
2281 3817 2591 3881 Ἐλισσαῖος,
2621 3819 2712 3870 x01
2746 3819 2999 3887 Μιχαίας,
3044 3819 3138 3869 καὶ
3179 3821 3208 3870 6
3253 3835 3462 3888 προφη-

1897 3901 2090 3962 τεύσας
2112 3901 2188 3968 τῷ
2219 3901 2418 3970 Ἀχαάϐ
2442 3903 2564 3970 περὶ
2590 3904 2684 3971 τῆς
2709 3903 2901 3972 Συρίας
2923 3905 3011 3954 καὶ
3032 3903 3124 3954 τοῦ
3145 3903 3260 3955 υἱοῦ
3290 3904 3460 3974 Ἀδέρ,

1899 3988 1991 4040 καὶ
2038 3990 2065 4040 6
2120 3989 2358 4052 πατάξας
2407 3991 2567 4043 αὑτὸν
2612 3990 2916 4060 τραύματι,
2969 3992 3059 4042 καὶ
3110 3989 3327 4056 ἐλέγξας
3372 3990 3462 4041 166

1911 4073 2130 4141 Ἀχαάϐ,
2162 4075 2252 4123 καὶ
2281 4074 2462 4125 πολλοὶ
2493 4075 2608 4126 καθ’
2632 4076 2852 4136 ἑαυτοὺς
2885 4076 2988 4126 6101
3015 4075 3121 4126 τῶν
3149 4074 3456 4144 προφητῶν.

1911 4159 2150 4227 Ὀχοζίας
2180 4159 2292 4221 616;
2318 4160 2478 4212 06106
2509 4161 2599 4228 ἐτη
2634 4161 2699 4229 β’,
2735 4164 2828 4213 καὶ
2869 4163 3088 4230 ἐποίησε
3117 4162 3175 4212 τὸ
3209 4163 3458 4231 πονηρόν.

1899 4247 2007 4298 K01.
2036 4248 2121 4300 ἐπὶ
2159 4248 2344 4299 τούτου
2374 4244 2511 4317 ἦσαν
2558 4249 2736 4310 Ἠλίας
2783 4249 2874 4302 καὶ
2911 4248 3237 4312 Ἐλισσαῖος·
3297 4251 3458 4304 06106

1897 4333 2005 4401 γὰρ
2049 4336 2170 4395 τοὺς
2215 4336 2704 4405 πεντηκονταρχους
2739 4336 3000 4399 ἐπάταξεν
3029 4340 3085 4388 ἐν
3115 4338 3243 4408 πυρὶ
3281 4337 3459 4400 Ἠλίας

1897 4421 1954 4472 ἐν
1991 4423 2191 4490 ῥήματι
2226 4421 2664 4492 Κυρίου.’1ωράμ
2703 4425 2811 4485 616;
2853 4424 3053 4492 Ἀχαάϐ
3104 4424 3196 4494 ἐτη
3243 4424 3328 4494 ιβ’,
3369 4428 3459 4478 καὶ

1897 4507 2114 4576 ἐποίησε
2153 4509 2211 4558 16
2243 4509 2492 4578 πονηρὸν,
2524 4511 2614 4561 καὶ
2638 4511 2817 4563 οὐκέτι
2842 4529 2922 4573 τις
2952 4512 3045 4564 τοῦ
3080 4514 3264 4578 γένους
3294 4513 3456 4566 06106

1895 4594 2224 4645 ἐϐασίλευσε.
2266 4597 2372 4647 K01
2399 4599 2425 4647 6
2458 4596 2555 4664 μὲν
2595 4595 2776 4658 Ἠλίας
2805 4597 3079 4665 ἀνελήφθη
3111 4599 3203 4650 ἐπὶ
3227 4599 3412 4651 τούτου
3440 4617 3453 4629 ο

1895 4681 1922 4728 6
1967 4680 2021 4730 δέ
2061 4680 2352 4741 Ἐλισσαῖος
2389 4680 2650 4748 διέμεινεν
2696 4682 2797 4743 ἓως
2839 4683 3134 4752 Ἰεροϐοάμ,
3161 4685 3270 4737 6166
3310 4685 3456 4748 ’ῐωάς

1899 4765 2154 4840 βασιλέως
2199 4765 2608 4835 Ἰσραήλ.Ἦσαν
2630 4768 2683 4818 δὲ
2711 4768 2802 4819 καὶ
2827 4769 2918 4820 ἐπὶ
2944 4768 3130 4821 τούτου
3157 4773 3204 4822 οἱ
3231 4772 3331 4824 6101
3351 4773 3457 4824 τῶν

1895 4852 2203 4919 προφητῶν.
2239 4851 2339 4903 Ἰοῦ
2371 4851 2554 4920 ἐτέρου
2583 4852 2787 4918 γένους,
2811 4855 2925 4916 υίὸς
2945 4855 3224 4924 Ναμεσσῆ.
3243 4856 3333 4926 ἐτη
3354 4857 3452 4925 κβ’.

1895 4932 2057 4998 Οὗτος
2085 4939 2257 4989 ἀνεῖλε
2292 4937 2351 4989 16
2376 4939 2526 5004 γένος
2564 4939 2764 5007 Ἀχαάὅ
2794 4943 2886 4993 καὶ
2909 4941 3032 5004 τοὺς
3060 4943 3340 5011 προφήτας
3363 4943 3454 4995 τοῦ

1895 5024 2038 5078 Βάαλ
2083 5028 2138 5075 ἐν
2167 5025 2242 5092 τῷ
2281 5026 2611 5095 πτερνισμῷ,
2646 5029 2738 5079 καὶ
2768 5029 2866 5096 τὴν
2907 5031 3102 5098 στήλην
3138 5030 3296 5081 αὑτοῦ
3329 5047 3453 5081 συν-

1894 5111 2093 5177 έτριψε.
2136 5111 2242 5162 K01
2274 5111 2329 5161 ἐν
2359 5111 2561 5172 τούτοις
2588 5115 2810 5180 ποιήσας
2839 5114 2896 5164 16
2920 5114 3087 5175 εὑθές,
3121 5114 3242 5182 ἐσχε
3286 5116 3454 5181 ἐπαγ-

1892 5196 2094 5260 γελίαν,
2127 5196 2204 5245 ὅτι
2237 5196 2353 5246 Υἱοὶ
2387 5197 2630 5267 τέταρτοι
2674 5199 2980 5250 καθίσονταί
3024 5217 3104 5250 σοι
3131 5201 3219 5251 ἐπὶ
3247 5200 3452 5269 θρόνου.

1908 5281 2115 5349 Ἰοαχάζ
2142 5283 2252 5345 υἱὸς
2281 5284 2442 5335 06106
2487 5287 2579 5355 ἐτη
2630 5287 2714 5347 ιζ’,
2750 5288 2841 5337 καὶ
2870 5285 3085 5353 ἐποίησε
3113 5286 3172 5338 16
3205 5287 3451 5357 πονηρὸν,

1893 5368 1984 5419 καὶ
2019 5368 2318 5438 ἐπολέμησε
2345 5373 2440 5441 τὴν
2470 5372 2834 5441 Ἰερουσαλὴμ,
2863 5373 2956 5423 x01
2983 5371 3136 5423 ἔλαϐε
3158 5374 3217 5424 16
3239 5374 3454 5441 χρυσίον

1893 5454 1986 5505 καὶ
2039 5454 2104 5504 τὰ
2144 5455 2326 5522 σκεύη.
2363 5457 2640 5527 Ἰεροϐοάμ
2691 5458 2803 5519 616;
2858 5457 3018 5509 06106
3065 5457 3156 5526 ἔτη
3210 5465 3317 5527 μα’,
3364 5459 3455 5510 καὶ

1896 5539 2115 5607 ἐποίησε
2163 5540 2221 5590 16
2263 5543 2509 5610 πονηρόν.
2545 5543 2813 5611 Ζαχαρίας
2844 5544 2955 5606 υἱὸς
2982 5542 3142 5594 αὑτοῦ
3177 5543 3347 5612 μῆνας
3379 5553 3453 5607 ς’,

1895 5627 1988 5677 καὶ
2013 5626 2232 5696 ἐποίησε
2262 5629 2320 5680 16
2353 5647 2480 5700 πονη
2493 5631 2751 5698 ρόν.⁸Ἐως
2777 5631 2960 5683 τούτου
2983 5630 3232 5698 γεγόνασι
3256 5629 3348 5681 τοῦ
3368 5631 3451 5698 γέ-

1897 5728 2017 5772 νους
2055 5712 2293 5771 Ἰοῦ,υἱοὶ
2328 5717 2584 5786 τέταρτοι.
2621 5716 2856 5785 Σελλοὺμ
2895 5715 3074 5786 ἐτέρου
3102 5716 3307 5783 γένους,
3345 5716 3456 5782 υίὸς
