4000 6220
532 347 642 403 357

528 456 710 524 Ἰαϐὶς,
738 455 942 527 ἡμέρας
986 453 1050 515 λ’,
1081 453 1172 507 xal
1217 454 1433 522 ἐποίησε
1462 454 1521 506 τὸ
1547 453 1793 521 πονηρόν.
1829 448 2065 516 Μαναὴμ

514 544 674 602 ἄλλον
701 544 906 612 γένους,
935 542 1049 604 υίδς
1077 541 1267 611 Γαδδὴ,
1299 542 1388 610 ἐτη
1424 548 1490 605 κ’,
1519 540 1611 593 καὶ
1642 539 1859 608 ἐποίησε
1889 536 1947 587 16
1975 552 2069 586 πο-

517 630 832 703 νηρόν.⁹Επὶ
858 629 1047 683 τούτου
1088 629 1310 691 Ἡσαΐας
1355 630 1445 683 καὶ
1484 628 1637 696 Ὠσηὲ
1684 623 1819 696 ἦσαν
1866 640 2071 695 προφης

518 717 781 780 τεύοντες.
807 714 974 769 Φακεέ
1001 714 1158 769 ἄλλου
1186 715 1389 783 γένους,
1427 716 1539 777 υίὸς
1563 714 1849 784 Ῥωμελίου
1881 712 1971 782 ⁸ἐτη
2000 717 2063 764 κ’.

522 799 688 867 Οὗτος
728 802 923 869 ἔσφαξε
951 802 1041 853 16v
1069 802 1320 861 Φακείαν.
1349 802 1443 855 καὶ
1486 802 1701 869 ἐποίησε
1732 800 1789 852 16
1818 799 2066 868 πονηρόν.

532 889 650 941 Ἐπὶ
682 887 867 940 τούτου
912 883 1049 956 ἦσαν
1094 888 1316 948 Ἡσαΐας
1361 889 1453 940 καὶ
1486 888 1637 955 Ὠσηὲ
1681 889 1726 939 οί
1778 887 2069 956 προφῆται.

531 974 687 1043 Ὠσηὲ
710 973 891 1044 ἐτέρου
920 972 1125 1039 γένους,
1152 975 1259 1035 υίὸς
1291 974 1440 1033 Ἰιλᾶ,
1471 972 1563 1043 έτη
1588 973 1649 1026 ϐ’.
1686 967 1847 1034 Οὗτος
1876 970 2070 1035 ἔσφαξε

517 1060 607 1113 16v
645 1060 839 1123 Φακεὲ,
872 1060 962 1112 καὶ
990 1060 1207 1129 ἐποίησε
1236 1059 1296 1113 16
1329 1060 1578 1130 πονηρὸν,
1612 1059 1748 1127 πλὴν
1796 1059 1889 1127 οὐχ
1922 1059 1997 1121 ὼς
2024 1061 2072 1112 οί

519 1144 625 1215 πρὸ
652 1143 835 1198 αὐτοῦ.
865 1144 1167 1215 (Ὕστερος)
1217 1145 1372 1213 Ὠσηὲ
1403 1147 1586 1213 γέγονε
1618 1145 1864 1213 βασιλεὺς
1893 1145 2075 1212 Σαμα-

525 1232 687 1302 ρείας.
708 1233 822 1286 Ἐπ’
848 1232 1008 1284 αὐτοῦ
1048 1232 1152 1301 γάρ
1186 1232 1475 1289 πέπαυται.
1520 1234 1609 1284 καὶ
1640 1231 1883 1284 ἀπώλετο
1911 1234 1943 1300 ἡ
1972 1232 2073 1284 Σα-

523 1318 742 1387 μάρεια.
788 1314 937 1388 {361]
982 1320 1073 1371 καὶ
1116 1317 1293 1371 λοιπὸν
1335 1318 1603 1387 ’Λσσύριοι
1650 1317 1971 1386 κατῴκησαν
2018 1319 2075 1369 ἐν

520 1405 675 1474 αὐτῇ.
696 1404 782 1468 Ἐξ
820 1397 892 1457 ὧν
933 1406 1188 1475 αίρετικοὶ
1220 1406 1550 1473 Σαμαρεῖται
1576 1404 1856 1471 γεγόνασι,
1884 1404 2077 1457 καλού-

525 1509 669 1560 μενοι
702 1479 1137 1545 ΣαδουκαῖοιΐδΕν
1178 1494 1382 1554 τούτοις
1415 1487 1505 1545 οὖν
1535 1492 1629 1544 καὶ
1667 1491 1889 1562 τελευτᾷ
1912 1493 1939 1545 6
1971 1492 2076 1554 πᾶς

524 1579 721 1642 σκοπὸς
747 1577 854 1631 τῶν
882 1577 1097 1647 βιϐλίων
1120 1578 1226 1631 τῶν
1256 1577 1569 1631 Βασιλειῶν.

888 1761 1367 1829 Παραλειπόμενα
1386 1760 1628 1823 ,ϐιϐλίον
1652 1759 1720 1812 α’.

594 1912 1037 1983 Παραλειπόμενα
1089 1912 1350 1973 καλεῖται,
1405 1911 1585 1978 ἐπειδὴ
1638 1910 1805 1963 πολλά
1855 1912 1913 1961 ἐν
1964 1910 2082 1972 ταῖς

523 1998 825 2061 Βασιλιίαις
850 1997 1276 2069 παραλειφθέντα
1310 1998 1614 2066 περιέχεται
1644 1998 1699 2049 ἐν
1736 1997 1941 2058 τούτοις
1972 1999 2082 2058 τοῖς

527 2086 921 2155 βιϐλίοις.Ἐστι
952 2088 1007 2140 δὲ
1037 2087 1093 2139 ἐν
1125 2087 1295 2155 τούτῳ
1320 2086 1395 2153 τῷ
1429 2085 1626 2155 πρώτῳ
1647 2085 1959 2153 γενεαλογία
1980 2102 2081 2136 πα-

527 2173 633 2224 σῶν
668 2171 843 2239 φυλῶν
870 2171 974 2224 ἀπὸ
1011 2170 1177 2238 ’Δδάμ
1197 2172 1299 2233 ἕως
1320 2170 1426 2223 τῶν
1457 2170 1717 2239 βασιλέων
1744 2170 1882 2223 κατά
1912 2170 2080 2238 φυλάς

525 2257 617 2309 καὶ
650 2256 786 2309 κατὰ
813 2257 1029 2326 δήμους
1058 2256 1150 2307 καλ.
1195 2258 1333 2308 κατά
1378 2258 1610 2325 πατριὰς
1649 2258 1737 2308 καὶ
1776 2260 1891 2308 κατ’
1918 2254 2078 2309 οἶκον.

526 2342 687 2406 Τίνας
712 2360 767 2395 τε
796 2340 947 2405 ἔταξε
986 2340 1090 2393 τῶν
1120 2341 1353 2394 Λευῖτῶν
1387 2341 1545 2394 Δαυῒδ
1578 2345 1634 2394 ἐν
1668 2343 1843 2404 αύλοῖς
1874 2345 1962 2394 καὶ
1997 2361 2081 2395 κι-

526 2427 713 2499 νύραις
742 2428 886 2498 ᾅδειν
913 2427 987 2497 τῷ
1019 2425 1154 2495 Θεῷ,
1184 2427 1277 2478 καὶ
1302 2428 1451 2489 τίνας
1477 2427 1657 2493 ἔταξεν
1690 2429 1745 2478 tv
1775 2430 1884 2487 τοῖς
1910 2427 2085 2496 ἔργοις

528 2515 619 2569 τοῦ
650 2514 797 2571 ναοῦ.
840 2514 1107 2584 Πρότερος
1150 2512 1257 2582 γὰρ
1302 2513 1460 2575 αὐτὸς
1488 2513 1576 2564 16v
1603 2512 1727 2563 ναὸν
1760 2512 1957 2574 κτίζειν
1986 2513 2085 2582 ἦρ-

531 2603 671 2667 ξατο.
701 2602 807 2655 Kal
838 2601 999 2669 ἕτερά
1029 2618 1145 2653 τινα
1168 2600 1514 2668 λεπτομερῶς
1548 2599 1806 2667 βασιλέων
1844 2601 1936 2651 καὶ
1980 2599 2086 2651 τῶν

528 2689 725 2757 γενεῶν
746 2687 1031 2757 διέρχεται.
1064 2684 1156 2749 Οἷς
1188 2686 1478 2739 συναπτέον
1504 2687 1596 2737 καὶ
1623 2686 1812 2750 ταῦτα,
1838 2687 1917 2738 ὅτι
1946 2685 2089 2751 γίνει

530 2795 615 2828 ται
644 2772 775 2842 ὁμοῦ
804 2774 907 2826 τῶν
938 2774 995 2824 ἐν
1026 2774 1371 2841 Ἰερουσαλὴμ
1400 2771 1821 2839 βασιλευσάντων
1859 2771 1965 2823 ἀπὸ
1993 2770 2085 2823 τοῦ

531 2860 689 2914 Δαυῒδ
708 2859 773 2912 τά
804 2859 975 2912 πάντα
1013 2855 1103 2926 ἐτη
1138 2858 1257 2910 υοδ⁴.
1281 2858 1341 2909 Ol
1367 2858 1421 2909 δὲ
1455 2855 1686 2925 βασιλεῖς
1716 2856 1911 2917 πάντες
1938 2854 2089 2923 γεγό-

531 2966 681 3003 νασιν
710 2948 765 3011 ἐξ
784 2947 897 3007 ἐνὸς
919 2945 1103 3012 γένους
1130 2944 1220 2996 τοῦ
1250 2942 1426 3003 Δαυῒδ,
1461 2944 1551 2994 καὶ
1573 2942 1621 2994 οἳ
1655 2944 1747 3009 μὲν
1771 2942 2089 3009 ἐποιήσαντο

530 3036 590 3088 16
621 3034 791 3095 εύθές,
833 3033 935 3085 εἰσὶ
982 3030 1053 3082 0"
1100 3030 1147 3081 οἳ
1188 3030 1243 3082 δὲ
1272 3030 1332 3081 16
1365 3028 1593 3098 πονηρὸν
1628 3029 1964 3095 ἐποιήσαντο,
1999 3027 2083 3094 ιβ’,

530 3121 697 3190 χωρὶς
724 3118 899 3188 μέντοι
936 3115 1201 3177 Γοθολίας.
1228 3115 1344 3165 Τῶν
1376 3115 1428 3166 δὲ
1462 3117 1516 3165 tv
1540 3113 1817 3181 Σαμαρείᾳ
1850 3112 2091 3180 βασιλευ-

535 3204 738 3257 σάντων
753 3203 984 3271 γίνονται
1006 3200 1137 3269 ὁμοῦ
1158 3201 1223 3251 τά
1244 3200 1419 3253 πάντα
1440 3198 1533 3266 έτη
1560 3197 1667 3261 σξθ¹
1686 3201 1776 3251 καί
1800 3197 2001 3268 ἡμέραι
2023 3198 2087 3249 λ’·

534 3291 768 3361 βασιλεῖς
803 3288 898 3359 μὲν
924 3287 985 3356 ιβ’
1014 3289 1075 3339 ἐκ
1102 3285 1369 3355 διαφόρων
1396 3282 1537 3337 ὀκτὼ
1562 3284 1760 3351 γενεῶν
1786 3284 2086 3351 γεγόνασιν·

530 3379 579 3430 οί
611 3377 665 3430 δέ
700 3376 893 3437 πάντες
921 3374 1237 3443 ἐποιήσαντο
1260 3371 1320 3424 16
1352 3372 1603 3441 πονηρὸν,
1628 3370 1765 3423 κατὰ
1792 3371 1886 3441 τὴν
1916 3373 2091 3442 ἀμαρ-

530 3464 650 3518 τίαν
688 3460 985 3533 Ἱεροϐοάμ.

894 3631 1374 3698 Παραλειπόμενα
1397 3627 1638 3693 ,ϐιϐλίον
1663 3626 1726 3695 β’.

614 3793 701 3844 Ἐν
731 3792 796 3860 τῇ
823 3787 1043 3857 δευτέρᾳ
1071 3786 1233 3855 βίϐλῳ
1258 3783 1364 3837 τῶν
1396 3781 1884 3851 Παραλειπομένων
1911 3781 2088 3848 παρά-

536 3896 713 3946 γονται
744 3876 967 3945 πράξεις
1006 3872 1278 3942 βασιλέων.
1311 3872 1427 3922 Εἰσὶ
1460 3871 1515 3921 δὲ
1541 3871 1587 3920 οί
1616 3869 1819 3929 ταύτας
1852 3868 2092 3937 ἀναγρά-

533 3964 729 4031 ψαντες
758 3962 803 4012 οί
838 3958 976 4011 κατά
1006 3959 1225 4025 καιροὺς
1253 3954 1401 4016 ὄντες
1424 3954 1713 4022 προφῆται.
1732 3954 1899 4021 ’Υπὲρ
1920 3954 1975 4005 δὲ
1998 3952 2089 4005 τοῦ

534 4048 817 4113 γινώσκειν
848 4047 910 4097 ἐκ
945 4044 1137 4114 μέρους
1161 4044 1282 4103 τοὺς
1306 4040 1737 4109 συγγράψαντας,
1762 4039 2091 4108 σημειωτέον

535 4130 687 4195 οὗτος
716 4133 783 4201 (ί.
814 4131 915 4198 ὅτι)
954 4129 1050 4199 μὲν
1080 4126 1301 4197 πράξεις
1327 4126 1593 4193 ἐγκεινται
1620 4124 1846 4177 ἐνταῦθα
1876 4126 2091 4178 πάντων

534 4220 639 4273 τῶν
684 4218 939 4288 βασιλέων
980 4214 1190 4286 Ἰσραὴλ
1230 4214 1323 4265 καὶ
1368 4211 1561 4264 Ἰούδα·
1596 4212 1710 4279 ῆτοι
1739 4213 1793 4263 αί
1833 4212 2091 4281 παραλει-

538 4311 747 4378 φθείσαι
777 4307 873 4375 τῆς
910 4306 1145 4374 ἱστορίας
1168 4303 1273 4355 τῶν
1311 4301 1588 4371 βασιλέων.
1618 4301 1679 4351 Ol
1712 4300 1768 4352 δὲ
1810 4300 1907 4361 τὰς
1953 4300 2093 4354 ἀπά-

541 4410 635 4454 σας
660 4392 835 4445 αύτῶν
863 4388 1083 4461 πράξεις
1107 4390 1498 4457 ἱστορήσαντες,
1520 4387 1651 4438 είσὶν
1674 4379 1814 4438 οὗτοι
1837 4402 1849 4415 ·
1876 4386 1944 4437 τὰ
1968 4388 2092 4455 περὶ

538 4478 629 4531 τοῦ
661 4476 818 4530 Δαυῖδ
864 4474 1062 4544 ἔγραψε
1109 4473 1375 4543 Σαμουὴλ,
1421 4472 1511 4524 καὶ
1554 4472 1737 4523 Ναθάν
1770 4471 1863 4523 καὶ
1906 4472 2008 4524 Γὰδ
2043 4474 2090 4524 οί

542 4566 839 4634 προφῆται·
884 4562 951 4614 τὰ
998 4562 1122 4631 περὶ
1164 4559 1517 4628 Σολομῶντος,
1555 4559 1738 4611 Ναϐὰν
1784 4560 1875 4609 καὶ
1913 4560 2093 4626 Ἀχίας

541 4650 840 4721 προφῆται·
896 4647 964 4700 τὰ
1019 4646 1145 4716 περὶ
1181 4644 1487 4715 Ἰεροϐοάμ,
1546 4643 1758 4711 Σαμέας
1810 4644 1900 4695 καὶ
1933 4644 2094 4696 Ἀδδὼ

542 4736 810 4806 προφῆται
830 4751 843 4765 ·
872 4733 938 4786 τὰ
969 4736 1092 4801 περὶ
1120 4732 1290 4793 Ἀϐιά,
1309 4730 1468 4782 Ἀδδὼ
1490 4732 1516 4781 6
1546 4731 1844 4798 προφήτης.
1867 4729 1944 4781 Τά
1969 4731 2093 4799 περὶ

555 4822 702 4880 Ἄτα.
726 4822 783 4872 ἐν
809 4819 886 4887 τῷ
918 4818 1101 4887 βιϐλίῳ
1122 4817 1292 4883 λόγων
1320 4816 1445 4884 περὶ
1472 4815 1577 4866 τῶν
1601 4814 1858 4882 βασιλέων
1889 4815 2055 4867 Ἰούδα
2077 4832 2089 4844 ·

542 4909 607 4960 τά
648 4906 773 4977 περὶ
809 4904 1207 4971 ’1ωσαφάτ,’ῐοὺ
1249 4904 1276 4955 6
1318 4904 1613 4971 προφήτης,
1643 4900 1735 4952 τοῦ
1779 4900 2003 4969 Ἀναμὴ,
2038 4900 2093 4964 ὃς

544 4991 852 5061 κατέγραψε
880 4990 1078 5059 βιϐλίον
1108 4989 1277 5054 λόγων
1314 4988 1420 5038 τῶν
1460 4986 1715 5054 βασιλέων
1756 4986 1985 5058 Ἰσραήλ.
2017 4987 2095 5039 Τά

543 5082 667 5148 περὶ
709 5078 879 5139 Ἰωάς,
912 5076 1001 5128 ἐπὶ
1028 5075 1125 5145 τὴν
1153 5073 1365 5142 γραφὴν
1395 5072 1502 5124 τῶν
1543 5072 1819 5140 βασιλέων.
1847 5072 1926 5123 Ta
1970 5073 2096 5141 περὶ

555 5166 797 5235 ’Λμεσία.
824 5165 914 5217 ἐπὶ
945 5163 1144 5232 βιϐλίου
1177 5162 1433 5232 βασιλέων
1457 5160 1620 5213 Ἰούδα
1648 5161 1739 5212 καὶ
1769 5160 1995 5231 Ἰσραήλ.
2018 5161 2097 5213 Τά

543 5253 670 5322 περὶ¹
711 5249 1106 5313 Ὀζίου,Ἰεσίας
1145 5247 1269 5313 (sic)
1318 5248 1346 5299 6
1385 5248 1682 5315 προφήτης.
1715 5245 1794 5297 Ta
1828 5246 1953 5315 περὶ
1988 5248 2096 5298 Ἰω-

544 5341 685 5406 οὰμ,
728 5339 819 5391 ἐπὶ
861 5337 1058 5407 βιϐλίου
1107 5335 1361 5404 βασιλέων
1401 5334 1567 5386 Ἰούδα
1612 5334 1705 5386 καὶ
1744 5334 1971 5403 Ἰσραήλ.
2016 5334 2098 5385 Τά

542 5427 668 5495 περὶ
688 5424 879 5493 Ἀχαζ,
912 5424 1001 5475 ἐπὶ
1030 5422 1228 5491 βιϐλίον
1262 5420 1519 5489 βασιλέων
1555 5419 1719 5471 Ἰούδα
1740 5420 1831 5471 καὶ
1858 5420 2092 5490 Ἰσραήλ.

543 5510 619 5562 Τά
643 5510 766 5578 περὶ
794 5507 1055 5570 Ἐζεκίου,
1071 5506 1296 5568 Ἡσαΐας
1314 5505 1426 5565 υίὸς
1456 5502 1633 5572 Ἀμώς
1656 5506 1683 5557 6
1702 5506 1995 5573 προφήτης.
2017 5504 2096 5557 Ta

542 5596 669 5666 περὶ
692 5596 973 5663 Μανασσῆ,
1001 5593 1091 5645 ἐπὶ
1119 5592 1290 5658 λόγων
1314 5591 1425 5642 τῶν
1446 5589 1809 5659 ὁρώντων.Τά
1841 5589 1965 5657 περὶ
1995 5590 2096 5640 Ἰω-

548 5685 681 5746 σίου,
729 5678 820 5735 ἐπὶ
854 5681 1054 5753 βιϐλίου
1099 5677 1358 5748 βασιλέων
1400 5677 1564 5731 Ἰούδα
1604 5677 1696 5729 καὶ
1748 5678 1977 5746 Ἰσραήλ.
2018 5676 2093 5727 Τά

1167 340 1225 395 8.
1260 338 1541 395 JOANNIS
1574 332 2049 393 CHRYSOSTOMI
2091 331 2403 391 ARCHIEP.
2445 334 2985 391 CONSTANTINOP.

3610 354 3719 409 358

2174 450 2299 518 περὶ
2358 451 2628 519 Ἰωακεὶμ,
2676 452 2767 503 ἐπὶ
2838 450 3038 519 βιϐλίου
3114 447 3372 517 βασιλέων
3416 446 3581 500 Ἰούδα
3634 448 3728 500 καὶ

2187 534 2415 604 Ἰσραήλ.
2441 536 2624 587 Ταῦτα
2657 536 2795 587 ἔστιν
2822 536 2999 606 εὑρεῖν
3025 535 3165 588 οὕτω
3194 534 3497 605 τεταγμένα
3532 537 3589 587 ἐν
3616 536 3727 596 τοῖς

2180 622 2672 691 Παραλειπομένοις
2708 623 2812 675 τῶν
2848 623 3123 692 βασιλέων.

2457 773 2603 847 [562]
2648 777 2901 845 Ἔσδρας
2921 778 3162 841 βιϐλίον
3186 784 3256 832 α’.

2250 902 2481 971 Ἔσδρας
2512 904 2749 957 καλεῖται
2774 905 2832 956 16
2864 904 3079 973 βιϐλίον,
3109 906 3291 974 ἐπειδὴ
3326 904 3482 968 αὐτὸς
3499 905 3734 975 Ἔσδρας

2179 987 2351 1057 ἱερεὺς
2390 989 2463 1040 ὣν
2494 992 2584 1042 καὶ
2612 991 2974 1062 ἀναγνώστης,
3006 993 3271 1061 ἐξηγεῖται
3302 992 3394 1044 καὶ
3434 994 3733 1060 συγγράφει

2177 1074 2272 1142 τὴν
2314 1074 2565 1126 ἐπάνοδον
2597 1076 2701 1127 τῶν
2738 1077 2865 1129 υίῶν
2910 1078 3119 1148 Ἰσραὴλ
3152 1079 3214 1129 ἐκ
3249 1079 3499 1146 Περσίδος
3533 1080 3611 1138 εἰς
3639 1078 3735 1146 τὴν

2189 1160 2536 1231 Ἰερουσαλὴμ
2561 1163 2873 1233 γενομένην.
2908 1163 3098 1230 Γέγονε
3128 1164 3182 1216 δέ
3212 1167 3244 1233 ἡ
3270 1164 3520 1223 ἐπάνοδος
3542 1164 3735 1231 προτέ-

2184 1260 2287 1313 ρως
2323 1246 2417 1314 μὲν
2448 1249 2509 1298 ἐκ
2550 1247 2641 1299 τοῦ
2687 1248 3122 1317 προστάγματος,
3154 1249 3341 1300 ἔπειτα
3372 1249 3423 1299 δὲ
3452 1249 3736 1301 κελεύσαν-

2178 1346 2268 1391 τος
2309 1330 2485 1399 Κύρου
2514 1334 2606 1384 καὶ
2631 1332 2851 1402 Δαρείου
2884 1334 2991 1386 τῶν
3024 1334 3280 1403 βασιλέων
3308 1337 3364 1385 ἐν
3390 1337 3531 1403 χειρὶ
3564 1333 3735 1403 Ἰησοῦ

2179 1416 2271 1467 τοῦ
2307 1418 2562 1481 Ἰωσεδὲκ,
2599 1421 2692 1474 καὶ
2723 1421 2922 1489 Ἐσδρα
2969 1424 3058 1475 καὶ
3102 1422 3420 1492 Ζοροϐάϐελ,
3455 1422 3503 1474 οἳ
3542 1423 3736 1490 ἤρισαν

2182 1502 2543 1572 προϐλήμασι.
2580 1505 2821 1575 τεθείσης
2870 1509 3212 1575 ἐπαγγελίας,
3263 1509 3481 1575 αἰτῆσαι
3532 1508 3619 1559 τὸν
3668 1525 3740 1559 νι-

2182 1589 2359 1642 κῶντα
2382 1592 2517 1661 ὅπερ
2541 1593 2633 1645 ἐὰν
2658 1594 2854 1663 Θελήση
2880 1596 3028 1664 παρὰ
3054 1598 3143 1649 τοῦ
3168 1597 3424 1665 βασιλέως
3440 1610 3487 1651 ο.
3507 1596 3610 1648 Τοῦ
3629 1596 3739 1647 τοὶ-

2182 1696 2274 1730 νυν
2317 1680 2431 1742 ἐνὸς
2479 1681 2716 1745 είπόντος
2748 1686 2898 1751 νικᾷν
2936 1684 3025 1737 16v
3069 1681 3239 1745 οἶνον,
3274 1687 3365 1737 καὶ
3413 1684 3504 1736 τοῦ
3554 1686 3738 1751 ἐτέρου

2183 1766 2420 1827 εἰπόντος
2455 1770 2606 1837 νικᾷν
2640 1769 2727 1820 τὸν
2762 1769 3001 1837 βασιλέα.
3033 1775 3060 1825 6
3089 1772 3385 1842 Ζοροϐάϐελ
3410 1768 3555 1823 εἶπεν
3586 1773 3734 1840 νικᾷν

2183 1853 2281 1915 τὰς
2328 1858 2607 1920 γυναῖκας,
2659 1856 2797 1926 ὑπὲρ
2841 1857 2897 1910 δὲ
2948 1860 3118 1913 πάντα
3170 1860 3265 1929 τὴν
3314 1859 3585 1927 ἀλήθειαν.
3633 1860 3738 1913 Kal

2186 1942 2367 2011 ἐπειδὴ
2414 1942 2581 1995 ταῦτα
2626 1945 2857 2014 είρηκὼς
2887 1948 3151 2017 νενίκηκε,
3182 1950 3273 2000 καὶ
3300 1949 3488 2017 ἤκουσε
3520 1949 3739 2017 αἰτήσα-

2188 2028 2309 2080 σθαι
2342 2028 2367 2081 ὃ
2402 2029 2664 2098 βούλεται,
2692 2032 2887 2099 ἠξίωσε
2920 2034 3077 2096 αὐτὸς
3110 2036 3370 2105 ἀφεθῆναι
3405 2034 3500 2103 τὴν
3545 2038 3734 2103 αἰχμα-

2186 2114 2399 2177 λωσίαν,
2432 2116 2523 2168 καὶ
2555 2117 2961 2188 οἰκοδομηθῆναι
2990 2119 3085 2188 τὴν
3126 2120 3491 2189 Ἰερουσαλήμ.
3520 2121 3625 2172 Καὶ
3649 2120 3739 2187 γέ·

2186 2217 2337 2268 γονεν
2359 2201 2431 2263 ώς
2460 2200 2674 2270 ἠξίωσε,
2698 2204 2788 2255 καὶ
2818 2204 3011 2275 ἀφείθη
3046 2209 3077 2275 ἡ
3106 2206 3458 2275 αίχμαλωσία.
3484 2206 3611 2257 Τότε
3636 2205 3740 2277 γὰρ

2188 2287 2472 2356 ἐπληρώοη
2514 2290 2607 2340 καὶ
2656 2290 2721 2341 τά
2761 2290 2800 2342 o'
2834 2290 2925 2358 ἐτη
2947 2291 2972 2329 1³
2999 2292 3095 2360 τῆς
3123 2292 3309 2362 ὀργῆς.
3346 2293 3463 2344 Εἰσὶ
3486 2292 3663 2344 τοίνυν
3696 2298 3740 2345 εἰ

2188 2376 2478 2438 ἀναϐάντες
2502 2378 2605 2429 ἀπὸ
2627 2377 2723 2445 τῆς
2745 2379 3110 2447 αίχμαλωσίας
3130 2380 3234 2432 ἀπὸ
3274 2380 3440 2432 Ἰούδα
3472 2378 3561 2431 καὶ
3592 2380 3741 2431 Βεν.⁹

2189 2462 2350 2530 αμὶν,
2401 2464 2490 2514 καὶ
2530 2464 2579 2513 οί
2626 2463 2863 2524 Λευῖται.
2894 2465 2981 2517 16v
3025 2466 3253 2534 ἀριθμὸν
3290 2466 3543 2535 μυριάδες
3579 2465 3617 2517 δ’
3648 2469 3739 2518 καὶ

2190 2548 2451 2617 δισχίλιοι,
2485 2548 2637 2601 ἵπποι
2664 2551 2757 2611 τλ’,
2790 2550 2999 2619 ἡμίονοι
3026 2550 3160 2621 σμε’,
3194 2552 3424 2621 κάμηλοι
3459 2552 3582 2613 υλε’,
3620 2559 3744 2605 παῖ-

2191 2636 2275 2697 δες
2293 2636 2467 2688 αὐτῶν
2482 2638 2573 2689 καὶ
2590 2638 2867 2690 παιδίσκαι
2888 2639 3056 2702 ,ζτλδζ
3075 2642 3121 2691 οἱ
3144 2640 3353 2711 ᾄδοντες
3372 2646 3435 2703 σ’,
3452 2640 3558 2692 δνοι
3580 2642 3661 2707 ,ς-’ζ
3675 2642 3741 2703 κ’,

2193 2726 2283 2776 καὶ
2310 2726 2355 2776 οί
2390 2725 2487 2793 μὲν
2509 2725 2907 2794 οἰκοδομοῦντες
2928 2723 3063 2796 ἦσαν
3082 2728 3398 2798 Ζοροϐάϐελ..
3422 2730 3513 2780 καὶ
3544 2731 3744 2795 Ἰησοῦς

2192 2812 2220 2863 6
2252 2811 2339 2863 τοῦ
2374 2812 2631 2873 Ἰωσεδὲκ,
2670 2813 2764 2866 καὶ
2798 2813 3051 2883 Νεεμίας.
3084 2814 3140 2865 ’0
3183 2814 3239 2865 δὲ
3274 2816 3500 2883 Ἔσδρας
3545 2816 3748 2886 εύφιῆς

2194 2898 2249 2949 ἐν
2275 2896 2350 2966 τῷ
2378 2898 2541 2966 νόμῳ,
2578 2898 2734 2961 αὐτὸς
2768 2900 3126 2970 προσεκόμισε
3178 2901 3263 2951 τὸν
3308 2900 3485 2968 νόμον,
3518 2901 3609 2968 καὶ
3653 2906 3750 2953 άν-

2194 2983 2349 3052 έγνω,
2376 2988 2466 3037 καὶ
2492 2985 2783 3038 διετύπωσε
2810 2988 2986 3039 πάντα
3007 2986 3072 3038 τά
3101 2987 3237 3039 κατὰ
3268 2987 3326 3038 16
3356 2988 3494 3055 ίερδν
3517 2989 3605 3039 καὶ
3624 2991 3749 3052 τοὺς

2193 3072 2439 3132 Λευῖτας.
2476 3071 2643 3133 Δύτδς
2674 3071 2837 3136 ἔδειξε
2881 3072 2968 3123 τὸν
3019 3072 3198 3140 νόμον,
3250 3074 3340 3124 καὶ
3376 3074 3634 3140 πεποίηκε
3668 3076 3754 3127 ἐκ·

2196 3157 2449 3227 ϐληθῆναι
2491 3158 2589 3218 τὰς
2630 3158 2927 3225 ἀλλογενεῖς
2956 3162 3210 3224 γυναῖκας
3247 3160 3369 3219 τοὺς
3406 3158 3663 3221 λαϐόντας
3695 3164 3754 3212 ἐν

2195 3242 2368 3311 καιρῷ
2415 3243 2512 3310 τῆς
2555 3243 2938 3312 αἰχμαλωσίας.
2972 3245 3076 3296 Kal
3120 3243 3364 3308 ἐξέϐαλον
3408 3245 3620 3308 πάντες,
3659 3249 3755 3297 καί

2194 3328 2644 3399 ἐκαθαρίσθησαν,
2678 3331 2770 3383 καὶ
2809 3331 3023 3400 ἐποίησε
3070 3330 3127 3381 τὸ
3179 3331 3358 3399 πάσχα
3387 3332 3645 3399 νομίμως,
3679 3330 3757 3393 ὡς

2193 3415 2519 3486 γέγραπται,
2553 3418 2644 3469 καὶ¹
2668 3417 2762 3486 τὴν
2795 3417 3062 3487 νηστείαν,
3087 3418 3176 3469 καὶ
3207 3416 3348 3469 οὕτω
3378 3417 3671 3473 τελειοῦται
3698 3419 3760 3470 τὸ

2197 3501 2405 3568 πρῶτον
2445 3502 2643 3570 βιϐλίον
2671 3495 2887 3571 Ἔσδρα.

2659 3674 2921 3740 Ἔσδρας
2946 3675 3113 3737 ,ϐιϐλί
3116 3691 3185 3727 ον
3218 3671 3281 3741 β’.

2275 3805 2361 3856 Ἐν
2392 3803 2561 3871 τούτῳ
2607 3801 2681 3871 τῷ
2732 3802 2914 3872 βιϐλίῳ
2939 3802 3004 3854 τά
3036 3803 3172 3855 αύτά
3205 3804 3301 3872 μέν
3334 3804 3413 3873 τῷ
3444 3806 3643 3875 πρώτῳ
3672 3806 3765 3859 λέ-

2194 3908 2277 3959 γει
2302 3894 2329 3944 ό
2356 3891 2585 3959 Ἔσδρας
2617 3891 2739 3960 περὶ
2772 3890 2870 3957 τῆς
2901 3890 3173 3951 ἐπανόδου,
3200 3891 3367 3958 χωρὶς
3396 3891 3499 3942 τῶν
3524 3894 3768 3962 προϐλη-

2196 3978 2407 4031 Θέντων.
2441 3979 2547 4030 Kal
2578 3977 2641 4028 τὰ
2672 3976 2838 4027 πλείω
2866 3976 2921 4027 δὲ
2950 3976 3217 4044 ἐξηγεῖται
3245 3979 3368 4045 περὶ
3396 3978 3625 4044 Νεεμίου
3658 3981 3762 4032 τοῦ

2197 4064 2446 4133 εὐνούχου
2467 4082 2478 4092 ·
2510 4065 2589 4115 ὅτι
2620 4064 2777 4124 αὐτὸς
2804 4062 2998 4129 ἠξίωσε
3042 4063 3165 4132 περὶ
3208 4062 3307 4130 τῆς
3349 4064 3627 4133 οἰκοδομῆς
3662 4068 3761 4120 τοῦ

2198 4151 2339 4220 ίερού
2363 4169 2374 4181 ο
2418 4150 2510 4203 καὶ
2548 4150 2627 4201 ὅτι
2670 4150 2764 4217 μὲν
2798 4150 3027 4217 Ἔσδρας
3064 4150 3417 4216 ἀνεγίνωσκε,
3459 4152 3661 4219 Ἰησοῦς
3703 4154 3765 4207 δὲ

2197 4238 2288 4291 καὶ
2318 4238 2514 4299 Βανέας
2539 4236 2631 4288 καὶ
2660 4235 2928 4305 Σαραϐίας
2957 4231 3091 4304 ἦσαν
3120 4236 3479 4299 συνετίζοντες
3496 4238 3583 4289 16v
3604 4238 3763 4293 λαόν.

2197 4326 2304 4378 Kal
2340 4326 2366 4375 6
2409 4326 2502 4393 μὲν
2536 4324 2766 4392 Ἔσδρας
2802 4324 3180 4389 ἀναγινώσκων
3216 4324 3497 4376 διέστειλεν
3534 4329 3591 4378 ἐν
3628 4328 3764 4379 ἐπι-

2199 4415 2373 4481 στήμῃ
2412 4411 2638 4479 Κυρίου·
2686 4412 2713 4459 ὁ
2749 4410 2804 4461 δὲ
2851 4409 2975 4469 λαὸς
3006 4410 3201 4476 συνῆκε
3236 4413 3291 4461 ἐν
3320 4414 3383 4480 τῇ
3428 4412 3763 4477 ἀναγνώσει,

2198 4498 2285 4549 καὶ
2306 4498 2519 4566 ἐποίησε
2546 4497 2603 4547 16
2626 4496 2824 4563 πάσχα,
2854 4496 2944 4547 καὶ
2972 4498 3026 4546 ἐν
3046 4496 3121 4563 τῷ
3149 4494 3355 4563 ἑϐδόμῳ
3383 4498 3508 4564 μηνὶ
3529 4499 3768 4567 ἐποίησε

2196 4585 2291 4653 τὴν
2321 4582 2568 4653 νηστείαν
2600 4584 2691 4634 καὶ
2724 4582 2819 4648 τὴν
2862 4581 3245 4649 σκηνοπηγίαν,
3276 4580 3348 4642 ώς
3392 4582 3715 4651 γέγραπται
3749 4604 3764 4617 ·

2202 4657 2347 4731 "bu,
2380 4669 2687 4738 φησ“ιν,οὺκ
2713 4666 3006 4730 ἐποίησαν
3029 4666 3210 4730 οὕτως
3234 4666 3348 4718 ἀπὸ
3375 4666 3490 4718 τῶν
3518 4668 3771 4736 ἡμερῶν

2211 4754 2399 4820 Ἰησοῦ
2432 4753 2535 4805 τοῦ
2558 4751 2744 4816 Ναυῆ.
2783 4750 3010 4819 Ἔσδρας
3043 4751 3097 4802 δὲ
3126 4750 3381 4820 ἑωρακὼς
3407 4755 3771 4821 ὲπιμιγείσας

2198 4844 2457 4909 γυναῖκας
2510 4837 2790 4899 ’Λζωτίους
2832 4837 2942 4896 τοῖς
2987 4835 3281 4905 Ἑϐραίοις,
3328 4838 3503 4889 ἔπεισε
3544 4842 3772 4907 πάντας

2201 4925 2621 4992 ἐπαγγείλασθαι
2666 4922 2943 4989 φυλάττειν
2975 4922 3063 4973 τὸν
3106 4922 3263 4991 νόμον
3307 4925 3397 4975 τοῦ
3441 4925 3594 4980 Θεοῦ.
3644 4930 3771 4981 Καὶ

2202 5014 2419 5078 ἐξέϐαλε
2466 5013 2562 5074 τὰς
2607 5015 2886 5077 γυναῖκας,
2942 5008 3015 5071 ὡς
3062 5012 3373 5080 παράνομον
3420 5013 3612 5080 γάμον,
3666 5020 3775 5069 καὶ

2201 5101 2413 5170 ὤμοσαν
2445 5098 2674 5169 φυλάξαι
2718 5098 2805 5148 τὸν
2847 5096 3026 5165 νόμον.
3062 5098 3169 5148 Kal
3200 5097 3367 5161 οὕτως
3398 5100 3771 5167 άγιασθέντες

2201 5188 2292 5241 καὶ
2322 5186 2469 5257 [565]
2516 5184 2935 5253 καθαρισθέντες
2973 5183 3361 5253 εύφράνϐησαν,
3417 5186 3507 5237 καὶ
3541 5188 3773 5259 ἀπῆλθε

2201 5277 2423 5335 ἕκαστος
2450 5276 2527 5333 είς
2557 5274 2643 5324 16v
2673 5268 2818 5323 οἷκον
2847 5268 3028 5322 αὐτοῦ.
3065 5272 3369 5340 Ἰστορεῖται
3400 5272 3453 5324 δὲ
3484 5274 3775 5331 καὶτοῦτο

2202 5360 2445 5430 περὶτοῦ
2487 5358 2719 5427 Ἔσδρα,
2772 5359 2850 5409 ὃτι
2892 5356 3270 5425 ἀπολλυμένων
3307 5358 3413 5409 τῶν
3454 5358 3677 5427 βιϐλίων
3710 5365 3775 5431 ἐξ

2203 5446 2456 5515 ἀμελείας
2484 5444 2575 5497 τοῦ
2603 5444 2727 5497 λαοῦ
2759 5444 2844 5495 διά
2866 5443 2957 5511 τὴν
2982 5443 3329 5514 πολυχρόνιον
3353 5447 3739 5515 αἰχμαλωσίαν
3755 5492 3771 5517 ,

2264 5624 2288 5651 ⁸
2312 5621 2421 5667 Hm,
2448 5619 2688 5668 tantillum
2712 5620 2897 5666 variant
2918 5619 2965 5663 in
2990 5616 3193 5676 Synnpsi
3219 5618 3387 5665 altera.

2264 5683 2292 5721 ι)
2318 5682 2486 5730 Altera
2508 5680 2741 5742 Synopsis
2763 5680 2985 5735 ἑξήκοντα
3010 5678 3089 5732 ἔτη
3111 5678 3272 5735 habet,
3296 5679 3435 5728 male.
