4000 6220
253 393 364 448 357

239 513 343 554 tein
395 503 731 572 expugnavit,
764 517 946 555 aurum
976 511 1029 554 et
1069 515 1190 553 rasa
1238 500 1470 554 abstulit.
1519 499 1799 552 Jeroboam

240 592 380 645 ﬁnus
409 608 523 659 ejus
550 594 701 646 annis
720 592 808 655 41,
857 591 1082 659 fecitque
1113 590 1327 643 malum.
1359 588 1640 642 Zacharias
1668 587 1802 641 lilius

238 695 357 747 ejus
387 683 654 734 mensibus
689 697 778 734 sex
800 724 814 746 ,
859 679 1082 747 fecitque
1109 679 1323 731 malum.
1354 677 1615 731 IIactcnus
1639 692 1802 745 genus

239 770 374 825 Jchu
397 788 562 840 usque
583 772 645 825 ad
668 779 909 839 quartam
934 771 1326 840 generationem
1358 768 1582 822 duravit.
1607 766 1800 821 Sellqu

237 877 308 916 es
335 864 434 916 alia
465 859 796 930 stirpc,filius
813 860 1222 929 Jahis,reguavit
1251 859 1364 911 dies
1395 858 1622 926 triginta,
1647 865 1699 909 et
1722 855 1798 908 fe-

238 954 314 1006 eit
337 952 478 1021 Quod
510 953 704 1004 malum
740 960 872 1005 erat.
920 951 1153 1003 Manaem
1184 966 1249 1002 ex
1274 949 1378 1000 alio
1405 962 1628 1015 genere,
1668 947 1804 998 ﬁlius

238 1039 444 1107 Gadde,
473 1058 638 1096 annos
678 1041 878 1108 viginti.
912 1049 963 1091 et
989 1039 1111 1093 fecit
1136 1039 1274 1107 quod
1301 1037 1496 1092 malum
1528 1045 1659 1090 erat.
1695 1037 1803 1088 Ilu-

238 1135 324 1201 jus
353 1143 588 1198 tempore
619 1132 996 1198 prophetarum
1043 1129 1203 1183 Isaias
1239 1136 1292 1183 et
1318 1127 1472 1182 Osee.
1510 1127 1712 1180 Phacee
1738 1126 1805 1178 de

243 1224 344 1276 alia
377 1224 560 1290 stirpe,
592 1223 727 1274 lilius
753 1222 1023 1281 Roincliae,
1054 1235 1220 1271 annos
1261 1218 1464 1284 viginti.
1498 1218 1591 1270 llic
1616 1217 1806 1270 occidit

241 1310 545 1373 Phakeiam,
577 1321 630 1363 et
669 1311 792 1362 fecit
833 1310 1049 1360 malum.
1083 1309 1191 1361 Sub
1239 1307 1337 1360 hoc
1379 1317 1528 1359 erant
1555 1306 1714 1359 I-aias
1753 1314 1808 1359 et

240 1399 380 1454 Osee
407 1398 691 1467 prophctte.
725 1399 859 1450 Οδοο
887 1412 952 1450 ex
974 1397 1072 1447 alia
1127 1397 1309 1462 stirpe,
1349 1395 1483 1446 filius
1527 1389 1670 1452 EIas.
1715 1408 1808 1444 an-

242 1504 341 1543 nos
369 1504 573 1543 novem.
596 1489 688 1541 llic
703 1487 892 1540 occidit
921 1501 1095 1555 regem
1118 1485 1342 1544 Phacee.
1367 1494 1419 1538 et
1439 1483 1561 1538 fecit
1588 1483 1804 1534 malum:

240 1594 425 1632 verum
475 1595 576 1631 non
607 1579 742 1631 sicut
768 1576 1076 1629 deccssores
1113 1575 1247 1643 ejus.
1289 1574 1425 1628 Osee
1456 1575 1670 1626 ultimus
1713 1572 1809 1626 fuit

240 1686 334 1724 rex
366 1670 634 1723 Samarire.
665 1669 720 1721 In
750 1668 891 1721 illum
919 1668 1060 1720 cnim
1093 1666 1364 1719 desierunt
1393 1680 1562 1734 reges,
1595 1675 1644 1716 et
1685 1679 1807 1733 per-

242 1765 302 1816 iit
338 1762 594 1824 Samaria,
621 1775 775 1830 quam
810 1759 1059 1826 deinceps
1085 1757 1442 1810 inhabitarunt
1472 1754 1689 1824 Assyrii.
1729 1753 1809 1808 Ex

238 1856 430 1924 quibus
458 1855 556 1907 orti
589 1863 712 1907 sunt
741 1850 975 1904 hmretici
1028 1851 1325 1906 Samaritzr,
1349 1849 1435 1915 qui
1467 1856 1522 1901 et
1571 1846 1808 1899 Saducari

236 1957 511 2000 vocantur.
529 1945 582 1998 In
602 1945 713 1996 hrec
730 1943 922 1998 desinit
945 1950 1082 1994 totus
1102 1954 1292 2006 scopns
1308 1938 1558 1990 librorum
1578 1936 1796 2004 Regum.

547 2090 964 2138 eanaurousm,
995 2089 1146 2126 LIBER
1193 2087 1378 2124 ramus
1406 2071 1500 2138 (a).

311 2209 705 2277 Paralipomena
733 2214 1002 2267 vocantur,
1031 2204 1152 2271 quia
1178 2202 1334 2254 multa
1359 2203 1408 2253 in
1438 2200 1585 2253 libris
1603 2199 1810 2267 Regno-

245 2316 363 2352 rum
416 2297 768 2366 praetermissa
803 2297 852 2348 in
884 2295 1030 2346 hisce
1077 2293 1224 2346 libris
1255 2291 1616 2345 continentur.
1649 2290 1811 2345 Ilabe-

238 2399 325 2440 tur
355 2397 526 2438 autem
554 2387 601 2437 in
625 2386 790 2452 primo
815 2387 912 2436 hoc
943 2383 1078 2434 libro
1105 2381 1338 2434 omnium
1364 2379 1589 2432 tribuum
1620 2392 1811 2446 genea-

239 2480 377 2546 Iugia
419 2477 484 2530 ab
527 2477 690 2528 Adam
726 2489 887 2542 usque
913 2473 976 2524 ad
1010 2488 1161 2540 reges
1208 2469 1496 2524 secundum
1546 2470 1711 2521 tribus
1757 2478 1810 2522 et

237 2569 464 2634 populos
489 2577 541 2619 et
578 2567 797 2616 familias
849 2577 898 2616 et
929 2564 1135 2616 domos.
1160 2563 1302 2628 Quos
1331 2576 1395 2613 ex
1427 2559 1622 2612 Levitis
1662 2557 1809 2610 insli-

240 2659 403 2711 tuerit
438 2657 596 2709 David
625 2656 688 2707 ad
717 2653 1007 2705 canendum
1042 2654 1168 2714 Deo,
1195 2660 1249 2704 et
1274 2665 1404 2718 quos
1433 2647 1714 2701 instituerit
1741 2646 1807 2699 ad

238 2750 419 2816 templi
451 2763 631 2815 opera.
665 2747 779 2814 Ipse
811 2759 1032 2811 namque
1059 2741 1200 2810 prior
1215 2739 1470 2808 templum
1486 2738 1702 2791 fundare
1731 2737 1809 2790 in-

235 2841 398 2907 cepit.
429 2839 540 2891 Alia
571 2851 780 2905 quoque
813 2834 1105 2886 minutatim
1135 2833 1203 2884 de
1247 2831 1460 2899 regibus
1489 2839 1542 2882 et
1582 2843 1806 2898 genera-

239 2929 468 2983 tionibus
491 2927 754 2980 edisserit.
790 2925 990 2988 Quibus
1017 2923 1114 2975 IIOC
1139 2919 1556 2989 subjungendum
1577 2926 1678 2983 est,
1711 2933 1807 2970 an-

239 3035 340 3073 nos
386 3031 569 3071 omnes
618 3029 802 3069 eorum
849 3015 937 3081 qui
989 3016 1040 3067 in
1099 3012 1391 3067 Jerusalem
1444 3019 1728 3079 regnarunt
1776 3023 1809 3062 δ

247 3110 467 3172 Davide,
493 3121 611 3162 esse
639 3106 1056 3176 quadringentos
1087 3105 1410 3172 septuaginta
1440 3114 1681 3170 quatuor.
1697 3101 1806 3156 Re.-

236 3218 332 3271 gcs
358 3209 532 3256 autem
559 3212 746 3254 omnes
787 3201 992 3250 fuerunt
1035 3211 1096 3247 ex
1129 3210 1227 3247 una
1259 3196 1422 3262 stirpe
1463 3193 1674 3246 Davidis
1707 3211 1720 3245 :
1754 3200 1808 3246 et

235 3289 493 3364 quiquod
525 3304 726 3346 reetnm
760 3298 875 3343 erat
905 3288 1138 3342 fecerunt
1166 3301 1352 3338 novem
1385 3295 1504 3337 sunt
1530 3302 1541 3336 :
1567 3284 1650 3351 qui
1681 3299 1806 3336 vero

237 3381 457 3442 malum,
491 3380 788 3443 duodecim,
825 3388 1042 3446 excepta
1075 3377 1339 3432 Gotholia.
1371 3375 1564 3428 Eorum
1606 3384 1802 3438 autent,

237 3473 397 3538 quiin
431 3473 664 3525 Samaria
709 3479 1024 3540 regnarunt,
1054 3483 1240 3521 omnes
1280 3469 1400 3520 anni
1445 3476 1567 3519 sunt
1595 3466 1804 3519 ducenti

235 3561 506 3628 sexaginta
551 3577 737 3613 novem
769 3571 821 3612 et
853 3560 1059 3627 triginta
1088 3558 1241 3611 dies:
1290 3557 1671 3623 duodecimque
1725 3572 1805 3610 re-

234 3663 331 3716 ges
359 3666 421 3700 ex
446 3660 564 3702 octo
593 3650 813 3702 diversis
836 3649 1085 3715 stirpibus
1125 3647 1332 3700 fuerunt
1364 3663 1378 3710 ;
1421 3662 1606 3700 omnes
1631 3655 1803 3699 autem

234 3738 477 3790 fecerunt
517 3740 732 3799 malum,
773 3738 1060 3789 secundum
1107 3746 1374 3804 peccatum
1410 3736 1732 3789 Jeroboami.

538 3885 960 3932 PARALIPOMENA,
1018 3884 1168 3921 LIBER
1207 3883 1482 3921 SECUNDUS.

307 4004 363 4057 In
394 4003 628 4056 secundo
655 4003 788 4054 libro
820 4001 1256 4069 Paralipomenon
1285 4011 1625 4053 recensentur
1658 4010 1804 4068 gesta

234 4111 438 4162 regum.
485 4095 584 4159 Qui
640 4104 814 4145 autem
884 4093 968 4145 illa
1038 4091 1467 4159 descripserunt,
1537 4092 1805 4158 propheta:

236 4187 311 4239 illi
343 4185 550 4236 luerunt
575 4184 661 4250 qui
705 4183 925 4236 diversis
957 4181 1102 4234 fuere
1133 4181 1474 4248 temporibus.
1521 4181 1587 4235 Ut
1630 4192 1804 4234 autem

235 4274 533 4337 singulatim
564 4272 760 4326 sciatur
783 4272 990 4338 quinam
1024 4271 1134 4324 haec
1163 4272 1488 4338 scripSerint,
1513 4271 1802 4324 observan-

234 4365 364 4416 dum
395 4373 474 4414 est
519 4362 602 4415 hic
636 4371 782 4430 gesta
832 4361 1010 4413 haberi
1061 4360 1294 4412 omnium
1343 4375 1522 4428 regum
1555 4360 1708 4413 Israel
1753 4369 1806 4414 et

233 4454 368 4507 Jnda
395 4470 407 4514 ;
440 4469 498 4505 ea
519 4452 717 4504 scilicet
736 4467 850 4519 qum
875 4453 1226 4518 prmtermissa
1253 4459 1374 4504 sunt
1396 4453 1443 4504 in
1477 4451 1692 4504 historia
1721 4467 1806 4504 re-

233 4560 378 4610 gum.
412 4544 508 4609 Qui
551 4556 706 4609 porro
751 4545 926 4594 omnia
970 4543 1201 4609 ipsorum
1238 4551 1382 4610 gesta
1413 4542 1807 4610 descripserunt

238 4633 288 4683 bi
321 4640 444 4684 sunt
474 4649 485 4684 :
519 4630 727 4682 Davidis
759 4637 904 4698 gesta
948 4631 1272 4696 scripserunt
1318 4630 1569 4696 Samuel,
1599 4631 1804 4685 Nathan

229 4733 283 4774 et
317 4721 427 4775 Gad
452 4720 718 4790 prOplietm
750 4736 760 4770 :
795 4719 1112 4778 Salomonis,
1142 4718 1341 4770 Nathan
1370 4730 1420 4772 et
1468 4721 1656 4774 Acltias
1680 4737 1802 4790 pro-

233 4812 412 4878 pbctre
444 4831 455 4864 :
481 4811 800 4873 .lcroboanii,
829 4811 1043 4862 Semeas
1064 4819 1114 4859 et
1135 4808 1281 4860 Addo
1306 4809 1571 4875 propheta:
1595 4826 1606 4858 :
1635 4803 1800 4876 Abite,

233 4901 391 4954 Addo
438 4901 710 4966 prOpheta.
758 4904 871 4951 Astu
899 4910 1043 4968 gesta
1077 4899 1335 4950 habentur
1365 4899 1412 4950 in
1443 4899 1575 4950 libro
1605 4914 1804 4954 sermo-

235 5007 363 5043 num
412 4989 476 5041 de
520 4989 728 5054 regibus
767 4989 900 5040 .luda
939 5007 948 5039 :
994 4988 1262 5056 Josapliati
1298 5029 1311 5050 ,
1361 4984 1492 5039 .Iehu
1519 4990 1794 5059 propheta,

234 5084 376 5135 filius
421 5082 651 5140 Auame,
701 5080 788 5146 qui
819 5080 1027 5143 scripsit
1067 5079 1252 5130 librum
1281 5091 1581 5131 sermonum
1625 5092 1801 5143 regum

230 5170 414 5224 Israel.
446 5169 572 5235 Qua:
619 5167 743 5221 Joas
789 5167 986 5234 gessit,
1019 5168 1180 5220 relata
1229 5176 1351 5219 sunt
1398 5167 1447 5218 in
1491 5165 1802 5232 scripturam

235 5263 561 5329 Ilegncrum.
596 5258 721 5324 Quae
767 5258 1025 5318 Amasias,
1075 5258 1123 5308 in
1157 5257 1344 5309 librum
1380 5271 1558 5324 regum
1593 5254 1720 5308 .luda
1752 5261 1805 5306 et

231 5353 417 5408 Israel.
450 5352 576 5416 Qum
597 5351 768 5408 Ozias,
787 5349 995 5415 scripsit
1024 5348 1183 5401 Isaias
1211 5347 1486 5415 prepheta.
1533 5347 1657 5412 Quae
1684 5331 1805 5399 .Ioa-

231 5445 405 5506 tbam,
439 5443 488 5494 in
518 5441 651 5494 libro
678 5454 856 5507 regum
888 5437 1020 5491 Juda
1059 5447 1110 5490 et
1138 5437 1317 5491 Israel.
1347 5437 1474 5503 Qua:
1514 5437 1710 5502 Achaz,
1751 5435 1803 5488 in

295 5615 506 5722 (αὲᾳωη
551 5617 838 5673 sequuntur.
863 5610 924 5657 de
968 5605 1088 5656 libro
1136 5609 1288 5670 primo
1327 5605 1710 5667 Paralipomenon
1736 5605 1804 5652 di-

295 5694 328 5722 I.
372 5689 457 5722 ere
481 5674 714 5721 habentur
753 5676 798 5718 in
838 5671 1028 5722 svnopsi
1069 5669 1147 5717 illa
1169 5707 1180 5722 ,
1206 5681 1314 5722 qua:
1339 5667 1582 5718 Athanasii
1613 5667 1804 5715 nomine

224 5667 328 5735 θεέ,
353 5667 457 5724 fere
481 5667 714 5735 habentur
753 5676 798 5718 in
838 5671 1028 5735 Synopsi
1069 5667 1151 5717 illa
1169 5707 1180 5727 ,
1206 5681 1314 5730 qua:
1339 5667 1582 5718 Athanasii
1613 5667 1806 5715 nomine

221 5732 497 5799 comparet,
523 5734 609 5783 sed
629 5735 826 5782 brevius
843 5732 1098 5781 recensita.

1329 385 1645 442 SYNOPSIS
1681 384 2082 440 SCRIPTUM!)
2122 386 2384 444 SACRA‘I.

3363 400 3474 456 358

1912 499 2043 552 libro
2072 517 2248 569 regum
2270 501 2400 556 .Iuda
2419 512 2468 555 et
2491 501 2670 556 Israel.
2700 501 2828 569 Quae
2849 499 3116 562 Ezechias,
3151 500 3308 556 Isaias
3330 500 3466 554 Illius

1909 590 2069 643 Amos
2095 593 2367 659 prepbeta.
2398 593 2524 656 Qua:
2566 592 2832 646 Manasscs
2852 634 2866 658 ,
2918 592 2967 644 in
2998 591 3130 644 libro
3157 590 3464 643 videntium.

1906 684 2034 746 Qua:
2060 681 2316 746 Josias,in
2345 683 2477 737 libro
2513 699 2690 752 regum
2716 683 2847 737 Juda
2876 695 2930 737 et
2955 682 3135 737 Israel.
3168 682 3293 745 Qua:
3339 680 3464 733 Joa-

1908 771 2069 834 cbim,
2103 772 2152 822 in
2185 771 2318 822 libro
2347 787 2524 838 regum
2551 771 2683 826 .Iuda
2713 782 2766 825 et
2794 771 2971 824 Israel.
3003 772 3124 824 Hinc
3165 771 3238 822 .~ic
3287 768 3462 835 dispo-

1908 860 2004 911 sita
2051 861 2386 913 inveniuntur
2414 862 2464 913 in
2498 861 2904 929 Paralipomenis
2946 876 3146 930 regum.

2306 1009 2526 1058 ESDRAS,
2572 1009 2722 1048 unus
2751 1010 2934 1048 PltlllUS
2964 994 3062 1064 (η).

1985 1128 2175 1181 Esdras
2203 1139 2415 1182 vocatur
2443 1129 2526 1182 hic
2549 1128 2698 1194 liber,
2727 1129 2845 1193 quia
2880 1129 2989 1196 ipse
3017 1129 3211 1183 Esdras
3226 1129 3474 1184 sacerdos

1909 1235 2026 1271 cum
2050 1231 2188 1271 es~et
2213 1229 2265 1272 et
2289 1221 2470 1282 lector,
2497 1229 2707 1273 enarrat
2731 1235 2793 1273 ac
2808 1220 3056 1274 describit
3083 1221 3305 1274 reditum
3337 1222 3466 1276 filio-

1910 1325 2024 1361 rum
2056 1308 2212 1362 Israel
2239 1325 2301 1361 ex
2332 1309 2547 1362 Perside
2577 1311 2624 1361 in
2660 1309 2970 1363 Ierusalem.
3012 1309 3128 1363 Fuit
3151 1321 3324 1365 autem
3357 1316 3463 1366 red-

1913 1399 2016 1452 itus
2047 1401 2214 1466 primo
2244 1400 2451 1466 quidem
2478 1415 2540 1452 ex
2565 1400 2714 1468 jussu
2762 1400 2880 1470 Cyri
2911 1410 2963 1455 et
3015 1401 3152 1454 Darii
3196 1416 3378 1471 regum
3423 1403 3470 1457 iu

1913 1505 2067 1542 manu
2108 1489 2232 1544 Iesu
2273 1490 2360 1542 filii
2391 1490 2613 1544 Josedec
2640 1501 2693 1543 et
2721 1491 2902 1544 Esdra:
2923 1500 3079 1558 atque
3108 1490 3468 1558 Zorohabelis,

1912 1581 1999 1647 qui
2043 1583 2181 1634 eirea
2203 1583 2544 1649 quaestionem
2591 1582 2869 1649 quamdam
2899 1581 3307 1647 contendebant,
3340 1581 3474 1637 facta

1913 1674 2260 1739 promissione
2286 1714 2300 1734 ,
2351 1683 2406 1725 ut
2431 1675 2517 1742 qui
2566 1674 2795 1726 vinceret
2833 1689 2861 1725 a
2893 1689 3012 1742 rege
3038 1673 3287 1741 quidquid
3320 1673 3477 1727 vellet

1919 1771 2139 1828 peteret.
2169 1761 2300 1814 Cum
2349 1778 2480 1815 unus
2514 1779 2638 1831 ergo
2659 1762 2876 1815 dixisset
2906 1762 3090 1815 fortius
3114 1778 3231 1816 esse
3259 1762 3472 1828 vinum;

1912 1851 2044 1903 alter
2069 1850 2336 1904 fortiorem
2365 1867 2482 1904 esse
2512 1867 2708 1919 regem,
2742 1851 3031 1904 Zorobabel
3058 1852 3331 1905 contendit
3370 1854 3475 1905 for-

1913 1940 2071 1994 tiores
2093 1957 2212 1994 esse
2242 1942 2509 2003 mulieres,
2535 1943 2911 2006 veritatemque
2931 1956 3088 2008 super
3105 1942 3276 1994 omnia
3295 1943 3445 1997 excel
3459 1971 3476 1982 -

1914 2030 2040 2084 lere.
2065 2031 2186 2083 Ila‘c
2207 2032 2322 2098 quia
2349 2033 2590 2100 loquutus
2612 2031 2922 2094 Zorobabel,
2951 2033 3116 2084 victor
3133 2035 3297 2086 emsit
3319 2051 3334 2086 :
3357 2049 3476 2086 cum

1907 2119 2084 2186 jussus
2114 2129 2254 2172 esset
2285 2130 2460 2188 petere
2490 2121 2628 2188 quod
2681 2121 2858 2184 vellet,
2911 2121 3055 2187 petiit
3105 2131 3159 2176 nt
3199 2124 3476 2190 captivitas

1912 2211 2224 2276 solveretur,
2247 2221 2303 2265 et
2327 2212 2617 2266 Jerusalem
2668 2211 3039 2267 a‘dilicarelur.
3084 2214 3256 2281 Atque
3300 2214 3368 2267 ita
3421 2224 3477 2268 ut

1913 2301 2063 2369 petiit
2113 2300 2308 2354 factum
2356 2311 2455 2367 est,
2487 2302 2808 2370 dimissaque
2857 2310 2938 2356 est
2986 2303 3277 2371 captivitas.
3326 2303 3474 2357 Tunc

1912 2392 2050 2444 enim
2082 2393 2332 2459 temporis
2354 2391 2619 2456 adimplcti
2645 2401 2794 2445 erant
2815 2393 3141 2461 septuaginta
3167 2394 3257 2446 irae
3284 2395 3404 2446 anni
3435 2395 3471 2448 '.

1913 2481 2045 2533 Sunt
2075 2483 2248 2548 itaque
2267 2482 2336 2532 illi
2357 2483 2443 2548 qui
2464 2482 2528 2532 de
2558 2481 2858 2547 captivitate
2885 2481 3232 2534 ascenderunt
3259 2480 3472 2535 deJuda

1911 2578 1962 2621 et
2003 2569 2297 2636 Benjamiu,
2347 2583 2406 2620 ac
2458 2568 2672 2632 Levitm,
2727 2551 2948 2621 numero
2975 2569 3316 2636 quadraginta
3370 2570 3475 2623 duo

1913 2659 2098 2719 millia,
2131 2657 2248 2724 equi
2283 2659 2500 2710 trecenti
2550 2658 2781 2724 triginta,
2833 2658 2958 2711 muli
3004 2658 3211 2710 ducenti
3255 2659 3450 2727 quadra

1909 2749 2052 2816 ginta
2079 2751 2326 2816 quinque,
2353 2748 2539 2800 cameli
2567 2747 2926 2816 quadringenti
2956 2749 3166 2817 triginta
3205 2751 3432 2819 quinque
3461 2792 3476 2812 ,

1911 2842 2045 2894 servi
2078 2855 2256 2893 eorum
2285 2850 2338 2892 et
2366 2839 2571 2892 ancilla:
2598 2848 2798 2904 septem
2828 2838 2988 2891 millia
3025 2840 3239 2891 trecenti
3270 2839 3476 2907 triginta

1911 2941 2152 3000 quatuor,
2186 2941 2428 2984 cantores
2452 2929 2680 2987 ducenti.
2713 2929 2842 2981 asini
2871 2944 2962 2982 sex
2991 2929 3130 2981 mille
3158 2931 3469 2997 septingenti

1910 3030 1962 3074 et
1988 3021 2185 3088 viginti.
2213 3019 2307 3085 Qui
2338 3018 2666 3071 a-dificabant
2699 3027 2874 3071 autem
2913 3027 3062 3071 erant
3100 3017 3392 3071 Zorobabel
3423 3028 3472 3072 et

1907 3110 2061 3166 Jesus
2094 3111 2229 3164 filius
2255 3109 2474 3164 Josedec
2497 3119 2546 3162 et
2574 3107 2834 3161 Neemias.
2866 3107 3060 3161 Esdras
3088 3123 3212 3160 vero
3240 3123 3358 3161 cum
3389 3123 3472 3162 cs—

1909 3211 1988 3255 set
2016 3202 2064 3255 in
2095 3202 2205 3270 lege
2236 3200 2454 3269 peritus,
2482 3199 2647 3266 legem
2673 3197 2886 3265 protulit
2910 3206 3064 3264 atque
3091 3197 3244 3266 legit,
3275 3198 3475 3252 consti-

1911 3292 2110 3361 tuitque
2137 3300 2321 3345 cuneta
2355 3291 2416 3342 ad
2449 3288 2700 3356 templum
2728 3296 2781 3341 et
2808 3288 2872 3339 ad
2902 3286 3110 3342 Levitas
3139 3289 3470 3356 pertinentia.

1908 3383 2023 3449 Ipse
2054 3384 2217 3449 legem
2242 3380 2503 3444 ostendit;
2533 3377 3079 3447 curavitalienigenas
3101 3391 3288 3431 uxores
3315 3376 3471 3444 abjici

1907 3473 1973 3524 ab
2003 3472 2082 3531 iis.
2114 3473 2197 3539 qui
2230 3487 2319 3524 cas
2350 3481 2585 3537 tempore
2609 3468 2922 3536 captivitatis
2946 3467 3221 3520 duxerant.
3250 3465 3474 3535 Abjece—

1909 3571 2029 3615 runt
2055 3573 2227 3615 autem
2255 3577 2460 3622 omnes,
2491 3569 2542 3614 et
2570 3559 2802 3612 umndati
2833 3567 2973 3621 sunt,
2997 3567 3049 3612 et
3077 3558 3358 3612 celebravit
3380 3572 3472 3626 pa-

1909 3656 2054 3713 scha.
2084 3654 2372 3706 secundum
2406 3654 2593 3720 legem,
2628 3659 2684 3704 ut
2706 3652 2955 3718 scriptum
2986 3659 3086 3712 est,
3110 3664 3311 3704 necnon
3331 3649 3473 3719 jeju-

1911 3745 2077 3807 nium,
2104 3755 2154 3797 et
2183 3745 2258 3797 sic
2289 3743 2575 3795 absolvitur
2609 3742 2806 3810 primus
2837 3740 3031 3792 Esdras
3061 3739 3209 3792 liber.

2332 3889 2491 3926 SECUN
2504 3889 2592 3925 DUS
2647 3888 2794 3925 ιωειι
2834 3886 3031 3924 εεοιιριε.

1982 4006 2034 4058 In
2065 4007 2162 4058 hoc
2192 4005 2323 4058 libro
2358 4004 2540 4057 eadem
2565 4003 2673 4071 ipsa
2703 4019 2821 4072 qua:
2847 4002 2896 4054 iu
2927 4002 3094 4068 primo
3124 4001 3248 4056 dicit
3284 4003 3474 4055 lisdras

1910 4095 1974 4148 de
1999 4095 2187 4153 reditu,
2237 4094 2298 4144 iis
2329 4094 2581 4160 ert-eptis,
2610 4107 2725 4158 qua:
2755 4091 3136 4158 probleniatum
3169 4105 3313 4144 more
3335 4091 3471 4146 dicta

1911 4183 2137 4236 fuerant.
2173 4183 2324 4234 Plura
2352 4196 2474 4234 vero
2501 4181 2565 4233 de
2597 4180 2806 4234 Neemia
2835 4180 3077 4233 eunucho
3109 4189 3303 4243 narrat,
3336 4183 3474 4249 quod

1909 4273 2023 4340 ipse
2071 4273 2244 4339 templi
2275 4272 2676 4324 aalilicationem
2717 4271 2953 4337 petierit;
2995 4281 3047 4323 et
3077 4271 3339 4337 quomodo
3380 4270 3475 4324 Es-

1909 4365 2031 4416 dras
2049 4364 2256 4430 quidem
2285 4364 2501 4430 legeret,
2535 4361 2686 4415 JeStis
2706 4376 2827 4415 vero
2853 4371 2906 4414 et
2933 4361 3132 4412 Baneas
3153 4369 3204 4412 et
3231 4361 3476 4415 Sarabias

1912 4454 2157 4524 populum
2191 4453 2478 4505 erudirent.
2513 4453 2572 4502 Iit
2599 4451 2790 4503 Esdras
2819 4449 3028 4516 quidem
3077 4448 3256 4516 legens
3283 4449 3474 4502 distin-

1909 4546 1984 4598 xit
2011 4545 2059 4597 in
2092 4544 2307 4596 scientia
2349 4541 2552 4594 Domini
2587 4558 2597 4592 :
2635 4540 2854 4610 populus
2886 4549 3057 4590 autem
3091 4539 3351 4594 intellexit
3396 4543 3474 4594 Ie-

1910 4636 2160 4694 ctionem,
2191 4641 2242 4686 et
2271 4631 2555 4684 celebravit
2587 4625 2869 4694 pascha,el
2891 4628 3118 4695 septimo
3140 4643 3322 4683 mense
3356 4629 3479 4684 fecit

1905 4725 2160 4794 jejunium
2193 4731 2239 4774 et
2264 4718 2650 4786 scenopegiam,
2673 4726 2727 4768 ut
2751 4716 3000 4783 scriptum
3031 4727 3110 4769 est
3142 4733 3155 4769 :
3187 4716 3306 4771 Non
3342 4721 3473 4788 fece-

1907 4825 2024 4867 runt
2059 4813 2124 4863 ad
2153 4812 2281 4862 hunc
2311 4811 2509 4860 modum
2539 4826 2568 4859 α
2590 4807 2761 4860 diebus
2786 4806 2906 4860 Jesu
2925 4807 3020 4874 ﬁlii
3048 4806 3191 4861 Nave
3212 4808 3286 4877 (2.
3322 4809 3475 4863 Esdr.

1909 4904 1961 4956 8.
1992 4903 2052 4955 I7
2078 4902 2093 4969 )
2137 4900 2333 4953 Esdras
2356 4915 2480 4952 vero
2501 4914 2618 4951 cum
2648 4898 2864 4951 vidisset
2883 4899 3090 4950 Azotias
3110 4901 3354 4953 mulieres
3380 4900 3479 4952 lle-

1911 4992 2066 5044 braais
2091 4991 2336 5058 conjugio
2361 4989 2588 5057 junctas,
2625 4988 2869 5040 omnibus
2897 4988 3154 5055 persuasit
3183 5000 3235 5040 ut
3258 4989 3477 5056 promit-

1909 5090 2080 5134 tcrent
2109 5093 2166 5132 se
2192 5081 2357 5147 legem
2393 5078 2486 5130 Dei
2517 5085 2838 5131 servaturos.
2860 5077 2923 5130 Et
2951 5077 3104 5145 ejecit
3145 5078 3258 5129 illas
3288 5077 3474 5130 mulie~

1909 5186 2030 5233 res,
2068 5179 2330 5237 tamquam
2383 5168 2718 5236 illegitimas,
2749 5177 2801 5220 et
2851 5167 3096 5236 jurarunt
3141 5167 3366 5221 universi
3414 5182 3474 5221 se

1911 5260 2081 5328 legem
2109 5270 2430 5314 servaturos.
2482 5260 2652 5326 Atque
2684 5258 2752 5310 ita
2784 5257 3091 5310 sanctiﬁcatl
3132 5269 3182 5310 et
3215 5257 3467 5325 umndati,

1907 5349 2067 5402 Izatati
2103 5358 2246 5411 sunt,
2291 5358 2343 5403 et
2389 5347 2629 5400 abierunt
2702 5346 2890 5413 singuli
2938 5347 2988 5398 in
3043 5348 3252 5397 donmm
3298 5362 3470 5403 suam.

1972 5486 1985 5515 ¹
2015 5483 2179 5531 Altera
2203 5482 2435 5543 Synopsis,
2453 5480 2704 5543 sexaginta
2726 5478 2817 5529 ire:
2839 5477 2972 5543 nimi,-
2988 5477 3134 5543 male.

1970 5546 2042 5614 (a)_
2066 5545 2190 5614 ttui_c_
2216 5537 2433 5614 s'yno'psi'
2450 5537 2592 5614 primi
2620 5541 2740 5614 libri.
2760 5537 3222 5614 fsdracuslmilisest
3259 5546 3478 5614 synopsi:

1911 5601 2134 5672 ejusdem
2147 5601 2268 5672 libri,
2407 5601 2534 5672 inter
2551 5616 2702 5672 opera
2715 5601 2955 5672 Athanasii
2983 5601 3239 5672 reperi-tur:
3259 5601 3340 5656 Qui
3363 5615 3480 5672 vero

1907 5656 2086 5729 pi-imus
2109 5656 2266 5729 Esdrm
2287 5656 2411 5712 liber
2435 5665 2513 5729 hic
2535 5656 2721 5716 dicitur.
2749 5668 2822 5708 est
2847 5656 3111 5728 in_Vulgata
3131 5661 3320 5719 tertius,
3349 5669 3398 5709 et
3428 5664 3484 5711 ad

1913 5727 2090 5778 calcem
2116 5727 2366 5776 Bibliorum
2392 5728 2572 5786 positus
2597 5732 2730 5772 extra
2748 5727 3015 5770 canonicos.
