4000 6220
559 410 672 464 359

556 515 807 572 Narratur
833 522 1005 570 autent
1034 523 1087 568 et
1117 514 1216 567 hoc
1244 517 1309 568 de
1338 513 1526 578 Esdra,
1556 515 1693 582 quod
1720 530 1840 569 cum
1872 514 1988 567 libri
2019 528 2112 581 per

557 607 809 663 incuriam
833 605 1005 675 populi
1027 615 1078 658 et
1107 605 1406 659 diuturnam
1431 607 1783 674 captivitatem
1813 607 2106 674 periissem,

555 698 668 770 ipse
693 700 828 763 illos,
861 712 977 752 eum
1005 697 1084 751 vir
1110 707 1251 752 esset
1272 697 1479 752 honesti
1509 698 1795 763 studiosus,
1826 697 2114 751 industrius

554 799 607 842 et
635 790 800 843 lector
821 829 835 852 ,
859 787 996 857 apud
1039 803 1098 842 se
1142 790 1315 841 omnia
1344 789 1651 842 custodierit
1669 829 1683 850 ,
1712 803 1774 840 ac
1805 788 2111 856 protulerit,

555 893 616 931 ac
643 892 852 932 rursum
881 877 1126 941 ediderit,
1158 887 1311 945 atque
1339 878 1414 930 sic
1444 877 1603 930 libros
1630 877 1935 930 servaverit.

1127 986 1276 1023 LIBER
1315 984 1534 1023 ESTHER.

628 1060 721 1115 llic
746 1061 878 1117 liber
907 1061 1099 1114 Esther
1123 1070 1354 1122 vocatur,
1388 1060 1505 1127 quia
1546 1074 1640 1128 per
1667 1059 1939 1112 Esthcram
1979 1059 2116 1113 Deus

555 1165 676 1204 mox
708 1151 938 1205 funditus
965 1152 1223 1219 perituros
1250 1150 1459 1204 Judmos
1487 1150 1732 1213 servavit,
1773 1151 1935 1202 Aman
1968 1164 2112 1211 vero,

555 1240 644 1307 qui
694 1239 909 1292 insidias
962 1238 1391 1299 machinabatur,
1456 1239 1731 1304 percussit.
1798 1239 2116 1290 Artaxerxes

556 1329 694 1381 enim
723 1343 814 1382 rex
842 1327 1141 1388 Persarum,
1169 1326 1436 1395 repudiata
1463 1340 1624 1380 uxore
1650 1341 1764 1390 sua,
1786 1326 1938 1379 aliam
1963 1327 2013 1378 in
2036 1341 2117 1378 re-

555 1433 660 1486 gno
683 1433 797 1480 suo,
829 1433 945 1486 qua:
974 1419 1204 1470 omnium
1248 1426 1384 1470 esset
1428 1416 1773 1485 pulcherrima
1823 1425 1876 1469 et
1925 1415 2114 1468 formo-

555 1508 781 1572 sissima,
814 1508 910 1560 sibi
937 1507 1180 1576 quaesivit
1211 1519 1455 1566 uxorem;
1487 1515 1535 1559 et
1569 1507 1776 1558 inventa
1797 1513 1876 1557 est
1903 1505 2114 1568 Esther,

554 1598 766 1652 natione
788 1597 993 1652 Judma.
1019 1597 1094 1650 llli
1116 1606 1367 1665 cognatus
1391 1605 1504 1650 erat
1525 1597 1734 1650 nomine
1759 1594 2117 1648 Mardocbaeus

555 1703 616 1742 ex
651 1687 947 1756 captivitate
973 1702 1088 1756 qua:
1119 1686 1216 1739 sub
1245 1685 1458 1739 Sedecia
1487 1686 1618 1738 facta
1650 1684 1818 1738 fuerat
1851 1686 1902 1737 in
1932 1685 2115 1738 eadem

555 1777 787 1845 regione.
811 1775 919 1830 Rex
937 1776 1111 1843 itaque
1136 1790 1252 1828 cum
1284 1775 1554 1829 extulisset
1580 1789 1793 1828 suorum
1817 1773 2114 1842 quemdam,

555 1869 815 1920 Amanum
845 1867 1074 1929 nomine,
1103 1866 1329 1934 jusserat
1364 1865 1506 1917 illum
1534 1864 1599 1916 ab
1621 1864 1861 1917 omnibus
1887 1863 2114 1917 adorari.

555 1957 661 2010 Sed
702 1973 819 2009 cum
862 1956 1221 2009 Mardochaatts
1267 1956 1516 2024 religione
1555 1969 1675 2023 erga
1718 1955 1878 2008 Deum
1921 1962 2114 2019 motus,

554 2045 821 2099 hominem
851 2060 950 2099 nou
980 2045 1236 2106 adoraret,
1260 2060 1369 2098 rem
1401 2044 1609 2112 indigne
1630 2046 1744 2097 tulit
1765 2046 1950 2108 Aman,
1973 2059 2119 2097 cum-

555 2151 658 2206 que
696 2135 964 2189 didicissct
1014 2135 1180 2203 ipsum
1219 2149 1336 2188 esse
1377 2133 1613 2188 Judaeum
1639 2176 1652 2198 ,
1704 2135 1810 2203 regi
1844 2133 2116 2187 Artaxerxi

554 2224 835 2293 persuadet
865 2233 922 2277 ut
963 2225 1157 2293 scripto
1199 2223 1378 2292 jubeat
1422 2224 1694 2277 universos
1741 2225 1792 2276 in
1833 2238 1993 2293 regno
2022 2238 2118 2276 suo

555 2314 765 2370 Judteos
791 2330 895 2368 uno
920 2314 1007 2369 die
1035 2315 1226 2368 mensis
1246 2314 1538 2368 duodecimi
1571 2315 1774 2383 penitus
1801 2323 1850 2368 et
1884 2314 2117 2368 funditus

557 2405 740 2458 deleri.
774 2403 851 2458 Re
875 2413 1143 2472 comperta
1171 2403 1547 2470 Mardochaeus,
1588 2405 1716 2457 luxit
1751 2414 1804 2458 ct
1839 2405 2114 2472 jejunavit,

553 2503 709 2564 atque
734 2494 971 2549 Esthcra:
998 2495 1140 2549 misit
1178 2509 1366 2564 rogans
1394 2511 1547 2564 opem
1585 2497 1762 2550 ferret.
1805 2497 1995 2551 Esther
2024 2499 2119 2551 ita-

551 2601 658 2654 que
678 2586 961 2653 praemissis
982 2586 1182 2654 jejunio
1209 2595 1264 2640 et
1286 2587 1672 2655 precationibus
1696 2587 1760 2641 ad
1793 2588 1975 2654 Deum,
2000 2605 2117 2642 mu-

554 2675 706 2728 liebri
730 2689 787 2728 se
813 2675 1006 2728 mundo
1030 2676 1230 2729 ornavit
1256 2693 1271 2728 :
1302 2690 1398 2729 nec
1421 2684 1601 2730 vocata
1625 2676 1816 2745 (neque
1840 2679 1978 2730 enim
2006 2686 2120 2731 erat

552 2763 750 2815 licitum
781 2777 884 2815 non
911 2765 1106 2816 vocatis
1133 2763 1279 2816 adire
1308 2763 1532 2832 regem),
1559 2773 1787 2818 attamen
1817 2765 2026 2819 intravit
2049 2766 2114 2820 ad

551 2868 750 2922 regem,
785 2867 885 2905 non
918 2862 1216 2920 exspectata
1261 2855 1511 2920 temporis
1549 2856 1956 2921 Opportunitate,
1995 2871 2115 2922 spe-

554 2957 676 2996 rans
715 2941 1066 3011 precatiOnem
1106 2942 1511 3009 opportunitatis
1548 2943 1663 2996 loco
1703 2943 1949 2998 futuram.
1986 2945 2113 2998 Cum

553 3043 727 3089 autent
758 3049 849 3088 rex
878 3034 1206 3087 insolentiam
1249 3032 1368 3086 facti
1399 3034 1694 3096 miraretur,
1728 3034 1812 3087 illa
1841 3035 1892 3088 in
1923 3045 2113 3089 terram

552 3141 663 3194 pra:
699 3133 838 3179 metu
865 3125 1094 3192 collapsa
1122 3133 1220 3178 est.
1255 3126 1319 3176 At
1358 3125 1496 3193 regis
1541 3125 1864 3180 iracundiam
1899 3129 2034 3182 Deus
2065 3128 2113 3181 in

552 3229 764 3267 suavem
795 3214 1037 3268 affectuum
1081 3223 1134 3268 et
1172 3214 1621 3268 mansuetudinem
1667 3217 1908 3280 mutavit,
1951 3218 2018 3271 ita
2059 3228 2114 3270 ut

550 3319 772 3372 surgens
794 3313 1106 3371 prostratam
1145 3303 1284 3357 illam
1314 3305 1555 3371 erigeret,
1590 3313 1643 3359 et
1683 3316 1878 3360 metum
1920 3322 2116 3375 ponere

553 3391 870 3457 hortaretur,
905 3394 1008 3445 imo
1028 3393 1292 3460 optionem
1323 3393 1471 3446 daret
1497 3394 1702 3460 petendi
1734 3395 1980 3464 quidquid
2009 3398 2118 3451 vel-

553 3481 647 3537 let.
679 3481 765 3535 Illa
799 3492 854 3535 ut
882 3499 972 3536 rex
1001 3498 1118 3537 cum
1157 3486 1357 3535 Amano
1392 3483 1458 3536 ad
1499 3484 1792 3537 convivium
1827 3500 1977 3539 suum
2023 3501 2114 3539 ve-

552 3570 668 3622 nire
699 3569 1023 3637 dignaretur,
1063 3586 1166 3623 non
1191 3573 1375 3635 semel,
1407 3572 1499 3625 sed
1535 3575 1765 3626 secundo
1791 3590 1997 3642 quoque
2026 3591 2116 3643 pe.

553 3660 651 3712 tiit.
684 3659 848 3711 Aman
874 3675 982 3726 prae
997 3659 1184 3726 gaudio
1205 3659 1403 3714 eﬁ‘ttsus
1422 3675 1486 3714 ac
1500 3663 1747 3730 gestiens,
1771 3664 1908 3731 quod
1925 3663 2114 3733 dignus

552 3752 835 3806 haberetur
868 3767 895 3803 a
929 3753 1104 3821 regina
1142 3753 1346 3816 vocari,
1391 3751 1561 3806 adhuc
1601 3753 1825 3821 amplius
1863 3754 2114 3809 adversus

551 3843 938 3898 Mardochmutu
967 3843 1264 3912 erigebatur
1293 3859 1305 3895 :
1337 3842 1640 3913 curavitque
1668 3845 1863 3912 lignum
1891 3845 2114 3900 sublime

551 3936 741 3999 excidi,
770 3937 953 3988 volens
980 3937 1030 3988 in
1070 3949 1133 3988 eo
1171 3943 1421 4003 sequente
1446 3935 1530 3988 die
1560 3935 1880 4003 suspendere
1906 3936 2113 3989 Mardo-

553 4027 778 4082 cbzenm.
813 4026 920 4080 Rex
950 4040 1077 4079 vero
1109 4025 1243 4077 bona
1270 4023 1493 4093 quadam
1529 4025 1877 4092 providentia,
1906 4035 2111 4079 noctem

551 4119 692 4172 illam
720 4117 867 4170 duxit
894 4118 1206 4176 insomnem,
1241 4125 1291 4169 et
1315 4130 1434 4168 cum
1462 4115 1691 4169 dormire
1721 4117 2112 4185 nequiret,jus-

545 4206 621 4261 sit
644 4205 742 4260 sibi
768 4205 1175 4258 commentarios
1217 4214 1450 4259 actorum
1481 4219 1692 4258 suorum
1730 4206 1845 4275 legi.
1879 4206 2114 4275 Cumque

554 4295 876 4363 legerentur,
908 4303 1118 4348 ventum
1148 4304 1228 4348 est
1255 4294 1320 4348 ad
1347 4310 1464 4349 eum
1506 4295 1698 4361 locum,
1731 4297 1779 4348 in
1826 4311 1930 4363 quo
1985 4298 2117 4352 scri-

551 4389 694 4450 ptum
717 4393 828 4436 erat
846 4381 1154 4436 beneficium
1179 4384 1285 4452 regi
1305 4399 1332 4436 a
1354 4383 1677 4437 Mardocha-o
1689 4385 1952 4438 collatum.
1973 4385 2112 4440 Duos

551 4472 691 4525 enim
717 4472 984 4525 eunuchos
1033 4472 1140 4541 regi
1187 4472 1530 4537 insidiantes,
1576 4475 1683 4542 regi
1727 4474 2031 4541 prodiderat
2060 4484 2112 4528 et

550 4560 870 4615 convicerat.
901 4559 993 4612 llic
1022 4575 1115 4612 rex
1153 4561 1222 4613 ob
1251 4560 1563 4614 Mardochzni
1590 4561 1818 4615 ofﬁcium
1847 4573 1994 4632 grato
2028 4562 2108 4615 af-

549 4647 714 4700 fectus
740 4647 935 4710 animo,
964 4647 1232 4716 quaerebat
1254 4663 1480 4717 quonam
1506 4650 1648 4702 illum
1673 4649 1872 4705 honore
1894 4667 1988 4720 pro
2011 4651 2111 4704 hoc

551 4734 804 4788 beneﬁcio
827 4735 1069 4790 donaret.
1097 4735 1224 4790 Cum
1253 4747 1429 4792 autem
1459 4754 1612 4792 mane
1633 4740 1698 4792 ad
1723 4756 1842 4793 eum
1872 4741 2111 4810 ingrede-

552 4833 693 4878 retur
716 4825 905 4888 Aman,
934 4827 1120 4893 quaerit
1145 4827 1210 4881 ab
1233 4827 1322 4881 illo
1359 4844 1474 4895 rex,
1501 4845 1728 4897 quonam
1766 4839 1818 4884 et
1845 4833 1984 4900 quali
2011 4832 2109 4886 ho-

551 4927 681 4965 nore
700 4911 886 4979 dignus
915 4912 984 4964 sit
1012 4913 1075 4976 is,
1105 4915 1190 4981 qui
1226 4930 1400 4983 regem
1430 4917 1685 4972 beneﬁcio
1718 4918 1996 4974 aﬂ‘ecisset.
2027 4920 2107 4974 Ad

552 5001 654 5054 hoc
681 5001 866 5062 Aman,
894 5016 1011 5053 cum
1038 5014 1097 5054 se
1121 5002 1462 5058 arbitraretur
1485 5020 1604 5059 eum
1631 5022 1769 5074 esse,
1801 5008 1866 5062 de
1887 5025 1992 5079 quo
2016 5025 2108 5064 rex

551 5092 836 5159 qumrebat,
865 5091 1074 5160 dignum
1102 5106 1222 5146 esse
1259 5093 1389 5146 dixit
1427 5096 1512 5163 qui
1552 5099 1812 5153 secundus
1839 5115 1930 5154 rex
1951 5117 2108 5156 voca-

552 5189 713 5235 retur.
738 5179 846 5233 Rex
889 5182 1041 5250 igitur
1069 5181 1454 5237 Mardochaaum
1486 5185 1575 5239 illo
1604 5186 1806 5240 honore
1831 5191 2106 5257 celebrari,

552 5279 605 5325 et
628 5273 794 5325 Aman
825 5279 946 5326 ante
975 5273 1114 5326 illum
1138 5274 1421 5342 procedere
1447 5275 1620 5343 jussit.
1646 5278 1837 5333 Esther
1863 5297 1989 5335 vero
2017 5299 2109 5352 op-

552 5362 922 5432 portunitatem
959 5375 1106 5417 nacta
1151 5379 1245 5432 pro
1285 5365 1479 5420 Judmis
1517 5369 1704 5422 oravit.
1749 5369 1947 5426 Deinde
1988 5388 2106 5427 cum

552 5466 645 5508 rex
669 5467 897 5506 maerore
921 5451 1137 5508 affectus
1167 5465 1377 5522 propter
1405 5456 1674 5526 indignum
1699 5469 1881 5514 contra
1898 5462 2109 5516 Judazos

553 5539 812 5604 edictum,
865 5549 918 5594 et
969 5539 1220 5597 adversus
1274 5545 1528 5598 Amanum
1571 5547 1734 5602 iratus
1773 5564 1947 5617 esset,
1999 5553 2109 5621 ipse

554 5631 743 5695 Aman,
773 5647 894 5702 rege
929 5631 1166 5698 absente,
1205 5633 1439 5690 Estherte
1478 5637 1803 5705 supplicavit,
1845 5641 1909 5694 ad
1939 5657 2108 5710 genua

555 5723 692 5780 illius
721 5726 1066 5792 procumbens
1096 5734 1251 5794 atque
1277 5727 1515 5783 adorans.
1539 5727 1668 5795 Rex,
1695 5745 1813 5786 cum
1841 5732 2106 5800 ingressus

1287 400 1337 455 S.
1380 399 1650 455 JOANNIS
1685 396 2152 455 CHRYSOSTUMI
2193 396 2502 451 ARCIIIEP.
2541 397 3063 452 CONSTANTINOP.

3676 411 3795 468 360

2224 513 2425 567 videret
2455 515 2714 568 Amanum
2737 529 2905 584 genua
2930 515 3122 584 reginae
3146 516 3466 586 contingere,
3493 518 3790 586 suspicatus

2219 603 2358 671 quod
2386 604 2721 672 turpitudinis
2745 620 2899 659 causa
2927 605 2979 660 id
3015 605 3243 672 faceret,
3266 606 3420 675 jussit
3445 611 3609 662 Aman
3644 609 3696 662 in
3720 609 3789 660 li-

2219 708 2346 762 gno,
2376 694 2519 763 quod
2555 695 2885 748 Mardochaao
2924 705 3217 763 paraverat,
3259 699 3539 764 suspendi;
3576 700 3788 768 scripsit

2219 792 2390 835 autem
2409 792 2464 836 ut
2484 784 2869 852 Judaeiquidem
2884 800 3066 839 omnes
3087 786 3441 839 incolumitate
3464 787 3782 851 fruerentur,

2221 875 2400 928 hostes
2428 889 2555 928 vero
2594 890 2775 928 eorum
2806 877 2873 928 ab
2910 876 3011 929 illis
3053 877 3494 930 interimerentur.
3523 877 3786 931 Numerus

2219 976 2392 1018 autem
2423 981 2604 1019 eorum
2627 968 2712 1035 qui
2742 982 2770 1019 a
2799 967 2992 1020 Judzeis
3012 967 3169 1020 occisi
3198 979 3339 1032 sunt,
3369 968 3462 1020 fuit
3482 968 3783 1037 quindecim

2221 1056 2439 1108 millium
2471 1074 2484 1109 :
2528 1057 2748 1124 ideoque
2787 1057 2902 1110 festi
2946 1057 3047 1110 illis
3075 1057 3188 1111 dies
3227 1056 3370 1112 fuere
3419 1057 3531 1110 dies
3568 1068 3785 1127 quartus

2220 1146 2472 1209 decimus,
2507 1158 2560 1199 et
2601 1149 2816 1215 quintus
2845 1147 3078 1201 decimus
3109 1148 3305 1201 mensis
3335 1147 3652 1209 duodecimi,
3694 1148 3782 1216 qui

2220 1245 2435 1287 vocatur
2463 1235 2621 1288 Adar.
2653 1235 2878 1290 Vocatur
2905 1247 3077 1290 autem
3107 1237 3190 1289 illa
3213 1238 3328 1291 dies
3356 1239 3586 1305 ipsorum
3611 1238 3782 1305 lingua

2221 1323 2413 1377 Phura.
2444 1325 2773 1394 Quapropter
2819 1327 2902 1380 illa
2950 1327 3036 1382 die
3078 1327 3244 1381 Juda‘i
3279 1329 3537 1380 Amanum
3569 1327 3785 1380 combu-

2223 1422 2360 1477 runt,
2393 1422 2445 1466 et
2472 1414 2660 1468 festum
2685 1416 2822 1469 diem
2849 1426 3008 1484 agunt
3038 1416 3221 1470 salutis
3243 1417 3473 1484 ipsorum
3507 1417 3789 1469 memoria-

2223 1502 2345 1556 lcm.
2371 1500 2424 1556 In
2452 1502 2636 1573 hisque
2667 1507 2974 1558 terminatur
2995 1506 3148 1559 liber.

2814 1612 2964 1650 LIBER
3002 1612 3178 1650 TOBIT.

2292 1683 2446 1736 Tobit
2471 1694 2688 1737 vocatur
2718 1686 2799 1738 hic
2821 1685 2970 1749 liber,
3003 1687 3122 1754 quia
3146 1685 3307 1753 ipsius
3331 1685 3486 1739 Tobit
3512 1686 3788 1742 historiam

2221 1775 2469 1826 continet.
2496 1774 2620 1827 Erat
2643 1784 2814 1828 autem
2837 1775 2989 1828 Tobit
3014 1775 3079 1830 de
3106 1776 3239 1828 tribu
3273 1775 3628 1843 Nephthalim,
3663 1777 3782 1830 fuit-

2222 1878 2324 1930 que
2366 1865 2415 1916 in
2458 1865 2808 1932 captivitatem
2850 1865 3126 1929 adductus,
3156 1875 3209 1919 et
3233 1865 3458 1934 degebat
3495 1869 3545 1921 in
3575 1869 3790 1924 civitate

2221 1951 2425 2016 Ninive,
2452 1953 2748 2006 misericors
2768 1968 2829 2006 ac
2856 1953 3148 2022 religiosus.
3182 1955 3385 2009 Etenim
3408 1971 3526 2010 cum
3548 1958 3600 2009 in
3621 1959 3787 2026 capti-

2221 2045 2380 2098 vitate
2404 2054 2565 2110 esset,
2593 2060 2921 2098 communcm
2952 2061 3136 2113 panem
3161 2061 3224 2100 ex
3244 2047 3487 2115 gentibus
3517 2062 3621 2100 non
3645 2062 3788 2102 com-

2222 2134 2348 2198 edit,
2390 2135 2482 2188 sed
2524 2136 2755 2203 seipsum
2808 2136 3104 2190 custodivit.
3168 2137 3292 2190 Erat
3341 2149 3515 2191 autem
3561 2155 3783 2194 annomc

2223 2225 2498 2293 prrefectus
2526 2226 2663 2294 apud
2708 2241 2882 2294 regem
2927 2226 3322 2290 Enemasarum,
3353 2236 3408 2282 et
3450 2229 3692 2297 deposuit
3731 2231 3783 2284 in

2222 2315 2386 2369 Media
2408 2317 2590 2370 decem
2617 2317 2806 2369 talenta
2831 2317 2966 2384 apud
2996 2315 3297 2371 Gabaelem.
3329 2317 3416 2370 Isti
3444 2333 3608 2386 porro
3629 2318 3783 2373 Tobit

2221 2406 2448 2461 studium
2475 2415 2585 2460 erat
2612 2406 2896 2476 sepeliendi
2928 2416 3163 2460 mortuos
3183 2423 3248 2460 ex
3271 2407 3484 2461 Judmis.
3521 2409 3684 2476 Hujus
3708 2410 3781 2461 rei

2221 2497 2383 2564 gratia
2408 2497 2610 2550 delatus
2648 2497 2713 2549 ad
2749 2511 2927 2565 regem
2954 2496 3274 2560 Achirelem,
3317 2497 3435 2566 fuga
3465 2498 3563 2550 sibi
3592 2512 3786 2551 consu-

2226 2586 2339 2638 luit.
2373 2586 2767 2655 Regressusque
2793 2601 2824 2640 e
2855 2585 3006 2655 l‘uga,
3048 2602 3165 2640 cum
3201 2597 3521 2640 mortuorum
3563 2589 3786 2656 aliquem

2221 2675 2513 2742 sepelisset,
2540 2683 2688 2729 extra
2724 2689 2902 2728 muros
2927 2675 3258 2738 obdormivit,
3284 2687 3336 2729 et
3364 2691 3483 2729 cum
3520 2691 3614 2744 pro
3642 2691 3787 2730 more

2221 2778 2318 2816 suo
2347 2773 2556 2831 apertos
2585 2763 2804 2818 haberet
2830 2765 2966 2818 inter
2989 2763 3352 2818 dormiendum
3381 2765 3580 2828 oculos,
3611 2780 3786 2832 passe-

2220 2853 2365 2906 ribus
2390 2868 2616 2922 superne
2643 2855 2692 2906 in
2719 2857 2898 2907 oculos
2934 2855 3046 2922 ejus
3073 2865 3276 2909 stercus
3309 2856 3688 2915 emittentibus,
3711 2857 3787 2908 al-

2221 2940 2465 3008 buginem
2501 2941 2780 3004 contraxit,
2823 2956 2990 3009 neque
3024 2943 3156 2994 ultra
3196 2942 3426 2996 videbat.
3455 2943 3580 2996 Erat
3610 2955 3785 2997 autem

2221 3028 2501 3082 Ecbatanis
2543 3029 2644 3081 ﬁlia
2675 3029 2918 3098 Raguelis
2946 3031 3151 3098 cognati
3181 3031 3342 3099 ipsius
3369 3031 3525 3086 Sarra
3553 3035 3785 3086 nomine.

2220 3117 2364 3172 lianc
2384 3119 2588 3173 dzemon
2620 3119 2926 3173 Asmodazus
2947 3135 3048 3173 non
3079 3121 3408 3189 permittebat
3434 3130 3492 3174 ut
3513 3123 3786 3192 quisquam

2221 3225 2437 3264 uxorem
2481 3210 2697 3264 duceret
2731 3211 2878 3280 :jam
2925 3212 3065 3265 enim
3110 3221 3310 3280 septem
3366 3213 3648 3281 occiderat,
3700 3217 3788 3283 qui

2221 3300 2361 3353 illam
2387 3315 2630 3368 sponsam
2659 3309 2987 3369 acceperant.
3017 3301 3240 3370 Propter
3269 3299 3404 3356 hanc
3431 3317 3640 3356 musam
3667 3319 3787 3358 cum

2220 3389 2561 3443 vehementer
2600 3390 2905 3443 contristata
2957 3399 3115 3455 esset,
3161 3391 3361 3454 oravit;
3412 3392 3656 3460 misitque
3710 3393 3784 3446 illi

2221 3477 2360 3530 Deus
2407 3479 2766 3530 auxiliatorem
2826 3478 3142 3545 Raphaelem
3195 3479 3586 3548 archangelum.
3632 3480 3787 3535 Tobit

2219 3567 2392 3634 igitur,
2420 3583 2537 3620 cum
2562 3567 2671 3619 ﬁlio
2691 3582 2786 3620 suo
2810 3567 2986 3621 Tobiae
3013 3569 3321 3636 praeciperet
3353 3583 3419 3621 ne
3446 3569 3544 3622 sibi
3575 3570 3785 3626 aliunde

2219 3671 2456 3720 uxorem,
2486 3673 2638 3725 quam
2667 3673 2728 3711 ex
2762 3657 2900 3710 tribu
2944 3667 2994 3711 et
3041 3659 3352 3728 cognatione
3395 3673 3488 3712 sua
3518 3659 3735 3714 duceret
3763 3706 3783 3729 ,

2218 3745 2306 3799 dat
2332 3747 2402 3798 illi
2434 3747 2840 3815 chirographum
2869 3747 3049 3800 decem
3078 3748 3413 3812 talentorum,
3442 3751 3783 3818 prtecipitqne

2217 3845 2275 3889 ut
2303 3835 2453 3890 abeat
2482 3844 2534 3890 et
2568 3845 2768 3904 repetat
2811 3836 2916 3890 illa.
2961 3835 3120 3889 Filius
3146 3847 3341 3900 autem,
3372 3853 3490 3890 cum
3522 3853 3620 3891 nec
3646 3839 3780 3891 viam

2219 3934 2416 3990 nosset,
2446 3940 2543 3978 nec
2582 3923 2847 3978 hominem
2879 3924 2944 3978 ad
2974 3941 3128 3994 quem
3171 3936 3283 3979 erat
3323 3927 3779 3993 proﬁciscendum,

2217 4031 2457 4085 egressus
2487 4025 2566 4070 est
2595 4026 2651 4069 ut
2679 4017 2775 4068 vim
2799 4017 2896 4070 sibi
2922 4017 3118 4070 socium
3152 4026 3430 4084 qutereret,
3459 4025 3513 4069 et
3544 4017 3633 4069 Dei
3652 4032 3779 4086 pro-

2218 4109 2444 4162 videntia
2473 4107 2653 4161 incidit
2683 4108 2733 4161 in
2763 4107 3100 4176 Raphaelem,
3133 4106 3222 4175 qui
3255 4107 3480 4159 hominis
3512 4106 3678 4160 forma
3710 4107 3780 4159 fo-

2218 4198 2290 4251 ris
2317 4198 2504 4262 stabat,
2539 4198 2811 4266 pretioque
2849 4198 2991 4250 illum
3029 4197 3298 4258 conduxit,
3330 4212 3395 4250 eo
3419 4196 3560 4265 quod
3591 4212 3648 4250 se
3684 4201 3778 4249 via:

2218 4287 2372 4357 hujus
2399 4303 2615 4356 gnarum
2642 4303 2758 4341 esse
2797 4288 3011 4342 diceret.
3053 4287 3345 4342 Comitatus
3381 4289 3558 4356 itaque
3591 4299 3674 4342 est
3716 4289 3779 4341 il-

2217 4380 2322 4431 lum
2344 4378 2687 4446 archangelus
2718 4379 2767 4431 in
2799 4381 2972 4446 specie
2999 4378 3245 4442 hominis,
3275 4380 3362 4448 qui
3395 4381 3610 4433 Azarias
3632 4379 3776 4432 dice-

2216 4481 2379 4522 retur.
2403 4469 2530 4523 Cum
2563 4479 2734 4522 autem
2759 4470 2823 4522 ad
2853 4470 3117 4538 Tigridem
3154 4486 3318 4540 usque
3345 4470 3556 4524 ﬂuvium
3590 4486 3777 4538 perve-

2215 4560 2434 4622 nissent,
2459 4558 2666 4612 volebat
2685 4558 2875 4612 Tobias
2902 4560 2952 4612 in
2979 4560 3121 4613 illum
3147 4561 3348 4614 lavandi
3370 4561 3532 4629 gratia
3556 4561 3772 4615 descen-

2214 4650 2358 4715 dere,
2387 4661 2438 4704 et
2461 4665 2580 4704 mox
2604 4651 2759 4718 piscis
2783 4653 2963 4721 ingens
2988 4652 3183 4706 insiluit
3209 4655 3258 4705 in
3287 4667 3525 4720 puerum.
3545 4654 3773 4723 Angelus

2214 4757 2339 4794 vero
2378 4743 2643 4811 prmeepit,
2679 4751 2736 4795 ut
2767 4745 2962 4810 piscem
3007 4743 3143 4796 hunc
3179 4743 3599 4811 apprehenderat
3640 4756 3693 4799 et
3724 4747 3777 4798 in

2215 4832 2378 4884 frusta
2408 4841 2632 4894 secaret,
2669 4842 2824 4899 atque
2858 4832 2994 4885 illius
3025 4831 3204 4897 bepar,
3233 4845 3325 4885 cor
3350 4840 3402 4885 et
3428 4832 3585 4887 bilem
3615 4833 3774 4888 desu-

2215 4931 2401 4983 merct,
2434 4931 2487 4973 et
2515 4929 2767 4974 servaret.
2815 4921 3048 4987 Rogaute
3087 4931 3268 4986 postea
3314 4936 3497 4988 puero,
3529 4923 3580 4975 in
3617 4939 3774 4990 quem

2215 5027 2365 5065 usum
2409 5011 2493 5064 illa
2534 5012 2720 5075 forent,
2771 5010 3088 5079 respondit:
3133 5009 3307 5079 Hepar
3343 5021 3397 5066 et
3433 5027 3524 5067 eor
3561 5013 3773 5068 incensa

2214 5102 2504 5155 daemonem
2552 5100 2805 5169 fugabunt
2833 5117 2845 5152 :
2874 5099 2991 5152 bilis
3025 5115 3153 5154 vero
3177 5100 3445 5154 oculorum
3475 5101 3773 5170 albuginem

2214 5195 2532 5263 repnrgabit.
2575 5192 2740 5260 Hujus
2775 5205 2875 5259 ope
2919 5201 2972 5245 et
3011 5192 3235 5246 consilio
3269 5192 3458 5246 Tobias
3493 5191 3648 5244 ﬁliam
3673 5192 3774 5246 Ra-

2213 5286 2379 5353 guelis
2407 5285 2613 5338 Sarram
2644 5295 2856 5335 uxorem
2892 5281 3059 5345 duxit,
3091 5297 3208 5336 cum
3251 5283 3340 5336 illo
3373 5281 3548 5336 sumtu
3572 5283 3772 5335 daemo-

2215 5392 2335 5432 nem
2363 5377 2607 5444 fugasset,
2631 5375 2717 5443 qui
2745 5374 2796 5427 in
2822 5375 3183 5443 superioribus
3213 5374 3422 5444 Egypti
3449 5375 3685 5444 partibus
3709 5376 3775 5428 ab

2213 5466 2398 5535 angelo
2427 5465 2613 5533 ligatus
2653 5473 2752 5518 est.
2795 5464 2926 5517 Dum
2967 5472 3142 5518 autem
3180 5479 3299 5517 cum
3340 5478 3501 5517 uxore
3537 5474 3778 5517 maneret

2214 5555 2426 5619 Tobias,
2469 5553 2706 5607 Azariam
2750 5563 3012 5624 tamquam
3041 5554 3306 5608 hominem
3342 5552 3393 5606 in
3421 5551 3640 5606 Mediam
3674 5554 3776 5606 mi—
3833 5549 3844 5560 ’

2217 5644 2283 5697 sit
2313 5660 2325 5694 ε
2353 5657 2578 5711 cumque
2619 5657 2712 5709 per
2741 5643 2884 5696 illum
2927 5643 3112 5698 decem
3142 5641 3333 5696 talenta
3369 5640 3678 5708 recepisset,
3711 5643 3776 5697 ad

2218 5742 2416 5801 patrem
2447 5749 2546 5786 una
2575 5749 2693 5786 cum
2725 5733 2814 5788 illo
2847 5744 2900 5789 et
2937 5749 3098 5790 uxore
3131 5748 3222 5788 sua
3265 5746 3507 5786 reversus
3535 5742 3638 5786 est.
3667 5731 3770 5787 Re-
