4000 6220
270 345 384 401 359

254 464 416 527 αὐτὸς
449 465 698 536 Ἔσδρας,
732 466 1012 534 φιλόκαλος
1039 468 1113 521 ὢν
1156 471 1246 522 καὶ
1279 472 1498 542 εὐφυὴς,
1535 475 1628 524 καὶ
1674 474 1804 526 ἀνα-

1285 359 1609 416 SYNOPSIS
1637 357 2044 418 SCRIPTUBA‘}
2085 358 2352 416 SACRA'S.

3360 358 3472 417 360

1922 474 2197 541 βασιλέως,
2225 475 2533 528 ἐπικύπτων
2567 471 2655 522 καὶ
2684 470 2994 540 προσκυνῶν
3025 469 3089 521 τΞι
3125 470 3320 536 γόνατα
3369 469 3460 519 αὖ·

251 546 522 630 γνῴστης,
551 547 776 630 ἐφύλαξε
800 550 995 614 πάντα,
1037 552 1128 602 καί¹
1148 550 1330 604 λοιπὸν
1358 556 1681 622 προήνεγκε,
1714 555 1806 606 καὶ
1912 562 2032 628 τῆς.
2078 561 2134 611 '0
2160 562 2212 612 δέ
2242 560 2487 630 βασιλεὺς
2521 560 2612 610 καλ⁵
2659 558 2915 629 ἑωρακὼς
2955 558 3042 609 τὸν
3086 557 3254 626 Ἀμάν
3294 556 3456 608 απτόο

255 626 416 680 πάλιν
443 629 720 680 ἐκδέδωκε·
757 631 847 682 καὶ
880 630 1018 683 οὕτω
1047 631 1366 694 διασώζεται
1396 633 1463 685 τὰ
1487 633 1685 701 βιϐλία.

803 763 1021 832 Ἐσθὴρ
1052 766 1312 829 βιϐλίον.

337 874 532 944 Ἐσθὴρ
560 875 795 930 καλεῖται
828 879 885 931 16
921 879 1139 946 βιϐλίον,
1163 879 1346 948 ἐπειδὴ
1369 878 1457 932 διὰ
1485 879 1579 946 τῆς
1609 878 1803 945 Ἐσθὴρ

252 955 282 1006 6
303 954 434 1016 Θεὸς
455 956 739 1024 μέλλοντας
768 959 1056 1011 ἀπολέσθαι
1083 960 1325 1027 παγγενῆ
1344 961 1467 1020 τοὺς
1501 959 1798 1020 Ἰουδαίους,

252 1037 450 1097 αὐτοὺς
478 1038 572 1105 μέν
608 1039 846 1103 διέσωσε,
879 1040 967 1091 τὸν
1003 1041 1059 1092 δέ
1099 1041 1266 1109 Ἀμάν
1312 1040 1684 1092 ἐπιϐουλεῦσαι
1717 1040 1799 1090 θε-

252 1117 488 1185 λήσαντα
521 1121 801 1183 ἐπάταξεν.
845 1122 1202 1191 Ἀρταξέρξης
1227 1125 1333 1192 γὰρ
1365 1124 1392 1173 6
1429 1123 1676 1190 βασιλεὺς
1705 1122 1800 1190 τὴν

253 1198 387 1249 ἰδίαν
421 1199 658 1250 ἐκϐαλὼν
695 1204 943 1268 γυναῖκα,
980 1200 1235 1271 ἐζήτησεν
1269 1205 1324 1254 ἐν
1352 1206 1415 1272 τῇ
1445 1203 1684 1274 βασιλείᾳ
1708 1204 1800 1254 αὒ-

250 1279 342 1330 τοῦ
386 1279 482 1347 τὴν
533 1281 744 1334 πάντων
793 1283 1078 1351 καλλίστην
1126 1280 1286 1335 οὖσαν
1333 1286 1423 1337 καὶ
1470 1285 1798 1355 ὡραιοτέραν

249 1358 428 1410 λαϐεῖν
463 1362 633 1427 ἐαυτῷ
670 1367 916 1429 γυναῖκα·
961 1367 1053 1416 καὶ
1098 1365 1289 1436 εὑρέθη
1326 1366 1520 1435 Ἐσθὴρ
1551 1367 1609 1418 16
1649 1367 1798 1432 γένος

262 1440 483 1493 Ἰουδαία
515 1445 868 1512 τυγχάνουσα.
899 1441 1005 1497 Ἦν
1033 1447 1089 1498 δὲ
1121 1448 1213 1498 καὶ
1239 1447 1574 1515 Μαρδοχαῖος
1605 1463 1797 1513 συγγε-

247 1522 342 1589 νὴς
375 1523 543 1590 αὐτῆς
572 1525 675 1576 ἀπὸ
708 1526 802 1595 τῆς
828 1527 1198 1595 αἰχμαλωσίας
1231 1527 1329 1596 τῆς
1375 1528 1668 1596 γενομένης
1708 1529 1797 1578 ἐπὶ

247 1602 493 1655 Σεδεκίου
520 1606 575 1656 ἐν
605 1607 738 1675 αὐτῇ
779 1610 844 1677 τῇ
889 1607 1058 1676 χώρᾳ.
1107 1607 1162 1659 '0
1204 1603 1293 1659 οὖν
1343 1606 1587 1676 βασιλεὺς
1628 1608 1796 1676 μέγαν

246 1686 475 1754 ποιήσας
502 1687 592 1738 τὸν
610 1687 893 1756 λεγόμενον
934 1689 1122 1758 Ἀμάν,
1145 1688 1391 1740 ἐκέλευσε
1419 1689 1623 1750 πάντας
1639 1689 1796 1740 αὑτὸν

245 1771 584 1835 προσκυνεῖν.
633 1770 788 1821 Ἀλλά
819 1769 910 1821 τοῦ
933 1770 1271 1840 Μαρδοχαίου
1295 1773 1359 1840 τῇ
1384 1771 1518 1839 πρὸς
1545 1770 1674 1822 Θεὸν
1702 1770 1796 1821 λα-

243 1848 401 1916 τρείᾳ
438 1849 510 1918 μὴ
560 1851 977 1919 προσκυνοῦντος
1019 1851 1106 1902 τὸν
1147 1851 1449 1921 ἄνθρωπον,
1494 1851 1733 1920 ὠργίσθη
1767 1854 1794 1902 6

256 1927 446 1997 Ἀμάν,
474 1932 564 1982 καὶ
593 1931 773 2000 μαθὼν
799 1933 877 1983 ὃτι
913 1933 1159 1994 Ἰουδαῖός
1193 1935 1335 1994 ἐστι,
1377 1933 1550 1984 πείθει
1583 1933 1671 1983 τὸν
1698 1932 1794 2000 βα-

247 2010 396 2062 σιλέα
432 2012 804 2082 Ἀρταξέρξην,
836 2016 926 2066 καὶ
955 2014 1154 2083 γράφει
1183 2015 1319 2066 ῶστε
1354 2015 1555 2076 πάντας
1580 2015 1702 2075 τοὺς
1737 2015 1794 2064 ἐν

242 2095 309 2160 τῇ
344 2092 585 2162 βασιλείᾳ
605 2095 764 2145 αὐτοῦ
801 2095 1080 2156 Ἰουδαίους
1100 2096 1407 2164 ὀλορρἰους
1427 2095 1714 2147 ἀπολέσθαι
1736 2097 1793 2147 ἐν

248 2175 346 2241 μιᾷ
375 2174 555 2243 ἡμέρᾳ
580 2175 653 2244 τῷ
680 2175 956 2246 δωδεκάτῳ
985 2177 1128 2246 μηνί.
1162 2177 1328 2228 Τοῦτο
1351 2177 1526 2228 τοίνυν
1556 2174 1737 2244 μαθὼν
1765 2179 1792 2228 6

243 2254 598 2324 Μαρδοχαῖος,
625 2259 854 2320 ἐπένθει,
892 2261 984 2311 καὶ
1016 2259 1300 2327 νηστεύων,
1346 2258 1665 2329 προῦπεμψε
1694 2260 1791 2328 τὴν

255 2340 451 2410 Ἔσθὴρ
479 2342 641 2405 ἀξιῶν
672 2345 818 2413 παρὰ
845 2346 1009 2413 αὐτῆς
1032 2345 1276 2414 βοήθειαν
1301 2346 1567 2413 γενέσθαι.
1610 2347 1668 2396 Ἠ
1692 2347 1792 2398 τοί-

243 2443 338 2478 νυν
376 2427 570 2497 Ἐσθὴρ
598 2429 951 2498 νηστεύσασα,
988 2433 1080 2483 καὶ
1110 2432 1375 2501 εὐξαμένη
1407 2431 1484 2501 τῷ
1507 2432 1642 2502 Θεῷ,
1672 2433 1789 2484 ἐκό-

243 2529 448 2581 σμησεν
480 2516 673 2586 ἐαυτὴν
709 2517 784 2586 τῷ
825 2519 1110 2588 γυναικείῳ
1149 2520 1365 2588 κόσμῳ,
1419 2521 1510 2571 καὶ
1551 2520 1622 2589 μὴ
1657 2521 1788 2589 κλη-

239 2598 390 2650 θεῖσα
410 2601 530 2665 (ούκ
551 2597 616 2670 ἦν
641 2601 745 2673 γάρ
770 2603 886 2666 ἐξὸν
919 2603 990 2673 μὴ
1014 2603 1300 2674 κληθεῖσαν
1327 2605 1624 2674 εἰσελθεῖν),
1643 2607 1789 2675 ὅμως

233 2684 450 2752 εἰσῆλθε
478 2687 624 2756 παρά
649 2689 738 2741 τὸν
767 2689 950 2758 καιρὸν
986 2689 1120 2759 πρὸς
1151 2690 1238 2741 τὸν
1283 2689 1520 2757 βασιλέα,
1553 2692 1669 2742 ἀντὶ
1695 2691 1786 2742 τοῦ

235 2771 427 2838 καιροῦ
449 2775 511 2841 τῇ
540 2774 667 2842 εὐχῇ
697 2774 989 2844 θαρροῦσα.
1024 2770 1156 2826 Εἶτα
1173 2776 1263 2826 τοῦ
1291 2775 1550 2843 βασιλέως
1581 2777 1790 2846 θαυμά-

233 2856 414 2919 ζοντος
440 2859 497 2909 τὸ
526 2858 689 2922 ξένον,
723 2860 910 2912 ἔπεσεν
942 2861 1117 2930 ἐκείνη
1153 2862 1256 2913 ἀπὸ
1290 2861 1381 2913 τοῦ
1417 2863 1600 2930 φόϐου.
1643 2863 1703 2917 Ὀ
1731 2864 1786 2916 δέ

229 2943 364 3005 Θεὸς
400 2945 653 3013 μετέϐαλε
684 2947 771 2998 τὸν
811 2947 979 3017 θυμὸν
1011 2948 1101 3000 τοῦ
1144 2948 1405 3016 βασιλέως
1439 2952 1518 3012 εἰς
1544 2950 1785 3003 διάθεσιν

233 3029 330 3080 καὶ
360 3030 653 3098 πραότητα·
693 3034 784 3083 καὶ
813 3033 1045 3096 ἀναστὰς
1084 3033 1345 3086 ἐϐάστασε
1392 3037 1489 3104 τὴν
1527 3039 1784 3103 γυναῖκα,

234 3116 332 3167 καὶ
364 3117 653 3184 παρεκάλει
677 3119 842 3187 αὐτὴν
871 3120 941 3188 μὴ
967 3120 1261 3186 φοϐεῖσθαι,
1290 3121 1423 3172 άλλά
1445 3122 1535 3173 καὶ
1558 3123 1784 3189 ἠξίωσεν

231 3201 404 3271 αὐτὴν
429 3203 712 3262 αἰτεῖσθαι,
753 3203 806 3254 εί
843 3220 894 3255 τι
940 3204 1196 3272 βούλοιτο.
1251 3205 1312 3259 Ἢ
1345 3207 1400 3259 δὲ
1444 3209 1536 3261 ἐπὶ
1574 3209 1784 3262 δεῖπνον

229 3289 461 3357 ἠξίωσεν
495 3289 664 3341 ἐλθεῖν
697 3290 853 3342 αὐτόν
883 3308 938 3343 τε
978 3292 1065 3343 16v
1098 3292 1318 3361 βασιλέα
1337 3294 1431 3345 καὶ
1459 3294 1548 3345 τὸν
1594 3295 1780 3364 Ἀμάν,

229 3378 330 3444 οὐχ
364 3376 528 3438 ἀπαξ,
553 3376 686 3428 ἀλλὰ
721 3379 810 3428 καὶ
837 3379 1102 3447 δεύτερον.
1149 3382 1202 3432 Ὀ
1231 3380 1328 3448 μὲν
1349 3377 1440 3432 οὖν
1483 3381 1648 3448 Ἀμάν
1673 3381 1786 3432 δια-

229 3461 416 3529 χυθεὶς
442 3463 533 3514 καὶ
555 3463 836 3530 γανωθεὶς,
880 3466 953 3527 ὼς
983 3467 1086 3518 ὑπὸ
1119 3465 1214 3534 τῆς
1239 3466 1501 3534 βασιλίδος
1540 3467 1784 3529 ἀξιωθεὶς

225 3549 511 3617 κληθῆναι,
545 3551 622 3603 ἐτι
661 3551 854 3619 μᾶλλον
885 3555 1115 3622 ἐπήρετο
1136 3555 1275 3607 κατά
1303 3553 1394 3606 τοῦ
1420 3555 1780 3624 Μαρδοχαίου,

223 3638 321 3686 καὶ
375 3635 592 3705 ἐποίησε
645 3637 795 3699 ξύλον
828 3639 1060 3706 κοπῆναι
1117 3639 1278 3708 μέγα,
1335 3639 1652 3708 βουλόμενος
1693 3641 1783 3692 τὸν

221 3721 564 3789 Μαρδοχαῖον
597 3724 661 3791 τῇ
693 3724 815 3791 ἐξῆς
846 3723 1027 3794 ήμέρᾳ
1055 3727 1110 3776 ἐν
1141 3725 1288 3794 αὐτῷ
1311 3727 1600 3795 κρεμάσαι.
1639 3728 1695 3777 Ὀ
1725 3728 1781 3778 δέ

224 3805 475 3873 βασιλεὺς
521 3809 658 3861 κατά
702 3825 820 3862 τινα
857 3811 1108 3882 πρόνοιαν
1146 3812 1384 3880 ἀγαθὴν,
1432 3813 1782 3882 ἀγρυπνήσας

225 3893 444 3962 ἐκείνην
469 3893 563 3963 τὴν
590 3893 775 3957 νύκτα,
799 3896 888 3947 καὶ
919 3895 991 3965 μὴ
1019 3895 1306 3965 δυνάμενος
1353 3899 1594 3950 ὑπνῶσαι
1613 3939 1626 3961 ,
1665 3899 1783 3950 ἐκέ-

225 3979 420 4031 λευσεν
472 3981 931 4050 ἀναγινώσκεσθαι
988 3985 1134 4054 αύτῷ
1186 3985 1290 4036 τῶν
1336 3987 1582 4054 πράξεων
1619 3987 1780 4037 αὑτοῦ

233 4068 294 4118 τὰ
330 4068 707 4138 ὑπομνήματα.
746 4071 1279 4140 Ἀναγινωσκομένων
1315 4072 1369 4122 δέ
1410 4072 1618 4130 αὐτῶν,
1657 4065 1779 4140 εὗρε

218 4154 424 4223 πρᾶξιν
449 4155 654 4225 ἀγαθὴν
687 4158 764 4218 εἰς
793 4159 950 4210 αὑτὸν
981 4159 1274 4228 γενομένην
1305 4159 1408 4210 ὑπὸ
1445 4159 1536 4210 τοῦ
1570 4160 1781 4228 Μαρδο-

216 4242 399 4309 χαίου.
428 4239 528 4293 Δύο
565 4243 671 4310 γάρ
691 4244 970 4314 εὐνούχους
999 4246 1282 4314 μέλλοντας
1313 4247 1679 4298 ἐπιϐουλεύειν
1705 4246 1778 4315 τῷ

219 4327 434 4395 βασιλεῖ
471 4331 801 4399 κατήνεγκεν
831 4332 975 4402 αύτῷ
991 4331 1066 4402 τῷ
1094 4334 1300 4403 βασιλεῖ
1329 4336 1420 4386 καὶ
1447 4334 1684 4403 ἤλεγξεν.
1723 4335 1779 4386 '0

212 4414 402 4466 τοίνυν
438 4416 682 4484 βασιλεὺς
729 4417 1122 4487 ἀποδεξάμενος
1167 4421 1265 4489 τὴν
1320 4421 1634 4491 προαίρεσιν
1685 4421 1778 4472 τοῦ

213 4501 584 4569 Μαρδοχαίου,
635 4502 813 4572 ἐζήτει
849 4507 1010 4573 τιμὴν
1044 4505 1200 4569 ἀξίαν
1230 4506 1308 4574 τῷ
1350 4507 1570 4572 τοιούτῳ
1603 4525 1779 4577 παραο

214 4588 389 4653 σχεῖν.
421 4587 504 4648 Ὠς
529 4589 584 4640 δέ
601 4589 812 4656 εἰσῆλθε
842 4590 984 4659 πρωῒ
1012 4592 1145 4660 πρὸς
1177 4591 1378 4644 αὑτὸνό
1408 4593 1596 4661 Ἀμάν,
1621 4594 1778 4644 ἐπυν-

214 4675 412 4726 θάνετο
442 4674 585 4747 [564]
610 4680 637 4730 6
669 4679 916 4746 βασιλεὺς
966 4679 1125 4732 αὑτοῦ
1149 4723 1160 4740 ,
1199 4682 1384 4743 ὁποίας
1422 4683 1514 4734 καὶ
1543 4679 1778 4751 πηλίκης

210 4761 385 4829 τιμῆς
417 4761 562 4824 ἄξιός
590 4765 735 4817 ἐστιν
776 4769 804 4819 ό
844 4766 932 4818 τὸν
961 4767 1180 4834 βασιλέα
1211 4769 1592 4838 εὐεργετήσας.
1637 4770 1692 4822 Ὀ
1723 4769 1776 4820 δὲ

227 4847 288 4898 Ἀ
301 4845 406 4914 μάν
428 4848 659 4915 νομίζων
688 4853 813 4922 περὶ
831 4851 992 4904 αὑτοῦ
1018 4852 1380 4906 πυνθάνεσθαι
1411 4854 1500 4906 τὸν
1537 4855 1773 4923 βασιλέα,

211 4931 373 4988 εἷπεν
399 4935 543 4999 ἄξιον
576 4933 710 4988 εἶναι
756 4939 846 4990 16v
877 4939 1113 4992 τοιοῦτον
1149 4941 1395 5011 δεύτερον
1427 4942 1648 5009 βασιλέα
1681 4961 1777 4994 κα-

212 5019 445 5073 λεῖσθαι.
487 5021 543 5072 ὐ
578 5021 674 5090 μὲν
698 5017 789 5074 οὖν
818 5023 1065 5090 βασιλεὺς
1091 5027 1298 5078 κελεύει
1325 5027 1413 5079 16v
1443 5029 1776 5097 Μαρδοχαῖον

211 5111 324 5177 τῆς
356 5107 607 5176 τοιαύτης
655 5107 947 5176 ἀξιωθῆναι
985 5112 1165 5180 τιμῆς,
1206 5115 1296 5164 καὶ
1341 5113 1429 5164 τὸν
1472 5114 1638 5181 Ἀμὰν
1677 5114 1746 5181 ἐμ

214 5196 457 5266 προσθεν
487 5196 648 5248 αὑτοῦ
689 5201 1026 5265 περιπατεῖν.
1080 5201 1143 5251 Ἠ
1191 5201 1247 5252 δέ
1285 5201 1481 5270 Ἐσθὴρ
1511 5203 1774 5272 πρόφασιν

213 5283 476 5352 εὑροῦσα,
506 5283 699 5350 ἠξίωσε
730 5284 854 5352 περὶ
887 5283 994 5336 τῶν
1035 5286 1318 5339 Ἰουδαίων.
1345 5284 1474 5339 Εἶτα
1503 5288 1594 5339 τοῦ
1627 5290 1776 5356 βασι⁹

213 5369 360 5429 λέως
392 5367 717 5436 λυπηθέντος
748 5369 840 5421 ἐπὶ
866 5368 942 5437 τῷ
970 5371 1265 5441 παρανόμῳ
1286 5373 1661 5442 προστάγματι
1699 5371 1774 5438 τῷ

213 5453 366 5507 κατά
385 5454 493 5506 τῶν
525 5455 802 5514 Ἰουδαίων,
829 5455 920 5506 καὶ
948 5454 1288 5522 ὀργισθέντος
1304 5458 1440 5508 κατὰ
1461 5457 1551 5508 τοῦ
1584 5458 1635 5506 Ἀ
1648 5457 1770 5524 μάν,

213 5538 382 5600 αὐτὸς
406 5541 434 5591 ὁ
478 5539 646 5609 Ἀμάν
683 5539 974 5609 παρεκάλει
1019 5539 1114 5608 τὴν
1154 5541 1350 5611 Ἑσθὴρ
1374 5584 1387 5608 ,
1429 5543 1652 5604 ἀπόντος
1682 5543 1773 5595 τοῦ

282 5701 312 5730 ⁸
338 5701 547 5762 ιάὶρευπι
569 5700 775 5751 habetur
808 5702 855 5750 in
880 5702 1029 5750 altera
1054 5700 1275 5762 Synepsi.

1916 663 2072 714 μενον
2096 646 2202 697 τῶν
2233 646 2388 715 ἰχνῶν
2418 647 2516 713 τῆς
2544 646 2873 714 βασιλίσσης,
2905 644 3201 712 ὑπονοήσας
3229 639 3464 710 αἰσχρῶς

1911 732 2068 782 αὑτὸν
2098 731 2250 783 τοῦτο
2282 735 2468 794 ποιεῖν,
2501 732 2779 782 ἐκέλευσεν
2820 731 2980 784 αὑτὸν
3029 729 3127 797 μὲν
3167 727 3255 779 τὸν
3295 725 3463 794 Ἀμάν

1911 819 1989 879 εἰς
2021 819 2080 869 16
2110 819 2282 883 ξύλον,
2311 820 2444 886 ὅπερ
2471 815 2538 887 ῆν
2567 819 2852 887 ἑτοιμάσας
2872 817 2948 885 τῷ
2972 814 3316 885 Μαρδοχαίῳ,
3347 830 3464 880 κρε-

1913 904 2201 971 μασθῆναι·
2235 905 2430 972 γράφει
2476 905 2531 955 δέ
2563 903 2739 956 ἄνεσιν
2773 904 2869 972 μὲν
2908 901 3048 970 ἔχειν
3098 900 3299 962 πάντας
3341 899 3464 958 τοὺς

1923 990 2221 1051 Ἰουδαίους,
2247 992 2371 1050 τοὺς
2409 990 2464 1040 δὲ
2499 989 2724 1058 ἐχθροὺς
2758 987 2936 1039 αὐτῶν
2961 984 3308 1054 ἀναιρεθῆναι
3335 985 3462 1052 παρ’

1908 1073 2100 1126 αὐτῶν.
2157 1075 2262 1126 Καὶ
2302 1075 2351 1125 οί
2399 1075 2495 1143 μὲν
2521 1074 2891 1143 ἀναιρεθέντες
2919 1073 3024 1124 εἰσὶ
3056 1071 3232 1140 μύριοι
3271 1087 3463 1121 πεντα-

1909 1160 2179 1228 κισχίλιοι.
2222 1159 2411 1226 Γέγονε
2434 1160 2488 1210 δέ
2516 1160 2674 1228 ἑορτὴ
2706 1163 2771 1229 τῇ
2806 1159 2866 1210 ιδ’
2899 1159 2989 1210 καὶ
3021 1157 3082 1208 ιε’
3144 1159 3202 1207 ἐν
3231 1155 3305 1223 τῷ
3335 1156 3463 1223 μηνὶ

1907 1245 1983 1312 τῷ
2010 1245 2309 1313 δωδεκάτῳ,
2349 1246 2494 1306 ὅστις
2549 1245 2793 1296 καλεῖται
2827 1242 3015 1311 Ἀδαρ.
3059 1242 3324 1294 Καλεῖται-
3349 1241 3461 1308 δὲή

1907 1330 2084 1398 ἡμέρα
2136 1329 2270 1398 αῦτη
2322 1333 2387 1398 τῇ
2439 1330 2542 1398 ἰδίᾳ
2582 1330 2845 1397 διαλέκτῳ
2897 1329 3074 1380 αὐτῶν
3121 1327 3315 1396 Φουρά.
3365 1329 3461 1376 Διά

1904 1415 2056 1467 τοῦτο
2089 1416 2226 1467 κατά
2257 1416 2354 1483 τὴν
2381 1417 2590 1485 ἡμέραν
2629 1417 2829 1484 ταύτην
2869 1416 3108 1468 καίουσιν
3139 1417 3186 1466 οἱ
3225 1414 3460 1465 Ἰουδαῖοι

1904 1504 1992 1555 τὸν
2035 1503 2226 1571 Ἀμάν.
2257 1504 2349 1555 καὶ
2399 1503 2745 1572 ἑορτάζουσι,
2786 1504 3123 1572 μνημόσυνον
3163 1498 3325 1553 οὖσαν
3364 1500 3459 1569 τῆς

1905 1589 2175 1658 σωτηρίας
2200 1588 2394 1642 αὐτῶν.
2419 1589 2524 1640 Καὶ
2547 1591 2603 1641 ἐν
2618 1589 2823 1651 τούτοις
2849 1588 2998 1646 τέλος
3025 1589 3134 1656 ἔχει
3162 1588 3220 1639 16
3240 1586 3458 1651 βιϐλίον.

2462 1698 2640 1766 Τωϐἰτ
2660 1713 2924 1776 βιϐλίον.

1971 1816 2146 1868 Τωϐὶτ
2175 1818 2416 1870 καλεῖται
2443 1817 2501 1869 16
2535 1816 2755 1886 βιϐλίον,
2792 1817 2976 1886 ἐπειδὴ
3003 1815 3099 1885 τὴν
3141 1818 3268 1884 περὶ
3294 1816 3456 1868 αὑτοῦ

1901 1900 1992 1951 τοῦ
2018 1901 2194 1953 Τωϐὶτ
2235 1903 2470 1971 ἱστορίαν
2500 1903 2759 1972 περιέχει.
2807 1903 2962 1954 Ἐστι
3007 1903 3062 1954 δέ
3090 1904 3117 1954 6
3146 1902 3323 1954 Τωϐὶτ
3352 1903 3460 1954 ἀπὸ

1905 1986 2001 2054 μὲν
2031 1987 2202 2054 φυλῆς
2227 1987 2557 2056 Νεφθαλείμ,
2585 1988 2774 2055 γέγονε
2801 1988 2856 2040 δέ
2893 1990 2949 2039 ἐν
2983 1990 3049 2056 τῇ
3092 1987 3457 2057 αἰχμαλωσίᾳ,

1901 2072 1992 2122 καὶ
2020 2066 2085 2140 ῆν
2119 2073 2174 2123 ἐν
2202 2075 2264 2140 τῇ
2303 2072 2488 2124 Νινευῖ
2519 2073 2762 2144 ἐλεήμων
2792 2074 2885 2125 καὶ
2916 2073 3188 2144 θεοσεϐής.
3221 2074 3326 2126 Καὶ
3351 2073 3458 2143 γὰρ

1900 2158 1959 2209 ἐν
1986 2160 2050 2225 τῇ
2081 2158 2422 2228 αἰχμαλωσίᾳ
2455 2159 2758 2226 γενόμενος,
2782 2160 2881 2210 οὐκ
2911 2157 3062 2228 ῆσθιε
3093 2159 3266 2210 κοινὸν
3296 2159 3458 2228 ἄρτον

1899 2242 2004 2293 ἀπὸ
2031 2242 2135 2293 τῶν
2159 2242 2344 2302 ἐθνῶν,
2377 2243 2488 2294 ἀλλ’
2519 2243 2704 2294 ἑαυτὸν
2754 2245 3102 2312 συνετήρησε.
3133 2240 3241 2296 Ἦν
3277 2245 3330 2296 δέ
3365 2247 3459 2297 καὶ

1898 2329 2202 2397 ἀγοραστὴς
2227 2329 2318 2380 τοῦ
2354 2329 2610 2396 βασιλέως
2651 2329 3039 2397 Ἐνεμασάρου,
3073 2330 3164 2381 καὶ
3197 2331 3457 2399 παρέθετο

1897 2417 1953 2467 ἐν
1988 2419 2050 2483 τῇ
2083 2415 2290 2484 Μηδείᾳ
2321 2415 2532 2484 Γαϐαὴλ
2557 2415 2786 2466 τάλαντα
2812 2422 2861 2468 ι’.
2907 2411 3074 2477 Οὗτος
3107 2413 3198 2468 οὖν
3225 2418 3252 2468 6
3279 2418 3454 2468 Τωϐὶτ

1899 2501 2128 2565 σπουδὴν
2153 2497 2260 2569 εἶχε
2287 2500 2509 2554 θάπτειν
2543 2501 2666 2562 τοὺς
2699 2501 3138 2568 ἀποθνήσκοντας
3183 2503 3290 2554 τῶν
3329 2503 3468 2554 Ἰουσι

1895 2587 2074 2638 δαίων.
2109 2587 2419 2654 Διαϐληθεὶς
2443 2586 2496 2637 δὲ
2514 2585 2588 2654 τῷ
2606 2586 2812 2656 βασιλεῖ
2849 2587 3115 2657 Ἀχειρὴλ,
3144 2588 3330 2656 ἔφυγε.
3349 2589 3456 2641 Καὶ

1897 2671 2222 2735 ἐπανελθὼν,
2258 2675 2349 2725 καὶ
2377 2673 2550 2741 θάψας
2597 2673 2716 2726 τινὰ
2749 2673 2853 2725 τῶν
2888 2673 3281 2737 ἀποθανόντων,
3317 2675 3456 2725 ἐκοι-

1899 2759 2042 2826 μήθη
2071 2759 2171 2821 ἔξω
2204 2758 2294 2810 τοῦ
2337 2760 2564 2828 τείχους,
2617 2760 2710 2811 καὶ
2756 2760 2830 2821 ὠς
2887 2760 3042 2811 εἴωθε
3095 2762 3451 2829 κοιμώμενος,

1895 2845 2265 2913 ἀνεῳγμένους
2288 2841 2397 2914 εἶχε
2420 2849 2541 2910 τοὺς
2566 2845 2894 2915 ὀφθαλμοὺς,
2928 2846 3217 2917 στρουθίων
3243 2847 3296 2899 δέ
3320 2848 3451 2915 ἀφο⁸

1895 2932 2194 2984 δευσάντων
2228 2935 2428 2985 ἄνωθεν
2451 2936 2528 2994 είς
2554 2934 2678 2994 τοὺς
2702 2933 3008 3002 ὀφθαλμοὺς
3038 2933 3222 2998 αὑτοῦ,
3250 2933 3453 2986 λευκὼ-

1899 3036 2040 3086 ματα
2070 3019 2214 3087 ἔσχε,
2246 3019 2338 3071 καὶ
2375 3019 2553 3071 οὐκέτι
2583 3019 2827 3072 ἔϐλεπεν.
2871 3016 2978 3071 Ἦν
3023 3021 3078 3072 δὲ
3108 3021 3199 3072 καὶ
3230 3022 3284 3072 ἐν
3328 3022 3450 3072 Ἐκ-

1895 3103 2140 3164 ϐατάνοις
2195 3104 2436 3174 θυγάτηρ
2489 3104 2580 3156 τοῦ
2640 3105 2904 3173 Ῥαγουὴλ
2952 3106 3242 3172 συγγενοῦς
3287 3107 3459 3160 αὑτοῦ.

1893 3189 2074 3258 Σάρρα
2113 3189 2351 3257 ὀνόματι.
2373 3189 2585 3257 Ταύτην
2611 3191 2917 3259 γαμηθῆναι
2958 3193 3056 3243 οὐκ
3101 3193 3397 3262 ἐπέτρεπεν
3423 3197 3454 3246 ὁ

1891 3273 2096 3341 δαίμων
2141 3274 2452 3343 Ἀσμοδαῖος
2472 3291 2486 3306 ·
2516 3275 2653 3327 ἐπτά
2683 3275 2810 3341 γοῦν
2842 3275 2965 3344 ἐξῆς
2992 3275 3248 3340 λαϐόντας
3283 3279 3448 3349 αὐτὴν

1892 3361 2171 3412 ἀπέκτεινε
2205 3366 2221 3382 ⁶
2255 3359 2370 3430 [καὶ
2389 3361 2527 3414 πάνυ
2548 3360 2868 3431 λυπηθεῖσα·
2892 3363 3029 3415 ἐπτά
3059 3365 3166 3435 γὰρ
3193 3365 3447 3429 λαϐόντας

1893 3446 2018 3515 ἐξῆς
2049 3447 2214 3516 αὐτὴν
2243 3448 2569 3519 ἀπέκτεινε].
2604 3450 2710 3501 Καὶ
2754 3450 2891 3502 πάνυ
2926 3451 3223 3521 λυπηθεῖσα
3252 3456 3284 3522 ὴ
3322 3457 3446 3517 παῖς

1891 3534 2109 3602 ηὔξατο·
2142 3536 2235 3588 καὶ
2265 3537 2579 3589 ἀπέστειλεν
2609 3538 2741 3608 αὐτῇ
2774 3538 2962 3608 βοηθὸν
2991 3541 3018 3590 6
3039 3540 3167 3602 Θεὺς
3199 3541 3288 3594 τὸν
3311 3543 3444 3612 ἀρχ-

1891 3620 2115 3687 άγγελον
2169 3622 2428 3691 Ῥαφαήλ.
2507 3623 2566 3674 'U
2617 3623 2793 3674 τοίνυν
2844 3624 3019 3676 Τωϐὶτ
3079 3629 3446 3696 παραγγείλας

1890 3705 1968 3773 τῷ
2003 3705 2101 3775 υἱῷ
2127 3707 2287 3758 αὐτοῦ
2311 3709 2492 3778 Τωϐίᾳ
2535 3709 2608 3777 μὴ
2645 3709 2824 3762 λαϐεῖν
2859 3710 3151 3780 ἀλλαχόθεν
3194 3718 3441 3780 γυναῖκα,

1891 3793 1939 3842 εί
1974 3791 2046 3860 μὴ
2079 3793 2142 3844 ἐκ
2165 3793 2258 3860 τῆς
2289 3793 2460 3863 φυλῆς
2504 3795 2667 3847 αὑτοῦ
2712 3797 2805 3847 καὶ
2849 3797 2942 3848 τοῦ
2980 3798 3200 3864 γένους,
3235 3799 3444 3851 δίδωσιν

1891 3877 2035 3945 αὐτῷ
2067 3877 2126 3928 16
2151 3879 2508 3948 χειρόγραφον
2543 3881 2649 3932 τῶν
2671 3881 2800 3932 δέκα
2826 3882 3118 3945 ταλάντων,
3148 3885 3240 3935 καὶ
3263 3885 3440 3936 ἐντέλ-

1889 3961 2036 4014 λεται
2085 3963 2230 4031 αὑτῷ
2279 3964 2528 4015 ἀπελθεῖν
2564 3967 2655 4016 καὶ
2700 3967 3018 4034 ἀπαιτῆσαι.
3061 3969 3287 4034 Ἀγνοῶν
3328 3969 3382 4022 δὲ
3416 3975 3444 4022 ό

1891 4050 2017 4107 παῖς
2050 4048 2148 4116 τὴν
2205 4049 2318 4100 666v
2351 4048 2498 4120 [565]
2541 4052 2632 4102 καὶ
2686 4052 2775 4102 τὸν
2819 4052 3118 4122 ἄνθρωπον,
3167 4055 3441 4124 ἐξέρχεται

1891 4131 2122 4202 ζητῆσαι
2160 4134 2549 4204 συνοδοιπόρον.
2578 4137 2730 4189 Κατὰ
2756 4137 2888 4190 Θεοῦ
2930 4141 3181 4210 πρόνοιαν
3205 4142 3448 4212 εὑρίσκει

1887 4218 1978 4271 16v
2025 4219 2284 4289 Ῥαφαὴλ,
2313 4221 2385 4282 ὼς
2414 4221 2695 4292 ἄνθρωπον
2723 4225 2928 4278 ἐστῶτα
2949 4226 3070 4290 ἔξω,
3103 4229 3195 4280 καὶ
3225 4229 3442 4298 μισθοῦ-

1887 4323 1975 4356 ται
2007 4305 2168 4357 αὑτὸν
2205 4305 2427 4371 λέγοντα
2455 4308 2649 4361 εἰδέναι
2688 4311 2786 4379 τὴν
2819 4311 2954 4364 ὁδόν.
2981 4317 2995 4333 ⁸
3029 4313 3158 4384 [Καὶ
3178 4317 3439 4369 συνοδεύει

1887 4391 2028 4460 αύτῷ
2045 4395 2071 4444 6
2093 4391 2314 4459 ἄγγελος
2335 4394 2407 4456 ὡς
2424 4395 2702 4464 ἄνθρωπον
2718 4397 2937 4464 λέγοντα
2958 4401 3148 4451 εἰδέναι
3165 4403 3260 4470 τὴν
3279 4402 3437 4470 ὁδόν.]

1888 4479 1995 4528 Καὶ
2028 4477 2294 4529 συνοδεύει
2348 4479 2492 4547 αύτῷ
2517 4482 2544 4530 ό
2573 4482 2905 4549 ἀρχάγγελος
2949 4484 3183 4554 Ῥαφαῆλ
3230 4487 3304 4548 ὼς
3347 4489 3439 4540 ἄν-

1887 4563 2097 4631 θρωπος
2130 4565 2414 4632 λεγόμενος
2459 4565 2728 4634 Ἀζαρίας.
2769 4567 3054 4621 Ἐλθόντων
3079 4571 3133 4622 δὲ
3169 4573 3344 4624 αὐτῶν
3360 4575 3437 4636 εἰς

1885 4650 1972 4701 τὸν
2024 4651 2226 4720 Τίγρην
2279 4651 2539 4720 ποταμὸν,
2603 4654 2863 4724 ἠθέλησεν
2915 4659 2942 4709 6
2972 4661 3094 4721 παῖς
3148 4662 3226 4721 εἰς
3279 4662 3436 4712 αὑτὸν

1885 4736 2184 4805 καταϐῆναι
2214 4737 2305 4788 καὶ
2334 4737 2652 4800 λούσασθαι,
2705 4743 2796 4792 καὶ
2841 4743 2999 4804 εὐθὺς
3047 4745 3195 4812 ἰχθὺς
3229 4747 3434 4815 ἐπεπὴ-

1883 4822 2010 4890 δησε
2037 4822 2114 4890 τῷ
2140 4821 2406 4892 παιδαρίῳ
2439 4824 2624 4892 μέγας.
2671 4826 2727 4878 Ὀ
2758 4826 2811 4878 δέ
2845 4828 3068 4895 ἄγγελος
3108 4826 3256 4884 εἶπεν
3289 4833 3435 4900 αὐτῷ

1884 4908 2231 4960 ἐπιλαϐέσθαι
2261 4908 2350 4959 τοῦ
2390 4909 2566 4977 ἰχθύος
2600 4911 2692 4962 καὶ
2727 4915 2909 4980 τεμεῖν
2948 4914 3107 4967 αὑτὸν
3137 4919 3227 4968 καὶ
3256 4917 3435 4970 λαϐεῖν

1883 4995 1941 5045 τό
1965 5010 2021 5044 τε
2047 4989 2196 5063 ἧπαρ
2221 4993 2313 5045 καλ.
2336 4995 2433 5063 τὴν
2464 4995 2686 5064 καρδίαν
2711 4997 2873 5049 αὐτοῦ
2900 5000 2992 5050 καὶ
3017 5003 3112 5070 τὴν
3139 5002 3317 5072 χολὴν,
3344 5007 3436 5056 καὶ

1882 5077 2052 5129 ταῦτα
2089 5080 2292 5148 τηρεῖν.
2331 5075 2465 5131 Εἶτα
2493 5080 2889 5151 πυνθανομένου
2935 5084 3027 5137 τοῦ
3083 5089 3302 5150 παιδὸς,
3357 5092 3434 5149 εἰς

1881 5165 1932 5214 τί
1962 5167 2201 5233 χρήσιμα
2232 5163 2422 5228 ταῦτα,
2447 5165 2650 5229 ἐκεῖνος
2685 5167 2807 5237 ἐφη·
2838 5168 2910 5220 T6
2943 5166 3093 5240 ἧπαρ
3120 5173 3266 5240 καὶὴ
3297 5191 3432 5242 καρ-

1881 5248 1966 5300 δία
1995 5248 2314 5318 θυμιώμενα
2336 5249 2514 5315 διώξει
2557 5253 2650 5304 τὸν
2678 5253 2920 5322 δαίμονα·
2951 5257 2982 5323 ή
3014 5256 3068 5307 δέ
3107 5257 3233 5327 χολὴ
3263 5260 3430 5312 καθα-

1885 5337 2022 5405 ρίσει
2047 5336 2113 5388 τὰ
2140 5337 2485 5406 λευκώματα.
2531 5339 2587 5391 '0
2631 5341 2727 5409 μὲν
2750 5336 2840 5394 οῦν
2866 5345 2991 5405 παῖς
3030 5345 3320 5415 συμϐουλίᾳ
3343 5349 3432 5400 καὶ

1884 5423 2136 5492 συνεργίᾳ
2172 5422 2266 5473 τοῦ
2312 5423 2541 5489 ἀγγέλου
2591 5425 2852 5494 λαμϐάνει
2890 5427 2985 5498 τὴν
3034 5430 3124 5482 τοῦ
3169 5431 3432 5501 Ῥαγουὴλ

1881 5507 2150 5578 θυγατέρα
2180 5508 2276 5578 τὴν
2300 5510 2512 5580 Σάρραν
2560 5515 2820 5577 γυναῖκα,
2854 5514 3163 5584 διωχθέντος
3204 5518 3293 5570 τοῦ
3321 5519 3434 5572 δαι-

1943 5647 1969 5685 ὶι
2001 5647 2078 5695 Sic
2100 5649 2201 5697 fere
2226 5653 2375 5699 altera
2398 5651 2646 5712 Synopsis.

1949 5714 1963 5729 '
1984 5711 2098 5767 Quae
2121 5713 2304 5759 uncinis
2327 5711 2606 5762 inclusimus
2624 5716 2818 5764 omnino
2830 5715 3069 5776 ejicienda
3087 5719 3325 5769 videnlur.
3351 5722 3431 5773 I-In.
