4000 6220
575 384 683 438 361

576 487 758 561 μονίου
793 489 848 539 ἐν
871 487 945 556 τῷ
978 488 1280 558 θυμιάματι
1320 491 1511 560 τούτῳ,
1553 493 1641 544 καὶ
1684 492 1925 555 δεθέντος
1953 494 2030 556 είς
2060 494 2126 545 τά

574 574 819 641 ἀνώτερα
856 573 1293 644 μέρηΑίγύπτου
1348 576 1452 629 ὐπὸ
1502 577 1594 629 τοῦ
1628 578 1875 645 ἀγγέλου.
1922 578 2127 640 Μείνας

575 660 633 713 δέ
673 659 807 730 μετά
856 659 955 728 τῆς
1008 660 1261 729 γυναικὸς
1313 663 1341 715 6
1393 662 1625 724 Τωϐίας,
1675 662 1988 714 ἀποστέλλει
2036 664 2129 715 τὸν

591 746 859 816 Ἀζαρίαν,
894 746 969 808 ὡς
1015 746 1294 816 ἄνθρωπον
1330 748 1489 809 ὄντα,
1525 750 1603 810 είς
1634 747 1732 817 τὴν
1774 748 2004 818 Μηδίαν,
2035 750 2128 801 καὶ

578 835 880 904 ἀπαιτήσας
906 834 1110 896 ἐκεῖνος
1132 835 1200 887 τά
1227 834 1357 888 δέκα
1391 835 1622 888 τάλαντα
1658 835 1959 907 ὑπέστρεψε
1991 834 2126 905 μετά

576 920 676 989 τῆς
706 920 954 987 γυναικὸς
972 920 1064 973 καὶ
1092 921 1254 973 αὐτοῦ
1268 922 1359 974 τοῦ
1384 921 1610 988 ἀγγέλου
1632 921 1764 991 πρὸς
1782 922 1873 974 τὸν
1896 922 2123 991 πατέρα.

590 1006 958 1076 Ὑποστρέψας
988 1006 1044 1059 δὲ
1069 1009 1097 1059 6
1130 1010 1274 1068 παῖς,
1319 1008 1524 1077 ἐγχρίει
1560 1011 1626 1076 τῇ
1656 1007 1781 1077 χολῇ
1818 1007 1912 1059 τοῦ
1949 1006 2129 1076 ἰχθύος

578 1092 702 1154 τοὺς
755 1091 1062 1162 ὀφθαλμοὺς
1116 1091 1208 1144 τοῦ
1261 1092 1480 1161 πατρὸς,
1520 1095 1613 1145 καὶ
1654 1090 2046 1143 ἀποπίπτουσιν
2071 1091 2127 1143 αἱ

577 1179 806 1242 λεπίδες,
838 1180 930 1231 καὶ
975 1179 1134 1242 εὐθὺς
1171 1178 1444 1245 ἀνέϐλεψε.
1489 1180 1617 1230 Ὅτε
1664 1179 1760 1247 μὲν
1790 1176 2066 1247 ἐτυφλώθη
2100 1180 2128 1232 ό

578 1264 775 1328 Τωϐὶτ,
813 1258 880 1333 ἦν
904 1263 1040 1315 ἐτῶν
1078 1270 1157 1332 νη¹
1178 1302 1193 1325 ,
1224 1264 1309 1315 ὅτε
1346 1263 1402 1315 δέ
1433 1262 1711 1332 ἀνέϐλεψε,
1756 1259 1823 1333 ἦν
1862 1263 1997 1315 ἐτῶν
2021 1262 2125 1327 Eg".

576 1350 686 1401 Καὶ
727 1348 907 1401 λοιπὸν
943 1348 1230 1419 βλέψαντος
1264 1349 1425 1402 αὐτοῦ
1448 1390 1461 1414 ,
1496 1350 1834 1418 ἐφανέρωσεν
1881 1349 2068 1402 ἐαυτὸν
2091 1349 2128 1414 ,δ

575 1434 821 1504 ἄγγελος,
849 1435 929 1487 ὅτι
958 1435 1054 1487 οὐκ
1091 1435 1371 1503 ἄνθρωπος
1397 1430 1485 1505 ἦν,
1510 1434 1643 1488 ἀλλά
1676 1434 1827 1505 παρά
1863 1433 1956 1487 τοῦ
1993 1433 2126 1487 Θεοῦ

575 1519 850 1588 ἀπεστάλη
879 1522 959 1583 είς
1010 1518 1257 1591 βοήθειαν
1304 1520 1480 1573 αὐτῶν
1529 1538 1587 1573 τε
1639 1522 1733 1574 καὶ
1779 1521 1874 1590 τῆς
1921 1520 2125 1590 Σάρρα.

574 1605 823 1676 Γηράσας
856 1604 911 1656 δέ
944 1606 971 1656 6
1000 1604 1200 1670 Tw611,
1231 1605 1561 1676 παρήγγειλε
1581 1605 1659 1675 τῷ
1694 1604 1792 1675 υἱῷ
1823 1604 1985 1658 αὐτοῦ
2009 1605 2128 1657 Τω-

575 1691 686 1761 ϐία,
717 1689 964 1744 ἀπελθεῖν
996 1692 1074 1752 είς
1098 1690 1194 1760 τὴν
1218 1690 1427 1761 Μηδίαν
1451 1690 1537 1744 διὰ
1556 1691 1653 1760 τὴν
1676 1690 1938 1760 ἐσομένην
1964 1707 2130 1743 κατα-

575 1776 808 1847 στροφήν
835 1776 933 1846 τῆς
955 1775 1138 1829 Νινευῖ
1179 1777 1315 1829 κατά
1343 1777 1402 1829 16
1437 1776 1587 1847 ῥῆμα
1614 1777 1766 1829 Ἰωνᾶ
1796 1774 1889 1828 τοῦ
1919 1778 2128 1846 προφήο

572 1880 686 1928 του,
736 1864 827 1915 καὶ
870 1860 1104 1917 ἐκλιπὼν
1134 1862 1367 1915 ἀπέθανε
1413 1861 1547 1914 ἐτῶν
1579 1861 1655 1914 ὢν
1685 1868 1809 1933 ρνεθ.
1854 1861 1911 1913 '0
1938 1861 1994 1913 δέ
2017 1859 2128 1923 υίδς

572 1948 735 2001 αὐτοῦ
774 1946 966 2012 Τοϐίας
997 1946 1243 2003 ἀπελθὼν
1289 1950 1368 2011 είς
1410 1948 1507 2017 τήν
1538 1948 1769 2019 Μηδίαν,
1812 1947 1904 2000 καὶ
1954 1945 2126 2014 θάψας

572 2034 695 2097 τοὺς
720 2033 1009 2104 πενθερούς
1045 2035 1228 2097 αὐτοῦ,
1270 2035 1361 2086 καὶ
1394 2032 1627 2097 ἀκούσας
1670 2033 1920 2103 περὶτῆς
1961 2048 2127 2085 κατα-

574 2120 810 2189 στροφῆς
841 2118 1044 2183 Νινευτ,
1100 2119 1335 2173 ἀπέθανε
1374 2121 1468 2173 καὶ
1513 2120 1667 2181 αὐτὸς
1701 2118 1777 2189 ρζ*
1850 2117 1985 2171 ἐτῶν
2029 2116 2121 2170 ὢν.

576 2206 684 2258 Καὶ
706 2205 764 2258 ἐν
792 2204 996 2268 τούτοις
1024 2206 1172 2268 τέλος
1198 2205 1307 2270 ἔχει
1334 2207 1425 2258 καὶ
1447 2206 1603 2258 τοῦτο
1623 2205 1680 2256 τὸ
1714 2203 1935 2273 βιϐλίον.

1094 2347 1334 2399 Βιϐλιον
1386 2345 1603 2397 Ιουδίθ.

653 2482 836 2535 Ἰουδὶθ
867 2483 1109 2535 καλεῖται
1136 2480 1197 2533 16
1227 2480 1446 2548 βιϐλίον,
1475 2480 1657 2550 ἐπειδὴ
1695 2481 2125 2551 πολεμουμένους

573 2569 667 2623 καὶ
699 2568 1182 2639 πολιορκουμένους
1212 2566 1316 2617 ὐπὸ
1359 2566 1449 2618 τοῦ
1489 2566 1801 2635 Ὀλοφέρνου
1829 2566 1953 2629 τοῦς
1980 2568 2125 2629 υἱοὺς

586 2655 797 2726 Ἰσραὴλ
820 2654 847 2704 6
872 2654 1001 2716 Θεὸς
1026 2652 1114 2705 διὰ
1140 2654 1236 2721 τῆς
1264 2650 1446 2703 Ἰουδὶθ
1476 2653 1594 2713 τοὺς
1623 2652 1721 2721 μὲν
1751 2652 1909 2715 λαοὺς
1934 2652 2122 2715 ἔσωσε,

571 2743 661 2794 τὸν
704 2742 759 2794 δὲ
799 2740 1116 2809 Ὀλοφέρνην
1148 2737 1431 2801 ἐπάταξεν.
1475 2737 1538 2788 Ἡ
1585 2738 1642 2789 δὲ
1697 2739 1902 2810 ἱστορία
1946 2739 2082 2809 αὕτη
2108 2753 2121 2767 ·

572 2826 1079 2895 Ναϐουχοδονόσορό
1112 2824 1355 2892 βασιλεὺς
1412 2822 1519 2875 τῶν
1563 2823 2126 2894 Ἀσσυρίων,πόλεμον

573 2914 709 2982 ἔχων
739 2913 873 2982 πρὸς
906 2908 1173 2980 Ἀρφάξαδ
1201 2908 1421 2977 βασιλέα
1451 2906 1666 2977 Μήδων,
1701 2908 1868 2977 ᾔτησε
1907 2926 2125 2980 συμμα-

577 3000 698 3069 χίαν
735 2995 885 3068 παρά
930 2995 1038 3049 τῶν
1086 2993 1252 3047 ἐθνῶν
1290 2994 1503 3046 πάντων
1553 2993 1655 3054 ἓως
1696 2993 1989 3060 Αἰγύπτου.
2035 2997 2126 3067 Μὴ

572 3084 875 3137 δεδωκότων
924 3080 979 3134 δέ
1026 3080 1202 3133 αὐτῶν
1220 3121 1236 3145 ,
1283 3079 1394 3131 ἀλλ’
1448 3079 1836 3148 ἀντειρηκότων
1874 3080 2086 3133 πάντων
2109 3119 2125 3145 ,

578 3170 715 3237 μετά
766 3168 823 3220 τὸ
875 3167 1091 3235 νικῆσαι
1135 3166 1227 3218 καὶ
1275 3163 1651 3234 περιγενέσθαι
1702 3164 1795 3216 τοῦ
1838 3165 2124 3236 Ἀρφάξαδ,

574 3254 724 3307 ἐθετο
763 3251 903 3305 κατά
947 3251 1051 3303 τῶν
1087 3251 1160 3320 μὴ
1187 3250 1490 3302 δεδωκότων
1539 3249 1788 3318 πόλεμον.
1840 3252 1947 3303 Καὶ
1994 3253 2129 3304 ἀπέ-

577 3338 748 3393 στειλε
788 3339 878 3392 16v
916 3338 1238 3407 Ὀλοφέρνην
1270 3336 1405 3407 μετὰ
1451 3337 1726 3407 δυνάμεως
1772 3337 1967 3409 πολλῆς
2011 3339 2126 3392 κατ’

574 3427 769 3480 αὐτῶν.
810 3424 889 3477 Τά
926 3425 1021 3494 μὲν
1044 3419 1136 3476 οὖν
1165 3422 1296 3477 ἄλλα
1329 3422 1506 3474 πάντα
1544 3422 1666 3493 ἔθνη
1706 3422 1894 3485 έλαϐε,
1940 3426 2034 3476 καὶ
2060 3425 2129 3478 τά

574 3514 765 3566 εἴδωλα
799 3511 975 3565 αὐτῶν
1011 3510 1349 3580 συνέτριψεν.
1386 3510 1449 3560 Οί
1475 3509 1529 3564 δὲ
1562 3510 1665 3562 υἱοὶ
1699 3511 1910 3581 Ἰσραὴλ
1954 3513 2128 3580 ἠσφα-

573 3601 786 3655 λίσαντο
818 3601 1059 3661 ἑαυτοὺς,
1096 3599 1186 3651 καὶ
1224 3598 1322 3667 οὐχ
1351 3598 1660 3667 ὑπήκουσαν
1697 3598 1775 3668 τῷ
1816 3599 2124 3671 Ὀλοφέρνῃ,

574 3686 695 3740 οὐτε
723 3686 1061 3756 ἐφοϐήθησαν
1083 3682 1244 3738 αὐτοῦ
1264 3683 1361 3754 τήν
1385 3684 1629 3753 ἀπειλήν.
1666 3685 1724 3736 ὐ
1747 3685 1923 3738 τοίνυν
1954 3686 2130 3754 ίερεύς

587 3772 835 3841 ἰωακεὶμ
864 3770 1063 3841 ἔγραψε
1095 3772 1207 3832 τοῖς
1245 3770 1303 3822 ἐν
1332 3768 1599 3841 Βετυλούᾳ
1621 3771 1819 3840 φράξαι
1852 3771 1946 3841 τὴν
1977 3771 2127 3843 [566]

574 3859 692 3913 ὁδὸν
726 3857 1059 3928 Ὀλοφέρνου,
1088 3854 1274 3925 ἐπειδὴ
1298 3854 1504 3907 ἐκεῖθεν
1536 3851 1603 3925 ἦν
1631 3855 1800 3908 αὐτοῦ
1827 3856 2015 3926 ήόδὸς,
2039 3858 2130 3909 καὶ

576 3944 833 4015 ἔφραξαν.
888 3944 996 3996 Καὶ
1040 3943 1068 3995 6
1114 3941 1210 4013 μέν
1264 3940 1585 4011 Ὀλοφέρνης
1633 3942 1998 4011 παρετάσσετο
2051 3942 2129 4005 είς

579 4032 827 4102 πόλεμον.
877 4030 1073 4101 Ἀχιὼρ
1102 4030 1158 4082 δέ
1199 4030 1228 4081 6
1273 4028 1567 4100 ήγούμενος
1600 4030 1707 4081 τῶν
1746 4029 1874 4081 υίῶν
1910 4030 2130 4101 ’Δμμὼν

580 4118 951 4171 συνεϐούλευσε
973 4116 1048 4185 τῷ
1087 4115 1377 4185 Ὀλοφέρνῃ
1407 4117 1479 4184 μὴ
1500 4113 1752 4183 πολεμεῖν
1768 4115 1827 4166 16
1851 4115 1999 4180 ἔθνος
2024 4116 2131 4168 τῶν

592 4204 852 4275 Ἐϐραίων
881 4202 965 4255 διά
999 4201 1060 4253 16
1089 4201 1477 4271 ὐπερασπίζειν
1505 4200 1681 4252 αὐτῶν
1712 4201 1802 4253 τὸν
1842 4201 1991 4255 Θεόν.
2023 4202 2131 4255 Καὶ

580 4289 848 4361 ὀργισθεὶς
910 4287 1228 4358 Ὀλοφέρνης
1288 4286 1625 4355 ἀπέστρεψεν
1677 4286 1835 4338 αὐτὸν
1894 4290 1971 4351 είς
2036 4288 2132 4339 Βε-

579 4377 759 4438 τουλᾶ,
789 4375 1083 4444 ἀπειλήσας
1117 4374 1357 4443 ἀναιρεῖν
1387 4372 1547 4424 αὐτὸν
1574 4372 1621 4423 εί
1654 4372 1987 4441 περιγένοιτο
2025 4373 2131 4428 τῶν

593 4462 870 4533 Ἐϐραίων.
923 4462 980 4513 Ὀ
1022 4460 1117 4529 μὲν
1142 4454 1236 4512 οὖν
1280 4456 1473 4528 ’Λχιὼρ
1501 4453 1568 4526 ἦν
1604 4457 1833 4509 Βετουλᾶ
1864 4458 2132 4510 ἀναπαυό-

583 4566 759 4619 μενος.
800 4550 856 4601 Ὀ
892 4548 949 4601 δέ
993 4546 1310 4617 ὐλοφέρνης
1338 4543 1637 4612 ἐπολιόρκει
1664 4543 1761 4614 τὴν
1794 4543 1962 4604 πόλιν,
1996 4561 2130 4616 προ-

580 4634 895 4687 καταλαϐὼν
926 4633 994 4687 τά
1032 4632 1217 4685 ῦδατα.
1260 4632 1397 4700 Ἤδη
1432 4631 1487 4682 δέ
1524 4628 1617 4681 τοῦ
1648 4627 1777 4681 λαοῦ
1823 4629 2132 4691 ἐκλυθέντος

578 4719 665 4772 διὰ
695 4720 754 4771 16
777 4718 946 4787 δίψος,
976 4719 1065 4770 καὶ
1108 4716 1403 4786 μελλόντων
1431 4714 1674 4767 ἐκδοῦναι
1707 4714 1802 4785 τὴν
1846 4715 1994 4767 πόλιν
2026 4715 2133 4768 τῶν

580 4807 868 4877 ἀρχόντων,
919 4806 1099 4858 100619
1126 4803 1467 4858 ἀποϐαλοῦσα
1484 4802 1549 4855 τὰ
1578 4805 1673 4871 τῆς
1704 4802 1923 4871 χηρείας
1947 4803 2133 4871 ίμάτια

583 4892 815 4961 (ἐπένθει
842 4890 948 4960 γάρ
971 4891 1059 4943 16v
1091 4890 1275 4961 ἄνδρα,
1311 4890 1404 4941 καὶ
1425 4891 1490 4941 δι’
1518 4888 1637 4940 ὅλου
1663 4887 1993 4957 νηστεύουσα
2019 4883 2131 4957 ἦν),

581 4978 877 5047 ἐκόσμησεν
926 4975 1118 5044 ἑαυτὴν
1146 4976 1219 5038 ὼς
1250 4975 1483 5044 νύμφην,
1532 4975 1625 5026 καὶ
1669 4972 1835 5025 πολλὰ
1888 4990 2135 5043 παρακαο

580 5063 810 5121 λέσασα,
849 5061 985 5114 ὥστε
1018 5060 1089 5129 μὴ
1135 5059 1378 5112 ἐκδοῦναι
1410 5059 1507 5127 τὴν
1542 5058 1693 5111 πόλιν
1732 5059 1885 5128 ἄχρις
1916 5060 2134 5128 ἡμερῶν

584 5149 647 5213 ε’,
676 5148 892 5217 ἐξῆλθεν
925 5147 1059 5215 αὐτὴ
1094 5146 1227 5215 πρὸς
1262 5147 1351 5198 τὸν
1384 5145 1726 5215 Ὀλοφέρνην,
1764 5146 1856 5197 καὶ
1882 5147 1945 5214 τῇ
1975 5145 2135 5213 σοφία

583 5233 747 5302 αὐτῆς
778 5233 1101 5300 ἀπατήσασα
1133 5229 1311 5289 αὐτὸν,
1343 5234 1407 5300 τῇ
1437 5231 1594 5300 τρίτῃ
1637 5229 1819 5299 ἡμέρᾳ
1859 5228 2135 5296 ἀπεκεφά-

584 5319 725 5371 λισεν
780 5318 937 5370 αὐτὸν
988 5316 1074 5387 [τῇ
1117 5316 1275 5385 τρίτῃ
1312 5315 1543 5385 ἡμέρῃ,
1592 5314 1921 5382 ἀγνοούντων
1976 5331 2136 5384 στρα-

583 5402 787 5457 τιωτῶν
832 5402 1023 5464 αὐτοῦ,
1066 5404 1156 5454 καὶ
1192 5400 1330 5452 οὕτω
1375 5401 1557 5452 λοιπὸν
1590 5401 1693 5452 ἀπὸ
1730 5400 1821 5451 τοῦ
1848 5400 2055 5469 τείχους
2086 5400 2133 5451 οἱ

585 5490 792 5544 τωλῖται
840 5487 1150 5557 ἁφάψαντες
1192 5487 1289 5556 τὴν
1338 5485 1576 5555 κεφαλὴν
1632 5486 1978 5555 Ὀλοφέρνου,
2025 5488 2135 5546 τοῖς

582 5577 743 5631 αὑτοῦ
801 5577 1122 5645 στρατηγοῖς
1179 5572 1475 5635 ὑπέδειξαν.
1540 5572 1817 5625 Ἐντεῦθεν
1864 5573 1911 5623 οί
1966 5570 2073 5639 γὰρ
2108 5584 2133 5611 ιι

645 5738 670 5768 ⁸
694 5737 788 5786 Pro
807 5737 892 5800 γάρ
912 5738 1006 5800 leg.
1035 5737 1128 5797 μέν.

1270 376 1328 429 S.
1364 375 1644 432 JOANNIS
1682 377 2128 433 CIIRYSOSTUM

2245 375 2511 431 RCHIEP.
2552 372 3091 431 CUNSTANTINOP.

3684 391 3793 445 362

2248 492 2517 562 ’Δσσύριοι
2566 491 2794 558 ἔφυγον.
2842 493 2890 542 οῑ
2942 488 2996 541 δέ
3039 487 3145 540 υίοὶ
3195 483 3408 555 Ἰσραὴλ
3456 481 3787 550 πανταχόθεν

2236 565 2626 647 συνδραμόντες
2660 575 2965 641 κατέκοψαν
2993 574 3118 637 τούς
3164 568 3490 638 Ἀσσυρίους.
3519 567 3786 628 Σωθέντες

2234 664 2287 716 δέ
2322 663 2415 715 καὶ
2460 661 2849 720 σκυλεύσαντες
2895 660 3022 720 τούς
3070 654 3374 723 πολεμίους,
3416 651 3675 705 δεδώκασι
3716 654 3780 721 τῇ

2236 746 2423 800 Ἰουδὶθ
2460 747 2633 799 πάντα
2665 747 2733 798 τά
2771 743 2862 797 τοῦ
2923 740 3260 811 Ὀλοφέρνου.
3305 737 3451 807 Αὐτὴ
3499 736 3556 788 δέ
3600 734 3779 788 Ἰουδὶθ

2235 833 2537 886 ἀπελθοῦσα
2568 834 2647 895 είς
2672 828 3021 902 Ἰερουσαλήμ
3049 828 3273 895 ἀνέθηκε
3294 824 3462 877 πάντα
3479 821 3555 890 τῷ
3575 821 3779 890 Κυρίῳ,

2236 920 2329 971 καὶ
2354 918 2721 988 ἐπιστρέψασα
2750 917 2827 978 είς
2844 916 2935 968 τὸν
2963 909 3106 967 οἶκον
3139 912 3327 978 αὐτῆς,
3355 908 3453 978 τὴν
3483 908 3651 976 αὐτὴν
3671 904 3785 975 εἶχε

2235 1006 2485 1074 ἄσκησιν,
2536 1003 2630 1056 καὶ
2670 1001 2932 1071 διέμεινεν
2957 999 3059 1061 ἕως
3089 997 3314 1050 θανάτου
3349 996 3511 1064 χήρα,
3563 992 3783 1062 μηδενὸς

2236 1089 2401 1159 αὐτὴν
2428 1088 2696 1158 ἰσχύοντος
2723 1088 2905 1139 πεῖσαι
2935 1085 3070 1155 πρὸς
3098 1082 3274 1151 γάμον
3306 1079 3496 1131 ἐλθεῖν.
3526 1076 3784 1130 Ἀπέθανε

2233 1174 2289 1227 δέ
2310 1175 2517 1244 ζήσασα
2543 1173 2716 1235 καλῶς
2742 1174 2801 1225 ἐν
2818 1174 2883 1241 τῇ
2911 1168 3105 1241 χηρείᾳ
3133 1164 3301 1235 αὐτῆς
3324 1164 3460 1218 ἐτῶν
3476 1168 3572 1235 ρε’.
3598 1163 3704 1215 Καὶ
3724 1163 3788 1215 ἐν

2234 1259 2440 1323 τούτοις
2471 1258 2619 1322 τέλος
2648 1257 2757 1327 ἔχει
2780 1256 2842 1309 16
2869 1254 3087 1324 βιϐλίον.

2815 1374 2944 1430 Ἰὼϐ
2963 1372 3222 1439 βιϐλίον.

2318 1501 2438 1554 Ἰὼϐ
2468 1501 2708 1555 καλεῖται
2740 1498 2800 1552 16
2835 1496 3035 1565 βιϐλίον
3058 1535 3073 1560 ,
3113 1492 3297 1563 ἐπειδὴ
3330 1493 3429 1562 τήν
3472 1491 3591 1543 κατ’
3623 1487 3787 1543 αὐτὸν

2240 1585 2474 1657 ίστορίαν
2500 1584 2767 1655 περιέχει,
2811 1582 2926 1645 πῶς
2955 1597 3013 1633 τε
3045 1577 3275 1631 πέπονθε
3326 1573 3637 1644 πειρασθείς
3679 1572 3784 1625 ὑπὸ

2233 1671 2327 1725 τοῦ
2374 1669 2617 1725 διαϐόλου
2643 1708 2658 1732 ,
2700 1668 2795 1722 καὶ
2839 1666 3065 1736 νικήσας
3101 1662 3259 1716 αὐτὸν
3291 1663 3349 1714 ἐν
3389 1659 3464 1730 τῷ
3498 1661 3783 1729 ὑπομεῖναι

2236 1756 2471 1820 εὐσεϐῶς
2510 1756 2607 1817 τὰς
2636 1751 3011 1822 ἐπενεχθείσας
3038 1748 3183 1818 αὐτῷ
3223 1747 3462 1818 πληγάςο
3497 1747 3590 1799 καὶ
3624 1744 3782 1797 διπλᾶ

2235 1845 2411 1898 πάντα
2437 1842 2693 1907 ἀπέλαϐε,
2726 1842 2819 1894 καὶ
2854 1839 3073 1908 γέγονεν
3098 1836 3424 1905 ἐνδοξότερος
3451 1833 3590 1903 ὑπὲρ
3632 1831 3661 1884 6
3692 1826 3779 1900 ῆν.

2236 1930 2473 1984 Πέπονθε
2498 1929 2556 1981 δέ
2576 1927 2710 1981 ἐτῶν
2732 1926 2806 1979 ὣν
2831 1933 2891 1990 0',
2925 1924 3155 1994 ἐπέζησε
3187 1922 3244 1976 δέ
3280 1921 3415 1991 μετά
3440 1920 3539 1983 τὰς
3573 1918 3785 1988 πληγὰς

2235 2015 2328 2084 ἐτη
2362 2021 2453 2085 90',
2480 2014 2553 2077 ὡς
2583 2010 2717 2065 εἶναι
2741 2011 2810 2064 τά
2835 2011 3012 2064 πάντα
3044 2010 3140 2079 τῆς
3167 2009 3311 2076 ζωῆς
3344 2006 3503 2059 αὐτοῦ
3536 2004 3631 2073 ἐτη
3671 2010 3780 2073 σμ’.

2234 2103 2425 2169 Γέγονε
2468 2101 2524 2153 δὲ
2566 2098 2685 2153 Ἰὼϐ
2729 2099 2831 2169 πρὸ
2875 2096 3186 2159 Μωῦσέωςο
3233 2094 3340 2147 ἀπὸ
3386 2094 3495 2163 γὰρ
3538 2092 3783 2162 Ἀϐραὰμ

2234 2190 2479 2258 πέμπτος
2510 2183 2598 2258 ἦν,
2628 2186 2845 2254 ἔγγονος
2904 2181 3090 2237 Ἠσαῦ.
3133 2180 3230 2234 Διά
3258 2181 3313 2233 δέ
3352 2179 3449 2250 τὴν
3487 2178 3782 2248 γενομένην

2233 2277 2353 2328 κατ’
2382 2273 2543 2327 αὐτοῦ
2574 2272 2785 2341 πληγήν
2822 2266 2983 2339 ἦλθον
3017 2268 3150 2340 1196;
3176 2266 3336 2320 αὐτὸν
3362 2266 3502 2335 φίλοι
3532 2279 3784 2333 παρακα-

2234 2362 2342 2415 λεῖν
2357 2360 2536 2423 αὐτὸν,
2567 2359 2658 2413 καὶ
2679 2356 2925 2411 τοσοῦτον
2949 2355 3262 2425 φιλονείκως
3280 2355 3371 2406 καὶ
3393 2351 3631 2422 ἀνηλεῶς
3651 2349 3784 2419 πρὸς

2234 2448 2395 2501 αὐτὸν
2422 2445 2729 2514 διετέθησαν
2776 2446 2888 2505 τοῖς
2934 2441 3130 2510 λόγοις,
3185 2438 3323 2492 ὥστε
3370 2439 3464 2491 καλ⁷
3512 2435 3781 2506 ἁμαρτίαν

2234 2534 2412 2595 αὐτοῖς
2436 2533 2497 2585 τὸ
2525 2534 2753 2601 πρᾶγμα
2770 2528 3102 2598 λογισθῆναι.
3134 2527 3190 2579 ’0
3211 2526 3267 2579 δέ
3304 2524 3421 2577 Ἰὼϐ
3445 2522 3782 2593 παρεκάλεσε

2232 2618 2322 2670 τὸν
2351 2617 2481 2670 Θεὸν
2502 2617 2639 2687 ὑπὲρ
2664 2615 2861 2678 αὐτῶν,
2892 2614 2983 2667 καὶ
3011 2611 3357 2682 συνεχωρήθη
3399 2611 3599 2670 αὐτοῖς.
3632 2608 3779 2660 Εἰσὶν

2232 2700 2323 2757 οῦν
2348 2703 2422 2774 τῷ
2462 2702 2578 2755 Ἰὼϐ
2606 2700 2837 2768 διάλογοι
2858 2699 2991 2769 πρὸς
3006 2700 3128 2761 τοὺς
3150 2698 3332 2766 φίλους
3347 2694 3396 2766 η’
3412 2714 3424 2727 ·
3447 2694 3539 2747 τοῦ
3564 2693 3784 2762 Ἑλιφάζ

2233 2790 2369 2861 πρὸς
2412 2788 2570 2841 αὐτὸν
2595 2790 2768 2856 τρεῖς·
2822 2784 2915 2837 τοῦ
2964 2784 3163 2854 Σωφάρ
3194 2780 3325 2851 πρὸς
3347 2780 3509 2834 αὐτὸν
3537 2779 3629 2832 δύο
3649 2796 3661 2807 ’
3692 2779 3785 2833 καὶ

2233 2874 2322 2927 τοῦ
2354 2873 2551 2927 Βαλδὰδ
2576 2874 2743 2943 τρεῖς.
2771 2872 2890 2923 Ἔτι
2918 2870 2973 2923 δέ
3007 2870 3099 2921 καὶ
3126 2867 3218 2920 τοῦ
3268 2865 3473 2928 Ἐλιούζ
3492 2865 3583 2916 τοῦ
3612 2864 3789 2931 Βαρα-

2234 2961 2356 3032 χιήλ
2380 2960 2474 3014 τοῦ
2505 2958 2772 3022 Βουζίτου.
2804 2957 2912 3008 Καὶ
2942 2954 3123 3006 λοιπὸν
3162 2955 3189 3004 ὁ
3235 2951 3433 3022 Κύριος
3464 2947 3785 3017 χρηματίζει

2234 3048 2309 3117 τῷ
2348 3046 2467 3099 Ἰὼϐ
2499 3046 2587 3099 διὰ
2624 3044 2880 3105 λαίλαπος
2910 3043 3004 3095 καὶ
3029 3041 3275 3110 νεφέλης.
3318 3038 3693 3106 Ἀποκρίνεται
3727 3036 3787 3088 δὲ

2235 3134 2330 3187 καὶ
2368 3132 2485 3187 Ἰὼϐ
2513 3131 2588 3201 τῷ
2619 3130 2807 3203 Κυρίῳ
2837 3128 2925 3182 διά
2962 3128 3133 3197 λόγων
3169 3126 3281 3179 δύο.
3314 3125 3424 3178 Καὶ
3449 3122 3606 3176 τοῦτο
3634 3123 3789 3185 τέλος

2235 3219 2344 3290 ἔχει
2380 3219 2442 3272 16
2465 3216 2685 3287 βιϐλίον.

2262 3277 2476 3390 mem.
2512 3319 2569 3372 δέ
2615 3320 2643 3371 ό
2700 3317 2898 3379 σκοπὸς
2932 3314 3094 3369 αὐτοῦ
3129 3316 3270 3377 ἄπας
3321 3313 3455 3383 πρὸς
3513 3310 3789 3379 ὑπομονὴν

2236 3404 2626 3475 ἐκκαλούμενος
2658 3402 2806 3474 [567]
2843 3404 2968 3463 τοὺς
2992 3404 3050 3453 ἐν
3082 3402 3398 3472 πειρασμοῖς
3429 3398 3786 3463 περιπίπτον-

2233 3508 2350 3554 τας,
2389 3491 2492 3544 κᾶν
2520 3490 2658 3541 πάνυ
2694 3490 2781 3541 ἐπ’
2816 3486 3063 3555 εὐσεϐείᾳ
3088 3484 3549 3555 μεμαρτύρηνται,
3586 3481 3681 3535 καῖ
3712 3480 3790 3552 μὴ

2236 3574 2675 3639 σκανδαλίζεσθαι
2699 3613 2714 3637 ,
2744 3572 2859 3625 ἀλλ’
2887 3572 3203 3639 ἐπιφωνεῖψ
3250 3570 3303 3621 '0
3341 3569 3549 3635 Κύριος
3581 3566 3787 3627 ἔδωκε,

2236 3665 2269 3716 ὁ
2286 3662 2493 3730 Κύριος
2511 3660 2786 3729 ἀφείλετο
2802 3674 2815 3687 °
2846 3659 2925 3722 ὡς
2949 3655 3027 3724 τῷ
3047 3656 3240 3724 Κυρίῳ
3266 3654 3492 3718 ἔδοξεν,
3512 3653 3668 3706 οὕτω
3690 3651 3788 3704 καὶ

2235 3747 2498 3818 ἐγένετου
2530 3747 2621 3814 ειη
2659 3745 2727 3799 τὸ
2767 3744 2952 3812 ὄνομα
2986 3742 3203 3809 Κυρίου
3235 3738 3640 3807 εὐλογημένον
3670 3736 3791 3790 ἀπὸ

2236 3834 2342 3889 τοῦ
2376 3834 2493 3889 νῦν
2525 3832 2625 3887 καί
2650 3832 2760 3897 ἕως
2788 3829 2895 3884 τοῦ
2936 3827 3172 3893 αἰῶνος·
3200 3826 3280 3879 ἐτι
3311 3826 3402 3878 καὶ
3436 3826 3515 3890 16,
3547 3823 3797 3890 Γυμνὸς

2235 3918 2493 3987 ἐξῆλθον
2514 3920 2582 3972 ἐκ
2610 3918 2839 3981 κοιλίας
2854 3915 3077 3984 μητρός
3105 3930 3243 3982 μου,
3275 3911 3498 3979 γυμνὸς
3527 3910 3623 3961 καὶ
3647 3910 3792 3961 άπε-

2235 4008 2521 4074 λεύσομαι
2543 4003 2696 4057 ἐκεῖ·
2732 4003 2827 4056 καὶ
2858 4000 3104 4053 ἐντεῦθεν
3128 3998 3310 4051 λοιπὸν
3334 3995 3620 4065 μανθάνειν
3648 3994 3788 4061 πόση

2237 4092 2336 4161 τῆς
2374 4090 2645 4161 ὑπομονῆς
2687 4091 2722 4159 ή
2764 4087 3027 4156 ὠφέλειαο
3074 4085 3166 4138 καὶ
3201 4084 3306 4154 γάρ
3349 4080 3593 4134 ἐντεῦθεν
3633 4081 3796 4132 κάκεῖ

2237 4176 2334 4245 τὴν
2366 4174 2781 4246 μισθαποδοσίαν
2831 4171 3087 4241 λήψονται
3137 4169 3211 4231 ὡς
3249 4167 3386 4221 Ἰώϐ.
3434 4164 3553 4218 ΙἸῖιτι
3590 4165 3647 4217 δὲ
3698 4164 3797 4215 καὶ

2239 4260 2488 4332 ἀναδείξῃ
2534 4263 2562 4313 6
2611 4259 2739 4323 Θεὸς
2791 4257 3114 4325 ἀπείραστος
3152 4253 3334 4306 κακῶν
3360 4290 3375 4314 ,
3433 4251 3681 4319 πειράζει
3735 4249 3797 4300 δὲ

2239 4347 2459 4399 οὐδένα·
2488 4344 2934 4415 παραχωροῦντος
2975 4341 3032 4392 δέ
3066 4339 3158 4393 τοῦ
3194 4338 3324 4390 Θεοῦ
3361 4335 3654 4403 πειρασμοὶ
3680 4336 3797 4394 τοῖς

2239 4431 2539 4501 ἀνθρώποις
2559 4429 2660 4481 ὑπὸ
2684 4428 2946 4496 δαιμόνων
2970 4427 3302 4495 ἐπέρχονται,
3326 4422 3412 4475 διὰ
3444 4421 3540 4489 τὴν
3558 4419 3796 4471 ἐκάστου

2239 4519 2462 4587 δοκιμήν
2517 4516 2611 4568 καὶ
2654 4514 2945 4567 τελείωσιν.
2998 4511 3133 4565 Φασὶ
3176 4510 3235 4579 δέ
3301 4508 3615 4576 Σολομῶντα
3667 4522 3800 4556 συν-

2239 4604 2514 4673 τεταχέναι
2540 4602 2633 4655 καὶ
2658 4601 2814 4653 τοῦτο
2849 4599 2909 4651 16
2936 4598 3156 4668 βιϐλίον,
3186 4598 3234 4648 εί
3265 4595 3337 4664 μὴ
3371 4596 3476 4662 ἄρα
3515 4590 3800 4653 Μωῦσέως

2241 4690 2356 4742 ἐστ)⁸
2386 4689 2737 4758 σύγγραμμα.
2788 4686 2851 4737 Ἠ
2878 4685 2973 4754 μὲν
2996 4682 3218 4753 περιοχὴ
3249 4679 3342 4732 τοῦ
3378 4677 3578 4747 βιϐλίου
3605 4675 3800 4727 τοῦτον

2242 4778 2350 4846 ἔχει
2394 4776 2483 4829 τὸν
2532 4776 2746 4844 τρόπον.
2810 4774 2875 4825 Ἠ
2923 4772 2978 4825 δέ
3026 4766 3487 4836 ἀνακεφαλαίωσίς
3533 4767 3676 4816 ἐστιν
3740 4765 3802 4815 ἐν

2240 4864 2465 4924 τούτοις.
2512 4861 2598 4913 Ἑν
2638 4858 2940 4929 προοιμίοις
2972 4857 3088 4926 μέν,
3135 4855 3207 4916 ὡς
3247 4849 3314 4922 ἦν
3356 4850 3472 4905 Ἰὼϐ
3519 4848 3677 4901 οἰκῶν
3740 4850 3802 4899 ἐν

2242 4947 2393 5018 χώρᾳ
2446 4950 2512 5016 τῇ
2577 4944 2815 4996 Αὐσίτιδι
2853 4959 2867 4973 ο
2929 4937 3047 4993 εἶτα
3104 4938 3373 5010 μαρτυρία
3427 4937 3522 5005 τῆς
3557 4934 3803 5018 Γραφῆς

2243 5014 2379 5101 περι
2404 5014 2509 5101 τῆς
2541 5029 2747 5099 ἀγαθῆς
2784 5025 2941 5079 αὐτοῦ
2972 5024 3271 5087 πολιτείας·
3319 5022 3412 5075 καὶ
3441 5023 3519 5073 ὅτι
3555 5014 3695 5089 ἦσαν
3748 5022 3803 5072 οἱ

2243 5120 2347 5170 υἱοὶ
2383 5116 2528 5185 αὐτῷ
2558 5117 2631 5179 ζ’,
2673 5114 2764 5167 καὶ
2798 5112 3089 5182 θυγατέρες
3124 5117 3175 5177 ς’
3203 5126 3219 5141 ο
3263 5110 3356 5163 καὶ
3388 5108 3514 5178 περὶ
3555 5104 3803 5174 ἀριθμοῦ

2242 5206 2348 5257 τῶν
2373 5202 2578 5273 κτηνῶν
2608 5199 2787 5255 αὐτοῦ.
2810 5199 2920 5252 Καὶ
2944 5199 3023 5250 ὅτι
3056 5196 3407 5266 πορευόμενοι
3426 5197 3471 5246 οί
3500 5192 3599 5243 υἱοὶ
3619 5189 3803 5243 αὐτοῦ

2244 5294 2376 5364 πρὸς
2409 5291 2684 5361 ἀλλήλους,
2729 5289 2941 5341 ἐποίουν
2970 5290 3129 5340 πότον
3157 5285 3275 5338 καθ’
3303 5285 3533 5349 ἑκάστην
3576 5278 3811 5364 ἡμέραν.

2246 5363 2340 5431 σῦν
2358 5380 2475 5439 ταῖς
2500 5376 2671 5444 τρισὶν
2703 5373 2952 5440 ἀδελφαῖς
2987 5372 3181 5425 αὐτῶν.
3209 5369 3312 5422 Καὶ
3332 5365 3616 5421 ’ἐπέστελλε
3662 5363 3808 5417 Ἰὼϐ

2244 5464 2338 5517 καὶ
2376 5460 2660 5529 ἐκαθάριζε
2701 5460 2826 5521 τοὺς
2874 5460 3022 5521 υἱοὺς
3069 5458 3251 5518 αὐτοῦ,
3300 5452 3613 5524 προσφέρων
3656 5448 3809 5520 περὶ

2245 5548 2420 5601 αὐτῶν
2437 5546 2620 5598 θυσίαν
2635 5544 2711 5613 τῷ
2726 5544 2933 5613 Κυρίῳ.
2962 5541 3153 5610 Πρώτη
3180 5538 3449 5609 μαρτυρία
3468 5535 3556 5589 τοῦ
3580 5532 3809 5603 Κυρίου

2249 5635 2372 5701 περὶ
2399 5631 2490 5683 τοῦ
2529 5630 2648 5683 Ἰὼϐ
2677 5630 2809 5698 πρὸς
2844 5628 2935 5680 τὸν
2968 5626 3228 5688 διάϐολον,
3260 5625 3447 5693 πρώτη
3478 5620 3813 5689 φθονολογία

2246 5718 2337 5769 τοῦ
2351 5714 2589 5769 διαϐόλου
2614 5715 2741 5783 περὶ
2762 5713 2879 5766 Ἰὼϐ
2901 5711 3032 5782 πρὸς
3050 5711 3139 5763 τὸν
3151 5710 3368 5782 Κύριον.
3391 5709 3620 5761 Ἔδωκεν
3642 5702 3813 5769 ἐξου-
