4000 6220
199 401 302 456 361

185 529 366 568 versus
392 526 517 565 vero
552 511 730 564 oculos
756 510 914 578 patris
942 509 1060 563 l'elle
1097 509 1254 577 piscis
1277 509 1480 570 oblinit,
1512 518 1564 561 et
1590 508 1728 559 deci-

185 605 316 658 dunt
352 616 615 670 squamae,
652 609 705 654 et
755 615 873 653 mox
915 601 1081 652 visum
1131 599 1326 664 recepit
1363 611 1542 650 senex.
1579 596 1733 648 Tobit

187 707 344 760 porro
362 705 478 745 cum
499 699 787 743 excmcatus
804 697 881 744 est
895 701 1147 741 annorum
1165 695 1274 739 erat
1295 686 1360 740 58
1373 730 1387 751 ,
1403 701 1520 738 cum
1550 694 1724 737 autem

185 783 351 833 visum
369 781 565 846 recepit
592 793 844 832 annorum
863 778 949 830 66.
973 776 1103 829 Tum
1118 775 1324 827 demum
1353 790 1471 827 cum
1488 773 1638 826 Tobit
1656 775 1734 824 vi-

186 869 354 930 deret,
375 869 588 936 angelus
610 883 724 920 sese
742 866 1105 929 manifestat-it,
1125 865 1259 930 quod
1282 864 1437 916 homo
1455 881 1555 916 non
1572 873 1728 927 esset,

191 958 282 1010 sed
314 972 340 1008 a
375 957 480 1009 Deo
509 958 718 1015 missus,
749 966 804 1007 ut
833 954 955 1021 ipsis
982 964 1032 1005 et
1067 954 1238 1006 Sarrae
1258 968 1407 1020 opem
1433 953 1610 1005 ferret.
1633 952 1731 1005 Ubi

189 1059 314 1096 vero
353 1057 509 1096 senex
553 1042 713 1095 factus
752 1052 890 1095 esset
917 1040 1086 1102 Tobit,
1120 1039 1482 1107 prarccpitﬁlio
1513 1054 1606 1092 suo
1632 1039 1735 1091 To-

188 1133 311 1198 biae,
350 1142 405 1186 ut
440 1136 489 1186 in
521 1133 738 1184 Mediam
778 1131 964 1195 abiret,
1002 1129 1138 1197 quod
1169 1131 1392 1182 futurum
1411 1138 1621 1182 essetut
1650 1128 1736 1181 Ni-

189 1223 309 1273 nive
328 1221 608 1274 secundum
633 1222 845 1273 verbum
873 1219 1017 1272 Jonas
1044 1219 1310 1287 prOphetae
1326 1220 1731 1283 subverteretur,

189 1318 242 1362 et
281 1309 527 1362 deﬁciens
571 1317 802 1361 mortuus
850 1317 930 1359 est
969 1322 1222 1359 annorum
1275 1309 1394 1361 155.
1426 1307 1589 1360 Filius
1613 1323 1736 1360 vero

189 1400 301 1466 ejus
325 1399 516 1452 Tobias
545 1400 591 1450 in
623 1398 840 1450 Mediam
869 1397 1124 1464 migravit,
1160 1396 1245 1449 ubi
1278 1395 1486 1449 tandem
1521 1396 1738 1462 sepultis

189 1501 375 1539 socero
400 1495 455 1539 et
482 1499 657 1550 socru,
684 1495 736 1538 et
759 1485 825 1538 de
858 1483 1061 1536 Niniva:
1100 1484 1300 1537 excidio
1323 1491 1565 1551 percepta
1602 1482 1738 1535 fama

191 1583 429 1628 mortuus
454 1583 535 1628 est
557 1588 809 1627 annorum
843 1573 962 1627 107.
1000 1573 1065 1625 Et
1102 1573 1152 1625 in
1182 1574 1291 1624 haec
1318 1571 1509 1625 desinit
1537 1570 1684 1623 liber.

715 1698 862 1736 LIBER
899 1697 1082 1736 warm
1127 1682 1219 1750 (α).

261 1792 359 1845 Ilie
398 1792 526 1845 liber
554 1791 730 1845 Judith
759 1802 993 1854 vocatur,
1032 1793 1150 1860 quia
1190 1792 1324 1845 ﬁlios
1353 1791 1510 1844 Israel
1546 1791 1611 1843 ab
1639 1791 1744 1844 Ho-

192 1880 443 1948 lopherne
487 1882 808 1949 impugnatos
833 1890 886 1934 et
932 1880 1209 1944 obsessos,
1268 1880 1402 1932 Deus
1441 1880 1554 1947 ejus
1582 1894 1740 1946 opera

192 1970 463 2034 liberavit;
494 1970 980 2038 HoIOphernemque
1008 1971 1283 2039 percussit.
1314 1971 1538 2024 Ilistoria
1569 1980 1741 2024 autem

193 2059 294 2112 hoc
315 2074 370 2112 se
402 2059 557 2112 habet
583 2059 756 2113 modo.
779 2059 1252 2113 Nabuchodonosor
1275 2075 1365 2112 rex
1389 2061 1740 2128 Assyriorum,

192 2163 314 2200 cum
337 2149 527 2201 bellum
553 2157 758 2218 gereret
785 2149 1036 2205 adversus
1061 2149 1339 2216 Arphaxad
1367 2165 1539 2217 regem
1571 2149 1746 2203 Medo-

191 2251 333 2297 rum,
360 2235 425 2288 ab
445 2237 685 2289 omnibus
714 2237 950 2305 gentibus
974 2253 1134 2305 usque
1160 2237 1223 2288 ad
1252 2237 1532 2306 Egyptum
1555 2239 1743 2291 auxilia

193 2327 434 2390 petierat.
463 2324 590 2378 Cum
617 2335 788 2378 autent
817 2341 970 2378 nemo
996 2326 1238 2378 auxilium
1273 2328 1516 2390 misisset,
1544 2327 1635 2380 sed
1659 2342 1743 2380 rc-

196 2413 435 2464 nnissent
462 2428 662 2473 omnes,
697 2423 1028 2482 posteaquam
1057 2415 1261 2466 vicisset
1291 2424 1341 2467 et
1372 2414 1744 2482 Arphnxadum

196 2499 337 2552 bello
377 2509 705 2568 superasset,
747 2503 936 2554 bellum
982 2502 1153 2553 intulit
1191 2503 1252 2553 iis
1281 2502 1371 2569 qui
1418 2503 1542 2555 nihil
1569 2503 1745 2555 auxilii

193 2587 446 2639 miserant
481 2605 491 2638 :
520 2588 762 2656 misitque
805 2588 1187 2656 I-lolophernem
1217 2589 1467 2642 adversus
1508 2605 1598 2644 eos
1627 2607 1744 2644 cum

194 2689 384 2742 magno
414 2677 662 2727 exercitu.
694 2676 786 2728 I’Iic
814 2677 940 2730 alias
968 2677 1178 2744 quidem
1198 2692 1380 2731 onmcs
1401 2690 1582 2747 gentes
1610 2680 1748 2734 bello

193 2763 354 2830 cepit,
385 2773 436 2814 et
467 2763 601 2816 idola
629 2765 853 2831 ipsarum
876 2765 1146 2834 confregit.
1171 2764 1415 2820 Israelita:
1435 2775 1608 2820 autem
1631 2782 1747 2821 sese

193 2852 642 2917 communierunt,
698 2869 796 2907 nec
843 2852 1160 2922 IIoIopherni
1215 2854 1517 2922 obsequuti,
1579 2870 1748 2922 neque

195 2941 357 2992 minis
391 2941 528 2993 illius
566 2943 826 3009 perterriti
871 2953 1013 2996 sunt.
1056 2941 1278 3011 Scripsit
1308 2945 1479 3013 itaque
1506 2944 1748 2998 sacerdos

192 3026 400 3080 Joakim
427 3029 624 3081 civibus
651 3030 895 3098 Betyluze,
926 3041 980 3083 ut
1006 3032 1138 3083 viam
1167 3032 1485 3099 Holopherni
1513 3034 1750 3086 obstrue-

195 3127 346 3180 rent;
375 3120 539 3172 isthac
560 3121 697 3173 enim
727 3121 827 3174 iter
853 3121 1079 3174 tacturus
1108 3131 1250 3184 erat;
1282 3132 1332 3174 et
1357 3125 1743 3176 obstruxerunt.

195 3209 558 3276 Ilolophernes
589 3210 744 3278 igitur
760 3213 923 3263 aciem
945 3211 1182 3264 instruxit
1202 3211 1264 3264 ad
1292 3227 1535 3280 pugnam.
1556 3213 1749 3266 Achior

194 3306 372 3350 autem
406 3298 644 3365 princeps
671 3301 1084 3355 Ammonitarum
1113 3309 1294 3353 auctor
1321 3311 1432 3354 erat
1460 3301 1748 3370 11010011οΓ-

194 3385 269 3447 ni,
306 3400 370 3438 ne
394 3387 530 3454 genti
559 3386 894 3440 Hebrznorum
935 3389 1125 3442 bellum
1157 3389 1385 3453 inferret,
1416 3405 1480 3444 eo
1505 3392 1643 3459 quod
1675 3393 1748 3445 illi

195 3486 226 3523 a
269 3473 377 3524 Deo
421 3483 833 3542 protegerentur.
878 3475 1175 3543 Indignatus
1217 3478 1574 3545 Ilolophernes
1611 3480 1751 3532 misit

195 3574 321 3612 cum
361 3560 593 3614 Betulam
618 3604 631 3627 ,
681 3563 943 3618 interitum
986 3565 1057 3618 illi
1095 3567 1437 3620 comminatus
1470 3568 1512 3621 si
1548 3569 1750 3635 quando

194 3646 452 3700 Hebraeos
479 3649 730 3702 vinceret.
753 3651 948 3704 Achior
966 3653 1135 3720 itaque
1157 3654 1207 3705 in
1231 3653 1407 3706 Betula
1431 3656 1745 3722 quiescebat.

193 3735 562 3802 IIoIOphernes
590 3753 713 3791 vero
743 3740 1003 3792 civitatem
1043 3740 1331 3805 obsidebat,
1369 3752 1421 3794 et
1456 3743 1564 3810 jam
1591 3759 1750 3811 aquas

194 3825 341 3878 illius
361 3822 721 3894 occupaverat.
753 3828 881 3881 Cum
911 3829 994 3882 siti
1022 3829 1128 3898 jam
1164 3829 1478 3900 afﬂigerctur
1506 3835 1745 3902 populus,

193 3924 249 3966 et
276 3912 536 3979 principes
556 3914 817 3968 civitatem
843 3917 1078 3970 tradituri
1106 3929 1317 3984 essent,
1346 3920 1522 3974 Jndith
1543 3922 1750 3988 deposi-

193 4001 265 4053 tis
296 4000 558 4055 viduitatis
589 4003 816 4056 vestibus
837 4005 1109 4064 (maritum
1137 4008 1273 4059 enim
1307 4019 1564 4061 mortuum
1606 4012 1749 4078 luge-

191 4087 305 4150 Lat,
336 4091 630 4157 etquotidie
656 4093 961 4161 jejunabat),
989 4096 1210 4164 seipsam
1243 4097 1404 4151 instar
1429 4114 1633 4165 sponsae
1657 4115 1746 4153 or-

192 4180 378 4244 navit,
425 4189 478 4233 et
530 4183 705 4234 nmltis
744 4183 1014 4237 adhortata
1067 4190 1320 4254 primores
1373 4189 1634 4255 civitatis,
1683 4206 1748 4244 ne

191 4269 461 4321 civitatem
507 4271 570 4323 ad
600 4287 762 4338 usque
793 4275 1018 4342 quinque
1053 4275 1165 4346 dies
1202 4277 1333 4329 hosti
1366 4279 1647 4343 traderent,
1683 4280 1747 4332 ad

191 4355 589 4424 IIelophernem
621 4375 826 4427 egressa
862 4373 963 4427 est,
991 4373 1183 4416 etcum
1214 4379 1303 4417 sua
1332 4366 1471 4418 illum
1501 4369 1747 4435 sapientia

189 4446 495 4514 decepisset
519 4489 532 4511 ,
572 4452 719 4504 tertia
758 4451 875 4516 die,
918 4455 1270 4521 ignorantibus
1313 4457 1426 4524 ejus
1464 4458 1744 4522 militibus,

190 4536 368 4600 ipsum
399 4539 570 4604 capite
593 4542 867 4594 truncavit.
895 4542 957 4594 Et
982 4545 1056 4597 sic
1081 4545 1288 4598 demum
1313 4546 1471 4610 cives,
1497 4562 1749 4615 suspenso

188 4622 545 4688 IIolophernis
565 4631 756 4697 capite,
785 4631 950 4696 ipsum
990 4631 1101 4698 ejus
1142 4633 1358 4685 tribunis
1387 4636 1745 4688 ostenderunt.

187 4713 331 4766 IIinc
384 4714 580 4783 Assyrii
630 4719 892 4786 fugerunt;
943 4721 1189 4774 Israelita:
1231 4737 1353 4774 vero
1405 4725 1748 4791 undequaque

185 4812 569 4855 concurrentes
606 4807 845 4875 Assyrios
884 4810 1221 4862 trucidarunt.
1270 4811 1491 4864 Liberali
1534 4814 1705 4880 itaque
1729 4854 1744 4880 ,

184 4889 522 4957 direptisque
564 4891 789 4946 hostium
837 4898 1056 4958 castris,
1106 4914 1221 4964 qua:
1255 4898 1320 4951 ad
1364 4899 1746 4967 IIolopbernem

188 4978 555 5044 pertinuerant
582 4981 754 5032 omnia
798 4981 1019 5038 Iudithae
1059 4985 1331 5039 dederunt.
1363 4988 1473 5054 Ipsa
1503 5005 1624 5042 vero
1657 4991 1748 5044 Ju-

184 5067 304 5118 ditb
340 5065 717 5136 Jerosolymam
765 5072 1011 5138 profecta,
1057 5077 1230 5128 omnia
1278 5077 1495 5131 Domino
1537 5080 1743 5144 obtulit,

183 5155 513 5224 domumque
541 5174 764 5223 reversa,
799 5162 847 5212 in
887 5164 1069 5217 eodem
1113 5168 1317 5233 pietatis
1342 5171 1596 5223 exercitio
1625 5187 1744 5239 per-

181 5246 454 5297 severavit
477 5286 492 5310 ,
540 5263 599 5301 ac
635 5249 787 5302 vidua
824 5251 888 5303 ad
939 5265 1154 5307 mortem
1188 5272 1350 5324 usque
1373 5261 1560 5312 mansit
1589 5299 1603 5324 ,
1647 5278 1744 5315 ne-

182 5350 387 5402 moque
440 5337 510 5388 illi
568 5341 775 5407 nuptias
823 5344 1134 5407 persuadere
1189 5349 1371 5412 potuit.
1420 5348 1615 5401 Mortua
1667 5361 1746 5403 est

180 5433 366 5476 autem
391 5465 403 5486 ,
435 5437 704 5496 postquam
747 5431 798 5481 in
833 5431 1079 5486 viduitate
1117 5435 1332 5489 honeste
1365 5439 1604 5501 vixisset,
1649 5457 1743 5493 ant-

183 5528 291 5567 nus
309 5529 520 5567 emensa
538 5527 744 5570 centum
762 5528 813 5572 et
830 5520 1076 5589 quinque.
1097 5522 1162 5574 Et
1179 5524 1227 5575 in
1248 5525 1357 5577 hazc
1384 5526 1571 5581 desinit
1593 5529 1739 5584 liber.

253 5674 331 5735 (α)
357 5673 531 5724 Iisdem
555 5676 658 5728 fere
683 5680 842 5728 verbis
863 5687 1046 5730 constat
1069 5681 1215 5732 altera
1241 5689 1470 5746 Synol'sis.

1255 376 1570 434 SYNOPSIS
1605 375 2008 432 SCRIPTURIE
2045 376 2305 432 SACRE.

3294 397 3403 451 362

2438 503 2584 539 LIBER
2605 502 2707 540 308-

1907 614 2023 683 (u).l
2035 615 2100 667 ob
2130 616 2403 681 inscriptus
2433 625 2512 668 est
2541 616 2625 669 hic
2650 617 2801 680 liber,
2829 621 2945 683 quia
2973 617 3085 686 ejus
3111 618 3381 673 historiam

1837 709 2218 773 complectitur,
2268 721 2453 773 nempe
2493 723 2607 774 quae
2655 722 2930 774 perpessus
2971 712 3037 761 sit
3085 718 3311 764 tentatus
3355 726 3384 763 a

1837 794 2042 848 diabolo
2069 837 2083 860 ,
2128 806 2181 848 et
2223 796 2484 862 quomodo
2525 797 2735 858 vicerit,
2768 796 3038 864 illatasque
3079 799 3254 866 plagas
3302 800 3386 867 pie

1839 885 2134 936 toleraverit
2159 924 2173 948 ,
2206 885 2519 951 domumque
2548 884 2721 936 omnia
2747 885 2968 951 duplicia
2998 888 3246 954 receperit
3274 929 3288 949 ,
3321 888 3385 940 il-

1840 970 2174 1038 Iustriorque,
2199 988 2352 1039 quam
2381 982 2554 1033 antea,
2584 971 2750 1024 Iactus
2775 973 2857 1023 sit.
2883 974 3071 1025 Passus
3092 984 3260 1027 autem
3284 988 3383 1036 est,

1839 1073 1955 1132 cum
1981 1067 2118 1110 esset
2138 1075 2388 1111 annorum
2413 1061 2756 1128 Septuaginta,
2781 1059 2906 1112 vixit
2929 1077 3049 1112 vero
3075 1074 3186 1128 post
3211 1063 3391 1132 plagas

1840 1125 1988 1196 annis
2021 1154 2228 1199 centum
2259 1156 2308 1198 et
2338 1147 2660 1215 septuaginta
2687 1189 2700 1209 ,
2734 1148 2800 1199 ita
2831 1156 2885 1200 ut
2921 1163 3103 1201 omnes
3127 1153 3245 1203 vita:
3273 1153 3388 1218 ejus

1841 1235 1960 1285 anni
1992 1236 2092 1286 sint
2123 1235 2330 1288 ducenti
2371 1236 2731 1304 quadraginta.
2782 1236 2897 1289 Fuit
2925 1248 3097 1290 autem
3136 1238 3234 1292 Job
3269 1250 3388 1293 ante

1843 1322 2070 1390 Moysem
2092 1339 2105 1384 ;
2128 1331 2240 1375 erat
2265 1324 2401 1375 enim
2429 1325 2641 1390 quintus
2667 1325 2732 1376 ab
2757 1325 3054 1377 Abrahamo
3078 1342 3141 1379 ex
3171 1330 3394 1392 posteris

1843 1410 1997 1462 Esau.
2045 1409 2123 1463 Ob
2169 1412 2434 1478 plagarum
2477 1413 2818 1464 calamitatem
2847 1423 3102 1466 venerunt
3140 1415 3202 1467 ad
3246 1417 3389 1467 illum

1842 1498 2142 1549 consolandi
2172 1500 2331 1566 gratia
2360 1499 2533 1551 amici.
2571 1501 2739 1567 Atque
2765 1503 2831 1552 ila
2859 1503 3180 1555 contentiose
3205 1513 3254 1555 et
3279 1505 3390 1556 sine

1843 1587 2297 1638 commiseratione
2326 1601 2442 1639 cum
2474 1587 2562 1639 illo
2596 1588 2766 1640 verbis
2805 1599 3060 1657 egerunt,
3104 1600 3152 1643 ut
3186 1591 3306 1644 illud
3340 1594 3388 1644 iu

1847 1684 2115 1740 peccatum
2147 1675 2272 1740 ipsis
2298 1684 2588 1740 reputatum
2620 1674 2793 1728 fuerit.
2830 1675 2929 1729 .Iob
2957 1693 3081 1730 vero
3110 1679 3268 1732 Deum
3299 1695 3396 1747 pro

1847 1761 1948 1814 illis
1987 1770 2231 1830 precatus
2267 1770 2382 1827 est,
2414 1772 2466 1814 et
2503 1764 2774 1816 remissum
2819 1765 2942 1832 ipsis
2983 1774 3062 1818 est
3100 1774 3388 1833 peccatum.

1845 1851 1978 1905 Sunt
2001 1851 2188 1920 dialogi
2219 1851 2337 1916 Job,
2367 1866 2498 1920 quos
2522 1867 2637 1905 cum
2667 1854 2845 1906 amicis
2868 1854 3066 1919 habuit,
3096 1865 3212 1909 octo
3241 1873 3252 1907 :
3284 1857 3390 1909 Eli-

1847 1942 1978 2007 phaz
2004 1955 2128 1993 vero
2156 1940 2220 1993 ad
2246 1939 2344 1994 Job
2375 1951 2480 1994 tres
2504 1983 2517 2005 ,
2551 1941 2754 2009 Sophar
2779 1942 2881 1995 duo
2903 1985 2916 2008 ,
2948 1944 3139 1998 Baldad
3170 1956 3292 2000 tres.
3325 1947 3390 2000 Et

1849 2030 1994 2083 Eliuz
2018 2045 2222 2099 quoque
2244 2031 2336 2084 lilii
2370 2031 2639 2086 Barachiel
2675 2034 2865 2086 anita:
2886 2050 3017 2088 unus
3037 2044 3115 2089 est
3133 2037 3389 2105 dialogus.

1848 2119 2065 2171 Demum
2111 2119 2358 2173 Dominus
2400 2120 2585 2174 Jobum
2615 2122 2893 2190 alloquitur
2922 2139 3015 2192 per
3042 2126 3300 2180 turbinem
3340 2137 3392 2181 et

1849 2207 2061 2260 nubem.
2095 2207 2394 2276 Respondet
2421 2225 2547 2264 vero
2579 2211 2830 2277 Domino,
2862 2225 2913 2267 et
2950 2215 3030 2269 bis
3065 2217 3228 2283 ipsum
3258 2218 3392 2270 allo-

1849 2299 2039 2363 quitur.
2072 2295 2259 2364 Sicquc
2287 2299 2592 2352 terminatur
2617 2301 2770 2354 liber.

1920 2385 2116 2451 Sc0pus
2143 2395 2314 2438 autem
2341 2387 2454 2454 ejus
2485 2397 2620 2441 totus
2649 2399 2727 2442 est
2765 2389 2828 2442 ad
2867 2393 3164 2457 patientiam
3198 2395 3393 2450 hortari

1849 2489 1940 2528 eos
1966 2475 2051 2542 qui
2076 2475 2124 2526 in
2157 2476 2479 2529 calamitates
2506 2477 2759 2543 incidunt,
2793 2480 2994 2533 etiamsi
3021 2497 3260 2551 magnum
3290 2486 3394 2552 pie-

1850 2565 1970 2616 tatis
2010 2564 2357 2618 testimonium
2401 2581 2507 2634 prae
2548 2582 2604 2620 se
2637 2568 2833 2632 ferant;
2882 2579 2937 2623 ut
2963 2571 3060 2625 hoc
3090 2573 3258 2640 ipsum
3288 2574 3390 2630 illis

1851 2652 2164 2705 otl‘endicuio
2195 2667 2295 2706 non
2326 2653 2425 2715 sit;
2456 2654 2546 2707 sed
2577 2656 2687 2708 lucc
2714 2657 2973 2723 proferant
3002 2678 3014 2712 :
3045 2659 3284 2716 Dominus
3309 2665 3395 2716 de~

1852 2743 1942 2805 dit,
1966 2740 2210 2795 Dominus
2235 2742 2436 2795 abstuli!
2459 2759 2476 2794 :
2498 2744 2622 2796 sicut
2650 2743 2858 2798 Domino
2880 2747 3062 2815 placuit
3080 2791 3093 2813 ,
3118 2752 3186 2802 ita
3212 2755 3396 2819 factum

1851 2840 1918 2882 est
1938 2846 1956 2893 ;
1983 2832 2046 2882 sit
2071 2847 2250 2883 nomen
2279 2831 2476 2883 Domini
2499 2832 2802 2885 benedictum
2828 2851 2888 2887 ea:
2910 2836 2999 2888 hoc
3024 2854 3154 2890 nunc
3178 2851 3221 2891 et
3246 2859 3397 2909 usque

1853 2920 1901 2970 in
1930 2921 2163 2972 statutum
2214 2920 2349 2989 (Job
2387 2923 2436 2974 1.
2474 2922 2534 2974 21
2568 2923 2620 2990 );
2663 2925 2972 2994 insuperque
3001 2927 3123 2981 illud
3157 2947 3171 2981 :
3217 2930 3397 2985 Nudus

1852 3023 2072 3074 egressus
2112 3025 2218 3060 sum
2262 3010 2322 3060 de
2361 3018 2494 3061 utero
2522 3012 2690 3063 matris
2733 3029 2879 3076 mete,
2911 3025 2957 3066 et
3000 3017 3161 3069 nudus
3188 3032 3401 3073 revertar

1853 3098 1971 3150 illuc
1998 3099 2231 3168 (Ibidem)
2256 3116 2268 3162 ;
2297 3111 2452 3168 atque
2479 3101 2597 3154 hinc
2622 3104 2829 3157 demum
2856 3107 3084 3161 ediscant
3116 3122 3305 3177 quanta
3331 3115 3399 3166 sit

1854 3188 2113 3254 patientiae
2157 3189 2350 3242 utilitas
2383 3207 2396 3242 :
2425 3191 2614 3243 etenim
2657 3191 2776 3245 inde
2816 3195 3107 3248 mercedem
3137 3204 3399 3266 accepturi

1853 3284 1972 3327 sunt
2002 3276 2133 3328 sicut
2158 3276 2274 3330 Job.
2306 3277 2369 3331 Ut
2395 3279 2548 3331 etiam
2577 3282 2829 3334 ostendat-
2849 3283 3007 3335 Deum
3035 3285 3402 3342 iutcntatorem

1853 3365 2104 3418 malorum
2128 3382 2264 3431 esse,
2291 3369 2655 3436 neminemque
2681 3379 2912 3426 tentare:
2943 3374 3032 3426 sed
3057 3375 3161 3428 Deo
3184 3381 3400 3443 permit-

1854 3462 1994 3506 tente
2031 3457 2338 3509 tentationes
2385 3457 2680 3510 hominibus
2720 3474 2815 3528 per
2851 3461 3115 3514 daemonas
3145 3465 3395 3531 excitari,

1853 3544 1915 3595 ad
1945 3543 2265 3610 singulorum
2304 3546 2656 3611 probationem
2686 3548 3174 3618 perfectionemque.
3206 3553 3400 3606 Narra-

1857 3639 1938 3682 tur
1965 3631 2295 3684 Salomonem
2327 3633 2462 3686 Imnc
2489 3634 2823 3688 adornavisse
2868 3638 3053 3691 Iihrum
3079 3680 3094 3704 ,
3137 3642 3229 3693 nisi
3268 3641 3402 3697 forte

1855 3719 2015 3786 ipsius
2045 3721 2234 3790 Moysis
2259 3723 2330 3774 sit
2359 3738 2507 3792 opus.
2538 3725 2658 3777 Il:ec
2687 3728 3015 3781 continentur
3041 3732 3089 3782 in
3123 3731 3218 3785 hoc
3245 3734 3402 3800 Iihro,

1853 3811 2000 3877 cujus
2029 3813 2193 3878 capita
2226 3813 2301 3865 sic
2329 3814 2516 3865 resumi
2552 3827 2783 3882 possunt.
2818 3817 2869 3868 In
2897 3821 3110 3872 exordio
3140 3832 3398 3887 narratur,

1854 3900 1987 3968 quod
2014 3901 2111 3953 Job
2140 3903 2393 3955 habitaret
2416 3905 2464 3954 in
2491 3913 2625 3956 terra
2653 3907 2886 3959 Ausitide
2914 3926 2927 3959 :
2955 3909 3141 3963 deinde
3167 3915 3400 3980 sequitur

1856 3991 2202 4043 testimonium
2233 3991 2513 4059 Scriptura:
2551 3994 2615 4047 de
2647 3995 2807 4062 probo
2834 3997 2946 4065 ejus
2975 4001 3095 4053 vitae
3126 4003 3357 4059 instituto
3383 4024 3396 4070 ;

1852 4079 1988 4146 quod
2017 4079 2147 4132 Iilios
2181 4081 2393 4134 haberet
2421 4093 2642 4149 septem,
2672 4086 2907 4155 Iiliasque
2936 4103 3060 4152 sex;
3091 4092 3155 4145 de
3183 4109 3402 4148 numero

1853 4183 2096 4235 pecorum
2125 4170 2256 4238 ejus.
2287 4172 2434 4237 Quod
2467 4173 2555 4226 lilii
2586 4175 2698 4241 ejus
2724 4192 2820 4228 una
2849 4182 3242 4247 convenientes,
3271 4201 3400 4238 con~

1853 4258 2042 4310 vivium
2065 4259 2292 4327 quotidie
2309 4262 2633 4315 celebrarent
2652 4280 2767 4317 cum
2792 4267 2953 4320 tribus
2975 4272 3239 4325 sororibus
3260 4277 3398 4328 suis:

1853 4355 1904 4399 et
1932 4347 2067 4414 quod
2097 4349 2322 4400 mitteret
2347 4349 2443 4403 Job
2470 4361 2520 4403 et
2551 4354 2825 4407 mundaret
2853 4356 2984 4411 filios
3013 4374 3153 4424 suos,
3179 4363 3402 4418 offerens

1853 4449 1948 4500 pro
1989 4436 2092 4488 illis
2134 4439 2447 4490 sacriﬁcium
2492 4440 2726 4493 Domino.
2778 4443 3005 4497 Primum
3052 4449 3399 4507 testimonium

1855 4522 2056 4575 Domini
2096 4525 2359 4578 diabolum
2399 4527 2707 4595 alloquentis
2744 4531 2880 4584 circa
2908 4533 3094 4588 Jobum
3135 4541 3399 4605 :primum

1855 4610 2042 4662 invidia
2072 4612 2278 4678 plenum
2310 4613 2498 4666 diaboli
2528 4617 2840 4684 colloquium
2871 4635 2987 4674 cum
3018 4623 3239 4680 Domino
3265 4630 3401 4682 circa

1851 4698 2058 4751 Jobum.
2107 4700 2257 4753 Dedit
2294 4701 2541 4756 Dominus
2571 4715 2877 4772 potestatem
2907 4712 3115 4766 diabolo
3144 4717 3193 4769 in
3227 4722 3399 4772 omnia

1852 4802 1968 4853 qua:
1989 4788 2052 4839 ad
2076 4787 2261 4840 Jobum
2293 4792 2628 4856 pertinerent,
2655 4796 2766 4861 ipso
2786 4798 2915 4852 Joho
2941 4812 3134 4855 tantum
3159 4823 3392 4873 excepto.

1855 4875 2026 4928 Primo
2065 4877 2290 4930 nuntiari
2321 4891 2467 4933 curat
2495 4881 2731 4936 diabolus
2759 4885 2890 4940 ⁴10110
2915 4929 2928 4952 ,
2956 4907 3115 4958 equos
3146 4905 3196 4946 et
3227 4898 3401 4947 asinos

1852 4964 1963 5030 ejus
1992 4973 2170 5033 captos
2196 5008 2207 5026 ,
2238 4982 2519 5037 servosque
2549 4986 2823 5037 percussos
2850 4977 3028 5031 fuisse.
3074 4983 3144 5035 De
3170 4988 3400 5038 secundo

1853 5055 2053 5116 nuntio,
2077 5056 2162 5122 qui
2185 5055 2316 5111 Jobo
2339 5058 2467 5112 dixit
2494 5079 2504 5110 :
2533 5061 2651 5128 Igne
2671 5076 2990 5132 consumptm
3010 5080 3130 5120 sunt
3151 5088 3276 5126 oves
3301 5085 3401 5128 tum

1851 5158 1968 5195 cum
2010 5149 2321 5211 pastoribus.
2356 5151 2427 5202 De
2459 5152 2612 5205 tertio
2643 5155 2824 5206 nuntio
2848 5196 2860 5217 ,
2890 5157 2974 5222 qui
3015 5163 3240 5214 narravit
3268 5165 3400 5218 John

1851 5241 2026 5299 captos
2064 5238 2290 5289 camelos
2315 5277 2329 5300 ,
2369 5249 2422 5290 et
2461 5254 2624 5293 cmsos
2664 5244 2908 5297 custodes
2953 5245 3131 5299 fuisse.
3177 5255 3400 5314 Quartus

1851 5323 2060 5374 nuntius
2089 5323 2276 5377 Jobum
2305 5325 2411 5376 adit
2430 5367 2443 5387 ,
2482 5339 2757 5398 narratque
2787 5335 3049 5389 corruisse
3076 5339 3318 5403 domum,
3348 5353 3400 5393 et

1851 5424 2126 5477 oppressos
2155 5429 2336 5466 omnes
2366 5415 2499 5467 ﬁlios
2529 5417 2640 5483 ejus
2679 5421 2856 5473 IuiSse.
2902 5424 2956 5476 In
2986 5429 3223 5480 omnibus
3253 5431 3395 5483 hisce

1913 5568 1993 5637 (a)_
2007 5577 2115 5637 Quze
2133 5579 2395 5637 sequuntur
2411 5584 2561 5631 usque
2580 5573 2635 5620 ad
2655 5575 2817 5629 verba,
2835 5577 3110 5625 terminatur
3129 5579 3260 5637 liber,
3274 5585 3398 5631 simi-

1852 5629 1958 5675 liter
1985 5630 2216 5738 hahegtur
2257 5633 2300 5676 in
2328 5629 2683 5694 altet‘a'Synopsi
2702 5649 2712 5689 ;
2733 5645 2905 5683 caetera
2929 5651 3040 5686 vero
3063 5629 3212 5688 omnia
3239 5629 3400 5692 abillo

1851 5698 2036 5738 SVIIUISI
2063 5704 2085 5734 3|
2140 5700 2249 5738 ¹11111.

1851 5703 2036 5748 ηἰιυιδι
2063 5703 2249 5738 absunt.
