4000 6220
616 359 727 414 363

613 461 1120 516 εαιαιιιὶιειιίὺυεήοη
1143 455 1376 525 peccavit
1395 454 1491 508 Job
1512 466 1632 519 erga
1656 450 1952 503 Dominum.
1975 445 2165 498 Secun-

616 555 740 606 dum
768 549 1119 605 testimonium
1163 545 1366 598 Domini
1405 542 1665 594 diabolum
1695 536 2004 603 alloquentis
2027 573 2042 595 ,
2068 546 2170 599 quo

616 641 732 696 Jobi
761 641 924 692 virtus
951 636 1275 696 celebratur;
1315 641 1367 685 et
1405 628 1689 682 secundum
1729 625 1920 678 invidia
1960 624 2166 689 plenum

616 731 804 784 diaboli
828 726 1139 794 colloquium
1161 737 1278 775 cum
1303 721 1518 772 Domino
1539 718 1675 770 circa
1698 715 1906 768 Jobum.
1947 706 2012 760 Et
2034 721 2170 774 quo-

614 822 773 876 modo
789 819 1064 876 tradiderit
1090 815 1336 867 Dominus
1363 810 1572 868 Jobuin,
1605 822 1705 858 nua
1738 811 1936 857 tantum
1967 809 2167 852 servata

618 911 788 962 anima
823 923 916 961 seu
945 906 1068 956 vita.
1115 902 1370 969 Egressus
1399 896 1636 950 diabolus
1663 893 1848 946 Johum
1883 889 2102 958 percutit
2140 901 2169 938 a

619 999 837 1068 pedibus
865 1011 1026 1062 usque
1062 993 1126 1045 ad
1155 998 1342 1058 caput;
1387 988 1680 1052 sedensque
1710 982 1808 1036 Job
1849 982 1897 1032 in
1938 988 2169 1032 stercore

623 1089 831 1142 radebat
858 1085 1072 1138 saniem.
1104 1081 1297 1135 Suadet
1332 1078 1463 1131 Jobo
1496 1092 1625 1128 uxor
1659 1074 1770 1141 ejus
1796 1114 1808 1137 ,
1839 1082 1893 1124 ut
1931 1072 2170 1138 loquatur

615 1187 797 1233 contra
836 1177 1110 1229 Dominum
1137 1215 1151 1236 ,
1179 1183 1228 1225 et
1260 1169 1514 1221 moriatur
1544 1183 1555 1217 :
1585 1165 1830 1230 illamque
1862 1161 1960 1214 Job
1988 1175 2168 1226 repre-

618 1269 813 1322 hendit.
848 1267 1136 1320 Audierant
1163 1272 1268 1314 tres
1295 1260 1445 1310 amici
1474 1256 1612 1316 .Iobi,
1639 1253 1850 1321 Eliphaz
1876 1250 2171 1304 Thremani-

617 1369 785 1410 tarum
814 1371 903 1408 rex
926 1397 938 1416 ,
968 1351 1161 1406 Baldad
1201 1349 1518 1402 Sacheorum
1550 1354 1799 1412 tyrannus
1823 1381 1838 1406 ,
1879 1349 1931 1392 et
1971 1338 2171 1405 Sophar

618 1448 932 1500 Nemeorum
967 1448 1265 1494 rexicuncta
1291 1452 1405 1504 qure
1437 1434 1531 1501 ipsi
1558 1431 1869 1485 acciderant.
1903 1428 1965 1481 Et
1991 1441 2169 1480 acces-

615 1543 798 1589 serunt
840 1533 902 1584 ad
946 1532 1087 1583 illum
1131 1527 1316 1595 singuli
1355 1540 1416 1578 ex
1466 1523 1676 1591 regione
1705 1534 1831 1580 sua,
1859 1526 1914 1570 ut
1943 1519 2172 1570 viserent

616 1627 759 1680 illum
781 1642 794 1676 :
814 1625 1006 1691 illoque
1023 1625 1305 1686 conspecto
1323 1614 1588 1668 sciderunt
1603 1611 1787 1680 singuli
1807 1618 2001 1663 vestem
2024 1619 2168 1658 suam

614 1719 682 1772 ob
711 1725 903 1770 tantam
934 1712 1303 1765 calamitatem.
1350 1707 1472 1759 Post
1500 1704 1702 1771 plagam
1735 1709 1907 1753 autem
1933 1697 2031 1751 Job
2064 1696 2170 1763 pri-

616 1822 731 1860 mus
758 1803 962 1873 aperuit
983 1815 1042 1853 os
1069 1814 1242 1862 suum,
1271 1805 1318 1848 et
1347 1793 1613 1847 maledixit
1633 1791 1733 1844 diei
1757 1805 1817 1841 ac
1839 1788 1974 1840 nocti
1999 1787 2046 1838 in
2073 1800 2169 1851 qua

616 1908 769 1952 natus
787 1905 917 1948 erat.
943 1893 1073 1945 Hinc
1095 1889 1222 1943 illud
1249 1905 1260 1939 :
1287 1887 1427 1940 Sicut
1447 1899 1612 1937 servus
1634 1884 1714 1949 qui
1741 1882 1872 1932 timet
1895 1879 2168 1936 dominum,

615 1988 687 2039 sic
712 1987 828 2038 data
852 1993 920 2035 est
943 1981 1028 2033 lux
1053 1981 1111 2032 iis
1135 1979 1218 2045 qui
1244 1979 1294 2028 in
1321 1973 1653 2026 amaritudine
1679 1977 1954 2030 versantur,
1978 1967 2060 2033 qui
2087 1966 2174 2018 de-

613 2078 832 2131 siderant
861 2083 1066 2125 mortem
1086 2112 1101 2135 ,
1126 2085 1212 2121 nec
1241 2067 1477 2119 obtinent.
1523 2063 1661 2115 Mors
1691 2062 1820 2114 enim
1855 2059 1958 2110 viro
1985 2057 2170 2124 requies

618 2167 734 2235 (J'ob
753 2169 803 2220 5.
821 2166 906 2220 19.
921 2165 1008 2218 20.
1027 2163 1088 2215 21
1103 2201 1114 2212 .
1131 2160 1242 2228 25).
1263 2157 1543 2224 Excipiens
1565 2154 1706 2205 illum
1735 2150 1934 2220 primus
1955 2147 2172 2215 Eliphaz

615 2256 963 2313 Thremanites
985 2254 1108 2305 dicit
1131 2250 1264 2303 Jobo
1295 2266 1305 2298 :
1343 2266 1360 2296 ‹
1394 2247 1450 2298 In
1484 2241 1786 2297 memoriam
1817 2251 2025 2299 revoca,
2057 2236 2172 2302 quis

615 2347 840 2400 mundus
889 2342 1135 2410 perierit,
1181 2348 1268 2391 aut
1313 2335 1641 2405 quandonam
1686 2342 1899 2384 veraces
1943 2325 2173 2379 funditus

615 2433 801 2503 perditi
825 2432 946 2486 sint.
991 2428 1201 2482 Ferocia
1226 2425 1507 2479 draconum
1531 2421 1783 2474 exstincta
1812 2425 1891 2470 est
1910 2433 1921 2467 :
1943 2428 2174 2484 myrme-

611 2523 798 2577 coleou
817 2529 988 2574 autem
1009 2516 1181 2585 periit,
1202 2531 1264 2568 eo
1282 2514 1420 2582 quod
1444 2526 1544 2564 non
1565 2510 1780 2562 haberet
1796 2521 1967 2561 escam
1989 2524 2000 2557 :
2017 2505 2170 2556 catuli

613 2614 820 2666 leonum
847 2624 962 2663 sese
986 2606 1205 2660 invicem
1232 2610 1562 2670 separarunt.
1597 2599 1683 2652 Sic
1711 2613 1811 2650 non
1840 2603 1920 2649 est
1940 2592 2173 2646 mortalis

615 2699 842 2754 mundus
870 2699 920 2750 in
947 2705 1228 2763 conspectu
1255 2690 1458 2745 Domini
1481 2731 1494 2752 ,
1524 2702 1693 2755 neque
1718 2701 1780 2740 ex
1805 2684 2047 2752 operibus
2069 2681 2174 2734 suis

614 2787 908 2855 iuculpatus
931 2785 1009 2837 vir
1035 2802 1051 2833 ι
1075 2781 1188 2850 (Job
1213 2782 1262 2832 4.
1283 2777 1721 2841 7.1Ο.11.17).‹
1745 2773 1921 2834 Stulli,
1948 2790 1964 2820 ι
1988 2769 2171 2837 inquit,

623 2898 640 2929 ι
653 2879 774 2932 licet
789 2874 1016 2930 radicem
1035 2869 1429 2940 ponant,statim
1445 2865 1778 2919 devorabitur
1792 2863 1955 2914 victus
1969 2873 2170 2920 eorum;

614 2967 857 3038 quoniam
876 2967 1012 3033 quod
1036 2965 1107 3017 illi
1127 2967 1525 3029 congregarunt,
1543 2956 1667 3024 justi
1685 2953 1959 3007 comedent
1985 2970 2001 3000 ι
2025 2949 2172 3020 (Cap.

615 3061 668 3114 5.
698 3075 745 3111 υ.
778 3058 828 3110 5.
860 3056 934 3122 5).
973 3073 989 3104 ‹
1024 3053 1242 3115 Homo,»
1278 3049 1461 3117 inquit,
1496 3066 1512 3097 ‹
1554 3046 1781 3097 nascitur
1809 3043 1870 3094 ad
1902 3042 2129 3093 laborem
2157 3079 2170 3098 ,

614 3149 740 3216 pulli
798 3156 968 3199 autem
1025 3145 1288 3197 vulturum
1340 3140 1445 3192 alte
1503 3137 1698 3190 volant.
1767 3131 2174 3200 Comprehendit

614 3248 786 3293 antem
827 3237 1074 3290 Dominus
1108 3233 1369 3301 sapientes
1409 3230 1461 3282 in
1497 3226 1766 3295 prudentia
1811 3239 1990 3277 eorum
2013 3263 2025 3285 ,
2058 3237 2174 3275 con-

616 3330 788 3386 silium
839 3337 1010 3378 autem
1050 3321 1398 3389 versipellium
1442 3317 1678 3384 dissipat.
1731 3315 2061 3367 lnnoceutem
2108 3327 2170 3364 ex

616 3416 1015 3472 necessitatibus
1059 3412 1244 3477 eripiet
1284 3409 1534 3461 Dominus
1560 3447 1572 3466 ,
1615 3415 1667 3458 et
1710 3405 1758 3457 in
1803 3403 2026 3470 septimo
2068 3417 2169 3454 non

614 3512 790 3573 tanget
832 3519 948 3556 eum
991 3501 1205 3555 malum.
1247 3499 1323 3552 Tu
1357 3511 1482 3551 vero
1512 3505 1680 3550 tecum
1712 3505 1924 3563 reputa,
1956 3508 2021 3546 an
2050 3493 2170 3562 quid

617 3592 1005 3664 perpetraveris
1039 3609 1055 3640 ι
1091 3588 1245 3658 (Ibid.
1279 3605 1323 3640 υ.
1354 3588 1404 3638 7.
1442 3587 1524 3640 13.
1559 3585 1644 3639 19.
1671 3585 1785 3652 27).

686 3683 857 3737 Prima
902 3683 1016 3736 Jobi
1059 3681 1122 3733 ad
1168 3679 1381 3746 Eliphaz
1421 3677 1693 3745 responsio
1723 3694 1734 3727 :
1768 3695 1784 3726 ι
1820 3676 1872 3730 Si
1905 3691 2029 3730 vero
2059 3677 2174 3744 quis

611 3772 913 3841 appcndens
937 3769 1257 3838 appenderet
1299 3769 1427 3821 iram
1468 3782 1671 3827 meam,
1699 3775 1749 3820 et
1787 3766 1992 3820 dolores
2029 3782 2173 3819 meos

612 3865 819 3917 tolleret
849 3863 897 3915 in
930 3871 1121 3915 statera
1151 3861 1361 3928 pariter,
1393 3859 1568 3926 utique
1594 3873 1751 3910 arena
1780 3857 1938 3910 maris
1964 3856 2172 3926 gravior

609 3955 710 4008 erit
737 3974 754 4004 ι
777 3953 922 4022 (ϐαρ.
944 3953 993 4005 6.
1015 3951 1127 4005 v.2.
1148 3951 1223 4020 5).
1247 3949 1371 4004 Item
1394 3949 1514 4002 illud
1537 3971 1547 4002 :
1575 3967 1590 3998 ι
1613 3948 1743 4002 Num
1765 3948 1954 4001 frustra
1975 3948 2172 4001 clama-

611 4045 684 4097 hit
711 4058 932 4111 onager,
961 4042 1056 4094 nisi
1081 4056 1228 4094 escas
1251 4040 1558 4107 requirens?
1579 4039 1836 4107 Numquid
1860 4047 1912 4091 et
1935 4047 2172 4104 erumpet

608 4135 657 4186 in
685 4147 863 4185 vocem
886 4131 1001 4194 bos,
1025 4146 1141 4183 cum
1167 4129 1355 4182 habent
1375 4130 1424 4180 in
1449 4144 1686 4196 praesepe
1711 4128 1890 4181 cibos?
1914 4127 2170 4195 Numquid

609 4222 856 4275 Iurtitudo
885 4220 1112 4290 lapidum
1139 4219 1387 4273 fortitudo
1413 4233 1550 4281 mea,
1578 4228 1667 4270 aut
1689 4232 1872 4271 carnes
1899 4234 2027 4270 mea:
2048 4227 2171 4269 sunt

606 4331 766 4370 (enea:
795 4332 814 4366 θ
843 4312 1002 4383 (Ibid.
1023 4311 1299 4378 v.5.12)?t
1326 4309 1482 4376 Quasi
1503 4308 1923 4362 tentatioestvita
1944 4307 2170 4359 hominis

605 4421 764 4473 super
787 4414 1002 4466 terram,
1024 4411 1111 4455 aut
1132 4403 1265 4454 sicut
1280 4399 1566 4468 quotidiani
1586 4398 1891 4451 mercenarii
1912 4397 2012 4448 vita
2032 4395 2163 4462 ejus.

602 4500 656 4552 Si
689 4514 785 4566 ego
825 4496 1035 4566 peccavi
1059 4535 1072 4556 ,
1099 4494 1219 4562 quid
1249 4503 1429 4561 potero
1456 4491 1665 4545 facere?
1689 4490 1785 4555 Qui
1809 4489 1910 4542 scis
1941 4498 2165 4540 mentem

604 4589 871 4640 hominum
896 4629 909 4650 ,
942 4601 1100 4652 quare
1143 4584 1358 4652 posuisti
1393 4598 1476 4636 me
1520 4589 1574 4634 ut
1610 4581 1857 4649 loquerer
1885 4577 2165 4631 adversum

605 4687 654 4730 te
692 4695 709 4727 ι
744 4676 893 4746 (Cap.
926 4675 974 4724 7.
1006 4691 1053 4726 υ.
1088 4674 1137 4726 1.
1169 4673 1300 4735 20)?

672 4765 798 4819 Post
821 4762 1033 4830 Eliphaz
1055 4762 1314 4815 secundus
1338 4760 1602 4830 excipiens
1626 4757 1817 4812 Baldad
1840 4757 2164 4811 Saucheotes

602 4854 790 4909 Jobum
815 4853 891 4904 sic
916 4851 1196 4918 alloquitur
1225 4870 1236 4903 ε
1273 4869 1290 4900 ς
1325 4851 1606 4918 Usquequo
1637 4849 1908 4918 loqueris?
1937 4847 2163 4915 Spiritus

602 4944 939 5010 multiloquus
963 4942 1011 4993 in
1037 4956 1128 4994 ore
1148 4951 1252 4994 tuo.
1278 4941 1538 5008 Numquid
1563 4941 1812 4993 Dominus
1835 4939 2024 5007 injuste
2045 4946 2163 5006 aget

597 5031 877 5104 judicans?
908 5040 995 5083 aut
1020 5030 1105 5097 qui
1135 5031 1307 5082 omnia
1336 5031 1486 5092 facit,
1516 5045 1617 5082 non
1648 5028 1916 5082 exhibebit
1945 5028 1994 5080 id
2024 5027 2162 5095 quod

597 5125 793 5194 justum
815 5128 895 5173 est
927 5136 945 5169 ι
979 5119 1125 5186 (Cap.
1147 5117 1198 5170 8.
1231 5119 1352 5170 v.2.
1373 5119 1467 5186 5)?
1497 5118 1621 5171 Item
1654 5117 1814 5169 illud:
1840 5135 1857 5166 ‹
1885 5116 2028 5170 Sicut
2057 5130 2159 5168 non

598 5216 734 5267 viret
762 5225 986 5281 papyrus
1017 5208 1129 5261 sine
1158 5222 1287 5275 aqua
1311 5247 1324 5270 ,
1359 5224 1454 5261 nec
1479 5208 1668 5262 crescit
1699 5209 1828 5276 prati
1856 5207 2019 5261 herba
2047 5208 2161 5262 sine

600 5313 759 5372 potu;
795 5315 910 5353 nam
943 5298 1111 5352 adhuc
1139 5298 1190 5351 in
1221 5312 1313 5350 sua
1343 5298 1519 5350 radice
1547 5299 1825 5361 consistit,
1857 5313 1952 5351 nec
1974 5297 2158 5350 deme-

601 5402 737 5446 tetur
756 5431 768 5451 .
797 5399 849 5444 et
875 5398 1152 5455 antequam
1182 5385 1332 5439 cadat
1361 5386 1522 5440 herba
1551 5387 1832 5440 siccabitur
1863 5405 1875 5440 :
1903 5389 1979 5439 sic
2005 5395 2161 5440 erunt

602 5483 878 5536 novissima
902 5481 1073 5532 omnia
1097 5492 1300 5542 eorum,
1322 5476 1409 5545 qui
1433 5475 1812 5531 obliviscuntur
1841 5479 1931 5531 Dei
1960 5497 1976 5527 ι
1997 5476 2154 5547 (Ibid.

602 5574 728 5625 v.11
766 5570 902 5637 43).

673 5661 842 5714 I‘rima
887 5655 1159 5725 responsio
1188 5653 1305 5710 δοὺί
1350 5653 1412 5706 ad
1457 5653 1784 5708 Baldadum:
1825 5674 1841 5704 c
1885 5656 2016 5711 Vere
2047 5658 2157 5710 scio

1337 341 1394 397 S.
1424 337 1696 394 JOANNIS
1733 330 2196 391 CHRYSOSTOMI
2234 328 2544 383 ARCHIEP.
2585 321 3102 381 (IONSTANTINOP.

3720 315 3837 369 364

2279 439 2416 506 quod
2460 440 2527 491 ita
2567 438 2634 490 sit
2667 454 2678 488 :
2710 435 2969 505 quomodo
2995 435 3133 488 enim
3169 432 3270 488 erit
3308 433 3480 500 justus
3509 429 3660 481 homo
3688 421 3839 491 apud

2278 527 2551 579 Dominum
2577 541 2594 572 ι
2619 523 2762 593 (ϐαρ.
2781 526 2834 577 9.
2857 540 2902 576 υ.
2922 521 3016 590 2)?
3035 523 3304 588 Etiamque
3327 518 3472 579 illud,
3497 534 3516 566 ι
3539 515 3633 581 Qui
3651 523 3838 566 cxten-

2277 618 2349 668 dit
2369 617 2551 668 canum
2577 616 2738 678 solus,
2772 624 2824 666 et
2853 613 3082 665 ambulat
3105 627 3261 679 super
3291 624 3433 663 mare
3463 619 3717 674 tamquam
3749 617 3842 655 sut-

2278 723 2368 775 per
2390 708 2764 773 pavimentum,
2779 705 2866 772 qui
2886 703 3008 756 fecit
3027 702 3234 755 Pleiada
3259 709 3310 753 et
3327 699 3641 765 Hesperum:
3663 692 3841 756 (Ibid.

2276 798 2418 851 9.v.8
2445 797 2518 862 9).
2547 814 2563 845 ι
2588 795 2922 863 Quisjudicio
2941 793 3028 846 Dei
3044 792 3280 846 resistet?
3297 788 3441 855 Quod
3461 787 3662 840 sietiam
3676 782 3847 836 fuero

2272 887 2460 955 justus,
2481 902 2540 939 os
2557 901 2729 940 meum
2750 886 2904 953 impia
2926 886 3164 950 loquetur
3188 901 3199 933 :
3223 881 3422 933 etiamsi
3447 878 3585 930 fuero
3601 875 3712 925 sine
3732 873 3849 923 cri-

2275 978 2434 1038 mine,
2453 991 2641 1042 pravus
2656 975 2868 1028 evadam
2885 972 3067 1043 i(Ibid.
3083 971 3222 1024 v.19.
3239 970 3346 1037 20).
3367 969 3512 1022 Circa
3529 964 3662 1025 illud,
3677 982 3695 1013 ι
3710 962 3846 1013 Vita

2277 1081 2391 1119 mea
2411 1066 2574 1118 levior
2594 1074 2672 1117 est
2696 1078 2931 1116 cursore.
2950 1061 3208 1129 Numquid
3229 1059 3444 1112 navibus
3461 1064 3540 1110 est
3557 1053 3844 1120 vestigium

2277 1155 2393 1217 vi;e,
2418 1163 2508 1207 aut
2531 1155 2716 1222 aquila:
2742 1154 2982 1216 volantis,
3006 1151 3287 1221 quaerentis
3303 1163 3473 1203 escam
3497 1145 3645 1216 (Ibid.
3663 1161 3711 1196 v.
3737 1143 3842 1197 25.

2275 1245 2401 1313 26)?
2432 1245 2689 1299 Memento
2713 1243 2847 1312 quod
2871 1245 3030 1297 lutum
3053 1242 3242 1295 tinxisti
3267 1255 3368 1302 me,
3391 1249 3443 1294 et
3466 1240 3512 1290 in
3533 1246 3720 1290 terram
3746 1249 3846 1288 me

2277 1341 2461 1391 iterum
2489 1346 2784 1390 convertes.
2833 1335 3016 1389 Nonne
3047 1335 3178 1389 sicut
3215 1335 3292 1385 lac
3327 1329 3548 1384 mulsisti
3572 1334 3681 1383 me?
3719 1337 3846 1379 etc-

2277 1428 2459 1480 Essem
2491 1435 2750 1493 tamquam
2782 1439 2882 1478 non
2915 1425 3148 1477 fuissem.
3176 1419 3280 1474 Cur
3305 1424 3369 1474 de
3395 1429 3541 1472 utero
3567 1417 3614 1470 in
3642 1430 3844 1468 monu-

2276 1530 2505 1571 mentum
2535 1534 2636 1571 non
2669 1532 2781 1568 sum
2815 1515 3095 1568 translatus
3119 1533 3135 1563 ι
3159 1511 3302 1580 (Cap.
3327 1509 3410 1564 10.
3439 1525 3484 1561 υ.
3504 1508 3554 1561 9.
3588 1504 3842 1572 10.19)?

2349 1609 2467 1661 Post
2517 1607 2728 1675 Eliphaz
2765 1603 2958 1658 Baldad
2985 1645 2998 1667 ,
3039 1612 3092 1656 et
3121 1610 3237 1671 post
3267 1599 3458 1652 Baldad
3491 1596 3688 1664 Sophar
3713 1595 3837 1648 Me-

2277 1712 2440 1761 naeus,
2465 1696 2752 1750 secundum
2779 1696 2877 1748 sibi
2903 1692 3171 1763 proprium
3196 1691 3466 1750 ordinem;
3499 1680 3566 1740 it'a
3593 1696 3647 1739 ut
3665 1701 3840 1738 unus-

2276 1787 2494 1854 quisque
2537 1801 2718 1838 eorum
2761 1794 2996 1852 speraret
3039 1797 3096 1836 se
3142 1781 3356 1834 meliora
3399 1779 3650 1831 dicturum
3675 1775 3838 1829 Jolio.

2283 1894 2298 1924 ι
2325 1876 2419 1941 Qui
2439 1876 2597 1927 multa
2620 1874 2762 1937 dicit,
2793 1873 3018 1926 vicissim
3045 1871 3237 1924 audiet.
3271 1887 3288 1919 ι
3316 1869 3441 1922 Item
3468 1867 3625 1921 illud:
3661 1885 3677 1917 ι
3710 1867 3840 1920 Ful-

2276 1965 2414 2032 gehit
2457 1965 2612 2017 facies
2657 1973 2742 2016 tua
2789 1973 3049 2029 tamquam
3089 1975 3222 2028 aqua
3264 1975 3408 2028 pura.
3460 1959 3629 2012 Exues
3658 1967 3838 2010 autem

2278 2054 2516 2114 sordem,
2548 2061 2600 2105 et
2631 2067 2730 2105 non
2765 2051 2986 2113 timebis,
3020 2059 3071 2104 et
3096 2049 3324 2103 laborem
3352 2048 3672 2102 Oblivisceris
3703 2055 3843 2098 tam-

2278 2160 2430 2208 quam
2463 2147 2674 2195 lluctnm
2703 2144 2787 2211 qui
2820 2143 3069 2210 praeterit.
3099 2139 3277 2194 Oratio
3301 2140 3437 2194 enim
3463 2148 3546 2192 tua
3573 2148 3837 2207 tamquam

2277 2233 2484 2286 Lucifer
2509 2233 2604 2287 erit
2635 2252 2652 2282 ι
2678 2233 2820 2301 (Cap.
2855 2235 2939 2288 11.
2966 2248 3011 2284 υ.
3034 2232 3085 2285 2.
3122 2229 3321 2299 15-17).

2347 2324 2517 2376 Prima
2559 2323 2672 2376 .lobi
2721 2324 2783 2376 ad
2827 2323 3115 2391 Supliarem
3169 2323 3484 2389 responsio:
3519 2339 3537 2372 ι
3575 2320 3681 2374 Vos
3709 2335 3839 2386 ergo

2279 2413 2379 2464 soli
2408 2415 2531 2466 estis
2564 2413 2830 2474 homines;
2864 2422 2953 2465 aut
2975 2413 3239 2465 vobiscum
3271 2412 3521 2463 morietur
3545 2409 3838 2477 sapientia?

2278 2503 2343 2555 Et
2373 2502 2495 2554 mihi
2523 2503 2731 2569 quidem
2762 2517 2854 2555 cor
2876 2502 3021 2570 juxta
3051 2516 3143 2552 vos
3173 2502 3269 2555 erit
3298 2521 3314 2551 ›
3341 2500 3504 2571 (Cap.
3533 2501 3617 2552 12.
3651 2499 3703 2550 2.
3739 2497 3832 2557 '5).

2279 2594 2427 2646 Circa
2460 2594 2583 2647 illud
2613 2613 2624 2647 :
2651 2613 2668 2644 ‹
2698 2594 2823 2660 Quis
2849 2608 2950 2646 non
2972 2593 3214 2660 cognovit
3236 2593 3283 2644 in
3310 2592 3551 2644 omnibus
3574 2591 3672 2653 his,
3698 2592 3836 2657 quod

2281 2699 2465 2736 manus
2493 2684 2695 2736 Domini
2725 2682 2846 2736 fecit
2876 2682 2990 2736 haec
3005 2683 3034 2735 ?‘
3056 2683 3185 2748 Quia
3214 2684 3261 2733 in
3291 2697 3444 2733 manu
3475 2681 3586 2748 ejus
3615 2689 3696 2732 est
3719 2680 3837 2732 ani-

2279 2787 2362 2823 ma
2392 2774 2622 2824 omnium
2650 2773 2952 2836 viventium,
2988 2782 3041 2825 et
3067 2774 3281 2839 spiritus
3309 2772 3478 2824 omnis
3504 2771 3747 2823 hominis.
3783 2769 3839 2825 Si

2279 2861 2600 2930 prohibuerit
2628 2877 2845 2931 aquam.
2874 2863 3091 2915 siccahit
3118 2872 3308 2915 terram
3339 2904 3352 2923 ,
3384 2873 3438 2915 et
3465 2861 3508 2914 si
3538 2862 3840 2926 dimiserit,

2280 2953 2505 3021 perdidit
2533 2964 2774 3007 evertens
2801 2968 2913 3006 eam
2940 2952 3124 3022 i(lbid.
3146 2969 3192 3005 v.
3210 2953 3497 3022 9.10.15).
3515 2951 3660 3005 Circa
3682 2952 3836 3004 illud:

2285 3060 2302 3090 ι
2333 3042 2458 3108 Quis
2485 3044 2584 3095 erit
2610 3042 2833 3094 mundus
2863 3056 2890 3093 a
2922 3041 3119 3094 sorde?
3149 3043 3213 3094 At
3241 3057 3412 3099 nemo.
3442 3041 3538 3096 etsi
3567 3056 3699 3094 unus
3725 3041 3841 3093 dies

2276 3132 2344 3184 sit
2378 3133 2478 3184 vita
2509 3132 2621 3199 ejus
2653 3146 2809 3198 super
2840 3139 3051 3184 terram.
3086 3131 3175 3183 Est
3204 3131 3375 3183 arbori
3437 3144 3575 3198 spes.
3609 3132 3662 3182 Si
3696 3130 3836 3181 enim

2279 3223 2450 3276 excisa
2501 3222 2684 3287 fuerit,
2718 3221 2887 3274 adhuc
2924 3221 3226 3291 pullulabit,
3259 3230 3311 3274 et
3350 3236 3559 3290 germen
3590 3220 3701 3288 ejus
3733 3237 3838 3272 non

2278 3315 2501 3366 deficiet.
2537 3313 2626 3366 Vir
2651 3327 2772 3366 vero
2791 3329 2906 3365 cum
2930 3322 3162 3365 mortuus
3189 3313 3359 3375 fuerit,
3384 3312 3539 3365 abiit:
3564 3321 3614 3364 et
3640 3321 3838 3364 morta-

2277 3403 2339 3454 lis
2359 3418 2474 3455 cum
2496 3402 2762 3466 ceciderit,
2788 3417 2888 3454 non
2913 3403 3045 3454 ultra
3071 3410 3148 3454 est
3177 3420 3192 3451 ι
3217 3401 3450 3469 (Cap.H.
3471 3417 3516 3453 υ.
3536 3401 3653 3453 1.5.
3670 3400 3834 3467 7.10).

2350 3492 2552 3544 Initium
2611 3491 2916 3544 secundum.
2982 3491 3194 3558 Eliphaz
3250 3489 3436 3544 Jobum
3496 3490 3830 3557 alloquitur:

2284 3600 2299 3631 ί
2338 3580 2595 3649 Numquid
2625 3581 2836 3648 sapiens
2873 3581 3270 3647 responsionem
3297 3578 3439 3631 dabit
3466 3578 3699 3630 scientia:
3727 3578 3834 3644 Spi-

2281 3671 2450 3724 ritus?
2480 3674 2676 3738 Arguat
2707 3680 2756 3724 te
2783 3686 2842 3723 os
2871 3679 3013 3723 tutnn
3041 3710 3055 3736 ,
3088 3679 3139 3723 et
3166 3683 3267 3722 non
3299 3682 3413 3737 ego.
3459 3687 3476 3719 ι
3512 3667 3639 3720 Illud
3670 3669 3790 3720 item
3815 3706 3832 3730 ,

2285 3784 2301 3814 ‹
2338 3765 2463 3830 Quis
2499 3764 2638 3815 enim
2677 3777 2794 3826 cum
2825 3764 2892 3814 sit
2927 3761 3113 3822 homo,
3145 3760 3246 3813 erit
3285 3758 3616 3826 iueulpatus?
3642 3772 3708 3810 an
3737 3759 3837 3811 erit

2273 3853 2443 3922 justus
2474 3861 2621 3904 natus
2647 3853 2712 3904 de
2738 3849 2958 3902 muliere
2994 3868 3012 3900 ι
3042 3849 3187 3917 (Cap.
3217 3848 3300 3902 15.
3325 3864 3371 3901 υ.
3402 3846 3455 3899 2.
3489 3846 3540 3899 6.
3571 3844 3696 3914 11)?

2348 3941 2588 3996 Secunda
2620 3941 2890 4007 responsio
2919 3938 3035 3992 .Iobi
3065 3939 3129 3991 ad
3165 3938 3412 4006 Eliphaz:
3446 3955 3462 3986 ι
3497 3936 3684 3990 Audivi
3713 3936 3834 3988 talia

2278 4035 2438 4087 multa
2469 4051 2483 4088 :
2519 4033 2881 4086 consolatores
2911 4031 3167 4083 malorum
3202 4044 3403 4082 omnes.
3449 4029 3584 4081 Ecce
3614 4029 3664 4080 in
3695 4028 3834 4080 cadis

2275 4134 2354 4177 est
2382 4124 2532 4177 testis
2562 4137 2730 4185 meus,
2764 4130 2816 4175 et
2839 4121 3081 4175 conscius
3109 4134 3257 4173 meus
3289 4121 3337 4171 in
3368 4118 3608 4172 excelsis.
3641 4117 3721 4170 Sit
3747 4132 3836 4168 au-

2277 4226 2376 4268 tem
2411 4214 2707 4282 redargutio
2746 4214 2858 4266 viro
2891 4227 3066 4265 coram
3113 4212 3330 4264 Domino
3367 4233 3384 4260 ι
3410 4208 3554 4281 (Cap.
3589 4210 3673 4262 16.
3705 4226 3748 4260 ιν.
3776 4208 3829 4261 2.

2272 4304 2359 4356 20.
2395 4303 2508 4372 22).
2535 4303 2667 4356 Illud
2696 4303 2839 4364 item,
2875 4320 2892 4350 ‹
2923 4301 3136 4354 Noctem
3167 4300 3337 4368 posuit
3367 4300 3418 4352 in
3447 4299 3607 4352 diem.
3637 4298 3760 4351 Nam
3790 4299 3830 4352 si

2281 4394 2611 4458 sustinuero,
2644 4390 2875 4445 infernus
2905 4391 3002 4443 crit
3029 4389 3154 4443 mihi
3183 4388 3386 4442 domus.
3417 4387 3636 4441 Mortem
3669 4388 3831 4455 appel-

2273 4483 2371 4535 lavi
2396 4491 2616 4551 patrem,
2639 4489 2857 4534 matrem
2881 4490 3056 4533 autem
3081 4494 3249 4533 meam
3273 4486 3326 4532 et
3347 4491 3583 4531 sororem
3611 4478 3777 4531 tabem
3811 4495 3827 4526 ι

2273 4574 2422 4641 (Cap.
2455 4573 2538 4626 17.
2569 4589 2614 4626 υ.
2647 4571 2852 4640 12-14).

2346 4665 2588 4719 Secundo
2614 4679 2793 4718 rursus
2835 4662 3099 4729 excipiens
3140 4661 3334 4714 Baldad
3373 4661 3444 4712 ait
3487 4660 3551 4712 ad
3595 4659 3780 4713 Jobum
3817 4677 3829 4712 :

2281 4774 2298 4805 ι
2331 4755 2614 4822 Quousque
2641 4768 2743 4805 non
2770 4752 3038 4805 cessabis?
3062 4749 3194 4816 Quid
3221 4750 3358 4802 enim
3386 4788 3400 4812 ,
3431 4750 3471 4802 si
3509 4759 3558 4802 tu
3601 4761 3833 4802 morums

2269 4843 2427 4896 fueris
2453 4885 2467 4907 ,
2516 4842 2934 4896 inhabitabilisne
2975 4842 3077 4893 erit
3116 4856 3176 4894 ea
3216 4855 3332 4908 qua:
3377 4840 3475 4894 sub
3520 4841 3649 4893 creto
3696 4849 3771 4892 est
3809 4859 3828 4889 ι

2273 4935 2288 5002 (
2312 4935 2432 5001 Cap.
2459 4934 2540 4987 18.
2567 4950 2611 4987 v.
2640 4934 2690 4985 2.
2725 4932 2821 5003 li)?
2850 4932 3149 4998 Respondet
3179 4931 3408 4984 secundo
3438 4931 3536 4984 Joh
3569 4929 3790 4982 Baldadu
3816 4947 3828 4981 :

2283 5046 2301 5078 ε
2332 5025 2611 5093 Usquequo
2640 5026 2928 5077 molestiam
2960 5023 3160 5076 facietis
3190 5023 3377 5075 anima-
3407 5039 3557 5088 meat,
3585 5023 3831 5075 occidetis

2271 5134 2355 5170 me
2396 5115 2719 5169 ratiociniis?
2762 5113 3031 5180 loquimini
3076 5121 3254 5165 contra
3299 5128 3383 5164 me
3424 5114 3537 5164 sine
3582 5111 3777 5179 pudore
3807 5129 3826 5161 ι

2269 5207 2413 5277 (Cap.
2451 5206 2531 5259 19.
2561 5222 2607 5258 υ.
2637 5204 2690 5256 2.
2720 5205 2751 5256 5
2786 5203 2846 5270 )?
2874 5203 2967 5256 llic
2997 5201 3144 5267 illud,
3179 5221 3195 5251 ι
3233 5201 3463 5256 Gloriam
3494 5217 3662 5253 meatu
3693 5217 3722 5253 a
3751 5218 3832 5254 me

2265 5296 2476 5350 abstulit
2502 5337 2516 5360 ,
2543 5307 2790 5346 coronam
2818 5290 3028 5354 sustulit
3057 5291 3122 5344 de
3150 5291 3318 5358 capite
3350 5305 3466 5342 meo
3498 5331 3519 5352 ,
3545 5299 3600 5342 et
3636 5291 3830 5345 excidit

2268 5393 2532 5451 tamquam
2560 5381 2800 5433 arborem
2833 5393 2980 5447 Spem
3008 5393 3196 5431 meam.
3232 5397 3248 5427 ι
3275 5378 3400 5430 Item
3430 5377 3558 5430 illud
3584 5396 3598 5430 :
3630 5397 3647 5428 ι
3678 5382 3721 5432 Α
3749 5395 3831 5432 me

2268 5474 2456 5527 fratres
2499 5472 2599 5524 mei
2644 5477 3007 5531 recesserunt,
3053 5467 3255 5520 alienos
3294 5478 3626 5534 agnoverunt
3668 5470 3832 5537 magis

2266 5579 2420 5632 quam
2451 5577 2533 5614 me
2562 5577 2573 5610 :
2604 5560 2753 5612 amici
2782 5573 2908 5610 vero
2935 5557 3036 5610 mei
3066 5555 3510 5608 immisericordes
3537 5556 3658 5610 facti
3690 5569 3827 5611 sunt.

2269 5657 2489 5709 Servum
2521 5666 2690 5704 mcum
2717 5646 2927 5711 vocavi,
2956 5654 3007 5699 et
3035 5659 3138 5698 non
3165 5644 3436 5712 reSpondit
3462 5661 3476 5699 :
3503 5655 3555 5701 et
3585 5647 3827 5716 rogabam
