4000 6220
193 382 304 436 363

176 486 302 542 ϐίαν
346 489 373 541 6
404 488 596 557 Κύριος
630 491 709 559 τῷ
742 492 987 558 διαϐόλῳ,
1035 494 1342 547 πάντα-ὃσα
1375 490 1442 563 ἧν
1474 494 1548 561 τῷ
1581 495 1717 559 Ἰὼϐ,

173 574 336 633 ἐκτὸς
362 574 522 625 αὑτοῦ
561 576 737 642 μόνου,
778 578 993 647 Πρῶτον
1014 578 1414 643 εὐαγγελίζεται
1433 581 1459 631 6
1482 579 1720 641 διάϐολος

172 658 250 725 τῷ
290 658 403 709 Ἰὼϐ
439 662 562 727 περὶ
597 663 695 729 τῆς
735 664 1101 730 αἰχμαλωσίας
1137 664 1244 714 τῶν
1291 665 1465 715 ἳππων
1491 666 1581 715 καὶ
1614 665 1718 716 τῶν

172 742 327 804 ὖνων,
355 745 445 795 καὶ
488 745 581 796 τοῦ
609 748 891 816 παταγμοῦ
932 747 1039 798 τῶν
1072 749 1290 800 παίδων.
1327 749 1456 816 Περὶ
1478 749 1568 799 τοῦ
1599 750 1717 801 δευ-

172 826 329 895 τέρου
354 830 599 894 ἀγγέλου,
627 832 683 891 ὃς
706 828 821 883 εἷπε
848 833 979 899 πρὸς
1015 833 1151 883 Ἰώϐ·
1182 833 1604 901 Ἐμπεπύρισταί
1626 851 1715 886 σου

172 912 239 963 τὰ
261 915 523 980 πρόϐατα,
539 919 629 967 καὶ
649 920 694 968 οί
713 918 1079 984 ποιμαίνοντες
1103 919 1257 969 αὐτά.
1280 920 1410 987 Περὶ
1431 918 1519 970 τοῦ
1536 920 1715 987 τρίτου

174 997 425 1060 ἀγγέλου,
467 1000 523 1060 δς
560 997 676 1051 εἷπε
726 1002 858 1068 πρὸς
898 1001 1013 1052 Ἰὼϐ
1045 1002 1171 1071 ἰτερί⁵
1204 1004 1301 1071 τῆς
1350 1003 1715 1071 αἰχμαλωσίας

172 1079 278 1130 τῶν
311 1084 565 1151 καμήλων
587 1085 677 1134 καὶ
700 1084 790 1135 τοῦ
816 1085 1100 1153 παταγμοῦ
1129 1086 1234 1137 τῶν
1271 1087 1491 1139 παίδων.
1519 1088 1717 1157 Τέταρ-

171 1180 262 1226 τος
299 1166 519 1233 ἄγγελος
563 1169 774 1237 ἔρχεται
813 1168 945 1237 πρὸς
978 1171 1167 1233 αὐτὸν,
1208 1172 1285 1223 ὃτι
1330 1172 1645 1240 Συνεπτώθη
1680 1176 1711 1241 ὴ

170 1252 334 1314 οἰκία,
369 1254 457 1304 καὶ
485 1255 891 1323 ἐθανατώθησαν
913 1257 1108 1318 πάντες
1132 1259 1177 1308 οί
1212 1258 1315 1309 υίοί
1336 1275 1445 1309 σου.
1478 1258 1563 1310 Ἐν
1584 1260 1714 1309 πᾶσι

169 1335 379 1398 τούτοις
410 1341 519 1398 τοῖς
548 1339 943 1408 συμϐεϐηκόσιν
981 1341 1157 1409 αὐτῷ,
1196 1342 1315 1393 ούδέ
1347 1343 1555 1411 ἥμαρτε
1597 1342 1714 1394 Ἰὼϐ

170 1420 412 1473 ἐναντίον
434 1425 656 1491 Κυρίου.
698 1426 804 1476 Καὶ¹
836 1426 1057 1493 δευτέρα
1098 1427 1367 1495 μαρτυρία
1390 1426 1481 1478 τοῦ
1511 1428 1711 1496 Κυρίου

168 1506 304 1572 πρὸς
331 1506 418 1558 τὸν
447 1508 702 1572 διάϐολον,
743 1511 1151 1577 ἐγκωμιάζουσα
1179 1511 1267 1562 τὸν
1308 1511 1443 1571 Ἰὼϐ,
1472 1513 1563 1563 καὶ
1597 1512 1713 1563 δευ-

167 1590 299 1657 τέρα
335 1590 643 1659 φθονολογία
674 1593 763 1645 τοῦ
821 1595 1060 1647 διαϐόλου
1093 1598 1215 1665 περὶ
1280 1596 1398 1648 Ἰὼϐ
1439 1597 1570 1666 πρὸς
1622 1597 1712 1649 τὸν

167 1674 391 1743 Κύριον.
419 1677 525 1728 Καὶ
554 1676 626 1739 ώς
651 1678 872 1730 ἀπέδοτο
917 1680 1112 1750 Κύριος
1148 1681 1236 1732 τὸν
1272 1680 1410 1744 Ἰὼϐ,
1453 1682 1710 1748 φυλαττο·

169 1759 337 1827 μένης
357 1761 453 1827 τῆς
478 1762 671 1829 ψυχῆς.
709 1762 963 1825 Ἐξελθὼν
996 1764 1050 1815 δὲ
1078 1767 1105 1816 6
1144 1764 1381 1827 διάϐολος
1409 1765 1594 1815 ἔπαισε
1624 1765 1712 1815 τὸν

180 1842 299 1894 Ἰὼϐ
322 1846 424 1896 ἀπὸ
451 1845 621 1897 ποδῶν
658 1848 759 1908 ἕως
784 1849 1037 1917 κεφαλῆς.
1069 1851 1174 1901 Καὶ
1206 1849 1429 1911 καθίσας
1471 1848 1589 1900 Ἰὼϐ
1623 1850 1712 1900 ἐπὶ

166 1931 266 1995 τῆς
315 1932 543 1997 κοπρίας
572 1931 685 1994 ἐξεε
710 1934 797 1984 τὸν
834 1936 1018 2003 ἰχῶρα.
1058 1934 1380 1986 Ἐντέλλεται
1410 1934 1483 2003 τῷ
1518 1934 1634 1985 Ἰὼϐ
1678 1935 1710 2003 ἡ

166 2016 303 2084 γυνὴ
349 2016 509 2067 αὑτοῦ
556 2018 722 2070 εἰπεῖν
761 2021 838 2079 είς
876 2020 1094 2089 Κύριον,
1126 2022 1214 2072 καὶ
1246 2021 1590 2089 τελευτῆσαι·
1622 2021 1711 2072 καὶ

165 2103 392 2171 ἐπιτιμᾷ
432 2105 586 2173 αὐτῇ.
641 2107 906 2158 Ἤκουσαν
944 2107 990 2157 οί
1038 2109 1182 2175 τρεῖς
1246 2106 1381 2173 φίλοι
1428 2105 1519 2157 τοῦ
1571 2105 1707 2168 Ἰὼϐ,

178 2187 402 2254 Ἐλιφάζ
428 2191 455 2241 6
496 2190 835 2257 Θαιμανιτῶν
865 2190 1111 2258 βασιλεὺς
1132 2230 1145 2252 ,
1178 2190 1378 2243 Βαλδὰδ
1407 2192 1433 2242 6
1466 2190 1711 2258 Σαυχέων

164 2276 445 2344 τύραννος,
495 2278 687 2345 Σωφὰρ
735 2280 760 2329 6
815 2278 1069 2347 Μηναίων
1128 2277 1373 2345 βασιλεὺς
1422 2278 1595 2329 πάντα
1644 2275 1711 2328 τὰ

164 2360 454 2413 ἐπελθόντα
478 2361 637 2429 αὐτῷ.
654 2363 757 2414 Καὶ
779 2363 1129 2431 παρεγένοντο
1156 2363 1289 2433 πρὸς
1314 2363 1469 2414 αὑτὸν
1491 2362 1713 2423 ἕκαστος

164 2446 231 2495 ἐκ
256 2445 356 2512 τῆς
388 2446 518 2507 ἰδίας
549 2445 747 2515 χώρας,
778 2446 869 2498 τοῦ
926 2447 1317 2515 ἐπισκέψασθαι
1374 2448 1558 2507 αὐτὸν,
1619 2446 1708 2497 κει)⁵

163 2532 475 2596 ἐπιγνόντες
506 2533 683 2592 αὑτὸν,
710 2533 983 2602 διέρρηξεν
1005 2534 1228 2595 ἕκαστος
1264 2530 1358 2600 τὴν
1398 2531 1584 2601 στολὴν
1612 2532 1709 2582 αὑ-

163 2616 260 2669 τοῦ
291 2618 380 2668 ἐπὶ
406 2618 481 2685 τῷ
520 2619 692 2669 πάθει.
723 2618 873 2671 Μετὰ
901 2620 1071 2687 δὲτὴν
1096 2618 1301 2687 πληγὴν
1333 2617 1542 2688 πρῶτον
1570 2616 1710 2687 ἠνοι-

163 2703 256 2765 ξεν
304 2701 419 2754 Ἰὼϐ
437 2703 494 2755 τὸ
518 2703 686 2770 στόμα
702 2704 880 2767 αὑτοῦ,
911 2705 1001 2755 καὶ
1034 2704 1372 2772 κατηράσατο
1388 2702 1481 2773 τὴν
1504 2702 1711 2772 ἡμέραν

163 2788 259 2837 καὶ
300 2788 397 2853 τὴν
440 2785 604 2838 νύκτα
641 2781 764 2858 ἐνῇ
814 2788 1093 2855 ἐγεννήθη.
1146 2789 1276 2856 Περὶ
1325 2787 1435 2849 τοῦ,
1487 2789 1711 2855 ’Ὠσπερ

164 2870 433 2937 θεράπων
447 2870 721 2936 δεδοικὼς
742 2873 843 2924 τὸν
861 2874 1079 2939 κύριον,
1094 2873 1242 2925 οὕτω
1262 2873 1490 2927 δέδοται
1505 2872 1623 2937 τοῖς
1646 2874 1714 2925 ἐν

166 2957 372 3022 πικρίᾳ
404 2955 545 3024 φῶς,
582 2958 637 3009 οτ
678 2958 989 3025 ἱμείρονται
1022 2960 1125 3011 τοῦ
1170 2958 1455 3022 θανάτου,
1501 2960 1596 3011 καί
1642 2961 1711 3012 οὺ

159 3040 551 3108 τυγχάνουσι.
592 3041 736 3113 [568]
762 3043 1018 3109 Θάνατος
1039 3044 1146 3112 γὰρ
1162 3043 1332 3111 ἀνδρὶ
1353 3043 1709 3108 ἀνάπαυσις.

176 3125 491 3179 ’Υπολαϐὼν
521 3129 726 3197 πρῶτος
766 3130 983 3195 Ἐλιφὰζ
1000 3132 1026 3181 6
1055 3129 1383 3198 Θαιμανίτης
1409 3129 1550 3196 λέγει
1581 3130 1713 3198 πρὸς

174 3214 299 3265 Ἰώϐ
319 3229 332 3242 ·
365 3215 670 3281 Μνήσθητι
694 3216 781 3278 τίς
802 3215 1054 3281 καθαρὸς
1076 3215 1159 3267 ὢν
1194 3217 1480 3277 ἀπώλετο,
1503 3216 1540 3283 ἢ
1573 3217 1714 3267 πότε

161 3301 439 3367 ἀληθινοί
458 3301 737 3368 όλόρῥιζοι
758 3302 1082 3356 ἀπώλοντο.
1111 3304 1238 3355 Ὅτι
1262 3304 1551 3370 γαυρίαμα
1582 3303 1716 3369 δρα-

162 3389 398 3439 κόντων
440 3388 725 3454 ἐσϐέσθη·
761 3389 1185 3455 μυρμηκολέων
1231 3388 1298 3441 66
1334 3388 1515 3441 ὤλετο
1562 3390 1716 3457 παρὰ

162 3474 234 3526 τὸ
266 3474 353 3542 μὴ
408 3476 569 3543 ἔχειν
610 3476 834 3541 ,ϐοράν
888 3478 1141 3545 σκύμνοι
1190 3478 1449 3529 λεόντων
1507 3479 1716 3530 ἔλιπον

162 3558 500 3625 ἀλλήλους.
528 3561 621 3625 Ὠς
647 3564 755 3613 οὐκ
780 3561 909 3617 ἔστι
930 3562 1144 3629 ,βροτὸς
1174 3563 1424 3629 καθαρὸς
1447 3564 1717 3616 ἐναντίον

163 3646 411 3711 Κιιοίου,
432 3646 527 3697 καὶ
546 3646 663 3699 ἀπὸ
684 3645 799 3697 τῶν
816 3647 1001 3714 ἔργων
1023 3647 1205 3701 αὑτοῦ
1224 3648 1520 3715 ἄμεμπτος
1544 3648 1713 3714 ἀνήρ.

157 3734 228 3783 οι
251 3731 524 3798 ἄφρονες,
559 3732 830 3800 φησὶ,κᾶν
845 3731 1008 3797 ῥίζας
1025 3732 1317 3795 βάλωσιν,
1338 3734 1551 3798 εὐθέως
1561 3735 1715 3800 ,ϐρω-

166 3817 415 3880 θήσεται
440 3818 476 3882 ή
497 3816 686 3868 δίαιτα
726 3816 939 3878 αὐτῶν,
958 3816 1100 3868 διότι
1131 3816 1167 3868 ά
1194 3817 1404 3869 ἐκεῖνοι
1451 3818 1714 3885 συνήγαο

167 3919 298 3969 γον,
334 3902 547 3953 δίκαιοι
580 3901 829 3953 ἔδονται.
874 3903 1220 3967 Ἀνθρωπος,
1266 3904 1417 3968 φησὶ,
1442 3902 1714 3969 γεννᾶται

164 3990 355 4049 κόπῳ,
382 3986 475 4039 καί
498 3987 737 4039 νεοσσοὶ
757 3985 957 4054 γυπῶν
977 3988 1182 4053 ὑψηλὰ
1209 3988 1500 4041 πέτονται.
1524 3986 1715 4041 Κατα-

164 4073 457 4141 λαμϐάνει
498 4072 563 4124 δὲ
593 4076 800 4139 Κύριος
825 4074 961 4137 τοὺς
976 4074 1202 4140 σοφοὺς
1222 4074 1289 4125 ἐν
1309 4074 1592 4142 φρονήσει
1616 4078 1718 4130 αὺ-

167 4157 415 4221 τῶν,καί
434 4158 766 4222 τάςβουλάς
798 4158 911 4210 τῶν
935 4161 1330 4210 πολυπλόκων
1358 4158 1579 4224 ἐξιστᾷ.
1614 4162 1719 4213 Τὸν

166 4242 367 4307 ἀθῷον
397 4244 464 4306 ἐξ
502 4242 774 4311 ἀναγκῶν
801 4244 1084 4307 ἐξελεῐται
1122 4244 1352 4311 Κύριος,
1396 4246 1493 4296 και
1530 4246 1596 4296 ἐν
1639 4246 1718 4310 τῷ

164 4328 398 4396 ἑϐδόμῳ
422 4330 491 4381 ού
516 4328 601 4395 μὴ
633 4328 843 4395 ἅψεται
872 4329 1053 4382 αὑτοῦ
1079 4331 1280 4381 κακόν.
1314 4329 1394 4381 Σὺ
1439 4329 1505 4381 66
1545 4330 1718 4399 γνῶθι

166 4412 454 4473 σεαυτόν,
484 4414 537 4464 ει
563 4429 616 4464 τι
642 4412 920 4480 ἔπραξας.

248 4505 440 4575 Πρώτη
464 4507 596 4575 πρὸς
632 4506 848 4574 Ἐλιφὰζ
871 4507 963 4559 τοῦ
1002 4508 1118 4559 Ἰὼϐ
1152 4508 1408 4572 ἀντίλεξις
1428 4524 1441 4537 ⁸
1458 4511 1583 4577 περὶ
1604 4508 1715 4573 τοῦ,

160 4588 242 4639 El
276 4585 383 4652 γάρ
412 4603 496 4651 τις
536 4586 715 4639 ίστῶν
747 4590 967 4652 στήσαι
999 4607 1111 4656 μου
1141 4590 1250 4655 τὴν
1286 4588 1489 4656 ὀργὴν,
1524 4590 1627 4653 τὰς
1654 4589 1720 4640 66

168 4666 399 4728 ὀδύνας
424 4685 540 4733 μου
566 4667 698 4733 ἆραι
716 4670 784 4721 ἐν
804 4667 949 4736 ζυγῷ
977 4670 1365 4737 ὁμοθυμαδὸν,
1399 4670 1492 4721 καὶ
1513 4670 1586 4735 δὴ
1613 4669 1720 4737 άμ-

163 4764 291 4816 μου
331 4748 620 4811 παραλίας
646 4750 942 4816 βαρύτερα
964 4750 1151 4805 ἐσται.
1182 4752 1312 4819 Περὶ
1339 4749 1455 4812 τοῦ,
1484 4750 1578 4815 Μὴ
1612 4750 1718 4818 γὰρ

165 4825 457 4891 διακενῆς
486 4828 824 4892 κεκράξεται
850 4832 986 4895 ὄνος
1008 4833 1224 4898 ἄγριος,
1252 4833 1389 4885 ἀλλ’
1408 4831 1445 4897 ἢ
1469 4832 1539 4884 τὰ
1560 4832 1720 4883 σιτία

167 4905 397 4971 (cnim;
425 4908 490 4959 El
519 4907 585 4958 66
616 4910 709 4959 καὶ
727 4912 899 4977 ῥήξει
916 4913 1122 4979 φωνὴν
1147 4913 1339 4981 (βοῦς)
1370 4913 1463 4965 ἐπὶ
1494 4912 1719 4980 φάτνης

167 4992 339 5055 ἔχων
354 4988 425 5040 τὰ
440 4988 714 5056 ,ϐρώματα
734 5006 747 5053 ;
767 4992 858 5056 Μὴ
883 4993 1055 5059 ἰσχὺς
1074 4996 1253 5046 λίθων
1276 4995 1369 5047 καί
1399 4995 1570 5061 ἰσχύς
1580 5010 1720 5061 μου;

168 5074 240 5125 ιιι
272 5069 489 5135 σάρκες
511 5074 625 5138 μού
648 5073 763 5123 εισι
790 5072 1064 5137 χάλκεαι;
1091 5077 1228 5139 Ὅτι,
1266 5078 1490 5144 Ὥσπερ
1522 5092 1722 5142 πειρα-

169 5154 385 5219 τήριόν
412 5153 579 5205 ἐστιν
618 5156 649 5205 ό
686 5144 824 5217 βιῦς
862 5155 1169 5220 ἀνθρώπου
1198 5158 1292 5209 ἐπὶ
1326 5157 1434 5223 τῆς
1463 5158 1591 5224 γῆς,
1623 5157 1718 5209 καὶ

168 5236 381 5301 ὥσπερ
414 5235 653 5302 μισθίου
677 5237 1065 5301 αὑθημερινοῦ
1095 5240 1131 5303 ή
1161 5238 1270 5304 ζωὴ
1300 5239 1500 5292 αὐτοῦ·
1530 5241 1627 5296 ὅτι.
1655 5241 1722 5292 El

170 5315 296 5383 ἐγὼ
312 5315 587 5382 ἥμαρτον,
611 5316 666 5368 τί
680 5315 1007 5383 δυνήσομαι
1031 5318 1246 5382 πρᾶξαι
1266 5336 1283 5381 ;
1304 5322 1439 5382 Ὅτι,
1460 5319 1723 5373 Ἐπιστά-

166 5412 361 5466 μενος
398 5397 505 5450 τὸν
538 5397 686 5450 νοῦν
730 5397 843 5450 τῶν
880 5396 1218 5464 ἀνθρώπων,
1269 5400 1423 5453 διατί
1465 5400 1601 5453 600v
1652 5416 1721 5467 με

175 5479 618 5553 κατεντευκτήν
633 5496 652 5541 ;

253 5572 478 5623 Μετὰδὲ
522 5573 739 5639 Ἐλιφάζ
759 5572 1003 5642 δεύτερος
1020 5573 1297 5625 ὑπολαϐὼν
1321 5575 1521 5627 Βαλδὰδ
1543 5577 1569 5625 6
1592 5575 1722 5626 Σαυ-

177 5652 388 5722 ιεώτης
436 5653 577 5719 λέγει
615 5654 747 5721 πρὸς
803 5654 952 5705 Ἰώϐ·
985 5654 1162 5720 Μέχρι
1207 5655 1366 5719 τίνος
1402 5655 1720 5721 λαλήσεις;

1216 338 1537 436 εγΝοιδειε
1573 380 1981 438 εειιιρτυιιιε
2024 381 2283 437 suam.

1821 494 2055 560 Πνεῦμα
2078 494 2455 561 πολυρῥῆμον
2470 495 2535 546 ἐν
2556 494 2632 558 τῷ
2658 494 2902 561 στόματί
2922 508 3055 547 σου.
3078 490 3173 557 Μὴ
3203 492 3233 542 6
3248 494 3358 545 Κύ-

1808 591 1939 639 ριος
1967 575 2235 639 ἀδικήσει
2270 576 2513 639 κρίνων;
2546 575 2582 640 ἢ
2622 578 2653 627 6
2678 577 2748 628 τὰ
2780 576 2973 625 πάντα
3001 573 3253 639 ποιήσας
3284 576 3356 625 οὐ

1815 655 2053 718 παρέξει
2092 655 2155 704 τὸ
2186 654 2448 715 δίκαιον;
2483 656 2613 721 Περὶ
2639 654 2752 714 τοῦ,
2785 655 3009 721 ’Ὠσπερ
3042 656 3111 705 οὺ
3152 653 3356 705 θάλλει

1815 734 2085 801 πάπυρος
2112 735 2253 785 ἄνευ
2281 734 2511 795 ὕδατος,
2544 736 2579 799 ἢ
2607 735 2859 801 ὑψοῦται
2887 734 3183 797 βούτομος
3210 732 3355 785 ἄνευ

1815 817 1995 867 πότου
2013 832 2026 844 ·
2055 816 2139 867 ἐτι
2167 817 2273 880 γὰρ
2300 813 2380 864 ὢν
2404 814 2497 865 ἐπὶ
2523 813 2709 879 ῥίζαν,
2744 817 2812 867 οὺ
2835 814 2918 880 μὴ
2944 811 3205 878 θερισθῆ.
3237 812 3354 879 Πρὸ

1815 894 1919 946 τοῦ
1952 895 2059 962 γὰρ
2094 895 2301 946 πεσεῖν
2343 892 2544 946 πᾶσαν
2584 894 2853 959 ,βοτάνην
2886 893 3313 959 ξηρανθήσεται
3337 907 3350 921 ’

1814 976 2001 1040 οὕτως
2036 976 2202 1027 ἔσται
2233 976 2301 1026 τὰ
2333 975 2557 1040 ἔσχατα
2596 975 2788 1026 πάντα
2824 976 2939 1026 τῶν
2970 975 3352 1026 ἐπιλανθανο-

1808 1056 2004 1122 μένων
2040 1058 2142 1108 τοῦ
2172 1056 2335 1109 Θεοῦ.

1882 1147 2075 1215 Πρώτη
2102 1148 2191 1199 τοῦ
2236 1148 2351 1199 Ἰὼϐ
2382 1149 2512 1217 πρὸς
2541 1149 2740 1201 Βαλδὰδ
2774 1148 3060 1210 ἀντίλεξις’
3088 1150 3187 1209 ὅτι,
3230 1149 3353 1200 Ἐπ’

1812 1228 2089 1292 ἀληθείας
2117 1230 2263 1293 οῖδα,
2288 1230 2374 1281 ὅτι
2402 1232 2584 1295 οὕτως
2608 1232 2739 1281 ἐστι
2754 1248 2765 1259 ·
2798 1229 2921 1294 πῶς
2942 1231 3047 1297 γὰρ
3071 1229 3234 1281 ἔσται
3262 1229 3350 1280 δί-

1812 1323 1974 1371 καιος
2005 1306 2236 1377 [βροτὸς]
2268 1311 2422 1375 παρὰ
2452 1312 2644 1377 Κυρίῳ
2662 1326 2679 1371 ;
2712 1312 2843 1378 Περὶ
2864 1310 2976 1373 τοῦ,
3012 1311 3063 1360 '0
3090 1312 3352 1372 τανύσας

1810 1388 1915 1439 τὸν
1940 1388 2193 1453 οὐρανὸν
2212 1393 2410 1455 μόνος,
2443 1392 2537 1441 καὶ
2566 1389 2896 1457 περιπατῶν
2915 1389 3013 1441 ἐπὶ
3040 1390 3352 1454 θαλάσσης

1811 1468 1887 1530 ὼς
1906 1468 1994 1519 ἐπ’
2011 1468 2284 1534 ἐδάφους,
2315 1470 2498 1521 ποιῶν
2521 1470 2772 1522 Πλειάδα
2804 1470 2898 1521 καὶ
2916 1470 3222 1535 Ἕσπερον.
3261 1470 3352 1532 Τίς

1810 1550 2084 1617 κρίματος
2116 1551 2258 1602 Θεοῦ
2292 1551 2708 1615 ἀντιστήσεται
2728 1566 2746 1613 ;
2783 1549 2915 1602 Ἐάν
2953 1566 3014 1601 τε
3048 1550 3152 1615 γὰρ
3184 1545 3228 1601 ὦ
3267 1548 3353 1599 δί-

1810 1648 1991 1694 καιος,
2021 1632 2085 1683 τὸ
2105 1634 2292 1699 στόμα
2308 1650 2423 1699 μου
2441 1633 2744 1697 ἀσεϐήσει’
2768 1632 2879 1684 κάν
2895 1648 2955 1683 τε
2972 1626 3018 1683 ὦ
3037 1631 3349 1696 ἄμεμπτος,

1809 1716 2051 1777 σκολιὸς
2081 1715 2468 1780 ἀποϐήσομαι.
2502 1714 2635 1781 Περὶ
2661 1712 2750 1763 τοῦ
2769 1730 2780 1741 ⁸
2817 1713 2877 1763 '0
2894 1713 3033 1775 ,βίος
3054 1711 3169 1778 μού
3189 1712 3352 1761 ἐστιν

1808 1794 2196 1859 ἐλαφρότερος
2230 1792 2501 1861 δρομέως.
2537 1796 2602 1844 El
2645 1792 2739 1844 καὶ
2767 1793 2893 1844 ἐστὶ
2939 1792 3155 1843 ναυσὶν
3185 1792 3352 1856 ίχνος

1809 1874 1972 1933 ὀδοῦ,
2007 1874 2043 1939 ἢ
2072 1874 2245 1925 ἀετοῦ
2271 1873 2592 1940 πετομένου
2612 1872 2922 1939 ζητοῦντος
2936 1872 3125 1937 βοράν
3148 1888 3164 1934 ;
3192 1872 3352 1933 Μνή-

1808 1957 2001 2018 σθητι,
2019 1954 2103 2005 ὅτι
2136 1956 2330 2019 πηλόν
2345 1972 2421 2021 με
2440 1955 2730 2018 ἔπλασας,
2750 1956 2835 2017 εἰς
2859 1953 2925 2005 δὲ
2947 1954 3060 2020 γῆν
3074 1970 3148 2019 με
3171 1952 3351 2004 πάλιν

1808 2034 2217 2102 ἀποστρέφεις.
2254 2036 2320 2087 Ἦ
2340 2038 2449 2101 οὐχ
2470 2034 2667 2101 ὥσπερ
2696 2036 2846 2102 γάλα
2862 2052 2936 2102 με
2956 2034 3233 2102 ἧμελξας,
3258 2033 3351 2086 καὶ

1806 2117 1872 2168 τὰ
1919 2116 2061 2184 ἑξῆς.
2104 2117 2322 2181 Ὥσπερ
2355 2118 2634 2183 ἐγινόμην
2667 2119 2774 2169 οὐκ
2814 2117 2913 2169 ὢν.
2943 2116 3100 2168 Διατί
3148 2116 3213 2167 ἐκ
3252 2130 3352 2182 ra-

1807 2196 1985 2260 στρὸς
2015 2199 2101 2260 είς
2122 2197 2325 2263 μνῆμα
2351 2200 2458 2249 οὐκ
2489 2196 2881 2262 άπηλλάγην;
2913 2198 2991 2249 ὅτι
3018 2194 3159 2266 [sic].

1878 2294 2031 2346 Μετὰ
2077 2296 2297 2361 Ἐλιφὰζ
2323 2296 2545 2357 Βαλδὰδ,
2576 2296 2708 2364 μετὰ
2739 2296 2939 2347 Βαλδὰδ
2960 2295 3154 2364 Σωφὰρ
3180 2296 3205 2346 6
3234 2295 3352 2361 Μη-

1808 2378 1951 2438 ναῖος
1989 2377 2124 2428 κατὰ
2155 2377 2249 2446 τὴν
2284 2378 2483 2430 οἰκείαν
2531 2378 2696 2441 τάξιν,
2746 2378 2876 2430 ὥσθ’
2904 2379 3127 2430 ἕκαστον
3172 2376 3349 2427 αὐτῶν

1810 2456 2117 2523 περιμένειν
2139 2456 2205 2508 τὰ
2233 2459 2510 2527 κρείττονα
2533 2458 2709 2525 λέγειν
2734 2459 2867 2527 πρὸς
2891 2459 2979 2511 τὸν
3012 2457 3148 2509 Ἰώϐ.
3193 2459 3251 2507 '0
3280 2455 3349 2507 τὰ

1808 2536 2003 2587 πολλά
2040 2536 2249 2603 λέγων,
2287 2538 2383 2589 καὶ
2428 2540 2874 2591 ἀντακούσεται.
2926 2540 3053 2607 Περὶ
3087 2536 3179 2588 τοῦ
3206 2554 3217 2566 ·
3270 2538 3349 2588 ὅτι

1821 2617 2179 2684 Ἀναλάμψει
2198 2635 2311 2672 σου
2345 2619 2408 2671 τὸ
2432 2620 2750 2683 πρόσωπον
2771 2620 2967 2687 ὥσπερ
2995 2619 3143 2685 ὕδωρ
3176 2621 3351 2670 καθα-

1801 2702 1932 2765 ρόν.
1992 2699 2248 2765 Ἐκδύσῃ
2293 2700 2359 2751 δὲ
2391 2702 2605 2765 ῥύπον,
2648 2702 2742 2753 καὶ
2776 2704 2845 2755 οὺ
2874 2702 3181 2769 φοϐηθήσῃ
3203 2739 3217 2759 ,
3252 2699 3347 2751 καί

1810 2780 1914 2831 τὸν
1942 2782 2129 2833 κόπον
2142 2780 2400 2846 ἐπιλήσῃ
2415 2780 2611 2848 ὥσπερ
2633 2783 2787 2850 κῦμα
2813 2784 3123 2849 παρελθόν.
3155 2782 3226 2834 Ἠ
3243 2779 3351 2847 γὰρ

1809 2866 1955 2931 εὐχή
1990 2877 2104 2915 σου
2132 2864 2209 2928 ὡς
2240 2864 2387 2934 [569]
2414 2865 2728 2933 ἑωσφόρος.

1882 2957 2073 3027 Πρώτη
2096 2957 2187 3009 τοῦ
2222 2958 2338 3009 Ἰὼϐ
2372 2958 2501 3026 πρὸς
2520 2960 2710 3027 Σωφὰρ
2732 2958 3007 3023 ἀντίλεξις·
3038 2961 3137 3023 ὃτι,
3171 2959 3351 3026 Ὑμεῖς

1804 3041 1973 3107 μόνοι
2001 3039 2139 3090 ἐστὲ
2161 3040 2469 3103 ἄνθρωποι,
2500 3040 2535 3103 ἢ
2554 3042 2681 3104 μεθ’
2710 3038 2873 3106 ὑμῶν
2887 3042 3227 3105 τελευτήσει
3250 3057 3352 3092 σο-

1810 3120 1949 3185 φία;
1978 3119 2155 3186 Κάμοί
2179 3119 2292 3184 μὲν
2317 3118 2524 3185 καρδία
2550 3119 2677 3172 καθ’
2702 3118 2853 3186 ὑμᾶς
2883 3122 3065 3173 ἔσται.
3093 3119 3349 3187 Περὶτοῦ,

1817 3202 1909 3265 Τίς
1954 3202 2061 3253 οὐκ
2088 3200 2237 3266 ἔγνω
2276 3202 2342 3251 ἐν
2375 3199 2521 3253 πᾶσι
2566 3202 2815 3263 τούτοις,
2852 3200 2937 3252 ὅτι
2972 3202 3096 3267 χεὶρ
3137 3202 3352 3267 Κυρίου

1811 3284 2059 3349 ἐποίησε
2080 3282 2296 3345 ταῦτα;
2319 3283 2442 3334 Ὅτι
2469 3283 2536 3334 ἐν
2562 3280 2634 3347 τῇ
2654 3283 2799 3349 χειρί
2826 3282 3003 3335 αὐτοῦ
3020 3282 3185 3348 ψυχὴ
3207 3281 3352 3333 πάν-

1814 3380 1929 3415 των
1960 3362 2074 3415 τῶν
2103 3362 2344 3424 ζώντων,
2387 3364 2481 3415 καί
2524 3363 2753 3431 πνεῦμα
2784 3362 3002 3427 παντὸς
3024 3362 3349 3429 ἀνθρώπου.

1827 3448 1977 3509 τεὰν,
2022 3448 2171 3514 φησὶ,
2204 3447 2267 3497 τὸ
2298 3446 2449 3513 ὕδωρ
2480 3447 2742 3512 κωλύσῃ,
2795 3445 3039 3512 ξηρανεῖ
3061 3445 3172 3499 τὴν
3203 3445 3318 3511 γῆν
3337 3462 3350 3474 .

1813 3530 1917 3581 ἐὰν
1942 3529 2008 3580 δὲ
2049 3528 2281 3594 ἐπαφῇ,
2332 3528 2641 3580 ἀπώλεσεν
2682 3526 2871 3592 αὐτὴν
2923 3525 3347 3591 καταστρέψας.

1816 3611 1949 3678 Περὶ
1977 3608 2092 3669 τοῦ,
2134 3610 2223 3672 Τίς
2270 3608 2523 3673 καθαρὸς
2563 3609 2729 3660 ἐσται
2778 3607 2893 3661 ἀπὸ
2931 3608 3149 3673 ῥύπου;
3204 3607 3352 3659 Ἀλλ’

1815 3692 2026 3754 οὐθεὶς,
2060 3690 2165 3740 ἐὰν
2193 3687 2305 3740 κᾶν
2338 3690 2438 3755 μία
2473 3688 2661 3755 ήμέρα
2685 3692 2716 3740 ό
2754 3690 2890 3752 ,βίος
2914 3686 3096 3741 αὐτοῦ
3120 3686 3214 3739 ἐπὶ
3246 3684 3354 3751 τῆς

1816 3772 1945 3838 Τῆς·
1976 3772 2103 3832 καῖ’
2136 3770 2359 3834 Δένδρφ
2386 3769 2554 3820 ἐστὶν
2581 3770 2753 3833 ἐλπίς
2776 3784 2790 3798 ⁵
2820 3770 2925 3821 ἐὰν
2951 3769 3067 3835 μὲν
3104 3765 3349 3833 ἐκκοπῇν

1816 3854 1910 3905 καὶ
1942 3852 2123 3903 πάλιν
2146 3851 2411 3913 ἀνθήσει,
2442 3850 2535 3901 καὶ
2558 3854 2589 3903 6
2620 3850 2921 3917 ῥάδαμνος
2948 3849 3129 3903 αὑτοῦ
3168 3851 3237 3902 οὐ
3268 3848 3352 3915 μὴ

1814 3934 2051 3998 ἐκλίπῃ.
2096 3932 2269 3996 Ἀνὴρ
2314 3931 2379 3981 66
2423 3932 2785 3995 τελευτήσας
2811 3930 3022 3998 ᾤχετο·
3053 3931 3254 3982 πεσὼν
3288 3929 3355 3980 66

1809 4013 2046 4079 βροτὸς,
2078 4014 2271 4064 οὐκέτι
2301 4011 2409 4063 ἔνι.

1886 4105 2117 4174 Δευτέρα
2143 4104 2281 4175 ἀρχὴ
2310 4105 2487 4157 πάλιν.
2528 4102 2746 4171 Ἐλιφὰζ
2772 4104 2904 4172 πρὸς
2939 4102 3081 4155 Ἰώϐο
3115 4104 3213 4163 ὅτι,
3242 4106 3353 4155 [1'6—

1819 4205 1986 4253 τερον
2010 4188 2200 4254 σοφὸς
2228 4187 2545 4253 ἀπόκρισιν
2568 4185 2741 4237 δώσει
2768 4183 3067 4249 συνέσεως
3094 4184 3354 4251 πνεῦμα;

1830 4270 2091 4333 Ἐλέγξαι
2119 4286 2189 4321 σε
2221 4270 2327 4335 γὰρ
2358 4268 2423 4321 τὸ
2456 4270 2645 4334 στόμα
2677 4282 2811 4327 σου,
2836 4268 2931 4319 καί
2953 4265 3037 4333 μὴ
3063 4265 3191 4333 ἐγώ.
3222 4267 3355 4335 Περὶ⁵

1817 4351 1929 4407 τοῦ,
1966 4353 2051 4413 Τίς
2078 4351 2183 4416 γὰρ
2212 4348 2296 4401 ὢν
2317 4349 2551 4415 βροτὸς,
2582 4348 2747 4401 ἐσται
2780 4346 3103 4415 ἀμεμπτος;
3128 4348 3161 4413 ἢ
3189 4348 3353 4399 ἔσται

1820 4429 2044 4494 δίκαιος
2072 4430 2356 4497 γεννητὸς
2374 4431 2651 4497 γυναικός
2671 4444 2689 4491 ἰ

1888 4524 2119 4594 Δευτέρα
2170 4523 2427 4586 ἀντίλεξις
2487 4521 2601 4574 Ἰὼϐ
2648 4521 2780 4592 πρὸς
2833 4518 3069 4587 Ἐλιφάζ.
3115 4520 3356 4583 Ἀκήκοα

1820 4605 1926 4671 γὰρ
1971 4602 2209 4654 τοιαῦτα
2257 4601 2466 4654 πολλά.
2518 4601 2965 4667 Παρακλήτορες
3003 4600 3109 4669 γὰρ
3161 4600 3358 4653 κακῶν

1820 4685 2053 4746 πάντες.
2096 4683 2236 4735 Ἰδοὺ
2264 4684 2331 4733 ὲν
2352 4682 2621 4747 οὐρανοῖς
2647 4688 2678 4736 6
2692 4683 2917 4750 μάρτυς
2933 4699 3072 4749 μου·
3105 4686 3135 4734 6
3152 4682 3220 4733 66
3245 4700 3354 4735 συ-

1818 4766 2034 4830 νίστωρ
2070 4781 2185 4830 μου
2229 4764 2296 4815 ἐν
2340 4765 2637 4830 ὑψίστοις.
2675 4765 2781 4829 Εἰη
2808 4764 2873 4815 66
2918 4764 3162 4828 ἔλεγχος
3189 4763 3355 4829 ἀνδρὶ

1820 4848 2093 4899 ἐναντίον
2118 4846 2354 4911 Κυρίου.
2380 4845 2512 4914 Περὶ
2534 4844 2646 4904 τοῦ,
2674 4845 2787 4910 Τὴν
2815 4845 2997 4896 νύκτα
3020 4847 3105 4906 είς
3134 4844 3358 4911 ἡμέραν

1821 4929 2055 4982 τέθεικε.
2095 4926 2232 4979 Ἐὰν
2276 4926 2381 4993 γὰρ
2422 4926 2733 4992 ὐπομείνω,
2769 4924 2914 4990 ᾅδης
2950 4942 3065 4991 μου
3106 4930 3135 4978 6
3173 4922 3352 4989 οἶκος.

1825 5010 2085 5061 Θάνατον
2101 5011 2207 5074 γὰρ
2230 5006 2561 5059 ἐπεκάλεσα
2581 5004 2798 5071 πατέρα
2815 5023 2930 5073 μου
2955 5002 3119 5064 εἶναι.
3139 5007 3359 5075 μητέρα

1822 5090 1886 5141 δὲ
1908 5087 2290 5153 καὶάδελφήν
2313 5105 2427 5154 μου
2461 5087 2737 5151 σαπρίαν.

1892 5184 2144 5251 Δεύτερος
2178 5183 2232 5232 δὲ
2274 5182 2427 5234 πάλιν
2468 5179 2746 5231 ὑπολαϐὼν
2783 5181 2998 5243 Βαλδὲιδ,
3048 5181 3191 5247 λέγει
3225 5184 3355 5249 πρὸς

1834 5264 1977 5315 Ἰώϐ·
2013 5262 2195 5327 Μέχρι
2226 5263 2383 5323 τίνος
2403 5262 2471 5312 οὺ
2492 5262 2695 5326 παύσῃ
2717 5276 2734 5322 ;
2760 5260 2823 5311 Τί
2848 5261 2971 5326 γὰρ,
2994 5262 3097 5311 ἐὰν
3116 5261 3194 5315 σὺ
3216 5262 3355 5313 ἀπο-

1824 5346 2029 5409 θάνῃς.
2055 5344 2330 5405 ἀοίκητος
2350 5341 2385 5405 ἡ
2417 5340 2516 5393 ὑπ’
2548 5342 3067 5407 οὐρανόν;Δευτέρα
3092 5340 3205 5392 Ἰὼϐ
3229 5343 3357 5409 πρὸς

1824 5425 2023 5477 Βαλδάδ
2041 5438 2053 5450 ’
2090 5424 2233 5485 Ἕως
2256 5422 2415 5485 τίνος
2444 5420 2697 5487 ἕγκοπον
2721 5421 2994 5487 ποιήσετε
3016 5421 3126 5485 τὴν
3152 5421 3358 5487 ψυχήν

1816 5524 1955 5572 μου,
1995 5502 2091 5555 καὶ
2123 5501 2445 5567 καθαιρεῖτέ
2478 5518 2552 5567 με
2590 5500 2928 5569 λογισμοῖς;
2975 5501 3359 5554 καταλαλεῖτέ

1820 5604 1934 5654 μου
1961 5588 2068 5638 οῦκ
2100 5585 2552 5648 αἰσχυνόμενοις
2579 5583 2710 5651 Περὶ
2738 5581 2850 5642 τοῦ,
2886 5580 3001 5647 Τὴν
3039 5582 3223 5644 δόξαν
3242 5598 3357 5649 μου

1826 5669 1891 5729 ἐξ
1912 5668 2051 5735 ἐμοῦ
2082 5664 2289 5729 ἐξεῖλε,
2325 5664 2529 5731 ἀφεῖλε
2558 5664 2622 5715 66
2642 5662 2935 5731 στέφανον
2951 5664 3065 5716 ἀπὸ
3096 5663 3357 5731 κεφαλῆς
