4000 6220
174 379 207 431 3
214 383 287 434 65

156 488 379 528 uxorem
415 486 586 527 meam
609 509 624 536 ,
669 480 723 524 et
763 484 865 524 non
903 469 1123 524 attendit
1155 485 1169 521 :
1199 468 1505 523 invocabam
1534 476 1707 520 autem

158 563 297 617 filios
317 562 724 616 concubinarum
749 575 1004 624 mearum,
1032 560 1103 611 illi
1125 574 1249 612 vero
1272 574 1356 612 me
1387 560 1437 611 in
1460 559 1710 610 saeculum

157 653 384 706 aversati
410 660 551 704 sunt.
581 651 894 704 Miseremini
927 651 1026 702 inci
1046 691 1058 710 ,
1085 649 1434 710 miseremini,
1464 663 1496 700 ο
1535 648 1708 700 amici.

154 746 330 808 Quare
372 759 456 797 me
492 744 862 812 persequimini
888 784 902 808 ,
939 745 1072 795 sicut
1101 740 1388 803 Dominus?
1416 739 1542 803 Quis
1569 737 1707 791 enim

156 833 246 887 det
289 844 342 886 ut
384 834 679 888 scribantur
719 834 873 886 verba
917 832 1074 885 mea?
1117 832 1160 884 Α
1193 831 1414 883 Domino
1440 828 1565 881 mihi
1600 827 1712 879 hinc

157 934 515 977 consummata
559 933 698 977 sunt.
735 923 929 976 Oculus
967 925 1104 976 enim
1147 935 1294 974 meus
1319 920 1484 981 vidit,
1523 926 1574 970 ct
1607 931 1708 969 non

157 1014 310 1063 alitis.
356 1011 604 1064 [indicem
645 1012 900 1064 sermonis
942 1010 1265 1063 inveniemus
1303 1009 1351 1060 in
1389 1021 1496 1059 eo:
1529 1013 1708 1057 cavete

157 1103 316 1153 etiam
348 1117 439 1154 vos
467 1118 494 1153 a
523 1103 748 1167 tegmine
780 1120 796 1150 ι
826 1100 970 1171 (Cap.
1003 1100 1086 1153 I9.
1118 1117 1164 1152 υ.
1188 1099 1240 1152 9.
1279 1099 1358 1150 I0.
1391 1098 1471 1149 15.
1506 1095 1710 1149 14.16-

158 1190 242 1244 18.
271 1189 450 1243 21-25.
484 1189 692 1258 26-29).

225 1277 467 1331 Secundo
528 1290 708 1329 rursus
767 1277 1032 1343 excipiens
1091 1275 1294 1344 Sophar
1354 1274 1486 1327 Joho
1543 1273 1708 1324 dicit:

164 1384 182 1414 i
212 1367 324 1418 Non
367 1366 441 1419 sic
491 1366 730 1433 putabam
779 1374 828 1418 te
875 1374 1054 1419 contra
1101 1379 1490 1433 responsurum.
1527 1382 1546 1413 ›
1581 1362 1712 1415 Hinc

157 1457 284 1510 illud
327 1470 341 1509 :
388 1474 406 1505 ς
465 1456 661 1508 Lietitia
719 1457 995 1523 impiorum
1056 1456 1200 1507 ruina
1261 1454 1477 1521 insignis
1523 1468 1535 1503 :
1581 1467 1710 1519 gau-

157 1545 300 1596 diu:n
331 1560 457 1597 vero
493 1545 787 1612 iniquorum
819 1552 899 1596 est
930 1543 1169 1611 perditio.
1214 1543 1342 1594 Cum
1371 1550 1542 1593 autem
1573 1541 1711 1592 visus

156 1633 314 1687 fuerit
338 1636 442 1701 jam
473 1635 708 1686 firmatus
733 1648 866 1696 esse,
892 1643 1012 1686 tunc
1039 1634 1087 1684 iii
1113 1632 1268 1685 finem
1294 1630 1502 1698 peribit.
1536 1649 1552 1678 ι
1579 1627 1710 1680 Illtid

154 1723 313 1775 etiam
345 1741 358 1775 :
391 1740 408 1771 i
443 1722 569 1774 Ossa
600 1721 713 1787 ejus
755 1721 962 1788 impleta
1005 1729 1126 1773 sunt
1165 1719 1436 1786 juventute
1474 1717 1608 1784 ejus.
1653 1716 1706 1768 Si

153 1811 412 1863 dulcuerit
464 1810 515 1862 in
566 1824 657 1861 ore
698 1809 809 1876 ejus
864 1808 1196 1875 malignitas,
1248 1804 1538 1858 abscondet
1591 1817 1704 1855 cam

153 1899 255 1951 sub
287 1899 458 1966 lingua
485 1913 598 1949 sua.
647 1896 792 1949 Sicut
822 1897 886 1949 fel
915 1897 1109 1966 aSpidis
1149 1897 1197 1947 in
1229 1904 1410 1947 ventre
1453 1893 1563 1960 ejus
1589 1934 1601 1955 ,
1634 1892 1709 1945 sic

156 1989 357 2041 divitiae
403 1989 578 2056 inique
621 1996 948 2055 congregata:
988 1994 1316 2039 evomentur.
1359 1984 1412 2035 In
1442 1998 1631 2034 vanum
1659 1991 1712 2035 et

154 2079 349 2131 frustra
380 2077 649 2138 laboravit,
676 2076 924 2144 colligens
949 2075 1156 2127 divitias
1180 2089 1241 2127 ex
1273 2075 1461 2141 quibus
1489 2089 1587 2125 non
1617 2087 1711 2140 gu-

153 2169 330 2220 stabit.
368 2167 644 2220 Multorum
672 2167 808 2219 enim
840 2166 1200 2233 impotentium
1231 2166 1414 2217 domos
1441 2166 1704 2216 contrivit.

155 2256 408 2308 Vulneret
438 2272 556 2309 eum
583 2271 736 2308 arcus
761 2269 948 2318 teretis,
977 2264 1031 2307 et
1058 2266 1380 2322 pertranseat
1410 2270 1500 2321 per
1522 2268 1710 2320 corpus

151 2346 269 2412 ejus
289 2346 538 2412 jaculuin.
569 2347 720 2398 Astra
744 2354 916 2397 autem
943 2345 992 2396 in
1020 2344 1363 2396 tabernaculis
1383 2344 1496 2409 ejus
1518 2343 1701 2395 ambii-

151 2435 356 2486 labunt.
392 2435 510 2487 llaic
539 2454 557 2484 ο
578 2435 716 2488 enim
743 2451 760 2483 i
790 2445 864 2486 est
892 2434 1069 2502 portio
1093 2433 1186 2485 viri
1217 2433 1356 2500 impii
1381 2448 1406 2481 a
1435 2433 1656 2483 Domino
1683 2449 1700 2480 ι

149 2523 304 2591 (Cap.
326 2523 414 2575 20.
435 2541 481 2574 υ.
502 2523 556 2578 2.
575 2525 628 2577 5.
651 2524 911 2576 7.II.I2.
941 2523 1236 2576 14.15.18.
1265 2524 1348 2574 19.
1369 2523 1454 2574 24.
1479 2522 1564 2574 25.
1594 2521 1703 2588 29).

222 2613 463 2667 Secunda
520 2615 793 2682 responsio
833 2613 949 2666 Jobi
1006 2613 1070 2665 ad
1117 2612 1320 2679 Sophar
1368 2630 1379 2663 :
1432 2631 1450 2662 i
1489 2612 1702 2673 Audite,

149 2704 332 2756 audite
357 2705 512 2756 verba
542 2719 677 2761 mea.
707 2713 762 2756 ut
787 2704 856 2755 sit
887 2703 1010 2755 milii
1037 2703 1328 2755 consolatio
1355 2717 1456 2753 non
1478 2717 1504 2752 a
1536 2701 1703 2753 vobis.

154 2792 296 2857 Quid
348 2792 811 2859 eniiutNumqnid
849 2807 966 2844 cum
1027 2792 1238 2844 homine
1289 2800 1370 2845 est
1412 2791 1708 2857 redaigutio

151 2885 314 2936 mea?
337 2883 508 2948 Quare
539 2882 681 2950 impii
705 2884 902 2945 vivunt,
933 2892 1320 2950 senueruntque
1362 2882 1410 2934 in
1440 2882 1634 2934 divitiis
1657 2891 1709 2934 et

153 2974 546 3042 prosperitate?
581 2973 734 3027 Salva
779 2974 944 3026 evasit
995 2988 1269 3040 prmgnans
1323 2972 1457 3039 apud
1510 2973 1642 3024 illos.
1685 2989 1702 3021 ι

150 3062 252 3116 Ubi
275 3079 296 3111 ‹
324 3063 460 3115 Dicit
489 3081 504 3111 ι
526 3063 712 3128 impius
734 3080 752 3111 ι
787 3063 1033 3114 Domino:
1057 3062 1264 3114 Recede
1285 3076 1312 3113 a
1331 3076 1434 3112 me.
1465 3062 1570 3112 vias
1596 3069 1708 3111 tuas

149 3153 292 3206 scire
323 3153 462 3204 nolo.
513 3151 640 3216 Quis
690 3160 769 3204 est
810 3152 895 3204 ille
940 3162 1143 3218 potens.
1172 3153 1288 3219 quia
1311 3150 1597 3204 serviemus
1619 3150 1709 3202 ei?

150 3243 342 3294 Annon
376 3241 624 3293 Dominus
654 3249 756 3303 est,
787 3242 872 3309 qui
917 3241 1071 3293 docet
1103 3241 1420 3293 intellectum
1451 3249 1506 3292 ct
1535 3240 1706 3292 scien-

156 3333 334 3385 tiam?
366 3333 479 3401 Ipse
502 3348 626 3386 vero
685 3331 894 3385 labores
928 3331 1199 3396 dijudical.
1248 3330 1423 3398 Itaque
1465 3331 1575 3383 scio
1617 3345 1709 3384 vos

149 3424 404 3476 audacter
432 3424 556 3476 mihi
587 3423 846 3476 insistere.
890 3441 908 3473 ι
943 3423 1066 3474 Item
1090 3421 1213 3474 illud
1235 3461 1249 3484 ,
1298 3439 1316 3471 i
1357 3420 1454 3474 Ubi
1505 3429 1584 3473 est
1611 3420 1708 3472 do-

150 3529 273 3568 mus
301 3514 625 3580 principum?
651 3513 705 3565 In
733 3513 872 3566 diem
903 3513 1208 3580 perditionis
1231 3513 1529 3565 sublevatur
1555 3511 1706 3563 mali-

148 3620 288 3673 gnus
318 3621 332 3655 :
359 3611 410 3656 et
441 3613 555 3670 post
584 3605 726 3657 illitiii
756 3604 925 3656 omnis
947 3603 1103 3656 homo
1132 3603 1295 3655 abibit
1326 3621 1344 3652 ι
1374 3602 1518 3670 (Cap.
1542 3601 1628 3654 2|.
1662 3617 1706 3652 υ.

146 3694 204 3746 2.
241 3695 292 3745 4.
326 3693 378 3744 7.
416 3692 498 3744 10.
533 3693 726 3744 14.15.
747 3691 836 3742 22.
865 3692 953 3742 27.
980 3692 1067 3744 28.
1092 3692 1176 3744 50.
1211 3691 1319 3760 55).

221 3783 406 3835 Tertio
427 3783 609 3835 iterum
628 3782 900 3847 excipiens
919 3780 1131 3847 Eliphaz
1155 3781 1225 3832 ait
1255 3798 1266 3831 :
1297 3798 1312 3828 ι
1339 3779 1522 3831 Nonne
1547 3781 1712 3830 Domi-

149 3889 252 3926 nus
275 3883 374 3934 cst,
396 3875 482 3940 qui
505 3872 656 3924 docet
681 3872 998 3923 intellectum
1015 3880 1066 3924 et
1087 3871 1393 3923 scientiam?
1414 3870 1546 3934 Quid
1569 3872 1709 3922 enim

146 3972 304 4014 curat
324 3961 573 4012 Dominus
595 3961 636 4012 si
664 3969 717 4012 tu
746 3959 880 4012 fuisti
902 3960 951 4010 in
969 3958 1213 4027 operibus
1233 3957 1540 4024 inculpatis?
1572 3976 1589 4007 ι
1619 3958 1711 4008 llic

147 4052 290 4106 Jobo
310 4052 435 4104 dicit
463 4051 678 4116 Eliphaz
710 4067 721 4100 :
753 4068 770 4100 i
808 4049 1000 4102 Viduas
1020 4049 1259 4101 dimisisti
1291 4062 1512 4105 vacuas.
1543 4047 1711 4114 pupil-

149 4145 233 4196 los
272 4153 448 4196 autem
497 4142 746 4195 afﬂixisti.
803 4142 864 4194 Et
912 4141 1086 4194 dixisti
1118 4140 1286 4204 :Quid
1340 4139 1482 4191 novit
1526 4137 1711 4190 fortis?

148 4233 253 4296 Qui
280 4231 479 4294 dicunt,
503 4231 636 4297 Quid
665 4231 817 4284 faciet
847 4231 996 4284 nobis
1025 4231 1306 4282 Dominus?
1331 4239 1383 4281 et
1413 4229 1534 4296 quid
1559 4227 1712 4279 indu-

149 4332 241 4376 cet
290 4321 442 4374 nobis
481 4321 866 4389 Omnipotens?
905 4339 922 4371 ι
989 4319 1115 4373 Item
1155 4318 1280 4372 illud
1313 4337 1326 4372 :
1367 4337 1384 4369 ί
1423 4319 1614 4372 Puruin
1663 4327 1711 4370 te

148 4413 343 4466 reddet
379 4412 628 4465 Dominus
667 4413 802 4464 sicut
835 4422 1104 4479 argentum
1136 4411 1253 4480 igne
1279 4411 1571 4478 probatum.
1603 4409 1709 4462 Re-

149 4503 306 4570 spice
333 4503 384 4553 in
405 4501 590 4553 caelum
629 4499 885 4554 hilariter.
929 4503 1058 4554 Cum
1091 4508 1331 4567 precatus
1358 4509 1529 4552 autem
1554 4499 1710 4550 lucris

149 4605 300 4650 etim,
335 4590 578 4642 exaudiet
609 4596 1123 4656 te,etservaberisin
1153 4589 1403 4641 munditia
1453 4601 1701 4639 manuum

152 4691 364 4733 tuarum
402 4696 421 4728 ι
461 4679 608 4747 (Cap.
635 4678 721 4732 22.
749 4695 796 4730 υ.
823 4678 873 4730 2.
908 4679 960 4731 5.
991 4679 1044 4732 9.
1071 4678 1154 4731 15.
1182 4678 1266 4730 17.
1295 4676 1484 4731 25ο27.
1511 4677 1622 4742 50).

227 4769 404 4822 Tertia
455 4769 570 4820 Jobi
619 4769 684 4820 ad
739 4768 954 4835 Eliphaz
997 4767 1269 4834 responsio
1297 4781 1310 4816 :
1341 4784 1360 4816 ι
1394 4766 1459 4818 Et
1500 4763 1710 4832 quidem

152 4859 291 4920 scio,
316 4856 433 4923 quia
460 4857 792 4925 eleemosyna
816 4857 881 4908 de
911 4871 1064 4908 manu
1115 4869 1229 4907 mea
1273 4862 1352 4906 est
1382 4871 1393 4904 :
1430 4862 1483 4906 et
1527 4867 1712 4904 manus

152 4948 276 5014 ejus
300 4945 470 5013 gravis
497 4945 627 4995 facta
654 4954 734 4996 est
757 4959 914 5011 super
932 4945 1178 5012 gemitum
1205 4958 1400 4997 meum.
1419 4941 1472 4996 Si
1499 4943 1547 4994 in
1581 4942 1714 4994 inul-

155 5047 211 5090 ta
243 5037 434 5087 virtute
466 5033 832 5100 superveniant
859 5035 984 5084 mihi
1008 5034 1236 5087 tenebras
1265 5052 1280 5083 ι
1307 5032 1451 5100 (Cap.
1480 5032 1564 5085 25.
1585 5046 1630 5082 υ.
1655 5031 1708 5082 2.

153 5129 212 5181 6.
239 5127 355 5194 I7)!
392 5144 411 5175 ι
437 5125 581 5191 Impii
631 5123 910 5177 terminum
953 5124 1258 5192 transgressi
1307 5131 1516 5187 sunt,et
1546 5126 1711 5174 nudos

153 5217 356 5272 multos
382 5216 610 5270 dormire
632 5215 864 5268 fecerunt
899 5215 1013 5267 sine
1038 5215 1385 5268 vestimentis.
1412 5215 1710 5280 Apparcant

151 5310 355 5379 planta:
395 5323 577 5361 eorum
617 5306 681 5360 de
717 5316 852 5360 terra
879 5305 1038 5358 aridae
1065 5326 1076 5358 :
1104 5308 1403 5360 fasciculum
1443 5307 1580 5358 enim
1614 5320 1710 5373 pu-

151 5398 405 5467 pillorum
433 5406 716 5465 rapuerunt
752 5415 771 5447 ›
801 5395 947 5465 (Cap.
977 5395 1064 5448 24.
1095 5412 1141 5448 υ.
1165 5396 1217 5448 2.
1247 5397 1381 5462 7-9).

226 5486 408 5539 Tertio
428 5485 694 5552 excipiens
715 5483 909 5538 Baldad
936 5484 1062 5538 dicit
1087 5501 1098 5536 :
1131 5502 1148 5533 ς
1181 5485 1276 5550 Qui
1305 5485 1427 5537 facit
1457 5483 1711 5537 universi-

149 5584 320 5631 tatem
353 5577 403 5629 in
434 5577 714 5630 altissimo.
766 5577 841 5631 Ne
874 5577 989 5646 quis
1028 5576 1322 5643 suspicetur
1365 5591 1482 5629 csse
1509 5589 1709 5627 moram

147 5667 358 5737 piratis.
391 5665 664 5732 Quomodo
699 5669 839 5721 enim
873 5667 972 5721 erit
996 5666 1166 5733 justus
1218 5665 1374 5718 homo
1401 5680 1575 5719 coram
1609 5664 1705 5716 Do-

1239 359 1556 414 SYNOI‘SIS
1592 357 1989 413 SCRIPTUR/E
2025 359 2286 415 SACRE.

3270 381 3379 432 366

1825 470 1996 521 mino?
2013 468 2065 522 Si
2089 485 2212 522 vero
2231 473 2385 524 homo
2402 466 2640 539 putredo,
2661 481 2714 526 et
2736 471 2870 527 filius
2887 471 3114 527 hominis
3132 473 3319 527 vermis
3346 493 3365 526 ι

1818 556 1965 626 (Cap.
1993 557 2080 610 23.
2100 573 2144 609 υ.
2169 559 2289 611 2-4.
2308 559 2396 625 6)?

1886 645 2058 698 Tertia
2087 646 2203 700 Jobi
2226 647 2290 699 ad
2322 647 2516 701 Baldad
2551 650 2824 716 responsio
2858 666 2870 702 :
2910 668 2929 699 α
2957 651 3123 716 Quem
3155 654 3366 721 adjutu-

1817 749 1908 786 rus
1929 734 2021 786 es?
2042 743 2096 787 et
2129 751 2283 802 quem
2311 737 2590 804 sequeris?
2627 737 2808 790 Nonne
2843 753 2961 791 eum
3003 741 3084 793 cui
3142 743 3364 796 maxima

1816 825 2088 891 potestas?
2117 824 2294 878 Nudus
2326 843 2345 876 ι
2371 827 2509 879 enim
2539 845 2557 876 i
2594 837 2672 879 est
2703 827 2933 880 infernus
2962 843 3135 881 coram
3162 846 3245 883 eo.
3270 834 3366 896 Qui

1817 913 2086 980 SiiSpendit
2116 923 2305 966 terram
2331 916 2382 968 in
2411 915 2650 975 nihilum,
2678 917 2842 984 ligans
2869 933 3052 984 aquam
3073 920 3120 970 in
3139 920 3362 974 nubibus

1816 1003 1942 1054 suis.
1966 1002 2234 1070 Praecepto
2255 1013 2426 1056 autem
2456 1006 2676 1073 peremit
2695 1006 2975 1058 draconem
2993 1007 3313 1060 desertorem
3347 1027 3364 1058 ι

1819 1093 1962 1160 (Cap.
1995 1092 2079 1145 2G.
2101 1109 2146 1144 υ.
2171 1094 2222 1146 2.
2243 1096 2292 1148 5.
2320 1095 2429 1148 6-8.
2461 1095 2566 1164 15).

1886 1181 2013 1235 Cum
2045 1182 2249 1251 Sophar
2279 1185 2431 1240 tertio
2454 1185 2591 1251 loqui
2623 1200 2726 1238 non
2754 1186 3140 1254 aggrederetur,
3176 1188 3280 1240 imo
3313 1199 3365 1240 ct

1817 1272 1903 1325 alii
1934 1273 2038 1325 duo
2082 1275 2284 1340 priores
2329 1284 2583 1340 tacerent,
2614 1288 2789 1343 utpote
2818 1277 2904 1340 qui
2949 1292 3049 1328 non
3105 1278 3359 1330 haberent

1817 1361 1938 1429 quid
1977 1363 2199 1430 amplius
2238 1363 2488 1425 dicerent,
2523 1378 2587 1417 eo
2630 1364 2767 1431 quod
2813 1365 2911 1418 Job
2948 1380 3004 1418 se
3030 1365 3223 1432 justum
3249 1381 3367 1420 esse

1818 1459 2068 1516 poneret,
2097 1451 2357 1503 subnectit
2402 1452 2631 1505 secundo
2675 1453 2774 1506 Job
2815 1454 2995 1507 eadem
3035 1455 3098 1507 de
3136 1470 3192 1507 re
3238 1471 3361 1522 pro-

1815 1539 2030 1593 (emium
2049 1556 2059 1588 :
2078 1539 2148 1591 illi
2169 1555 2291 1592 vero
2312 1555 2427 1592 cum
2447 1541 2652 1593 silentio
2680 1547 2844 1608 ipsum
2863 1544 3100 1604 audiunt,
3131 1557 3226 1595 nec
3249 1546 3362 1596 sine

1816 1628 2055 1680 utilitate.
2094 1627 2311 1692 «Vivit,»
2346 1629 2530 1696 inquit,
2561 1631 2939 1696 «υοηιίιιυειμιί
2969 1635 3043 1683 sic
3072 1633 3368 1699 incjudica-

1815 1718 1909 1779 vit,
1941 1725 1992 1770 et
2019 1717 2394 1783 Omnipotens,
2427 1719 2514 1786 qui
2547 1718 2718 1771 affecit
2746 1719 3088 1772 amaritudine
3139 1722 3366 1771 animam

1815 1821 1983 1860 meam
2016 1825 2028 1854 τ
2057 1821 2173 1859 cum
2194 1807 2363 1859 adhuc
2390 1808 2580 1859 halitus
2599 1824 2740 1859 meus
2760 1808 3025 1870 ininianet,
3051 1808 3366 1876 spiritusque

1815 1895 2021 1946 divinus
2056 1906 2296 1961 superest
2343 1897 2392 1946 in
2415 1897 2631 1948 naribus
2655 1898 2816 1957 meis,
2849 1897 2980 1948 labia
3007 1913 3116 1948 mea
3149 1914 3251 1948 non
3293 1899 3368 1948 lo-

1815 1993 2037 2052 quentur
2065 1983 2256 2051 iniqua.
2289 1984 2624 2038 Annuntiabo
2666 1986 2812 2037 vobis
2857 1985 2980 2052 quid
3027 1985 3096 2037 sit
3129 1986 3178 2037 in
3212 2000 3366 2038 manu

1817 2080 2042 2132 Domini.
2075 2079 2208 2132 Ecce
2234 2095 2414 2132 omnes
2445 2081 2629 2144 nostis,
2657 2081 2772 2148 quia
2807 2095 2933 2132 vana
2955 2080 3100 2131 vanis
3121 2079 3368 2132 insidiose

1814 2168 2058 2235 adjicitis.
2095 2169 2215 2221 Ila'c
2244 2171 2413 2236 portio
2456 2179 2534 2222 est
2586 2170 2810 2222 hominis
2853 2170 2996 2235 impii
3047 2183 3075 2220 a
3123 2169 3362 2220 Domino.

1813 2257 1958 2321 Quod
1987 2258 2029 2309 si
2055 2258 2200 2308 multi
2230 2258 2420 2310 fuerint
2453 2259 2542 2310 lilii
2575 2259 2710 2325 ejus,
2748 2259 2797 2310 in
2832 2259 3146 2310 occisionem
3177 2266 3361 2309 erunt:

1815 2344 1978 2396 viduis
2008 2355 2178 2398 autem
2211 2362 2390 2398 eorum
2437 2362 2590 2399 nemo
2612 2350 2940 2400 miserebitur
2973 2366 2990 2396 i
3035 2345 3176 2415 (Cap.
3201 2345 3286 2398 27.
3316 2363 3362 2398 υ.

1813 2435 2419 2504 2-4.11-15.14.15.).«
2444 2437 2496 2490 Si
2516 2439 2782 2505 eollcgerit
2801 2439 2983 2504 impius
3006 2448 3057 2488 nt
3077 2448 3139 2488 tei
3155 2452 3262 2488 ram
3283 2453 3366 2489 ar-

1811 2536 2020 2594 gentum
2048 2543 2060 2577 :
2091 2528 2234 2579 locus
2256 2528 2390 2580 unde
2408 2528 2483 2593 fit,
2507 2529 2621 2595 quis
2638 2537 2713 2580 est
2731 2529 2752 2578 ?
2773 2531 2888 2595 quis
2907 2528 3047 2579 locus
3070 2527 3201 2591 auri,
3221 2527 3359 2579 unde

1815 2616 2151 2682 percolatur?
2181 2616 2393 2668 Ferrum
2420 2617 2627 2684 quidem
2658 2617 2721 2668 de
2748 2625 2882 2669 terra
2908 2616 2982 2674 fit,
3012 2631 3082 2667 ins
3108 2625 3277 2667 autem
3308 2624 3364 2667 iit

1815 2705 1944 2771 lapis
1971 2703 2204 2756 ca-ditttr.
2228 2704 2393 2758 Omne
2421 2706 2726 2772 pretiosum,
2756 2724 2771 2753 ι
2797 2706 2977 2771 inquit,
3001 2723 3018 2753 ι
3040 2705 3368 2756 viditoculus

1816 2808 1982 2846 meus.
2005 2794 2268 2861 Sapientia
2299 2805 2468 2848 autem
2497 2797 2610 2862 cjns
2641 2796 2776 2848 unde
2811 2797 3015 2846 inventa
3047 2795 3162 2846 est?
3194 2794 3362 2861 Abys-

1814 2900 1902 2936 sus
1925 2885 2074 2946 dixit,
2095 2885 2204 2937 Non
2226 2894 2300 2936 est
2328 2887 2376 2936 in
2397 2900 2478 2937 me
2507 2879 2897 2946 ;etmaretlixit,
2914 2878 3024 2931 Non
3041 2889 3359 2934 estmei-tnn.

1818 2975 2034 3026 Attrahe
2087 2975 2392 3041 sapientiam
2449 2989 2607 3039 super
2658 2990 2716 3024 ea
2755 2989 2869 3040 qum
2919 2973 3140 3024 maxime
3189 2973 3365 3023 intima

1813 3072 1951 3114 sunt.
1985 3062 2096 3114 Non
2116 3064 2408 3130 aequabitur
2432 3064 2477 3115 ci
2510 3064 2765 3128 topaziiiin
2792 3063 3075 3127 jEtbiopize
3101 3102 3114 3122 ,
3149 3071 3202 3112 et
3231 3076 3360 3112 auro

1815 3168 1944 3220 puro
1981 3169 2081 3205 non
2111 3153 2426 3206 conferetur.
2463 3153 2712 3204 Dominus
2763 3152 2891 3203 bene
2921 3151 3189 3202 constituit
3229 3152 3364 3200 viant

1814 3243 1943 3309 ejus.
1982 3243 2094 3310 Ipse
2122 3243 2258 3294 enim
2295 3258 2447 3294 omne
2492 3241 2630 3310 quod
2663 3241 2757 3293 sub
2787 3241 2916 3292 cado
2961 3249 3039 3291 est
3091 3238 3356 3304 perspicit,

1818 3341 1936 3383 nota
1962 3331 2156 3383 habens
2184 3332 2353 3381 omnia
2385 3345 2498 3397 quin
2522 3330 2570 3380 in
2596 3338 2751 3388 terra,
2780 3335 3052 3380 ventorum
3084 3327 3335 3378 libramen
3361 3359 3364 3362 ι

1817 3431 1945 3483 ttiiti,
1973 3436 2219 3489 aquarum
2253 3435 2542 3473 mensuras.
2579 3419 2716 3471 Dixit
2745 3418 2940 3469 homini
2971 3434 2982 3465 :
3019 3417 3149 3469 licce
3195 3416 3363 3467 cultus

1817 3513 1904 3565 Dei
1937 3520 2016 3563 est
2043 3511 2292 3576 sapientia
2330 3529 2346 3558 ι
2373 3508 2514 3576 (Cap.
2542 3508 2626 3559 27.
2653 3525 2701 3560 ι’.
2730 3509 2808 3560 16.
2840 3517 2882 3558 et
2914 3505 3034 3569 Cap.
3063 3504 3151 3557 28.
3175 3519 3220 3554 υ.
3244 3503 3363 3555 1.2.

1818 3601 2017 3653 10.·12.
2057 3598 2362 3652 14.18.19.
2392 3597 2570 3651 25-25.
2600 3598 2713 3666 28).

1886 3691 1990 3741 Illis
2019 3700 2188 3740 autem
2215 3688 2380 3740 tribus
2412 3686 2700 3740 tacentibus
2736 3685 2986 3750 adjicicns
3021 3683 3116 3736 Job
3156 3683 3204 3733 in
3241 3695 3362 3748 pro-

1817 3781 1974 3837 (evnio
2001 3779 2128 3830 dicit
2157 3795 2168 3828 :
2203 3795 2220 3826 i
2259 3776 2387 3840 Quis
2416 3793 2496 3829 me
2526 3785 2680 3843 ponat
2709 3776 2756 3826 in
2789 3789 2968 3826 mense
3001 3774 3222 3839 priorem
3253 3770 3364 3822 dic-
3415 3807 3424 3816 .

1817 3885 1952 3928 rum,
1985 3869 2172 3936 quibus
2217 3881 2298 3918 me
2331 3867 2465 3918 Deus
2494 3863 2858 3917 custodiebat?
2887 3862 3014 3914 Cutn
3059 3860 3366 3927 Splendebat

1819 3962 2027 4012 lucerna
2057 3958 2169 4024 ejus
2214 3971 2372 4022 super
2420 3963 2573 4020 caput
2605 3969 2798 4015 meum,
2846 3952 3048 4004 exibam
3083 3950 3366 4000 matutinus

1819 4050 1867 4102 in
1887 4049 2114 4110 civitate,
2149 4047 2198 4098 in
2245 4045 2430 4112 plateis
2477 4053 2647 4094 autem
2703 4041 2990 4109 ponebatur
3038 4039 3164 4090 mihi
3215 4039 3362 4090 sella.

1817 4140 2028 4193 Servavi
2058 4139 2195 4191 enim
2226 4150 2508 4204 pauperem
2545 4134 2609 4186 de
2651 4149 2804 4184 manu
2852 4132 3158 4198 potentium.
3203 4129 3367 4182 Bene-

1817 4231 1975 4283 dictio
2007 4229 2333 4296 percuntiuiu
2367 4241 2524 4291 sulier
2549 4239 2631 4276 me
2661 4223 2851 4275 veniat.
2881 4221 3074 4274 Oculus
3103 4220 3170 4271 fni
3192 4233 3362 4272 czeco-

1817 4333 1953 4378 rum,
1980 4327 2031 4369 et
2061 4330 2150 4383 pes
2179 4315 2481 4367 clandorum
2505 4353 2518 4375 ,
2565 4323 2711 4380 pater
2754 4322 2924 4363 autem
2979 4309 3358 4376 impotentium.

1817 4408 2059 4476 Confregi
2083 4407 2246 4458 molas
2278 4406 2569 4472 iniquorum
2601 4401 2700 4454 :de
2724 4399 2893 4452 medio
2916 4399 3146 4450 dentium
3177 4410 3358 4448 eorum

1817 4500 2048 4566 rapinam
2079 4495 2264 4563 eripui.
2305 4494 2450 4548 Sicut
2496 4502 2630 4544 terra
2677 4489 2858 4540 sitiens
2906 4485 3194 4552 suscipiens
3252 4485 3366 4551 plu-

1816 4589 1972 4646 viam,
2003 4588 2076 4639 sic
2106 4586 2154 4636 hi
2183 4599 2353 4638 meum
2381 4595 2692 4635 sermonem.
2735 4576 3038 4628 Ilahitabam
3082 4574 3228 4642 quasi
3274 4589 3361 4625 rex

1819 4679 1868 4731 in
1899 4677 2142 4730 accinctis
2173 4695 2190 4725 ι
2225 4675 2371 4739 (Cap.
2403 4671 2489 4723 29.
2519 4685 2566 4721 υ.
2593 4669 2646 4720 2.
2677 4668 2727 4720 5.
2761 4668 2810 4718 7.
2842 4665 2924 4718 I2.
2957 4665 3252 4718 15.15-17.
3275 4663 3336 4716 2Ξ

1816 4766 1884 4819 25
1909 4768 1946 4834 ).
1998 4785 2014 4814 ε
2050 4765 2335 4817 Stultorum
2382 4760 2506 4821 filii,
2539 4759 2850 4826 nomineque
2894 4754 3148 4824 ignobiles
3186 4773 3197 4804 :
3229 4769 3367 4807 nunc

1815 4866 1987 4909 autem
2016 4854 2207 4905 cithara
2256 4851 2456 4902 illorum
2492 4864 2588 4915 ego
2619 4864 2762 4908 sum,
2795 4856 2846 4900 et
2891 4862 2974 4899 me
3004 4847 3226 4898 fabulam
3269 4844 3364 4896 ha-

1817 4948 1958 5000 bent.
1989 4943 2094 4996 Nec
2127 4943 2174 4994 in
2205 4942 2389 4994 faciem
2425 4957 2592 4994 meam
2635 4949 2979 5006 pepercerunt
3016 4951 3223 5004 spuere.
3257 4936 3360 4988 Itc-

1819 5035 2007 5106 putasti
2051 5043 2224 5086 autem
2274 5049 2354 5085 me
2398 5035 2532 5086 sicut
2579 5033 2741 5084 Iutinn
2779 5049 2791 5083 :
2823 5031 2873 5082 in
2920 5040 3055 5082 terra
3097 5038 3149 5081 et
3187 5028 3365 5079 cinere

1818 5126 1987 5195 portio
2020 5138 2154 5175 mea.
2189 5123 2336 5174 Manu
2365 5132 2536 5174 autem
2570 5121 2765 5190 potenti
2797 5135 2878 5172 me
2917 5117 3205 5187 ﬂagellasti.
3242 5116 3365 5168 Fra-

1818 5226 1917 5279 ter,
1973 5213 2178 5281 inquit,
2221 5211 2290 5264 fui
2341 5213 2613 5274 Sirenum,
2658 5211 2934 5276 sociusque
2963 5209 3309 5260 strathionuni
3344 5227 3360 5252 ι

1820 5306 1992 5376 (Cap.
2051 5305 2135 5357 50.
2190 5303 2394 5358 8-10.
2441 5304 2524 5356 19.
2579 5302 2666 5354 21.
2716 5300 2853 5367 29
2916 5317 2934 5348 i
2988 5299 3040 5351 Si
3093 5305 3364 5364 Sequittuni

1816 5404 1896 5447 est
1943 5409 2034 5447 cor
2085 5409 2261 5446 meum
2310 5407 2525 5445 uxorem
2572 5391 2668 5443 viri
2717 5389 2951 5450 alterius,
2990 5389 3188 5455 placeat
3233 5398 3366 5450 quo-

1817 5498 1915 5550 que
1959 5498 2089 5535 uxor
2138 5498 2248 5536 mea
2297 5482 2468 5536 alteri.
2509 5481 2677 5534 Furor
2719 5481 2858 5533 enim
2915 5478 3010 5531 viri
3047 5473 3365 5536 indomitus,

1818 5571 2202 5625 commaculare
2255 5572 2354 5624 illis
2398 5586 2635 5624 uxorem.
2668 5570 2724 5624 Si
2754 5569 2964 5637 despexi
3007 5565 3199 5619 nudum
3242 5579 3363 5632 per-

1819 5671 2051 5726 euntem,
2085 5672 2135 5715 et
2162 5677 2263 5715 non
2308 5661 2487 5730 operui
2531 5676 2672 5726 cum,
2699 5669 2752 5714 et
2780 5660 2849 5713 de
2875 5669 3083 5710 tonsura
3113 5668 3362 5722 agnorunt
