4000 6220
643 360 752 414 367

639 470 879 512 meorum
901 467 1002 507 non
1029 449 1266 506 calefacti
1295 460 1415 504 sunt
1445 451 1649 504 humeri
1700 463 1910 508 eorum,
1952 445 2188 498 discedat

639 547 892 601 humerus
914 557 1113 596 meusa
1136 540 1398 607 junctura.
1430 539 1578 605 Quod
1621 539 1664 591 si
1705 539 1914 606 gavisus
1971 550 2085 588 sum
2128 534 2193 586 de

642 635 788 688 ruina
815 632 1142 685 inimicorum
1171 645 1430 694 meorum,
1460 638 1513 682 et
1541 629 1671 682 dixit
1695 643 1786 680 cor
1809 642 2004 688 meum,
2027 626 2188 693 Euge,

640 720 816 774 audiat
842 720 982 773 auris
1009 734 1130 772 mea
1176 718 1594 772 maledictionem
1626 733 1815 769 meam.
1872 717 1952 777 Et,
2000 716 2043 768 si
2089 731 2190 766 non

639 809 883 865 scindens
911 823 1024 860 eam
1056 807 1277 866 reddidi,
1315 807 1443 859 nihil
1489 806 1751 872 accipiens
1787 820 1815 855 a
1861 803 2117 864 debitore,
2147 803 2192 856 si

639 914 797 966 super
823 913 906 950 me
931 912 1174 964 umquam
1208 906 1344 949 terra
1386 897 1620 964 gemuit,
1659 908 1754 962 pro
1790 892 2049 945 frtnnento
2077 907 2192 959 ger-

639 990 800 1042 minet
852 989 976 1040 mihi
1031 989 1190 1042 urtica
1229 1009 1246 1039 ι
1297 987 1438 1058 (Cap.
1475 990 1559 1042 51.
1595 1004 1641 1040 υ.
1681 987 1831 1039 9-11.
1865 986 1950 1040 19.
1978 985 2064 1038 20.
2096 986 2182 1037 22.

639 1077 726 1131 29.
747 1079 832 1131 57.
866 1079 952 1132 '58.
983 1078 1095 1145 te).

712 1169 784 1222 De
815 1169 993 1221 Eliuzo
1032 1170 1137 1222 lilio
1176 1167 1443 1221 Barachiel
1477 1167 1686 1220 anita:
1725 1164 1987 1232 quomodo
2029 1165 2190 1215 iratus

638 1257 796 1312 fuerit
825 1259 875 1310 in
907 1257 1092 1310 Jobum
1116 1298 1129 1321 ,
1160 1257 1294 1325 quod
1341 1272 1396 1310 se
1426 1256 1622 1309 diceret
1649 1254 1844 1321 justum
1877 1268 2051 1305 coram
2089 1253 2190 1303 Do-

637 1349 798 1401 mino.
842 1365 859 1396 ι
896 1347 1172 1415 Excipiens
1203 1349 1346 1400 Elin:
1376 1347 1510 1400 [ilius
1541 1345 1805 1398 Baracliiel
1837 1344 2073 1402 Buzitcs,
2105 1343 2187 1394 di-

637 1437 711 1488 xit
745 1454 755 1487 :
786 1436 970 1489 Junior
1001 1437 1206 1504 quidem
1239 1452 1353 1489 sum
1384 1445 1537 1488 {etate
1570 1453 1580 1486 :
1611 1449 1772 1502 quare
1801 1434 1969 1501 quievi
2002 1433 2190 1484 timens

636 1526 946 1578 armantiare
967 1525 1113 1577 vobis
1134 1526 1402 1578 scientiam
1428 1539 1614 1576 meam.
1640 1542 1659 1569 ν
1683 1523 1830 1589 (Cap.
1864 1523 2014 1575 32.0.
2031 1522 2083 1574 2.
2111 1521 2186 1590 6).

636 1613 935 1682 Exsurgens
957 1614 1102 1666 Eliuz
1132 1614 1459 1680 impudenter
1486 1623 1665 1665 contra
1706 1612 1893 1664 Jobum
1926 1612 2184 1678 loquitur,

636 1704 801 1756 tribus
831 1704 932 1756 illis
963 1703 1248 1756 tacentibus
1282 1719 1294 1754 :
1333 1703 1563 1755 «Rursus
1591 1703 1805 1769 loquar;
1840 1701 2021 1768 plenus
2049 1701 2188 1752 enim

636 1807 748 1844 sum
772 1792 944 1845 verbis
970 1809 988 1841 ο
1013 1790 1114 1860 (Ib.
1135 1807 1180 1844 υ.
1201 1791 1404 1855 17.18).
1435 1792 1567 1844 Dixit
1596 1791 1741 1843 Eliuz
1767 1790 1830 1842 ad
1859 1790 1956 1842 Job
1985 1808 1996 1840 :
2032 1809 2048 1838 ι
2073 1788 2191 1856 Spi-

635 1882 765 1932 ritus
787 1881 993 1933 divinus
1009 1889 1091 1933 est
1107 1880 1192 1947 qui
1219 1897 1300 1932 me
1323 1881 1441 1932 fecit
1471 1897 1481 1929 :
1515 1880 1728 1945 spiratio
1748 1889 1920 1931 autem
1942 1879 2190 1945 Omnipo-

636 1971 791 2023 tentis
819 1985 937 2038 qua:
975 1985 1058 2023 me
1099 1969 1271 2023 docet.
1308 1970 1361 2024 Si
1393 1971 1603 2038 poteris,
1647 1969 1711 2022 da
1741 1971 1862 2022 mihi
1893 1972 2189 2038 responsio-

636 2073 773 2112 nem.
807 2061 1022 2111 Avertat
1053 2057 1318 2111 hominem
1351 2059 1416 2110 ab
1445 2058 1733 2124 iniquitate.
1755 2059 1990 2126 Pepercit
2016 2068 2188 2111 autem

633 2148 820 2200 anima;
847 2149 959 2214 ejus
988 2163 1015 2200 a
1047 2159 1233 2208 morte,
1251 2159 1301 2201 et
1330 2163 1395 2201 ne
1420 2148 1570 2200 cadat
1590 2147 1674 2201 ille
1705 2149 1755 2200 in
1775 2148 2190 2217 bello.Coarguit

633 2247 806 2288 autem
837 2236 980 2288 illum
1011 2237 1062 2288 in
1095 2237 1343 2304 languore
1369 2251 1526 2304 super
1554 2237 1730 2289 cubili.
1775 2237 2064 2290 Renovabit
2091 2254 2186 2289 an-

636 2326 736 2368 tem
769 2316 882 2385 ejus
910 2332 1134 2386 corpus,
1167 2319 1301 2371 sicut
1330 2320 1602 2372 tectorium
1635 2319 1683 2370 in
1718 2322 1911 2386 pariete
1933 2360 1946 2380 ,
1979 2331 2031 2372 et
2069 2335 2188 2373 ossa

633 2405 746 2472 ejus
769 2406 1003 2474 implebit
1020 2406 1261 2459 medulla.
1282 2407 1446 2470 Tunc,
1463 2426 1480 2458 ι
1501 2407 1683 2475 inquit,
1705 2427 1721 2457 ι
1746 2409 2007 2460 accusabit
2031 2408 2189 2462 homo

635 2496 866 2564 seipsum
896 2495 1078 2550 dicens
1109 2514 1120 2549 :
1144 2496 1326 2562 Qualia
1355 2496 1682 2550 efﬁciebam?
1709 2513 1809 2549 non
1833 2497 2039 2565 dignam
2070 2513 2190 2566 pec—

635 2587 767 2638 catis
817 2587 945 2639 meis
986 2587 1382 2655 castigationem
1431 2587 1622 2639 intulit.
1661 2606 1678 2636 ι
1715 2588 1898 2638 Adhuc
1944 2587 2189 2652 loquutus

635 2683 716 2726 est
743 2675 889 2728 Eliuz
919 2675 981 2727 ad
1012 2675 1200 2728 Jobqu
1233 2696 1244 2729 ε
1281 2695 1297 2726 ι
1333 2678 1558 2730 Auribus
1587 2679 1814 2744 percipe,
1843 2677 1960 2739 Job,
1992 2689 2045 2732 et
2069 2678 2183 2731 audi

635 2779 721 2817 me
749 2783 760 2816 :
793 2766 1112 2829 obtumrsce,
1141 2777 1192 2820 et
1221 2769 1420 2836 loquar.
1444 2768 1498 2821 Si
1522 2780 1600 2820 est
1629 2769 1719 2819 tibi
1751 2783 1945 2832 sermo,
1971 2784 2184 2836 respon-

633 2855 702 2908 de
731 2857 855 2909 mihi
890 2875 901 2910 :
931 2858 1048 2910 volo
1098 2858 1236 2910 enim
1283 2859 1568 2911 examinari
1618 2872 1646 2909 a
1692 2867 1741 2908 te
1779 2859 2028 2924 justitiam
2074 2874 2188 2910 scr-

634 2945 806 2998 mortis
833 2946 930 2998 mei
967 2964 984 2995 ι
1010 2947 1156 3016 (Cap.
1189 2949 1273 3000 35.
1297 2965 1340 3000 v.
1362 2949 1412 3000 ι.
1433 2949 1483 3000 5.
1517 2947 1698 3000 17-19.
1730 2947 1922 3000 24.27.
1957 2949 2040 3002 δι.
2074 2947 2181 3018 se).

637 3033 821 3088 Adhuc
846 3035 1099 3103 adjiciens
1127 3037 1270 3089 liliuz
1303 3037 1454 3090 tertio
1485 3037 1609 3088 dicit
1637 3055 1648 3088 :
1686 3056 1703 3086 ς
1743 3039 1928 3092 Audite
1956 3055 2037 3091 me
2059 3081 2072 3100 ,
2099 3056 2187 3092 sa-

637 3123 868 3192 pientes,
903 3126 1096 3177 bonum
1129 3136 1208 3178 est
1237 3135 1292 3177 ut
1321 3127 1407 3193 qui
1437 3127 1706 3178 scientiam
1738 3126 1948 3192 habent,
1978 3129 2188 3182 auribus

634 3217 926 3283 percipiant
971 3233 984 3267 :
1031 3216 1151 3283 quia
1197 3216 1339 3266 auris
1381 3229 1658 3268 sermones
1705 3217 1906 3283 probat.
1955 3237 1972 3268 ι
2004 3219 2189 3272 Adhuc

634 3305 765 3358 dixit
809 3306 952 3357 Eliuz
986 3320 998 3356 :
1033 3323 1050 3354 ς
1084 3304 1210 3370 Quis
1248 3304 1326 3356 vir
1356 3312 1410 3356 ut
1437 3303 1556 3367 Job,
1601 3305 1783 3358 bibens
1819 3307 2186 3360 subsannatio-

636 3409 754 3448 nem
789 3395 924 3447 sicut
949 3394 1177 3462 aquam?
1221 3393 1307 3462 qui
1341 3409 1507 3463 neque
1537 3395 1799 3461 peccavit,
1830 3411 1998 3463 neque
2031 3397 2187 3463 impie

635 3487 780 3554 egit?
809 3485 980 3555 [Absit
1006 3502 1032 3536 a
1066 3485 1169 3557 me]
1200 3500 1376 3538 coram
1408 3485 1776 3553 Omnipotente
1805 3488 2012 3540 turbare
2035 3488 2186 3555 justi-

638 3576 779 3628 tiam.
804 3575 903 3628 Sed
928 3571 1096 3627 reddit
1135 3576 1329 3627 homini
1353 3576 1540 3642 cuique
1561 3576 1845 3629 Secundum
1869 3592 2028 3644 opera
2049 3578 2183 3644 ejus.

632 3667 826 3734 impius
853 3675 930 3718 est
958 3667 1044 3734 qui
1076 3666 1198 3719 dicit
1223 3669 1328 3732 regi
1360 3683 1374 3719 :
1409 3666 1582 3735 Inique
1608 3669 1738 3736 agis.
1766 3688 1783 3718 ι
1811 3669 1894 3729 Et,
1916 3687 1932 3716 ι
1957 3670 2054 3734 Qui
2084 3683 2184 3720 non

633 3766 714 3809 est
743 3756 937 3810 veritus
966 3755 1150 3808 faciem
1177 3756 1227 3808 in
1256 3765 1539 3823 conspectu
1572 3772 1708 3810 meo.
1740 3757 1988 3814 Dominus
2015 3761 2186 3811 omnia

633 3847 863 3913 inspicit,
893 3846 979 3913 qui
1011 3845 1410 3913 comprehendit
1438 3864 1541 3899 non
1568 3849 1910 3916 vestigabilia,
1940 3850 2184 3916 gloriosa,

633 3946 685 3990 et
711 3937 983 4006 magnilica
1007 3977 1019 3999 ,
1051 3951 1274 4004 quorum
1313 3953 1414 3990 non
1447 3949 1526 3992 est
1553 3955 1822 3994 numerus.
1853 3940 1944 3993 Vir
1981 3942 2187 4007 sapiens

633 4028 833 4080 audivit
876 4028 1089 4080 verbum
1141 4043 1314 4082 meum
1349 4047 1359 4081 :
1393 4029 1492 4083 Job
1535 4042 1706 4084 autem
1753 4047 1856 4085 non
1904 4034 2187 4100 prudenter

637 4118 880 4186 loquutus
903 4128 988 4170 est
1023 4137 1041 4168 ι
1070 4117 1215 4187 (Cap.
1248 4121 1334 4173 54.
1367 4136 1413 4174 υ.
1437 4120 1488 4172 2.
1523 4123 1574 4174 5.
1600 4123 1648 4174 7.
1681 4123 1732 4175 8.
1760 4123 1842 4175 10.
1879 4125 1960 4175 ll.
1996 4123 2182 4178 18.19.

632 4210 720 4263 21.
750 4211 834 4263 56.
864 4209 1184 4276 55).Quarto
1211 4211 1462 4280 adjicicns
1509 4213 1649 4264 liliuz
1688 4214 1812 4266 dicit
1854 4215 1915 4266 ad
1962 4215 2182 4268 Jobum:

640 4319 660 4350 ι
694 4300 865 4362 Quare
896 4299 991 4352 hoc
1021 4301 1326 4353 existimasti
1359 4303 1407 4354 in
1435 4303 1673 4369 judicio?
1702 4303 1776 4354 Tu
1807 4304 1921 4370 quis
1947 4319 2003 4355 es
2023 4344 2035 4364 ,
2068 4306 2185 4370 quia

637 4387 828 4451 dixisti,
844 4387 1021 4440 Justus
1035 4404 1146 4441 sum
1167 4391 1510 4456 inconspectu
1529 4391 1760 4443 Domini?
1781 4392 1956 4458 i((.‘ap.
1977 4392 2115 4444 35.1).
2131 4391 2184 4460 2)

632 4476 878 4542 Quintum
901 4478 1075 4544 adjicit
1094 4479 1237 4531 Eliuz
1260 4480 1478 4531 orationi
1503 4495 1629 4543 suae,
1649 4489 1701 4532 et
1723 4497 1888 4547 neque
1905 4480 2002 4532 Job
2021 4497 2187 4548 neque

634 4581 738 4621 tres
768 4569 918 4620 amici
949 4579 1192 4621 accusant
1217 4583 1334 4622 eum
1368 4579 1420 4621 ut
1445 4569 1680 4622 atbeum.
1711 4570 2035 4622 Manifestum
2063 4585 2188 4638 ergo

635 4661 755 4713 hinc
783 4670 883 4724 est,
912 4669 1017 4712 tres
1045 4660 1159 4712 illos
1185 4661 1487 4728 resipuisse.
1512 4661 1746 4728 Dicitque
1770 4660 1833 4712 ad
1856 4660 1953 4713 Job
1977 4678 1989 4712 :
2022 4679 2039 4710 ‹
2063 4660 2189 4714 Sus-

634 4751 738 4802 tine
784 4765 867 4802 me
897 4750 1157 4816 paululum
1186 4751 1374 4811 adhuc,
1405 4759 1460 4802 ut
1486 4759 1533 4802 te
1557 4749 1771 4802 doceam
1799 4766 1811 4812 ;
1841 4750 2011 4802 adhuc
2047 4751 2184 4802 enim

628 4851 713 4892 est
758 4841 806 4892 in
847 4856 930 4892 me
958 4843 1034 4893 vis
1067 4841 1306 4909 loquendi
1343 4861 1358 4890 ι
1389 4840 1536 4907 (Cap.
1570 4842 1654 4894 '56.
1684 4857 1730 4894 υ.
1760 4840 1793 4891 2
1820 4843 1856 4894 i.
1888 4841 1973 4892 Ait
2002 4841 2184 4892 Eliuz:

643 4946 660 4977 ι
702 4927 926 4980 Auribus
952 4928 1064 4981 hate
1091 4931 1318 4997 percipe,
1357 4929 1471 4981 Job.
1507 4930 1618 4992 Sta,
1649 4929 1791 4982 disce
1821 4929 2060 4980 virtutem
2091 4929 2187 4979 Do-

637 5018 781 5069 mini.
813 5017 1067 5085 Nuniquid
1102 5019 1232 5072 liber
1261 5029 1349 5071 ant
1391 5020 1560 5073 scriba
1604 5019 1804 5071 adstitit
1847 5017 1973 5080 tibi;
2008 5027 2094 5070 aut
2123 5018 2188 5068 ab

639 5106 878 5168 aquilone
906 5106 1069 5158 nubes
1086 5107 1275 5158 coloris
1301 5109 1442 5158 aurei
1476 5127 1492 5156 ι
1515 5107 1660 5174 (Cap.
1683 5108 1769 5160 37.
1791 5122 1835 5158 v.
1863 5107 1945 5159 14.
1965 5105 2052 5157 20.
2072 5105 2187 5172 2‘2)?

707 5189 844 5245 Deus
867 5208 981 5246 sese
1005 5192 1256 5246 exhibens
1276 5194 1458 5246 anum
1486 5197 1680 5262 justum
1704 5195 1950 5255 declarat,
1977 5195 2191 5249 docens-

639 5299 738 5350 qne
769 5286 1072 5352 mysterium
1099 5285 1312 5347 Christi,
1339 5287 1409 5337 ait
1431 5287 1492 5338 ad
1520 5287 1703 5339 Jobum
1739 5306 1748 5339 :
1781 5307 1797 5337 ι
1828 5288 1952 5351 Quis
1979 5297 2056 5339 est
2083 5287 2185 5350 hic,

638 5374 723 5441 qui
771 5373 905 5426 celat
952 5389 1034 5426 mc
1085 5376 1395 5436 consilium,
1444 5379 1777 5443 continetqne
1823 5391 2093 5430 sermones
2138 5376 2188 5428 in

637 5465 839 5518 corde?
888 5482 906 5514 ›
953 5465 1194 5531 Dialogus
1227 5466 1429 5518 Domini
1473 5483 1483 5517 :
1533 5485 1550 5516 ‹
1589 5467 1764 5534 Sepivi
1817 5482 1959 5518 mare
2005 5467 2184 5533 portis.

642 5552 756 5606 Dixi
782 5563 957 5606 autem
988 5553 1082 5617 illi,
1117 5553 1396 5622 llucusqne
1426 5556 1620 5617 venies,
1656 5565 1707 5608 et
1736 5572 1837 5608 non
1866 5557 2186 5624 praeteribis:

637 5641 732 5698 sed
761 5641 812 5695 in
845 5645 1010 5709 tcipso
1035 5643 1455 5695 comminuentur
1485 5643 1668 5697 ﬂuctus
1701 5645 1790 5696 tui.
1829 5663 1843 5693 ι
1880 5644 2061 5697 Sermo
2087 5643 2188 5694 Do-

1365 342 1426 398 S.
1464 342 1734 397 JOANNIS
1764 334 2228 393 EllRYSOSTOMI
2269 336 2578 393 ARClilEP.
2618 337 3142 395 CONSTANTINOP.
3760 355 3858 410 358

2302 445 2427 498 mini
2459 465 2470 499 :
2504 464 2522 496 ι
2556 449 2635 500 An
2666 457 2718 501 tu
2750 463 2964 502 sumens
2997 450 3164 502 lutum
3191 448 3425 503 formasti
3453 449 3690 504 animai?
3719 452 3850 520 Ape-

2299 536 2505 589 riuntur
2535 537 2625 590 tibi
2673 549 2816 593 metu
2846 549 3008 608 porta:
3039 541 3264 592 mortis?
3306 550 3396 593 aut
3427 541 3626 594 ostiarii
3671 541 3848 596 inferni

2299 624 2536 678 videntes
2580 635 2629 679 te
2680 627 3005 681 timuerunt?
3052 627 3184 680 Num
3237 629 3424 682 venisti
3473 631 3537 682 ad
3583 631 3848 683 thesauros

2301 715 2435 767 nivis
2459 756 2473 778 ,
2506 725 2595 768 aut
2641 717 2916 770 thesauros
2944 719 3213 786 grandinis
3251 717 3466 770 vidisti?
3497 719 3645 774 Unde
3681 730 3847 772 autem

2299 807 2534 874 procedit
2587 809 2818 875 pruina?
2866 810 2992 873 Quis
3050 811 3365 876 praeparavit
3423 811 3617 862 lluxnm
3669 812 3849 878 pluvia:

2299 897 2638 952 vehementi?
2672 918 2694 950 ο
2729 899 3069 968 lnsuperque,
3103 919 3122 950 ι
3155 901 3283 966 Quis
3325 911 3404 954 est
3441 901 3631 968 pluvia:
3663 901 3849 969 pater?

2298 986 2373 1040 Ex
2405 988 2553 1054 cujus
2584 998 2733 1040 utero
2765 989 3001 1055 procedit
3030 989 3266 1058 glacies?
3295 990 3536 1041 Pruinam
3565 991 3612 1041 in
3638 991 3772 1043 crio
3800 999 3850 1042 rt

2296 1077 2477 1144 glebas
2528 1078 2661 1130 roris
2709 1078 2827 1146 quis
2871 1078 3122 1146 peperit?
3169 1078 3390 1131 Vocabis
3435 1087 3607 1130 autem
3663 1080 3846 1132 nubem

2297 1182 2456 1231 voce,
2504 1178 2558 1222 et
2589 1179 2817 1222 tremore
2857 1184 3005 1236 aquae
3034 1169 3218 1221 validae
3261 1167 3468 1220 obediet
3507 1168 3636 1220 tibi?
3682 1169 3847 1222 Mittes

2297 1256 2512 1310 fulmina
2544 1267 2596 1310 et
2633 1259 2823 1310 ibunt?
2851 1258 2978 1324 Quis
3008 1258 3152 1312 dedit
3179 1258 3485 1310 mulieribus
3511 1268 3730 1310 textura:
3769 1274 3848 1309 sa-

2296 1347 2591 1414 pientiam?
2621 1347 2747 1412 Quis
2774 1349 3083 1415 pra'paravit
3107 1362 3266 1400 corvo
3294 1345 3508 1398 escam?
3552 1345 3682 1397 Pulli
3713 1347 3844 1398 enim

2295 1436 2409 1503 ejus
2435 1438 2794 1488 clamaverunt
2817 1435 2880 1487 ad
2908 1436 3183 1487 Dominum
3209 1445 3464 1496 errantes,
3491 1434 3684 1485 cibaria
3712 1448 3847 1500 qua--

2295 1535 2469 1579 rentes
2491 1545 2507 1575 ι
2541 1523 2688 1592 (Cap.
2716 1525 2804 1577 58.
2831 1541 2876 1578 υ.
2905 1525 2956 1576 2.
2988 1526 3036 1577 8.
3067 1525 3149 1576 11.
3177 1525 3259 1576 14.
3295 1525 3376 1575 17.
3403 1523 3490 1575 22.
3520 1523 3607 1575 24.
3641 1521 3726 1576 25.
3758 1521 3842 1574 28.

2294 1615 2491 1668 29.54.
2523 1615 2632 1682 41).
2673 1632 2689 1663 ι
2727 1614 2898 1666 Penna
2944 1614 3125 1666 volans
3164 1612 3432 1679 procedet,
3470 1613 3512 1664 si
3553 1613 3846 1679 conceperit

2295 1705 2436 1757 asida
2455 1713 2507 1757 et
2537 1719 2711 1758 nessa.
2734 1703 3012 1770 Relinquet
3035 1703 3082 1754 in
3109 1713 3248 1755 terra
3271 1718 3364 1754 ova
3388 1719 3498 1754 sua.
3523 1702 3653 1755 Cum
3678 1713 3845 1756 tacere

2296 1794 2418 1847 iecit
2440 1797 2485 1847 ei
2513 1794 2648 1847 Deus
2674 1793 3003 1860 sapientiam,
3033 1793 3261 1844 irridebit
3284 1807 3498 1858 equum.
3529 1791 3605 1844 Ex
3631 1793 3843 1844 scientia

2295 1893 2380 1936 tua
2410 1885 2552 1936 stetit
2579 1885 2826 1952 accipiter
2848 1924 2862 1948 ,
2895 1883 3069 1934 vultur
3094 1893 3269 1934 autem
3308 1897 3466 1948 super
3496 1881 3672 1933 nidum
3699 1897 3842 1933 suum

2294 1974 2481 2026 sedens
2511 1985 2742 2026 moratur
2777 1993 2795 2025 ι
2827 1972 2972 2041 (Cap.
2995 1973 3082 2027 39.
3103 1973 3559 2026 υ.15.14.17.18.
3598 1973 3687 2026 26.
3709 1973 3816 2041 27).

2366 2061 2551 2116 Adhuc
2577 2063 2823 2130 loquutus
2843 2073 2924 2115 est
2946 2063 3196 2116 Dominus
3217 2062 3348 2116 Jobo
3369 2082 3381 2114 :
3403 2081 3420 2112 ι
3445 2062 3576 2115 Num
3596 2063 3842 2130 judicium

2295 2166 2410 2204 cum
2442 2152 2814 2220 Omnipotente
2839 2151 3139 2220 judicabis?
3165 2163 3215 2204 et
3235 2152 3322 2219 qui
3352 2154 3520 2220 arguit
3550 2152 3844 2214 Dominum,

2295 2243 2634 2310 respondebit
2658 2242 2798 2310 ipsi?
2835 2260 2854 2294 ι
2887 2241 3154 2310 Loquutus
3178 2250 3259 2294 est
3283 2241 3382 2294 Job
3415 2242 3667 2294 Domino:
3693 2261 3710 2291 ε
3740 2242 3844 2310 Ego

2293 2332 2500 2398 judicor
2527 2333 2902 2394 commonitus,
2935 2341 2988 2385 et
3019 2345 3246 2399 arguens
3278 2330 3578 2390 Dominum,
3610 2344 3728 2385 cum
3757 2345 3844 2382 au-

2293 2423 2382 2477 dio
2404 2425 2524 2476 talia
2549 2424 2682 2493 ›(Η›.
2704 2441 2751 2478 υ.
2773 2425 2860 2478 32.
2878 2424 2987 2494 54).
3005 2423 3274 2492 Loquutus
3289 2432 3368 2477 est
3389 2424 3635 2476 Dominus
3663 2422 3725 2475 ad
3749 2422 3843 2476 Job

2294 2515 2360 2568 de
2387 2517 2523 2570 nube
2545 2516 2773 2569 secundo
2795 2531 3053 2585 apparens
3074 2517 3153 2570 ei:
3186 2535 3204 2566 ι
3230 2517 3454 2584 Accinge
3471 2517 3608 2570 sicut
3625 2516 3702 2569 vir
3720 2517 3844 2568 lum-

2295 2605 2418 2658 bum
2437 2614 2603 2660 tuum.
2624 2606 2963 2675 lnterrogabo
2983 2616 3158 2660 autem
3177 2621 3245 2669 te,
3268 2617 3320 2659 tu
3345 2623 3469 2660 vero
3488 2606 3613 2659 mihi
3636 2621 3846 2674 respon-

2294 2695 2378 2749 de.
2414 2715 2435 2747 ι
2470 2695 2655 2750 Sermo
2694 2697 2898 2750 Domini
2927 2716 2937 2749 :
2973 2697 3315 2751 «Conﬁtebor
3353 2697 3489 2765 quod
3539 2698 3701 2764 possit
3725 2697 3844 2750 dex-

2295 2796 2406 2840 tera
2429 2798 2515 2840 tua
2538 2787 2760 2840 salvare.
2789 2787 2980 2840 Verum
3008 2788 3186 2855 utique
3207 2787 3386 2840 bestia:
3411 2786 3546 2853 apud
3577 2796 3624 2840 te
3649 2787 3843 2840 [aerium

2294 2875 2428 2928 sicut
2457 2877 2621 2929 boves
2651 2874 2952 2928 comedunt.
2989 2876 3165 2928 Virtus
3190 2885 3364 2929 autem
3395 2876 3509 2942 ejus
3550 2891 3708 2943 super
3737 2891 3847 2927 um-

2293 2964 2450 3018 bilico
2475 2967 2697 3018 ventris.
2724 2966 2903 3018 Erexit
2925 2967 3144 3019 caudam
3168 2967 3301 3018 sicut
3318 2981 3648 3033 cupressum.
3677 2965 3846 3018 Costa:

2293 3056 2441 3122 ejus,
2469 3064 2629 3109 cost-.1:
2662 3072 2821 3108 aenea:
2855 3075 2867 3109 :
2897 3058 3044 3123 Spilla
3073 3067 3247 3109 autem
3278 3056 3389 3123 ejus
3430 3055 3622 3108 ferrum
3675 3054 3842 3107 fusile.

2295 3145 2403 3196 Sub
2447 3146 2588 3198 omni
2633 3159 2825 3211 genere
2869 3145 3113 3198 arborum
3161 3144 3368 3196 dormit.
3407 3144 3572 3195 Duces
3595 3154 3789 3206 autem,
3823 3160 3840 3191 ι

2295 3236 2496 3304 inquit,
2525 3255 2544 3288 ι
2578 3237 2785 3290 leonem
2829 3237 3018 3300 hamo,
3061 3245 3114 3289 et
3154 3235 3518 3302 circumpones
3566 3235 3843 3300 capistrum

2293 3331 2430 3380 circa
2459 3342 2642 3380 nasum
2669 3327 2804 3396 ejus.
2850 3326 3018 3380 Omne
3054 3336 3228 3378 autem
3261 3326 3508 3391 navigans
3532 3324 3846 3376 conveniens

2297 3431 2398 3467 non
2428 3416 2596 3469 ferent
2621 3417 2809 3484 pellem
2843 3431 2996 3467 unam
3024 3413 3204 3466 caudae
3225 3413 3337 3481 ejus
3359 3411 3508 3481 (Cap.
3537 3413 3622 3465 40.
3649 3428 3696 3465 υ.
3719 3411 3771 3465 2.
3792 3411 3846 3465 9-

2294 3507 2380 3561 15.
2409 3508 2485 3561 16-
2519 3507 2608 3561 20.
2641 3507 2730 3561 2i.
2762 3506 2875 3574 26).
2903 3507 3047 3558 Putat
3077 3505 3284 3572 quidem
3315 3506 3510 3557 ferrum
3542 3505 3748 3570 paleas,
3775 3517 3845 3554 ως

2291 3611 2462 3651 autem
2509 3602 2640 3652 sicut
2691 3600 2884 3666 lignum
2931 3597 3210 3664 putridum.
3261 3596 3372 3648 Non
3402 3595 3693 3648 vulnerabit
3728 3611 3843 3648 eum

2292 3703 2446 3741 arcus
2472 3703 2647 3741 amens
2675 3707 2690 3738 ι
2720 3687 2866 3757 (Cap.
2896 3690 2982 3740 41.
3009 3703 3057 3739 υ.
3093 3687 3176 3740 18.
3209 3685 3320 3751 19).

2364 3779 2454 3832 liis
2475 3779 2696 3833 cessavit
2725 3780 2864 3847 loqui
2890 3778 2988 3831 Job
3011 3795 3021 3829 :
3049 3796 3066 3827 ι
3093 3777 3223 3830 Novi
3246 3776 3383 3845 quod
3409 3777 3582 3830 omnia
3606 3785 3772 3845 poles,
3796 3785 3845 3829 et

2295 3870 2419 3923 nihil
2441 3871 2531 3923 tibi
2551 3870 2875 3938 impossibile
2893 3877 2990 3922 est.
3017 3869 3143 3934 Quis
3155 3869 3298 3922 enim
3318 3878 3395 3920 est
3411 3868 3496 3936 qni
3517 3876 3566 3921 te
3582 3868 3714 3920 celat
3733 3882 3845 3920 con-

2294 3961 2502 4014 silium?
2525 3961 2701 4012 l‘ntavi
2722 3970 2894 4012 autem
2915 3974 2998 4010 me
3016 3968 3209 4011 terram
3227 3958 3522 4010 etcinerem
3549 3978 3567 4008 ι
3591 3956 3735 4026 (Cap.
3757 3957 3840 4009 42.

2295 4065 2340 4103 υ.
2373 4050 2426 4101 2.
2463 4051 2515 4102 5.
2541 4049 2617 4116 6).
2660 4048 2906 4118 Coarguit
2933 4049 3179 4100 Dominus
3208 4047 3424 4114 Elipbaz
3445 4046 3838 4109 'l'haemanitem,

2296 4141 2420 4207 quia
2453 4143 2689 4206 peccavit
2722 4141 2830 4207 ipse
2853 4148 2905 4190 ct
2927 4137 3029 4190 duo
3057 4137 3208 4189 amici
3231 4135 3362 4203 ejus,
3391 4137 3507 4203 quia
3536 4151 3638 4188 non
3667 4135 3844 4203 loquu-

2297 4242 2379 4284 tus
2406 4241 2486 4284 est
2509 4247 2682 4284 coram
2713 4231 2822 4283 Deo
2851 4244 3049 4282 verum.
3069 4228 3160 4281 llic
3184 4228 3417 4295 expiatio
3448 4229 3503 4279 iit
3534 4228 3688 4280 trium
3717 4227 3843 4278 ami-

2293 4337 2474 4375 corum
2507 4337 2601 4390 per
2630 4321 2729 4374 Job
2768 4322 3092 4372 sacerdotem
3120 4319 3228 4372 Dei.
3260 4319 3406 4382 Quod
3435 4310 3637 4371 auxerit
3679 4318 3843 4371 Domi-

2297 4427 2394 4466 nus
2422 4412 2608 4465 Jobnm
2633 4451 2645 4472 ,
2674 4421 2725 4464 et
2757 4419 3003 4477 precante
3037 4410 3125 4461 illo
3154 4423 3245 4475 pro
3271 4408 3455 4459 amicis
3482 4407 3622 4468 suis,
3670 4405 3841 4459 Domi-

2295 4519 2395 4557 nus
2417 4502 2798 4556 condonaverit
2825 4499 2901 4552 eis
2932 4508 3222 4566 peccatum.
3254 4496 3320 4550 Ut
3347 4496 3624 4549 audierunt
3644 4508 3842 4556 omnes,

2295 4594 2383 4660 qui
2425 4608 2488 4646 ex
2525 4605 2718 4659 genere
2761 4589 2875 4642 Jobi
2908 4597 3092 4650 erant,
3131 4595 3468 4639 accesserunt
3507 4585 3571 4637 ad
3611 4600 3768 4646 eum,
3798 4593 3842 4636 et

2295 4684 2637 4736 comederunt
2668 4695 2730 4734 ac
2759 4681 3007 4734 biberunt
3035 4678 3171 4746 apud
3211 4693 3327 4731 eum
3349 4719 3362 4741 ,
3397 4677 3648 4745 illumque
3683 4676 3843 4729 admi-

2296 4774 2396 4824 rati
2426 4772 2685 4824 dedernnt
2712 4770 2758 4822 ei
2788 4769 2976 4837 singuli
3005 4782 3195 4835 agnum
3220 4782 3396 4827 unum,
3438 4778 3493 4819 et
3527 4766 3844 4819 tetradrach-

2296 4876 2438 4913 nmm
2492 4875 2727 4913 aureum.
2788 4858 3047 4924 Scriptum
3115 4865 3197 4910 est
3254 4871 3374 4908 eum
3434 4867 3843 4909 resurrecturum

2297 4964 2414 5003 esse
2452 4965 2570 5003 cum
2602 4951 2663 5001 iis
2706 4962 2834 5016 quos
2864 4945 3196 4999 resuscitabit
3229 4945 3504 4998 Dominus.
3537 4945 3592 4998 In
3619 4945 3704 4998 bis
3728 4961 3846 4999 con-

2297 5040 2491 5091 tinetur
2516 5039 2591 5090 vis
2618 5037 2788 5088 omnis
2818 5035 2932 5088 libri
2957 5035 3073 5087 Job.

2772 5183 3036 5220 SAPIENTIA
3075 5181 3376 5220 SALONONIS.

2369 5282 2631 5352 Sapientia
2660 5281 2958 5335 Salomonis
2987 5289 3200 5333 vocatur
3226 5278 3310 5331 hic
3335 5278 3466 5332 liber
3496 5295 3511 5332 :
3544 5295 3664 5332 nam
3697 5281 3844 5334 etiam

2300 5372 2438 5425 hunc
2465 5386 2490 5422 a
2518 5370 2801 5424 Salomone
2831 5368 3081 5436 scriptum
3111 5381 3227 5419 esse
3253 5366 3451 5419 dicunt.
3486 5366 3738 5422 Continet
3766 5383 3838 5420 an-

2300 5470 2403 5514 tem
2450 5462 2742 5515 doctrinam
2779 5457 2994 5526 justitia:
3015 5496 3028 5520 ,
3059 5466 3113 5509 et
3140 5471 3237 5524 qua
3269 5456 3470 5509 ratione
3499 5457 3843 5524 cognoscendi

2301 5553 2406 5607 sint
2449 5563 2571 5603 tunc
2601 5547 2859 5617 improbi,
2893 5556 3016 5599 tunc
3043 5545 3186 5612 probi
3219 5545 3310 5597 viri
3339 5561 3352 5596 :
3381 5544 3446 5597 ad
3479 5544 3593 5597 lucc
3619 5545 3844 5615 prophe‘

2303 5650 2423 5692 nam
2452 5638 2515 5693 de
2541 5637 2770 5692 Christo.
2809 5636 2967 5690 Docet
2995 5635 3152 5690 etiam
3182 5633 3344 5687 multo
3368 5646 3488 5688 esse
3511 5647 3646 5702 opus
3673 5634 3844 5689 labore
