4000 6220
165 467 440 522 ἀπέδωκα
466 480 513 526 ι,
543 469 718 522 οὐθὲν
731 469 929 522 λαϐὼν
949 467 1066 520 ἀπὸ
1084 464 1533 534 χρεωφειλέτου,
1565 467 1614 515 εὶ
1634 465 1723 516 ἐπ’

165 549 298 616 ἐμοὶ
314 549 352 612 -ή
385 548 456 616 γῆ
471 548 774 612 ἐστέναξέ,
800 549 929 601 ἀντὶ
949 546 1138 613 πυροῦ
1159 545 1393 606 ἐξέλθοι
1410 561 1508 610 μοι
1531 543 1726 610 κνίδη.

240 648 323 700 Τὰ
350 649 475 718 περὶ
515 648 722 712 Ἐλιοὺζ
761 648 853 701 τοῦ
888 647 1164 718 Βαραχιὴλ
1206 645 1297 699 τοῦ
1327 645 1578 708 Βουζίτου
1602 662 1614 674 ·
1657 645 1732 708 ὡς

167 729 412 798 ὠργίσθη
440 728 516 796 τῷ
550 729 687 790 Ἰὼϐ,
717 730 797 781 ὃτι
827 731 1100 797 ἀπέφηνεν
1135 727 1328 779 ἑαυτὸν
1350 726 1552 777 δίκαιον
1583 727 1728 777 ἐναν-

168 813 281 862 τίον
324 812 545 879 Κυρίου.
596 811 909 863 ’Υπολαϐὼν
951 811 1161 872 Ἑλιοὺζ
1191 812 1218 861 ὁ
1259 808 1351 860 τοῦ
1399 807 1672 876 Βαραχιὴλ
1701 809 1728 860 ὁ

167 893 447 960 Βουζίτης,
479 889 623 943 εἷπε·
648 892 938 958 Νεώτερός
959 895 1071 959 ειμι
1101 890 1181 954 τῷ
1207 890 1402 958 χρόνῳ
1420 905 1433 918 ·
1467 888 1557 940 διὸ
1578 891 1728 954 ἡσύ-

167 990 351 1040 χασα,
404 975 678 1042 φοϐηθείς
719 976 823 1028 τοῦ
866 974 1005 1041 ύμῖν
1043 972 1384 1040 ἀναγγεῖλαι
1433 971 1543 1035 τὴν
1580 969 1730 1036 ἐμὴν

169 1055 525 1122 ἐπιστήμην,
570 1054 892 1118 Ἐξαναστὰς
919 1054 1130 1116 Ἐλιοῦζ
1155 1057 1211 1105 ὲν
1239 1053 1478 1119 ἀναιδείᾳ
1501 1051 1729 1105 ,καταλέ-

168 1155 253 1202 γει
302 1137 394 1188 τοῦ
437 1136 576 1199 Ἰὼϐ,
621 1139 728 1189 τῶν
771 1138 935 1205 τριῶν
970 1136 1500 1204 ἀποσιωπησάντων·
1543 1132 1730 1184 Πάλιν

165 1219 419 1282 λαλήσω
435 1238 447 1248 ·
469 1219 703 1286 πλήρης
725 1219 829 1288 γάρ
847 1222 959 1287 εἰμι
974 1217 1258 1285 ῥήματος.
1290 1212 1420 1267 Εἷπε
1439 1216 1493 1267 δὲ
1522 1215 1728 1278 Ἐλιοὺζ

169 1301 304 1369 πρὸς
343 1300 456 1352 Ίώϐ
479 1318 490 1329 ο
522 1301 756 1368 Πνεῦμα
784 1300 940 1353 θεῖον
961 1299 1027 1351 τὸ
1054 1297 1319 1364 ποιῆσαν
1342 1314 1441 1364 με,
1473 1296 1630 1361 πνοὴ
1661 1295 1728 1346 δὲ

170 1379 648 1447 ίίαντοκράτορος
663 1382 698 1446 ή
726 1380 1100 1434 διδάσκουσά
1122 1397 1214 1447 με.
1259 1379 1392 1430 Ἐὰν
1424 1377 1594 1443 δύνῃ,
1624 1377 1727 1439 δός

160 1478 261 1526 μοι
286 1463 618 1528 ἀπόκρισιν.
652 1461 1044 1528 Ἀποστρέψαι
1066 1461 1370 1527 ἄνθρωπον
1386 1460 1453 1522 ἐξ
1473 1458 1724 1522 ἀδικίας.

179 1542 484 1608 Ege/caro
512 1543 578 1594 δέ
600 1542 707 1610 τῆς
731 1542 935 1611 ψυχῆς
956 1543 1136 1596 αὑτοῦ
1166 1543 1282 1594 ἀπὸ
1317 1539 1591 1600 θανάτου,
1628 1541 1726 1591 κί’.

159 1621 246 1689 μὴ
287 1625 494 1677 πεσεῖν
514 1626 700 1678 αὑτὸν
720 1627 788 1677 ἐν
817 1625 1070 1693 πολέμῳ.
1095 1625 1340 1692 Ἤλεγξε
1365 1623 1431 1675 δέ
1451 1622 1630 1674 αὑτὸν
1660 1621 1728 1672 ἐν

159 1707 422 1771 μαλακίᾳ
441 1707 536 1758 ἐπὶ
552 1707 772 1770 κοίτης.
803 1708 1147 1759 Ἀνανεώσει
1165 1704 1426 1757 δέαὺτοῦ
1446 1704 1510 1756 τὸ
1535 1722 1562 1755 ο
1579 1703 1722 1770 ῶμα,

161 1788 365 1854 ῶσπερ
387 1788 646 1854 ἀλοιφὴν
682 1787 830 1859 [572]
863 1789 959 1840 ἐπὶ
996 1791 1218 1856 τοίχου,
1255 1787 1324 1839 τὰ
1351 1786 1416 1838 δὲ
1446 1783 1593 1838 ὀστᾶ
1624 1787 1728 1836 αῠο

163 1870 272 1921 τοῦ
299 1870 594 1936 ἐμπλήσει
622 1869 870 1936 μυελοῦ.
913 1869 1065 1929 Τότε,
1106 1870 1288 1939 φησὶνς
1321 1867 1726 1935 ἀπομέμψεται

161 1951 347 2015 αὐτὸς
383 1949 570 2014 ἑαυτῷ
600 1951 822 2019 λέγων’
865 1946 968 2002 Οἷα
1002 1950 1400 2011 συνετέλουν;
1438 1953 1556 2001 Οὐκ
1591 1948 1728 2010 ἀξια

162 2031 356 2097 ἦτασέ
375 2049 450 2100 με
473 2027 558 2084 ὧν
585 2033 864 2101 ἥμαρτον.
905 2034 1024 2084 Ἔτι
1070 2032 1324 2101 ἐλάλησεν
1359 2030 1565 2093 Ἐλιοὺζ
1593 2031 1726 2098 πρὸς

175 2113 301 2165 Ἰώϐ
323 2129 333 2140 ·
363 2113 687 2176 Ἐνωτίζου,
712 2113 912 2184 [Ἰὼ6],
937 2114 1034 2166 καί
1055 2114 1233 2166 ἄκουέ
1251 2131 1369 2181 μου
1389 2131 1399 2142 ·
1416 2113 1728 2180 κώφευσον

162 2195 261 2247 καί
289 2195 559 2263 λαλήσω.
587 2199 655 2249 El
687 2199 817 2250 ἐστι
844 2214 942 2250 σοι
983 2199 1179 2265 λόγος,
1211 2197 1566 2263 ἀποκρίθητέ
1591 2212 1690 2264 μοι
1709 2211 1723 2224 ⁵

162 2277 318 2328 θέλω
367 2280 475 2344 γὰρ
545 2278 1065 2347 δικαιολογηθῆναί
1107 2293 1239 2332 σοι.
1306 2279 1424 2330 Ἔτι
1475 2277 1727 2348 προσθεὶς

176 2359 388 2421 Ἐλιοὺζ
434 2361 613 2429 τρίτον
662 2360 839 2426 λέγει·
901 2360 1225 2413 Ἀκούσατέ
1260 2377 1397 2427 μου,
1449 2359 1646 2427 σοφοί,
1675 2361 1728 2410 οἱ

159 2440 549 2508 ἐπιστάμενοι
575 2443 966 2496 ένωτίσασθαι
1008 2445 1195 2495 καλόν
1215 2461 1227 2474 ·
1264 2443 1349 2494 ὅτι
1379 2437 1486 2506 οὖς
1510 2441 1727 2508 λόγους

160 2524 477 2591 δοκιμάζει.
523 2526 640 2576 Ἔτι
684 2521 833 2577 εἶπεν
893 2526 1136 2589 Ἐλιούζ·
1195 2528 1289 2589 Τίς
1334 2525 1486 2591 ἀνὴρ
1529 2525 1726 2588 ῶσπερ

174 2603 320 2664 Ἰὼϐ,
340 2609 529 2657 πίνων
549 2607 962 2673 μυκτηρισμὸν
991 2607 1189 2672 ὥσπερ
1208 2607 1360 2671 ὕδωρ
1384 2608 1486 2669 ;οῠ
1493 2623 1528 2672 χ
1554 2606 1728 2672 ἀμαρ-

163 2688 302 2748 τὼν,
325 2687 464 2740 οὐδὲ
485 2689 822 2753 ἁσεϐήσας;
845 2687 1066 2758 [Μήμοι
1095 2689 1208 2756 alni
1235 2689 1542 2741 καὶέναντι
1559 2691 1726 2740 Παν-

161 2771 519 2837 τοκράτορος
571 2771 812 2839 ταράξαι
860 2773 926 2824 τὸ
974 2772 1222 2826 δίκαιον.
1278 2773 1428 2823 Ἀλλ’
1459 2768 1727 2822 ἀποδιδοῖ

161 2851 456 2918 ἀνθρώπῳ
489 2854 637 2904 καθὰ
680 2853 836 2904 ποιεῖ
871 2853 1127 2917 ἕκαστος
1165 2851 1384 2905 αὐτῶν.
1427 2851 1667 2916 Ἀσεϐὴς
1695 2852 1726 2901 ό

158 2932 358 3000 λέγων
379 2932 640 2995 βασιλεῖ,
673 2933 1031 3000 Πιιρανομεῖς
1062 2931 1433 2999 παρανομῶν.
1468 2932 1596 2993 Καὶ,
1632 2931 1722 2993 Ὃς

162 3016 279 3065 οὐκ
317 3012 692 3078 ἐπαισχυνθῇ
724 3015 1042 3081 πρόσωπον
1085 3014 1360 3066 ἐναντίον
1418 3029 1553 3078 μου.
1603 3011 1727 3062 Ὀτι

160 3096 380 3160 Κύριος
418 3094 611 3146 πάντα
653 3095 855 3163 ἐφορᾷ,
900 3095 1365 3162 καταλαμϐάνων
1405 3092 1729 3157 ἀνεξιχνία-

158 3191 304 3235 cm,
333 3175 547 3236 ἔνδοξα
566 3193 627 3227 τε
642 3177 735 3227 καί
756 3177 1010 3240 ἐξαίσια,
1036 3171 1121 3228 ὧν
1148 3179 1256 3228 οὐκ
1278 3176 1446 3228 ἐστιν
1467 3173 1725 3241 ἀριθμός.

173 3255 350 3321 Ἀνὴρ
378 3257 563 3324 σοφὸς
615 3256 836 3323 ιὶκήκοέ
861 3276 977 3324 μου
1019 3258 1081 3309 τὸ
1116 3255 1313 3323 ρῆμα’
1364 3256 1483 3307 Ἰὼϐ
1519 3255 1585 3306 δέ
1619 3256 1726 3306 οὐκ

159 3335 236 3385 ἐν
280 3334 525 3386 συνέσει
589 3334 870 3400 ἐλάλησε.
917 3335 1184 3404 Τέταρτον
1224 3334 1476 3403 προσθεὶς
1523 3332 1727 3392 Ἐλιοὺζ

159 3417 314 3481 λέγει
345 3417 480 3486 πρὸς
508 3416 624 3469 Ἰώϐ
647 3434 656 3444 ·
689 3420 748 3470 Τι’
779 3416 952 3469 τοῦτο
979 3415 1185 3484 ἡγήσω
1215 3417 1284 3468 ἐν
1311 3417 1500 3482 κρίσει
1515 3415 1617 3480 ;Σὺ
1641 3414 1728 3477 τίς

157 3496 238 3562 εἴ,
275 3499 364 3552 ὅτι
408 3497 598 3565 εἴπας,
632 3502 861 3564 Δίκαιός
898 3503 1012 3568 ειμι
1056 3501 1331 3552 ἐναντίον
1363 3499 1614 3563 Κυρίου;
1657 3497 1728 3548 Τὸ

160 3587 417 3654 πέμπτον
459 3587 712 3655 προσθεὶς
765 3587 970 3650 Ἐλιουζ
1002 3585 1078 3654 τῷ
1108 3586 1267 3654 λόγῳ,
1300 3585 1390 3637 καὶ
1426 3583 1545 3635 οὒτε
1584 3582 1723 3643 Ἰὼϐ,

157 3667 290 3719 οὔτε
345 3670 392 3719 οἱ
423 3671 569 3737 τρεῖς
618 3669 758 3735 φίλοι
799 3668 1216 3737 προσποιοῦνται
1254 3666 1413 3717 αὑτὸν
1439 3665 1513 3725 ὡς
1550 3664 1723 3716 ἄθεον.

159 3749 337 3817 Δῆλον
367 3747 458 3801 οῦν
483 3751 547 3801 ἐκ
572 3750 710 3808 τότε,
741 3751 820 3802 ὅτι
857 3750 1181 3818 μετενόησαν
1210 3749 1258 3799 οί
1288 3751 1453 3816 τρεῖς.
1503 3745 1606 3796 Καὶ
1642 3744 1727 3794 λέ-

156 3849 254 3898 γει
284 3833 420 3899 πρὸς
455 3831 602 3883 Ὶώϐ·
642 3831 859 3884 Μεῖνόν
883 3847 958 3899 με
990 3831 1201 3898 μικρὸν
1231 3830 1335 3891 ἑτι,
1383 3830 1478 3880 ἵνα
1513 3827 1728 3888 διδάξω

155 3928 275 3965 σε·
310 3915 396 3965 ἐτι
440 3914 548 3980 γὰρ
578 3915 647 3966 ἐν
671 3914 799 3982 ἐμοί
835 3914 961 3964 ἐστι
1010 3915 1227 3979 λέγειν.
1269 3908 1433 3963 Εἶπεν
1487 3907 1722 3969 Ἑλιούζ·

171 3996 478 4055 Ἐνωτίζου
513 3996 714 4058 ταῦτα,
764 3997 894 4050 Ἰώό.
939 3996 1136 4062 Στῆθι,
1168 3994 1450 4049 νουθετοῦ
1477 3992 1729 4059 δύναμιν

157 4079 412 4144 Κυρίου.
451 4077 545 4143 Μὴ
576 4078 790 4142 βίϐλος
833 4078 869 4143 ἣ
917 4079 1371 4145 γραμματεύσας
1411 4091 1509 4126 σοι
1552 4074 1728 4140 παρέ-

155 4176 389 4226 mnu;
415 4160 450 4224 ἢ
482 4159 598 4212 άπὸ
621 4159 813 4225 ,Βοῤῥᾶ
835 4160 984 4225 νέφη
1011 4157 1513 4226 χρυσαυγίζοντω

253 4263 636 4332 Ἐμφανισθεὶς
664 4265 690 4315 ὀ
713 4264 841 4324 θεὸς
858 4264 1051 4315 δικαιοῖ
1070 4264 1156 4314 τὸν
1187 4262 1326 4322 Ἰὼϐ,
1354 4263 1447 4313 καὶ
1467 4261 1728 4312 διδάσκων

155 4347 227 4398 τδ
254 4348 548 4414 μυστήριον
573 4344 664 4396 τοῦ
688 4345 940 4415 Χριστοῦ,
970 4343 1085 4397 εἶπε
1107 4345 1236 4414 πρὸς
1266 4343 1382 4394 Ίώϐ
1406 4362 1414 4371 ·
1442 4344 1534 4406 Τίς
1553 4337 1727 4404 οὗτος

155 4432 190 4480 ό
237 4428 513 4492 κρύπτων
538 4444 656 4492 μου
689 4426 951 4492 βουλὴν,
1000 4425 1273 4490 συνέχων
1308 4423 1376 4475 δὲ
1402 4424 1633 4490 ῥήματα
1663 4423 1728 4472 ἐν

157 4509 418 4575 καρδίας
454 4510 704 4576 Διάλογος
735 4511 958 4578 Κυρίου,
992 4511 1071 4561 ὅτι
1105 4507 1372 4574 Ἐφραξα
1411 4506 1729 4558 θάλασσαν

153 4594 414 4654 πύλαις.
446 4589 600 4642 Εἶπα
629 4591 694 4642 δὲ
715 4589 887 4656 αὐτῇ,
919 4591 1100 4658 Μέχρι
1134 4593 1345 4642 τούτου
1365 4590 1607 4654 ἐλεύσῃ,
1631 4588 1725 4638 καί

153 4678 284 4741 οὐχ
321 4673 652 4738 ύπερϐήσῃ,
693 4673 828 4725 ἀλλ’
868 4673 936 4723 ἐν
975 4671 1200 4737 σεαυτῇ
1253 4669 1729 4736 διατριΰήσονταί

154 4774 287 4811 σου
316 4756 386 4806 τὰ
420 4757 663 4821 κύματα.
701 4755 868 4820 Λόγος
899 4754 1122 4822 Κυρίου,
1146 4755 1225 4804 ὅτι
1282 4753 1363 4804 Σὺ
1391 4752 1587 4803 λαϐὼν
1617 4767 1728 4815 πη-

153 4842 301 4897 λὸν,
337 4838 606 4901 ἔπλασας
637 4836 819 4898 ζῶον;
854 4836 1206 4903 Ἀνοίγονταί
1240 4849 1334 4887 σοι
1365 4837 1523 4900 φόϐῳ
1548 4835 1728 4885 πύλαι

155 4921 467 4979 θανάτου;
507 4919 764 4985 πυλωροὶ
794 4918 860 4970 δὲ
889 4918 1034 4970 ἄδου
1073 4917 1300 4981 ἰδόντες
1331 4933 1404 4967 σε
1435 4917 1728 4980 ἕπτηξαι·;

161 5006 316 5060 "En.
351 4997 569 5064 Ἶίλθες
606 5001 700 5051 ἐπὶ
747 5000 1086 5068 θησαυροὺς
1129 5000 1348 5066 χιόνος,
1391 4998 1729 5064 θησαυροὺς

155 5087 234 5138 δὲ
271 5082 535 5153 χαλάζης
559 5081 854 5148 ἐώρακας;
889 5085 1078 5136 Πόθεν
1107 5082 1174 5135 δὲ
1213 5083 1591 5148 ἐκπορεύεται
1629 5081 1730 5133 πά-

156 5183 322 5236 zrn;
362 5166 449 5228 τίς
481 5165 548 5215 δὲ
583 5165 866 5232 ήτοίμασε
911 5165 1061 5229 ὐετῷ
1098 5166 1294 5231 λάϐρῳ
1329 5166 1550 5230 ῥύσιν;
1588 5165 1725 5224 Ἔτι,

162 5253 268 5313 Τίς
307 5247 476 5299 ἐστιν
514 5245 686 5298 ὑετοῦ
737 5245 963 5312 πατήρ;
1007 5248 1104 5298 Ἐκ
1161 5248 1412 5314 γαστρὸς
1459 5246 1524 5296 δὲ
1571 5247 1729 5309 τίνος

153 5331 594 5396 ὲκπορεύσεται
625 5330 1034 5395 κρύσταλλος;
1063 5330 1307 5396 Πάχνην
1321 5329 1385 5380 δὲ
1405 5330 1472 5379 ἐν
1499 5329 1728 5394 οὐρανῷ

154 5409 262 5461 καί
289 5407 532 5471 βώλους
553 5406 772 5473 δρόσου
798 5409 887 5471 τίς
912 5408 1143 5469 τέτυκε;
1169 5407 1532 5471 Κιιλέσειςδέ
1554 5407 1720 5474 νέφος

153 5488 361 5558 φωνῇ,
402 5488 499 5542 καὶ
552 5488 739 5556 τρόμῳ
798 5488 1012 5552 ὕδατος
1057 5489 1276 5557 λάϐρου
1333 5489 1728 5541 έπακούσεταί

229 5689 270 5751 ⁸,
287 5686 326 5736 Ε
349 5687 518 5735 Bibliis
536 5688 708 5748 supple
730 5687 814 5744 τήν
835 5687 1110 5749 συγγραφήν.

1219 348 1548 404 SYNOPSIS
1588 347 1998 406 SCRIPTURAS
2041 352 2308 408 SACIUE.

3278 361 3388 416 368

1832 481 1987 529 σου;
2021 469 2389 533 Ἀποστελεῖς
2434 467 2760 534 κεραυνοὺς
2811 466 2906 518 καί
2961 463 3385 531 πορεύσονταις

1837 549 1929 610 Τίς
1966 549 2180 604 δέδωκε
2224 551 2498 618 γυναιξὶν
2543 549 2890 616 ὑφάσματος
2937 547 3191 612 σοφίανὶ
3246 546 3386 609 Ἔτι.

1834 626 1932 692 Τίς
1971 632 2255 697 ἡτοίμασε
2290 633 2490 697 κόρακι
2515 629 2744 696 ,ϐοράν;
2784 626 3038 681 Νεοσσοὶ
3066 626 3174 693 γὰρ
3204 627 3388 680 αὐτοῦ

1829 708 1977 774 πρὸς
2001 711 2216 775 Κύριον
2244 710 2560 777 κεκράγασι
2608 708 2999 775 πλανώμενοι,
3028 706 3100 758 τὰ
3129 705 3266 757 σῖτα
3296 705 3386 770 (n-

1830 790 2092 854 τοῦντες.
2125 793 2262 851 Ὅτι,
2291 790 2515 856 Πτέρυξ
2539 789 2828 856 πετομένη
2852 787 3074 847 ἐλάσει,
3100 786 3207 838 ἐὰν
3236 789 3386 839 συλ-

1829 869 1980 935 λάϐῃ
2027 871 2205 923 ἂσιδα
2240 873 2336 923 καί
2377 870 2596 935 νῆσσα.
2643 869 2884 936 Ἀφήσει
2916 870 3000 930 εὶς
3052 867 3165 934 γῆν
3199 867 3270 918 τὰ
3304 866 3387 918 ὠὰ

1829 949 2030 1014 αὐτῆς.
2079 953 2212 1003 ’Ὅτε
2242 951 2650 1014 κατεσιώπησε
2688 949 2837 1015 αὺτῇ
2879 951 2911 1000 ό
2947 948 3089 1012 Θεὸς
3141 949 3383 1014 σοφίαν,

1830 1033 1923 1082 καὶ
1947 1033 2407 1100 καταγελάσεται
2431 1034 2635 1084 ἵππου.
2658 1032 2783 1092 Καὶ,
2811 1034 2908 1083 Ἐκ
2934 1029 3038 1095 τῆς
3055 1029 3386 1095 ἐπιστήμης

1828 1112 2083 1178 ἕστηκεν
2117 1115 2298 1180 ἱέραξ,
2331 1115 2456 1183 γὺψ
2485 1113 2550 1165 δέ
2577 1115 2672 1165 ἐπὶ
2712 1112 2963 1176 νοσσιᾶς
2992 1112 3177 1163 αὑτοῦ
3216 1115 3386 1164 καθε-

1829 1194 1992 1259 σθεὶς
2023 1195 2331 1255 αὐλίζεται.

1903 1299 2021 1349 Ἔτι
2058 1299 2280 1368 ὲλάλησε
2325 1300 2524 1368 Κύριος
2557 1299 2633 1366 τῷ
2664 1297 2783 1350 Ἰὼϐ
2814 1316 2825 1327 ·
2861 1296 2955 1360 Μὴ
2996 1295 3198 1362 κρίσιν
3239 1295 3386 1363 μετὰ

1830 1381 2035 1432 ἱκανοῦ
2065 1383 2304 1447 κρι’νῃς;
2334 1382 2596 1448 ἐλέγχων
2633 1379 2699 1430 δέ
2745 1379 2889 1430 Θεὸν
2922 1375 3385 1443 ἀποκριθήσεται

1829 1461 2012 1528 αύτῇἱ
2047 1463 2298 1531 Ἑλάλησε
2339 1462 2456 1514 Ἰὼϐ
2481 1462 2556 1528 τῷ
2582 1462 2784 1530 Κυρίῳ,
2809 1461 2907 1519 ὅτι,
2952 1457 3089 1525 Ἐγὼ
3119 1460 3386 1525 κρίνομαι

1829 1545 2311 1610 νουθετούμενος,
2363 1545 2457 1594 καὶ
2506 1543 2769 1608 ἐλέγχων
2821 1542 3076 1606 Κύριον,
3130 1540 3382 1592 ἀκούων.

1841 1624 2093 1693 Ἐλάλησε
2134 1624 2330 1693 Κύριος
2373 1623 2505 1694 πρὸς
2539 1622 2656 1675 Ἰὼϐ
2703 1625 2765 1674 ἐκ
2801 1621 2891 1672 τοῦ
2921 1621 3108 1688 νέφους
3140 1620 3385 1688 δεύτερον

1827 1707 2178 1776 ἐμφανισθεὶς
2221 1707 2367 1777 [573]
2399 1705 2578 1775 αὐτῷ·
2621 1704 2813 1757 Ζῶσαι
2853 1703 3050 1768 ὥσπερ
3090 1701 3241 1768 ἀνὴρ
3272 1700 3385 1765 τὴν

1828 1791 2026 1858 ὀσφύν
2042 1805 2178 1842 σου.
2219 1791 2525 1857 Ἐρωτήσω
2545 1790 2610 1842 δέ
2627 1805 2719 1850 σε,
2739 1789 2818 1841 σὺ
2843 1788 2905 1841 δέ
2933 1805 3028 1855 μοι
3048 1787 3380 1853 ἀπόκριναι.

1827 1873 1997 1937 Λόγος
2020 1873 2221 1941 Κυρίου
2248 1887 2261 1901 ·
2298 1873 2672 1940 Ὀμολογήσω
2702 1873 2813 1938 ἄρα
2837 1871 2923 1922 ὅτι
2945 1872 3191 1922 δύναται
3220 1868 3257 1934 ή
3292 1867 3385 1921 δε-

1829 1953 1925 2017 ξιά
1954 1969 2069 2005 σου
2110 1953 2371 2023 [σῶσαι].
2423 1955 2602 2006 Ἀλλὰ
2632 1953 2706 2018 δὴ
2737 1953 2862 2004 ἰδοὺ
2890 1952 3060 2018 θηρία
3099 1951 3255 2016 παρὰ
3285 1949 3385 2003 σοι

1827 2037 2044 2103 χόρτον
2060 2035 2162 2086 ἶσα
2182 2034 2738 2089 Βουσὶνέσθίουσιν.
2779 2034 2845 2086 Ἥ
2868 2033 2933 2084 δὲ
2964 2029 3385 2098 δύναμιςαὺτῷ

1825 2112 1923 2164 ἐπὶ
1957 2112 2225 2178 ὀμφαλοῦ
2253 2113 2521 2180 γαστρός.
2562 2113 2855 2176 Ἐστησεν
2887 2110 3068 2175 οὐρὰν
3087 2109 3164 2170 ώς
3199 2107 3385 2159 κυπά-

1820 2207 2063 2260 ρισσον.
2098 2196 2164 2246 Αἱ
2190 2193 2441 2260 πλευραὶ
2481 2193 2687 2254 αὑτοῦ,
2729 2190 2979 2254 πλευραί
3010 2189 3312 2257 χάλκειαιο
3341 2187 3382 2252 ή

1826 2275 1893 2326 δέ
1910 2275 2080 2342 ῥάχις
2109 2276 2289 2328 αὐτοῦ
2319 2275 2567 2340 σίδηρος
2598 2274 2797 2339 χυτός.
2837 2271 2977 2324 Ὑπὸ
3007 2271 3074 2323 δὲ
3101 2269 3293 2322 πάντα
3313 2271 3384 2321 τὰ

1827 2357 2040 2426 δένδρα
2069 2356 2354 2424 κοιμᾶται.
2389 2356 2574 2419 Ἀξεις
2594 2355 2680 2416 δέ,
2710 2355 2858 2422 φησι,
2891 2353 3107 2405 λέοντα
3127 2352 3196 2403 ἐν
3221 2352 3385 2420 dract-

1828 2456 2013 2506 στρον
2057 2438 2396 2505 περιθήσεις
2426 2437 2494 2488 δὲ
2525 2438 2810 2504 φορϐαίαν
2830 2434 2956 2502 περὶ
2980 2435 3094 2499 τὴν
3114 2433 3251 2498 ῥῖνα
3279 2433 3384 2484 αὺ-

1826 2522 1952 2574 τοῦ.
1994 2519 2120 2573 Πᾶν
2163 2520 2231 2570 δὲ
2278 2517 2514 2572 πλωτὸν
2546 2517 2846 2570 συνελθὸν
2885 2518 2955 2568 οὺ
2980 2514 3064 2583 μὴ
3094 2514 3380 2581 ἐνέγκωσι

1821 2605 2064 2671 βύρσαν
2091 2603 2235 2670 μίαν
2261 2599 2440 2668 οὐρᾶς
2469 2599 2651 2653 αὑτοῦ
2714 2599 2953 2666 Ἡγεῖται
2983 2597 3096 2666 μὲν
3132 2595 3382 2662 σίδηρον

1827 2686 2040 2753 ἄχυρα,
2082 2684 2312 2752 χαλκὸν
2357 2683 2424 2735 δὲ
2464 2682 2666 2750 ὥσπερ
2691 2681 2878 2745 ξύλον
2910 2680 3153 2747 σαθρόν.
3184 2680 3265 2731 Οὐ
3293 2677 3379 2747 μὴ

1826 2767 2021 2833 τρώσῃ
2045 2765 2231 2818 αὑτὸν
2257 2766 2435 2828 τόξον
2463 2765 2762 2833 χάλκειον.

1900 2870 2040 2931 Ἕως
2065 2862 2187 2930 ῶυε,
2216 2869 2306 2920 καί
2335 2867 2606 2920 ἐπαύσατο
2632 2867 2808 2933 λέγειν
2835 2865 2952 2918 Ίώϐ
2977 2882 2992 2895 ο
3024 2860 3164 2917 Οἶδα
3189 2861 3382 2917 πάντα

1827 2957 2103 3018 δύνασαι,
2135 2954 2417 3008 ἀδυνατεῖ
2440 2954 2505 3006 δέ
2534 2970 2629 3007 σοι
2661 2953 2857 3006 οὐδέν.
2894 2952 2989 3014 Τίς
3021 2949 3129 3019 γάρ
3158 2950 3327 3003 ἐστιν
3349 2950 3382 3001 ό

1827 3042 2105 3108 κρύπτων
2139 3056 2212 3092 σε
2249 3041 2531 3104 ,βουλήνς
2580 3041 2825 3107 Ἢγημαι
2872 3037 2939 3089 δὲ
2972 3034 3229 3104 ἐμαυτὸν
3267 3033 3382 3102 γῆν

1827 3129 1924 3178 καὶ
1969 3125 2217 3180 σποδόν.
2255 3125 2481 3192 Ἦλεγξε
2512 3125 2710 3194 Κύριος
2756 3123 2974 3190 Ἐλιφὰζ
3000 3123 3087 3173 τὸν
3119 3117 3377 3189 Θαιμανί-

1826 3233 1922 3285 την
1946 3258 1960 3281 ,
1997 3216 2076 3267 ὅτι
2116 3215 2328 3283 ἥμαρτε
2373 3213 2531 3275 αὐτὸς
2562 3214 2653 3265 καὶ
2681 3213 2728 3263 οί
2771 3211 2861 3262 δύο
2897 3210 3035 3278 φίλοι
3067 3208 3227 3261 αὑτοῦ
3249 3249 3263 3272 ,
3301 3209 3382 3262 ὄτι

1827 3304 1925 3355 οὐκ
1964 3302 2223 3372 ἐλάλησεν
2259 3301 2484 3354 ἐνώπιον
2517 3301 2720 3369 Κυρίου
2766 3298 2990 3368 ἀληθὲς,
3034 3297 3154 3350 οὐδὲ
3197 3296 3383 3364 ὥσπερ

1829 3390 2077 3458 Θεράπων
2117 3388 2278 3441 αὑτοῦ
2322 3387 2460 3440 Ἰώϐ.
2502 3386 2760 3438 Ἐνταῦθα
2795 3385 3017 3452 ίλασμὸς
3060 3382 3168 3439 τῶν
3212 3383 3382 3452 τριῶν

1829 3476 1992 3543 φίλων
2022 3476 2108 3527 διὰ
2139 3474 2256 3527 Ἰὼϐ
2285 3473 2374 3526 τοῦ
2409 3473 2592 3542 ἱερέως
2622 3471 2714 3524 τοῦ
2740 3469 2892 3522 Θεοῦ.
2931 3470 3016 3531 Ὠς
3042 3467 3243 3538 ηὔξησε
3266 3467 3348 3519 Κύ
3370 3498 3382 3506 -

1831 3579 1941 3629 ριος
1968 3561 2057 3613 τὸν
2103 3560 2217 3611 Ἰώϐ
2238 3577 2249 3589 ·
2279 3559 2572 3627 εὐξαμένου
2600 3558 2654 3608 δὲ
2685 3555 2846 3607 αὑτοῦ
2878 3556 2968 3605 καὶ
2994 3554 3121 3622 περὶ
3155 3553 3255 3606 τῶν
3291 3553 3383 3619 φί-

1829 3649 1932 3700 λων
1979 3647 2178 3709 αὐτοῦ,
2231 3648 2434 3715 ἀφῆκεν
2493 3645 2671 3705 αὐτοῖς
2705 3642 2902 3710 Κύριος
2955 3640 3248 3710 ἁμαρτίαν.
3297 3639 3383 3701 Ὡς

1830 3735 2062 3802 ἥκουσαν
2095 3735 2291 3794 πάντες
2324 3735 2384 3783 ἐκ
2414 3731 2505 3783 τοῦ
2537 3731 2722 3796 γένους
2759 3729 2874 3780 Ἰὼϐ
2899 3769 2912 3789 ,
2943 3729 3034 3780 καὶ
3057 3723 3217 3796 ἦλθον
3249 3724 3383 3796 πρὸς

1832 3821 2007 3882 αὑτὸν,
2037 3822 2126 3872 καὶ
2165 3819 2360 3886 ἔφαγον
2388 3819 2478 3870 καὶ
2507 3817 2655 3867 ἔπιον
2691 3816 2818 3883 παρ’
2850 3814 2996 3882 αὑτῷ
3014 3852 3026 3874 ,
3054 3814 3145 3866 καὶ
3174 3812 3384 3881 Θαυμά-

1834 3923 2018 3969 σαντες
2049 3906 2207 3958 αὑτὸν
2254 3905 2456 3956 ἔδωκαν
2508 3901 2653 3970 αὐτῷ
2683 3901 2909 3962 ἕκαστος
2963 3899 3175 3967 ἀμνάδα
3233 3901 3379 3966 μίαν,

1832 3992 1922 4042 καὶ
1977 3992 2380 4059 τετράδραχμον
2431 3986 2680 4057 χρυσοῦν.
2731 3987 2815 4046 Ὠς
2866 3985 3170 4052 γέγραπται
3223 3981 3384 4034 αὑτὸν

1831 4077 2221 4145 ἀναστήσεσθαι
2269 4075 2381 4142 μεθ’
2407 4067 2478 4125 ῶν
2528 4073 2555 4122 ὁ
2587 4071 2784 4140 Κύριος
2836 4070 3131 4145 ἀνίστησιν.
3173 4069 3258 4120 Ἐν
3302 4061 3382 4130 οἷς

1831 4165 1923 4214 καὶ
1952 4165 1983 4231 ἡ
2016 4142 2240 4230 δύναμις
2271 4161 2454 4213 ἅπασα
2482 4157 2574 4210 τοῦ
2609 4157 2808 4225 βιϐλίου
2845 4142 3049 4244 ἸώϐβΙ

2300 4379 2485 4446 Σοφία
2513 4375 2914 4444 Σολομῶντος.

1900 4551 2067 4618 Σοφία
2118 4547 2455 4616 Σολομῶντος
2513 4545 2754 4598 καλεῖται
2787 4543 2845 4595 τὸ
2897 4541 3128 4610 βιϐλίον’
3161 4542 3250 4592 καὶ
3281 4540 3382 4609 γὰρ

1832 4638 2096 4692 καὶτοῦτο
2116 4675 2128 4696 ,
2177 4634 2333 4702 φασὶ.
2365 4630 2607 4700 Σολομῶν
2636 4632 2780 4681 ἐστιν
2827 4631 2854 4679 ὁ
2888 4623 3118 4698 γράψας.
3149 4627 3298 4678 ’Ἐστι
3329 4626 3382 4677 δὲ

1831 4728 1886 4776 ὲν
1931 4722 2074 4791 αὑτῷ
2101 4719 2408 4773 διδασκαλία
2456 4716 2830 4784 δικαιοσύνης,
2864 4715 2956 4766 καὶ
3000 4713 3060 4764 τὸ
3104 4711 3386 4781 γνωρίζειν

1830 4811 1952 4873 τούς
2005 4827 2063 4860 τε
2108 4807 2338 4874 φαύλους
2378 4804 2571 4874 ἄνδρας
2622 4803 2712 4854 καὶ
2745 4802 2866 4862 τοὺς
2907 4799 3262 4860 σπουδαίους,
3293 4797 3385 4849 καὶ

1835 4895 2132 4966 προφητεία
2181 4893 2305 4962 περὶ
2334 4890 2586 4961 Χριστοῦ.
2626 4889 2733 4940 Καὶ
2759 4888 2838 4939 ὃτι
2872 4884 3047 4953 πολλῷ
3095 4885 3238 4950 πόνῳ
3292 4882 3384 4933 καὶ

1831 4983 1976 5051 πόθῳ
2001 4978 2351 5048 κατορθοῦται
2377 4977 2553 5043 σοφία.
2584 4977 2705 5026 ’Ἑτι
2734 4974 2787 5025 δὲ
2830 4973 2919 5024 καὶ
2954 4969 3264 5038 φυσιολογία
3292 4983 3386 5036 με⁸

1834 5069 1957 5140 ρική
1981 5086 1994 5098 ·
2034 5067 2127 5118 καὶ
2176 5063 2312 5117 κατὰ
2343 5062 2569 5115 εἰδώλων
2602 5062 2696 5112 καὶ
2728 5060 2835 5111 τῶν
2875 5057 3010 5110 αὐτὰ
3055 5055 3382 5122 γλυφόντων,

1833 5156 1923 5207 καὶ
1968 5154 2024 5204 ὲν
2075 5152 2254 5211 αὐτοῖς
2310 5148 2632 5211 ἐλπιζόντων
2660 5185 2673 5209 ,
2720 5147 2810 5198 καὶ
2859 5143 3254 5212 λατρευόντων’
3293 5141 3382 5192 καὶ

1835 5241 1998 5307 ὕμνος
2063 5238 2157 5288 σὺν
2233 5236 2610 5305 ἐξομολογήσει
2669 5232 2772 5284 τῶν
2841 5227 3218 5297 γεγενημένων
3275 5229 3382 5288 τοῖς

1845 5324 2196 5396 Ἰσραηλίταις
2224 5323 2534 5390 θαυμασίων
2563 5319 2786 5370 ἐνώπιον
2818 5317 2922 5368 τῶν
2953 5312 3156 5381 ἐχθρῶν
3186 5312 3382 5375 αὐτῶν,

1831 5411 1982 5481 παρὰ
2011 5411 2102 5464 τοῦ
2130 5410 2282 5462 Θεοῦ.
2314 5409 2376 5458 'H
2411 5408 2504 5475 μὲν
2533 5401 2624 5456 οὖν
2650 5403 2877 5472 περιοχὴ
2902 5400 2992 5453 τοῦ
3031 5399 3230 5468 βιϐλίου
3261 5396 3384 5447 τοῦ-

1829 5519 1917 5554 τον
1947 5500 2056 5569 ἔχει
2088 5497 2177 5550 τὸν
2219 5497 2436 5565 τρόπον.
2480 5493 2540 5544 ’Π
2580 5492 2634 5542 δὲ
2660 5487 3126 5556 ἁνακεφαλαίωσίς
3155 5487 3298 5569 ἐστιν
3327 5483 3386 5569 δν

1829 5567 2052 5647 τούτοις.
2095 5585 2181 5635 Ἐν
2211 5580 2509 5650 προοιμίοις
2565 5577 2662 5645 μὲν
2714 5574 2991 5644 προτροπὴ
3048 5567 3251 5622 δικαίου
3307 5568 3384 5630 εἰς

1835 5673 2160 5734 θεοσέϐειαν,
2193 5669 2284 5722 καὶ
2313 5666 2526 5734 ἐλεγχος
2556 5662 2778 5724 ἀσεϐοῦς
2814 5660 3146 5729 βλασφήμου.
3175 5655 3269 5722 Μὴ
3292 5652 3384 5720 (7f-
