4000 6220
636 359 749 414 369

635 471 749 522 λου
773 468 901 539 γάρ,
934 471 1067 540 φησὶ
1089 512 1104 537 ,
1152 470 1291 537 τοὺς
1327 471 1743 540 ἀντιχρίστους
1765 510 1778 533 ,
1823 469 2035 534 οἵτινές
2066 470 2184 521 εἰσι

636 551 888 619 θάνατος
939 555 1111 608 Πόθεν
1158 556 1207 607 οἰ
1237 555 1450 618 ἀσεϐεῖς
1496 556 1586 607 ἐπὶ
1622 554 1699 623 τῷ
1746 554 2052 624 σταυρῶσαι
2095 552 2187 605 τὸν

639 637 843 710 Κύριον
869 640 965 707 τῆς
984 639 1139 708 δόξης
1173 635 1366 709 ἦλθον,
1399 641 1487 693 τὸν
1516 639 1682 692 αἰῶνα
1726 639 1912 691 τοῦτον
1962 636 2188 707 προκρί-

638 740 842 785 ναντες.
872 724 987 777 Ὀτι
1012 727 1105 778 καὶ
1132 727 1255 788 τοὺς
1298 726 1622 785 ἀποστόλους
1652 724 1876 787 ὶδίωξαν
1917 724 2009 775 καὶ
2046 722 2188 774 ἀπέ-

639 824 871 861 κτειναν.
891 809 1012 861 Ὀτι
1038 810 1175 871 τινὲς
1193 809 1401 861 ἔσονται
1428 811 1475 861 οἰ
1498 808 1896 873 ὲξουθενοῦντες
1918 808 2005 860 τὸν
2028 807 2189 876 νόμον

639 891 731 943 τοῦ
754 893 973 962 Κυρίου,
1002 894 1093 945 καὶ
1116 893 1256 955 τινὲς
1284 895 1330 946 οἰ
1360 893 1715 959 ὑποταγέντες
1739 889 1902 959 αὐτῷ.

711 978 830 1031 Ὀτι
856 979 971 1031 οὐδὲ
1004 979 1235 1046 πλήθους
1275 979 1605 1032 ἀσεϐούντων
1638 980 1715 1038 εἰς
1745 979 1976 1046 Χριστὸν
2006 976 2185 1043 φείσε-

639 1080 729 1115 ται
777 1067 805 1116 6
840 1064 989 1127 Θεός.
1035 1064 1180 1125 Ἐνδς
1226 1064 1331 1133 γὰρ
1360 1064 1562 1116 δικαίου
1606 1062 1947 1123 πιστεύοντος
1971 1061 2189 1131 Χριστῷ

643 1148 791 1217 μέλει
817 1147 892 1217 τῷ
915 1148 1029 1217 Θεῷ
1048 1188 1061 1211 ,
1090 1148 1189 1200 κάν
1216 1151 1332 1210 νέος
1353 1148 1613 1220 ἀποθάνῃ.
1645 1146 1842 1215 Γῆρας
1869 1149 1976 1214 γὰρ
1998 1150 2190 1215 τίμιον

639 1235 711 1288 οὐ
747 1236 814 1287 τὸ
847 1236 1266 1301 πολυχρόνιον.
1302 1235 1365 1286 Et
1418 1236 1511 1286 καὶ
1561 1234 1757 1302 ἀσεϐὴς
1805 1232 2055 1299 τελευτὴν
2096 1230 2187 1284 τοῦ

640 1318 782 1391 [574]
803 1319 1187 1380 πιστεύοντοςΧ
1198 1319 1359 1389 ριστῷ
1375 1317 1738 1382 ὲξουθένωσεν,
1754 1319 1865 1372 ἀλλ’
1882 1318 2189 1383 ἐκλέγονται

640 1403 747 1456 ἀπὺ
785 1402 1035 1472 Χριστοῦ.
1069 1404 1130 1456 Οἰ
1162 1404 1372 1465 ἀσεϐεῖς
1404 1404 1581 1471 ἀτίμῳ
1610 1402 1858 1472 πτώματι
1892 1401 2188 1470 παραδοθή-

643 1506 843 1549 σονται,
863 1491 951 1541 καὶ
974 1489 1179 1559 μεγάλῃ
1200 1489 1373 1559 κρίσει
1393 1488 1886 1559 καταϐληθήσονται
1904 1490 1950 1541 οί
1967 1487 2188 1539 διῶκται

640 1576 746 1628 τῶν
786 1575 877 1628 τοῦ
913 1575 1143 1646 Χριστοῦ
1167 1575 1362 1629 δούλων
1385 1616 1399 1639 ,
1430 1576 1488 1626 tv
1514 1578 1577 1645 τῇ
1614 1577 1823 1646 κρίσει,
1862 1575 2055 1636 ἰδόντες
2092 1573 2189 1642 τὴν

639 1656 792 1722 δόξαν
824 1656 985 1710 αὐτοῦ
1016 1658 1109 1709 καὶ
1140 1657 1315 1710 αὐτῶν
1340 1699 1355 1722 ,
1404 1658 1497 1709 καὶ
1551 1657 1772 1717 ἑαυτοὺς
1818 1657 1895 1718 είς
1948 1655 2185 1707 κόλασιν.

642 1737 762 1791 Ὀτι
789 1740 817 1790 6
864 1738 1089 1800 πλοῦτος
1118 1738 1251 1808 μετά
1280 1737 1591 1800 ἀλαζονείας
1634 1736 1997 1806 συμϐέϐληται
2037 1738 2185 1805 ήμῐν.

638 1818 735 1881 Τίς
784 1819 918 1890 ὀργὴ
964 1820 1072 1872 τῶν
1103 1820 1436 1873 ἀσεϐούντων
1484 1821 1561 1883 εἰς
1598 1818 1849 1885 Χριστόν.
1880 1818 2188 1887 Προτροπαί

638 1907 749 1966 τοῖς
777 1906 996 1976 ἄρχουσι
1030 1904 1121 1958 τοῦ
1164 1906 1375 1976 Ἰσραὴλ
1402 1946 1416 1969 ,
1452 1904 1589 1959 ὥστε
1630 1902 1901 1956 πιστεύειν
1932 1902 2148 1973 Χριστῷ
2170 1920 2184 1933 ·

637 1990 835 2061 μᾶλλον
858 1991 913 2043 δὲ
941 1991 1235 2061 παράθεσις
1256 1994 1366 2053 τοῖς
1387 1992 1609 2060 ἄρχουσι
1636 1991 1732 2059 τῆς
1760 1989 2047 2058 καθολικῆς
2076 1990 2189 2041 Ἐκ-

636 2076 899 2145 κλησίας,
939 2076 1052 2139 πῶς
1091 2078 1277 2147 ἄρχειν
1326 2076 1436 2140 δεῖ,
1476 2076 1909 2146 ἀποστραφέντος
1957 2074 2184 2127 ἐκείνου.

637 2162 732 2225 Τίς
754 2165 785 2232 ή
822 2164 999 2231 σοφία,
1032 2165 1059 2217 ὁ
1082 2163 1205 2225 Υἱὸς
1225 2164 1317 2216 τοῦ
1340 2164 1493 2217 Θεοῦ.
1517 2166 1624 2217 Καὶ
1653 2165 1767 2226 πῶς
1798 2166 1825 2216 ὁ
1852 2165 2021 2231 Λόγος
2053 2163 2186 2233 σάρξ

635 2246 825 2314 γέγονε
846 2289 860 2311 ,
887 2249 979 2300 καὶ
1003 2250 1306 2317 ἐσκήνωσεν
1329 2251 1384 2302 ἐν
1410 2252 1559 2319 ἡμῖν.
1586 2252 1703 2302 Ὅτι
1746 2248 1899 2315 κάγὼ
1931 2251 2188 2318 ὁμοιοπα-

636 2331 732 2401 θὴς
759 2333 884 2401 ὑμῖν
909 2332 983 2385 ῶν
1011 2333 1292 2403 ἄνθρωπος
1326 2336 1387 2386 ὲκ
1412 2334 1707 2395 κελεύσεως
1731 2333 1864 2386 Θεοῦ
1897 2335 2186 2386 πεπαίδευ-

637 2435 753 2488 μαι.
786 2421 917 2490 Περὶ
944 2420 1173 2490 Χριστοῦ
1193 2439 1207 2453 ’
1244 2424 1314 2490 τῇ
1350 2422 1509 2491 σοφίᾳ
1536 2422 1625 2474 τοῦ
1655 2421 1787 2474 Θεοῦ
1815 2461 1830 2483 ,
1862 2423 1942 2474 ὃτι
1970 2421 2186 2473 πάντων

634 2504 731 2575 τὴν
773 2506 968 2571 γνῶσιν
994 2506 1051 2570 ἐξ
1082 2508 1247 2575 αὐτῆς
1273 2507 1458 2575 έσχον·
1504 2510 1598 2559 Ἐν
1644 2509 1753 2575 γὰρ
1803 2507 1950 2574 χειρί
2003 2508 2185 2560 αὑτοῦ

635 2592 733 2644 καί
760 2592 927 2659 ἡμεῖς
951 2592 1047 2646 καί
1078 2596 1129 2646 οἰ
1155 2594 1319 2661 λόγοι
1358 2593 1542 2661 ἡμῶν.
1567 2593 1659 2655 Τίς
1684 2595 1715 2661 ή
1749 2593 1924 2661 σοφία,
1950 2594 2041 2646 καὶ
2071 2594 2186 2657 πῶς

634 2680 715 2739 εἷς
748 2676 1060 2747 ἀνθρώπους
1092 2674 1239 2747 ἦλθε.
1273 2681 1389 2732 Μία
1420 2680 1528 2747 γὰρ
1572 2675 1729 2732 οὖσα
1775 2679 1968 2731 πάντα
1995 2679 2188 2733 δύνα-

634 2779 747 2823 ται,
781 2764 873 2816 καί
898 2762 1165 2831 μένουσα
1191 2764 1260 2816 ἐν
1287 2763 1438 2831 αὐτῇ
1465 2765 1535 2817 τὰ
1567 2763 1758 2817 πάντα
1788 2764 2040 2824 καινίζει.
2078 2764 2185 2834 Τὴν

638 2848 847 2915 σοφίαν.
870 2850 1048 2917 φησιν,
1072 2850 1134 2900 ἐκ
1162 2849 1406 2918 νεότητος
1430 2850 1657 2918 φιλήσας
1680 2888 1694 2910 ,
1719 2849 1894 2901 πάντα
1914 2850 1981 2901 τὰ
2009 2850 2188 2917 ἀγαθά

634 2931 695 2995 ἐξ
739 2934 905 3003 αὐτῆς
948 2934 1101 3003 ἔσχον
1150 2935 1382 3003 σαρκικὰ
1424 2935 1517 2987 καὶ
1568 2936 1925 3004 πνευματικά.
1964 2935 2087 2989 ’Ότι
2128 2935 2188 2989 τὸ

636 3020 859 3089 μέγεθος
892 3021 986 3088 τῆς
1032 3020 1220 3088 σοφίας
1272 3021 1518 3088 ἐγνωκὼς
1575 3023 1817 3092 ἐνέτυχον
1864 3024 1940 3092 τῷ
1978 3023 2184 3094 Κυρίῳ,

633 3104 775 3157 ὥστε
802 3123 890 3174 μοι
920 3106 1134 3176 δοθῆναι
1180 3107 1240 3162 τὸ
1294 3108 1445 3173 ᾶγιον
1488 3108 1708 3178 Πνεῦμα
1740 3110 1799 3161 τὸ
1848 3109 2078 3177 φωτίζον
2119 3126 2185 3178 με

634 3192 762 3260 περὶ
814 3192 999 3261 αὐτῆς.
1036 3194 1141 3245 Καὶ
1198 3194 1489 3263 ἐπέμφθη,
1548 3195 1632 3246 ἴνα
1685 3196 2016 3265 συγκοπιάζῃ
2074 3214 2183 3265 μοι.

634 3279 916 3347 Λοτισμοί
961 3280 1065 3349 γάρ
1096 3278 1324 3346 θνητῶν
1345 3280 1551 3335 δειλοί.
1576 3283 1707 3351 Περί
1734 3282 1840 3335 τῶν
1886 3282 2059 3353 ἔργων
2090 3282 2187 3351 τῆς

637 3366 845 3433 σοφίας.
881 3366 999 3427 Πῶς
1022 3367 1111 3419 τὸν
1146 3366 1559 3437 πρωτόπλαστον
1591 3368 1922 3435 διεφύλαξεν,
1962 3369 2021 3431 ἐξ
2049 3370 2186 3422 ὅσων

634 3452 818 3503 κακῶν
859 3452 1017 3515 σώζει
1038 3453 1161 3514 τοὺς
1180 3452 1527 3516 πιστεύοντας
1560 3454 1704 3523 αύτῷ
1724 3454 1751 3505 6
1782 3454 1911 3517 Θεὸς
1929 3493 1943 3513 ,
1970 3455 2061 3507 καὶ
2087 3456 2186 3506 ὅσα

634 3534 813 3601 ἀγαθά
838 3535 1080 3605 παρέχει.
1104 3530 1225 3588 Οίον
1246 3537 1337 3588 τὸν
1357 3537 1500 3601 Νῶε,
1523 3537 1612 3590 τὸν
1641 3539 1905 3608 Ἀϐραάμ,
1931 3539 2021 3591 τὸν
2042 3540 2184 3600 Λὼτ,

633 3620 723 3671 τὸν
764 3620 984 3684 Ἰακὼϐ,
1029 3622 1117 3673 τὸν
1161 3620 1387 3691 Ἰωσὴφ,
1416 3624 1540 3685 τοὺς
1589 3624 1954 3694 Ἰσραηλίτας,
1989 3624 2080 3687 οὒς
2122 3628 2185 3677 ὲκ

632 3705 811 3775 χειρὸς
838 3706 949 3783 τῶν
976 3707 1278 3773 Αἰγυπτίων
1307 3708 1631 3779 ὲξερῤύσατο
1668 3710 1753 3763 διά
1782 3711 2020 3773 Μωσέως
2044 3751 2059 3773 ,
2092 3712 2185 3764 καὶ

633 3792 700 3843 ὲκ
738 3792 935 3860 πέτρας
976 3793 1273 3863 ἀκροτόμω
1311 3795 1464 3862 ὲδόθη
1489 3796 1667 3858 αὐτοῖς
1694 3796 1854 3867 ὕδωρ.
1893 3799 1977 3860 Ὠς
2001 3801 2111 3860 τοῖς
2140 3797 2183 3861 ζ’

632 3878 841 3929 ἔθνεσιν
892 3878 1172 3931 ἀπέστειλε
1220 3883 1456 3948 σφῆκας,
1501 3880 1843 3952 μακροθυμίᾳ
1880 3883 1936 3934 δὲ
1973 3883 2186 3951 χρώμε-

632 3981 721 4025 νος
747 4003 762 4025 ,
798 3964 888 4015 καὶ
920 3964 1127 4027 τούτοις
1172 3966 1335 4018 ἐδίδου
1364 3967 1523 4019 τόπον
1561 3968 1843 4036 μετανοίας
1864 4006 1881 4029 ,
1920 3970 2185 4023 παιδεύων

628 4050 720 4103 διὰ
748 4050 947 4103 τούτων
975 4052 1062 4103 τὸν
1101 4052 1226 4105 λαὸν
1258 4049 1395 4106 εἶναι
1429 4054 1818 4123 φιλάνθρωπον.
1850 4056 2002 4108 Κατὰ
2042 4074 2183 4110 στοι-

632 4136 960 4206 χειολατρῶν
985 4174 1000 4197 ,
1038 4138 1348 4208 βατράχων,
1390 4140 1611 4209 σφηκῶν
1636 4180 1649 4201 ,
1697 4141 1846 4209 μυῶν
1869 4182 1883 4205 ,
1927 4144 2180 4213 ἀκρίδων,

634 4222 891 4291 σκνιφῶν,
923 4222 1115 4291 ὄφεων.
1144 4224 1295 4276 Κατά
1330 4227 1738 4293 εἰδωλολατρῶν,
1765 4230 1827 4279 ἐκ
1862 4231 2055 4296 χρυσοῦ
2092 4232 2183 4282 καὶ

630 4309 895 4379 ἀργύρου,
935 4310 966 4378 ἢ
997 4310 1172 4374 λίθων,
1217 4311 1249 4381 ἢ
1281 4311 1447 4375 ξύλων
1486 4312 1713 4365 εἰδώλων
1743 4319 2183 4384 κατεσκευασμέ-

632 4412 756 4447 νων.
790 4397 909 4446 Ὀτι
945 4396 1058 4447 ἐστὶ
1090 4398 1329 4465 σωτηρία
1373 4397 1461 4449 διὰ
1490 4397 1644 4461 ξύλου
1692 4401 1803 4461 τοῖς
1850 4402 2179 4453 πιστεύουσι.

631 4480 715 4530 Τά
746 4481 871 4549 περὶ
902 4480 1009 4532 τῶν
1043 4482 1411 4544 είδωλοποιῶν,
1437 4484 1468 4553 ἢ
1504 4485 1927 4554 ζωγραφούντων
1972 4487 2179 4543 εἴδωλα.

636 4566 769 4635 Περὶ
798 4567 1008 4618 πάντων
1036 4567 1141 4619 τῶν
1176 4569 1358 4621 κακῶν
1389 4570 1493 4621 τῶν
1514 4570 1569 4621 ἐν
1591 4570 2015 4641 είδωλολατρεία.
2053 4573 2187 4641 Περὶ

633 4652 859 4714 ἀσεϐοῦς
887 4653 1177 4723 θρησκείας
1196 4695 1208 4718 ,
1234 4657 1325 4707 καὶ
1351 4656 1449 4708 ὅσα
1478 4657 1533 4706 tv
1560 4657 1691 4727 αὐτῇ
1730 4658 1891 4710 κακά.
1924 4658 2055 4728 Περὶ
2090 4659 2181 4711 τοῦ

638 4738 939 4807 κεραμέως,
966 4741 1058 4792 καὶ
1076 4740 1183 4792 τῶν
1205 4759 1264 4794 κε
1274 4742 1515 4811 ραμικῶν
1536 4742 1783 4795 εἰδώλων.
1812 4744 1944 4814 Περὶ
1970 4745 2183 4797 πάντων

634 4822 742 4874 τῶν
789 4823 1016 4876 εἰδώλων
1060 4826 1157 4893 τῆς
1210 4826 1316 4879 τῶν
1362 4828 1526 4880 ἐθνῶν
1578 4828 1846 4898 λατρείας.
1898 4831 2029 4900 Περὶ
2078 4832 2184 4882 τῶν

636 4907 896 4975 ἐχθίστων
928 4909 1078 4971 ζώων
1101 4950 1114 4973 ,
1139 4911 1311 4977 ὁφεων
1335 4954 1348 4975 ,
1378 4912 1666 4983 αἰλούρων,
1703 4914 1793 4965 καὶ
1830 4914 1935 4965 τῶν
1963 4916 2182 4985 ὁμοίων.

638 4993 765 5044 ’Ότι
794 4994 1149 5064 εὐηργέτησεν
1175 4998 1200 5048 6
1220 4997 1347 5058 Θεὸς
1370 4998 1456 5049 τὸν
1491 4999 1701 5068 Ἰσραὴλ
1752 5001 1870 5051 ἀντί
1904 5000 2183 5070 βατράχων

636 5080 1059 5150 ὀρτυγομήτραν.
1094 5082 1213 5133 Ὀτι
1259 5084 1350 5134 καὶ
1384 5084 1472 5134 ἐπὶ
1501 5084 1771 5152 δήγματος
1804 5086 1977 5153 ϐφεων
2010 5104 2182 5156 σωτη-

641 5164 730 5234 ρία
758 5164 846 5215 τοῦ
876 5165 1001 5217 λαοῦ
1036 5183 1128 5219 σου
1174 5166 1238 5218 δι’
1266 5168 1437 5234 ϐφεως
1494 5168 1687 5237 χαλκοῦ
1723 5172 2131 5240 ὲσταυρωμένου
2166 5190 2180 5204 ·

636 5252 759 5310 τοὺς
785 5250 839 5301 δὲ
875 5250 1094 5321 ἐχθροὺς
1126 5253 1299 5305 αὐτῶν
1335 5254 1399 5305 δι’
1422 5253 1594 5321 ὄφεων
1636 5256 1727 5307 καὶ
1760 5258 1905 5324 μυῶν
1935 5258 2184 5311 ἀπέκτει-

638 5351 747 5387 νεν.
776 5336 895 5387 Ὀτι
942 5338 1183 5403 ἀγγέλων
1209 5338 1409 5408 τροφὴν
1458 5340 1697 5408 ὲψώμισε
1742 5341 1835 5393 τὸν
1874 5342 1997 5395 λαὸν
2047 5345 2184 5412 πρὸς

639 5420 815 5473 πᾶσαν
850 5422 1035 5491 ἡδονὴν
1067 5421 1365 5490 ἰσχύουσαν,
1402 5426 1492 5476 καὶ
1529 5425 1663 5493 πρὸς
1709 5428 1884 5477 πᾶσαν
1924 5429 2182 5498 ἁρμονίας

638 5504 841 5572 γεῦσιν.
875 5510 989 5559 Ὀτι
1015 5508 1250 5577 χάλαζαν
1276 5511 1585 5576 Αἰγυπτίοις
1618 5514 1748 5581 μετὰ
1775 5514 1942 5582 πυρὸς
1974 5515 2181 5583 ἔπεμψε

638 5590 774 5659 πρὸς
817 5592 1103 5664 διαφθορὰν
1148 5598 1516 5665 γεννημάτων.
1551 5599 1668 5649 Ὅτι
1716 5602 1826 5661 τοῖς
1872 5600 2181 5664 Αἰγυπτίοις

640 5675 844 5744 ἔπεμψε
878 5678 1188 5749 ψηλαφητὸν
1222 5685 1438 5747 σκότος,
1475 5684 1566 5734 καλ¹
1606 5684 1671 5735 τὰ
1718 5686 1774 5735 tv
1803 5685 1949 5753 αὐτῷ
1988 5688 2156 5738 κακά’

1362 352 1421 410 S.
1458 353 1737 410 JOANNIS
1772 350 2255 411 CHRYSOSTONI
2286 354 2605 412 ARCIIIEP.
2643 352 3187 411 CONSTANTINOP.

3739 362 3853 416 3'70

2291 472 2396 534 τοῖς
2426 472 2481 523 δὲ
2527 472 2692 534 ὁσίοις
2737 471 2901 524 αὑτοῦ
2938 470 3052 539 φῶς
3085 471 3142 522 έν
3193 466 3447 537 Αἰγύπτῳ
3472 506 3486 529 ,
3519 465 3612 518 καὶ
3666 464 3725 517 tv
3773 470 3841 536 τῇ

2286 556 2475 626 ἐρήμῳ
2504 557 2691 610 στῦλον
2722 557 2886 626 πυρός
2908 571 2921 585 ’
2950 557 3043 608 καὶ
3074 555 3192 607 ἀντὶ
3236 554 3332 623 μὲν
3371 552 3596 606 θανάτου
3633 550 3845 621 νηπίων

2300 640 2512 710 Ἰσραὴλ
2536 681 2551 703 ,
2586 640 2693 693 τῶν
2718 640 3025 707 Αἰγυπτίων
3076 638 3429 708 πρωτοτόκων
3476 636 3701 697 θάνατος
3747 636 3844 689 καὶ

2288 726 2718 793 καταποντισμός
2741 743 2753 756 ο
2794 724 2943 795 [375]
2972 726 3088 777 ἀντὶ
3108 725 3165 777 δὲ
3203 723 3427 777 θανάτου
3463 722 3841 792 πρωτοτόκων,

2290 811 2530 879 σωτηρία
2570 811 2781 880 Ἰσραὴλ
2810 810 2874 862 δι’
2904 811 3131 878 αἵματος
3161 808 3449 878 προϐάτου.
3479 807 3585 859 Καὶ
3617 806 3709 857 ἐπὶ
3741 807 3842 874 μὲν

2290 894 2501 962 θανάτῳ
2527 895 2747 947 δικαίων
2780 897 2836 947 tv
2866 897 3053 965 ὲρήμῳ
3074 934 3088 955 ,
3130 892 3339 961 Ἀαρὼν
3384 893 3693 955 ὲξιλάσατο,
3726 892 3843 942 Κυ-

2293 982 2391 1050 ρίῳ
2437 981 2867 1049 προσευξάμενος
2905 982 2997 1032 καὶ
3048 980 3347 1047 θυμιάσας’
3391 978 3482 1029 ἐπὶ
3528 976 3583 1028 δὲ
3626 976 3842 1044 θανάτῳ

2288 1067 2595 1133 Αἰγυπτίων
2628 1068 2684 1119 tv
2706 1061 2938 1136 Ἐρυθρᾷ
2988 1065 3254 1134 θαλάσσῃ,
3285 1063 3591 1131 ἀνελεήμων
3630 1061 3797 1129 θυμὸς
3820 1102 3840 1121 ,

2288 1153 2381 1204 τοῦ
2402 1153 2456 1204 δὲ
2478 1152 2604 1204 λαοῦ
2630 1151 2923 1221 παράδοξος
2951 1149 3240 1219 ὁδοιπορία.
3278 1148 3397 1199 Ὅτι
3423 1146 3507 1198 διά
3540 1145 3843 1214 μισοξενίαν

2290 1238 2485 1290 ἔπαθον
2508 1236 2674 1289 ταῦτα
2706 1238 2753 1287 οί
2783 1234 3081 1300 Αἰγύπτιοι,
3103 1234 3176 1295 ὡς
3203 1234 3291 1285 καὶ
3318 1234 3367 1285 οἰ
3394 1232 3688 1300 Σοδομῖται.
3716 1232 3841 1283 Ὅτι

2288 1324 2357 1377 τὰ
2385 1327 2620 1393 στοιχεῖα
2648 1323 2926 1376 ὑπόκειται
2955 1325 3018 1391 τῇ
3045 1322 3162 1391 θείᾳ
3191 1322 3367 1390 κρίσει
3405 1318 3633 1389 Χριστοῦ
3658 1356 3671 1379 ,
3700 1318 3845 1387 πρὸς

2289 1411 2318 1463 δ
2351 1411 2595 1480 βούλεται
2621 1409 2987 1480 ρυθμιζόμενα
3009 1448 3023 1471 ,
3051 1409 3125 1470 ὠς
3156 1408 3339 1477 χορδαὶ
3368 1406 3591 1473 κιθάρας
3636 1406 3710 1473 τῷ
3758 1422 3845 1455 κι-

2291 1495 2578 1566 Θαρίζοντι.
2621 1496 2707 1547 Ἐν
2753 1489 2834 1557 οἷς
2872 1496 3016 1547 πᾶσα
3043 1493 3266 1561 δύναμις
3297 1493 3394 1561 τῆς
3440 1491 3633 1558 Σοφίας
3680 1490 3844 1543 Σολο-

2291 1583 2499 1653 μῶντος
2532 1582 2627 1645 τῆς
2656 1581 2955 1653 λεγομένης
2987 1581 3315 1652 Παναρέτου.

2695 1759 2998 1826 Παροιμίαι
3041 1756 3440 1825 Σολομῶντος.

2357 1878 2648 1949 Παροιμίαι
2682 1877 3016 1946 Σολομῶντος
3042 1877 3102 1929 τὸ
3133 1876 3339 1947 βιϐλίον
3362 1875 3622 1939 καλεῖται,
3650 1876 3842 1946 ἐπειδὴ

2288 1966 2382 2019 καὶ
2420 1965 2620 2027 ταύτας
2649 1963 2895 2033 Σολομῶν
2941 1966 3083 2016 ἐστιν
3119 1964 3148 2015 6
3197 1963 3429 2033 λαλήσας
3456 1963 3549 2014 καὶ
3599 1961 3835 2031 γράψας.

2286 2047 2451 2113 Οὗτος
2486 2051 2542 2103 δὲ
2580 2050 2952 2118 διαδεξάμενος
2974 2048 3069 2119 τὴν
3101 2048 3371 2116 βασιλείαν
3398 2047 3558 2100 Δαυῒδ
3602 2047 3695 2099 τοῦ
3730 2064 3839 2101 πα-

2286 2139 2409 2206 τρὸς
2457 2136 2652 2199 αὑτοῦ,
2693 2136 2892 2205 ηὔξατο
2940 2136 3013 2204 τῷ
3060 2134 3177 2203 Θεῷ
3217 2133 3397 2186 λαϐεῖν
3450 2133 3637 2200 σοφίαν
3699 2134 3838 2202 ὑπὲρ

2287 2222 2512 2275 πλοῦτον
2538 2264 2552 2287 ,
2587 2224 2679 2275 καὶ
2711 2223 2846 2291 ὑπὲρ
2889 2221 3093 2290 ἄμυναν
3140 2219 3363 2290 ἐχθρῶν.
3412 2218 3599 2271 Λαϐὼν
3637 2219 3839 2279 τοίνυν,

2288 2311 2380 2362 καὶ
2408 2310 2691 2379 γενόμενος
2722 2310 2880 2376 σοφὸς
2921 2308 3057 2377 ὑπὲρ
3094 2308 3299 2369 πάντας
3344 2306 3467 2367 τοὺς
3520 2305 3627 2374 πρὸ
3674 2304 3838 2356 αὑτοῦ

2286 2396 2379 2447 καὶ
2414 2397 2530 2464 μετ’
2563 2394 2721 2447 αὑτὸν
2752 2394 3066 2464 ἀνθρώπους
3090 2432 3104 2453 ,
3132 2392 3457 2459 θαυμασθείς
3474 2408 3531 2443 τε
3558 2392 3648 2443 ἐπὶ
3676 2392 3840 2443 πᾶσιν

2285 2476 2365 2543 οἷς
2399 2482 2616 2550 ἐποίησε
2648 2480 2742 2533 καὶ
2778 2480 3023 2549 ὲλάλησε,
3057 2478 3350 2548 τρισχιλίας
3397 2478 3492 2546 μὲν
3530 2476 3838 2546 παραϐολὰς

2287 2562 2381 2614 καὶ
2414 2562 2848 2630 πεντακισχιλίας
2876 2561 3015 2630 ᾠδὰς
3044 2560 3294 2629 έλάλησε·
3327 2560 3417 2611 καί
3455 2558 3837 2627 ὲφυσιολόγησε

2287 2649 2413 2719 περὶ
2458 2650 2670 2703 πάντων
2723 2648 2829 2699 τῶν
2876 2665 2934 2699 τε
2978 2650 3038 2700 ἐκ
3088 2647 3189 2716 γῆς
3227 2646 3543 2715 φυομένων,
3580 2646 3674 2697 καὶ
3714 2644 3839 2713 περὶ

2287 2736 2500 2788 πάντων
2527 2737 2631 2788 τῶν
2660 2735 2826 2799 ζώων.
2846 2733 3153 2802 Συνέγραψε
3177 2733 3253 2797 δὲ,
3284 2733 3356 2794 ὡς
3392 2731 3489 2798 μέν
3518 2731 3659 2792 τινές
3688 2747 3836 2797 φασι,

2286 2821 2410 2889 τρία
2442 2822 2573 2891 μόνα
2605 2820 2801 2890 βιϐλία.
2842 2818 3010 2873 Τοῦτό
3038 2836 3116 2883 τε,
3146 2820 3238 2870 καὶ
3266 2819 3353 2871 τὸν
3392 2817 3833 2887 Ἐκκλησιαστὴν,

2288 2907 2464 2959 καὶτὸ
2496 2903 2684 2977 τᾼσμα
2726 2906 2830 2957 τῶν
2866 2908 3150 2975 ᾀσμάτων·
3178 2905 3250 2965 ὼς
3305 2903 3360 2955 δέ
3403 2920 3575 2964 τινες,
3614 2903 3709 2955 καὶ
3743 2902 3837 2971 τὴν

2289 2991 2485 3059 Σοφίαν
2512 2993 2609 3063 τὴν
2642 2991 3135 3060 ἀπογεγραμμένην
3165 2990 3258 3041 καὶ
3278 2988 3571 3056 λεγομένην
3598 2988 3838 3054 Πανάρε-

2286 3095 2377 3130 τον
2398 3094 2409 3109 ⁸
2442 3078 2667 3148 γνησίαν
2704 3080 2810 3148 γάρ
2843 3077 3005 3129 αὑτοῦ
3044 3077 3136 3131 καὶ
3165 3075 3362 3143 ταύτην
3402 3073 3647 3141 λέγουσιν
3682 3069 3836 3124 εἶναι.

2288 3160 2397 3212 Καὶ
2432 3159 2615 3212 τοῦτον
2655 3160 2750 3228 μὲν
2783 3158 3072 3228 Παροιμίαι
3111 3156 3430 3225 ἐπέγραψεν.
3486 3155 3605 3207 Εἰσὶ
3638 3155 3693 3206 δὲ
3739 3171 3840 3205 παι

2290 3242 2493 3311 ροιμίαι
2522 3242 2667 3308 λόγοι
2702 3242 2872 3309 σοφοὶ,
2899 3241 2973 3303 ὼς
3008 3240 3324 3308 αἰνίγματα,
3356 3237 3509 3290 ἆτινα
3534 3238 3718 3305 ἕτερον
3743 3236 3839 3303 μέν

2286 3340 2339 3375 τι
2378 3324 2596 3376 αὐτόθεν
2647 3324 2904 3392 δηλοῦντά
2945 3325 3127 3381 ἐστιν,
3179 3322 3359 3387 ἕτερον
3409 3320 3464 3372 δὲ
3518 3320 3575 3370 tv
3618 3320 3839 3387 ὑπονοίᾳ

2288 3405 2721 3472 ἐπαγγέλλονται.
2757 3403 2876 3455 Τῶν
2909 3404 2963 3455 δὲ
2991 3403 3242 3455 τοιούτων
3286 3401 3421 3462 εἶδός
3465 3402 3602 3452 εἰσιν
3646 3402 3703 3451 αἰ
3743 3418 3839 3451 πα-

2290 3488 2516 3556 ροιμίαι.
2545 3485 2699 3537 υῦτω
2724 3486 2830 3553 γὰρ
2857 3484 2948 3535 καὶ
2970 3485 3017 3535 οἰ
3048 3484 3281 3552 μαθηταὶ
3307 3481 3400 3534 τοῦ
3426 3483 3628 3550 Κυρίου
3664 3481 3840 3546 λέγου-

2289 3583 2372 3620 σιν
2396 3570 2451 3620 ἐν
2480 3567 2555 3636 τῷ
2582 3567 2719 3619 κα.τά
2760 3567 3007 3635 Ἰωάννην
3027 3564 3358 3633 Εὑαγγελίῳ,
3393 3563 3479 3615 ὅτε
3506 3562 3600 3614 τοῦ
3640 3562 3838 3630 Κυρίου

2287 3651 2454 3702 πολλὰ
2482 3652 2758 3720 εἰρηκότος
2782 3687 2796 3710 ,
2834 3649 3092 3717 πρότερον
3144 3645 3563 3715 ὲγκεκρυμμένῃ
3613 3645 3835 3713 διανοίᾳ,

2287 3730 2507 3801 ῦστερόν
2558 3749 2718 3800 φασιν
2767 3729 2941 3799 αὐτῷ’
2982 3730 3092 3782 Ἴδε
3130 3727 3247 3781 νῦν
3286 3728 3590 3793 παρῤησίςι
3612 3726 3835 3789 λαλεῖς,

2286 3814 2382 3866 καί
2402 3814 2716 3881 παροιμίαν
2740 3812 3019 3878 οὐδεμίαν
3052 3808 3245 3876 λέγεις
3265 3825 3278 3838 ·
3302 3808 3376 3867 ὼς
3400 3807 3505 3859 τῶν
3538 3806 3837 3875 παροιμιῶν

2289 3897 2362 3965 μὴ
2387 3898 2448 3947 ὲκ
2474 3896 2725 3964 φανεροῦ,
2757 3893 2889 3945 ἀλλά
2922 3891 3312 3961 κεκρυμμένως
3332 3889 3653 3957 λεγομένων.
3691 3887 3836 3938 Ἐπεὶ

2286 3974 2377 4029 οὖν
2409 3980 2465 4029 tv
2495 3976 2570 4045 τῷ
2599 3976 2783 4045 βιϐλίῳ
2810 3974 2981 4043 τούτῳ
3005 3973 3236 4025 πλεῖστοι
3267 3970 3410 4037 λόγοι
3439 3969 3666 4021 τοιοῦτοί
3683 3970 3833 4030 εἰσιν,

2284 4058 2371 4111 διά
2390 4058 2544 4110 τοῦτο
2574 4056 2872 4127 Παροιμίας
2899 4054 3100 4123 ἔγραψε
3134 4053 3192 4121 (ί.
3216 4050 3509 4119 ἐπέγραψε)
3534 4050 3594 4100 τὸ
3618 4048 3830 4115 βιϐλίον.

2297 4138 2592 4207 Ὠνομάσθη
2635 4138 2689 4189 δὲ
2740 4138 3038 4207 παροιμία,
3086 4134 3269 4202 ἐπειδὴ
3304 4133 3451 4200 παρὰ
3490 4133 3671 4197 πάσης
3720 4129 3831 4181 ὁδοῦ

2285 4221 2597 4290 ἐγράφησαν
2622 4222 2669 4271 οἰ
2703 4219 2927 4271 τοιοῦτοι
2966 4219 3131 4283 λόγοι,
3173 4214 3306 4283 πρὸς
3334 4210 3615 4281 διόρθωσιν
3645 4213 3734 4263 καὶ
3761 4212 3832 4264 δι-

2283 4303 2575 4354 δασκαλίαν
2606 4301 2709 4353 τῶν
2740 4304 2795 4352 ὲν
2823 4303 2939 4360 ταῖς
2972 4299 3104 4359 ὁδοῖς
3136 4294 3525 4365 πορευομένων.
3555 4294 3711 4364 Παρά
3741 4292 3833 4353 τὰς

2282 4384 2433 4444 ὁδοὺς
2458 4384 2511 4434 δὲ
2563 4384 2856 4451 ἐγράφοντο
2882 4423 2895 4444 ,
2938 4380 3055 4431 ἐπεὶ
3091 4378 3163 4447 μὴ
3201 4378 3395 4436 πάντες
3440 4374 3678 4444 ἐχώρουν
3718 4376 3832 4436 τοὺς

2284 4464 2382 4532 τῆς
2414 4465 2661 4533 ἀληυείας
2687 4464 2906 4529 λόγους·
2958 4462 3041 4513 ἴνα
3074 4460 3171 4512 κᾶν
3215 4458 3542 4527 διερχόμενοι
3583 4459 3675 4509 καὶ
3719 4458 3831 4525 βλέ-

2286 4563 2474 4609 ποντες
2507 4546 2811 4615 διερευνῶσι
2863 4544 2930 4595 τά
2982 4542 3332 4612 γεγραμμένα
3358 4582 3371 4601 ,
3419 4542 3509 4593 καὶ
3534 4540 3676 4593 οῦτω
3707 4558 3827 4592 παι-

2283 4625 2541 4679 δεύωνται
2578 4628 2625 4677 οί
2667 4626 2956 4693 ἄνθρωποι.
2991 4624 3144 4685 Τινὲς
3186 4622 3311 4691 γοῦν
3349 4622 3615 4690 ὁρίζονται
3667 4622 3827 4681 αὑτὰς

2283 4707 2481 4770 οῦτως,
2516 4708 2665 4778 ῥῆμα
2698 4707 2947 4777 παρόδιον
2973 4706 3078 4757 ἀπό
3111 4722 3250 4766 τινος
3283 4704 3394 4764 ἐνὸς
3428 4708 3505 4765 εἰς
3538 4704 3706 4755 πολλά
3742 4718 3830 4771 με-

2282 4790 2771 4859 ταλαμϐανόμενον.
2820 4790 3001 4840 Ἔστιν
3055 4784 3144 4840 οὖν
3196 4789 3251 4837 tv
3297 4785 3370 4853 τῷ
3423 4785 3610 4855 βιϐλίῳ
3665 4786 3830 4852 τούτῳ

2285 4873 2480 4939 γνῶσις
2528 4872 2713 4938 σοφίας
2745 4872 2835 4922 καὶ
2875 4870 3147 4929 παιδείας,
3193 4868 3371 4936 νόησις
3424 4868 3593 4933 λόγων
3640 4868 3830 4934 φρονήο

2287 4971 2420 5015 σεως
2440 4993 2453 5014 ,
2483 4954 2707 5021 στροφαὶ
2751 4951 2939 5017 λόγων,
2986 4949 3319 5017 δικαιοσύνης
3361 4949 3591 5017 ἀληθοῦς
3618 4950 3793 5015 νόησις
3812 4983 3829 5008 ,

2284 5035 2521 5104 κρίματα
2541 5033 2903 5095 κατευθύνειν,
2936 5031 3083 5102 [576]
3112 5032 3202 5083 καὶ
3239 5031 3531 5097 ἐπαγγελία
3557 5029 3654 5081 τοῦ
3686 5030 3826 5095 γινώ-

2287 5135 2431 5169 σκειν
2459 5120 2518 5169 ἐκ
2545 5117 2744 5169 τούτων
2771 5114 3107 5184 παραϐολὰς,
3138 5115 3320 5183 ῥήσεις
3352 5113 3545 5180 σοφῶν,
3580 5113 3829 5178 αἰνίγμα-

2283 5214 2371 5257 τα,
2410 5199 2707 5258 σκοτεινοὺς
2740 5196 2947 5262 λόγους.
2980 5197 3081 5246 Καὶ
3122 5195 3225 5246 εἰσί
3258 5194 3482 5261 γνώσεις
3524 5194 3710 5259 σοφίας
3740 5192 3828 5243 καὶ

2284 5281 2544 5341 παιδείας.
2588 5279 2799 5347 Ἐπειδὴ
2850 5278 2955 5346 γάρ
3004 5278 3255 5346 Ἕλληνες
3310 5277 3406 5346 μὲν
3454 5276 3646 5341 σοφίαν
3692 5276 3829 5343 ἔχειν

2283 5362 2719 5429 ἐπαγγέλλονται,
2752 5362 3007 5429 αίρετικοὶ
3025 5360 3079 5411 δὲ
3096 5359 3368 5429 νομίζουσι
3395 5358 3643 5410 παιδείαν
3669 5358 3825 5426 ἔχειν,

2282 5445 2369 5496 διὰ
2408 5444 2563 5495 τοῦτο
2607 5436 2758 5503 οὗτος
2805 5444 2900 5513 τὴν
2929 5444 3097 5513 ἀληθῆ
3142 5444 3329 5510 σοφίαν
3364 5442 3457 5493 καὶ
3487 5440 3729 5491 παιδείαν
3754 5439 3827 5491 δι-

2280 5528 2496 5588 δάσκει,
2530 5527 2612 5577 ἵνα
2653 5525 2817 5595 μήτῇ
2847 5527 3129 5596 ὁμωνυμία
3164 5526 3259 5593 τῆς
3307 5524 3493 5589 σοφίας
3535 5524 3615 5584 εἰς
3648 5521 3716 5574 τά
3745 5538 3826 5573 σο-

2284 5609 2524 5677 φίσματα
2554 5608 2660 5660 τῶν
2700 5609 2960 5677 Ἑλλήνων
3006 5610 3098 5660 καὶ
3141 5608 3246 5659 τῶν
3285 5606 3573 5676 αἱρετικῶν
3617 5604 3824 5673 ἐμπέσῃ

2289 5707 2389 5751 τις.
2415 5692 2518 5741 Καὶ
2547 5690 2650 5760 γὰρ
2683 5690 2933 5758 ’Έλληνες
2970 5690 3064 5757 μὲν
3098 5687 3327 5756 οἰόμενοί
3366 5703 3508 5749 τινες
3536 5684 3701 5751 εἶναι,
3734 5688 3825 5738 καὶ
