4000 6220
202 387 314 445 369

204 502 257 546 ct
282 492 545 547 desiderio
568 493 633 545 ad
662 488 1068 561 comparandam
1100 486 1427 556 sapientiam.
1456 482 1534 536 Ad
1561 482 1671 535 hinc
1694 479 1760 535 dc

204 583 513 651 quibusdam
540 592 743 635 natura:
780 580 1014 649 partibus
1040 578 1352 645 disputatur,
1380 575 1610 640 itemque
1632 584 1761 623 con-

204 681 285 726 tra
328 672 488 737 idola,
532 681 587 725 ct
632 670 842 724 illorum
886 668 1197 736 sculptores,
1244 675 1298 720 et
1333 671 1516 717 contra
1556 674 1646 715 eos
1673 659 1761 728 qui

200 776 347 831 spem
388 761 438 813 in
469 761 570 814 illis
610 767 828 828 ponunt,
859 759 1077 827 ipsaque
1123 755 1320 808 colunt.
1354 753 1613 806 Praeterea
1667 750 1760 818 hy-

201 865 356 903 nmus
380 864 498 903 cum
528 848 859 901 confessione
887 845 1203 900 mirabilium
1230 841 1613 910 operationem,
1644 852 1761 907 qua:

202 940 452 994 lsraelitis
495 954 672 993 coram
719 940 951 1007 ipsorum
982 936 1206 989 inimicis
1232 950 1260 986 a
1290 934 1400 987 Deo
1445 933 1591 986 facta:
1618 940 1758 985 sunt.

202 1031 323 1085 lliec
365 1031 537 1097 itaque
567 1030 929 1096 complectitur
959 1026 1042 1079 hic
1062 1025 1211 1079 liber.
1244 1021 1624 1090 Recapitulatio
1665 1034 1761 1072 au-

203 1129 306 1172 tem
337 1120 413 1173 sic
440 1119 616 1173 habet.
656 1118 711 1171 ln
740 1116 1008 1186 prooemiis
1033 1113 1330 1168 adhortatio
1354 1110 1480 1179 justi
1507 1109 1573 1162 ad
1600 1108 1763 1177 pieta-

202 1219 330 1274 tem,
357 1218 411 1263 et
440 1206 782 1275 reprehensio
809 1206 954 1274 impii
984 1203 1299 1272 blasphemi.
1325 1201 1476 1264 Nam,
1501 1198 1583 1254 Ne
1605 1215 1762 1253 remu-

202 1299 338 1361 leris,
386 1298 581 1366 inquit,
622 1297 976 1361 antichrislos,
1015 1294 1098 1363 qui
1126 1303 1241 1347 sunt
1270 1293 1382 1359 ipsa
1410 1306 1562 1344 mors.
1612 1288 1761 1344 Unde

203 1386 395 1442 factum
439 1387 527 1451 sit,
568 1386 707 1455 quod
752 1384 896 1454 impii
924 1398 989 1438 eo
1013 1382 1339 1447 devenerint,
1387 1387 1444 1433 ut
1485 1378 1761 1433 Dominum

202 1477 384 1543 gloriae
408 1475 794 1543 cruciﬁgerent,
822 1473 947 1527 dum
976 1486 1208 1540 praesens
1236 1470 1487 1524 saeculum
1510 1467 1582 1520 illi
1608 1475 1757 1519 ante~

201 1565 423 1620 ferrent.
453 1565 604 1632 Quod
634 1565 792 1618 etiam
832 1564 929 1632 ipsi
960 1562 1227 1630 apostolos
1256 1558 1553 1628 persequuti
1579 1556 1683 1611 sint
1708 1564 1762 1609 et

200 1654 506 1709 occiderint.
534 1654 683 1720 Quod
731 1652 891 1706 futuri
931 1652 1036 1706 sint
1072 1650 1282 1719 quidam
1320 1649 1406 1718 qui
1446 1648 1617 1716 legem
1653 1646 1759 1699 Do-

201 1746 330 1800 mini
356 1752 719 1809 contemnant,
748 1742 961 1812 quidam
988 1756 1112 1795 vero
1139 1741 1225 1794 alii
1253 1740 1361 1793 sint
1388 1738 1460 1792 illi
1487 1738 1760 1804 obtempe-

199 1836 384 1888 raturi.

270 1922 421 1989 Quod
464 1923 601 1976 Deus
644 1920 960 1976 multitudini
1002 1933 1216 1980 eorum,
1262 1917 1351 1987 qui
1398 1917 1448 1971 in
1489 1914 1755 1971 Christum

199 2014 362 2083 impie
401 2022 594 2083 agunt,
640 2028 743 2067 non
784 2013 853 2066 sit
892 2012 1207 2081 parciturus.
1253 2008 1419 2063 Unius
1454 2006 1595 2061 enim
1632 2005 1759 2074 justi

196 2105 410 2159 Christo
430 2104 696 2158 credentis
723 2116 846 2156 cura
874 2110 956 2155 est
982 2101 1112 2167 Deo,
1140 2098 1346 2153 etiamsi
1376 2097 1427 2151 in
1458 2096 1761 2149 adolescen-

196 2195 271 2247 tia
296 2194 570 2247 moriatur.
598 2192 839 2247 Senectus
854 2194 987 2245 enim
1008 2188 1298 2242 venerabilis
1317 2197 1504 2240 estnon
1526 2186 1760 2237 diuturna

196 2283 350 2354 (Cap.
376 2285 429 2338 4.
452 2284 529 2352 8).
560 2283 672 2337 Etsi
696 2283 888 2350 impius
913 2290 1138 2335 mortem
1161 2282 1278 2348 ejus
1302 2280 1389 2349 qui
1412 2277 1625 2332 Christo
1646 2292 1761 2331 cre-

196 2376 277 2430 dit
304 2376 615 2439 contemnit,
638 2382 693 2427 at
716 2374 790 2427 illi
812 2375 1075 2442 eliguntur
1099 2373 1150 2424 in
1176 2371 1406 2425 Christo.
1438 2368 1585 2438 lmpii
1614 2368 1759 2438 igno-

195 2466 437 2520 miniosae
477 2465 644 2518 ruina:
675 2464 946 2517 tradentur
967 2504 981 2524 ,
1021 2473 1073 2516 ct
1102 2476 1293 2530 magno
1316 2460 1513 2529 judicio
1543 2474 1602 2513 ac
1627 2473 1757 2513 con-

198 2554 527 2609 demnationi
554 2553 903 2621 subjicientnr
932 2552 998 2617 ii,
1032 2551 1119 2619 qui
1144 2550 1335 2605 Christi
1366 2562 1551 2603 servos
1576 2562 1756 2616 persc-

196 2651 452 2712 quuntur,
480 2642 718 2695 videntes
745 2640 966 2710 gloriam
993 2640 1108 2708 ejus
1137 2648 1189 2693 et
1219 2639 1472 2707 ipsorum,
1504 2651 1664 2704 seque
1692 2634 1757 2688 ad

196 2733 515 2802 supplicium
543 2732 672 2800 rapi.
701 2730 853 2798 Quod
884 2731 1080 2783 divitiae
1109 2744 1228 2783 cum
1259 2728 1557 2797 arrogantia
1602 2726 1757 2779 nobis

196 2823 471 2877 accedant.
514 2822 642 2887 Qua:
685 2821 755 2876 sit
797 2822 873 2874 ira
908 2820 1002 2874 Dei
1035 2820 1088 2872 in
1117 2834 1210 2874 eos
1235 2819 1323 2887 qui
1355 2818 1512 2886 impie
1541 2824 1758 2886 egerunt

196 2911 252 2965 in
302 2910 587 2965 Christum.
647 2909 1001 2971 Adbortatio,
1048 2908 1154 2961 imo
1208 2908 1381 2975 potius
1431 2906 1757 2960 denuntiatio

196 2998 522 3069 principibus
564 2998 754 3063 Israel,
802 3008 860 3052 ut
902 2997 1112 3052 Christo
1154 2995 1406 3060 credant;
1450 2996 1556 3048 imo
1584 2995 1757 3064 potius

196 3094 530 3165 denuntiatio
552 3094 877 3163 principibus
895 3092 1183 3147 Catholica:
1206 3090 1476 3153 Ecclesiae,
1495 3087 1757 3157 quomodo

196 3198 385 3254 regere
401 3183 627 3238 debeant
647 3191 764 3251 post
792 3183 935 3236 illius
952 3181 1279 3236 abscessum.
1307 3179 1435 3245 Qua:
1461 3178 1528 3231 sit
1553 3178 1752 3246 sapien-

195 3275 306 3340 tia,
350 3288 540 3342 nempe
585 3272 749 3327 Filius
794 3271 908 3325 Dei.
954 3271 1021 3325 Et
1063 3268 1326 3340 quomodo
1361 3268 1589 3323 Verbum
1634 3280 1757 3322 caro

197 3365 402 3420 factum
428 3366 519 3431 sit,
545 3366 704 3433 inque
726 3363 879 3418 nobis
906 3360 1237 3417 habitaverit.
1267 3360 1398 3428 Quia
1424 3374 1542 3428 ego,
1568 3359 1753 3428 inquit,

194 3456 386 3510 eadem
436 3469 555 3524 qua:
604 3468 700 3509 vos
745 3466 931 3522 passus
975 3467 1127 3516 sum,
1155 3450 1315 3506 homo
1359 3464 1481 3504 cum
1528 3449 1661 3515 sim,
1692 3463 1757 3503 ex

189 3547 345 3616 jussu
408 3546 501 3599 Dei
563 3544 852 3613 disciplima
915 3542 1175 3598 subditus.
1245 3542 1320 3596 De
1365 3540 1629 3595 Christo:
1678 3539 1757 3593 Ex

198 3637 462 3707 sapientia
492 3637 623 3701 Dei,
654 3636 859 3704 inquit,
888 3636 1121 3689 omnium
1164 3634 1518 3702 cognitionem
1548 3631 1715 3685 habeo
1741 3649 1754 3684 :

193 3727 227 3782 1
235 3746 268 3781 η
297 3744 451 3781 manu
479 3727 609 3780 enim
638 3727 803 3790 illius,
833 3734 879 3779 et
905 3738 995 3777 nos
1022 3740 1223 3787 sumus,
1257 3732 1303 3777 et
1330 3738 1579 3776 sermones
1604 3721 1758 3774 nostri

195 3816 363 3887 (Cap.
394 3818 447 3869 7.
472 3815 590 3884 16).
620 3815 746 3883 Quae
776 3816 845 3869 sit
873 3812 1128 3883 sapientia
1147 3853 1163 3879 ,
1197 3820 1251 3868 et
1278 3811 1542 3881 quomodo
1579 3810 1630 3865 in
1660 3810 1759 3864 bo-

194 3909 372 3961 mines
396 3906 622 3960 venerit.
666 3903 792 3959 Cum
819 3904 949 3958 enim
982 3904 1131 3955 unica
1159 3902 1259 3965 sit,
1285 3902 1452 3954 omnia
1490 3911 1681 3969 potest,
1711 3908 1758 3952 et

190 4012 314 4049 cum
333 3997 387 4049 in
407 3996 567 4065 seipsa
586 4003 802 4055 maneat,
822 3991 988 4046 omnia
1009 4000 1172 4045 tamen
1190 3992 1389 4044 innovat
1410 3989 1565 4061 (Ibid.
1581 4004 1628 4041 υ.
1641 3989 1755 4058 27).

192 4086 541 4154 Sapientiam,
574 4084 761 4153 inquit,
787 4098 817 4136 a
842 4082 1113 4150 jnventute
1134 4081 1327 4143 amavi,
1351 4089 1404 4133 et
1426 4078 1598 4132 omnia
1624 4078 1757 4130 bona

194 4190 260 4230 ex
297 4177 385 4230 illa
416 4177 624 4245 accepi,
668 4174 899 4228 carnalia
926 4180 983 4227 et
1021 4166 1331 4241 Spiritualia.
1377 4170 1592 4239 Cognita
1620 4168 1759 4222 enim

196 4268 560 4337 magnitudine
589 4265 859 4335 sapientiae
878 4304 893 4327 ,
925 4262 1179 4332 postulavi
1207 4277 1235 4314 a
1268 4260 1492 4314 Domino
1520 4268 1572 4313 ut
1608 4258 1759 4312 dare-

200 4369 288 4412 tur
316 4359 441 4411 mihi
468 4357 694 4426 Spiritus
717 4368 948 4416 sanctus,
978 4356 1063 4423 qui
1094 4369 1178 4409 me
1206 4353 1272 4407 de
1304 4353 1390 4405 illa
1418 4352 1756 4405 illuminaret.

198 4448 271 4503 Et
290 4449 483 4502 missus
506 4459 606 4514 est,
633 4458 690 4501 ut
716 4463 920 4502 mecum
949 4447 1229 4499 laboraret.
1257 4443 1590 4513 Cogitationes
1616 4458 1761 4496 nam-

197 4553 304 4605 que
330 4538 614 4590 mortalium
641 4537 829 4589 timida:
854 4547 967 4589 sunt
992 4534 1154 4605 (Cap.
1183 4533 1236 4587 9.
1266 4534 1385 4601 14).
1419 4533 1493 4586 De
1518 4528 1762 4599 operibus

198 4626 499 4695 sapientiai.
543 4625 820 4692 Quomodo
864 4626 1089 4691 primum
1122 4622 1388 4674 hominem
1432 4620 1760 4684 custodierit,

200 4733 266 4770 ex
292 4716 501 4783 quantis
524 4716 676 4769 malis
700 4715 834 4769 Deus
855 4714 1134 4767 credentes
1165 4712 1261 4764 sibi
1285 4721 1476 4774 servet,
1501 4719 1555 4763 et
1573 4720 1761 4779 quanta

200 4806 310 4861 illis
342 4806 475 4859 bona
520 4812 768 4874 praestet,
797 4812 854 4857 ut
884 4802 1061 4857 videre
1102 4810 1183 4855 est
1221 4801 1271 4852 in
1300 4799 1442 4864 Noe,
1475 4797 1760 4862 Abraham,

200 4897 337 4957 Lot,
370 4893 565 4959 Jacob,
589 4893 787 4961 Joseph
810 4932 826 4957 ,
858 4901 910 4946 et
953 4892 1007 4944 in
1046 4889 1288 4943 lsraelitis
1311 4928 1324 4949 ,
1358 4901 1490 4955 quos
1519 4902 1580 4940 ex
1607 4901 1765 4939 manu

203 4983 575 5053 Egyptiorum
603 4983 793 5050 eripuit
819 4995 909 5050 per
936 4980 1166 5049 Moysem
1187 5020 1201 5042 ,
1231 4988 1284 5032 et
1312 4993 1445 5044 aqua
1474 4992 1539 5030 ex
1568 4990 1765 5044 przeru-

205 5088 295 5147 pta
329 5084 471 5144 petra
503 5074 721 5142 potavit.
753 5072 1025 5139 Quomodo
1062 5079 1265 5138 septcm
1303 5067 1545 5135 gentibus
1581 5081 1767 5133 vespas

205 5166 434 5228 miserit,
466 5173 520 5218 et
544 5164 759 5217 lenitate
790 5160 1250 5227 misericordiaque
1280 5171 1425 5220 usus,
1458 5156 1557 5208 illis
1588 5165 1767 5223 postea

204 5273 301 5325 per
331 5256 416 5309 illa
450 5255 701 5324 populum
733 5251 980 5305 erudiens
1000 5291 1013 5314 ,
1045 5260 1103 5303 ut
1142 5250 1392 5315 benignus
1419 5254 1559 5299 esset
1587 5256 1639 5297 et
1667 5244 1767 5297 hu-

207 5358 418 5401 manus.
462 5344 654 5399 Contra
699 5342 1005 5395 adoratores
1044 5340 1459 5399 elementorum,
1496 5347 1762 5394 ranarum,

212 5436 533 5506 sciniphum,
563 5435 812 5497 murium,
841 5432 1159 5485 locustarum
1181 5470 1194 5493 ,
1224 5441 1523 5494 vesparum,
1556 5438 1770 5490 serpen-

211 5539 346 5584 tum.
379 5530 572 5582 Contra
602 5524 911 5580 adoratores
953 5521 1209 5573 idolorum
1242 5533 1304 5571 ex
1338 5531 1497 5579 auro,
1530 5521 1767 5582 argento,

214 5620 379 5688 ligno,
413 5616 693 5685 lapidibus.
726 5611 875 5680 Quod
900 5624 994 5679 per
1021 5610 1217 5675 lignum
1247 5606 1387 5658 salus
1418 5604 1485 5655 sit
1514 5600 1770 5656 credenti-

214 5707 335 5765 bus.
365 5710 439 5765 Dc
464 5708 817 5777 sculptoribus
836 5705 917 5758 vel
943 5702 1227 5771 pictoribus
1253 5698 1531 5753 idolorum.
1561 5696 1635 5749 De
1660 5710 1771 5751 om-

532 5797 798 5857 ΡΑτιιοι..
846 5791 960 5849 Gn.
1011 5784 1159 5844 LVI.

1199 372 1506 433 SYNOPSIS
1542 367 1940 426 SCRIPTUR£
1976 367 2243 425 SACRIE.

1867 479 2020 533 nibus
2059 477 2366 532 idololatrim
2401 478 2565 531 malis.
2603 477 2675 530 De
2721 478 2877 546 impia
2908 478 3190 546 religione,
3221 491 3271 534 et
3300 489 3428 550 qudt

1867 566 1942 620 illi
1969 568 2131 621 insint
2159 566 2315 620 mala.
2360 566 2432 619 De
2460 567 2617 635 ligulo
2642 576 2696 620 et
2726 567 2973 622 ﬁctilibus
3000 569 3168 623 idolis.
3211 572 3285 623 De
3312 583 3427 625 om-

1864 655 2018 710 nibus
2043 655 2195 710 idolis
2213 696 2229 722 ,
2260 670 2376 724 qurc
2402 671 2430 709 a
2457 655 2698 723 gentibus
2725 655 2997 722 coluntur,
3026 657 3414 713 inimicissima-

1864 761 1979 800 rum
2025 746 2333 811 bestiarum,
2383 756 2687 815 serpentum
2714 788 2728 810 ,
2775 757 3105 811 catortnu,et
3145 750 3415 805 similium.

1864 835 2014 902 Quod
2042 835 2221 890 Israeli
2258 836 2395 889 Deus
2432 836 2741 890 benelicium
2787 836 3064 890 contulerit
3090 879 3103 899 ,
3137 854 3231 906 pro
3274 841 3414 893 ranis

1864 927 2191 981 coturnicem
2218 928 2449 981 mittens.
2478 926 2627 991 Quod
2653 936 2834 981 contra
2862 942 3093 982 morsum
3118 940 3416 998 serpentum

1864 1029 1961 1085 per
1987 1030 2193 1070 aeneum
2221 1025 2520 1084 serpentem
2551 1017 2601 1069 in
2632 1031 2791 1070 cruce
2818 1031 3133 1086 suspensum
3162 1020 3304 1072 salus
3330 1033 3415 1087 po-

1865 1104 1987 1171 pulo
2031 1103 2163 1159 facta
2192 1104 2293 1169 sit;
2334 1105 2526 1158 inimici
2558 1120 2683 1158 vero
2718 1106 2949 1173 ipsorum
2988 1121 3083 1175 per
3111 1107 3341 1161 locustas
3365 1117 3414 1160 ιιι

1865 1205 2041 1246 mures
2086 1192 2244 1247 occisi
2288 1193 2413 1246 sint.
2461 1192 2609 1258 Quod
2657 1194 2901 1261 pepulttm
2940 1194 3243 1263 angelorum
3289 1197 3410 1250 cibo

1864 1281 2088 1344 aluerit,
2135 1295 2515 1351 quamcumque
2566 1283 2884 1351 voluptatem
2932 1282 3196 1347 habente,
3249 1294 3304 1337 et
3348 1286 3415 1337 ad

1863 1386 2245 1440 quemcumque
2270 1382 2476 1441 gustum
2498 1373 2910 1427 accommodato.
2940 1373 3087 1440 Quod
3110 1374 3418 1442 grandinem

1863 1476 1980 1516 cum
2011 1463 2129 1532 igne
2155 1463 2219 1516 ad
2242 1462 2652 1531 corrumpendas
2680 1463 2854 1532 fruges
2883 1464 2933 1516 in
2957 1463 3233 1534 Egyptios
3262 1465 3419 1518 mise-

1864 1554 1952 1606 rit.
1996 1551 2146 1619 Quod
2175 1542 2463 1621 palpabiles
2505 1552 2746 1607 tenebras
2792 1554 2841 1605 in
2882 1553 3157 1623 IEgyptios
3195 1553 3416 1616 miserit.

1861 1650 1916 1694 et
1933 1656 2049 1709 qua:
2072 1643 2121 1695 in
2149 1656 2210 1694 ea
2236 1656 2295 1695 re
2324 1641 2531 1695 inerant
2553 1641 2687 1695 mala
2709 1659 2724 1694 ε
2752 1644 2945 1696 sanctis
2965 1657 3089 1696 vero
3114 1644 3223 1697 suis
3250 1642 3420 1697 lucem

1864 1729 1915 1783 in
1940 1730 2190 1800 ngypto,
2218 1739 2273 1786 et
2300 1731 2597 1784 columnam
2620 1731 2752 1801 ignis
2783 1732 2833 1784 in
2857 1732 3175 1786 solitudine:
3204 1732 3419 1803 etquod

1864 1829 2078 1888 prepter
2106 1820 2272 1874 occidi
2294 1819 2471 1888 jussos
2494 1820 2846 1874 lsraelitarum
2874 1820 3117 1884 infantes,
3143 1818 3420 1892 Egyptia-

1861 1925 1978 1965 rnm
2005 1911 2379 1980 primogenitos
2407 1926 2570 1977 mors,
2594 1921 2649 1965 et
2670 1912 2810 1979 ipsos
2829 1910 3104 1982 Egyptios
3122 1913 3417 1967 submorsio

1862 2001 2134 2056 sustulerit
2158 2018 2172 2054 :
2199 2012 2255 2055 ut
2278 2016 2372 2070 pro
2398 2010 2565 2056 morte
2586 2003 3048 2071 primogenitorum
3076 2003 3219 2058 salus
3238 2004 3420 2058 Israeli

1864 2105 1957 2157 per
1984 2090 2291 2160 sanguinem
2322 2091 2439 2160 agni
2469 2106 2719 2146 concessa
2753 2094 2841 2146 sit.
2891 2093 2957 2145 Et
2987 2108 3081 2162 pro
3123 2101 3295 2148 morte
3330 2093 3418 2163 ju-

1862 2190 2064 2234 stornm
2109 2180 2159 2233 in
2198 2180 2513 2244 solitudine,
2562 2181 2735 2234 Aaron
2766 2181 3044 2234 Dominum
3086 2182 3327 2249 precibus
3364 2190 3422 2235 et

1861 2269 2079 2323 incenso
2128 2268 2386 2336 placarit:
2421 2284 2515 2337 pro
2560 2279 2729 2323 morte
2782 2285 2908 2321 vero
2951 2269 3317 2339 ngyptiorum
3364 2271 3418 2323 in

1861 2359 1995 2413 mari
2022 2358 2236 2424 Rubro,
2268 2358 2422 2412 fuerit
2452 2359 2525 2411 ira
2561 2360 2650 2412 Dei
2695 2358 2892 2427 absque
2937 2360 3334 2425 misericordia,
3363 2369 3420 2413 et

1861 2451 1960 2503 iter
2004 2449 2181 2517 populi
2226 2447 2476 2502 insolens.
2526 2448 2675 2511 Quod
2717 2459 2933 2516 propter
2978 2448 3417 2502 iuhumanitatem

1860 2552 1983 2608 erga
2028 2537 2256 2593 advenas
2282 2538 2419 2591 mala
2451 2538 2547 2591 ista
2575 2538 2712 2605 passi
2742 2537 3129 2607 sintIEgyptii,
3161 2539 3417 2607 quemad-

1862 2627 2075 2681 modum
2102 2636 2155 2681 et
2188 2623 2492 2681 Sodomitae.
2524 2625 2674 2692 Quod
2716 2627 2975 2681 elementa
3004 2626 3183 2680 divino
3219 2625 3418 2681 Christi

1855 2718 2055 2786 judicio
2110 2718 2357 2782 subsint,
2401 2716 2466 2769 ad
2523 2717 2662 2769 illius
2722 2718 3001 2784 imperium
3045 2718 3416 2785 parata,sieut

1859 2807 2073 2862 chorda:
2116 2808 2331 2861 citharae
2372 2807 2625 2860 citharam
2672 2807 2917 2874 pulsanti.
2962 2806 3016 2861 In
3060 2806 3144 2862 bis
3173 2822 3416 2877 compre-

1862 2898 2108 2953 henditur
2132 2898 2213 2952 vis
2253 2898 2426 2952 omnis
2454 2896 2736 2966 Sapientiae
2763 2896 3058 2952 Salomonis
3096 2912 3213 2967 quae
3250 2898 3420 2953 Pana-

1860 2998 2002 3043 l'OlOS
2030 2996 2266 3042 vocatur.

2104 3133 2367 3174 νΑιιίιῑιιιΑε
2406 3134 2499 3173 SBU
2539 3132 2828 3174 PROVERBIA
2868 3134 3168 3174 8Αιο310818δ

1931 3256 2203 3311 Ρατωωίειε
2237 3271 2329 3309 seu
2358 3254 2636 3308 Proverbia
2676 3254 2972 3309 Salomonis
3000 3262 3215 3307 vocatur
3244 3251 3328 3307 hic
3356 3252 3419 3305 l3-

1861 3346 1954 3399 ber
1978 3386 1993 3410 ,
2019 3345 2138 3414 quia
2170 3345 2257 3397 illa
2281 3344 2529 3398 Salomon
2557 3352 2611 3397 et
2640 3341 2799 3405 dixit,
2832 3351 2885 3396 et
2914 3342 3145 3411 scripsit.
3174 3341 3269 3394 llic
3294 3355 3414 3394 vero

1859 3452 1979 3491 cum
2024 3450 2243 3504 regnum
2272 3434 2434 3488 David
2473 3435 2631 3501 patris
2673 3434 3026 3501 suscepisset,
3055 3442 3297 3502 precatus
3338 3441 3419 3485 est

1863 3527 2026 3581 Deum
2057 3534 2112 3577 ut
2142 3523 2448 3591 sapientiam
2492 3522 2754 3590 acciperet
2780 3521 2949 3591 pOIius
2971 3561 2985 3586 ,
3017 3536 3171 3590 quam
3211 3520 3420 3575 divitias

1860 3626 1913 3670 et
1942 3615 2170 3668 hostium
2213 3613 2482 3666 ultionem.
2516 3612 2658 3666 Hanc
2703 3626 2821 3665 cum
2864 3610 3191 3678 accepisset,
3217 3618 3273 3664 ct
3310 3623 3419 3678 prie

1861 3704 2106 3759 omnibus
2129 3702 2441 3756 mortalibus
2469 3702 2556 3769 qui
2584 3709 2704 3753 ante
2728 3710 2782 3754 et
2823 3708 2939 3768 post
2976 3700 3143 3767 ipsum
3173 3697 3379 3753 fuerunt
3402 3738 3417 3759 ,

1862 3793 2071 3862 sapiens
2122 3799 2304 3845 esset:
2336 3806 2398 3845 ac
2427 3805 2543 3844 cum
2588 3790 2641 3843 in
2694 3789 2939 3843 omnibus
2980 3787 3134 3841 dictis
3163 3787 3420 3856 lactisque

1862 3885 1971 3938 suis
1999 3882 2331 3937 admirationi
2374 3890 2544 3945 esset,
2588 3881 2682 3933 tria
2731 3879 2889 3933 millia
2936 3878 3297 3947 parabolarum
3323 3917 3337 3941 ,
3367 3886 3422 3931 et

1862 3973 2091 4042 quinque
2132 3971 2295 4025 millia
2339 3970 2540 4023 cantica
2591 3969 2927 4036 proloquutus
2955 3976 3035 4020 est
3068 3982 3079 4019 :
3115 3966 3420 4035 disputavit-

1862 4079 1964 4132 que
1983 4062 2049 4117 de
2071 4062 2335 4123 omnibus,
2367 4068 2472 4112 tam
2503 4059 2567 4112 de
2598 4058 2660 4111 iis
2686 4072 2801 4126 qua:
2829 4070 2894 4110 ex
2920 4064 3055 4109 terra
3083 4058 3393 4125 proveniunt

1862 4169 2019 4223 quam
2057 4153 2124 4207 de
2158 4152 2327 4204 ontnis
2352 4150 2557 4219 generis
2582 4148 2949 4201 animantibus.
2981 4146 3199 4215 Scripsit
3222 4154 3416 4210 autem,

1864 4253 1920 4297 ut
1947 4243 2153 4312 quidam
2182 4243 2367 4302 aiunt,
2397 4249 2504 4293 tres
2530 4247 2728 4293 tantum
2771 4239 2931 4292 libros
2951 4277 2966 4300 ,
2996 4236 3133 4291 hunc
3158 4236 3419 4297 videlicet,

1864 4334 2234 4397 Ecclesiasten,
2262 4340 2316 4384 ct
2338 4330 2610 4384 Canticum
2637 4329 2965 4383 Canticorum
2992 4345 3007 4392 ;
3036 4338 3093 4380 ut
3119 4337 3289 4381 autem
3309 4328 3422 4395 qui-

1865 4424 1984 4478 dam
2010 4424 2187 4476 dicunt
2217 4423 2373 4475 etiam
2401 4420 2739 4487 Sapientiam,
2771 4432 2887 4486 quae
2913 4419 2990 4471 sic
3019 4417 3337 4480 inscribitur,
3372 4424 3427 4468 et

1866 4514 2153 4569 Pattaretos
2198 4512 2386 4563 dicitur
2411 4526 2423 4561 :
2452 4524 2571 4561 nam
2621 4508 2721 4561 hoc
2761 4508 2917 4561 etiam
2957 4522 3264 4575 germanum
3309 4505 3426 4573 ejus

1868 4623 1984 4661 esse
2013 4618 2143 4673 Opus
2187 4603 2442 4655 dictitant.
2477 4599 2623 4653 lluuc
2668 4614 2825 4668 porro
2863 4598 3134 4652 Pannonia:
3177 4609 3269 4651 seu
3295 4596 3427 4650 Pro-

1867 4696 2041 4750 verbia
2075 4692 2357 4759 inscripsit.
2387 4690 2517 4743 Sunt
2546 4700 2718 4741 autem
2748 4688 3015 4756 parcentia:
3038 4687 3191 4741 verba
3219 4686 3426 4754 sapien-

1871 4791 1954 4843 tia:
1975 4829 1989 4847 ,
2016 4790 2157 4840 velut
2182 4785 2478 4850 mtiigtnata,
2509 4798 2623 4850 qua:
2654 4797 2718 4833 ex
2745 4797 2801 4833 se
2840 4781 3049 4848 quidem
3101 4778 3237 4832 aliud
3273 4777 3425 4831 exhi-

1866 4880 2023 4941 bent,
2056 4875 2194 4928 aliud
2239 4890 2361 4926 vero
2407 4888 2500 4940 per
2548 4872 2896 4938 suspicionem
2949 4870 3195 4922 indicant.
3224 4867 3421 4920 [lorum

1868 4975 2043 5019 autem
2074 4963 2275 5031 species
2303 4971 2422 5014 sunt
2448 4961 2742 5029 proverbia.
2772 4959 2857 5012 Sic
2885 4959 3022 5009 enim
3050 4956 3288 5023 discipuli
3316 4956 3424 5008 Do-

1872 5058 1999 5112 mini
2029 5058 2310 5124 loquuntur
2332 5055 2381 5105 in
2406 5051 2694 5119 Evangelio
2720 5049 2956 5113 Joannis,
2987 5046 3213 5116 quando,
3246 5047 3424 5099 Domi-

1872 5161 1940 5201 no
1978 5146 2137 5200 multa
2172 5144 2392 5198 obscure
2436 5142 2674 5202 dicente,
2705 5137 2913 5191 tandem
2957 5138 3137 5190 dicunt
3173 5137 3219 5190 ei
3253 5154 3266 5189 :
3295 5136 3425 5188 Ecce

1873 5251 2004 5289 nunc
2030 5235 2196 5303 palam
2222 5234 2453 5301 loqueris,
2474 5239 2519 5281 et
2541 5228 2848 5298 proverbium
2878 5227 3070 5278 nullum
3100 5228 3221 5277 dicis
3246 5226 3422 5294 (Joan.

1875 5326 1959 5379 i6.
1984 5324 2094 5392 29),
2128 5333 2182 5376 ut
2210 5321 2464 5387 intelligas
2496 5318 2767 5387 proverbia
2791 5358 2801 5377 ,
2836 5332 2939 5368 non
2966 5325 3146 5385 aperto
3171 5356 3184 5379 ,
3212 5313 3303 5367 sed
3330 5315 3425 5367 ob-

1874 5428 2029 5467 scuro
2073 5426 2233 5466 sensu
2282 5409 2405 5462 dici.
2442 5407 2696 5473 Quoniam
2748 5406 2904 5474 igitur
2944 5404 3073 5457 tales
3121 5404 3427 5471 plerumque

1874 5517 1993 5559 sunt
2024 5508 2072 5560 in
2103 5506 2200 5563 boc
2227 5503 2360 5556 libro
2386 5502 2686 5563 sententia,
2715 5498 2831 5551 ideo
2857 5497 3127 5550 Parmmite
3156 5510 3248 5547 seu
3293 5495 3425 5547 Pro-

1876 5599 2051 5653 verbia
2100 5594 2379 5662 inscriptus
2406 5592 2489 5645 hic
2525 5590 2657 5644 liber
2684 5596 2783 5643 est.
2822 5587 2915 5641 Est
2938 5597 3110 5640 autem
3143 5585 3261 5639 inde
3289 5584 3426 5639 dicta

1877 5690 2169 5762 pauentia,
2198 5685 2336 5755 quod
2384 5700 2476 5754 per
2526 5682 2636 5736 vias
2684 5679 2811 5735 tales
2855 5677 3126 5733 sententiae
3172 5676 3427 5733 conscribi

3010 5770 3084 5827 '23
