4000 6220
577 383 682 440 371

575 488 743 543 solita:
769 497 968 552 essent,
1002 488 1066 542 ad
1095 488 1482 544 correctionem
1527 497 1580 541 et
1605 488 1900 542 doctrinam
1926 499 2133 550 eorum,

575 578 661 646 qui
713 577 812 630 iter
863 577 1218 630 instituerent.
1247 576 1346 630 Per
1373 577 1483 630 vias
1529 585 1704 630 autem
1749 575 2130 636 scribebantur,

573 667 694 737 quia
722 683 825 722 non
849 682 1033 722 omnes
1061 668 1292 721 veritatis
1319 682 1590 722 sermones
1614 665 1892 735 capiebant
1923 682 1936 716 :
1971 673 2027 717 ut
2051 665 2132 717 vel

570 757 621 808 in
655 757 971 811 transeundo
991 766 1042 810 et
1061 758 1178 810 talia
1200 756 1591 824 conspiciendo,
1615 771 1731 824 qum
1747 755 1940 824 scripta
1960 761 2138 807 essent

565 849 946 916 exquirerent,
975 857 1130 915 atque
1161 848 1228 900 ita
1257 846 1587 901 erudirentur
1630 845 1887 898 homines.
1913 844 2134 909 Quidam

566 947 744 990 autem
775 938 1054 1006 partemias
1083 937 1146 990 ad
1183 937 1322 989 hunc
1352 936 1563 988 modum
1605 935 1896 988 deﬁniunt:
1926 934 2132 986 Dictum

568 1028 870 1098 parodium,
912 1043 1003 1082 seu
1034 1029 1086 1081 in
1136 1027 1216 1080 via
1244 1028 1501 1096 positum,
1529 1027 1594 1080 ab
1642 1041 1746 1080 uno
1796 1025 2021 1095 quodam
2067 1025 2133 1078 ad

571 1122 732 1174 multa
763 1119 1090 1173 translatum.
1118 1119 1213 1173 Est
1242 1120 1395 1189 igitur
1437 1119 1487 1172 in
1528 1118 1627 1173 hoc
1666 1119 1798 1173 libro
1824 1119 2005 1172 notitia
2043 1133 2132 1171 sa-

569 1211 779 1277 pientia:
807 1219 860 1264 et
888 1209 1195 1277 disciplinae,
1227 1209 1525 1264 intellectus
1560 1223 1860 1263 sermonum
1899 1209 2130 1277 pruden-

569 1301 672 1365 tim,
704 1299 933 1367 stropha:
974 1299 1275 1364 verborum,
1314 1299 1530 1366 justitia:
1558 1312 1697 1352 vera:
1723 1298 2039 1364 intellectus,
2067 1298 2131 1351 ad

568 1392 904 1462 dirigendum
918 1391 1131 1461 judicia,
1158 1399 1212 1444 et
1234 1389 1537 1459 pollicitatio
1561 1390 2040 1458 cognoscendarum
2065 1405 2130 1443 ex

570 1483 681 1536 istis
713 1482 1096 1550 parabolarum,
1127 1481 1384 1534 dictorum
1411 1480 1745 1549 sapientium,
1775 1482 2126 1550 :enigmatum,

569 1582 622 1627 et
641 1573 980 1628 obscurorum
1020 1588 1346 1628 sermonum.
1381 1575 1445 1626 Et
1478 1582 1601 1626 sunt
1637 1573 1837 1626 notitia:
1861 1575 2131 1642 sapientia:

569 1671 622 1718 et
648 1662 956 1731 disciplinae.
987 1662 1116 1716 Cum
1144 1663 1282 1716 enim
1309 1669 1362 1716 et
1385 1661 1553 1717 Grzeci
1594 1663 1902 1730 sapientiam
1935 1662 2130 1718 habere

569 1755 936 1824 polliceantur,
977 1763 1029 1808 et
1064 1754 1293 1808 haeretici
1322 1754 1514 1808 habere
1544 1769 1602 1808 se
1631 1753 1962 1824 disciplinam
1992 1755 2130 1808 arbi-

565 1853 807 1909 trentur;
839 1843 958 1899 ideo
1001 1843 1086 1898 hic
1117 1859 1290 1899 veram
1341 1845 1650 1913 sapientiam
1696 1859 1754 1899 ac
1799 1845 2126 1913 disciplinam

567 1937 720 1991 docet
743 1954 756 2002 ;
781 1953 846 1992 ne
869 1953 934 1992 ex
954 1937 1294 1992 similitudine
1324 1936 1551 1991 nominis
1573 1935 1862 2005 sapientiae,
1879 1937 1928 1990 in
1949 1936 2128 2004 SOphi-

565 2035 733 2082 smata
758 2027 1061 2082 Grmcorum
1093 2039 1144 2081 et
1174 2027 1538 2082 hmreticorum
1568 2027 1686 2096 quis
1711 2026 1924 2081 incidat.
1955 2027 2126 2081 Graeci

565 2118 704 2173 enim
735 2126 916 2186 putant
945 2132 1002 2172 se
1030 2117 1125 2171 hac
1151 2118 1203 2172 in
1236 2133 1292 2172 re
1317 2128 1588 2187 prtestare,
1617 2132 1678 2171 ac
1708 2117 1938 2170 Dicentes
1961 2134 2013 2170 se
2042 2134 2126 2170 sa-

563 2209 749 2277 pientes
778 2225 881 2261 esse
905 2249 918 2275 ,
950 2209 1091 2261 stulti
1123 2209 1241 2278 facti
1269 2218 1383 2262 sunt
1409 2208 1427 2278 (
1458 2209 1606 2262 Rom.
1641 2211 1690 2262 1.
1719 2208 1850 2277 22).
1884 2208 2125 2262 llmretici

564 2312 691 2352 vero
717 2297 949 2352 eruditos
979 2313 1096 2352 esse
1137 2313 1194 2352 se
1243 2299 1380 2362 rati,
1409 2299 1577 2353 aversi
1611 2307 1734 2353 sunt
1775 2308 1826 2352 et
1870 2307 2122 2366 peccant,

565 2387 778 2456 proprio
818 2387 1015 2455 judicio
1057 2387 1408 2442 condemnati.
1438 2388 1658 2457 Sapiens
1707 2403 1834 2440 vero
1872 2388 1915 2440 si
1953 2388 2125 2440 divina

565 2476 769 2544 eloquia
811 2475 1071 2540 audierit,
1101 2477 1386 2543 sapientior
1429 2478 1546 2529 erit.
1578 2477 1783 2529 Etenim
1815 2477 1857 2528 si
1900 2477 2124 2544 legitima

565 2566 657 2620 Dei
683 2565 902 2620 audierit
930 2576 980 2620 et
1001 2566 1328 2628 custodierit,
1356 2576 1408 2620 et
1435 2568 1483 2620 in
1506 2567 1777 2636 disciplina
1805 2569 2005 2620 Domini
2036 2584 2127 2621 ne-

564 2656 765 2725 gligens
791 2671 892 2708 non
917 2655 1090 2719 fuerit,
1111 2671 1207 2710 nec
1229 2655 1428 2710 fallacia
1454 2657 1676 2724 quadam
1706 2657 1923 2712 allectus
1950 2657 2122 2723 fuerit,

565 2746 702 2800 ﬁlius
728 2747 934 2815 sapiens
959 2748 1162 2811 evadet,
1204 2757 1256 2802 ct
1285 2747 1519 2802 eruditus
1552 2749 1736 2812 factus,
1765 2749 1938 2801 statim
1967 2750 2125 2802 etiam

564 2836 918 2906 c0gnitinnem
958 2837 1052 2890 Dei
1082 2839 1317 2905 accipiet.
1353 2838 1462 2890 Hac
1506 2840 1642 2891 enim
1679 2839 1939 2907 sapientes
1979 2839 2127 2891 insti-

565 2935 800 2980 tuuntur.
831 2927 1142 2982 Sermonum
1174 2942 1298 2980 vero
1332 2927 1643 2996 prudentum
1675 2929 1970 2982 intellectus
1992 2971 2005 2992 ,
2032 2930 2126 2982 do-

565 3017 730 3069 ctrina
756 3025 837 3070 cst
865 3016 930 3070 de
961 3017 1074 3070 solo
1103 3033 1230 3071 vero
1276 3017 1404 3071 Deo.
1437 3017 1738 3072 Graecorum
1783 3034 2008 3088 namque
2034 3019 2123 3072 alii

565 3120 758 3174 corpus
801 3120 918 3160 esse
963 3107 1208 3161 dixerunt
1267 3107 1459 3171 Deum,
1492 3109 1578 3161 alii
1624 3109 1915 3164 simulacris
1967 3111 2124 3163 etiam

565 3195 737 3263 ipsum
761 3196 1136 3250 assimilarunt.
1168 3197 1408 3251 llmretici
1441 3214 1563 3251 vero
1593 3209 1644 3252 et
1675 3200 1769 3266 ipsi
1801 3201 1850 3252 in
1898 3201 2004 3254 veri
2035 3215 2125 3254 co-

563 3288 795 3354 gnitione
841 3287 1200 3357 desipuerunt.
1228 3288 1510 3358 Propterea
1554 3291 1637 3343 hic
1664 3291 1730 3344 de
1781 3306 1902 3345 vera
1946 3292 2124 3360 cogni-

563 3381 706 3434 tione
734 3379 828 3434 Dei
873 3379 985 3434 hmc
1013 3390 1226 3434 enarrat
1255 3397 1267 3432 :
1301 3381 1438 3449 quod
1470 3381 1676 3448 quidem
1710 3381 1984 3435 ineﬁ‘abilis
2014 3383 2081 3435 sit
2106 3399 2120 3434 :

569 3488 587 3520 ι
617 3469 797 3525 Gloria
822 3469 912 3523 Dei
932 3471 1206 3525 abscondit
1227 3471 1442 3523 verbum
1465 3485 1480 3537 ;
1521 3489 1537 3521 ι
1568 3471 1633 3524 de
1655 3471 1979 3539 providentia
1999 3485 2126 3524 vero

560 3562 676 3631 ejus
727 3563 804 3616 sic
867 3562 1144 3631 loquitur:
1183 3581 1201 3613 ε
1254 3560 1308 3614 In
1362 3563 1506 3616 omni
1559 3563 1676 3617 loco
1729 3563 1865 3616 oculi
1917 3561 2121 3616 Domini

560 3651 986 3719 contemplantur
1025 3652 1191 3705 bonos
1233 3661 1284 3704 ct
1318 3651 1482 3704 malos
1509 3670 1525 3702 ι
1565 3651 1744 3719 (Prov.
1767 3653 1854 3706 25.
1878 3653 1932 3706 2.
1959 3665 2003 3706 et
2036 3654 2120 3707 15.

561 3741 640 3811 5).
675 3743 741 3795 Et
785 3743 1010 3796 iterum:
1048 3759 1067 3791 ε
1102 3742 1257 3796 Dives
1298 3751 1351 3797 et
1379 3757 1575 3811 pauper
1595 3737 1729 3797 alter
1759 3744 1906 3797 alteri
1934 3758 2121 3797 occur-

561 3841 788 3888 rerunt:
823 3844 1068 3901 utrosque
1108 3849 1231 3887 vero
1281 3833 1400 3888 fecit
1441 3833 1897 3903 Dominus»(Cap.
1922 3834 2015 3887 22.
2040 3834 2120 3901 2).

565 3924 651 3988 Et,
681 3941 699 3974 ε
735 3923 862 3977 Dum
881 3924 1201 3978 conveniunt
1231 3923 1514 3978 fmtierator
1543 3939 1604 3978 ac
1624 3923 1848 3988 debitor,
1874 3934 2122 3993 utrosque

561 4011 863 4082 speculatur
893 4013 1143 4067 Dominus
1173 4032 1191 4064 ι
1228 4013 1376 4082 (Cap.
1406 4012 1495 4067 29.
1520 4013 1626 4080 13).
1659 4012 1744 4077 Et,
1773 4031 1789 4061 ε
1822 4011 1952 4066 Sunt
1980 4014 2121 4066 enim

561 4105 613 4156 in
643 4111 926 4169 conspectu
953 4086 1226 4157 oculorum
1254 4103 1343 4157 Dei
1370 4104 1466 4156 vim
1492 4103 1608 4167 viri,
1641 4112 1694 4156 et
1719 4118 1901 4156 omnes
1927 4101 2121 4157 orbitas

560 4193 676 4260 ejus
689 4193 986 4261 speculatur
1013 4191 1122 4258 t(C.
1149 4192 1324 4260 5.21).
1359 4193 1619 4247 Judicium
1638 4209 1845 4262 quoque
1858 4194 1970 4262 ejus
1985 4208 2122 4247 com-

561 4292 840 4348 memorat,
872 4284 1089 4339 dicens:
1125 4301 1142 4334 (
1174 4283 1435 4339 Sacriﬁcia
1465 4285 1742 4352 impiorum
1771 4283 2118 4337 abominatio-

559 4391 654 4430 nes
702 4385 823 4430 sunt
861 4375 1105 4431 Domini:
1154 4385 1272 4430 vota
1319 4386 1493 4430 autem
1547 4385 1690 4429 recte
1742 4375 2118 4429 ambulantium

559 4475 770 4536 accepta
814 4474 936 4520 sunt
963 4466 1098 4536 apud
1126 4482 1244 4522 eum
1278 4486 1295 4518 ι
1333 4466 1498 4537 (ϐαρ.
1535 4467 1620 4522 15.
1651 4468 1743 4535 8).
1779 4467 1846 4520 Et
1886 4467 2070 4519 iterum
2103 4482 2115 4518 :

566 4577 584 4608 ι
620 4558 810 4611 Domos
839 4557 1252 4612 conviciatorum
1285 4557 1503 4625 dissipat
1528 4557 1800 4622 Dominus,
1827 4558 1998 4609 ﬁrmat
2028 4571 2120 4608 au-

559 4657 664 4701 tem
695 4648 969 4701 terminum
998 4647 1164 4700 vidua:
1193 4667 1210 4697 ι
1244 4646 1392 4716 (ϐαρ.
1429 4647 1512 4700 15.
1538 4647 1651 4715 23).
1685 4645 1962 4715 Opiﬁcium
1994 4659 2120 4699 vero

561 4737 701 4793 illius
742 4753 847 4790 non
889 4737 1227 4805 simpliciter,
1262 4737 1352 4790 sed
1396 4751 1460 4789 co
1502 4736 1640 4805 quod
1671 4751 1764 4804 per
1787 4736 2017 4790 Verbum
2057 4750 2119 4789 ac

557 4830 864 4899 sapientiam
908 4844 1056 4881 suam
1088 4838 1272 4883 cuncta
1311 4829 1496 4892 faciat;
1530 4829 1615 4897 qui
1656 4829 1959 4896 petissimus
2008 4828 2117 4882 veri

557 4921 650 4975 Dei
688 4919 963 4973 character
990 4928 1069 4973 est
1093 4960 1107 4983 ,
1137 4918 1274 4988 quod
1318 4920 1384 4971 sit
1425 4919 1540 4970 Filii
1586 4919 1762 4972 Pater.
1797 4919 1883 4971 Ait
1921 4919 2113 4987 igitur:

564 5031 582 5063 c
611 5011 878 5078 Sapientia
908 5011 1043 5064 Deus
1066 5009 1302 5066 fundavit
1326 5019 1519 5063 terram
1553 5027 1570 5058 ι
1607 5008 1775 5078 (Cap.
1797 5010 1851 5063 '5.
1886 5009 2016 5078 19).
2051 5009 2118 5062 Ει

554 5103 745 5154 iterum
783 5116 794 5150 :
831 5117 848 5150 ι
885 5100 1020 5152 Deus
1050 5100 1170 5154 fecit
1213 5101 1454 5167 regiones
1494 5109 1546 5153 et
1588 5100 1791 5154 deserta
1823 5110 1874 5153 et
1901 5101 2117 5153 sumini-

556 5203 689 5245 tates
737 5190 995 5244 habitatas
1037 5191 1191 5258 ejus,
1239 5207 1357 5258 qurc
1401 5191 1498 5244 sub
1560 5193 1689 5244 caelo
1741 5201 1838 5245 est.
1896 5191 2114 5257 Quando

554 5283 882 5350 praeparabat
921 5281 1128 5344 crelum,
1153 5279 1362 5333 aderam
1413 5281 1603 5348 ipsi,et
1653 5283 1927 5350 separabat
1967 5283 2112 5334 thro-

553 5387 678 5424 num
731 5385 884 5424 suum
929 5386 1084 5439 supra
1131 5380 1336 5434 ventos,
1379 5370 1586 5434 quando
1633 5371 1830 5423 validas
1892 5371 2114 5426 faciebat

553 5462 781 5530 desuper
809 5462 992 5525 nubes,
1022 5477 1136 5513 eum
1161 5477 1223 5515 eo
1250 5476 1393 5515 eram
1420 5469 1605 5513 cuncta
1631 5477 1970 5530 componens.
2005 5463 2112 5530 Ego

553 5565 696 5605 eram
721 5551 772 5603 in
795 5566 892 5617 qua
918 5550 1204 5613 laetabatur,
1234 5551 1450 5619 singulis
1473 5549 1656 5603 diebus
1677 5551 1888 5604 lmlahar
1911 5553 1958 5604 in
1986 5567 2112 5605 eon-

551 5653 731 5708 spectu
762 5639 899 5693 illius
930 5659 946 5690 ι
983 5638 1143 5707 (ϐαρ.
1176 5640 1228 5693 8.
1262 5639 1330 5692 26
1353 5641 1457 5694 -50
1481 5640 1522 5708 ).
1553 5639 1791 5708 Strephre
1832 5643 2108 5695 verborum

550 5741 673 5786 Sunt
702 5731 752 5785 in
785 5731 884 5786 isto
913 5731 1044 5786 libro
1076 5748 1088 5784 :
1120 5747 1240 5785 nam
1269 5731 1309 5783 si
1341 5731 1455 5799 quis
1485 5746 1546 5786 ea
1578 5740 1753 5786 mente
1783 5741 1987 5799 verset,
2022 5748 2107 5786 re-

1277 374 1331 431 S.
1371 373 1644 431 JOANNIS
1670 367 2138 431 CBRYSOSTOMI
2178 366 2486 426 ARCHIEP.
2527 371 3051 430 CONSTANTINOP.

3706 388 3819 442 372

2246 481 2440 536 serabit
2468 493 2520 539 et
2552 485 2783 540 inveniet
2811 487 3124 541 sententiam
3157 487 3207 541 in
3239 477 3364 556 ipsis
3406 488 3581 544 sitam.
3617 487 3809 555 Qualia

2237 581 2360 624 sunt
2387 572 2536 630 haec:
2571 576 2896 631 «Incolumis
2938 579 3102 632 evasit
3141 579 3207 632 ab
3249 586 3380 632 testu
3427 579 3565 632 ﬁlius
3608 580 3807 634 intelli-

2235 677 2364 730 gens
2389 679 2402 727 ;
2435 666 2787 734 corrumpitur
2810 675 2985 721 autem
3015 683 3044 721 a
3073 676 3228 722 vento
3254 670 3306 722 in
3338 684 3510 723 messe
3535 670 3672 724 ﬁlius
3705 669 3779 725 ini
3799 701 3812 709 -

2235 768 2368 820 quus
2407 772 2424 804 ι
2459 754 2621 824 (Cap.
2655 756 2739 809 10.
2776 755 2872 824 6).
2924 757 2991 810 Et
3036 758 3222 810 iterum
3257 775 3269 808 :
3322 776 3340 807 ‹
3392 757 3627 812 Sollicito
3672 773 3799 812 cura

2235 858 2352 910 qua:
2383 843 2432 895 in
2463 858 2590 912 agro
2617 854 2738 898 sunt
2769 847 2974 909 viridia,
3005 856 3058 899 et
3087 847 3301 900 herbam
3333 847 3588 912 demetas,
3615 857 3670 901 et
3696 848 3798 902 fce-

2234 946 2356 984 num
2385 943 2688 986 montanum
2718 935 2922 1002 collige,
2950 944 3006 989 ut
3030 950 3154 989 oves
3180 936 3371 991 habeas
3398 937 3462 990 ad
3500 938 3746 990 vestitum
3775 957 3793 988 ι

2235 1021 2393 1090 (Cap.
2435 1025 2521 1076 27.
2556 1025 2643 1078 25.
2683 1027 2810 1093 26).
2844 1027 2911 1080 Et
2940 1044 3123 1082 rursus
3155 1045 3167 1080 :
3207 1047 3224 1079 ι
3261 1028 3314 1082 Si
3344 1031 3560 1082 conviva
3596 1031 3799 1084 sederis

2233 1112 2296 1165 ad
2323 1129 2525 1167 cmnam
2549 1115 2598 1167 in
2626 1131 2806 1170 mensa
2836 1127 3156 1186 magnatum,
3188 1128 3362 1173 mente
3392 1119 3652 1188 intelligas
3679 1135 3796 1188 qua:

2232 1215 2566 1272 apponuntur
2596 1207 2684 1260 tibi
2725 1227 2743 1258 ι
2789 1208 2952 1277 (ϐαρ.
2984 1209 3071 1263 2'5.
3102 1210 3124 1262 1
3158 1211 3292 1277 ):et
3333 1210 3435 1263 alia
3477 1212 3793 1265 consimilia.

2234 1295 2384 1349 Vera:
2418 1297 2635 1365 justitia:
2675 1297 2846 1352 dictus
2873 1309 2953 1352 est
2988 1300 3281 1354 intellectus
3315 1317 3327 1354 :
3359 1301 3605 1369 quoniam
3645 1301 3796 1356 diﬂ'e-

2232 1397 2409 1440 renter
2455 1388 2664 1455 quidam
2703 1390 2918 1457 justitia:
2963 1391 3275 1445 vocabulum
3323 1391 3627 1460 accipiunt;
3673 1392 3794 1446 aliis

2231 1478 2526 1532 dicentibus
2545 1481 2798 1548 justitiam
2827 1495 2945 1536 esse
2964 1523 2978 1548 ,
3012 1491 3068 1536 ut
3095 1483 3276 1536 reddat
3301 1484 3416 1552 quis
3446 1483 3582 1552 quod
3609 1493 3791 1538 custo-

2230 1567 2478 1622 diendum
2506 1569 2708 1637 accepit
2733 1587 2746 1622 :
2779 1571 2896 1624 aliis
2922 1585 3047 1625 vero
3070 1613 3084 1634 ,
3117 1573 3158 1626 si
3198 1572 3392 1626 malum
3422 1573 3670 1627 reddatur
3696 1589 3792 1643 pro

2231 1658 2402 1720 malo,
2433 1668 2487 1710 et
2524 1658 2715 1710 bonum
2748 1674 2844 1726 pro
2876 1660 3029 1714 bono.
3066 1661 3370 1729 llujnsmodi
3398 1673 3575 1716 autem
3604 1662 3792 1717 deﬁni-

2229 1748 2399 1802 tiones
2426 1759 2684 1802 accuratae
2716 1765 2820 1804 non
2852 1760 2993 1804 sunt.
3024 1751 3099 1804 Ne
3124 1750 3321 1806 dixeris
3343 1754 3514 1816 enim,
3549 1753 3662 1819 Quo
3701 1753 3790 1807 ille

2228 1853 2350 1907 erga
2381 1854 2465 1892 me
2491 1854 2614 1893 usus
2643 1847 2723 1893 est
2761 1839 2918 1894 modo
2939 1881 2953 1907 ,
2986 1840 3168 1895 eodem
3198 1851 3314 1894 utar
3338 1857 3436 1911 ego
3459 1883 3474 1908 ,
3510 1857 3692 1910 pmnas
3722 1843 3789 1897 de

2228 1927 2319 1980 illo
2359 1942 2562 1980 sumam
2603 1942 2699 1996 pro
2735 1929 2922 1997 injuria
2963 1944 3062 1998 qua
3094 1945 3176 1983 me
3208 1928 3398 1984 affecit.
3432 1931 3790 1997 Quamobrem

2229 2019 2313 2071 hic
2337 2058 2349 2080 ,
2380 2033 2496 2086 qua:
2521 2033 2642 2072 vera
2689 2019 2756 2072 sit
2795 2019 2993 2087 justitia
3021 2060 3033 2083 ,
3066 2019 3220 2073 docet
3247 2037 3259 2071 :
3287 2034 3400 2072 eam
3431 2020 3673 2073 videlicet
3691 2034 3788 2073 ve-

2227 2122 2338 2160 ram
2365 2121 2482 2161 esse
2505 2107 2763 2176 justitiam
2789 2149 2804 2172 ,
2834 2108 2878 2160 si
2907 2108 3187 2175 unicuique
3207 2108 3345 2176 quod
3375 2123 3526 2161 suum
3555 2118 3635 2162 est
3661 2109 3788 2161 red-

2226 2198 2396 2252 datur.
2431 2217 2448 2249 ι
2479 2197 2796 2267 Cumprimis
2840 2199 3044 2252 honora
3085 2199 3360 2253 Dominum
3393 2201 3458 2253 de
3497 2201 3651 2268 justis
3686 2201 3787 2254 tuis

2227 2290 2511 2356 laboribus,
2534 2300 2586 2344 et
2607 2291 2863 2359 primitias
2879 2291 2951 2345 illi
2969 2291 3034 2344 da
3055 2291 3122 2346 de
3141 2293 3242 2347 tuis
3260 2292 3471 2361 justitia:
3492 2293 3741 2346 fructibus
3764 2313 3782 2343 ι

2228 2382 2391 2448 (ϐαρ.
2435 2383 2487 2436 5.
2519 2381 2613 2451 9).
2653 2383 2850 2437 Deinde
2888 2383 3087 2436 honora
3135 2399 3308 2452 regem
3337 2423 3352 2448 ,
3399 2393 3451 2438 et
3487 2385 3787 2453 parentibus

2227 2472 2458 2526 debitum
2488 2473 2680 2527 exhibe
2705 2473 2935 2528 ofﬁcium
2957 2515 2970 2538 ,
2998 2476 3240 2530 omnibus
3267 2491 3391 2530 vero
3416 2476 3554 2545 quod
3580 2492 3786 2544 aequum

2226 2571 2324 2613 est.
2352 2562 2417 2614 Et
2438 2562 2522 2616 hic
2545 2563 2754 2631 quidem
2781 2579 2916 2618 unus
2941 2575 3023 2619 est
3050 2573 3221 2636 typus.
3251 2567 3396 2620 Alter
3420 2581 3566 2630 vero,
3592 2576 3648 2619 ut
3670 2568 3784 2620 ani-

2227 2666 2365 2702 mam
2410 2667 2557 2705 suam
2587 2654 2807 2722 quisque
2831 2655 3118 2722 justiﬁcet,
3153 2656 3559 2726 aequabilitatem
3604 2665 3784 2710 custo-

2227 2741 2437 2806 diendo,
2467 2745 2534 2796 ita
2567 2753 2621 2798 ut
2647 2745 2696 2798 in
2729 2746 3189 2815 inzequabilitatem
3233 2763 3336 2802 non
3379 2748 3644 2812 declinet,
3692 2747 3784 2800 sed

2227 2834 2413 2886 rationi
2441 2835 2801 2904 obtemperet,
2839 2837 2918 2890 Ne
2946 2839 3080 2891 malo
3114 2840 3319 2892 consitio
3341 2879 3355 2902 ,
3385 2856 3483 2907 quo
3511 2840 3788 2908 juventutis

2226 2925 2452 2976 doctrina
2495 2927 2786 2993 repudiatur
2809 2965 2823 2990 ,
2870 2929 3086 2996 capiaris
3119 2927 3285 2997 (Cap.
3314 2928 3370 2980 2.
3400 2929 3483 2983 16.
3518 2930 3616 2997 17)
3649 2947 3661 2981 :
3693 2928 3786 2982 sed

2227 3029 2344 3067 cum
2371 3017 2592 3070 consilio
2613 3017 2786 3070 omnia
2814 3018 2991 3083 facias,
3020 3027 3073 3072 et
3092 3019 3433 3086 cogitationes
3462 3028 3563 3073 ture
3587 3019 3689 3073 sint
3703 3020 3788 3087 ju-

2225 3105 2379 3171 dicia,
2406 3107 2474 3160 ita
2501 3117 2553 3160 ut
2582 3109 2810 3178 seipsum
2833 3109 3056 3179 quisque
3079 3111 3296 3180 judicet,
3322 3119 3374 3166 et
3402 3125 3559 3166 omne
3583 3111 3788 3166 deside-

2226 3197 2358 3249 rium
2387 3197 2607 3265 probum
2647 3199 2872 3253 habeat:
2909 3199 3068 3254 Omne
3095 3201 3286 3270 quippe
3313 3202 3569 3270 justorum
3597 3203 3788 3256 deside-

2224 3287 2354 3337 rium
2383 3287 2560 3340 bonum
2585 3297 2655 3341 est
2679 3287 2830 3359 (Cap.
2854 3290 2938 3342 11.
2958 3290 3028 3344 25
3049 3288 3098 3359 );
3128 3301 3198 3352 et,
3229 3290 3638 3358 Concupiscentia
3658 3292 3786 3360 justi

2228 3388 2428 3447 accepta
2461 3389 2531 3432 est
2574 3381 2734 3449 (Cap.
2772 3381 2855 3434 10.
2883 3381 3009 3449 24).
3059 3381 3209 3447 Quod
3247 3391 3419 3435 autem
3465 3381 3784 3435 iracundiam

2224 3479 2442 3537 spectat,
2471 3470 2553 3523 Ne
2580 3473 2648 3524 sis
2675 3474 2866 3525 amicus
2885 3514 2900 3538 ,
2943 3473 3144 3542 inquit,
3169 3473 3271 3525 viro
3307 3474 3526 3542 furioso,
3553 3483 3598 3526 et
3629 3473 3786 3526 amico

2224 3561 2465 3615 iracundo
2490 3579 2551 3616 ne
2574 3563 2822 3618 coltabites
2842 3564 2988 3633 (Cap.
3020 3563 3108 3617 22.
3137 3563 3248 3633 24).
3277 3564 3486 3618 Omnem
3508 3565 3638 3617 enim
3662 3565 3787 3616 iram

2224 3671 2368 3708 suam
2400 3655 2573 3706 emittit
2603 3655 2841 3724 insipiens
2875 3671 2893 3709 :
2922 3655 3120 3724 sapiens
3149 3671 3262 3708 vero
3290 3655 3427 3708 illaut
3457 3671 3519 3708 ea:
3545 3665 3684 3724 parte
3709 3670 3787 3707 re-

2224 3749 2391 3800 condit
2418 3747 2438 3817 (
2457 3745 2584 3816 Cap.
2612 3747 2701 3801 29.
2732 3748 2790 3800 11
2817 3747 2854 3815 ).
2881 3747 2982 3814 Qui
3009 3748 3240 3817 seipsum
3264 3747 3328 3800 ad
3355 3746 3494 3801 hunc
3522 3747 3787 3815 componit

2224 3837 2437 3891 modum
2463 3878 2476 3902 ,
2507 3845 2563 3891 et
2599 3837 2831 3906 singulas
2861 3837 3115 3907 cujusque
3142 3837 3307 3906 partis
3335 3838 3526 3890 anima:
3555 3837 3786 3890 actiones

2225 3941 2379 3980 sanas
2398 3937 2450 3980 et
2471 3929 2721 3979 innocuas
2743 3925 2990 3990 custodit,
3021 3927 3063 3980 is
3084 3926 3294 3979 demum
3313 3939 3492 3978 veram
3517 3925 3786 3993 agniturus

2223 4029 2303 4072 est
2324 4017 2602 4084 justitiam.
2629 4016 2832 4071 Judicia
2858 4032 2985 4071 vero
3008 4017 3235 4086 dirigere
3263 4025 3346 4071 est
3371 4016 3632 4084 imprimis
3651 4017 3786 4083 juste

2222 4107 2508 4161 secundum
2533 4107 2702 4176 legem
2725 4106 2817 4161 Dei
2838 4106 3094 4176 judicare,
3121 4115 3176 4159 ut
3200 4109 3303 4159 ait:
3334 4123 3353 4154 ι
3377 4105 3536 4172 Aperi
3563 4118 3623 4158 os
3646 4114 3783 4158 tuum

2221 4198 2383 4253 verbo
2407 4197 2517 4264 Dei,
2535 4208 2585 4251 et
2613 4213 2739 4252 sane
2760 4197 2825 4252 de
2854 4198 3097 4252 omnibus
3114 4197 3308 4264 judica.
3339 4196 3636 4261 Pauperem
3663 4210 3785 4249 vero

2221 4299 2273 4343 et
2294 4289 2607 4343 imbecillem
2629 4289 2856 4359 dijudica
2885 4308 2902 4341 ι
2932 4289 3079 4358 (ϐαρ.
3099 4290 3185 4342 51.
3214 4289 3265 4342 8.
3295 4287 3370 4355 9).
3394 4305 3412 4337 ι
3437 4287 3535 4353 Qui
3565 4302 3785 4356 namque

2220 4379 2349 4432 dicit
2372 4377 2438 4432 de
2466 4379 2645 4448 impio,
2674 4378 2852 4433 Justus
2879 4386 2979 4442 est,
3009 4377 3345 4432 exsecrabilis
3370 4385 3452 4430 est
3479 4376 3706 4445 pepulis,
3736 4387 3786 4429 et

2220 4467 2433 4521 odiosus
2458 4468 2594 4521 inter
2620 4476 2824 4535 gentes.
2852 4467 3136 4520 Personam
3165 4467 3304 4520 enim
3333 4465 3382 4518 in
3407 4465 3610 4533 judicio
3638 4479 3782 4519 reve-

2219 4558 2322 4611 reri
2349 4556 2541 4610 bonum
2573 4572 2678 4610 non
2705 4565 2786 4610 est
2813 4576 2832 4609 υ
2866 4555 3015 4626 (ϐαρ.
3042 4557 3130 4610 2i.
3158 4556 3245 4609 24.
3275 4555 3403 4624 23).
3435 4554 3548 4608 Hoc
3572 4554 3780 4624 quidem

2219 4649 2390 4717 palam
2421 4657 2472 4703 et
2501 4657 2681 4717 aperte
2706 4648 2985 4703 dicendum
3013 4657 3091 4702 est
3117 4665 3129 4702 :
3156 4646 3366 4712 deinde,
3397 4655 3455 4700 ut
3479 4646 3620 4716 quod
3641 4646 3780 4715 judi-

2219 4743 2354 4793 cium
2388 4741 2437 4793 in
2469 4740 2601 4794 alios
2630 4739 2886 4808 quispiam
2920 4738 3138 4808 profert,
3167 4738 3394 4807 idipsum
3424 4738 3476 4791 in
3508 4751 3628 4791 sese
3653 4736 3788 4790 diri-

2219 4841 2338 4898 gat,
2371 4846 2531 4899 seque
2561 4831 2672 4898 ipse
2701 4831 2965 4884 examinet
2994 4847 3005 4881 :
3039 4827 3394 4896 corripiatque
3420 4827 3464 4880 si
3493 4823 3796 4882 excesserit

2221 4922 2295 4973 ira
2328 4937 2339 4972 :
2370 4921 2630 4985 cohibeat,
2664 4921 2704 4973 si
2733 4918 3097 4973 vehementior
3126 4915 3283 4970 fuerit
3310 4916 3739 4984 concupiscentia
3780 4927 3794 4964 :

2217 5013 2440 5076 excitet,
2471 5013 2513 5065 si
2540 5011 2813 5065 dormierit
2840 5011 2916 5062 vis
2944 5008 3227 5073 ratiocinii,
3257 5007 3436 5062 dicens
3468 5025 3480 5061 :
3515 5009 3790 5074 Quousque

2219 5102 2374 5170 piger,
2394 5105 2532 5168 jaces
2556 5099 2704 5168 (Cap.
2740 5099 2789 5152 6.
2816 5096 2924 5166 9)?
2957 5099 3028 5152 ita
3053 5099 3190 5151 enim
3220 5113 3277 5153 se
3297 5098 3437 5165 juste
3462 5111 3672 5165 gerens,
3697 5108 3788 5148 ac-

2217 5201 2528 5258 cusatorque
2553 5193 2630 5244 sui
2656 5190 2840 5252 factus,
2866 5199 3067 5242 rectum
3083 5188 3333 5256 judicium
3360 5187 3600 5257 proferre
3621 5186 3758 5240 dicet
3777 5227 3791 5252 ,

2217 5297 2313 5335 nec
2340 5281 2515 5334 audiet
2539 5281 2606 5333 ab
2629 5279 2732 5331 alio
2760 5295 2771 5329 :
2807 5278 2904 5343 Qui
2930 5279 3080 5331 alium
3110 5278 3256 5330 doces
3279 5320 3293 5344 ,
3317 5275 3531 5345 tei'psum
3559 5292 3660 5328 non
3687 5277 3767 5326 do-

2215 5390 2291 5425 ces
2312 5373 2334 5423 ?
2359 5375 2444 5440 qui
2467 5371 2562 5433 ais,
2595 5368 2711 5420 Non
2741 5369 3077 5434 meae/laberis,
3107 5368 3370 5421 titaecharis
3395 5367 3572 5434 (Rom.
3601 5364 3656 5417 2.
3690 5366 3769 5418 2|.

2214 5458 2826 5531 22)?Quemadmodum
2867 5460 3006 5513 enim
3051 5461 3138 5528 qui
3184 5461 3282 5513 iter
3335 5457 3492 5520 facit,
3543 5458 3587 5509 si
3639 5467 3776 5510 recta

2213 5553 2478 5622 gradiatur
2517 5550 2597 5601 via
2625 5590 2638 5613 ,
2685 5548 2748 5600 ad
2792 5547 2947 5602 finem
2975 5549 3069 5601 vim
3101 5547 3378 5616 pervenit:
3411 5545 3486 5598 sic
3517 5546 3604 5614 qui
3639 5556 3775 5600 recta

2215 5644 2414 5713 profert
2436 5642 2628 5710 judicia
2651 5682 2663 5704 ,
2705 5640 2874 5708 justus
2917 5649 3231 5709 aguoscctur
3271 5647 3323 5692 et
3352 5637 3584 5705 sapiens.
3616 5637 3776 5690 Parao

2215 5734 2347 5787 behc
2372 5741 2544 5786 autem
2574 5730 2819 5785 dicuntur
2839 5743 3125 5795 sermones,
3147 5727 3293 5798 quasi
3317 5727 3570 5797 imagines
3595 5739 3777 5782 eorum
