4000 6220
586 405 697 462 373

569 501 667 563 τάς
707 501 875 571 ἀρχὰς
916 503 1022 557 τῶν
1075 505 1320 576 πράξεων
1373 509 1752 577 προλέγουσιν,
1787 510 1852 561 ῖν⁹
1881 508 2106 568 ἕκαστος

571 589 846 656 γινώσκων
892 592 988 654 τὰς
1021 594 1190 663 ἀρχὰς
1233 596 1338 648 τῶν
1381 598 1563 650 κακῶν
1599 597 1963 668 φυλάττηται,
2012 597 2106 650 καὶ

570 667 754 739 ῶσπερ
781 671 1040 748 σύμϐολον
1067 675 1172 726 τῶν
1200 676 1298 745 τῆς
1325 678 1497 747 ψυχῆς
1535 667 1846 747 κινημάτων
1894 694 2106 748 παραγ-

572 750 863 817 γέλλουσιν,
899 747 984 805 οἶά
1015 756 1129 807 ἐστι
1161 756 1227 808 τὰ
1257 760 1616 829 προειρημένα
1641 775 1654 789 ·
1691 759 1878 824 Μῖσος
1901 747 2107 827 ἐγείρει

571 832 766 896 νεῖκος
789 872 802 894 ,
835 832 1057 899 πάντας
1087 835 1153 887 δὲ
1196 839 1334 903 τοὺς
1359 839 1444 907 μὴ
1489 839 1968 908 φιλονεικοῦντας
2004 855 2105 891 κα-

571 912 776 964 λύπτει
807 915 990 980 φιλία.
1035 916 1089 966 Ὀ
1129 918 1233 988 γὰρ
1276 920 1481 989 φίλερις
1521 922 1628 973 ἀπὸ
1656 921 1840 989 μίσους
1872 920 1980 988 ἔχει
2012 918 2106 988 τὴν

571 991 740 1062 ἀρχὴν
789 994 885 1062 τῆς
933 996 1179 1064 τοιαύτης
1214 999 1439 1064 κακίας,
1475 1003 1565 1053 καὶ
1606 1003 1703 1052 οὑκ
1735 1001 1797 1053 ἀν
1839 1018 1918 1063 τις
1968 1001 2107 1052 είποι

571 1074 784 1142 ἀγαπᾷν
817 1076 905 1128 τὸν
937 1077 1349 1144 φιλονεικοῦντα.
1373 1082 1536 1133 Πάλιν
1565 1083 1620 1134 δὲ
1649 1085 1712 1135 ἐκ
1744 1082 1835 1134 106
1870 1083 2106 1135 ἐναντίου

571 1156 599 1205 ὁ
622 1154 693 1223 μὴ
720 1155 1048 1222 φιλονεικῶν,
1073 1159 1353 1229 γνώρισμα
1378 1163 1589 1232 ἀγάπης
1622 1163 1748 1232 ἔχει.
1783 1164 1888 1215 Καὶ
1916 1164 2013 1215 ούκ
2045 1162 2109 1214 ἀν

571 1251 653 1297 τις
682 1235 818 1288 εἴποι
843 1237 1135 1303 φιλόνεικον
1157 1242 1243 1294 τὸν
1263 1245 1551 1310 ἀγαπῶντα
1572 1261 1583 1274 ο
1616 1246 1686 1308 ὼς
1715 1245 1872 1297 πάλιν
1901 1245 1980 1307 τὸ,
2011 1247 2111 1298 Ἐν

573 1316 899 1385 ἐπιθυμίαις
942 1321 1068 1373 ἐστὶ
1101 1321 1216 1388 πᾶς
1255 1325 1488 1393 ἀερτόςο
1534 1327 1624 1380 καὶ
1669 1326 1783 1392 πᾶς
1817 1327 2109 1394 ὀξύθυμος

574 1399 825 1464 πράσσει
838 1401 984 1467 μετὰ
1003 1403 1411 1471 ἀϐουλιάς.Τοῦ
1431 1411 1534 1478 γὰρ
1551 1409 1742 1478 ἀεργοῦ
1764 1409 1857 1477 ἐσή
1867 1425 1998 1478 μανε
2014 1407 2111 1476 τὴν

573 1478 745 1549 ψυχὴν
764 1481 820 1533 ἐν
840 1482 1034 1545 πάσαις
1054 1485 1362 1554 ἐπιθυμίαις
1377 1488 1701 1556 βεϐυοίσθαι,
1718 1492 1810 1542 καὶ
1825 1491 1913 1542 τὸν
1931 1488 2113 1554 ὀξύθυ-

578 1579 677 1654 μζον
699 1563 960 1654 μηδεμίαν
979 1565 1164 1654 έχοντα
1185 1568 1374 1654 βουλὴν
1403 1571 1558 1654 ὀρθὴν
1581 1573 1828 1640 ἐδήλωσε.
1853 1572 1959 1624 Καὶ
1977 1571 2112 1633 ὅλως

576 1644 717 1695 οὗτοι
744 1646 810 1696 τὰ
838 1644 1001 1713 ἠθικά
1032 1649 1227 1716 μᾶλλον
1256 1651 1668 1717 ἀπαγγέλλουσι,
1702 1654 1797 1722 τὴν
1818 1654 1988 1722 ἀρχὴν
2015 1652 2113 1720 τῆς

578 1724 969 1793 πράξεως,ὄθεν
989 1729 1343 1790 συνίστανται,
1357 1733 1623 1798 λέγοντες,
1644 1736 1720 1786 ὅτι
1741 1736 1836 1803 τῆς
1859 1736 1953 1803 μὲν
1975 1734 2114 1801 φιλο-

574 1807 778 1868 νεικίας
799 1813 1108 1878 προηγεῖται
1133 1814 1282 1879 μῖσος
1301 1830 1313 1844 ’
1337 1813 1429 1866 τοῦ
1452 1814 1505 1866 δὲ
1531 1815 1601 1885 μὴ
1620 1815 1933 1883 φιλονεικεῖν
1956 1833 2114 1886 προη-

579 1892 748 1954 γεῖται
769 1890 976 1960 ἀγάπη,
1003 1893 1094 1944 καὶ
1123 1894 1221 1963 τῆς
1251 1895 1348 1965 μὲν
1372 1896 1592 1966 ἀεργίας
1618 1900 1928 1966 προηγεῖται
1957 1898 2112 1966 ἡδονὴ

579 1974 751 2041 κακή·
779 1973 867 2025 106
893 1973 950 2027 δέ
980 1973 1242 2046 ὀξυθύμου
1273 1982 1584 2047 προηγεῖται
1614 1980 1858 2032 ἀϐουλία·
1895 1982 1986 2033 καὶ
2022 1980 2112 2032 106

583 2056 679 2124 μὲν
712 2057 1118 2128 ἐξουθενημένου
1151 2063 1287 2131 ἀρχή
1321 2065 1433 2116 ἐστι
1467 2065 1523 2116 τὸ
1556 2068 1906 2134 καταφρονεῖν
1955 2065 2114 2117 αὑτὸν

579 2135 671 2192 τοῦ
709 2138 868 2207 νόμου
893 2153 908 2170 ⁶
932 2137 1028 2209 τῆς
1065 2142 1121 2194 δὲ
1166 2143 1346 2209 ὑγείας
1398 2148 1709 2214 προηγεῖται
1757 2148 1784 2198 ὁ
1816 2144 1976 2212 φόϐος
2022 2143 2114 2196 τοῦ

580 2219 711 2272 (ε)εοῦ
735 2236 748 2249 ·
786 2222 876 2274 καὶ
902 2223 996 2292 τῆς
1029 2225 1126 2291 μὲν
1158 2226 1423 2289 ἀπωλείας
1453 2228 1550 2296 τῆς
1580 2226 1754 2296 ψυχῆς
1790 2230 1935 2299 ἐστιν
1975 2227 2116 2294 ἀρχὴ

579 2302 639 2353 τὸ
675 2302 974 2369 ἀφύλακτον
1012 2305 1150 2374 ἔχειν
1178 2306 1237 2359 τὸ
1259 2309 1427 2376 στόμα
1449 2326 1462 2340 ·
1492 2309 1580 2361 τοῦ
1617 2311 1669 2362 δὲ
1703 2309 1972 2362 πτοεῖσθαι
1999 2326 2116 2362 τινα

582 2386 894 2453 προηγεῖται
920 2388 952 2455 ὴ
981 2387 1288 2457 προπέτεια.
1318 2390 1469 2443 Οὕτω
1488 2391 1541 2444 δὲ
1570 2393 1798 2461 ἑκάστην
1824 2394 1977 2462 ῥῆσιν
1999 2393 2119 2443 ἀνα-

582 2464 738 2526 λᾷων,
763 2467 1005 2535 εὑρήσεις
1029 2470 1318 2540 είρημένην
1337 2473 1427 2524 καὶ
1451 2474 1834 2542 γεγραμμένην
1864 2473 2000 2541 ὑπὲρ
2026 2471 2118 2525 106

582 2547 703 2607 τοὺς
728 2546 1018 2610 ἀκούοντας
1052 2552 1144 2601 καὶ
1177 2551 1534 2619 μανθάνοντας
1566 2553 1659 2614 τὰς
1685 2553 1854 2622 ἀρχὰς
1882 2553 1989 2604 τῶν
2023 2570 2119 2605 κα-

585 2625 694 2677 κῶν
728 2628 942 2679 καὶτῶν
976 2631 1210 2695 ἀγαθῶν,
1256 2633 1472 2701 φεύγειν
1507 2636 1602 2703 μὲν
1629 2635 1693 2686 τὰ
1722 2636 1915 2702 φαῦλα,
1947 2637 2118 2706 πράτ-

583 2724 694 2760 τειν
720 2709 773 2762 δὲ
805 2711 871 2762 τὰ
894 2711 1088 2778 ἀγαθά.
1133 2715 1433 2783 Αἰνίγματα
1456 2715 1509 2767 δὲ
1539 2718 1628 2769 καὶ
1666 2719 1921 2770 σκοτεινοὶ
1952 2719 2117 2784 λόγοι,

585 2790 772 2852 οἵτινες
805 2791 1056 2861 ἀσφαλεῖς
1087 2796 1185 2863 μὲν
1210 2796 1376 2859 οὕτως
1400 2797 1552 2860 εἰσὶν,
1582 2797 1715 2850 ὥστε
1747 2800 1897 2868 ἀνιᾷν
1921 2800 2008 2851 τὸν
2039 2801 2122 2850 ὲν-

585 2875 909 2943 τυγχάνοντα
935 2875 994 2928 τὸ
1030 2878 1189 2946 μηδὲν
1222 2879 1517 2947 ἐμφαίνειν,
1563 2881 1690 2949 μηδέ
1718 2898 1834 2932 τινα
1875 2881 2122 2933 ὑπόνοιαν

587 2955 873 3024 παρέχειν·
925 2957 1273 3027 ἐρευνώμενοι
1316 2959 1373 3012 δὲ
1415 2961 1558 3028 ὅμως
1598 2962 1892 3014 δεικνύουσι
1935 2963 2021 3014 τὸν
2069 2965 2125 3014 ἐν

587 3038 765 3098 αὐτοῖς
796 3036 937 3089 νοῦν.
968 3033 1080 3090 Οἷοί
1107 3041 1239 3091 εἰσι·
1277 3039 1358 3106 Τῇ
1378 3042 1609 3109 ,ϐδέλλῃ
1641 3044 1790 3110 τρεῖς
1816 3045 2125 3112 θυγατέρες

587 3115 764 3186 ἦσαν,
814 3121 1105 3193 ἀγαπήσει
1153 3124 1552 3192 ἀγαπώμεναιο
1586 3128 1679 3178 καί
1733 3129 1791 3179 αἱ
1837 3127 1988 3194 τρεῖς
2018 3125 2125 3181 αὖ·

589 3216 678 3251 ται
704 3210 744 3265 ⁸,
788 3202 881 3254 καὶ
905 3204 942 3269 ή
968 3203 1208 3271 τετάρτη
1232 3208 1340 3259 οὐκ
1367 3207 1623 3274 ήρκέσθη
1648 3209 1849 3268 εἰπεῖν,
1881 3210 2122 3262 Ἱκανόν.

591 3280 792 3348 ᾍδης,
820 3283 914 3335 καί
953 3284 1097 3350 έρως
1136 3289 1429 3353 τυπαικὸς,
1461 3289 1556 3340 καὶ
1599 3291 1898 3356 τάρταρος,
1929 3291 2021 3341 καί
2049 3289 2124 3356 τῆ

589 3365 697 3415 οὐκ
723 3364 1129 3433 ἐμπιπλαμένη
1159 3366 1303 3437 [579]
1325 3368 1553 3433 ὕδατος,
1581 3371 1676 3421 καί
1706 3371 1857 3436 ὕδωρ
1887 3372 1980 3422 καί
2011 3371 2127 3438 πῦρ

588 3445 660 3496 οὺ
684 3443 769 3511 μὴ
799 3445 1063 3507 εἴπωσιν,
1101 3447 1300 3516 Ἀρκεῖ.
1335 3451 1442 3502 Καὶ
1479 3451 1663 3503 πάλινσ
1699 3453 1829 3517 Τρία
1866 3453 1930 3504 δέ
1966 3453 2130 3504 ἐστιν

585 3524 850 3579 ἀδύνατά
875 3539 976 3595 μοι
1011 3528 1245 3596 νοῆσαι,
1274 3531 1370 3583 καί
1401 3531 1466 3584 τὸ
1498 3531 1774 3598 τέταρτον
1799 3535 1906 3586 οὐκ
1945 3536 2128 3601 ἐπιγι-

589 3607 797 3660 νώσκω
816 3625 832 3639 ο
864 3610 1000 3678 ῖχνη
1038 3610 1211 3665 ἀετοῦ
1239 3612 1578 3681 πετομένου,
1609 3613 1704 3667 καί
1739 3614 1915 3679 όδοὺς
1946 3617 2131 3684 ὄφεως

584 3689 685 3740 ἐπὶ
710 3690 944 3756 πέτρας,
976 3692 1074 3744 καὶ
1099 3694 1330 3760 τρίϐους
1344 3693 1487 3762 νηὸς
1507 3698 2010 3764 ποντοπορούσης,
2034 3699 2131 3750 καὶ

590 3770 768 3835 ὀδοὺς
794 3772 1010 3839 ἀνδρὸς
1040 3773 1109 3825 έν
1154 3776 1416 3841 νεότητι⁸
1447 3777 1540 3829 καὶ
1581 3778 1679 3829 ὅσα
1719 3779 1937 3831 τοιαῦτά
1989 3782 2132 3831 ἐστιν

592 3856 884 3925 αἰνίγματα
906 3873 918 3887 ·
954 3857 1114 3928 ἕτερα
1132 3862 1236 3930 γάρ
1265 3878 1382 3913 τινα
1407 3861 1572 3931 δηλοῖ,
1595 3865 1684 3915 καὶ⁵
1714 3864 1911 3932 ἐτέρων
1934 3863 2134 3917 ἔννοιαν

593 3937 918 4007 παρίστησιο
966 3940 1059 3992 καὶ
1105 3941 1287 4010 ἀσαφῆ
1338 3944 1434 4011 μέν
1477 3945 1609 4004 ἐστι,
1662 3944 2033 4014 κεκρυμμένον
2081 3944 2136 3997 δὲ

590 4019 704 4088 ἔχει
741 4020 829 4072 τὸν
857 4020 1001 4074 νοῦν.
1044 4024 1150 4076 Καὶ
1180 4025 1212 4093 ἡ
1247 4025 1345 4093 μὲν
1389 4026 1609 4096 περιοχὴ
1656 4027 1748 4078 τοῦ
1782 4027 1984 4095 βιϐλίου
2027 4027 2136 4081 τῶν

593 4101 901 4170 Παροιμιῶν
932 4105 1114 4158 τοῦτον
1147 4107 1255 4175 ἔχει
1289 4109 1376 4162 τὸν
1407 4110 1622 4179 τρόπον.

677 4184 740 4236 Ἡ
776 4185 830 4237 δὲ
856 4187 1313 4254 ἀνακεφαλαίωσις
1349 4191 1405 4241 ἐν
1446 4191 1668 4254 τούτοις.
1711 4192 1796 4244 Ἐν
1837 4191 2135 4261 προοιμίοις

594 4271 720 4340 περὶ
740 4271 914 4323 αὐτῶν
933 4272 1038 4324 τῶν
1061 4275 1360 4343 παροιμιῶν
1381 4277 1758 4343 Σολομῶντος
1778 4277 1910 4330 υίοῦ
1937 4277 2135 4340 Δαυίδ,

594 4357 662 4422 ὃς
679 4358 1030 4413 ἐϐασίλευσε
1045 4359 1114 4413 ἐν
1138 4361 1544 4430 Ἰερουσαλὴμ,
1567 4362 1669 4415 τοῦ
1686 4362 1899 4431 γνῶναι
1919 4364 2140 4431 σοφίαν

593 4443 690 4495 καί
717 4444 1004 4498 παιδείαν.
1022 4445 1131 4498 Καὶ
1155 4447 1235 4499 ὅτι
1265 4447 1439 4516 Ἀρχὴ
1465 4449 1678 4516 σοφίας
1698 4449 1878 4515 φόϐος
1898 4449 2136 4514 Κυρίου.

595 4529 728 4598 Περὶ
757 4530 848 4582 106
879 4530 1093 4584 ἀκούειν
1124 4531 1317 4602 νόμους
1351 4533 1568 4603 πατρὸς,
1601 4534 1690 4585 καὶ
1720 4533 1792 4604 μὴ
1821 4532 2139 4588 ἀπώσασθαι

594 4613 822 4684 θεσμοὺς
854 4617 1071 4686 μητρός.
1105 4618 1236 4686 Περὶ
1256 4617 1347 4670 τοῦ
1375 4619 1446 4689 μὴ
1472 4617 1819 4688 πλανηθῆναι,
1845 4619 1978 4688 μηδὲ
2007 4637 2141 4689 συμ-

593 4701 913 4770 πορεύεσθαι
956 4703 1106 4766 ὁδοὺς
1155 4703 1290 4774 μετά
1339 4704 1443 4757 τῶν
1497 4704 1881 4757 συντελούντων
1931 4705 2137 4774 ἀνομα⁶

593 4787 765 4840 κοινὸν
797 4788 902 4858 γὰρ
941 4787 1214 4856 βαλάντιον
1257 4789 1563 4860 κέκτηνται.
1601 4791 1720 4843 ’Ὀτι
1751 4791 1909 4859 σοφία
1943 4793 1999 4843 ἐν
2025 4790 2140 4854 ἐξό-

589 4873 698 4934 δοις
724 4874 988 4943 ὑμνεῖται,
1025 4875 1236 4938 ἀσεϐεῖς
1263 4875 1318 4926 δὲ
1350 4877 1608 4945 ἐμίσησαν
1631 4877 1897 4947 αἴσθησιν.
1926 4877 2141 4947 Ἐπειδὴ

592 4957 834 5021 ἐκάλουν,
883 4958 975 5010 καὶ
1024 4959 1118 5027 ούχ
1153 4959 1464 5028 ύπήκουσάν
1507 4978 1624 5030 μου,
1672 4961 1757 5014 διὰ
1794 4960 1970 5023 τοῦτο,
2016 4961 2142 5013 ὅταν

593 5042 920 5096 καλέσωνταί
959 5061 1045 5113 με,
1076 5046 1170 5115 οὐχ
1205 5047 1575 5115 ὑπακούσομαι
1620 5047 1812 5099 αὐτῶν.
1847 5048 1979 5117 Περὶ
2022 5046 2139 5109 106,

593 5129 776 5194 Δέχου
802 5131 1013 5195 ῥήσεις
1043 5130 1321 5195 ἐντολῶν,
1355 5130 1449 5184 καὶ
1483 5133 1892 5186 είσακούσεται
1926 5134 2144 5201 σοφίας

591 5212 656 5264 τὸ
677 5209 782 5278 οὖς
798 5231 929 5276 σου,
948 5217 1043 5266 ἵνα
1060 5217 1336 5283 συνήσῃς
1347 5216 1730 5281 δικαιοσύνην
1749 5219 1844 5271 καὶ
1860 5219 2050 5287 κρίμα.
2071 5215 2144 5270 Ὦ

593 5301 644 5350 οί
666 5301 1087 5363 καταλιπόντες
1120 5302 1293 5366 ὀδοὺς
1320 5303 1568 5366 εὐθείας,
1598 5303 1693 5354 καὶ
1724 5304 2028 5370 χαίροντες
2045 5305 2144 5357 ἐπὶ

593 5383 922 5452 διαστροφῇ
950 5383 1122 5451 κακῇ.
1147 5387 1277 5456 Περὶ
1293 5387 1405 5448 106,
1424 5386 1515 5450 Μή
1535 5402 1607 5440 σε
1626 5389 1927 5454 καταλάϐῃ
1942 5391 2142 5457 βουλὴ

595 5470 767 5537 κακὴ,
793 5472 891 5525 ἵνα
915 5471 1094 5540 εὕρῃς
1123 5473 1352 5539 τρίϐους
1381 5472 1763 5541 δικαιοσύνης
1800 5473 1986 5538 λείας.
2015 5476 2144 5543 Περὶ

665 5742 686 5769 ³
702 5732 885 5801 Snpple
909 5752 937 5788 ε
962 5739 1084 5790 Bibl.
1108 5741 1194 5788 οὐκ
1220 5741 1560 5801 ἐνεπίμπλασαν
1582 5741 1743 5799 αὑτήν.

1241 396 1298 449 S.
1336 393 1614 451 JOANNIS
1650 393 2138 452 CllllYSOSTOMl
2171 392 2482 450 ARCHIEP.
2519 392 3059 450 CONSTANTINOP.

3657 405 3769 460 374

2212 506 2305 560 τοῦ
2336 507 2409 578 μὴ
2430 505 2870 562 ἐπιλανθάνεσθαι
2893 521 2950 557 σε
2977 505 3204 574 τήρησιν
3232 500 3413 571 νόμου,
3441 500 3525 553 ῐνα
3555 516 3761 569 μακρο-

2213 591 2414 663 ϐιώσῃς
2455 593 2512 645 ὲν
2543 593 2749 662 εἰρήνῃ.
2794 590 2927 660 Περὶ
2965 588 3058 640 106
3106 583 3241 640 εἶναι
3279 603 3337 638 σε
3371 586 3662 638 πεποιθότα
3701 587 3760 636 ἐν

2212 679 2306 748 ὅλῃ
2337 677 2528 748 καρδία
2555 679 2644 730 ἐπὶ
2663 675 2799 745 Θεῷ,
2821 676 2914 728 καὶ
2936 676 3008 744 μὴ
3033 671 3169 726 εἶναι
3195 673 3448 741 φρόνιμον
3476 674 3602 739 παρ’
3633 673 3761 723 ἐαυ-

2213 763 2308 833 τῷ,
2339 763 2472 816 ἀλλά
2505 764 2667 832 τιμᾷν
2693 762 2783 813 τὸν
2808 761 3006 830 Κύριον
3035 760 3141 812 ἀπὸ
3171 759 3274 810 τῶν
3313 758 3529 810 δικαίων
3560 758 3758 810 πόνων.

2213 849 2348 918 Περὶ
2377 849 2470 901 τοῦ
2519 848 2594 918 μὴ
2638 847 2913 916 ὀλιγωρεῖν
2942 845 3186 906 παιδείας
3229 842 3461 912 Κυρίου·
3503 845 3611 895 ’ον
3651 845 3760 910 γὰρ

2212 933 2410 1003 ἀγαπᾷ
2429 935 2659 1000 Κύριος,
2688 931 2966 984 παιδεύει.
2999 930 3127 994 Καὶ,
3148 927 3440 994 Μακάριος
3455 927 3759 994 ἄνθρωπος

2214 1022 2282 1087 ὃς
2312 1023 2456 1089 εὕρῃ
2507 1021 2747 1089 σοφίαν.
2785 1019 2918 1089 Περὶ
2960 1016 3054 1070 τοῦ
3105 1017 3178 1086 μὴ
3221 1015 3629 1084 παραῤῥύεσθαί
3674 1031 3757 1074 σε,

2213 1107 2348 1161 ἀλλά
2385 1108 2568 1177 τηρεῖν
2612 1104 2800 1174 βουλὴν
2838 1104 2932 1157 καὶ
2967 1103 3188 1163 ἔννοιαν,
3222 1102 3306 1154 ῐνα
3333 1100 3482 1153 ἔσται
3524 1099 3665 1162 ἴασις
3693 1099 3759 1168 τῇ

2217 1193 2376 1262 σαρκί
2415 1209 2527 1245 σου.
2557 1190 2691 1262 Περὶ
2713 1187 2807 1242 106
2840 1187 2914 1259 μὴ
2949 1186 3277 1256 ἀποσχέσθαι
3306 1183 3364 1240 εὖ
3388 1189 3558 1238 ποιεῖν
3584 1185 3759 1252 ἐνδεῆ,

2214 1279 2373 1348 ἡνίκα
2403 1276 2469 1330 ἀν
2499 1276 2595 1346 ἔχῃ
2629 1276 2662 1345 ἡ
2704 1274 2823 1344 χείρ
2854 1291 2944 1326 σου
2972 1273 3202 1342 βοηθεῖν.
3236 1271 3362 1332 Καὶ,
3398 1272 3485 1340 Μὴ
3516 1270 3762 1322 τέκταινε

2217 1366 2308 1419 ἐπὶ
2333 1366 2410 1433 σῷ
2430 1364 2563 1433 φίλῳ
2583 1362 2743 1424 κακὰ,
2765 1363 2845 1415 ὅτι
2870 1360 3170 1428 ἀκάθαρτος
3189 1358 3412 1415 ἐνώπιον
3428 1357 3627 1426 Κυρίου
3654 1357 3762 1418 πᾶς

2218 1452 2544 1521 παράνομος.
2576 1449 2718 1511 Ὅτι,
2751 1447 2962 1514 Κύριος
2994 1443 3389 1512 ὑπερηφάνοις
3417 1442 3762 1496 ἀντιτάσσε-

2217 1555 2330 1598 ται,
2360 1535 2656 1601 ταπεινοῖς
2683 1533 2750 1586 δὲ
2774 1532 3127 1602 μεταδίδωσι
3154 1530 3344 1599 χάριν.
3377 1528 3482 1582 Καὶ
3517 1526 3642 1594 περὶ
3668 1525 3763 1577 τοῦ

2219 1622 2432 1677 ἀκούειν
2462 1621 2702 1683 παιδείας
2727 1619 2945 1688 πατρός.
2980 1617 3109 1687 Περὶ
3146 1614 3260 1680 106,
3292 1613 3402 1674 Υίέ,
3437 1612 3546 1681 ἐμῇ
3583 1611 3764 1678 ῥήσει

2220 1709 2494 1777 πρόσεχε,
2530 1706 2629 1762 καί
2676 1705 2838 1773 πάσῃ
2870 1701 3112 1773 φυλακῇ
3147 1700 3306 1768 τήρει
3343 1699 3464 1764 σὴν
3493 1697 3761 1763 καρδίαν,

2221 1796 2312 1848 καὶ
2340 1795 2539 1864 Κύριος
2575 1791 2738 1862 ὀρθὰς
2765 1791 2973 1860 ποιησει
3003 1788 3097 1850 τὰς
3132 1785 3351 1854 τροχιάς
3373 1803 3483 1837 σου.
3507 1783 3642 1849 Περὶ
3668 1779 3762 1832 106

2223 1881 2296 1950 μὴ
2334 1879 2613 1948 προσέχειν
2655 1875 2828 1946 φαύλῃ
2874 1872 3118 1943 γυναικί·
3153 1871 3343 1934 Ὁδοὺς
3383 1872 3488 1936 γὰρ
3515 1867 3655 1933 ζωῆς
3692 1867 3764 1919 οὐ

2215 1966 2572 2035 μετέρχεται.
2590 1962 2821 2032 μακρὰν
2850 1960 3103 2027 ποίησον
3128 1959 3229 2011 ἀπ’
3254 1956 3440 2023 αὐτῆς
3467 1953 3753 2007 σύνοδον.

2222 2053 2353 2122 Περὶ
2374 2050 2486 2112 τοῦ,
2529 2049 2668 2102 Πῒνε
2705 2047 2890 2100 ὕδατα
2927 2045 3041 2099 ἀπὸ
3081 2043 3207 2097 σῶν
3245 2042 3491 2110 ἀγγείων
3518 2055 3533 2071 ·
3572 2040 3665 2091 καὶ
3705 2039 3769 2090 Ἠ

2222 2137 2379 2205 πηγὴ
2415 2136 2518 2189 τοῦ
2551 2133 2765 2198 ὕδατός
2797 2148 2909 2184 σου
2931 2121 3082 2182 ἔστω
3102 2143 3197 2181 σοι
3225 2127 3411 2194 ήδεῖα.
3447 2127 3546 2178 Ἐν
3565 2126 3672 2190 τὰρ
3691 2122 3765 2190 τῇ

2223 2225 2436 2288 ταύτης
2458 2221 2639 2289 σοφίᾳ
2659 2216 3250 2287 συμπεριφερόμενος,
3272 2210 3608 2274 πολλοστὸς
3627 2210 3763 2276 ἔσῃ.

2228 2311 2336 2363 Ἴθι
2387 2307 2534 2374 πρὸς
2583 2306 2688 2358 τὸν
2729 2304 3023 2372 μύρμηκα,
3078 2296 3124 2354 ὦ
3170 2298 3382 2365 ὀκνηρέ
3421 2297 3622 2358 νεανία,
3668 2293 3767 2346 καί

2225 2395 2392 2462 γίνου
2430 2390 2794 2460 σοφώτερος·
2832 2387 2920 2442 ὅτι
2949 2386 3185 2452 πολλὴν
3214 2385 3282 2437 ὲν
3309 2379 3388 2446 τῷ
3417 2380 3616 2449 ἀμητῷ
3649 2395 3773 2431 ποι·

2225 2480 2369 2533 εἷται
2400 2478 2511 2544 τὴν
2544 2476 2880 2543 παράχυσιν
2902 2473 2950 2525 δ.
2990 2471 3120 2541 Περὶ
3155 2469 3244 2522 106
3284 2468 3595 2537 πορεύοντος
3635 2465 3770 2533 πρὸς

2226 2567 2320 2636 τὴν
2353 2566 2628 2634 μέλισσαν,
2651 2561 2756 2616 Καὶ
2779 2561 2927 2630 μάθε
2956 2560 3034 2626 ὡς
3054 2557 3283 2626 ἐργάτις
3309 2555 3456 2608 ἐστί.
3493 2554 3626 2618 Περὶ
3652 2551 3769 2614 τοῦ,

2230 2655 2379 2716 Ἕως
2394 2652 2554 2714 πότε,
2575 2648 2812 2715 ὀκνηρέ,
2836 2645 3204 2704 κατάκεισαι;
3229 2641 3430 2707 Ὀλίγον
3450 2640 3543 2709 μὲν
3563 2639 3769 2698 ὑπνοῖς,

2227 2735 2403 2801 ὀλίγον
2453 2734 2510 2787 δὲ
2555 2732 2807 2800 κάθησαι.
2853 2730 2949 2782 Διά
2993 2728 3147 2781 10610
3195 2725 3448 2792 ἐξαπίνης
3495 2723 3708 2791 ἔρχεται
3738 2722 3774 2789 ἡ

2230 2819 2472 2873 ἀπώλειά
2511 2836 2623 2873 σου.
2675 2817 2809 2884 Περὶ
2851 2814 3091 2882 φυλακῆς
3145 2811 3321 2879 νόμων
3369 2807 3604 2877 πατρός⁶
3653 2807 3774 2857 Ὀτι

2229 2906 2456 2971 λύχνος
2481 2901 2738 2955 ἐντολῶν
2757 2901 2853 2953 καί
2873 2899 2994 2967 φῶς
3017 2898 3146 2950 ἐστι
3171 2896 3267 2947 καὶ
3289 2893 3435 2960 ζωῆς
3456 2891 3612 2955 όδός.
3639 2891 3778 2958 Περὶ

2231 2991 2346 3055 τοῦ,
2399 2988 2698 3044 Ἀποθέσει
2728 2997 2751 3025 ε
2783 3004 2871 3051 τις
2900 2985 3016 3051 πῦρ
3048 2984 3117 3036 ἐν
3137 2984 3357 3045 κόλπῳ,
3396 2979 3465 3032 τὰ
3495 2978 3560 3030 δέ
3584 2977 3779 3044 Ιμὰτια

2232 3077 2415 3134 αὐτοῦ
2444 3077 2513 3129 οὐ
2548 3073 2935 3132 κατακαύσεις
2965 3072 3002 3136 ἢ
3032 3067 3407 3136 περιπατήσει
3440 3065 3530 3116 ἐπ’
3566 3061 3780 3127 ἀνθρά-

2233 3180 2352 3218 κων
2384 3160 2590 3228 πυρὸς,
2617 3158 2756 3223 τοὺς
2784 3157 2849 3209 δὲ
2877 3155 3063 3220 πόδας
3091 3157 3160 3208 οὐ
3191 3151 3544 3206 κατακαύσει
3567 3144 3778 3210 οὗτος;

2246 3251 2298 3302 '0
2360 3245 2644 3300 είσελθὼν
2691 3243 2836 3314 [580]
2888 3243 2974 3307 είς
3022 3239 3274 3306 γυναῖκα
3323 3235 3622 3302 ὕπανδρον
3665 3233 3782 3285 οὐκ

2234 3334 2659 3400 ἀθωωθήσεται.
2702 3329 2831 3399 Περὶ
2860 3326 2976 3388 106.
3006 3328 3087 3380 Οὐ
3133 3322 3472 3392 θαυμαστὸν
3507 3321 3612 3372 ἐὰν
3651 3316 3784 3370 κλέ-

2237 3437 2397 3473 πτων
2438 3420 2562 3482 ἀλῶ
2605 3435 2685 3481 τις
2711 3431 2724 3446 ο
2757 3414 2996 3467 κλέπτει
3049 3413 3157 3480 γὰρ
3187 3411 3287 3463 ἵνα
3339 3405 3616 3476 ἐμπλήσῃ
3665 3403 3785 3467 τὴν

2236 3504 2444 3572 ψυχὴν
2478 3501 2659 3555 αὑτοῦ
2697 3498 3023 3552 πεινῶσαν·
3059 3499 3091 3551 ό
3118 3494 3185 3548 δέ
3218 3493 3426 3563 μοιχὸς
3457 3491 3527 3544 δι’
3551 3489 3779 3543 ἔνδειαν

2239 3589 2468 3659 φρενῶν
2492 3585 2706 3642 ἀπολεῖ
2729 3585 2842 3651 τὴν
2869 3580 3078 3650 ψυχὴν
3111 3579 3314 3635 αὐτοῦ.
3342 3579 3471 3646 Περὶ
3499 3574 3612 3636 τοῦ,
3643 3574 3784 3639 Τίμα

2237 3677 2343 3728 τὸν
2373 3675 2536 3737 Θεὸν,
2584 3673 2658 3726 ίαῖ
2692 3671 2980 3738 ἰσχύσεις,
3009 3668 3104 3720 καὶ
3139 3666 3414 3734 φύλασσε
3444 3661 3584 3729 ἐμὰς
3614 3659 3786 3711 ἐντο-

2239 3768 2371 3832 λὰς,
2402 3764 2499 3818 καὶ
2548 3762 2878 3830 ἐπίγραψον
2927 3759 3109 3823 αὑτὰς
3152 3755 3246 3810 ἐπὶ
3288 3754 3354 3807 τὸ
3401 3751 3624 3814 πλάτος
3672 3747 3789 3812 τῆς

2242 3850 2484 3918 καρδίας
2509 3862 2644 3910 σου,
2674 3847 2772 3899 ἵνα
2795 3843 3097 3912 τηρήσωσί
3126 3858 3199 3895 σε
3227 3839 3340 3895 ἀπὸ
3371 3835 3649 3906 γυναικὸς
3679 3834 3790 3886 ἀλ-

2243 3937 2482 4002 λοτρίας
2519 3935 2614 3987 καί
2644 3932 2886 3999 πόρνης.
2925 3930 3058 4001 Περὶ
3096 3928 3189 3981 106
3219 3924 3446 3997 κηρύξαί
3485 3940 3543 3974 σε
3576 3921 3787 3985 σοφίαν,

2243 4023 2320 4075 ὅτι
2347 4022 2430 4074 ἐπ’
2457 4021 2638 4091 ἀκρων
2657 4020 2763 4073 τῶν
2787 4019 3002 4089 ὑψηλῶν
3030 4019 3194 4079 ἐστιν,
3219 4016 3298 4068 ὅτι
3325 4011 3619 4080 τιμιωτέρα
3643 4006 3791 4058 ἐστὶν

2243 4107 2524 4178 ἀργυρίου.
2565 4107 2658 4159 καὶ
2704 4105 3044 4174 γνησιωτέρα
3079 4101 3218 4170 ὑπὲρ
3257 4097 3472 4168 χρυσίον
3513 4094 3793 4178 δεδοκιμαο

2246 4175 2456 4263 σμένον,
2476 4192 2568 4244 καὶ
2582 4193 2680 4254 ὅτι,
2698 4190 2860 4252 Φόϐος
2882 4189 3084 4258 Κυρίου
3109 4186 3251 4255 μισεῖ
3270 4181 3492 4234 ἀδικίαν.
3520 4177 3654 4247 Περὶ⁵
3675 4175 3790 4235 106,

2246 4281 2456 4346 Κύριος
2485 4277 2685 4330 έκτισέ
2715 4293 2784 4342 με
2811 4273 3006 4341 ἀρχὴν
3031 4270 3183 4325 όδῶν
3205 4265 3387 4322 αὑτοῦ
3421 4268 3504 4330 είς
3530 4265 3669 4330 ἔργα
3688 4264 3796 4346 αὐτ

2245 4345 2370 4415 τοῦ.
2415 4362 2546 4430 Περὶ
2594 4359 2708 4422 τοῦ,
2758 4361 2838 4411 ὅτι
2885 4359 2955 4411 Ἡ
3001 4356 3183 4423 σοφία
3229 4351 3570 4419 ᾠκοδόμησε
3613 4345 3796 4413 ἑαυτῇ

2247 4443 2428 4503 οἷκον.
2479 4447 2611 4516 Περὶ
2638 4443 2730 4497 τοῦ
2753 4483 2768 4508 ,
2805 4445 3048 4511 Ἔλεγχε
3089 4442 3315 4507 σοφὸν,
3364 4437 3460 4489 καί
3499 4433 3795 4502 ἀγαπήσει

2247 4552 2338 4588 σε.
2382 4533 2522 4588 Ἐὰν
2549 4531 2923 4602 σοφὸςκγένῃ,
2954 4527 3180 4591 σεαυτῷ
3203 4529 3338 4593 ἐστι,
3372 4525 3466 4577 καὶ
3491 4524 3615 4586 τοῖς
3644 4525 3795 4586 πλη-

2248 4624 2386 4676 σίον
2405 4637 2519 4677 σου
2539 4636 2551 4649 ·
2585 4621 2691 4674 ἐὰν
2714 4619 2779 4672 δὲ
2800 4617 2983 4683 κακὸς
3001 4613 3249 4681 ἀποϐῇς,
3268 4613 3452 4681 μόνος
3476 4610 3798 4672 ἀντλήσεις

2249 4710 2319 4763 τὰ
2345 4708 2514 4763 κακά.
2553 4709 2670 4761 Ὅτι
2711 4708 2861 4776 γυνὴ
2901 4704 3099 4772 ἄφρων
3144 4701 3240 4754 καί
3286 4697 3548 4765 θρασεῖα,
3587 4693 3797 4758 ἐνδεὴς

2249 4797 2453 4865 ψωμοῦ
2504 4796 2741 4862 γίνεται.
2782 4792 2961 4846 Πενία
3001 4790 3186 4855 ἄνδρα
3233 4785 3530 4840 ταπεινοῖ·
3574 4782 3700 4847 υίὸς
3731 4781 3798 4833 δέ

2249 4883 2710 4950 πεπαιδευμένος
2742 4881 2928 4948 σοφὸς
2953 4879 3138 4931 ἔσται.
3171 4874 3384 4942 Μνήμη
3417 4872 3649 4925 δικαίου
3672 4867 3796 4936 μετ’

2249 4974 2564 5041 ἐγκωμίων.
2603 4973 2705 5034 Ὃς
2741 4969 3039 5036 πορεύεται
3087 4963 3310 5028 ἁπλῶς,
3353 4964 3656 5029 πορεύεται
3700 4972 3801 5009 3:0-

2251 5058 2478 5122 ποιθώς.
2515 5059 2617 5120 Ὃς
2655 5057 2722 5106 ἐκ
2757 5053 3000 5121 χειλέων
3038 5051 3310 5118 προφέρει
3338 5049 3580 5116 σοφίαν,
3603 5043 3802 5111 ῥάϐδῳ

2251 5145 2450 5197 τύπτει
2493 5142 2676 5208 ἀνδρα
2708 5138 3007 5205 ἀκάρδιον.
3051 5137 3259 5201 Ὀδοὺς
3300 5133 3446 5202 ζωῆς
3499 5129 3801 5200 φυλάσσει

2252 5228 2515 5280 παιδεία·
2566 5225 2936 5278 καλύπτουσι
2981 5221 3046 5274 δέ
3097 5222 3315 5290 ἔχθραν
3357 5219 3526 5286 χείλη
3581 5214 3795 5266 δίκαια.

2257 5315 2480 5382 Ἄφρων
2502 5311 2756 5378 πράσσει
2777 5308 2927 5361 κακά
2953 5324 2963 5337 ·
2992 5309 3183 5374 στόμα
3208 5307 3273 5358 δέ
3292 5305 3519 5358 δικαίου
3539 5298 3798 5355 ἀποστά-

2313 5555 2342 5592 b
2367 5553 2490 5601 Bibl.
2515 5549 2781 5611 παράθεσιν.
2804 5546 2911 5594 Mox
2937 5543 3202 5606 legendum
3226 5539 3416 5587 videtur
3445 5535 3550 5596 περὶ
3571 5530 3674 5592 τοῦ,
3700 5531 3796 5580 Πο-

2256 5606 2733 5679 ρεύθητιηρυηῐΒίΡῙ·
2839 5663 2942 5679 η...
3015 5664 3029 5679 .
3107 5663 3154 5677 ..
3277 5663 3322 5679 -.
3365 5657 3390 5679 ι
3431 5655 3506 5679 -..~

2839 5663 2964 5714 Bibl.
3008 5663 3238 5724 ἀποδὴσει
3275 5655 3602 5724 ρξᾷποδέσει.
3642 5652 3796 5714 Supra

2257 5715 2840 5789 γετεῖιξέθςιιρὶιὶσέοχιὶ
2863 5729 3004 5773 aliter
3027 5715 3203 5784 legilinr
3227 5718 3274 5767 in
3301 5715 3485 5766 Bibliis.
