4000 6220
239 386 352 442 373

226 505 347 557 (pne
376 488 641 542 dicuntur.
677 488 751 541 Ex
785 485 911 556 ipsis
935 486 1076 541 enim
1105 501 1197 555 per
1229 484 1625 539 similitudinem
1651 481 1792 551 quod

228 579 420 633 dit-itur
450 578 777 645 intelligitur.
808 577 881 632 Ita
911 592 1136 647 namque
1162 577 1414 630 Dominus
1437 618 1452 642 ,
1484 584 1541 628 ut
1561 576 1634 628 ait
1660 575 1793 627 Mar-

226 682 342 730 cus,
371 665 499 719 dicit
524 684 537 720 :
562 665 656 720 Cui
683 668 968 720 assimilabo
990 682 1195 736 regnum
1234 664 1331 719 Dei
1351 667 1376 718 Ρ
1402 674 1488 717 aut
1515 681 1615 733 qua
1644 680 1793 733 para-

224 759 339 811 bola
366 759 670 812 aduntbrabo
692 759 818 812 illud
840 758 1031 827 (Marc.
1059 759 1112 812 4.
1132 756 1265 827 '50)?
1293 766 1471 824 utpote
1493 770 1612 810 cum
1642 769 1791 823 para-

224 848 344 901 baila
367 847 437 901 sit
456 847 522 902 de
546 848 703 902 rebus
733 863 827 918 per
849 848 1240 903 similitudinem
1269 845 1443 903 dictis.
1471 844 1602 899 Cum
1624 845 1791 898 dixis-

222 947 305 990 Set
327 939 470 991 etum
504 954 518 991 :
553 936 731 991 Simile
754 946 827 991 est
854 953 1057 1007 regnum
1084 935 1197 1001 Dei,
1229 934 1420 989 deinde
1441 934 1637 998 intulit,
1666 932 1790 987 Ideo

222 1030 276 1080 in
302 1028 555 1098 parabolis
582 1029 757 1098 loquor
782 1028 882 1082 illis
908 1025 1115 1097 (Matth.
1149 1027 1235 1081 15.
1265 1027 1352 1080 51.
1379 1026 1449 1081 55
1472 1033 1520 1080 et
1549 1025 1655 1095 15).
1685 1024 1793 1078 Ηυ-

218 1120 451 1190 jusmodi
488 1121 663 1189 itaque
691 1128 817 1174 sunt
845 1118 1109 1189 parabolae
1141 1136 1154 1171 :
1193 1136 1212 1169 ι
1237 1117 1386 1171 Sicut
1410 1116 1625 1171 emissio
1654 1114 1792 1169 nivis

221 1227 276 1265 ιιι
299 1226 472 1266 messe
496 1212 687 1265 allevat
708 1220 892 1266 aestum
916 1250 931 1274 ,
960 1210 1036 1263 sic
1060 1209 1272 1263 nuntius
1299 1206 1467 1262 ﬁdelis
1492 1207 1555 1260 iis
1580 1206 1668 1276 qui
1693 1206 1791 1258 mi-

219 1311 408 1355 serunt
450 1316 571 1354 eum
600 1318 619 1352 ι
653 1298 853 1371 (Prov.
884 1298 974 1353 25.
1004 1299 1125 1367 15).
1170 1298 1237 1351 Et
1276 1310 1485 1351 rursum
1519 1313 1532 1349 :
1586 1315 1603 1347 ι
1641 1295 1791 1351 Sicut

220 1394 387 1458 venti,
416 1402 471 1448 et
496 1393 671 1447 nubes
696 1402 750 1449 et
779 1393 967 1463 pluvim
992 1431 1007 1457 ,
1035 1392 1112 1445 sic
1137 1389 1224 1459 qui
1252 1390 1545 1459 gloriantur
1570 1388 1621 1442 in
1649 1388 1790 1442 dono

219 1482 462 1540 mendaci
495 1501 513 1535 ι
548 1482 711 1555 (Ibid.
742 1500 790 1536 v.
824 1482 963 1551 14),
997 1490 1051 1536 et
1078 1480 1161 1534 his
1189 1480 1405 1533 similia.
1446 1479 1591 1533 Dicta
1630 1492 1790 1547 porro

216 1576 514 1641 sapientum
558 1582 713 1637 sunt,
763 1588 864 1627 non
908 1570 1231 1641 sophismata
1262 1569 1542 1623 verborum
1569 1608 1583 1632 ,
1618 1582 1789 1636 neque

216 1679 490 1718 sermones
510 1662 891 1731 probabilitatis
912 1662 1087 1729 specie
1102 1660 1445 1728 decipientes,
1476 1657 1569 1712 sed
1598 1658 1704 1712 veri
1734 1665 1789 1713 et

215 1754 484 1807 accurati:
512 1768 615 1807 non
637 1752 784 1822 quasi
810 1752 1048 1821 jussione
1066 1751 1337 1819 cujusdam
1366 1748 1549 1814 habiti,
1574 1747 1667 1804 sed
1694 1762 1787 1817 per

215 1860 277 1900 se
322 1844 433 1899 noti
457 1885 473 1910 ,
511 1854 566 1899 et
603 1844 752 1913 quasi
796 1842 1074 1898 sententiae
1114 1856 1298 1895 eorum
1340 1840 1549 1910 prolati.
1589 1840 1785 1906 Quales

212 1947 379 1992 sunt:
413 1956 430 1988 ι
455 1936 627 1993 Corde
665 1938 875 1991 laetante
896 1975 911 2000 ,
938 1934 1092 1989 ﬂoret
1115 1935 1319 1997 vultus;
1351 1947 1472 1987 cum
1512 1942 1688 1986 autem
1731 1932 1782 1984 in

214 2028 424 2082 tristitia
447 2037 549 2093 est,
573 2026 887 2096 deprimitur
907 2044 926 2077 ι
959 2023 1137 2095 (Prov.
1167 2024 1250 2078 15.
1277 2024 1397 2091 15).
1428 2024 1494 2076 Et
1523 2041 1541 2074 ι
1574 2021 1677 2076 Cor
1702 2036 1786 2076 re-

210 2130 355 2173 ctum
382 2120 573 2188 quaerit
597 2133 841 2183 sensum;
870 2131 932 2171 os
956 2124 1132 2170 autem
1163 2114 1666 2184 indisciplinatorum
1694 2129 1783 2169 co-

209 2221 431 2277 gnoscet
458 2210 594 2263 mala
621 2227 640 2261 ι
673 2208 812 2280 (Ibid
854 2224 901 2261 v.
928 2208 1039 2278 14).
1072 2207 1157 2272 Ει,
1185 2224 1202 2257 t
1227 2205 1416 2260 Odium
1442 2206 1636 2260 excitat
1654 2219 1782 2260 eon-

212 2301 506 2355 tentionetn
541 2318 554 2353 :
596 2315 781 2354 omnes
820 2309 997 2354 autem
1034 2311 1160 2360 eos,
1202 2298 1289 2367 qui
1328 2296 1644 2351 contentiosi
1676 2310 1778 2350 non

207 2403 354 2454 sunt,
380 2393 609 2461 contegit
630 2392 859 2445 amicitia
884 2409 902 2443 ι
935 2390 1113 2461 (Prov.
1144 2389 1229 2445 10.
1257 2388 1367 2459 12).
1400 2388 1485 2454 Ει,
1521 2406 1539 2439 t
1566 2388 1663 2455 Qui
1688 2402 1779 2441 ne-

206 2485 408 2556 gotium
432 2485 725 2539 contemnit
739 2492 1108 2539 contemnetur
1127 2483 1195 2537 ab
1215 2482 1330 2550 ipso
1347 2500 1359 2536 :
1378 2482 1465 2551 qui
1486 2494 1612 2535 vero
1632 2495 1777 2533 man-

204 2575 391 2627 datum
412 2583 643 2639 veretur,
674 2574 760 2628 ille
785 2590 945 2628 sanus
970 2583 1049 2627 est
1072 2592 1088 2624 ι
1122 2571 1272 2642 (Cap.
1298 2573 1383 2626 15.
1406 2568 1516 2640 15).
1541 2570 1775 2623 Aliorum

206 2679 439 2734 namque
482 2664 750 2719 hominum
799 2678 1071 2718 sermones
1115 2671 1171 2717 ut
1218 2661 1500 2730 plurimum
1546 2660 1774 2729 ambigui

205 2764 333 2807 sunt
363 2770 376 2805 :
406 2754 724 2822 sapientium
754 2768 898 2818 vero,
927 2754 1109 2822 quales
1135 2761 1258 2806 sunt
1285 2750 1517 2816 isti,vcri
1545 2759 1689 2815 sunt,
1723 2759 1776 2803 et

205 2844 353 2898 eunti
381 2858 443 2897 ex
472 2857 617 2913 parte
642 2844 899 2907 accurati,
932 2843 1000 2896 ita
1027 2852 1083 2895 ut
1110 2842 1324 2896 minime
1355 2842 1482 2909 ipsis
1506 2840 1775 2895 contradi-

203 2945 376 2988 catnr.
408 2936 467 2989 Et
492 2935 580 2989 alii
607 2936 815 3005 quidem
849 2935 1089 2988 homines
1118 2950 1181 2989 ex
1214 2935 1317 2989 line
1342 2934 1517 3003 Operis
1545 2948 1654 2987 rem
1680 2932 1771 2987 de-

203 3028 449 3092 clarant;
477 3027 773 3096 cujusmodi
804 3038 885 3082 est
915 3026 1041 3080 illud
1074 3045 1085 3080 :
1121 3026 1334 3093 iniquus
1361 3040 1446 3079 res
1475 3035 1557 3079 est
1587 3024 1723 3077 mala
1754 3040 1767 3085 ;

202 3129 256 3170 et
286 3117 522 3173 moechus
551 3133 765 3186 pravmn
793 3117 916 3186 quid
946 3126 1046 3181 est,
1072 3117 1209 3185 quod
1234 3116 1403 3171 cuivis
1432 3114 1768 3169 manifestum

200 3217 307 3264 est.
347 3207 623 3276 Sapientes
653 3216 826 3261 autem
867 3208 1068 3260 initium
1098 3221 1317 3275 operum
1354 3206 1647 3276 prmdicunt
1669 3245 1687 3273 ,
1717 3213 1771 3260 et

199 3300 351 3368 quasi
378 3298 614 3369 symbola
639 3299 798 3352 animi
825 3307 1021 3352 motum
1047 3299 1416 3367 praenuntiant,
1441 3308 1497 3351 nt
1525 3300 1766 3369 quisque,

201 3390 395 3455 agnitis
422 3389 679 3444 malorum
716 3389 985 3458 principiis
1008 3429 1021 3454 ,
1054 3389 1154 3443 sibi
1187 3399 1409 3452 caveat,
1448 3390 1620 3458 qualia
1647 3398 1769 3443 sunt

197 3479 443 3546 superius
479 3478 617 3533 dicta
650 3495 661 3532 :
699 3479 885 3533 Odium
923 3481 1131 3533 suscitat
1164 3481 1559 3544 contentionem,
1599 3497 1766 3535 omnes

202 3579 397 3632 autem,
426 3570 512 3637 qui
536 3586 635 3622 non
669 3569 972 3622 contendunt
991 3610 1005 3633 ,
1034 3571 1245 3639 contegit
1270 3570 1507 3623 amicitia.
1531 3570 1765 3626 Conten-

203 3662 367 3714 tiosus
394 3661 535 3714 enim
564 3676 627 3713 ex
655 3661 775 3715 odio
802 3662 1014 3714 malitias
1045 3660 1199 3729 hujus
1227 3662 1540 3729 principium
1573 3661 1762 3727 habet,

206 3765 303 3809 nec
328 3751 584 3820 quispiam
606 3752 796 3806 dixerit
816 3752 1199 3805 contentiosum
1228 3765 1285 3805 se
1307 3750 1546 3819 diligere.
1569 3750 1765 3805 Contra

202 3841 289 3909 qui
316 3844 680 3896 contentiosns
712 3858 814 3895 non
840 3850 921 3895 est
945 3882 959 3906 ,
987 3840 1284 3895 dilectionis
1310 3841 1557 3895 indicium
1587 3843 1759 3896 habet.

203 3930 311 3988 Nec
338 3925 726 3986 contentiosum
769 3932 1028 3999 quispiam
1059 3931 1249 3985 dixerit
1277 3946 1398 3985 eum
1438 3933 1526 4002 qui
1554 3932 1760 4002 diligit,

204 4028 260 4075 ut
294 4035 503 4074 rursum
537 4019 754 4073 dicitur:
782 4019 846 4073 In
867 4024 1280 4090 concupiscentiis
1302 4032 1371 4075 est
1397 4025 1559 4076 omnis
1580 4025 1763 4077 otiosus

205 4108 386 4177 (Prov.
409 4110 491 4163 15.
514 4110 566 4176 4)
587 4126 600 4172 ;
619 4119 687 4169 et.
711 4109 993 4164 Iracundus
1015 4114 1196 4181 absque
1215 4115 1422 4166 consilio
1451 4115 1553 4183 agit
1584 4113 1759 4183 (Prov.

206 4200 291 4255 14.
330 4198 456 4271 17).
498 4199 625 4252 Nam
668 4200 825 4253 otiosi
864 4202 1093 4254 animam
1131 4203 1390 4271 signitlcat
1426 4204 1476 4256 in
1519 4203 1762 4257 omnibus

200 4289 642 4356 concupiscentiis
669 4303 787 4344 esse
815 4290 1110 4344 demersam
1133 4332 1146 4357 ,
1178 4303 1229 4345 et
1268 4292 1573 4345 iracundum
1598 4332 1610 4355 ,
1642 4293 1758 4347 nul-

189 4380 307 4435 lum
357 4390 555 4433 rectum
607 4380 801 4436 habere
853 4384 1129 4436 consilium
1183 4385 1427 4439 ostendit.
1480 4385 1541 4440 lli
1589 4386 1762 4455 itaque

196 4469 356 4534 Plane
383 4485 556 4524 mores
580 4471 884 4537 declarant,
914 4486 965 4527 et
994 4475 1216 4527 actionis
1247 4476 1555 4545 principium
1580 4518 1594 4541 ,
1622 4476 1763 4531 unde

193 4560 457 4625 ordiatur,
485 4561 607 4615 dum
640 4564 815 4627 aiunt,
849 4566 1026 4619 odium
1073 4567 1377 4634 prmccdcre
1409 4570 1547 4621 rixas
1578 4585 1591 4621 :
1625 4570 1762 4622 cari-

190 4660 358 4708 tatem
388 4665 508 4705 esse
536 4652 846 4721 principium
879 4664 930 4707 et
962 4670 1172 4707 causam
1200 4696 1211 4712 .
1244 4671 1343 4723 qua
1378 4658 1606 4711 vitantur
1634 4673 1760 4712 con-

190 4743 460 4797 trntiones
486 4759 497 4795 :
530 4745 640 4797 otio
668 4744 853 4813 pr:eire
885 4760 1094 4814 pravam
1126 4764 1166 4799 vi
1192 4748 1479 4815 lnptatcm;
1512 4750 1763 4804 iracundo

184 4833 387 4902 punire
413 4834 618 4888 consilii
649 4836 874 4904 inopiam
908 4853 919 4887 :
948 4846 1000 4889 et
1024 4851 1234 4890 causam
1258 4852 1421 4906 quare
1444 4839 1561 4906 quis
1587 4838 1761 4907 despi-

183 4925 385 4986 ciatur,
417 4936 538 4976 esse
563 4933 919 4989 contemptum
955 4926 1082 4994 legis
1109 4944 1119 4979 :
1150 4926 1287 4994 qttnd
1317 4927 1598 4982 sanitatem
1626 4944 1763 4999 pra:-

187 5010 349 5066 cedat
372 5013 529 5065 timor
554 5013 643 5066 Dei
667 5030 679 5065 :
709 5015 831 5066 item
858 5016 993 5082 quod
1026 5015 1337 5083 principium
1368 5019 1615 5085 perniciei
1644 5021 1758 5072 ani-

188 5110 296 5151 ιιπω
326 5096 421 5159 sit,
452 5110 554 5147 non
581 5096 846 5150 custodire
868 5112 926 5150 os
956 5114 1106 5150 suum
1130 5139 1145 5163 ,
1176 5098 1315 5166 quod
1347 5102 1533 5155 terrori
1569 5111 1762 5169 przeeat

181 5187 482 5241 temeritas.
512 5185 565 5239 Si
595 5200 660 5239 eo
687 5186 843 5240 modo
873 5187 1073 5256 singula
1100 5187 1239 5242 dicta
1270 5190 1589 5256 expenderis
1617 5235 1629 5253 ,
1663 5194 1757 5247 de-

181 5277 494 5344 prehendes
518 5293 576 5333 ea
608 5278 727 5331 ideo
757 5293 877 5334 esse
905 5281 1091 5347 scripta
1125 5289 1281 5349 atque
1316 5283 1515 5349 prolata
1544 5325 1557 5346 ,
1588 5294 1643 5336 ut
1673 5286 1757 5350 qui

188 5370 459 5423 audierint
506 5369 764 5423 bonorum
821 5370 1182 5440 malorumque
1235 5373 1488 5440 principia
1539 5375 1709 5428 edocti
1742 5417 1755 5440 ,

192 5473 353 5529 prava
397 5460 631 5528 fugiant,
676 5460 811 5515 bona
856 5470 1158 5528 operentur.
1192 5461 1491 5531 Ainigmata
1524 5480 1680 5532 porro
1706 5476 1761 5519 et

192 5550 402 5605 abscuri
433 5565 739 5610 sermones.
773 5551 840 5603 ita
867 5560 1020 5605 caute
1049 5562 1170 5604 sunt
1202 5554 1392 5621 posita,
1426 5566 1481 5607 ut
1520 5572 1639 5609 cum
1671 5560 1755 5626 qui

191 5637 379 5705 legerit
407 5654 638 5693 interere
666 5639 919 5701 alliciant,
948 5639 1087 5706 quod
1118 5641 1243 5696 nihil
1272 5645 1447 5697 statim
1477 5645 1759 5700 exhibeant

188 5729 499 5800 nullumque
528 5745 740 5785 sensum
768 5728 1103 5786 subindiccnt
1135 5748 1146 5785 :
1182 5742 1413 5791 attamen
1442 5735 1564 5791 dum
1595 5753 1752 5792 accu-

1350 368 1669 426 SYNOPSIS
1706 367 2110 425 SCRIPTURAS
2148 369 2410 426 SAClL-E.

3369 394 3477 450 374

1901 490 2015 536 rate
2041 482 2431 551 expenduntur,
2464 498 2611 539 suam
2660 486 2977 541 sententiam
3006 488 3257 544 indicant.
3288 489 3472 555 Qualia

1899 582 2053 625 sunt:
2085 592 2102 623 ι
2126 571 2469 643 Sanguisugte
2485 586 2591 630 tres
2613 586 2764 630 erant
2786 576 2909 631 tilia:
2929 578 3211 633 admodum
3236 579 3466 644 dilectte;

1900 675 1955 719 et
1975 665 2056 718 hze
2082 674 2189 719 tres
2216 675 2269 719 et
2295 676 2475 735 quarta
2508 682 2610 721 non
2636 667 2821 721 dicunt
2846 709 2861 735 ,
2890 669 3030 723 Satis
3051 681 3152 725 est.
3183 670 3425 726 lnl‘ernus
3453 712 3469 737 ,

1900 762 1952 809 et
1976 769 2126 808 amor
2155 755 2392 810 mulieris
2421 766 2474 809 et
2502 766 2729 811 tartarus
2753 798 2768 823 ,
2798 766 2852 813 et
2878 768 3014 812 terra
3040 776 3158 829 quae
3186 775 3291 815 non
3319 770 3467 815 satu-

1898 857 2045 903 ratur
2065 862 2220 916 aqua,
2245 863 2379 916 aqua
2402 857 2454 902 et
2477 848 2610 918 ignis
2629 865 2913 919 numquam
2941 850 3144 918 dicunt,
3172 852 3313 907 Satis
3339 861 3423 908 est
3444 871 3476 905 ι-

1898 937 1918 1008 (
1947 937 2100 992 Prov.
2130 940 2219 994 50.
2247 941 2328 995 15.
2360 941 2480 1010 10).
2528 942 2593 995 Ει
2619 942 2807 996 iterum
2840 961 2852 996 :
2891 962 2910 995 ι
2942 944 3065 998 Tria
3092 954 3217 1000 sunt
3242 961 3358 1015 qua:
3385 946 3469 999 in-

1898 1029 2110 1083 tellectu
2139 1030 2267 1083 mihi
2305 1041 2427 1084 sunt
2463 1031 2808 1100 impossibilia
2830 1073 2845 1098 ,
2878 1043 2933 1088 et
2964 1044 3209 1103 quartum
3240 1050 3344 1089 non
3372 1049 3467 1089 co-

1894 1133 2090 1187 gnosco
2121 1137 2134 1174 :
2166 1122 2383 1189 vestigia
2430 1122 2616 1191 aquilae
2655 1124 2879 1176 volantis
2903 1164 2917 1187 ,
2964 1134 3017 1180 et
3054 1127 3163 1180 vias
3202 1126 3466 1195 serpentis

1895 1220 2054 1275 supra
2080 1217 2281 1276 petram
2311 1248 2326 1273 ,
2368 1220 2419 1263 et
2449 1211 2558 1264 vias
2593 1211 2739 1266 navis
2770 1214 2819 1266 in
2854 1214 2985 1267 mari
3020 1215 3192 1269 euntis
3221 1256 3236 1280 ,
3266 1225 3320 1270 et
3349 1216 3465 1270 vias

1895 1296 1993 1351 viri
2024 1297 2074 1351 in
2098 1298 2453 1353 adolescentia
2489 1318 2507 1351 ι
2538 1301 2695 1369 (Ibid.
2717 1319 2763 1355 υ.
2792 1304 2872 1358 18.
2894 1304 3019 1374 19);
3046 1313 3101 1359 et
3120 1320 3464 1375 qumcumque

1896 1388 2158 1458 ejusmodi
2191 1400 2313 1444 sunt
2340 1392 2615 1460 renigmata
2650 1411 2662 1446 :
2696 1393 2797 1447 alia
2844 1409 3069 1464 namque
3106 1395 3282 1450 statim
3325 1394 3461 1448 indi-

1892 1489 2016 1534 cant
2038 1520 2053 1545 ,
2085 1481 2245 1535 aliam
2275 1490 2448 1535 tamen
2480 1485 2794 1537 sententiam
2827 1485 3077 1539 exhibent
3111 1501 3123 1537 :
3154 1493 3208 1539 et
3232 1485 3458 1539 obscura

1891 1569 2103 1639 quidem
2140 1581 2300 1634 sunt,
2339 1573 2704 1627 absconditum
2747 1591 2873 1629 vero
2904 1590 3116 1630 sensum
3149 1575 3364 1631 habent.
3395 1575 3463 1629 Et

1890 1661 2259 1731 compendium
2291 1663 2502 1731 quidem
2540 1664 2655 1719 libri
2697 1664 3103 1720 Proverbiorum
3133 1665 3200 1719 ad
3233 1665 3372 1719 hunc
3399 1679 3458 1719 se

1890 1752 2049 1807 habet
2076 1754 2312 1810 modum.

1972 1843 2356 1913 Recapitulatio
2397 1857 2571 1900 autem
2612 1845 2725 1913 ejus
2758 1846 2836 1899 his
2881 1846 3367 1916 comprehenditur.
3401 1846 3457 1903 In

1889 1937 2161 2003 procemiis
2181 1937 2351 2006 agitur
2371 1936 2436 1991 de
2458 1936 2584 2005 ipsis
2603 1937 2903 1992 Proverbiis
2924 1936 3212 1992 Salomonis
3234 1938 3327 2006 ﬁlii
3349 1937 3454 1991 Da-

1886 2025 1989 2091 vid,
2018 2026 2101 2092 qui
2126 2026 2347 2097 regnavit
2372 2027 2425 2080 in
2456 2025 2760 2092 Jerusalem,
2788 2027 2854 2079 ad
2878 2027 3128 2081 sciendam
3157 2028 3453 2097 sapientiam

1886 2126 1931 2169 et
1961 2116 2281 2186 disciplinam
2306 2116 2455 2187 (Cap.
2478 2117 2696 2185 1.1.2).
2729 2117 2879 2183 Quod
2910 2118 3218 2187 principium
3247 2118 3456 2187 sapien-

1887 2208 1972 2262 tiae
1998 2209 2065 2262 sit
2095 2209 2251 2263 timor
2279 2209 2480 2263 Domini
2505 2207 2663 2280 (Ibid.
2685 2227 2730 2264 v.
2758 2211 2833 2279 7).
2863 2210 2937 2265 De
2962 2211 3235 2266 audiendis
3252 2212 3455 2283 legibus

1885 2299 2067 2366 patris,
2091 2308 2148 2355 et
2172 2300 2237 2354 de
2261 2314 2364 2354 non
2394 2301 2689 2369 respuenda
2711 2302 2988 2368 disciplina
3020 2303 3221 2355 matris.
3252 2304 3325 2357 De
3346 2316 3450 2356 non

1882 2390 2128 2457 errando,
2164 2398 2221 2445 et
2252 2390 2390 2460 quod
2423 2406 2526 2444 non
2553 2390 2621 2445 sit
2648 2391 2729 2444 via
2757 2391 3078 2460 capessenda
3116 2407 3235 2446 cum
3270 2392 3332 2446 iis
3360 2394 3450 2462 qui

1881 2491 2169 2549 operantur
2205 2481 2379 2551 iniqua
2413 2499 2427 2537 :
2467 2496 2750 2537 commune
2778 2496 3003 2551 namque
3026 2482 3346 2553 marsupium
3376 2483 3447 2536 ilii

1883 2572 2170 2640 possident.
2195 2572 2462 2642 Sapientia
2513 2573 2565 2627 in
2608 2573 2836 2628 exitibus
2866 2573 3152 2642 prtedicat;
3184 2574 3324 2643 impii
3354 2589 3444 2626 au-

1882 2671 1985 2715 tem
2021 2661 2246 2717 oderunt
2271 2677 2505 2716 sensum.
2536 2662 2792 2731 Quoniam
2824 2678 2910 2718 me
2937 2672 3178 2726 vocante,
3217 2680 3321 2717 non
3351 2678 3448 2717 au-

1877 2744 2109 2817 lliernnt,
2158 2750 2277 2805 ideo
2324 2767 2444 2805 cum
2492 2752 2760 2807 vocabunt
2806 2767 2912 2817 me,
2960 2768 3065 2806 non
3114 2752 3322 2806 audiam
3353 2770 3447 2807 ens

1878 2839 2037 2908 (Ibid.
2082 2858 2129 2895 v.
2169 2842 2257 2897 21.
2287 2841 2399 2911 28).
2432 2842 2558 2897 item
2606 2843 2752 2905 illud,
2784 2844 2970 2911 Accipe
3012 2843 3146 2896 dicta
3175 2845 3443 2898 mandato-

1875 2948 2005 2993 rum,
2038 2942 2083 2985 et
2109 2933 2279 2986 audiet
2304 2935 2598 3002 sapientiam
2628 2935 2765 2987 auris
2794 2944 2898 3019 tua;
2930 2944 2982 2987 ut
3019 2935 3267 3003 intelligas
3284 2937 3442 3004 justi-

1874 3023 1992 3075 tiam
2031 3032 2074 3075 et
2090 3024 2337 3092 judicium
2362 3022 2511 3093 (Cap.
2539 3024 2591 3078 2.
2618 3026 2666 3078 1.
2698 3024 2751 3077 2.
2783 3024 2856 3093 9).
2887 3024 2969 3077 Vw
2988 3026 3071 3094 qui
3099 3026 3443 3094 derelinquunt

1873 3114 1976 3164 vias
2016 3123 2194 3178 rectas,
2225 3123 2271 3166 et
2316 3114 2622 3167 delectantur
2663 3116 2715 3167 in
2742 3114 3057 3168 subrersione
3100 3116 3234 3168 mala
3278 3115 3440 3184 (Ibid.

1872 3219 1919 3256 v.
1946 3204 2030 3257 15.
2064 3201 2175 3274 is).
2205 3203 2335 3258 lllttd
2364 3205 2544 3270 etiam,
2576 3205 2658 3259 Ne
2695 3215 2742 3259 te
2787 3205 3130 3276 apprehendat
3176 3208 3441 3261 consilium

1872 3297 2078 3357 malum,
2105 3305 2158 3348 ut
2185 3297 2404 3351 invenias
2429 3297 2630 3351 semitas
2651 3298 2863 3366 justitite
2887 3300 3064 3368 planas
3086 3298 3250 3369 (Ibid.
3280 3314 3326 3353 v.
3353 3301 3438 3356 19.

1870 3383 1982 3457 20).
2008 3385 2157 3449 item,
2188 3386 2264 3441 Ne
2294 3387 2621 3442 obliviscaris
2653 3388 2782 3456 legis
2811 3389 3125 3456 custodiam,
3158 3399 3215 3443 ut
3240 3390 3438 3459 longae-

1869 3492 1966 3532 vus
1988 3478 2061 3532 sis
2088 3478 2138 3531 in
2184 3493 2331 3547 pace.
2366 3478 2516 3545 Quod
2548 3487 2658 3532 toto
2700 3478 2858 3534 corde
2900 3479 3093 3533 debeas
3123 3480 3172 3533 in
3214 3480 3440 3533 Domino

1868 3567 2157 3632 conlidere,
2193 3582 2289 3621 nec
2326 3582 2444 3622 esse
2472 3569 2702 3636 prudens
2731 3570 2780 3621 in
2816 3570 3115 3637 temetipso,
3143 3568 3235 3624 sed
3266 3569 3437 3624 hono-

1868 3673 1987 3712 rare
2023 3658 2299 3711 Dominum
2328 3674 2391 3712 ex
2429 3659 2583 3728 justls
2626 3659 2911 3713 laboribus.
2942 3659 3091 3725 Quod
3122 3674 3225 3713 non
3268 3661 3435 3729 negli-

1867 3750 2035 3819 genda
2058 3751 2126 3804 sit
2152 3749 2425 3819 disciplina
2456 3751 2660 3805 Domini
2683 3768 2697 3816 ;
2743 3750 2878 3804 Nam
2904 3767 3045 3821 quem
3066 3751 3229 3821 diligit
3256 3750 3434 3805 Domi-

1868 3856 1961 3893 nus
1989 3844 2198 3911 castigat
2229 3839 2379 3911 (Cap.
2413 3842 2464 3897 5.
2491 3840 2600 3908 12).
2636 3842 2721 3907 Ει,
2750 3842 2942 3896 Beatus
2976 3841 3135 3895 homo
3158 3843 3247 3911 qui
3286 3843 3435 3897 inve-

1868 3931 2005 3985 nerit
2049 3932 2383 3998 Sapientiam.
2415 3930 2566 3997 Quod
2615 3945 2719 3983 non
2753 3931 2947 3985 debeas
2976 3930 3200 3985 emolliri
3248 3946 3309 3985 ac
3335 3933 3436 3984 dil-

1867 4020 2054 4084 ﬂuere,
2084 4021 2175 4075 sed
2224 4036 2435 4076 servare
2479 4022 2756 4075 consilium
2805 4031 2857 4075 et
2904 4022 3333 4091 intelligentiam;
3382 4034 3435 4078 ut

1866 4111 1934 4162 sit
1979 4110 2179 4164 medela
2205 4112 2348 4164 carni
2384 4119 2503 4165 tute.
2538 4111 2684 4175 Quod
2733 4126 2834 4164 non
2879 4111 3074 4165 debeas
3106 4111 3360 4165 desistere
3406 4131 3434 4164 a

1867 4203 2124 4257 beneficio
2163 4202 2413 4271 indigenti
2455 4202 2773 4271 prmstando,
2802 4219 2919 4256 cum
2966 4203 3211 4257 habuerit
3249 4220 3435 4257 manus

1869 4301 1953 4345 tua
1987 4292 2124 4346 unde
2155 4292 2247 4360 ipsi
2285 4306 2439 4359 opem
2466 4290 2618 4355 ferat,
2649 4306 2820 4359 neque
2849 4292 3135 4345 machinari
3182 4293 3315 4345 mala
3344 4294 3435 4345 ad-

1867 4395 2051 4435 versus
2077 4380 2301 4433 amicum
2336 4389 2501 4443 tuum,
2526 4379 2647 4448 quia
2679 4379 2979 4433 immundus
3008 4396 3182 4433 coram
3210 4382 3435 4434 Domino

1866 4469 2037 4522 onmis
2071 4469 2279 4536 iniquus
2323 4470 2443 4521 erit.
2491 4467 2620 4534 Quia
2668 4466 2915 4519 Dominus
2957 4469 3181 4534 superbis
3227 4470 3431 4535 resistit,

1867 4559 2134 4613 humilibus
2155 4569 2317 4611 autem
2338 4559 2424 4610 dat
2448 4558 2661 4627 gratiam
2688 4555 2849 4625 (Ibid.
2869 4571 2915 4608 v.
2940 4557 3052 4625 54).
3080 4558 3151 4612 De
3176 4558 3433 4613 audienda

1866 4650 2142 4719 disciplina
2173 4648 2358 4717 patris.
2399 4648 2524 4701 Item
2554 4646 2705 4713 illud,
2742 4645 2866 4712 Fili,
2892 4648 3035 4700 dictis
3065 4648 3185 4701 meis
3215 4650 3429 4710 attende,

1866 4753 1911 4797 et
1939 4741 2073 4795 omni
2098 4740 2321 4792 custodia
2345 4755 2484 4792 serva
2514 4754 2599 4791 cor
2626 4748 2783 4802 tuum,
2806 4747 2859 4792 et
2888 4738 3141 4793 Dominus
3166 4749 3336 4794 rectas
3360 4740 3434 4794 ia-

1867 4834 1970 4887 ciet
2012 4831 2209 4885 orbitas
2232 4840 2346 4884 tuas
2382 4830 2528 4899 (Cap.
2558 4831 2610 4885 4.
2637 4830 2726 4885 20.
2768 4831 2857 4887 25.
2885 4830 2997 4901 27).
3038 4831 3186 4897 Quod
3214 4847 3318 4885 non
3348 4841 3433 4885 at-

1866 4923 2185 4979 tendendum
2216 4938 2387 4991 pravze
2418 4923 2621 4976 mulieri
2646 4939 2659 4985 ;
2698 4922 2814 4975 Vias
2842 4924 2971 4975 enim
3002 4922 3112 4975 vita:
3137 4938 3232 4974 non
3264 4922 3429 4991 ingre-

1866 5015 2036 5078 ditur;
2066 5013 2125 5066 ab
2152 5015 2259 5083 ejus
2286 5014 2531 5067 consortio
2577 5024 2622 5066 te
2662 5014 2838 5082 procul
2884 5028 3076 5066 remove
3109 5011 3260 5083 (Cap.
3290 5014 3340 5069 5.
3376 5014 3429 5069 6.

1865 5106 1940 5175 8).
1983 5104 2108 5158 Item
2151 5104 2313 5157 illud:
2349 5103 2470 5158 Bibe
2510 5120 2663 5171 aquas
2710 5119 2771 5155 ea:
2814 5105 2943 5156 vasis
2987 5104 3120 5168 tuis;
3164 5112 3250 5171 et,
3294 5104 3434 5159 Fons

1865 5210 2006 5263 aqua:
2033 5204 2127 5246 tua:
2152 5196 2213 5246 sit
2239 5193 2322 5246 tibi
2366 5194 2529 5247 suavis
2561 5190 2718 5263 (Ibid.
2751 5208 2798 5245 v.
2833 5192 2917 5246 15.
2940 5192 3050 5261 18).
3080 5190 3145 5244 1η
3170 5193 3277 5261 ejus
3302 5194 3431 5245 enim

1865 5286 2109 5352 sapientia
2140 5302 2357 5348 versans,
2391 5286 2620 5335 diuturna
2644 5299 2758 5351 ages
2790 5281 2948 5349 (Ibid.
2978 5298 3023 5335 v.
3056 5282 3165 5350 19).
3204 5281 3343 5335 Vade
3367 5300 3399 5333 ιι
3433 5306 3439 5323 ι

1866 5376 2145 5444 formicam,
2181 5392 2208 5427 ο
2240 5375 2375 5443 piger
2405 5372 2732 5433 adolescens.
2759 5382 2803 5424 et
2835 5384 2938 5425 esto
2981 5372 3292 5439 sapientior:
3318 5372 3443 5439 quia

1865 5468 2071 5519 multum
2112 5468 2161 5519 in
2200 5482 2351 5517 messe
2382 5478 2523 5531 parat
2558 5481 2803 5517 acervum.
2843 5466 2913 5518 De
2949 5479 3012 5518 eo
3055 5464 3141 5532 qui
3176 5464 3318 5517 vadit
3366 5467 3431 5518 ad

1864 5573 2037 5623 apem,
2076 5558 2136 5609 Et
2167 5558 2299 5609 disce
2332 5556 2578 5624 quomodo
2618 5556 2873 5625 aperatrix
2919 5556 2980 5607 sit
3004 5554 3155 5623 (Cap.
3186 5555 3235 5609 6.
3271 5556 3321 5610 6.
3348 5557 3426 5624 8).

1866 5650 1994 5702 illud
2025 5651 2179 5702 etiam
2212 5666 2222 5699 :
2249 5647 2528 5717 Usqtthuo,
2557 5650 2711 5717 piger,
2732 5649 2873 5717 jaccs
2902 5645 3061 5715 (Ibid.
3096 5662 3141 5701 v.
3172 5647 3269 5713 9)?
3300 5649 3431 5701 l’an-

1868 5738 2029 5793 lulum
2077 5740 2295 5802 dormis,
2344 5739 2605 5807 paululum
2652 5752 2778 5793 vero
2823 5736 2996 5793 sedes.
3044 5736 3167 5792 ldeo
3214 5750 3430 5808 repente
