4000 6220
582 383 693 440 375

577 497 751 548 veniet
795 490 1051 559 pernicies
1101 499 1185 541 tua
1234 487 1381 558 (Cap.
1415 487 1467 541 6.
1494 485 1580 540 10.
1607 484 1733 553 15).
1774 485 1846 537 De
1892 481 2129 538 custodia

579 582 750 648 legunt
801 580 963 648 patris
993 597 1005 632 :
1041 578 1185 643 Quod
1215 577 1415 630 lucerna
1444 577 1791 628 mandatorum
1833 576 1928 628 sint
1968 582 2012 626 et
2043 574 2131 627 lua:

577 680 622 724 et
652 672 728 722 via
755 671 864 723 uiue
891 668 1060 738 (Ibid.
1095 684 1141 721 υ.
1173 666 1298 737 25).
1337 665 1465 720 Illud
1505 667 1660 720 etiam
1706 685 1719 719 :
1764 665 1987 733 Deponet
2020 665 2130 730 quis

562 764 738 831 ignem
779 761 829 811 in
872 760 1002 823 sinu,
1030 759 1315 812 vestimenta
1357 766 1518 810 autem
1565 773 1653 809 sua
1695 773 1795 808 non
1841 755 2132 808 comburet?

577 862 664 904 aut
706 850 974 902 ambulabit
1003 866 1149 918 super
1178 849 1411 901 carbones
1439 849 1586 917 ignis,
1619 849 1764 916 pedes
1811 857 1976 900 autem
2015 862 2131 899 suos

573 957 674 994 non
698 941 917 993 incendat
948 940 1103 1011 (Ibid.
1137 956 1183 992 υ.
1213 939 1298 992 27.
1330 937 1459 1007 28)?
1501 938 1597 1004 Qui
1631 939 1917 1005 ingreditur
1933 937 1997 990 ad
2019 952 2131 990 mu-

575 1029 756 1083 lierem
791 1030 1142 1096 conjugatam,
1173 1042 1273 1080 non
1306 1027 1557 1080 innocens
1587 1028 1687 1080 erit
1729 1025 1887 1094 (Ibid.
1923 1041 1966 1080 υ.
1998 1025 2128 1093 29).

575 1117 727 1180 Item,
763 1117 877 1169 Non
921 1117 1183 1193 mirum.si
1210 1117 1317 1184 quis
1347 1115 1534 1182 furtum
1572 1116 1757 1184 faciens
1787 1115 2130 1183 deprehenda-

573 1215 685 1268 tur;
717 1206 914 1272 furatur
942 1206 1070 1257 enim
1093 1214 1144 1256 ut
1165 1205 1367 1273 impleat
1397 1208 1614 1258 animam
1640 1221 1783 1257 suam
1809 1209 2131 1258 esurientem:

571 1300 790 1348 machus
825 1307 986 1347 autem
1018 1297 1076 1348 ob
1101 1297 1320 1363 inopiam
1349 1298 1525 1350 mentis
1552 1297 1718 1366 perdet
1743 1298 1963 1349 animam
1989 1313 2130 1348 suam

573 1383 734 1453 (Ibid.
756 1400 802 1436 υ.
835 1384 920 1438 50.
953 1384 1064 1451 52).
1092 1384 1241 1449 Item,
1273 1383 1391 1437 Cale
1415 1383 1697 1449 Dominum,
1729 1396 1774 1437 et
1806 1395 1975 1453 potens
2013 1387 2130 1450 eris,

571 1487 616 1529 et
655 1477 847 1530 custodi
887 1477 1121 1528 mandata
1160 1492 1287 1542 mea,
1319 1487 1363 1530 et
1399 1477 1616 1530 describe
1649 1479 1737 1531 illa
1767 1479 1819 1531 iu
1865 1478 2131 1530 latitudine

572 1569 736 1621 cordis
765 1569 857 1632 tui,
879 1578 931 1620 ut
957 1569 1236 1621 custodiant
1261 1577 1306 1620 te
1331 1585 1361 1620 a
1389 1569 1594 1622 muliere
1621 1571 1785 1622 aliena
1813 1579 1857 1622 et
1881 1569 2133 1622 meretrice

573 1656 722 1725 (Cap.
743 1658 795 1708 7.
822 1655 876 1709 2.
897 1658 949 1710 5.
983 1655 1059 1726 5).
1090 1657 1237 1723 Quod
1268 1657 1461 1712 debeas
1491 1659 1776 1727 praedicare
1797 1660 2128 1728 sapientiam,

572 1762 690 1815 qua:
717 1747 768 1800 in
801 1747 1022 1801 excelsis
1047 1749 1330 1801 verticibus
1360 1756 1459 1815 est,
1491 1749 1610 1817 quia
1639 1750 1913 1816 pretiosior
1942 1759 2022 1804 est
2047 1765 2132 1803 ar-

580 1846 760 1904 gento,
793 1847 845 1891 et
893 1838 1196 1907 generosior
1243 1853 1370 1892 auro
1415 1840 1633 1906 probato
1666 1859 1678 1892 :
1712 1850 1765 1893 et
1808 1842 1943 1909 quod
1975 1843 2131 1895 timor

573 1928 780 1981 Domini
828 1928 949 1981 odio
994 1928 1182 1982 habeat
1224 1928 1528 1996 injustitiam
1586 1928 1731 1998 (Cap.
1765 1931 1816 1985 8.
1850 1932 1900 1983 1.
1940 1931 1994 1982 2.
2042 1933 2127 1984 11.

573 2018 686 2084 15).
719 2017 849 2070 illud
892 2018 1035 2077 item,
1083 2016 1326 2070 Dominus
1355 2019 1535 2071 creavit
1576 2035 1654 2072 me
1698 2020 1893 2072 initium
1940 2022 2130 2073 viarum

572 2123 777 2160 suarum
801 2108 851 2160 iu
875 2124 1026 2175 opera
1047 2124 1138 2160 sua
1158 2107 1314 2177 (Ibid.
1339 2126 1384 2161 υ.
1403 2108 1518 2175 22).
1539 2110 1665 2162 Item
1692 2111 1846 2162 illud:
1872 2111 2131 2180 Sapientia

570 2196 835 2264 wdiﬁcavit
856 2197 947 2249 sibi
965 2197 1163 2249 domum
1183 2196 1328 2268 (Cap.
1347 2199 1397 2252 9.
1417 2199 1489 2266 1).
1511 2199 1656 2263 Item,
1677 2201 1842 2269 Argue
1862 2203 2131 2268 sapientem

571 2295 617 2336 et
635 2295 679 2337 te
700 2286 886 2354 diliget.
910 2287 968 2339 Si
988 2288 1183 2355 sapiens
1211 2288 1383 2354 fueris,
1400 2287 1681 2355 tibimetipsi
1705 2290 1800 2342 eris
1826 2299 1872 2342 et
1895 2291 2131 2357 proximis

575 2376 704 2438 tuis;
735 2377 778 2426 si
817 2385 980 2427 autem
1024 2377 1278 2441 improbus
1321 2377 1547 2439 evaseris,
1571 2378 1708 2429 solus
1750 2378 1949 2430 Itauries
1977 2381 2125 2430 mala.

571 2461 756 2516 Mulier
792 2465 942 2516 stulta
981 2473 1026 2515 et
1057 2463 1224 2515 audita:
1263 2465 1368 2516 cibo
1410 2465 1645 2532 indigebit
1699 2466 1716 2533 (
1743 2466 1930 2517 Ibid.v.
1959 2467 2010 2519 8.
2044 2466 2126 2519 12.

572 2554 682 2620 15).
723 2553 1000 2623 Paupertas
1031 2555 1187 2605 virum
1206 2555 1433 2606 humiliat
1463 2571 1480 2607 :
1511 2557 1644 2622 ﬁlius
1668 2566 1829 2608 autem
1856 2557 2131 2626 disciplinis

572 2643 810 2696 educatus
835 2645 1031 2712 sapiens
1060 2646 1167 2697 erit.
1199 2645 1442 2698 Memoria
1457 2646 1583 2713 justi
1610 2661 1722 2697 cum
1751 2645 1996 2700 laudibus.
2034 2647 2130 2712 Qui

570 2737 792 2787 ambulat
824 2737 1132 2804 simpliciter,
1157 2737 1376 2790 ambulat
1402 2735 1723 2797 conﬁdenter.
1751 2736 1847 2800 Qui
1887 2753 1947 2790 ea:
1990 2737 2130 2792 labiis

572 2828 760 2894 profert
796 2830 1113 2894 sapientiam,
1141 2830 1279 2896 virga
1319 2830 1526 2895 percutit
1563 2830 1719 2880 virum
1746 2830 1894 2881 corde
1922 2829 2128 2882 destitu-

569 2928 693 2969 tum.
731 2915 847 2968 Vias
886 2918 996 2969 vita:
1040 2919 1252 2985 cu_stodit
1283 2918 1583 2985 disciplina;
1613 2927 1778 2985 tegunt
1829 2928 1990 2972 autem
2027 2919 2128 2971 ini-

569 3009 807 3062 micitiam
833 3010 965 3062 labia
997 2983 1158 3078 jusia.
1188 3008 1389 3063 Stultus
1435 3020 1681 3078 perpetrat
1729 3011 1896 3072 mala;
1946 3027 1999 3063 os
2039 3026 2130 3062 au-

570 3110 667 3152 tem
698 3101 826 3170 justi
863 3102 1016 3153 stillat
1060 3101 1353 3169 sapientiam
1392 3100 1538 3169 (Cap.
1565 3101 1648 3154 10.
1682 3103 1733 3154 4.
1763 3102 1814 3154 7.
1839 3101 1889 3155 9.
1926 3102 2124 3156 1Ο.15.

570 3192 659 3243 17.
706 3193 792 3245 18.
844 3191 931 3244 25.
964 3189 1071 3259 51).
1105 3190 1298 3243 Contra
1352 3190 1685 3252 idololatras,
1728 3192 1815 3259 qui
1861 3207 1925 3244 ex
1975 3205 2124 3256 auro,

571 3291 624 3334 et
653 3290 890 3349 argento,
925 3289 1012 3333 aut
1062 3280 1319 3349 lapidibus
1371 3289 1460 3333 aut
1507 3282 1680 3350 lignis,
1728 3282 1863 3334 idola
1911 3281 2126 3334 faciunt.

569 3369 718 3433 Quod
759 3385 851 3438 per
883 3371 1079 3438 lignum
1109 3370 1248 3423 salus
1278 3371 1344 3422 sit
1373 3369 1892 3424 credentibus.Cirea
1923 3385 2013 3424 eos
2041 3372 2126 3439 qui

572 3458 709 3510 idola
737 3458 986 3522 conﬁant,
1018 3467 1208 3511 etcum
1238 3458 1323 3526 qui
1351 3458 1486 3510 idola
1515 3458 1696 3526 pingit.
1734 3459 1806 3512 De
1833 3459 1986 3512 malis
2011 3473 2125 3513 om-

573 3547 728 3600 nibus
772 3561 864 3614 per
916 3546 1262 3599 idololatriam
1310 3547 1488 3613 partis.
1541 3546 1613 3599 De
1659 3547 1818 3614 impio
1869 3548 2030 3611 cultu,
2077 3557 2130 3601 et

573 3648 765 3705 quanta
799 3638 848 3690 in
877 3653 940 3690 eo
964 3638 1118 3689 mala.
1149 3637 1220 3689 De
1245 3637 1422 3704 ﬁgulo,
1454 3635 1594 3690 etde
1624 3637 1776 3690 idolis
1807 3635 2020 3706 ﬁglinis.
2054 3637 2128 3692 De

576 3724 731 3778 idolis
773 3725 1016 3777 omnibus
1053 3739 1169 3792 qua:
1213 3725 1489 3778 coluerunt
1514 3727 1754 3792 gentiles.
1786 3726 1859 3779 De
1896 3726 2128 3780 infestis-

572 3816 721 3868 simis
762 3813 1092 3878 animalibus,
1124 3816 1470 3881 serpentibus,
1506 3814 1712 3876 felibus,
1753 3825 1808 3869 et
1850 3815 2125 3870 similibus.

576 3905 727 3971 Quod
763 3905 902 3957 Deus
928 3902 1193 3958 beneﬁcus
1225 3904 1399 3958 lsraeli
1447 3919 1540 3972 pro
1579 3905 1720 3957 ranis
1752 3904 1849 3972 ipsi
1893 3906 2128 3958 coturni-

572 4009 686 4047 cem
713 3993 933 4047 dederit.

927 4125 1110 4187 Multa,
1143 4136 1194 4178 ut
1218 4138 1372 4196 .puto,
1415 4128 1778 4180 desiderantur.

1124 4293 1353 4332 SYNOPSIS
1392 4293 1578 4330 SIRACI.

642 4436 717 4489 De
745 4435 933 4488 timore
958 4434 1071 4499 Dci,
1093 4435 1231 4503 quod
1261 4434 1413 4488 irasci
1442 4450 1544 4487 non
1570 4445 1831 4501 Oporteat,
1855 4435 1992 4503 quod
2019 4438 2132 4492 sine

575 4527 837 4596 hypocrisi
868 4527 1220 4581 accedendum
1249 4529 1315 4581 sit
1339 4528 1403 4580 ad
1434 4528 1631 4581 Deum:
1661 4527 1726 4580 de
1758 4527 2132 4580 tentationibus

572 4626 625 4669 et
655 4616 720 4668 de
746 4616 994 4682 patientia
1020 4634 1033 4668 :
1065 4616 1129 4670 de
1167 4617 1467 4684 parentibus
1505 4615 1844 4678 honorandis,
1880 4615 1944 4668 de
1971 4615 2133 4684 aequi-

571 4714 677 4758 tate
699 4721 710 4756 :
735 4705 872 4773 quod
893 4720 997 4760 non
1023 4716 1261 4774 oporteat
1283 4722 1520 4774 quarrere
1547 4706 1882 4774 profundiora
1907 4707 1989 4771 iis,
2014 4721 2131 4774 qua:

567 4794 714 4860 jussa
745 4802 885 4857 sunt,
918 4793 982 4847 de
1017 4795 1349 4862 eleemosyna
1384 4804 1436 4847 et
1471 4794 1784 4862 pupillorum
1816 4795 2127 4861 patrocinio.

581 4884 653 4936 De
693 4883 966 4951 sapientia,
998 4883 1064 4937 de
1093 4884 1288 4951 pudore
1320 4885 1474 4936 noxio
1495 4893 1546 4936 et
1579 4885 1688 4936 utili
1718 4902 1728 4936 :
1763 4884 1923 4936 multa
1952 4885 2036 4937 hic
2065 4884 2131 4937 de

572 4976 729 5027 noxio
755 4975 1013 5029 edisserit.
1062 4974 1210 5041 Quod
1257 4989 1358 5026 non
1389 4982 1628 5041 Oporteat
1671 4973 1937 5026 desiderio
1967 4988 2128 5040 pecu-

573 5063 777 5116 niarum
804 5079 860 5116 se
889 5064 1103 5129 dedere,
1126 5078 1294 5132 neque
1319 5071 1500 5131 putare
1527 5077 1622 5116 nos
1653 5063 1865 5130 impune
1893 5078 2128 5131 peccare,

573 5154 782 5208 etiamsi
813 5169 915 5206 non
965 5157 1141 5207 statim
1188 5169 1370 5222 ptenas
1397 5154 1614 5207 demus:
1648 5153 1853 5220 patiens
1883 5154 2020 5206 enim
2054 5162 2135 5206 est

572 5247 730 5310 Deus,
761 5254 1073 5314 oportetque
1103 5246 1246 5298 illum
1279 5246 1506 5312 placare.
1548 5243 1621 5296 De
1652 5244 1934 5297 verborum
1966 5242 2131 5296 futili-

570 5345 694 5398 tate,
725 5335 790 5388 de
816 5337 1078 5405 superbia,
1108 5335 1173 5388 de
1202 5335 1480 5402 probandis
1509 5334 1715 5397 amicis,
1735 5332 1801 5385 de
1836 5332 2129 5400 disciplina,

567 5427 632 5480 de
681 5427 836 5478 rebus
884 5421 1096 5480 utilibus
1144 5426 1436 5478 audiendis.
1480 5426 1551 5477 De
1599 5439 1702 5475 non
1754 5423 2037 5490 peccando,
2067 5423 2132 5474 de

567 5530 673 5569 non
721 5515 1041 5580 mentiendo,
1072 5516 1138 5569 de
1180 5515 1411 5566 futilibus
1460 5528 1561 5564 non
1612 5510 1869 5572 dicendis,
1913 5510 1978 5561 de
2028 5525 2130 5560 non

567 5602 811 5657 iterando
841 5618 1082 5658 sermone
1112 5605 1162 5657 in
1197 5604 1528 5672 precatione;
1572 5603 1620 5654 id
1653 5609 1754 5664 est,
1789 5613 1904 5666 quae
1935 5601 2131 5664 promi-

567 5692 704 5747 seris
729 5692 857 5757 Deo,
887 5709 950 5746 ne
990 5692 1216 5747 dill'eras.
1250 5694 1323 5746 De
1354 5691 1591 5754 muliere,
1622 5690 1686 5743 de
1715 5686 1942 5751 famulis,
1973 5702 2127 5753 peco-

1269 375 1324 431 S.
1363 371 1635 428 .IOANNIS
1668 365 2132 426 CHRYSOSTOMI
2160 362 2469 421 ARCHIEP.
2504 364 3002 427 CONSTANTINOP

3681 389 3801 443 376

2237 483 2402 547 ribus,
2429 485 2496 540 de
2533 487 2672 554 ﬁliis,
2701 487 2767 542 de
2807 498 2974 558 patre,
3001 489 3066 544 de
3102 492 3292 558 pietate
3321 504 3442 560 erga
3488 489 3674 551 Deum,
3728 489 3797 541 de

2236 573 2436 629 honore
2461 577 2819 633 sacerdotibus
2839 581 3153 645 exhibendo,
3173 582 3238 636 de
3259 583 3528 634 visitandis
3554 581 3794 640 amictis,

2235 665 2310 720 De
2353 683 2456 720 non
2503 668 2770 736 litigando,
2801 670 2866 723 de
2895 686 2997 724 non
3029 672 3411 739 exprobrando,
3451 671 3516 725 de
3547 687 3652 723 non
3702 670 3800 722 de-

2234 756 2517 824 spiciendis
2554 759 2940 813 narrationibus
2969 775 3151 814 senum
3181 763 3509 830 sapientium.
3546 761 3622 814 De
3656 771 3798 815 tem~

2234 851 2488 914 perantia,
2521 848 2587 902 de
2617 850 2864 915 amicitia,
2892 851 2957 904 de
2989 867 3090 904 non
3137 852 3431 904 :cmulando
3460 861 3794 918 peccatores.

2236 935 2310 989 De
2333 936 2508 1005 judice
2543 937 2794 1005 prudente
2821 947 2873 992 et
2901 942 3081 1004 stulto,
3112 940 3178 994 de
3221 941 3484 1007 superbia,
3517 940 3584 994 de
3623 940 3796 1010 aequi-

2235 1033 2362 1089 tate,
2392 1028 2457 1081 de
2487 1043 2592 1082 non
2632 1030 2980 1098 vituperando
3019 1032 3134 1086 sine
3171 1033 3388 1100 judicio,
3421 1041 3472 1086 et
3510 1033 3626 1086 sine
3657 1046 3797 1090 exa-

2235 1115 2396 1169 mine.
2444 1117 2518 1169 De
2545 1117 2769 1171 vitandis
2809 1119 3019 1187 iniquis.
3055 1121 3129 1174 De
3167 1121 3384 1174 divitum
3431 1123 3594 1186 cultu,
3625 1121 3714 1190 qui
3760 1143 3791 1180 a

2236 1203 2413 1257 multis
2443 1205 2740 1270 exhibetur,
2786 1216 2839 1260 et
2865 1207 2930 1261 de
2959 1210 3303 1276 quorumdam
3355 1211 3491 1264 inter
3520 1211 3636 1264 illos
3665 1223 3797 1262 ava-

2236 1293 2376 1346 ritia.
2420 1294 2492 1348 De
2528 1297 2874 1365 pareis,quos
2909 1306 3073 1367 θρῖπας
3114 1299 3378 1368 appellant
3403 1300 3495 1366 (a),
3539 1301 3624 1368 qui
3669 1298 3798 1351 aliis

2240 1398 2342 1436 non
2375 1384 2698 1452 impertiunt.
2725 1387 2797 1440 De
2823 1390 3154 1455 possessione
3192 1389 3480 1458 sapientiae,
3512 1389 3578 1442 de
3618 1389 3798 1442 libero

2239 1475 2478 1529 arbitrio.
2523 1476 2704 1530 Melius
2757 1493 2874 1532 esse
2921 1480 3096 1534 liberis
3136 1495 3345 1546 carere,
3393 1495 3546 1549 quam
3592 1482 3798 1547 impro-

2237 1567 2331 1620 bos
2377 1568 2589 1622 habere.
2646 1571 2782 1624 Nihil
2821 1571 2985 1625 latere
3037 1573 3218 1625 Deum.
3273 1573 3344 1625 De
3384 1572 3674 1637 creaturis,
3725 1569 3798 1623 de

2237 1657 2461 1712 hominis
2502 1659 2833 1728 formatione,
2868 1663 2933 1717 de
2975 1664 3173 1717 honore
3215 1679 3317 1732 quo
3359 1671 3644 1716 exornatus
3683 1671 3792 1714 est.

2237 1746 2309 1800 Dc
2343 1748 2454 1815 lege
2489 1748 2629 1812 data,
2657 1750 2723 1803 de
2761 1751 3093 1821 eleemosyna
3137 1762 3188 1804 et
3219 1751 3543 1819 pmnitentia,
3571 1750 3638 1804 de
3667 1750 3798 1803 luxu

2233 1851 2281 1895 et
2309 1843 2515 1896 lascivia
2541 1859 2641 1896 non
2664 1845 3045 1912 amplectenda.
3063 1846 3136 1899 De
3156 1846 3391 1899 custodia
3417 1844 3796 1915 mysteriorum

2233 1946 2325 1985 seu
2357 1946 2687 1996 arcanorum,
2707 1933 2773 1987 de
2801 1935 2944 1987 stulti
2975 1935 3172 2003 pudore
3200 1936 3375 1987 noxio.
3396 1934 3545 1998 Quod
3575 1933 3641 1987 de
3664 1947 3799 2001 pec-

2233 2022 2365 2074 catis
2398 2023 2703 2089 paenitentia
2740 2023 2808 2076 sit
2834 2024 3056 2092 agenda,
3090 2025 3153 2078 de
3180 2024 3463 2077 ambitione
3491 2031 3544 2076 et
3571 2023 3797 2074 avaritia

2236 2109 2514 2179 fugiendis,
2545 2111 2611 2165 de
2641 2114 2876 2181 sapiente
2904 2123 2956 2168 et
2985 2115 3163 2177 stulto,
3197 2114 3261 2168 de
3292 2114 3394 2166 ﬁlia
3427 2113 3700 2180 petulanti,
3729 2111 3799 2164 de

2235 2200 2674 2254 inconsiderantia
2718 2203 2883 2268 stulti,
2914 2205 2980 2258 de
3023 2213 3198 2257 mente
3245 2205 3413 2263 ﬁrma,
3445 2202 3510 2255 de
3557 2216 3660 2255 non
3712 2201 3800 2253 lo-

2233 2289 2441 2356 quendo
2469 2291 2584 2343 sine
2620 2292 2843 2344 cautela.
2875 2292 2950 2345 De
2978 2293 3378 2360 compunctione
3423 2305 3518 2359 pro
3561 2291 3801 2358 peccatis

2235 2378 2492 2445 habenda,
2525 2381 2591 2433 de
2619 2395 2721 2434 non
2763 2382 3005 2449 jurando,
3041 2382 3106 2436 de
3147 2382 3421 2448 sapientia.
3468 2381 3540 2434 De
3567 2380 3801 2433 muliere

2233 2468 2368 2519 mala
2398 2479 2450 2522 et
2481 2470 2637 2534 bona,
2672 2471 2738 2524 de
2766 2472 3191 2540 negotiatoribus,
3220 2471 3286 2525 de
3329 2471 3394 2524 iis
3439 2471 3526 2538 qui
3553 2469 3802 2523 revelant

2233 2571 2444 2611 arcana.
2478 2560 2552 2613 De
2575 2562 2662 2613 illo
2689 2562 2774 2630 qui
2803 2564 2850 2614 in
2881 2562 3065 2616 faciem
3098 2563 3292 2627 laudat,
3325 2571 3468 2616 retro
3489 2561 3687 2614 irridet.
3715 2560 3803 2614 De

2233 2650 2589 2704 condonandis
2619 2654 2861 2720 proximo
2893 2653 3114 2707 delictis.
3161 2654 3232 2708 De
3275 2654 3450 2722 lingua
3488 2653 3685 2714 dolosa,
3727 2650 3804 2704 de

2233 2751 2416 2795 mutuo
2438 2743 2611 2797 dando
2635 2747 2884 2812 proximis
2906 2747 3018 2799 sine
3048 2762 3222 2811 usura,
3240 2747 3329 2799 sed
3354 2746 3621 2814 egentibus
3641 2758 3807 2796 com-

2234 2831 2515 2885 modando.
2545 2834 2614 2886 De
2642 2833 2924 2887 educandis
2965 2845 3203 2889 accurate
3246 2837 3441 2897 liberis,
3463 2836 3526 2888 de
3557 2834 3803 2898 famulis,

2233 2917 2298 2972 de
2342 2920 2527 2986 brutis,
2559 2923 2625 2974 de
2654 2924 2892 2975 somniis.
2928 2925 3000 2978 De
3048 2925 3349 2978 timentibus
3397 2926 3575 2990 Deum,
3605 2925 3668 2978 de
3705 2938 3806 2976 sa-

2233 3007 2443 3061 criﬁciis
2469 3025 2532 3062 ex
2562 3010 2833 3078 iniquitate
2863 3014 3043 3080 partis,
3075 3013 3140 3066 de
3183 3014 3530 3067 oblationibus
3587 3030 3648 3068 ex
3707 3012 3808 3080 ju-

2233 3099 2392 3152 stitia.
2423 3101 2494 3154 De
2525 3116 2703 3156 amore
2735 3105 2989 3171 pecunia),
3022 3105 3087 3158 de
3131 3106 3364 3174 crapula,
3405 3105 3472 3159 de
3511 3105 3805 3158 ebrietate.

2233 3190 2382 3254 Quod
2421 3193 2719 3249 hominibus
2752 3212 2850 3250 una
2890 3207 3089 3251 natura:
3128 3197 3464 3261 constitutio;
3507 3197 3810 3250 voluntatis

2232 3300 2356 3336 vero
2390 3289 2708 3353 propositum
2736 3289 3023 3353 diversum,
3058 3292 3188 3344 alios
3227 3292 3485 3353 benedici,
3515 3291 3640 3342 alios
3664 3304 3811 3342 ma-

2232 3373 2385 3427 ledici
2427 3385 2692 3442 procuret.
2729 3379 2798 3430 De
2823 3379 3099 3443 medicina,
3125 3381 3260 3448 quod
3304 3396 3406 3432 non
3436 3387 3672 3448 oporteat
3707 3379 3810 3430 ni-

2231 3461 2334 3514 mia
2367 3465 2571 3516 tristitia
2599 3467 2781 3519 teneri.
2815 3467 2964 3533 Quod
2986 3479 3218 3536 oporteat
3247 3485 3274 3521 a
3300 3469 3410 3537 lege
3443 3478 3493 3520 et
3521 3484 3547 3520 a
3582 3467 3811 3533 legibus

2234 3553 2326 3608 Dei
2375 3557 2628 3610 cohiberi.
2681 3559 2756 3611 De
2801 3560 3047 3626 operibus
3097 3561 3217 3622 Dei,
3266 3560 3332 3613 de
3377 3558 3672 3626 suppliciis,
3731 3559 3813 3611 de

2233 3641 2457 3697 humana
2484 3654 2685 3708 natura,
2711 3646 2847 3713 quod
2868 3662 2927 3700 ea
2970 3648 3145 3700 multis
3172 3649 3366 3717 repleta
3393 3648 3459 3701 sit
3480 3647 3719 3700 ert-dibus
3750 3656 3814 3701 et

2233 3734 2687 3789 sollicitudinibus.
2736 3737 2809 3790 De
2837 3739 3083 3805 operibus
3114 3738 3226 3792 Dei.

2329 3930 2562 3971 SYNOPSIS
2599 3931 2768 3971 EORUM
2808 3931 2922 3978 ρυλε
2962 3932 3024 3968 ΑΒ
3063 3930 3194 3970 ISAIA
3234 3929 3500 3969 PROPHETA
3540 3926 3699 3964 ΜΕΤΑ

2936 4021 3086 4060 SUNT.

2310 4165 2583 4222 Accusatio
2614 4162 2817 4216 lsraelis
2846 4161 3061 4230 ejusque
3081 4157 3380 4221 calamitas;
3409 4167 3468 4207 ac
3491 4151 3813 4220 reprobatio

2236 4258 2630 4318 sacriﬁciorum,
2655 4252 3054 4318 adhortatioque
3080 4247 3144 4300 ad
3175 4247 3442 4299 meliorem
3468 4245 3653 4295 vitam.
3678 4241 3819 4297 Pro-

2236 4350 2408 4417 phetia
2431 4347 2496 4400 de
2525 4344 2773 4404 Ecclesia,
2795 4351 2848 4395 et
2868 4341 2932 4394 de
2953 4341 3125 4392 futura
3153 4351 3298 4404 pace.
3328 4333 3605 4387 Accusatio
3634 4330 3824 4386 lsrae-

2237 4439 2323 4501 lis,
2356 4446 2406 4488 et
2434 4435 2600 4488 futura
2624 4431 2846 4484 obsidio.
2879 4427 3153 4482 Accusatio
3181 4424 3483 4477 deliciarum
3521 4434 3716 4474 eorum
3758 4429 3816 4474 et

2237 4525 2512 4591 superbiae.
2537 4519 2850 4588 Reprobatio
2868 4516 3070 4571 lsraelis
3089 4529 3180 4582 per
3196 4515 3362 4567 vinea:
3379 4508 3815 4564 similitudinem.

2239 4617 2555 4671 Criminatur
2582 4612 2840 4681 principes
2865 4608 3068 4662 lsraelis
3094 4606 3161 4660 ob
3189 4604 3461 4658 avaritiam
3491 4609 3544 4652 et
3564 4599 3814 4652 ebrieta-

2239 4717 2366 4771 tem,
2411 4708 2536 4774 ipsis
2579 4703 2952 4758 desolationem
2994 4698 3323 4751 vaticinatur.
3368 4694 3594 4747 Minatur
3624 4691 3689 4744 iis
3720 4689 3817 4758 qui

2239 4795 2718 4866 pseudOprophetas
2747 4790 3013 4859 prophetis
3057 4786 3360 4855 praeferunt.
3407 4785 3680 4836 Ascensus
3715 4780 3817 4834 ho-

2240 4890 2392 4944 stium
2423 4889 2648 4939 illorum.
2677 4883 2938 4934 Visionem
2981 4876 3256 4944 conspicit,
3297 4875 3347 4930 in
3380 4889 3482 4943 qua
3512 4873 3630 4941 ejus
3671 4871 3820 4924 labia

2241 4987 2453 5047 purgata
2478 4978 2638 5029 fuere.
2674 4971 2976 5024 Exercitum
3006 4967 3249 5020 admovet
3274 4966 3532 5034 Syrorum
3564 4977 3662 5016 rex
3687 4974 3820 5014 cum

2239 5067 2486 5122 lsraelitis
2529 5073 2709 5118 contra
2757 5059 3067 5122 Jerusalem,
3114 5065 3167 5109 et
3205 5057 3522 5109 vaticinatur
3554 5053 3722 5106 Isaias
3750 5052 3822 5106 de

2239 5157 2469 5220 Christo,
2502 5165 2554 5208 et
2581 5153 2822 5205 vastitate
2841 5149 3150 5213 Jerusalem,
3178 5147 3349 5215 deque
3375 5159 3605 5200 ascensu
3634 5142 3822 5196 Nabu-

2239 5245 2636 5300 chodonosoris.
2668 5241 2944 5308 Prophetia
2974 5239 3038 5293 de
3081 5239 3144 5292 iis
3173 5237 3262 5305 qui
3293 5237 3344 5290 in
3388 5235 3662 5289 Christum
3692 5248 3825 5287 cre—

2240 5339 2394 5391 dituri
2423 5346 2561 5390 sunt.
2588 5336 2657 5387 De
2684 5332 3005 5398 fortitudine,
3033 5331 3275 5400 superbia
3304 5339 3359 5384 et
3379 5327 3620 5397 pernicie
3650 5328 3829 5396 Assy-

2304 5511 2372 5566 (τι)
2393 5518 2520 5557 ttunc
2546 5508 2696 5554 locum
2730 5505 2924 5566 respicit
2956 5504 3030 5561 14,
3055 5507 3083 5552 5
3104 5504 3237 5551 :Viro
3261 5514 3411 5564 parco
3434 5514 3528 5551 non
3554 5503 3689 5551 bona:
3710 5510 3821 5552 sunt

2240 5569 2604 5620 airitiremrcos
2620 5576 2774 5614 autem
2798 5579 2918 5626 θρῖπας
2945 5567 3268 5626 vocabantht
3283 5576 3405 5611 vero
3425 5576 3507 5623 ορεψ
3527 5576 3688 5626 genus
3706 5576 3819 5626 ver-

2241 5631 2399 5679 tniculi
2425 5629 2685 5676 secundant
2707 5623 2909 5682 Suidam,
2934 5625 3060 5686 quod
3083 5624 3210 5684 ligna
3233 5631 3282 5672 et
3296 5635 3482 5674 cornua
3506 5623 3820 5674 Obrrodebet.

2244 5695 2356 5738 ttiuc
2382 5703 2544 5750 parcos
2569 5696 2618 5736 et
2647 5700 2810 5736 avaros
2841 5699 2962 5749 θρῖπας
2986 5691 3227 5734 vocarunt.
