4000 6220
217 378 328 433 375

222 489 301 548 ζει
352 492 591 557 σοφία-ν.
652 487 802 541 Κατά
851 483 1260 549 εἰδωλολατρῶν,
1315 484 1376 532 ἐκ
1425 477 1623 548 χρυσοῦ
1681 475 1772 526 καὶ

222 575 478 642 ἀργύρου,
514 577 546 644 ἢ
598 574 776 634 λίθων,
813 573 844 639 ἢ
884 571 1050 634 ξύλων
1085 569 1310 620 εἰδώλων
1348 569 1404 633 (Ι.
1434 565 1643 631 εἴδωλα)
1675 578 1774 612 κα-

220 661 727 729 τασκευασαμένων.
759 660 883 712 ’Ότι
927 659 1043 708 ἐστὶ
1080 655 1314 724 σωτηρία
1358 653 1444 705 διὰ
1478 651 1632 717 ξύλου
1667 650 1777 707 τοῖς

222 745 554 800 πιστεύουσι.
584 747 663 798 Τά
713 747 838 814 1:591
879 742 1250 803 εἰδωλοποιῶν,
1295 742 1326 808 ἦ
1368 737 1777 807 ζωγραφοῦντος

220 828 432 885 εἴδωλα.
481 834 614 900 Περὶ
642 834 853 884 πάντων
897 830 1000 883 τῶν
1033 828 1211 880 κακῶν
1257 828 1362 878 τῶν
1405 829 1461 877 ὲν
1501 824 1778 876 εἰδωλολα-

218 918 394 986 τρείᾳ.
446 919 580 986 Περὶ
626 918 850 978 ἀσεϐοῦς
899 914 1212 985 θρησκείας,
1263 914 1354 964 καὶ
1386 915 1483 964 ὅσα
1530 913 1586 962 ἐν
1640 911 1774 978 αὑτῇ

221 1005 386 1056 κακά.
425 1004 557 1072 11591
579 1002 670 1054 :06
701 1002 1004 1071 κεραμέως,
1030 1001 1122 1051 καὶ
1148 999 1250 1050 τῶν
1283 997 1596 1066 κεραμικῶν
1627 995 1774 1046 εἰδῶ⁹

217 1087 344 1141 λων.
390 1089 521 1157 Περὶ
557 1089 767 1141 πάντων
795 1087 902 1138 τῶν
940 1085 1169 1137 εἰδώλων
1211 1085 1305 1152 τῆς
1342 1083 1446 1135 τῶν
1471 1082 1637 1134 ἐθνῶν
1680 1083 1775 1134 λα·

215 1175 421 1242 τρείας.
461 1175 593 1242 Περὶ
624 1174 730 1226 τῶν
771 1173 1029 1241 ἐχθίστων
1064 1171 1234 1234 ζώων,
1266 1171 1459 1236 ὄφεων,
1493 1169 1772 1235 αἰλούρων,

218 1259 312 1309 καὶ
343 1260 448 1310 τῶν
468 1260 684 1328 ὁμοίων.
714 1260 831 1310 Ὅτι
858 1260 1219 1327 εὐηργέτησεν
1239 1258 1265 1308 ὁ
1285 1256 1413 1317 Θεὸς
1442 1256 1530 1306 τὸν
1568 1253 1776 1322 Ἰσραὴλ

217 1345 337 1396 ἀντὶ
367 1346 646 1418 βατράχων
683 1347 1108 1417 ὀρ-τυγομήτραν.

672 1523 932 1590 Σύνοψις
974 1523 1077 1576 τοῦ
1119 1522 1317 1590 Σιράχ.

289 1664 422 1732 Περὶ
450 1662 612 1730 φόϐου
651 1663 782 1715 Θεοῦ
809 1676 858 1727 ι,
892 1663 1135 1734 περὶτοῦ
1183 1663 1254 1732 μὴ
1297 1661 1613 1731 θυμοῦσθαι,
1650 1659 1775 1730 1:591

211 1749 308 1800 :06
339 1750 446 1802 δεῖν
476 1752 639 1819 χωρὶς
667 1751 1000 1820 ὑποκρίσεως
1031 1751 1307 1821 προσιέναι
1337 1750 1472 1819 Θεῷ,
1513 1750 1637 1818 περὶ
1667 1764 1775 1800 πει-

215 1835 442 1904 ρασμῶν
487 1838 579 1888 καὶ
613 1837 903 1906 ὑπομονῆς,
934 1837 1059 1903 περὶ
1097 1837 1260 1905 τιμῆς
1293 1837 1389 1904 τῆς
1419 1837 1494 1898 εἰς
1526 1836 1650 1896 τοὺς
1682 1851 1773 1900 γο-

212 1925 344 1984 νεῖς,
371 1924 498 1991 1:591
537 1924 852 1986 ἐπιεικείας,
885 1925 1010 1992 περὶ
1033 1923 1124 1975 τοῦ
1158 1924 1228 1992 μὴ
1266 1923 1371 1974 δεῖν
1404 1922 1581 1991 ζητεῖν
1608 1921 1770 1990 βαθύ-

210 2025 346 2076 τερα
391 2008 496 2060 τῶν
541 2010 1046 2078 προστεταγμένων,
1098 2010 1222 2077 περὶ
1268 2008 1628 2077 ἐλεημοσύνης
1680 2007 1771 2059 καὶ

209 2095 460 2160 ὀρφανῶν
511 2096 855 2162 προστασίας.
909 2095 1040 2162 11591
1099 2095 1305 2161 σοφίας,
1352 2094 1476 2163 1:591
1515 2092 1770 2161 αἰσχύνης

213 2178 377 2245 βλαϐε
385 2180 481 2246 ρᾶς
509 2179 599 2230 καὶ
625 2179 952 2246 ὲπωφελοῦςο
974 2179 1138 2232 πολλὰ
1161 2181 1215 2231 δὲ
1243 2197 1307 2230 πε
1317 2179 1366 2247 91
1389 2180 1483 2248 τῆς
1509 2180 1770 2247 βλαϐερᾶς

210 2264 444 2315 ἐνταῦθα
475 2263 638 2330 λέγει.
686 2267 820 2335 Περὶ
853 2266 942 2317 τοῦ
991 2266 1064 2334 μὴ
1097 2265 1203 2316 δεῖν
1237 2264 1474 2316 δεδόσθαι
1517 2264 1590 2332 τῷ
1621 2265 1769 2333 πόθῳ

209 2351 318 2402 τῶν
346 2351 664 2422 χρημάτων,
697 2354 827 2421 μηδὲ
857 2352 1059 2406 οἴεσθαι
1081 2354 1384 2422 ἀτιμωρητ“ι
1416 2353 1766 2421 ἁμαρτάνειν,

211 2436 315 2488 κᾶν
350 2437 658 2505 παραυτίκα
699 2439 771 2507 μὴ
815 2437 989 2505 δῶμεν
1035 2439 1128 2506 τὴν
1160 2438 1459 2507 τιμωρίαν·
1497 2438 1767 2506 μακρόθυ-

213 2540 312 2590 μος
349 2525 456 2593 γάρ
487 2523 631 2577 ἐστιν
673 2527 700 2577 ὁ
733 2526 860 2586 Θεὸς
885 2542 896 2554 ο
924 2525 1031 2576 δεῖν
1061 2525 1115 2575 δὲ
1147 2525 1490 2590 ἐξιλάσασθαι
1527 2528 1551 2564 b
1585 2528 1763 2579 αὐτόν.

211 2611 346 2677 Περὶ
364 2610 787 2680 φλυαρίας,περὶ
809 2613 1197 2681 ὑπερηφανίας,
1229 2614 1353 2680 1:591
1377 2613 1540 2680 φίλων
1556 2614 1768 2683 δοκιμα-

209 2695 494 2762 σίας,περὶ
514 2694 772 2758 παιδείας,
795 2697 918 2764 1:591
939 2697 1251 2766 ἀκροάσεως
1275 2698 1603 2764 ἐπωφελοῦς.
1633 2700 1765 2766 Περὶ

207 2779 305 2831 τοῦ
339 2783 412 2850 μὴ
444 2783 792 2850 ἁμαρτάνειν,
830 2783 902 2852 μὴ
937 2783 1241 2852 ψεύδεσθαι,
1277 2787 1348 2854 μὴ
1378 2786 1650 2854 φλυαρεῖν,
1693 2786 1765 2856 μὴ

206 2866 488 2935 δευτεροῦν
519 2869 669 2934 λόγον
708 2871 763 2919 ἐν
802 2873 1072 2939 προσευχῇ
1099 2886 1112 2900 °
1157 2871 1448 2932 τουτέστιν,
1492 2874 1547 2923 ἐν
1585 2866 1663 2933 οἷς
1702 2871 1766 2924 ἂν

206 2951 420 3023 ὑπόσχῃ
435 2954 570 3023 Θεῷ,
596 2955 668 3024 μὴ
689 2955 913 3025 ὑπέρθῃ.
933 2957 1067 3025 Περὶ
1091 2957 1362 3022 γυναικὸς,
1382 2975 1447 3008 πε
1459 2958 1507 3026 91
1525 2958 1763 3022 οἰκετῶν,

207 3037 360 3109 [581]
393 3041 516 3108 1:591
546 3041 772 3108 κτηνῶν,
803 3041 928 3108 1:591
961 3042 1182 3105 τέκνων,
1231 3043 1355 3110 περὶ
1387 3043 1608 3111 πατρὸς,
1643 3045 1766 3112 περὶ

204 3125 304 3189 τῆς
353 3126 490 3178 κατὰ
524 3126 651 3176 Θεὸν
691 3125 989 3189 εὐλαϐείας,
1039 3128 1165 3194 1:591
1209 3130 1304 3196 τῆς
1350 3129 1427 3189 εἰς
1456 3131 1578 3190 τοὺς
1607 3130 1765 3196 ἱερεῖς

202 3208 390 3275 τιμῆς,
423 3211 548 3278 περὶ
584 3210 680 3278 τῆς
725 3213 801 3271 εἰς
833 3211 956 3272 τοῦς
1001 3213 1364 3280 κακουμένους
1411 3214 1762 3280 ἐπισκέψεως.

205 3296 341 3364 Περὶ
385 3295 475 3346 τοῦ
511 3297 583 3366 μὴ
637 3297 921 3365 μάχεσθαι,
955 3299 1026 3367 μὴ
1068 3299 1361 3362 ὀνειδίζειν,
1400 3301 1471 3368 μὴ
1523 3305 1765 3370 παρορᾷν

199 3382 552 3450 διηγημάτων
581 3385 754 3452 σοφῶν
780 3385 1060 3453 γερόντων.
1084 3388 1214 3452 Περὶ
1238 3388 1603 3456 σωφροσύνης,
1637 3407 1700 3440 πε
1713 3392 1762 3457 91

201 3469 406 3535 φιλίας,
437 3472 560 3539 1:591
585 3471 675 3522 :06
702 3473 773 3541 μὴ
803 3472 993 3541 ζηλοῦν
1018 3474 1385 3541 ἁμαρτωλούς.
1416 3477 1548 3543 Περὶ
1578 3476 1762 3545 κριτοῦ

201 3555 422 3606 συνετοῦ
458 3559 547 3607 καὶ
581 3559 828 3624 ἄφρονος,
872 3560 997 3627 περὶ
1028 3561 1418 3629 ὑπερηφανίας,
1448 3563 1572 3631 περὶ
1594 3564 1763 3614 ἐπιει-

198 3644 377 3704 κείας,
411 3646 536 3711 1:591
568 3645 657 3695 τοῦ
692 3645 762 3713 μὴ
785 3647 1019 3714 ἀκρίτως
1047 3650 1137 3698 καὶ
1163 3649 1525 3712 ἀνεξετάστως
1557 3651 1759 3717 μέμφε-

200 3728 345 3779 σθαι.
391 3730 520 3796 Περὶ
549 3728 639 3780 τοῦ
668 3731 1020 3794 φυλάττεσθαι
1048 3735 1170 3794 τοὺς
1197 3733 1478 3801 πονηρούς.
1513 3735 1762 3803 Περὶ-τῆς

195 3814 307 3866 τῶν
357 3814 621 3866 πλουσίων
667 3816 977 3886 θεραπείας,
1009 3814 1076 3889 ἧς
1122 3821 1269 3888 παρὰ
1325 3821 1529 3872 πολλῶν
1563 3823 1763 3890 τυγχά-

195 3917 371 3964 νουσι,
408 3902 499 3952 καὶ
547 3903 799 3971 περὶτῆς
838 3903 992 3956 ἐνίων
1038 3906 1216 3957 αὑτῶν
1261 3907 1585 3970 πλεονεξίας.
1630 3910 1762 3979 Περὶ

197 3987 557 4056 μικρολόγων,
589 3988 680 4050 οὑς
728 3988 920 4057 θρῖπας
951 3991 1169 4043 καλοῦσι
1196 4004 1242 4053 ε,
1272 3994 1394 4055 τοὺς
1423 3995 1496 4062 μὴ
1547 3995 1760 4061 μεταδι-

193 4073 383 4134 δόντας
406 4076 628 4144 έτέροις.
662 4078 793 4146 Περὶ
817 4080 1058 4146 κτήσεως
1090 4081 1295 4146 σοφίας,
1332 4081 1457 4149 περὶ
1485 4081 1575 4132 τοῦ
1606 4082 1760 4131 016:5-

195 4161 431 4223 ξουσίου.
486 4163 618 4231 Περὶ
669 4164 760 4215 τοῦ
809 4164 1007 4216 ἄπαιδα
1048 4161 1202 4231 εἶναι,
1254 4167 1285 4236 ἢ
1343 4168 1552 4236 πονηρά
1598 4169 1757 4219 τέκνα

191 4246 361 4314 ἔχειν.
392 4247 510 4298 Ὅτι
553 4249 700 4300 οὐδὲν
741 4250 986 4303 λανθάνει
1025 4252 1114 4303 τὸν
1148 4253 1296 4304 Θεόν.
1330 4253 1462 4321 Περὶ
1495 4254 1599 4305 τῶν
1641 4272 1756 4305 κτι-

193 4334 440 4402 σμάτων,
468 4334 592 4402 περὶ
622 4336 719 4403 τῆς
748 4336 840 4388 τοῦ
873 4338 1154 4408 ἀνθρώπου
1184 4338 1449 4405 πλάσεως,
1475 4342 1564 4391 καὶ
1597 4341 1758 4409 τιμῆς

188 4417 260 4490 ἦς
289 4422 542 4491 ἐτιμήθη.
587 4423 720 4492 Περὶ
745 4425 842 4492 τῆς
867 4425 960 4477 τοῦ
1001 4425 1162 4494 νόμου
1203 4426 1419 4489 δόσεως,
1456 4429 1578 4495 περὶ
1609 4428 1758 4496 ἐλεη-

195 4507 437 4574 μοσύνης
473 4508 564 4558 καὶ
596 4509 897 4575 μετανοίας,
947 4513 1073 4580 περὶ
1117 4509 1209 4562 τοῦ
1245 4513 1317 4579 μὴ
1370 4511 1751 4566 ἀσωτεύεσθαι.

193 4593 333 4660 [1591
377 4593 619 4661 φυλακῆς
679 4597 1009 4665 μυστηρίων,
1059 4599 1183 4666 περὶ
1218 4599 1444 4666 ἄφρονος
1501 4600 1754 4667 αἰσχύνης

191 4678 484 4747 βλαϐερᾶς.
521 4680 651 4749 Περὶ
681 4681 773 4732 τοῦ
803 4684 1078 4750 μετανοεῖν
1104 4684 1194 4734 11:1
1225 4685 1596 4753 ἁμαρτήμασι,
1628 4688 1753 4754 1:591

187 4766 286 4817 τοῦ
328 4768 399 4835 μὴ
437 4767 788 4831 πλεονεκτεῖν,
819 4771 945 4838 1:591
979 4770 1195 4822 συνετοῦ
1229 4773 1319 4823 καὶ
1352 4774 1599 4840 ἄφρονος,
1629 4775 1754 4842 1:591

189 4853 462 4920 Θυγατρός
516 4856 700 4918 Θυσίας
739 4857 788 4918 ά,
844 4859 969 4926 περὶ
1013 4859 1338 4928 ἁπροσεξίας
1382 4860 1583 4929 μωροῦ,
1629 4862 1753 4930 1:591

187 4940 430 5000 διανοίας
457 4944 704 5011 στερρᾶς,
732 4947 856 5014 1:591
882 4946 973 4998 :06
1000 4947 1071 5015 μὴ
1103 4947 1572 5016 ἀπαραφυλάκτως
1601 4948 1755 5014 φθέγ-

190 5024 405 5092 γεσθαι.
445 5027 575 5095 11591
620 5029 712 5080 :06
753 5032 1170 5085 κατανύττεσθαι
1214 5036 1325 5096 τοῖς
1381 5035 1751 5102 ἁμαρτήμασι,

191 5113 447 5183 περὶτοῦ
498 5115 570 5183 μὴ
609 5117 852 5184 ὀμνύναι,
904 5123 1029 5188 1:591
1075 5121 1280 5189 σοφίας.
1325 5124 1456 5192 11591
1501 5122 1751 5189 γυναικὸς

191 5202 436 5269 πονηρᾶς
464 5201 555 5252 καὶ
590 5202 816 5269 ἀγαθῆς,
851 5209 974 5273 περὶ
1012 5208 1285 5276 ἐμπόρων,
1317 5208 1440 5276 1:591
1479 5208 1754 5261 ἐκλαλούν-

189 5303 303 5340 των
349 5289 634 5357 μυστήρια.
672 5290 803 5358 Περὶ
835 5291 926 5342 τοῦ
965 5296 1040 5354 εἰς
1071 5295 1356 5363 πρόσωπον
1392 5297 1750 5358 ἐπαινοῦντος,

195 5374 506 5444 ὕστερονδὲ
557 5375 921 5443 χλευάζοντος.
963 5380 1093 5448 11591
1125 5379 1216 5432 :06
1259 5381 1471 5448 ἀφιέναι
1502 5381 1576 5450 τῷ
1619 5383 1753 5451 πλη-

254 5621 280 5682 j‘
310 5619 391 5682 Si:
409 5619 508 5682 fere
534 5622 764 5682 Synopsis
789 5622 1047 5674 Athanasio
1075 5628 1261 5677 tribui-.1.

254 5681 284 5721 h
311 5681 456 5731 C0181.
484 5681 816 5736 ἐξιλάσκεσθαι.

1273 363 1600 422 SYNOPSIS
1637 357 2046 416 SCRIPTUBA‘I
2089 359 2356 413 SACRA‘.

3317 377 3427 433 376

1879 472 1990 523 σίον
2021 473 2086 523 τὰ
2128 475 2203 532 εἰς
2232 473 2387 524 αὑτὸν
2433 474 2889 542 πλημμελούμενα
2925 492 2944 511 ο
2967 515 2978 526 .
3013 476 3141 542 Περὶ
3182 477 3426 546 γλώσσης

1858 559 2069 636 ῥολίας,
2116 561 2357 630 περὶτοῦ
2390 561 2648 622 δανείζειν
2680 563 2756 631 τῷ
2801 563 3043 630 πλησίον,
3079 564 3195 632 ούχὶ
3240 564 3426 625 τόκους

1876 646 2075 703 λαϐεῖν.
2110 647 2241 698 ἁλλά
2273 650 2463 716 κιχρᾷν
2492 650 2568 717 τῷ
2605 648 2860 717 δεομένῳ.
2901 651 3030 717 Περὶ
3063 650 3150 700 τοῦ
3179 650 3428 718 ἐπιστρά-

1877 749 1992 799 φως
2044 733 2310 785 παιδεύειν
2348 735 2529 798 τέκνα,
2577 737 2703 803 περὶ
2748 735 2986 799 οἰκετῶν,
3024 737 3154 804 περὶ
3199 733 3423 801 ἀλόγων,

1876 822 2003 888 1:591
2028 821 2304 874 ἐνυπνίων.
2335 822 2467 891 11591
2492 823 2598 874 τῶν
2630 822 2975 890 φοϐουμένων
3007 822 3094 873 τὸν
3120 823 3267 883 Θεὸν,
3300 826 3425 892 περὶ

1875 907 1978 958 τῶν
2022 906 2080 969 ἐξ
2112 908 2318 970 ἀδικίας
2348 908 2566 972 θυσιῶν,
2612 911 2737 975 1:591
2772 909 3090 978 προσφορῶν
3121 909 3226 961 τῶν
3256 911 3319 962 ἐκ
3350 910 3425 961 δι-

1875 996 2182 1063 καιοσύνης.
2209 998 2343 1066 11591
2373 998 2750 1067 φιλαργυρίας,
2776 999 2901 1066 1:591
2925 998 3271 1067 λαιμαργίας,
3298 1001 3424 1068 περὶ

1879 1081 2064 1151 μέθης.
2102 1083 2220 1134 ’Ότι
2263 1086 2296 1152 ἠ
2330 1086 2426 1154 μὲν
2459 1084 2766 1153 κατασκευὴ
2811 1085 2908 1152 τῆς
2939 1085 3146 1150 φύσεως
3189 1089 3298 1148 τοῖς
3329 1087 3422 1138 ἀν-

1874 1169 2108 1238 θρώποις
2138 1171 2232 1237 μία
2256 1187 2268 1200 ο
2295 1171 2354 1221 τὸ
2386 1170 2440 1221 δέ
2471 1171 2567 1239 τῆς
2602 1171 2969 1241 προαιρέσεως
2997 1173 3264 1241 διάφορον,
3299 1175 3424 1236 τοὺς

1876 1256 1972 1324 μὲν
2003 1255 2353 1322 εὐλογεῖσθαι,
2385 1258 2506 1318 τοὺς
2538 1258 2593 1310 δὲ
2621 1259 2989 1328 καταραθῆναι
3025 1259 3260 1327 ἐποίησε.
3290 1261 3423 1328 11591

1877 1345 2128 1412 ἰατρείας,
2167 1346 2407 1412 1:591:06
2439 1346 2510 1414 μὴ
2557 1347 2692 1413 ἄγαν
2733 1349 3042 1416 κρατεῖσθαι
3089 1349 3249 1418 λύπῃ.
3287 1346 3422 1417 [1591

1871 1430 1962 1480 :06
1991 1430 2095 1481 δεῖν
2119 1431 2196 1500 τῷ
2234 1432 2377 1501 νόμῳ
2427 1433 2518 1483 καὶ
2557 1435 2666 1494 τοῖς
2692 1433 2783 1484 τοῦ
2819 1434 2951 1486 Θεοῦ
2996 1435 3172 1503 νόμοις
3205 1439 3421 1506 κρατεῖ-

1874 1516 2012 1567 σθαι.
2039 1518 2171 1584 11591
2195 1519 2300 1569 τῶν
2327 1519 2420 1570 τοῦ
2446 1519 2577 1570 Θεοῦ
2617 1519 2808 1589 ἔργων,
2840 1523 2965 1590 1:591
2993 1522 3098 1573 τῶν
3125 1522 3416 1590 τιμωριῶν,

1870 1602 1996 1670 περὶ
2026 1605 2122 1670 τῆς
2150 1602 2488 1674 ἀνθρωπίνης
2518 1604 2747 1672 φύσεως,
2783 1607 2861 1658 ὅτι
2907 1606 3111 1659 πολλῶν
3136 1607 3417 1676 ἐμπέπληο

1872 1706 1991 1741 σται
2020 1690 2191 1758 φόνων
2217 1692 2307 1744 καὶ
2331 1693 2639 1762 φροντίδων.
2659 1695 2790 1764 Περὶ
2823 1694 2928 1746 τῶν
2953 1694 3043 1747 τοῦ
3066 1695 3194 1747 Θεοῦ
3223 1696 3415 1764 ἔργων.

1939 1857 2198 1923 Σύνοψις
2222 1857 2336 1911 τῶν
2363 1859 2441 1922 τῷ
2467 1860 2740 1928 προφήτῃ
2780 1861 2986 1927 Ἡσαΐᾳ
3010 1861 3346 1930 εἰρημένων.

1940 2004 2252 2071 Κατηγορία
2289 2004 2379 2056 τοῦ
2419 2005 2627 2074 Ἰσραὴλ
2663 2007 2754 2058 καὶ
2784 2008 3052 2076 συμφορὰ,
3091 2010 3182 2060 καὶ
3220 2010 3416 2078 1:190:1—

1866 2105 2019 2157 τησις
2047 2090 2264 2152 θυσιῶν,
2303 2093 2394 2144 καὶ
2422 2093 2735 2162 παραίνεσις
2759 2093 3020 2161 βελτίονος
3044 2095 3178 2163 βίου.
3209 2099 3418 2166 Προφη-

1866 2176 1978 2226 τεία
2009 2178 2134 2245 περὶ
2159 2178 2259 2245 τῆς
2295 2179 2633 2248 Ἐκκλησίας,
2655 2181 2861 2249 καὶτῆς
2889 2182 3147 2251 ἐσομένης
3177 2185 3412 2252 εἰρήνης.

1868 2262 2176 2331 Κατηγορία
2202 2263 2292 2314 τοῦ
2329 2265 2560 2335 Ἰσραὴλ,
2585 2267 2676 2319 καὶ
2696 2267 2973 2336 πολιορκία
2998 2269 3244 2338 ἐσομένη.
3276 2272 3420 2322 Κατ-

1865 2348 2059 2416 ηγορία
2105 2351 2202 2417 τῆς
2249 2350 2458 2418 τρυφῆς
2508 2353 2682 2403 αὐτῶν
2737 2353 2827 2404 καὶ
2879 2354 2974 2421 τῆς
3025 2355 3413 2424 ὑπερηφανίας.

1878 2433 2135 2502 ’Λποϐολὴ
2188 2435 2277 2485 τοῦ
2321 2435 2529 2505 Ἰσραὴλ
2568 2437 2651 2488 διὰ
2699 2437 2792 2488 τοῦ
2839 2440 3273 2508 παραδείγματος
3321 2442 3413 2494 τοῦ

1863 2521 2198 2588 ἀμπελῶνος.
2233 2522 2514 2575 Διαϐάλλει
2541 2524 2662 2584 τοὺς
2686 2523 2945 2593 ἄρχοντας
2971 2525 3059 2577 τοῦ
3102 2527 3312 2596 Ἰσραὴλ
3337 2529 3417 2589 εἰς

1865 2607 2172 2671 πλεονεξίαν
2207 2609 2297 2660 καὶ
2327 2610 2403 2670 είς
2452 2609 2639 2678 μέθην,
2675 2611 2764 2661 καὶ
2798 2611 3046 2680 προλέγει
3083 2612 3262 2674 αὑτοῖς
3291 2615 3417 2684 ἐρή-

1867 2710 2054 2761 μωσιν.
2073 2695 2180 2746 Καὶ
2195 2695 2404 2747 ἀπειλεῖ
2431 2697 2541 2757 τοῖς
2563 2696 2865 2764 προτιμῶσι
2891 2699 3014 2758 τοὺς
3043 2698 3414 2769 ψευδοπροφή-

1861 2797 1956 2841 τας
1992 2779 2137 2850 [382]
2168 2781 2274 2834 τῶν
2315 2783 2625 2851 προφητῶν.
2660 2785 2872 2845 Ἀνοδος
2896 2784 3001 2835 τῶν
3030 2785 3297 2853 πολεμίων
3324 2786 3418 2839 αὑ-

1860 2867 1986 2918 τῶν.
2025 2867 2156 2936 Ὁρᾷ
2202 2868 2297 2936 τὴν
2347 2869 2633 2932 ὀπτασίαν,
2667 2872 2721 2920 ἐν
2823 2871 3096 2939 ἐκαθάρθη
3146 2872 3306 2924 αὑτοῦ
3349 2874 3416 2927 τά

1862 2953 2031 3022 χείλη.
2097 2955 2500 3023 Ἐπιστρατεύει
2532 2956 2560 3005 ὁ
2595 2956 2775 3024 Σύρων
2831 2956 3077 3024 βασιλεὺς
3127 2959 3261 3025 μετά
3309 2959 3415 3010 τῶν

1875 3039 2216 3109 Ἰσραηλιτῶν
2245 3040 2335 3090 ἐπὶ
2371 3039 2468 3108 τὴν
2509 3041 2876 3110 Ἰερουσαλὴμ,
2903 3042 2997 3092 καὶ
3027 3044 3352 3111 προφητεύει
3386 3047 3416 3098 ὁ

1872 3127 2095 3185 ’ἰίσαῖας
2123 3125 2246 3194 1:591
2275 3125 2366 3176 :06
2405 3127 2656 3195 Χριστοῦ,
2688 3129 2777 3179 καὶ
2814 3128 2937 3197 περὶ
2965 3129 3061 3196 τῆς
3089 3129 3415 3198 ἐρημώσεως

1872 3212 2242 3280 Ἰερουσαλὴμ,
2277 3214 2368 3265 καὶ
2397 3215 2521 3282 1:591
2568 3215 2664 3282 τῆς
2705 3214 2888 3266 ἀνόδου
2934 3214 3411 3287 Ναϐουχοδονόσορ.

1861 3299 2169 3366 Προφητεία
2216 3299 2320 3350 τῶν
2349 3301 2426 3361 είς
2469 3301 2698 3368 Χριστὸν
2734 3301 3111 3355 πιστευόντων.
3154 3304 3285 3371 11591
3318 3304 3413 3373 τῆς

1863 3384 2038 3452 ἰσχύος
2065 3384 2156 3436 καὶ
2185 3385 2554 3453 ὑπερηφανίας
2580 3387 2670 3438 καὶ
2690 3387 2960 3449 ἀπωλείας
2979 3388 3069 3442 τοῦ
3111 3388 3410 3459 Ἀσσυρίου.

1860 3471 1993 3536 Περὶ
2014 3471 2116 3520 τῶν
2148 3471 2502 3523 πιστευόντων
2533 3471 2769 3540 Χριστῷ,
2801 3475 2925 3541 περὶ
2955 3475 3050 3542 τῆς
3082 3476 3217 3526 κατὰ
3241 3477 3414 3548 σάρκα

1859 3560 2159 3623 γεννήσεως
2190 3555 2281 3607 τοῦ
2312 3557 2543 3624 Χριστοῦ
2567 3576 2578 3589 ·
2607 3559 2730 3627 περὶ
2762 3559 2859 3626 τῆς
2895 3560 3001 3611 τῶν
3034 3561 3112 3622 είς
3141 3562 3296 3613 αὑτὸν
3323 3580 3412 3614 πι-

1860 3644 2150 3695 στευόντων
2178 3644 2490 3704 ἐπιεικείας.
2535 3645 2825 3696 Ἀπώλειαν
2852 3646 3160 3710 Βαϐυλῶνος
3187 3650 3277 3700 καί
3304 3649 3411 3702 τῶν

1858 3729 2162 3796 ἀλλοφύλων
2203 3730 2548 3799 προφητεύει.
2608 3731 2874 3783 ’Λπώλεια
2917 3731 3232 3785 Μωαϐιτῶν.
3282 3737 3412 3806 Περὶ

1857 3815 2088 3884 Χριστοῦ
2148 3818 2466 3886 προφητεία.
2509 3818 2769 3870 ’Λπώλεια
2821 3820 3129 3887 Δαμασκοῦ,
3177 3823 3268 3872 καὶ
3319 3823 3410 3874 τοῦ

1870 3903 2080 3970 Ἰσραὴλ
2115 3903 2364 3972 συμφορά
2399 3904 2490 3954 καὶ
2533 3904 2786 3972 σωτηρία.
2829 3905 3089 3957 Ἀπώλεια
3118 3908 3408 3973 Αἰγύπτου.

1873 3988 2181 4057 Ἀλληγορεῖ
2207 3989 2442 4040 κάκωσιν
2471 3990 2549 4048 εἰς
2586 3988 2651 4039 τὰ
2680 3989 2800 4057 ἔθνη
2840 3991 2906 4042 :01
2943 3991 3014 4058 μὴ
3056 3993 3410 4046 πιστεύσαντα

1856 4072 1932 4140 τῷ
1959 4073 2163 4142 Κυρίῳ,
2189 4074 2280 4124 καὶ
2303 4077 2379 4135 είς
2400 4074 2494 4142 τὴν
2521 4075 2792 4142 ἐρήμωσιν
2819 4076 2914 4143 τῆς
2935 4076 3184 4137 ἀσεϐείας
3210 4079 3406 4132 αὐτῶν.

1857 4159 2146 4211 Κελεύεται
2189 4161 2410 4221 Ἡσαΐας
2445 4161 2644 4228 γυμνὸς
2689 4163 3074 4230 περιπατῆσαι.
3120 4166 3407 4234 Ἐπιστρα-

1855 4246 1970 4298 τεία
2001 4246 2198 4315 Μήδων
2232 4249 2321 4298 καὶ
2374 4248 2717 4299 Βαϐυλωνίων
2764 4250 3023 4317 γενομένη
3065 4252 3200 4302 κατά
3253 4253 3407 4303 Ἰδου-

1859 4333 2020 4400 μαίας
2043 4333 2134 4384 καὶ
2164 4332 2435 4401 Ἀραϐίας.
2467 4334 2753 4401 Πολιορκία
2782 4335 3179 4402 Ἰερουσαλὴμή
3209 4339 3406 4404 ἐσχάτη

1855 4418 1956 4468 ὑπὸ
1990 4418 2471 4486 Ναϐουχοδονόσορ.
2500 4419 2805 4492 ΙΙρόρρησις
2828 4419 2903 4486 τῷ
2931 4420 3122 4488 Σωμνᾷ
3145 4420 3220 4488 τῷ
3240 4423 3408 4492 ταμίᾳ

1854 4505 1979 4572 1:591
2009 4505 2102 4572 τῆς
2149 4504 2435 4564 ἀπωλείας.
2469 4506 2529 4554 Οἱ
2559 4505 2612 4555 δὲ
2641 4504 2847 4572 ταμίαι,
2892 4506 3183 4570 τουτέστιν,
3221 4510 3267 4559 οἰ
3312 4509 3409 4575 φύ-

1852 4590 2008 4651 λακες
2040 4590 2145 4640 τῶν
2160 4591 2214 4639 ἐν
2234 4590 2306 4656 τῷ
2327 4589 2451 4657 ἱερῷ
2469 4591 2778 4658 χρημάτων,
2801 4591 2904 4642 ἀπὸ
2915 4591 3017 4642 τῶν
3044 4593 3230 4660 ἱερέων
3249 4589 3402 4662 ἦσαν.

1864 4674 2127 4726 ’Λπώλεια
2177 4674 2370 4743 Τύρου,
2413 4677 2504 4726 καὶ
2549 4678 2579 4743 ἡ
2625 4677 2759 4743 μετά
2811 4677 2976 4728 ταῦτα
3024 4681 3281 4750 σωτηρία,
3315 4686 3406 4734 καὶ

1852 4760 2108 4829 περὶτῶν
2155 4759 2483 4828 Ἐκκλησιῶν
2505 4760 2891 4831 ἀλληγορικῶς.
2943 4765 3204 4816 Ἀπώλεια
3241 4768 3408 4818 Βάϐυς

1849 4849 2012 4910 λῶνος
2047 4848 2149 4900 ὑπὸ
2180 4850 2394 4918 Μήδων,
2419 4851 2510 4902 καὶ
2535 4851 2621 4901 ἐπ’
2660 4852 2793 4920 αὑτῇ
2829 4852 3138 4920 εὐχαριστία
3180 4855 3254 4917 τῷ
3289 4857 3405 4923 Θεῷ

1911 5027 1935 5089 °_
1962 5024 2098 5089 11mm
2120 5025 2276 5089 Io_cum
2301 5027 2517 5085 respicit,
2550 5026 2622 5089 Π,
2653 5028 2680 5071 5
2714 5027 2873 5089 Σάνδοξ.
2902 5028 3164 5089 μι-κρολὸγῳ
3191 5030 3242 5075 οῦ
3264 5030 3404 5082 καλὸς

1848 5088 1872 5130 ὁ
1891 5084 2104 5147 πλοῦτος·
2132 5083 2235 5147 ιξίνο
2258 5083 2403 5147 ραι·τό
2427 5099 2516 5133 non
2544 5083 2673 5134 001m?
2694 5092 2798 5133 sunt
2819 5083 3014 5136 divitia}.
3044 5083 3216 5136 Ριίτίςοε
3240 5097 3401 5137 autem

1847 5146 2005 5206 θρῖπας
2031 5145 2274 5192 vocabunt.
2305 5147 2388 5193 list
2414 5160 2526 5192 vero
2549 5148 2652 5206 θρίψ
2673 5160 2826 5205 genus
2863 5150 3111 5196 vermiculi
3137 5152 3401 5196 secundum

1846 5208 2058 5262 Suidam,
2083 5209 2210 5265 quod
2235 5209 2361 5265 ligna
2385 5213 2434 5252 el
2473 5220 2648 5252 cornua
2674 5208 2975 5257 corrcdcbat.
3003 5211 3126 5257 Hinc
3157 5223 3322 5267 parcos
3349 5219 3400 5258 οι.

1849 5280 2014 5332 τίνειν-ους
2057 5269 2217 5327 θρῖπας
2257 5275 2503 5314 vocarunt.
2552 5269 2822 5325 Hesychius
2847 5283 2857 5314 ε
2887 5272 3009 5330 θρὶψ,
3045 5272 3277 5330 γλίσχρος,
3305 5289 3398 5332 05'.-

1849 5328 1935 5374 δω)
1947 5330 2012 5380 ός.

1909 5386 2237 5450 {tegendum
2261 5388 2489 5450 θρασείας,
2515 5394 2567 5434 ul
2605 5391 2651 5435 in
2676 5388 2880 5450 Synopsi
2902 5403 3010 5448 quze
3034 5391 3294 5439 Athanasio
3318 5395 3400 5439 uti--

1848 5447 2088 5501 scribitur.
2117 5462 2223 5506 qua:
2248 5449 2479 5508 Synopsis
2517 5452 2564 5495 iu
2597 5447 2980 5496 Ecclesiaélicnim
3006 5453 3106 5495 sive
3141 5453 3400 5500 Sim:an

1853 5510 2040 5568 longior
2066 5510 2167 5560 huc,
2208 5522 2354 5567 pauva
2383 5508 2525 5555 habet
2552 5510 2608 5556 ad
2638 5510 2836 5556 verbum
2878 5511 2953 5556 his
2976 5510 3165 5556 similia.
3192 5514 3398 5558 (iu-lem-

1852 5583 1953 5628 ιιιιιι
1979 5583 2096 5615 vero
2122 5569 2346 5615 librarum
2375 5570 2620 5628 Synopses~
2645 5578 2744 5616 lum
2767 5571 2884 5617 caelo
2915 5571 3163 5617 dill‘crunt.
3193 5572 3241 5616 1n
3269 5577 3402 5620 Sirm

1849 5625 1956 5676 cide
1982 5633 2177 5690 legitur,
2202 5630 2335 5685 22,51,
2361 5625 2536 5695 πατέρα
2557 5633 2630 5678 καὶ
2660 5633 2801 5691 ἄνδρα
2828 5632 3126 5692 καταισχύνει
3147 5634 3397 5695 ἡθροισεία.

1918 5692 1940 5716 ε
1969 5691 2112 5739 Forte
2136 5692 2571 5752 πεπλημμελημένοι.
