4000 6220
571 342 681 397 377

563 463 669 524 ὑπὸ
689 460 782 515 τοῦ
821 462 1118 530 προφήτου.
1153 461 1261 512 Καὶ
1294 463 1418 532 περὶ
1453 462 1560 513 τῶν
1597 461 1816 532 Χριστῷ
1842 460 2120 513 πιστευόν-

561 563 669 612 των
706 543 1026 615 προφητεία,
1059 543 1306 613 περὶτῆς
1333 543 1425 595 τοῦ
1452 543 1694 596 διαϐόλου
1723 542 1994 604 ἀπωλείας
2023 543 2135 620 τῆς

563 631 665 682 ὑπὸ
697 630 928 699 Χριστοῦ
954 630 1244 698 γενομένης
1267 643 1280 656 ·
1315 629 1438 698 περὶ
1465 630 1563 698 τῆς
1589 630 1681 682 τοῦ
1715 628 1949 698 Χριστοῦ
1979 627 2120 683 κατά

562 717 740 784 σάρκα
771 715 1106 784 παρουσίαςο
1139 714 1266 784 περὶ
1318 714 1418 783 τῆς
1464 717 1540 776 εἰς
1591 715 1821 783 Χριστὸν
1865 715 2114 776 πίστεως.

573 800 908 867 Ἑγκαλεῖται
937 802 965 852 6
1000 800 1234 869 Ἰσραὴλ,
1263 801 1342 852 ὄτι
1373 801 1469 868 τὴν
1503 800 1688 852 ἐλπίδα
1707 799 1813 852 ἀπὸ
1839 799 1970 852 Θεοῦ
1987 801 2118 852 ἀπο-

563 889 784 957 στήσας,
828 887 920 938 ἐπὶ
961 887 1086 948 τοὺς
1121 887 1448 953 Αἰγυπτίους
1481 887 1648 955 αὐτὴν
1689 887 1991 955 μετήγαγε⁹
2025 885 2117 938 καὶ

558 971 982 1042 προαγορεύεται
1008 971 1154 1042 αὑτῷ
1189 971 1350 1034 κακὰ,
1388 972 1480 1024 καὶ
1511 970 1731 1042 εὐθηνία
1759 971 1897 1041 μετὰ
1923 970 2112 1029 ταῦτα,

558 1058 961 1128 ΙΙροφητεύεται
1001 1057 1057 1110 δὲ
1085 1058 1143 1107 ἐν
1170 1056 1246 1125 τῷ
1288 1056 1434 1125 αὐτῷ
1462 1057 1588 1126 περὶ
1622 1056 1718 1125 τῆς
1758 1054 1853 1108 τοῦ
1883 1055 2114 1126 Χριστοῦ

570 1145 910 1216 Ἑκκλησίας,
943 1145 1070 1213 περὶ
1098 1143 1195 1212 τῆς
1225 1143 1552 1212 ἐπιστροφῆς
1587 1143 1694 1196 τῶν
1721 1142 1887 1194 ἐθνῶν
1916 1143 2013 1210 τῆς
2038 1144 2115 1204 είς

555 1233 805 1302 Χριστὸν,
838 1232 931 1284 κα)⁵
954 1230 1198 1300 περὶτῆς
1220 1231 1545 1300 ἐρημώσεως
1581 1229 1948 1299 Ἰερουσαλήμ.
1984 1230 2115 1298 Περὶ

552 1319 653 1388 τῆς
687 1317 1006 1387 Ἐκκλησίας
1043 1317 1270 1387 ἱστορία,
1294 1317 1364 1379 ὼς
1405 1316 1503 1384 μὲν
1533 1317 1672 1367 κατά
1705 1317 1803 1386 τὴν
1830 1317 2114 1386 πρόχειρον

552 1406 633 1470 είς
663 1404 762 1475 τὴν
795 1404 1093 1472 Ἰδουμαίαν
1118 1404 1212 1455 καὶ⁵
1233 1403 1331 1472 τὴν
1366 1401 1732 1472 Ἰερουσαλὴμ,
1764 1402 1882 1454 κατ’
1905 1401 2115 1475 ἀναγω-

553 1489 734 1560 γὴνδὲ
776 1491 854 1551 είς
885 1489 984 1558 τὴν
1030 1487 1260 1560 ἐρημίαν
1303 1487 1409 1538 τῶν
1451 1486 1733 1550 Ἰουδαίων,
1769 1487 1861 1539 καὶ
1893 1488 1970 1547 είς
2015 1489 2114 1554 τὴν

553 1574 849 1645 εὐπραγίαν
875 1575 972 1644 τῆς
996 1573 1089 1628 τοῦ
1112 1572 1344 1643 Χριστοῦ
1380 1573 1719 1641 Ἐκκλησίας.
1749 1572 1830 1625 Τά
1854 1573 1995 1626 κατά
2023 1573 2112 1624 τὸν

553 1662 910 1733 Σεναχηρείμ.
961 1662 1272 1731 Προφήτεία
1302 1662 1426 1730 περὶ
1478 1663 1721 1714 Ἰωάννου
1752 1661 1844 1712 τοῦ
1883 1661 2112 1731 Προδρό-

556 1767 680 1829 μου,
709 1749 804 1801 καὶ
830 1748 936 1800 τῶν
961 1750 1038 1810 είς
1063 1747 1294 1818 Χριστὸν
1322 1748 1697 1800 πιστευόντων.
1722 1747 1830 1815 Τῆς
1854 1746 1946 1798 τοῦ
1975 1744 2109 1798 Θεοῦ

549 1836 828 1907 δυνάμεως
873 1834 1113 1899 ἔνδειξις,
1143 1835 1237 1886 καὶ
1272 1835 1570 1903 κατηγορία
1614 1835 1706 1887 τοῦ
1759 1834 1989 1903 Ἰσραὴλ,
2035 1834 2110 1895 ὡς

550 1920 1074 1990 είδωλολατροῦντος,
1114 1921 1208 1972 καὶ
1241 1920 1347 1971 τῶν
1383 1921 1462 1982 είς
1498 1920 1589 1971 τὸν
1617 1919 1742 1973 λαὸν
1789 1920 2108 1988 εὐεργεσιῶν

550 2008 872 2077 ὑπόμνησις.
912 2005 1047 2074 Περὶ
1073 2006 1170 2074 τῆς
1216 2005 1666 2074 ἐκκλησιαπικῆς
1710 2004 2106 2068 καταστάσεως,

549 2095 644 2149 καὶ
671 2095 900 2148 είδώλων
921 2093 1216 2155 ἀσθενείας.
1246 2093 1379 2162 Περὶ
1405 2091 1640 2161 Χριστοῦ
1666 2092 1988 2161 προφητεία,
2015 2091 2106 2143 καὶ

544 2183 655 2244 τῶν
700 2185 779 2244 είς
827 2183 986 2234 αὑτὸν
1030 2180 1405 2233 πιστευόντων.
1457 2180 1728 2243 Ὄνειδίζει
1775 2179 1852 2249 τῷ
1897 2180 2107 2248 Ἰσραὴλ

547 2269 828 2340 ἁμαρτιῶν
853 2270 1054 2321 ἐνεκεν.
1077 2267 1238 2346 Λέγει
1263 2266 1351 2320 διά
1367 2268 1466 2342 τὴν
1484 2267 1766 2338 παρακοήν
1784 2265 1961 2320 αὐτῶν
1983 2268 2106 2318 ἐπε-

545 2355 802 2424 νηνέχθαι
851 2356 1033 2416 αὐτοῖς
1061 2353 1161 2414 τάς
1201 2353 1502 2422 συμφοράς.
1540 2353 1676 2422 Περὶ
1715 2353 1814 2422 τῆς
1857 2353 1936 2415 είς
1973 2352 2107 2422 Χρι-

547 2443 670 2496 στδν
699 2442 954 2505 πίστεως.
980 2441 1101 2493 Ὀτι
1123 2441 1215 2491 καὶ
1247 2440 1319 2509 μὴ
1346 2439 1538 2492 θύοντα
1563 2440 1710 2492 εῐασε
1737 2439 1826 2491 τὸν
1845 2437 1990 2501 λαὸν,
2014 2441 2107 2491 καὶ

542 2530 644 2585 οὐκ
676 2528 869 2597 ἀπῄτει
912 2525 1009 2596 τήν
1041 2525 1128 2578 διά
1157 2525 1356 2577 θυσιῶν
1383 2525 1655 2596 λατρείαν.
1694 2527 1802 2579 Καὶ
1841 2524 1967 2594 περὶ
1997 2524 2106 2578 τῶν

543 2616 624 2678 εἰς
664 2612 894 2683 Χριστὸν
936 2611 1296 2664 πιστευόντων
1349 2610 1672 2681 προφητεία.
1711 2611 1967 2680 Ἔλεγχος
2007 2613 2106 2681 τῆς

540 2701 651 2759 τῶν
678 2698 904 2752 εἰδώλων
936 2697 1230 2760 ἀσθενείας,
1262 2697 1355 2748 καὶ
1385 2696 1602 2762 ἔνδειξις
1623 2697 1718 2766 τῆς
1740 2695 1831 2748 τοῦ
1858 2696 1990 2749 Θεοῦ
2019 2697 2106 2748 δυ-

540 2787 775 2858 νάμεως.
820 2783 1085 2836 Ἀπώλεια
1127 2782 1464 2845 Βαϐυλῶνος,
1494 2784 1588 2835 καὶ
1632 2786 1732 2852 τῆς
1767 2783 2103 2851 σκληροκαρ-

539 2872 658 2935 δίας
722 2869 986 2923 Ἰουδαίων
1032 2868 1269 2939 ἐλεγχος,
1319 2868 1414 2920 καὶ
1467 2867 1713 2938 χρηστῶν
1771 2869 2105 2937 πραγμάτων

537 2957 866 3030 προφητεία.
903 2955 1037 3025 Περὶ
1065 2952 1298 3024 Χριστοῦ
1322 2955 1623 3024 προφητεία
1645 2954 1737 3006 καὶ
1767 2954 2103 3025 παράκλησις

551 3042 922 3115 Ἰερουσαλήμ.
957 3041 1092 3110 Περὶ
1112 3040 1220 3093 τῶν
1247 3039 1556 3092 ἀποστόλων
1589 3040 1680 3092 καὶ
1709 3042 1834 3110 περὶ
1867 3041 2100 3110 Χριστοῦ

539 3129 860 3203 προφητεία.
895 3129 1029 3198 Περὶ
1065 3127 1163 3194 τῆς
1197 3127 1289 3177 τοῦ
1331 3126 1564 3195 Χριστοῦ
1603 3130 1738 3179 κατά
1771 3128 1946 3198 σάρκα
1979 3145 2102 3196 γεν-

537 3219 767 3287 νήσεως,
801 3216 894 3269 καὶ
920 3216 1046 3282 περὶ
1075 3213 1295 3274 πάθους,
1321 3215 1414 3265 καὶ
1444 3215 1809 3276 ἀναστάσεως,
1844 3215 1936 3266 καὶ
1972 3214 2102 3284 πλήη

538 3307 666 3365 θους
692 3303 800 3355 τῶν
831 3303 910 3362 εἰς
939 3302 1099 3354 αὑτὸν
1139 3301 1517 3352 πιστευόντων.
1559 3302 1693 3368 Περὶ
1730 3300 1822 3352 τοῦ
1869 3299 2100 3368 Χριστοῦ

535 3391 656 3458 ἅμα
683 3389 775 3442 καὶ
798 3388 924 3458 περὶ
1126 3386 1220 3437 τοῦ
1261 3386 1474 3456 Ἰσραὴλ
1501 3387 1640 3438 κατά
1674 3387 1930 3457 ἱστορίαν,
1963 3387 2103 3440 κατά

535 3475 827 3544 ἀναγωγὴν
857 3473 982 3543 περὶ
1014 3473 1122 3524 τῶν
1144 3475 1222 3534 είς
1254 3474 1486 3541 Χριστὸν
1511 3475 1885 3526 πιστευόντων.
1922 3477 2101 3545 Κατη-

535 3563 698 3633 γορία
739 3561 1001 3613 Ἰουδαίων
1041 3560 1476 3630 είδωλολατρείας
1515 3561 1720 3621 ἕνεκεν,
1762 3563 1852 3613 καὶ
1883 3564 1978 3632 τῆς
2008 3581 2100 3631 νη-

539 3650 723 3711 στείας
758 3646 934 3699 αὐτῶν
964 3645 1312 3714 παραίτησις,
1346 3647 1436 3698 καὶ
1473 3647 1662 3714 ἐτέρας
1703 3649 1950 3716 νηστείας
1979 3647 2098 3716 βελ-

535 3737 708 3797 τίονος
734 3732 1020 3796 ὑπόδειξις.
1049 3728 1184 3784 Εἶτα
1205 3733 1506 3802 κατηγορία
1536 3734 1644 3786 τῶν
1669 3733 1895 3802 δολερῶν
1923 3736 2100 3787 αὐτῶν

536 3824 712 3892 ἔργων
747 3819 840 3872 καὶ
863 3818 1262 3887 βουλευμάτων,
1290 3819 1382 3871 καὶ
1411 3820 1712 3890 προφητεία
1741 3821 1867 3890 περὶ
1887 3821 1993 3872 τῶν
2022 3823 2100 3883 είς

535 3907 769 3976 Χριστὸν
803 3906 1177 3958 πιστευόντων.
1214 3907 1344 3975 Περὶ
1386 3907 1618 3976 Χριστοῦ
1654 3909 1974 3978 προφητεία,
2009 3910 2101 3960 καὶ

536 3995 666 4063 περὶ
690 3993 797 4044 τῶν
827 3992 1017 4044 ίάσεων
1042 3991 1149 4043 τῶν
1174 3994 1250 4054 είς
1275 3993 1450 4062 ψυχὴν
1473 3995 1562 4046 καὶ
1591 3996 1668 4055 εἰς
1697 3993 1853 4063 σῶμα
1878 3995 2100 4063 γενομέ-

532 4097 641 4133 νων
673 4079 763 4129 ὑπ’
793 4077 974 4139 αὑτοῦ,
1003 4078 1096 4128 καὶ
1122 4079 1248 4144 περὶ
1271 4078 1376 4128 τῶν
1399 4080 1705 4130 ἀποστόλων
1733 4081 1822 4131 καὶ
1851 4081 1972 4150 περὶ
1994 4081 2100 4133 τῶν

534 4163 734 4218 λοιπῶν
754 4162 861 4214 τῶν
883 4164 1240 4214 πιστευόντων
1270 4165 1435 4230 αὐτῷ.
1467 4165 1599 4232 Περὶ
1627 4165 1718 4215 τοῦ
1742 4165 1963 4228 πάθους.
1993 4168 2100 4218 Καὶ

535 4253 686 4322 παρά
713 4248 805 4303 τοῦ
841 4250 1138 4319 προφήτου,
1172 4249 1244 4311 ὡς
1277 4250 1424 4319 παρά
1457 4249 1549 4300 τοῦ
1586 4249 1734 4315 λαοῦ,
1782 4251 2100 4323 ἐξομολόγη-

537 4357 641 4400 σις,
675 4338 768 4389 καὶ⁵
797 4335 944 4405 παρά
966 4334 1059 4392 τοῦ
1091 4335 1293 4406 Κυρίου
1323 4336 1539 4405 ἔλεγχος
1560 4336 1780 4389 ἐκείνων
1801 4338 2098 4403 ἀπειθείας,

537 4425 631 4484 καὶ
659 4422 956 4492 πρόσληψις
977 4423 1085 4473 τῶν
1104 4422 1464 4474 πιστευόντων
1490 4421 1658 4490 αὐτῷ,
1685 4424 1780 4475 καὶ
1804 4423 2100 4492 κατηγορία

534 4511 632 4579 τῆς
668 4509 930 4561 Ἰουδαίων
961 4507 1417 4575 εἰδωλολατρείας.
1451 4508 1585 4576 Περὶ
1602 4508 1710 4559 τῶν
1737 4508 2100 4561 πιστευόντων

537 4595 596 4661 ἐξ
641 4594 900 4645 Ἰουδαίων
935 4595 1014 4655 είς
1052 4595 1142 4644 τὸν
1184 4594 1385 4664 Κύριον
1417 4594 1571 4662 ἡμῶν
1615 4595 1818 4662 Ἰησοῦν
1847 4595 2094 4664 Χριστόν.

537 4681 846 4748 Κατηγορία
875 4681 980 4739 τῶν
1035 4681 1442 4748 ἁπειθησάντων
1487 4683 1612 4749 περὶ
1659 4682 1756 4750 τῆς
1804 4681 2099 4751 μελλούσης

537 4768 704 4836 ζωῆς.

582 4905 842 4970 Σύνοιίοις
875 4903 990 4957 τῶν
1011 4903 1088 4968 τῷ
1118 4906 1395 4974 προφήτῃ
1428 4906 1674 4972 Ἱερεμίᾳ
1693 4904 2033 4972 εἰρημένων.

607 5023 1007 5092 Προαγόρευσις
1029 5025 1134 5077 τῶν
1159 5024 1432 5093 ἐσομένων
1455 5026 1636 5076 κακῶν
1652 5024 1728 5092 τῷ
1765 5024 1971 5095 Ἰσραὴλ
1995 5024 2099 5077 ὑπὸ

535 5110 628 5162 τοῦ
684 5109 1163 5180 Ναϐουχοδονόσορ.
1209 5111 1469 5178 Ἔλεγχος
1520 5110 1616 5177 τῆς
1664 5109 2099 5178 είδωλολατρείας

533 5195 626 5246 τοῦ
679 5193 912 5264 Ἰσραὴλ,
939 5195 1030 5248 καὶ
1057 5198 1360 5265 ὑπόμνησις
1389 5197 1485 5265 τῆς
1510 5195 1599 5248 τοῦ
1621 5195 1751 5246 Θεοῦ
1783 5196 2098 5264 εὐεργεσίας

536 5283 615 5342 είς
645 5280 857 5344 αὐτοὺς,
893 5282 985 5334 καὶ
1015 5282 1120 5333 τῶν
1145 5284 1349 5347 κακῶν,
1380 5284 1414 5335 ἂ
1449 5284 1511 5333 ἐκ
1535 5280 1626 5333 τοῦ
1672 5281 1983 5331 πεποιθέναι
2007 5282 2098 5331 Αί-

535 5365 783 5433 γυπτίοις
838 5368 1151 5438 ὑπέμειναν.
1210 5370 1320 5437 Τῆς
1380 5369 1488 5421 τῶν
1536 5367 1765 5420 εἰδώλων
1819 5367 2097 5427 ἀσθενείας

537 5452 775 5520 ἐλεγχος,
798 5454 889 5504 καὶ
913 5455 1007 5524 τῆς
1036 5455 1213 5507 αὐτῶν
1241 5455 1347 5507 τῶν
1386 5454 1730 5522 Ἰσραηλιτῶν
1752 5452 2096 5522 ἀνθρωποθυ-

539 5539 660 5600 σίας
712 5542 1026 5608 κατηγορία.
1070 5542 1174 5594 Τοῦ
1220 5541 1430 5611 Ἰσραὴλ
1483 5540 1799 5608 κατηγορία,
1851 5539 1942 5590 καὶΙ
1989 5539 2096 5590 ἀπὸ

540 5624 871 5694 συγκρίσεως
903 5628 998 5697 τῆς
1033 5629 1164 5696 πρὸς
1201 5629 1362 5679 αὑτὸν
1397 5625 1620 5692 αὐξησις
1652 5625 1758 5676 τῶν
1796 5625 1887 5676 τοῦ
1930 5625 2094 5676 Ἰούδα

543 5710 896 5781 τολμημάτων
922 5732 933 5744 ·
955 5714 1045 5766 καὶ
1071 5716 1453 5782 προαγόρευσις
1478 5713 1724 5780 χρηστῶν
1747 5710 1821 5779 τῷ
1861 5710 2087 5780 Ἰσραὴλ.

1244 349 1300 404 8.
1339 345 1623 402 JOANMS
1659 342 2152 400 CIIRYSOSTOMI
2185 345 2511 402 ARCHIEP.
2549 345 3094 405 CONSTANIINOI’.

3677 364 3786 418 378

2227 463 2274 514 εί
2308 464 2618 534 ἐπιστρέψει
2651 465 2786 535 πρὸς
2811 467 2898 518 τὸν
2926 467 3054 519 Θεόν
3073 483 3084 496 ·
3121 467 3212 520 καὶ
3237 466 3339 518 ὑπὸ
3368 463 3460 518 τοῦ
3487 465 3782 535 προφήτου,

2224 552 2298 614 ὡς
2333 551 2483 618 παρά
2512 552 2604 604 τοῦ
2631 552 2779 612 λαοῦ,
2806 552 3206 622 ἐξομολόγησις.
3251 553 3312 604 ἸῘ
3347 551 3526 614 ἄνοδος
3551 551 3660 603 τῶν
3683 551 3786 602 Βα-

2225 636 2513 702 ϐυλωνίων,
2553 639 2646 691 καὶ
2670 638 2760 691 τοῦ
2784 641 3058 709 προφήτου
3081 640 3271 709 θρῆνος
3301 639 3393 689 ἐπὶ
3419 640 3484 706 τῇ
3521 637 3786 707 μελλούσῃ

2223 722 2518 791 ἐρημώσει,
2535 724 2626 775 καὶ
2647 724 2813 792 αὐτῆς
2836 725 2933 790 τῆς
2959 723 3285 793 ἐρημώσεως
3315 723 3625 792 ὑπογραφὴ.
3647 723 3787 773 Κατ-

2221 810 2417 878 ηγορία
2460 808 2552 861 τοῦ
2602 807 2751 872 λαοῦ,
2801 811 2881 862 ὅτι
2931 810 3118 862 οὐδένα
3164 809 3318 878 ἔσχεν
3373 808 3514 860 οῦτω
3559 807 3784 869 δίκαιον,

2221 894 2360 950 ὥστε
2386 895 2580 965 στῆσαι
2618 897 2709 949 τοῦ
2745 895 2878 948 Θεοῦ
2923 897 3019 965 τὴν
3044 895 3232 966 ὀργὴν,
3264 895 3356 947 καὶ
3399 895 3496 962 τῆς
3526 892 3786 963 πονηρίας

2223 980 2398 1033 αὐτῶν
2450 981 2685 1051 ἐλεγχος.
2725 985 2842 1037 Ὅτι
2879 984 2940 1036 οὐ
2990 986 3150 1052 μέχρι
3183 981 3440 1051 θεμελίων
3475 981 3588 1050 ἔχει
3618 997 3786 1037 κατα-

2223 1067 2523 1136 πραφῆναι
2559 1069 2860 1138 Ἰερουσαλὴ
2869 1087 2906 1138 μ
2928 1070 3030 1122 ὑπὸ
3052 1069 3145 1120 τοῦ
3167 1067 3651 1137 Ναϐουχοδονόσορ.
3679 1068 3786 1118 Καὶ

2221 1151 2400 1215 ἄνοδος
2431 1153 2538 1207 τῶν
2586 1155 2954 1215 Βαϐυλωνίων,
3002 1155 3093 1208 καὶ
3127 1154 3428 1224 κατηγορία
3475 1155 3574 1222 τῆς
3628 1154 3783 1205 ἀπει-

2221 1235 2368 1301 θείας
2419 1238 2511 1291 τοῦ
2553 1240 2782 1311 Ἰσραὴλ,
2814 1242 2893 1292 ὅτι
2940 1241 3038 1292 οὐκ
3085 1234 3357 1308 ἠνείχοντο
3402 1237 3632 1291 ἀκοῦσαι
3689 1237 3784 1289 τοῦ

2220 1327 2515 1396 προφήτου.
2550 1327 2860 1396 Κατηγορία
2890 1325 2995 1378 τῶν
3014 1323 3466 1394 ψευδοπροφητῶν
3489 1324 3788 1393 παραλογι-

2221 1411 2458 1477 ζομένων
2491 1411 2579 1464 τὸν
2614 1412 2739 1464 λαόν
2760 1429 2772 1441 ·
2807 1411 2900 1464 τοῦ
2943 1411 3050 1481 γὰρ
3096 1409 3354 1478 Ἰερεμίου
3403 1408 3668 1475 λέγοντος,
3704 1408 3787 1459 δτι

2221 1492 2457 1563 Πόλεμος
2478 1491 2647 1554 ἔσται,
2676 1496 2836 1559 αὐτὸς
2855 1497 3219 1569 ἐλεγεν,οὑχὶ,
3239 1495 3372 1548 ἀλλά
3397 1496 3584 1565 εἰρήνη
3609 1495 3782 1547 ἔσται.

2219 1579 2550 1657 Παραίτησις
2579 1581 2802 1644 θυσιῶν,
2837 1583 2930 1635 καὶ
2961 1581 3142 1644 ἄνοδος
3170 1581 3262 1634 τοῦ
3297 1581 3656 1646 Βαϐυλωνίου,
3693 1582 3788 1632 καὶ

2217 1665 2316 1734 τῆς
2345 1666 2736 1735 ἀνεπιστρόφου
2763 1667 2999 1728 διανοίας
3055 1667 3320 1720 Ἰουδαίων
3365 1667 3602 1736 ἐλεγχος.
3633 1669 3785 1736 Παρ-

2217 1754 2356 1805 αινεῖ
2379 1752 2456 1822 τῷ
2502 1753 2671 1822 Ἰούδα
2713 1754 2849 1822 πρὸς
2883 1754 2943 1806 τὸ
2984 1755 3234 1822 γενέσθαι
3267 1756 3462 1819 αὐτοὺς
3492 1756 3786 1825 βελτίονας,

2216 1841 2309 1892 καὶ
2341 1839 2568 1901 ἀπειλεῖ,
2594 1841 2644 1890 εἰ
2676 1840 2749 1910 μὴ
2790 1840 3048 1906 γένοιντο,
3081 1841 3147 1894 τὰ
3190 1841 3327 1899 αὺτά
3367 1843 3650 1894 πείσεσθαι
3690 1843 3788 1897 αύ-

2213 1927 2339 1988 τοὺς
2375 1925 2453 1994 τῷ
2498 1925 2740 1994 Ἰσραήλ·
2772 1925 2864 1978 καὶ
2903 1925 3098 1979 κωλύει
3129 1927 3219 1980 τὸν
3256 1928 3521 1997 Ἰερεμίαν
3571 1927 3783 1980 δεῖσθαι

2216 2011 2354 2082 ὑπὲρ
2403 2012 2598 2065 αὐτῶν.
2665 2011 2998 2082 Παραίτησις
3045 2013 3270 2078 θυσιῶν,
3325 2013 3625 2082 κατηγορία
3687 2013 3785 2079 τῆς

2213 2098 2538 2167 ἀπροσεξίας
2560 2097 2759 2162 αὐτῶν,
2790 2099 2880 2152 καὶ
2911 2099 3006 2167 τῆς
3042 2097 3506 2168 ἀνθρωποθυσίας,
3537 2099 3604 2165 ἢν
3631 2101 3784 2149 ἐποι-

2212 2181 2368 2235 οῦντο
2423 2187 2533 2247 τοῖς
2583 2183 2819 2253 δαίμοσι.
2865 2185 2973 2236 Καὶ
3024 2184 3424 2253 προαγόρευσις
3469 2182 3563 2234 τοῦ
3614 2183 3786 2250 τάφον

2213 2269 2428 2323 [σεσθαι
2455 2271 2545 2323 τὸν
2577 2270 2738 2323 τόπον
2777 2269 2871 2323 τοῦ
2911 2269 3128 2323 εἰδώλου
3159 2270 3355 2332 αὐτῶν,
3397 2269 3491 2323 καὶ
3525 2268 3620 2322 τοῦ
3649 2271 3785 2338 μηδὲ

2212 2355 2402 2422 τάφοις
2444 2355 2590 2418 τινάς
2640 2355 2746 2409 τῶν
2776 2355 3176 2425 ἀναιρουμένων
3217 2355 3622 2426 παραδίδοσθαι.
3665 2356 3784 2406 Ἔτι

2213 2442 2341 2510 περὶ
2367 2442 2463 2509 τῆς
2490 2441 2672 2494 ἀνόδου
2704 2441 2812 2494 τῶν
2847 2441 3136 2510 πολεμίων,
3172 2442 3263 2495 καὶ
3289 2441 3484 2511 θρῆνος
3520 2439 3786 2511 Ἰερεμίου

2212 2526 2305 2579 ἐπὶ
2338 2531 2456 2591 ταῖς
2503 2527 2720 2589 κακίαις
2761 2527 2955 2579 αὐτῶν.
2990 2528 3304 2596 Κατηγορία
3349 2528 3458 2579 τῶν
3495 2526 3786 2589 Ἰουδαίων,

2209 2613 2284 2675 ὼς
2309 2615 2692 2684 ἀπεριτμήτων
2715 2616 2782 2684 τῇ
2826 2614 3037 2684 καρδίᾳ,
3083 2616 3175 2666 καὶ
3208 2613 3527 2684 παραίνεσις
3557 2613 3697 2682 πρὸς
3724 2611 3790 2663 τὸ

2214 2699 2290 2767 μὴ
2318 2699 2738 2770 εἰδωλολατρεῖν,
2765 2700 2857 2752 καὶ
2890 2700 2965 2762 ῶς
3004 2700 3155 2768 παρά
3182 2699 3273 2750 τοῦ
3301 2698 3429 2750 λαοῦ
3463 2697 3662 2768 θρῆνος
3694 2698 3788 2748 ἐπὶ

2210 2785 2323 2844 τοῖς
2353 2783 2600 2852 μέλλουσι
2628 2787 2834 2847 κακοῖς,
2867 2785 2958 2836 καὶ
2989 2784 3289 2854 κατηγορία
3317 2784 3472 2852 παρά
3497 2783 3591 2834 τοῦ
3627 2781 3786 2836 Θεοῦ,

2211 2868 2540 2936 Παραίνεσις
2566 2867 2658 2919 τοῦ
2696 2868 2908 2939 Ἰσραήλ
2942 2869 3072 2937 πρὸς
3103 2870 3163 2920 τὸ
3193 2869 3490 2921 ὑπακούειν
3518 2868 3658 2936 Θεῷ,
3692 2869 3786 2919 καὶ

2211 2953 2508 3023 κατηγορία
2540 2953 2647 3005 τῶν
2676 2955 2924 3025 πατέρων
2948 2955 3145 3015 αὐτῶν,
3175 2957 3268 3007 καὶ
3296 2955 3476 3007 αὐτῶν
3501 2955 3649 3006 κακά
3671 2953 3791 3004 ἐσό-

2211 3056 2367 3108 μενα.
2404 3039 2554 3110 [584]
2586 3040 2696 3093 Καὶ
2735 3040 2998 3093 κωλύεται
3037 3041 3194 3094 πάλιν
3246 3040 3514 3109 Ἱερεμίας
3557 3037 3791 3109 προσεύ-

2208 3125 2395 3195 χεσθαι
2423 3127 2561 3196 ὑπὲρ
2587 3125 2783 3180 αὐτῶν.
2817 3126 3168 3196 Ἀποδύρεται
3196 3128 3224 3178 6
3256 3126 3544 3195 προφήτης
3568 3124 3791 3177 ἐπιϐουο

2207 3211 2488 3280 λευόμενος
2534 3212 2638 3264 ὑπὸ
2682 3213 2944 3265 Ἰουδαίων
2985 3214 3042 3263 ἐν
3081 3211 3341 3273 Ἀναθὼθ,
3389 3211 3488 3262 καὶ
3531 3210 3790 3278 προλέγει

2207 3299 2292 3353 διὰ
2317 3299 2472 3351 τοῦτο
2501 3299 2761 3367 ἑπόμενον
2787 3300 2967 3362 αὐτοῖς
2991 3300 3225 3368 ὄλεθρον.
3253 3300 3326 3350 Τὸ
3360 3297 3662 3367 περίζωμα
3691 3313 3790 3348 κε-

2207 3384 2418 3438 λεύεται
2450 3384 2654 3453 κρύψαι
2695 3385 2979 3455 Ἰερεμίας,
3012 3385 3104 3437 καὶ
3133 3383 3387 3452 προλέγει
3423 3382 3792 3451 πληρωθήσε-

2209 3475 2330 3527 σθαι
2378 3475 2591 3538 αὑτοὺς,
2627 3476 2719 3527 καὶ
2754 3474 3182 3544 μεθυσθήσεσθαι
3234 3473 3339 3524 ἀπὸ
3387 3472 3602 3524 κακῶν.
3658 3471 3792 3539 Περὶ

2205 3562 2302 3630 τῆς
2341 3561 2630 3630 ἀϐροχίας·
2666 3561 2755 3612 καὶ
2788 3561 3050 3613 κωλύεται
3086 3558 3489 3629 προσεύχεσθαι
3525 3559 3672 3627 ὑπὲρ
3697 3558 3793 3608 αύ-

2204 3646 2313 3699 τῶν
2342 3648 2370 3698 ὁ
2397 3650 2707 3716 προφήτης,
2741 3647 2834 3698 καὶ
2876 3648 3218 3714 παραιτεῖται
3243 3647 3271 3697 6
3297 3644 3430 3704 Θεὸς
3465 3643 3538 3696 τά
3567 3644 3794 3696 ὁλοκαυο

2204 3731 2430 3802 τώματα
2478 3732 2675 3796 αὐτῶν,
2709 3733 2800 3782 καὶ
2832 3732 2928 3793 τάς
2969 3731 3240 3800 νηστείας,
3280 3731 3373 3781 καί
3425 3729 3654 3782 ἀπειλεί
3683 3731 3795 3790 τοῖς

2204 3817 2668 3887 ψευδοπροφήταις
2696 3818 2859 3878 κακά,
2889 3817 3070 3885 ἐπειδὴ
3100 3816 3282 3883 ἔλεγον
3312 3816 3395 3867 ὃτι
3432 3815 3540 3867 οὐκ
3576 3815 3795 3866 ἔσονται

2209 3905 2480 3973 συμφοραὶ
2528 3906 2603 3973 τῷ
2631 3903 2764 3973 λαῷ.
2809 3903 3060 3955 Ἰκετεύει
3090 3903 3179 3954 τὸν
3221 3903 3353 3955 Θεόν
3382 3919 3394 3930 ·
3427 3904 3457 3954 6
3497 3901 3555 3952 δέ
3605 3916 3795 3968 φησιν,

2206 3991 2304 4042 οὐκ
2348 3990 2780 4054 είσακούσεσθαι,
2811 3990 2928 4042 οὑδέ
2969 3989 3062 4041 ἐάν
3104 3989 3344 4056 Μωῦσῆς
3388 3989 3485 4039 καὶ
3534 3986 3794 4054 Σαμουὴλ

2207 4076 2574 4146 πρεσϐεύωσιν
2624 4077 2762 4146 ὑπὲρ
2805 4077 3002 4137 αὐτῶν,
3052 4075 3186 4128 ἀλλά
3231 4074 3428 4124 δώσειν
3476 4074 3680 4133 αὐτοὺς
3716 4074 3796 4133 εἰς

2209 4164 2474 4234 μάχαιραν
2510 4166 2602 4219 καὶ
2635 4164 2882 4230 θάνατον,
2909 4164 3003 4216 καὶ
3041 4162 3196 4231 λιμὸν
3240 4161 3333 4212 καὶ
3379 4161 3794 4229 αἰχμαλωσίαν,

2208 4252 2299 4302 καὶ
2325 4253 2404 4313 εἰς
2451 4250 2786 4320 διασπασμὸν
2832 4249 3036 4302 κακῶν.
3095 4247 3197 4299 Καὶ
3238 4247 3511 4316 Ἱερεμίας
3568 4246 3798 4315 εὔχεται

2204 4337 2574 4407 τιμωρηθῆναι
2597 4339 2720 4400 τοὺς
2741 4338 3092 4398 ὀνειδίζοντας
3112 4335 3272 4387 αὐτόν
3290 4352 3302 4364 ·
3328 4337 3357 4386 ὁ
3385 4335 3442 4387 δὲ
3461 4335 3598 4397 Θεός
3622 4352 3798 4404 φησιν

2205 4422 2351 4492 αὐτῷ
2369 4440 2383 4455 ι
2425 4425 2558 4474 Ἐικο
2578 4421 2803 4490 ἐξάγεις
2831 4424 3025 4491 τίμιον
3043 4422 3160 4476 ἀπὸ
3181 4421 3458 4485 ἀναξίου,
3478 4422 3561 4486 ὡς
3591 4423 3801 4489 στόμα

2201 4527 2318 4579 μου
2351 4508 2487 4575 ἔσῃ.
2546 4507 2837 4566 Κελεύεται
2883 4509 2958 4577 μή
3012 4509 3184 4577 γῆμαι
3229 4509 3258 4560 6
3300 4507 3596 4577 Ἱερεμίας,
3653 4509 3800 4576 μηδὲ

2208 4595 2443 4663 θρηνεῖν,
2484 4595 2617 4662 μηδὲ
2645 4592 2738 4645 τοῦ
2772 4593 3050 4662 γινομένου
3091 4595 3201 4654 τοῖς
3232 4593 3643 4661 ἀποθνήσκουσι
3680 4610 3800 4644 κοι-

2207 4685 2390 4734 νωνεῖν
2415 4684 2525 4742 τοῖς
2571 4681 2946 4750 Ἰσραηλίταις.
2987 4679 3122 4748 Περί⁸
3146 4680 3254 4732 τῶν
3281 4680 3624 4740 ἀποστόλων,
3661 4682 3803 4749 περὶ

2206 4767 2437 4835 Χριστοῦ
2479 4768 2808 4834 προφητείω
2849 4767 2972 4828 τοὺς
3018 4766 3208 4831 λόγους
3255 4766 3363 4820 τῶν
3403 4766 3804 4818 ἀπιστούντων

2206 4852 2350 4919 αὑτῷ
2384 4854 2411 4903 6
2459 4854 2737 4920 προφήτης
2771 4852 3040 4919 προλέγει,
3073 4852 3168 4902 καὶ
3212 4852 3534 4920 κατεύχεται
3577 4852 3800 4903 αὐτῶν.

2206 4941 2313 4990 Καὶ
2342 4940 2592 5007 παραινεῖ
2636 4941 2743 4998 τοῖς
2785 4937 3076 4998 Ἰουδαίοις,
3116 4936 3255 4989 ὥστε
3289 4936 3348 4990 τὸ
3378 4937 3654 4990 σάϐϐατον
3695 4955 3805 5006 τη-

2207 5029 2338 5095 ρεῖν.
2373 5027 2464 5087 Είς
2497 5025 2586 5075 τὸν
2617 5020 2761 5075 οἷκον
2808 5023 2900 5075 τοῦ
2947 5025 3234 5093 κεραμέως
3283 5025 3558 5094 πέμπεται
3585 5027 3613 5076 6
3655 5043 3806 5093 προ-

2205 5111 2395 5178 φήτης.
2454 5109 2641 5175 Πέρας
2687 5109 2954 5173 λαλήσω,
2989 5111 3152 5178 φησὶν
3183 5111 3212 5160 6
3248 5105 3400 5172 Θεὸς,
3448 5111 3545 5163 ἐπὶ
3592 5111 3802 5171 ﬂavu-

2202 5196 2388 5258 λείας,
2411 5195 2563 5246 ὥστε
2585 5193 2846 5259 ἀναιρεῖν
2862 5194 3053 5262 αὑτήν
3079 5211 3092 5224 ο
3113 5195 3209 5247 καὶ
3230 5197 3326 5248 ἐὰν
3346 5195 3800 5262 ἐπιστρέψωσιν,

2203 5283 2263 5333 ού
2300 5281 2370 5348 μὴ
2394 5280 2583 5332 ἀνέλω.
2615 5281 2721 5332 Καὶ
2745 5279 2928 5345 πέρας
2953 5279 3226 5344 λαλήσω,
3257 5281 3441 5348 φησὶν,
3473 5281 3571 5332 ἐπὶ
3603 5281 3806 5347 ἔθνος

2204 5366 2240 5428 ἢ
2269 5365 2608 5427 βασιλείαν,
2644 5363 2747 5416 τοῦ
2777 5365 3309 5433 (ἐνοικοδομεῖσθαι.
3345 5364 3451 5419 Καὶ
3494 5365 3590 5416 ἐὰν
3625 5374 3806 5437 ποιή-

2205 5465 2336 5500 σωσι
2364 5451 2421 5500 τὺ
2451 5449 2700 5516 πονηρὸν,
2737 5450 2795 5500 οὐ
2827 5452 3034 5519 ποιήσω
3073 5451 3225 5518 κάγὼ
3258 5450 3388 5520 περὶ
3416 5451 3524 5501 τῶν
3557 5450 3807 5516 ἀγαθῶν

2200 5527 2272 5586 ὧν
2307 5534 2537 5602 ἐλάλησα
2564 5535 2781 5602 ποιῆσαι
2821 5537 3021 5597 αὐτοῖς.
3048 5536 3218 5588 Τοῦτο
3243 5537 3300 5588 δὲ
3330 5536 3608 5604 χρήσιμον
3647 5541 3808 5609 πρὸς

2217 5620 2494 5681 Ἰουδαίους
2528 5621 2587 5671 τὸ
2628 5620 2934 5687 κεφάλαιον,
2964 5623 3091 5673 ὅταν
3125 5623 3358 5688 λέγωσιν
3398 5622 3484 5674 ὃτι
3515 5624 3805 5693 ἐπηγγείι

2202 5709 2327 5758 λατο
2356 5710 2532 5770 αὐτοῖς
2563 5709 2737 5776 ἀγαθά
2770 5711 2798 5760 6
2843 5709 3062 5780 Κύριος.
3111 5709 3541 5779 ’Λπειθήσαντες
3573 5713 3692 5782 γάρ
3725 5718 3809 5782 τῷ
