4000 6220
174 393 298 449 ⁷377

189 496 275 549 rii.
304 494 378 547 De
408 492 473 545 iis
499 490 587 560 qui
615 488 668 543 in
696 486 962 543 Christum
987 479 1239 538 credituri
1266 484 1408 541 sunt,
1431 474 1497 528 de
1524 484 1746 541 genera-

190 588 332 641 tione
353 584 546 637 Christi
571 579 857 636 secundum
874 589 1086 632 carnem
1108 592 1120 626 :
1135 572 1203 627 de
1217 564 1618 624 mansuetudine
1633 576 1751 615 cre-

188 677 423 732 dentium
454 673 507 727 in
546 686 686 727 eum.
717 667 1010 723 Perniciem
1041 661 1324 731 Babylonis
1352 668 1405 713 et
1430 655 1752 723 alienigena-

189 783 305 823 rum
328 765 662 820 vaticinatur.
697 759 964 816 Pernicies
1011 755 1371 810 Moabitarum.
1425 751 1497 804 De
1543 747 1753 801 Christo

194 857 485 929 prophetia.
536 853 801 909 Pernicies
845 847 1105 910 Damasci,
1154 854 1208 897 et
1246 841 1456 896 lsraelis
1482 837 1753 893 calamitas

190 924 346 1018 atque
375 946 536 999 salus.
563 943 825 998 Pernicies
850 936 1083 1007 )Egypti.
1110 935 1212 987 Per
1237 930 1536 999 allegoriam
1567 924 1753 994 praedi-

191 1017 544 1093 citaerumnas
573 1033 814 1103 gentibus
835 1044 951 1099 quae
977 1026 1198 1081 Domino
1217 1038 1318 1077 non
1340 1017 1681 1079 crediderint,
1702 1024 1757 1068 et

191 1129 257 1183 de
286 1128 552 1195 impietate
595 1138 776 1178 eorum
809 1116 1148 1189 profliganda.
1195 1113 1412 1167 .lubetur
1451 1109 1610 1162 Isaias
1653 1122 1754 1159 nu-

194 1219 289 1273 dus
305 1217 594 1271 ambulare.
619 1213 817 1267 Bellum
841 1207 1111 1262 Medorum
1134 1213 1187 1259 et
1210 1200 1617 1271 Babyloniorum
1637 1210 1755 1249 con-

194 1320 271 1364 tra
299 1309 581 1363 ldnmmam
610 1312 663 1358 et
689 1301 955 1355 Arabiam.
990 1299 1259 1352 Postrema
1303 1290 1506 1346 obsidio
1544 1287 1755 1342 Jeroso-

190 1402 345 1471 lyma:
370 1414 401 1452 a
429 1393 958 1451 Nabuchodonosore.
980 1385 1257 1442 Prmdictio
1271 1383 1479 1437 Somnm
1502 1378 1757 1449 penuario

190 1468 258 1545 de
301 1487 532 1558 pernicie
573 1485 705 1552 ejus.
748 1480 992 1536 Penuarii
1034 1486 1231 1539 autem,
1278 1473 1331 1527 id
1370 1481 1469 1531 est.
1510 1468 1757 1523 custodes

191 1581 529 1651 pecuniarum
562 1578 613 1631 in
644 1574 859 1642 templo,
882 1586 946 1626 ex
972 1566 1309 1623 sacerdotum
1334 1576 1556 1617 numero
1584 1566 1753 1614 erant.

192 1649 459 1726 Pernicies
488 1666 634 1737 Tyri,
662 1674 716 1719 et
735 1663 875 1716 salus
898 1669 1099 1729 postea,
1130 1657 1299 1725 deque
1330 1650 1585 1707 Ecclesiis
1624 1649 1757 1703 alle-

188 1762 389 1831 gorice.
420 1755 687 1813 Pernicies
716 1752 996 1822 Babylonis
1023 1764 1054 1803 a
1079 1747 1261 1809 Medis,
1296 1753 1351 1798 et
1380 1758 1474 1812 pro
1516 1741 1602 1794 illa
1633 1754 1756 1810 gra-

191 1854 383 1905 tiarum
423 1848 561 1903 actio
592 1846 699 1900 Deo
744 1859 835 1913 per
872 1839 1202 1911 pr0phetam.
1239 1833 1520 1903 Prophetia
1543 1832 1610 1886 de
1637 1845 1757 1884 cre-

190 1940 435 1997 dentibus
456 1939 509 1993 in
528 1937 815 1999 Christum,
836 1933 903 1987 de
919 1930 1110 1986 diaboli
1132 1927 1361 1997 pernicie
1383 1938 1475 1993 per
1488 1921 1758 1976 Christum

190 2040 373 2100 parta:
404 2029 471 2084 de
494 2026 690 2084 Christi
721 2021 1011 2079 secundum
1037 2033 1252 2075 carnem
1281 2015 1541 2069 adventu:
1565 2011 1632 2065 de
1659 2009 1759 2064 fide

190 2124 243 2177 in
271 2121 565 2177 Christum.
598 2120 886 2172 Accusatur
901 2110 1082 2172 Israel,
1108 2107 1247 2177 quod
1263 2119 1411 2173 spem
1436 2117 1584 2157 suam
1604 2115 1633 2154 a
1651 2100 1760 2154 Deo

188 2213 449 2276 avellens,
482 2210 626 2263 illam
653 2208 705 2261 in
727 2203 1004 2275 Egyptios
1021 2197 1374 2255 transtulerit:
1401 2193 1603 2262 ipsique
1623 2190 1759 2244 mala

191 2300 632 2370 prarnuntiantnr,
680 2311 741 2350 ac
782 2302 960 2363 postea
991 2305 1077 2345 res
1105 2286 1371 2344 secundm.
1404 2282 1604 2337 Eodem
1644 2280 1761 2334 loco

193 2391 467 2460 prophetia
489 2388 709 2442 habetur
729 2385 796 2440 de
815 2382 1011 2439 Christi
1034 2379 1291 2441 Ecclesia,
1319 2377 1387 2430 de
1410 2371 1762 2430 conversione

190 2481 423 2550 gentium
447 2479 512 2533 ad
536 2476 824 2540 Christum,
851 2484 905 2528 et
925 2474 991 2527 de
1015 2470 1260 2525 vastitate
1284 2464 1755 2532 Jerosolymorum.

193 2573 271 2624 De
301 2568 554 2623 Ecclesia:
577 2566 814 2626 historia,
839 2578 956 2631 qua:
984 2561 1153 2629 primo
1171 2564 1456 2624 conspectu
1480 2552 1759 2606 ldummam

190 2671 245 2716 et
272 2658 565 2715 Jerusalem
596 2656 829 2723 respicit,
875 2652 968 2706 sed
1014 2666 1106 2719 per
1146 2660 1415 2716 anagogen
1461 2643 1577 2697 sive
1602 2639 1762 2695 redu-

191 2753 445 2811 etionem,
497 2747 874 2803 desolationem
914 2741 1215 2797 Judmorum
1264 2746 1316 2790 et
1361 2732 1761 2803 prosperitatem

193 2842 448 2897 Ecclesia:
472 2837 685 2893 Christi.
724 2834 950 2890 Historia
980 2831 1047 2885 de
1073 2825 1434 2884 Senacherim.
1481 2819 1763 2888 Prophetia

190 2936 259 2987 de
280 2932 483 2987 Joanne
513 2930 863 2986 Praecursore,
893 2932 947 2977 et
974 2922 1041 2976 de
1067 2921 1129 2975 iis
1154 2918 1241 2987 qui
1269 2918 1321 2970 in
1346 2914 1612 2970 Christum
1641 2924 1761 2964 cre-

190 3026 355 3079 dituri
387 3031 556 3078 erant.
593 3020 684 3075 Dei
713 3016 962 3088 potentia:
987 3009 1388 3072 demonstratio,
1417 3016 1466 3060 et
1499 3003 1764 3059 accusatio

195 3114 427 3176 lsraelis,
472 3121 527 3164 ut
567 3110 701 3164 idola
733 3106 977 3168 colentis,
1008 3097 1443 3156 commemoratio
1472 3095 1763 3150 beneficio—

192 3220 311 3258 rum
332 3201 524 3271 populo
538 3200 870 3253 collaturum.
894 3196 966 3248 De
986 3191 1343 3247 ecclesiastica
1367 3187 1761 3248 constitutione,

191 3295 364 3361 deque
383 3291 641 3344 idolorum
675 3286 994 3341 infirmitate.
1024 3284 1097 3337 De
1121 3281 1332 3336 Christo
1360 3277 1653 3348 prophetia,
1672 3275 1765 3328 deo

190 3397 299 3452 que
326 3382 391 3434 iis
416 3379 502 3450 qui
533 3380 584 3432 in
615 3379 783 3446 ipsum
812 3374 1059 3429 credituri
1087 3380 1254 3427 erant.
1274 3369 1452 3425 lsraeli
1484 3367 1767 3435 exprobrat

192 3482 533 3544 peccatorum
563 3482 742 3522 causa.
772 3467 860 3521 Ait
893 3465 962 3519 ob
989 3479 1169 3519 eorum
1196 3459 1645 3528 inobsequentiam
1674 3471 1766 3510 ea-

195 3563 461 3616 lamitates
480 3559 607 3629 ipsis
626 3560 796 3612 inatas
822 3556 1000 3610 fuisse.
1027 3555 1100 3608 De
1116 3553 1217 3607 fide
1238 3553 1289 3605 in
1306 3550 1595 3605 Christum.
1615 3544 1765 3613 Quod

194 3651 451 3721 populum
479 3664 581 3702 non
613 3648 911 3701 sacrificare
951 3642 1269 3713 permiserit,
1312 3649 1366 3694 et
1400 3637 1537 3707 quod
1566 3635 1766 3690 cultum

197 3743 348 3795 illum
381 3754 473 3808 per
497 3737 754 3792 sacrificia
784 3750 888 3789 non
920 3735 1110 3802 exigat.
1139 3731 1268 3784 ltem
1300 3726 1574 3798 prophetia
1614 3726 1680 3779 de
1703 3724 1767 3777 iis

194 3830 291 3901 qui
320 3832 370 3883 in
400 3828 667 3881 Christum
697 3823 944 3879 credituri
976 3832 1143 3875 erant.
1187 3816 1576 3873 Demonstratio
1604 3812 1769 3866 imbe-

196 3922 434 3979 cillitatis
459 3921 740 3981 idolorum,
766 3926 819 3972 et
838 3917 930 3972 Dei
949 3914 1194 3985 potentiae
1214 3912 1469 3982 probatio.
1501 3909 1768 3963 Pernicies

199 4014 505 4085 Babylonis.
538 4020 590 4065 et
616 4011 681 4064 de
705 4008 893 4063 duritia
918 4006 1089 4062 cordis
1113 4005 1412 4059 Judaeorum
1436 4001 1767 4054 demonstra-

201 4107 297 4166 tio,
329 4118 392 4157 ac
413 4102 481 4156 de
510 4100 661 4156 bonis
688 4099 844 4153 rebus
882 4094 1173 4164 prophetia.
1208 4094 1280 4146 De
1309 4092 1515 4144 Christo
1547 4087 1772 4156 prephe-

203 4198 273 4250 tia
304 4203 359 4249 et
379 4190 670 4246 consolatio
687 4187 1045 4256 Jerosolymm.
1077 4185 1151 4238 De
1176 4182 1427 4250 apostolis
1449 4190 1503 4234 et
1530 4178 1597 4232 de
1617 4176 1773 4231 Chri-

202 4296 289 4340 sto
313 4280 609 4353 prophetia.
642 4280 717 4333 De
744 4277 935 4333 Christi
963 4274 1250 4330 secundum
1291 4286 1504 4325 carnem
1536 4278 1676 4331 ortu,
1704 4266 1771 4321 de

202 4375 473 4445 passione,
497 4369 897 4430 resurrectione,
929 4376 981 4420 et
1000 4366 1066 4419 dc
1092 4363 1426 4418 multitudine
1446 4359 1770 4415 credentium

205 4467 262 4518 in
292 4465 483 4531 ipsum.
519 4461 594 4512 De
621 4457 834 4511 Christo
872 4456 1030 4510 simul
1070 4465 1124 4510 et
1152 4455 1218 4509 de
1262 4454 1457 4508 lsraele
1484 4450 1771 4505 secundum

206 4554 507 4615 historiam,
533 4549 818 4605 secundum
841 4562 1105 4616 anagogen
1128 4561 1253 4599 vero
1267 4546 1333 4599 de
1360 4542 1695 4598 credentibus
1722 4540 1773 4593 in

206 4646 497 4701 Christum.
531 4640 809 4695 Accusatio
831 4637 1135 4691 .ludaeorum
1166 4636 1473 4690 idololatria:
1498 4646 1675 4693 causa,
1690 4630 1772 4697 je-

204 4735 450 4807 juniique
475 4746 660 4786 eorum
688 4728 1006 4798 reprobatio,
1046 4728 1288 4793 aliusque
1329 4723 1512 4791 jejuuii
1543 4719 1775 4774 melioris

208 4824 521 4883 declaratio.
568 4822 766 4876 Deinde
794 4821 1059 4874 accusatio
1097 4817 1399 4871 dolosorum
1439 4828 1681 4883 operum,
1723 4820 1776 4865 et

208 4916 557 4972 consiliorum
583 4911 911 4975 earumdem,
934 4924 995 4961 ac
1027 4906 1295 4975 prophetia
1338 4903 1404 4957 de
1438 4901 1777 4957 credentibus

210 5009 265 5062 iu
293 5005 583 5061 Christum.
616 5000 892 5068 Prophetia
916 4998 982 5052 de
1008 4997 1235 5058 Christo,
1260 4994 1401 5049 etde
1421 4993 1779 5046 curationibus

212 5100 511 5154 animarum
544 5102 596 5147 et
621 5105 899 5159 corporum
938 5091 1004 5143 ab
1040 5090 1153 5157 ipso
1182 5087 1425 5154 peractis,
1454 5086 1624 5154 deque
1652 5100 1780 5153 apo-

212 5190 365 5245 stolis
383 5196 437 5242 et
456 5193 522 5240 de
542 5183 755 5252 reliquis
776 5182 826 5235 in
850 5184 1018 5248 ipsum
1039 5178 1391 5233 credentibus.
1416 5177 1491 5229 De
1513 5176 1776 5246 passione.

217 5278 288 5333 Et
308 5275 570 5331 confessio
594 5272 883 5343 prephetaa,
913 5270 1058 5337 quasi
1089 5284 1149 5325 ex
1177 5281 1400 5336 persona
1423 5265 1629 5333 populi:
1654 5278 1780 5318 con-

217 5368 407 5423 futatio
434 5381 463 5418 a
491 5364 714 5417 Domino
741 5361 973 5429 ipsorum
1020 5356 1423 5419 incredulitatis,
1464 5356 1782 5422 assumptio-

218 5474 324 5528 que
353 5454 675 5510 credentium
707 5451 757 5503 in
786 5450 951 5509 illum,
983 5456 1034 5500 et
1058 5447 1321 5499 accusatio
1350 5445 1660 5498 idololatrize
1686 5442 1780 5496 Ju-

222 5550 482 5605 datormn.
514 5546 585 5598 De
609 5541 946 5597 credentibus
973 5553 1036 5591 ex
1065 5538 1258 5591 Judmis
1284 5539 1334 5591 in
1378 5537 1653 5589 Domimnn
1685 5547 1782 5586 no-

221 5649 390 5693 strum
430 5634 607 5689 .lcsum
635 5632 920 5686 Christum.
972 5628 1251 5682 Accusatio
1276 5642 1456 5681 eorum
1483 5627 1569 5696 qui
1599 5625 1785 5679 futurae

223 5738 347 5789 vita:
376 5745 480 5784 non
511 5725 869 5781 crediderunt.

1269 358 1589 419 SYNOPSIS
1626 352 2030 412 SCRIPTUM
2064 352 2331 409 SACBIE.

3329 371 3439 423 378

2012 502 2242 543 SYNOPSIS
2281 504 2477 554 εοιιωι,
2518 505 2637 552 ουκ
2672 505 2719 542 IN
2751 506 2969 544 JEREHIA
3000 504 3265 548 PROPHETA

2502 575 2779 613 DICUNTUR.

1930 713 2209 768 Przedictio
2254 712 2512 765 malorum
2560 729 2678 781 qua:
2720 728 2813 780 per
2859 712 3427 767 Nabucltodouosorcui

1860 802 2037 856 lsraeli
2069 811 2318 857 eventura
2351 810 2491 855 sunt.
2519 802 2836 871 Rcdargntio
2861 802 3173 856 idololatria:
3198 802 3424 865 lsraelis,

1859 900 1913 947 et
1940 892 2373 946 commemoratio
2401 892 2776 945 beneficiorum
2811 893 2902 947 Dei
2932 908 3053 961 erga
3083 893 3220 955 illos,
3248 904 3296 945 et
3320 910 3431 945 ma~

1862 982 2050 1047 lorum,
2078 997 2193 1050 qua:
2214 982 2353 1050 passi
2372 992 2492 1035 sunt
2512 982 2651 1050 quod
2673 981 2932 1051 /Egyptiis
2950 982 3104 1037 fidem
3129 983 3424 1036 habuerint.

1861 1072 2122 1127 ldolornm
2167 1070 2485 1124 infirmitatis
2531 1072 2927 1137 demonsrratio,
2983 1081 3034 1125 et
3090 1071 3431 1139 reprehensio

1861 1163 2210 1219 lsraelitarum
2242 1164 2310 1217 ob
2336 1163 2591 1216 humanas
2623 1165 2881 1216 victimas.
2910 1163 3116 1217 lsraelis
3139 1165 3427 1227 accusatio,

1860 1265 1912 1308 ct
1936 1270 1997 1307 ex
2027 1254 2421 1321 comparatione
2452 1270 2570 1307 cum
2606 1256 2699 1308 illo
2724 1254 2873 1308 Judaz
2903 1255 3159 1309 scelerum
3202 1270 3431 1324 exsupe-

1861 1344 2029 1397 rantia
2085 1345 2457 1414 prmdietioque
2508 1345 2766 1397 honorum
2816 1346 3014 1408 lsraeli,
3060 1347 3103 1398 si
3146 1361 3431 1401 conversus

1862 1435 2018 1488 fuerit
2046 1436 2109 1488 ad
2142 1438 2304 1491 Deum
2341 1453 2353 1489 :
2400 1439 2524 1489 item
2568 1436 2832 1489 confessio
2863 1438 3150 1504 prophetae,
3182 1440 3330 1507 quasi
3360 1454 3426 1491 ex

1863 1539 2084 1592 persona
2118 1525 2315 1593 populi.
2346 1526 2609 1579 Ascensus
2643 1526 3069 1594 Babyloniorum,
3090 1537 3140 1579 et
3161 1526 3430 1595 prepheta:

1863 1613 2167 1666 lamentatio
2194 1614 2260 1666 de
2300 1613 2472 1665 futura
2501 1614 2812 1675 vastatione,
2864 1614 3130 1682 ipsiusque
3173 1615 3432 1670 vastitatis

1861 1704 2165 1771 descriptio.
2202 1703 2482 1757 Accusatio
2530 1704 2728 1773 populi,
2760 1702 2897 1771 quod
2947 1704 3145 1756 nullum
3192 1703 3432 1758 habuerit

1862 1792 1931 1845 ita
1958 1793 2177 1861 justum,
2210 1802 2265 1846 ut
2294 1795 2423 1845 iram
2457 1794 2551 1847 Dei
2581 1794 2831 1862 placaret,
2866 1802 2919 1847 et
2946 1794 3189 1861 nequitizc
3220 1795 3428 1848 illorum

1862 1883 2261 1936 demonstratio.
2296 1883 2444 1948 Quod
2470 1884 2760 1937 Jerusalem
2790 1899 2891 1935 nou
2922 1884 3111 1937 debeat
3137 1900 3231 1952 per
3257 1884 3429 1938 Nalm-

1862 1973 2280 2028 chodonosorem
2313 1988 2341 2025 a
2369 1972 2724 2027 fundamentis
2746 1974 2999 2026 subverti.
3034 1976 3299 2027 Ascensus
3331 1976 3430 2027 Ba-

1865 2064 2281 2134 byloniorum,et
2310 2065 2577 2118 accusatio
2601 2064 3016 2132 inobsequentize
3043 2064 3272 2131 lsraelis,
3292 2066 3430 2134 quod

1864 2170 1968 2208 non
1991 2155 2336 2207 sustinuerint
2357 2154 2537 2207 audire
2562 2153 2889 2220 prephctam.
2913 2155 3186 2205 Accusatio
3210 2154 3435 2219 pseudu

1864 2245 2240 2315 prophetarum
2264 2245 2347 2313 qui
2381 2244 2630 2312 populum
2647 2242 3011 2310 decipiebant:
3039 2241 3265 2296 Jcrcmia
3287 2258 3433 2295 uam-
3470 2242 3477 2243 “

1864 2352 1968 2406 que
1994 2336 2222 2398 dicente,
2272 2335 2467 2388 bellum
2499 2333 2632 2398 fore,
2682 2333 2782 2400 ipsi
2813 2332 3056 2385 dicebant
3085 2332 3197 2385 fore
3228 2348 3432 2398 pacem.

1863 2426 2185 2496 Reprobatio
2214 2425 2612 2485 sacrificiorum,
2640 2431 2693 2475 et
2717 2436 2965 2474 ascensus
2997 2421 3290 2490 Babylonii,
3318 2424 3431 2474 ani-

1865 2519 2042 2587 mique
2068 2517 2285 2571 rebellis
2313 2516 2614 2569 Judzeorum
2635 2512 2944 2567 confutatio.
2975 2512 3221 2568 llurtatur
3244 2513 3432 2568 Judam

1866 2618 1923 2662 ut
1951 2608 2015 2661 ad
2043 2608 2312 2661 meliorem
2358 2622 2417 2660 se
2448 2605 2647 2673 frugem
2679 2614 2921 2668 revocet;
2974 2604 3022 2657 id
3068 2604 3169 2657 nisi
3219 2605 3432 2670 faciam,

1867 2701 2010 2770 paria
2043 2713 2290 2767 passuros
2322 2698 2438 2751 illos
2467 2696 2816 2749 comminatur
2842 2695 2902 2748 iis
2923 2710 3038 2762 qua:
3065 2694 3221 2749 Israel
3251 2710 3436 2763 passos

1866 2800 1979 2846 est:
2007 2790 2321 2859 cohibetque
2352 2789 2487 2841 Deus
2516 2786 2799 2841 Jercmiam
2832 2801 2897 2839 ne
2928 2795 3170 2854 precetur
3197 2800 3290 2853 pro
3313 2786 3433 2838 illis.

1867 2879 2187 2950 Reprobatio
2217 2879 2617 2940 sacrificiorum,
2658 2885 2709 2929 et
2744 2876 3011 2929 accusatio
3039 2875 3438 2928 inconsideran-

1869 2974 1953 3024 tia:
1982 2985 2187 3032 corum,
2214 2979 2268 3022 et
2292 2968 2639 3019 humanarum
2668 2965 3018 3030 victimarum,
3058 2981 3191 3032 quas
3232 2966 3433 3019 tltl'lllO-

1868 3062 2022 3115 nibus
2043 3060 2350 3114 offerebant.
2382 3057 2660 3111 i’rmdictio
2685 3057 2793 3110 fore
2813 3064 2866 3109 ut
2892 3057 3037 3109 locus
3059 3057 3179 3109 idoli
3206 3059 3434 3125 ipsorum

1868 3152 2167 3219 sepulcrum
2200 3151 2306 3213 fiat,
2331 3157 2383 3201 et
2411 3158 2466 3200 ut
2504 3147 2661 3214 aliqui
2690 3146 2986 3199 occisorum
3020 3146 3301 3215 sepultura:
3333 3164 3433 3198 ttutt

1869 3242 2159 3296 tradantur.
2195 3240 2386 3292 lterum
2420 3239 2485 3291 de
2511 3253 2732 3291 ascensu
2773 3237 3022 3300 hostium,
3056 3245 3107 3289 et
3134 3237 3437 3289 lamentatio

1869 3333 2108 3388 Jcremia:
2129 3331 2195 3384 de
2222 3330 2466 3398 nequitiis
2486 3344 2689 3381 eorum.
2718 3327 2999 3382 Accusatio
3027 3327 3347 3387 ⁸ΙιιιΙιιξιιινιιιιι,
3382 3336 3438 3377 ιιι

1869 3424 2026 3478 corde
2065 3420 2574 3482 iucircnmcisorum,
2607 3426 2660 3471 et
2703 3417 2997 3470 admonitio
3028 3432 3092 3469 ne
3125 3416 3435 3468 idololatria:

1870 3517 1998 3570 dent
2038 3530 2277 3582 operam,
2310 3531 2370 3567 ac
2396 3514 2543 3582 quasi
2573 3528 2635 3566 ex
2664 3526 2892 3579 persona
2925 3510 3100 3578 populi
3135 3509 3436 3561 lamentatio

1871 3606 1936 3659 de
1964 3606 2150 3659 futuris
2181 3606 2353 3663 malis.
2385 3614 2437 3656 et
2464 3603 2725 3657 accusatio
2747 3616 2776 3653 a
2802 3602 2911 3654 Deo
2932 3601 3089 3653 facta.
3120 3599 3357 3652 llortatio
3374 3598 3436 3650 ad

1874 3698 2116 3752 lsraelem
2148 3709 2201 3749 ut
2226 3698 2332 3749 Deo
2358 3696 2624 3756 ohcdiant,
2642 3703 2694 3747 et
2716 3693 2979 3746 accusatio
3006 3702 3209 3760 patrutn
3232 3705 3435 3752 eorum,

1875 3795 2055 3852 ctqua:
2069 3781 2643 3854 malaipsisobventura
2659 3782 2784 3838 sint.
2805 3783 3093 3837 Cohihetur
3120 3798 3323 3835 rursum
3347 3780 3435 3833 .le-

1873 3880 2087 3938 rcmias.
2121 3894 2186 3933 ne
2216 3887 2455 3947 precetur
2497 3892 2591 3945 pro
2631 3875 2751 3928 illis.
2796 3875 3132 3927 Lamentatur
3162 3873 3437 3939 propheta,

1875 3967 2014 4037 quod
2045 3967 2245 4021 insidiis
2274 3976 2545 4035 appetatur
2574 3982 2601 4017 a
2632 3964 2828 4017 Judwis
2854 3965 2902 4015 in
2928 3963 3217 4027 Anathoth,
3251 3962 3440 4029 praedi-

1875 4062 1946 4114 cit
1990 4060 2107 4113 ideo
2138 4058 2366 4112 futurum
2399 4058 2524 4125 ipsis
2554 4073 2671 4110 esse
2702 4056 2991 4108 interitum.
3018 4055 3134 4107 Peri
3150 4069 3287 4105 mna
3322 4053 3441 4105 abs-

1875 4151 2105 4205 condere
2130 4149 2347 4218 jubetur
2376 4147 2632 4202 Jeremias
2659 4188 2672 4211 ,
2702 4161 2763 4200 ac
2804 4144 3044 4214 prtedicit
3072 4159 3214 4211 ipsos
3240 4143 3439 4196 satian-

1875 4241 1973 4295 dos
2017 4240 2271 4308 malisque
2311 4236 2649 4292 inebriandos
2680 4250 2818 4289 esse.
2852 4234 2924 4286 De
2956 4234 3140 4299 pluvia:
3191 4231 3396 4283 defectu
3428 4248 3438 4279 :

1878 4331 2255 4397 cohiheturquc
2286 4326 2538 4395 propheta
2569 4343 2633 4377 ne
2665 4333 2908 4390 precetur
2934 4337 3024 4387 pro
3051 4322 3208 4389 ipsis:
3235 4326 3444 4370 recusat

1881 4423 2019 4476 Deus
2040 4420 2250 4472 illorum
2284 4417 2606 4478 holocausta,
2633 4423 2685 4467 et
2707 4413 2925 4479 jejunio,
2950 4411 3281 4476 minaturque
3309 4407 3442 4460 mala

1882 4507 2377 4583 pseudopmphetis,
2406 4504 2526 4573 quia
2568 4502 2811 4555 dicebant
2855 4515 2956 4553 non
3000 4499 3318 4552 obventnras
3348 4512 3441 4564 po-

1881 4606 2006 4675 pulo
2034 4598 2376 4655 calamitates.
2410 4594 2677 4662 Supplieat
2710 4594 2847 4646 Deo:
2883 4591 2970 4644 ille
2999 4606 3121 4642 vero
3150 4589 3222 4641 ait
3250 4603 3307 4641 se
3334 4602 3441 4640 non

1882 4694 2248 4751 exauditurum
2281 4686 2629 4743 csse,etiamsi
2674 4683 2877 4752 Moyses
2901 4692 2954 4733 et
2978 4679 3188 4734 Samuel
3223 4678 3446 4731 interce-

1882 4788 2069 4840 derent
2098 4796 2191 4849 pro
2222 4778 2379 4847 ipsis:
2410 4776 2500 4830 sed
2530 4775 2772 4827 datnrmu
2802 4788 2859 4826 se
2887 4773 3003 4824 illos
3036 4772 3083 4823 iu
3128 4770 3353 4839 gladium
3394 4775 3449 4820 et

1886 4884 2129 4933 mortem,
2156 4871 2366 4932 famem,
2394 4866 2771 4933 captivitatem.
2790 4875 2838 4915 et
2859 4862 3113 4915 malorum
3134 4859 3445 4925 discerptio-

1887 4981 2027 5019 nem.
2062 4962 2310 5013 Precatur
2339 4956 2597 5011 Jcreuiias
2638 4962 2693 5005 ut
2724 4953 2850 5005 ultio
2878 4961 3116 5004 sumatur
3160 4947 3225 5000 de
3255 4960 3447 5014 expro-

1887 5052 2161 5111 brantibus
2189 5050 2317 5107 sibi;
2351 5048 2487 5101 Deus
2525 5055 2701 5099 autem
2752 5042 2825 5094 ait
2867 5038 3056 5093 illi:Si
3084 5038 3311 5090 eduxeris
3339 5049 3449 5103 prc-

1888 5148 2065 5199 tiosum
2085 5157 2117 5193 a
2142 5140 2247 5205 vili,
2271 5138 2416 5207 quasi
2445 5154 2499 5189 os
2529 5151 2688 5187 meum
2709 5135 2805 5186 eris
2829 5130 2957 5200 (Jer.
2985 5129 3069 5183 15.
3101 5127 3209 5196 i9).
3232 5124 3451 5180 Jubetur

1893 5235 2143 5290 )eremias
2164 5244 2379 5283 uxorem
2403 5242 2504 5279 non
2528 5226 2745 5286 ducere,
2774 5237 2942 5289 neque
2964 5216 3258 5279 lamentari,
3282 5227 3452 5281 neque

1890 5340 2071 5380 eorum
2099 5339 2213 5390 quze
2235 5322 2374 5375 circa
2401 5326 2636 5370 mortuos
2664 5314 2857 5367 fiebant
2878 5312 3181 5380 participem
3200 5320 3316 5360 esse
3333 5318 3450 5356 cum

1892 5414 2159 5470 lsraelitis.
2192 5412 2267 5465 De
2308 5404 2581 5476 apostolis,
2625 5402 2690 5457 de
2718 5400 2927 5454 Christo
2960 5396 3229 5468 prophetia
3259 5413 3271 5447 :
3296 5391 3453 5445 verba

1893 5519 2096 5567 eorum,
2128 5501 2216 5569 qui
2249 5501 2298 5551 in
2330 5499 2499 5566 ipsum
2530 5492 2778 5546 credituri
2824 5506 2928 5543 non
2973 5496 3153 5548 erant,
3198 5481 3454 5551 prephcla

1896 5593 2229 5665 pra-nuntiat,
2258 5597 2308 5642 ct
2335 5594 2513 5641 contra
2541 5584 2658 5637 illos
2686 5590 2947 5650 precatur.
2979 5575 3325 5643 I‘rmcipitquc
3362 5571 3455 5624 Ju-

1897 5662 2044 5751 dasis,
2069 5693 2120 5736 ut
2150 5681 2423 5735 sabbatum
2454 5684 2682 5731 servent.
2725 5672 2777 5724 lu
2807 5672 3016 5724 dounuu
3052 5666 3187 5734 figuli
3239 5662 3455 5716 mittitur
