4000 6220
615 362 727 417 379

593 458 864 527 propheta.
890 455 1090 522 Finem,
1134 458 1303 529 inquit
1341 458 1500 520 Deus,
1531 457 1707 525 loquar
1731 457 1793 510 de
1817 473 1988 528 regno,
2018 467 2074 512 ut
2101 462 2164 513 ll-

592 549 680 600 lud
707 548 969 613 mtferan:,'
1000 560 1051 601 et
1076 549 1120 602 si
1146 549 1390 602 conversi
1417 547 1609 601 fuerint
1633 588 1648 611 ,
1683 563 1787 601 non
1814 548 2068 602 auferam.
2096 550 2164 603 Et

592 637 742 704 ﬁnem
787 638 981 701 loquar,
1017 639 1204 705 inquit,
1243 637 1295 688 in
1321 644 1514 705 gentem
1537 645 1625 688 aut
1654 653 1879 705 regnum,
1908 648 1961 689 ut
1982 639 2163 691 reardi-

593 727 788 791 licetur.
823 725 886 777 Et
917 726 958 777 si
988 727 1183 780 malum
1225 723 1466 787 fecerint,
1502 738 1605 776 non
1650 722 1837 776 faciam
1882 738 1980 792 ego
2027 725 2162 777 bona

587 831 707 884 qua:
751 815 1000 883 loquutus
1040 830 1154 868 sum
1185 824 1243 868 ut
1271 814 1498 868 facerem
1527 815 1627 867 illis
1672 812 1821 882 (Cap.
1849 815 1934 868 l8.
1964 817 1994 868 7
2015 815 2155 882 -1Ο).

588 907 700 960 lloc
722 918 897 960 autem
915 915 1066 975 caput
1087 917 1270 960 contra
1297 907 1508 960 Judmos
1526 906 1652 958 utile
1671 906 1790 968 erit,
1819 920 1937 960 cum
1963 906 2158 970 dicent,

590 997 874 1050 Dominum
904 998 1030 1064 ipsis
1060 998 1196 1050 bona
1227 997 1563 1064 promisisse;
1593 1010 1711 1049 cum
1743 995 1883 1049 enim
1914 1011 2018 1049 non
2041 1010 2160 1050 cre-

587 1087 820 1140 diderint
840 1082 1073 1140 Domino
1100 1097 1283 1140 nostro
1311 1087 1434 1140 Jesu
1463 1086 1692 1151 Christo,
1721 1087 1816 1155 ipsi
1845 1087 1942 1140 sibi
1966 1086 2090 1155 ipsis
2110 1087 2160 1140 in

589 1191 748 1229 causa
779 1177 924 1232 fuere
950 1179 1289 1245 praesentium
1319 1177 1595 1230 malorum.
1632 1177 1852 1230 Insidias
1884 1177 1982 1231 sibi
2014 1193 2042 1230 a
2070 1177 2162 1232 Ju-

589 1270 721 1324 dzeis
752 1272 1010 1339 parandas
1040 1271 1292 1339 propheta
1325 1271 1579 1339 praedicit,
1607 1279 1656 1322 et
1686 1281 1870 1323 contra
1895 1269 2012 1324 illus
2041 1284 2162 1338 pre-

589 1369 759 1423 catur,
786 1362 1032 1430 quoniam
1060 1362 1194 1414 mala
1225 1377 1318 1429 pro
1347 1361 1497 1414 bonis
1529 1361 1907 1414 retribuerunt.
1939 1359 2161 1414 Jubetur

590 1449 870 1515 Jeremias,
916 1460 1132 1519 accepta
1162 1451 1434 1520 laguncula
1467 1450 1662 1520 figlina,
1706 1451 1844 1503 mala
1876 1451 2053 1519 p0puli
2082 1460 2159 1505 te-

588 1538 865 1606 stificatus,
899 1541 1228 1609 lagunculam
1278 1551 1553 1594 conterere
1579 1549 1700 1593 ante
1731 1539 1914 1594 oculos
1949 1555 2154 1605 eorum,

587 1639 641 1684 et
670 1631 880 1686 dicere:
905 1631 990 1686 Sic
1017 1641 1324 1686 conteretur
1366 1632 1682 1686 Jerusalem.
1725 1633 1789 1686 Et
1829 1632 2098 1700 conjectus
2127 1648 2157 1686 a

586 1721 853 1778 Paschore
883 1723 935 1776 in
964 1738 1204 1787 nervum,
1239 1723 1516 1791 pmphetat
1555 1722 1804 1776 Paschori
1856 1723 1991 1776 mala
2039 1739 2157 1792 qua:

587 1813 756 1879 ipsum
776 1824 1057 1881 exceptura
1076 1822 1244 1866 erant.
1269 1813 1464 1865 Deinde
1482 1828 1618 1880 mgre
1639 1811 1738 1866 fert
1765 1827 1855 1865 eos
1882 1815 1967 1881 qui
1987 1813 2154 1880 ipsum

586 1901 888 1967 traducunt,
944 1912 1290 1972 precaturque
1320 1903 1571 1956 adversus
1615 1903 1752 1964 illos,
1788 1903 2156 1972 maledicitque

582 1993 684 2045 diei
714 2009 843 2048 smn.
878 1993 1031 2048 Mittit
1055 1992 1302 2049 Sedecias
1323 2010 1442 2057 rex,
1463 2006 1516 2048 ut
1541 1995 1709 2048 discat
1736 2009 1762 2046 a
1787 1994 2010 2048 Jcremia
2031 2011 2153 2048 num

580 2084 925 2139 abscessurus
941 2101 968 2138 a
992 2101 1049 2139 se
1066 2090 1132 2138 sit
1154 2085 1657 2138 Nabuchodonosor.
1677 2085 1767 2138 llle
1788 2100 1913 2139 vero
1936 2101 2154 2153 respon-

581 2175 691 2237 det,
720 2174 885 2228 Deum
917 2176 1230 2228 bellaturum
1258 2191 1375 2228 esse
1404 2184 1586 2228 contra
1626 2174 1836 2229 Judaeos
1877 2185 1927 2229 et
1969 2186 2152 2230 contra

581 2279 757 2332 regem
808 2265 1104 2318 Scdeeiam.
1148 2265 1202 2318 Si
1253 2274 1427 2318 autem
1479 2265 1704 2318 voluerit
1733 2265 1956 2333 populus
1983 2265 2153 2319 libens

579 2357 805 2410 transire
841 2357 906 2410 ad
936 2356 1525 2419 Nabuchodonosorcm,
1565 2357 1734 2424 ipsum
1765 2358 1988 2411 salutem
2017 2373 2149 2411 con-

579 2455 946 2515 sequuturum,
978 2464 1264 2517 regemque
1295 2464 1396 2502 non
1432 2451 1718 2516 periturum
1748 2464 1886 2516 esse,
1917 2450 1959 2503 si
1992 2466 2021 2504 a
2053 2466 2146 2504 sua

576 2537 856 2591 discedens
885 2539 1138 2607 nequitia,
1177 2539 1263 2592 Dei
1293 2539 1571 2607 pra‘ceplis
1592 2539 1867 2594 attendere
1897 2541 2141 2595 voluerit.

575 2627 769 2681 Contra
800 2628 1036 2682 Joachim
1069 2640 1120 2683 et
1145 2629 1452 2684 Jechoniam
1480 2639 1531 2683 et
1555 2641 1736 2684 contra
1764 2642 2001 2698 pastores
2027 2647 2148 2699 pro-

575 2718 751 2786 phetia
777 2718 842 2772 ad
873 2720 1170 2784 Dominum,
1203 2735 1262 2773 ac
1299 2719 1880 2788 pseudoprOphctarum
1925 2734 2146 2773 accusa-

575 2812 671 2862 tio.
705 2809 847 2862 Bona
877 2811 1028 2864 Judae
1072 2812 1386 2879 prOphctat:
1415 2811 1602 2864 relicto
1643 2821 1819 2863 autem
1870 2811 2062 2879 populo
2095 2811 2143 2864 in

571 2899 863 2953 Jerusalem
895 2916 1014 2954 cum
1044 2900 1261 2954 Sedecia
1293 2915 1388 2968 per
1412 2901 1708 2968 exemplum
1740 2901 1928 2954 ficuum
1953 2916 2143 2955 ascen-

569 3004 688 3044 sum
713 2990 1245 3045 Nabuchodonosoris
1268 2991 1597 3055 vaticinatur,
1631 2991 1974 3059 omniumque
2011 3007 2142 3060 gen-

572 3081 702 3134 tium
736 3081 1020 3148 perniciem
1045 3097 1138 3150 per
1165 3081 1264 3135 hoc
1293 3082 1537 3151 poculum
1569 3083 1847 3150 significat.
1877 3082 2141 3153 Jerosoly-

569 3185 672 3222 mae
703 3171 965 3224 excidium
997 3173 1253 3240 praedicit.
1281 3171 1864 3240 Comprehenditurqne
1886 3175 2141 3228 Jeremias

568 3259 890 3314 occidendus
916 3275 943 3312 a
975 3262 1358 3324 sacerdotibus,
1395 3263 1598 3329 hocque
1622 3264 1908 3328 periculum
1941 3265 2134 3318 evadit.

567 3349 789 3403 Jubetur
826 3351 1081 3420 propheta
1109 3367 1165 3406 se
1198 3354 1419 3406 vinculis
1464 3355 1812 3418 circumdare,
1858 3363 1907 3409 et
1957 3356 2140 3425 legatis

564 3440 979 3509 alienigenarum
1003 3442 1231 3507 edicere,
1257 3444 1640 3496 utannuntient
1659 3443 1869 3511 regibus
1894 3444 2003 3498 suis
2025 3447 2140 3498 sub-

563 3528 651 3596 jici
681 3543 774 3582 eos
804 3539 1051 3597 Oportere
1077 3530 1613 3595 Nabuchodonosori;
1645 3534 1940 3602 minarique
1973 3535 2135 3588 Deum

562 3626 788 3672 mortem
811 3617 874 3671 iis
896 3619 981 3686 qui
1012 3635 1070 3672 se
1097 3620 1192 3688 ipsi
1222 3635 1322 3672 non
1351 3621 1651 3689 subjiciant.
1679 3621 1930 3676 Eamdem
1946 3624 2138 3677 exhor-

563 3707 815 3760 tationem
846 3707 1063 3762 adhibct
1084 3723 1205 3778 erga
1239 3709 1534 3773 Sedeciam,
1570 3719 1624 3764 et
1653 3712 1931 3780 pepulum,
1952 3721 2005 3766 et
2049 3727 2135 3766 sa-

561 3798 826 3852 cerdotes.
878 3799 1110 3853 Ananias
1155 3815 1284 3853 vero
1330 3800 1790 3868 pseudoprOpheta
1849 3801 2138 3856 obsistebat

559 3885 805 3940 Jeremize
853 3888 1125 3956 prephctze
1172 3889 1375 3950 dicens,
1406 3905 1526 3943 vasa
1558 3905 1706 3944 sacra
1737 3890 1966 3944 reditura
1995 3905 2131 3956 esse,

559 3991 765 4032 necnon
792 3977 1123 4044 Jechoniatn,
1156 3981 1244 4049 qui
1276 3990 1389 4034 erat
1413 3981 1546 4036 filius
1567 3981 1806 4036 Joachim
1837 3981 2013 4036 fratris
2040 3983 2136 4037 Se-

556 4066 742 4120 decias.
788 4068 852 4120 Et
880 4070 1127 4122 contrivit
1169 4080 1383 4123 catenas
1428 4071 1716 4140 prophetae.
1759 4071 1980 4125 Mittitur
2007 4088 2133 4142 ergo

557 4157 816 4212 Jeremias
837 4167 894 4213 ut
917 4168 1140 4215 mortem
1171 4161 1267 4230 ipsi
1295 4163 1565 4231 praedicat,
1594 4163 1643 4214 in
1667 4177 1732 4216 eo
1760 4163 1873 4231 ipso
1896 4178 2034 4218 anno
2051 4165 2133 4218 fu-

558 4257 752 4316 turam,
777 4251 915 4318 quod
956 4253 1112 4306 etiam
1145 4254 1338 4307 evenit.
1375 4253 1704 4308 Vaticinatur
1735 4255 1872 4308 mala
1901 4256 2130 4324 pseudo-

558 4337 835 4406 prophetis
878 4339 1148 4411 Babylone
1188 4342 1541 4408 versantibus,
1577 4342 1875 4412 populoque
1921 4343 2132 4412 longum

556 4428 876 4495 captivitatis
903 4438 1128 4498 tempus,
1154 4431 1244 4484 sed
1275 4439 1449 4486 tamen
1479 4431 1706 4486 reditum
1735 4446 1854 4485 esse
1876 4430 2128 4485 futurum.

558 4519 634 4572 De
658 4517 739 4571 his
761 4517 1127 4588 indignabatur
1145 4521 1384 4587 Sameas,
1409 4523 1496 4591 qui
1525 4521 2128 4590 increpatsacerdotem,

555 4606 697 4674 quod
728 4622 830 4660 non
855 4608 1151 4675 impedierit
1178 4611 1460 4679 quominus
1488 4611 1743 4666 Jeremias
1772 4611 1894 4664 talia
1936 4611 2128 4664 vatici-

557 4706 792 4750 naretur.
820 4697 941 4752 ldco
965 4700 1193 4754 minatur
1222 4702 1363 4756 Deus
1384 4718 1442 4756 se
1469 4701 1615 4756 illum
1639 4717 1757 4756 esse
1782 4702 2128 4770 perditurum.

559 4786 758 4840 Deinde
787 4802 963 4842 sermo
988 4793 1374 4846 consolatorios
1397 4791 1596 4848 lsraeli.
1637 4793 1870 4861 Tempus
1895 4792 2130 4847 declarat

554 4893 661 4944 quo
705 4876 935 4932 futurum
975 4890 1055 4934 est
1100 4891 1157 4934 ut
1199 4892 1532 4938 revertantur
1570 4899 1632 4937 cx
1667 4883 1952 4952 Babylone.
1999 4882 2128 4936 lllud

556 4982 684 5022 vero
713 4980 825 5022 erat
855 4979 1063 5040 tempus
1085 4973 1306 5036 Pbasec,
1337 4989 1429 5028 seu
1459 4973 1672 5043 pascha,
1703 4981 1759 5026 ut
1787 4973 1837 5025 in
1862 4973 2028 5026 Esdra
2048 4988 2131 5027 re-

555 5058 730 5127 perire
759 5068 856 5122 est,
905 5061 1046 5128 ipsos
1077 5077 1266 5130 nempe
1296 5064 1346 5116 in
1378 5063 1511 5116 festo
1539 5065 1856 5131 Azymorum
1887 5075 2128 5116 reversos

552 5161 692 5200 esse.
729 5145 908 5216 Itaque
935 5151 1208 5204 manifeste
1235 5149 1401 5204 Judaei
1435 5151 1691 5205 mendacii
1722 5147 2122 5204 convincuntur.

553 5238 685 5290 Nam
714 5238 850 5292 bona
879 5239 962 5293 hic
999 5241 1065 5293 de
1113 5241 1241 5307 ipsis
1283 5242 1545 5310 descripta
1587 5239 1758 5293 adhuc
1800 5248 2125 5308 exspectant,

554 5341 672 5393 qua:
701 5326 805 5394 jam
833 5339 1113 5383 venerunt.
1148 5331 1221 5384 De
1252 5331 1542 5385 infantibus
1584 5331 1650 5383 ab
1679 5327 1889 5382 Herode
1917 5327 2124 5381 occisis.

554 5418 626 5470 De
645 5416 792 5471 Novo
818 5419 1158 5474 Testamento
1185 5422 1479 5489 prOphetia.
1511 5421 1790 5488 Etiamque
1807 5417 2125 5485 descriptam

553 5510 652 5564 hoc
685 5510 802 5564 loco
833 5512 979 5566 urbis
1005 5514 1470 5567 remditicationem
1501 5512 1674 5564 adhuc
1703 5520 2012 5578 exspectant
2032 5508 2125 5562 Ju-

551 5600 670 5654 d;ei.
702 5601 770 5653 At
798 5600 885 5655 illa
913 5601 1071 5656 finem
1115 5604 1340 5673 accepit,
1375 5603 1510 5655 facta
1556 5601 1757 5653 scilicet
1801 5598 2013 5667 quando
2062 5613 2124 5651 cx

554 5691 820 5764 Babylone
864 5695 1151 5751 redierunt.
1201 5695 1418 5751 Jubetur
1447 5692 1703 5750 Jeretnias
1744 5709 1916 5746 emere
1949 5705 2126 5760 agrum

1314 347 1368 402 S.
1410 343 1681 402 JOANNIS
1714 339 2181 399 CHRYSOSTOMI
2223 346 2533 402 ARClllEP.
2571 349 3097 411 CONSTANTINOP.

3737 364 3855 418 380

2275 459 2446 528 patrui
2473 463 2572 525 sui,
2606 472 2661 516 et
2703 478 2822 519 cum
2865 467 3116 530 emisset,
3139 467 3250 522 ait:
3276 463 3408 520 Urbs
3436 465 3622 520 tradita
3653 477 3759 530 est.
3792 480 3846 525 et

2268 551 2420 618 jubes
2440 568 2616 608 emere
2640 570 2842 624 agrum.
2865 558 3004 612 Deus
3024 567 3196 610 autem
3213 557 3285 610 ait
3305 557 3398 620 illi,
3423 558 3701 624 presentia
3721 560 3845 626 qui--

2269 639 2390 693 dem
2415 643 2546 694 mala
2575 653 2791 712 propter
2810 655 3020 713 peccata
3048 647 3225 714 pepuli
3256 647 3496 700 evenire:
3524 655 3843 714 tempusque

2270 730 2400 792 fore,
2433 745 2550 784 cum
2581 748 2788 787 rursum
2821 735 2944 789 urbs
2972 735 3368 790 lnbabitabitur.
3401 736 3641 790 Praadicit
3668 736 3839 790 Sede«

2269 818 2386 881 ciae,
2433 821 2603 886 ipsum
2634 833 2842 890 captum
2875 826 2958 889 iri,
3004 835 3058 880 et
3088 827 3293 880 incusat
3333 841 3426 881 eos
3471 828 3606 896 quod
3648 843 3841 882 servos

2268 920 2403 973 quos
2430 907 2671 962 libertate
2697 911 3043 979 donaveram,
3076 929 3261 968 rursus
3300 916 3502 970 servire
3539 928 3799 986 cogerent
3828 937 3839 968 :

2269 996 2602 1066 minaturque
2629 1015 2872 1069 magnam
2903 1002 3014 1057 fore
3040 1004 3412 1058 calamitatem.
3446 1005 3567 1059 ldeo
3593 1008 3842 1074 praecipit

2268 1084 2391 1138 filiis
2419 1086 2674 1150 Jonadab,
2703 1099 2758 1143 ut
2779 1091 2992 1144 domum
3023 1102 3348 1146 construant.
3380 1094 3452 1147 llli
3479 1104 3653 1148 autem
3677 1109 3839 1148 recu-

2267 1184 2405 1228 sant.
2435 1176 2657 1232 Jubetur
2686 1179 2944 1236 Jeremias
2971 1198 3033 1236 ea
3064 1184 3295 1239 scribere
3321 1186 3514 1249 omnia,
3555 1202 3681 1254 qua:
3703 1187 3839 1238 vati-

2267 1266 2472 1322 cinatus
2493 1280 2605 1322 erat
2635 1285 2794 1340 super
2821 1273 3003 1337 Israel,
3038 1284 3092 1328 ut
3120 1276 3201 1329 vel
3232 1277 3308 1330 sic
3335 1276 3694 1341 formidarent,
3719 1295 3838 1331 rur-

2265 1373 2382 1412 sum
2413 1361 2686 1416 audientes
2706 1379 2788 1426 ea,
2813 1381 2929 1433 quae
2959 1366 3098 1433 ipsos
3120 1366 3362 1420 invasura
3383 1379 3530 1422 erant
3552 1370 3689 1422 mala
3713 1388 3727 1422 :
3747 1370 3840 1422 ille

2264 1461 2395 1501 vero
2421 1450 2660 1518 praecipit
2690 1453 2954 1520 liarueho,
2998 1466 3052 1508 ut
3089 1455 3188 1510 hoc
3218 1455 3394 1524 faciat,
3444 1459 3636 1527 illeque
3686 1458 3835 1512 fecit.

2264 1534 2333 1588 Et
2362 1551 2480 1589 cum
2510 1541 2828 1607 scripsisset,
2858 1542 3053 1596 Juda-is
3083 1544 3224 1613 legit.
3260 1544 3324 1600 Ut
3353 1546 3404 1598 id
3433 1546 3651 1602 audiere
3687 1551 3837 1616 prin-

2263 1627 2427 1695 cipes,
2459 1633 2906 1687 annnntiaverunt
2934 1636 3041 1704 regi
3071 1635 3329 1690 Joachim.
3358 1637 3449 1691 ille
3471 1648 3648 1693 autem
3679 1654 3837 1694 acce-

2263 1727 2410 1787 ptum
2444 1721 2634 1775 librum
2666 1724 2976 1779 combussit.
3011 1725 3336 1796 Jubeturque
3379 1728 3642 1783 Jeremias
3673 1730 3833 1783 alium

2263 1809 2498 1864 scribere
2529 1811 2718 1866 librum
2759 1815 3009 1868 similem.
3044 1816 3276 1885 Regique
3303 1820 3582 1886 prephetat
3613 1819 3835 1873 calami-

2263 1906 2397 1952 tates
2423 1899 2490 1952 ob
2513 1901 2614 1954 tale
2633 1901 2854 1956 facinus.
2878 1904 3203 1958 Vaticinatur
3219 1906 3481 1960 excidium
3509 1905 3831 1960 Jerusalem:

2261 1999 2312 2043 et
2329 1992 2814 2060 comprehenditur,
2836 1997 3170 2066 injiciturque
3193 1999 3242 2051 in
3265 2013 3532 2052 carcerem
3550 1998 3835 2062 Jeremias,

2262 2081 2486 2152 indeque
2503 2095 2752 2140 evocatus
2774 2103 2801 2139 a
2830 2087 3068 2153 Sedecia,
3089 2088 3216 2143 dicit
3234 2089 3303 2155 ei,
3322 2089 3637 2158 capiendum
3660 2089 3831 2156 ipsum

2261 2171 2393 2238 fore,
2424 2183 2676 2243 rogatque
2698 2191 2764 2230 ne
2787 2180 3085 2232 remittatur
3111 2183 3162 2233 in
3191 2194 3485 2234 carcerem.
3517 2183 3837 2248 Arreptum-

2258 2277 2359 2330 que
2388 2263 2534 2316 illum
2563 2267 2826 2334 principes
2848 2268 3090 2336 injiciunt
3113 2271 3163 2323 in
3187 2271 3357 2324 lacum
3380 2271 3540 2324 caeni.
3567 2270 3633 2324 Et
3653 2269 3837 2324 eduxit

2258 2367 2378 2405 eum
2427 2355 2547 2408 inde
2594 2356 2934 2411 Abdamelec.
2981 2361 3056 2412 Ac
3098 2375 3282 2414 rursus
3309 2361 3601 2414 accersitus
3629 2374 3659 2413 a
3689 2375 3832 2428 rege,

2258 2443 2482 2498 salutem
2511 2446 2605 2514 ipsi
2636 2451 2967 2514 praenuntiat,
3000 2451 3043 2504 si
3068 2451 3192 2505 velit
3215 2461 3405 2520 sponte
3431 2451 3496 2504 ad
3531 2452 3713 2506 hostes
3746 2467 3832 2506 ex-

2257 2535 2362 2598 ire;
2393 2538 2471 2589 sin
2499 2539 2649 2602 nolit,
2683 2540 2964 2606 perniciem
2997 2541 3109 2595 urbi
3135 2543 3250 2606 toti,
3274 2551 3326 2595 et
3348 2543 3445 2611 ipsi
3470 2543 3703 2610 ingentia
3726 2558 3833 2595 ma-

2256 2625 2324 2678 la.
2353 2626 2484 2680 Cum
2513 2637 2686 2682 autem
2717 2644 2820 2684 non
2852 2633 3204 2700 persuasisset
3234 2634 3308 2687 illi
3341 2642 3398 2687 ut
3421 2633 3612 2697 exiret,
3639 2648 3832 2687 ascen-

2254 2715 2331 2767 dit
2353 2717 2624 2778 barbarus,
2649 2727 2700 2771 et
2721 2730 2870 2788 capta
2895 2730 2972 2774 est
2997 2721 3119 2775 urbs
3141 2736 3259 2776 cum
3285 2721 3526 2776 Sedecia.
3545 2722 3834 2776 Jeremiam

2256 2819 2381 2858 vero
2427 2805 2651 2872 benigne
2681 2818 3004 2875 exceperunt
3036 2809 3304 2877 principes
3344 2809 3836 2864 Nabuchodonoso-

2253 2892 2347 2946 ris.
2375 2893 2726 2948 Abdemeleco
2769 2897 2990 2950 salutem
3021 2899 3276 2965 pra-dicit.
3311 2899 3442 2952 Cum
3472 2908 3652 2952 autem
3685 2897 3829 2966 prin-

2251 2998 2378 3052 ceps
2403 2999 2688 3052 coquorum
2712 3002 2874 3056 penes
2905 2989 3046 3056 ipsos
3068 2990 3388 3057 reliquisset,
3425 2998 3480 3042 ut
3505 3005 3612 3058 quo
3634 2989 3835 3041 vellent

2251 3074 2406 3140 irent,
2442 3076 2585 3130 venit
2626 3078 2692 3129 ad
2739 3077 3033 3144 Godoliam,
3066 3095 3222 3148 quem
3256 3081 3606 3134 constituerat
3637 3081 3829 3148 priur-

2251 3181 2367 3234 pem
2398 3182 2581 3221 eorum
2613 3169 2701 3235 qui
2751 3170 2917 3223 relicti
2967 3169 3174 3224 fuerant
3217 3171 3268 3222 in
3313 3170 3512 3224 Judwa.
3549 3169 3836 3224 Coum-nn-

2248 3265 2372 3309 rnnt
2397 3257 2462 3310 ad
2489 3257 2762 3310 Godoliam
2788 3260 2875 3327 qui
2907 3275 3002 3327 per
3028 3275 3180 3328 agros
3204 3261 3427 3327 dispersi
3455 3269 3610 3317 erant
3635 3252 3824 3314 Judaei-

2249 3345 2436 3399 lsmael
2490 3347 2682 3400 occidit
2728 3347 3002 3402 Godoliam
3033 3359 3086 3401 et
3111 3349 3367 3418 quosdam
3397 3350 3554 3413 alios,
3585 3358 3640 3403 et
3687 3352 3828 3402 acci-

2247 3438 2398 3505 piens
2423 3441 2670 3506 populum
2703 3439 2959 3504 Godoliar,
2993 3440 3121 3493 abiit
3151 3442 3202 3494 in
3234 3441 3507 3510 regionem
3541 3442 3824 3494 Ammoni-

2247 3538 2435 3583 tarum.
2462 3531 2528 3584 Ut
2554 3543 2726 3584 autem
2771 3532 2897 3585 vidit
2923 3548 3038 3585 eum
3070 3532 3332 3598 Joannan,
3367 3547 3505 3585 unus
3532 3532 3601 3584 de
3635 3531 3820 3599 princi-

2245 3619 2418 3686 pibus,
2449 3619 2582 3674 bene
2621 3621 2840 3674 affectus
2888 3637 3010 3690 erga
3049 3621 3350 3685 Godoliam,
3381 3620 3589 3688 aufugit
3636 3621 3830 3673 lsmaet

2244 3724 2364 3763 cum
2396 3719 2513 3764 octo
2545 3712 2668 3764 viris
2715 3721 2934 3775 tantum,
2992 3712 3346 3780 populumque
3395 3711 3608 3778 accepit
3660 3709 3825 3762 Joan.

2243 3812 2368 3852 nan.
2399 3800 2496 3864 Qui
2540 3808 2784 3867 precatus
2813 3809 2895 3854 est
2931 3800 3236 3864 Jeremiam,
3268 3809 3323 3853 ut
3366 3814 3460 3867 pro
3493 3800 3626 3867 ipsis
3659 3799 3827 3851 Deum

2243 3896 2485 3954 rogaret;
2518 3902 2636 3940 cum
2668 3888 2970 3942 consuleret
2996 3889 3121 3956 ipsis
3151 3887 3410 3942 Jeremias
3442 3903 3511 3941 ne
3557 3887 3613 3939 in
3657 3885 3798 3956 {Egy

2241 3986 2387 4044 plum
2420 3977 2848 4046 ingrederentur;
2882 3989 3107 4033 mortem
3157 3981 3299 4034 enim
3345 3979 3538 4032 minari
3572 3979 3752 4032 Deum
3783 3978 3825 4032 si

2240 4079 2306 4119 eo
2333 4069 2778 4135 commigrarent:
2814 4068 2863 4122 id
2891 4069 2967 4123 eis
2996 4085 3098 4123 non
3143 4069 3424 4137 persuasio.
3455 4069 3591 4122 Cum
3641 4078 3827 4122 autent

2239 4156 2508 4210 venissent
2537 4158 2585 4210 in
2616 4158 2883 4225 Taphnas,
2907 4158 3210 4211 cohortatus
3233 4167 3314 4211 est
3342 4174 3434 4211 eos
3462 4173 3529 4212 ne
3552 4158 3698 4212 idola
3733 4175 3827 4212 eo-

2240 4245 2430 4298 lerent.
2472 4247 2958 4300 Contradicentibus
2982 4247 3085 4300 illis
3115 4249 3484 4315 przununtiavit
3524 4250 3828 4316 perniciem

2241 4349 2503 4402 magnam,
2531 4346 2580 4388 et
2614 4336 2719 4404 regi
2742 4337 3107 4405 ASgyptiorum
3135 4337 3420 4405 perniciem
3441 4337 3662 4408 Egypti
3688 4354 3833 4406 prta

2239 4421 2386 4484 dicit,
2422 4439 2623 4477 necnon
2661 4425 3090 4493 alicnigenarum,
3123 4426 3250 4480 item
3281 4426 3653 4491 Moabitarum,
3690 4432 3830 4481 Ain-

2240 4514 2574 4577 manitarum,
2611 4515 2979 4581 ldumacorum,
3013 4516 3274 4582 Damasci,
3316 4528 3370 4572 et
3400 4519 3574 4584 Elam,
3626 4521 3828 4572 eliam~

2237 4619 2340 4672 que
2368 4604 2667 4674 Babylonis,
2697 4606 3027 4674 reditumque
3071 4607 3192 4662 inde
3216 4608 3520 4662 Judaaorum
3565 4624 3828 4678 prauum

2241 4694 2349 4747 tiat.
2383 4695 2655 4760 Quomodo
2685 4697 2857 4749 excisa
2905 4699 2973 4750 sit
3017 4697 3310 4751 Jerusalem
3356 4707 3558 4765 narrat,
3607 4714 3831 4756 necnon

2237 4784 2500 4852 quomodo
2529 4800 2593 4837 ex
2623 4785 2829 4852 deiecto
2858 4796 2996 4840 statu
3027 4787 3076 4838 in
3105 4786 3364 4841 honorem
3393 4798 3688 4856 provectus
3713 4789 3820 4840 fue-

2238 4875 2302 4928 rit
2333 4873 2591 4940 Joachim,
2623 4877 2709 4942 qui
2741 4885 2928 4943 sponte
2957 4891 3013 4931 se
3039 4890 3157 4930 cum
3205 4887 3377 4933 matre
3417 4893 3509 4933 sua
3536 4878 3834 4934 dediderat

2236 4961 2755 5016 Nabuchodonosori.

2292 5109 2526 5149 SYNOPSJS
2561 5109 2737 5148 EOBUI
2770 5109 2882 5156 ρυε
2912 5112 2975 5149 ΑΒ
3005 5112 3292 5152 ΕΖΕΕΙῙΙΕιΕ
3321 5114 3599 5153 ΡΒΟΡΗΕΤΑ
3628 5114 3748 5152 DlC'l
3779 5116 3818 5151 Α

2941 5201 3087 5240 SUNT.

2313 5320 2466 5374 Videt
2497 5319 2753 5388 propheta
2780 5320 3036 5374 visionem
3066 5319 3541 5382 Cherubinorum,
3569 5317 3822 5386 jubetur-

2238 5427 2340 5481 que
2384 5428 2412 5464 a
2447 5413 2556 5464 Deo
2602 5412 2851 5466 lsraelitis
2887 5413 3050 5482 loqui.
3099 5413 3419 5480 Deportatur
3456 5425 3484 5463 a
3533 5409 3743 5477 Spiritu
3786 5414 3837 5464 in

2241 5503 2600 5570 Captivitatem
2636 5520 2648 5554 :
2680 5505 3042 5571 cxcilaturque
3071 5518 3100 5554 a
3139 5502 3270 5566 Deo,
3303 5510 3360 5554 ut
3383 5516 3506 5554 cum
3541 5500 3745 5554 fiducia
3784 5515 3840 5556 et

2241 5593 2458 5660 impigre
2487 5603 2594 5644 tum
2636 5591 2825 5660 iniquis
2853 5602 2959 5646 tum
2981 5591 3138 5659 justis
3159 5589 3299 5644 viam
3325 5591 3392 5644 ad
3424 5591 3591 5643 vitam
3620 5589 3838 5643 ducen-

2244 5694 2344 5738 tem
2377 5684 2668 5746 annuntiel,
2697 5693 2748 5736 ct
2773 5682 2864 5736 Dei
2894 5681 3134 5735 mandata
3156 5679 3407 5736 declaret.
3443 5679 3676 5736 Jubetur
3707 5692 3842 5734 sese
