4000 6220
210 368 323 420 379

201 455 388 523 Κυρίῳ
438 452 588 522 ἡμῶν
631 451 802 522 Ἰησοῦ
859 452 1096 522 Χριστῷ,
1133 454 1279 506 αὑτοὶ
1328 456 1535 516 ἑαυτοῖς
1591 454 1748 505 αἴτιοι

199 541 441 608 ἐγένοντο
468 539 574 591 τῶν
602 540 877 609 παρόντων
907 539 1106 591 κακῶν.
1140 541 1183 590 Τ
1186 541 1248 609 ὴν
1272 541 1387 592 κατ’
1413 538 1574 592 αὑτοῦ
1608 554 1750 605 γινο-

202 629 368 696 μένην
389 626 669 695 ἐπιϐουλὴν
694 626 794 677 ὑπὸ
827 624 1088 677 Ἰουδαίων
1110 626 1137 676 6
1169 627 1447 694 προφήτης
1474 624 1744 693 προλέγει,

197 716 290 765 καὶ
318 712 629 782 κατεύχεται
660 712 854 772 αὐτῶν,
886 713 964 763 ὅτι
996 712 1200 781 πονηρά
1229 712 1346 762 ἀντὶ
1372 711 1587 777 ἀγαθῶν
1615 713 1747 762 ἀποο

192 797 472 850 δεδώκασι.
526 795 814 848 Κελεύεται
855 798 882 848 6
925 798 1185 865 Ἱερεμίας
1235 796 1381 866 βικὸν
1431 797 1745 865 ὀστράκινον

193 883 392 946 λαϐὼν,
423 885 514 936 καὶ
547 883 1046 953 διαμαρτυράμενος
1073 882 1138 934 τά
1162 881 1306 934 κακά
1332 881 1424 934 106
1453 882 1602 945 λαοῦ,
1631 899 1746 934 συν-

191 972 380 1039 τρῖψαι
412 972 501 1023 τὸν
530 971 676 1040 βικὸν
709 972 825 1022 κατ’
859 970 1163 1038 ὀφθαλμοὺς
1185 968 1379 1028 αὐτῶν,
1413 971 1505 1021 καὶ
1535 970 1704 1021 εἰπεῖν
1726 985 1739 997 ·

190 1057 347 1111 Οὕτω
401 1057 806 1127 συντριϐήσεται
876 1053 1240 1123 Ἰερουσαλήμ.
1295 1056 1401 1105 Kal
1457 1055 1744 1124 ἐμϐληθεὶς

192 1143 298 1193 ὑπὸ
326 1143 416 1194 106
450 1141 681 1211 Πασχὼρ
705 1143 784 1202 είς
811 1140 896 1192 τὸν
920 1141 1283 1210 καταράκτην,
1315 1140 1639 1212 προφητεύει
1668 1140 1742 1210 τῷ

189 1227 424 1297 Πασχὼρ
451 1229 518 1280 τὰ
549 1227 865 1295 ἐκδεξόμενα
903 1225 1047 1295 αὑτῷ
1076 1226 1216 1278 κακά
1245 1237 1290 1278 ⁸.
1320 1223 1450 1279 Εἶτα
1492 1227 1742 1294 ἀσχάλλει

187 1315 282 1365 ἐπὶ
322 1317 434 1374 τοῖς
482 1312 818 1382 διασύρουσιν
859 1312 1036 1375 αὑτὸν,
1073 1313 1162 1363 καὶ
1202 1311 1516 1381 κατεύχεται
1545 1311 1736 1376 αὑτῶν,

187 1405 284 1454 καὶ
313 1403 608 1470 καταρᾶται
641 1403 704 1469 τῇ
734 1400 912 1469 ἡμέρᾳ
961 1400 1024 1468 τῇ
1070 1399 1280 1452 ἑαυτοῦ.
1321 1401 1528 1468 Πέμπει
1585 1400 1739 1452 Σεδε-

185 1489 313 1549 κίας
339 1490 366 1538 6
397 1486 643 1555 βασιλεὺς
670 1486 856 1554 μαθεῖν
884 1485 1028 1554 παρά
1068 1485 1347 1552 Ἱερεμίου,
1375 1488 1421 1537 εί
1447 1485 1739 1537 ἀπελεύσε-

183 1591 275 1626 ται
310 1573 401 1625 ἀπ’
450 1572 610 1626 αὑτοῦ
660 1571 1136 1640 Ναϐουχοδονόσορ.
1181 1571 1236 1622 'O
1286 1571 1341 1623 δέ
1372 1587 1552 1640 φησιν,
1601 1572 1680 1623 ὅτι
1712 1573 1739 1623 6

181 1662 319 1724 Θεὸς
348 1661 638 1730 πολεμήσει
679 1661 801 1720 τοὺς
839 1658 1136 1720 Ἰουδαίους,
1168 1676 1257 1710 και
1281 1659 1369 1710 τὸν
1392 1658 1610 1727 βασιλέα
1641 1659 1737 1710 Σε-

181 1747 386 1799 δεκίαν.
416 1747 476 1798 EE
509 1746 565 1798 δὲ
601 1743 834 1814 βούλοιτο
866 1745 893 1795 6
928 1743 1050 1806 λαὸς
1081 1744 1218 1795 ἐκὼν
1251 1746 1634 1813 προσχωρῆσαι
1662 1743 1737 1814 τῷ

181 1832 666 1902 Ναϐουχοδονόσορ,
703 1829 1037 1899 σωθήσεσθαι
1067 1830 1245 1895 αὑτὸν,
1275 1830 1480 1882 καὶτὸν
1519 1829 1738 1899 βασιλέα

179 1921 237 1972 δὲ
267 1922 366 1972 οὑκ
408 1917 738 1978 ἀπολεῖσθαι,
785 1918 831 1968 εί
869 1917 965 1986 τῆς
1012 1916 1214 1978 οἰκείας
1255 1917 1490 1979 ἀποστὰς
1521 1919 1734 1982 κακίας,

179 2009 294 2069 τοῖς
322 2005 412 2057 τοῦ
455 2004 589 2056 Θεοῦ
628 2003 1000 2074 προστάγμασι
1045 2003 1325 2071 προσέχειν
1365 2001 1554 2056 ἐθέλοι.
1583 2004 1735 2056 Κατὰ

178 2095 278 2147 106
325 2094 577 2162 ’Imaxslp.
621 2093 713 2144 καὶ
752 2090 843 2142 τοῦ
885 2089 1147 2159 Ἰεχονίου,
1181 2091 1272 2142 καὶ
1305 2090 1443 2141 κατά
1472 2091 1575 2143 τῶν
1620 2109 1737 2143 ποια

183 2182 362 2251 μένων
390 2182 466 2243 είς
490 2179 577 2231 τὸν
605 2177 805 2247 Κύριον
837 2175 1155 2243 προφητεία,
1187 2176 1279 2227 καὶ
1309 2176 1413 2227 τῶν
1437 2175 1730 2248 ψευδοπροο

180 2266 369 2338 φητῶν
396 2263 711 2336 κατηγορία.
738 2261 959 2330 Χρηστά
983 2259 1057 2328 τῷ
1094 2260 1261 2330 Ἰούδα
1285 2262 1629 2330 προφητεύει.
1648 2262 1735 2332 Τῷ

177 2354 237 2407 δὲ
270 2351 642 2418 ὑπολειφθέντι
686 2347 798 2418 λαῷ
842 2349 897 2399 ἐν
934 2345 1279 2416 Ἰερουσαλήμ
1320 2345 1455 2416 μετὰ
1490 2347 1734 2400 Σεδεκίου

176 2440 269 2492 διά
322 2440 413 2491 τού
455 2436 842 2504 ὑποδείγματος
891 2432 995 2484 τῶν
1042 2431 1215 2484 συκῶν
1262 2432 1587 2501 προφητεύει
1641 2432 1735 2486 τοῦ

177 2524 642 2594 Ναϐουχοδονόσορ
657 2522 752 2589 τὴν
774 2520 973 2580 ἄνοδον,
994 2519 1082 2569 καὶ
1105 2519 1315 2569 πάντων
1334 2519 1440 2571 τῶν
1460 2518 1625 2570 ἐθνῶν
1640 2518 1734 2589 τὴν

177 2613 454 2666 ἀπώλειαν
497 2612 582 2663 διά
609 2608 698 2662 τοῦ
747 2606 1001 2677 ποτηρίου
1043 2606 1228 2658 τούτου
1273 2607 1466 2671 δηλῶν.
1500 2608 1736 2675 Προαγο-

177 2700 332 2769 ρεύει
359 2695 507 2772 [385]
535 2696 802 2750 ἀπώλειαν
827 2695 925 2764 τῆς
966 2693 1334 2765 Ἰερουσαλήμ.
1367 2695 1473 2746 Kal
1509 2695 1736 2763 συλλαμ-

177 2788 402 2840 ϐάνεται
451 2786 542 2837 ἐπὶ
570 2783 778 2850 Θανάτῳ
814 2780 1080 2851 Ἱερεμίας
1118 2779 1219 2832 ὑπὸ
1256 2780 1362 2831 τῶν
1392 2780 1597 2850 ἱερέων,
1643 2781 1735 2833 καὶ

177 2873 437 2941 ἐκφεύγει
469 2871 556 2924 τὸν
589 2869 848 2921 κίνδυνον.
893 2866 1185 2918 Κελεύεται
1225 2867 1252 2916 6
1282 2867 1558 2936 προφήτης
1585 2883 1735 2937 περι-

179 2960 352 3012 θεῖναι
387 2956 560 3026 ἐαυτῷ
584 2955 828 3024 δεσμοὺς,
861 2953 954 3004 καὶ
978 2954 1086 3015 τοῖς
1108 2951 1362 3022 πρέσϐεσι
1389 2952 1495 3004 τῶν
1518 2952 1735 3020 ἀλλοφύ-

178 3047 289 3099 λων
321 3046 512 3105 εἰπεῖν,
549 3042 685 3094 ὥστε
725 3038 1050 3106 ἀπαγγεῖλαι
1083 3041 1191 3100 τοῖς
1229 3037 1530 3106 βασιλεῦσιν
1555 3038 1734 3099 αὐτοῖς

178 3132 517 3200 ὑποταγῆναι
561 3129 638 3196 τῷ
676 3125 1138 3194 Ναϐουχοδονόσορ
1165 3143 1177 3156 ·
1226 3125 1462 3176 ἀπειλεῖν
1498 3125 1604 3194 γὰρ
1645 3126 1733 3177 τὸν

177 3219 312 3272 Θεὸν
332 3219 554 3271 θάνατον
577 3217 684 3276 τοῖς
713 3215 785 3283 μή
814 3211 1264 3280 ὑποτασσομένοις
1288 3211 1452 3281 αὐτῷ.
1478 3213 1734 3280 Παραινεί

175 3307 233 3358 δὲ
258 3305 461 3374 ταύτην
485 3302 580 3372 τὴν
602 3301 912 3370 παραίνεσιν
929 3298 1109 3368 καὶτῷ
1132 3298 1369 3368 Σεδεκία,
1394 3299 1486 3350 καὶ
1503 3297 1578 3367 τῷ
1598 3298 1728 3368 λαῷ,

175 3392 274 3444 καὶ
302 3393 408 3453 τοῖς
439 3389 687 3459 ἱερεῦσιν.
713 3386 769 3438 '0
794 3385 848 3438 δέ
876 3384 1316 3453 ψευδοπροφήτης
1345 3384 1588 3447 Ἀνανίας
1610 3384 1734 3438 ἀνθ-

180 3478 365 3530 ίστατο
404 3474 637 3545 Ἱερεμίᾳ
688 3472 766 3542 τῷ
810 3472 1079 3542 προφήτῃ,
1125 3470 1316 3538 λέγων,
1354 3469 1419 3521 τὰ
1461 3470 1624 3539 σκεύη
1663 3470 1732 3522 τά

179 3566 305 3636 ίερά
349 3563 653 3631 ἐπανήξειν,
693 3559 901 3612 καὶτὸν
937 3557 1204 3626 Ἰεχονίαν,
1246 3557 1304 3620 ὃς
1334 3553 1399 3628 ἦν
1434 3559 1543 3620 υίὸς
1582 3557 1727 3610 Ἰωα-

175 3653 313 3718 κεὶμ
365 3646 591 3716 ἀδελφοῦ
647 3645 909 3698 Σεδεκίου.
970 3645 1078 3696 Kal
1133 3643 1413 3712 συνέτριψε
1467 3645 1558 3695 καὶ
1606 3645 1729 3706 τοὺς

175 3738 391 3797 κλοιοὺς
418 3735 510 3789 τοῦ
557 3735 847 3805 προφήτου.
880 3731 1158 3800 Πέμπεται
1201 3730 1375 3783 τοίνυν
1401 3733 1428 3783 6
1468 3731 1730 3801 Ἱερεμίας

176 3824 405 3876 θάνατον
433 3819 580 3890 αύτῷ
607 3818 878 3890 προλέγων
909 3819 964 3869 ἐν
987 3816 1129 3884 αύτῷ
1161 3816 1349 3886 ἐκείνῳ
1375 3815 1450 3886 τῷ
1479 3818 1727 3887 ἐνιαυτῷ,

175 3912 254 3975 ὡς
283 3911 373 3963 καὶ
410 3908 623 3976 συνέϐη.
657 3907 736 3960 Τά
775 3905 917 3959 κακά
958 3907 1066 3967 τοῖς
1099 3907 1154 3956 ἐν
1187 3904 1458 3957 Βαϐυλῶνι
1492 3905 1518 3943 δ
1546 3905 1730 3972 ψευδο-

176 3997 483 4068 προφήταις
512 3994 784 4065 προλέγει,
805 3993 896 4044 καλ.
920 3991 993 4060 τῷ
1013 3989 1125 4060 λαῷ
1149 3991 1352 4060 μακρὸν
1371 3991 1460 4044 τὸν
1492 3991 1591 4060 τῆς
1612 3994 1729 4062 αἰχ-

179 4083 456 4154 μαλωσίας
492 4081 700 4150 χρόνον,
739 4078 851 4130 ἀλλ’
877 4079 1022 4146 ὅμως
1049 4077 1258 4129 ἔσεσθαι
1297 4077 1568 4130 ἐπάνοδον.
1609 4078 1729 4130 Ἐπὶ

177 4170 383 4233 τούτοις
415 4170 707 4237 ἠγανάκτει
733 4165 968 4236 Σαμέας,
994 4166 1086 4217 καὶ
1117 4167 1340 4235 ἐπιτιμᾷ
1369 4166 1444 4234 τῷ
1474 4167 1624 4236 ίερεῖ,
1648 4168 1728 4219 δτι

175 4257 280 4307 οὐκ
304 4254 536 4306 ἐκώλυσε
555 4253 642 4304 τὸν
676 4251 937 4321 Ἱερεμίαν
969 4249 1187 4304 τοιαῦτα
1218 4252 1608 4322 προφητεῦσαι.
1633 4253 1728 4306 Διά

175 4343 334 4395 τοῦτο
371 4341 578 4394 ἀπειλεῖ
615 4340 642 4391 6
687 4338 816 4400 Θεὸς
870 4338 1148 4391 ἀπολέσειν
1177 4338 1356 4393 αὐτόν.
1397 4335 1526 4391 Εἶτα
1574 4341 1728 4408 λόγος

176 4426 578 4495 παρακλητικὸς
628 4424 704 4493 τῷ
745 4423 974 4493 Ἰσραήλ.
1023 4422 1179 4492 Δηλοῖ
1215 4424 1300 4475 τὸν
1351 4424 1538 4492 καιρὸν
1562 4467 1576 4491 ,
1609 4425 1727 4479 καθ’

175 4513 235 4564 ὃν
266 4511 481 4580 ἔμελλον
505 4508 892 4577 ἐπανέρχεσθαι
922 4510 984 4560 ὲκ
1024 4509 1351 4572 Βαϐυλῶνος.
1389 4504 1552 4573 Οὗτος
1579 4511 1633 4563 δὲ
1661 4507 1727 4582 ἦν

174 4601 206 4652 6
235 4598 324 4652 106
351 4597 544 4665 φασὲκ,
578 4595 757 4656 καθὼς
790 4596 881 4647 καὶ
918 4597 974 4646 ἐν
1011 4596 1087 4664 τῷ
1123 4598 1326 4666 ’Ἑσδρᾳ
1363 4596 1503 4650 ἐστιν
1529 4601 1725 4669 εὑρεῖν,

173 4687 258 4736 ὅτι
291 4687 355 4754 τῇ
375 4685 530 4752 ἑορτῇ
567 4681 673 4733 τῶν
697 4680 918 4750 ἀζύμων
943 4681 1259 4750 ἐπανῆλθον.
1293 4685 1452 4734 Ὥστε
1483 4686 1728 4754 φανερῶς

175 4771 485 4840 ἐλέγχονται
511 4767 820 4838 ψευδόμενοι
861 4766 1114 4820 Ἰουδαῖοι.
1153 4768 1232 4820 Τὰ
1263 4768 1368 4838 γὰρ
1399 4771 1456 4822 ἐν
1486 4771 1562 4840 τῷ
1580 4772 1729 4843 τόπῳ

173 4856 348 4926 τούτῳ
377 4855 729 4923 γεγραμμένα
762 4852 888 4922 περὶ
924 4853 1095 4904 αὐτῶν
1128 4855 1303 4921 ἀγαθά
1333 4855 1409 4907 ἔτι
1435 4857 1730 4925 προσδοκῶ-

177 4960 284 5006 σιν,
311 4941 449 5010 ἆπερ
475 4936 654 5009 ἦλθον.
683 4940 814 5007 Περί
840 4939 943 4990 τῶν
967 4939 1352 5007 ἀναιρεθέντων
1383 4943 1604 4995 παιδίων
1627 4943 1728 4997 ὑπὸ

186 5027 445 5099 Ἡρώδου.
483 5025 614 5094 Περὶ
649 5023 745 5092 τῆς
790 5024 932 5085 Νέας
966 5025 1230 5093 Διαθήκης
1270 5027 1587 5096 προφητεία.
1621 5030 1728 5082 Kal

174 5117 273 5184 τὴν
292 5115 350 5164 ἐν
382 5111 458 5181 τῷ
480 5113 627 5179 τόπῳ
646 5109 701 5161 δὲ
725 5108 894 5177 τούτῳ
923 5110 1201 5179 οἰκοδομὴν
1225 5112 1606 5180 γεγραμμένην
1630 5115 1727 5183 τῆς

175 5202 381 5262 πόλεως
407 5199 486 5250 ἔτι
512 5195 872 5267 προσδοκῶσιν
908 5195 1160 5247 Ἰουδαῖοι.
1193 5199 1298 5248 Kal
1334 5197 1471 5266 αὕτη
1499 5198 1552 5249 δὲ
1578 5199 1727 5261 τέλος

175 5288 352 5354 ἔσχεν,
387 5287 473 5336 ὅτε
514 5281 735 5351 ἀνῆλθον
765 5282 826 5330 ἐκ
856 5281 1163 5343 Βαϐυλῶνος
1190 5283 1474 5352 γενομένη.
1507 5284 1728 5337 Κελεύε-

175 5389 264 5424 ται
286 5373 312 5422 6
348 5368 611 5441 Ἱερεμίας
641 5369 901 5438 ἀγοράσαι
932 5369 1020 5419 τὸν
1053 5369 1216 5436 ἀγρὸν
1239 5369 1331 5422 106
1361 5371 1725 5440 πατραδέλφου

175 5456 360 5521 αὑτοῦ,
389 5457 483 5508 καὶ
506 5456 776 5524 ἀγοράσας
793 5454 957 5520 λέγει,
982 5455 1059 5505 ὅτι
1091 5456 1122 5523 ἡ
1146 5456 1293 5517 πόλις
1316 5458 1602 5528 παρεδόθη,
1636 5459 1726 5511 καὶ

239 5630 265 5689 ἓ
287 5627 465 5689 Melius
493 5629 743 5689 lcgerctur
759 5629 816 5675 τά
843 5627 1114 5689 έκδεξόμενα
1134 5625 1271 5674 αὑτὸν
1309 5630 1450 5677 κακά.

235 5688 266 5731 1⁵
285 5688 370 5738 Ms.
396 5688 686 5740 C0is|fmale
711 5690 831 5737 κατὰ
855 5688 950 5744 τοῖς
973 5689 1019 5735 ἐν
1050 5689 1307 5749 Βαϐυλῶνι,
1335 5697 1430 5737 clc.

1275 337 1602 395 SYNOPSIS
1639 336 2044 394 SCRIPTURIE
2085 341 2351 397 SACR/E.

3291 357 3402 411 380

1855 453 2091 505 κελεύειν
2127 465 2148 491 ο
2200 457 2463 525 ἀγοράσαι
2503 459 2686 526 ἀγρόν.
2728 459 2785 511 '0
2823 459 2876 512 δὲ
2923 459 3052 522 Θεός
3100 476 3229 528 φησι
3274 462 3408 530 πρὸς

1853 537 2012 588 αὑτόν
2037 555 2050 568 ·
2073 535 2146 589 Τά
2185 541 2280 608 μὲν
2321 542 2558 610 παρόντα
2594 545 2735 595 κακά
2763 545 2849 596 διὰ
2882 545 2980 606 τὰς
3017 545 3286 612 ἀμαρτίας
3311 547 3403 597 106

1852 621 1980 674 λαοῦ
2005 639 2018 650 ·
2051 623 2200 676 ἔσται
2229 627 2434 694 καιρὸς,
2459 629 2544 680 ὅτε
2584 629 2741 681 πάλιν
2772 631 3216 700 κατοικηθήσεται
3251 633 3283 699 ἡ
3313 631 3406 680 πό-

1851 707 1950 770 λις.
1978 708 2230 780 ΙΙρολέγει
2260 712 2336 779 τῷ
2366 714 2603 783 Σεδεκία,
2635 717 2711 766 ὅτι
2744 716 3026 777 ἁλώσεται,
3068 716 3158 768 καὶ
3189 717 3405 781 ἐγκαλεῖ

1849 798 1974 860 τοὺς
1996 798 2230 861 δούλους,
2266 799 2358 861 οὒς
2389 800 2781 870 ήλευθέρωσαν,
2810 805 2968 855 πάλιν
2999 803 3402 854 καταδουλωσα-

1854 884 2053 952 μένοις,
2087 885 2180 937 καλ⁵
2214 886 2421 938 ἀπειλεί
2460 888 2696 956 μεγάλην
2727 889 2940 940 ἔσεσθαι
2973 890 3269 957 συμφοράν.
3304 887 3400 938 Διά

1849 970 2002 1021 τοῦτο
2033 971 2238 1022 κελεύει
2277 972 2400 1033 τοὺς
2443 975 2587 1036 υἱοὺς
2628 975 2873 1026 Ἰωνάδαϐ
2921 977 3087 1026 ποιεῖν
3132 970 3294 1025 οἷκον.
3339 974 3398 1022 Ol

1848 1056 1903 1107 δέ
1931 1057 2334 1126 παραιτοῦνται.
2369 1060 2656 1112 Κελεύεται
2688 1063 2715 1112 6
2753 1061 3018 1130 Ἱερεμίας
3046 1060 3277 1130 γράψαι,
3299 1060 3399 1110 ὅσα

1850 1145 2244 1213 προεφήτευσεν
2271 1145 2360 1196 ἐπὶ
2385 1145 2614 1216 Ἰσραὴλ,
2638 1147 2723 1198 ἵνα
2748 1146 2886 1198 οὕτω
2911 1145 3040 1212 ’γοῦν
3071 1128 3394 1213 φοϐηθῶσιν,

1847 1229 2169 1290 ἀκούσαντες
2220 1231 2378 1282 πάλιν
2422 1232 2488 1282 τά
2541 1232 2795 1301 μέλλοντα
2833 1233 3023 1292 αὐτοὺς
3067 1230 3396 1299 διαδέχεσθαι

1847 1316 2004 1367 κακά
2038 1317 2095 1366 Ὀ
2123 1317 2176 1366 δὲ
2206 1319 2530 1385 προστάσσει
2558 1317 2634 1387 τῷ
2664 1319 2893 1387 Βαροὺχ,
2919 1319 3008 1370 τοῦ
3037 1318 3274 1386 ποιῆσαι,
3305 1317 3397 1368 καὶ

1847 1401 2083 1470 ἐποίησε.
2114 1403 2219 1454 Καὶ
2249 1403 2461 1473 γράψας
2494 1403 2700 1470 ἀνέγνω
2737 1408 2846 1466 τοῖς
2895 1406 3177 1466 Ἰουδαίοις.
3221 1403 3306 1463 Ὠς
3340 1402 3397 1453 δὲ

1845 1489 2080 1556 ἥκουσαν
2110 1489 2154 1539 οί
2205 1488 2476 1557 ἄρχοντες,
2514 1490 2834 1556 ἀνήγγειλαν
2867 1490 2943 1558 τῷ
2994 1491 3200 1558 βασιλεῖ
3246 1489 3394 1541 Ἰωα-

1845 1575 1990 1644 κείμ.
2027 1577 2084 1627 '0
2111 1575 2164 1626 δὲ
2186 1575 2361 1628 λαϐὼν
2390 1576 2448 1627 τὸ
2469 1575 2663 1644 βιϐλίον
2695 1578 3012 1629 κατέκαυσε.
3055 1578 3160 1626 Kal
3184 1573 3395 1626 κελεύε-

1843 1678 1931 1713 ται
1969 1662 2227 1730 Ἱερεμίας
2273 1662 2456 1724 ἕτερον
2504 1662 2707 1731 γράψαι
2751 1662 2945 1730 βιϐλίον
2988 1660 3239 1714 τοιοῦτον.
3287 1661 3392 1711 Kal

1845 1746 2170 1817 προφητεύει
2218 1747 2294 1816 τῷ
2335 1747 2540 1816 βασιλεῖ
2572 1747 2848 1818 συμφορὰς
2893 1747 2979 1798 διά
3033 1746 3092 1798 τὸ
3142 1745 3392 1815 τόλμημα

1843 1834 2014 1887 10610.
2045 1835 2375 1905 Ιῐροφητεύει
2403 1835 2497 1904 τήν
2523 1835 2718 1887 ἅλωσιν
2746 1834 3093 1904 Ἰερουσαλήμ
3113 1850 3126 1863 ο
3156 1834 3247 1884 καὶ
3271 1831 3392 1882 συλ-

1843 1921 2170 1990 λαμϐάνεται
2205 1922 2296 1972 καὶ
2329 1921 2646 1989 ἐμϐάλλεται
2679 1922 2755 1982 εἰς
2786 1922 3148 1990 δεσμωτήριον
3171 1922 3196 1971 6
3229 1919 3394 1988 Ἱερε-

1846 2007 1972 2077 μίας
1996 2047 2008 2070 ,
2035 2008 2126 2059 καὶ
2157 2007 2558 2076 μεταπεμφθεὶς
2599 2007 2800 2058 ἐκεῖθεν
2831 2007 2932 2058 ὑπὸ
2957 2006 3222 2064 Σεδεκίου,
3249 2005 3389 2072 λέγει

1844 2093 2024 2162 αὐτῷ,
2055 2094 2133 2145 ὃτι
2167 2093 2425 2144 ἁλώσεται
2449 2131 2462 2155 ,
2501 2093 2593 2145 καὶ
2637 2092 2775 2157 ἀξιοῖ
2818 2093 2955 2143 ὥστε
2994 2094 3066 2161 μὴ
3109 2107 3391 2160 παραπεμ-

1843 2179 2035 2250 φθῆναι
2082 2182 2160 2238 είς
2201 2178 2261 2230 τὸ
2318 2178 2702 2248 δεσμωτήριον.
2735 2179 2841 2229 Kal
2879 2177 3125 2238 λαϐόντες
3158 2176 3313 2228 αὑτὸν
3341 2176 3389 2226 οί

1841 2269 2094 2337 ἄρχοντες
2130 2266 2372 2320 ἐνέϐαλον
2404 2268 2480 2328 είς
2509 2266 2598 2317 τὸν
2627 2266 2822 2318 λάκκον
2853 2265 2942 2318 τοῦ
2977 2262 3250 2333 βορϐόρου.
3281 2263 3389 2315 Kal

1844 2354 1991 2427 [586]
2038 2355 2308 2423 ἀνήγαγεν
2356 2353 2514 2405 αὑτὸν
2569 2352 2770 2403 ἐκεῖθεν
2811 2354 2838 2403 ό
2901 2350 3240 2419 Ἀϐδαμελέκ.
3282 2351 3390 2402 Kal

1845 2439 2246 2511 μεταπεμφθεὶς
2278 2439 2434 2490 πάλιν
2466 2437 2567 2490 ὑπὸ
2596 2436 2685 2487 τοῦ
2727 2436 3004 2504 βασιλέως,
3035 2435 3387 2506 προαγορεύει

1841 2527 1986 2596 αὑτῷ
2032 2526 2326 2596 σωτηρίαν,
2368 2527 2414 2576 εἰ
2461 2523 2741 2593 βουληθείη
2785 2522 2921 2574 ἐκὼν
2972 2521 3200 2584 ἐξελθεῖν
3255 2519 3389 2590 πρὸς

1841 2614 1964 2676 τοὺς
2019 2613 2304 2681 πολεμίους
2339 2626 2350 2638 ·
2384 2612 2430 2662 εἰ
2458 2610 2511 2662 δὲ
2554 2609 2625 2677 μὴ
2662 2608 2937 2677 βουληθείη
2960 2646 2973 2669 ,
3007 2607 3220 2676 ὄλεθρον
3243 2607 3388 2675 πάσῃ

1841 2704 1904 2770 τῇ
1932 2699 2079 2752 πόλει
2105 2741 2118 2763 ,
2151 2700 2242 2751 καὶ
2293 2697 2438 2767 αὐτῷ
2487 2696 2692 2764 μεγάλα
2741 2695 2881 2747 κακὰ
2926 2693 3156 2745 ἔσεσθαι.
3205 2692 3290 2750 Ὠς
3332 2692 3388 2744 δὲ

1840 2789 1940 2840 οὐκ
1967 2786 2177 2838 ἔπεισεν
2207 2784 2458 2848 ἐξελθεῖν,
2492 2782 2711 2852 ἀνῆλθεν
2745 2783 2771 2832 6
2801 2781 3086 2851 βάρϐαρος,
3123 2778 3213 2831 καὶ
3249 2779 3387 2830 ἐάλω

1841 2875 1874 2943 ἡ
1904 2873 2054 2935 πόλις
2089 2872 2220 2941 μετά
2244 2869 2506 2922 Σεδεκίου.
2529 2869 2634 2920 Kal
2652 2866 2727 2935 τῷ
2753 2867 2985 2935 Ἱερεμίᾳ
3011 2861 3066 2918 εὖ
3092 2866 3387 2935 ἐχρήσαντο

1841 2961 1887 3011 οἰ
1943 2959 2195 3028 ἄρχοντες
2249 2956 2340 3007 106
2396 2953 2876 3022 Ναϐουχοδονόσορ.
2934 2951 3021 3019 Τῷ
3071 2950 3385 3018 Ἀϐδεμελὲκ

1842 3043 2196 3116 προαγορεύει
2238 3042 2524 3110 σωτηρίαν.
2570 3040 2770 3100 Αὐτοὺς
2802 3039 2855 3090 δὲ
2896 3037 3150 3097 λαϐόντας
3181 3037 3385 3104 αἵρεσιν

1842 3135 1989 3203 παρὰ
2037 3132 2128 3183 106
2184 3128 2602 3199 ἀρχιμαγείρου,
2631 3127 2770 3177 ὥστε
2815 3125 3062 3178 ἀπελθεῖν
3109 3125 3236 3176 ὅπου
3266 3123 3385 3191 βού-

1839 3225 2027 3284 λοιντο,
2051 3221 2262 3292 ἔρχεται
2289 3218 2421 3288 πρὸς
2443 3218 2479 3267 Γ
2482 3215 2705 3275 οδολίαν,
2724 3214 2779 3264 ὃν
2808 3211 3131 3280 κατέστησεν
3153 3212 3386 3279 ἄρχοντα

1840 3311 1947 3370 τοῖς
1977 3306 2365 3372 ὑπολειφθεῖσιν
2399 3305 2456 3355 ἐν
2496 3305 2560 3371 τῇ
2607 3301 2848 3370 Ἰουδαίᾳ.
2884 3299 3224 3367 Συνήχθησαν
3254 3297 3384 3364 πρὸς

1840 3393 2084 3448 Γοδολίαν
2120 3393 2167 3443 οί
2211 3388 2592 3458 διεσπαρμένοι
2641 3388 2696 3438 ἐν
2740 3389 2848 3448 τοῖς
2885 3386 3070 3454 ἀγροῖς
3123 3384 3380 3435 Ἰουδαῖοι.

1852 3479 2068 3548 Ἰσμαὴλ
2098 3479 2306 3545 ἀναιρεῖ
2323 3477 2410 3528 τὸν
2441 3474 2702 3532 Γοδολίαν,
2731 3474 2821 3524 καὶ
2850 3471 3064 3538 ἐτέρους
3083 3469 3250 3528 τινὰς,
3293 3470 3383 3518 καὶ

1838 3565 2010 3618 λαϐὼν
2041 3564 2126 3615 τὸν
2147 3562 2272 3613 λαὸν
2299 3559 2392 3612 106
2433 3557 2667 3610 Γοδολίου
2690 3596 2702 3617 ,
2736 3555 2996 3625 ἐπορεύθη
3025 3555 3100 3614 είς
3122 3555 3217 3620 τὴν
3256 3555 3310 3604 ’Δ
3321 3572 3384 3621 μ-

1841 3654 2057 3723 μωνῖτιν
2083 3648 2262 3718 χῶραν
2288 3647 2315 3697 6
2348 3644 2582 3714 Ἰσμαήλ.
2620 3643 2704 3704 Ὠς
2732 3641 2787 3692 δέ
2812 3638 2948 3692 εἶδεν
2968 3639 3124 3691 αὑτὸν
3149 3641 3174 3690 6
3207 3639 3383 3690 Ἰωάν-

1838 3755 1964 3801 ναν,
2005 3731 2081 3797 εἷς
2127 3751 2206 3795 τις
2255 3733 2360 3784 τῶν
2417 3731 2715 3799 ἀρχόντων,
2747 3725 2999 3789 εὐνοϊκῶς
3052 3725 3382 3796 διακείμενος

1838 3825 1970 3894 πρὸς
2005 3821 2263 3881 Γοδολίαν,
2297 3819 2460 3888 ἔφυγε
2488 3819 2622 3888 μετὰ
2659 3817 2763 3868 τῶν
2791 3815 2930 3868 ὀκτὼ
2971 3816 3140 3884 μόνων
3180 3815 3383 3883 ἀνδρῶν

1837 3917 1864 3968 6
1908 3912 2127 3982 Ἰσμαὴλ
2150 3952 2163 3975 ,
2195 3911 2288 3962 καὶ
2326 3909 2414 3961 τὸν
2449 3908 2572 3968 λαὸν
2617 3906 2802 3958 ἔλαϐεν
2841 3907 2868 3957 6
2928 3904 3193 3955 Ἰωάνναν.
3223 3904 3381 3955 Ὥστε

1835 4000 2086 4069 δεηθῆναι
2115 3997 2206 4049 106
2240 3997 2372 4048 Θεοῦ
2402 3998 2529 4063 περὶ
2565 3993 2738 4045 αὐτῶν
2769 3992 2990 4060 δεηθεὶς,
3026 3993 3119 4044 καὶ
3148 3991 3381 4058 συμϐου-

1835 4086 2029 4146 λεύσας
2071 4085 2248 4144 αὑτοῖς
2298 4085 2370 4151 μὴ
2412 4081 2666 4132 εἰσελθεῖν
2713 4081 2790 4141 είς
2822 4080 3089 4146 Αἴγυπτον
3121 4079 3383 4147 (θάνατον

1835 4173 1941 4242 γάρ
1967 4170 2202 4223 ἀπειλεῖν
2232 4169 2319 4221 τὸν
2350 4167 2498 4230 Θεὸν,
2547 4167 2591 4217 εί
2645 4166 3015 4234 μετοικήσαιεν
3054 4163 3080 4202 ἀ
3104 4166 3258 4229 ἐκεῖ),
3285 4167 3382 4216 οὐκ

1835 4248 2075 4310 ἔπεισεν.⁶
2117 4254 2266 4306 Ἐπεὶ
2296 4254 2349 4305 δὲ
2376 4249 2535 4322 ἦλθον
2581 4252 2682 4314 ἓως
2728 4253 2961 4318 Τάφνας,
3012 4253 3258 4320 παραινεῖ
3286 4252 3381 4302 αύ-

1833 4346 1945 4405 τοῖς
1998 4341 2070 4411 μὴ
2114 4340 2532 4408 είδωλολατρεῖν.
2587 4338 2672 4400 Ὠς
2715 4336 2770 4388 δὲ
2803 4337 3100 4404 ἀντέλεγον,
3144 4353 3378 4404 προαγο-

1838 4429 1981 4499 ρεύει
2013 4428 2186 4488 αὐτοῖς
2211 4425 2423 4492 ὄλεθρον
2460 4424 2647 4492 μέγαν,
2679 4425 2769 4474 καὶ
2797 4423 2872 4491 τῷ
2920 4422 3124 4490 βασιλεῖ
3147 4422 3253 4473 τῶν
3284 4424 3378 4474 Δί-

1835 4514 2073 4582 γυπτίων
2115 4513 2211 4581 τὴν
2251 4510 2519 4562 ἀπώλειαν
2545 4509 2815 4574 Αἰγύπτου
2855 4507 3120 4576 προλέγει,
3151 4508 3242 4559 καὶ
3273 4508 3381 4560 τῶν

1835 4598 2158 4668 ἀλλοφύλων,
2188 4597 2282 4665 τήν
2317 4595 2584 4647 ἀπώλειαν
2608 4593 2904 4646 Μωαϐιτῶν
2933 4593 3093 4661 λέγει,
3120 4594 3212 4645 καὶ
3253 4595 3379 4661 Ἀμ-

1838 4685 2070 4756 μανιτῶν
2115 4685 2206 4736 καὶ
2265 4681 2604 4751 Ἰδουμαίων,
2635 4680 2731 4747 τὴν
2776 4678 3044 4731 ἀπώλειαν
3089 4681 3377 4747 Δαμασκοῦ

1835 4774 1925 4826 καὶ
1966 4769 2134 4837 Ἐλάμ
2185 4767 2453 4836 προλέγει,
2483 4765 2572 4817 καὶ
2599 4765 2696 4834 τὴν
2743 4762 3011 4816 ἀπώλειαν
3045 4764 3374 4826 Βαϐυλῶνος,

1835 4858 1926 4910 καὶ
1951 4855 2045 4923 τὴν
2071 4854 2250 4907 ἄνοδον
2282 4852 2384 4904 τῶν
2418 4851 2674 4903 Ἰουδαίων
2709 4850 2805 4920 τὴν
2839 4850 3063 4903 ἐκεῖθεν.
3099 4849 3217 4910 Πῶς
3241 4851 3378 4902 ἑάλω

1845 4939 2194 5012 Ἰερουσαλὴμ
2241 4938 2525 5007 προλέγει,
2573 4938 2664 4989 καὶ
2709 4936 2816 4988 ἀπὸ
2850 4935 3065 5003 ἀτιμίας
3099 4936 3175 4995 είς
3217 4937 3380 5004 τιμὴν

1833 5023 1959 5096 ἦλθε
1994 5027 2262 5094 Ἰωακεὶμ,
2298 5026 2324 5076 6
2357 5025 2493 5076 ἐκὼν
2521 5023 2908 5094 προσχωρήσας
2943 5021 3020 5089 τῷ
3043 5021 3382 5091 Ναϐουχοδο-

1834 5115 1988 5184 νόσορ
2035 5113 2170 5182 μετὰ
2205 5113 2300 5181 τῆς
2355 5112 2553 5180 μητρὸς
2599 5107 2775 5160 αὑτοῦ.

1833 5229 2093 5293 Σύνοψις
2129 5225 2244 5278 τῶν
2276 5223 2354 5288 τῷ
2396 5222 2666 5290 προφήτῃ
2721 5221 2995 5290 Ἱεζεκιὴλ
3037 5221 3372 5290 εἰρημένων.

1914 5330 2042 5398 Ὁρᾷ
2073 5328 2167 5397 τὴν
2194 5326 2449 5379 ὀπτασίαν
2477 5325 2582 5377 τῶν
2606 5325 2882 5395 Χερουϐὶμ
2906 5327 2933 5377 6
2962 5327 3257 5394 προφήτης,
3285 5323 3375 5376 καὶ

1834 5415 2105 5466 κελεύεται
2143 5413 2366 5481 λαλῆσαι
2399 5415 2506 5474 τοῖς
2542 5411 2891 5482 Ἰσραηλίταις
2929 5412 3074 5480 παρά
3097 5411 3185 5460 τοῦ
3215 5409 3370 5463 Θεοῦ.

1899 5569 1919 5594 ο
1949 5567 2093 5614 Forte
2118 5565 2334 5626 κελεύεις,
2370 5577 2642 5626 quanquam
2675 5565 2876 5614 κελεύειν
2901 5563 3012 5612 ferri
3035 5567 3197 5624 potest
3221 5567 3272 5610 et
3296 5562 3370 5611 le-

1834 5628 1964 5688 gilqu
1982 5629 2028 5673 in
2057 5625 2204 5688 Coisl.

1895 5685 1919 5724 ά
1942 5687 2083 5737 Coisl.
2112 5686 2440 5745 μετοικήσειεν.
