4000 6220
629 351 736 406 381

629 457 851 527 Φέρεται
901 456 1005 508 ὑπὸ
1049 458 1138 509 τοῦ
1181 458 1489 528 Πνεύματος
1530 461 1608 523 εἰς
1648 459 1745 530 τὴν
1785 455 2176 526 αἰχμαλωσίαν,

628 545 725 598 καὶ
751 545 1092 612 παρορμεῖται
1123 544 1226 596 ὑπὸ
1250 545 1341 597 τοῦ
1376 545 1508 597 Θεοῦ
1537 546 1672 614 πρὸς
1701 545 1760 597 τὸ
1795 545 1930 613 μετά
1968 544 2180 613 παρρη-

631 630 752 692 σίας
773 630 864 682 καὶ
896 628 1101 691 ἀόκνως
1128 632 1238 693 τοῖς
1263 648 1322 683 τε
1354 631 1572 700 ἀνόμοις
1593 631 1682 684 καὶ
1706 632 1814 692 τοῖς
1834 628 2058 689 δικαίοις
2085 627 2181 698 τὴν

629 717 710 777 εἰς
741 715 838 784 τὴν
858 713 1000 784 ζωήν
1027 714 1294 784 φέρουσαν
1320 715 1672 783 διαγγέλλειν,
1696 715 1903 776 καὶτὰς
1929 714 2021 765 τοῦ
2047 712 2179 765 Θεοῦ

630 799 960 869 προμηνύειν
981 799 1216 862 ἐντολάς.
1248 800 1536 854 Κελεύεται
1558 802 1829 868 ἐγκλεῖσαι
1862 800 2069 862 ἑαυτὸν,
2089 800 2182 852 καὶ

626 886 726 953 τῆς
759 884 1109 955 Ἰερουσαλὴμ
1137 885 1444 955 πολιορκίαν
1466 885 1806 957 προμηνῦσαι
1830 886 1916 938 διά
1939 884 2032 938 τοῦ
2052 886 2181 937 ὑπο-

625 971 916 1040 δείγματος
944 971 1042 1040 τῆς
1076 971 1290 1024 πλίνθου
1332 973 1424 1024 καὶ
1465 972 1554 1025 τοῦ
1593 974 1849 1043 τηγάνου.
1888 971 2178 1024 Κελεύεται

625 1056 682 1109 δέ
716 1058 808 1110 καὶ
838 1058 929 1109 ἐπὶ
963 1057 1020 1108 ἓν
1057 1058 1286 1126 πλευρὸν
1328 1058 1650 1128 κοιμηθῆναι
1675 1058 1895 1128 ἡμερῶν
1927 1056 2176 1127 ἀριθμὸν,

627 1143 872 1213 φανερῶν
918 1145 1015 1214 τὴν
1067 1146 1124 1196 ἐν
1161 1146 1225 1212 τῇ
1272 1145 1609 1214 αἰχμαλωσίᾳ
1650 1145 1910 1213 ἐσομένην
1951 1143 2028 1211 τῷ
2067 1141 2178 1211 λαῷ

626 1229 823 1295 θλίψιν.
867 1229 1124 1300 Προλέγει
1167 1230 1252 1283 διά
1301 1230 1406 1283 τῶν
1439 1231 1644 1300 ἀρτων,
1675 1231 1767 1292 οὒς
1799 1233 1889 1282 ἐπὶ
1924 1229 2180 1298 βολϐίτων

624 1316 785 1379 ποιεῖ,
819 1315 910 1366 καὶ
943 1314 1028 1367 διὰ
1069 1314 1156 1366 τοῦ
1201 1314 1464 1384 μερισμοῦ
1493 1315 1598 1367 τῶν
1626 1315 1822 1385 τριχῶν
1845 1315 1934 1368 τὸν
1953 1315 2178 1368 θάνατον

623 1399 804 1451 αὐτῶν
824 1401 915 1451 καὶ
936 1399 1028 1470 τὴν
1060 1400 1354 1470 διασπορὰν
1373 1417 1385 1430 ⁸
1411 1402 1502 1452 καὶ
1530 1401 1626 1471 τήν
1645 1403 1921 1471 ἐρήμωσιν
1954 1401 2052 1470 τῆς
2079 1401 2174 1453 πό-

623 1482 757 1544 λεως
793 1485 883 1537 καὶ
904 1485 1008 1536 τῶν
1030 1484 1256 1537 εἰδώλων
1278 1485 1644 1555 προστίθησιν.
1680 1486 1810 1558 Ὀρᾷ
1839 1486 1935 1539 τὰς
1954 1485 2177 1556 ἀνομίας

621 1572 714 1623 τοῦ
749 1572 875 1624 λαοῦ
912 1573 1002 1625 καὶ
1039 1573 1135 1643 τὴν
1174 1573 1629 1643 εἰδωλολατρείαν.
1663 1574 1817 1627 Μετά
1845 1572 2011 1627 ταῦτα
2053 1575 2177 1636 τοὺς

621 1657 724 1720 ἕως
750 1658 967 1728 ὀλέθρου
998 1659 1095 1728 τῆς
1127 1659 1331 1721 πόλεως
1363 1659 1630 1722 ἐλθόντας.
1666 1660 1795 1729 Ὁρᾷ
1827 1660 1882 1712 δὲ
1916 1659 2076 1714 πάλιν
2107 1660 2176 1713 τά

621 1743 918 1813 Χερουϐὶμ,
943 1746 1035 1796 καὶ
1061 1744 1312 1812 προλέγει
1337 1748 1402 1814 τῇ
1439 1745 1589 1798 πόλει
1629 1746 1789 1798 κακά.
1809 1746 1942 1816 Περὶ
1963 1746 2071 1798 τῶν
2098 1747 2175 1809 εἰς

619 1829 853 1898 Χριστὸν
892 1832 1265 1885 πιστευόντων.
1311 1831 1617 1901 Προμηνύει
1657 1831 1754 1900 τὴν
1803 1830 2175 1900 αἰχμαλωσίαν

617 1913 774 1976 αὖθις
814 1915 906 1966 τοῦ
935 1915 1062 1968 λαοῦ
1096 1917 1194 1986 τὴν
1230 1917 1322 1968 ἐπὶ
1348 1917 1615 1979 Σεδεκίου,
1643 1917 1734 1970 καὶ
1764 1917 1861 1985 τὴν
1900 1916 2058 1967 αὑτοῦ
2087 1917 2176 1968 Σε-

617 2000 792 2052 δεκίου
810 2001 1076 2069 τύφλωσιν
1101 2001 1197 2070 τὴν
1217 2001 1320 2054 ὑπὸ
1343 2002 1434 2061 τοῦ
1471 2001 1932 2072 Ναϐουχοδονόσορ
1954 2000 2176 2071 γενομέ-

619 2105 736 2155 νην.
773 2087 1049 2156 Προλέγει,
1077 2087 1150 2156 μὴ
1179 2088 1259 2149 εἰς
1292 2086 1497 2156 μακρὸν
1525 2087 1712 2155 χρόνον
1748 2086 2070 2156 ἐκϐήσεσθαι
2106 2085 2173 2139 τὰ

617 2175 782 2239 κακά,
809 2176 919 2228 ἀλλ’
935 2176 1099 2242 ἐγγὺς
1122 2170 1278 2230 εἶναι.
1296 2175 1530 2228 Ἀπειλεῖ
1560 2177 1668 2237 τοῖς
1688 2175 2171 2246 ψευδοπροφήταις,

619 2262 765 2335 [587]
800 2267 892 2316 καὶ
943 2263 1286 2332 ἀπαραίτητα
1337 2262 1514 2315 αὐτῶν
1548 2279 1680 2331 φησι
1719 2262 1788 2314 τά
1830 2263 1974 2315 κακά
2013 2259 2169 2328 εἶναι,

615 2349 760 2418 ἅπερ
785 2350 1172 2418 ὑποστήσονται
1192 2367 1205 2380 -
1241 2349 1316 2411 ὡς
1353 2348 1487 2418 μηδέ
1527 2348 1662 2412 Ἰὼϐ,
1692 2347 1722 2420 ἢ
1755 2347 1971 2419 Δανιὴλ,
1998 2348 2171 2419 ήΝῶε

615 2436 738 2498 τοὺς
767 2437 911 2497 υίοὺς
942 2434 1116 2488 αὐτῶν
1145 2434 1399 2491 δύνασθαι
1434 2433 1717 2505 ῥύσασθαι·
1749 2435 1839 2487 καὶ
1855 2435 1954 2506 τὴν
1975 2437 2053 2498 εἰς
2084 2435 2171 2487 τέ-

615 2521 703 2585 λος
733 2523 1006 2591 ἐρήμωσιν
1035 2520 1210 2574 αὐτῶν
1229 2519 1318 2572 διά
1342 2521 1439 2590 τῆς
1463 2519 1784 2589 κληματίδος
1809 2521 1906 2589 τῆς
1929 2520 2172 2589 ἀμπέλου

614 2609 784 2677 δηλοῖ.
836 2611 1106 2678 Διηγεῖται
1135 2606 1230 2677 τὴν
1259 2605 1640 2676 ἀσχημοσύνην
1685 2605 1778 2658 τοῦ
1825 2606 1953 2659 λαοῦ
1985 2605 2080 2676 τήν
2112 2607 2170 2674 ἐξ

614 2696 790 2765 ἀρχῆς
813 2736 829 2760 ,
859 2697 984 2765 πρὶν
1025 2695 1059 2764 ἢ
1102 2692 1498 2763 προσλαϐέσθαι
1545 2693 1704 2744 αὑτὸν
1748 2693 1836 2745 τὸν
1874 2692 2041 2754 Θεὸν,
2077 2693 2172 2747 καὶ

614 2785 711 2854 τὴν
735 2783 1060 2855 εὐπρέπειαν
1096 2781 1193 2853 τήν
1225 2779 1361 2851 μετά
1395 2780 1454 2833 τὸ
1483 2780 1915 2852 προσλαϐέσθαι·
1953 2781 2045 2834 καὶ
2071 2781 2170 2852 τὴν

615 2869 1048 2938 εἰδωλολατρείαν
1092 2865 1256 2921 αὑτοῦ
1284 2905 1299 2932 ,
1337 2866 1429 2918 καὶ
1467 2865 1564 2934 τήν
1607 2865 1693 2917 διά
1743 2865 1946 2936 ταύτην
1976 2865 2170 2927 αὐτοὺς

613 2955 993 3026 διαδεξαμένην
1029 2953 1244 3017 ἅλωσιν,
1277 2951 1370 3005 καὶ
1423 2949 1659 3020 μεγάλας
1703 2950 1967 3002 δείκνυσιν
1999 2949 2167 3019 αὐτῆς

613 3043 710 3104 τάς
725 3041 952 3111 ἀνομίας
976 3039 1084 3093 ἀπὸ
1109 3037 1440 3109 συγκρίσεως
1467 3037 1708 3107 Σοδόμων
1729 3036 1820 3089 καὶ
1835 3037 2163 3106 Σαμαρείας,

613 3128 778 3188 οὔσας
806 3129 900 3182 καὶ
937 3127 1055 3180 καθ’
1088 3126 1284 3188 ἐαυτάς
1319 3123 1574 3195 μεγάλας.
1611 3123 1840 3176 Δύναται
1861 3123 1916 3176 δὲ
1939 3123 2006 3175 τά
2033 3140 2167 3193 χρη-

613 3214 732 3280 στά,
756 3213 791 3266 ἃ
811 3211 1080 3282 προλέγει,
1107 3213 1185 3276 τὸ,
1224 3208 1561 3275 Ἀναστήσω
1599 3209 1713 3276 τὴν
1737 3206 2025 3276 διαθήκην
2047 3227 2165 3280 μου

605 3306 755 3373 μετά
790 3302 938 3368 σοῦ,
969 3304 1095 3373 περὶ
1126 3302 1234 3354 τῶν
1263 3302 1339 3362 εἰς
1368 3299 1599 3369 Χριστὸν
1633 3298 1986 3352 πιστευόντων
2014 3299 2165 3366 λέγε-

613 3387 756 3440 σθαι.
792 3387 904 3458 Τὴν
924 3387 1106 3440 ἄνοδον
1136 3385 1226 3438 τοῦ
1243 3383 1703 3453 Ναϐουχοδονόσορ
1732 3383 2004 3452 προλέγει.
2026 3384 2164 3454 Πρὸς

610 3475 736 3536 τοὺς
765 3475 1022 3542 λέγοντας
1057 3488 1072 3504 ·
1106 3476 1168 3527 Οἱ
1213 3471 1460 3538 πατέρες
1503 3470 1725 3539 ἔφαγον
1767 3469 1871 3522 τὸν
1910 3470 2163 3538 ὄμφακα,

612 3559 710 3612 καί
750 3561 803 3613 οί
835 3558 1072 3623 ὀδόντες
1100 3556 1216 3611 τῶν
1236 3557 1459 3610 τέκνων
1501 3555 1862 3624 ὠμοδιάσαν.
1897 3556 2028 3625 Περὶ
2070 3557 2165 3626 τῆς

615 3645 818 3713 μητρὸς
850 3645 956 3699 τῶν
986 3645 1110 3713 περὶ
1159 3643 1403 3700 Σεδεκίαν
1447 3642 1537 3694 τὸν
1583 3641 1819 3710 βασιλέα.
1861 3643 2166 3713 Διαμαρτύ-

613 3748 764 3801 ρεται
817 3732 926 3792 τοίς
977 3729 1360 3798 πρεσϐυτέροις
1390 3727 1488 3790 τάς
1514 3727 1741 3796 ἀνομίας
1775 3727 1883 3779 τῶν
1915 3727 2164 3799 πατέριον

609 3816 808 3870 αὐτῶν.
830 3816 900 3868 T0
914 3817 988 3880 δέ,
1005 3816 1156 3870 Διότι
1171 3815 1267 3868 ἐπὶ
1292 3813 1395 3867 τοῦ
1421 3815 1592 3881 ὅρους
1617 3831 1733 3880 μου
1748 3814 1850 3866 τοῦ
1871 3814 2056 3882 ἁγίου,
2078 3815 2162 3866 ἐπ’

609 3908 766 3976 ὅρους
800 3904 1000 3974 ὑψηλοῦ
1044 3903 1255 3976 Ἰσραὴλ
1293 3902 1437 3970 λέγει
1457 3918 1483 3976 ⁸,
1517 3901 1779 3965 Ἀδωντιῒ,
1823 3903 2014 3967 Κύριε,
2047 3902 2171 3955 ἐκεῖ

609 3991 1013 4045 δουλεύσουσί
1026 4008 1126 4059 μοι
1149 3987 1266 4053 πᾶς
1285 3985 1443 4053 οἶκος
1485 3988 1720 4054 Ἰσραὴλ
1747 3991 1830 4052 εἰς
1863 3988 2032 4052 τέλος
2055 4027 2070 4051 ,
2088 3990 2166 4052 είς

608 4080 734 4140 τοὺς
782 4078 1126 4139 πιστεύοντας
1178 4074 1255 4144 τῷ
1287 4073 1501 4144 Χριστῷ
1540 4072 1790 4125 δύνασθαι
1827 4085 1852 4112 ι
1898 4072 2163 4142 λαμϐάνε-

611 4164 754 4217 σθαι.
811 4164 932 4216 Ἐπὶ
961 4162 1162 4231 Θεμάν,
1193 4162 1285 4213 καὶ
1319 4161 1409 4212 ἐπὶ
1455 4159 1666 4229 Ἰσραὴλ
1687 4198 1701 4221 ,
1735 4160 1826 4211 καὶ
1876 4161 1966 4211 ἐπὶ
2017 4160 2164 4222 υίοὺς

622 4248 864 4319 ’Λμμών.
915 4249 1023 4300 Καὶ
1068 4247 1162 4309 τὰς
1207 4245 1432 4314 ἀνομίας
1463 4245 1557 4296 καὶ
1593 4246 1690 4306 τὰς
1721 4246 1987 4315 ἁμαρτίας
2019 4245 2162 4312 λέγει

608 4335 701 4387 τοῦ
749 4334 981 4404 Ἰσραὴλ,
1006 4333 1099 4385 καὶ
1143 4332 1250 4384 τῶν
1276 4332 1485 4401 ἱερέων,
1524 4330 1616 4382 καὶ
1645 4330 1752 4381 τῶν
1782 4331 2051 4398 ἀρχόντων
2072 4331 2163 4384 καὶ

605 4418 1074 4490 ψευδοπροφητῶν.
1107 4418 1212 4472 Καὶ
1247 4417 1512 4483 ἐζήτουν,
1567 4420 1748 4484 φησὶν.
1790 4415 1976 4484 ἄνδρα
2025 4416 2165 4468 ἀνα-

606 4508 1010 4572 στρεφόμενον
1036 4501 1238 4572 ὀρθῶς,
1266 4504 1360 4554 καὶ
1396 4500 1621 4553 ἑστῶτα
1646 4502 1714 4553 ἐν
1745 4501 1999 4566 διαχοπῇ
2029 4517 2166 4566 φρα-

605 4590 756 4664 γμοῦ
802 4588 912 4658 πρὸ
951 4586 1268 4654 προσώπου
1301 4605 1419 4655 μου
1457 4588 1523 4639 ἐν
1562 4586 1739 4657 καιρῷ
1766 4585 1874 4654 τῆς
1902 4585 2033 4654 τῆς,
2062 4588 2163 4640 τοῦ

603 4677 687 4755 μὴ
725 4679 809 4740 εἰς
854 4677 1024 4740 τέλος
1061 4674 1368 4739 ἐξαλεῖψαι
1412 4675 1594 4726 αὐτόν
1627 4689 1638 4702 υ
1673 4673 1770 4725 καὶ
1807 4674 1916 4738 οὐχ
1965 4667 2160 4738 εὖρον.

609 4761 743 4831 Περὶ
783 4762 876 4830 τῆς
929 4759 1360 4827 εἰδωλολατρείας
1411 4759 1502 4810 τοῦ
1535 4758 1659 4810 λαοῦ
1695 4757 1904 4827 Ἰσραὴλ
1963 4760 2059 4826 τῆς
2108 4760 2164 4808 ἐν

606 4847 884 4916 Αἰγύπτῳ,
920 4846 1010 4898 καὶ
1040 4846 1134 4913 τῆς
1173 4847 1305 4914 μετά
1345 4843 1533 4906 ταῦτα,
1573 4846 1664 4895 καὶ
1705 4844 1811 4895 τῶν
1853 4843 2162 4916 συμφορῶν.

609 4936 718 4991 Καὶ
750 4932 828 4985 ἔτι
871 4931 993 4984 οὔτε
1044 4932 1233 4993 πένθος
1273 4931 1492 4999 ποιῆσαι
1519 4929 2026 4998 συγχωρηθήσονται
2073 4930 2164 4982 ἐπὶ

606 5022 717 5085 τοῖς
760 5017 1110 5085 συμϐαίνουσι
1165 5018 1432 5086 χαλεποῖς.
1489 5017 1642 5068 Κατά
1693 5016 2033 5084 ’Λμμανιτῶν
2072 5015 2164 5066 καὶ

620 5106 946 5175 Ἰδουμαίων,
971 5105 1060 5156 καὶ
1102 5102 1408 5171 ἀλλοφύλων
1427 5142 1441 5164 ,
1469 5104 1561 5154 καὶ
1586 5102 1683 5169 τῆς
1717 5101 1856 5171 Σὼρ,
1893 5104 1958 5172 ἦν
1991 5101 2162 5171 Τύρον

607 5193 850 5276 λέγουσιν
897 5186 1055 5244 εἶναι.
1088 5187 1670 5276 ,Προλέγειᾉσυμφοράς
1707 5187 1975 5276 μεγάλας,
2025 5187 2162 5276 κατά

605 5272 698 5330 τοῦ
729 5278 981 5347 ἄρχοντος
1025 5275 1198 5345 Τύρου
1230 5275 1322 5327 καὶ
1363 5273 1605 5333 Σιδῶνος.
1631 5272 1728 5331 καὶ
1753 5272 2043 5338 Αἰγύπτου,
2076 5273 2164 5324 καὶ

609 5365 698 5416 τοῦ
754 5362 1061 5431 Αἰγυπτίων
1098 5359 1374 5429 βασιλέως.
1431 5359 1663 5410 Ἀπειλεῖ
1710 5357 1785 5426 τῷ
1840 5358 2021 5428 σκοπῷ
2070 5359 2163 5410 τοῦ

616 5449 757 5509 ιαοῦ,
784 5452 831 5501 εἰ
856 5450 928 5518 μὴ
953 5447 1197 5519 προείποι
1219 5446 1292 5514 τῷ
1312 5445 1442 5513 λαῷ,
1474 5441 1531 5498 οὗ
1555 5445 1784 5496 τέθειται
1810 5445 2004 5508 σκοπὸς
2032 5444 2164 5513 πρὸς

596 5516 703 5598 ὶτέις
747 5537 894 5608 παρά
935 5537 1026 5588 τοῦ
1081 5532 1212 5587 Θεοῦ
1261 5533 1655 5603 ἐπιφερομένας
1712 5533 2010 5601 συμφοράς.
2057 5532 2166 5584 Καὶ

668 5708 694 5737 ⁸
719 5706 866 5755 Forte
893 5704 1078 5754 δύναται

1258 343 1314 398 S.
1353 342 1632 400 JOANNIS
1667 340 2152 399 CIIRYSOSTOMI
2189 338 2512 397 ARCIIIEP.
2551 341 3096 402 CONSTANTINOP.

3732 355 3849 410 382

2291 452 2451 520 λέγει,
2485 455 2559 516 ὡς
2591 456 2725 524 μήτε
2747 455 2943 525 ἄνομον
2966 455 3297 511 ἀπόλλυσθαι
3325 455 3414 508 διὰ
3447 456 3544 520 τάς
3573 458 3839 527 προτέρας

2285 540 2528 608 ἀνομίας,
2574 541 2669 592 ἐάν
2715 541 3013 610 ἐπιστρέψῃ
3053 539 3146 594 τοῦ
3191 541 3408 611 ποιῆσαι
3434 540 3502 593 τά
3533 539 3737 611 ἀρεστά
3764 541 3838 609 τῷ

2283 625 2399 694 Θεῷ
2422 641 2434 655 ·
2466 628 2598 696 μήτε
2630 627 2836 681 δίκαιον
2867 627 3166 692 σώζεσθαι,
3196 626 3284 680 διὰ
3321 627 3419 689 τὰς
3453 628 3719 697 προτέρας
3759 625 3837 678 δι-

2284 711 2590 775 καιοσύνας,
2620 712 2715 765 ἐὰν
2744 713 3095 783 μεταϐληθεὶς
3122 714 3342 782 γένηται
3375 713 3569 782 ἄνομος
3595 714 3688 765 καὶ
3726 714 3838 768 ἀδι-

2284 815 2397 860 κος.
2427 795 2598 852 *Ηλθέ
2636 817 2720 863 τις
2747 801 2882 871 πρὸς
2915 801 3006 854 τὸν
3051 802 3328 870 προφήτην
3360 801 3731 866 ἀπαγγέλλων,
3756 801 3836 854 ὅτι

2283 884 2423 938 ἐάλω
2449 885 2800 957 Ἰερουσαλήμ
2817 901 2830 914 ·
2847 887 3066 956 λέγειδέ
3088 889 3179 940 καὶ
3206 888 3331 958 περὶ
3356 887 3544 939 τούτου
3569 888 3833 955 ἐγκαλῶν,

2279 971 2361 1023 ὅτι
2393 971 2466 1042 μὴ
2499 975 2804 1043 προσέχωσι
2825 977 2936 1036 τοῖς
2971 973 3477 1044 προφητευομένοις.
3503 975 3839 1043 Προφητεύει

2279 1056 2336 1108 δέ
2386 1059 2480 1111 καὶ
2515 1057 2657 1111 κατά
2689 1058 2796 1111 τῶν
2823 1059 3091 1127 ποιμένων
3131 1058 3228 1112 τοῦ
3267 1059 3510 1130 Ἰσραήλ⁹
3547 1062 3639 1113 καὶ
3669 1062 3838 1129 ἐπαγ-

2280 1142 2524 1208 γέλλεται
2563 1142 2752 1196 δώσειν
2790 1144 2972 1206 αὐτοῖς
3014 1144 3109 1199 ἕνα
3154 1144 3382 1214 ποιμένα
3405 1161 3416 1174 ·
3451 1146 3586 1216 ὅπερ
3623 1147 3716 1198 ἐπὶ
3741 1149 3836 1200 τοῦ

2279 1229 2578 1298 Ζοροϐάϐελ
2610 1230 2859 1298 γέγονεν,
2899 1231 3033 1299 ὅπερ
3078 1231 3169 1284 καὶ
3205 1231 3331 1282 αὐτὸ
3364 1231 3837 1300 ἀναισχυντοῦντες

2292 1314 2530 1367 Ἰουδαῖοι
2557 1314 2708 1368 οὔπω
2730 1316 3055 1385 γεγενῆσθαί
3089 1333 3241 1384 φασι⁵
3266 1316 3451 1383 γέγονε
3468 1316 3544 1378 δέ,
3575 1318 3651 1379 ώς
3671 1317 3839 1386 ἔφην,

2278 1401 2369 1454 ἐπὶ
2384 1401 2702 1472 Ζοροϐάϐελ.
2727 1402 3056 1471 Προφητεύει
3081 1402 3219 1455 κατά
3250 1403 3556 1472 Ἰδουμαίων
3604 1403 3699 1456 καὶ
3725 1408 3836 1468 τοῖς

2289 1487 2645 1556 Ἰσραηλίταις
2690 1487 2929 1556 χρηστὰ,
2971 1487 3113 1557 άπερ
3161 1489 3321 1556 φησὶν
3349 1489 3377 1540 ό
3413 1488 3540 1550 Θεὸς
3589 1491 3835 1559 ποιήσειν

2291 1573 2576 1632 Ἰουδαίοις,
2591 1573 2689 1626 οὐκ
2711 1574 2895 1644 ἐπειδὴ
2913 1573 3048 1639 ἄξιοί
3077 1575 3232 1633 εἰσιν,
3248 1573 3360 1625 ἀλλ’
3373 1574 3456 1627 ῖνα
3484 1575 3557 1645 μή
3580 1575 3640 1627 τὸ
3665 1577 3835 1644 ὄνομα

2280 1658 2443 1710 αὐτοῦ
2501 1658 2795 1729 βεϐηλωθῇ.
2827 1661 3046 1727 Ἀγεται
3088 1661 3116 1712 ό
3147 1660 3428 1730 προφήτης
3473 1662 3552 1722 εἰς
3590 1660 3652 1712 τὸ
3683 1661 3833 1733 [588]

2276 1745 2475 1807 πεδίον,
2501 1746 2593 1798 καὶ
2625 1745 2952 1815 προφητεύει
2985 1745 3157 1800 ἐπὶτά
3188 1746 3320 1800 όστᾶ
3345 1746 3411 1799 τὰ
3440 1746 3593 1816 ξηρά.
3615 1749 3836 1817 Προφη-

2273 1829 2418 1883 τεύει
2445 1831 2499 1883 δέ
2521 1831 2611 1884 καὶ
2641 1830 2878 1900 περὶτοῦ
2909 1831 3227 1904 Ζοροϐάϐελ,
3262 1833 3340 1884 ὅτι
3365 1826 3443 1894 εἷς
3473 1833 3656 1903 ἄρχων
3680 1833 3834 1887 ἔσται

2285 1913 2585 1968 Ἰουδαίων·
2617 1915 2834 1969 δύναται
2865 1916 2922 1968 δὲ
2958 1917 3036 1978 εἰς
3071 1916 3160 1970 τὸν
3195 1918 3394 1987 Κύριον
3421 1918 3574 1986 ήμῶν
3625 1919 3832 1988 Ἰησοῦν

2272 2000 2503 2071 Χριστὸν
2529 2001 2915 2072 λαμϐάνεσθαι.
2951 2003 3282 2073 Προφητεύει
3320 2003 3413 2056 καὶ
3441 2003 3566 2074 περί
3593 2004 3716 2072 Γὼγ
3738 2007 3834 2058 καὶ

2272 2086 2484 2155 Μαγὼγ
2510 2086 2842 2140 ἐπελθόντων
2863 2089 2975 2149 τοίς
2999 2087 3266 2150 Ἰουδαίοις
3291 2089 3426 2158 μετά
3457 2089 3551 2159 τὴν
3573 2091 3830 2144 ἐπάνοδον

2271 2171 2367 2244 τὴν
2395 2173 2458 2226 ἐκ
2485 2172 2818 2236 Βαϐυλῶνος,
2845 2173 2938 2225 καὶ
2966 2173 3301 2243 ἡττηθέντων
3329 2212 3342 2225 .
3374 2174 3526 2237 Τινές
3567 2175 3624 2227 δέ
3663 2175 3829 2247 ἀλλη-

2271 2258 2504 2332 γορικῶς
2540 2258 2899 2328 λαμϐάνουσιν
2926 2258 3006 2320 εἰς
3033 2259 3133 2321 τάς
3161 2259 3498 2329 Ἐκκλησίας,
3521 2261 3612 2312 καὶ
3640 2263 3722 2324 εἰς
3741 2264 3830 2316 τὸν

2270 2341 2530 2405 διάϐολον,
2561 2345 2651 2397 καὶ
2678 2343 2802 2407 τοὺς
2839 2342 2979 2396 κατά
3001 2344 3189 2412 καιρὸν
3215 2344 3482 2414 διωγμοὺς
3509 2347 3827 2416 ἐπενεχθέν-

2269 2445 2368 2493 τας
2406 2431 2508 2483 ὑπὸ
2551 2429 2761 2484 ἀσεϐῶν
2811 2429 3089 2500 βασιλέων.
3116 2431 3445 2500 Προφητεύει
3489 2432 3543 2485 δὲ
3575 2434 3668 2487 τοῦ
3700 2435 3828 2487 ναοῦ

2270 2517 2368 2584 τὴν
2411 2516 2714 2586 οἰκοδομὴν,
2748 2516 2843 2568 καὶ
2871 2515 2968 2584 τὴν
2996 2515 3431 2570 ἀποκατάστασιν
3454 2517 3554 2587 τῆς
3593 2522 3829 2592 νομικῆς

2270 2600 2550 2674 λατρείας*
2583 2602 2726 2671 άπερ
2757 2602 2851 2655 καὶ
2883 2601 3021 2656 αύτά
3068 2603 3402 2673 προσδοκῶσι
3428 2604 3526 2673 μὲν
3563 2604 3642 2659 ἔτι
3697 2607 3827 2661 Ἰου-

2267 2686 2435 2740 δαῖοι·
2474 2687 2632 2758 ἐξέϐη
2668 2688 2727 2740 δέ
2776 2688 2867 2740 ἐπὶ
2898 2689 3099 2758 Ἐσδρα
3144 2689 3238 2741 καὶ
3268 2690 3582 2761 Ζοροϐάϐελ.
3614 2694 3726 2762 Τὴν
3770 2695 3829 2746 δέ

2266 2773 2547 2844 οἰκοδομὴν
2586 2775 2684 2844 τῆς
2715 2774 2936 2838 πόλεως,
2965 2774 3033 2844 ἢν
3061 2774 3331 2845 προλέγει,
3372 2777 3463 2828 καὶ
3501 2778 3559 2829 τὸ
3595 2777 3740 2847 ὕδωρ
3765 2778 3828 2830 τὸ

2267 2859 2408 2911 κατά
2443 2860 2635 2930 μικρὸν
2676 2860 3098 2930 ἐκπορευόμενον
3127 2861 3217 2912 καὶ
3257 2860 3634 2929 αὐξανόμενον,
3665 2862 3827 2914 δύνα-

2266 2959 2352 2998 ται
2385 2945 2477 2999 ἐπὶ
2516 2947 2638 3006 τοὺς
2671 2945 3089 3014 ἐπιστρέφοντας
3121 2944 3210 2994 ἐπὶ
3239 2943 3327 2996 τὸν
3355 2946 3584 3015 Χριστὸν
3624 2947 3828 3016 λαμϐά-

2265 3031 2470 3094 νεσθαι,
2502 3031 2725 3100 νεκροὺς
2749 3029 2906 3091 ὄντας
2942 3029 3070 3100 πρὶν
3102 3030 3134 3098 ἢ
3172 3029 3478 3097 πιστεῦσαι,
3507 3033 3647 3102 μετά
3674 3033 3734 3087 δέ
3765 3033 3828 3086 τὸ

2264 3117 2550 3172 πιστεῦσαι
2574 3116 3054 3186 ζωοποιουμένους.

2331 3242 2596 3309 Σὺνοψις
2625 3238 2743 3292 τῶν
2781 3237 2860 3304 τῷ
2893 3241 3164 3309 προφήτῃ
3198 3239 3418 3309 Δανιὴλ
3448 3244 3788 3312 εἰρημένων.

2345 3363 2684 3431 Ἐκλέγονται
2716 3362 2765 3415 οἰ
2796 3361 2921 3432 περὶ
2952 3361 3044 3414 τὸν
3078 3362 3292 3430 Δανιὴλ,
3313 3362 3405 3415 καὶ
3446 3365 3828 3434 παραδίδονται

2261 3451 2338 3522 τῷ
2371 3448 2754 3522 ἀρχιευνούχῳ,
2775 3449 2866 3500 καὶ
2894 3448 3162 3502 σιτοῦνται
3185 3450 3470 3519 σπέρματα
3490 3468 3502 3480 ·
3522 3452 3614 3504 καὶ
3640 3469 3825 3522 παρα-

2265 3539 2485 3601 στάντες
2507 3535 2583 3606 τῷ
2612 3535 2831 3606 βασιλεῖ,
2868 3535 3080 3588 πάντων
3104 3535 3482 3606 ἀνεδείχθησαν
3505 3537 3823 3608 σοφώτεροι.

2275 3626 2405 3695 Ὁρᾷ
2435 3623 2496 3677 τὸ
2528 3621 2772 3675 ἐνύπνιον
2805 3620 3295 3692 Ναϐουχοδονόσορ,
3332 3623 3424 3676 καὶ
3451 3624 3576 3686 τοὺς
3612 3625 3826 3693 μάγους

2262 3711 2640 3783 ἀπορήσαντας
2691 3706 2951 3778 γνωρίσαι
2997 3707 3090 3761 καὶ
3137 3703 3386 3760 ἐπιλῦσαι
3431 3708 3561 3761 αὐτὸ
3609 3710 3824 3764 κελεύει

2265 3796 2554 3865 σφαγῆναι.
2602 3791 3055 3855 Κινδυνεύσαντας
3090 3793 3145 3846 δέ
3190 3799 3282 3846 καὶ
3318 3795 3443 3857 τοὺς
3472 3797 3596 3864 περὶ
3623 3797 3825 3866 Δανιὴλ

2262 3883 2460 3936 ἔσωσεν
2486 3883 2513 3934 ό
2539 3881 2686 3943 Θεὸς,
2708 3879 3056 3946 ἀποκαλύψας
3077 3880 3222 3949 αὐτῷ
3242 3879 3318 3950 τῷ
3348 3881 3542 3951 Δανιὴλ
3564 3882 3658 3950 τὴν
3679 3883 3825 3952 εἰδη-

2265 3985 2346 4020 σιν
2381 3967 2472 4019 τοῦ
2498 3966 2768 4020 ἐνυπνίου.
2817 3965 2873 4016 ὐ
2918 3965 3113 4034 Δανιὴλ
3143 3963 3410 4033 εἰσαχθεὶς
3442 3965 3584 4032 λέγει
3605 3965 3662 4017 τὸ
3696 3966 3824 4019 ἐνύ-

2263 4071 2414 4108 πνιον
2442 4053 2518 4124 τῷ
2552 4051 2757 4121 βασιλεί
2797 4052 2888 4104 καὶ
2917 4052 3012 4121 τὴν
3045 4051 3323 4122 σύγκρισιν
3352 4051 3534 4104 αὑτοῦ.
3565 4052 3621 4104 'U
3647 4053 3709 4103 δέ
3743 4053 3825 4105 λί-

2263 4142 2352 4204 θος
2377 4144 2404 4194 ό
2423 4139 2645 4210 τμηθεὶς
2664 4140 2789 4192 ἄνευ
2823 4138 3016 4208 χειρῶν
3048 4139 3074 4189 ό
3096 4138 3326 4206 Χριστός
3355 4139 3467 4191 ἐστι
3494 4154 3507 4168 ·
3531 4139 3586 4190 τὸ
3608 4139 3660 4190 δὲ
3686 4140 3825 4193 ἀνευ

2263 4230 2476 4300 χειρῶν,
2508 4229 2566 4279 τὸ
2610 4227 2776 4296 χωρὶς
2813 4227 3095 4287 συνουσίας
3127 4226 3189 4277 ἐκ
3230 4226 3328 4295 τῆς
3353 4225 3619 4296 Παρθένου
3651 4227 3826 4280 αὐτὸν

2261 4316 2532 4384 τεχθῆναι.
2560 4314 2767 4380 Στήσας
2786 4312 2882 4380 τὴν
2903 4313 3080 4364 εἰκόνα
3105 4310 3578 4380 Ναϐουχοδονόσορ,
3606 4312 3826 4366 κελεύει

2263 4401 2584 4468 προσκυνεῖν
2633 4399 2856 4458 πάντας.
2888 4395 3131 4457 καὶτοὺς
3181 4398 3325 4465 τρεῖς
3375 4396 3562 4457 παῖδας
3600 4398 3678 4457 εἰς
3721 4399 3826 4469 τὴν

2264 4487 2488 4553 κάμινον
2517 4482 2772 4552 ἐμϐάλλει
2805 4481 2878 4550 μὴ
2900 4480 3394 4550 προσκυνήσαντας.
3423 4480 3508 4544 Ὦς
3529 4481 3583 4532 δέ
3616 4482 3664 4533 οί
3689 4487 3826 4555 περὶ

2263 4571 2358 4639 τὴν
2390 4569 2614 4637 κάμινον
2646 4566 3005 4635 ἀνῃρέθησαν,
3041 4566 3133 4618 καὶ
3184 4565 3379 4634 ὕμνουν
3417 4569 3464 4618 οί
3512 4570 3699 4631 παῖδες
3731 4571 3826 4622 τὸν

2262 4650 2392 4702 Θεὸν
2414 4689 2426 4712 ,
2461 4649 2687 4710 καλέσας
2718 4649 2930 4711 αὐτοὺς,
2962 4648 3052 4699 καὶ
3100 4646 3219 4699 ἰδὼν
3263 4647 3450 4709 σώους.
3476 4648 3562 4700 τόν
3590 4665 3647 4700 τε
3681 4652 3826 4704 Θεὸν

2263 4738 2531 4806 ἐξεπλάγη
2557 4775 2570 4799 ,
2603 4737 2695 4788 καὶ
2736 4735 2928 4797 αὐτοὺς
2958 4736 3095 4804 ἀρχῇ
3142 4736 3208 4803 τῇ
3255 4734 3362 4787 τῶν
3407 4734 3664 4787 Ἰουδαίων
3710 4738 3826 4790 ἐτίο

2268 4844 2425 4896 μησε,
2458 4825 2549 4876 καὶ
2587 4823 2757 4890 δόγμα
2796 4823 2954 4890 ἔθηκε
2984 4861 2998 4884 ,
3027 4821 3115 4873 τὸν
3164 4821 3577 4891 βλασφημοῦντα
3611 4825 3690 4885 είς
3732 4825 3827 4877 τὸν

2262 4914 2391 4966 Θεὸν
2413 4911 2756 4966 ἀπόλλυσθαι.
2788 4910 2918 4978 Ὀρᾷ
2940 4910 3182 4959 ἐνύπνιον
3209 4907 3664 4978 Ναϐουχοδονόσορ
3689 4926 3705 4939 ·
3728 4913 3830 4964 καὶ

2263 4999 2366 5056 τῶν
2398 4995 2572 5066 σοφῶν
2598 4993 2908 5054 Βαϐυλῶνος
2934 4993 3090 5045 πάλιν
3120 4993 3576 5063 διαπορησάντων,
3609 4994 3830 5049 ἐπιλύει

2264 5084 2393 5137 αὐτὸ
2419 5083 2446 5134 ὁ
2479 5081 2692 5151 Δανιὴλ,
2725 5079 3073 5148 συμϐουλεύει
3107 5096 3166 5130 τε
3198 5079 3273 5149 τῷ
3315 5080 3540 5148 βασιλεῖ,
3569 5082 3666 5142 τάς
3696 5082 3830 5133 ἀνο-

2266 5170 2392 5239 μίας
2434 5167 2595 5220 αύτοῦ
2641 5169 2695 5218 ἐν
2745 5164 3126 5234 ἐλεημοσύναις
3163 5165 3554 5236 λυτρώσασθαι.
3610 5166 3722 5218 Καὶ
3765 5169 3827 5220 ού

2266 5258 2380 5327 μετ’
2420 5257 2479 5308 ού
2525 5255 2687 5307 πολὺν
2725 5253 2910 5323 χρόνον
2950 5251 3104 5322 ἐξέϐη
3133 5253 3191 5304 τὸ
3231 5253 3477 5305 ἐνύπνιον
3501 5268 3517 5283 ·
3543 5253 3634 5305 καὶ
3662 5253 3830 5323 ᾔνεσε

2263 5343 2351 5395 τὸν
2378 5343 2507 5394 Θεὸν
2556 5343 2583 5393 ό
2621 5338 3102 5407 Ναϐουχοδονόσορ.
3132 5339 3249 5392 Τῶν
3293 5338 3502 5391 σκευῶν
3535 5339 3640 5390 τῶν
3671 5341 3828 5410 ἱερα-

2261 5431 2426 5482 τικῶν
2469 5426 2849 5496 ἐξενεχθέντων
2900 5426 3038 5478 κατά
3084 5425 3373 5495 πρόσταξιν
3420 5426 3508 5477 τοῦ
3561 5425 3831 5494 βασιλέως

2263 5516 2378 5567 υἰοῦ
2420 5513 2913 5582 Ναϐουχοδονόσορ,
2949 5512 3041 5563 καὶ
3075 5512 3183 5564 τῶν
3205 5512 3544 5580 ἑστιωμένων
3573 5513 3652 5575 εἰς
3683 5514 3836 5568 αὐτὰ.

2267 5602 2545 5661 πινόντων,
2573 5601 2786 5670 ἐξῆλθεν
2827 5601 3163 5669 ἀστράγαλος
3208 5599 3418 5668 χειρὸς,
3450 5601 3542 5650 καὶ
3589 5600 3833 5669 ἔγραψεν

2268 5689 2326 5740 ἐν
2354 5687 2430 5756 τῷ
2467 5688 2624 5757 τοίχῳ
2644 5689 2878 5758 γραφὴν,
2909 5687 2974 5756 ἢν
3008 5687 3099 5740 καὶ
3121 5685 3288 5754 αὐτὴν
3316 5683 3419 5738 τῶν
3450 5686 3630 5754 σοφῶν
3653 5686 3843 5742 Βοιϐυε.
