4000 6220
156 406 269 461 381

148 523 435 590 includere,
454 532 508 581 et
526 526 866 597 Jerosolymae
890 527 1211 582 obsidionem
1240 527 1592 595 prtenuntiare
1610 539 1701 593 per

145 613 445 680 exemplum
472 615 649 669 lateris
670 625 723 669 et
750 617 1041 684 sartaginis.
1067 615 1286 669 Jubetur
1312 616 1434 669 item
1465 614 1516 667 in
1540 627 1699 666 unum

94 730 97 733 -
149 700 290 753 latus
311 702 539 757 dormire
568 714 711 757 certo
731 704 937 760 dierum
974 719 1214 769 numero,
1245 703 1518 758 declarans
1556 702 1699 754 cala-

152 792 385 844 mitatem
419 793 608 861 populo
630 794 850 847 futuram
879 794 929 847 in
958 794 1278 863 captivitate.
1323 791 1563 846 Praedicit
1608 805 1701 858 per

153 894 336 947 panes,
365 896 494 949 quos
519 898 582 935 ex
607 892 836 937 stercore
861 883 1017 937 boum
1036 882 1174 944 facit,
1204 891 1258 934 et
1283 897 1375 950 per
1393 880 1700 933 divisionem

155 970 459 1036 capillorum
486 978 705 1025 mortem
716 988 896 1027 eorum
908 987 965 1026 ac
991 970 1386 1038 dispersionem;
1405 967 1548 1022 urbis
1567 968 1694 1020 item

156 1068 316 1127 atque
347 1061 601 1114 idolorum
646 1062 1053 1115 devastationem
1096 1060 1291 1129 adjicit.
1318 1060 1473 1113 Videt
1512 1058 1700 1125 iniqui-

155 1157 290 1202 tates
322 1151 527 1217 populi,
559 1159 612 1205 ct
638 1151 1001 1205 idololatriam.
1046 1150 1244 1204 Deinde
1285 1165 1377 1203 eos
1404 1150 1491 1218 qui
1537 1164 1701 1216 usque

156 1237 222 1291 ad
252 1238 470 1292 exitium
492 1239 635 1293 urbis
661 1239 1003 1293 devenerunt.
1032 1239 1185 1294 Videt
1209 1254 1417 1293 rursum
1440 1239 1699 1293 Cherubi-

154 1341 251 1379 nos
272 1366 287 1390 ,
316 1336 369 1381 et
394 1328 527 1382 mala
554 1329 666 1382 urbi
693 1330 1025 1397 praenuntiat.
1048 1328 1122 1383 De
1148 1329 1211 1382 iis
1241 1330 1329 1397 qui
1358 1329 1408 1380 in
1437 1328 1701 1381 Christum

156 1417 406 1471 credituri
432 1427 598 1472 erant.
624 1419 863 1473 Przedicit
889 1434 1095 1473 rursum
1121 1419 1472 1487 captivitatem
1501 1418 1698 1486 populi,

157 1522 279 1576 qua:
306 1508 403 1561 sub
427 1507 642 1562 Sedecia
668 1509 855 1561 accidit
878 1549 891 1573 ,
917 1517 968 1563 et
1007 1508 1276 1562 Sedeciam
1300 1516 1612 1562 excreatum
1642 1508 1701 1560 iri

154 1612 184 1649 a
217 1596 742 1651 Nabuchodonosore.
771 1598 1011 1651 Prmdicit
1038 1599 1171 1651 mala
1214 1612 1317 1650 non
1352 1605 1466 1663 post
1500 1595 1703 1649 diutur-

155 1700 281 1737 num
315 1694 515 1753 tempus
539 1695 805 1750 eventura,
836 1686 924 1739 sed
959 1701 1117 1754 prope
1142 1700 1276 1739 esse.
1310 1685 1531 1737 Minatur
1552 1700 1703 1752 pseu-

153 1776 513 1844 doprOphetis,
546 1778 774 1845 ipsisque
794 1776 1191 1844 indeprecabilia
1213 1790 1329 1830 esse
1358 1791 1472 1843 qum
1502 1775 1701 1844 passuri

154 1873 281 1916 sunt
306 1864 437 1916 mala
464 1863 769 1921 denuntiat:
802 1865 869 1916 ita
894 1872 953 1917 ut
996 1878 1092 1917 nec
1130 1863 1228 1916 Job
1258 1878 1355 1917 nec
1400 1864 1577 1917 Daniel
1607 1878 1704 1917 nec

155 1952 273 2007 Noe
300 1954 528 2021 ipsorum
562 1954 694 2007 ﬁlios
721 1955 922 2022 possint
942 1968 1131 2007 eruere
1160 1969 1173 2005 :
1203 1964 1253 2007 et
1281 1965 1566 2008 extremam
1591 1955 1705 2007 illo—

155 2058 274 2095 rum
305 2044 596 2097 vastitatem
621 2058 714 2111 per
732 2045 922 2110 lignum
943 2044 1059 2095 vitis
1085 2043 1330 2096 declarat.
1364 2043 1584 2096 Enarrat
1609 2058 1703 2109 po-

154 2130 264 2198 puli
296 2132 661 2198 turpitudinem
681 2130 747 2184 ab
766 2132 930 2193 initio,
958 2140 1235 2198 antequam
1258 2130 1417 2183 Deum
1435 2132 1704 2199 amplexus

153 2218 623 2281 csset,etdecorem
643 2228 911 2286 postquam
927 2218 1193 2286 amplexus
1204 2226 1284 2271 est
1303 2235 1315 2268 :
1339 2219 1707 2272 idololatriam-

154 2323 261 2375 que
284 2308 414 2376 ejus,
438 2316 489 2361 et
507 2308 763 2362 excidium
790 2309 926 2376 quod
954 2316 1164 2376 propter
1188 2324 1303 2361 eam
1326 2308 1512 2360 invasit
1529 2310 1700 2376 ipsos;

159 2412 379 2465 magnas
424 2398 654 2451 ostendit
694 2398 808 2466 ejus
858 2398 1156 2466 iniquitates
1202 2413 1263 2451 ex
1314 2399 1703 2466 comparatione

158 2486 509 2539 Sodomorum
539 2496 590 2541 et
619 2487 888 2551 Samariae,
916 2502 1032 2555 quae
1054 2487 1207 2540 etiam
1234 2502 1326 2553 per
1345 2488 1541 2553 seipsas
1558 2497 1706 2539 erant

162 2574 420 2641 ingentes.
446 2575 670 2628 Possunt
695 2584 866 2629 autem
891 2576 1047 2638 bona,
1070 2590 1184 2643 qute
1209 2576 1460 2642 praedicit,
1492 2591 1701 2643 nempe,

161 2663 425 2716 Suscitabo
449 2672 786 2715 testamentum
812 2680 973 2716 meum
1003 2673 1156 2716 tecum
1185 2664 1203 2732 (
1233 2662 1417 2716 Ezeclt.
1447 2665 1530 2717 16.
1573 2666 1640 2717 62
1660 2664 1701 2735 )⁹

159 2752 229 2805 de
257 2752 593 2806 credentibus
632 2754 682 2806 in
715 2753 983 2807 Christum
1025 2752 1262 2822 intelligi.
1292 2754 1578 2807 Ascensum
1601 2755 1705 2806 Na-

164 2841 619 2895 buchodonosoris
646 2843 978 2911 prmnuntiat.
1007 2840 1270 2895 Adversus
1301 2856 1393 2896 eos
1435 2843 1520 2911 qui
1555 2842 1699 2896 dice-

164 2931 296 2983 bant
325 2949 337 2982 :
381 2931 556 2985 Patres
581 2932 891 2984 comederunt
913 2947 1055 2983 uvam
1082 2930 1327 2993 acerbam,
1368 2941 1410 2984 et
1445 2931 1612 2983 dentes
1642 2932 1706 2998 [i-

162 3022 347 3073 liorum
374 3022 761 3091 obstupuerunt(
796 3022 977 3074 Ezcclt.
1011 3020 1094 3074 18.
1118 3020 1152 3072 2
1174 3020 1213 3090 ).
1250 3022 1321 3075 De
1348 3031 1513 3076 matre
1547 3022 1708 3075 Sedc-

162 3110 260 3162 cia:
293 3110 446 3175 regis.
488 3110 815 3163 Testitieatnr
843 3110 1140 3163 senioribus
1177 3110 1472 3178 iniquitates
1503 3121 1706 3179 patrum

164 3210 401 3249 suorum.
434 3197 562 3250 Illud
615 3208 786 3250 autem
813 3238 827 3259 ,
878 3198 1006 3260 Quia
1052 3214 1199 3266 super
1226 3208 1440 3250 montem
1484 3208 1707 3249 sanctum

164 3304 348 3351 meum,
368 3288 432 3342 de
451 3297 627 3342 monte
654 3288 860 3341 excelso
884 3288 1041 3345 Israel
1066 3288 1216 3341 dicit:
1236 3288 1447 3352 Adonai,
1475 3287 1705 3353 Domine,

164 3377 274 3428 illi:
298 3378 500 3429 servient
525 3377 643 3429 mihi
671 3380 829 3430 omnis
856 3378 1030 3429 domus
1060 3374 1221 3429 Israel
1244 3377 1296 3429 in
1321 3378 1467 3444 ﬁnem
1501 3376 1705 3445 (Ezech.

160 3463 255 3516 20.
305 3464 393 3517 40.
440 3466 490 3517 in
555 3464 751 3533 (ἐπες.)
781 3506 794 3529 ,
850 3465 916 3519 de
967 3465 1298 3519 credentibus
1344 3467 1396 3518 in
1446 3466 1707 3519 Christum

163 3554 539 3620 potestaccipi.
565 3554 640 3607 De
668 3553 923 3618 Theman,
947 3554 1010 3606 de
1050 3553 1207 3606 Israel
1232 3594 1246 3616 ,
1279 3562 1331 3607 et
1358 3553 1423 3607 de
1448 3554 1564 3607 tiliis
1596 3555 1711 3606 Am-

163 3656 313 3694 mon.
349 3641 647 3708 lniquitates
675 3651 726 3694 et
774 3651 985 3711 peccata
1016 3641 1221 3696 lsraelis
1248 3651 1504 3707 recenset,
1535 3656 1711 3695 sacer-

162 3728 370 3789 dotum,
394 3729 689 3797 principum
716 3739 770 3782 et
798 3729 1395 3797 pseudOpropbetarum.
1424 3730 1491 3781 Et
1521 3746 1711 3798 qurere-

168 3816 306 3881 bant,
335 3818 517 3885 inquit,
545 3818 703 3869 viram
746 3828 876 3872 recte
918 3828 1191 3871 versantem
1216 3828 1259 3870 et
1286 3828 1494 3871 stantem
1522 3820 1574 3870 in
1601 3822 1710 3886 fra-

162 3917 311 3960 ctura
334 3907 560 3960 maceria:
586 3906 662 3975 (α)
685 3916 799 3959 ante
825 3908 1001 3976 faciem
1024 3923 1183 3959 meam
1215 3908 1264 3958 in
1293 3918 1508 3974 tempore
1530 3916 1671 3958 terrte
1694 3946 1709 3970 ,

162 4006 220 4047 nt
248 4011 311 4048 ne
328 3998 379 4048 in
408 3997 554 4063 ﬁnem
574 3997 782 4049 deterem
801 4013 913 4049 eum
948 4012 964 4048 :
994 4005 1038 4048 et
1067 4013 1165 4049 non
1190 3997 1349 4049 inveni
1375 3997 1393 4065 (
1416 3997 1597 4050 Ezech.
1621 3997 1707 4052 ‘29..

163 4084 279 4152 50).
311 4086 383 4139 De
408 4086 696 4139 idololatria
714 4086 888 4154 p0puli
917 4086 1075 4139 Israel
1108 4087 1157 4139 in
1183 4085 1411 4155 Egypto
1434 4096 1486 4141 et
1509 4096 1709 4155 postea,

163 4189 230 4227 ac
279 4174 342 4227 de
392 4174 791 4227 calamitatibus.
847 4177 1017 4243 Atque
1063 4176 1275 4244 insuper
1320 4191 1485 4244 neque
1521 4176 1712 4228 luctum

162 4278 324 4332 agere
354 4263 717 4330 pcrmilteutur
740 4278 896 4332 super
920 4264 1338 4332 contingentihus
1380 4265 1549 4317 malis.
1572 4264 1713 4317 Con-

166 4365 247 4406 tra
270 4350 597 4406 Ammanitas
613 4359 667 4404 et
692 4353 946 4407 Idumaeos
976 4394 990 4417 ,
1040 4363 1090 4405 et
1122 4354 1441 4423 alienigenas
1466 4392 1480 4416 ,
1512 4364 1562 4405 et
1593 4353 1709 4416 Sor,

164 4457 322 4510 quam
346 4442 526 4495 dicunt
544 4455 661 4495 esse
676 4441 890 4510 Tyrum.
916 4441 1153 4494 Prmdicit
1169 4442 1488 4494 calamitates
1505 4457 1715 4509 magnas

164 4542 353 4585 contra
390 4532 676 4599 principem
721 4532 843 4601 Tyri
894 4541 945 4584 et
992 4531 1230 4593 Sidonis.
1284 4541 1338 4585 et
1388 4531 1667 4600 IEgyptum
1698 4573 1712 4596 ,

164 4619 643 4687 Egyptiorumque
673 4635 869 4687 regem.
901 4620 1125 4673 Minatur
1150 4621 1465 4686 speculatori
1495 4622 1669 4689 populi
1698 4661 1712 4683 ,

166 4710 269 4764 nisi
312 4709 611 4777 prtedixerit
653 4711 843 4779 populo
864 4752 879 4776 ,
907 4712 1054 4778 cujus
1091 4713 1400 4764 constitutus
1426 4720 1505 4764 est
1534 4726 1717 4779 specu-

164 4800 304 4851 lator
332 4796 395 4850 ad
423 4797 741 4853 calamitates
760 4814 789 4851 a
818 4800 923 4853 Deo
952 4799 1135 4851 illatas.
1171 4802 1244 4852 Ac
1272 4800 1596 4868 dicit,neque
1621 4802 1717 4854 ini-

166 4901 328 4953 quum
361 4885 533 4953 perire
558 4886 626 4938 ob
653 4886 851 4952 priores
881 4888 1195 4955 iniquitates,
1227 4889 1268 4940 si
1296 4904 1581 4942 conversus
1600 4888 1715 4941 fue-

166 4976 237 5031 rit
262 4974 329 5029 ad
359 4973 651 5028 faciendum
680 4989 740 5028 ea
771 4991 883 5042 qua:
912 4977 1019 5029 Deo
1044 4987 1159 5030 sunt
1192 4978 1376 5045 placita
1402 4994 1414 5039 ;
1449 4993 1615 5045 neque
1635 4978 1718 5045 ju-

234 5160 303 5218 (α)
358 5158 505 5211 Illud,
544 5157 733 5225 "7'153,
782 5154 829 5203 in
880 5157 1092 5218 fractura
1135 5170 1355 5206 macerne
1398 5156 1467 5217 (ἐν
1512 5158 1713 5217 auqu

167 5230 433 5290 φραγμοῦ),
469 5244 560 5276 non
600 5234 675 5275 est
716 5228 764 5290 in
810 5229 1169 5290 exemplaribus
1207 5229 1487 5290 hodiernis,
1534 5230 1619 5277 sed
1652 5243 1713 5277 ex

165 5286 405 5344 Origenis
435 5290 666 5349 ilexaplis
690 5286 985 5349 adjunctum:
1004 5289 1179 5349 fuerat,
1204 5296 1257 5335 ut
1296 5303 1381 5335 nos
1403 5286 1462 5349 _in
1490 5289 1718 5349 Hexaplis

169 5350 462 5397 addidimus.
499 5347 649 5396 Totus
690 5350 821 5396 locus
865 5349 911 5394 in
954 5347 1260 5395 Editionihus
1301 5347 1548 5395 hodiernis
1595 5347 1715 5397 LXX

170 5412 241 5480 sic
276 5410 515 5480 habetth
544 5412 632 5456 Καὶ
666 5409 851 5480 ἑζήτρυν
884 5410 928 5461 ἐξ
961 5409 1115 5480 amitti»:
1146 5409 1717 5480 ἇνδρῖἀναστρεφόμενο]

172 5472 336 5540 ὀρθῶς,
370 5472 448 5515 καὶ
471 5471 793 5540 festinam-rgo
833 5470 1087 5540 προσώ-πρυ
1131 5484 1218 5540 Eae
1270 5470 1539 5540 ὀὶοσχερῶς
1568 5471 1613 5515 ἐν
1648 5470 1715 5528 τῷ

174 5528 327 5591 ιιὶιιρῷ
357 5536 439 5586 τῆς
466 5531 619 5589 ὀργῆς.
646 5528 818 5578 Melius
848 5528 1102 5587 exemplar
1134 5528 1485 5585 Chrysostomi,
1522 5530 1568 5575 ἐν
1591 5546 1630 5574 τ.
1668 5546 1712 5574 κ.

172 5605 257 5655 τῆς
275 5605 375 5658 γῆς.
404 5599 453 5646 ln
481 5598 687 5647 Hebraeo
705 5604 867 5645 autem
888 5594 1086 5656 legitur,
1108 5596 1269 5666 νἾΝΠ
1302 5599 1429 5654 Ἰνι,
1456 5609 1545 5658 pro
1568 5603 1696 5645 terra

172 5682 494 5745 Septuaginta
517 5695 635 5733 vero
658 5684 889 5744 legerunt
924 5683 1060 5737 nan,
1092 5677 1140 5728 in
1162 5684 1385 5741 tempore.

1222 390 1540 449 SYNOPSIS
1575 388 1977 446 SCRIPTURAS
2014 390 2278 447 SACRE.

3245 402 3361 457 382'

1811 512 1949 556 stum
1978 504 2202 558 salutem
2227 503 2476 573 consequi
2504 503 2573 558 ob
2599 504 2822 572 priorem
2846 503 3099 572 justitiam
3124 547 3138 571 ,
3170 507 3213 561 si
3247 524 3361 561 Illit-

1810 600 1948 646 tatus
1972 633 1985 656 ,
2020 593 2224 661 iniquus
2254 593 2579 661 injustusque
2622 594 2864 647 evaserit.
2907 594 3062 649 Venit
3096 596 3358 665 quispiam

1809 680 1874 732 ad
1906 680 2215 747 prophetam
2238 720 2252 744 ,
2285 681 2531 735 nuntians
2577 691 2777 749 captam
2824 681 2986 737 fuisse
3021 683 3313 738 Jerusalem
3342 700 3356 743 :

1809 769 1936 821 dicit
1964 778 2137 821 autem
2170 768 2267 822 hac
2296 769 2361 822 de
2386 785 2444 823 re
2482 771 2753 836 incusans,
2782 772 2917 840 quod
2948 787 3051 826 non
3088 775 3358 829 attendant

1808 857 1870 908 iis
1910 872 2025 924 qua:
2063 872 2088 907 a
2134 856 2401 924 prophetis
2435 858 2807 925 praedicuntur.
2842 860 3169 915 Vaticinatur
3197 880 3355 932 porro

1808 956 1988 998 contra
2045 955 2284 1012 pastores
2312 945 2515 999 lsraelis
2546 963 2559 996 :
2590 949 2947 1017 promittitque
2979 952 3208 1004 dandum
3241 970 3359 1008 esse

1808 1044 2068 1101 pastorem
2101 1051 2255 1087 unum
2282 1050 2294 1098 ;
2328 1036 2375 1088 id
2400 1035 2537 1103 quod
2565 1036 2661 1089 sub
2686 1036 3008 1092 Zorobabele
3034 1038 3224 1097 factum
3251 1051 3351 1107 est,

1812 1123 1861 1175 id
1892 1123 2028 1191 quod
2057 1125 2212 1177 etiam
2243 1124 2406 1178 Judaei
2438 1125 2771 1194 impudenter
2790 1127 2966 1180 dicunt
2986 1128 3213 1183 nondum
3238 1146 3357 1185 eve-

1807 1212 1985 1275 nisse;
2018 1213 2191 1265 evenit
2222 1222 2392 1265 tamen
2415 1252 2428 1275 ,
2474 1222 2531 1265 ut
2555 1213 2683 1275 dixi,
2708 1214 2806 1267 Stlb
2844 1215 3184 1271 Zorobabele.
3216 1218 3358 1272 Vati-

1808 1300 2011 1351 cinatur
2030 1310 2210 1353 contra
2245 1300 2519 1365 ldumzeos,
2552 1310 2606 1353 et
2636 1301 2884 1355 lsraelitis
2912 1303 3047 1357 bona
3092 1306 3349 1374 praedicit,

1809 1403 1923 1454 qua:
1948 1388 2085 1440 Deus
2114 1388 2232 1442 ideo
2259 1402 2315 1441 se
2336 1389 2529 1442 Jud:eis
2551 1390 2862 1444 collaturum
2890 1393 3050 1459 dicit,
3084 1410 3187 1448 non
3215 1398 3354 1464 quod

1809 1476 1879 1528 illi
1907 1476 2046 1543 digni
2077 1478 2305 1540 sint,sed
2330 1492 2396 1531 ne
2427 1493 2619 1532 nomen
2648 1479 2761 1546 ejus
2789 1480 3108 1547 profanetur.
3140 1483 3351 1538 Ducitur

1812 1565 2067 1633 propheta
2099 1567 2149 1618 in
2176 1581 2436 1632 campum,
2466 1575 2515 1619 et
2546 1567 2827 1634 prephetat
2865 1583 3021 1636 super
3045 1585 3163 1624 ossa
3188 1573 3351 1625 arida.

1811 1656 2091 1721 Prophetat
2114 1657 2235 1711 item
2264 1656 2328 1710 de
2358 1657 2703 1723 Zorobabele,
2732 1660 2868 1727 quod
2900 1660 3102 1717 futurus
3132 1664 3198 1717 sit
3221 1680 3353 1718 tinus

1808 1744 2105 1797 Judazorum
2129 1747 2368 1813 princeps
2392 1761 2406 1797 :
2430 1755 2601 1814 potest
2632 1755 2804 1801 autem
2835 1747 2901 1802 de
2928 1749 3146 1803 Domino
3175 1764 3355 1805 nostro

1807 1834 1928 1888 Jcsu
1945 1833 2154 1887 Christo
2167 1836 2351 1903 accipi.
2371 1835 2692 1889 Vaticinatur
2704 1838 2859 1891 etiam
2873 1839 2939 1893 de
2957 1840 3066 1910 Gog
3077 1852 3130 1896 et
3146 1844 3352 1913 Magog,

1810 1924 1897 1991 qui
1926 1923 2135 1977 Judmos
2161 1925 2387 1977 invasuri
2415 1935 2563 1977 erant
2591 1935 2704 1993 post
2726 1927 2950 1981 reditum
2976 1945 3038 1983 ex
3068 1931 3353 2001 Babylone,

1809 2014 2003 2082 quique
2031 2014 2151 2067 victi
2188 2014 2414 2067 fuerunt.
2444 2015 2663 2080 Quidam
2689 2026 2859 2071 autem
2885 2019 2931 2071 id
2960 2020 3237 2088 allegorice
3262 2038 3353 2076 ac-

1808 2104 2010 2172 cipiunt
2033 2106 2098 2157 de
2123 2104 2391 2171 Ecelesiis,
2424 2113 2475 2158 et
2503 2106 2569 2160 de
2596 2107 2801 2161 diabolo
2830 2149 2844 2173 ,
2877 2110 3044 2179 deque
3083 2127 3359 2183 persequu-

1812 2197 2039 2249 tionihus
2065 2212 2180 2265 quae
2212 2198 2355 2249 vario
2381 2207 2613 2265 tempore
2644 2199 2798 2253 illatae
2828 2212 2948 2254 sunt
2968 2202 3033 2253 ab
3056 2203 3229 2271 impiis
3260 2207 3360 2259 lm-

1814 2288 2158 2354 peratoribns.
2190 2288 2509 2341 Vaticinatur
2533 2298 2654 2341 Item
2695 2292 2869 2357 templi
2896 2295 3357 2365 constructionem,

1811 2388 1860 2431 et
1885 2380 2268 2432 restitutionem
2295 2380 2472 2447 legalis
2493 2380 2696 2432 cultus:
2717 2396 2832 2447 qua:
2854 2381 3010 2433 etiam
3049 2396 3360 2452 exspectant

1808 2467 1970 2521 Judaei
1997 2485 2009 2531 ;
2040 2469 2129 2521 sed
2157 2484 2215 2521 ea
2237 2478 2521 2522 evenerunt
2547 2479 2777 2535 tempore
2805 2471 2981 2525 Esdra:
2999 2482 3048 2525 et
3068 2474 3361 2529 Lorobabe-

1813 2559 1894 2611 lis.
1936 2559 2268 2613 Constructio
2312 2569 2485 2612 autem
2535 2561 2752 2627 templi,
2799 2575 2951 2628 quam
2998 2565 3265 2631 [lrﬂ‘tiit'il,
3308 2576 3361 2618 et

1810 2660 1941 2714 aqua
1972 2662 2087 2715 qua:
2115 2647 2362 2714 paulatim
2390 2647 2751 2715 egrediebatur
2784 2662 2833 2701 et
2862 2653 3160 2718 angebatur,
3191 2664 3362 2721 potest

1812 2735 1976 2803 accipi
2005 2735 2070 2789 de
2092 2736 2153 2788 iis
2174 2736 2262 2803 qui
2288 2736 2349 2788 ad
2379 2734 2646 2791 Christum
2676 2739 2912 2789 conversi
2935 2750 3075 2800 sunt,
3102 2742 3185 2807 qui
3214 2758 3357 2794 utor-

1814 2823 1885 2875 tui
1917 2832 2068 2876 erant
2099 2832 2375 2891 antequam
2417 2824 2725 2888 crederent,
2755 2825 2990 2879 viventes
3019 2839 3191 2881 :mtem
3237 2830 3359 2883 facti

1813 2923 1934 2966 sunt
1961 2924 2235 2981 postquam
2256 2912 2612 2967 crediderunt.

1919 3077 2146 3117 SYNOPSIS
2172 3078 2340 3117 EORUM
2372 3078 2484 3124 QUAE
2512 3079 2541 3117 Α
2568 3078 2789 3116 DANIELE
2819 3078 3085 3117 ΡΠΟΙῚΙΕΤΔ
3114 3081 3268 3120 DICTA

2513 3168 2666 3206 SUNT.

1890 3272 2168 3341 Eliguntur
2191 3272 2370 3326 Daniel
2400 3281 2454 3326 et
2483 3273 2638 3334 socii,
2678 3281 2731 3325 et
2752 3272 3024 3325 traduntur
3048 3273 3365 3329 archiennu-

1817 3360 1940 3423 eho,
1971 3371 2126 3430 atque
2157 3361 2506 3429 leguminibus
2535 3372 2816 3413 vescuntur
2846 3380 2857 3413 :
2883 3372 2930 3413 et
2958 3361 3223 3417 adstantes
3254 3367 3361 3433 regi

1815 3451 2044 3503 omnium
2098 3450 2468 3517 sapientissimi
2504 3449 2817 3517 deprehensi
2864 3458 3000 3502 sunt.
3032 3450 3185 3505 Videt
3228 3468 3368 3506 som-

1817 3544 1958 3597 nium
1999 3543 2500 3603 Nabuchodonosor,
2530 3554 2583 3597 et
2623 3559 2803 3611 magos
2827 3585 2841 3606 ,
2870 3545 2955 3611 qni
2990 3559 3091 3597 non
3121 3554 3365 3614 poterant

1818 3634 2079 3687 somnium
2109 3632 2344 3687 indicare
2374 3642 2425 3685 et
2456 3633 2810 3700 interpretari,
2838 3632 2987 3700 jubet
3012 3634 3201 3686 occidi.
3223 3634 3367 3688 Peri-

1818 3722 2057 3775 clitantes
2074 3736 2277 3789 quoque
2298 3722 2557 3775 Danielem
2572 3734 2622 3775 et
2645 3722 2814 3775 socios
2831 3724 3057 3776 servavit
3076 3724 3229 3789 Deus,
3248 3739 3366 3777 cum

1819 3811 2015 3864 Danieli
2031 3810 2215 3863 sonmii
2232 3811 2462 3863 notitiam
2477 3826 2567 3878 per
2585 3811 2950 3865 revelationem
2965 3811 3122 3865 dedit.
3136 3812 3372 3865 Introdu-

1816 3910 1930 3953 ctus
1953 3902 2130 3955 Daniel
2153 3902 2411 3955 somnium
2440 3902 2547 3970 regi
2571 3901 2700 3954 dixit
2735 3902 2949 3969 ejusque
2987 3903 3370 3968 interpretatio-

1820 4006 1965 4043 nem.
2006 3991 2158 4056 Lapis
2186 4002 2359 4043 autem
2396 3991 2510 4043 sine
2533 3992 2774 4043 manibus
2800 3982 3367 4051 excisusChristusest;

1817 4081 1930 4133 sine
1958 4080 2193 4133 manibus
2216 4095 2357 4141 vero,
2384 4080 2501 4147 quia
2525 4078 2637 4133 sine
2663 4080 2939 4132 concubitu
2965 4080 3240 4149 exvirgine
3270 4096 3367 4132 na-

1821 4175 1905 4222 tus
1933 4178 2029 4221 est.
2081 4169 2322 4222 Erectam
2354 4183 2381 4220 a
2404 4183 2463 4222 se
2484 4176 2704 4221 statuam
2726 4168 3202 4223 Nabuchodonosor
3218 4170 3364 4234 jubet

1820 4275 2002 4314 omnes
2018 4260 2257 4323 adorare,
2279 4269 2331 4313 et
2358 4270 2462 4314 tres
2486 4276 2673 4328 pueros
2694 4261 2778 4328 qui
2807 4261 3026 4315 adorare
3053 4262 3298 4315 nolebant
3319 4262 3367 4313 in

1820 4349 2080 4404 fornacem
2105 4350 2362 4419 injicit.Ut
2382 4361 2555 4403 autem
2585 4351 2654 4403 illi
2673 4354 2757 4418 qui
2786 4352 2921 4403 circa
2939 4351 3199 4405 fornacem
3221 4363 3372 4405 erant

1821 4438 2075 4491 interfecti
2104 4448 2299 4503 sunt,et
2327 4438 2475 4506 pueri
2500 4438 2658 4491 Deum
2684 4439 2898 4491 canticis
2918 4440 3359 4499 celebrarent,uhi

1821 4527 1960 4593 ipsos
1986 4528 2220 4580 evocavit
2244 4543 2330 4581 rex
2354 4538 2404 4581 et
2434 4528 2720 4581 ineolumes
2751 4527 2894 4588 vidit,
2926 4526 2991 4579 de
3021 4527 3110 4580 Dei
3136 4530 3361 4594 potentia

1821 4627 2035 4685 stupore
2062 4618 2350 4683 perculsus,
2384 4618 2522 4683 ipsos
2552 4617 2837 4683 principatu
2872 4615 3174 4668 Judaaorum
3199 4618 3363 4668 hono-

1820 4707 1972 4769 ravit,
1998 4706 2367 4772 decretumque
2398 4705 2576 4768 dedit,
2626 4715 2681 4757 ut
2706 4705 2938 4773 quisquis
2968 4707 3015 4757 in
3063 4706 3223 4759 Deum
3255 4708 3361 4760 hla-

1820 4795 2135 4864 spltemaret,
2168 4804 2332 4847 morte
2363 4796 2696 4862 plecteretur.
2728 4794 2880 4847 Videt
2905 4796 3163 4848 soomlum
3196 4797 3363 4848 Nalm-

1820 4886 2149 4939 chodonosor
2173 4900 2183 4935 :
2213 4893 2264 4937 et
2293 4899 2409 4937 cum
2437 4884 2699 4949 sapientes
2729 4883 3009 4951 Babylonis
3036 4899 3237 4937 rursum
3264 4885 3376 4936 la:-

1824 4983 2019 5039 rerent,
2054 4974 2219 5041 ipsum
2252 4973 2408 5025 solvit
2456 4972 2632 5025 Daniel
2660 5013 2674 5035 ,
2708 4971 2919 5039 regique
2958 4981 3139 5025 auctor
3168 4983 3243 5026 est
3275 5020 3285 5041 ,
3316 4984 3384 5028 ut

1823 5064 2120 5131 iniquitates
2146 5078 2267 5116 suas
2293 5063 2643 5131 elcemosynis
2679 5062 2920 5114 redimat.
2952 5062 3055 5115 Nec
3076 5063 3162 5115 diu
3190 5074 3369 5133 postea

1823 5153 2010 5205 somnii
2043 5153 2217 5204 exitus
2258 5152 2462 5212 evenit;
2506 5150 2838 5218 laudavitque
2886 5150 3369 5206 Nabuchodonosor

1823 5242 2010 5293 Deum.
2045 5241 2222 5293 Sacris
2253 5241 2429 5307 templi
2459 5240 2596 5292 vasis
2617 5241 2768 5307 jussu
2801 5240 3083 5292 Baltasaris
3112 5242 3245 5306 regis
3282 5241 3370 5294 ﬁlii

1824 5329 2360 5382 Nabuchodonosoris
2388 5328 2609 5392 eductis,
2639 5344 2753 5380 cum
2784 5328 2833 5380 in
2866 5329 2967 5382 illis
2987 5337 3374 5396 potarenteon-

1824 5421 1973 5483 vivae,
2018 5420 2142 5473 exiit
2180 5419 2430 5473 articulus
2469 5434 2652 5472 manus
2679 5462 2690 5481 ,
2724 5421 2809 5489 qui
2857 5418 3092 5473 exaravit
3140 5419 3189 5470 in
3221 5434 3373 5472 muro

1828 5511 2166 5577 scripturam,
2197 5525 2351 5576 quam
2383 5509 2537 5562 etiam
2566 5524 2682 5561 cum
2715 5524 2816 5561 non
2850 5516 3063 5576 possent
3102 5508 3374 5576 sapientes

1827 5600 2105 5669 Babylonis
2129 5600 2411 5666 explicare,
2446 5600 2627 5651 Daniel
2660 5599 2777 5666 legit
2801 5607 2853 5650 et
2877 5600 3371 5665 interpretatust-st;

1829 5690 2143 5753 indutosque
2170 5700 2251 5745 est
2271 5704 2496 5757 purpura
2519 5732 2532 5757 ,
2560 5691 3146 5760 circumposueruntque
3182 5691 3229 5743 ei
3266 5698 3367 5742 tor-
