3982 6218
590 470 744 528 quem
768 467 984 510 aureum
1006 491 1021 517 ,
1063 449 1577 519 praedicaveruntque
1616 461 1734 500 eum
1765 457 1884 498 esse
1912 439 2126 494 tertium

591 545 881 613 principem
911 543 962 594 in
992 554 1174 607 regno.
1201 538 1328 592 Cum
1349 545 1590 605 regnaret
1617 534 1798 587 Darius
1822 530 2017 590 Medus,
2039 529 2135 580 Da-

594 632 732 687 niele
758 631 993 698 principe
1019 627 1322 688 constituto,
1356 627 1560 693 cogitur
1584 639 1612 675 a
1639 620 1864 674 tribunis
1891 629 1940 670 et
1967 624 2136 669 satra-

594 722 673 788 pis
703 719 970 772 decretum
1001 715 1326 783 promulgare
1355 753 1369 777 ,
1413 722 1468 764 ut
1499 711 1815 779 quicumque
1871 707 2004 758 intra
2047 703 2138 755 tri-

596 807 737 876 ginta
786 806 900 858 dies
940 803 1134 873 aliquid
1171 803 1250 856 vel
1274 801 1340 854 ab
1370 800 1579 853 homine
1604 797 1847 865 quopiam
1873 794 1954 846 vel
1983 806 2011 843 a
2039 791 2138 844 deo

595 904 816 965 peteret,
840 904 1185 962 praeterquam
1208 907 1236 942 a
1261 903 1403 958 rege,
1439 889 1492 941 in
1519 889 1688 940 lacum
1716 886 1928 938 leonum
1957 881 2139 949 injice-

599 995 764 1039 retur.
792 984 906 1050 Quo
951 983 1117 1046 facto,
1156 995 1274 1034 eum
1312 979 1682 1032 observassent
1726 975 1992 1028 Danielem
2024 987 2140 1040 pre-

597 1069 706 1122 cari
722 1069 905 1130 Deum,
935 1066 1104 1133 ipsum
1132 1062 1529 1123 calumniantur,
1561 1066 1854 1128 coguntque
1882 1069 2055 1124 regem
2077 1053 2140 1107 ad

599 1156 936 1227 injiciendum
963 1155 1110 1207 illum
1142 1154 1193 1206 in
1238 1152 1429 1204 lacum.
1473 1150 1602 1204 Cum
1645 1147 1912 1215 injecisset
1939 1152 2136 1205 autem,

605 1250 693 1304 ubi
723 1255 901 1318 postea
921 1245 1140 1299 accessit
1167 1253 1219 1297 et
1243 1242 1449 1296 salvum
1478 1239 1690 1308 reperit,
1718 1238 1861 1290 illum
1905 1234 2084 1289 eduxit
2109 1248 2140 1287 e

598 1335 753 1390 lactt:
792 1335 909 1388 illos
947 1341 1118 1386 autem
1151 1331 1237 1398 qui
1281 1330 1450 1396 ipsum
1481 1329 1530 1380 in
1561 1326 1728 1379 lacum
1760 1323 1898 1390 injici
1929 1334 2144 1376 curave-

605 1432 724 1478 rant
753 1437 873 1476 cum
903 1420 1154 1475 uxoribus
1184 1417 1446 1486 perdidit,
1498 1414 1732 1469 leonibus
1757 1412 2010 1480 objectos.
2043 1410 2143 1463 De-

608 1523 912 1580 cretumque
960 1507 1302 1578 promulgavit
1327 1545 1339 1570 ,
1369 1514 1424 1558 ut
1449 1517 1633 1557 omnes
1678 1503 1841 1556 Deum
1878 1501 2142 1553 timerent.

616 1603 768 1658 Videt
797 1603 1020 1655 ferarum
1049 1598 1322 1658 visionem,
1356 1610 1448 1663 per
1471 1595 1707 1656 lcmnam,
1744 1603 1960 1661 regnum
1987 1587 2149 1656 Assy-

609 1693 824 1754 riorum,
857 1704 948 1759 per
973 1701 1171 1751 ursum,
1205 1684 1469 1737 Medorum
1498 1690 1551 1736 et
1580 1681 1876 1743 Persarum,
1906 1692 2000 1746 per
2029 1691 2149 1745 par-

606 1782 755 1844 dum,
782 1776 1142 1839 Macedonum,
1171 1788 1262 1842 per
1289 1780 1526 1840 quartam
1555 1768 1737 1832 feram,
1767 1767 2145 1820 Romanorum.

613 1871 936 1924 Vaticinatur
962 1868 1118 1920 etiam
1149 1864 1214 1917 de
1241 1863 1472 1927 Christo,
1494 1869 1548 1915 et
1591 1859 1656 1913 de
1683 1855 1941 1912 Antiocho
1964 1855 2145 1922 impio.

619 1960 714 2014 llic
739 1961 877 2012 enim
904 1967 983 2012 est
1005 1970 1166 2010 cornu
1184 1967 1414 2022 parvum,
1433 1949 1571 2020 quod
1594 1949 1824 2003 excussit
1841 1947 1935 2001 tria
1952 1945 2147 2014 priora.

622 2051 938 2104 Vaticinatur
961 2044 1219 2116 quomodo
1246 2042 1537 2097 Alexander
1559 2039 1770 2092 Macedo
1796 2051 2012 2106 regnum
2027 2035 2152 2089 Per-

616 2154 791 2193 sarum
831 2136 1017 2200 solvit;
1045 2136 1260 2189 arietem
1286 2133 1464 2186 dicens
1489 2145 1665 2198 regem
1688 2128 1961 2182 Persarum
1985 2165 2003 2193 ,
2045 2126 2153 2178 hir-

614 2243 732 2283 cum
763 2225 1115 2280 Alexandrum
1160 2222 1514 2276 Macedonem.
1563 2219 1754 2273 Ultima
1781 2219 1910 2271 visio
1964 2216 2048 2270 hic
2089 2215 2154 2269 de

623 2318 803 2386 regina
827 2313 990 2368 austri
1019 2313 1206 2367 dicitur
1227 2313 1278 2364 in
1313 2311 1447 2365 libro
1471 2299 1884 2362 Machabmorum
1916 2307 2151 2376 reperiri.

611 2408 797 2462 Belum
826 2404 1023 2459 decutit
1061 2411 1114 2456 et
1152 2400 1432 2454 draconem
1463 2397 1689 2464 occidit;
1735 2397 1787 2451 in
1829 2399 1995 2450 laeum
2038 2411 2157 2465 pro-

615 2497 788 2555 iicitur
838 2503 892 2548 et
937 2502 1211 2554 servatur,
1263 2498 1314 2542 et
1357 2489 1444 2557 qui
1496 2488 1547 2540 in
1593 2501 1745 2540 causa
1797 2494 1976 2552 erant,
2019 2483 2157 2553 quod

611 2585 883 2652 conjectus
918 2581 1139 2644 fuisset,
1184 2577 1488 2645 injiciuntur
1526 2584 1581 2630 et
1627 2575 1943 2630 devorantur
1977 2588 2007 2627 a
2051 2573 2160 2626 leo-

619 2674 790 2728 nibus.

1314 2790 1460 2830 OSEE.

688 2894 906 2949 Jubetnr
935 2892 1172 2960 accipere
1195 2902 1408 2944 uxorem
1437 2887 1784 2950 meretricem,
1812 2893 1865 2938 et
1890 2893 2162 2939 nascentes

618 2984 844 3039 infantes
865 2996 1054 3035 vocare
1081 2979 1301 3043 Jezrael,
1335 2975 1452 3030 Non
1477 2977 1860 3029 misericordiam
1892 2990 2163 3043 consequu-

621 3085 743 3141 tam,
771 3082 825 3129 et
854 3073 969 3125 Non
997 3071 1210 3140 papulas
1237 3085 1372 3121 meus
1423 3067 1574 3136 (Osee
1616 3069 1666 3120 l.
1700 3069 1754 3120 4.
1785 3067 1837 3119 6.
1867 3065 1944 3135 9).
1975 3066 2041 3118 Et
2071 3080 2161 3118 ac-

617 3173 770 3219 cusat
808 3163 1051 3230 populum
1090 3159 1154 3213 de
1184 3157 1542 3219 fornicatione,
1573 3155 1905 3224 prtedicitque
1945 3154 2013 3207 illi
2043 3170 2161 3222 per-

619 3253 842 3316 niciem,
891 3258 945 3303 et
998 3263 1126 3318 opes
1179 3248 1428 3316 quasdam
1493 3253 1611 3314 post
1671 3245 1976 3314 perniciem.
2034 3242 2164 3297 lllud

618 3352 814 3402 autem,
849 3339 1120 3407 Disponam
1147 3344 1484 3389 testamentum
1510 3351 1622 3386 cum
1649 3335 1810 3387 bestiis
1838 3334 1979 3402 agri,
2003 3342 2048 3386 et
2077 3333 2162 3385 dc-

620 3427 864 3498 sponrabo
884 3427 935 3479 in
963 3426 1060 3493 ﬁde
1085 3424 1233 3493 (Osce
1261 3425 1316 3477 2.
1351 3423 1460 3492 l8),
1486 3430 1655 3491 potest
1679 3421 1842 3489 accipi
1861 3421 1926 3474 de
1950 3419 2168 3474 creden-

621 3519 762 3573 tibus
792 3519 844 3571 in
873 3517 1158 3570 Christum.
1190 3514 1409 3568 Jubetur
1431 3512 1670 3581 accipere
1699 3526 1914 3564 uxorem
1940 3509 2167 3563 fornica-

620 3610 773 3674 riam,
819 3607 1114 3662 Judzeorum
1159 3604 1538 3658 desolationem
1580 3600 1872 3663 declarans,
1925 3601 2169 3667 ipsosque

624 3705 840 3752 accusat
861 3695 928 3750 de
953 3694 1130 3748 multis
1155 3693 1459 3762 magnisque
1487 3688 1733 3759 peccatis,
1768 3696 1872 3742 tam
1900 3688 2168 3756 populum,

626 3801 784 3853 quam
811 3782 1128 3838 sacerdotes.
1155 3780 1474 3836 Criminatur
1502 3792 1710 3847 quoque
1737 3791 1919 3831 eorum
1949 3776 2171 3829 ebrieta-

626 3886 750 3940 tetn,
770 3872 1180 3935 fornicationem,
1205 3877 1258 3924 et
1277 3866 1616 3922 iracundiam.
1639 3865 1846 3919 incusat
1860 3863 1995 3933 quod
2023 3877 2170 3932 spem

624 3977 654 4016 a
684 3963 790 4015 Deo
818 3958 1209 4022 transferentes,
1231 3957 1282 4010 in
1309 3956 1552 4025 Assyrios
1571 3954 1905 4018 contulerint,
1927 3961 1980 4006 et
2005 3951 2169 4022 Egy-

627 4052 746 4119 ptiis
783 4049 968 4102 conﬁsi
1006 4048 1130 4100 sint.
1179 4045 1606 4112 Vaticinaturque
1633 4043 1709 4097 eis
1739 4042 2006 4096 ultionem.
2043 4042 2174 4095 Dicit

627 4140 966 4209 Ephraimum
990 4151 1109 4191 cum
1139 4150 1232 4203 per
1259 4135 1449 4188 auxilia
1476 4134 1574 4187 sibi
1606 4133 1832 4201 praesuta
1862 4130 2011 4185 fortis
2046 4145 2173 4185 eva-

625 4231 814 4294 sisset,
863 4228 1020 4282 rebus
1065 4224 1307 4280 secundis
1354 4225 1486 4278 citra
1540 4222 1787 4275 decorum
1835 4236 1985 4274 usum
2032 4236 2170 4274 esse.

626 4319 864 4376 Ostendit
892 4319 1029 4372 Deus
1067 4331 1214 4372 suam
1258 4317 1396 4370 circa
1450 4315 1706 4368 lsraelitas
1748 4313 2172 4374 sollicitudinem,

629 4411 940 4476 illorumque
971 4421 1092 4475 erga
1120 4422 1178 4461 se
1207 4407 1464 4475 ingratum
1507 4404 1738 4458 animum
1783 4421 1796 4456 :
1828 4411 1882 4457 et
1911 4402 2177 4457 calamita-

627 4508 706 4552 tes
736 4497 861 4565 ipsis
886 4495 1136 4566 praedicit.

1329 4617 1470 4659 JOEL.

699 4737 1102 4804 Corruptionem
1131 4734 1394 4788 fructuum
1423 4743 1579 4788 terra
1616 4742 1813 4799 narrat,
1851 4742 1905 4787 et
1942 4731 2180 4786 hortatur

630 4835 687 4880 ut
714 4827 876 4879 Deum
916 4825 1013 4878 sibi
1046 4824 1326 4892 propitium
1366 4824 1607 4877 reddant.
1651 4824 1972 4877 Vaticinatur
1998 4837 2181 4876 ascen-

630 4932 747 4971 sum
776 4916 975 4984 Assyrii
1008 4935 1020 4969 :
1056 4922 1235 4983 postea
1256 4929 1382 4967 vero
1407 4915 1542 4968 bona
1567 4914 1809 4982 quaedam
1841 4912 2173 4980 praenuntiat.

632 5003 783 5069 Quod
807 5003 1054 5072 apostolis
1094 5001 1284 5056 accidit
1320 5003 1460 5054 circa
1489 5002 1658 5055 varias
1687 5003 1890 5070 linguas
1923 5001 2178 5069 praedicit.

629 5093 956 5147 Vaticinatur
985 5092 1139 5145 etiam
1166 5091 1399 5159 gentium
1428 5090 1734 5158 perniciem,
1777 5104 1894 5158 qua:
1919 5098 2035 5156 post
2058 5089 2179 5142 red-

631 5186 760 5237 itum
785 5199 853 5238 ex
881 5181 1143 5250 Babylone
1168 5181 1264 5234 sub
1289 5178 1614 5234 Zorobabele
1640 5180 1874 5248 contigit.
1904 5178 1999 5233 Hic
2027 5193 2182 5249 porro

630 5273 777 5326 locus
801 5271 1103 5338 allegoriam
1135 5269 1386 5323 continet.
1681 5287 1683 5289 ί

1340 5414 1471 5453 ΑΙΟΒ

704 5508 945 5564 Prmdicit
988 5507 1285 5575 iniquitates
1339 5507 1612 5572 Damasci,
1661 5509 1832 5573 anre,
1875 5510 2019 5580 Tyri,
2063 5513 2183 5564 ldu-

634 5611 907 5664 mmorum,
933 5593 1364 5661 Ammanitarum,
1394 5593 1752 5663 Moabitarutn,
1777 5597 1919 5653 Juda:
1947 5609 1995 5653 et
2017 5599 2181 5654 lsrae.

1279 337 1338 392 S.
1376 334 1646 392 JOANNIS
1668 323 2138 388 CBRYSOSTOMI
2174 323 2486 382 ARCHIEP.
2525 328 3054 387 CONSTANTINOP.

3681 353 3798 408 384

2240 437 2324 504 lis,
2354 448 2407 493 et
2427 456 2609 511 pcenas
2633 459 2750 512 qua:
2785 445 2901 498 illos
2936 452 3231 512 exceptum
3269 454 3407 499 sunt.
3437 444 3788 502 Numerantur

2238 529 2486 582 beneﬁcia
2513 545 2541 584 a
2568 532 2674 585 Deo
2703 533 2757 585 in
2790 533 2999 586 Judmos
3024 533 3236 596 collata,
3276 535 3580 604 illorumque
3615 537 3791 604 negli-

2237 620 2412 685 gentia
2472 627 2526 673 et
2599 631 2975 691 contemptus,
3018 631 3173 690 atque
3199 637 3448 677 aerumna:
3505 639 3618 691 qure
3663 625 3791 677 illos

2240 716 2561 775 exspectant.
2596 710 2837 764 Praedicit
2882 712 3018 764 circa
3061 712 3311 765 mulieres
3350 711 3621 778 Samaritae,
3666 713 3791 766 illas

2241 795 2505 850 ebrietatis
2550 808 2603 850 et
2641 800 2836 866 rapina:
2872 814 3142 854 accusans.
3173 799 3490 855 Vaticinatur
3517 800 3703 855 famem
3738 812 3790 856 et

2241 882 2634 938 dissolutionem
2664 901 2726 938 eo
2754 887 2892 955 quod
2932 902 3033 940 non
3076 896 3519 953 converterentur,
3559 899 3608 945 et
3642 891 3790 959 quod

2243 974 2419 1026 multis
2448 973 2619 1027 aliecti
2654 975 2820 1043 plagis
2845 991 2947 1029 non
2986 978 3231 1031 meliores
3256 978 3555 1033 evaderent.
3581 978 3792 1033 Incusat

2245 1058 2518 1126 lsraclem,
2567 1062 2704 1130 quod
2758 1078 2850 1115 eos
2899 1066 2983 1131 qui
3032 1080 3089 1119 se
3142 1066 3521 1135 redarguebant
3566 1068 3793 1122 moles":

2247 1149 2441 1203 ferrent
2474 1169 2486 1203 :
2527 1161 2577 1205 et
2605 1151 2841 1206 hortatur
2885 1163 2940 1206 ut
2981 1164 3348 1209 convertantur
3371 1157 3434 1210 ad
3476 1157 3652 1212 Deum.
3697 1158 3792 1212 lno

2245 1237 2472 1290 credulis
2507 1240 2852 1292 comminatur
2878 1240 3043 1294 futura
3075 1247 3227 1295 mala.
3259 1243 3332 1296 De
3361 1244 3462 1297 illis
3488 1260 3638 1312 porro
3665 1245 3743 1298 ait
3774 1265 3787 1297 :

2254 1324 2340 1378 Va:
2376 1326 2459 1394 qui
2483 1326 2762 1380 desiderant
2787 1329 2915 1381 diem
2945 1328 3143 1382 Domini
3174 1331 3192 1399 (
3209 1331 3355 1384 Amos
3379 1332 3431 1386 5.
3462 1333 3585 1402 l8).
3613 1334 3791 1402 Aliqui

2245 1430 2370 1468 vero
2405 1416 2454 1469 id
2483 1417 2776 1470 retulerunt
2812 1417 2877 1470 ad
2916 1417 3145 1474 futurum
3175 1419 3425 1487 judicium
3456 1439 3468 1473 :
3495 1432 3551 1475 ut
3577 1422 3790 1490 quidam

2249 1504 2629 1558 incredulorum
2657 1520 2793 1558 nunc
2820 1506 2997 1560 dicunt
3025 1524 3037 1559 :
3069 1507 3182 1561 Non
3221 1509 3320 1563 erit
3343 1510 3624 1578 judicium;
3650 1513 3793 1580 quod

2249 1593 2290 1645 si
2322 1593 2548 1646 futurum
2577 1601 2679 1659 est,
2708 1595 2900 1648 veniat.
2933 1596 3247 1666 Reprobatio
3273 1597 3520 1653 festorum
3560 1601 3790 1667 illorum,

2250 1681 2623 1736 sacriﬁciorum
2654 1693 2706 1736 et
2735 1688 3118 1752 psalteriorum.
3147 1688 3362 1742 Stellam
3406 1690 3488 1744 dei
3536 1691 3748 1759 llaphan
3773 1695 3790 1724 ί

2249 1771 2528 1826 Saturnum
2557 1773 2684 1827 dicit
2730 1791 2742 1825 :
2793 1777 3033 1842 quoniam
3074 1779 3294 1845 gentiles
3335 1779 3416 1834 dei
3460 1781 3540 1833 sui
3581 1780 3794 1836 Saturni

2251 1862 2452 1915 stellam
2483 1877 2599 1915 esse
2626 1862 2806 1916 dicunt
2845 1867 2895 1917 in
2931 1866 3077 1932 cazlo,
3117 1883 3271 1934 quam
3313 1870 3466 1923 etiam
3513 1870 3795 1925 Saturnum

2251 1959 2457 2005 vocant.
2488 1952 2621 2005 Dicit
2647 1964 2842 2018 autem,
2875 1953 3016 2006 Nunt
3044 1957 3258 2008 victimas
3299 1969 3343 2010 et
3379 1961 3624 2027 sacriﬁcia
3649 1963 3794 2013 oblu-

2254 2039 2377 2091 listis
2423 2040 2547 2092 mihi
2580 2041 2724 2093 armis
2764 2043 3092 2111 quadraginta
3135 2044 3302 2112 (Amos
3343 2047 3394 2099 5.
3435 2047 3562 2117 25)?
3617 2048 3796 2118 Neque

2255 2130 2393 2181 enim
2430 2132 2648 2198 pepultts
2677 2132 2883 2194 obtulit,
2929 2134 3020 2186 sed
3064 2135 3160 2187 soli
3193 2137 3465 2205 principes,
3494 2153 3613 2191 cum
3655 2142 3799 2194 stetit

2258 2219 2668 2272 tabernaculum.
2697 2220 2789 2273 llic
2815 2221 2881 2274 de
2912 2230 3020 2275 toto
3051 2225 3239 2291 populo
3283 2227 3528 2294 loquitur.
3574 2229 3800 2282 Accusat

2256 2310 2410 2363 etiam
2440 2310 2554 2364 illos
2584 2310 2650 2364 de
2680 2311 3025 2367 immoderato
3053 2314 3190 2379 cibo,
3232 2327 3285 2367 et
3317 2315 3638 2370 calamitates
3675 2318 3800 2386 ipsis

2260 2401 2512 2468 pra-dicit.
2545 2401 2644 2456 Per
2668 2403 2917 2459 locustas.
2961 2413 3014 2458 et
3051 2412 3435 2472 testamentum,
3475 2416 3531 2460 et
3554 2407 3802 2462 adaman-

2260 2497 2383 2554 tem,
2411 2503 2594 2543 eorum
2623 2505 2805 2545 necem
2828 2491 3135 2546 vaticinatur
3159 2512 3171 2547 :
3194 2507 3414 2563 eumque
3440 2495 3551 2549 hinc
3579 2499 3803 2551 Amesia:

2260 2580 2368 2647 regi
2401 2580 2763 2648 signiﬁcasset,
2797 2583 2881 2637 hic
2907 2583 3212 2652 pr0phetam
3239 2586 3287 2638 vi
3313 2587 3504 2655 repulit
3531 2595 3584 2640 et
3610 2588 3802 2657 abegit.

2261 2667 2353 2723 ille
2376 2684 2501 2723 vero
2527 2671 2623 2740 ipsi
2649 2680 2703 2724 et
2736 2673 2926 2740 populo
2964 2674 3099 2727 mala
3139 2675 3387 2743 prmdicit.
3429 2676 3493 2730 Et
3534 2677 3678 2731 videt
3714 2693 3806 2731 ras

2262 2762 2508 2828 aucupis;
2540 2776 2633 2828 per
2655 2761 2752 2816 hoc
2778 2772 2950 2816 autem
2979 2763 3118 2832 ipsos
3143 2765 3424 2832 capiendos
3449 2781 3567 2822 esse
3587 2767 3802 2822 indicat.

2263 2846 2564 2916 lniquitates
2604 2857 2656 2902 et
2704 2849 2975 2904 violentias
3012 2866 3192 2905 eorum
3230 2863 3517 2920 enumerat,
3569 2865 3622 2908 et
3673 2857 3808 2909 mala

2265 2936 2407 3004 ipsos
2424 2938 2684 2991 invasura.
2704 2938 2836 2992 lllud
2857 2949 3029 2993 autem
3051 2956 3063 2993 :
3087 2941 3286 2996 Occidet
3309 2944 3384 2996 rat
3408 2944 3609 2997 meridie
3636 2945 3810 3013 (Amos

2264 3025 2316 3080 8.
2346 3023 2423 3093 9),
2455 3025 2521 3081 de
2548 3035 2780 3097 tempore
2808 3030 3064 3096 passionis
3087 3030 3278 3085 Christi
3307 3033 3635 3090 vaticinatur.
3663 3035 3811 3089 Prat-

2265 3113 2388 3169 dicit
2413 3117 2567 3170 etiam
2594 3116 2660 3172 de
2686 3117 3017 3173 credentibus
3048 3120 3098 3173 in
3124 3120 3405 3176 Christum.

2941 3245 3134 3284 ΑΒυιΑε.

2340 3336 2594 3392 Ultionem
2637 3339 2706 3393 de
2745 3339 2982 3394 ldumzeis
3018 3341 3320 3395 sumendam
3365 3343 3617 3410 prtedicit,
3657 3359 3814 3413 quam

2269 3426 2496 3491 subiere,
2529 3427 2649 3494 quia
2673 3441 2790 3482 cum
2816 3429 3030 3499 reliquis
3059 3429 3296 3485 hostibus
3321 3431 3628 3487 invaserunt
3651 3432 3816 3489 lsrae-

2271 3513 2406 3567 litas.
2434 3514 2508 3569 De
2535 3514 2787 3570 Ecclesia.

2964 3641 3131 3682 JONAS.

2341 3737 2498 3793 Jonas
2534 3738 2787 3808 propheta
2825 3749 3000 3793 narrat
3027 3741 3198 3809 fugam
3239 3741 3292 3794 in
3330 3740 3568 3806 Tharsis,
3611 3752 3813 3813 tempe-

2273 3837 2481 3894 statem,
2505 3829 2810 3898 deglutitum
2836 3844 2892 3886 se
2915 3844 2944 3883 a
2964 3840 3098 3893 ceto,
3121 3839 3176 3885 et
3194 3830 3434 3899 ejectum,
3457 3832 3817 3899 pcenitentiatn

2273 3916 2638 3978 Ninivitarum.
2692 3928 2950 3974 servatam
2996 3919 3338 3984 eucurbitam,
3388 3931 3716 3976 crescentem
3769 3930 3821 3976 et

2273 4016 2577 4074 pereuntem
2606 4009 2988 4078 complectitur.

2918 4153 3171 4194 IICBA‘IAS.

2346 4276 2594 4330 Futuram
2647 4274 3021 4330 desolationem
3076 4275 3323 4329 Samaria:
3377 4280 3431 4328 et
3484 4271 3824 4343 Jerosolyma:

2278 4365 2530 4432 praedicit,
2562 4378 2876 4433 causamque
2903 4364 3098 4433 adjicit.
3129 4362 3403 4430 Subjungit
3443 4363 3605 4415 etiam
3644 4376 3822 4416 eorum

2279 4454 2500 4507 reditum
2528 4469 2591 4506 ex
2617 4453 2904 4524 Babylone,
2943 4454 3160 4506 crimina
3197 4460 3253 4506 et
3278 4452 3642 4506 accusationes
3683 4453 3826 4520 prin-

2280 4544 2454 4612 cipum
2491 4543 2668 4612 pepuli
2694 4553 2748 4597 et
2775 4543 3126 4605 sacerdotum,
3150 4552 3309 4609 atque
3346 4539 3828 4609 pseudOpropheta-

2280 4652 2415 4689 rum.
2452 4635 2523 4689 De
2550 4635 2783 4689 Ecclesia
2810 4635 3056 4689 credente
3095 4634 3146 4685 in
3186 4632 3460 4686 Dominum
3487 4640 3751 4693 nostrum,
3781 4638 3832 4682 et

2281 4724 2344 4777 de
2367 4723 2512 4777 N0vo
2537 4724 2872 4776 Testamento
2899 4740 2912 4774 :
2936 4737 3055 4775 nam
3077 4723 3217 4789 prior
3231 4721 3312 4774 lex
3332 4719 3661 4789 praeteritum
3684 4729 3796 4772 erat
3818 4736 3828 4768 :

2282 4822 2335 4865 et
2373 4813 2438 4865 de
2485 4828 2630 4881 pace.
2677 4811 2805 4865 Mala
2851 4825 3057 4865 rursum
3101 4809 3296 4866 Judaeis
3341 4809 3720 4878 praedicuntur.
3762 4808 3834 4860 Dc

2283 4901 2473 4954 Christi
2498 4901 2789 4955 secundum
2812 4915 3019 4953 carnem
3052 4901 3407 4968 generatione,
3443 4907 3496 4952 et
3533 4898 3602 4951 de
3641 4898 3709 4950 iis
3750 4898 3835 4963 qni

2286 4992 2336 5042 in
2365 4991 2530 5059 ipsum
2558 4989 2803 5043 credituri
2832 4999 2969 5042 sunt.
3003 4988 3067 5041 Et
3090 4990 3178 5041 erit
3199 4989 3446 5042 residuum
3465 4987 3623 5040 Iacob
3645 4985 3834 5053 (Mida.

2285 5082 2336 5134 5.
2367 5081 2417 5150 7)
2451 5080 2624 5148 :quod
2653 5080 2724 5132 ait
2751 5078 2940 5131 Paulus
2979 5080 3266 5146 apostolus,
3297 5077 3442 5142 Quod
3484 5077 3714 5129 relictum
3748 5077 3838 5126 erit

2285 5172 2550 5223 salvabitur
2580 5169 2750 5237 (Rom.
2798 5167 2848 5221 9.
2889 5169 3000 5236 27).
3027 5168 3284 5223 Iudicium
3322 5166 3540 5220 Domino
3581 5163 3839 5216 adversus

2287 5261 2530 5329 populum
2559 5274 2732 5324 suum,
2759 5269 2813 5310 et
2841 5258 3212 5312 beneficiorum
3238 5257 3350 5326 ejus
3372 5254 3724 5313 enumeratio,
3756 5269 3836 5307 re.

2349 5393 2364 5422 ί
2400 5392 2454 5439 In
2498 5391 2614 5439 Edit.
2661 5397 2822 5448 ttom.,
2867 5389 3112 5453 Raiphan,
3154 5388 3349 5451 legitur.
3393 5386 3450 5435 In
3480 5386 3714 5434 ttebraico
3750 5391 3842 5466 π)

2287 5484 2586 5543 exprimitur.
2613 5483 2921 5544 Hieronymus
2942 5493 3060 5531 vero
3077 5487 3249 5531 cllION.
3286 5478 3532 5544 finenem
3553 5488 3751 5544 quoque
3773 5475 3841 5523 di-

2286 5537 2480 5592 eit'esse
2501 5550 2763 5603 Saturnum,
2787 5537 2841 5590 ut
2862 5541 3258 5603 Cbrysostmnns._
3283 5537 3336 5585 in
3370 5537 3476 5587 Act.
3507 5538 3844 5599 Apostolorum

2292 5605 2483 5667 “igitur,
2509 5602 2556 5663 7,
2580 5604 2654 5663 45,
2679 5598 2814 5655 Sidus
2835 5602 2914 5653 dei
2936 5598 3075 5653 vcstri
3100 5598 3367 5659 Rcmpham.
