3982 6218
141 391 252 448 383

140 491 304 554 λῶνος
333 491 671 562 ἀπορούντων
711 490 1021 558 ἐπιγνῶναι,
1045 493 1073 543 6
1104 492 1299 561 Δανιὴλ
1331 490 1556 556 ἐπέγνω,
1589 489 1682 541 καὶ

139 577 364 630 ἱπέλυσε
394 617 409 641 ,
443 577 531 629 καὶ
580 575 794 645 ἐνεδύθη
837 576 1118 646 πορφύραν
1144 615 1158 637 ,
1206 577 1297 628 καὶ
1359 575 1683 643 περιέθηκαν

141 662 286 730 αὺτῷ
318 661 581 730 μανιάκην
611 661 859 730 χρυσοῦν,
891 663 983 713 καὶ
1032 661 1299 730 ἐκήρυξαν
1328 661 1484 712 αὑτὸν
1509 659 1685 726 τρίτον

143 747 374 817 ἄρχοντα
399 743 531 799 εἶναι
558 748 614 797 ἐν
664 749 730 814 τῇ
777 745 1035 815 βασιλείᾳ.
1062 746 1390 806 Βασιλεύσας
1419 746 1633 812 Δαρεῖος
1660 745 1686 794 6

145 833 344 901 Μῆδος,
388 833 480 884 καὶ
516 833 854 901 καταστήσας
894 831 1121 902 ἄρχοντα
1160 833 1246 882 τὸν
1278 831 1488 899 Δανιὴλ,
1519 832 1686 896 ἀναγ-

146 918 366 980 κάζεται
394 919 493 969 ὑπὸ
521 917 626 968 τῶν
658 917 926 968 τακτικῶν
952 916 1044 968 καὶ
1076 915 1359 984 σατραπῶν
1381 915 1551 983 δόγμα
1589 932 1687 966 κυ-

147 1005 336 1074 ρῶσαι,
364 1003 500 1055 ὥστε
545 1003 635 1054 τὸν
685 1002 932 1054 αἰτοῦντα
977 1001 1125 1068 παρά
1178 1000 1458 1070 ἀνθρώπου
1502 998 1686 1068 ἢθεοῦ

145 1094 380 1162 αἴτημα,
412 1091 547 1160 πλὴν
588 1089 736 1160 παρά
776 1089 866 1142 τοῦ
912 1088 1201 1156 βασιλέως,
1231 1090 1359 1140 εἴσω
1403 1087 1692 1155 τριάκοντα

142 1178 384 1248 ἡμερῶν,
417 1177 743 1246 ἐμϐληθῆναι
775 1177 853 1237 είς
882 1176 970 1226 τὸν
998 1172 1146 1244 [589]
1179 1173 1376 1226 λάκκον
1414 1173 1517 1224 τῶν
1545 1173 1690 1224 λεόν-

141 1268 272 1319 τῶν.
322 1267 426 1317 Kal
483 1264 670 1316 τούτου
724 1262 1044 1332 γενομένου,
1080 1263 1557 1331 παρατηρήσαντες
1603 1260 1692 1311 τὸν

143 1353 338 1422 Δανιὴλ
387 1352 669 1419 εὐχόμενον
711 1349 786 1418 τῷ
843 1347 991 1416 Θεῷ,
1041 1347 1408 1407 διαϐάλλουσι,
1446 1347 1537 1398 καὶ
1566 1363 1694 1398 κατ-

141 1439 502 1509 αναγκάζουσι
524 1438 611 1490 τὸν
634 1436 854 1506 βασιλέα
877 1435 1131 1504 ἐμϐαλεῖν
1160 1435 1315 1486 αὐτὸν
1345 1435 1420 1495 είς
1453 1433 1540 1484 τὸν
1564 1434 1694 1491 λάκ-

142 1544 258 1580 κον.
305 1522 577 1595 Ἐμϐαλὼν
609 1523 663 1576 δὲ
681 1562 694 1585 ,
720 1522 811 1576 καὶ
840 1520 1146 1590 προσελθὼν
1167 1560 1181 1583 ,
1209 1521 1301 1572 καὶ
1336 1519 1471 1570 σῶον
1499 1520 1691 1588 εὑρὼν,

141 1615 233 1664 τὸν
269 1612 365 1682 μέν
392 1611 627 1681 ἀνήγαγε
658 1607 748 1659 τοῦ
777 1606 978 1658 λάκκου
1003 1645 1013 1664 ,
1048 1606 1171 1667 τοὺς
1199 1604 1254 1655 δέ
1286 1603 1572 1671 βάλλοντας
1600 1605 1695 1656 αύ-

141 1701 234 1752 τὸν
277 1698 410 1766 μετά
454 1696 560 1748 τῶν
611 1693 880 1762 γυναικῶν
914 1691 1155 1745 ἀπώλεσε
1183 1694 1292 1752 τοῖς
1314 1691 1489 1742 λέουσι
1521 1707 1696 1759 παρα-

142 1785 288 1847 δούς.
316 1784 423 1835 Kal
457 1783 626 1849 δόγμα
659 1780 838 1850 ἐθηκε,
879 1778 1080 1839 πάντας
1117 1776 1390 1844 φοϐεῖσθαι
1425 1776 1512 1826 τὸν
1547 1775 1694 1828 Θεόν.

156 1872 292 1940 ’0ρᾷ
313 1869 408 1938 τὴν
435 1869 617 1934 ὅρασιν
642 1865 746 1916 τῶν
775 1864 994 1933 θηρίων,
1017 1863 1101 1914 διὰ
1131 1863 1224 1931 μὲν
1252 1863 1348 1930 τῆς
1365 1862 1698 1931 λεαίνης.τὴν

161 1954 464 2024 Ἀσσυρίων
497 1949 881 2021 βασιλείαν,διά
917 1949 972 2000 δέ
1006 1949 1103 2017 τῆς
1135 1949 1475 2018 ἄρκτου,τῶν
1507 1948 1699 2016 Μήδων

147 2044 241 2096 καὶ
299 2040 549 2108 Περσῶν,
589 2038 675 2090 διὰ
704 2037 759 2090 δέ
808 2036 902 2104 τῆς
955 2035 1284 2104 παρδάλεως,
1318 2035 1424 2086 τῶν
1464 2033 1701 2085 Μακεδό-

146 2147 277 2190 νων,
332 2127 419 2179 διὰ
468 2127 522 2178 δέ
560 2123 651 2178 τοῦ
702 2123 956 2192 τετάρτου
999 2121 1184 2190 θηρίου
1208 2161 1220 2183 ,
1258 2122 1362 2173 τῶν
1400 2119 1697 2187 Ῥωμαίων.

149 2213 484 2285 Προφητεύει
513 2211 567 2263 δέ
599 2210 692 2262 καὶ
721 2209 846 2276 περὶ
872 2206 962 2259 τοῦ
1000 2206 1229 2274 Χριστοῦ
1249 2245 1263 2269 ,
1303 2206 1394 2257 καὶ
1424 2205 1547 2273 περὶ
1589 2206 1702 2256 ’Λν-

145 2301 328 2368 τιόχου
361 2297 451 2348 τοῦ
474 2295 717 2356 ἀσεϐοῦς.
747 2286 909 2354 Οῦτος
948 2294 1054 2360 γάρ
1093 2293 1203 2343 ἐστι
1241 2291 1302 2343 τὸ
1345 2291 1507 2358 κέρας
1534 2290 1589 2341 τὸ
1618 2309 1703 2359 μι-

146 2381 302 2450 κρὸν,
338 2379 395 2431 τὸ
427 2375 705 2438 ἐκτινάξαν
734 2375 856 2444 τρία
888 2373 994 2425 τῶν
1026 2373 1348 2442 ἔμπροσθεν.
1368 2371 1701 2440 Προφητεύει

148 2462 269 2523 πῶς
310 2458 647 2527 Ἀλέξανδρος
680 2460 705 2510 ὸ
731 2456 984 2509 Μακεδὼν
1009 2456 1267 2507 κατέλυσε
1298 2455 1393 2520 τὴν
1433 2454 1704 2521 βασιλείαν

149 2543 377 2613 Περσῶν
406 2559 418 2572 ·
451 2540 539 2592 τὸν
566 2540 660 2609 μὲν
690 2539 838 2608 κριὸν
876 2540 964 2590 τὸν
1000 2537 1218 2606 βασιλέα
1253 2535 1472 2604 Περσῶν
1509 2535 1701 2601 λέγων,

147 2631 242 2681 τὸν
296 2630 351 2681 δὲ
404 2628 600 2697 τράγον
663 2625 1004 2694 Ἀλέξανδρον
1049 2624 1139 2675 τὸν
1178 2624 1478 2675 Μακεδόνα.
1540 2622 1602 2673 Ἢ
1649 2623 1704 2674 δέ

145 2717 356 2785 ἐσχάτη
386 2717 568 2784 ὅρασις
601 2713 851 2773 ἐνταῦθα,
900 2713 1025 2782 περὶ
1064 2711 1162 2780 τῆς
1215 2711 1526 2780 βασιλίσσης
1555 2711 1703 2762 νότου

149 2803 318 2870 φησὶν
349 2804 404 2853 ἐν
432 2799 507 2868 τῷ
550 2799 736 2868 βιϐλίῳ
780 2798 885 2851 τῶν
932 2797 1298 2851 Μακκαϐαίων
1344 2797 1701 2866 εὑρίσκεσθαι.

146 2890 257 2941 Τὸν
311 2888 418 2955 Βὴλ
461 2888 730 2955 κατασπᾷ,
777 2885 868 2938 καὶ
896 2884 984 2936 τὸν
1033 2883 1298 2953 δράκοντα
1345 2884 1592 2951 ἀναιρεῖο
1628 2885 1706 2946 εἰς

147 2975 243 3026 τὸν
277 2975 472 3027 λάκκον
500 2974 818 3042 ἐμϐάλλεται
848 2972 940 3024 καὶ
974 2971 1310 3034 διασώζεται,
1337 2970 1428 3022 καὶ
1469 2971 1516 3021 οἱ
1548 2971 1706 3024 αἴτιοι

147 3061 246 3115 τοῦ
279 3059 607 3131 ἐμϐληθῆναι
635 3059 794 3113 αὑτὸν
824 3057 1176 3129 ἐμϐάλλονται
1211 3057 1302 3111 καὶ
1335 3057 1707 3111 ἀναλίσκονται

152 3148 263 3200 ὑπὸ
292 3146 398 3200 τῶν
423 3147 666 3200 λεόντων.

843 3238 1032 3306 Ὡσηέ.

224 3337 516 3392 Κελεύεται
558 3336 739 3389 λαϐεῖν
768 3339 998 3403 γυναῖκα
1046 3335 1268 3404 πόρνην,
1302 3335 1393 3387 καὶ
1433 3335 1501 3386 τὰ
1533 3335 1707 3387 τικτό-

155 3439 299 3490 μενα
349 3419 533 3472 παιδία
582 3417 838 3487 ὀνομάσαι
879 3414 1147 3482 Ἰεζραὴλ,
1191 3418 1309 3468 Οὐκ
1352 3416 1709 3482 ἡλεημένην,

152 3503 250 3555 καὶ
287 3503 367 3554 Οὐ
391 3501 538 3563 λαός
575 3517 710 3566 μου.
754 3499 861 3551 Kal
896 3498 1111 3564 ἐγκαλεῖ
1143 3497 1218 3566 τῷ
1269 3496 1379 3563 λαῷ
1425 3498 1707 3566 πορνείαν·

150 3586 250 3636 καὶ
278 3581 526 3652 προλέγει
548 3581 692 3647 αύτῷ
717 3578 1007 3640 ἀπώλειαν,
1039 3579 1128 3630 καὶ
1158 3577 1411 3646 χρήματά
1430 3594 1547 3629 τινα
1577 3578 1714 3646 μετά

149 3665 255 3733 τὴν
298 3661 592 3715 ἀπώλειαν.
639 3662 710 3712 Τὸ
760 3661 833 3722 δὲ,
863 3659 1221 3726 Διαθήσομαι
1257 3659 1547 3724 διαθήκην
1566 3659 1714 3725 μετὰ

148 3743 274 3796 τῶν
311 3743 526 3808 θηρίων
553 3739 655 3793 τοῦ
688 3741 896 3806 ἀγροῦ,
925 3740 1017 3792 καὶ
1045 3741 1493 3807 μνηστεύσομαι
1523 3739 1591 3790 ἐν
1621 3740 1715 3790 πί-

149 3840 309 3884 στει,
343 3823 560 3875 δύναται
606 3821 970 3890 λαμϐάνεσθαι
998 3822 1074 3882 είς
1105 3821 1229 3881 τοὺς
1260 3819 1606 3881 πιστεύοντας
1640 3817 1715 3888 τῷ

148 3903 396 3974 Χριστῷ.
449 3903 848 3972 Προστάσσεται
894 3901 1074 3952 λαϐεῖν
1128 3901 1356 3968 γυναῖκα
1418 3900 1711 3968 μοιχαλίδα,

155 3985 381 4055 μηνύων
434 3985 530 4052 τὴν
582 3984 852 4053 ἐρήμωσιν
904 3983 1008 4034 τῶν
1049 3982 1330 4045 Ἰουδαίων,
1361 3983 1450 4032 καὶ
1501 3981 1716 4049 ἐγκαλεῖ

151 4067 340 4127 αὐτοῖς
377 4062 542 4117 πολλὰ
573 4066 663 4116 καὶ
702 4063 908 4131 μεγάλα
946 4064 1330 4133 ἁμαρτήματα,
1361 4061 1437 4131 τῷ
1491 4079 1550 4114 τε
1604 4063 1714 4132 λαῷ

155 4148 255 4201 καὶ
272 4150 382 4208 τοῖς
413 4143 632 4216 ἱερεῦσι.
673 4144 952 4196 Διαϐάλλει
994 4162 1049 4196 τε
1081 4145 1274 4205 αὐτοὺς
1297 4145 1388 4195 καὶ
1418 4145 1497 4204 είς
1526 4144 1713 4212 μέθην,

154 4231 254 4284 καὶ
292 4231 370 4291 είς
412 4228 671 4297 μοιχείαν.
714 4229 805 4278 καὶ
855 4229 932 4288 εἰς
976 4227 1162 4295 θυμόν.
1204 4226 1451 4292 Ἐγκαλεῖ
1491 4226 1569 4278 ὅτι
1619 4225 1716 4294 τὴν

158 4311 351 4364 ιλπίδα
400 4309 506 4362 ἀπὺ
531 4307 624 4360 τοῦ
670 4308 801 4360 Θεοῦ
830 4309 1244 4375 μεταγαγόντες,
1285 4309 1374 4360 ἐπὶ
1408 4308 1717 4374 Ἀσσυρίους

157 4392 409 4464 ἤλπιζον,
459 4391 550 4444 καὶ
595 4389 908 4456 Αἰγυπτίοις
964 4389 1242 4460 ἐθάρρουν.
1300 4391 1406 4441 Καὶ
1466 4390 1717 4460 προλέγει

155 4477 345 4536 αὐτοῖς
365 4473 648 4542 τιμωρίας.
667 4471 823 4537 Λέγει
841 4472 918 4522 ὅτι
935 4471 1020 4522 διὰ
1033 4471 1093 4521 τὸ
1114 4469 1417 4539 βοηθεῖσθαι
1436 4472 1720 4539 γενόμενος

158 4555 384 4626 ίσχυρὸς
416 4558 443 4606 6
492 4553 744 4622 Ἐφραῖμ,
777 4553 873 4605 οὐκ
896 4553 970 4614 εἰς
999 4552 1112 4603 δέον
1140 4553 1404 4622 ἐχρήσατο
1430 4555 1491 4618 τῇ
1515 4553 1718 4622 εὐπρα-

154 4640 274 4708 γίᾳ.
296 4636 570 4687 Δείκνυσιν
593 4636 620 4686 ὁ
643 4633 772 4693 Θεὸς
800 4634 896 4700 τήν
925 4649 982 4682 τε
1016 4633 1202 4684 ἐαυτοῦ
1232 4634 1358 4702 περὶ
1386 4633 1508 4694 τοὺς
1546 4633 1718 4702 Ἰσρα-

151 4719 350 4788 ηλίτας
401 4714 755 4784 κηδεμονίαν,
803 4713 894 4764 καὶ
949 4713 1044 4780 τὴν
1107 4714 1324 4765 ἐκείνων
1383 4715 1509 4782 περὶ
1565 4715 1721 4766 αὑτὸν

153 4794 550 4867 ἀγνωμοσύνην
571 4810 583 4824 °
613 4795 704 4848 καὶ
725 4793 975 4863 προλέγει
1009 4795 1189 4855 αὐτοῖς
1224 4796 1520 4863 συμφοράς.

835 4901 996 4965 Ἰωήλ
1019 4907 1055 4954 ‘.

234 4996 536 5067 Διαφθοράν
562 4996 707 5064 λέγει
729 4996 834 5048 τῶν
854 4996 950 5064 τῆς
985 4994 1088 5062 γῆς
1125 4995 1370 5064 καρπῶν,
1401 4997 1491 5047 καὶ
1525 5014 1723 5066 παραι-

160 5087 245 5137 νεῖ
274 5079 654 5146 ἐξιλεὼσασθαι
680 5077 769 5129 τὸν
795 5077 942 5129 Θεόν.
969 5078 1078 5147 Τὴν
1111 5077 1292 5130 ἄνοδον
1313 5076 1403 5129 τοῦ
1442 5078 1724 5148 Ἀσσυρίου

161 5165 450 5237 προλέγει’
509 5159 841 5231 προφητεύει
878 5158 931 5211 δέ
982 5160 1074 5212 καὶ
1125 5159 1260 5228 μετά
1304 5159 1472 5212 ταῦτα
1519 5161 1728 5228 χρηστά

159 5265 307 5301 τινα.
349 5245 420 5297 Τὸ
465 5242 673 5312 συμϐὰν
715 5241 806 5292 ἐπὶ
834 5239 938 5292 τῶν
971 5241 1279 5293 ἀποστόλων
1326 5242 1385 5292 τὸ
1423 5241 1526 5292 τῶν
1557 5241 1728 5307 γλωσ-

165 5328 278 5382 σῶν
305 5326 576 5396 προλέγει.
595 5321 928 5393 Προφητεύει
949 5321 1002 5372 δὲ
1025 5322 1238 5373 καὶτῶν
1265 5323 1431 5375 ἐθνῶν
1462 5322 1728 5374 ἀπώλειαν

161 5411 264 5480 τὴν
288 5407 578 5476 γενομένην
612 5403 748 5474 μετὰ
786 5403 880 5472 τὴν
915 5402 1166 5455 ἐπάνοδον
1193 5405 1287 5472 τὴν
1318 5406 1381 5456 ἐκ
1420 5404 1731 5464 Βαϐυλῶνος

165 5491 259 5544 ἐπὶ
289 5486 606 5558 Ζοροϐάϐελ.
638 5486 786 5555 Ἔχει
825 5483 879 5536 δὲ
922 5485 1014 5536 καὶ
1055 5484 1373 5556 ἀλληγορίαν
1418 5485 1476 5536 τὸ
1538 5487 1731 5554 χωρίον

164 5590 325 5626 τουτο

227 5720 249 5742 ’
271 5720 328 5770 In
347 5733 459 5771 mss.
489 5720 616 5770 male
653 5719 824 5782 Ἀμώς.

1174 375 1503 436 SYNOPSIS
1544 373 1952 432 SCRlPTUBE
1990 374 2258 433 SACRE.

3240 387 3348 441 384

2455 491 2626 558 Ἀμώς
2653 501 2690 544 ⁸.

1856 567 1999 639 [590]
2029 571 2137 632 Τὰς
2154 570 2378 641 ἀνομίας
2405 572 2710 640 Δαμασκοῦ,
2739 572 2932 642 Γάζης,
2958 571 3154 641 Τύρου,
3174 571 3335 622 Ἰδου-

1789 650 1980 718 μαίων,
2029 651 2388 719 Ἀμμανιτῶν,
2421 653 2741 714 Μωαϐιτῶν,
2793 654 2958 706 Ἰούδα
2998 654 3089 704 καὶ
3126 652 3337 720 Ἰσραὴλ

1786 729 2053 798 προλέγει,
2084 731 2176 782 καὶ
2205 732 2300 792 τὰς
2321 731 2691 800 διαδεξομένας
2718 734 2910 794 αὐτοὺς
2937 733 3337 801 τιμωρίας.Τάς

1787 811 2097 879 εὐεργεσίας
2119 812 2214 873 τάς
2240 813 2317 874 είς
2343 815 2467 875 τοὺς
2499 813 2775 874 Ἰουδαίους
2796 815 3088 881 γενομένας
3116 814 3216 865 ὑπὸ
3243 813 3336 865 τοῦ

1786 897 1919 949 Θεοῦ
1973 899 2375 968 ἁπαριθμεῖται,
2407 902 2499 952 καὶ
2547 902 2641 972 τὴν
2706 902 2880 953 αὐτῶν
2925 903 3205 970 ὀλιγωρίαν
3245 903 3338 955 καὶ

1790 981 2199 1049 καταφρόνησιν,
2232 984 2323 1034 καὶ
2362 983 2427 1034 τὰ
2464 984 2821 1053 περιμένοντα
2871 986 3065 1048 αὐτοὺς
3109 985 3334 1053 χαλεπά.

1790 1062 1930 1128 Πρὸς
1967 1063 2062 1124 τὰς
2109 1065 2368 1129 γυναῖκας
2400 1064 2498 1132 τῆς
2548 1065 2851 1135 Σαμαρείας
2890 1069 2966 1128 εἰς
3027 1066 3213 1135 μέθην,
3262 1069 3340 1125 είς

1791 1144 2039 1211 ἁρπαγὴν
2070 1143 2361 1198 διαϐάλλων
2418 1147 2688 1215 προλέγει.
2736 1149 2992 1217 Προλέγει
3041 1148 3191 1216 λιμὸν
3249 1150 3342 1199 καὶ

1789 1225 2024 1277 διάλυσιν
2053 1226 2135 1278 διὰ
2158 1227 2216 1278 τὸ
2239 1229 2643 1298 ἀνεπίστροφον,
2682 1232 2771 1282 καὶ
2801 1232 2878 1282 ὅτι
2904 1231 3066 1282 πολλὰ
3112 1230 3339 1299 πληγέν-

1790 1323 1897 1370 τες,
1932 1309 2026 1359 ούκ
2052 1309 2295 1374 ἐγένοντο
2321 1311 2575 1378 βελτίους.
2621 1313 2866 1379 Ἐγκαλεῖ
2891 1313 2965 1381 τῷ
2996 1312 3222 1382 Ἰσραὴλ,
3261 1313 3342 1364 ὅτι

1794 1388 1924 1454 πρὸς
1947 1389 2069 1450 τοὺς
2093 1390 2404 1458 ἐλέγχοντας
2434 1395 2625 1455 αὐτοὺς
2668 1394 3057 1463 ἐδυσχέραινον,
3090 1396 3178 1446 καὶ
3209 1411 3344 1464 παρ-

1794 1472 1930 1521 αινεῖ
1981 1472 2298 1540 ἐπιστρέψαι
2355 1475 2485 1543 πρὸς
2537 1477 2626 1527 τὸν
2678 1478 2826 1530 Θεόν.
2880 1478 3113 1529 Ἀπειλεῖ
3160 1477 3346 1530 δὲκαὶ

1794 1553 1903 1613 τοῖς
1935 1552 2235 1615 ἀπιστοῦσι,
2258 1551 2359 1606 ’ὅτι
2401 1556 2519 1623 ἥξει
2549 1555 2617 1608 τὰ
2658 1558 2820 1610 κακά.
2873 1560 3006 1627 Περὶ
3038 1558 3212 1610 αὐτῶν
3240 1559 3346 1624 γάρ

1797 1648 1989 1701 φησιν’
2013 1635 2152 1686 Οὐαί
2184 1638 2236 1687 οἱ
2255 1635 2677 1704 ἐπιθυμοῦντες
2703 1637 2814 1704 τὴν
2847 1639 3071 1708 ἡμέραν
3105 1641 3343 1706 Κυρίου.

1797 1715 1947 1776 Τινὲς
1969 1715 2023 1766 δέ
2048 1716 2172 1767 αὐτὸ
2199 1716 2444 1778 ἐξέλαϐον
2471 1721 2548 1780 είς
2586 1720 2680 1789 τὴν
2705 1722 2996 1790 μέλλουσαν
3032 1722 3206 1789 κρίσιν
3233 1738 3244 1750 ·
3274 1721 3345 1781 ὠς

1799 1795 1891 1846 καὶ
1913 1797 1938 1833 b
1972 1795 2064 1848 νῦν
2089 1797 2195 1848 τῶν
2233 1799 2470 1850 ἀπίστων
2510 1800 2790 1867 λεγόντων,
2823 1805 2902 1854 ὅτι
2935 1805 3030 1854 ούκ
3062 1803 3210 1854 ἔσται
3237 1803 3350 1873 κρί-

1801 1894 1910 1939 σις·
1962 1881 2010 1930 εί
2063 1879 2118 1930 δέ
2151 1882 2323 1941 ἐστιν,
2372 1881 2583 1935 ἐλθέτω.
2626 1885 2954 1953 Παραίτησις
2999 1886 3102 1936 τῶν
3153 1884 3348 1954 ἑορτῶν

1801 1958 1994 2020 αὐτῶν,
2043 1961 2277 2014 καὶτῶν
2330 1962 2526 2014 θυσιῶν
2580 1966 2673 2017 καὶ
2734 1965 3062 2035 ψαλτηρίων.
3122 1968 3349 2034 Ἀστρον

1801 2039 1919 2092 θεοῦ
1964 2041 2162 2108 Ῥαφὰν
2205 2043 2293 2094 τὸν
2337 2045 2539 2112 Κρόνον
2568 2045 2740 2111 λέγει·
2785 2046 2968 2115 ἐπειδὴ
3019 2049 3064 2098 οἱ
3097 2047 3351 2114 Ἕλληνες

1799 2120 1874 2188 τῷ
1895 2120 1996 2190 θεῷ
2022 2123 2195 2174 αὐτῶν
2242 2125 2431 2193 Κρόνῳ
2477 2127 2568 2178 καὶ
2607 2128 2801 2197 ἄστρον
2831 2123 2966 2179 εἷναί
2993 2143 3152 2194 φασιν
3184 2128 3237 2177 ἐν
3267 2127 3353 2177 ού-

1804 2203 1967 2272 ρανῷ,
1992 2205 2081 2255 καὶ
2109 2204 2236 2256 αὐτὸ
2263 2207 2464 2278 Κρόνον
2509 2207 2746 2260 καλοῦσι.
2777 2209 2934 2275 Λέγει
2972 2209 3047 2270 δέ,
3082 2207 3175 2272 Μὴ
3210 2206 3356 2275 σφά-

1801 2301 1895 2351 για
1927 2284 2022 2337 καὶ
2075 2287 2288 2351 θυσίας
2329 2289 2773 2356 προσηνέγκατέ
2800 2308 2899 2358 μοι
2929 2290 3029 2355 ἐτη
3076 2288 3356 2354 τεσσαρά-

1802 2382 2013 2430 κοντα;
2039 2366 2168 2418 Ούδὲ
2212 2368 2316 2438 γὰρ
2346 2373 2707 2438 προσήνεγκεν
2737 2374 2764 2421 ὁ
2795 2372 2992 2439 δῆμος,
3025 2372 3156 2422 ἀλλὰ
3209 2372 3354 2438 μόνοι

1801 2449 1850 2499 οἱ
1883 2448 2154 2517 ἄρχοντες,
2184 2450 2269 2500 ὅτε
2308 2450 2433 2519 ἐστη
2477 2453 2510 2521 ή
2555 2453 2744 2521 σκηνή.
2791 2451 3051 2505 Ἐνταῦθα
3108 2451 3175 2504 τὰ
3231 2454 3356 2520 περὶ

1805 2530 2002 2592 παντὸς
2033 2531 2123 2581 τοῦ
2155 2531 2280 2584 λαοῦ
2315 2532 2480 2599 λέγει.
2517 2534 2797 2585 Διαϐάλλει
2831 2534 2882 2586 δέ
2916 2535 3109 2595 αὐτοὺς
3144 2534 3236 2584 καὶ
3277 2535 3355 2594 είς

1805 2611 2036 2682 ἄμετρον
2068 2612 2290 2682 τροφὴν,
2323 2616 2414 2665 καὶ
2447 2614 2695 2682 προλέγει
2726 2616 2903 2676 αὐτοῖς
2933 2615 3228 2683 συμφοράς.
3259 2615 3356 2666 Διὰ

1803 2693 1910 2745 τῶν
1942 2694 2191 2763 ἀκρίδων,
2220 2697 2310 2747 καὶ
2339 2697 2434 2764 τῆς
2465 2696 2743 2766 διαθήκης,
2775 2698 2865 2748 καὶ
2902 2697 2993 2748 τοῦ
3033 2698 3352 2766 ἀδάμαντος,

1805 2776 1902 2844 τήν
1938 2778 2145 2846 σφαγὴν
2174 2778 2345 2830 αὐτῶν
2369 2778 2714 2848 προφητεύει,
2740 2781 2831 2831 καὶ
2853 2780 3093 2848 δηλώσας
3132 2781 3356 2849 Ἀμεσίᾳ

1806 2859 1883 2929 τῷ
1916 2857 2121 2928 βασιλεῖ
2166 2859 2355 2922 ταῦτα,
2389 2858 2626 2928 βιάζεται
2656 2862 2742 2911 τὸν
2772 2863 3050 2931 προφήτην
3088 2862 3180 2913 καὶ
3226 2863 3359 2913 ἀπε-

1807 2939 2005 2994 λαύνει.
2041 2942 2097 2994 '0
2128 2943 2182 2994 δέ
2216 2942 2307 2995 καὶ
2341 2942 2485 3010 αὐτῷ
2519 2943 2766 3012 προλέγει
2803 2943 2942 2994 κακά
2989 2944 3080 2995 καὶ
3111 2944 3186 3011 τῷ
3225 2943 3356 3012 λαῷ.

1808 3024 1916 3076 Καὶ
1942 3025 2040 3093 ὁρᾷ
2066 3023 2228 3089 ἄγγος
2264 3023 2487 3085 ίξευτοῦ,
2518 3024 2610 3075 καὶ
2652 3023 2735 3075 διὰ
2766 3024 2952 3075 τούτου
2977 3024 3072 3092 τὴν
3105 3025 3359 3092 σύλληψιν

1810 3104 2002 3156 αὐτῶν.
2047 3104 2156 3165 Τὰς
2185 3104 2392 3165 ἀδικίας
2423 3104 2595 3156 αὐτῶν
2633 3105 2724 3156 καὶ
2758 3106 2852 3166 τὰς
2886 3106 3003 3173 βίας
3040 3107 3361 3176 ἀπαριθμεῖ-

1809 3205 1916 3247 ται,
1952 3187 2040 3238 καὶ
2080 3185 2143 3237 τὰ
2194 3185 2448 3253 μέλλοντα
2483 3185 2812 3249 διαδέξεσθαι
2845 3188 3038 3250 αὐτοὺς
3085 3190 3246 3240 κακά.
3289 3189 3361 3239 Τὸ

1809 3268 1883 3330 δέ,
1907 3268 2150 3320 Δύσεται
2181 3267 2349 3333 ἣλιος
2381 3269 2766 3334 μεσημϐρίας,
2806 3269 2884 3330 είς
2926 3269 3016 3320 τὸν
3044 3270 3230 3337 καιρὸν
3269 3267 3361 3318 τοῦ

1811 3349 2010 3410 πάθους
2036 3349 2128 3401 τοῦ
2168 3347 2398 3416 Χριστοῦ
2432 3348 2699 3418 προλέγει.
2740 3351 2871 3419 Περὶ
2898 3349 3000 3402 τῶν
3035 3352 3112 3410 είς
3134 3348 3362 3418 Χριστὸν

1813 3430 2166 3483 πιστευόντων
2193 3429 2462 3500 προλέγει.

2447 3512 2666 3566 Ἀϐδιού
2693 3525 2738 3565 ο.

1882 3593 1990 3662 Τὴν
2019 3593 2284 3661 τιμωρίαν
2317 3592 2422 3645 τῶν
2457 3594 2759 3661 Ἰδουμαίων
2794 3594 3075 3664 προλέγει,
3121 3595 3184 3662 ἢν
3238 3594 3365 3645 6:6-

1817 3691 2015 3742 στησαν
2053 3675 2138 3726 διὰ
2178 3675 2236 3726 τὸ
2281 3673 2655 3726 συνεπιθέσθαι
2686 3677 2799 3737 τοῖς
2837 3676 3194 3744 Ἰσραηλίταις
3231 3675 3368 3745 μετά

1816 3755 2028 3808 καὶτῶν
2060 3756 2258 3809 λοιπῶν
2289 3757 2576 3828 πολεμίων.
2611 3759 2742 3828 Περὶ
2785 3758 3121 3826 Ἐκκλησίας.

2485 3839 2696 3904 Ἰωνᾶς.

1897 3919 2074 3981 Ἰωνᾶς
2116 3919 2143 3970 ό
2197 3921 2476 3989 προφήτης
2506 3921 2602 3983 τὴν
2647 3923 2723 3982 είς
2755 3921 2982 3990 Θαρσεῖς
3027 3921 3202 3993 φυγὴν
3226 3962 3240 3985 ,
3277 3921 3369 3973 τὸν

1816 4001 2078 4064 κλύδωνα,
2112 4001 2209 4069 τὴν
2247 4002 2348 4053 ὑπὸ
2395 4001 2487 4053 τοῦ
2526 4005 2721 4070 κήτους
2767 4005 3081 4068 κατάποσιν,
3136 4006 3226 4056 καὶ
3272 4006 3369 4072 τὴν

1817 4083 2058 4152 ἐκϐολὴν,
2094 4084 2190 4151 τὴν
2216 4085 2494 4151 μετάνοιαν
2511 4085 2614 4136 τῶν
2641 4085 2686 4135 Ν
2696 4084 2952 4145 ινευῖτῶν,
2983 4085 3079 4154 τὴν
3101 4086 3370 4155 σωτηρίαν

1816 4168 1914 4233 τῆς
1958 4163 2300 4233 κολοκύνθης,
2351 4165 2448 4233 τὴν
2495 4165 2759 4230 ἀνάδοσιν,
2808 4167 2900 4218 καὶ
2948 4167 3045 4237 τὴν
3099 4168 3370 4220 ἀπώλειαν

1819 4246 2082 4317 περιέχει.

2452 4331 2706 4397 Μιχαίας
2745 4331 2793 4382 ἀ.

1888 4411 1996 4481 Τὴν
2017 4411 2274 4480 ἐσομένην
2296 4413 2568 4482 ἐρήμωσιν
2601 4415 2908 4484 Σαμαρείας
2924 4416 3015 4468 καὶ
3029 4413 3374 4486 Ἰερουσαλὴμ

1820 4493 2088 4564 προλέγει,
2111 4495 2203 4546 καὶ
2235 4493 2330 4562 τὴν
2361 4494 2536 4546 αἰτίαν
2561 4497 2894 4564 προστίθησι.
2928 4497 3072 4566 [591]
3109 4499 3371 4550 Συνάπτει

1820 4575 1874 4628 δέ
1896 4575 1987 4627 καὶ
2025 4574 2118 4644 τὴν
2153 4574 2332 4627 ἀνοδον
2358 4575 2531 4626 αὐτῶν
2559 4578 2654 4644 τὴν
2688 4577 2749 4628 ἐκ
2795 4578 3122 4640 Βαϐυλῶνος,
3178 4567 3374 4647 ἐγκλή-

1827 4674 1987 4726 ματα,
2023 4657 2349 4726 κατηγορίας
2394 4657 2500 4708 τῶν
2539 4658 2807 4726 ἀρχόντων
2851 4659 2940 4710 τοῦ
2986 4660 3110 4712 λαοῦ
3147 4661 3237 4713 καὶ
3267 4661 3372 4712 τῶν

1827 4739 2030 4809 ἱερέων,
2083 4739 2173 4790 καὶ
2209 4739 2678 4809 ψευδοπροφητῶν.
2728 4743 2860 4810 Περὶ
2913 4743 3006 4812 τῆς
3058 4744 3372 4812 Ἐκκλησίας

1824 4821 1920 4888 τῆς
1949 4819 2302 4888 πιστευούσης
2341 4821 2416 4882 είς
2445 4821 2534 4872 τὸν
2569 4823 2961 4893 Κύριονήμῶν,
2998 4825 3238 4894 καὶπερὶ
3275 4825 3373 4892 τῆς

1825 4903 1963 4962 Νέας
1981 4900 2265 4969 Διαθήκης.
2286 4900 2340 4952 '0
2357 4901 2461 4970 γὰρ
2479 4903 2736 4973 πρότερος
2757 4906 2915 4973 νόμος
2936 4909 3108 4958 ἐκεῖνα
3122 4906 3303 4972 ἐξῆλθε
3326 4916 3370 4943 ο·

1826 4987 1916 5036 καὶ
1945 4983 2070 5051 περὶ
2103 4982 2199 5051 τῆς
2220 4984 2451 5052 εἰρήνης.
2482 4986 2587 5036 Kal
2614 4987 2756 5039 κακὰ
2796 4988 2952 5040 πάλιν
2974 4992 3081 5050 τοῖς
3109 4989 3372 5050 Ἰουδαίοις

1828 5065 2163 5136 προλέγεται.
2206 5065 2338 5134 Περὶ
2370 5069 2466 5136 τῆς
2496 5068 2632 5119 κατὰ
2662 5070 2834 5136 σάρκα
2856 5069 2947 5120 τοῦ
2993 5070 3219 5136 Χριστοῦ
3252 5088 3376 5137 γεν-

1826 5150 2050 5216 νήσεως,
2103 5147 2195 5198 καὶ
2230 5148 2354 5216 περὶ
2408 5146 2506 5199 τῶν
2550 5152 2626 5210 εἰς
2675 5150 2832 5200 αὑτὸν
2863 5151 3234 5203 πιστευόντων.
3269 5151 3375 5202 Καὶ

1828 5229 1995 5280 ἕσται
2025 5227 2086 5278 τὸ
2116 5230 2447 5298 ὑπόλειμμα
2487 5230 2590 5282 τοῦ
2625 5230 2852 5281 Ἰακώϐ·
2888 5230 2914 5280 ὃ
2953 5231 3094 5297 λέγει
3130 5232 3331 5293 Παῦλος
3353 5234 3379 5281 6

1891 5350 1916 5413 fl
1941 5351 1992 5413 [ῃ
2029 5361 2139 5396 mss.
2167 5364 2417 5413 perperam
2437 5354 2651 5413 Μιχαίας·

1831 5409 1918 5529 eo:
1941 5409 2270 5517 lysvplg‘éus‘
2288 5415 2462 5462 similia
2499 5409 2648 5461 Habes
2686 5428 2827 5475 supra
2852 5416 3115 5465 Comment.
3145 5418 3190 5463 in
3215 5417 3381 5464 Isaiam

1896 5507 1917 5600 ξ
1947 5533 2000 5600 εει⁸
2026 5543 2132 5600 πιδε-
2166 5533 2243 5581 hic
2277 5533 2422 5588 Ἰωήλ·
2439 5547 2522 5594 pro
2554 5534 2741 5600 ξΛϐδιού
2768 5540 2961 5596 ponitur
2983 5538 3127 5600 male,

1893 5591 1918 5627 εἴ
2058 5593 2239 5659 ίῐι-πιξς.
2267 5591 2522 5659 ρςῐριξτόιη
2554 5595 2741 5644 ’Λϐδιού
2770 5591 2971 5659 bonitur
2997 5609 3082 5657 pro
3105 5597 3317 5659 Micth2

1899 5667 1920 5694 θ
1949 5651 2090 5718 lilu_d,
2113 5651 2460 5718 ἐκεῖναξέεῆλθε,
2487 5651 3102 5718 ουιτυριυηιόιηιιίιιο’ρει,
3130 5669 3220 5705 nec
3245 5656 3385 5708 video

1836 5715 2076 5775 quomodo
2100 5718 2251 5777 possit
2276 5716 2410 5764 locus
2437 5715 2714 5766 reslaurhri.
