  <div class='ocr_page' id='page_1' title='image "/cluster/home/n/w/nwhite01/storage/ocr_20150623/56/nnc1.0114695758/375.png"; bbox 0 0 3982 6218; ppageno 0'>
   <div class='ocr_carea' id='block_1_1' title="bbox 603 387 3093 460">
    <p class='ocr_par' dir='ltr' id='par_1_1' title="bbox 603 387 3093 460">
     <span class='ocr_line' id='line_1_1' title="bbox 603 387 3093 460; baseline -0.005 0"><span class='ocrx_word' id='word_1_1' title='bbox 603 405 712 460; x_wconf 87' lang='grc'>385</span> <span class='ocrx_word' id='word_1_2' title='bbox 1245 397 1302 448; x_wconf 86' lang='lat' dir='ltr'><strong>S.</strong></span> <span class='ocrx_word' id='word_1_3' title='bbox 1355 394 1635 452; x_wconf 78' lang='lat' dir='ltr'>JOANNIS</span> <span class='ocrx_word' id='word_1_4' title='bbox 1673 391 2157 450; x_wconf 71' lang='grc' dir='ltr'>οιιίιγδοετωιι</span> <span class='ocrx_word' id='word_1_5' title='bbox 2189 387 2506 445; x_wconf 74' lang='lat' dir='ltr'>ARCHIEP.</span> <span class='ocrx_word' id='word_1_6' title='bbox 2553 388 3093 448; x_wconf 80' lang='lat' dir='ltr'>CONSTANTINOP.</span> 
     </span>
    </p>
   </div>
   <div class='ocr_carea' id='block_1_2' title="bbox 611 497 3143 575">
    <p class='ocr_par' dir='ltr' id='par_1_2' title="bbox 611 497 3143 575">
     <span class='ocr_line' id='line_1_2' title="bbox 611 497 3143 575; baseline 0.006 -24"><span class='ocrx_word' id='word_1_7' title='bbox 611 497 914 560; x_wconf 69' lang='grc' dir='ltr'>ἀπόστολοξ,</span> <span class='ocrx_word' id='word_1_8' title='bbox 954 498 1025 551; x_wconf 86' lang='grc' dir='ltr'>Τὸ</span> <span class='ocrx_word' id='word_1_9' title='bbox 1046 502 1474 572; x_wconf 77' lang='grc' dir='ltr'>ἐγκατάλειμμα</span> <span class='ocrx_word' id='word_1_10' title='bbox 1501 507 1851 573; x_wconf 81' lang='grc' dir='ltr'>σωθήσεται.</span> <span class='ocrx_word' id='word_1_11' title='bbox 1873 504 2063 575; x_wconf 83' lang='grc' dir='ltr'>Κρίσις</span> <span class='ocrx_word' id='word_1_12' title='bbox 2077 504 2154 574; x_wconf 84' lang='grc' dir='ltr'>τῷ</span> <span class='ocrx_word' id='word_1_13' title='bbox 2923 504 3143 572; x_wconf 85' lang='grc' dir='ltr'>Ναούμ.</span> 
     </span>
    </p>
   </div>
   <div class='ocr_carea' id='block_1_3' title="bbox 614 577 3810 655">
    <p class='ocr_par' dir='ltr' id='par_1_3' title="bbox 614 577 3810 655">
     <span class='ocr_line' id='line_1_3' title="bbox 614 577 3810 655; baseline 0.003 -25"><span class='ocrx_word' id='word_1_14' title='bbox 614 577 794 646; x_wconf 82' lang='grc' dir='ltr'>Κυρίῳ</span> <span class='ocrx_word' id='word_1_15' title='bbox 821 579 952 648; x_wconf 89' lang='grc' dir='ltr'>πρὸς</span> <span class='ocrx_word' id='word_1_16' title='bbox 969 581 1059 632; x_wconf 92' lang='grc' dir='ltr'>τὸν</span> <span class='ocrx_word' id='word_1_17' title='bbox 1083 581 1205 634; x_wconf 84' lang='grc' dir='ltr'>λαὸν</span> <span class='ocrx_word' id='word_1_18' title='bbox 1229 585 1411 647; x_wconf 83' lang='grc' dir='ltr'>αὐτοῦ,</span> <span class='ocrx_word' id='word_1_19' title='bbox 1447 588 1537 638; x_wconf 79' lang='grc' dir='ltr'>καὶ</span> <span class='ocrx_word' id='word_1_20' title='bbox 1564 587 1670 638; x_wconf 87' lang='grc' dir='ltr'>τῶν</span> <span class='ocrx_word' id='word_1_21' title='bbox 1696 587 2015 655; x_wconf 81' lang='grc' dir='ltr'>εὐεργεσιῶν</span> <span class='ocrx_word' id='word_1_22' title='bbox 2054 586 2152 638; x_wconf 64' lang='lat' dir='ltr'><strong>at)—</strong></span> <span class='ocrx_word' id='word_1_23' title='bbox 2333 584 2468 654; x_wconf 77' lang='grc' dir='ltr'>Περὶ</span> <span class='ocrx_word' id='word_1_24' title='bbox 2489 585 2587 654; x_wconf 78' lang='grc' dir='ltr'>τῆς</span> <span class='ocrx_word' id='word_1_25' title='bbox 2602 583 2694 637; x_wconf 89' lang='grc' dir='ltr'>τοῦ</span> <span class='ocrx_word' id='word_1_26' title='bbox 2719 584 2854 638; x_wconf 71' lang='grc' dir='ltr'>Θεοῦ</span> <span class='ocrx_word' id='word_1_27' title='bbox 2880 586 3159 655; x_wconf 83' lang='grc' dir='ltr'>δυνάμεως</span> <span class='ocrx_word' id='word_1_28' title='bbox 3183 585 3512 653; x_wconf 66' lang='grc' dir='ltr'>διαλέγεταν</span> <span class='ocrx_word' id='word_1_29' title='bbox 3542 585 3672 655; x_wconf 77' lang='grc' dir='ltr'>περὶ</span> <span class='ocrx_word' id='word_1_30' title='bbox 3702 585 3810 639; x_wconf 74' lang='grc' dir='ltr'>τῶν</span> 
     </span>
    </p>
   </div>
   <div class='ocr_carea' id='block_1_4' title="bbox 609 658 3808 737">
    <p class='ocr_par' dir='ltr' id='par_1_4' title="bbox 609 658 3808 737">
     <span class='ocr_line' id='line_1_4' title="bbox 609 658 3808 737; baseline 0.003 -28"><span class='ocrx_word' id='word_1_31' title='bbox 609 658 701 711; x_wconf 90' lang='grc' dir='ltr'>τοῦ</span> <span class='ocrx_word' id='word_1_32' title='bbox 749 659 1142 729; x_wconf 80' lang='grc' dir='ltr'>ἀπαρίθμησις,</span> <span class='ocrx_word' id='word_1_33' title='bbox 1178 665 1271 715; x_wconf 77' lang='grc' dir='ltr'>καὶ</span> <span class='ocrx_word' id='word_1_34' title='bbox 1304 667 1628 737; x_wconf 81' lang='grc' dir='ltr'>παραίτησις</span> <span class='ocrx_word' id='word_1_35' title='bbox 1664 667 1879 720; x_wconf 87' lang='grc' dir='ltr'>θυσιῶν.</span> <span class='ocrx_word' id='word_1_36' title='bbox 1937 667 2156 720; x_wconf 83' lang='grc' dir='ltr'>Ἀποδύ-</span> <span class='ocrx_word' id='word_1_37' title='bbox 2261 665 2569 718; x_wconf 82' lang='grc' dir='ltr'>ἀποστόλων</span> <span class='ocrx_word' id='word_1_38' title='bbox 2599 666 2871 737; x_wconf 78' lang='grc' dir='ltr'>προλέγει.</span> <span class='ocrx_word' id='word_1_39' title='bbox 2918 668 3244 737; x_wconf 80' lang='grc' dir='ltr'>Προστίθησι</span> <span class='ocrx_word' id='word_1_40' title='bbox 3283 667 3338 719; x_wconf 82' lang='grc' dir='ltr'>δὲ</span> <span class='ocrx_word' id='word_1_41' title='bbox 3364 666 3456 719; x_wconf 75' lang='grc' dir='ltr'>καὶ</span> <span class='ocrx_word' id='word_1_42' title='bbox 3488 665 3586 735; x_wconf 74' lang='grc' dir='ltr'>τὴν</span> <span class='ocrx_word' id='word_1_43' title='bbox 3633 666 3808 719; x_wconf 72' lang='grc' dir='ltr'>ἄνοδον</span> 
     </span>
    </p>
   </div>
   <div class='ocr_carea' id='block_1_5' title="bbox 614 742 3810 818">
    <p class='ocr_par' dir='ltr' id='par_1_5' title="bbox 614 742 3810 818">
     <span class='ocr_line' id='line_1_5' title="bbox 614 742 3810 818; baseline 0.004 -29"><span class='ocrx_word' id='word_1_44' title='bbox 614 755 761 806; x_wconf 90' lang='grc' dir='ltr'>ρεται</span> <span class='ocrx_word' id='word_1_45' title='bbox 785 742 814 791; x_wconf 84' lang='grc' dir='ltr'>ὁ</span> <span class='ocrx_word' id='word_1_46' title='bbox 834 743 1112 812; x_wconf 83' lang='grc' dir='ltr'>προφήτης</span> <span class='ocrx_word' id='word_1_47' title='bbox 1137 744 1212 806; x_wconf 85' lang='grc' dir='ltr'>ὡς</span> <span class='ocrx_word' id='word_1_48' title='bbox 1228 746 1334 797; x_wconf 86' lang='grc' dir='ltr'>τῶν</span> <span class='ocrx_word' id='word_1_49' title='bbox 1363 747 1581 800; x_wconf 85' lang='grc' dir='ltr'>δικαίων</span> <span class='ocrx_word' id='word_1_50' title='bbox 1608 749 1698 800; x_wconf 76' lang='grc' dir='ltr'>καὶ</span> <span class='ocrx_word' id='word_1_51' title='bbox 1713 749 1928 815; x_wconf 79' lang='grc' dir='ltr'>ἀγαθῶν</span> <span class='ocrx_word' id='word_1_52' title='bbox 1953 749 2157 818; x_wconf 81' lang='grc' dir='ltr'>ἀνδρῶν</span> <span class='ocrx_word' id='word_1_53' title='bbox 2264 746 2612 800; x_wconf 76' lang='grc' dir='ltr'>Βαϐυλωνίων</span> <span class='ocrx_word' id='word_1_54' title='bbox 2645 748 2783 801; x_wconf 77' lang='grc' dir='ltr'>κατὰ</span> <span class='ocrx_word' id='word_1_55' title='bbox 2819 749 3108 801; x_wconf 86' lang='grc' dir='ltr'>Νινευῖτῶν</span> <span class='ocrx_word' id='word_1_56' title='bbox 3157 749 3490 818; x_wconf 82' lang='grc' dir='ltr'>κατακράτος</span> <span class='ocrx_word' id='word_1_57' title='bbox 3538 749 3810 818; x_wconf 74' lang='grc' dir='ltr'>αἰχμαλω-</span> 
     </span>
    </p>
   </div>
   <div class='ocr_carea' id='block_1_6' title="bbox 614 819 3809 901">
    <p class='ocr_par' dir='ltr' id='par_1_6' title="bbox 614 819 3809 901">
     <span class='ocr_line' id='line_1_6' title="bbox 614 819 3809 901; baseline 0.004 -31"><span class='ocrx_word' id='word_1_58' title='bbox 614 819 983 876; x_wconf 87' lang='grc' dir='ltr'>ἐκλειπόντων.</span> <span class='ocrx_word' id='word_1_59' title='bbox 1013 825 1122 876; x_wconf 76' lang='grc' dir='ltr'>Καὶ</span> <span class='ocrx_word' id='word_1_60' title='bbox 1146 826 1278 893; x_wconf 84' lang='grc' dir='ltr'>πρὸς</span> <span class='ocrx_word' id='word_1_61' title='bbox 1305 827 1384 896; x_wconf 86' lang='grc' dir='ltr'>τῷ</span> <span class='ocrx_word' id='word_1_62' title='bbox 1419 829 1560 880; x_wconf 77' lang='grc' dir='ltr'>τέλει</span> <span class='ocrx_word' id='word_1_63' title='bbox 1593 829 1730 897; x_wconf 83' lang='grc' dir='ltr'>μετὰ</span> <span class='ocrx_word' id='word_1_64' title='bbox 1773 830 1836 882; x_wconf 89' lang='grc' dir='ltr'>τὸ</span> <span class='ocrx_word' id='word_1_65' title='bbox 1871 830 2157 896; x_wconf 73' lang='grc' dir='ltr'>ἐγκαλέσαι</span> <span class='ocrx_word' id='word_1_66' title='bbox 2265 828 2403 880; x_wconf 91' lang='grc' dir='ltr'>σίαν.</span> <span class='ocrx_word' id='word_1_67' title='bbox 2421 829 2583 896; x_wconf 90' lang='grc' dir='ltr'>Λέγει</span> <span class='ocrx_word' id='word_1_68' title='bbox 2602 830 2659 882; x_wconf 84' lang='grc' dir='ltr'>δὲ</span> <span class='ocrx_word' id='word_1_69' title='bbox 2687 831 2778 883; x_wconf 60' lang='grc' dir='ltr'>καὶ⁵</span> <span class='ocrx_word' id='word_1_70' title='bbox 2801 830 2897 898; x_wconf 83' lang='grc' dir='ltr'>τὴν</span> <span class='ocrx_word' id='word_1_71' title='bbox 2911 830 3132 900; x_wconf 87' lang='grc' dir='ltr'>δύναμιν</span> <span class='ocrx_word' id='word_1_72' title='bbox 3156 832 3323 901; x_wconf 84' lang='grc' dir='ltr'>αὐτῆς</span> <span class='ocrx_word' id='word_1_73' title='bbox 3351 829 3548 882; x_wconf 77' lang='grc' dir='ltr'>καὶτὸν</span> <span class='ocrx_word' id='word_1_74' title='bbox 3568 829 3809 896; x_wconf 73' lang='grc' dir='ltr'>πλοῦτον,</span> 
     </span>
    </p>
   </div>
   <div class='ocr_carea' id='block_1_7' title="bbox 613 901 3161 981">
    <p class='ocr_par' dir='ltr' id='par_1_7' title="bbox 613 901 3161 981">
     <span class='ocr_line' id='line_1_7' title="bbox 613 901 3161 981; baseline 0.005 -29"><span class='ocrx_word' id='word_1_75' title='bbox 613 901 704 981; x_wconf 76' lang='grc' dir='ltr'>καὶ</span> <span class='ocrx_word' id='word_1_76' title='bbox 725 903 1011 974; x_wconf 81' lang='grc' dir='ltr'>ἀπειλῆσαι</span> <span class='ocrx_word' id='word_1_77' title='bbox 1042 909 1324 978; x_wconf 74' lang='grc' dir='ltr'>συμφορὰς</span> <span class='ocrx_word' id='word_1_78' title='bbox 1356 910 1616 980; x_wconf 81' lang='grc' dir='ltr'>μεγάλας,</span> <span class='ocrx_word' id='word_1_79' title='bbox 1634 909 1842 979; x_wconf 83' lang='grc' dir='ltr'>χρηστὰ</span> <span class='ocrx_word' id='word_1_80' title='bbox 1863 910 2162 981; x_wconf 85' lang='grc' dir='ltr'>προμηνύει</span> <span class='ocrx_word' id='word_1_81' title='bbox 2266 909 2324 962; x_wconf 80' lang='grc' dir='ltr'>δν</span> <span class='ocrx_word' id='word_1_82' title='bbox 2347 904 2458 977; x_wconf 76' lang='grc' dir='ltr'>εἶχε</span> <span class='ocrx_word' id='word_1_83' title='bbox 2489 911 2616 981; x_wconf 73' lang='grc' dir='ltr'>πρὶν</span> <span class='ocrx_word' id='word_1_84' title='bbox 2640 912 3161 980; x_wconf 85' lang='grc' dir='ltr'>αίχμαλωτευθῆναι.</span> 
     </span>
    </p>
   </div>
   <div class='ocr_carea' id='block_1_8' title="bbox 611 979 3509 1065">
    <p class='ocr_par' dir='ltr' id='par_1_8' title="bbox 611 979 3509 1065">
     <span class='ocr_line' id='line_1_8' title="bbox 611 979 3509 1065; baseline 0.008 -37"><span class='ocrx_word' id='word_1_85' title='bbox 611 979 688 1047; x_wconf 83' lang='grc' dir='ltr'>τῷ</span> <span class='ocrx_word' id='word_1_86' title='bbox 725 983 954 1057; x_wconf 72' lang='grc' dir='ltr'>Ἰσραήλ,</span> <span class='ocrx_word' id='word_1_87' title='bbox 1364 979 1367 980; x_wconf 56' lang='grc'><strong><em>⁷</em></strong></span> <span class='ocrx_word' id='word_1_88' title='bbox 2035 979 2043 981; x_wconf 13' lang='grc' dir='ltr'>ἡ</span> <span class='ocrx_word' id='word_1_89' title='bbox 2533 979 2541 981; x_wconf 17' lang='grc' dir='ltr'><strong><em>ὴ</em></strong></span> <span class='ocrx_word' id='word_1_90' title='bbox 2575 979 2864 1059; x_wconf 79' lang='grc' dir='ltr'>Ἓωςῶδε</span> <span class='ocrx_word' id='word_1_91' title='bbox 2891 989 3013 1060; x_wconf 79' lang='grc' dir='ltr'>εἶχε</span> <span class='ocrx_word' id='word_1_92' title='bbox 3042 979 3110 1047; x_wconf 76' lang='grc' dir='ltr'>τὸ</span> <span class='ocrx_word' id='word_1_93' title='bbox 3131 995 3509 1065; x_wconf 67' lang='grc' dir='ltr'>ἀντίγραφον.</span> 
     </span>
    </p>
   </div>
   <div class='ocr_carea' id='block_1_9' title="bbox 3709 401 3816 454">
    <p class='ocr_par' dir='ltr' id='par_1_9' title="bbox 3709 401 3816 454">
     <span class='ocr_line' id='line_1_9' title="bbox 3709 401 3816 454; baseline -0.028 0"><span class='ocrx_word' id='word_1_94' title='bbox 3709 401 3816 454; x_wconf 79' lang='grc' dir='ltr'>38ίί</span> 
     </span>
    </p>
   </div>
   <div class='ocr_carea' id='block_1_10' title="bbox 2021 1641 2392 1708">
    <p class='ocr_par' dir='ltr' id='par_1_10' title="bbox 2021 1641 2392 1708">
     <span class='ocr_line' id='line_1_10' title="bbox 2021 1641 2392 1708; baseline 0.011 -3"><span class='ocrx_word' id='word_1_95' title='bbox 2021 1641 2392 1708; x_wconf 82' lang='lat' dir='ltr'>MONITUM</span> 
     </span>
    </p>
   </div>
   <div class='ocr_carea' id='block_1_11' title="bbox 672 1887 3818 1975">
    <p class='ocr_par' dir='ltr' id='par_1_11' title="bbox 672 1887 3818 1975">
     <span class='ocr_line' id='line_1_11' title="bbox 672 1887 3818 1975; baseline 0.004 -31"><span class='ocrx_word' id='word_1_96' title='bbox 672 1889 816 1944; x_wconf 83' lang='lat' dir='ltr'><strong>Inter</strong></span> <span class='ocrx_word' id='word_1_97' title='bbox 844 1891 1028 1958; x_wconf 87' lang='lat' dir='ltr'><strong>spuria</strong></span> <span class='ocrx_word' id='word_1_98' title='bbox 1074 1890 1354 1946; x_wconf 75' lang='lat' dir='ltr'>Athanasii</span> <span class='ocrx_word' id='word_1_99' title='bbox 1383 1905 1548 1961; x_wconf 86' lang='lat' dir='ltr'><strong>opera</strong></span> <span class='ocrx_word' id='word_1_100' title='bbox 1582 1887 1868 1947; x_wconf 71' lang='lat' dir='ltr'><strong>Domitiam</strong></span> <span class='ocrx_word' id='word_1_101' title='bbox 1909 1893 2155 1949; x_wconf 87' lang='lat' dir='ltr'>dedimus</span> <span class='ocrx_word' id='word_1_102' title='bbox 2181 1934 2196 1961; x_wconf 92' lang='lat'>,</span> <span class='ocrx_word' id='word_1_103' title='bbox 2239 1910 2293 1964; x_wconf 92' lang='lat' dir='ltr'>p.</span> <span class='ocrx_word' id='word_1_104' title='bbox 2329 1891 2452 1961; x_wconf 72' lang='lat' dir='ltr'>MO,</span> <span class='ocrx_word' id='word_1_105' title='bbox 2496 1895 2652 1966; x_wconf 87' lang='lat' dir='ltr'><strong>cujus</strong></span> <span class='ocrx_word' id='word_1_106' title='bbox 2691 1896 2902 1950; x_wconf 91' lang='lat' dir='ltr'><strong>initium</strong></span> <span class='ocrx_word' id='word_1_107' title='bbox 2953 1905 3036 1953; x_wconf 87' lang='lat' dir='ltr'><strong>est.</strong></span> <span class='ocrx_word' id='word_1_108' title='bbox 3076 1898 3280 1965; x_wconf 79' lang='lat' dir='ltr'><strong>Graece,</strong></span> <span class='ocrx_word' id='word_1_109' title='bbox 3315 1901 3627 1975; x_wconf 76' lang='grc' dir='ltr'>Μυστήριον</span> <span class='ocrx_word' id='word_1_110' title='bbox 3670 1904 3818 1969; x_wconf 80' lang='grc' dir='ltr'>ξένον</span> 
     </span>
    </p>
   </div>
   <div class='ocr_carea' id='block_1_12' title="bbox 600 2003 2163 2094">
    <p class='ocr_par' dir='ltr' id='par_1_12' title="bbox 600 2003 2159 2087">
     <span class='ocr_line' id='line_1_12' title="bbox 600 2003 2159 2087; baseline 0.007 -29"><span class='ocrx_word' id='word_1_111' title='bbox 600 2003 802 2076; x_wconf 79' lang='grc' dir='ltr'>βλέπω,</span> <span class='ocrx_word' id='word_1_112' title='bbox 826 2013 928 2068; x_wconf 91' lang='lat' dir='ltr'>hoc</span> <span class='ocrx_word' id='word_1_113' title='bbox 953 2027 1053 2081; x_wconf 89' lang='lat' dir='ltr'><strong>est,</strong></span> <span class='ocrx_word' id='word_1_114' title='bbox 1087 2017 1389 2087; x_wconf 72' lang='lat' dir='ltr'><strong>Myslet&#39;tum</strong></span> <span class='ocrx_word' id='word_1_115' title='bbox 1418 2036 1603 2073; x_wconf 86' lang='lat' dir='ltr'><strong>novum</strong></span> <span class='ocrx_word' id='word_1_116' title='bbox 1633 2019 1778 2072; x_wconf 76' lang='lat' dir='ltr'><strong>video</strong></span> <span class='ocrx_word' id='word_1_117' title='bbox 1802 2056 1816 2080; x_wconf 92' lang='lat'>,</span> <span class='ocrx_word' id='word_1_118' title='bbox 1847 2032 1966 2071; x_wconf 91' lang='lat' dir='ltr'>cum</span> <span class='ocrx_word' id='word_1_119' title='bbox 2007 2016 2159 2070; x_wconf 77' lang='lat' dir='ltr'>titulo</span> 
     </span>
    </p>
   </div>
   <div class='ocr_carea' id='block_1_13' title="bbox 2271 2003 3820 2094">
    <p class='ocr_par' dir='ltr' id='par_1_13' title="bbox 2271 2016 3820 2094">
     <span class='ocr_line' id='line_1_13' title="bbox 2271 2016 3820 2094; baseline 0.007 -28"><span class='ocrx_word' id='word_1_120' title='bbox 2271 2017 2316 2078; x_wconf 80' lang='grc' dir='ltr'>ις</span> <span class='ocrx_word' id='word_1_121' title='bbox 2352 2016 2450 2085; x_wconf 79' lang='grc' dir='ltr'>τὴν</span> <span class='ocrx_word' id='word_1_122' title='bbox 2477 2017 2728 2087; x_wconf 80' lang='grc' dir='ltr'>γέννησιν</span> <span class='ocrx_word' id='word_1_123' title='bbox 2771 2020 2865 2074; x_wconf 90' lang='grc' dir='ltr'>τοῦ</span> <span class='ocrx_word' id='word_1_124' title='bbox 2901 2021 3154 2091; x_wconf 81' lang='grc' dir='ltr'>Χριστοῦ,</span> <span class='ocrx_word' id='word_1_125' title='bbox 3191 2023 3292 2076; x_wconf 90' lang='lat' dir='ltr'>hoc</span> <span class='ocrx_word' id='word_1_126' title='bbox 3340 2031 3456 2087; x_wconf 80' lang='lat' dir='ltr'><strong>est,</strong></span> <span class='ocrx_word' id='word_1_127' title='bbox 3487 2019 3550 2076; x_wconf 86' lang='lat' dir='ltr'><strong>In</strong></span> <span class='ocrx_word' id='word_1_128' title='bbox 3599 2039 3820 2094; x_wconf 73' lang='lat' dir='ltr'><strong>genera-</strong></span> 
     </span>
    </p>
   </div>
   <div class='ocr_carea' id='block_1_14' title="bbox 604 2127 3819 2207">
    <p class='ocr_par' dir='ltr' id='par_1_14' title="bbox 604 2127 3819 2207">
     <span class='ocr_line' id='line_1_14' title="bbox 604 2127 3819 2207; baseline 0.005 -29"><span class='ocrx_word' id='word_1_129' title='bbox 604 2127 792 2183; x_wconf 81' lang='lat' dir='ltr'><strong>tionem</strong></span> <span class='ocrx_word' id='word_1_130' title='bbox 819 2132 1032 2190; x_wconf 73' lang='lat' dir='ltr'><strong>Christi.</strong></span> <span class='ocrx_word' id='word_1_131' title='bbox 1064 2137 1277 2191; x_wconf 89' lang='lat' dir='ltr'><strong>Initium</strong></span> <span class='ocrx_word' id='word_1_132' title='bbox 1318 2152 1480 2206; x_wconf 89' lang='lat' dir='ltr'><strong>porro</strong></span> <span class='ocrx_word' id='word_1_133' title='bbox 1525 2136 1652 2190; x_wconf 92' lang='lat' dir='ltr'><strong>illud</strong></span> <span class='ocrx_word' id='word_1_134' title='bbox 1695 2136 1925 2206; x_wconf 88' lang='lat' dir='ltr'><strong>idipsum</strong></span> <span class='ocrx_word' id='word_1_135' title='bbox 1968 2144 2051 2189; x_wconf 89' lang='lat' dir='ltr'>est</span> <span class='ocrx_word' id='word_1_136' title='bbox 2081 2135 2224 2203; x_wconf 85' lang='lat' dir='ltr'><strong>quod</strong></span> <span class='ocrx_word' id='word_1_137' title='bbox 2255 2134 2450 2203; x_wconf 83' lang='lat' dir='ltr'><strong>hujus,</strong></span> <span class='ocrx_word' id='word_1_138' title='bbox 2486 2150 2607 2204; x_wconf 72' lang='lat' dir='ltr'><strong>qua:</strong></span> <span class='ocrx_word' id='word_1_139' title='bbox 2640 2135 3008 2207; x_wconf 87' lang='lat' dir='ltr'><strong>Cbrysostomi</strong></span> <span class='ocrx_word' id='word_1_140' title='bbox 3043 2136 3260 2192; x_wconf 88' lang='lat' dir='ltr'><strong>nomine</strong></span> <span class='ocrx_word' id='word_1_141' title='bbox 3287 2136 3684 2204; x_wconf 77' lang='lat' dir='ltr'><strong>circumfertur,</strong></span> <span class='ocrx_word' id='word_1_142' title='bbox 3719 2137 3819 2193; x_wconf 87' lang='lat' dir='ltr'><strong>bo-</strong></span> 
     </span>
    </p>
   </div>
   <div class='ocr_carea' id='block_1_15' title="bbox 604 2239 3819 2320">
    <p class='ocr_par' dir='ltr' id='par_1_15' title="bbox 604 2239 3819 2320">
     <span class='ocr_line' id='line_1_15' title="bbox 604 2239 3819 2320; baseline 0.003 -29"><span class='ocrx_word' id='word_1_143' title='bbox 604 2239 758 2294; x_wconf 72' lang='lat' dir='ltr'><strong>milia:</strong></span> <span class='ocrx_word' id='word_1_144' title='bbox 791 2257 803 2292; x_wconf 89' lang='lat'><strong>:</strong></span> <span class='ocrx_word' id='word_1_145' title='bbox 833 2259 934 2299; x_wconf 89' lang='lat' dir='ltr'>nec</span> <span class='ocrx_word' id='word_1_146' title='bbox 961 2245 1168 2300; x_wconf 88' lang='lat' dir='ltr'><strong>initium</strong></span> <span class='ocrx_word' id='word_1_147' title='bbox 1197 2249 1376 2313; x_wconf 89' lang='lat' dir='ltr'><strong>modo,</strong></span> <span class='ocrx_word' id='word_1_148' title='bbox 1405 2249 1498 2302; x_wconf 91' lang='lat' dir='ltr'>sed</span> <span class='ocrx_word' id='word_1_149' title='bbox 1533 2249 1692 2302; x_wconf 86' lang='lat' dir='ltr'><strong>etiam</strong></span> <span class='ocrx_word' id='word_1_150' title='bbox 1727 2247 1826 2300; x_wconf 87' lang='lat' dir='ltr'><strong>alia</strong></span> <span class='ocrx_word' id='word_1_151' title='bbox 1857 2262 1964 2300; x_wconf 92' lang='lat' dir='ltr'>non</span> <span class='ocrx_word' id='word_1_152' title='bbox 2015 2262 2183 2316; x_wconf 88' lang='lat' dir='ltr'><strong>pauca</strong></span> <span class='ocrx_word' id='word_1_153' title='bbox 2223 2245 2350 2301; x_wconf 93' lang='lat' dir='ltr'><strong>hinc</strong></span> <span class='ocrx_word' id='word_1_154' title='bbox 2377 2254 2432 2301; x_wconf 90' lang='lat' dir='ltr'>et</span> <span class='ocrx_word' id='word_1_155' title='bbox 2459 2246 2587 2300; x_wconf 89' lang='lat' dir='ltr'><strong>inde</strong></span> <span class='ocrx_word' id='word_1_156' title='bbox 2620 2261 2687 2300; x_wconf 79' lang='lat' dir='ltr'><strong>ex</strong></span> <span class='ocrx_word' id='word_1_157' title='bbox 2717 2248 2819 2302; x_wconf 85' lang='lat' dir='ltr'>hac</span> <span class='ocrx_word' id='word_1_158' title='bbox 2852 2248 3069 2303; x_wconf 89' lang='lat' dir='ltr'><strong>homilia</strong></span> <span class='ocrx_word' id='word_1_159' title='bbox 3116 2250 3388 2319; x_wconf 84' lang='lat' dir='ltr'><strong>decerpsit</strong></span> <span class='ocrx_word' id='word_1_160' title='bbox 3431 2250 3495 2315; x_wconf 91' lang='lat' dir='ltr'>is,</span> <span class='ocrx_word' id='word_1_161' title='bbox 3535 2249 3626 2320; x_wconf 88' lang='lat' dir='ltr'><strong>qui</strong></span> <span class='ocrx_word' id='word_1_162' title='bbox 3674 2248 3819 2303; x_wconf 85' lang='lat' dir='ltr'><strong>illam</strong></span> 
     </span>
    </p>
   </div>
   <div class='ocr_carea' id='block_1_16' title="bbox 599 2354 3819 2430">
    <p class='ocr_par' dir='ltr' id='par_1_16' title="bbox 599 2354 3819 2430">
     <span class='ocr_line' id='line_1_16' title="bbox 599 2354 3819 2430; baseline 0.002 -23"><span class='ocrx_word' id='word_1_163' title='bbox 599 2354 879 2408; x_wconf 80' lang='lat' dir='ltr'><strong>Athanasii</strong></span> <span class='ocrx_word' id='word_1_164' title='bbox 917 2356 1136 2410; x_wconf 85' lang='lat' dir='ltr'><strong>nomine</strong></span> <span class='ocrx_word' id='word_1_165' title='bbox 1166 2356 1579 2412; x_wconf 86' lang='lat' dir='ltr'><strong>consarcinavit.</strong></span> <span class='ocrx_word' id='word_1_166' title='bbox 1629 2357 1753 2411; x_wconf 68' lang='lat' dir='ltr'><strong>llazc</strong></span> <span class='ocrx_word' id='word_1_167' title='bbox 1787 2367 1965 2411; x_wconf 86' lang='lat' dir='ltr'><strong>autem</strong></span> <span class='ocrx_word' id='word_1_168' title='bbox 2009 2357 2077 2411; x_wconf 89' lang='lat' dir='ltr'>de</span> <span class='ocrx_word' id='word_1_169' title='bbox 2121 2370 2224 2425; x_wconf 85' lang='lat' dir='ltr'>qua</span> <span class='ocrx_word' id='word_1_170' title='bbox 2261 2369 2405 2412; x_wconf 87' lang='lat' dir='ltr'><strong>nunc</strong></span> <span class='ocrx_word' id='word_1_171' title='bbox 2440 2357 2649 2427; x_wconf 77' lang='lat' dir='ltr'><strong>agimus</strong></span> <span class='ocrx_word' id='word_1_172' title='bbox 2695 2357 2914 2412; x_wconf 91' lang='lat' dir='ltr'><strong>homilia</strong></span> <span class='ocrx_word' id='word_1_173' title='bbox 2945 2375 3061 2414; x_wconf 67' lang='lat' dir='ltr'><strong>aevo</strong></span> <span class='ocrx_word' id='word_1_174' title='bbox 3096 2360 3399 2415; x_wconf 89' lang='lat' dir='ltr'><strong>certissime</strong></span> <span class='ocrx_word' id='word_1_175' title='bbox 3450 2359 3819 2430; x_wconf 81' lang='lat' dir='ltr'><strong>Chrysostomi</strong></span> 
     </span>
    </p>
   </div>
   <div class='ocr_carea' id='block_1_17' title="bbox 597 2466 3818 2542">
    <p class='ocr_par' dir='ltr' id='par_1_17' title="bbox 597 2466 3818 2542">
     <span class='ocr_line' id='line_1_17' title="bbox 597 2466 3818 2542; baseline 0.001 -20"><span class='ocrx_word' id='word_1_176' title='bbox 597 2467 796 2522; x_wconf 82' lang='lat' dir='ltr'><strong>emissa</strong></span> <span class='ocrx_word' id='word_1_177' title='bbox 834 2466 935 2524; x_wconf 78' lang='lat' dir='ltr'><strong>fuit</strong></span> <span class='ocrx_word' id='word_1_178' title='bbox 963 2485 976 2521; x_wconf 92' lang='lat'>:</span> <span class='ocrx_word' id='word_1_179' title='bbox 1001 2484 1124 2522; x_wconf 82' lang='lat' dir='ltr'>nam</span> <span class='ocrx_word' id='word_1_180' title='bbox 1164 2469 1392 2538; x_wconf 79' lang='lat' dir='ltr'><strong>Cyrillus</strong></span> <span class='ocrx_word' id='word_1_181' title='bbox 1425 2471 1562 2526; x_wconf 89' lang='lat' dir='ltr'><strong>libro</strong></span> <span class='ocrx_word' id='word_1_182' title='bbox 1609 2471 1676 2524; x_wconf 88' lang='lat' dir='ltr'>ad</span> <span class='ocrx_word' id='word_1_183' title='bbox 1718 2470 1969 2540; x_wconf 82' lang='lat' dir='ltr'><strong>Reginas,</strong></span> <span class='ocrx_word' id='word_1_184' title='bbox 1991 2471 2083 2538; x_wconf 92' lang='lat' dir='ltr'>qui</span> <span class='ocrx_word' id='word_1_185' title='bbox 2112 2470 2253 2523; x_wconf 87' lang='lat' dir='ltr'><strong>inter</strong></span> <span class='ocrx_word' id='word_1_186' title='bbox 2286 2469 2572 2539; x_wconf 73' lang='lat' dir='ltr'><strong>Ephesinae</strong></span> <span class='ocrx_word' id='word_1_187' title='bbox 2618 2470 2821 2540; x_wconf 86' lang='lat' dir='ltr'><strong>Synodi</strong></span> <span class='ocrx_word' id='word_1_188' title='bbox 2859 2471 2993 2524; x_wconf 83' lang='lat' dir='ltr'><strong>Acta</strong></span> <span class='ocrx_word' id='word_1_189' title='bbox 3034 2486 3196 2526; x_wconf 84' lang='lat' dir='ltr'><strong>cusus</strong></span> <span class='ocrx_word' id='word_1_190' title='bbox 3235 2472 3395 2526; x_wconf 90' lang='lat' dir='ltr'><strong>etiam</strong></span> <span class='ocrx_word' id='word_1_191' title='bbox 3428 2473 3719 2542; x_wconf 88' lang='lat' dir='ltr'><strong>reperitur,</strong></span> <span class='ocrx_word' id='word_1_192' title='bbox 3752 2487 3818 2527; x_wconf 77' lang='lat' dir='ltr'><strong>ex</strong></span> 
     </span>
    </p>
   </div>
   <div class='ocr_carea' id='block_1_18' title="bbox 599 2583 3815 2658">
    <p class='ocr_par' dir='ltr' id='par_1_18' title="bbox 599 2583 3815 2658">
     <span class='ocr_line' id='line_1_18' title="bbox 599 2583 3815 2658; baseline -0 -20"><span class='ocrx_word' id='word_1_193' title='bbox 599 2583 700 2640; x_wconf 86' lang='lat' dir='ltr'>hac</span> <span class='ocrx_word' id='word_1_194' title='bbox 745 2586 964 2640; x_wconf 87' lang='lat' dir='ltr'><strong>homilia</strong></span> <span class='ocrx_word' id='word_1_195' title='bbox 1008 2589 1252 2656; x_wconf 72' lang='lat' dir='ltr'><strong>quaedam</strong></span> <span class='ocrx_word' id='word_1_196' title='bbox 1302 2587 1672 2658; x_wconf 87' lang='lat' dir='ltr'><strong>Chrysostomi</strong></span> <span class='ocrx_word' id='word_1_197' title='bbox 1723 2586 1937 2641; x_wconf 86' lang='lat' dir='ltr'><strong>nomine</strong></span> <span class='ocrx_word' id='word_1_198' title='bbox 1994 2585 2200 2655; x_wconf 84' lang='lat' dir='ltr'><strong>profert</strong></span> <span class='ocrx_word' id='word_1_199' title='bbox 2257 2586 2582 2653; x_wconf 88' lang='lat' dir='ltr'><strong>testimonia,</strong></span> <span class='ocrx_word' id='word_1_200' title='bbox 2633 2601 2860 2654; x_wconf 89' lang='lat' dir='ltr'><strong>quorum</strong></span> <span class='ocrx_word' id='word_1_201' title='bbox 2915 2586 3147 2654; x_wconf 88' lang='lat' dir='ltr'><strong>primum</strong></span> <span class='ocrx_word' id='word_1_202' title='bbox 3198 2586 3283 2641; x_wconf 87' lang='lat' dir='ltr'>bis</span> <span class='ocrx_word' id='word_1_203' title='bbox 3337 2587 3516 2640; x_wconf 79' lang='lat' dir='ltr'><strong>verbis</strong></span> <span class='ocrx_word' id='word_1_204' title='bbox 3554 2585 3815 2641; x_wconf 71' lang='lat' dir='ltr'><strong>eﬂertur:</strong></span> 
     </span>
    </p>
   </div>
   <div class='ocr_carea' id='block_1_19' title="bbox 605 2699 3816 2772">
    <p class='ocr_par' dir='ltr' id='par_1_19' title="bbox 605 2699 3816 2772">
     <span class='ocr_line' id='line_1_19' title="bbox 605 2699 3816 2772; baseline 0.001 -22"><span class='ocrx_word' id='word_1_205' title='bbox 605 2719 625 2750; x_wconf 75' lang='grc' dir='ltr'>ι</span> <span class='ocrx_word' id='word_1_206' title='bbox 656 2699 878 2754; x_wconf 85' lang='lat' dir='ltr'><strong>Joannis</strong></span> <span class='ocrx_word' id='word_1_207' title='bbox 934 2701 1171 2770; x_wconf 82' lang='lat' dir='ltr'><strong>episcopi</strong></span> <span class='ocrx_word' id='word_1_208' title='bbox 1222 2701 1802 2770; x_wconf 84' lang='lat' dir='ltr'><strong>Constantinopolitani</strong></span> <span class='ocrx_word' id='word_1_209' title='bbox 1856 2702 1923 2755; x_wconf 93' lang='lat' dir='ltr'>de</span> <span class='ocrx_word' id='word_1_210' title='bbox 1976 2700 2154 2754; x_wconf 84' lang='lat' dir='ltr'><strong>divina</strong></span> <span class='ocrx_word' id='word_1_211' title='bbox 2201 2701 2565 2772; x_wconf 73' lang='lat' dir='ltr'><strong>generatione.</strong></span> <span class='ocrx_word' id='word_1_212' title='bbox 2601 2719 2621 2752; x_wconf 73' lang='grc' dir='ltr'>ι</span> <span class='ocrx_word' id='word_1_213' title='bbox 2680 2699 2941 2762; x_wconf 83' lang='lat' dir='ltr'><strong>Loquitur</strong></span> <span class='ocrx_word' id='word_1_214' title='bbox 2987 2709 3168 2755; x_wconf 89' lang='lat' dir='ltr'><strong>autem</strong></span> <span class='ocrx_word' id='word_1_215' title='bbox 3226 2700 3293 2755; x_wconf 92' lang='lat' dir='ltr'>de</span> <span class='ocrx_word' id='word_1_216' title='bbox 3342 2709 3528 2756; x_wconf 87' lang='lat' dir='ltr'><strong>sancta</strong></span> <span class='ocrx_word' id='word_1_217' title='bbox 3576 2699 3816 2769; x_wconf 81' lang='lat' dir='ltr'><strong>Virgine.</strong></span> 
     </span>
    </p>
   </div>
   <div class='ocr_carea' id='block_1_20' title="bbox 600 2815 3820 2888">
    <p class='ocr_par' dir='ltr' id='par_1_20' title="bbox 600 2815 3820 2888">
     <span class='ocr_line' id='line_1_20' title="bbox 600 2815 3820 2888; baseline 0 -19"><span class='ocrx_word' id='word_1_218' title='bbox 600 2833 624 2869; x_wconf 72' lang='grc' dir='ltr'>ς</span> <span class='ocrx_word' id='word_1_219' title='bbox 657 2815 799 2870; x_wconf 90' lang='lat' dir='ltr'><strong>Loco</strong></span> <span class='ocrx_word' id='word_1_220' title='bbox 835 2815 986 2881; x_wconf 92' lang='lat' dir='ltr'><strong>solis,</strong></span> <span class='ocrx_word' id='word_1_221' title='bbox 1027 2816 1220 2885; x_wconf 90' lang='lat' dir='ltr'><strong>inquit,</strong></span> <span class='ocrx_word' id='word_1_222' title='bbox 1271 2816 1493 2886; x_wconf 67' lang='lat' dir='ltr'><strong>justitiae</strong></span> <span class='ocrx_word' id='word_1_223' title='bbox 1532 2816 1708 2870; x_wconf 78' lang='lat' dir='ltr'><strong>solem</strong></span> <span class='ocrx_word' id='word_1_224' title='bbox 1757 2816 2220 2888; x_wconf 90' lang='lat' dir='ltr'><strong>incircumscripte</strong></span> <span class='ocrx_word' id='word_1_225' title='bbox 2254 2818 2528 2887; x_wconf 78' lang='lat' dir='ltr'><strong>complexa</strong></span> <span class='ocrx_word' id='word_1_226' title='bbox 2565 2817 2685 2871; x_wconf 76' lang='lat' dir='ltr'><strong>fuit.</strong></span> <span class='ocrx_word' id='word_1_227' title='bbox 2735 2819 2813 2872; x_wconf 79' lang='lat' dir='ltr'><strong>Ac</strong></span> <span class='ocrx_word' id='word_1_228' title='bbox 2850 2832 2920 2872; x_wconf 91' lang='lat' dir='ltr'>ne</span> <span class='ocrx_word' id='word_1_229' title='bbox 2950 2831 3158 2885; x_wconf 74' lang='lat' dir='ltr'><strong>quzeras</strong></span> <span class='ocrx_word' id='word_1_230' title='bbox 3205 2817 3505 2886; x_wconf 92' lang='lat' dir='ltr'><strong>quomodo;</strong></span> <span class='ocrx_word' id='word_1_231' title='bbox 3533 2816 3627 2871; x_wconf 88' lang='lat' dir='ltr'>ubi</span> <span class='ocrx_word' id='word_1_232' title='bbox 3673 2817 3820 2870; x_wconf 87' lang='lat' dir='ltr'><strong>enim</strong></span> 
     </span>
    </p>
   </div>
   <div class='ocr_carea' id='block_1_21' title="bbox 597 2923 3822 2997">
    <p class='ocr_par' dir='ltr' id='par_1_21' title="bbox 597 2923 3822 2997">
     <span class='ocr_line' id='line_1_21' title="bbox 597 2923 3822 2997; baseline 0.001 -16"><span class='ocrx_word' id='word_1_233' title='bbox 597 2926 712 2981; x_wconf 86' lang='lat' dir='ltr'><strong>vult</strong></span> <span class='ocrx_word' id='word_1_234' title='bbox 754 2926 928 2990; x_wconf 90' lang='lat' dir='ltr'><strong>Deus,</strong></span> <span class='ocrx_word' id='word_1_235' title='bbox 980 2923 1052 2976; x_wconf 90' lang='lat' dir='ltr'><strong>ibi</strong></span> <span class='ocrx_word' id='word_1_236' title='bbox 1102 2932 1312 2979; x_wconf 74' lang='lat' dir='ltr'><strong>natura:</strong></span> <span class='ocrx_word' id='word_1_237' title='bbox 1359 2925 1492 2979; x_wconf 92' lang='lat' dir='ltr'><strong>ordo</strong></span> <span class='ocrx_word' id='word_1_238' title='bbox 1522 2925 1778 2979; x_wconf 77' lang='lat' dir='ltr'><strong>vincitur.</strong></span> <span class='ocrx_word' id='word_1_239' title='bbox 1826 2925 2006 2980; x_wconf 81' lang='lat' dir='ltr'><strong>Voluit</strong></span> <span class='ocrx_word' id='word_1_240' title='bbox 2053 2927 2216 2993; x_wconf 88' lang='lat' dir='ltr'><strong>enim,</strong></span> <span class='ocrx_word' id='word_1_241' title='bbox 2254 2928 2448 2997; x_wconf 87' lang='lat' dir='ltr'><strong>potuit,</strong></span> <span class='ocrx_word' id='word_1_242' title='bbox 2491 2927 2791 2994; x_wconf 87' lang='lat' dir='ltr'><strong>descendit,</strong></span> <span class='ocrx_word' id='word_1_243' title='bbox 2843 2927 3097 2992; x_wconf 86' lang='lat' dir='ltr'><strong>salvavit;</strong></span> <span class='ocrx_word' id='word_1_244' title='bbox 3139 2929 3321 2982; x_wconf 87' lang='lat' dir='ltr'><strong>omnia</strong></span> <span class='ocrx_word' id='word_1_245' title='bbox 3364 2929 3456 2983; x_wconf 92' lang='lat' dir='ltr'><strong>Dei</strong></span> <span class='ocrx_word' id='word_1_246' title='bbox 3511 2941 3708 2984; x_wconf 86' lang='lat' dir='ltr'><strong>nutum</strong></span> <span class='ocrx_word' id='word_1_247' title='bbox 3739 2945 3822 2985; x_wconf 77' lang='lat' dir='ltr'><strong>se-</strong></span> 
     </span>
    </p>
   </div>
   <div class='ocr_carea' id='block_1_22' title="bbox 596 3035 3819 3109">
    <p class='ocr_par' dir='ltr' id='par_1_22' title="bbox 596 3035 3819 3109">
     <span class='ocr_line' id='line_1_22' title="bbox 596 3035 3819 3109; baseline 0.001 -18"><span class='ocrx_word' id='word_1_248' title='bbox 596 3046 856 3106; x_wconf 85' lang='lat' dir='ltr'><strong>quuntur.</strong></span> <span class='ocrx_word' id='word_1_249' title='bbox 905 3036 1076 3091; x_wconf 85' lang='lat' dir='ltr'><strong>Hodie</strong></span> <span class='ocrx_word' id='word_1_250' title='bbox 1103 3035 1195 3104; x_wconf 89' lang='lat' dir='ltr'>qui</span> <span class='ocrx_word' id='word_1_251' title='bbox 1225 3042 1308 3089; x_wconf 88' lang='lat' dir='ltr'>est</span> <span class='ocrx_word' id='word_1_252' title='bbox 1357 3035 1620 3106; x_wconf 87' lang='lat' dir='ltr'><strong>gignitur,</strong></span> <span class='ocrx_word' id='word_1_253' title='bbox 1667 3048 1721 3091; x_wconf 90' lang='lat' dir='ltr'>et</span> <span class='ocrx_word' id='word_1_254' title='bbox 1752 3037 1843 3106; x_wconf 92' lang='lat' dir='ltr'>qui</span> <span class='ocrx_word' id='word_1_255' title='bbox 1873 3047 1990 3104; x_wconf 88' lang='lat' dir='ltr'><strong>est,</strong></span> <span class='ocrx_word' id='word_1_256' title='bbox 2040 3037 2100 3092; x_wconf 81' lang='lat' dir='ltr'>ﬁt</span> <span class='ocrx_word' id='word_1_257' title='bbox 2127 3039 2180 3094; x_wconf 88' lang='lat' dir='ltr'>id</span> <span class='ocrx_word' id='word_1_258' title='bbox 2215 3041 2356 3108; x_wconf 85' lang='lat' dir='ltr'><strong>quod</strong></span> <span class='ocrx_word' id='word_1_259' title='bbox 2387 3055 2498 3093; x_wconf 90' lang='lat' dir='ltr'>non</span> <span class='ocrx_word' id='word_1_260' title='bbox 2550 3047 2696 3102; x_wconf 89' lang='lat' dir='ltr'><strong>erat;</strong></span> <span class='ocrx_word' id='word_1_261' title='bbox 2739 3054 2862 3092; x_wconf 82' lang='lat' dir='ltr'><strong>natu</strong></span> <span class='ocrx_word' id='word_1_262' title='bbox 2904 3053 3025 3093; x_wconf 90' lang='lat' dir='ltr'>eum</span> <span class='ocrx_word' id='word_1_263' title='bbox 3057 3038 3198 3093; x_wconf 88' lang='lat' dir='ltr'><strong>Deus</strong></span> <span class='ocrx_word' id='word_1_264' title='bbox 3231 3049 3393 3105; x_wconf 89' lang='lat' dir='ltr'><strong>esset,</strong></span> <span class='ocrx_word' id='word_1_265' title='bbox 3432 3040 3492 3094; x_wconf 85' lang='lat' dir='ltr'><strong>ﬁt</strong></span> <span class='ocrx_word' id='word_1_266' title='bbox 3521 3042 3718 3109; x_wconf 89' lang='lat' dir='ltr'><strong>homo;</strong></span> <span class='ocrx_word' id='word_1_267' title='bbox 3751 3042 3819 3096; x_wconf 86' lang='lat' dir='ltr'>ab</span> 
     </span>
    </p>
   </div>
   <div class='ocr_carea' id='block_1_23' title="bbox 595 3150 3820 3225">
    <p class='ocr_par' dir='ltr' id='par_1_23' title="bbox 595 3150 3820 3225">
     <span class='ocr_line' id='line_1_23' title="bbox 595 3150 3820 3225; baseline 0.001 -19"><span class='ocrx_word' id='word_1_268' title='bbox 595 3165 661 3206; x_wconf 82' lang='lat' dir='ltr'>ea</span> <span class='ocrx_word' id='word_1_269' title='bbox 691 3163 893 3215; x_wconf 88' lang='lat' dir='ltr'><strong>tamen,</strong></span> <span class='ocrx_word' id='word_1_270' title='bbox 920 3166 1079 3220; x_wconf 87' lang='lat' dir='ltr'><strong>quam</strong></span> <span class='ocrx_word' id='word_1_271' title='bbox 1110 3150 1370 3215; x_wconf 88' lang='lat' dir='ltr'><strong>habebat,</strong></span> <span class='ocrx_word' id='word_1_272' title='bbox 1401 3150 1599 3206; x_wconf 87' lang='lat' dir='ltr'><strong>deitate</strong></span> <span class='ocrx_word' id='word_1_273' title='bbox 1633 3167 1740 3207; x_wconf 94' lang='lat' dir='ltr'>non</span> <span class='ocrx_word' id='word_1_274' title='bbox 1789 3153 2004 3207; x_wconf 85' lang='lat' dir='ltr'><strong>excidit.</strong></span> <span class='ocrx_word' id='word_1_275' title='bbox 2037 3153 2221 3223; x_wconf 87' lang='lat' dir='ltr'><strong>Neque</strong></span> <span class='ocrx_word' id='word_1_276' title='bbox 2251 3154 2395 3207; x_wconf 90' lang='lat' dir='ltr'><strong>enim</strong></span> <span class='ocrx_word' id='word_1_277' title='bbox 2424 3169 2546 3208; x_wconf 92' lang='lat' dir='ltr'>cum</span> <span class='ocrx_word' id='word_1_278' title='bbox 2589 3153 2807 3208; x_wconf 88' lang='lat' dir='ltr'><strong>deitatis</strong></span> <span class='ocrx_word' id='word_1_279' title='bbox 2841 3154 3049 3223; x_wconf 86' lang='lat' dir='ltr'><strong>jactura</strong></span> <span class='ocrx_word' id='word_1_280' title='bbox 3096 3152 3268 3208; x_wconf 86' lang='lat' dir='ltr'><strong>factus</strong></span> <span class='ocrx_word' id='word_1_281' title='bbox 3311 3160 3395 3209; x_wconf 89' lang='lat' dir='ltr'>est</span> <span class='ocrx_word' id='word_1_282' title='bbox 3427 3154 3611 3219; x_wconf 90' lang='lat' dir='ltr'><strong>homo,</strong></span> <span class='ocrx_word' id='word_1_283' title='bbox 3642 3170 3820 3225; x_wconf 86' lang='lat' dir='ltr'><strong>neque</strong></span> 
     </span>
    </p>
   </div>
   <div class='ocr_carea' id='block_1_24' title="bbox 599 3265 3819 3339">
    <p class='ocr_par' dir='ltr' id='par_1_24' title="bbox 599 3265 3819 3339">
     <span class='ocr_line' id='line_1_24' title="bbox 599 3265 3819 3339; baseline 0.002 -21"><span class='ocrx_word' id='word_1_284' title='bbox 599 3280 696 3334; x_wconf 79' lang='lat' dir='ltr'>per</span> <span class='ocrx_word' id='word_1_285' title='bbox 717 3265 1014 3334; x_wconf 83' lang='lat' dir='ltr'><strong>profectum</strong></span> <span class='ocrx_word' id='word_1_286' title='bbox 1054 3281 1118 3319; x_wconf 78' lang='lat' dir='ltr'><strong>ex</strong></span> <span class='ocrx_word' id='word_1_287' title='bbox 1144 3265 1364 3321; x_wconf 89' lang='lat' dir='ltr'><strong>homine</strong></span> <span class='ocrx_word' id='word_1_288' title='bbox 1395 3265 1568 3321; x_wconf 81' lang='lat' dir='ltr'><strong>factus</strong></span> <span class='ocrx_word' id='word_1_289' title='bbox 1604 3277 1688 3322; x_wconf 89' lang='lat' dir='ltr'>est</span> <span class='ocrx_word' id='word_1_290' title='bbox 1726 3268 1905 3323; x_wconf 88' lang='lat' dir='ltr'><strong>Deus:</strong></span> <span class='ocrx_word' id='word_1_291' title='bbox 1933 3269 2029 3324; x_wconf 88' lang='lat' dir='ltr'>sed</span> <span class='ocrx_word' id='word_1_292' title='bbox 2062 3268 2206 3324; x_wconf 92' lang='lat' dir='ltr'><strong>Deus</strong></span> <span class='ocrx_word' id='word_1_293' title='bbox 2240 3268 2505 3326; x_wconf 80' lang='lat' dir='ltr'><strong>exsistens</strong></span> <span class='ocrx_word' id='word_1_294' title='bbox 2550 3277 2772 3339; x_wconf 87' lang='lat' dir='ltr'><strong>propter</strong></span> <span class='ocrx_word' id='word_1_295' title='bbox 2800 3268 3308 3339; x_wconf 84' lang='lat' dir='ltr'><strong>impassibilitatem,</strong></span> <span class='ocrx_word' id='word_1_296' title='bbox 3352 3284 3478 3326; x_wconf 89' lang='lat' dir='ltr'><strong>caro</strong></span> <span class='ocrx_word' id='word_1_297' title='bbox 3510 3270 3686 3327; x_wconf 79' lang='lat' dir='ltr'><strong>factus</strong></span> <span class='ocrx_word' id='word_1_298' title='bbox 3718 3281 3819 3339; x_wconf 76' lang='lat' dir='ltr'><strong>est,</strong></span> 
     </span>
    </p>
   </div>
   <div class='ocr_carea' id='block_1_25' title="bbox 1161 3854 3273 3939">
    <p class='ocr_par' dir='ltr' id='par_1_25' title="bbox 1161 3854 3273 3939">
     <span class='ocr_line' id='line_1_25' title="bbox 1161 3854 3273 3939; baseline 0.007 -28"><span class='ocrx_word' id='word_1_299' title='bbox 1161 3860 1265 3924; x_wconf 78' lang='grc' dir='ltr'>Εἰς</span> <span class='ocrx_word' id='word_1_300' title='bbox 1293 3859 1358 3912; x_wconf 85' lang='grc' dir='ltr'>τὸ</span> <span class='ocrx_word' id='word_1_301' title='bbox 1399 3854 1705 3930; x_wconf 74' lang='grc' dir='ltr'>γενέθλιον</span> <span class='ocrx_word' id='word_1_302' title='bbox 1765 3864 1871 3917; x_wconf 84' lang='grc' dir='ltr'>τοῦ</span> <span class='ocrx_word' id='word_1_303' title='bbox 1924 3863 2192 3932; x_wconf 82' lang='grc' dir='ltr'>Σωτῆρος</span> <span class='ocrx_word' id='word_1_304' title='bbox 2234 3862 2402 3933; x_wconf 73' lang='grc' dir='ltr'>ἡμῶν</span> <span class='ocrx_word' id='word_1_305' title='bbox 2469 3865 2659 3934; x_wconf 81' lang='grc' dir='ltr'>Ἰησοῦ</span> <span class='ocrx_word' id='word_1_306' title='bbox 2691 3867 2980 3938; x_wconf 75' lang='grc' dir='ltr'>Χριστοῦ,</span> <span class='ocrx_word' id='word_1_307' title='bbox 3025 3872 3273 3939; x_wconf 73' lang='grc' dir='ltr'>Λόγος-ι.</span> 
     </span>
    </p>
   </div>
   <div class='ocr_carea' id='block_1_26' title="bbox 2157 4131 2218 4140">
    <p class='ocr_par' dir='ltr' id='par_1_26' title="bbox 2157 4131 2218 4140">
     <span class='ocr_line' id='line_1_26' title="bbox 2157 4131 2218 4140; baseline 0.033 -2"><span class='ocrx_word' id='word_1_308' title='bbox 2157 4131 2218 4140; x_wconf 79' lang='lat'><em>—</em></span> 
     </span>
    </p>
   </div>
   <div class='ocr_carea' id='block_1_27' title="bbox 675 4361 2159 4435">
    <p class='ocr_par' dir='ltr' id='par_1_27' title="bbox 675 4361 2159 4435">
     <span class='ocr_line' id='line_1_27' title="bbox 675 4361 2159 4435; baseline 0 -21"><span class='ocrx_word' id='word_1_309' title='bbox 675 4361 985 4435; x_wconf 78' lang='grc' dir='ltr'>Μυστήριον</span> <span class='ocrx_word' id='word_1_310' title='bbox 1024 4362 1170 4428; x_wconf 82' lang='grc' dir='ltr'>ξένον</span> <span class='ocrx_word' id='word_1_311' title='bbox 1198 4362 1290 4416; x_wconf 69' lang='grc' dir='ltr'>καὶ</span> <span class='ocrx_word' id='word_1_312' title='bbox 1329 4362 1626 4432; x_wconf 78' lang='grc' dir='ltr'>παράδοξον</span> <span class='ocrx_word' id='word_1_313' title='bbox 1669 4362 1880 4430; x_wconf 82' lang='grc' dir='ltr'>βλέπω’</span> <span class='ocrx_word' id='word_1_314' title='bbox 1908 4363 2159 4432; x_wconf 79' lang='grc' dir='ltr'>ποιμένες</span> 
     </span>
    </p>
   </div>
   <div class='ocr_carea' id='block_1_28' title="bbox 605 4439 2159 4516">
    <p class='ocr_par' dir='ltr' id='par_1_28' title="bbox 605 4439 2159 4516">
     <span class='ocr_line' id='line_1_28' title="bbox 605 4439 2159 4516; baseline -0.001 -20"><span class='ocrx_word' id='word_1_315' title='bbox 605 4459 709 4513; x_wconf 88' lang='grc' dir='ltr'>μου</span> <span class='ocrx_word' id='word_1_316' title='bbox 729 4447 1044 4516; x_wconf 82' lang='grc' dir='ltr'>περιηχοῦσι</span> <span class='ocrx_word' id='word_1_317' title='bbox 1075 4445 1144 4497; x_wconf 87' lang='grc' dir='ltr'>τὰ</span> <span class='ocrx_word' id='word_1_318' title='bbox 1173 4439 1302 4506; x_wconf 78' lang='grc' dir='ltr'>ὦτα,</span> <span class='ocrx_word' id='word_1_319' title='bbox 1329 4446 1427 4497; x_wconf 83' lang='grc' dir='ltr'>οὐκ</span> <span class='ocrx_word' id='word_1_320' title='bbox 1457 4445 1658 4514; x_wconf 77' lang='grc' dir='ltr'>ἔρημον</span> <span class='ocrx_word' id='word_1_321' title='bbox 1688 4443 1808 4512; x_wconf 87' lang='lat' dir='ltr'><strong>(sic)</strong></span> <span class='ocrx_word' id='word_1_322' title='bbox 1855 4442 2159 4512; x_wconf 78' lang='grc' dir='ltr'>συρίζοντες</span> 
     </span>
    </p>
   </div>
   <div class='ocr_carea' id='block_1_29' title="bbox 607 4524 2162 4598">
    <p class='ocr_par' dir='ltr' id='par_1_29' title="bbox 607 4524 2162 4598">
     <span class='ocr_line' id='line_1_29' title="bbox 607 4524 2162 4598; baseline -0.001 -20"><span class='ocrx_word' id='word_1_323' title='bbox 607 4526 786 4595; x_wconf 80' lang='grc' dir='ltr'>μέλος,</span> <span class='ocrx_word' id='word_1_324' title='bbox 825 4528 937 4579; x_wconf 84' lang='grc' dir='ltr'>ἀλλ’</span> <span class='ocrx_word' id='word_1_325' title='bbox 966 4527 1208 4598; x_wconf 79' lang='grc' dir='ltr'>οὐράνιον</span> <span class='ocrx_word' id='word_1_326' title='bbox 1238 4526 1452 4596; x_wconf 78' lang='grc' dir='ltr'>ᾅδοντες</span> <span class='ocrx_word' id='word_1_327' title='bbox 1490 4526 1678 4595; x_wconf 80' lang='grc' dir='ltr'>ὕμνον.</span> <span class='ocrx_word' id='word_1_328' title='bbox 1717 4524 1967 4591; x_wconf 78' lang='grc' dir='ltr'>’Ἄγγελοι</span> <span class='ocrx_word' id='word_1_329' title='bbox 2007 4525 2162 4594; x_wconf 81' lang='grc' dir='ltr'>ᾅδου-</span> 
     </span>
    </p>
   </div>
   <div class='ocr_carea' id='block_1_30' title="bbox 604 4606 2163 4677">
    <p class='ocr_par' dir='ltr' id='par_1_30' title="bbox 604 4606 2163 4677">
     <span class='ocr_line' id='line_1_30' title="bbox 604 4606 2163 4677; baseline 0 -19"><span class='ocrx_word' id='word_1_330' title='bbox 604 4625 709 4671; x_wconf 83' lang='grc' dir='ltr'>σιν,</span> <span class='ocrx_word' id='word_1_331' title='bbox 730 4609 1048 4676; x_wconf 85' lang='grc' dir='ltr'>ἀρχάγγελοι</span> <span class='ocrx_word' id='word_1_332' title='bbox 1084 4609 1389 4677; x_wconf 83' lang='grc' dir='ltr'>μέλπουσιν,</span> <span class='ocrx_word' id='word_1_333' title='bbox 1425 4609 1582 4677; x_wconf 85' lang='grc' dir='ltr'>ὑμνεῖ</span> <span class='ocrx_word' id='word_1_334' title='bbox 1609 4608 1675 4661; x_wconf 87' lang='grc' dir='ltr'>τὰ</span> <span class='ocrx_word' id='word_1_335' title='bbox 1697 4606 1988 4677; x_wconf 77' lang='grc' dir='ltr'>Χερουϐὶμ,</span> <span class='ocrx_word' id='word_1_336' title='bbox 2022 4607 2163 4671; x_wconf 84' lang='grc' dir='ltr'>δοξο-</span> 
     </span>
    </p>
   </div>
   <div class='ocr_carea' id='block_1_31' title="bbox 602 4688 2163 4760">
    <p class='ocr_par' dir='ltr' id='par_1_31' title="bbox 602 4688 2163 4760">
     <span class='ocr_line' id='line_1_31' title="bbox 602 4688 2163 4760; baseline 0.001 -19"><span class='ocrx_word' id='word_1_337' title='bbox 602 4688 750 4756; x_wconf 77' lang='grc' dir='ltr'>λογεῖ</span> <span class='ocrx_word' id='word_1_338' title='bbox 783 4691 852 4742; x_wconf 86' lang='grc' dir='ltr'>τὰ</span> <span class='ocrx_word' id='word_1_339' title='bbox 899 4690 1164 4760; x_wconf 71' lang='grc' dir='ltr'>Σεραφὶμ,</span> <span class='ocrx_word' id='word_1_340' title='bbox 1191 4691 1386 4753; x_wconf 87' lang='grc' dir='ltr'>πάντες</span> <span class='ocrx_word' id='word_1_341' title='bbox 1428 4688 1739 4759; x_wconf 75' lang='grc' dir='ltr'>ἑορτάζουσι</span> <span class='ocrx_word' id='word_1_342' title='bbox 1769 4688 1899 4741; x_wconf 83' lang='grc' dir='ltr'>Θεὸν</span> <span class='ocrx_word' id='word_1_343' title='bbox 1931 4690 2021 4741; x_wconf 78' lang='grc' dir='ltr'>ἐπὶ</span> <span class='ocrx_word' id='word_1_344' title='bbox 2061 4690 2163 4758; x_wconf 88' lang='grc' dir='ltr'>γῆς</span> 
     </span>
    </p>
   </div>
   <div class='ocr_carea' id='block_1_32' title="bbox 604 4771 2164 4840">
    <p class='ocr_par' dir='ltr' id='par_1_32' title="bbox 604 4771 2164 4840">
     <span class='ocr_line' id='line_1_32' title="bbox 604 4771 2164 4840; baseline 0 -16"><span class='ocrx_word' id='word_1_345' title='bbox 604 4771 855 4840; x_wconf 73' lang='grc' dir='ltr'>δρῶντες,</span> <span class='ocrx_word' id='word_1_346' title='bbox 887 4772 980 4824; x_wconf 68' lang='grc' dir='ltr'>καὶ</span> <span class='ocrx_word' id='word_1_347' title='bbox 1018 4771 1294 4840; x_wconf 81' lang='grc' dir='ltr'>ἄνθρωπον</span> <span class='ocrx_word' id='word_1_348' title='bbox 1333 4772 1390 4824; x_wconf 86' lang='grc' dir='ltr'>ἐν</span> <span class='ocrx_word' id='word_1_349' title='bbox 1417 4773 1694 4840; x_wconf 81' lang='grc' dir='ltr'>οὐρανοῖς·</span> <span class='ocrx_word' id='word_1_350' title='bbox 1734 4771 1823 4824; x_wconf 88' lang='grc' dir='ltr'>τὸν</span> <span class='ocrx_word' id='word_1_351' title='bbox 1861 4771 1970 4824; x_wconf 78' lang='grc' dir='ltr'>ἄνω</span> <span class='ocrx_word' id='word_1_352' title='bbox 2014 4771 2164 4824; x_wconf 83' lang='grc' dir='ltr'>κάτω</span> 
     </span>
    </p>
   </div>
   <div class='ocr_carea' id='block_1_33' title="bbox 602 4852 2160 4922">
    <p class='ocr_par' dir='ltr' id='par_1_33' title="bbox 602 4852 2160 4922">
     <span class='ocr_line' id='line_1_33' title="bbox 602 4852 2160 4922; baseline 0 -17"><span class='ocrx_word' id='word_1_353' title='bbox 602 4854 669 4905; x_wconf 78' lang='grc' dir='ltr'>δι’</span> <span class='ocrx_word' id='word_1_354' title='bbox 693 4852 1018 4922; x_wconf 81' lang='grc' dir='ltr'>οἰκονομίαν,</span> <span class='ocrx_word' id='word_1_355' title='bbox 1046 4853 1138 4904; x_wconf 75' lang='grc' dir='ltr'>καὶ</span> <span class='ocrx_word' id='word_1_356' title='bbox 1159 4853 1248 4904; x_wconf 87' lang='grc' dir='ltr'>τὸν</span> <span class='ocrx_word' id='word_1_357' title='bbox 1273 4852 1422 4904; x_wconf 85' lang='grc' dir='ltr'>κάτω</span> <span class='ocrx_word' id='word_1_358' title='bbox 1443 4853 1554 4905; x_wconf 83' lang='grc' dir='ltr'>ἄνω</span> <span class='ocrx_word' id='word_1_359' title='bbox 1581 4852 1667 4904; x_wconf 83' lang='grc' dir='ltr'>διὰ</span> <span class='ocrx_word' id='word_1_360' title='bbox 1691 4852 1877 4920; x_wconf 86' lang='grc' dir='ltr'>φιλανθ</span> <span class='ocrx_word' id='word_1_361' title='bbox 1888 4855 2093 4921; x_wconf 87' lang='grc' dir='ltr'>ρωπίαν</span> <span class='ocrx_word' id='word_1_362' title='bbox 2111 4854 2160 4905; x_wconf 68' lang='grc' dir='ltr'>ι’.</span> 
     </span>
    </p>
   </div>
   <div class='ocr_carea' id='block_1_34' title="bbox 605 4933 2164 5004">
    <p class='ocr_par' dir='ltr' id='par_1_34' title="bbox 605 4933 2164 5004">
     <span class='ocr_line' id='line_1_34' title="bbox 605 4933 2164 5004; baseline 0 -19"><span class='ocrx_word' id='word_1_363' title='bbox 605 4934 854 5004; x_wconf 81' lang='grc' dir='ltr'>Σήμερον</span> <span class='ocrx_word' id='word_1_364' title='bbox 893 4933 1138 5002; x_wconf 85' lang='grc' dir='ltr'>Βηθλεὲμ</span> <span class='ocrx_word' id='word_1_365' title='bbox 1165 4933 1254 4985; x_wconf 89' lang='grc' dir='ltr'>τὸν</span> <span class='ocrx_word' id='word_1_366' title='bbox 1290 4934 1510 5002; x_wconf 76' lang='grc' dir='ltr'>οὐρανὸν</span> <span class='ocrx_word' id='word_1_367' title='bbox 1541 4935 1877 5003; x_wconf 76' lang='grc' dir='ltr'>ἐμιμήσατο·</span> <span class='ocrx_word' id='word_1_368' title='bbox 1912 4935 2030 4986; x_wconf 79' lang='grc' dir='ltr'>ἀντὶ</span> <span class='ocrx_word' id='word_1_369' title='bbox 2065 4935 2164 5003; x_wconf 85' lang='grc' dir='ltr'>μὲν</span> 
     </span>
    </p>
   </div>
   <div class='ocr_carea' id='block_1_35' title="bbox 603 5015 2163 5086">
    <p class='ocr_par' dir='ltr' id='par_1_35' title="bbox 603 5015 2163 5086">
     <span class='ocr_line' id='line_1_35' title="bbox 603 5015 2163 5086; baseline -0.001 -17"><span class='ocrx_word' id='word_1_370' title='bbox 603 5017 846 5086; x_wconf 80' lang='grc' dir='ltr'>ἀστέρων</span> <span class='ocrx_word' id='word_1_371' title='bbox 880 5015 1138 5083; x_wconf 79' lang='grc' dir='ltr'>ἀγγέλους</span> <span class='ocrx_word' id='word_1_372' title='bbox 1162 5015 1458 5084; x_wconf 79' lang='grc' dir='ltr'>ὑμνοῦντας</span> <span class='ocrx_word' id='word_1_373' title='bbox 1477 5016 1763 5085; x_wconf 80' lang='grc' dir='ltr'>δεξαμένη,</span> <span class='ocrx_word' id='word_1_374' title='bbox 1792 5016 1912 5067; x_wconf 76' lang='grc' dir='ltr'>ἀντὶ</span> <span class='ocrx_word' id='word_1_375' title='bbox 1931 5017 1986 5068; x_wconf 82' lang='grc' dir='ltr'>δὲ</span> <span class='ocrx_word' id='word_1_376' title='bbox 2017 5016 2163 5085; x_wconf 81' lang='grc' dir='ltr'>ἡλίου</span> 
     </span>
    </p>
   </div>
   <div class='ocr_carea' id='block_1_36' title="bbox 604 5095 2165 5167">
    <p class='ocr_par' dir='ltr' id='par_1_36' title="bbox 604 5095 2165 5167">
     <span class='ocr_line' id='line_1_36' title="bbox 604 5095 2165 5167; baseline -0.001 -17"><span class='ocrx_word' id='word_1_377' title='bbox 604 5099 696 5150; x_wconf 88' lang='grc' dir='ltr'>τὸν</span> <span class='ocrx_word' id='word_1_378' title='bbox 741 5101 840 5167; x_wconf 82' lang='grc' dir='ltr'>τῆς</span> <span class='ocrx_word' id='word_1_379' title='bbox 872 5095 1214 5165; x_wconf 84' lang='grc' dir='ltr'>δικαιοσύνης</span> <span class='ocrx_word' id='word_1_380' title='bbox 1243 5096 1667 5165; x_wconf 87' lang='grc' dir='ltr'>ἀπεριγράπτως</span> <span class='ocrx_word' id='word_1_381' title='bbox 1704 5099 2015 5167; x_wconf 88' lang='grc' dir='ltr'>χωρήσασα.</span> <span class='ocrx_word' id='word_1_382' title='bbox 2057 5099 2165 5150; x_wconf 70' lang='grc' dir='ltr'>Καὶ</span> 
     </span>
    </p>
   </div>
   <div class='ocr_carea' id='block_1_37' title="bbox 606 5177 2167 5248">
    <p class='ocr_par' dir='ltr' id='par_1_37' title="bbox 606 5177 2167 5248">
     <span class='ocr_line' id='line_1_37' title="bbox 606 5177 2167 5248; baseline -0.008 -7"><span class='ocrx_word' id='word_1_383' title='bbox 606 5178 683 5248; x_wconf 79' lang='grc' dir='ltr'>μὴ</span> <span class='ocrx_word' id='word_1_384' title='bbox 708 5177 856 5247; x_wconf 70' lang='grc' dir='ltr'>ζήτει</span> <span class='ocrx_word' id='word_1_385' title='bbox 887 5179 1028 5241; x_wconf 83' lang='grc' dir='ltr'>πῶς·</span> <span class='ocrx_word' id='word_1_386' title='bbox 1061 5180 1190 5231; x_wconf 80' lang='grc' dir='ltr'>ὅπου</span> <span class='ocrx_word' id='word_1_387' title='bbox 1223 5177 1329 5244; x_wconf 82' lang='grc' dir='ltr'>γὰρ</span> <span class='ocrx_word' id='word_1_388' title='bbox 1364 5177 1608 5246; x_wconf 86' lang='grc' dir='ltr'>βούλεται</span> <span class='ocrx_word' id='word_1_389' title='bbox 1639 5179 1787 5242; x_wconf 82' lang='grc' dir='ltr'>Θεὸς,</span> <span class='ocrx_word' id='word_1_390' title='bbox 1823 5180 2037 5230; x_wconf 79' lang='grc' dir='ltr'>νικᾶται</span> <span class='ocrx_word' id='word_1_391' title='bbox 2067 5178 2167 5245; x_wconf 80' lang='grc' dir='ltr'>φύ-</span> 
     </span>
    </p>
   </div>
   <div class='ocr_carea' id='block_1_38' title="bbox 607 5257 2162 5328">
    <p class='ocr_par' dir='ltr' id='par_1_38' title="bbox 607 5257 2162 5328">
     <span class='ocr_line' id='line_1_38' title="bbox 607 5257 2162 5328; baseline -0.002 -16"><span class='ocrx_word' id='word_1_392' title='bbox 607 5277 742 5322; x_wconf 89' lang='grc' dir='ltr'>σεως</span> <span class='ocrx_word' id='word_1_393' title='bbox 796 5259 962 5324; x_wconf 80' lang='grc' dir='ltr'>τάξις.</span> <span class='ocrx_word' id='word_1_394' title='bbox 1028 5259 1329 5328; x_wconf 79' lang='grc' dir='ltr'>Ἦϐουλήθη</span> <span class='ocrx_word' id='word_1_395' title='bbox 1394 5257 1522 5328; x_wconf 76' lang='grc' dir='ltr'>γὰρ,</span> <span class='ocrx_word' id='word_1_396' title='bbox 1565 5257 1822 5328; x_wconf 74' lang='grc' dir='ltr'>ἠδυνήθη,</span> <span class='ocrx_word' id='word_1_397' title='bbox 1877 5259 2162 5328; x_wconf 85' lang='grc' dir='ltr'>κατῆλθεν,</span> 
     </span>
    </p>
   </div>
   <div class='ocr_carea' id='block_1_39' title="bbox 603 5339 2166 5412">
    <p class='ocr_par' dir='ltr' id='par_1_39' title="bbox 603 5339 2166 5412">
     <span class='ocr_line' id='line_1_39' title="bbox 603 5339 2166 5412; baseline -0.002 -16"><span class='ocrx_word' id='word_1_398' title='bbox 603 5344 773 5397; x_wconf 80' lang='grc' dir='ltr'>ισωσε</span> <span class='ocrx_word' id='word_1_399' title='bbox 793 5360 805 5374; x_wconf 87' lang='grc'><strong>·</strong></span> <span class='ocrx_word' id='word_1_400' title='bbox 841 5342 1111 5411; x_wconf 82' lang='grc' dir='ltr'>σύνδρομα</span> <span class='ocrx_word' id='word_1_401' title='bbox 1137 5341 1207 5393; x_wconf 88' lang='grc' dir='ltr'>τὰ</span> <span class='ocrx_word' id='word_1_402' title='bbox 1238 5342 1413 5394; x_wconf 85' lang='grc' dir='ltr'>πάντα</span> <span class='ocrx_word' id='word_1_403' title='bbox 1457 5339 1533 5410; x_wconf 82' lang='grc' dir='ltr'>τῷ</span> <span class='ocrx_word' id='word_1_404' title='bbox 1577 5341 1717 5409; x_wconf 82' lang='grc' dir='ltr'>Θεῷ.</span> <span class='ocrx_word' id='word_1_405' title='bbox 1767 5343 2010 5412; x_wconf 87' lang='grc' dir='ltr'>Σήμερον</span> <span class='ocrx_word' id='word_1_406' title='bbox 2035 5343 2063 5394; x_wconf 85' lang='grc' dir='ltr'>ὁ</span> <span class='ocrx_word' id='word_1_407' title='bbox 2091 5339 2166 5393; x_wconf 81' lang='grc' dir='ltr'>ὢν</span> 
     </span>
    </p>
   </div>
   <div class='ocr_carea' id='block_1_40' title="bbox 665 5538 2168 5603">
    <p class='ocr_par' dir='ltr' id='par_1_40' title="bbox 665 5538 2168 5603">
     <span class='ocr_line' id='line_1_40' title="bbox 665 5538 2168 5603; baseline 0.003 -16"><span class='ocrx_word' id='word_1_408' title='bbox 665 5541 692 5571; x_wconf 80' lang='grc'><strong><em>⁸</em></strong></span> <span class='ocrx_word' id='word_1_409' title='bbox 713 5541 826 5603; x_wconf 41' lang='grc' dir='ltr'>Οοόέ</span> <span class='ocrx_word' id='word_1_410' title='bbox 853 5540 972 5600; x_wconf 79' lang='lat' dir='ltr'><strong>Reg.</strong></span> <span class='ocrx_word' id='word_1_411' title='bbox 1009 5539 1147 5597; x_wconf 74' lang='grc'>1832,</span> <span class='ocrx_word' id='word_1_412' title='bbox 1163 5538 1456 5603; x_wconf 15' lang='grc' dir='ltr'>,δίο-μω]οω</span> <span class='ocrx_word' id='word_1_413' title='bbox 1499 5540 1666 5597; x_wconf 82' lang='lat' dir='ltr'><strong>habet,</strong></span> <span class='ocrx_word' id='word_1_414' title='bbox 1691 5541 1842 5603; x_wconf 83' lang='grc' dir='ltr'>Λόγος</span> <span class='ocrx_word' id='word_1_415' title='bbox 1865 5543 1927 5596; x_wconf 83' lang='grc' dir='ltr'>είς</span> <span class='ocrx_word' id='word_1_416' title='bbox 1968 5543 2022 5589; x_wconf 84' lang='grc' dir='ltr'>τὸ</span> <span class='ocrx_word' id='word_1_417' title='bbox 2040 5544 2168 5603; x_wconf 83' lang='grc' dir='ltr'>γενέ-</span> 
     </span>
    </p>
   </div>
   <div class='ocr_carea' id='block_1_41' title="bbox 602 5599 1622 5663">
    <p class='ocr_par' dir='ltr' id='par_1_41' title="bbox 602 5599 1622 5663">
     <span class='ocr_line' id='line_1_41' title="bbox 602 5599 1622 5663; baseline -0.004 -11"><span class='ocrx_word' id='word_1_418' title='bbox 602 5600 828 5663; x_wconf 66' lang='grc' dir='ltr'>θλιοντοῦ</span> <span class='ocrx_word' id='word_1_419' title='bbox 845 5599 1019 5663; x_wconf 76' lang='grc' dir='ltr'>Κυρίου</span> <span class='ocrx_word' id='word_1_420' title='bbox 1045 5603 1122 5647; x_wconf 82' lang='grc' dir='ltr'>καὶ</span> <span class='ocrx_word' id='word_1_421' title='bbox 1147 5599 1269 5647; x_wconf 78' lang='grc' dir='ltr'>Θεοῦ</span> <span class='ocrx_word' id='word_1_422' title='bbox 1293 5602 1622 5663; x_wconf 16' lang='grc' dir='ltr'>καὶῗΣωτῆρος.</span> 
     </span>
    </p>
   </div>
   <div class='ocr_carea' id='block_1_42' title="bbox 666 5662 2167 5724">
    <p class='ocr_par' dir='ltr' id='par_1_42' title="bbox 666 5662 2167 5724">
     <span class='ocr_line' id='line_1_42' title="bbox 666 5662 2167 5724; baseline 0 -14"><span class='ocrx_word' id='word_1_423' title='bbox 666 5663 692 5701; x_wconf 79' lang='lat' dir='ltr'>b</span> <span class='ocrx_word' id='word_1_424' title='bbox 717 5662 833 5710; x_wconf 68' lang='grc' dir='ltr'>Ιίωο</span> <span class='ocrx_word' id='word_1_425' title='bbox 872 5662 941 5708; x_wconf 90' lang='lat' dir='ltr'>sic</span> <span class='ocrx_word' id='word_1_426' title='bbox 961 5664 1268 5724; x_wconf 78' lang='lat' dir='ltr'><strong>invertuntur</strong></span> <span class='ocrx_word' id='word_1_427' title='bbox 1291 5663 1339 5724; x_wconf 78' lang='lat' dir='ltr'>in</span> <span class='ocrx_word' id='word_1_428' title='bbox 1372 5662 1494 5724; x_wconf 60' lang='grc' dir='ltr'>μοις.</span> <span class='ocrx_word' id='word_1_429' title='bbox 1518 5663 1722 5724; x_wconf 57' lang='lat' dir='ltr'>mam</span> <span class='ocrx_word' id='word_1_430' title='bbox 1741 5662 1871 5710; x_wconf 81' lang='grc' dir='ltr'>κάτω</span> <span class='ocrx_word' id='word_1_431' title='bbox 1897 5664 1972 5711; x_wconf 70' lang='grc' dir='ltr'>διὰ</span> <span class='ocrx_word' id='word_1_432' title='bbox 2005 5665 2167 5724; x_wconf 83' lang='grc' dir='ltr'>φιλαν-</span> 
     </span>
    </p>
   </div>
   <div class='ocr_carea' id='block_1_43' title="bbox 602 5721 1692 5786">
    <p class='ocr_par' dir='ltr' id='par_1_43' title="bbox 602 5721 1692 5786">
     <span class='ocr_line' id='line_1_43' title="bbox 602 5721 1692 5786; baseline -0.002 -16"><span class='ocrx_word' id='word_1_433' title='bbox 602 5724 828 5786; x_wconf 69' lang='grc' dir='ltr'>θρωπίαν,</span> <span class='ocrx_word' id='word_1_434' title='bbox 851 5724 929 5770; x_wconf 81' lang='grc' dir='ltr'>καὶ</span> <span class='ocrx_word' id='word_1_435' title='bbox 952 5723 1033 5769; x_wconf 86' lang='grc' dir='ltr'>τὸν</span> <span class='ocrx_word' id='word_1_436' title='bbox 1056 5722 1187 5768; x_wconf 79' lang='grc' dir='ltr'>κάτω</span> <span class='ocrx_word' id='word_1_437' title='bbox 1204 5721 1299 5767; x_wconf 81' lang='grc' dir='ltr'>ἄνω</span> <span class='ocrx_word' id='word_1_438' title='bbox 1326 5722 1382 5768; x_wconf 75' lang='grc' dir='ltr'>δι’</span> <span class='ocrx_word' id='word_1_439' title='bbox 1409 5723 1692 5783; x_wconf 73' lang='grc' dir='ltr'>οἰκονομίαν.</span> 
     </span>
    </p>
   </div>
   <div class='ocr_carea' id='block_1_44' title="bbox 2265 4367 3826 4450">
    <p class='ocr_par' dir='ltr' id='par_1_44' title="bbox 2265 4367 3826 4450">
     <span class='ocr_line' id='line_1_44' title="bbox 2265 4367 3826 4450; baseline 0.011 -33"><span class='ocrx_word' id='word_1_440' title='bbox 2265 4367 2522 4430; x_wconf 82' lang='grc' dir='ltr'>τίκτεται,</span> <span class='ocrx_word' id='word_1_441' title='bbox 2556 4368 2647 4420; x_wconf 80' lang='grc' dir='ltr'>καὶ</span> <span class='ocrx_word' id='word_1_442' title='bbox 2700 4371 2728 4421; x_wconf 89' lang='grc' dir='ltr'>ό</span> <span class='ocrx_word' id='word_1_443' title='bbox 2783 4369 2856 4422; x_wconf 84' lang='grc' dir='ltr'>ὢν</span> <span class='ocrx_word' id='word_1_444' title='bbox 2903 4370 3109 4437; x_wconf 85' lang='grc' dir='ltr'>γίνεται</span> <span class='ocrx_word' id='word_1_445' title='bbox 3146 4371 3277 4443; x_wconf 82' lang='grc' dir='ltr'>ὅπερ</span> <span class='ocrx_word' id='word_1_446' title='bbox 3327 4375 3424 4428; x_wconf 86' lang='grc' dir='ltr'>οὐκ</span> <span class='ocrx_word' id='word_1_447' title='bbox 3464 4371 3563 4447; x_wconf 81' lang='grc' dir='ltr'>ἦν·</span> <span class='ocrx_word' id='word_1_448' title='bbox 3596 4375 3669 4431; x_wconf 79' lang='grc' dir='ltr'>ὢν</span> <span class='ocrx_word' id='word_1_449' title='bbox 3719 4381 3826 4450; x_wconf 85' lang='grc' dir='ltr'>γὰρ</span> 
     </span>
    </p>
   </div>
   <div class='ocr_carea' id='block_1_45' title="bbox 2267 4451 3822 4528">
    <p class='ocr_par' dir='ltr' id='par_1_45' title="bbox 2267 4451 3822 4528">
     <span class='ocr_line' id='line_1_45' title="bbox 2267 4451 3822 4528; baseline 0.013 -27"><span class='ocrx_word' id='word_1_450' title='bbox 2267 4451 2416 4516; x_wconf 86' lang='grc' dir='ltr'>Θεὸς,</span> <span class='ocrx_word' id='word_1_451' title='bbox 2447 4455 2654 4520; x_wconf 88' lang='grc' dir='ltr'>γίνεται</span> <span class='ocrx_word' id='word_1_452' title='bbox 2692 4456 2992 4524; x_wconf 84' lang='grc' dir='ltr'>ἄνθρωπος,</span> <span class='ocrx_word' id='word_1_453' title='bbox 3026 4458 3124 4510; x_wconf 81' lang='grc' dir='ltr'>οὐκ</span> <span class='ocrx_word' id='word_1_454' title='bbox 3160 4460 3358 4524; x_wconf 83' lang='grc' dir='ltr'>ἐκστὰς</span> <span class='ocrx_word' id='word_1_455' title='bbox 3385 4462 3476 4515; x_wconf 86' lang='grc' dir='ltr'>τοῦ</span> <span class='ocrx_word' id='word_1_456' title='bbox 3509 4463 3647 4518; x_wconf 85' lang='grc' dir='ltr'>εἶναι</span> <span class='ocrx_word' id='word_1_457' title='bbox 3671 4465 3822 4528; x_wconf 79' lang='grc' dir='ltr'>Θεός.</span> 
     </span>
    </p>
   </div>
   <div class='ocr_carea' id='block_1_46' title="bbox 2269 4533 3821 4617">
    <p class='ocr_par' dir='ltr' id='par_1_46' title="bbox 2269 4533 3821 4617">
     <span class='ocr_line' id='line_1_46' title="bbox 2269 4533 3821 4617; baseline 0.01 -33"><span class='ocrx_word' id='word_1_458' title='bbox 2269 4533 2400 4617; x_wconf 51' lang='lat' dir='ltr'><strong>osa:</strong></span> <span class='ocrx_word' id='word_1_459' title='bbox 2437 4535 2543 4604; x_wconf 87' lang='grc' dir='ltr'>γὰρ</span> <span class='ocrx_word' id='word_1_460' title='bbox 2565 4537 2684 4588; x_wconf 82' lang='grc' dir='ltr'>κατ’</span> <span class='ocrx_word' id='word_1_461' title='bbox 2713 4537 2963 4590; x_wconf 76' lang='grc' dir='ltr'>ἔκστασιν</span> <span class='ocrx_word' id='word_1_462' title='bbox 2997 4537 3243 4610; x_wconf 85' lang='grc' dir='ltr'>θεότητος</span> <span class='ocrx_word' id='word_1_463' title='bbox 3269 4544 3486 4611; x_wconf 85' lang='grc' dir='ltr'>γέγονεν</span> <span class='ocrx_word' id='word_1_464' title='bbox 3518 4546 3821 4617; x_wconf 69' lang='grc' dir='ltr'>ἄνθρωπος,</span> 
     </span>
    </p>
   </div>
   <div class='ocr_carea' id='block_1_47' title="bbox 2267 4615 3822 4696">
    <p class='ocr_par' dir='ltr' id='par_1_47' title="bbox 2267 4615 3822 4696">
     <span class='ocr_line' id='line_1_47' title="bbox 2267 4615 3822 4696; baseline 0.012 -31"><span class='ocrx_word' id='word_1_465' title='bbox 2267 4615 2386 4667; x_wconf 83' lang='grc' dir='ltr'>οὐδὲ</span> <span class='ocrx_word' id='word_1_466' title='bbox 2409 4617 2567 4668; x_wconf 89' lang='grc' dir='ltr'>πάλιν</span> <span class='ocrx_word' id='word_1_467' title='bbox 2592 4617 2728 4670; x_wconf 84' lang='grc' dir='ltr'>κατὰ</span> <span class='ocrx_word' id='word_1_468' title='bbox 2756 4621 3033 4690; x_wconf 82' lang='grc' dir='ltr'>προκοπὴν</span> <span class='ocrx_word' id='word_1_469' title='bbox 3056 4623 3113 4688; x_wconf 81' lang='grc' dir='ltr'>ἐξ</span> <span class='ocrx_word' id='word_1_470' title='bbox 3137 4624 3420 4694; x_wconf 82' lang='grc' dir='ltr'>ἀνθρώπου</span> <span class='ocrx_word' id='word_1_471' title='bbox 3450 4615 3642 4696; x_wconf 82' lang='grc' dir='ltr'>γέγονε</span> <span class='ocrx_word' id='word_1_472' title='bbox 3671 4631 3822 4692; x_wconf 81' lang='grc' dir='ltr'>Θεός·</span> 
     </span>
    </p>
   </div>
   <div class='ocr_carea' id='block_1_48' title="bbox 2268 4697 3826 4781">
    <p class='ocr_par' dir='ltr' id='par_1_48' title="bbox 2268 4697 3826 4781">
     <span class='ocr_line' id='line_1_48' title="bbox 2268 4697 3826 4781; baseline 0.011 -33"><span class='ocrx_word' id='word_1_473' title='bbox 2268 4697 2404 4781; x_wconf 72' lang='grc' dir='ltr'>άλλὰ</span> <span class='ocrx_word' id='word_1_474' title='bbox 2433 4699 2602 4766; x_wconf 82' lang='grc' dir='ltr'>Λόγος</span> <span class='ocrx_word' id='word_1_475' title='bbox 2622 4698 2717 4760; x_wconf 82' lang='grc' dir='ltr'>ὢν,</span> <span class='ocrx_word' id='word_1_476' title='bbox 2761 4701 2847 4753; x_wconf 76' lang='grc' dir='ltr'>διὰ</span> <span class='ocrx_word' id='word_1_477' title='bbox 2875 4702 2935 4754; x_wconf 92' lang='grc' dir='ltr'>τὸ</span> <span class='ocrx_word' id='word_1_478' title='bbox 2963 4704 3169 4767; x_wconf 83' lang='grc' dir='ltr'>ἀπαθὲς</span> <span class='ocrx_word' id='word_1_479' title='bbox 3195 4706 3329 4776; x_wconf 78' lang='grc' dir='ltr'>σὰρξ</span> <span class='ocrx_word' id='word_1_480' title='bbox 3363 4709 3594 4775; x_wconf 87' lang='grc' dir='ltr'>ἐγένετο,</span> <span class='ocrx_word' id='word_1_481' title='bbox 3629 4713 3826 4781; x_wconf 85' lang='grc' dir='ltr'>ἀμετα-</span> 
     </span>
    </p>
   </div>
   <div class='ocr_carea' id='block_1_49' title="bbox 2269 4779 3823 4862">
    <p class='ocr_par' dir='ltr' id='par_1_49' title="bbox 2269 4779 3823 4862">
     <span class='ocr_line' id='line_1_49' title="bbox 2269 4779 3823 4862; baseline 0.011 -32"><span class='ocrx_word' id='word_1_482' title='bbox 2269 4779 2463 4848; x_wconf 76' lang='grc' dir='ltr'>ϐλήτου</span> <span class='ocrx_word' id='word_1_483' title='bbox 2497 4782 2760 4850; x_wconf 86' lang='grc' dir='ltr'>μενούσης</span> <span class='ocrx_word' id='word_1_484' title='bbox 2794 4784 2893 4852; x_wconf 88' lang='grc' dir='ltr'>τῆς</span> <span class='ocrx_word' id='word_1_485' title='bbox 2924 4785 3153 4852; x_wconf 84' lang='grc' dir='ltr'>φύσεως.</span> <span class='ocrx_word' id='word_1_486' title='bbox 3193 4788 3329 4841; x_wconf 84' lang='grc' dir='ltr'>Ἀλλ’</span> <span class='ocrx_word' id='word_1_487' title='bbox 3355 4791 3444 4843; x_wconf 79' lang='grc' dir='ltr'>ὅτε</span> <span class='ocrx_word' id='word_1_488' title='bbox 3480 4791 3578 4861; x_wconf 68' lang='grc' dir='ltr'>μὲν</span> <span class='ocrx_word' id='word_1_489' title='bbox 3609 4779 3823 4862; x_wconf 75' lang='grc' dir='ltr'>ἐτέχθη,</span> 
     </span>
    </p>
   </div>
   <div class='ocr_carea' id='block_1_50' title="bbox 2283 4862 3828 4943">
    <p class='ocr_par' dir='ltr' id='par_1_50' title="bbox 2283 4862 3828 4943">
     <span class='ocr_line' id='line_1_50' title="bbox 2283 4862 3828 4943; baseline 0.009 -31"><span class='ocrx_word' id='word_1_490' title='bbox 2283 4862 2516 4915; x_wconf 78' lang='grc' dir='ltr'>Ἰουδαῖοι</span> <span class='ocrx_word' id='word_1_491' title='bbox 2567 4865 2822 4932; x_wconf 73' lang='grc' dir='ltr'>ἠρνοῦντο</span> <span class='ocrx_word' id='word_1_492' title='bbox 2875 4867 2966 4919; x_wconf 89' lang='grc' dir='ltr'>τὸν</span> <span class='ocrx_word' id='word_1_493' title='bbox 2999 4867 3145 4932; x_wconf 81' lang='grc' dir='ltr'>ξένον</span> <span class='ocrx_word' id='word_1_494' title='bbox 3192 4871 3376 4936; x_wconf 86' lang='grc' dir='ltr'>τόκον,</span> <span class='ocrx_word' id='word_1_495' title='bbox 3420 4873 3514 4926; x_wconf 81' lang='grc' dir='ltr'>καὶ</span> <span class='ocrx_word' id='word_1_496' title='bbox 3545 4875 3828 4943; x_wconf 74' lang='grc' dir='ltr'>Φαρισαῖοι</span> 
     </span>
    </p>
   </div>
   <div class='ocr_carea' id='block_1_51' title="bbox 2269 4947 3831 5026">
    <p class='ocr_par' dir='ltr' id='par_1_51' title="bbox 2269 4947 3831 5026">
     <span class='ocr_line' id='line_1_51' title="bbox 2269 4947 3831 5026; baseline 0.01 -31"><span class='ocrx_word' id='word_1_497' title='bbox 2269 4947 2689 5016; x_wconf 83' lang='grc' dir='ltr'>παρηρμήνευον</span> <span class='ocrx_word' id='word_1_498' title='bbox 2731 4948 2828 5009; x_wconf 72' lang='grc' dir='ltr'>τὰς</span> <span class='ocrx_word' id='word_1_499' title='bbox 2863 4948 3012 5010; x_wconf 88' lang='grc' dir='ltr'>θείας</span> <span class='ocrx_word' id='word_1_500' title='bbox 3056 4949 3296 5016; x_wconf 78' lang='grc' dir='ltr'>Βίϐλους,</span> <span class='ocrx_word' id='word_1_501' title='bbox 3338 4955 3430 5007; x_wconf 81' lang='grc' dir='ltr'>καὶ</span> <span class='ocrx_word' id='word_1_502' title='bbox 3486 4960 3831 5026; x_wconf 79' lang='grc' dir='ltr'>γραμματεῖς</span> 
     </span>
    </p>
   </div>
   <div class='ocr_carea' id='block_1_52' title="bbox 2271 5026 3831 5107">
    <p class='ocr_par' dir='ltr' id='par_1_52' title="bbox 2271 5026 3831 5107">
     <span class='ocr_line' id='line_1_52' title="bbox 2271 5026 3831 5107; baseline 0.008 -29"><span class='ocrx_word' id='word_1_503' title='bbox 2271 5027 2563 5078; x_wconf 78' lang='grc' dir='ltr'>ὑπεναντία</span> <span class='ocrx_word' id='word_1_504' title='bbox 2590 5026 2682 5078; x_wconf 91' lang='grc' dir='ltr'>τοῦ</span> <span class='ocrx_word' id='word_1_505' title='bbox 2715 5028 2876 5096; x_wconf 87' lang='grc' dir='ltr'>νόμου</span> <span class='ocrx_word' id='word_1_506' title='bbox 2904 5029 3140 5084; x_wconf 76' lang='grc' dir='ltr'>ἐλάλουν.</span> <span class='ocrx_word' id='word_1_507' title='bbox 3178 5033 3419 5106; x_wconf 83' lang='grc' dir='ltr'>Ἡρώδης</span> <span class='ocrx_word' id='word_1_508' title='bbox 3455 5036 3545 5091; x_wconf 89' lang='grc' dir='ltr'>τὸν</span> <span class='ocrx_word' id='word_1_509' title='bbox 3573 5038 3831 5107; x_wconf 84' lang='grc' dir='ltr'>τεχθέντα</span> 
     </span>
    </p>
   </div>
   <div class='ocr_carea' id='block_1_53' title="bbox 2271 5107 3831 5190">
    <p class='ocr_par' dir='ltr' id='par_1_53' title="bbox 2271 5107 3831 5190">
     <span class='ocr_line' id='line_1_53' title="bbox 2271 5107 3831 5190; baseline 0.011 -34"><span class='ocrx_word' id='word_1_510' title='bbox 2271 5107 2470 5176; x_wconf 76' lang='grc' dir='ltr'>ἐζήτει,</span> <span class='ocrx_word' id='word_1_511' title='bbox 2489 5110 2585 5176; x_wconf 84' lang='grc' dir='ltr'>οὐχ</span> <span class='ocrx_word' id='word_1_512' title='bbox 2612 5110 2692 5160; x_wconf 83' lang='grc' dir='ltr'>ἵνα</span> <span class='ocrx_word' id='word_1_513' title='bbox 2717 5110 2877 5161; x_wconf 82' lang='grc' dir='ltr'>αὐτὸν</span> <span class='ocrx_word' id='word_1_514' title='bbox 2895 5112 3119 5184; x_wconf 80' lang='grc' dir='ltr'>τιμήσῃ,</span> <span class='ocrx_word' id='word_1_515' title='bbox 3136 5113 3249 5166; x_wconf 81' lang='grc' dir='ltr'>ἀλλ’</span> <span class='ocrx_word' id='word_1_516' title='bbox 3275 5115 3358 5169; x_wconf 82' lang='grc' dir='ltr'>ἵνα</span> <span class='ocrx_word' id='word_1_517' title='bbox 3386 5117 3546 5171; x_wconf 80' lang='grc' dir='ltr'>αὐτὸν</span> <span class='ocrx_word' id='word_1_518' title='bbox 3568 5119 3831 5190; x_wconf 80' lang='grc' dir='ltr'>ἀπολέσῃ.</span> 
     </span>
    </p>
   </div>
   <div class='ocr_carea' id='block_1_54' title="bbox 2273 5191 3831 5269">
    <p class='ocr_par' dir='ltr' id='par_1_54' title="bbox 2273 5191 3831 5269">
     <span class='ocr_line' id='line_1_54' title="bbox 2273 5191 3831 5269; baseline 0.01 -29"><span class='ocrx_word' id='word_1_519' title='bbox 2273 5191 2513 5259; x_wconf 87' lang='grc' dir='ltr'>Σήμερον</span> <span class='ocrx_word' id='word_1_520' title='bbox 2539 5191 2644 5260; x_wconf 83' lang='grc' dir='ltr'>γὰρ</span> <span class='ocrx_word' id='word_1_521' title='bbox 2674 5202 2695 5229; x_wconf 74' lang='grc' dir='ltr'><strong>ο</strong></span> <span class='ocrx_word' id='word_1_522' title='bbox 2747 5191 2922 5244; x_wconf 87' lang='grc' dir='ltr'>πάντα</span> <span class='ocrx_word' id='word_1_523' title='bbox 2945 5194 3233 5248; x_wconf 84' lang='grc' dir='ltr'>ὑπεναντία</span> <span class='ocrx_word' id='word_1_524' title='bbox 3272 5196 3431 5253; x_wconf 79' lang='grc' dir='ltr'>εἶδον.</span> <span class='ocrx_word' id='word_1_525' title='bbox 3465 5202 3585 5252; x_wconf 82' lang='grc' dir='ltr'>Οὐκ</span> <span class='ocrx_word' id='word_1_526' title='bbox 3615 5202 3831 5269; x_wconf 72' lang='grc' dir='ltr'>ἐκρύϐη</span> 
     </span>
    </p>
   </div>
   <div class='ocr_carea' id='block_1_55' title="bbox 2273 5270 3833 5350">
    <p class='ocr_par' dir='ltr' id='par_1_55' title="bbox 2273 5270 3833 5350">
     <span class='ocr_line' id='line_1_55' title="bbox 2273 5270 3833 5350; baseline 0.008 -27"><span class='ocrx_word' id='word_1_527' title='bbox 2273 5271 2401 5340; x_wconf 74' lang='grc' dir='ltr'>γὰρ,</span> <span class='ocrx_word' id='word_1_528' title='bbox 2443 5273 2582 5325; x_wconf 81' lang='grc' dir='ltr'>κατὰ</span> <span class='ocrx_word' id='word_1_529' title='bbox 2629 5273 2716 5327; x_wconf 87' lang='grc' dir='ltr'>τὸν</span> <span class='ocrx_word' id='word_1_530' title='bbox 2760 5270 3063 5344; x_wconf 80' lang='grc' dir='ltr'>ψαλμῳδὸν,</span> <span class='ocrx_word' id='word_1_531' title='bbox 3091 5274 3244 5350; x_wconf 77' lang='grc'>[595]</span> <span class='ocrx_word' id='word_1_532' title='bbox 3299 5280 3414 5333; x_wconf 81' lang='grc' dir='ltr'>ἀπὸ</span> <span class='ocrx_word' id='word_1_533' title='bbox 3454 5279 3571 5333; x_wconf 77' lang='grc' dir='ltr'>τῶν</span> <span class='ocrx_word' id='word_1_534' title='bbox 3614 5283 3833 5336; x_wconf 69' lang='grc' dir='ltr'>τέκνων</span> 
     </span>
    </p>
   </div>
   <div class='ocr_carea' id='block_1_56' title="bbox 2273 5355 3834 5433">
    <p class='ocr_par' dir='ltr' id='par_1_56' title="bbox 2273 5355 3834 5433">
     <span class='ocr_line' id='line_1_56' title="bbox 2273 5355 3834 5433; baseline 0.006 -27"><span class='ocrx_word' id='word_1_535' title='bbox 2273 5355 2467 5407; x_wconf 78' lang='grc' dir='ltr'>αὐτῶν</span> <span class='ocrx_word' id='word_1_536' title='bbox 2494 5358 2577 5419; x_wconf 85' lang='grc' dir='ltr'>εἰς</span> <span class='ocrx_word' id='word_1_537' title='bbox 2606 5355 2818 5422; x_wconf 72' lang='grc' dir='ltr'>γενεὰν</span> <span class='ocrx_word' id='word_1_538' title='bbox 2841 5357 3063 5424; x_wconf 80' lang='grc' dir='ltr'>ἑτέραν.</span> <span class='ocrx_word' id='word_1_539' title='bbox 3091 5360 3335 5427; x_wconf 86' lang='grc' dir='ltr'>Βασιλεῖς</span> <span class='ocrx_word' id='word_1_540' title='bbox 3369 5363 3467 5432; x_wconf 82' lang='grc' dir='ltr'>μὲν</span> <span class='ocrx_word' id='word_1_541' title='bbox 3511 5363 3616 5433; x_wconf 81' lang='grc' dir='ltr'>γὰρ</span> <span class='ocrx_word' id='word_1_542' title='bbox 3654 5359 3834 5433; x_wconf 78' lang='grc' dir='ltr'>ἦλθον,</span> 
     </span>
    </p>
   </div>
   <div class='ocr_carea' id='block_1_57' title="bbox 2273 5435 3838 5512">
    <p class='ocr_par' dir='ltr' id='par_1_57' title="bbox 2273 5435 3838 5512">
     <span class='ocr_line' id='line_1_57' title="bbox 2273 5435 3838 5512; baseline 0.01 -28"><span class='ocrx_word' id='word_1_543' title='bbox 2273 5435 2362 5485; x_wconf 85' lang='grc' dir='ltr'>τὸν</span> <span class='ocrx_word' id='word_1_544' title='bbox 2408 5438 2722 5506; x_wconf 83' lang='grc' dir='ltr'>ἐπουράνιον</span> <span class='ocrx_word' id='word_1_545' title='bbox 2768 5435 2988 5506; x_wconf 86' lang='grc' dir='ltr'>βασιλέα</span> <span class='ocrx_word' id='word_1_546' title='bbox 3036 5441 3423 5512; x_wconf 79' lang='grc' dir='ltr'>θαυμάζοντες,</span> <span class='ocrx_word' id='word_1_547' title='bbox 3475 5445 3556 5496; x_wconf 85' lang='grc' dir='ltr'>ὅτι</span> <span class='ocrx_word' id='word_1_548' title='bbox 3605 5445 3838 5509; x_wconf 70' lang='grc' dir='ltr'>πῶςέπὶ</span> 
     </span>
    </p>
   </div>
   <div class='ocr_carea' id='block_1_58' title="bbox 2275 5513 3838 5596">
    <p class='ocr_par' dir='ltr' id='par_1_58' title="bbox 2275 5513 3838 5596">
     <span class='ocr_line' id='line_1_58' title="bbox 2275 5513 3838 5596; baseline 0.008 -28"><span class='ocrx_word' id='word_1_549' title='bbox 2275 5517 2376 5586; x_wconf 79' lang='grc' dir='ltr'>γῆς</span> <span class='ocrx_word' id='word_1_550' title='bbox 2404 5513 2564 5586; x_wconf 78' lang='grc' dir='ltr'>ἦλθεν</span> <span class='ocrx_word' id='word_1_551' title='bbox 2594 5519 2691 5571; x_wconf 76' lang='grc' dir='ltr'>οὐκ</span> <span class='ocrx_word' id='word_1_552' title='bbox 2720 5519 2980 5588; x_wconf 83' lang='grc' dir='ltr'>ἀγγέλους</span> <span class='ocrx_word' id='word_1_553' title='bbox 3029 5523 3185 5594; x_wconf 75' lang='grc' dir='ltr'>ἔχων,</span> <span class='ocrx_word' id='word_1_554' title='bbox 3219 5524 3319 5577; x_wconf 80' lang='grc' dir='ltr'>οὐκ</span> <span class='ocrx_word' id='word_1_555' title='bbox 3347 5525 3748 5596; x_wconf 81' lang='grc' dir='ltr'>ἀρχαγγέλους,</span> <span class='ocrx_word' id='word_1_556' title='bbox 3781 5528 3838 5579; x_wconf 77' lang='grc' dir='ltr'>οῦ</span> 
     </span>
    </p>
   </div>
   <div class='ocr_carea' id='block_1_59' title="bbox 2339 5725 2644 5776">
    <p class='ocr_par' dir='ltr' id='par_1_59' title="bbox 2339 5725 2644 5776">
     <span class='ocr_line' id='line_1_59' title="bbox 2339 5725 2644 5776; baseline 0.016 -5"><span class='ocrx_word' id='word_1_557' title='bbox 2339 5727 2358 5753; x_wconf 72' lang='grc' dir='ltr'>ε</span> <span class='ocrx_word' id='word_1_558' title='bbox 2391 5725 2539 5774; x_wconf 68' lang='lat' dir='ltr'><strong>Savil.</strong></span> <span class='ocrx_word' id='word_1_559' title='bbox 2577 5726 2644 5776; x_wconf 77' lang='grc' dir='ltr'>δέ.</span> 
     </span>
    </p>
   </div>
  </div>
