3982 6218
209 418 318 471 385

202 511 545 589 probatioque
589 510 986 565 sacriﬁciorum.
1013 511 1181 581 Luget
1215 514 1471 582 propheta
1504 516 1650 582 quasi
1678 515 1764 582 ju'

194 594 298 650 'stis
327 609 379 651 et
407 598 557 653 bonis
587 601 713 654 viris
749 600 1135 655 deﬁcientibus.
1165 602 1230 655 Et
1258 604 1309 655 in
1340 605 1440 657 line
1469 614 1585 671 post
1609 619 1763 657 accn-

199 688 457 741 sationem
485 700 538 742 et
561 690 1022 745 comminationem
1052 707 1355 761 magnarum
1384 695 1758 755 calamitatum,

197 775 335 829 bona
364 780 678 845 praenuntiat
706 780 908 834 lsraeli.

1329 404 1392 458 IN
1432 404 1755 460 NATALEM
1792 406 2057 459 CHRISTI
2100 407 2280 461 DIEM.

3323 434 3432 487 386

1876 516 2066 584 Adjicit
2091 528 2265 572 autem
2298 519 2617 574 invasioucm
2644 523 3048 593 Babyloniorum
3078 539 3259 582 contra
3292 531 3437 584 Nini-

1876 609 2029 669 vitas,
2059 607 2244 660 horum
2273 611 2655 675 captivitatem.
2684 613 2909 668 Enarrat
2934 619 3046 684 ejus
3077 621 3359 687 potentiam
3384 633 3436 676 et

1871 698 2096 764 divitias,
2128 715 2255 767 quas
2288 700 2467 753 habuit
2502 713 2785 770 antequam
2814 718 3114 774 caperetur.

2205 807 2459 862 Hactenus
2486 814 2738 880 exemplar
2765 813 2969 868 habebat
2999 817 3097 884 (a).

880 924 1074 964 mutili.
1926 936 2003 1013 .(a)
2038 943 2145 986 Haec
2162 946 2236 1009 est
2257 938 2435 1013 librarii
2476 941 2658 990 Codicis
2682 943 2953 1013 Coisliniani
2995 957 3102 995 nota
3139 954 3437 1013 quasignili-

1867 1004 2000 1043 catur
2021 1009 2142 1057 opus
2165 999 2498 1060 nuper-fectum
2522 1016 2651 1064 esse,
2679 1012 2729 1051 et
2753 1008 3001 1068 exemplar
3038 999 3175 1056 suum
3201 1012 3281 1060 illo
3300 999 3437 1063 desi-

271 1036 345 1091 De
372 1040 602 1106 potentia
648 1041 739 1095 Dei
782 1040 993 1095 disserit
1040 1058 1054 1093 :
1103 1040 1170 1095 de
1214 1043 1467 1112 apostolis
1499 1044 1750 1112 praedicit.
1870 1036 2007 1104 Here.

914 1676 1022 1735 AD
1078 1674 1492 1735 HOMILIAM
1535 1676 1616 1734 IN
1670 1677 2050 1740 NATALEM
2106 1678 2418 1741 CHRISTI
2484 1683 2703 1744 DIEM.

196 1925 480 1982 immutata
532 1937 785 1983 manente
842 1938 1054 1983 natura.
1086 1948 1103 1981 ι
1143 1929 1238 1983 IIis
1284 1944 1446 1998 porro
1501 1930 1779 2002 subjuugit
1818 1934 1919 1987 alia
1966 1935 2244 2002 quaedam,
2286 1952 2405 2005 quae
2437 1953 2583 1990 num.
2624 1937 2657 1990 ’Ξ
2701 1939 2951 2007 leguntur
2990 1960 3001 1993 :
3045 1941 3142 2006 Qui
3195 1945 3249 1996 in
3291 1947 3420 1999 solio

193 2042 408 2095 sublimi
444 2046 785 2113 praecelsaque
824 2046 1071 2109 considet,
1112 2047 1155 2098 is
1189 2047 1242 2097 in
1272 2048 1521 2115 pra‘sepio
1560 2049 1807 2115 ponitur:
1847 2050 2220 2117 impalpabilis,
2258 2053 2496 2119 simplex,
2532 2055 2882 2121 incorporeus,
2911 2059 3151 2112 humanis
3186 2061 3419 2113 manibus

195 2166 547 2211 contrectatur
570 2177 588 2213 .'
613 2163 699 2230 qui
725 2172 1052 2231 peccatorum
1077 2163 1281 2215 vincula
1320 2165 1615 2230 disrumpit,
1671 2166 1846 2232 fasciis
1881 2168 2268 2235 constringitur.

271 2272 365 2325 IIis
398 2276 702 2343 conspectis
753 2276 1071 2331 testimoniis
1118 2285 1277 2345 atque
1318 2278 1448 2330 locis
1473 2318 1487 2341 ,
1542 2278 1661 2346 quis
1704 2294 1810 2331 non
1845 2281 2028 2333 credat
2068 2297 2179 2335 rem
2224 2297 2345 2336 esse
2382 2282 2716 2344 confectam,
2766 2283 3150 2354 homiliamquc
3188 2285 3420 2357 Chryso—

193 2396 371 2441 stomo
400 2388 773 2443 incunctanter
804 2391 973 2445 fuisse
1007 2392 1403 2460 adjudicatam?
1435 2394 1631 2446 Verum
1665 2409 1819 2447 secus
1859 2410 1944 2447 res
1975 2396 2154 2449 cessit.
2197 2395 2328 2449 Nam
2387 2398 2616 2451 Savilius
2665 2414 2781 2452 eam
2824 2400 2963 2454 inter
3002 2403 3156 2454 dubia
3201 2404 3415 2457 locavit.

193 2493 397 2549 Fronto
452 2496 675 2553 Ducaaus
734 2500 874 2555 inter
930 2501 1111 2570 spuria
1168 2502 1356 2556 edidit.
1402 2502 1772 2557 'I‘illemontius
1821 2520 1947 2557 vero
1987 2515 2138 2573 putat
2175 2508 2443 2560 laudatam
2490 2524 2518 2560 a
2559 2509 2756 2578 Cyrillo
2796 2512 3160 2581 Chrysostomi
3197 2517 3416 2569 nomine

191 2610 467 2664 homiliam
492 2652 505 2675 ,
545 2612 912 2682 Clirysostomi
956 2630 1075 2669 esse
1126 2625 1415 2683 oportere:
1454 2615 1546 2668 sed
1576 2616 1870 2668 arbitratur
1900 2618 2057 2681 hanc,
2090 2634 2251 2686 quam
2297 2634 2442 2673 nunc
2494 2621 2772 2685 habemus,
2818 2623 3091 2677 homiliam
3122 2643 3241 2680 esse
3284 2644 3414 2682 ccu-

191 2734 411 2789 tonem,
449 2727 539 2780 ubi
575 2726 619 2779 is
648 2727 737 2795 qui
775 2728 916 2780 illam
964 2727 1127 2780 variis
1160 2742 1222 2781 ex
1271 2728 1401 2781 locis
1442 2728 1835 2782 consarcinavit
1858 2770 1870 2791 ,
1906 2740 1964 2783 ut
1994 2730 2203 2783 facilius
2237 2732 2416 2785 fucum
2447 2732 2678 2799 faceret,
2727 2737 2833 2789 duo
2876 2738 2962 2791 illa
3002 2740 3113 2793 loca
3146 2756 3175 2793 a
3222 2742 3416 2811 Cyrillo

188 2840 354 2895 allata
405 2842 709 2897 inseruerit.
769 2843 1028 2913 Quodque
1080 2846 1366 2899 observatu
1417 2845 1634 2914 dignum
1686 2854 1799 2909 est,
1839 2846 1915 2899 ait
1953 2845 2178 2915 Cyrillus
2218 2848 2268 2901 in
2304 2849 2420 2902 loco
2457 2851 2705 2919 superius
2746 2852 2943 2917 allato,
2992 2856 3215 2921 justitia:
3256 2860 3415 2912 801cm

186 2960 634 3029 incircumscripte
685 2963 949 3029 complexa
1004 2965 1121 3033 fuit,
1168 2964 1271 3018 dici
1315 2965 1379 3018 de
1426 2973 1609 3018 sancta
1670 2965 1921 3034 Virgine,
1969 2967 2054 3021 hic
2096 2978 2273 3021 autem
2319 2971 2384 3024 de
2427 2969 2738 3027 Bethlehem
2783 2974 3062 3041 dicuntur;
3106 2982 3248 3047 quod
3288 2996 3414 3035 sane

187 3079 477 3125 centonem
520 3086 639 3125 esse
668 3074 915 3140 suadeat,
956 3075 1115 3129 modo
1147 3074 1461 3137 Athanasio,
1494 3075 1651 3129 modo
1687 3074 2069 3145 Chrysostomo
2104 3078 2385 3130 tributum.

263 3184 642 3255 Interpretatio
674 3188 857 3242 Latina
890 3201 972 3245 est
1008 3192 1291 3245 Frontonis
1321 3190 1517 3245 Ducaei.

744 3793 807 3837 IN
844 3794 1221 3839 SALVATORIS
1266 3797 1490 3841 uos-rm
1539 3801 1683 3844 assa
1719 3802 1968 3846 cnmsn
2020 3803 2448 3848 numnum
2490 3804 2721 3846 onnto
2755 3786 2860 3865 (a).

1674 4019 1931 4034 _—_

249 4211 323 4282 (b)
348 4212 652 4283 Mysterium
673 4233 862 4271 novum
881 4229 934 4274 et
952 4221 1259 4277 admirabile
1275 4223 1452 4278 video:
1470 4233 1735 4293 pastorum

167 4303 392 4357 vocibus
409 4320 563 4359 aures
580 4324 711 4361 mete
725 4296 1133 4377 circumsonant,
1148 4314 1235 4381 qui
1255 4330 1356 4367 non
1380 4315 1483 4368 leni
1502 4327 1652 4370 cantu
1672 4320 1742 4370 si-

1846 4221 1945 4275 sit:
1971 4220 2059 4274 nbi
2086 4223 2226 4276 enim
2255 4223 2393 4280 Deus
2412 4229 2540 4294 vult,
2571 4230 2642 4285 ibi
2671 4247 2871 4295 natura!
2892 4244 3025 4299 ordo
3052 4248 3209 4306 cedit.
3233 4251 3411 4313 Voluit

169 4393 361 4461 bilant,
376 4396 465 4448 scd
478 4398 740 4452 ch-lestem
756 4400 1004 4469 hymnum
1018 4405 1508 4475 concinunt.Angcli
1522 4419 1734 4475 canunt,

165 4482 474 4552 archangeli
494 4487 847 4554 modulantur,
863 4490 1145 4545 Cherubim
1166 4494 1413 4564 hymnum
1432 4498 1629 4563 dicunt,
1644 4500 1736 4553 Se-

166 4573 380 4637 raphim
411 4575 700 4642 gloriﬁcant
721 4619 733 4640 ,
762 4595 943 4634 omnes
971 4582 1157 4636 festum
1195 4586 1499 4651 celebrant,
1530 4590 1652 4642 dum
1685 4591 1733 4643 in

169 4660 331 4711 terris
369 4661 530 4716 Deum
553 4705 566 4727 ,
597 4678 647 4719 et
679 4666 945 4723 hominem
973 4672 1021 4723 in
1052 4673 1192 4725 czelis
1220 4689 1442 4729 cernunt
1467 4695 1478 4729 :
1499 4694 1616 4731 eum
1646 4680 1733 4747 qui

163 4762 383 4799 sursum
408 4763 506 4815 est,
533 4767 745 4822 propter
769 4757 1209 4827 dispensationem
1238 4763 1481 4817 deorsum
1505 4769 1730 4831 versari;

165 4851 293 4888 cum
326 4840 410 4905 qui
438 4839 685 4897 deorsum
711 4861 856 4909 erat,
886 4860 1096 4917 propter
1126 4852 1495 4921 benignitatem
1524 4872 1729 4909 sursum

167 4940 313 4976 nunc
344 4930 537 4981 versari
571 4933 607 4981 ¹.
642 4933 805 4989 Hodie
845 4938 1107 4992 Bethleem
1162 4942 1344 4994 crelum
1387 4944 1581 4997 imitata
1609 4958 1689 5001 est
1717 4969 1729 5003 :

166 5030 291 5082 qua:
320 5017 587 5071 stellarum
614 5025 819 5089 quidem
844 5028 958 5083 loco
986 5032 1199 5099 angelos
1223 5045 1469 5089 canentes
1496 5042 1728 5107 excepit,

165 5106 304 5158 solis
328 5117 499 5159 autem
536 5110 879 5180 locojnstitiue
919 5120 1081 5174 solem
1114 5124 1565 5195 ineircumscripte
1588 5145 1732 5183 com-

167 5196 321 5264 plexa
351 5196 463 5250 l‘uit.
492 5198 669 5270 Neque
697 5205 779 5257 hic
807 5211 1094 5278 qmesieris,
1124 5216 1385 5282 quomodo
1411 5217 1511 5272 hoc
1539 5219 1729 5273 factum

235 5390 876 5481 ζ’)ἓξςιῗὶἓᾶτξῖἰτίὲΨὲΡὶὶὲ
894 5407 1034 5481 1‘38»
1064 5420 1178 5474 eum
1201 5410 1282 5469 τιαί
1303 5426 1491 5481 suam
1509 5424 1593 5475 εδίν
1618 5432 1727 5481 Pro-

163 5448 641 5539 ἕπῃ
654 5456 872 5506 deorsum
894 5448 1094 5523 versari,-
1234 5448 1356 5539 "iis"
1606 5448 1726 5539 δαΐ

164 5504 365 5570 propter
383 5504 782 5573 dispensatimremi
794 5504 1139 5575 saeuitia};

234 5588 973 5683 £32,.
998 5606 1141 5683 {ea
1158 5615 1239 5683 qui.
1262 5616 1329 5662 sic
1353 5616 1537 5683 ιεμιιυτη
1563 5621 1725 5683 habet,

165 5656 333 5726 Secuto
417 5656 709 5726 natiuitatem
726 5660 911 5726 Domini
926 5656 973 5711 Et
998 5668 1081 5726 Dei
1098 5656 1142 5717 et
1165 5656 1429 5726 suit-ium;

234 5708 308 5771 (ὑ)
340 5712 513 5761 Citatur
538 5715 612 5763 hic
634 5716 767 5767 locus
789 5722 835 5768 in
850 5708 1327 5788 'Cbhéiiié'e'ﬁiiguﬁl

487 5795 751 5861 Pnaoc.
794 5805 910 5867 Gn.
960 5805 1109 5871 LVI.

1842 4311 1981 4363 enim
2008 4350 2023 4372 ,
2050 4313 2219 4379 pctuit
2242 4353 2256 4378 ,
2290 4314 2594 4386 descendit,
2618 4324 2866 4390 salvavit;
2892 4336 3068 4389 omnia
3101 4338 3189 4393 Dei
3226 4311 3407 4401 nutnni

1841 4488 1896 4541 tit
1922 4491 1969 4543 id
2024 4494 2160 4561 quod
2192 4510 2295 4548 non
2322 4510 2434 4550 erat
2460 4518 2472 4556 :
2504 4517 2621 4554 nam
2651 4522 2766 4559 cum
2796 4510 2933 4566 Deus
2959 4529 3115 4579 esset,
3146 4488 3407 4595 titlhomn;

1840 4579 1905 4631 ab
1930 4595 1989 4632 ca
2020 4590 2214 4649 tamen,
2236 4600 2390 4652 quam
2424 4590 2630 4658 habeat,
2654 4594 2845 4653 deitate
2866 4618 2968 4658 non
2998 4612 3208 4666 excidit.
3230 4579 3408 4686 Neque

1839 4668 1979 4719 enim
2030 4685 2148 4723 cum
2195 4673 2402 4727 deitatis
2446 4678 2645 4744 jactura
2692 4686 2857 4742 factus
2896 4704 2978 4746 est
3009 4696 3199 4766 homo,
3234 4668 3404 4773 neque

1841 4771 2048 4809 rursum
2083 4776 2173 4826 per
2202 4765 2531 4819 succedentia
2565 4771 2883 4834 incrementa
2908 4798 2970 4836 ex
3001 4786 3213 4846 homine
3236 4765 3404 4853 factus

1838 4854 1917 4897 est
1949 4847 2112 4910 Deus;
2144 4851 2236 4903 sed
2265 4852 2494 4909 Verbum
2535 4864 2793 4921 exsistens
2815 4911 2828 4933 ,
2861 4884 3039 4929 natura
3092 4886 3299 4950 propria
3339 4892 3406 4943 ob

1838 4936 1915 4987 Sui
1964 4936 2400 5004 impatibilitatcm
2450 4961 2692 5004 manente
2740 4956 3047 5028 immutata,
3081 4936 3401 5032 iacti-nn“

1836 5038 1978 5077 caro.
2012 5026 2231 5091 Quando
2257 5044 2431 5087 autem
2470 5050 2622 5093 natus
2649 5054 2762 5107 est,
2794 5047 2958 5104 Judaei
2985 5058 3196 5122 quidem
3241 5064 3403 5119 inusi-

1838 5122 2000 5166 tatum
2026 5128 2227 5184 partum
2260 5125 2549 5190 negabant,
2578 5129 2828 5189 Pharisaei
2860 5154 2983 5193 vero
3013 5160 3286 5215 perperam
3318 5170 3404 5209 sa-

1834 5217 1953 5256 cros
1980 5206 2138 5259 libros
2170 5210 2663 5283 interpretabantur,
2693 5232 2745 5275 et
2769 5228 2953 5282 scribrc
2980 5206 3223 5307 quelegi
3249 5206 3397 5298 erant

1834 5296 2092 5349 contraria
2121 5299 2499 5368 loquebantur;
2530 5308 2761 5365 Herodes
2793 5331 2911 5369 eum
2942 5296 3030 5388 qui
3072 5296 3224 5381 nauis
3251 5342 3361 5384 erat
3386 5296 3411 5398 ἡ,

1832 5387 2133 5453 quaerebat,
2159 5406 2260 5443 non
2303 5401 2360 5445 ut
2384 5411 2502 5448 eum
2533 5397 2731 5457 honore
2773 5387 3032 5475 afﬁceret,
3058 5416 3149 5468 sed
3181 5430 3235 5471 ut
3278 5438 3396 5476 eum

1834 5472 2168 5530 interﬁceret.
2192 5480 2355 5535 Hodie
2374 5500 2598 5557 namque
2615 5498 2872 5550 contraria
2892 5511 3075 5555 cuncta
3093 5510 3405 5563 cernebant.

1834 5561 1951 5615 Non
1976 5568 2104 5618 enim
2132 5571 2376 5624 occultata
2418 5588 2571 5642 sunt,
2601 5593 2655 5633 ut
2680 5599 2796 5637 cum
2830 5587 3157 5648 Psalmorum
3186 5612 3402 5657 auctore

1832 5651 2034 5722 loquar,
2064 5674 2095 5708 α
2123 5659 2240 5724 [iliis
2269 5679 2438 5717 eorum
2469 5670 2521 5719 in
2560 5676 2920 5738 generationem
2965 5682 3172 5736 alteram
3214 5686 3397 5757 (Psal.

1835 5741 1918 5795 77.
1950 5745 2022 5813 4).
2049 5746 2315 5815 Siquidem
2345 5769 2492 5826 reges
2522 5772 2795 5831 venerunt,
2826 5775 2879 5819 et
2908 5770 3171 5828 etclestem
3203 5741 3397 5848 I‘tegem

2962 5863 3035 5922 2h
