3982 6218
549 369 658 423 387

543 484 931 544 suspexerunt,
961 477 1099 545 quod
1148 477 1197 531 itt
1236 486 1430 532 terram
1477 481 1715 545 venerit,
1747 496 1847 533 non
1891 482 2106 552 angelos

543 580 722 620 secum
765 565 992 634 habens,
1023 583 1125 621 non
1154 567 1498 638 archangelos
1522 609 1536 633 ,
1570 585 1672 622 non
1714 571 1930 623 thronos
1958 612 1972 634 ,
2006 587 2109 624 non

544 655 951 720 dominationes,
987 673 1090 709 non
1120 657 1359 722 virtutes,
1390 674 1494 711 non
1524 668 1828 727 potestates,
1856 659 1949 713 sed
1977 676 2109 714 nova

541 756 594 797 et
632 747 849 800 minime
882 749 998 799 trita
1043 747 1292 802 incedens
1320 751 1400 801 via
1445 765 1507 802 ex
1554 750 1751 803 illibato
1798 753 2112 818 processerit

541 847 689 890 utero
715 857 726 889 :
752 853 850 892 nec
876 852 1049 892 tamen
1080 848 1294 908 angelos
1321 858 1427 893 sua:
1452 841 1844 910 gubernationis
1874 852 2110 896 exsortes

536 928 847 996 dereliquit,
874 945 1042 998 neque
1073 940 1285 998 propter
1311 932 1724 984 incarnationem
1756 947 1903 985 suam
1945 947 1973 985 a
2015 947 2108 986 sua

536 1019 735 1072 excidit
761 1020 953 1073 deitate
982 1038 993 1070 :
1022 1022 1112 1074 sed
1143 1037 1291 1090 reges
1319 1022 1529 1090 quidem
1559 1033 1846 1088 venerunt,
1873 1033 1927 1076 ut
1953 1025 2109 1078 caele-

534 1119 668 1162 stem
697 1109 892 1178 Regem
915 1111 1094 1180 gloriae
1115 1111 1415 1172 adorarent,
1439 1113 1630 1166 milites
1657 1121 1852 1179 autem,
1878 1123 1935 1167 ut
1959 1114 2108 1167 Prin-

534 1199 702 1266 cipum
732 1202 993 1254 exercitus
1022 1203 1255 1255 colerent
1280 1220 1291 1254 :
1319 1203 1568 1256 mulieres
1588 1244 1600 1265 ,
1625 1219 1744 1256 eum
1776 1206 1861 1272 qui
1893 1220 1957 1258 ex
1988 1221 2110 1260 mu-

531 1289 660 1348 liere
685 1300 842 1345 natus
865 1301 964 1352 est,
1012 1301 1067 1345 ut
1095 1293 1329 1346 mulieris
1364 1293 1574 1348 dolores
1603 1295 1654 1348 in
1685 1296 1916 1348 lit-titiam
1956 1309 2105 1348 eom-

535 1389 695 1431 ntutet
719 1398 730 1432 :
754 1382 1000 1449 virgines,
1028 1382 1190 1435 filium
1217 1382 1462 1450 Virginis,
1486 1385 1805 1437 admirantes
1832 1385 1917 1452 qtti
1943 1385 2031 1436 fiat
2053 1394 2107 1437 ιιι

529 1469 677 1522 lactis
704 1469 964 1533 conditor,
990 1471 1076 1538 qui
1105 1470 1267 1524 efftcit
1291 1481 1344 1524 ιιι
1368 1473 1589 1525 uberum
1618 1473 1787 1527 fontes
1815 1483 2103 1541 spontanea

528 1559 720 1611 fluenta
749 1558 1059 1624 diffundant,
1087 1575 1116 1613 a
1141 1560 1352 1629 Virgine
1381 1571 1549 1615 matre
1581 1563 2103 1630 puerulialitnentutn

527 1651 747 1719 accipiat
771 1666 785 1704 :
817 1650 1064 1714 infantes,
1091 1666 1208 1704 emu
1235 1652 1320 1720 qui
1347 1650 1514 1704 factus
1537 1663 1616 1705 est
1639 1653 1825 1717 infans,
1847 1661 1902 1706 ut
1922 1668 1987 1706 ex
2012 1667 2105 1706 ore

527 1742 802 1796 infantium
825 1750 879 1796 et
911 1744 1210 1797 lactenlium
1237 1743 1441 1796 laudem
1475 1745 1747 1811 perliceret
1773 1745 1981 1815 (Matth.
2011 1744 2101 1797 2|.

527 1833 624 1892 16;
654 1832 798 1886 Psal.
844 1832 896 1886 8.
943 1833 998 1901 5)
1037 1850 1050 1884 :
1090 1832 1281 1900 pueri,
1309 1848 1569 1902 puerum,
1600 1835 1684 1901 qui
1732 1842 1991 1903 martyres
2035 1835 2103 1886 ob

525 1923 749 1975 llcrotlis
791 1923 1047 1974 insaniam
1089 1922 1297 1975 effecit:
1325 1922 1420 1974 viri
1445 1963 1459 1986 ,
1489 1938 1607 1976 eum
1635 1925 1722 1992 qui
1753 1923 1911 1976 homo
1935 1922 2102 1976 factus

522 2023 636 2075 est,
668 2022 724 2065 ut
748 2027 1021 2066 servorum
1058 2013 1208 2066 malis
1235 2013 1570 2067 mederetur:
1596 2025 1832 2082 pastores
1855 2056 1868 2078 ,
1903 2015 2098 2068 bonum

526 2115 820 2173 pastorem,
851 2104 939 2173 qui
971 2105 1197 2156 animam
1229 2119 1324 2172 pro
1351 2104 1535 2156 ovibus
1576 2104 1683 2156 suis
1717 2106 1862 2172 ponit
1889 2122 1901 2157 :
1927 2119 2100 2157 sacer-

521 2196 690 2256 dotes,
720 2210 838 2248 cutn
865 2195 949 2262 qui
983 2193 1147 2247 factus
1177 2205 1257 2247 est
1281 2194 1516 2248 Pontifex
1545 2195 1832 2248 secundum
1859 2195 2096 2248 ordinem

521 2284 868 2339 Melchisedec
899 2283 1077 2353 (Hebr.
1113 2286 1164 2337 7.
1197 2284 1294 2348 f7;
1329 2283 1467 2336 Psal.
1500 2284 1620 2337 109.
1653 2285 1709 2351 4)
1736 2303 1748 2337 :
1774 2286 1950 2350 servi,
1975 2299 2096 2338 eum

520 2376 608 2444 qui
637 2375 772 2429 servi
809 2373 1028 2426 fortnam
1058 2373 1293 2442 accepit,
1321 2383 1377 2426 ut
1407 2383 1638 2427 nostram
1666 2375 1970 2428 servitutem
1999 2375 2097 2428 lto-

521 2481 650 2520 nore
692 2465 946 2519 libertatis
999 2473 1210 2517 ornaret
1263 2462 1513 2533 (Philipp.
1555 2464 1607 2515 2.
1651 2463 1753 2533 7);
1786 2465 2092 2533 piscatores,

517 2573 637 2610 eum
667 2559 751 2626 qni
783 2573 847 2612 ex
881 2558 1230 2626 piscatoribus
1276 2556 1544 2610 hominum
1598 2558 1758 2612 efficit
1784 2569 2092 2613 venatores:

521 2649 784 2716 publicani
810 2689 823 2712 ,
856 2663 974 2702 eum
1004 2650 1089 2716 qui
1121 2663 1185 2700 ex
1224 2648 1518 2715 publicanis
1552 2649 1805 2702 selectnm
1835 2651 2099 2718 evangeli-

515 2748 652 2792 statn
683 2739 919 2808 designat
950 2736 1159 2806 (Matth.
1187 2737 1240 2791 9.
1273 2738 1349 2806 9);
1384 2740 1709 2802 meretrices,
1742 2755 1862 2793 eum
1894 2741 1981 2809 qtti
2014 2740 2093 2793 la-

516 2831 711 2900 crytnis
738 2828 1049 2883 meretriciis
1077 2828 1238 2896 pedes
1267 2842 1390 2880 suos
1413 2829 1627 2895 exponit
1650 2845 1663 2893 ;
1689 2837 1844 2898 atque
1874 2840 1928 2883 ut
1949 2845 2094 2883 com-

517 2921 714 2988 plectar
743 2918 908 2982 brevi,
932 2927 1233 2987 peceatores
1255 2932 1439 2970 omnes
1459 2917 1802 2983 advenerunt,
1827 2929 1883 2973 ut
1902 2935 2090 2988 agnum

516 3014 609 3066 Dei
639 3019 948 3074 cernerent,
983 3009 1070 3078 qni
1103 3009 1234 3061 tollit
1265 3017 1474 3078 peccata
1502 3009 1717 3073 mundi,
1747 3009 1818 3078 (α)
1847 3008 2006 3080 [magi
2036 3022 2094 3063 ut

515 3120 635 3158 eum
664 3103 907 3156 satellitio
935 3116 1031 3154 suo
1056 3100 1265 3167 cingant
1289 3140 1302 3164 ,
1336 3109 1593 3167 pastores,
1633 3110 1687 3152 ιιι
1715 3117 1832 3154 eum
1865 3102 2086 3155 benedi-

515 3202 655 3256 cant,
689 3192 972 3260 publicani,
996 3200 1047 3245 ιιι
1066 3191 1408 3261 Evangelium
1427 3190 1730 3257 prcedicent,
1759 3193 2083 3255 meretrices,

514 3294 570 3336 ιιι
616 3291 874 3350 unguenta
920 3281 1200 3343 deferant,
1228 3279 1594 3343 Samaritana,
1631 3291 1686 3331 ttt
1734 3279 1931 3333 fontem
1972 3281 2091 3333 vitae

514 3377 687 3438 sitiat,
720 3373 1014 3426 Cbananma
1042 3412 1056 3435 ,
1092 3378 1148 3422 ut
1188 3370 1528 3424 indubitatam
1584 3371 1736 3423 fidem
1783 3369 2086 3440 exhibeat].

515 3467 646 3519 (ἶιιιιι
680 3466 833 3534 igitur
858 3479 1042 3517 omnes
1067 3462 1369 3527 exsultent,
1394 3459 1520 3514 mihi
1551 3475 1758 3529 quoque
1785 3461 1956 3529 placet
1993 3476 2091 3514 ex-

515 3557 712 3610 sultare
734 3596 748 3620 ,
777 3556 1001 3609 choreas
1041 3567 1196 3620 agere
1243 3551 1364 3604 volo
1387 3591 1402 3616 ,
1431 3551 1730 3619 festumque
1777 3551 2044 3604 celebrare
2073 3569 2086 3604 :

514 3662 672 3715 porro
701 3646 921 3698 choreas
942 3659 1059 3712 ago,
1078 3659 1178 3696 non
1201 3643 1453 3695 citharam
1471 3641 1701 3708 pulsans,
1722 3657 1824 3693 non
1850 3641 2087 3709 thyrsum

513 3736 778 3804 quatiens,
809 3751 909 3788 non
943 3735 1094 3786 tibias
1119 3733 1328 3798 ittflatts,
1360 3748 1462 3784 non
1492 3733 1631 3784 faces
1653 3733 1966 3794 accendens,
1998 3732 2087 3783 sed

517 3830 839 3882 musicorum
897 3827 1361 3879 instrumentorum
1414 3824 1531 3876 loco
1582 3822 1778 3875 Christi
1833 3837 2086 3875 cunarum

516 3920 707 3975 fascias
732 3927 963 3988 gestans.
992 3917 1081 3969 Ila.-
1109 3932 1332 3985 natnque
1363 3914 1492 3968 mihi
1521 3924 1646 3966 sunt
1670 3929 1821 3980 spes,
1853 3913 1933 3964 h:e
1963 3913 2087 3966 tttibi

516 4015 642 4074 vita,
677 4011 755 4064 ha:
785 4009 912 4062 mihi
939 4010 1101 4073 salus,
1133 4009 1212 4060 hte
1239 4008 1364 4060 milti
1397 4006 1556 4071 tibia},
1590 4007 1669 4057 Ita:
1696 4005 1819 4057 mihi
1852 4005 2046 4058 cithara
2075 4024 2084 4056 :

517 4111 795 4173 propterea
828 4108 880 4152 et
911 4100 1049 4167 ipsas
1075 4110 1286 4167 gestans
1311 4098 1533 4151 advenio
1553 4137 1568 4162 ,
1595 4105 1650 4148 ttt
1687 4112 1864 4149 earum
1899 4097 2090 4149 virtute

512 4193 817 4248 facultatem
843 4191 1100 4244 sermonis
1126 4190 1343 4257 adeptus
1367 4204 1486 4242 eum
1517 4188 1720 4256 angelis
1744 4188 1936 4251 dicam,
1971 4187 2090 4240 Glo-

514 4286 591 4335 ria
616 4283 670 4335 in
698 4281 951 4334 altissimis
981 4279 1104 4342 Deo;
1134 4295 1251 4332 cum
1285 4279 1599 4346 pastoribus,
1634 4277 1698 4328 Et
1727 4279 1777 4329 in
1806 4286 1937 4329 terra
1967 4295 2088 4345 pax,

514 4375 568 4426 in
604 4371 883 4426 hominibus
913 4368 1273 4438 beneplacitum
1313 4368 1461 4436 (Luc.
1486 4367 1542 4418 2.
1573 4365 1680 4436 14).
1717 4366 1884 4420 Hodie
1911 4368 1999 4434 qui
2025 4383 2086 4420 ex

512 4459 673 4515 Patre
699 4459 1032 4514 ineffabiliter
1055 4458 1260 4527 genitus
1291 4465 1390 4521 est,
1421 4472 1483 4510 ex
1517 4456 1732 4524 Virgine
1757 4464 1972 4523 propter
2006 4471 2090 4509 me

516 4549 873 4619 inexplicabili
903 4547 1060 4602 modo
1090 4548 1343 4601 nascitur.
1378 4545 1481 4600 Sed
1511 4554 1620 4597 tum
1647 4545 1858 4612 quidem
1895 4559 2087 4597 secun-

515 4647 640 4700 dum
670 4651 904 4694 naturam
933 4649 1054 4694 ante
1083 4640 1270 4693 smcula
1303 4638 1508 4706 genitus
1538 4646 1618 4690 est
1643 4651 1708 4688 ex
1741 4637 1911 4696 Patre,
1941 4646 2093 4702 prout

512 4733 662 4784 novit
704 4732 791 4784 ille
816 4774 828 4794 ,
859 4733 944 4799 qui
976 4732 1189 4799 genuit:
1219 4729 1371 4782 hodie
1416 4742 1541 4781 vero
1568 4742 1750 4779 rursus
1788 4742 1852 4779 ex
1881 4725 2092 4794 Virgine

514 4831 710 4889 prtetcr
737 4835 972 4875 naturam
998 4833 1151 4874 natus
1180 4829 1292 4887 est,
1325 4829 1479 4888 prout
1503 4819 1729 4886 Spiritus
1751 4822 1916 4870 sancti
1950 4818 2093 4870 novit

514 4915 700 4985 gratia.
733 4913 796 4966 Et
820 4929 1042 4980 superna
1065 4913 1177 4982 ejus
1207 4911 1476 4982 generatio
1507 4926 1627 4962 vera
1658 4919 1757 4973 est,
1796 4920 1848 4962 et
1878 4908 2094 4961 inferior

516 5005 630 5071 ejus
670 5004 934 5070 generatio
973 5004 1189 5055 minime
1235 5001 1361 5054 falsa
1392 5009 1481 5054 :et
1523 5015 1645 5052 vere
1697 5000 1832 5052 Deus
1871 5014 1934 5051 ex
1987 4999 2093 5048 Deo

519 5093 725 5163 genitus
750 5102 827 5146 cst
851 5132 864 5154 ,
898 5101 951 5145 et
978 5108 1099 5145 vere
1129 5093 1284 5145 homo
1314 5091 1451 5143 idem
1477 5105 1539 5142 ex
1568 5089 1780 5157 Virgine
1807 5097 1960 5140 natus
1989 5096 2089 5139 est.

1268 365 1324 419 S.
1364 364 1636 423 JOANNIS
1674 365 2134 420 CHRYSOSTOMI
2174 368 2484 424 ARClllEP.
2526 371 3049 433 CONSTANTINOP.

3678 397 3788 451 388

2225 494 2322 549 ter;
2342 488 2532 556 quippe
2557 491 2668 558 qui,
2695 502 2846 560 prout
2873 495 3217 550 conveniebat
3235 497 3361 561 Deo,
3379 497 3588 566 genuit:
3613 512 3786 567 neque

2221 574 2379 644 Virgo
2407 580 2797 647 corruptionem
2835 585 3079 637 sustinuit
3127 586 3412 654 pariendo;
3443 588 3638 654 quippe
3667 604 3784 654 qua:

2218 666 2557 734 spiritualiter
2576 673 2793 738 peperit.
2817 672 2965 727 Unde
2981 689 3149 741 neque
3161 690 3385 743 superna
3408 677 3520 741 ejus
3540 677 3784 729 nativitas

2218 758 2466 824 explicari
2501 769 2689 826 potest,
2720 778 2887 830 neque
2913 780 3215 832 progressus
3246 767 3357 834 ejus
3387 768 3436 821 in
3485 768 3783 821 novissimis

2220 849 2541 915 temporibus
2570 852 2776 905 curiose
2804 855 3144 924 pervestigari
3183 871 3240 910 se
3267 858 3412 909 sinit.
3435 857 3566 910 Nam
3613 857 3780 926 Virgi-

2217 951 2337 991 nem
2384 937 2593 1006 quidem
2642 939 2797 996 hodie
2845 945 3114 1011 peperisse
3160 947 3307 1009 scio,
3352 956 3404 999 et
3460 947 3625 1001 Deum
3668 947 3779 999 sine

2218 1035 2453 1095 tempore
2479 1030 2724 1097 genuisse
2758 1032 2917 1084 credo
2943 1052 2955 1086 :
2983 1031 3191 1086 modum
3219 1043 3392 1087 autem
3419 1034 3778 1103 generationis

2215 1117 2425 1171 silentio
2465 1118 2621 1171 didici
2665 1122 2947 1186 venerari,
2973 1138 3075 1175 non
3104 1124 3339 1176 oratione
3380 1125 3586 1177 curiose
3633 1125 3775 1175 illam

2214 1205 2577 1275 inquirendam
2607 1211 2804 1278 accepi.
2836 1210 3103 1280 Siquidem
3136 1214 3184 1265 in
3219 1215 3322 1267 Deo
3352 1231 3452 1266 non
3483 1229 3657 1268 rerum
3687 1230 3777 1265 na-

2214 1305 2328 1349 tura
2372 1305 2451 1349 est
2486 1299 2799 1352 attendettda
2826 1340 2840 1362 ,
2865 1301 2954 1354 sed
3001 1303 3114 1369 ejus
3133 1344 3147 1364 ,
3174 1305 3260 1370 qui
3287 1313 3534 1371 aperatur
3554 1343 3568 1366 ,
3599 1304 3774 1356 virtuti

2213 1386 2341 1440 fides
2383 1387 2640 1441 habenda.
2686 1389 2792 1442 Lex
2832 1391 2971 1443 enim
3023 1403 3103 1445 est
3143 1404 3377 1454 naturze,
3425 1409 3542 1446 cum
3591 1393 3778 1446 mulier

2211 1479 2734 1547 matrimoniojunrta
2765 1481 2899 1548 parit
2923 1501 2935 1536 :
2959 1497 3075 1534 cum
3104 1498 3226 1536 vero
3248 1483 3412 1536 virum
3437 1499 3538 1536 non
3561 1493 3777 1553 experta

2209 1569 2356 1635 virgo
2396 1578 2665 1637 postquam
2715 1570 2951 1636 peperit,
2982 1571 3130 1638 virgo
3161 1587 3341 1624 rursus
3382 1581 3631 1638 apparet,
3667 1581 3776 1623 tum

2210 1672 2295 1710 res
2323 1669 2558 1710 naturam
2596 1660 2818 1712 excedit.
2852 1660 3000 1726 Quod
3031 1661 3184 1729 igitur
3209 1661 3496 1715 secundum
3528 1672 3776 1714 naturam

2209 1745 2299 1809 fit,
2330 1746 2621 1814 inquiratur
2645 1766 2655 1801 :
2680 1748 2818 1817 quod
2861 1765 2983 1802 vero
3028 1759 3264 1803 naturam
3291 1761 3534 1819 superat,
3566 1751 3779 1804 silentio

2208 1835 2408 1888 colatur
2434 1856 2445 1888 :
2471 1851 2572 1888 non
2606 1847 2869 1905 tamquam
2899 1837 3215 1906 fugiendum,
3249 1838 3339 1892 sed
3381 1847 3646 1906 tamquam
3692 1840 3778 1890 in-

2208 1924 2524 1988 enarrabile,
2549 1924 2868 1993 dignumque
2896 1926 3031 1994 quod
3064 1927 3271 1979 silentio
3303 1941 3478 1978 venert
3498 1941 3638 1978 mur.
3670 1925 3774 1979 Sed

2207 2015 2326 2067 date
2353 2015 2499 2076 mihi,
2532 2030 2730 2083 quaeso,
2764 2015 2896 2069 hanc
2923 2018 3126 2070 veniam
3155 2057 3168 2080 ,
3202 2025 3258 2069 ut
3293 2017 3343 2068 in
3374 2017 3594 2068 csordio
3621 2015 3778 2069 finem

2204 2103 2389 2156 faciam
2420 2104 2644 2158 dicendi.
2673 2103 2802 2158 Cum
2841 2106 2980 2158 enim
3012 2121 3185 2158 rerum
3235 2106 3599 2157 sublimiorum
3633 2106 3780 2158 inve-

2201 2194 2530 2262 stigationem
2550 2195 2804 2262 attingere
2822 2195 3176 2258 reformident,
3197 2211 3300 2263 quo
3319 2207 3485 2263 pacto,
3507 2205 3600 2248 aut
3619 2211 3779 2263 quam

2201 2283 2252 2338 itt
2280 2294 2479 2352 partem
2507 2286 2759 2338 orationis
2782 2285 2985 2339 clavum
3014 2286 3219 2338 flectant
3247 2286 3445 2338 nescio.
3473 2285 3609 2351 Quid
3637 2287 3778 2338 enint

2200 2373 2394 2440 dicam,
2427 2384 2516 2427 aut
2543 2375 2666 2444 quid
2696 2376 2918 2444 loquar?
2949 2376 3164 2430 Matrem
3193 2377 3364 2439 video,
3395 2391 3514 2444 qua:
3553 2377 3777 2444 peperit;

2201 2463 2361 2516 .‘ilium
2387 2474 2533 2533 partu
2562 2465 2757 2518 editunt
2781 2480 2940 2519 cerno
2959 2486 2971 2521 ;
2991 2465 3200 2518 modum
3229 2475 3402 2518 autem
3420 2466 3781 2533 generationis

2201 2568 2304 2607 non
2337 2555 2602 2622 conspicio
2627 2573 2637 2605 :
2663 2555 2886 2607 vincitur
2910 2555 3047 2608 enim
3080 2565 3260 2606 natura
3287 2595 3300 2616 ,
3326 2555 3555 2606 vincitur
3580 2553 3782 2606 ordinis

2200 2643 2384 2710 limes,
2412 2644 2620 2713 quando
2650 2645 2758 2697 vult
2792 2645 2947 2697 Deus.
2977 2643 3090 2695 Non
3120 2646 3259 2696 cnim
3287 2644 3581 2696 secundum
3622 2653 3778 2693 natu-

2198 2750 2310 2788 ram
2332 2751 2416 2788 res
2436 2736 2643 2794 accidit.
2663 2735 2756 2789 sed
2784 2751 2938 2803 supra
2965 2745 3201 2787 naturam
3230 2733 3542 2786 miraculum
3566 2734 3740 2786 evenit
3764 2750 3777 2784 :

2197 2826 2397 2893 quievit
2438 2826 2576 2879 enim
2627 2839 2808 2878 natura
2835 2867 2849 2890 ,
2890 2826 2982 2878 sed
3027 2827 3228 2879 Domini
3270 2826 3516 2876 voluntas
3562 2833 3778 2891 Operata

2197 2923 2297 2968 est.
2328 2917 2370 2970 υ
2401 2914 2712 2969 int-ﬂabilem
2750 2916 2970 2983 gratiam
2996 2917 3007 2967 ι
3045 2915 3353 2982 Unigenitus
3380 2955 3395 2977 ,
3425 2914 3514 2980 qui
3551 2922 3635 2966 est
3661 2923 3780 2966 ante

2200 3006 2390 3058 sarcula
2418 3045 2430 3068 ,
2464 3006 2550 3074 qui
2582 3005 2718 3072 tangi
2750 3020 2850 3057 non
2883 3013 3087 3072 potest,
3113 3004 3200 3071 qui
3231 3004 3460 3070 simplex
3504 3013 3587 3054 est
3617 3011 3670 3054 et
3702 3004 3779 3058 in-

2197 3109 2501 3163 corporeus,
2530 3108 2720 3161 corpus
2744 3110 2916 3146 tnt-utn
2944 3093 3100 3145 subiit
3121 3093 3446 3157 corrnptioni
3481 3091 3777 3144 obnoxium

2196 3197 2249 3241 et
2277 3186 2594 3256 aspectabile
2623 3185 2658 3235 ί.
2693 3184 2859 3248 Quam
2889 3183 2956 3236 ob
2977 3182 3222 3235 causam?
3250 3180 3316 3234 Ut
3342 3189 3666 3253 conspectus
3686 3180 3782 3231 do-

2195 3286 2326 3338 ceat,
2355 3278 2551 3328 docens
2576 3285 2768 3332 autent,
2791 3274 2852 3325 ad
2877 3288 2935 3325 ea
2962 3288 3078 3340 qua:
3105 3289 3207 3324 non
3236 3271 3432 3323 cadunt
3449 3273 3551 3323 sub
3573 3271 3777 3333 oculos,

2196 3380 2352 3417 mantt
2396 3363 2571 3415 ducat.
2597 3360 2726 3413 Nam
2759 3361 3004 3427 quoniam
3037 3362 3218 3411 oculos
3251 3359 3470 3411 auribus
3513 3358 3780 3410 fideliores

2194 3469 2310 3507 esse
2337 3453 2641 3507 existimant
2670 3450 2911 3502 homines
2930 3490 2944 3512 ,
2977 3449 3042 3502 de
3067 3465 3131 3502 eo
3162 3463 3287 3501 vero
3312 3448 3564 3500 dubitant
3591 3489 3604 3510 ,
3638 3447 3778 3514 quod

2196 3560 2297 3597 non
2342 3543 2552 3605 vident,
2605 3552 2880 3609 propterea
2928 3540 3170 3606 dignatus
3213 3547 3297 3591 est
3340 3547 3395 3590 et
3437 3553 3531 3604 per
3583 3551 3783 3606 corpus

2193 3635 2361 3688 oculis
2389 3642 2726 3701 conspectum
2756 3630 2833 3683 sui
2867 3630 3102 3698 praebere
3123 3670 3137 3694 ,
3171 3640 3222 3681 ιιι
3251 3628 3642 3681 dubitationem
3678 3629 3786 3681 tol-

2194 3726 2343 3778 leret.
2377 3725 2440 3776 Et
2487 3723 2721 3776 nascitur
2759 3737 2821 3774 ex
2867 3720 3108 3788 Virgine,
3135 3735 3251 3786 qua:
3295 3733 3405 3771 rem
3454 3718 3784 3786 ignorabat:

2196 3831 2315 3867 nam
2351 3829 2519 3882 neque
2557 3821 2835 3880 conpcrata
2881 3820 2962 3863 est
2997 3811 3060 3862 ad
3103 3825 3211 3862 rem
3243 3808 3531 3876 gerendam
3554 3848 3569 3872 ,
3604 3823 3787 3874 neque

2193 3905 2412 3959 contulit
2437 3905 2700 3972 quippiam
2734 3904 2795 3955 ad
2826 3903 2875 3954 id
2907 3902 3043 3970 quod
3093 3901 3248 3954 ftcbat
3275 3919 3285 3951 :
3316 3901 3408 3952 sed
3446 3899 3649 3951 nudum
3686 3899 3789 3951 fuit

2195 4009 2400 4047 arcana:
2422 3994 2626 4046 virtutis
2647 3993 2758 4060 ejus
2790 3994 3215 4052 instrumentum;
3245 3998 3443 4041 tantmn
3477 3988 3524 4039 id
3553 3998 3789 4040 noverat

2194 4083 2331 4153 quod
2362 4099 2426 4135 ex
2456 4081 2694 4136 Gabriele
2737 4081 2993 4133 sciscitata
3023 4079 3275 4131 didicerat
3309 4095 3319 4126 :
3354 4077 3616 4140 Quomodo
3658 4078 3790 4129 mihi

2196 4176 2277 4242 ﬁet
2309 4172 2460 4234 istud,
2492 4172 2607 4240 quia
2638 4171 2795 4222 virum
2821 4186 2919 4220 non
2951 4183 3192 4236 cognosco
3223 4164 3373 4232 (Luc.
3402 4167 3450 4217 1.
3485 4165 3618 4231 54η
3640 4165 3790 4216 Tum

2195 4264 2365 4332 inquit
2395 4263 2474 4316 ille
2505 4279 2517 4314 :
2547 4261 2634 4313 Vis
2675 4261 2773 4313 hoc
2808 4259 2983 4312 scire?
3028 4258 3248 4324 Spiritus
3290 4265 3493 4308 sanctus
3534 4271 3793 4320 superve-

2196 4356 2294 4406 niet
2323 4355 2372 4405 in
2400 4363 2445 4404 te
2468 4393 2481 4414 ,
2510 4362 2554 4405 et
2595 4353 2748 4403 virtus
2789 4349 3028 4402 Altissimi
3064 4345 3370 4399 obumbrabit
3411 4345 3495 4395 tibi
3523 4342 3700 4411 (Ibid.
3739 4362 3789 4397 ν.

2197 4445 2308 4510 55).
2350 4443 2414 4494 Ει
2456 4440 2720 4509 quomodo
2767 4454 2885 4494 cum
2920 4439 3027 4506 ipsa
3074 4445 3220 4500 erat,
3251 4445 3304 4489 et
3347 4436 3502 4502 paulo
3548 4444 3680 4501 post
3724 4451 3795 4489 ex

2199 4533 2347 4600 ipsa?
2375 4531 2825 4598 Quemadmodum
2853 4527 3040 4580 artifex
3064 4567 3077 4590 ,
3103 4527 3315 4578 inventa
3349 4525 3570 4578 materia
3603 4525 3800 4578 utilis-

2199 4625 2364 4685 sima,
2409 4635 2500 4673 vas
2545 4620 2952 4687 pttlcberrimtnn
3002 4617 3328 4669 fabricatur:
3365 4615 3431 4666 ita
3481 4613 3755 4668 Christus
3797 4666 3809 4683 ,

2200 4714 2412 4765 invento
2439 4711 2653 4776 virginis
2696 4717 2877 4761 sancto
2921 4720 3141 4772 corpore
3188 4715 3240 4756 et
3270 4703 3443 4756 anima
3470 4743 3483 4765 ,
3514 4705 3799 4769 templum

2199 4802 2299 4854 sibi
2340 4800 2630 4854 construxit
2667 4800 2988 4859 animatum,
3014 4806 3068 4850 et
3112 4796 3383 4847 hominem
3421 4809 3524 4862 qua
3569 4796 3806 4852 ratione

2201 4892 2360 4944 voluit
2381 4932 2394 4955 ,
2422 4890 2714 4944 efformavit
2754 4903 2816 4940 ex
2846 4887 3046 4954 virgine
3071 4926 3085 4949 ,
3115 4900 3342 4953 eumque
3371 4883 3588 4937 indutus
3618 4882 3767 4936 hodi
3795 4914 3803 4921 -

2201 4984 2476 5052 processit,
2507 4995 2674 5048 neque
2702 4988 2900 5031 naturae
2922 4976 3310 5030 deformitatem
3339 4975 3570 5028 erubuit.
3596 4973 3804 5042 Neque

2203 5075 2341 5126 enim
2374 5072 2678 5139 probrosum
2704 5069 2776 5120 illi
2806 5067 2920 5125 fuit,
2945 5076 3000 5118 ut
3020 5080 3170 5117 suum
3201 5079 3333 5130 Opus
3363 5064 3477 5130 ipse
3504 5070 3762 5130 gestaret
3793 5079 3806 5112 :

2201 5167 2371 5234 ipsum
2401 5176 2604 5230 quoque
2632 5159 2896 5227 Opificium
2929 5159 3153 5210 maxima
3175 5158 3341 5224 gloria
3368 5152 3764 5207 cumulabatur
3792 5192 3806 5213 ,

517 5183 735 5237 Sursum
775 5183 916 5235 solus
944 5198 1004 5234 cx
1036 5182 1150 5234 solo
1189 5181 1501 5248 Unigettitus
1527 5220 1538 5239 ,
1568 5177 1817 5231 deorsum
1859 5178 2002 5229 solus
2028 5192 2088 5229 ex

522 5274 634 5327 Sola
665 5272 871 5340 Virgine
911 5271 1048 5324 idem
1073 5270 1406 5337 Unigenitus.
1433 5268 1578 5321 Sicut
1605 5268 1744 5321 enim
1779 5268 1830 5318 in
1867 5280 2090 5332 superna

526 5365 860 5433 generatione
892 5371 1108 5414 matrem
1140 5361 1430 5428 intelligere
1458 5359 1673 5425 impium
1701 5368 1780 5410 est
1808 5375 1818 5408 :
1845 5357 1920 5409 sic
1944 5356 1992 5407 ιιι
2017 5356 2094 5407 itt-

530 5455 705 5509 feriori
752 5454 1086 5523 generatione
1134 5463 1331 5517 patrem
1378 5450 1684 5503 existimare
1728 5446 2094 5516 blasphemum

529 5554 614 5599 est
666 5544 816 5597 Pater
847 5543 1042 5612 absque
1079 5539 1290 5595 deﬂuxu
1312 5539 1532 5607 genuit,
1563 5548 1615 5591 et
1647 5538 1801 5604 Virgo
1841 5536 1956 5588 sine
1981 5549 2097 5588 cor-

533 5634 772 5702 ruptione
801 5636 996 5701 peperit
1024 5650 1034 5685 :
1061 5647 1175 5684 nam
1210 5644 1376 5696 neque
1412 5627 1684 5683 defluxum
1715 5625 1964 5680 sustinuit
2002 5624 2099 5677 Pa-

2200 5254 2340 5324 quod
2367 5252 2565 5320 opificis
2586 5251 2665 5303 sui
2696 5249 2845 5302 fieret
2867 5248 3247 5300 indumentum.
3275 5245 3406 5298 Nam
3430 5243 3814 5312 qttetnadmo-

2201 5347 2323 5399 dum
2363 5344 2414 5396 in
2443 5342 2607 5409 prima
2654 5340 2964 5392 formatione
2993 5339 3104 5390 ﬁeri
3129 5353 3231 5390 non
3258 5345 3472 5404 poterat
3499 5376 3511 5394 .
3542 5346 3598 5387 ut
3626 5333 3812 5396 homo

2202 5435 2628 5496 constitueretur,
2648 5440 2925 5500 antequam
2946 5429 3111 5482 lutum
3131 5430 3179 5480 iu
3199 5427 3314 5494 ejus
3332 5441 3524 5478 manus
3543 5428 3807 5481 veniret:

2204 5529 2273 5579 ita
2305 5524 2413 5577 fieri
2447 5523 2626 5589 nequit
2651 5531 2707 5574 ut
2736 5535 2828 5573 vas
2856 5518 3196 5587 corruptibile
3230 5527 3626 5571 transmutetur
3646 5559 3665 5585 ,
3703 5518 3812 5571 nisi

2205 5615 2293 5668 fiat
2321 5611 2533 5680 Opificis
2564 5611 2946 5664 indumentum.

597 5766 670 5828 (ιι)
701 5774 808 5824 Quae
835 5765 1016 5815 uncinis
1041 5761 1344 5818 clauduntun
1373 5758 1549 5809 desunt
1573 5760 1620 5807 ιιι
1643 5765 1758 5821 Reg.

2271 5749 2284 5776 ι
2322 5751 2455 5804 neg.,
2481 5739 2784 5801 corruptibile
2807 5746 2849 5788 et
2871 5736 3086 5789 mortale.
