3982 6218
203 359 311 413 387

191 463 430 532 θρόνους,
463 461 524 514 οὐ
571 462 908 532 κυριότητας,
930 467 990 518 οὺ
1040 466 1309 536 δυνάμεις,
1342 469 1440 520 οὐκ
1481 469 1742 532 ἐξουσίας,

189 549 320 601 ἀλλά
345 548 500 616 ξένην
538 548 630 600 καί
661 549 853 618 ἀτριῦἧ
888 550 1105 618 βαδίσας
1138 553 1269 616 ὁδὸν,
1304 553 1361 618 ἐξ
1399 555 1743 624 ἀγεωργήτου

191 632 420 701 προῆλθε
446 633 696 702 γαστρὸς,
739 633 857 685 οὔτε
885 635 1006 696 τοὺς
1033 636 1294 702 ἀγγέλους
1319 635 1478 687 αὑτοῦ
1513 637 1746 705 ἐρήμους

189 715 288 781 τῆς
306 715 618 777 ἐπιστασίας
645 715 806 767 αὐτοῦ
833 717 1160 779 καταλιπὼν,
1193 717 1312 770 οὕτε
1343 722 1408 787 τῇ
1449 718 1582 786 πρὸς
1605 720 1747 786 ἡμᾶς

190 799 591 867 ἐνανθρωπήσει
645 798 742 865 τῆς
795 799 997 860 οἰκείας
1056 800 1304 865 θεότητος
1348 800 1571 860 ἐκστάς·
1615 800 1748 850 ἀλλά

191 882 424 951 βασιλεῖς
450 882 544 950 μὲν
573 881 661 932 τὸν
682 882 994 949 ἐπουράνιον
1030 881 1247 948 βασιλέα
1285 885 1379 951 τῆς
1417 881 1568 948 δόξης
1589 876 1750 949 ἦλθον

189 965 670 1034 προσκυνήσοντες,
718 962 1036 1032 στρατιῶται
1086 963 1140 1013 δὲ
1195 963 1283 1014 τὸν
1319 962 1748 1032 ἀρχιστράτηγον

188 1050 284 1116 τῆς
317 1047 590 1113 δυνάμεως
644 1044 1093 1113 θεραπεύσοντες·
1150 1046 1213 1116 αἱ
1254 1048 1502 1111 γυναῖκες
1544 1043 1633 1095 τὸν
1687 1047 1749 1096 ἐκ

190 1128 442 1196 γυναικὸς
481 1126 762 1194 τεχθέντα,
798 1126 884 1178 ἵνα
925 1126 1022 1186 τὰς
1049 1125 1222 1186 λύπας
1259 1126 1356 1193 τῆς
1393 1126 1644 1192 γυναικὸς
1672 1127 1749 1186 είς

191 1213 361 1280 χαράν
394 1210 726 1281 μεταϐάλλῃ·
755 1211 809 1260 αἱ
837 1209 1088 1278 παρθένοι
1117 1211 1176 1261 τὸ
1205 1209 1302 1276 τῆς
1338 1209 1601 1278 παρθένου
1626 1226 1750 1260 παι-

189 1293 320 1350 δίον,
355 1293 434 1344 ὅτι
463 1291 574 1352 πῶς
594 1293 621 1342 6
649 1291 913 1356 γάλακτος
940 1293 1028 1342 καὶ
1073 1291 1255 1359 μαζῶν
1284 1291 1606 1361 δημιουργὸς
1653 1291 1749 1351 τὰς

191 1374 373 1442 πηγὰς
405 1374 586 1443 μαζῶν
615 1374 888 1443 αὐτόματα
911 1374 1096 1442 ῥεῖθρα
1120 1374 1374 1444 φέρεσθαι
1400 1373 1582 1434 ποιῶν,
1604 1373 1749 1441 παρὰ

193 1457 397 1526 μητρὸς
431 1457 693 1526 παρθένου
724 1456 973 1506 παιδίουιι
1004 1455 1201 1524 τροφὴν
1258 1455 1442 1506 ἔλαϐε·
1477 1455 1543 1505 τά
1586 1457 1748 1523 νήπια

189 1539 280 1588 τὸν
308 1539 491 1605 νήπιον
523 1539 837 1605 γενόμενον,
886 1537 968 1588 ἵνα
1006 1539 1068 1587 ἐκ
1114 1537 1372 1605 στόματος
1413 1536 1616 1604 νηπίων
1660 1537 1749 1586 καὶ

193 1620 528 1690 θηλαζόντων
578 1620 874 1692 καταρτίσῃ
930 1616 1105 1672 αἶνον·
1149 1620 1194 1669 οί
1248 1618 1432 1680 παῖδες
1457 1618 1546 1668 τὸν
1589 1618 1749 1669 παῖδα

193 1705 472 1772 μάρτυρας
502 1702 586 1754 διὰ
613 1702 707 1770 τὴν
743 1701 972 1770 Ἡρώδου
1008 1700 1200 1768 μανίαν
1235 1699 1624 1767 είργασάμενον
1648 1715 1661 1728 ·
1700 1699 1748 1750 οἱ

190 1785 380 1853 ἄνδρες
404 1785 492 1836 τὸν
525 1784 1005 1853 ἐνανθρωπήσαντα
1035 1784 1126 1834 καὶ
1149 1782 1213 1835 τά
1239 1783 1344 1834 τῶν
1372 1781 1568 1832 δούλων
1590 1780 1749 1850 θερα-

190 1868 465 1918 πεύσαντα
501 1868 675 1918 κακά·
713 1868 761 1916 οί
789 1864 1038 1933 ποιμένες
1070 1865 1159 1916 τὸν
1191 1864 1416 1933 ποιμένα
1443 1865 1532 1915 τὸν
1567 1865 1746 1925 καλὸν,

190 1952 284 2002 τὸν
317 1952 414 2018 τήν
467 1949 641 2018 ψυχήν
669 1949 807 2017 ὑπὲρ
836 1947 942 2000 τῶν
993 1947 1274 2016 προϐάτων
1321 1946 1672 2016 προθέμενον·
1700 1947 1748 1997 οί

194 2036 358 2103 ἱερεῖς
376 2033 464 2084 τὸν
499 2033 634 2084 κατὰ
665 2031 758 2100 τήν
785 2031 932 2096 τάξιν
958 2030 1283 2097 Μελχισεδὲκ
1314 2030 1571 2098 ἀρχιερέα
1601 2029 1749 2095 γενό-

193 2133 388 2186 μενον·
420 2119 468 2169 οί
501 2116 674 2169 δοῦλοι
718 2115 807 2168 τὸν
865 2113 1074 2184 μορφὴν
1125 2113 1307 2164 δούλου
1355 2114 1614 2174 λαϐόντα,
1664 2113 1750 2165 ἵνα

189 2200 347 2270 ἡμῶν
376 2201 472 2268 τὴν
505 2199 739 2252 δουλείαν
777 2197 1052 2266 ἐλευθερίᾳ⁵
1097 2198 1328 2267 τιμήσῃ·
1371 2199 1416 2247 οί
1466 2197 1631 2256 ἁλιεῖς
1661 2196 1749 2247 τὸν

188 2286 298 2336 ἀπὸ
320 2285 508 2336 ἀλιέων
534 2281 797 2351 θηρευτὰς
819 2279 1116 2350 ἀνθρώπων
1149 2277 1507 2348 ἐργαζόμενον
1529 2293 1539 2304 ·
1569 2280 1615 2328 οἱ
1651 2295 1751 2329 τε-

189 2367 358 2419 λῶναι
398 2367 485 2418 τὸν
525 2367 628 2417 ἀπὸ
673 2363 914 2416 τελωνῶν
952 2361 1335 2430 εύαγγελιστὴν
1367 2361 1746 2426 ἀναδείξαντα·

189 2454 245 2503 αιί
280 2453 471 2520 πόρναι
507 2451 595 2500 τὸν
637 2452 744 2508 τοῖς
796 2449 1071 2516 πορνικοῖς
1117 2445 1342 2514 δάκρυσι
1401 2445 1526 2506 τοὺς
1587 2445 1750 2504 πόδας

191 2534 511 2602 προῐέμενον
531 2548 543 2559 ·
565 2533 654 2583 καὶ
689 2531 774 2582 ἵνα
804 2528 1076 2596 συντόμως
1105 2529 1260 2586 εῖπω,
1289 2526 1484 2584 πάντες
1512 2525 1558 2575 οί
1583 2525 1752 2590 ἀμαρ-

189 2615 352 2666 τωλοὶ
374 2611 532 2680 ἦλθον
559 2615 681 2664 ίδεῖν
705 2613 792 2662 τόν
820 2611 984 2678 ἀμνὸν
1014 2609 1104 2660 τοῦ
1133 2607 1262 2658 Θεοῦ
1293 2607 1381 2657 τὸν
1415 2606 1631 2671 αἴροντα
1655 2603 1749 2671 τὴν

189 2698 459 2766 ἁμαρτίαν
483 2695 575 2748 τοῦ
605 2695 828 2762 κόσμου,
858 2693 1016 2759 μάγοι
1041 2689 1455 2759 δορυφοροῦντες
1482 2687 1530 2748 δ,
1565 2686 1750 2753 ποιμέ-

191 2799 277 2838 νες
332 2779 691 2845 εὐλογοῦντες.
747 2775 966 2826 τελῶναι
1005 2772 1502 2839 εὐαγγελιζόμενοι,
1559 2770 1748 2836 πόρναι

191 2861 631 2932 μυροφοροῦσαι,
685 2859 1007 2926 Σαμαρεῖτις
1070 2855 1247 2922 πηγὴν
1303 2851 1510 2920 διψῶσα·
1573 2851 1748 2932 ξωῆξν

190 2929 467 2998 Χαναναία
514 2943 694 2994 πίστιν
747 2940 1110 2993 ἀνενδοίαστον
1156 2939 1368 3006 ἔχουσα.
1413 2935 1631 2987 Πάντων
1663 2929 1752 2984 οὖν

190 3025 553 3097 σκιρτῶντων,
597 3027 880 3093 σκιρτῆσαι
909 3022 1044 3073 θέλω
1076 3020 1245 3086 κάγὼ,
1288 3017 1538 3088 χορεῦσαι
1568 3015 1750 3085 βούλο-

192 3128 312 3178 μαι,
366 3107 724 3176 πανηγυρίσαι
765 3105 975 3156 θέλωε·
1027 3103 1232 3171 χορεύω
1271 3101 1363 3160 δὲ,
1416 3101 1476 3152 οὑ
1527 3098 1752 3166 κιθάραν

190 3194 460 3260 πλήττων.
488 3191 546 3241 ού
583 3187 778 3256 θυρσὸν
810 3185 992 3247 κινῶν,
1020 3187 1118 3236 οὐκ
1149 3184 1342 3244 αὐλοὺς
1377 3182 1539 3250 ἔχων,
1564 3181 1622 3230 ού
1660 3179 1751 3248 δᾷ-

190 3276 286 3336 δας
313 3274 516 3333 ἆπτων,
550 3271 660 3322 ἀλλ’
691 3271 810 3321 ἀντὶ
848 3267 1118 3336 μουσικῶν
1149 3267 1390 3335 ὁργάνων
1417 3263 1484 3316 τὰ
1506 3262 1597 3315 τοῦ
1632 3264 1755 3330 Χρι-

191 3359 320 3410 στοῦ
346 3358 631 3425 σπάργανα
663 3354 859 3423 φέρων.
881 3352 1024 3403 Αύτά
1051 3353 1155 3418 γάρ
1182 3367 1269 3418 μοι
1302 3348 1471 3408 ἐλπὶς,
1505 3345 1641 3397 αὑτά
1669 3362 1754 3412 μοι

190 3441 328 3508 ζωὴ,
352 3441 487 3490 αὑτά
526 3455 612 3506 μοι
647 3435 903 3504 σωτηρία,
941 3434 1077 3486 αύτά
1139 3449 1228 3500 μοι
1260 3430 1436 3491 αὐλὸς,
1481 3429 1618 3481 αὑτά
1668 3445 1760 3500 μοι,

190 3521 410 3587 κιθάρα.
445 3521 533 3571 Διὸ
567 3520 655 3571 καὶ
688 3519 824 3570 αὑτά
860 3517 1085 3587 ἔρχομαι
1117 3517 1322 3584 φέρων,
1363 3515 1446 3565 ἵνα
1483 3515 1546 3581 τῇ
1580 3511 1754 3563 αὐτῶν

189 3602 416 3668 δυνάμει
478 3603 627 3666 ἰσχὺν
681 3599 851 3664 λόγων
903 3597 1076 3648 λαϐὼν
1127 3598 1237 3659 μετ’
1284 3594 1524 3662 ἀγγέλων
1571 3593 1752 3642 εἴπω·

192 3685 347 3746 Δόξα
367 3684 435 3734 ἐν
456 3684 734 3749 ὑψίστοις
767 3677 886 3741 Θεῷ
909 3695 921 3707 ·
968 3677 1098 3745 μετὰ
1117 3677 1171 3728 δὲ
1194 3677 1479 3743 ποιμένων,
1518 3674 1624 3726 Καὶ
1658 3672 1754 3722 ἐπὶ

191 3765 307 3834 γῆς
372 3765 600 3830 εἰρήνη,
649 3763 714 3813 ἐν
766 3760 1091 3826 ἀνθρώποις
1137 3758 1395 3810 εὐδοκία.
1435 3759 1676 3824 Σήμερον
1727 3755 1754 3804 6

192 3847 469 3915 γεννηθεὶς
497 3847 744 3913 ἀρρήτως
761 3845 822 3893 ἐκ
846 3841 1072 3907 Πατρὸς,
1102 3841 1162 3891 ἐκ
1199 3839 1464 3908 παρθένου
1494 3839 1750 3896 τίκτεται,

191 3929 482 3996 ἀφράστως
528 3927 592 3978 δι’
624 3927 740 3992 ἐμέ.
771 3923 926 3975 Ἀλλά
950 3923 1062 3974 τότε
1096 3921 1192 3989 μὲν
1219 3921 1350 3973 κατὰ
1379 3919 1534 3986 φύσιν
1569 3919 1628 3968 ἐκ
1662 3915 1753 3966 τοῦ

192 3993 408 4077 Παντρὸς
459 4009 564 4077 πρὸ
592 4006 799 4059 αίῶνων
849 4003 1126 4073 ἐγεννήθη,
1159 4005 1232 4065 ὡς
1265 4005 1291 4054 ό
1315 4003 1575 4071 γεννήσας
1609 3993 1714 4049 οἵδε
1741 4014 1750 4024 ·

193 4094 434 4160 σήμερον
465 4090 520 4141 δέ
561 4089 719 4140 πάλιν
750 4088 893 4157 παρὰ
918 4086 1072 4153 φύσιν
1101 4085 1402 4153 ἐτέχθη,ῶς
1490 4080 1578 4134 τοῦ
1605 4080 1754 4147 ἁγίου

191 4172 509 4239 ΙΙνεύματος
555 4170 835 4220 ἐπίσταται
862 4169 1035 4236 χάρις.
1063 4166 1340 4237 [5941Καὶ
1375 4167 1405 4233 ἡ
1450 4165 1560 4216 ἀνω
1594 4161 1754 4214 αὑτοῦ

191 4257 444 4320 γέννησις
476 4252 698 4319 ἀληθὴς,
731 4251 823 4302 καὶ
873 4253 904 4318 ή
935 4251 1082 4301 κάτω
1119 4249 1366 4315 γέννησις
1391 4247 1643 4314 ἀψευδὴς,
1668 4244 1757 4295 καὶ

193 4335 410 4403 ἀληθῶς
432 4335 559 4394 Θεὸς
590 4335 650 4384 ἐκ
673 4332 804 4383 Θεοῦ
823 4332 1100 4399 ἐγεννήθη,
1122 4331 1212 4381 καὶ
1240 4329 1449 4397 ἀληθῶς
1479 4327 1571 4380 ἀνθ
1581 4343 1756 4394 ρωπος

191 4421 220 4470 6
264 4417 425 4478 αὐτὸς
477 4418 540 4467 ἐκ
572 4415 834 4484 παρθένου
871 4413 1084 4482 ἐτέχθη.
1116 4415 1259 4464 ’Λνω
1295 4410 1448 4480 μόνος
1500 4413 1563 4461 ὲκ
1597 4411 1755 4478 μόνου

191 4499 525 4565 Μονογενὴς,
552 4498 698 4548 κάτω
738 4497 891 4563 μόνος
930 4498 992 4546 ἐκ
1017 4495 1279 4563 παρθένου
1311 4493 1474 4562 μόνης
1520 4494 1756 4558 Μονογε-

191 4583 293 4648 νὴς
320 4583 347 4631 6
370 4581 546 4639 αὑτός.
578 4581 783 4645 Ὥσπερ
807 4579 914 4645 γὰρ
945 4580 1035 4629 ἐπὶ
1057 4580 1148 4645 τῆς
1169 4579 1277 4631 ἄνω
1306 4580 1608 4647 γεννήσεως
1634 4579 1758 4628 ἀσε-

192 4661 291 4721 ϐὲς
337 4659 578 4726 ἐννοῆσαι
621 4659 863 4727 μητέρα·
898 4659 1036 4710 οὕτω
1085 4660 1396 4728 βλάσφημον
1437 4662 1582 4710 ἐστιν
1629 4661 1758 4709 ὐπο-

193 4741 379 4794 λαϐεῖν
411 4743 503 4791 καὶ
535 4741 625 4790 ἐπί
656 4741 753 4807 τῆς
779 4740 924 4790 κάτω
958 4742 1255 4807 γεννήσεως
1287 4743 1514 4808 πατέρα.
1558 4741 1612 4790 Ὀ
1646 4742 1756 4791 Πα-

191 4825 300 4892 τὴρ
341 4823 651 4891 ἀρρεύστως
687 4823 968 4890 ἐγέννησε,
1000 4822 1152 4888 καὶὴ
1207 4822 1467 4889 παρθένος
1508 4822 1757 4889 ἀφθόρως

193 4909 412 4959 ἔτεκεν·
449 4902 569 4954 οὔτε
603 4904 708 4970 γὰρ
732 4906 757 4954 6
782 4903 909 4964 Θεὸς
952 4903 1129 4970 ρεῦσιν
1171 4904 1424 4970 ὑπέμεινε
1459 4904 1752 4970 γεννήσας·

193 4985 511 5052 θεοπρεπῶς
552 4984 656 5050 γάρ
691 4984 1004 5051 ἐγέννησεν·
1037 4983 1156 5034 οὔτε
1191 4987 1222 5053 ή
1263 4985 1522 5051 παρθένος
1558 4984 1756 5051 φθορὰν

193 5068 456 5134 ὑπέμεινε
501 5066 762 5116 τεκοῦσα·
798 5065 1179 5132 πνευματικῶς
1212 5066 1318 5135 γάρ
1364 5066 1559 5117 ἔτεκεν.
1597 5065 1757 5117 Ὅθεν

191 5149 376 5217 οὖτεή
409 5149 517 5202 ἄνω
565 5145 721 5199 αὑτοῦ
745 5145 991 5214 γέννησις
1036 5148 1289 5217 ἐξήγησιν
1323 5148 1452 5216 ἔχει,
1484 5147 1601 5198 οὗτε
1637 5150 1668 5216 ή
1700 5149 1756 5200 ἐν

260 5483 286 5508 ⁸
311 5483 344 5528 n
354 5495 428 5540 0g.
453 5484 653 5529 παιδίον,

224 5540 286 5618 ’δ
323 5542 632 5618 Inﬁrmi-1.1.6176:
683 5543 1056 5607 δορυφοροῦντες,
1103 5551 1221 5602 elc.,
1273 5561 1424 5608 usque
1474 5549 1530 5596 ad
1569 5550 1752 5595 πάντων

194 5604 296 5666 οὖν,
313 5604 494 5666 glesum
523 5606 569 5651 in
594 5605 714 5666 Reg.

197 5660 380 5769 πλθωιιε
403 5663 546 5726 Regn,
571 5660 747 5714 melius
768 5681 908 5727 quam
928 5663 1066 5724 editi,
1091 5667 1169 5724 qui
1194 5669 1420 5718 omittunt
1445 5671 1751 5732 πανηγυρίσαι

1319 352 1381 410 ΙΝ
1416 354 1742 410 NATALEM
1785 353 2057 410 CHRISTI
2091 356 2272 412 DIEM.

3306 373 3416 428 388

1855 471 2096 541 ὑστέροις
2125 476 2334 542 καιροῖς
2371 474 2587 542 πρόοδος
2627 473 3186 544 πολυπραγμονεῖσθαι
3222 473 3410 543 ἀνέχε-

1853 571 1962 605 ται.
2024 556 2145 605 ’Ὁτι
2201 556 2340 624 με,νά
2390 555 2497 627 γάρ
2549 556 2728 608 ἔτεκεν
2773 559 2804 625 ὴ
2857 557 3138 626 παρθένος,
3176 558 3410 626 σήμερον

1853 631 1985 696 οἶδα,
2029 637 2122 688 καὶ
2165 638 2245 689 ὅτι
2293 638 2576 707 ἐγέννησεν
2603 640 2630 689 ὁ
2667 638 2793 698 Θεὸς
2825 639 3088 706 ἀχρόνως,
3129 637 3364 690 πιστεύω
3396 653 3408 665 ·

1854 717 1941 768 τὸν
1971 718 2026 769 δὲ
2053 719 2250 786 τρόπον
2282 719 2377 787 τῆς
2403 725 2701 788 γεννήσεως
2725 724 2896 788 σιωπῇ
2915 723 3075 788 τιμᾷν
3098 721 3409 788 μεμάθηκα.

1855 801 1948 852 καὶ
1995 802 2051 852 οὐ
2082 801 2166 854 6:5:
2215 803 2384 869 λόγων
2433 802 2895 872 πολυπραγμονεῖν
2935 803 3254 870 παρέλαϐον.
3291 804 3412 856 Ἐπὶ

1855 882 1960 950 γάρ
1985 882 2118 934 Θεοῦ
2142 884 2200 935 οὐ
2231 885 2309 935 δεῖ
2339 889 2403 954 τῇ
2428 884 2584 950 φύσει
2604 884 2708 935 τῶν
2741 886 3070 952 πραγμάτων
3105 885 3411 953 προσέχειν,

1856 963 1988 1015 ἀλλά
2015 967 2078 1032 τῇ
2125 965 2347 1033 δυνάμει
2378 967 2470 1017 τοῦ
2510 966 2850 1034 ἐνεργοῦντος
2881 968 3171 1017 πιστεύειν.
3197 967 3412 1029 Φύσεως

1856 1046 1963 1113 γάρ
1999 1047 2112 1096 ἐστι
2167 1047 2345 1114 νόμος,
2381 1049 2506 1100 ὅταν
2546 1048 2678 1116 γυνὴ
2730 1047 3170 1116 προσομιλήσασα
3218 1048 3413 1116 γάμοις

1856 1127 1984 1195 τέκῃ
2009 1139 2030 1163 ε
2049 1144 2061 1156 ·
2087 1128 2212 1180 ὅταν
2243 1129 2297 1179 δὲ
2322 1129 2582 1202 παρθένος
2614 1131 2974 1198 ἀπειρόγαμος
3008 1129 3232 1180 τεκοῦσα
3257 1131 3412 1181 πάλιν

1857 1209 2119 1277 παρθένος
2180 1210 2390 1280 φανείη.
2451 1211 2586 1280 ύπέρ
2647 1209 2802 1276 φύσιν
2853 1211 2913 1261 τὸ
2951 1213 3194 1279 πρᾶγμα.
3225 1212 3295 1262 Τὸ
3322 1207 3413 1262 οὖν

1858 1291 1995 1342 κατά
2017 1291 2172 1358 φύσιν
2200 1292 2483 1361 ζητείσθω,
2507 1293 2640 1344 τὸδέ
2665 1292 2801 1360 ὑπὲρ
2821 1292 2976 1358 φύσιν
3005 1297 3124 1362 σιγῇ
3144 1293 3409 1362 τιμάσθω,

1857 1375 1951 1442 ούχ
1993 1374 2066 1434 ὡς
2117 1375 2364 1441 φευκτὸν,
2400 1375 2511 1427 ἀλλ’
2570 1375 2642 1436 ὼς
2696 1376 3026 1444 ἀπόρρητον,
3087 1377 3177 1426 καὶ
3238 1379 3410 1444 σιωπῇ

1857 1456 2110 1524 τιμᾶσθαι
2157 1455 2320 1519 ἄξιον.
2377 1457 2512 1509 Ἀλλ’
2560 1458 2885 1526 ἀπονείματέ
2928 1475 3014 1526 μοι
3070 1460 3410 1527 συγγνώμην,

1858 1539 2176 1608 παρακαλῶ,
2211 1542 2266 1589 ἐν
2292 1541 2590 1609 προοιμίοις
2617 1539 2958 1592 καταπαῦσαι
2993 1542 3078 1592 τὸν
3116 1542 3266 1607 λόγον
3292 1541 3413 1608 βου-

1857 1622 2082 1692 λομένῳ.
2133 1623 2310 1686 Δειλὸς
2339 1623 2446 1693 γάρ
2496 1623 2568 1674 ῶν
2623 1624 2756 1693 πρὸς
2803 1625 2900 1691 τὴν
2946 1624 3051 1675 τῶν
3099 1625 3414 1692 κρειττόνων

1857 1705 2096 1772 ἔρευναν,
2131 1704 2242 1766 πῶς
2274 1705 2305 1774 ἢ
2352 1705 2452 1756 ποῦ
2506 1705 2687 1774 τρέψω
2734 1705 2837 1756 τῶν
2872 1705 3039 1771 λόγων
3079 1704 3144 1756 τά
3186 1704 3414 1770 πηδάλια

1857 1788 1952 1854 οὺχ
1984 1786 2107 1854 ἔχω.
2141 1787 2203 1837 Τί
2237 1787 2342 1855 γάρ
2373 1788 2527 1849 εἴπω,
2559 1789 2588 1856 ἢ
2623 1789 2673 1840 τί
2702 1788 2949 1856 λαλήσω;
2999 1788 3108 1856 Τήν
3155 1785 3414 1838 τεκοῦσαν

1857 1870 1985 1937 ὁρῶ,
2013 1869 2101 1920 τὸν
2127 1869 2378 1937 τεχθέντα
2414 1870 2609 1938 βλέπω,
2645 1870 2730 1922 τὸν
2759 1870 2812 1920 δέ
2846 1871 3038 1938 τρόπον
3082 1869 3178 1936 τῆς
3225 1869 3410 1936 γεννή-

1860 1969 1992 2011 σεως
2041 1951 2098 2002 οὐ
2148 1952 2382 2020 συνορῶ·
2427 1954 2637 2003 νικᾶται
2688 1952 2795 2020 γὰρ
2837 1951 3014 2019 φύσις,
3065 1952 3274 2002 νικᾶται
3320 1951 3413 2001 καὶ

1857 2033 2057 2098 τάξεως
2090 2035 2230 2103 ὄρος,
2257 2035 2388 2084 ὅπου
2412 2033 2539 2095 Θεὸς
2575 2033 2834 2102 βούλεται.
2873 2036 2942 2085 Ού
2966 2034 3071 2102 γάρ
3097 2034 3230 2084 κατὰ
3257 2031 3414 2099 φύσιν

1857 2117 2044 2182 γέγονε
2095 2115 2154 2165 τὸ
2199 2117 2460 2184 πρᾶγμα·
2518 2116 2627 2166 ἀλλ’
2683 2117 2820 2184 ὑπὲρ
2875 2116 3031 2182 φύσιν
3083 2115 3142 2165 τὸ
3197 2113 3409 2181 θαῦμα·

1857 2197 2062 2266 ήργησε
2103 2198 2209 2266 γάρ
2248 2200 2278 2266 ή
2311 2198 2485 2266 φύσις,
2527 2201 2619 2249 καὶ
2650 2197 2912 2266 ἐνήργησε
2942 2197 3033 2248 τοῦ
3067 2197 3329 2247 Δεσπότου
3355 2196 3414 2245 τὸ

1860 2280 2120 2349 βούλημα.
2158 2281 2220 2330 Ὢ
2254 2282 2466 2350 χάριτος
2497 2280 2804 2349 άφράστουῐ
2855 2279 2910 2330 ὐ
2936 2279 3037 2347 πρὸ
3063 2279 3266 2330 αἰώνων
3310 2277 3414 2328 Μο-

1860 2363 2099 2432 ιογενής,
2129 2364 2156 2413 6
2182 2363 2408 2432 ἀναφὴς,
2430 2364 2522 2414 καὶ
2549 2362 2765 2422 ἁπλοῦς,
2785 2362 2874 2414 καὶ
2897 2361 3198 2428 ἀσώματος,
3228 2361 3413 2410 ὑπεισ-

1858 2445 1987 2514 ἧλθέ
2031 2462 2129 2514 μου
2170 2446 2228 2498 τὸ
2288 2447 2517 2514 φθαρτὸν
2583 2446 2672 2495 καὶ
2714 2444 2901 2512 ὁρατὸν
2952 2443 3106 2510 σῶμα
3133 2441 3173 2494 ί,
3207 2441 3302 2491 Δια
3330 2441 3411 2502 τίς

1862 2529 1975 2578 Ἵνα
2008 2527 2328 2592 βλεπόμενος
2354 2526 2534 2594 διδάξῃ
2556 2565 2568 2584 ,
2598 2523 2809 2587 διδάξας
2839 2524 2893 2574 δέ
2932 2524 3062 2590 πρὸς
3092 2523 3150 2573 τὸ
3188 2523 3260 2590 μὴ
3299 2523 3414 2590 βλε-

1860 2609 2088 2674 πόμενον
2112 2610 2510 2677 χειραγωγήσῃ.
2556 2608 2770 2676 Ἐπειδὴ
2809 2608 2912 2674 γὰρ
2943 2608 2989 2656 οί
3022 2605 3293 2673 ἄνθρωποι
3320 2605 3412 2656 τὸν

1860 2689 2129 2758 ὀφθαλμὸν
2149 2691 2240 2758 τῆς
2271 2691 2434 2757 ἀκοῆς
2463 2690 2770 2758 πιστότερον
2795 2688 3053 2747 ποιοῦσιν,
3079 2687 3105 2737 ὃ
3131 2686 3183 2737 6'5
3204 2687 3274 2754 μὴ
3299 2685 3414 2752 βλέ-

1861 2788 2050 2822 πουσιν
2081 2771 2488 2839 ἀμφιὸἀλλουσι,
2516 2772 2601 2823 διὰ
2636 2773 2790 2822 τοῦτο
2822 2773 3060 2840 ἠνείχετο
3092 2772 3181 2820 καὶ
3214 2769 3412 2836 ὀφθαλ-

1866 2858 1980 2923 μοῖς
2015 2855 2108 2922 τὴν
2157 2854 2344 2905 ἐαυτοῦ
2375 2854 2498 2905 θέαν
2552 2854 2634 2906 διά
2668 2854 2757 2904 τοῦ
2793 2853 3036 2920 σώματος
3089 2851 3410 2917 παρασχεῖν,

1865 2940 1948 2990 ἴνα
1977 2938 2109 3006 λύσῃ
2156 2939 2253 3005 τὴν
2311 2937 2729 3005 ἀμφισϐήτησιν.
2767 2936 2869 2985 Καὶ
2907 2934 3142 2985 τίκτεται
3181 2937 3243 2984 ἐκ
3275 2950 3413 3000 παρ-

1865 3020 2013 3072 θένου
2048 3018 2339 3088 ἀγνοούσης
2397 3017 2456 3069 τὸ
2509 3020 2762 3086 πρᾶγμα·
2805 3015 2924 3069 οὔτε
2961 3017 3066 3082 γάρ
3109 3016 3412 3082 συνήργησε

1864 3103 1997 3171 πρὸς
2022 3105 2080 3152 τὸ
2112 3103 2408 3169 γινόμενον,
2438 3100 2556 3151 οὔτε
2584 3099 2929 3151 συνεϐάλλετο
2948 3099 3078 3166 πρὸς
3102 3097 3157 3148 τὸ
3183 3097 3412 3165 πραττό-

1867 3203 2042 3253 μενον,
2085 3184 2195 3235 ἀλλ’
2230 3180 2295 3251 ἦν
2320 3183 2468 3250 ψιλὸν
2497 3183 2720 3251 ὄργανον
2769 3182 2862 3248 τῆς
2899 3181 3201 3248 ἀπορρήτου
3251 3177 3409 3230 αὑτοῦ

1863 3267 2156 3334 δυνάμεως,
2190 3267 2345 3334 μόνον
2373 3265 2557 3324 εἰδυῖα,
2581 3265 2607 3314 ὃ
2627 3262 2773 3330 παρά
2801 3261 2889 3313 τοῦ
2925 3261 3152 3330 Γαϐριὴλ
3179 3259 3409 3329 ἐρομένη

1864 3349 2080 3417 ἔμαθεν,
2110 3350 2188 3399 ὅτι
2215 3347 2341 3411 Πῶς
2357 3349 2519 3399 ἔσται
2532 3364 2629 3413 μοι
2654 3346 2842 3407 τοῦτο,
2874 3345 2993 3395 ἐπεὶ
3028 3342 3209 3407 ἄνδρα
3233 3344 3301 3394 οὺ
3327 3360 3408 3408 γι-

1863 3429 2092 3490 νώσκω
2110 3431 2213 3480 Καί
2232 3445 2378 3498 φησι·
2399 3429 2559 3479 Τοῦτ)
2577 3427 2748 3495 βούλει
2776 3427 2961 3495 μαθεῖν
2983 3443 2994 3487 ;
3015 3423 3161 3494 [395]
3183 3424 3414 3490 Πνεῦμα

1864 3512 2031 3578 ἅγιον
2055 3512 2428 3564 ἐπελεύσεται
2454 3512 2544 3561 ἐπὶ
2582 3511 2674 3569 σὲ,
2715 3510 2809 3562 καὶ
2854 3508 3099 3573 δύναμις
3136 3507 3412 3571 Ὑψίστου

1863 3593 2197 3645 ἐπισκιάσει
2232 3609 2348 3645 σοι.
2381 3594 2487 3645 Καὶ
2517 3594 2628 3655 πῶς
2656 3587 2720 3660 ἦν
2749 3590 2858 3658 μετ’
2888 3588 3074 3655 αὐτῆς,
3100 3587 3190 3637 καὶ
3223 3586 3413 3654 μικρὸν

1866 3675 2084 3741 ὕστερον
2115 3675 2172 3738 ἐξ
2197 3677 2391 3743 αὑτῆς;
2427 3676 2629 3742 ’Ὠσπερ
2656 3673 2896 3741 τεχνίτης
2931 3669 3100 3739 εὑρὼν
3133 3669 3258 3735 ὓλην
3288 3684 3414 3734 χρη·

1867 3773 2193 3824 σιμωτατην,
2248 3759 2524 3808 κάλλιστον
2585 3755 2945 3823 ἀπεργάζεται
3002 3750 3226 3809 σκεῦος·
3276 3750 3413 3797 οὕτω

1865 3840 1954 3890 καὶ
2011 3841 2038 3889 6
2081 3839 2305 3906 Χριστὸς
2350 3838 2518 3906 εὑρὼν
2555 3838 2650 3902 τῆς
2709 3834 2969 3903 παρθένου
3022 3833 3170 3896 ἆγιον
3211 3831 3301 3880 καὶ
3353 3829 3412 3879 τὸ

1867 3923 2022 3990 σῶμα
2057 3924 2145 3973 καὶ
2172 3923 2269 3991 τὴν
2299 3921 2488 3988 ψυχὴν,
2524 3918 2752 3986 ἔμψυχον
2785 3915 2957 3982 ἐαυτῷ
2993 3913 3366 3979 κατεκόσμησε
3390 3914 3413 3949 ε

1866 4005 2008 4068 ναὸν,
2042 4005 2098 4055 ὃν
2125 4002 2383 4072 ἐϐουλήθη
2411 4001 2605 4069 τρόπον
2627 4000 2830 4058 πλάσας
2854 3997 2939 4047 τὸν
2962 3995 3240 4064 ἄνθρωπον
3264 3996 3319 4044 ἐν
3350 3995 3413 4062 τῇ

1867 4088 2139 4157 παρθένῳ,
2172 4088 2261 4137 καὶ
2285 4084 2633 4151 ἐνδυσάμενος
2663 4082 2839 4141 αὑτὸν,
2871 4081 3103 4149 σήμερον
3131 4077 3414 4144 προῆλθεν,

1866 4170 1964 4220 ούκ
2006 4167 2265 4228 αἰδεσθεὶς
2315 4167 2373 4217 τὸ
2406 4165 2636 4226 δυσειδὲς
2667 4164 2691 4202 h
2742 4163 2838 4230 τῆς
2883 4161 3108 4228 φύσεως.
3143 4159 3271 4209 υύδέ
3310 4158 3414 4226 γάρ

1867 4253 2021 4319 ὓϐριν
2068 4250 2256 4320 ἔφερεν
2287 4248 2431 4317 αύτῷ
2458 4291 2469 4310 ,
2497 4247 2716 4316 φορέσαι
2750 4246 2808 4296 τὸ
2844 4245 2970 4296 ἴδιον
3000 4245 3156 4311 ἔργον
3177 4258 3188 4270 ⁸
3224 4241 3314 4291 καὶ
3355 4241 3414 4290 τὸ

1868 4334 2087 4402 πλασμα
2120 4333 2174 4384 δέ
2224 4333 2481 4399 μεγίστην
2526 4328 2823 4396 ἐκαρποῦτο
2871 4327 3042 4389 δόξαν,
3086 4325 3280 4390 ἔνδυμα
3321 4321 3413 4372 τοῦ

1867 4417 2100 4484 τεχνίτου
2145 4415 2438 4480 γινόμενον.
2469 4412 2674 4477 Ὥσπερ
2708 4409 2811 4477 γάρ
2855 4409 3000 4474 παρά
3049 4406 3142 4473 τὴν
3197 4403 3414 4472 πρώτην

1868 4499 2056 4551 πλάσιν
2087 4496 2339 4549 ἀδύνατον
2365 4492 2430 4565 ἦν
2462 4495 2767 4546 συνεστάναι
2797 4491 2881 4540 τὸν
2905 4489 3201 4557 ἄνθρωπον,
3235 4488 3360 4556 πρὶν
3382 4489 3414 4554 ἦ

1866 4595 1953 4646 τὸν
1976 4595 2141 4662 πηλὸν
2173 4593 2250 4653 είς
2281 4591 2374 4651 τάς
2411 4593 2594 4656 χεῖρας
2633 4585 2790 4637 αὑτοῦ
2826 4585 3021 4635 ἐλθεῖν·
3048 4584 3187 4636 οὓτω
3239 4586 3328 4634 καὶ
3358 4585 3412 4633 τι.

1868 4678 2069 4744 φθαρέν
2107 4673 2293 4732 σκεῦος
2335 4671 2587 4722 ἀδύνατον
2626 4667 3112 4737 μεταποιηθῆναιί,
3149 4667 3195 4718 εί
3229 4665 3301 4735 μή
3329 4665 3412 4730 γέ-

1867 4775 2017 4825 γονεν
2053 4756 2251 4824 ἔνδυμα
2281 4753 2370 4804 τοῦ
2401 4754 2737 4820 ποιήσαντος.

1929 5183 1952 5221 δ
1999 5185 2120 5243 Reg.
2161 5185 2358 5245 πρόοδος
2400 5184 2578 5238 παθητὴ
2623 5183 2822 5242 γέγονεν·
2866 5182 2935 5227 ὅτι
2971 5181 3067 5232 μέν.
3112 5179 3219 5227 Mox
3268 5181 3408 5240 σήμε-

1865 5261 1942 5305 ρον
1965 5246 2103 5291 abes:
2128 5259 2150 5290 ιι
2179 5247 2295 5303 Heg.

1930 5318 1951 5342 θ
1982 5306 2096 5364 Heg.
2123 5307 2209 5366 γάρ
2252 5301 2351 5351 ἔστι
2395 5305 2552 5364 πυρὸς,
2577 5304 2686 5349 ὅταν
2707 5305 2817 5362 γυνή
2848 5301 3103 5365 ἀρρενικοῖς
3145 5302 3408 5361 όμιλήσασα

1863 5367 2048 5423 θεσμοῖς
2073 5367 2202 5424 τέκῃ.

1929 5424 1948 5462 ί
1988 5427 2107 5485 Reg.
2132 5427 2326 5486 φθαρτὸν
2351 5427 2428 5470 καὶ
2451 5424 2608 5479 θνητὸν
2621 5425 2775 5483 σῶμα.

1926 5488 1949 5522 8
1975 5486 2091 5544 κρέξ.
2114 5487 2428 5532 κατεσκεύασε
2438 5522 2447 5532 .

1926 5546 1950 5581 h
1977 5546 2094 5604 Ἆρες.
2128 5548 2180 5591 τὸ
2205 5548 2424 5597 δυσῶδες.

1931 5607 1944 5642 ί
1988 5600 2107 5663 Ηυξ.
2132 5623 2256 5665 παρα
2282 5609 2362 5660 τὴν
2386 5606 2532 5664 ἀρχὴν
2560 5603 2780 5649 ἀδύνατον
2804 5607 3025 5665 συστῆναι
3049 5600 3136 5665 τὸν
3173 5600 3406 5665 άνθρωπον

1862 5670 1965 5727 πρὶν
1987 5669 2014 5721 ἢ
2052 5659 2128 5712 τον
2157 5659 2273 5712 Θεὸν
2302 5659 2379 5711 τὸν
2406 5659 2548 5727 πηλὸν
2573 5665 2633 5716 εἰς
2660 5665 2740 5727 τὰς
2764 5664 2917 5722 χεῖρας
2940 5662 3026 5727 τὰς
3044 5659 3210 5706 ἑαυτοῦ
3234 5659 3405 5711 λαϐεῖν,

1864 5722 2003 5776 Ούτω
2027 5730 2103 5774 καὶ
2122 5728 2175 5774 τὸ
2195 5728 2436 5784 διαφθαρεν
2459 5724 2679 5772 ἀδύνατον
2703 5722 2758 5781 ἦν
2779 5722 3155 5781 μεταποιηθῆναι.
