3982 6218
175 415 289 468 389

246 502 300 553 2.
330 500 403 569 (a)
432 500 536 554 Sed
578 500 703 570 quid
732 500 900 555 dicam
924 544 937 567 ,
971 511 1060 556 aut
1105 503 1227 572 quid
1272 504 1488 573 loquar?
1515 503 1737 557 Miracu-

175 589 283 642 Ium
324 591 463 643 enim
510 592 563 644 iu
605 591 1008 645 admirationem
1056 608 1140 648 me
1188 592 1433 647 traducit.
1480 595 1741 662 Antiquus

174 678 384 732 dierum
411 680 577 733 factus
603 690 682 736 est
706 681 898 745 infans,
927 691 981 736 et
1006 684 1094 751 qui
1121 683 1172 736 in
1201 683 1337 737 solio
1358 682 1571 737 sublimi
1605 698 1740 750 prte-

172 770 424 838 celsoque
452 772 728 837 considet,
762 773 811 825 in
845 773 1102 840 praesepio
1141 775 1386 840 ponitur;
1419 781 1474 827 et
1512 773 1601 841 qui
1645 772 1743 824 im-

175 860 453 925 palpabilis
491 871 544 916 et
588 862 850 930 simplex,
895 872 946 917 et
990 863 1370 931 incompositus
1396 903 1411 929 ,
1460 873 1618 931 atque
1662 861 1740 915 in-

174 964 461 1016 corporeus
504 962 618 1015 est,
648 953 891 1007 humanis
936 954 1177 1007 manibus
1218 960 1579 1007 contrectatur
1609 970 1620 980 ·
1650 954 1740 1019 qui

174 1053 512 1113 peccatorum
556 1044 763 1097 vincula
804 1045 1124 1113 disrumpit,
1165 1043 1379 1108 fasciis,
1414 1048 1533 1113 quia
1588 1048 1738 1108 vult.

170 1136 469 1204 stringitur.
502 1134 694 1189 Statuit
724 1135 863 1189 enim
894 1135 1232 1203 ignominiam
1262 1145 1469 1190 vertere
1494 1136 1545 1190 in
1572 1137 1740 1191 hono-

170 1242 323 1289 rem,
358 1224 623 1277 infamiam
672 1225 888 1277 induere
914 1226 1076 1292 gloria
1102 1265 1118 1290 ,
1151 1235 1204 1279 et
1226 1226 1559 1279 contumelia:
1605 1226 1740 1281 fines

167 1316 387 1369 modum
417 1315 623 1367 virtutis
647 1314 945 1369 ostendere.
969 1314 1166 1369 Idcirco
1191 1330 1365 1369 meum
1391 1330 1582 1385 corpus
1609 1317 1737 1371 sub-

168 1407 245 1470 it,
281 1416 336 1460 ut
362 1409 476 1477 ejus
509 1408 664 1462 Verbi
705 1424 801 1478 ego
829 1425 993 1477 capax
1036 1408 1271 1474 ﬁam;et
1298 1426 1470 1465 meam
1525 1425 1737 1465 carnem

165 1497 501 1565 suscipiens,
525 1497 775 1566 Spiritum
804 1499 931 1553 mihi
962 1514 1117 1553 suum
1148 1500 1394 1571 largiens,
1425 1511 1481 1555 ut
1510 1501 1741 1571 largiens

166 1594 221 1637 et
258 1587 525 1657 accipiens
558 1590 677 1642 vita:
703 1589 828 1641 mihi
860 1588 1162 1643 thesaurum
1188 1600 1481 1659 comparet.
1512 1590 1736 1646 Carnem

165 1690 341 1728 meam
372 1678 610 1748 suscipit,
628 1686 685 1731 ut
712 1693 795 1731 me
820 1678 1404 1748 san¢tillcetzSpiritum
1436 1682 1559 1733 mihi
1584 1696 1736 1735 suum

166 1764 387 1834 largitur
410 1808 423 1830 ,
456 1780 513 1822 ut
544 1770 743 1821 salvum
782 1783 867 1821 me
902 1768 1079 1822 faciat.
1103 1767 1207 1822 Sed
1246 1768 1371 1838 quid
1415 1770 1585 1823 dicam
1610 1810 1625 1835 ,
1648 1783 1740 1825 aut

164 1855 291 1923 quid
341 1858 557 1926 loquar?
590 1858 718 1911 Ecce
760 1859 896 1928 virgo
933 1858 1172 1928 concipiet
1201 1858 1354 1927 (lsai.
1398 1860 1449 1914 7.
1483 1858 1593 1930 Η).
1622 1860 1736 1915 Non

160 1943 272 2011 jam
301 1944 509 2010 dicitur,
536 1957 591 2000 ut
616 1946 865 2012 futurum,
888 1947 979 2002 sed
1002 1948 1285 2016 suspicitur
1312 1958 1369 2004 ut
1383 1950 1491 2019 jam
1518 1950 1734 2006 factum.

164 2038 342 2102 Atque
380 2036 517 2104 apud
546 2036 757 2091 Judzeos
800 2037 1011 2106 quidem
1050 2038 1240 2093 factum
1287 2050 1403 2107 est,
1436 2042 1574 2110 apud
1603 2058 1737 2111 quos

162 2126 439 2179 dicebatur
465 2145 477 2179 :
503 2142 529 2181 a
562 2129 712 2183 nobis
736 2137 909 2182 autem
934 2129 1185 2193 creditur,
1213 2131 1352 2199 apud
1389 2147 1522 2201 quos
1545 2148 1613 2188 ne
1642 2148 1739 2186 no-

163 2216 464 2269 minabatur
492 2217 723 2285 quidem.
741 2217 869 2271 Ecce
893 2218 1028 2287 virga
1048 2221 1305 2289 concipiet.
1330 2220 1502 2275 Litera
1524 2223 1735 2291 quidem

162 2320 446 2375 synagoga:
463 2317 566 2371 est,
588 2308 853 2375 passessio
873 2324 999 2361 vero
1021 2309 1288 2363 Ecclesiae.
1306 2310 1394 2363 Illa
1419 2311 1635 2367 tabellas
1656 2313 1736 2367 in-

162 2398 329 2458 venit,
354 2396 467 2451 tunc
487 2400 824 2468 margaritam
848 2399 1106 2454 inveniet:
1130 2401 1215 2454 illa
1239 2404 1409 2455 lanam
1432 2403 1602 2468 tinxit,
1623 2404 1735 2459 haec

163 2498 312 2541 veste
358 2504 613 2557 purpurea
650 2498 734 2545 est
776 2490 973 2544 induta.
1022 2491 1292 2559 Siquidem
1336 2492 1515 2547 Judzea
1562 2494 1733 2563 ipsum

162 2580 416 2647 peperit,
461 2591 513 2633 at
559 2582 703 2635 orbis
755 2591 1014 2635 terrarum
1075 2584 1245 2650 ipsum
1294 2588 1521 2654 excepit.
1567 2586 1735 2656 Syna-

160 2684 294 2736 goga
342 2671 509 2737 ipsum
550 2672 678 2725 aluit
720 2681 772 2724 et
813 2671 1053 2725 educavit
1087 2689 1099 2724 :
1131 2672 1419 2725 Ecclesiam
1449 2673 1617 2740 ipsum
1652 2685 1732 2729 teo

160 2760 315 2819 nuit,
361 2774 528 2827 eoque
574 2763 735 2827 potita
784 2771 882 2814 est.
935 2760 1086 2828 Apud
1138 2760 1280 2813 illam
1328 2762 1528 2828 palmes
1576 2764 1730 2828 vitis,

159 2859 215 2901 et
255 2850 393 2915 apud
438 2866 519 2901 me
568 2866 807 2903 racemus
837 2851 1086 2903 veritatis.
1115 2849 1206 2901 Illa
1244 2864 1511 2903 racemum
1551 2851 1734 2905 viride-

161 2938 381 3000 miavit,
412 2948 465 2991 et
510 2948 693 3007 gentes
744 2940 1017 3008 mysticam
1068 2939 1337 3005 potionem
1386 2939 1588 2992 bibunt.
1642 2941 1730 2994 Illa

159 3043 383 3093 granum
439 3027 684 3081 frumenti
742 3029 793 3080 in
843 3027 1022 3081 Judaea
1065 3028 1379 3093 seminavit;
1430 3036 1484 3081 et
1550 3039 1732 3097 gentes

160 3117 282 3169 fidei
333 3115 465 3170 falce
504 3126 732 3181 segetem
788 3126 1135 3170 messuerunt.
1176 3116 1372 3171 Gentes
1424 3130 1597 3171 roslm
1649 3120 1731 3187 pie

158 3208 574 3272 decerpseruut,
606 3215 659 3258 et
694 3206 827 3274 apud
879 3205 1088 3259 Judteos
1148 3208 1297 3273 spina
1350 3206 1731 3263 incredulitatis

159 3296 457 3349 remansit:
491 3295 661 3363 pullus
701 3294 965 3355 avolavit,
1013 3305 1065 3347 et
1103 3296 1334 3351 assident
1375 3296 1498 3348 nido
1546 3298 1728 3353 stulti:

158 3384 288 3437 folia
318 3386 483 3437 literae
510 3385 922 3452 interpretantur
941 3385 1107 3438 Judaei
1126 3426 1139 3447 ,
1170 3396 1224 3439 et
1252 3384 1475 3439 fructum
1504 3386 1730 3454 Spiritus

157 3482 348 3541 gentes
387 3474 697 3542 decerpunt.
740 3473 868 3526 Ecce
904 3476 1040 3543 virgo
1086 3475 1139 3526 in
1168 3483 1308 3527 utero
1346 3476 1605 3541 concipiet.
1641 3478 1729 3531 Dic

158 3565 315 3627 mihi,
346 3564 559 3630 Judare,
602 3564 685 3617 die
729 3564 855 3617 mihi
911 3578 1087 3631 porro,
1136 3580 1290 3633 quem
1337 3566 1575 3633 peperit?
1604 3565 1731 3621 Fide

156 3654 318 3720 mihi,
347 3655 531 3709 saltem
566 3664 623 3707 ut
658 3656 868 3709 Herodi.
898 3656 1002 3709 Sed
1026 3670 1129 3709 non
1161 3656 1299 3708 ﬁdis.
1332 3656 1451 3709 Seio
1482 3673 1635 3725 quam
1662 3658 1729 3711 ob

154 3761 377 3800 Causam
411 3763 425 3797 :
456 3756 671 3814 propter
711 3747 946 3800 insidias.
990 3747 1069 3801 Illi
1116 3748 1253 3800 enim
1299 3747 1497 3812 dixisti,
1526 3758 1578 3800 ut
1606 3765 1727 3802 eum

157 3835 483 3888 interficeret
516 3853 528 3887 :
568 3834 693 3887 mihi
722 3850 844 3889 vero
870 3850 973 3889 non
997 3836 1146 3898 dicis,
1176 3847 1228 3888 ut
1255 3852 1319 3889 ne
1348 3852 1466 3889 eum
1492 3836 1725 3890 adorem.

155 3928 459 3990 Quemnam
510 3939 638 3978 vero
683 3926 919 3992 peperit?
952 3926 1280 3991 Quemnam?
1308 3925 1517 3979 Natura:
1550 3927 1727 3979 Domi-

154 4029 310 4066 num.
343 4012 511 4083 Licet_
537 4014 677 4065 enim
720 4023 773 4065 tu
818 4015 994 4078 sileas,
1027 4015 1216 4066 clamat
1269 4025 1451 4067 natura
1484 4032 1496 4065 :
1528 4016 1729 4083 peperit

152 4102 330 4165 enim,
356 4111 410 4152 ut
438 4076 599 4153 voluit
626 4111 773 4168 partu
812 4101 918 4163 edi,
946 4076 1035 4169 qui
1071 4110 1217 4168 partu
1268 4112 1351 4155 est
1398 4076 1727 4155 editus-Non

149 4193 303 4245 enim
346 4190 395 4243 id
443 4205 471 4242 a
517 4198 699 4243 natura
742 4190 1158 4258 permittebatur,
1188 4190 1279 4244 sed
1308 4201 1362 4243 ut
1390 4200 1588 4245 naturze
1631 4194 1732 4245 [)0-

157 4282 342 4335 miuus
363 4281 663 4333 inusitatum
690 4281 973 4334 nativitatis
994 4282 1204 4333 modum
1229 4282 1449 4347 invexit,
1476 4292 1528 4333 ut
1554 4292 1731 4335 osten-

154 4371 255 4424 dat
282 4384 342 4423 se
369 4370 635 4423 hominem
663 4369 877 4433 factum,
907 4386 1010 4423 non
1044 4381 1097 4423 ut
1134 4372 1397 4425 hominem
1443 4386 1593 4439 partu
1624 4374 1726 4438 edi,

156 4459 257 4514 sed
300 4468 358 4511 ut
402 4460 563 4511 Deum
606 4459 771 4511 nasci.
806 4459 876 4511 Ex
914 4460 1123 4527 Virgine
1147 4460 1303 4529 igitur
1330 4461 1483 4514 hodie
1515 4462 1725 4529 prodiit,

155 4566 281 4618 qua:
338 4559 577 4601 naturam
630 4550 773 4613 vicit,
820 4560 871 4603 et
924 4552 1130 4616 nuptias
1183 4552 1488 4618 superavit‘.
1524 4553 1730 4607 Etenim

154 4638 461 4694 sanctitatis
500 4640 855 4706 Dispensatori
900 4642 1267 4704 conveniebat,
1294 4651 1347 4693 ut
1375 4658 1503 4709 puro
1531 4652 1581 4695 et
1610 4660 1729 4695 san-

155 4742 249 4784 cto
281 4738 431 4797 partu
464 4732 513 4782 in
546 4731 711 4783 lucem
757 4730 1018 4783 ederetur.
1056 4731 1169 4799 Ipse
1203 4748 1424 4799 namque
1452 4742 1553 4797 est,
1584 4734 1671 4800 qni
1701 4749 1731 4787 e

158 4830 308 4874 terra
337 4820 539 4886 virgine
566 4820 829 4887 quondam
858 4820 1103 4873 formavit
1130 4820 1407 4882 Adamum,
1432 4837 1499 4873 ex
1531 4823 1729 4875 Atlante

157 4927 297 4967 vero
337 4912 453 4965 sine
500 4911 721 4964 muliere
768 4913 1039 4965 mulierem
1078 4912 1389 4965 elformavit.
1417 4912 1561 4965 Sicut
1589 4915 1731 4967 enim

156 5006 279 5057 sine
321 5001 547 5054 muliere
590 5001 807 5068 protulit
846 5004 1121 5055 mulierem
1168 5002 1417 5063 Adamus,
1452 5005 1527 5056 sie
1571 5006 1728 5055 etiam

161 5094 326 5159 Virgo
352 5094 465 5144 sine
497 5092 607 5143 viro
639 5091 905 5143 hominem
956 5089 1108 5145 hodie
1146 5094 1364 5161 peperit.
1398 5093 1564 5145 IIomo
1589 5095 1729 5146 enim

156 5195 266 5246 εει,
292 5184 481 5250 inquit,
532 5192 585 5235 et
628 5185 745 5250 quis
796 5192 1077 5251 cognoscet
1130 5186 1285 5237 eum?
1313 5184 1442 5237 Nam
1484 5187 1728 5252 quoniam

158 5272 468 5327 hominibus
514 5288 676 5339 genus
724 5272 975 5324 muliebre
1024 5271 1334 5325 beneficium
1365 5273 1611 5338 debebat,
1646 5286 1730 5326 ut-

159 5375 287 5435 pote
319 5362 461 5431 quod
489 5364 649 5415 Adam
676 5364 791 5417 sine
818 5364 1036 5416 muliere
1065 5364 1335 5415 mulierem
1364 5364 1687 5433 produxerat
1713 5381 1725 5415 :

160 5462 448 5523 prOpterea
489 5452 635 5517 virgo
681 5452 793 5504 sine
834 5452 943 5504 viro
969 5452 1125 5505 hodie
1158 5454 1379 5521 peperit,
1412 5468 1471 5507 ac
1502 5468 1594 5520 pro
1623 5453 1728 5506 Eva

231 5623 246 5683 ξ
289 5628 425 5677 Heg,
530 5618 720 5678 prodiit,
749 5627 965 5683 natarum
987 5622 1189 5678 vincens,
1214 5628 1401 5683 nuntias
1424 5635 1670 5683 superans.

228 5680 301 5739 (α)
337 5688 449 5734 Quae
488 5687 752 5739 sequuntur
782 5681 844 5725 de
887 5682 1211 5729 incarnatione
1245 5682 1415 5731 Clu-isti
1454 5680 1731 5733 concinnata

161 5737 421 5789 citantura
443 5745 486 5787 S.
512 5737 683 5799 Cyrillo
707 5738 1036 5799 Alexandrino,
1058 5742 1101 5790 in
1129 5742 1247 5790 libro
1279 5745 1334 5790 ad
1363 5750 1576 5805 ttegiuas.

1301 388 1364 444 IN
1402 387 1726 443 NATALEM
1763 383 2031 440 CHRISTI
2073 385 2252 441 DIEM.

3296 400 3406 451 390

1849 501 2083 556 debitum
2122 502 2217 555 viri
2249 501 2517 570 persolvit.
2551 501 2619 557 Ut
2639 502 2780 556 enim
2806 516 2912 556 non
2942 506 3236 572 superhiret
3264 510 3403 558 Ada-

1850 604 1987 654 mus,
2018 592 2156 660 quod
2179 592 2293 645 sine
2319 591 2537 645 muliere
2563 592 2834 645 mulierem
2856 592 3179 663 protulisset,
3210 591 3405 647 idcirco

1848 690 1903 736 et
1923 682 2110 736 mulier
2129 683 2243 736 sine
2262 683 2376 736 viro
2402 682 2603 751 peperit
2622 683 2811 747 virum,
2838 692 2891 736 ut
2913 682 3147 736 miraculi
3172 696 3383 735 commu

1848 770 2007 825 nione
2036 781 2237 826 naturae
2265 772 2617 841 aequalitatem
2643 772 2962 826 ostenderet.
2992 771 3120 825 Nam
3148 769 3405 840 quemad-

1847 862 2060 916 modum
2087 864 2153 917 ab
2182 864 2384 918 Adamo
2411 873 2616 919 costam
2644 864 2879 927 abstulit,
2910 873 2962 918 et
2984 862 3244 917 Adamum
3276 861 3404 914 nihil

1847 951 2108 1006 imminuit
2140 971 2153 1007 :
2184 956 2259 1009 sic
2299 965 2351 1009 et
2380 957 2431 1009 in
2457 955 2673 1025 Virgine
2709 956 2998 1008 animatum
3050 953 3295 1021 templum
3325 953 3403 1006 eli.

1846 1040 2015 1107 ﬁnxit,
2042 1053 2097 1097 et
2124 1044 2471 1114 virginitatem
2503 1046 2715 1100 minime
2752 1046 2931 1099 solvit.
2960 1044 3225 1099 Salvus—et
3254 1044 3393 1097 inco-

1842 1130 2001 1185 lumis
2039 1135 2293 1187 remansit
2336 1136 2493 1188 etiam
2541 1146 2659 1203 post
2700 1144 2859 1189 costa:
2888 1136 3229 1203 privationem
3262 1132 3400 1186 Ada-

1844 1221 2321 1292 muszineorrupta
2368 1226 2525 1278 etiam
2580 1226 2726 1294 virgo
2771 1227 3079 1293 permansit,
3126 1234 3400 1292 postquam

1846 1309 2017 1364 infans
2042 1327 2104 1366 ex
2133 1328 2192 1367 ea
2223 1314 2435 1382 prodiit.
2466 1314 2663 1369 Idcirco
2700 1326 2875 1369 autem
2916 1330 3019 1371 non
3065 1316 3277 1369 aliunde
3303 1315 3410 1371 sibi

1845 1402 2099 1470 templum
2127 1404 2404 1465 exstruxit,
2436 1420 2603 1473 neque
2625 1406 2763 1458 aliud
2788 1421 2977 1474 corpus
3003 1407 3280 1458 formatum
3320 1406 3403 1457 in-

1843 1491 1976 1557 duit,
2001 1510 2067 1547 ne
2093 1511 2319 1549 massam
2345 1496 2530 1550 Adami
2555 1498 2868 1550 contumelia
2889 1496 3101 1551 afficere
3119 1497 3399 1551 videretur.

1842 1583 1970 1637 Nam
1998 1587 2242 1653 quoniam
2288 1588 2535 1656 deceptus
2565 1588 2742 1654 homo,
2774 1588 2965 1642 diaboli
2998 1589 3401 1642 instrumentum

1844 1672 2007 1727 factus
2031 1684 2161 1737 erat,
2193 1679 2654 1745 proptereaiipsum
2684 1680 2770 1746 qui
2798 1679 3159 1747 supplantatus
3193 1677 3397 1732 fuerat‘

1844 1774 2106 1834 tamquam
2154 1768 2438 1821 animatum
2493 1769 2746 1835 templum
2784 1770 3032 1832 assumit,
3077 1780 3135 1822 ut
3188 1778 3402 1837 propter

1842 1852 1975 1907 hanc
2002 1869 2120 1906 cum
2149 1871 2244 1909 suo
2268 1856 2549 1909 Conditore
2575 1858 2997 1926 conjunctioncm
3030 1859 3197 1927 ipsqu
3227 1872 3257 1911 a
3287 1857 3400 1911 dia-

1840 1943 1947 1996 boli
1978 1947 2362 1999 consuetudine
2393 1962 2453 2000 ac
2476 1947 2826 2003 familiaritate
2854 1950 3147 2004 divelleret.
3179 1949 3400 2004 Verum-

1842 2040 2017 2086 tamen
2045 2034 2168 2088 dum
2209 2035 2266 2089 fit
2309 2036 2488 2099 homo,
2519 2054 2621 2091 non
2645 2047 2701 2091 ut
2730 2040 2885 2092 homo
2916 2049 3063 2108 partu
3089 2039 3280 2103 editur,
3309 2039 3401 2095 sed

1840 2131 1897 2176 ut
1928 2124 2066 2178 Deus
2094 2128 2339 2181 nascitur.
2373 2127 2427 2182 Si
2458 2130 2596 2182 enim
2622 2144 2688 2184 ex
2718 2132 2981 2183 communi
3011 2131 3255 2199 coniugio
3277 2145 3403 2199 pro-

1839 2212 2024 2267 diisset
2054 2224 2108 2267 ut
2135 2231 2254 2285 ego,
2286 2217 2592 2286 figmentum
2621 2234 2650 2272 a
2680 2221 2835 2287 vulgo
2861 2221 3190 2275 existimatus
3218 2230 3354 2275 esset
3384 2238 3395 2272 :

1835 2301 1943 2370 jam
1974 2319 2100 2358 vero
2127 2306 2323 2361 idcirco
2345 2323 2410 2361 ex
2438 2307 2649 2378 Virgine
2675 2310 2925 2375 nascitur,
2959 2324 3179 2364 nascens
3202 2318 3398 2375 autem,

1839 2402 1893 2447 et
1922 2404 2127 2449 uterum
2158 2397 2412 2452 illibatum
2438 2410 2734 2464 conservat,
2758 2408 2813 2454 et
2842 2401 3203 2453 intemeratam
3235 2401 3398 2471 virgi-

1838 2483 2053 2538 nitatem
2072 2487 2318 2551 custodit,
2342 2498 2398 2542 ut
2427 2489 2701 2543 inusitatus
2725 2490 2958 2559 pariendi
2985 2490 3169 2543 modus
3196 2504 3400 2560 magna:

1837 2576 1965 2629 mihi
1994 2576 2113 2631 fidei
2151 2580 2456 2633 conciliator
2503 2582 2741 2634 exsistat.
2772 2579 2921 2634 Unde
2942 2579 3054 2633 sive
3083 2594 3167 2632 me
3192 2578 3398 2647 gentilis

1836 2657 1947 2712 sive
1971 2658 2185 2713 Judazus
2210 2662 2517 2730 interroget,
2551 2678 2674 2713 num
2700 2660 2940 2716 Christus
2960 2677 3079 2714 eum
3111 2662 3398 2718 secundum

1836 2758 2073 2802 naturam
2106 2750 2241 2803 Deus
2262 2759 2421 2813 esset,
2446 2750 2603 2804 homo
2630 2762 2819 2820 prmter
2845 2765 3083 2806 naturam
3111 2754 3181 2807 sit
3209 2754 3397 2823 factus,

1836 2830 2027 2896 dcam,
2056 2832 2142 2886 Sic
2170 2844 2249 2885 est
2275 2851 2285 2885 :
2312 2843 2365 2887 et
2404 2844 2591 2889 testem
2638 2837 2939 2890 inviolatum
2985 2838 3297 2907 virginitatis
3320 2842 3391 2894 si-

1834 2920 2017 2988 gillum
2049 2923 2222 2975 citabo
2254 2940 2268 2975 :
2298 2923 2365 2976 ita
2414 2940 2637 2993 namque
2679 2925 2814 2978 Deus
2844 2936 2941 2990 est,
2968 2928 3053 2996 qui
3083 2937 3283 2982 natura;
3312 2944 3399 2983 or-

1835 3010 2010 3063 dinem
2043 3014 2254 3066 vincat:
2285 3014 2355 3067 ita
2406 3016 2602 3069 ventris
2649 3024 2730 3069 est
2777 3016 2947 3083 ﬁctor,
2992 3029 3046 3069 et
3086 3018 3397 3086 virginitatis

1834 3102 2099 3168 inventor,
2131 3104 2218 3173 qui
2256 3114 2308 3158 et
2354 3106 2743 3159 immaculatum
2804 3107 3047 3163 habuerit
3114 3112 3398 3165 nativitatis

1837 3192 2073 3258 modum,
2101 3204 2155 3248 et
2195 3195 2527 3250 ineffabiliter
2576 3198 2826 3266 templqu
2877 3201 2996 3263 sibi,
3029 3216 3131 3269 quo
3177 3203 3397 3256 voluerit

1834 3284 2010 3349 modo,
2038 3288 2410 3341 construxerit.
2444 3288 2534 3341 Dic
2563 3288 2688 3341 mihi
2718 3304 2871 3358 ergo,
2896 3290 3092 3354 Iudaee,
3124 3294 3396 3359 peperitne

1833 3376 1997 3443 virgo,
2026 3378 2235 3429 annon?
2256 3378 2307 3431 Si
2360 3379 2500 3432 enim
2553 3381 2773 3447 peperit,
2824 3382 3121 3433 inusitatum
3178 3390 3381 3450 partum

1832 3464 2083 3518 confitere
2112 3482 2123 3513 :
2159 3466 2296 3534 quod
2342 3468 2383 3520 si
2410 3482 2512 3521 non
2542 3470 2763 3535 peperit,
2792 3484 2885 3521 cur
2913 3469 3172 3522 IIerodem
3204 3470 3393 3525 fefelli-

1832 3554 1931 3607 sti?
1957 3554 2037 3608 'I'u
2056 3556 2199 3608 enim
2228 3557 2323 3623 ipsi
2342 3559 2646 3622 sciscitanti,
2682 3559 2767 3611 ubi
2798 3557 3040 3612 Christus
3065 3571 3392 3625 nasceretur,

1832 3643 2028 3709 dixisti,
2064 3644 2116 3697 In
2148 3645 2414 3700 Bethleem
2439 3647 2652 3701 Iudaeae.
2695 3649 2828 3703 Num
2872 3650 3025 3719 igitur
3069 3666 3165 3719 ego
3210 3666 3393 3720 pagum

1832 3748 2082 3787 noveram
2114 3745 2203 3787 aut
2226 3736 2395 3789 locum
2422 3737 2631 3804 (Matth.
2678 3738 2732 3791 2.
2762 3739 2854 3807 5)?
2883 3756 3005 3793 num
3047 3755 3143 3808 ego
3172 3741 3395 3807 dignita-

1834 3835 1938 3879 tem
1967 3827 2079 3895 ejus
2109 3830 2197 3895 qui
2227 3836 2377 3880 natus
2406 3840 2517 3880 erat
2546 3839 2873 3897 perspectam
2904 3829 3195 3883 habebam?
3222 3846 3397 3884 nonne

1834 3917 1993 3972 Isaias
2040 3921 2202 3987 ipsius
2248 3929 2509 3987 tamquam
2556 3920 2645 3973 Dei
2685 3924 3007 3974 mentionem
3038 3921 3196 3975 fecit?
3227 3920 3398 3975 Pariet

1832 4010 1991 4071 enim,
2022 4009 2208 4077 inquit,
2246 4010 2427 4076 ﬁlium,
2471 4017 2517 4060 et
2556 4011 2796 4061 uocabunt
2831 4027 3007 4062 nomen
3048 4012 3154 4079 ejus
3192 4010 3398 4063 Emma-

1834 4098 1949 4149 nuel
1998 4098 2146 4166 (Isai.
2176 4099 2229 4149 7.
2262 4098 2369 4166 III).
2401 4098 2585 4151 Nonne
2614 4114 2706 4151 vos
2736 4098 2956 4165 improbi
2988 4099 3178 4153 inimici
3206 4100 3399 4152 verita-

1835 4195 1940 4239 tem
1971 4188 2366 4239 introduxistis?
2418 4204 2591 4240 noune
2634 4204 2726 4240 vos
2757 4189 2941 4241 scriba:
2967 4196 3021 4242 et
3045 4188 3291 4242 Pharisaei
3315 4190 3395 4242 di-

1837 4276 2055 4345 ligentes
2103 4278 2229 4345 legis
2272 4277 2639 4330 observatores
2690 4293 2877 4331 onmes
2920 4295 3004 4333 res
3038 4281 3150 4347 ejus
3182 4296 3275 4333 nos
3300 4283 3399 4336 do-

1836 4367 2017 4418 cuistis
2045 4365 2258 4435 (Matth.
2286 4368 2337 4429 I,
2370 4365 2501 4433 23)?
2526 4367 2772 4435 numquid
2818 4367 3125 4422 Hebraicam
3169 4362 3397 4442 linguani

1838 4472 1933 4509 nos
1983 4457 2272 4511 callemus?
2326 4474 2497 4510 nonne
2551 4474 2640 4509 vos
2708 4458 3004 4527 Scriptums
3073 4462 3398 4531 interpretati

1837 4548 1999 4600 estis?
2031 4547 2314 4614 Postquam
2342 4548 2487 4615 virgo
2518 4548 2736 4615 peperit,
2764 4557 2817 4601 et
2858 4558 3137 4618 antequam
3170 4565 3396 4618 pareret,

1838 4654 1901 4691 ne
1933 4638 2195 4690 videretur
2244 4640 2389 4690 locus
2436 4639 2519 4691 ille
2566 4641 2613 4689 in
2658 4640 2876 4705 gratiam
2930 4640 3131 4694 Domini
3173 4647 3397 4711 exponi,

1838 4744 2011 4781 nonne
2058 4745 2148 4781 vos
2191 4730 2493 4796 interrogati
2548 4730 2612 4780 ab
2646 4728 2853 4781 Herode
2898 4738 3082 4784 testem
3129 4732 3399 4789 Mithram

1839 4823 2146 4889 prophetam
2189 4822 2497 4888 protulislis,
2524 4830 2580 4871 ut
2608 4833 2905 4873 sermonem
2932 4832 3158 4875 vestrum
3209 4826 3401 4879 confir-

1838 4914 2036 4965 maret?
2068 4914 2127 4963 Et
2156 4925 2205 4963 tu
2234 4913 2393 4973 enim,
2424 4912 2610 4978 inquit,
2641 4911 2889 4964 Bethleem
2931 4913 3105 4963 domus
3152 4913 3395 4981 Epitrala,

1840 5018 2143 5068 nequaquam
2180 5001 2386 5051 minima
2420 5016 2470 5051 es
2501 5001 2552 5051 in
2572 5001 2875 5068 principibus
2896 5001 3035 5051 Juda
3064 5016 3081 5053 :
3112 5020 3170 5055 ca:
3200 5016 3245 5054 te
3271 5008 3397 5057 enim

1838 5096 1961 5145 exiet
2007 5093 2128 5155 dux,
2157 5093 2239 5159 qui
2270 5101 2399 5160 reget
2438 5092 2675 5158 populum
2728 5110 2887 5144 meum
2928 5092 3088 5145 Israel
3137 5094 3315 5161 (Mich.
3347 5100 3396 5151 5.

1837 5181 1889 5243 2;
1923 5182 2105 5232 .lIutt/t.
2139 5182 2191 5234 2.
2217 5180 2292 5251 ὓ).
2322 5182 2481 5234 Recte
2503 5182 2638 5234 dixit
2666 5184 2939 5249 propheta,
2971 5182 3049 5235 Ea:
3070 5194 3135 5235 te.
3161 5185 3233 5237 Ex
3256 5186 3398 5239 vobis

1839 5275 1985 5337 exiit,
2010 5283 2061 5325 et
2090 5274 2138 5327 iu
2170 5272 2349 5325 orbem
2382 5282 2637 5324 terrarum
2667 5274 2825 5325 venit.
2852 5273 2949 5339 Qui
2978 5275 3117 5325 enim
3147 5283 3245 5333 est,
3276 5292 3370 5342 pro

1841 5364 2105 5431 greditur;
2140 5362 2226 5430 qui
2254 5376 2379 5415 veto
2406 5378 2509 5415 non
2540 5371 2639 5423 e5t,
2664 5372 2891 5424 creatur,
2922 5372 3011 5415 aut
3038 5364 3109 5414 fit.
3132 5365 3200 5414 At
3222 5365 3329 5429 ipse
3348 5374 3398 5416 et

1840 5466 1971 5516 erat,
2002 5466 2054 5507 et
2094 5465 2213 5505 ante
2247 5463 2377 5516 erat,
2409 5463 2460 5504 et
2502 5467 2710 5520 semper
2751 5462 2889 5504 erat:
2916 5453 3003 5504 sed
3037 5462 3149 5505 erat
3187 5451 3397 5519 quidem

1841 5560 2050 5614 semper
2082 5554 2137 5597 ut
2182 5545 2316 5597 Deus
2342 5586 2355 5610 ,
2398 5542 2648 5596 mundum
2701 5543 2995 5611 gubernans
3039 5563 3048 5595 :
3086 5544 3239 5597 hodie
3276 5560 3397 5598 vero

1906 5683 1920 5712 ί
1950 5680 2006 5749 ln_
2026 5687 2139 5789 reg.
2166 5678 2360 5740 legitur,
2406 5684 2595 5738 propter
2641 5678 2843 5740 idtpsunt
2891 5676 3016 5738 quod
3041 5677 3395 5728 inm'ttimmmu

1906 5756 1940 5789 ,ε
1966 5754 2021 5789 ut.
2044 5749 2192 5789 catur.

1844 5756 1940 5793 esse
1966 5749 2192 5792 t‘utcutur.
