3982 6218
555 390 656 444 39]
1271 370 1325 425 S.
1366 364 1646 424 JOANNIS
1681 364 2161 420 CIIRYSOSTOMI

553 493 780 563 prodiit:
814 500 869 545 ut
923 491 1081 545 homo
1122 486 1368 558 p0pulum
1425 482 1594 551 regit,
1650 489 1710 534 ut
1751 480 1890 532 Deus
1935 483 2110 528 autem

550 586 731 637 orbem
785 592 1041 636 terrarum
1092 579 1291 631 salvum
1343 574 1483 628 fecit.
1513 571 1557 626 Ο
1595 570 1848 638 benignos
1892 563 2108 618 hostes!

551 690 584 728 o
635 673 898 728 modestos
946 686 1008 724 ac
1059 668 1213 722 miles
1269 674 1633 726 accusatores,
1683 662 1770 729 qui
1824 669 2002 711 natum
2060 655 2112 707 in

551 765 817 819 Bethleem
896 763 1058 814 Deum
1138 773 1256 812 esse
1333 753 1694 824 imprudentes
1757 750 2110 803 indicarunt:

549 859 633 925 qui
664 858 907 909 latentem
936 855 985 906 in
1016 850 1273 920 praesepio
1304 847 1579 902 Dominum
1611 853 1790 897 notum
1833 840 2108 902 fecerunt,

549 947 637 1014 qui
658 949 916 1012 jacentem
944 944 992 995 in
1016 943 1264 1010 spelunca
1291 937 1437 990 inviti
1461 935 1774 994 indicarunt,
1794 939 1846 985 et
1861 927 2115 984 beneficio

551 1040 792 1092 nolentes
817 1051 909 1089 sua
939 1045 1124 1104 sponte
1151 1046 1245 1084 nos
1284 1029 1604 1088 affecerunt,
1635 1023 1964 1082 revelarunt,
1995 1033 2114 1071 cum

551 1130 814 1182 occultare
853 1124 1210 1180 conarentur!
1267 1119 1425 1172 Vides
1481 1115 1750 1184 imperitos
1794 1108 2118 1179 magistros?

551 1223 677 1288 Qua:
699 1221 891 1273 docent
923 1217 1018 1286 ipsi
1047 1214 1289 1268 nesciunt
1318 1230 1329 1264 :
1361 1210 1496 1263 fame
1519 1205 1740 1261 confecti
1772 1203 2026 1265 nutriunt,
2048 1199 2118 1252 si-

553 1315 742 1367 tientcs
771 1318 947 1380 potum
976 1306 1241 1374 praebent,
1271 1310 1501 1370 egestate
1525 1297 1690 1365 pressi
1716 1295 1901 1347 ditant.
1932 1291 2117 1344 Venite

552 1405 707 1474 igitur
739 1442 754 1466 ,
799 1401 987 1454 festum
1015 1409 1230 1465 agamus
1253 1434 1266 1458 ,
1297 1391 1492 1449 venite.
1524 1387 1920 1442 solemnitatem
1977 1383 2117 1436 cele-

552 1496 784 1549 brenms.
814 1489 1096 1542 Inusitatus
1123 1484 1260 1537 enim
1289 1491 1368 1535 est
1397 1478 1692 1532 festivitatis
1717 1475 1923 1537 modus,
1955 1489 2119 1543 quan-

552 1585 833 1653 doquidem
871 1591 924 1633 et
953 1576 1274 1631 incredibilis
1306 1583 1385 1626 est
1414 1585 1588 1624 sermo
1618 1566 1921 1621 nativitatis.
1955 1565 2119 1619 Hodie

556 1689 779 1744 namque
811 1680 958 1726 vetus
983 1669 1208 1722 solutum
1240 1672 1321 1718 est
1349 1660 1634 1724 vinculum,
1667 1657 1909 1710 diabolus
1937 1654 2122 1709 confu-

555 1789 645 1826 sus
674 1780 775 1835 est,
815 1769 1083 1821 daemones
1128 1761 1482 1830 aufugerunt,
1515 1756 1779 1810 destructa
1818 1764 1961 1805 mors
2002 1755 2118 1813 est,

558 1863 827 1932 paradisus
855 1864 1115 1912 reseratus
1145 1895 1159 1919 ,
1191 1850 1490 1906 maledictio
1519 1847 1689 1901 deleta
1714 1854 1812 1909 est,
1846 1849 2120 1912 peccatum

557 1975 585 2009 e
617 1954 788 2007 medio
816 1951 1078 2004 sublatum
1105 1957 1204 2009 est,
1236 1945 1503 2012 ablegatus
1526 1950 1607 1995 est
1627 1954 1796 2002 error,
1821 1937 2013 1991 veritas
2039 1948 2123 1986 re-

557 2045 685 2104 diit,
718 2049 770 2094 et
795 2040 1002 2107 pietatis
1041 2049 1215 2089 sermo
1246 2033 1586 2099 undequaque
1613 2029 1983 2082 disseminatus
2011 2032 2119 2089 est,

557 2145 611 2189 et
642 2133 914 2188 cucurrit:
947 2127 1275 2183 conversatio
1323 2123 1550 2178 caelitum
1598 2122 1648 2173 in
1696 2120 1849 2173 terris
1897 2119 2123 2185 plantata

559 2236 638 2278 est
666 2241 678 2275 ε
707 2223 874 2290 angeli
903 2235 1021 2274 cum
1074 2217 1374 2272 hominibus
1406 2211 1797 2267 communicant
1822 2250 1836 2273 ,
1884 2207 2122 2259 homines

559 2333 677 2371 ctnn
709 2315 907 2383 angelis
947 2311 1204 2380 intrepide
1243 2311 1633 2376 colloquuntur.
1671 2302 1805 2369 Quid
1839 2301 1944 2354 ita?
1979 2300 2125 2365 Quo-

560 2411 700 2464 niam
731 2410 868 2460 Deus
893 2407 943 2460 in
975 2415 1166 2458 terram
1200 2402 1372 2461 venit,
1417 2410 1470 2452 et
1497 2399 1652 2450 homo
1685 2396 1734 2448 in
1764 2393 1950 2448 caelum
1973 2432 1986 2455 ,
2014 2405 2126 2444 om-

562 2501 646 2553 nia
678 2499 872 2567 passim
899 2495 1181 2549 commixta
1209 2502 1352 2546 sunt.
1384 2489 1539 2541 Vertit
1563 2487 1700 2540 enim
1726 2487 1775 2538 in
1804 2493 1942 2537 terra
1964 2525 1976 2546 ,
2009 2497 2126 2536 cum

562 2601 702 2642 totus
732 2590 782 2641 iu
811 2587 942 2641 caelo
971 2586 1038 2636 sit
1069 2603 1078 2636 :
1107 2596 1334 2651 cumque
1365 2588 1503 2634 totus
1532 2578 1581 2630 in
1611 2576 1738 2630 ccclo
1763 2575 1852 2638 sit,
1883 2583 2020 2626 totus
2050 2579 2131 2625 est

564 2681 614 2732 in
646 2690 803 2732 terra.
835 2676 965 2730 Cum
1003 2682 1141 2726 esset
1179 2673 1352 2734 Deus,
1384 2668 1551 2723 factus
1577 2675 1656 2719 est
1680 2666 1871 2725 homo,
1901 2677 2004 2715 non
2036 2676 2129 2713 ne-

560 2786 691 2840 gans
719 2785 774 2823 se
803 2770 963 2821 Deum
992 2781 1109 2819 esse
1144 2783 1156 2817 :
1188 2777 1307 2816 cum
1339 2767 1482 2814 esset
1529 2758 1755 2810 Verbum
1802 2751 2089 2823 impatibile
2113 2792 2127 2814 ,

562 2862 730 2914 factus
757 2867 838 2912 est
862 2872 986 2910 caro
1017 2873 1028 2906 :
1065 2862 1121 2906 ut
1145 2853 1405 2905 habitaret
1426 2851 1475 2902 in
1502 2847 1649 2901 nobis
1676 2860 1800 2899 caro
1833 2845 1999 2896 factus
2029 2851 2126 2894 est.

563 2952 701 3005 Deus
727 2949 865 3003 enim
900 2948 1067 3000 factus
1113 2960 1216 2996 non
1240 2952 1319 2994 est
1344 2981 1359 3005 ,
1400 2939 1493 2994 sed
1519 2946 1650 2992 erat.
1694 2937 1979 3003 Propterea
2007 2946 2132 2986 caro

565 3043 732 3095 factus
761 3048 876 3103 est,
909 3047 963 3090 ut
991 3051 1144 3105 quem
1171 3034 1356 3086 cmlum
1386 3046 1486 3084 non
1516 3028 1776 3095 capiebat,
1811 3026 1965 3078 hodie
1996 3039 2131 3092 pra:-

564 3134 767 3202 sepiunt
798 3131 1105 3196 susciperet.
1139 3127 1420 3194 Propterea
1448 3121 1658 3190 ponitur
1689 3119 1740 3171 in
1775 3116 2050 3186 prmsepio,
2080 3122 2137 3166 ttt

566 3225 612 3279 is
643 3239 669 3275 a
697 3238 799 3291 quo
826 3220 1126 3274 nutriuntur
1155 3216 1330 3268 omnia
1355 3211 1559 3282 pueruli
1587 3210 1891 3262 alimentum
1919 3220 1948 3257 a
1976 3203 2133 3271 virgi-

565 3331 633 3368 ne
673 3324 839 3366 matre
882 3311 1121 3376 accipiat.
1175 3307 1456 3372 Propterea
1497 3300 1789 3354 futurorum
1821 3295 2132 3349 smculorum

566 3407 723 3461 Pater
768 3415 1032 3469 tamquam
1073 3399 1136 3452 ab
1184 3396 1347 3450 ubere
1386 3391 1623 3462 pendens
1658 3387 1829 3441 infans
1877 3385 2138 3452 virgineas

568 3497 784 3549 minime
817 3491 1006 3559 refugit
1040 3491 1223 3551 ulnas,
1270 3495 1325 3538 ut
1350 3483 1519 3552 magis
1555 3493 1768 3534 accessu
1823 3475 1986 3528 facilis
2027 3475 2134 3524 fiat.

567 3587 834 3655 Siquidem
864 3593 915 3636 et
947 3580 1101 3634 hodie
1126 3578 1257 3646 magi
1284 3575 1631 3634 advenerunt,
1662 3578 1714 3623 et
1741 3577 2018 3637 tyrannum
2041 3562 2138 3615 ab-

569 3653 793 3748 negandi
836 3675 1039 3729 initium
1081 3671 1355 3731 fecerunt,
1398 3675 1452 3720 et
1477 3663 1664 3717 caelum
1696 3659 1980 3727 gloriatur,
2015 3653 2139 3705 dum

569 3787 664 3840 per
693 3768 897 3822 stellam
931 3762 1204 3816 Dominum
1235 3771 1384 3810 suum
1413 3753 1606 3807 indicat
1631 3790 1645 3813 ,
1683 3758 1737 3802 et
1764 3761 1923 3812 super
1950 3743 2139 3795 nubem

572 3864 740 3916 levem
781 3855 1019 3924 corporis
1049 3853 1128 3905 sui
1162 3850 1352 3904 sedens
1394 3845 1645 3898 Dominus
1673 3840 1840 3894 currit
1882 3839 1932 3890 in
1980 3833 2142 3902 [Egy-

571 3963 719 4020 ptum
751 3967 764 4002 :
795 3959 846 4001 et
873 3946 1050 4014 fugere
1079 3941 1288 4011 quidem
1325 3935 1546 3990 Ilerodis
1573 3933 1778 3986 videtur
1804 3929 2019 3983 insidias
2042 3967 2057 3989 ,
2087 3941 2145 3978 re

572 4017 746 4094 autem
786 4054 906 4092 vera
939 4034 1078 4105 quod
1117 4033 1184 4086 ab
1220 4030 1350 4084 Isaia
1395 4029 1591 4082 dictum
1639 4022 1810 4076 fuerat
1850 4017 2144 4085 adimplet:

580 4145 598 4175 ε
625 4125 909 4184 Eritenim,
937 4101 1169 4187 D—iDQIlil,
1194 4134 1211 4165 ι
1236 4115 1285 4167 in
1313 4113 1397 4166 die
1421 4112 1507 4164 illa
1529 4106 1685 4160 Israel
1703 4103 1954 4157 tertiusiu
1981 4101 2146 4166 Assy-

573 4219 667 4271 riis
691 4257 704 4279 ,
738 4225 790 4267 et
817 4215 866 4266 in
900 4210 1161 4280 [Egyptiis
1189 4205 1497 4260 benedictus
1525 4201 1626 4253 erit
1656 4195 1881 4265 populus
1918 4204 2067 4245 meus
2096 4190 2146 4242 in

578 4323 754 4365 terra,
803 4319 958 4374 quam
1001 4299 1270 4354 benedixit
1315 4294 1568 4347 Dominus
1607 4285 1838 4341 Sabaoth
1865 4324 1880 4347 ,
1924 4282 2146 4334 dicens:

576 4368 893 4453 Benedictus
919 4391 1020 4446 erit
1049 4389 1269 4458 populus
1311 4398 1460 4437 meus
1490 4380 1578 4448 qui
1607 4383 1657 4431 in
1692 4375 1923 4444 Egypto
1969 4379 2024 4422 et
2061 4368 2147 4436 qui

580 4495 629 4543 in
659 4485 893 4555 Assyriis
918 4492 969 4534 et
994 4482 1080 4550 qui
1107 4479 1157 4532 in
1190 4474 1346 4530 Israel
1376 4492 1393 4523 ι
1426 4472 1445 4542 (
1474 4470 1598 4522 Isai.
1631 4467 1715 4520 I9.
1743 4465 1834 4517 24.
1859 4462 1980 4529 ἳό).
2015 4458 2149 4523 Quid

580 4584 701 4648 ais,
748 4577 970 4633 .Iudzre?
1018 4574 1103 4641 qui
1156 4572 1354 4640 primus
1391 4580 1549 4628 eras,
1597 4561 1783 4615 tertius
1835 4557 2003 4610 factus
2054 4553 2154 4606 es?

583 4645 814 4744 ngvptii
842 4679 895 4725 et
920 4667 1118 4738 Assyrii
1152 4664 1242 4717 tibi
1270 4657 1486 4714 antelati
1517 4662 1662 4717 sunt,
1691 4659 1745 4704 et
1774 4645 2153 4718 primogenitus

584 4767 741 4822 Israel
773 4776 990 4817 numero
1020 4756 1279 4828 posterior
1317 4750 1440 4805 est?
1487 4748 1560 4801 Ita
1592 4752 1674 4798 est
1709 4761 1720 4796 :
1752 4740 1946 4794 merito
1992 4738 2155 4802 Assy-

586 4864 648 4916 rii
679 4858 833 4928 primi
860 4863 1011 4908 erunt
1046 4871 1059 4905 :
1087 4843 1513 4919 quandoquidem
1538 4849 1591 4892 et
1612 4835 1708 4904 ipsi
1739 4832 1892 4903 primi
1922 4844 2017 4899 per
2044 4842 2156 4878 ma—

588 4970 680 5019 gos
716 4964 834 5003 eum
877 4946 1230 5000 adoraverunt
1255 4955 1268 4989 :
1298 4933 1532 5003 [Egyptii
1573 4942 1698 4981 vero
1724 4933 1843 4993 post
1876 4919 2122 4989 Assyrios
2145 4957 2158 4980 ,

590 5038 1016 5110 quandoquidem
1042 5036 1209 5101 ipsum
1234 5026 1459 5081 Herodis
1477 5019 1691 5074 insidias
1711 5015 1994 5084 fugientem
2017 5021 2164 5061 exce-

593 5141 815 5201 perunt;
849 5138 1117 5196 postremo
1143 5137 1269 5174 vero
1297 5119 1413 5170 loco
1442 5119 1748 5165 numeratur
1783 5104 1966 5166 Israel,
1995 5113 2164 5166 quan-

595 5219 873 5286 doquidem
901 5224 1015 5283 post
1036 5222 1309 5263 ascensum
1340 5205 1454 5272 ejus
1474 5217 1537 5254 ex
1564 5197 1795 5251 Jordane
1819 5204 1925 5245 tum
1953 5191 2164 5243 demum

595 5329 689 5382 per
725 5309 987 5378 apostolos
1013 5319 1132 5357 eum
1159 5303 1512 5369 agnoverunt.
1559 5290 1830 5358 Ingressus
1869 5292 1952 5338 est
1993 5289 2168 5332 autem

598 5406 883 5473 Egyptnm
909 5441 924 5463 ,
968 5394 1273 5450 concutiens
1300 5385 1515 5454 Egypti
1544 5378 1836 5434 manufacta
1859 5416 1873 5437 ,
1907 5387 2012 5426 non
2037 5383 2170 5437 quo-

601 5458 922 5564 quodi'nodo,
952 5487 1044 5541 sed
1078 5492 1348 5554 postquam
1377 5472 1593 5543 Egypti
1628 5465 1883 5521 vestibula
1920 5458 2179 5514 conclusit

603 5552 813 5641 interitu
861 5552 1328 5650 primogenitorum
1384 5565 1546 5638 (Isai.
1604 5559 1690 5613 I9.
1747 5558 1833 5622 I).
1889 5552 2176 5616 Propterea

605 5639 1273 5744 tamquam'primogenitus
1296 5659 1454 5713 hodie
1481 5656 1751 5722 ingressus
1771 5654 1852 5699 est
1876 5652 1934 5696 ut
1951 5639 2181 5706 antiqua:

611 5769 873 5828 mmstitim
919 5765 1115 5819 luctum
1157 5755 1402 5811 solveret.
1451 5738 1864 5810 Primogenitum
1909 5743 2039 5786 vero
2080 5727 2182 5782 dici

2217 360 2529 417 ARCHIEP.
2571 349 3103 412 CONSTANTINOP.
3689 363 3811 417 392

2225 472 2491 526 Christum
2522 481 2741 526 testatur
2768 471 2924 526 hodie
2952 471 3116 525 Lucas
3137 468 3451 538 evangelista
3483 480 3603 519 eum
3631 464 3801 518 dicit:

2217 563 2285 616 Et
2313 565 2498 632 peperit
2519 563 2686 632 ﬁlium
2706 581 2851 616 suum
2876 563 3270 632 primogenitum,
3299 570 3349 612 et
3373 559 3552 627 pannis
3581 553 3803 608 involvit

2218 671 2328 707 eum
2349 694 2362 716 ,
2395 665 2440 706 et
2466 655 2719 707 reclinavit
2747 671 2857 705 eum
2895 653 2947 705 in
2991 651 3266 718 prwsepio,
3307 649 3423 718 quia
3449 664 3549 700 non
3581 654 3695 698 erat
3728 644 3804 694 eis

2220 746 2356 798 locus
2401 746 2452 796 in
2498 744 2765 796 diversorio
2801 740 3129 810 (Luc.2.7).
3180 739 3449 808 Ingressus
3497 744 3581 790 est
3627 734 3804 802 igitur

2221 835 2506 905 Egyptum
2535 843 2590 887 ut
2617 834 2843 901 antiqum
2881 831 3144 886 mmstitiae
3180 831 3376 883 luctum
3418 827 3653 880 solveret
3695 843 3707 875 :
3747 832 3803 876 et

2221 926 2486 994 plagarum
2529 925 2644 977 loco
2672 923 2918 991 gaudium
2946 919 3139 973 invexit
3165 960 3179 983 ,
3209 929 3259 971 et
3289 917 3403 970 loco
3429 917 3602 968 noctis
3627 923 3804 981 atque

2219 1015 2555 1069 tenebrarum
2587 1014 2763 1066 lumen
2809 1010 2992 1064 salutis
3022 1009 3237 1077 largitus
3270 1014 3370 1061 est.
3415 1003 3802 1058 Contaminata

2222 1115 2346 1158 tunc
2377 1105 2472 1157 fuit
2512 1118 2644 1172 aqua
2691 1101 2919 1155 fluminis
2964 1099 3259 1152 immaturae
3301 1095 3470 1150 aetatis
3506 1092 3803 1147 infantium

2219 1195 2387 1249 caede.
2427 1193 2693 1261 Ingressus
2719 1201 2800 1245 est
2828 1191 2982 1259 igitur
3012 1190 3060 1241 in
3091 1187 3372 1256 Egyptum
3401 1185 3451 1238 is
3480 1184 3569 1252 qui
3595 1195 3803 1251 aquam

2221 1286 2432 1338 rubram
2468 1283 2802 1345 reddiderat,
2834 1289 2888 1334 et
2917 1277 3144 1332 ﬂuminis
3169 1277 3381 1330 ﬂuentis
3406 1276 3509 1327 vim
3538 1269 3808 1342 gignendi

2222 1375 2444 1428 Salutem
2495 1372 2720 1437 indidit,
2765 1382 3054 1437 eorumque
3102 1367 3450 1434 impuritatem
3499 1377 3562 1416 ac
3601 1358 3808 1413 sordes

2223 1468 2450 1536 Spiritus
2479 1467 2671 1519 virtute
2694 1462 2978 1531 purgavit'.
3003 1458 3193 1513 Afflicli
3217 1455 3428 1509 fuerunt
3447 1451 3710 1523 Egyptii,
3743 1459 3804 1503 et

2228 1559 2405 1614 furore
2427 1555 2654 1624 correpti
2679 1555 2840 1607 Deum
2863 1552 3207 1619 abuegarunt.
3234 1547 3503 1614 Ingressus
3529 1553 3612 1597 est
3634 1542 3803 1610 igitur

2227 1653 2278 1706 in
2303 1650 2587 1717 Egyptum
2610 1688 2625 1710 ,
2668 1644 2940 1712 religiosas
2965 1642 3165 1693 animas
3196 1637 3494 1705 cognitio-ue
3521 1633 3614 1686 Dei
3638 1646 3802 1684 com-

2224 1741 2373 1809 plens
2397 1779 2410 1801 ,
2444 1737 2617 1790 effecit
2645 1742 2701 1788 ut
2737 1735 2928 1788 flumen
2963 1729 3295 1784 fecundiores
3329 1724 3488 1793 spicis
3529 1731 3803 1790 martyres

2223 1831 2410 1884 aleret.
2434 1827 2534 1881 Sed
2561 1834 2773 1894 propter
2797 1822 3065 1892 angustias
3087 1817 3339 1886 temporis
3365 1814 3464 1867 hoc
3486 1814 3606 1868 Ioco
3632 1810 3802 1863 statui

2226 1920 2383 1973 tinem
2414 1917 2588 1970 facere
2612 1913 2839 1979 dicendi,
2869 1910 3007 1980 quod
3032 1909 3287 1976 reliquum
3311 1915 3392 1959 est
3424 1902 3619 1971 negotii
3642 1899 3805 1951 Vobis

2226 2012 2276 2064 in
2307 2010 2444 2064 diem
2471 2015 2778 2075 sequentem
2809 2009 3174 2056 reservaturus
3199 2015 3210 2049 :
3245 1996 3330 2048 hic
3355 2003 3530 2045 autem
3559 1988 3802 2044 orationi

2226 2101 2384 2155 finem
2416 2100 2702 2168 imponant,
2735 2094 2821 2147 ubi
2851 2092 2952 2144 hoc
2978 2089 3280 2157 explevere,
3313 2097 3418 2152 quo
3449 2091 3600 2150 pacto
3631 2078 3804 2130 nimi-

2228 2209 2340 2247 rum
2367 2233 2379 2253 ,
2427 2205 2547 2242 cum
2577 2184 2867 2255 impatibile
2893 2182 3120 2234 Verbum
3148 2184 3320 2240 esset,
3351 2189 3474 2229 caro
3503 2172 3699 2225 factum
3729 2168 3806 2219 sit

2229 2285 2498 2337 immutata
2529 2287 2774 2331 manente
2813 2285 3016 2327 natura.
3048 2269 3181 2336 Quid
3208 2269 3377 2322 dicam
3399 2305 3413 2324 .
3443 2274 3531 2318 aut
3561 2261 3688 2330 quid
3718 2260 3804 2312 Io-

2228 2374 2402 2443 quar?
2431 2370 2657 2424 Fabrum
2690 2378 2743 2420 et
2771 2378 3003 2433 przesepe
3033 2361 3185 2413 video
3212 2368 3265 2410 et
3293 2355 3542 2408 infantem
3567 2392 3579 2413 ,
3614 2362 3664 2402 et
3700 2364 3808 2401 cu—

2232 2478 2414 2516 narum
2447 2460 2666 2519 fascias,
2703 2466 2756 2509 et
2783 2454 2998 2521 virginis
3030 2460 3232 2518 partum
3278 2446 3433 2499 rebus
3481 2441 3813 2495 necessariis

2231 2556 2558 2614 destitutum,
2587 2548 2760 2602 omnia
2787 2553 3022 2614 egestate
3045 2554 3248 2610 pressa,
3281 2536 3453 2590 omnia
3487 2534 3638 2603 plena
3669 2546 3814 2598 pau-

2233 2646 2467 2716 pertatis.
2502 2642 2683 2695 Vidisti
2712 2638 2916 2692 divitias
2942 2637 2993 2689 in
3016 2636 3182 2688 multa
3200 2628 3658 2701 paupertate?quo
3689 2635 3818 2674 mo-

2232 2740 2299 2792 do
2325 2753 2440 2792 cum
2468 2735 2615 2788 dives
2639 2739 2800 2794 esset,
2837 2742 3032 2798 egenus
3059 2735 3140 2778 est
3178 2732 3353 2778 nostra
3390 2733 3544 2774 causa
3585 2715 3815 2769 factus?

2233 2847 2340 2902 quo
2367 2828 2523 2882 modo
2556 2840 2725 2894 neque
2768 2823 2956 2876 lectmn
2983 2859 2998 2882 ,
3044 2831 3213 2886 neque
3260 2812 3540 2879 stragulum
3579 2806 3816 2865 habuit,

2234 2923 2325 2976 sed
2355 2923 2404 2974 in
2435 2919 2578 2972 nudo
2600 2915 2821 2985 praesepi
2853 2920 2965 2966 erat
2997 2904 3300 2976 projectus?
3342 2903 3386 2956 Ο
3415 2905 3817 2969 paupertatem.

2235 3012 2536 3065 divitiarum
2570 3010 2764 3058 fontem
2789 3006 2802 3057 !
2835 3017 2867 3054 ο
2896 3000 3106 3053 divitias
3135 2998 3446 3054 immensas,
3476 2985 3821 3057 paupertatis

2237 3101 2468 3169 Speciem
2499 3113 2606 3164 prae
2627 3110 2684 3147 se
2713 3093 2979 3147 ferentes!
3013 3089 3067 3141 In
3100 3082 3318 3155 przesepi
3343 3083 3513 3148 jacet,
3544 3085 3596 3129 et
3616 3075 3824 3126 orbein

2243 3203 2500 3245 terrarmn
2545 3185 2816 3246 concutit;
2866 3180 3040 3233 fasciis
3091 3188 3342 3230 cunarum
3391 3167 3710 3225 involvitur,
3769 3173 3828 3216 et

2240 3281 2438 3353 peccati
2469 3277 2674 3331 vincula
2702 3271 2978 3338 disrumpit
3004 3285 3018 3332 ;
3057 3266 3290 3320 nondum
3315 3263 3366 3315 in
3400 3273 3572 3313 vocem
3602 3255 3825 3307 articu-

2241 3375 2397 3427 Iatam
2426 3370 2636 3437 erupit,
2672 3373 2726 3419 et
2752 3376 2931 3431 magos
2957 3359 3164 3414 edocuit
3189 3398 3202 3420 ,
3235 3364 3287 3407 et
3312 3352 3376 3405 ad
3407 3347 3826 3404 conversionem

2240 3433 2546 3520 commovit:
2582 3457 2712 3525 Quid
2742 3456 2933 3515 dicam,
2963 3461 3051 3503 aut
3074 3448 3194 3518 quid
3227 3441 3444 3513 loquar?
3472 3440 3604 3491 Ecce
3634 3433 3833 3487 infans

2243 3559 2417 3613 fasciis
2443 3553 2748 3614 involvitur,
2777 3558 2827 3601 et
2858 3547 2908 3598 in
2935 3543 3155 3614 przcsepi
3176 3541 3312 3606 jacet
3344 3553 3356 3587 :
3385 3532 3533 3585 adest
3556 3536 3747 3580 autem
3778 3536 3834 3578 et

2244 3651 2404 3706 Maria
2436 3663 2551 3716 quas
2594 3645 2742 3711 virgo
2785 3648 2838 3693 et
2874 3647 3041 3690 mater
3068 3643 3148 3684 est
3181 3647 3191 3680 :
3237 3627 3419 3678 aderat
3445 3631 3614 3672 autem
3639 3626 3693 3668 et
3729 3614 3834 3667 Jo-

2246 3741 2397 3811 scph,
2430 3711 2518 3807 qui
2551 3745 2698 3805 pater
2727 3730 3040 3800 appellatur.
3075 3723 3169 3776 llic
3198 3721 3276 3773 vir
3306 3717 3496 3770 dicitur
3517 3754 3529 3775 ,
3562 3711 3648 3762 illa
3685 3723 3837 3759 uxor

2247 3800 2469 3886 vo-catur
2498 3849 2509 3882 :
2545 3826 2774 3895 legitima
2803 3829 2924 3875 sunt
2955 3815 3164 3870 nomina
3186 3806 3518 3878 copulatione
3544 3800 3832 3853 destituta.

2250 3923 2544 3977 Verborum
2572 3927 2724 3969 tenus
2749 3912 2860 3964 hac
2877 3907 3002 3962 mihi
3027 3903 3280 3969 intelligo,
3307 3910 3411 3948 non
3439 3905 3614 3946 rerum
3645 3898 3835 3939 tenus.

2255 4017 2347 4071 llic
2375 4013 2541 4067 solmn
2571 4002 2930 4074 deSpousavit,
2964 4007 3016 4050 et
3045 3993 3270 4062 Spiritus
3296 3995 3508 4040 sanctus
3538 3978 3836 4033 obumbra-

2252 4110 2328 4160 vit
2351 4107 2397 4158 ei
2430 4122 2442 4155 :
2477 4100 2615 4156 unde
2644 4073 2889 4151 dubitans
2911 4088 3107 4155 Joseph
3132 4127 3146 4151 ,
3187 4081 3308 4152 quid
3336 4077 3627 4146 appellaret
3660 4073 3840 4123 inrau-

2260 4209 2364 4251 tem
2398 4192 2685 4248 nesciebat.
2722 4188 2795 4240 Ex
2818 4179 3076 4236 adulterio
3106 4185 3283 4228 uatum
3309 4169 3486 4222 dicere
3515 4165 3692 4232 ipsum
3730 4174 3840 4212 non

2254 4285 2500 4348 audebat,
2523 4279 2830 4350 prohrosnm
2850 4274 2900 4326 in
2929 4268 3182 4336 virginem
3201 4263 3377 4329 jacere
3398 4266 3704 4308 sermonem
3736 4264 3843 4301 non

2257 4384 2482 4448 poterat,
2521 4337 2682 4423 filium
2715 4367 2884 4433 ipsum
2913 4359 3090 4412 dicere
3118 4366 3269 4406 suum
3299 4344 3600 4413 refugiebat
3627 4357 3642 4390 :
3671 4337 3848 4407 probe

2262 4429 2489 4532 iramque
2516 4460 2714 4514 sciebat
2734 4454 2831 4507 sibi
2861 4452 3093 4518 ignotum
3117 4456 3257 4502 esse,
3285 4450 3389 4505 quo
3421 4440 3600 4501 pacto,
3631 4429 3717 4481 vel
3748 4443 3850 4479 un-

2260 4557 2328 4610 de
2357 4517 2526 4607 in'fans
2548 4557 2700 4600 natus
2721 4549 2864 4596 esset
2891 4517 2908 4588 γε
2942 4549 3097 4603 quam
3124 4532 3191 4582 ob
3217 4537 3429 4581 causam
3461 4520 3536 4573 illi
3568 4517 3639 4571 de
3671 4531 3730 4570 re
3754 4517 3853 4568 du-

2267 4642 2454 4700 bitanti
2478 4681 2490 4702 ,
2523 4638 2587 4691 de
2615 4633 2744 4688 caelo
2773 4626 3046 4682 oraculum
3093 4618 3260 4688 angeli
3292 4627 3422 4666 voce
3450 4610 3690 4664 delatum
3721 4615 3808 4659 est
3838 4623 3849 4655 :

2273 4734 2398 4790 Noli
2425 4734 2611 4790 (iniere,
2641 4721 2831 4790 Ioseph
2861 4734 2877 4770 :
2905 4714 3036 4785 quod
3066 4713 3194 4763 enim
3219 4722 3279 4760 ea:
3304 4721 3361 4756 ea
3388 4701 3616 4769 genitum
3649 4707 3720 4748 est
3748 4735 3762 4757 ,
3796 4695 3855 4744 de

2273 4788 2470 4892 Spiritu
2494 4788 2663 4871 sancto
2691 4788 2803 4881 εδί(
2822 4807 3002 4860 Matth.
3041 4804 3089 4855 I.
3115 4798 3238 4865 20).
3285 4792 3518 4861 Spiritus
3548 4788 3698 4841 enim
3729 4801 3855 4836 san-

2273 4874 2336 4892 -ι
2793 4874 2803 4881 .

2273 4922 2391 4967 ctus
2418 4907 2603 4976 virgini
2631 4897 2977 4957 obumbravit.
3008 4892 3179 4957 Quare
3208 4898 3331 4936 vero
3354 4896 3418 4933 ex
3445 4878 3655 4946 virgine
3685 4874 3860 4926 nasci-

2276 5015 2362 5057 tur
2382 5043 2393 5063 ,
2423 5009 2476 5052 et
2500 4963 2854 5062 virginitatem
2887 4984 3136 5036 illibatam
3167 4971 3386 5026 servat?
3414 4968 3552 5033 Quia
3585 4963 3859 5033 quondam

2275 5094 2529 5162 virginem
2564 5088 2723 5139 Evam
2751 5077 2958 5144 decepit
2985 5069 3227 5126 diabolus
3247 5106 3261 5125 ,
3293 5062 3495 5115 idcirco
3518 5057 3584 5110 ad
3613 5055 3860 5110 Mariam,

3127 5141 3860 5162 -

2277 5141 2395 5253 ηιιὲ
2423 5183 2567 5248 virgo
2593 5182 2727 5236 erat,
2757 5141 2962 5223 felicem
2992 5159 3229 5214 nuntium
3258 5150 3477 5207 Gabriel
3511 5145 3725 5200 detulit.
3761 5141 3863 5195 Sed

2279 5237 2735 5338 deceptavquidem
2768 5260 2873 5312 Eva
2906 5250 3109 5322 peperit
3141 5244 3359 5299 verbum
3389 5282 3402 5302 .
3444 5237 3587 5307 quod
3637 5243 3868 5287 mortem

2283 5323 2455 5419 intulit
2487 5378 2497 5411 :
2528 5323 2581 5410 at
2608 5353 2810 5406 felicem
2856 5343 3092 5398 nuntium
3122 5334 3387 5402 accipiens
3427 5328 3594 5382 Maria
3635 5323 3871 5376 Verbum

2285 5458 2336 5509 in
2362 5465 2518 5505 carne
2538 5443 2737 5516 genuit,
2767 5435 2903 5506 quod
2931 5433 3089 5485 vitam
3122 5425 3274 5479 nobis
3299 5431 3558 5475 a:ternam
3599 5414 3868 5468 conciliat.

2288 5508 2517 5599 Verbum
2540 5508 2684 5592 “Evae
2717 5533 2914 5600 lignum
2959 5519 3245 5581 indicavit,
3278 5529 3374 5581 per
3403 5510 3552 5576 quod
3594 5508 3800 5572 lignum
3846 5517 3870 5553 ε

2359 5725 2373 5755 ί
2410 5726 2547 5782 Reg,
2572 5712 2727 5769 unxit,
2751 5719 2852 5770 pro,
2870 5701 3106 5765 purgavit.
