3982 6218
202 369 308 424 391

202 468 291 521 τὸν
317 467 542 534 κόσμον·
571 468 803 537 σήμερον
835 465 889 517 δὲ
929 461 1208 530 προῆλθεν,
1240 462 1312 522 ὡς
1339 459 1616 526 ἄνθρωπος
1645 453 1740 524 μὲν

203 549 292 601 τὸν
341 549 463 601 λαὸν
504 549 817 617 ποιμαίνων,
867 546 940 607 ὼς
993 545 1122 606 Θεὸς
1169 543 1222 594 δὲ
1281 543 1376 610 τὴν
1425 540 1741 608 οἰκουμένην

201 630 489 692 διασώζων.
519 630 580 680 Ὢ
601 629 862 696 πολεμίων
881 627 1148 693 χρηστῶνί
1172 623 1216 674 ὣ
1231 621 1544 690 κατηγόρων
1565 620 1743 687 φιλαν-

204 711 465 780 θρώπωνί
507 711 554 762 οἳ
578 709 667 761 τὸν
691 711 748 760 ἐν
777 706 1015 776 Βηθλεέμ
1050 703 1303 772 τεχθέντα
1332 702 1671 762 λανθάνοντες
1700 711 1740 780 in

203 779 333 844 Θεὸν
365 790 586 854 ἔδειξαν,
614 791 660 842 οἳ
698 790 786 841 τὸν
818 791 873 840 ἐν
921 787 1090 856 φάτνῃ
1131 783 1497 852 κρυπτόμενον
1537 779 1738 832 Δεσπό-

201 889 300 940 την
351 871 676 939 ἐγνώρισαν,
705 869 753 921 οῖ
782 869 870 920 τὸν
910 868 966 918 ἐν
1003 866 1246 934 σπηλαίῳ
1282 863 1586 931 καθήμενον
1611 861 1742 928 ἐμή-

202 970 368 1008 νυσαν
398 953 635 1013 ἄκοντες,
674 951 765 1002 καὶ
803 948 1165 1017 εὐηργέτησαν
1208 943 1279 1013 μὴ
1341 943 1598 1005 θέλοντες,
1635 943 1740 993 ἀπ-

204 1033 475 1100 εκάλυψαν
497 1030 723 1097 καλύψαι
749 1027 1067 1096 βουλόμενοι.
1092 1021 1238 1087 Εἶδες
1259 1023 1481 1093 ἀμαθεῖς
1500 1022 1742 1074 διδασκά-

203 1114 360 1175 λους;
424 1113 488 1163 Ἀ
551 1111 899 1172 διδάσκουσιν,
954 1107 1012 1158 οὐ
1075 1106 1412 1173 γινώσκουσι,
1461 1104 1741 1164 πεινῶντες

205 1194 479 1262 τρέφουσι,
531 1189 782 1256 διψῶντες
842 1188 1130 1251 ποτίζουσι,
1203 1187 1478 1254 πενόμενοι
1531 1185 1742 1236 πλουτί-

205 1276 375 1336 ζουσι.
409 1271 564 1323 Δεῦτε
590 1267 701 1328 οὖν,
729 1269 1086 1337 ἐορτάσωμεν,
1108 1267 1255 1320 δεῦτε
1273 1267 1742 1334 πανηγυρίσωμεν.

203 1354 363 1417 Ξένος
394 1354 496 1421 γὰρ
523 1354 550 1403 6
575 1353 669 1418 τῆς
696 1351 884 1419 ἐορτῆς
913 1349 1128 1418 τρόπος,
1169 1349 1350 1417 ἐπειδὴ
1376 1349 1465 1398 καὶ
1505 1345 1742 1415 παράδο-

207 1436 294 1501 ξος
321 1439 348 1488 6
372 1435 466 1502 τῆς
501 1435 794 1501 γεννήσεως
834 1431 1004 1497 λόγος.
1046 1431 1286 1498 Σήμερον
1331 1427 1435 1496 γὰρ
1470 1428 1497 1480 6
1538 1428 1744 1495 χρόνιος

205 1517 367 1584 ἐλύθη
407 1514 614 1582 δεσμὸς,
646 1515 672 1564 6
695 1511 930 1572 διάϐολος
956 1510 1212 1579 ᾐσχύνθη,
1235 1511 1281 1560 οἰ
1314 1509 1557 1577 δαίμονες
1587 1508 1742 1576 ἐδρα-

206 1598 490 1656 πέτευσαν,
517 1597 542 1646 6
575 1594 792 1654 θάνατος
825 1593 851 1631 ί)
896 1590 1076 1660 ἐλύθη,
1131 1589 1447 1659 παράδεισος
1481 1587 1741 1656 ήνεῲχθη,

207 1679 243 1744 ἡ
267 1677 472 1743 κατάρα
497 1673 777 1742 ἠφανίσθη,
822 1676 854 1741 ὴ
892 1673 1126 1742 ἁμαρτία
1161 1670 1396 1723 ἐκποδὼν
1438 1669 1672 1736 γέγονεν,
1711 1669 1743 1737 ή

209 1758 382 1825 πλάνη
411 1755 677 1824 ἀπηλάθη,
711 1757 743 1822 ή
772 1754 990 1822 ἀλήθεια
1022 1752 1304 1820 ἐπανῆλθε,
1346 1752 1435 1804 καὶ
1475 1751 1570 1819 τῆς
1597 1750 1738 1802 εὐσεο

209 1838 360 1897 ϐείας
387 1841 414 1890 6
462 1838 612 1902 λόγος
659 1834 924 1902 πανταχοῦ
957 1833 1213 1901 διεσπάρη
1265 1834 1356 1885 καὶ
1401 1833 1625 1900 ἔδραμεν
1651 1846 1662 1857 °
1711 1831 1743 1897 ή

207 1919 317 1970 τῶν
363 1919 470 1970 άνω
499 1916 736 1969 πολιτεία
764 1917 818 1967 ἐν
847 1919 911 1984 τῇ
941 1918 1007 1983 γῇ
1038 1914 1319 1981 ἐφυτεύθη,
1358 1912 1571 1978 ἄγγελοι
1613 1911 1743 1980 μετά

209 1997 508 2068 ἀνθρώπων
539 1997 864 2058 κοινωνοῦσι,
909 1997 1002 2048 καί.
1035 1995 1304 2063 ἀνθρωττοι
1343 1995 1475 2061 μετά
1507 1993 1745 2058 ἀγγέλων

208 2079 380 2140 ἀδεῶς
412 2079 756 2144 διαλέγονται.
794 2076 890 2127 Διά
928 2075 980 2128 τί
1002 2093 1016 2139 ;
1083 2074 1295 2143 Ἐπειδὴ
1333 2075 1461 2135 Θεὸς
1511 2075 1601 2124 ἐπὶ
1646 2073 1742 2140 γῆς

206 2159 360 2230 ἦλθε,
391 2160 542 2230 [598]
575 2161 665 2211 καί
691 2158 966 2226 ἄνθρωπος
995 2159 1050 2207 ἐν
1076 2155 1281 2225 οὐρανῷ
1306 2173 1319 2186 ·
1353 2155 1521 2207 πάντα
1550 2155 1746 2223 ἀναμὶξ

208 2243 416 2309 γέγονε.
441 2239 607 2292 Ἦλθε
640 2239 744 2307 γὰρ
765 2239 853 2290 ἐπὶ
881 2239 975 2306 τῆς
998 2237 1119 2304 γῆς,
1148 2237 1261 2298 ὅλος
1286 2235 1356 2287 ὢν
1391 2237 1446 2285 ἐν
1474 2236 1746 2303 οὐρανοῖςο

208 2324 328 2384 ὅλος
348 2322 401 2373 δέ
432 2321 505 2372 ὣν
535 2323 594 2372 ἐν
617 2319 841 2387 οὐρανῷ,
873 2319 989 2379 ὅλος
1018 2319 1160 2368 ἐστίν
1192 2317 1280 2367 ἐπὶ
1325 2317 1420 2383 τῆς
1460 2316 1580 2383 γῆς.
1619 2315 1746 2378 Θεὸς

208 2403 305 2459 ὢν.
365 2401 578 2468 γέγονεν
625 2398 920 2468 ἄνθρωπος,
970 2399 1066 2450 οὐκ
1107 2397 1471 2464 ἀρνησάμενος
1507 2395 1566 2446 τὸ
1615 2393 1746 2447 εῖναι

209 2482 344 2541 Θεός
367 2499 380 2510 ·
415 2481 564 2546 λόγος
605 2480 677 2530 ὢν
718 2479 947 2542 ἀπαθὴς,
982 2477 1114 2546 σάρξ
1151 2477 1377 2542 ἐγένετο,
1415 2477 1500 2527 διά
1527 2476 1584 2527 τὸ
1617 2477 1748 2527 ἐνοι-

209 2561 378 2625 κῆσαι
429 2545 553 2628 ἡμῖν
597 2559 727 2626 σάρξ
773 2558 999 2623 ἐγένετο.
1023 2545 1169 2626 ’Θεὸς
1217 2557 1320 2625 γὰρ
1373 2556 1468 2607 οὐκ
1519 2555 1746 2620 ἐγένετο,

209 2641 348 2694 ἀλλά
370 2635 451 2709 ῆν.
485 2640 579 2690 Διά
607 2638 759 2690 τοῦτο
789 2638 919 2706 σάρξ
951 2637 1180 2702 ἐγένετο,
1221 2638 1304 2688 ἴνα
1336 2637 1392 2688 δν
1433 2635 1528 2686 οὐκ
1560 2636 1748 2703 ἐχώρει

208 2722 452 2792 οὐρανὸς,
482 2720 694 2787 δέξηται
730 2718 917 2785 φάτνῃ.
958 2718 1052 2769 Διά
1079 2717 1229 2768 τοῦτο
1265 2718 1321 2769 ἐν
1365 2718 1534 2786 φάτνῃ
1573 2717 1747 2782 ἐτέθη,

209 2807 299 2856 ἵνα
341 2805 368 2854 6
415 2802 620 2870 τρέφων
665 2800 732 2850 τὰ
771 2799 1051 2866 σύμπαντα
1092 2798 1295 2849 παιδίου
1355 2799 1552 2866 τροφὴν
1605 2796 1752 2864 παρά

215 2884 418 2952 μητρὸς
458 2881 720 2949 παρθένου
753 2881 889 2950 λάϐῃ
945 2880 1040 2931 Διά
1082 2880 1234 2930 τοῦτο
1269 2882 1295 2931 6
1323 2880 1426 2930 τῶν
1458 2878 1750 2946 μελλόντων

210 2964 422 3016 αἰώνων
478 2962 661 3031 Πατὴρ
710 2961 782 3022 ώς
837 2961 1129 3027 ὐπομάζιον
1182 2960 1371 3029 βρέφος
1421 2959 1750 3027 παρθενικῶν

211 3044 460 3110 ἀνέχεται
496 3041 763 3106 ἀγκαλῶν,
791 3042 874 3091 ἵνα
912 3041 1002 3092 καὶ
1036 3041 1223 3108 μάγοις
1253 3040 1558 3107 εὐπρόσιτος
1593 3039 1750 3107 γένη-

209 3141 320 3175 ται,
380 3125 619 3190 Σήμερον
688 3121 791 3188 γάρ
859 3121 949 3171 καὶ
1012 3122 1169 3187 μάγοι
1226 3119 1535 3189 προσῆλθον,
1585 3118 1750 3188 ἀρχὴν

209 3203 463 3262 λαϐόντες
486 3202 758 3270 ἀρνεῖσθαι
784 3200 871 3251 τὸν
900 3200 1173 3268 τύραννον,
1201 3202 1290 3252 καὶ
1318 3203 1344 3252 6
1369 3200 1588 3270 οὐρανὸς
1620 3216 1752 3250 καυ-

209 3286 373 3353 χᾶται
403 3283 584 3352 ἀστέρι
625 3282 713 3333 τὸν
748 3282 870 3333 ίδιον
911 3284 1177 3349 Δεσπότην
1207 3282 1439 3350 μηνύων,
1471 3283 1562 3332 καὶ
1588 3283 1615 3333 6
1640 3280 1751 3332 Κύ-

215 3380 330 3434 ριος
360 3364 449 3415 ἐπί¹
476 3363 696 3432 νεφέλης
739 3362 939 3431 κούφης
974 3362 1062 3415 τοῦ
1110 3363 1352 3431 σώματος
1403 3361 1753 3430 καθεζόμενος

212 3445 309 3495 ἐπὶ
346 3445 440 3510 τὴν
462 3445 725 3508 Αἴγυπτον
747 3443 942 3512 τρέχει,
985 3446 1060 3515 τῷ
1089 3447 1185 3514 μὲν
1217 3447 1386 3498 δοκεῖν
1416 3444 1626 3514 φεύγων
1657 3445 1752 3512 τὴν

225 3524 463 3594 Ἡρώδου
515 3526 816 3596 ἐπιϐουλὴν,
860 3533 925 3598 τῇ
964 3530 1018 3580 δὲ
1058 3527 1280 3597 ἀληθείᾳ
1329 3525 1649 3596 ἀποπληρῶν
1694 3525 1753 3575 τὸ

211 3604 369 3671 παρά
396 3604 486 3654 τοῦ
525 3608 739 3659 Ἡσαΐου
772 3610 1076 3677 εἰρημένον·
1110 3611 1306 3660 Ἔσται
1328 3608 1454 3676 γάρ,
1484 3607 1661 3675 φησὶν,
1687 3605 1754 3656 ἐν

210 3681 292 3750 τῇ
315 3684 500 3750 ἡμέρᾳ
535 3688 733 3754 ἐκείνῃ
791 3691 1030 3755 Ἰσραὴλ
1072 3691 1258 3756 τρίτος
1289 3689 1356 3740 ἐν
1395 3689 1514 3753 τοῖς
1552 3690 1754 3740 Ἀσσυ-

206 3767 385 3831 ρίοις,
425 3768 516 3816 καὶ
543 3767 609 3817 ὲν
643 3768 761 3831 τοῖς
798 3773 1130 3836 Αἰγυπτίοις
1164 3772 1556 3838 εὐλογημένος
1589 3771 1754 3822 ἔσται

211 3849 249 3898 ό
269 3846 415 3908 λαός
432 3863 547 3911 μου
576 3847 641 3898 ἐν
657 3847 728 3912 τῇ
758 3848 850 3915 γῇ,
879 3849 955 3914 ἢν
975 3852 1264 3918 εὐλόγησε
1287 3853 1494 3917 Κύριος
1523 3852 1754 3904 Σαϐαὼθ

209 3924 409 3991 λέγων
429 3942 440 3956 ’
468 3927 876 3994 Εὐλογημένος
902 3932 1066 3983 ἔσται
1097 3935 1127 3984 d
1154 3933 1297 3994 λαός
1325 3950 1433 3998 μου
1459 3933 1569 3984 ὀὲν
1593 3934 1754 4000 Αίγύ-

212 4018 343 4069 πτῳ
371 4005 464 4057 καὶ
495 4009 526 4058 ό
554 4007 622 4058 ἐν
662 4008 782 4072 τοῖς
826 4011 1145 4075 Ἀσσυρίοις
1194 4010 1288 4064 καὶ
1332 4015 1363 4063 ὀ
1402 4012 1469 4063 ἐν
1504 4012 1754 4079 Ἰσραήλ.

215 4084 286 4135 Τί
341 4085 532 4152 λέγεις,
585 4084 627 4138 ὦ
663 4089 908 4153 ’1ουδαῖε;
962 4093 989 4141 6
1030 4092 1236 4159 πρῶτος
1286 4093 1461 4162 τρίτος
1496 4094 1752 4160 γέγονας;

213 4167 497 4232 Αἰγύπτιοι
529 4170 616 4219 καὶ
632 4169 896 4239 Ἀσσύριοι
927 4173 1347 4240 προετάχθησαν,
1378 4176 1466 4226 καὶ
1495 4178 1522 4226 6
1551 4176 1756 4242 πρωτό-

213 4263 376 4307 τοκος
421 4249 626 4319 Ἰσραὴλ
671 4253 1074 4321 ὐπαριθμεῖται;
1117 4255 1251 4306 Ναί·
1299 4256 1513 4318 εἰκότως
1571 4259 1756 4310 Ἀσσύ-

220 4343 328 4392 ριοι
361 4329 560 4395 πρῶτοι
587 4330 791 4384 ἔσονται
819 4343 864 4394 ε,
909 4334 1088 4403 ἐπειδὴ
1126 4336 1216 4387 καὶ
1243 4335 1390 4386 αὐτοὶ
1417 4338 1572 4388 αὐτὸν
1605 4339 1753 4407 πρῶ-

215 4423 304 4456 τοι
337 4407 420 4458 διά
436 4410 540 4461 τῶν
568 4411 749 4477 μάγων
776 4415 1174 4482 προσεκύνησαν
1193 4432 1204 4444 ·
1233 4416 1510 4481 Αἰγύπτιοι
1539 4419 1592 4468 δέ
1625 4420 1757 4486 μετά

213 4488 346 4547 τοὺς
401 4489 725 4558 Ἀσσυρίους,
762 4494 943 4563 ἐπειδὴ
977 4497 1066 4547 καὶ
1100 4497 1249 4547 αὐτοὶ
1293 4497 1549 4564 φεύγοντα
1600 4500 1759 4551 αὐτὸν

218 4567 320 4636 τὴν
389 4569 622 4640 Ἡρώδου
691 4575 972 4644 ἐπιϐουλὴν
1024 4577 1289 4640 ἐδέξαντο·
1343 4579 1638 4640 τελευταῖος
1701 4581 1756 4632 δὲ

231 4648 446 4715 Ἰσραὴλ
485 4651 886 4720 ὐπαριθμεῖται,
930 4658 1108 4726 ἐπειδὴ
1147 4658 1277 4724 μετὰ
1318 4660 1414 4727 τὴν
1450 4659 1629 4711 ἄνοδον
1658 4661 1756 4728 τὴν

215 4730 286 4778 ἐκ
317 4729 410 4778 τοῦ
445 4731 696 4796 Ἰορδάνου
725 4734 808 4785 διὰ
832 4734 936 4786 τῶν
961 4738 1264 4789 ἀποστόλων
1280 4740 1437 4790 αὐτὸν
1453 4739 1686 4806 ἔγνωσαν
1706 4741 1754 4794 ά.

216 4808 444 4890 Εἰσῆλθε
485 4811 540 4861 δὲ
583 4814 659 4873 εἰς
699 4814 983 4880 Αἴγυπτον,
1018 4817 1170 4867 σείων
1200 4819 1264 4869 τά
1293 4821 1631 4890 χειροποίητα
1661 4822 1758 4890 τῆς

216 4887 491 4970 Αἰγύπτου
538 4893 631 4958 οὐχ
693 4895 892 4957 ἁπλῶς,
951 4897 1060 4948 ἀλλ’
1106 4900 1287 4968 ἐπειδὴ
1334 4887 1613 4953 ἀπέκλεισε
1661 4887 1757 4970 τῆς

216 4968 490 5054 Αἰγύπτου
517 4973 580 5054 τά
614 4977 851 5046 πρόθυρα
885 4982 946 5047 τῇ
979 4980 1082 5031 τῶν
1107 4983 1452 5049 πρωτοτόκων
1476 4968 1750 5054 ἀπωλείᾳ--

217 5049 319 5101 Διά
343 5049 496 5102 τοῦτο
522 5053 750 5123 σήμερον
789 5060 1030 5126 εἰσῆλθεν
1055 5063 1126 5123 ώς
1154 5065 1502 5130 πρωτότοκος,
1546 5066 1628 5117 ἵνα
1660 5049 1755 5134 τῆς

285 5165 310 5226 β
332 5166 440 5212 Sav.
464 5169 587 5226 conj.
609 5169 899 5221 λανθάνοντα.

282 5224 309 5303 ξ
338 5227 455 5303 ἕεις.
473 5224 674 5303 θέσφατος,
695 5233 798 5278 sine
823 5235 1040 5303 arl’iculo.
1064 5250 1272 5297 moxque
1303 5241 1522 5288 simililer
1558 5242 1751 5302 κατάρα.

285 5292 308 5351 (ξ
337 5286 463 5351 [leg_._
497 5287 730 5351 Ἀσσύριοι
762 5286 1118 5351 προτάσσονται.

282 5347 308 5385 ιι
336 5347 552 5418 ΙίθΙΗΘς.
581 5347 654 5393 διά
691 5347 1080 5418 τῶνάποστόλων
1116 5357 1252 5418 αὐτὸν
1288 5357 1507 5418 ἔγνωσαν.
1534 5358 1580 5405 In
1627 5359 1757 5407 edito

220 5406 535 5477 Mor-elapsae.
557 5416 776 5477 co_rrupla
799 5418 968 5477 οἰκῆι-ε
1005 5413 1267 5477 διορδάνου,
1309 5406 1415 5465 οὐδὲ
1436 5406 1539 5464 τότε
1573 5419 1624 5465 ἐκ
1664 5406 1757 5466 τῶν

220 5467 496 5514 ἀποστόλων
518 5467 766 5527 ἐγνώρισαν
806 5471 967 5528 (Sam-
1005 5467 1145 5527 Ἰ.,ὀ.
1171 5491 1213 5519 τ.
1255 5467 1329 5522 διὰ
1347 5495 1393 5523 τ.
1416 5479 1461 5524 ἀ.
1489 5479 1626 5524 αὐτὸν
1678 5481 1757 5526 ἐπ-

221 5527 453 5596 ςγνωσαν)
488 5538 582 5572 nec
599 5527 892 5596 qu_adrabapl
921 5535 976 5577 ad
1011 5533 1460 5593 interpretationem
1480 5538 1751 5589 Frontonis.

222 5586 456 5634 lnfra'non
474 5599 622 5646 pauca
643 5588 819 5638 desunt
841 5588 889 5637 in
913 5603 998 5637 ms.

1263 345 1325 395 ΙΝ
1343 396 1349 402 _
1367 344 1492 396 NA'I
1505 339 1688 394 ALEM
1714 336 1981 394 CHRISTI
2023 341 2201 394 DIEM.

3268 340 3378 395 392

1838 456 2066 518 παλαιᾶς
2101 455 2448 524 στυγνότητος
2498 453 2715 522 διαλύσῃ
2764 452 2826 504 τὸ
2869 443 3100 513 πένθος.1
3130 447 3237 498 Καὶ⁵
3289 444 3368 497 ὅτι

1839 540 2171 608 πρωτότοκος
2194 537 2401 603 λέγεται
2435 539 2462 588 ὀ
2488 535 2733 605 Χριστὸς,
2777 532 3033 601 μαρτυρεῖ
3071 525 3379 608 σήμερονᾹό.

1838 605 2048 680 Λουκᾶς
2072 621 2098 669 6
2120 617 2519 685 εὐαγγελιστής,
2554 616 2720 681 λέγων
2743 630 2756 642 ·
2790 611 2895 664 Καὶ
2923 612 3083 663 ἔτεκε
3114 608 3216 659 τὸν
3242 605 3371 658 υίὸν

1837 701 2020 767 αὐτῆς
2035 701 2139 752 τὸν
2163 701 2541 766 πρωτότοκον,
2565 696 2658 748 καὶ
2679 692 3140 767 ἐσπαργάνωσεν
3165 687 3384 767 αὐτὸικ.

1838 781 1930 834 καὶ
1960 765 2273 833 ἀνέκλινεν
2298 781 2365 832 ἐν
2386 777 2456 844 τῇ
2493 777 2705 845 φάτνῃ,
2739 776 2883 827 διότι
2925 774 3032 824 οὐκ
3073 766 3147 837 ἦν
3172 765 3370 830 αὐτοῖς

1839 865 2014 926 τόπος
2068 861 2136 913 ὲν
2174 859 2252 923 τῷ
2292 859 2664 926 καταλύματι.
2712 854 2964 923 Εἰσῆλθεν
3015 847 3104 903 οῦν
3158 850 3233 910 εἰς
3276 847 3371 916 τὴν

1838 942 2125 1008 Αἴγυπτον,
2170 941 2253 992 ἵνα
2287 941 2381 1008 τῆς
2410 939 2637 1000 παλαιᾶς
2673 935 3020 1001 στυγνότητος
3063 929 3278 997 διαλύσῃ
3314 927 3373 978 τὸ

1839 1023 2050 1084 πένθος,
2086 1023 2203 1076 ἀντί
2231 1021 2501 1089 μαστίγων
2536 1018 2704 1087 χαράν
2726 1013 3011 1073 ἐπιϐαλὼν,
3040 1011 3155 1063 ἀντὶ
3187 1008 3373 1069 νυκτὸς

1839 1105 1930 1157 καὶ
1959 1103 2176 1163 σκότους
2207 1101 2469 1168 σωτηρίας
2502 1101 2694 1166 φέγγος
2730 1097 3100 1166 χαρισάμενος.
3145 1089 3371 1158 Βέϐηλον

1837 1182 1904 1255 ἦν
1935 1186 2053 1236 τότε
2072 1182 2161 1235 τοῦ
2191 1181 2427 1250 ποταμοῦ
2464 1181 2522 1232 τὸ
2565 1179 2702 1248 ὓδωρ
2732 1181 2794 1246 τῇ
2824 1176 2930 1228 τῶν
2958 1174 3145 1243 ἀώρων
3172 1171 3372 1228 νηπίων

1841 1252 2038 1335 σφαγῇ.
2081 1264 2337 1331 Εἰσῆλθεν
2377 1259 2466 1315 οῦν
2504 1263 2578 1322 εἰς
2614 1261 2712 1330 τὴν
2752 1261 3016 1326 Αίγυπτον
3051 1259 3077 1308 6
3118 1254 3278 1307 πάλαι
3314 1252 3372 1335 τὸ

1842 1331 2256 1412 ὓδωρ-φοινίξας,
2296 1343 2385 1394 καὶ
2425 1341 2642 1409 ἐποίησε
2673 1340 2739 1392 τά
2785 1339 2968 1408 ῥεῖθρα
3004 1336 3093 1389 τοῦ
3131 1331 3369 1400 ποταμοῦ

1843 1425 2104 1494 σωτηρίας
2149 1423 2452 1491 γεννητικὰ,
2495 1422 2555 1473 τὸ
2590 1422 2776 1488 ἐναγὲς
2812 1419 2986 1472 αὐτῶν
3024 1418 3115 1470 καὶ
3157 1415 3372 1484 βέϐηλον

1841 1509 2059 1576 δυνάμει
2101 1506 2393 1574 καθαρίσας
2437 1516 2458 1543 ο
2503 1501 2593 1556 τοῦ
2623 1502 2945 1570 Πνεύματος.
2997 1497 3374 1565 Ἐκακώθησαν

1841 1592 1886 1642 οἰ
1920 1589 2217 1656 Αἰγύπτιοι,
2250 1589 2340 1638 καὶ
2361 1585 2608 1654 μανέντες
2631 1584 2882 1653 ἠρνοῦντο
2908 1582 2995 1633 τὸν
3018 1580 3163 1630 Θεόν.
3195 1577 3376 1645 Εἰσῆλ-

1842 1672 1929 1722 θεν
1952 1665 2041 1721 οῦν
2071 1672 2146 1730 εἰς
2169 1668 2263 1736 τὴν
2297 1669 2581 1734 Αἴγυπτον,
2622 1665 2712 1717 καὶ
2750 1662 2995 1730 γνώσεως
3034 1659 3164 1714 Θεοῦ
3205 1659 3377 1727 ψυχὰς

1842 1750 2101 1816 θεοφιλεῖς
2123 1749 2396 1816 ἐπλήρωσε
2410 1763 2422 1775 ·
2454 1746 2528 1815 τῷ
2546 1744 2765 1814 ποταμῷ
2779 1744 2834 1796 δέ
2851 1743 3083 1810 παρέσχε
3103 1741 3374 1810 μάρτυρας

1840 1833 2056 1902 τρέφειν
2095 1830 2333 1898 σταχύων
2362 1827 2776 1896 εὐφορωτέρους.
2823 1824 2977 1876 Ἀλλά
2998 1824 3081 1874 διὰ
3110 1823 3169 1874 τὸ
3198 1820 3376 1873 στενὸν

1841 1913 1931 1964 τοῦ
1957 1913 2141 1982 καιροῦ
2170 1911 2396 1965 ἐνταῦθα
2428 1910 2680 1978 βούλομαι
2705 1905 3042 1960 καταπαῦσαι
3068 1904 3156 1955 τὸν
3183 1905 3335 1969 λόγον
3358 1919 3374 1932 ο

1843 1987 1941 2046 ὧδε
1975 1995 1993 2032 ἲ
2021 1994 2075 2046 δὲ
2101 1992 2447 2053 καταπαύσω,
2492 1991 2580 2042 τὸν
2610 1990 2760 2056 λόγον
2797 1986 3104 2056 πληρώσας,
3153 1986 3230 2036 ὅτι
3264 1984 3377 2047 πῶς

1842 2076 2007 2142 Λόγος
2030 2075 2101 2126 ῶν
2138 2074 2287 2143 Ῑ599]
2310 2073 2539 2141 ἀπαθὴς,
2583 2071 2713 2138 σὰρξ
2746 2069 2974 2135 ἐγένετο,
3006 2067 3373 2136 ἀμεταϐλήτου

1847 2157 2101 2227 μενούσης
2151 2156 2244 2222 τῆς
2293 2154 2520 2220 φύσεως.
2565 2151 2714 2204 Τίδέ
2755 2151 2907 2213 είπω,
2957 2149 2988 2217 ἢ
3040 2147 3090 2198 τί
3131 2147 3375 2213 λαλήσως

1844 2241 2076 2292 Τέκτονα
2104 2237 2194 2289 καὶ
2227 2237 2425 2304 φάτνην
2452 2235 2578 2303 δρῶ,
2611 2235 2700 2286 καὶ
2723 2233 2935 2302 βρέφος,
2956 2229 3047 2282 καὶ
3076 2230 3375 2297 σπάργανα,

1843 2320 1992 2388 λοχὸν
2024 2320 2282 2389 παρθένου
2329 2319 2433 2369 τῶν
2481 2315 2673 2385 χρειῶν
2716 2314 2931 2382 ἔρημον,
2976 2311 3067 2364 ὅλα
3119 2310 3378 2378 πτωχείας

1844 2403 2088 2469 ἐχόμενα,
2121 2401 2212 2452 ὅλα
2234 2401 2418 2460 πενίας
2445 2400 2692 2466 γέμοντα.
2721 2393 2869 2456 Εἶδες
2896 2393 3115 2444 πλοῦτον
3136 2392 3189 2443 ἐν
3223 2389 3378 2460 πενίᾳ

1845 2482 2040 2550 πολλῇ;
2078 2481 2190 2541 πῶς
2228 2480 2469 2542 πλούσιος
2503 2479 2576 2530 ὢν
2607 2478 2669 2529 δι’
2695 2477 2838 2544 ἡμᾶς
2872 2475 3210 2541 ἐπτ‹τ›χευσε;
3263 2472 3377 2531 πῶς

1845 2566 1968 2616 οὐτε
1992 2564 2196 2631 κλίνην,
2239 2560 2358 2611 οὐτε
2398 2559 2674 2627 στρωμνὴν
2714 2553 2873 2627 εἶχεν,
2923 2555 3032 2607 ἀλλ’
3084 2556 3171 2606 ἐπὶ
3215 2553 3380 2622 ξηρᾶς

1847 2646 2064 2713 ἐρῤιπτο
2087 2645 2286 2710 φάτνης
2310 2659 2323 2704 ;
2349 2638 2416 2692 τΩ
2444 2640 2596 2692 πενία
2624 2641 2845 2693 πλούτου
2875 2641 3050 2706 πηγήί
3100 2631 3142 2687 ὦ
3186 2635 3378 2688 πλοῦτσ

1847 2728 2063 2794 ἄμετρε,
2098 2724 2280 2779 πενίας
2308 2723 2589 2791 πρόσχημα
2618 2722 2822 2791 φέρωνί
2866 2722 2949 2772 Ἐν
2988 2722 3156 2787 φάτνῃ
3189 2719 3375 2778 κεῖται,

1848 2810 1938 2859 καί
1967 2807 2059 2875 τὴν
2095 2805 2408 2871 οἰκουμένην
2456 2803 2690 2855 σαλεύει-
2730 2806 2785 2854 ἐν
2825 2803 3147 2872 σπαργάνοις
3185 2798 3380 2868 ἐμπλέ-

1848 2907 2016 2950 κεται,
2050 2887 2221 2939 καὶτὰ
2245 2885 2339 2953 τῆς
2366 2887 2629 2953 ἁμαρτίας
2656 2885 2965 2955 διαῤῥήσσει
2999 2882 3167 2949 δεσμά
3189 2899 3201 2912 '
3231 2879 3379 2933 οὔπω

1849 2970 2100 3039 ἔναρθρον
2122 2966 2310 3035 ἔρρηξε
2345 2968 2539 3033 φωνὴν,
2573 2966 2663 3018 καὶ
2685 2968 2805 3027 τοὺς
2827 2966 3024 3032 μάγους
3044 2963 3261 3026 ἐδίδαξε,
3289 2963 3380 3014 καὶ

1849 3052 2057 3119 ἐκίνησε
2115 3049 2245 3115 πρὸς
2293 3049 2635 3116 ἐπιστροφήν.
2676 3048 2738 3097 Τί
2787 3045 3002 3115 εἴπω,ἡ
3047 3045 3096 3096 τί
3129 3044 3376 3111 λαλήσω;

1860 3131 1985 3183 Ἰδοὺ
2021 3128 2208 3196 βρέφος
2243 3128 2567 3195 σπαργάνοις
2607 3127 2946 3194 ἐμπλέκεται,
2989 3127 3079 3178 καὶ
3120 3127 3176 3175 ἐν
3211 3125 3378 3193 φάτνῃ

1849 3213 2046 3262 κεῖται*
2080 3210 2304 3276 πάρεστι
2350 3208 2404 3259 δὲ
2449 3209 2538 3259 καὶ
2587 3207 2762 3274 Μαρία
2803 3206 3062 3277 παρθένος
3106 3202 3236 3258 οῦσα
3288 3205 3380 3255 καὶ

1853 3293 2062 3360 μήτηρ⁶
2099 3291 2272 3357 παρῆν
2309 3290 2364 3342 δὲ
2395 3291 2487 3341 καὶ
2535 3289 2728 3357 Ἰωσὴφ
2761 3286 3147 3357 ὀνομαζόμενος
3183 3288 3376 3354 πατήρ.

1850 3367 2012 3431 Οὗτος
2055 3371 2190 3438 ἀνὴρ
2229 3370 2457 3435 λέγεται.
2505 3369 2679 3437 ἐκείνη
2722 3369 2852 3440 γυνή
2899 3370 3377 3438 προσαγορεύεται·

1848 3453 2080 3521 ὀνόματα
2130 3453 2319 3516 ἔννομα
2370 3449 2618 3516 συζυγίας
2673 3451 2866 3520 ἔρημα.
2910 3452 3082 3519 Μέχρι
3130 3453 3381 3518 ῥημάτων

1850 3533 2031 3601 νόησαί
2067 3550 2173 3600 μοι,
2206 3533 2316 3584 ἀλλ’
2349 3534 2404 3583 οὐ
2434 3533 2589 3601 μέχρι
2619 3535 2945 3602 πραγμάτων
2981 3537 3025 3584 ε.
3051 3534 3219 3585 Μόνον
3234 3529 3386 3596 οὗτος

1852 3615 2260 3684 ἐμνηστεύσατο,
2301 3616 2388 3666 καὶ
2424 3617 2639 3684 Πνεῦμα
2679 3617 2827 3682 ἅγιον
2871 3618 3003 3685 αὐτῇ
3045 3618 3378 3670 ἐπεσκίασεν.

1853 3695 2006 3747 Ὅθεν
2028 3695 2241 3764 ἀπορῶν
2263 3697 2289 3746 6
2327 3696 2517 3765 Ἰωσὴφ
2534 3698 2629 3748 οὐκ
2650 3698 2760 3766 ᾔδει
2783 3697 2834 3749 τί
2860 3698 3069 3750 καλέσει
3089 3698 3148 3750 τὸ
3167 3698 3378 3766 βρέφος.

1863 3777 1955 3828 Ἐκ
1985 3777 2221 3844 μοιχείας
2240 3777 2392 3837 αὐτὸς
2419 3780 2586 3829 εἰπεῖν
2617 3780 2713 3830 οὐκ
2741 3779 2949 3847 ἐτόλμα,
2972 3778 3109 3831 κατά
3133 3780 3382 3848 τῆς-παρ-

1853 3857 2000 3909 θένου
2053 3857 2357 3925 βλάσφημον
2413 3859 2692 3927 καταχέειν
2748 3860 2897 3924 λόγον
2971 3862 3067 3914 οὐκ
3127 3861 3380 3929 ἠδύνατο,

1849 3939 2031 3990 τέκνον
2053 3940 2178 3990 αὐτὸ
2209 3941 2376 3990 εἰπεῖν
2406 3940 2530 3992 ίδιον
2568 3943 2661 3992 οὐκ
2699 3943 2962 4010 ἠνείχετο⁸
2996 3943 3109 4011 ᾔδει
3145 3945 3252 4010 γάρ
3287 3961 3384 3996 κα·

1851 4016 1977 4077 λῶς,
2007 4019 2201 4069 ὅτιούκ
2229 4019 2365 4082 ἔγνω
2401 4020 2514 4080 πῶς
2555 4021 2586 4087 ἢ
2621 4021 2778 4072 πόθεν
2822 4021 3008 4090 ἐτέχθη
3054 4021 3112 4073 τὸ
3155 4022 3380 4091 βρέφος·

1852 4097 1969 4149 ὅθεν
1994 4098 2275 4165 ἀποροῦντι
2302 4099 2446 4167 αὐτῷ
2469 4099 2599 4167 πρὸς
2622 4101 2679 4152 τὸ
2709 4103 2930 4170 πρᾶγμα
2958 4104 3196 4173 χρησμὸς
3224 4105 3384 4172 οὐρα·

1853 4180 2000 4231 νόθεν
2050 4181 2135 4231 διὰ
2186 4181 2282 4248 τῆς
2328 4179 2420 4231 τοῦ
2461 4181 2683 4246 ἀγγέλου
2739 4183 2918 4251 φωνῆς
2964 4183 3269 4253 ἐπεφέρετο,
3303 4186 3381 4238 ὅτι

1855 4262 1946 4326 Μὴ
1973 4262 2174 4327 φοϐοῦ,
2210 4261 2416 4328 Ἰωσήφ
2435 4279 2447 4292 ·
2474 4263 2538 4313 τὸ
2576 4263 2680 4329 γὰρ
2712 4264 3072 4331 γεννώμενον
3098 4266 3164 4328 ἐξ
3199 4266 3372 4332 αὐτῆς

1853 4340 1919 4393 ἐκ
1963 4343 2296 4408 Πνεύματός
2353 4343 2518 4394 ἐστιν
2564 4344 2750 4409 ἁγίου.
2814 4345 3032 4414 Πνεῦμα
3076 4347 3181 4417 γὰρ
3236 4349 3379 4415 ἅγιον

1855 4422 2168 4475 ἐπεσκίασεν
2193 4426 2255 4491 τῇ
2281 4423 2546 4492 παρθένῳ.
2569 4425 2663 4475 Διά
2687 4424 2735 4476 τί
2761 4424 2813 4475 δὲ
2844 4427 2906 4477 ἐκ
2932 4427 3192 4494 παρθένου
3211 4429 3382 4481 τίκτε-

1853 4519 1960 4564 ται,
1993 4503 2084 4554 και
2128 4504 2224 4571 τὴν
2253 4502 2539 4572 παρθενίαν
2569 4504 2791 4570 ἀζήμιον
2831 4508 3013 4574 τηρεῖς
3062 4506 3180 4556 Ὅτι
3220 4508 3382 4561 πάλαι

1855 4581 2118 4649 παρθένον
2147 4578 2306 4632 οὖσαν
2331 4582 2423 4650 τὴν
2449 4581 2588 4633 Εὕαν
2621 4583 2895 4649 ἠπάτησεν
2929 4587 2956 4636 6
2996 4586 3254 4648 διάϐολος,
3301 4588 3384 4642 διὰ

1854 4661 2007 4712 τοῦτο
2034 4661 2292 4729 παρθένον
2318 4657 2475 4711 οὖσαν
2505 4662 2599 4730 τὴν
2637 4663 2861 4732 Μαριάμ
2902 4667 2929 4718 6
2970 4666 3201 4737 Γαϐριὴλ
3230 4669 3387 4736 εὺηγ-

1855 4741 2119 4807 γελίσατο.
2162 4741 2296 4792 Ἀλλ’
2338 4742 2672 4811 ἀπατηθεῖσα
2709 4746 2802 4812 μὲν
2832 4747 2863 4814 ή
2897 4746 3005 4798 Εὕα
3047 4749 3195 4816 ῥῆμα
3236 4749 3384 4801 ἔτεκε

1857 4821 2078 4873 θανάτου
2117 4822 2283 4874 αἴτιον
2307 4840 2320 4852 ·
2368 4824 2804 4891 εὐαγγελισθεῖσα
2847 4826 2964 4896 δέἡ
3004 4829 3184 4896 Μαρία
3222 4831 3387 4898 Λόγον

1856 4904 1910 4953 ἐν
1935 4901 2093 4970 σαρκὶ
2124 4903 2392 4969 ἐγέννησε.
2416 4905 2554 4971 ζωῆς
2590 4906 2801 4958 αίωνίου
2835 4909 2959 4976 ἡμῖν
3003 4911 3270 4977 πρόξενον.
3317 4911 3388 4961 Τὸ

1859 4983 2001 5050 ῥῆμα
2028 4985 2123 5050 τῆς
2152 4981 2290 5045 Εὐας
2318 4984 2466 5046 ξύλον
2493 4984 2675 5050 ἔδειξε,
2703 4986 2766 5037 δι’
2792 4983 2848 5039 οῦ
2875 4987 2962 5041 τὸν
2999 4990 3163 5059 Ἀδάμ
3191 4993 3252 5042 ὲκ
3295 4991 3386 5046 τοῦ

1926 5322 1947 5370 ς
1977 5312 2094 5370 Reg.
2117 5311 2297 5370 χρίσας.

1925 5368 1942 5404 τ
1975 5368 2089 5443 Ιίριξ.
2117 5368 2308 5451 ἐνταῦθα
2331 5373 2618 5445 καταπαύσω
2643 5375 2722 5449 τὸν
2742 5378 2894 5451 λόγον.
2919 5380 2972 5425 τὸ
2992 5381 3148 5427 λοιπὸν
3170 5387 3249 5435 τῆς
3267 5399 3385 5445 πρα-

1854 5433 2180 5547 ἔμὲιῐτῐῗὲοξῗάδτῇ
2209 5433 2308 5488 ἑξῆς
2325 5434 2428 5492 ὑμῖν
2449 5433 2824 5494 ταμιευσάμενος.
2848 5436 2975 5485 Ὧδε·
2998 5453 3103 5498 qum
3124 5433 3266 5488 lectio
3293 5433 3394 5498 dan.

1930 5550 1954 5623 θ
1983 5549 2096 5623 l'h'g.
2127 5550 2256 5623 μέχρι
2276 5549 2485 5623 λόγωνοῑ
2508 5550 2664 5612 γάμοι·
2687 5555 2787 5623 ἀλλ’
2814 5558 2866 5623 οὐ
2890 5574 2936 5615 μ.
2956 5575 3004 5605 π.
3029 5558 3210 5610 Deinde
3236 5562 3383 5616 SuViI.

1856 5619 1941 5666 pro
1962 5610 2094 5662 οὗτος
2117 5622 2143 5654 c
2174 5622 2266 5656 Var.
2295 5610 2402 5656 lect.
2429 5612 2474 5655 in
2509 5610 2656 5675 mairg.
2683 5617 2707 5662 6
2733 5610 2934 5681 ἅγγελος,
