3982 6218
150 328 247 381 395
1540 310 1861 367 ΜΟΝΙΤΠΜ.

135 431 360 497 paradiso
389 430 643 484 Adamum
687 429 886 498 expulit
918 444 930 481 :
964 426 1190 482 Verbum
1229 433 1402 479 autem
1430 424 1565 492 quod
1595 438 1661 477 ex

135 519 334 588 Virgine
362 519 571 586 prodiit,
599 533 807 572 crucem
830 517 1085 581 exhibuit,
1122 529 1213 583 per
1240 514 1379 582 quod
1410 513 1662 567 latronem

133 610 238 661 vice
276 608 457 661 Adami
501 608 549 661 in
574 607 872 676 paradisum
917 605 1223 659 introduxit.
1264 603 1392 656 Nam
1420 603 1665 670 quoniam

136 712 291 763 neque
316 697 563 764 gentiles,
601 711 770 765 neque
798 695 961 749 Judaei
987 734 1002 759 ,
1030 708 1198 761 neque
1227 692 1456 745 lucretici
1481 690 1665 745 crede-

134 787 251 838 bant
271 786 430 838 Deum
449 787 559 839 sine
585 786 826 853 passione
844 799 905 837 ac
924 782 1129 837 defluxu
1153 781 1415 850 genuisse,
1433 788 1670 847 propter-

135 887 193 926 ea
234 873 385 927 hodie
430 888 493 926 ex
520 873 714 941 patibili
749 886 969 940 corpore
1003 884 1343 939 progressus,
1385 867 1670 935 impatibile

132 961 453 1013 eunservavit
478 975 665 1028 corpus
700 960 939 1028 patibile,
972 968 1029 1012 ut
1048 957 1381 1021 ostenderet,
1412 956 1667 1025 quemad-

134 1048 338 1102 modum
364 1062 427 1101 ex
453 1049 649 1117 virgine
678 1056 829 1101 natus
857 1047 1207 1115 virginitatem
1237 1059 1340 1098 non
1372 1044 1526 1097 solvit
1555 1083 1570 1108 ,
1602 1044 1672 1096 ita

136 1138 288 1190 Deum
312 1151 535 1206 quoque,
560 1151 662 1189 non
687 1135 889 1189 defluxa
917 1150 1012 1188 nec
1036 1141 1228 1187 mutata
1256 1140 1498 1185 manente
1523 1146 1672 1184 sacra

136 1226 415 1279 substantia
435 1266 450 1293 ,
484 1234 743 1294 tamquam
771 1224 934 1278 Deum
954 1264 968 1289 ,
995 1231 1148 1292 prout
1170 1222 1276 1276 Deo
1302 1220 1667 1285 conveniebat,

3217 318 3327 371 396

1768 422 1927 475 Deum
1951 423 2215 490 genuisse.
2239 422 2517 492 Postquam
2538 422 2678 477 enim
2706 421 2947 478 homines
2976 436 3040 477 eo
3069 422 3322 477 derelicto

1768 520 1966 564 statuas
2016 510 2114 563 sibi
2168 510 2393 563 humana
2442 510 2685 578 praeditas
2734 510 2902 563 forma
2954 510 3321 578 scnlpserant,

1768 600 1957 669 quibus
1985 600 2035 652 in
2065 598 2329 654 Creatoris
2353 598 2721 652 contumeliam
2751 598 2951 652 cultum
2980 597 3322 663 deferebant,

1770 699 2047 758 propterea
2078 688 2168 743 Dei
2197 688 2444 752 Verbum,
2478 702 2596 741 cum
2628 688 2765 741 Deus
2786 696 2945 749 esset,
2969 686 3122 740 hodie
3148 687 3198 739 in
3226 686 3326 739 ho-

1772 779 1926 832 minis
1953 778 2117 831 forma
2144 779 2383 845 apparuit
2420 818 2434 842 ,
2458 786 2515 830 ut
2543 776 2869 830 mendacium
2899 776 3329 851 dissolveret,_et

1773 867 1975 921 occulte
2006 867 2056 919 in
2082 866 2311 934 seipsum
2350 866 2545 919 cultum
2577 879 2782 917 omnem
2822 866 3145 917 transferret.
3196 864 3329 917 Huic

1776 956 1954 1025 igitur,
1986 955 2073 1023 qui
2104 970 2189 1008 res
2213 954 2487 1022 impeditas
2510 954 2579 1006 ita
2610 951 2834 1005 reddidit
2860 952 3148 1018 expeditas,
3181 950 3331 1004 Chri-

1776 1054 1859 1097 sto
1894 1043 2115 1096 Domino
2151 1042 2369 1111 gloriam
2397 1041 2678 1095 oﬂ'eramus
2704 1050 2755 1093 et
2784 1055 2885 1093 una
2910 1040 3048 1093 Patri
3081 1050 3133 1093 et
3166 1040 3330 1109 Spiri-

1779 1132 1853 1186 tui
1881 1142 2092 1198 sancto,
2124 1146 2262 1185 nunc
2289 1140 2341 1184 et
2357 1145 2597 1199 semper,
2624 1138 2677 1183 et
2702 1129 2753 1182 in
2779 1130 2967 1183 saecula
2996 1129 3326 1181 saeculorum.

1779 1220 1969 1273 Amen.

146 1388 3318 1431 Μ

1058 1501 1165 1557 ΑΙ)
1218 1500 1626 1559 HOMlLlAM
1685 1502 1789 1560 DE
1838 1502 2401 1561 LEGISLATORE.

146 1623 542 1693 explanationes
560 1635 685 1693 suas
712 1618 1079 1686 frequentibus
1108 1618 1371 1685 allegoriis
1393 1618 1721 1693 inter-mixtas
1750 1629 1803 1672 et
1823 1619 2095 1693 _interdu_m
2136 1621 2408 1693 violentis.
2432 1620 2631 1677 Horum
2664 1625 2841 1693 itaque
2868 1627 3142 1680 doctorum
3173 1629 3318 1684 viro-

150 1686 263 1747 rum
294 1690 530 1758 vestigiis
560 1689 869 1740 insistentes
915 1701 1011 1760 nos
1037 1701 1285 1760 quoque,
1337 1702 1455 1760 cum
1505 1686 1555 1737 in
1586 1687 1704 1738 aliis
1747 1688 1980 1760 quinque
2029 1687 2208 1760 Tomis
2227 1689 2459 1760 Lutetiae
2508 1693 2729 1760 vulgatis
2757 1686 2859 1747 'eos
2896 1696 3322 1753 exhibuissemus

148 1764 311 1814 libros
340 1753 496 1829 atque
532 1770 804 1829 sermones
842 1756 929 1829 qui
961 1754 1116 1829 nobis
1148 1753 1364 1829 legitimi
1417 1754 1850 1829 foetus-auctoris
1894 1753 2074 1829 nostri
2104 1757 2436 1829 videbantur,
2490 1753 2672 1825 paucis
2713 1762 2947 1826 exceptis
2978 1763 3029 1814 in
3060 1764 3319 1829 Psalmos,

148 1844 279 1897 quos
308 1828 358 1879 in
386 1822 581 1879 calcem
625 1822 779 1897 l'omi
815 1822 1115 1897 rejecimus,
1156 1822 1243 1888 qui
1278 1823 1563 1897 conciones
1594 1822 1645 1873 in
1682 1822 1921 1897 Psalmos
1943 1834 2005 1897 et
2040 1824 2242 1897 _lsaiam
2273 1822 2593 1897 prophetam
2636 1822 3025 1897 complectitur,
3074 1831 3128 1881 in
3179 1822 3319 1887 hunc

148 1891 358 1949 demum
389 1902 593 1946 sextum
623 1891 847 1963 _Tomum
888 1892 1223 1963 conjecimus
1256 1904 1365 1963 eos,
1398 1891 1485 1963 qui
1539 1906 1644 1941 non
1682 1891 2225 1963 integros__Scriptune
2273 1891 2453 1955 libros,
2484 1895 2572 1946 scd
2604 1891 2885 1963 singularia
2919 1898 3156 1963 quaedam
3210 1901 3318 1955 loca

149 1965 432 2031 explicant,
464 1970 517 2012 et
539 1960 672 2031 stylo
693 1958 979 2031 conscripti
1003 1967 1127 2009 sunt
1148 1959 1213 2009 ab
1246 1958 1361 2031 aliis
1390 1958 1749 2031 Chrysostomi
1780 1958 2032 2031 operibus
2062 1958 2293 2031 diverso,
2326 1977 2443 2013 cum
2486 1971 2595 2031 tota
2625 1958 2910 2017 dramatica
2937 1958 3007 2017 sit
3039 1968 3228 2030 oratio,
3263 1978 3319 2021 et

150 2026 610 2099 ex'prosopOpceis
642 2026 1053 2099 conlia_ta,__saepe
1088 2027 1401 2079 commatica
1430 2036 1482 2099 et
1510 2027 1743 2099 concisa,
1779 2038 1936 2094 atque
1970 2029 2034 2080 ad
2066 2028 2342 2097 allegorias
2386 2029 2657 2099 traducta;
2711 2032 3080 2085 collationibus
3130 2026 3321 2088 carens

148 2093 371 2168 aliisque
403 2093 689 2168 leporibus,
725 2094 812 2168 qui
866 2094 1250 2168 tlhrysostomo
1274 2102 1399 2168 sunt
1427 2093 1710 2147 familiares
1738 2113 1749 2145 :
1783 2093 2262 2168 auctorumlamen
2299 2107 2423 2150 sunt
2452 2097 2534 2149 vel
2573 2097 2949 2167 Chrysostorno
2996 2115 3318 2168 coaevorum,

148 2167 232 2219 vel
264 2161 326 2217 ex
352 2161 554 2216 erudita
585 2164 667 2213 illa
693 2162 1023 2227 antiquitate.
1061 2178 1177 2228 quae
1207 2163 1273 2213 ab
1302 2161 1417 2227 eius
1455 2172 1607 2214 aetate
1636 2178 1739 2214 non
1781 2164 2002 2215 multum
2034 2165 2221 2217 abfuit.

224 2252 242 2283 ι
270 2233 449 2299 Neque
473 2246 593 2283 vero
628 2231 817 2281 mirum
842 2231 1094 2295 quosdam
1126 2246 1187 2282 ex
1210 2230 1308 2281 illis
1336 2230 1384 2281 in
1415 2230 1646 2349 antiquis
1679 2230 1837 2282 etiam
1864 2231 2085 2299 Synodis
2106 2235 2204 2285 sub
2230 2233 2443 2286 nomine
2471 2234 2833 2303 Chrysostomi
2864 2236 3037 2295 citari,
3065 2250 3184 2287 cum
3210 2236 3320 2303 jam

228 2316 326 2349 usu
357 2307 537 2349 essent
565 2299 617 2349 in
642 2296 906 2349 Ecclesiis.
938 2312 1111 2349 neaue
1142 2299 1346 2349 soleant
1374 2298 1534 2349 Conci
1563 2298 1607 2349 ia
1633 2298 1755 2349 dum
1790 2300 2086 2349 testimonia
2115 2301 2405 2349 proferunt.
2428 2302 2479 2349 in
2498 2312 2741 2349 auctores
2779 2304 3044 2349 inquirere
3072 2313 3160 2349 aut
3191 2306 3320 2349 alios

150 2303 206 2354 in
228 2316 326 2353 usu
357 2296 537 2352 essent
565 2299 617 2349 in
642 2296 906 2369 Ecclesiis,
938 2312 1111 2369 neque
1142 2299 1346 2350 soleant
1374 2296 1607 2349 Concilia
1633 2298 1755 2369 dum
1790 2296 2086 2369 testimonia
2114 2301 2405 2367 proferunt,
2428 2302 2479 2352 in
2498 2296 2741 2355 auctores
2779 2304 3044 2369 inquirere
3072 2313 3161 2355 aut
3191 2296 3321 2358 alias

150 2369 472 2436 quaestiones
498 2374 745 2438 excutere
794 2366 859 2417 ab
891 2380 951 2418 ea
982 2366 1221 2438 diversas
1260 2382 1416 2438 quam
1448 2382 1556 2438 pra:
1588 2366 1829 2418 manibus
1855 2368 2073 2438 habent,
2114 2366 2216 2419 sed
2246 2384 2361 2434 quae
2395 2370 2589 2435 passim
2621 2366 2920 2422 offeruntur
2960 2386 3235 2438 usurpare,
3267 2382 3324 2426 et

153 2434 486 2504 quacumque
515 2435 718 2486 ratione
755 2441 995 2505 receptos
1022 2434 1308 2505 scriptores
1336 2435 1707 2505 haereticorum
1750 2435 2066 2505 commentis
2090 2434 2863 2505 opponere,quemadmodum
2904 2445 2957 2488 et
2988 2434 3229 2505 apostoli,
3260 2456 3322 2493 ac

151 2501 337 2570 reliqui
373 2512 547 2570 patres
569 2501 897 2567 apocryphos
926 2502 1186 2565 libros,jut
1221 2502 1425 2553 llermce
1461 2502 1709 2570 Pastoris,
1738 2513 1788 2555 et
1822 2502 2162 2566 Evangelium
2188 2501 2527 2555 Hebraeorum
2552 2501 3271 2559 ac‘Nazaraeorum'citarunt
3304 2525 3318 2559 :

151 2569 280 2647 licet
304 2573 411 2637 jam
445 2569 518 2647 ab.
540 2570 745 2647 illorum
774 2570 1241 2647 temporibus-gnos
1266 2570 1351 2647 ille
1378 2569 1701 2647 inolevisset,
1740 2580 1797 2622 ut
1819 2571 2056 2647 patrihus
2077 2571 2632 2647 supposititiosfmtus
2660 2574 3031 2647 attribuerent,
3060 2575 3320 2640 quemad-

149 2636 367 2708 modum
414 2647 467 2689 et
497 2638 635 2708 ipsis
660 2636 930 2708 apostolis
961 2638 1231 2704 περιόδους
1264 2637 1410 2708 Pauli
1459 2646 1512 2688 et
1540 2638 1781 2708 Theclm,
1824 2638 2049 2708 etHActa
2077 2636 2215 2690 Petri
2252 2648 2407 2708 atque
2438 2640 2797 2708 Apocalypsim
2830 2636 3246 2706 adscripserunt.

224 2707 403 2783 «llaec
433 2706 596 2783 prima
628 2704 813 2783 classis
841 2718 933 2756 eos
958 2707 1519 2783 sermones-continet,
1563 2705 1651 2783 qui
1682 2706 1815 2757 falso
1856 2704 2591 2783 Chrysostomontribuuntur.
2703 2709 2875 2783 prima
2926 2704 3114 2783 pagina
3155 2725 3323 2776 usque

150 2774 216 2826 ad
248 2774 349 2827 608
380 2791 391 2824 :
419 2775 578 2843 altera
608 2787 733 2843 vero
761 2772 875 2824 illos
889 2773 1101 2843 exhibet
1121 2774 1206 2839 qui
1229 2772 1678 2843 licctipsiusrsint,
1697 2789 1798 2825 non
1825 2772 1996 2843 tamen
2017 2773 2265 2843 censendi
2294 2774 2496 2843 suntab
2522 2775 2606 2825 illo
2633 2772 2814 2836 habiti,
2848 2787 2904 2828 ut
2924 2772 3104 2843 scripti
3131 2772 3319 2829 occur-

150 2852 299 2903 runt,
349 2842 439 2894 sed
487 2839 864 2909 ἀπανθίσματα
929 2842 1100 2906 potius
1148 2850 1201 2892 et
1233 2841 1388 2893 ﬂores
1418 2856 1477 2892 ex
1538 2842 1702 2909 hortis
1733 2843 1846 2908 ejus
1876 2842 2077 2894 collecti
2110 2850 2252 2904 sunt,
2300 2841 2352 2892 in
2384 2856 2565 2893 eorum
2614 2858 2763 2894 usum
2792 2846 2879 2909 qui
2919 2859 2979 2895 ex
3032 2839 3324 2900 inoralibus

150 2909 569 2978 digressionibus
592 2921 692 2978 eos
718 2908 1091 2978 decerpebant,
1116 2909 1306 2978 _qua|cs
1323 2918 1451 2978 sunt
1473 2909 1571 2960 illa:
1594 2907 1701 2960 LIV
1741 2907 2037 2968 conciones.
2065 2909 2144 2960 vel
2173 2910 2639 2978 potius_centones
2670 2907 2976 2978 exdi’versis
3006 2916 3322 2966 concinnum

152 2924 569 2978 digressuomnus
592 2924 685 2961 eos
718 2924 1091 2974 uecerpeuant,
1116 2924 1306 3025 gualcs
1328 2924 1451 2960 sunt
1473 2924 1571 2960 une
1596 2924 1695 2960 LIV
1741 2924 2037 2968 mucrones.
2065 2924 2144 2960 vel
2173 2924 2345 3027 potius
2386 2924 2639 2961 centones
2670 2925 2730 2961 ex
2756 2924 2976 2963 diversis
3006 2928 3320 2966 concinnum

152 2978 363 3054 laciniis
396 2976 717 3054 concinnati,
748 2983 801 3027 et
841 2974 1077 3054 Hom'iliis
1160 2977 1229 3054 ξςι
1271 2977 1333 3027 ad
1377 2978 1628 3054 populum
1671 2978 2058 3054 Antiochenum
2106 2976 2405 3054 su_juncti;
2463 2992 2683 3043 quorum
2734 2977 2907 3054 fontes
2951 2980 3320 3054 indicavimus,

152 3055 205 3097 et
232 3046 344 3097 suis
370 3060 461 3113 eos
491 3044 750 3095 natalibus
778 3044 1125 3113 restituimus.
1160 3046 1275 3096 Non
1303 3044 1442 3113 enim
1486 3044 1630 3111 parvi
1654 3044 1823 3113 refert
1851 3044 2140 3113 intelligere
2180 3045 2450 3105 lectorem,
2482 3060 2809 3112 nequaquam
2843 3046 2911 3098 ita
2940 3047 3223 3113 dispositos
3256 3050 3324 3103 ab

152 3123 373 3183 auctore
402 3112 563 3183 fuisse
594 3124 866 3183 sermones
912 3112 1046 3183 illos,
1102 3127 1169 3183 ne
1192 3114 1325 3163 forte
1361 3112 1549 3183 falsam
1583 3112 1849 3183 existimet
1905 3112 2036 3163 Sixti
2062 3112 2329 3183 Senensis
2372 3113 2684 3173 doctrinam,
2732 3114 2849 3183 illos
2899 3112 3105 3183 intres
3146 3127 3324 3183 partes

154 3180 464 3249 dividentis,
505 3188 558 3231 et
587 3178 1305 3249 allegoricasexplanationes
1329 3180 1394 3230 ab
1420 3180 1520 3230 illis
1546 3180 1872 3249 sejungentis
1904 3194 1913 3228 :
1947 3186 2038 3231 aut
2060 3179 2275 3249 idcirco,
2297 3179 2455 3231 licere
2484 3190 2631 3246 putet
2660 3182 2835 3233 statim
2866 3182 2931 3233 ab
2965 3182 3076 3249 ipso
3108 3178 3326 3237 exordio

156 3247 239 3317 vel
285 3247 511 3299 affectus
560 3261 789 3317 movere,
825 3246 1383 3317 vel‘cohortationem
1412 3247 1661 3317 moralem
1710 3246 1983 3317 adhibere,
2039 3258 2095 3299 ut
2139 3248 2190 3298 in
2228 3248 2327 3299 illis
2357 3248 2431 3317 _l_it
2469 3250 2801 3309 centonibus,
2862 3246 2996 3316 quos
3037 3266 3326 3317 numquam
3412 3304 3413 3307 η

152 3314 567 3384 Chrysostomus
597 3315 674 3364 vir
720 3313 1129 3384 facundissimus
1158 3331 1220 3384 ex
1257 3315 1415 3366 variis
1450 3315 1518 3366 ita
1553 3316 1858 3384 fragmentis
1896 3325 2329 3383 coagmentassct.
2357 3314 2715 3367 Verutntatem
2768 3313 3140 3369 hoc'nostrum
3181 3313 3326 3384 judi-

154 3380 299 3435 cium
332 3383 404 3433 ita
430 3396 536 3433 non
568 3380 931 3448 proponimus,
966 3390 1022 3433 ut
1053 3384 1148 3435 soli
1180 3383 1243 3434 de
1285 3384 1421 3434 illius
1464 3380 1712 3448 operibus
1755 3383 1932 3434 arbitri
1968 3380 2150 3435 sedere
2195 3384 2435 3446 velimus,
2470 3385 2559 3435 sed
2590 3384 2770 3449 optimi
2804 3397 2849 3436 et
2881 3386 3070 3437 eruditi
3117 3380 3328 3440 lectoris

155 3464 402 3520 censurae
436 3450 559 3501 illud
590 3449 919 3513 SUblellllUS,
948 3451 1203 3520 gutvideat
1231 3466 1355 3502 num
1390 3451 1553 3520 multo
1585 3452 1747 3502 satius
1775 3452 1843 3501 sit
1866 3466 1978 3516 qua:
2008 3466 2129 3520 vera
2177 3460 2299 3503 sunt
2329 3461 2381 3502 et
2408 3450 2997 3520 genuinaﬂdistinguere
3023 3468 3050 3503 a
3082 3456 3327 3520 supposi-

159 3516 314 3588 titi_is,
338 3526 397 3588 et
443 3532 539 3569 suo
564 3526 831 3588 momento
857 3518 1050 3588 scripta
1089 3534 1314 3588 qu;cqu_e
1346 3519 1843 3588 ponderare.iquam_
1875 3519 2183 3588 spuriaﬂpro
2220 3516 2485 3588 germanis
2523 3519 2815 3588 venditare,
2844 3516 3023 3586 'atque
3056 3520 3107 3571 in
3140 3516 3324 3588 dispu-

156 3583 454 3652 tationibus
479 3600 596 3652 cum
630 3583 948 3635 adversariis
968 3583 1245 3642 Ecclesia};
1272 3583 1565 3638 Patroclum
1595 3583 1876 3637 suli’armis
1906 3586 2123 3637 Achillis
2152 3583 2400 3637 latentem
2434 3586 2483 3635 in
2526 3587 2694 3637 aciem
2722 3583 2953 3649 mittere,
2988 3588 3173 3652 majori
3205 3583 3327 3640 cum

156 3651 452 3719 ignominia
487 3651 815 3710 credendum,
847 3664 1003 3715 quam
1034 3656 1075 3705 si
1109 3654 1217 3704 suis
1249 3662 1417 3711 tectus
1448 3653 1607 3703 armis
1635 3652 1932 3719 prodiisset.
1967 3673 1982 3703 ι

230 3718 510 3791 Hactenus
531 3719 731 3791 Fronto
757 3719 975 3791 Ducaeus
1002 3720 1283 3791 deispurii‘s
1318 3718 1675 3791 Chrysostomi
1703 3721 1970 3791 operibus,
1996 3737 2110 3791 qua;
2149 3721 2197 3771 iu
2225 3730 2373 3791 sexto
2406 3721 2572 3773 Tomo
2598 3723 2795 3791 posuit,
2826 3722 2876 3773 in
2909 3723 3100 3789 quibus
3138 3739 3328 3791 agmen

156 3786 310 3857 ducit
344 3787 546 3857 haegde
580 3786 883 3857 legislatore
926 3786 1138 3857 homilia
1174 3807 1189 3857 :7
1219 3788 1547 3853 'l‘omumque
1585 3788 1727 3838 illum
1762 3788 2041 3857 absolvunt
2088 3788 2466 3857 dnaveiopam
2505 3786 2613 3841 seu'
2644 3786 2939 3857 Florilegia,
2984 3806 3099 3856 qure
3138 3786 3195 3843 iii
3226 3791 3331 3842 fine

159 3855 391 3927 hujusce
444 3854 593 3906 Tomi
640 3855 882 3927 edentur.
943 3856 1009 3908 Ut
1036 3856 1285 3927 _spuriam
1319 3857 1635 3927 arbitremur
1667 3856 1891 3927 suadent
1922 3856 2005 3927 illa
2049 3856 2226 3927 omnia
2269 3870 2386 3921 quae
2439 3858 2684 3927 Savilius
2712 3854 2869 3922 supra
2922 3854 3152 3927 notavit;
3210 3859 3331 3927 styli

158 3920 448 3973 diversitas
476 3930 639 3991 tanta,
672 3930 729 3974 ut
772 3924 880 3976 sola
911 3920 1199 3991 possit’nos
1227 3924 1289 3975 ad
1320 3922 1788 3991 calculumrcontra
1818 3923 2089 3975 ferendum
2132 3920 2425 3991 deducere;
2477 3920 2841 3991 aliegnriarum
2887 3940 3014 3975 usus
3056 3920 3329 3991 frequens,

157 3996 354 4059 contra
382 4003 579 4059 morem
602 3990 988 4057 Chrysostomi;
1035 3992 1268 4059 lgnatius
1303 3991 1493 4059 Martyr
1538 3990 1761 4059 allatus;
1790 3992 1927 4056 quod
1974 3990 2397 4059 nusquamapud
2444 3990 2878 4059 CllryS0510lnllm
2928 3992 3106 4043 videre
3135 3990 3232 4045 est.
3268 3993 3335 4045 Et

158 4071 295 4126 vero
332 4057 561 4126 insolens
589 4066 671 4108 est
706 4060 843 4123 apud
870 4057 1300 4126 Chrysdstomum
1334 4057 1650 4125 SSJpatrcs,
1678 4058 1767 4123 qui
1804 4068 2205 4124 praecesserunt,
2239 4058 2290 4109 in
2318 4058 2547 4110 medium
2574 4059 2895 4126 nominatim
2909 4059 3101 4126 allatus
3131 4060 3333 4113 videre.

160 4124 350 4193 Series
381 4124 637 4193 intricata,
667 4135 847 4179 contra
887 4124 1243 4192 Chrvsostomi
1278 4124 1510 4185 morem;
1539 4127 1624 4192 qui
1657 4127 2002 4193 quasiiamnis
2028 4127 2140 4177 sine
2164 4126 2382 4193 salebris
2405 4141 2613 4191 semper
2644 4136 2839 4177 manat.
2882 4125 3002 4179 llaec
3024 4135 3335 4193 argumenta

157 4190 447 4261 confutare
494 4192 685 4261 frustra
716 4205 935 4247 conatur
964 4190 1256 4247 Pearsonns
1288 4195 1351 4245 de
1384 4190 1581 4258 lgnatio
1620 4190 1754 4245 Edit.
1802 4192 2196 4261 Cantabriensis
2232 4192 2382 4244 Tom.
2437 4195 2482 4253 l,
2524 4190 2654 4259 pag.
2705 4193 2802 4244 132
2834 4202 2886 4244 et
2932 4190 3335 4261 seqq.'l"clicius

161 4258 515 4329 refellitillud
546 4259 685 4329 aliud
728 4263 868 4327 quod
898 4262 1073 4325 adjicit
1107 4261 1353 4321 Savilius,
1404 4276 1593 4327 ncmpc
1642 4262 1777 4313 hanc
1823 4264 2113 4313 orationem
2156 4260 2350 4329 factam
2401 4275 2517 4312 esse
2559 4258 2868 4313 iuiminente
2915 4258 3075 4313 exitio
3128 4262 3337 4329 imperii

158 4327 760 4395 (lonstantinopolitani,
796 4339 849 4381 et
886 4330 1202 4383 dillicillimis
1243 4329 1544 4395 reipublica:
1590 4330 1935 4395 temporibus.
1982 4330 2109 4380 Nam
2144 4328 2403 4380 fateamur
2433 4343 2648 4380 necesse
2679 4338 2757 4380 est
2792 4330 2902 4380 inec
2940 4344 3058 4381 esse
3092 4327 3337 4381 obscuri-

159 4393 295 4444 tatis
335 4393 505 4457 plena,
544 4394 733 4464 vixque
770 4397 891 4449 hinc
931 4413 1082 4464 posse
1117 4406 1293 4447 notam
1327 4393 1406 4448 vel
1448 4397 1665 4461 γνησιότ

1772 4414 1812 4457 ς,
1847 4397 1928 4447 vel
1960 4396 2164 4454 νοθείας
2193 4395 2473 4464 ςτιιίμδοό
2533 4396 2629 4446 alia
2668 4410 2783 4461 qua:
2822 4398 3171 4462 praemisimus
3208 4398 3337 4449 satis

158 4474 439 4525 superque
465 4470 589 4513 sunt
615 4463 678 4515 ad
701 4462 967 4517 homiliam
1002 4465 1377 4531 Chrysostomo
1408 4462 1825 4528 abjudicmidain.
1857 4465 1985 4515 Nam
2021 4464 2159 4529 quod
2202 4462 2421 4514 Photius
2442 4477 2557 4513 eam
2592 4478 2684 4529 pro
2713 4465 2937 4531 genuina
2982 4464 3243 4527 habuerit,
3286 4466 3339 4517 id

158 4542 276 4578 non
317 4542 561 4598 magnum
594 4532 859 4598 negotium
893 4530 1121 4593 facessit,
1154 4532 1575 4598 quandoquidem
1604 4532 1686 4583 illc
1716 4547 1820 4581 non
1852 4547 2015 4597 pauca
2045 4532 2143 4581 alia
2174 4530 2350 4596 spuria
2374 4545 2467 4594 pro
2496 4531 2632 4581 veris
2673 4530 2873 4582 habuit.
2912 4533 3024 4583 Alio
3068 4531 3191 4583 item
3231 4546 3339 4583 non

158 4597 476 4667 spernendo
500 4597 807 4667 argumento
846 4600 958 4665 eius
988 4597 1265 4665 yvqatorq;
1316 4599 1665 4667 itupuguatur,

1772 4600 1848 4650 10d
1900 4598 2352 4667 nimirumdpaulo
2382 4606 2503 4667 ante
2554 4598 2711 4667 ﬁnem
2764 4598 2989 4657 dicatur,
3027 4598 3217 4667 ἔχομεν
3244 4599 3342 4667 τὴν

156 4663 455 4713 δέσποιναν
508 4663 659 4729 ἡμῶν
704 4667 797 4733 τὴν
844 4663 1082 4717 autem
1114 4663 1402 4734 τῆν’ἁγὶαύ
1446 4663 1665 4733 ἆειπαρϐ

1772 4684 1790 4715 υ
1837 4667 2049 4734 Μαρίῳ)
2096 4682 2107 4715 :
2140 4665 2419 4734 Habemus
2452 4665 2725 4734 Dominam
2784 4678 3026 4734 nostram
3057 4663 3342 4725 ’Dciparain

159 4739 412 4801 sanctum
438 4746 633 4801 semper
669 4731 911 4801 virginem
948 4731 1190 4795 Marium,
1223 4750 1339 4800 qua
1369 4734 1524 4784 etiam
1556 4731 1887 4800 repetuntur.
1938 4732 2083 4784 Licet
2112 4733 2259 4801 enim
2286 4733 2342 4782 Β.
2375 4732 2521 4797 virgo
2570 4731 2727 4783 Maria
2770 4747 2979 4801 semper
3018 4733 3070 4783 in
3109 4734 3343 4785 Ecclesia

160 4811 295 4867 cum
332 4798 548 4867 honoris
570 4798 950 4867 significatione
976 4798 1382 4855 commemorata
1407 4801 1583 4855 fuerit.
1618 4798 1720 4851 non
1750 4802 1987 4853 solebant
2010 4800 2175 4852 sancti
2202 4800 2321 4857 ΡΡ..
2346 4800 2743 4865 praescrtimque
2774 4798 3198 4867 Chrvsostomus.
3232 4801 3344 4853 haec

160 4865 634 4936 sioconglobatiiu
678 4869 890 4932 all'erre,
919 4871 1056 4936 quod
1100 4885 1257 4921 nemo
1284 4869 1372 4935 qui
1413 4870 1508 4920 SS.
1548 4870 1645 4920 ΡΙ).
1675 4870 1963 4933 primorum
1990 4868 2222 4933 quinque
2245 4868 2559 4936 saeculorum
2589 4867 2771 4932 legerit
2809 4865 3012 4919 inficias
3044 4868 3155 4918 ibit.
3190 4868 3342 4919 Aliud

158 4931 800 5004 adfertﬂurargumentum
830 4931 889 4988 ex
923 4931 1267 5004 sequentibus
1295 4931 1466 4987 verbis
1488 4931 1823 5001 dcsuinptum
1859 4953 1869 4985 :
1913 4931 2157 5004 Dichnrui
2192 4944 2237 5004 et
2284 4951 2381 5004 nos
2406 4934 2593 5004 Paulo,
2629 4931 3050 5004 quemadmodum
3097 4944 3141 4985 et
3187 4936 3342 5004 prisci

156 5000 292 5049 illi:
328 4997 937 5070 Cunt‘in‘dlaceidonium
985 4997 1361 5070 pertransieris.
1414 5005 1551 5054 nobis
1586 4997 1857 5053 auxiliare.
1912 5002 2041 5054 Iliuc
2068 5003 2326 5070 arguitur,
2372 4997 2649 5070 inquiunt.
2689 5016 2806 5052 eum
2841 5002 2927 5067 qui
2984 5004 3095 5053 lucc
3130 4997 3345 5054 concio-

154 5070 443 5136 nauatur._
472 5066 521 5117 in
554 5067 853 5121 Macedonia
913 5066 1090 5125 fuisse.
1137 5073 1328 5123 Verum
1358 5072 1535 5121 nescio
1568 5087 1632 5120 an
1688 5072 1954 5136 quidpiam
2010 5066 2150 5121 inde
2170 5070 2281 5119 erui
2333 5069 2530 5134 possit;
2568 5069 2794 5120 libenter
2821 5066 2961 5120 enim
3008 5070 3219 5121 credam
3261 5069 3346 5121 hic

154 5134 533 5205 Macedoniam
566 5136 707 5201 poni,
742 5137 861 5201 quia
895 5139 944 5189 in
997 5142 1266 5205 Scriptura
1312 5140 1566 5199 habetur;
1614 5134 1717 5205 sed:
1752 5134 1989 5205 tuentem
2030 5136 2301 5203 scriptoris
2337 5151 2475 5195 esse,
2537 5136 2811 5205 inquavis
2862 5138 3076 5205 regione
3119 5138 3193 5187 sic
3226 5152 3347 5202 pre-

151 5202 580 5270 caridunresse.
638 5204 793 5254 Certe
841 5220 943 5255 non
992 5202 1350 5258 Macedoniam
1397 5207 1586 5268 solum,
1631 5203 1722 5256 sed
1774 5213 1939 5257 totum
1974 5204 2256 5270 Imperium
2298 5212 2422 5255 tunc
2459 5204 2807 5268 periclitatum
2860 5202 2977 5257 esse
3004 5204 3089 5255 hic
3122 5204 3345 5269 scriptor

150 5268 371 5320 innuit.
405 5268 513 5320 Sub
541 5270 708 5334 judice
743 5271 803 5321 lis
833 5281 964 5322 esto.

231 5335 312 5385 Ex
346 5335 708 5405 hist-erumna:
734 5339 961 5390 diximus
994 5340 1156 5401 liquet
1195 5342 1329 5392 hanc
1374 5340 1686 5391 concionem
1719 5346 1837 5405 post
1890 5339 2133 5405 quintum
2165 5339 2415 5392 saeculum
2449 5338 2683 5391 habitam
2720 5339 2899 5392 fuisse.
2956 5340 3188 5405 Tempus
3220 5336 3349 5387 assi-

147 5417 333 5474 gnare
355 5404 564 5474 quidam
596 5415 719 5457 sunt
746 5407 939 5474 conati.
989 5406 1280 5459 Cotelerius
1314 5417 1459 5473 putat
1503 5408 1643 5459 hunc
1687 5404 2004 5474 scriptorem,
2029 5406 2405 5474 Chrysostomo
2448 5416 2603 5460 aetate
2631 5423 2830 5473 parem,
2862 5407 2999 5474 quod
3037 5404 3140 5458 nOn
3175 5405 3351 5456 credi-

146 5464 454 5545 {ierinn'ln
485 5472 708 5545 decursu
745 5472 877 5525 forte
896 5474 1171 5545 quidpiam
1212 5476 1275 5545 ad
1300 5464 1505 5545 aetatem
1536 5464 1946 5545 cyonsiguandam
1980 5464 2457 5539 deprehendamus.
2495 5464 2712 5529 interim
2772 5464 2984 5529 Ussério
3024 5474 3077 5528 in
3140 5481 3355 5529 aetatem

145 5535 454 5607 Iustiniani
487 5542 796 5607 concionem
831 5535 1078 5593 referenti
1111 5542 1419 5607 adstipulari
1451 5543 1649 5594 malim.

226 5602 738 5673 Interpretationcm
768 5607 948 5663 Jacobi
991 5608 1204 5662 Beureri
1236 5602 1413 5663 multis
1445 5610 1496 5662 in
1533 5610 1659 5664 locis
1688 5608 2109 5663 cmcndaviutus.
