3982 6218
588 295 697 349 397

2037 275 2309 331 INCERTI

3670 280 3789 335 398

587 599 3749 631 Μ

584 922 731 998 [605]
792 924 897 988 Εἰς
922 924 987 975 τὸ
1018 922 1103 975 ὅτι
1161 923 1417 989 παλαιᾶς
1446 924 1541 976 καὶ
1597 922 1807 989 καινῆς
1844 921 2133 1042 Διαθήκης
2163 939 2172 972 ι

1960 1006 2069 1042 περ
2107 1006 2172 1042 ue

2273 921 2306 971 ό
2326 917 2681 1041 ἴομοθέτης²
2713 917 2808 971 καί
2834 919 2920 982 εις
2940 914 3007 968 τὸ
3039 914 3263 986 ἔνδυμα
3288 918 3393 971 τοῦ
3429 916 3652 985 ιερέωςο
3689 914 3788 967 καί

2273 1005 2322 1041 ρο
2347 1006 2439 1042 ac.

1960 1005 2090 1057 περι
2101 1005 2439 1058 μετανοιιις.

662 1620 844 1689 α¹.Τῆς
860 1617 1090 1690 Χριστοῦ
1113 1616 1383 1687 βασιλείας
1399 1618 1456 1669 16
1479 1618 1804 1685 Εὑαγγέλιον
1823 1618 2143 1688 κηρύττουσι

595 1708 883 1776 προφῆται,
913 1704 1264 1775 ἐρμηνεύουσι
1295 1704 1349 1755 δὲ
1374 1704 1421 1755 οί
1446 1704 1542 1764 τῆς
1567 1704 1688 1765 νέας
1712 1704 1928 1772 χάριτος
1952 1703 2148 1773 ὑπηρέ-

595 1810 682 1845 ται
705 1803 751 1853 α,
780 1791 1018 1859 δέχονται
1062 1789 1115 1839 δὲ
1146 1790 1194 1839 οί
1228 1788 1320 1840 τοῦ
1364 1789 1506 1840 θείου
1556 1790 1713 1855 λόγου
1754 1790 2017 1857 ἀκροαταὶ
2054 1788 2147 1839 καὶ

597 1876 818 1945 ἐρασταὶ
863 1875 953 1926 καὶ
1003 1874 1296 1925 ἐπαινέται.
1343 1874 1453 1923 06x
1500 1873 1643 1925 ἐστιν
1690 1874 2019 1943 ἐντρυφῆσαι
2072 1871 2148 1941 τῷ

596 1962 736 2028 λόγῳ
760 1960 855 2028 τῆς
887 1957 1157 2026 ἀληθείας,
1188 1958 1259 2025 μὴ
1287 1956 1521 2025 διψῶντα
1560 1958 1649 2009 τὸν
1690 1958 1842 2023 λόγον
1870 1958 1964 2025 τῆς
2004 1958 2149 2009 διδα-

604 2046 845 2106 σκαλίας.
879 2046 984 2094 Καὶ
1022 2043 1205 2111 ὥσπερ
1238 2044 1335 2093 οὐκ
1364 2042 1473 2093 ἔστι
1509 2044 1579 2109 μὴ
1625 2042 1859 2107 διψῶντα
1894 2042 1987 2093 καὶ
2034 2058 2151 2091 πει-

600 2132 772 2183 νῶντα
816 2131 985 2198 ἡδέως
1035 2128 1333 2181 ἀπολαῦσαι
1382 2128 1611 2196 τροφῆς,
1656 2126 1827 2189 οὕτως
1871 2127 1967 2178 οὐκ
2010 2125 2152 2176 ἔστιν

602 2214 928 2283 ἐντρυφῆσαι
979 2213 1118 2281 λόγῳ
1166 2213 1437 2280 ἀληθείας,
1475 2212 1546 2280 μὴ
1594 2212 1824 2279 διψῶντα
1866 2211 1956 2262 τοῦ
2002 2210 2151 2275 ἁγίου

603 2300 914 2367 Πνεῦματος
958 2298 1053 2363 τὴν
1100 2296 1460 2348 διδασκαλίαν.
1517 2296 1606 2347 Διό
1656 2312 1817 2363 φησιν
1858 2296 1884 2346 ὁ
1931 2296 2151 2363 Σωτήρ·

608 2385 887 2450 Μακάριοι
922 2385 973 2434 οἰ
1008 2381 1321 2444 πεινῶντες
1360 2381 1455 2432 καὶ
1484 2379 1771 2446 διψῶντες
1799 2379 1911 2444 τὴν
1940 2379 2157 2431 δικαιο-

607 2470 824 2535 σύνην,
854 2468 936 2520 ὅτι
970 2467 1136 2519 αῦτοί
1172 2465 1701 2533 χορτασθήσονται.
1740 2466 1800 2515 Ἣ
1826 2464 2027 2532 ἀληθὴς
2054 2464 2159 2515 τῶν

610 2555 792 2623 ψυχῶν
825 2552 1013 2623 τροφὴ.
1054 2554 1085 2620 ἡ
1116 2552 1314 2620 ἀληθὴς
1341 2550 1445 2601 τῶν
1478 2549 1713 2601 εὐσεϐῶν
1740 2551 1934 2619 τρυφὴ,
1969 2552 1995 2601 6
2034 2550 2163 2616 ἀλη-

612 2641 709 2710 θὴς
735 2639 837 2691 τῶν
866 2637 1098 2689 εὐσεϐῶν
1127 2636 1348 2697 πλοῦτος
1374 2636 1401 2686 6
1430 2634 1520 2685 τοῦ
1550 2634 1679 2685 Θεοῦ
1712 2634 1881 2701 λόγος,
1908 2636 1934 2686 6
1960 2634 2043 2685 διὰ
2069 2633 2163 2687 τοῦ

616 2723 772 2775 Δαυῒδ
804 2724 1003 2789 λέγων·
1039 2722 1164 2771 ποτὲ
1203 2720 1295 2788 μὲν
1330 2719 1434 2786 γὰρ
1472 2717 1545 2776 ὡς
1581 2717 1822 2769 πλουτῶν
1872 2716 2161 2785 ἐναϐρύνε-

618 2828 726 2873 ται,
754 2810 878 2860 πστὲ
908 2808 962 2859 δὲ
994 2807 1066 2868 ὼς
1093 2804 1310 2875 τρυφῶν
1330 2844 1344 2866 ,
1377 2804 1469 2855 καὶ
1500 2803 1675 2869 λέγει·
1712 2802 1806 2866 Ὠς
1842 2800 2063 2869 γλυκέα
2087 2801 2165 2865 τῷ

618 2895 866 2961 λάρυγγί
892 2910 1008 2960 μου
1036 2893 1104 2943 τὰ
1135 2888 1306 2958 λόγιά
1330 2906 1465 2949 σου,
1490 2887 1638 2953 ὑπὲρ
1660 2889 1797 2955 μέλι
1832 2888 1928 2939 καὶ
1964 2888 2173 2953 κηρίον

621 2980 699 3045 τῷ
738 2980 985 3047 στόματί
1024 2996 1161 3045 μου.
1204 2974 1464 3028 Ἐνταῦθα
1515 2974 1603 3025 τοῦ
1647 2973 1951 3043 τρυφῶντος
1997 2973 2171 3040 ἀφῆκε

623 3067 822 3136 φωνήν.
852 3064 1041 3133 Τρυφὴ
1071 3062 1174 3132 γὰρ
1201 3058 1267 3131 ἦν
1294 3060 1483 3130 αὑτῷδ
1503 3061 1530 3113 6
1562 3058 1652 3111 τοῦ
1680 3058 1811 3111 Θεοῦ
1838 3060 2016 3125 λόγος·
2050 3057 2175 3125 περὶ

622 3148 683 3206 o6
711 3151 964 3211 πολλάκις
990 3150 1165 3215 ἔλεγε·
1196 3148 1661 3213 Κατατρύφησον
1684 3145 1787 3197 τοῦ
1814 3146 2049 3211 Κυρίου,
2078 3142 2173 3195 καὶ

624 3238 742 3303 δῴη
774 3253 870 3289 σοι
899 3239 969 3288 τὰ
1000 3235 1282 3300 αἰτήματα
1314 3231 1422 3299 τῆς
1471 3231 1712 3297 καρδίας
1751 3245 1884 3283 σου.
1922 3229 2174 3297 Ἀλλαχοῦ

624 3325 682 3375 6‘3
732 3324 825 3390 οὐχ
870 3323 943 3382 ὼς
990 3319 1203 3388 τρυφῶν
1261 3317 1435 3386 μόνον,
1486 3316 1619 3368 ἀλλὰ
1674 3317 1763 3367 καὶ
1810 3315 1883 3377 ὡς
1939 3313 2176 3365 πλουτῶν

626 3407 1078 3473 ὲγκαλλωπίζεται
1108 3402 1182 3471 τῷ
1220 3400 1426 3470 πλούτῳ
1453 3401 1543 3453 τοῦ
1566 3402 1750 3470 νόμου,
1781 3401 1980 3467 λέγων·
2022 3401 2173 3466 Ἄγα-

626 3498 734 3547 οόν
752 3510 852 3559 μοι
882 3495 912 3544 ό
942 3494 1121 3557 νόμος
1149 3490 1251 3541 τοῦ
1276 3489 1564 3556 στόματός
1594 3504 1709 3540 σου
1736 3487 1884 3552 ὑπὲρ
1912 3485 2180 3551 χιλιάδας

629 3578 880 3646 χρυσίου
931 3575 1025 3626 καὶ
1080 3576 1381 3642 ἀργυρίου.
1433 3572 1583 3635 Εἶδες
1627 3572 1835 3641 τρυφὴν
1882 3570 2177 3631 εὐσεϐείας,

631 3665 723 3715 καὶ
754 3661 974 3713 πλοῦτον
1026 3662 1079 3710 ὲν
1111 3659 1453 3728 δικαιοσύνῃ;
1496 3660 1585 3709 Δεῖ
1626 3658 1801 3708 τοίνυν
1842 3658 1984 3725 ἡμᾶς
2025 3655 2180 3723 διψᾷν

629 3749 696 3799 16
725 3748 838 3798 θεῖα
859 3785 872 3805 ,
918 3746 1009 3797 καί
1043 3746 1226 3812 πεινᾷν
1254 3743 1321 3794 τὰ
1366 3742 1612 3811 οὐράνια,
1659 3742 1751 3793 καὶ
1774 3741 1916 3809 ἔχειν
1957 3739 2180 3806 ἄφθονον

631 3835 727 3903 τὴν
760 3833 1049 3887 ἀπόλαυσιν
1082 3834 1144 3883 ἐκ
1174 3831 1270 3897 τῆς
1315 3828 1594 3897 βασιλικῆς
1651 3828 1742 3880 τοῦ
1777 3825 2009 3897 Χριστοῦ
2056 3843 2182 3895 τρα-

634 3916 821 3982 πέζης,
852 3912 1162 3980 ἀντέχεσθαι
1191 3911 1247 3962 δὲ
1289 3909 1380 3961 τοῦ
1420 3908 1745 3977 Εὑαγγελίου
1774 3908 1873 3977 τῆς
1896 3908 2179 3976 σωτηρίας,

629 4003 692 4052 οῦ
722 3999 817 4050 νῦν
854 3997 1177 4068 ἀρξαμένου,
1202 3994 1335 4048 ἀλλά
1370 3996 1425 4047 ἐν
1450 3997 1560 4056 τοῖς
1597 3995 1897 4063 προφήταις
1932 3992 2182 4062 θεμελιω-

634 4086 830 4147 θέντος,
861 4084 951 4135 καί
984 4084 1038 4132 ὲν
1082 4084 1191 4143 τοῖς
1222 4080 1530 4141 ἀποστόλοις
1563 4078 1995 4147 οἰκοδομηθέντος
2019 4087 2064 4129 ε.
2106 4076 2179 4128 Οὐ

632 4172 738 4238 γὰρ
769 4170 857 4235 ἀφ’
892 4162 950 4219 o6
996 4166 1164 4233 ἐφάνη
1213 4166 1459 4235 Χριστὸς,
1500 4164 1560 4215 16
1586 4163 1907 4229 Εὐαγγέλιον
1947 4162 2180 4232 ἤρξατο·

633 4255 743 4307 ἀλλ’
776 4252 1039 4324 ὲρῤιζώθη
1088 4251 1183 4319 μὲν
1221 4252 1277 4301 έν
1325 4253 1440 4310 ταῖς
1486 4248 1685 4316 βίϐλοις
1717 4248 1822 4298 τῶν
1873 4245 2181 4315 προφητῶν,

637 4340 925 4407 ἐϐλάστησε
955 4339 1009 4389 δὲ
1053 4340 1107 4389 ὲν
1138 4336 1211 4404 τῷ
1240 4335 1548 4403 κηρύγματι
1589 4333 1692 4385 τῶν
1721 4332 2047 4385 ἀποστόλων.
2085 4331 2185 4382 Διά

633 4426 789 4477 τοῦτο
819 4427 846 4475 6
879 4423 1082 4483 Παῦλος
1113 4420 1383 4489 βουληθεὶς
1420 4419 1606 4482 δεῖξαι,
1646 4418 1725 4469 ὄτι
1757 4415 1816 4467 16
1862 4414 2186 4481 Εὐαγγέλιον

634 4514 732 4565 ιὺκ
761 4511 867 4564 ἀπὸ
904 4511 1002 4578 τῆς
1030 4508 1330 4577 οἰκονομίας
1372 4504 1590 4575 ἧρξατο,
1634 4504 1745 4555 ἀλλ’
1772 4502 1877 4553 ἀπὸ
1915 4502 2019 4553 τῶν
2053 4518 2181 4569 προσ

638 4595 820 4666 φητῶν
842 4596 1063 4662 ἔλαμψε,
1089 4595 1173 4645 διὰ
1197 4593 1296 4657 τῆς
1324 4589 1631 4657 οἰκονομίας
1661 4587 1786 4639 αὐτὸ
1808 4586 2105 4655 διαγορεύει
2125 4584 2181 4621 δ’

638 4681 871 4744 Παῦλος
906 4680 1119 4742 δοῦλος
1152 4677 1339 4744 Ἰησοῦ
1368 4674 1637 4743 Χριστοῦ,
1671 4671 1888 4737 κλητὸς
1913 4670 2189 4723 Ἀπόστο-

638 4772 764 4827 λος,
800 4765 1203 4833 ἀφωρισμένος
1241 4764 1326 4825 εὶς
1356 4759 1719 4827 Εὑαγγέλιον
1766 4756 1933 4819 Θεοῦ,
1978 4755 2008 4807 ὃ
2046 4770 2188 4820 προε-

639 4852 1025 4917 επηγγείλιιτο
1058 4848 1153 4899 διὰ
1186 4844 1302 4899 τῶν
1352 4842 1668 4910 προφητῶν
1698 4840 1880 4892 αὐτοῦ
1934 4840 2003 4890 ἐν
2037 4842 2189 4904 Γρα-

640 4934 776 5002 φαῗς
807 4935 996 5001 ἁγίαις
1036 4932 1163 4997 περὶ
1212 4930 1314 4983 τοῦ
1367 4929 1500 4980 Υίοῦ
1554 4925 1738 4978 αὐτοῦ
1768 4923 2085 4992 γενομένου
2122 4924 2188 4974 ἐκ

641 5020 972 5085 σπέρματος
1000 5017 1175 5068 Δαυῒδ
1209 5013 1355 5067 κατὰ
1386 5012 1597 5078 σάρκα.

710 5148 730 5172 ³
759 5146 893 5191 Unus
916 5144 1036 5203 Reg.
1059 5144 1307 5203 ὑποφῆται.

707 5206 733 5242 b
755 5205 934 5253 Omnes
957 5193 1066 5269 ηῇς.
1091 5193 1183 5269 γὰρ
1205 5193 1262 5267 ἦν
1283 5200 1427 5269 αῦτῷ.
1459 5198 1587 5269 ﬂgiti
1618 5198 1708 5269 γὰρ
1724 5196 1812 5269 ρῦχ
1830 5193 2189 5269 αῦτῷεὲδὶόθιη

644 5279 811 5312 omnes
852 5277 961 5310 mss.
984 5265 1009 5308 6
1036 5255 1118 5307 τοῦ
1145 5255 1266 5306 Θεοῦ
1289 5255 1441 5317 λόγος,
1474 5258 1589 5305 Mor.
1610 5255 1637 5303 6
1667 5255 1751 5302 τοῦ
1776 5255 1899 5302 Θεοῦ
1932 5255 2071 5317 φόϐος
2110 5255 2191 5317 καὶ

643 5311 792 5393 λα’γος.
824 5325 925 5391 Μ.οι
949 5323 1043 5368 duo
1064 5333 1177 5367 mss.
1197 5311 1555 5389 κατατρύφησον
1576 5318 1644 5377 τῷ
1668 5316 1846 5376 Κυρίῳ,
1876 5320 1927 5361 ει
1943 5311 2013 5359 Sic
2034 5315 2083 5360 in
2110 5311 2193 5359 Bi-

643 5382 756 5430 bhls
780 5388 972 5430 Iemlur.
1002 5380 1165 5428 Morel.
1199 5394 1283 5424 100
1309 5380 1494 5430 Κυριου.

700 5392 756 5430 iis
780 5392 972 5444 legitur.
1004 5392 1165 5428 Morel.
1199 5394 1283 5424 του
1309 5392 1494 5437 λυριου.

708 5445 729 5471 ⁸
752 5444 831 5490 Sic
858 5444 951 5489 duo
972 5455 1083 5487 mss.
1107 5444 1257 5485 recle.
1285 5435 1453 5483 Morel.
1482 5441 1535 5481 et
1560 5433 1709 5481 Savil.
1734 5434 2040 5495 ἀρξάμενοι...
2061 5432 2195 5490 θεμε-

644 5501 893 5555 λιωθέντες.
906 5536 913 5544 .
925 5538 954 5553 .,
982 5498 1371 5558 οἷκοδομηθέντες.

705 5558 735 5602 ἀ
760 5552 889 5611 υιιυὲ
913 5552 1203 5621 οἰκονομίας,
1222 5558 1343 5605 οὕτω
1367 5570 1467 5608 πως
1488 5552 1764 5614 διαγορεύει.

2316 1614 2435 1672 Οἵδε
2471 1619 2675 1681 Παῦλος
2702 1619 3000 1688 ἀδιαίρετον
3026 1619 3123 1687 τὴν
3153 1616 3389 1669 Παλαιὰν
3413 1617 3505 1669 καὶ
3526 1615 3623 1685 τὴν
3646 1614 3793 1667 Νέαν

2246 1707 2517 1775 Διαθήκην
2538 1722 2551 1735 ·
2585 1705 2672 1756 διὰ
2702 1704 2855 1756 τοῦτο
2888 1704 3013 1755 ποτὲ
3061 1704 3157 1773 μὲν
3194 1702 3361 1772 αὐτὴν
3404 1702 3559 1754 καλεῖ
3584 1701 3792 1768 Καινὴν

2248 1792 2517 1859 Διαθήκην
2546 1802 2589 1853 ε,
2632 1792 2717 1843 ἵνα
2760 1789 2904 1859 δείξῃ
2941 1788 3056 1849 πῶς
3093 1787 3435 1855 ἀνεκαινίσθη
3483 1786 3585 1853 τῆς
3615 1787 3794 1837 οἰκου-

2253 1879 2414 1947 μένης
2446 1878 2510 1928 τά
2542 1878 2747 1945 πέρατα
2789 1871 2922 1943 (οἶδα
2949 1874 3131 1927 τοῦτον
3161 1873 3345 1941 πρώην
3388 1873 3669 1941 γυμνάσας
3704 1871 3796 1922 16v

2250 1965 2432 2030 λόγον·
2477 1962 2621 2033 μοι]
2656 1962 2767 2015 ἀλλ’
2795 1960 3225 2027 ἐπαναλαμϐάνω
3268 1960 3400 2028 πρὸς
3432 1957 3757 2025 ὑπόμνησιν)
3779 1972 3791 1985 ⁸

2252 2050 2403 2101 καλεῖ
2438 2047 2609 2100 τοίνυν
2643 2048 2847 2115 Καινὴν
2895 2045 3160 2114 Διαθήκην
3193 2044 3328 2114 πρὸς
3376 2041 3797 2109 ἀντιπαραθεσιν

2250 2134 2346 2201 τῆς
2375 2132 2737 2200 γεγηρακυίας
2757 2148 2770 2162 ⁸
2796 2133 3090 2200 κρείττονα,
3123 2130 3251 2198 πρὸς
3279 2126 3674 2196 ἀντιδιαστολὴν
3701 2126 3799 2192 ’ἆγς

2254 2219 2546 2279 ἐλάττονος,
2575 2216 2786 2269 αἰώνιον
2816 2216 2948 2285 πρὸς
2975 2213 3391 2281 ἀντιπαράθεσιν
3417 2212 3517 2280 τῆς
3547 2211 3801 2280 προσκαί-

2259 2321 2368 2372 ρου.
2396 2302 2562 2354 Καλεϊ
2591 2302 2755 2369 αὐτὴν
2781 2300 2870 2353 καὶ
2898 2299 3149 2369 δευτέραν
3172 2296 3461 2366 Διαθήκην.
3490 2294 3588 2346 Διά
3614 2293 3666 2344 τί
3691 2292 3804 2343 650-

2256 2390 2417 2458 τέραν
2432 2388 2568 2452 ςἼνα
2582 2389 2645 2455 τῇ
2669 2384 2856 2455 γνώμῃ
2881 2384 3103 2455 συνάψῃ.
3121 2382 3191 2433 T6
3212 2382 3315 2450 γὰρ
3332 2378 3804 2449 ἀπεσχοινισμένον

2257 2475 2395 2535 τινὸς
2426 2474 2668 2542 δεύτερον
2690 2474 2747 2525 o6
2775 2472 3006 2538 λέγεται.
3040 2470 3173 2523 Ἀλλ’
3200 2468 3383 2537 ἐπειδὴ
3417 2467 3547 2528 Θεὸς
3579 2465 3804 2532 ὶλάλησε

2262 2560 2353 2613 καὶ
2396 2561 2451 2609 ἐν
2493 2562 2557 2627 τῇ
2584 2561 2789 2627 πρώτῃ,
2818 2557 2910 2610 καὶ
2950 2557 3004 2607 ὲν
3026 2558 3089 2625 τῇ
3119 2555 3359 2623 δευτέρᾳ,
3394 2555 3422 2605 6
3451 2551 3612 2611 αὐτὸς
3655 2549 3809 2601 καλεῖ

2262 2644 2480 2713 πρώτην
2521 2646 2611 2696 καὶ
2654 2644 2927 2712 δευτέραν,
2974 2641 3052 2710 τῷ
3100 2640 3313 2712 ἀριθμῷ
3366 2638 3459 2707 τὴν
3492 2636 3807 2705 συμφωνίαν

2263 2730 2641 2799 ἐργαζόμενος.
2670 2728 2767 2780 Διά
2804 2728 2958 2781 τοῦτο
2986 2730 3012 2780 6
3045 2726 3248 2789 Παῦλος
3278 2725 3573 2789 ἀδιαίρετον
3611 2721 3809 2791 κηρύτ-

2266 2832 2370 2865 των
2396 2814 2664 2883 βασιλείαν
2698 2814 2924 2881 Πατρδς,
2954 2815 3043 2865 καὶ
3077 2811 3222 2874 Υίοῦ,
3258 2812 3348 2863 καὶ
3375 2809 3528 2875 ἁγίου
3564 2807 3810 2874 Πνεῦμα-

2270 2917 2377 2961 10;,
2413 2900 2539 2951 ποτὲ
2580 2900 2674 2967 μὲν
2698 2900 2849 2951 καλεῖ
2874 2898 2931 2950 16
2956 2897 3274 2964 Εὑαγγέλιον
3306 2895 3395 2947 τοῦ
3424 2893 3557 2945 Θεοῦ
3590 2892 3684 2944 τοῦ
3702 2892 3809 2944 Πα-

2269 2985 2393 3053 τρὸς
2424 2984 2467 3044 τ,
2508 2984 2634 3035 ποτὲ
2679 2984 2734 3035 δὲ
2767 2983 2858 3035 τοῦ
2892 2982 3040 3043 Υἰοῦ,
3076 2983 3268 3049 λέγων·
3313 2979 3553 3042 Παῦλος
3596 2975 3812 3038 δοῦλος

2285 3070 2473 3136 Ἰησοῦ
2518 3069 2786 3134 Χριστοῦ,
2820 3067 3035 3133 κλητὸς
3068 3068 3450 3129 Ἀπόστολος,
3481 3061 3810 3131 ἀφωρισμέ-

2272 3172 2375 3219 νος
2408 3157 2491 3218 εἰς
2520 3154 2880 3222 Εὐαηέλιον
2913 3153 3077 3206 Θεοῦ.
3110 3151 3246 3203 Ἀλλ’
3290 3152 3373 3203 ἵνα
3423 3150 3496 3219 μή
3527 3165 3611 3209 τις
3653 3146 3811 3199 ἀκού-

2277 3256 2403 3303 σας,
2450 3239 2772 3306 Εὑαγγέλιον
2821 3237 2973 3301 Θεοῦ,
3028 3238 3221 3306 νομίσῃ
3258 3236 3348 3287 16v
3382 3234 3511 3286 Υίὸν
3555 3232 3630 3301 μὴ
3679 3231 3815 3299 ἔχειν

2275 3324 2561 3377 αῦθεντίαν
2585 3325 2662 3385 εἰς
2694 3324 2751 3375 16
2782 3324 3054 3391 κήρυγμα,
3079 3323 3134 3371 ὲν
3158 3323 3221 3388 τῇ
3256 3320 3388 3387 αὐτῇ
3414 3318 3701 3383 Ἐπιστολῇ
3735 3332 3815 3383 μι·

2276 3411 2403 3478 κρον
2432 3407 2634 3469 67:066.;
2668 3407 2838 3474 λέγει’
2871 3405 3108 3472 Μάρτυς
3142 3404 3248 3472 γάρ
3267 3421 3367 3470 μοι
3393 3402 3565 3453 ἐστίν
3594 3404 3627 3453 ὁ
3658 3399 3813 3463 Θεὸς,

2275 3487 2322 3557 ᾧ
2360 3494 2617 3559 λατρεύω
2642 3493 2709 3544 ὲν
2745 3490 2822 3554 τῷ
2866 3488 3153 3555 πνεύματί
3188 3506 3324 3556 μου,
3349 3489 3418 3539 ὲν
3452 3485 3532 3549 τῷ
3570 3488 3818 3552 Εὐάγγε-

2274 3580 2382 3643 λίῳ
2414 3580 2516 3630 τοῦ
2562 3577 2692 3629 Υἱοῦ
2728 3576 2928 3629 αὐτοῦ.
2960 3570 3105 3636 Εἶδες
3133 3573 3191 3625 16
3222 3572 3401 3641 θαῦμα
3434 3570 3526 3623 τοῦ
3567 3573 3814 3638 κήρυκος,

2279 3666 2371 3718 καὶ
2398 3668 2494 3735 τὴν
2536 3664 2939 3733 ἀπηρτισμένην
2968 3662 3229 3724 διάνοιαν;
3254 3660 3369 3712 Ἷνα
3405 3660 3479 3728 μὴ
3510 3655 3739 3727 νομισθῇ
3766 3655 3819 3707 ἓν

2281 3757 2378 3825 μὲν
2408 3754 2484 3823 τῷ
2524 3754 2667 3823 νόμῳ
2703 3752 2842 3818 ἄλλῳ
2874 3750 2989 3818 Θεῷ
3027 3749 3311 3811 δουλεύειν,
3353 3750 3410 3801 ὲν
3443 3747 3499 3799 δὲ
3541 3745 3620 3815 τῷ
3647 3747 3818 3811 Εὐαγ-

2279 3845 2438 3915 γελίῳ
2464 3845 2597 3913 πρὸς
2619 3843 2772 3896 ἄλλον
2802 3844 3012 3911 χωρεῖν,
3042 3839 3215 3905 λέγει·
3238 3838 3581 3901 Εὐλογητὸς
3603 3840 3635 3888 ό
3663 3834 3816 3897 Θεὸς,

2278 3929 2325 4000 ᾧ
2351 3934 2608 4001 λατρεύω
2634 3932 2749 3985 ἀπὸ
2778 3930 3080 3997 προγόνων
3103 3928 3173 3980 ἐν
3201 3925 3424 3993 καθαρᾷ
3451 3925 3813 3989 συνειδήσει.

2281 4024 2351 4075 O6
2385 4022 2490 4090 γὰρ
2532 4022 2624 4073 ἀπ’
2652 4020 2830 4083 ἄλλου,
2865 4016 3017 4085 φησι,
3055 4016 3186 4084 πρὸς
3230 4014 3384 4069 ἄλλον
3430 4013 3687 4084 ἔδραμον,
3718 4013 3822 4064 ἀλλ’

2281 4112 2338 4165 ὃν
2373 4108 2513 4180 εἶχον
2539 4112 2593 4161 ἐν
2618 4108 2825 4177 ἀγνοίᾳ,
2853 4104 3177 4176 προσέλαϐον
3198 4106 3254 4156 ιν
3282 4102 3498 4169 γνώσει.
3533 4103 3646 4155 Καὶ
3676 4101 3827 4154 πάλιν

2283 4202 2312 4252 6
2343 4200 2499 4261 αὐτὸς
2532 4196 2803 4266 βουληθεὶς
2844 4194 3038 4259 δεῖξαι,
3084 4194 3163 4245 ὅτι
3213 4192 3279 4245 16
3328 4193 3550 4260 ῥήματα
3594 4191 3697 4259 τῆς
3727 4192 3828 4243 Πα-

2284 4285 2432 4346 λαιᾶς
2457 4283 2719 4351 Διαθήκης
2748 4282 2838 4333 καὶ
2863 4283 2960 4349 τῆς
2975 4279 3113 4339 Νέας
3146 4277 3259 4338 ένός
3286 4278 3400 4327 ἐστι
3432 4277 3721 4345 στόματος,
3747 4276 3830 4327 καὶ

2284 4372 2398 4433 ἑνὸς
2437 4372 2718 4429 Δεσπότου,
2769 4367 2892 4437 μίαν
2941 4366 3235 4436 μαρτυρίαν
3280 4365 3386 4417 ἀπὸ
3424 4364 3655 4434 Γραφῆς
3705 4381 3833 4432 παρ-

2285 4465 2455 4527 ήγαγε
2479 4500 2493 4523 ,
2551 4458 2857 4527 συμπλέξας
2900 4456 2978 4525 τῷ
3027 4454 3360 4523 εὐαγγελικῷ
3412 4452 3559 4522 λόγῳ
3592 4454 3693 4522 τὴν
3737 4454 3835 4506 Πα-

2286 4550 2458 4611 λαιὰν,
2493 4550 2585 4601 καὶ
2621 4549 2797 4614 λέγει’
2826 4546 3184 4614 Γέγραπταν
3224 4548 3304 4597 Οὐ
3357 4543 3645 4611 φιμώσεις
3689 4541 3839 4608 βοῦν

2286 4636 2585 4691 ἀλοῶντα’
2624 4638 2734 4700 καὶ,
2769 4636 2957 4698 ’Ἄξιος
2995 4638 3026 4686 ό
3063 4632 3310 4701 ἐργάτης
3344 4632 3450 4685 τοῦ
3476 4632 3706 4699 μισθοῦ
3742 4633 3839 4684 a6-

2288 4729 2411 4780 τοῦ.
2450 4728 2523 4777 T6
2557 4726 2653 4795 μὲν
2687 4726 2812 4794 γάρ.
2850 4727 2931 4776 Οὺ
2967 4722 3269 4790 φιμώσεις,
3316 4722 3557 4789 Μωῦσῆς
3599 4719 3754 4772 εἷπε·
3786 4720 3835 4770 16

2290 4820 2365 4883 δδν
2397 4818 2583 4881 Ἄξιος
2618 4820 2650 4869 δ
2680 4814 2924 4882 ἐργάτης
2948 4812 3050 4863 τοῦ
3079 4810 3298 4877 μισθοῦ
3326 4810 3532 4872 αὑτοῦ,
3561 4812 3590 4861 6
3619 4810 3838 4878 Χριστὶς

2289 4910 2346 4959 ἐν
2390 4910 2498 4968 τοῖς
2533 4904 2891 4972 Εὐαγγελίοις.
2945 4901 3078 4951 Ἀλλ’
3120 4900 3204 4952 ἵνα
3249 4899 3396 4970 δείξῃ
3442 4900 3526 4951 ὅτι
3574 4899 3633 4949 ἒν
3683 4898 3839 4965 στόμα

2290 4995 2513 5046 κάκεῖνα
2550 4993 2641 5044 καὶ
2680 4991 2842 5044 ταῦτα
2886 4988 3128 5059 ἐλάλησα,
3172 4987 3239 5040 16
3268 4991 3380 5050 τοῖς
3416 4989 3635 5055 χρόνοις
3673 4987 3840 5057 διῃρη-

2295 5086 2428 5154 μένα
2456 5084 2651 5152 συνῆψε
2684 5085 2746 5150 τῇ
2779 5078 3059 5147 συμφωνίᾳ
3089 5079 3185 5146 τῆς
3209 5075 3481 5142 ἀληθείαςκ
3509 5074 3685 5127 εἰπών
3705 5092 3719 5106 ·
3748 5075 3792 5126 Γ
3792 5072 3840 5124 ἐ·

2290 5186 2558 5240 γραπται·
2592 5171 2674 5224 οὺ
2704 5167 2983 5237 φιμώσεις
3000 5163 3158 5229 ,βοῦν
3179 5162 3486 5217 ἀλοῶνταθ
3519 5163 3635 5227 καὶ,
3670 5162 3839 5225 Ἄξιος

2297 5262 2329 5311 ὀ
2357 5256 2605 5325 ἐργάτης
2631 5256 2731 5308 τοῦ
2762 5253 2981 5322 μισθοῦ
3020 5250 3221 5305 αὐτοῦ.
3263 5250 3468 5301 Τούτου
3500 5249 3597 5301 τοῦ
3620 5248 3840 5315 Εὑαγγε·

2365 5434 2388 5461 θ
2414 5421 2693 5483 ldcmdpost»
2736 5419 2957 5483 διαθήκην
3002 5417 3141 5483 adq“.
3174 5418 3289 5463 ποτε
3328 5415 3379 5463 δὲ
3408 5416 3535 5463 νέαν.
3566 5413 3694 5464 Infra
3715 5428 3845 5461 τοιννι

2297 5490 2409 5544 post
2428 5480 2558 5545 καλεῖ
2577 5477 2638 5526 'ex
2667 5478 2852 5526 duobus
2873 5491 2981 5525 mu.
3006 5477 3241 5536 adjicilur.

2372 5539 2389 5579 ί
2435 5540 2565 5589 Unus
2586 5536 2707 5588 Θεοῦ
2726 5540 2803 5586 καὶ
2828 5536 3025 5600 Πατρός.
