3982 6218
176 397 294 453 397

1319 380 1599 437 HOMILIA
1633 378 1718 431 DE
1754 368 2242 431 LEGISLATORE.

3280 372 3390 428 398

180 1158 365 1207 UNUM
413 1157 489 1198 ET
543 1149 813 1196 EUHDEM
872 1149 1016 1192 ESSE
1075 1140 1549 1188 LEGISLATOBEM
1608 1139 1686 1180 ET
1733 1134 1999 1181 VETEBIS
2043 1133 2123 1174 ET
2185 1131 2331 1174 NOV!
2377 1125 2808 1179 TESTAMENTI;
2871 1124 3023 1167 ITBM
3080 1122 3160 1164 DE
3204 1121 3401 1166 \‘ESTE

1043 1265 1469 1313 sscanoonu
1504 1265 1518 1302 :
1557 1261 1809 1306 necnon
1855 1259 1936 1300 DE
1983 1252 2398 1299 POENITENTIA
2439 1230 2543 1312 (a).

259 2132 315 2185 1.
347 2127 510 2198 Regni
549 2123 742 2180 Christi
773 2119 1100 2190 evangelium
1135 2113 1403 2186 propheta
1429 2108 1716 2179 prmdicant
1739 2141 1755 2167 ,

183 2220 415 2274 ministri
455 2231 579 2270 vero
619 2229 769 2267 nova:
798 2211 980 2280 gratiae
1032 2207 1160 2260 illud
1193 2207 1364 2274 ipsum
1411 2202 1761 2266 interpretan—

185 2321 298 2374 tur,
354 2308 544 2361 divinze
596 2314 770 2357 autem
819 2299 1072 2354 doctrinae
1130 2295 1416 2355 auditores,
1477 2295 1760 2348 amatores,

184 2409 348 2467 atque
376 2396 696 2456 laudatores,
721 2391 770 2444 id
793 2393 962 2458 ipsum
985 2388 1391 2455 amplectuntur.
1423 2381 1600 2446 Neque
1621 2375 1761 2430 enim

188 2491 310 2544 fieri
340 2496 511 2557 potest
540 2498 596 2539 ut
626 2485 742 2554 quis
780 2496 1024 2536 sermone
1056 2476 1292 2530 veritatis
1319 2473 1635 2531 oblectetur,
1676 2465 1765 2534 qui

186 2582 447 2636 doctrinm
474 2589 774 2631 sermonem
797 2588 900 2626 non
917 2570 1217 2624 avidissime
1243 2570 1476 2629 expetat.
1506 2555 1767 2625 Quemad-

190 2671 413 2726 modum
460 2669 635 2730 enim,
677 2666 718 2717 si
761 2664 878 2732 quis
927 2674 1097 2728 neque
1143 2657 1286 2710 sitiat
1330 2665 1496 2720 neque
1546 2647 1761 2709 esuriat,

192 2763 396 2815 nullam
427 2775 492 2813 ex
535 2758 653 2812 cibo
683 2765 911 2824 potuque
947 2751 1264 2816 voluptatem
1303 2746 1444 2812 capit
1479 2761 1490 2791 ;
1520 2741 1595 2792 sic
1626 2738 1765 2790 veri-

194 2853 323 2903 tatis
338 2849 500 2901 verbo
517 2859 674 2898 nemo
701 2844 1007 2897 delectatur.
1028 2838 1114 2904 qui
1145 2836 1371 2903 Spiritus
1394 2829 1560 2881 sancti
1581 2826 1769 2879 doctri-

195 2953 323 2992 nam
346 2952 447 2990 non
475 2936 604 2988 sitit.
633 2933 806 2999 Itaque
825 2929 1073 2982 Servatur
1093 2925 1196 2976 ait:
1219 2921 1358 2973 Beati
1384 2918 1468 2984 qui
1488 2917 1706 2969 esuriant
1723 2920 1769 2963 et

194 3027 649 3096 sitiuntjustitiam,
673 3019 1016 3090 quoniamipsi
1031 3013 1347 3068 satiabuntur
1367 3007 1576 3079 (Matth.
1603 3007 1655 3058 5.
1687 3003 1767 3070 6).

197 3119 372 3172 Verus
388 3116 679 3169 animarum
695 3111 863 3174 cibus,
886 3122 1022 3163 verae
1041 3106 1244 3172 piorum
1274 3100 1497 3161 delicia},
1514 3109 1653 3149 vera:
1667 3094 1772 3162 pio-

196 3225 321 3263 rum
344 3206 560 3269 divitiae,
590 3217 764 3256 sermo
794 3200 883 3253 Dei
916 3209 1017 3261 est,
1045 3196 1132 3265 qui
1161 3209 1252 3263 per
1281 3189 1524 3245 Davidica
1562 3185 1772 3239 oracula

198 3297 470 3365 loquitur:
503 3293 785 3352 interdum,
819 3289 963 3342 velut
1009 3287 1174 3350 dives,
1203 3282 1478 3352 gloriatur,
1509 3275 1770 3331 interdum

198 3390 484 3443 deiiciatur
511 3403 525 3450 ;
550 3395 601 3439 et
621 3386 694 3437 ait
727 3403 738 3435 :
767 3383 930 3446 Quam
968 3378 1138 3430 dulcia
1177 3373 1405 3441 faucibus
1434 3371 1553 3422 meis
1580 3368 1776 3436 eloquia

200 3495 292 3536 tua
320 3497 468 3550 super
492 3477 588 3530 mel
615 3487 658 3528 et
683 3478 851 3544 favum
878 3473 950 3525 ori
980 3485 1087 3522 meo
1127 3465 1299 3540 (Psal.
1332 3463 1452 3517 118.
1483 3461 1629 3528 103)!
1657 3458 1777 3509 llmc

200 3549 419 3644 quidem
448 3572 582 3640 ejus,
628 3569 714 3637 qui
761 3565 964 3618 deliciis
1013 3562 1223 3620 fruitur,
1267 3571 1364 3609 vox
1393 3561 1492 3608 est.
1525 3551 1652 3604 Nam
1687 3549 1776 3600 Dei

197 3667 425 3719 verbum
447 3663 541 3730 ipsi
573 3659 776 3714 delicia:
801 3665 968 3710 erant.
1002 3652 1113 3718 Qua
1138 3651 1204 3703 de
1231 3663 1287 3702 re
1315 3645 1438 3699 alibi
1469 3657 1608 3709 saape
1642 3659 1652 3691 :
1680 3638 1780 3690 De-

201 3761 389 3811 lectare
414 3729 728 3813 iniDomino,
763 3759 808 3801 et
830 3749 911 3799 det
938 3745 1024 3796 tibi
1048 3742 1303 3810 petitiones
1325 3737 1488 3789 cordis
1515 3733 1584 3786 tui
1606 3729 1777 3798 (Psal.

201 3851 293 3905 36.
327 3851 402 3916 4).
436 3846 566 3899 Aliis
591 3857 716 3896 vero
748 3842 796 3893 in
820 3837 950 3891 locis
977 3850 1080 3888 non
1105 3831 1265 3900 utqui
1295 3826 1496 3882 deliciis
1519 3823 1781 3875 frueretur

201 3951 435 4001 tantum,
471 3936 563 3989 sed
596 3944 649 3986 ut
697 3931 971 3999 praedives,
1009 3925 1216 3978 divitias
1248 3919 1375 3988 legis
1409 3920 1656 3975 ostentat,
1697 3911 1780 3963 di-

203 4045 357 4091 cens,
389 4027 582 4080 Bonum
609 4024 729 4075 mihi
753 4023 832 4073 lex
860 4020 959 4070 oris
1002 4017 1071 4066 tui
1101 4027 1253 4078 super
1282 4008 1442 4060 millia
1470 4004 1581 4056 auri
1610 4013 1654 4054 et
1693 4017 1779 4052 ar-

202 4120 346 4193 genti
375 4117 543 4187 (Psal.
569 4115 690 4167 ns.
718 4109 833 4177 τε).
869 4104 1054 4159 Videu’
1083 4099 1299 4154 delicias
1328 4095 1555 4164 pietatis,
1577 4100 1629 4144 et
1651 4090 1783 4142 divi-

203 4184 578 4278 iiasjustitiaa?
605 4204 744 4271 Ergo
774 4209 828 4254 et
853 4213 948 4251 nos
981 4210 1072 4264 par
1100 4199 1196 4253 est,
1226 4189 1310 4242 siti
1338 4197 1388 4240 et
1427 4184 1566 4235 fame
1606 4193 1782 4233 rerum

204 4303 512 4358 divinarum
544 4294 732 4357 teneri,
773 4299 825 4345 et
851 4286 1075 4348 deliciis,
1107 4297 1136 4334 e
1178 4279 1316 4347 regia
1357 4272 1550 4328 Christi
1577 4283 1779 4329 mensa,

203 4391 482 4448 uberrime
520 4382 787 4445 exsatiari,
827 4373 1257 4443 evangeliumque
1306 4363 1489 4419 salutis
1535 4357 1781 4426 amplecti

203 4479 353 4551 quod
383 4492 487 4531 non
513 4489 651 4528 nunc
680 4471 903 4541 primum
935 4463 1094 4530 erepit
1122 4476 1134 4511 :
1161 4457 1253 4512 sed
1282 4456 1332 4508 in
1361 4450 1631 4521 prophetis
1662 4448 1783 4500 futu-

203 4539 391 4626 datum
414 4580 567 4636 atque
592 4580 623 4618 a
659 4539 752 4617 SS.
778 4556 1033 4629 apostolis
1067 4550 1448 4606 exaedificatum
1475 4551 1573 4597 est.
1606 4539 1784 4606 Neque

204 4664 353 4718 cnim
382 4660 446 4713 ab
472 4673 536 4712 eo
559 4667 814 4723 tempore,
843 4663 946 4719 quo
975 4644 1211 4700 Christus
1250 4642 1299 4692 in
1326 4651 1484 4691 carne
1521 4631 1781 4702 apparuit,

205 4751 542 4820 evangelium
586 4721 778 4813 incepit
810 4760 823 4795 ε
851 4738 943 4794 sed
991 4735 1155 4789 multo
1203 4740 1326 4784 ante
1365 4729 1414 4781 in
1461 4721 1781 4794 prolihcticis

205 4812 590 4897 librisvradices
615 4812 737 4903 egit,
773 4829 1090 4894 tandemque
1132 4819 1491 4890 apostolorum
1526 4812 1783 4881 prardica-

207 4936 361 4990 tione
386 4929 631 4984 efﬂoruit.
663 4927 785 4979 Ideo
812 4921 1020 4983 Paulus,
1050 4930 1166 4970 cum
1205 4911 1529 4981 [impositum
1568 4906 1784 4958 haberet

206 5024 601 5079 demonstrare,
633 5011 960 5080 evangelium
992 5020 1093 5059 non
1135 5003 1200 5055 ab
1244 4997 1600 5052 incarnatione
1643 4994 1786 5045 inre-

209 5114 380 5184 pisse,
415 5108 506 5162 sed
537 5121 629 5175 per
655 5101 937 5172 prepbetas
970 5094 1218 5154 eluxisse,
1258 5104 1348 5156 per
1377 5084 1784 5138 incarnatimiem

207 5175 443 5269 idipsum
475 5195 703 5263 loquitur
738 5189 967 5243 :Paulus
995 5199 1161 5236 servus
1204 5179 1326 5231 Iesu
1354 5175 1556 5236 Christi,
1588 5181 1788 5223 vocatus

209 5265 495 5358 apostolus,
522 5291 804 5353 segregatus
829 5280 878 5330 in
891 5274 1216 5343 Evangelium
1246 5268 1363 5332 Dei,
1387 5265 1518 5334 quod
1535 5273 1649 5315 ante
1670 5278 1787 5331 pro-

213 5383 418 5435 miserat
467 5391 553 5445 per
607 5372 873 5442 praphetas
914 5383 1030 5421 suos
1079 5365 1132 5416 in
1181 5359 1458 5428 Scripturis
1501 5355 1682 5409 sanctis
1727 5354 1788 5405 de

219 5472 358 5527 Filio
400 5483 510 5531 suo,
559 5466 643 5532 qui
681 5465 842 5532 [actus
879 5468 950 5511 est
989 5473 1050 5509 ea:
1086 5454 1271 5507 semine
1307 5448 1471 5502 David
1519 5445 1788 5500 secundum

209 5578 418 5617 carnem
450 5558 620 5626 (Rom.
657 5557 708 5610 1.
740 5553 900 5621 1-5).

241 5657 293 5713 Ν
300 5653 814 5710 ovumTestamentum
830 5661 918 5697 cur
927 5643 997 5697 sic
1018 5633 1508 5711 appelletur.—N0u
1521 5629 1789 5700 ignorabat

284 5790 358 5852 (α)
391 5784 567 5838 Collatia
590 5792 699 5833 cum
725 5777 973 5831 Codicibus
1004 5774 1160 5837 Regiis
1183 5770 1319 5820 1965.
1346 5767 1466 5817 1974
1491 5772 1541 5814 et
1558 5763 1696 5814 2515.

1866 2100 2248 2172 Paulus,Vetus
2261 2108 2524 2164 etNovum
2536 2109 2930 2162 Testamentum
2945 2106 3266 2161 individuum
3286 2121 3402 2162 esse
3417 2127 3438 2163 :

1867 2210 2087 2266 eamque
2100 2199 2166 2251 ob
2179 2213 2392 2252 causam
2409 2199 2530 2251 illud
2548 2198 2805 2251 interdum
2821 2197 3211 2250 Testamentum
3225 2195 3435 2248 Novum

1867 2288 2117 2354 appellat,
2136 2297 2192 2341 ut
2218 2288 2563 2352 demonstret,
2583 2287 2847 2357 quomodo
2862 2285 2990 2340 fines
3007 2286 3148 2339 orbis
3167 2295 3431 2338 terrarum

1869 2379 1975 2431 sint
1999 2379 2229 2432 renovati
2250 2381 2375 2447 (non
2395 2380 2580 2448 ignoro
2601 2381 2712 2433 haec
2730 2379 2850 2432 alibi
2873 2395 2900 2430 a
2918 2378 3066 2431 nobis
3089 2376 3246 2430 fuisse
3271 2376 3430 2443 expli-

1869 2477 2018 2532 cata;
2051 2469 2141 2522 sed
2168 2480 2339 2522 tamen
2368 2470 2472 2535 hic,
2499 2481 2552 2522 ut
2582 2470 2889 2525 memoriam
2908 2476 3133 2521 vestram
3163 2466 3431 2531 refricem,

1871 2561 2098 2628 repeto);
2116 2560 2431 2612 vocatetiam
2451 2559 2841 2612 Testamentum
2861 2557 3060 2610 Novum
3075 2556 3138 2608 ad
3154 2555 3445 2607 distinctio-

1871 2668 1990 2705 nem
2015 2651 2285 2704 inveterati
2303 2651 2660 2702 indicandam:
2683 2648 3014 2716 prasstantius
3031 2645 3252 2708 scilicet,
3269 2643 3331 2696 ad
3352 2643 3437 2695 di-

1872 2745 2205 2796 stinctionem
2237 2742 2500 2794 inferioris
2534 2750 2846 2801 ueternum,
2883 2736 3274 2805 comparatione
3304 2734 3440 2788 facta

1873 2833 1938 2885 ad
1970 2832 2278 2899 temporale.
2309 2832 2412 2886 Sed
2443 2842 2495 2885 et
2520 2831 2807 2886 secundum
2839 2830 3229 2883 Testamentum
3272 2828 3441 2894 ipsum

1874 2933 2044 2978 vocat.
2075 2923 2207 2988 Quid
2253 2924 2319 2976 ita
2360 2923 2689 2976 secundum?
2739 2921 2808 2974 Ut
2836 2930 3014 2972 mutua
3061 2918 3441 2972 sententiarum

1875 3016 2202 3068 connexione
2241 3029 2400 3067 unum
2448 3013 2661 3065 efficiat.
2704 3011 2832 3064 Nam
2883 3010 3020 3078 quod
3060 3009 3349 3062 abscissum
3379 3008 3443 3061 ab

1877 3106 2052 3174 aliquo
2081 3116 2177 3168 est,
2205 3104 2494 3158 secundum
2535 3118 2637 3155 non
2682 3101 2996 3171 appellatur.
3036 3099 3292 3165 Quoniam
3315 3112 3441 3150 vero

1879 3198 2019 3251 Deus
2045 3197 2255 3250 oracula
2295 3211 2390 3249 sua
2431 3195 2593 3249 edidit
2617 3204 2669 3246 et
2700 3194 2749 3246 in
2780 3195 2970 3262 primo,
3013 3203 3064 3245 et
3113 3191 3162 3242 in
3188 3189 3442 3251 secundo,

1879 3291 2015 3343 idem
2043 3290 2128 3343 ille
2156 3288 2343 3342 Paulus
2387 3289 2612 3355 primum
2661 3296 2712 3339 et
2759 3284 3044 3339 secundum
3085 3291 3256 3346 vocat,
3285 3289 3442 3348 atque

1880 3394 2099 3434 numero
2127 3378 2543 3432 convenientiam
2577 3378 2847 3441 utriusque
2894 3382 2947 3425 et
2983 3386 3294 3425 consensum
3337 3370 3446 3421 de—

1880 3470 2064 3524 clarat.
2101 3469 2298 3522 Idcirco
2325 3468 2537 3530 Paulus,
2570 3467 2658 3534 qui
2684 3464 2963 3517 indivisum
2997 3462 3182 3520 Patris,
3213 3469 3265 3512 et
3302 3459 3442 3522 Filii,

1883 3570 1934 3616 et
1960 3560 2186 3629 Spiritus
2206 3560 2370 3613 sancti
2401 3573 2619 3626 regnum
2645 3555 2911 3624 praidicat,
2935 3553 3092 3606 modo
3116 3550 3446 3619 evangelium

1885 3652 1972 3705 Dei
2008 3651 2195 3712 Patris,
2234 3649 2389 3702 modo
2420 3649 2534 3701 Filii
2575 3645 2805 3716 appellat
2837 3642 3070 3696 :Paulus
3112 3657 3280 3694 servus
3324 3638 3445 3692 Jesu

1884 3744 2088 3807 Christi,
2122 3753 2322 3795 vocatus
2359 3739 2634 3809 apostolus,
2688 3745 2971 3806 segregatus
3022 3737 3071 3786 in
3121 3733 3447 3800 Evangelium

1883 3834 1977 3886 Dei
2003 3834 2176 3901 (Rom.
2227 3832 2377 3899 1.1).
2411 3823 2606 3882 Verum
2655 3843 2721 3879 ne
2761 3826 2897 3892 quis,
2947 3839 3064 3877 eum
3110 3823 3286 3875 audiat
3322 3819 3448 3872 illud

1892 3924 2229 3991 Evangelium
2252 3921 2360 3980 Dei,
2389 3919 2674 3972 arbitretur
2701 3916 2889 3969 Filium
2930 3913 3120 3965 nullam
3168 3912 3230 3963 ad
3261 3908 3450 3977 prtedi-

1883 4015 2108 4069 candum
2153 4012 2516 4066 auctoritatem
2559 4009 2822 4069 obtinere,
2871 4006 2920 4056 in
2971 4004 3154 4057 eadem
3190 4000 3446 4069 Epistola,

1887 4106 2042 4174 paulo
2071 4112 2187 4171 post
2211 4102 2282 4153 ait
2315 4119 2326 4151 :
2361 4100 2517 4153 Testis
2547 4099 2678 4150 enim
2717 4097 2840 4146 milii
2866 4093 3022 4157 Deus,
3052 4093 3130 4144 cui
3161 4091 3370 4142 inservio
3397 4091 3450 4140 in

1886 4197 2065 4265 spiritu
2087 4209 2192 4245 meo
2213 4189 2547 4255 inEvangelio
2580 4187 2700 4238 Filii
2726 4187 2833 4252 ejus
2861 4183 3034 4251 (Rom.
3071 4181 3120 4233 1.
3153 4180 3231 4248 9).
3265 4179 3451 4231 Viden’

1891 4283 2148 4354 prmconis
2177 4280 2328 4347 hujus
2353 4279 2543 4331 mirum
2577 4275 2864 4342 ingenium,
2902 4280 2954 4325 et
2987 4269 3297 4324 sententiam
3329 4282 3451 4335 per-

1887 4375 2118 4431 fectam?
2161 4371 2237 4425 Ne
2276 4369 2665 4423 existimaretur
2710 4365 2758 4417 in
2805 4363 2918 4432 lege
2969 4360 3177 4428 quidem
3216 4359 3304 4412 alii
3346 4359 3452 4411 Deo

1887 4469 2108 4532 servire,
2149 4461 2501 4530 quvangelio
2529 4472 2657 4512 vero
2683 4457 2744 4509 ad
2774 4457 2928 4508 alium
2974 4453 3131 4505 Deum
3163 4451 3453 4504 successio-

1888 4575 2008 4613 nem
2039 4559 2229 4619 l'acere,
2261 4553 2426 4620 inquit
2455 4567 2467 4600 :
2502 4547 2791 4599 Benedictus
2820 4543 2973 4604 Deus,
3001 4541 3082 4592 cui
3107 4541 3264 4591 servio
3290 4555 3320 4589 a
3341 4554 3452 4588 ma-

1878 4648 2075 4716 joribus
2108 4646 2160 4697 in
2198 4639 2496 4694 conscientia
2535 4651 2661 4705 pura
2687 4632 2759 4697 (2.
2788 4631 2917 4683 Tim.
2953 4630 3002 4681 1.
3033 4629 3107 4694 5).
3146 4626 3257 4679 Non
3289 4627 3451 4688 enim,

1891 4739 2075 4808 inquit,
2104 4735 2167 4788 ab
2215 4733 2316 4785 alio
2355 4730 2416 4781 ad
2463 4727 2621 4779 alium
2672 4722 2898 4783 secessi;
2950 4717 3042 4771 sed
3073 4731 3228 4784 quem
3260 4715 3454 4768 inscius

1889 4830 2145 4888 colebam,
2183 4825 2296 4890 ejus
2339 4819 2640 4888 cognitione
2683 4813 2935 4873 imbutus,
2973 4805 3275 4872 Complexus
3314 4819 3452 4858 sum.

1892 4925 1957 4978 Et
1980 4921 2099 4975 alibi
2129 4933 2246 4971 cum
2277 4914 2469 4966 docere
2497 4907 2673 4965 vellet,
2707 4901 2916 4954 oracula
2943 4895 3266 4950 Testamenti
3295 4896 3454 4949 \‘ete-

1891 5015 1963 5068 ris
1990 5021 2041 5065 et
2067 5007 2194 5063 Novi
2222 5006 2287 5058 ab
2315 5001 2501 5055 eodem
2525 5011 2617 5050 ore
2656 4992 2945 5057 eodemque
2977 4988 3197 5039 Domino
3220 4983 3453 5052 profecta

1891 5119 2026 5162 esse,
2058 5114 2214 5150 unum
2263 5087 2620 5147 testimonium
2652 5082 2781 5152 petit
2815 5095 2842 5131 a
2879 5079 3213 5131 Testamento
3257 5075 3454 5139 Veteri,

1891 5195 1972 5247 cui
2002 5189 2355 5257 evangelicum
2385 5180 2697 5235 sententiam
2726 5171 2994 5232 annexuit,
3024 5183 3141 5221 cum
3169 5167 3239 5219 ait
3267 5182 3280 5217 :
3313 5165 3456 5219 Scri-

1893 5295 2030 5354 ptum
2051 5291 2140 5345 est,
2172 5277 2291 5330 Non
2318 5271 2565 5326 abtur—abis
2607 5285 2661 5320 os
2707 5265 2814 5318 bovi
2846 5261 3222 5322 trituranti;et,
3259 5257 3457 5326 Dignus

1893 5388 1960 5430 est
1987 5372 2240 5444 operarius
2279 5364 2499 5419 mercede
2543 5377 2636 5414 sua
2666 5359 2741 5426 (1.
2795 5355 2923 5407 Tim.
2957 5354 3008 5406 5.
3057 5351 3165 5418 18).
3218 5350 3451 5415 Quorum

1894 5442 2042 5533 illud,
2080 5465 2196 5518 Non
2226 5458 2495 5519 obturabis,
2521 5452 2677 5506 Musis
2706 5458 2786 5501 est
2815 5465 2827 5499 :
2854 5446 2974 5509 hoc,
3007 5442 3198 5511 Dignus
3230 5451 3296 5492 est
3337 5456 3455 5506 ope-

1894 5529 2057 5616 rarius
2083 5556 2303 5610 mercede
2329 5566 2421 5604 sua
2455 5547 2630 5615 (Deut.
2660 5541 2749 5595 25.
2784 5539 2849 5603 4;
2882 5536 3006 5588 Luc.
3055 5536 3137 5587 10.
3181 5533 3260 5599 7),
3304 5529 3457 5584 (λιπε-

1895 5661 2009 5709 stus
2028 5652 2080 5704 in
2099 5643 2398 5713 Evangeliis
2423 5637 2608 5692 effatus
2638 5639 2734 5686 est.
2765 5629 2831 5682 At
2858 5627 2964 5691 ille,
2994 5632 3047 5676 ut
3069 5626 3275 5691 planum
3315 5619 3455 5671 face-

1899 5752 1997 5800 ret.
2046 5739 2112 5793 ab
2161 5711 2269 5790 uno
2306 5741 2360 5788 et
2403 5727 2593 5785 eodem
2633 5737 2727 5778 ore
2775 5719 2886 5773 hinc
2936 5722 2988 5768 et
3038 5712 3121 5771 illa
3164 5711 3303 5765 edita
3338 5722 3456 5764 esse
