3982 6218
593 375 704 430 399

593 477 826 538 oracula,
855 475 993 541 ideo,
1033 489 1148 543 qum
1175 472 1434 528 distinctis
1471 471 1794 540 temporibus
1820 472 2150 540 pronuntiata

589 569 817 628 fuerant,
845 567 913 619 ob
943 564 1177 617 veritatis
1193 563 1590 617 consensionem
1610 561 1887 629 copulavit,
1905 576 2024 614 cum
2043 561 2114 614 ait
2138 580 2153 614 :

590 657 852 721 Scriptum
877 667 970 718 est,
1005 655 1122 707 Non
1149 655 1396 706 obturabis
1422 669 1477 706 os
1506 654 1611 704 bovi
1641 653 1895 704 trituranti
1912 668 1930 715 ;
1948 661 2024 713 et,
2056 650 2153 702 Di-

588 763 716 814 gnus
743 754 812 797 est
839 745 1097 810 aperarius
1123 743 1342 795 mercede
1367 758 1477 795 sua.
1510 742 1670 808 Ilujus
1699 740 2013 808 evangelicae
2034 739 2155 793 har-

588 835 780 886 monia:
811 832 1090 900 imaginem
1124 833 1251 884 retia
1284 831 1368 884 illa
1410 830 1569 894 Petri,
1612 845 1727 898 qua:
1755 829 1910 881 hodie
1939 829 1993 882 in
2021 843 2152 882 cou-

585 929 768 989 spectu
819 929 996 974 vestro
1040 921 1210 973 laxata
1261 929 1415 980 sunt,
1463 919 1731 971 exhibent.
1779 917 1960 985 Neque
2011 919 2150 970 enim

584 1012 750 1065 semel
789 1012 973 1064 Petrus
1002 1019 1202 1064 tantum
1233 1012 1361 1063 retia
1403 1010 1594 1062 laxavit
1627 1027 1638 1060 :
1671 1010 1762 1062 sed
1807 1010 1848 1060 si
1883 1008 2150 1062 historiam

586 1109 817 1167 spectes,
847 1100 1010 1153 semel
1031 1109 1256 1161 tantum;
1289 1099 1381 1153 sed
1408 1099 1457 1152 vi
1487 1107 1538 1152 et
1567 1097 1800 1150 efﬁcacia
1827 1111 1986 1165 smpe.
2013 1098 2156 1163 Quo-

585 1189 686 1242 ties
716 1191 855 1243 enim
883 1190 1208 1258 evangelium
1236 1190 1564 1257 praedicatur,
1595 1188 1720 1240 nihil
1749 1203 1847 1256 ego
1885 1187 2026 1240 aliud
2067 1189 2148 1240 in-

586 1287 754 1343 tueor,
790 1295 943 1347 quam
993 1280 1224 1343 Petrum,
1265 1288 1318 1332 et
1347 1277 1629 1342 Andream,
1681 1287 1733 1330 et
1790 1285 1953 1330 totum
2002 1277 2178 1330 illum'

589 1368 809 1422 chorum
829 1371 1195 1438 apostolicum,
1215 1369 1570 1437 evangelicum
1590 1369 1711 1421 illud
1731 1377 1842 1422 rete
1862 1369 2147 1422 laxantem.

654 1459 705 1510 2.
738 1458 804 1511 Et
832 1469 945 1512 erat
971 1473 1098 1511 sane
1129 1472 1318 1510 novum
1351 1459 1702 1526 spectaculum
1726 1457 2058 1511 Servatorem
2093 1457 2144 1510 in

584 1548 714 1598 mari
741 1547 1070 1614 conspicere,
1099 1556 1151 1599 et
1179 1547 1445 1598 auditores
1477 1547 1527 1598 in
1557 1547 1728 1599 littore
1757 1547 2107 1600 consistentes
2132 1564 2146 1599 :

585 1635 716 1687 mira
743 1649 826 1688 res
855 1653 870 1688 :
902 1637 1070 1704 pisces
1098 1636 1146 1687 iu
1189 1646 1343 1698 terra,
1388 1637 1616 1704 piscator
1645 1637 1693 1690 in
1734 1639 1862 1690 mari
1905 1624 2150 1691 versaba-

585 1735 690 1780 tur.
722 1725 980 1780 lmmissio
1010 1728 1144 1780 illius
1167 1728 1294 1781 retis
1325 1729 1494 1798 imago
1515 1741 1628 1782 erat
1650 1730 1898 1783 doctrina:
1918 1747 2144 1799 evange-

584 1814 718 1868 lica}.
753 1814 971 1884 Reperit,
1014 1815 1197 1885 inquit,
1231 1817 1499 1883 piscatores
1548 1817 1765 1871 lavantes
1818 1819 1942 1871 retia
1995 1819 2144 1878 (Luc.

582 1903 634 1957 5.
659 1904 696 1958 2
717 1905 759 1972 ),
781 1914 835 1956 ut
855 1905 940 1972 qui
962 1920 1171 1959 omnem
1191 1915 1420 1974 captura:
1443 1921 1585 1974 spem
1609 1906 1947 1973 abjecissent.
1972 1909 2146 1961 Pisca-

581 2002 665 2044 tor
685 1994 824 2045 enim
847 1993 946 2046 nisi
969 1994 1210 2059 desperet
1233 2009 1288 2046 se
1303 1995 1499 2062 aliquid
1526 1994 1740 2060 piscium
1762 2009 1913 2061 posse
1934 2011 2142 2062 capere,

580 2089 692 2134 rete
718 2095 820 2133 non
850 2081 1003 2134 lavat.
1036 2082 1213 2150 Itaque
1235 2084 1429 2152 reperit
1452 2083 1592 2152 ipsos
1623 2083 1871 2138 Servator
1913 2087 2042 2140 retia
2072 2088 2145 2139 la-

581 2179 783 2232 vautes,
804 2180 861 2225 ut
883 2173 970 2240 qui
989 2173 1158 2226 nullos
1181 2187 1299 2226 sese
1337 2175 1506 2241 pisces
1528 2190 1716 2242 capere
1739 2192 1892 2244 posse
1913 2178 2144 2232 confide.

577 2273 708 2323 nuit,
738 2262 1052 2316 etDominus
1080 2265 1380 2330 piscationis
1409 2267 1600 2330 adstat,
1629 2277 1680 2322 et
1707 2269 1831 2336 quid
1858 2269 2143 2323 facit‘tl’ri-

577 2364 720 2400 mum
745 2350 954 2417 quidem
982 2353 1274 2405 doctrinam
1306 2356 1539 2406 veritatis
1570 2357 1668 2408 illis
1698 2360 1940 2424 proponit
1970 2376 1982 2411 :
2017 2359 2138 2414 biuc

575 2437 722 2505 jubet
748 2447 862 2492 rete
889 2439 1074 2493 laxari.
1104 2441 1236 2495 Cum
1265 2443 1404 2497 enim
1431 2444 1588 2497 verba
1615 2445 1729 2498 sine
1754 2447 2003 2512 operibus
2043 2447 2139 2502 deo

576 2532 952 2584 monstratione
1003 2541 1274 2599 carerent,
1322 2533 1598 2602 oportebat
1649 2535 1939 2590 doctrinam
1989 2539 2138 2592 factis

574 2622 887 2674 confirmare
920 2639 932 2674 :
963 2637 1081 2675 nam
1129 2623 1236 2678 Deo
1278 2623 1516 2692 jubeute,
1557 2642 1673 2694 qua:
1713 2627 1949 2694 uuspiam
1981 2644 2138 2696 repe-

573 2711 777 2762 riuntur
815 2710 1051 2764 invenies
1082 2728 1096 2766 :
1124 2721 1176 2766 et
1211 2729 1328 2782 quae
1371 2729 1475 2767 non
1504 2723 1645 2778 sunt,
1685 2717 1881 2784 capies.
1923 2715 2133 2781 Laure,

571 2798 664 2861 ait,
693 2799 816 2850 retia
841 2809 999 2852 vestra
1022 2800 1166 2870 (Luc.
1199 2803 1250 2856 5.
1287 2803 1340 2857 4.
1373 2804 1450 2870 5).
1481 2804 1580 2856 Cui
1613 2805 1798 2858 Petrus
1825 2823 1840 2858 :
1868 2805 2132 2875 Magister,

571 2904 659 2956 per
685 2898 837 2941 totam
862 2900 1052 2942 noctem
1071 2893 1370 2952 laborantes.
1393 2893 1520 2945 nihil
1544 2897 1779 2961 cepimus,
1810 2897 1897 2949 sed
1922 2897 1973 2948 in
1992 2897 2134 2950 verbo

573 2987 658 3030 tuo
704 2980 883 3033 laxabo
927 2992 1045 3034 rete.
1102 2983 1348 3035 Admiror
1399 2985 1536 3038 Petri
1596 2986 1746 3039 tidem
1773 2993 1803 3038 ':
1851 2989 1936 3055 qui
1967 2990 2132 3055 prima

570 3069 844 3138 desperata
891 3072 1125 3136 haberet,
1179 3085 1232 3127 et
1274 3089 1407 3127 nova
1449 3076 1732 3129 crederet:
1768 3075 1826 3128 in
1870 3077 2011 3130 verba
2049 3087 2133 3132 tuo

570 3160 748 3213 laxabo
770 3171 888 3216 rete.
935 3162 1060 3226 Cur,
1093 3162 1158 3216 In
1196 3164 1339 3216 verbo
1384 3175 1487 3228 tuo,
1533 3167 1638 3218 ait?
1673 3166 1928 3232 Quoniam
1973 3168 2134 3222 verbo

569 3252 684 3318 ejus
711 3253 825 3305 οτηιί
856 3252 1043 3305 firmati
1067 3263 1207 3318 sunt,
1230 3263 1286 3307 et
1316 3265 1452 3307 terra
1485 3253 1696 3309 fundata
1723 3267 1818 3319 est,
1865 3272 2007 3312 mare
2043 3272 2132 3311 se-

568 3355 804 3412 paratum
836 3353 915 3399 est
941 3344 1106 3414 (Psal.
1148 3346 1238 3400 32.
1280 3346 1332 3400 6.
1384 3357 1431 3398 et
1486 3348 1604 3401 101.
1647 3348 1735 3415 96)
1765 3365 1776 3400 :
1808 3348 1964 3401 homo
2004 3365 2131 3418 pro-

569 3437 696 3502 priis
722 3437 830 3489 suis
851 3436 1066 3490 ﬂoribus
1093 3446 1373 3491 coronatus
1417 3447 1515 3501 est,
1549 3447 1601 3492 et
1633 3439 1809 3491 omnia
1852 3439 2011 3492 verbo
2040 3449 2129 3491 tuo

567 3526 952 3579 constiterunt:
985 3536 1040 3578 ut
1061 3528 1133 3579 ait
1159 3527 1349 3580 Paulus
1382 3543 1394 3579 :
1427 3528 1523 3592 Qui
1562 3538 1724 3594 portat
1771 3531 1938 3582 omnia
1987 3531 2130 3583 verba

573 3618 804 3682 potentia
827 3617 1126 3684 suce(llebr.
1165 3619 1211 3671 1.
1245 3619 1322 3687 3).
1357 3617 1420 3670 In
1440 3622 1582 3671 verba
1604 3629 1688 3672 tuo
1714 3621 1891 3672 laxabo
1916 3630 2033 3671 rete.
2067 3621 2128 3671 Et

569 3705 781 3757 verbum
814 3706 939 3758 illud
969 3707 1179 3774 quidem
1213 3717 1324 3761 rete
1345 3709 1627 3762 antecessit
1657 3727 1668 3760 :
1701 3725 1797 3762 nec
1824 3710 1998 3777 pisces
2035 3708 2128 3761 ad-

565 3803 708 3846 sunt.
729 3793 857 3845 Nam
888 3795 1008 3846 licet
1049 3795 1359 3857 adfuissent,
1401 3795 1468 3848 ob
1509 3797 1784 3849 tumultum
1815 3813 1996 3849 eurum
2039 3800 2124 3865 qui

567 3883 923 3949 piscabantur,
956 3882 1176 3938 fuissent
1225 3885 1432 3953 dilapsi.
1467 3886 1569 3940 Sed
1606 3887 1875 3940 descendit
1911 3890 2125 3943 verbum

563 3971 699 4037 ejus,
733 3971 832 4036 Qui
860 3982 996 4024 vocat
1032 3989 1089 4024 ea
1114 3990 1224 4040 qua:
1257 3991 1354 4027 non
1380 3985 1510 4038 sunt,
1544 3992 1604 4028 ac
1628 3979 1669 4028 si
1690 3987 1847 4029 essent
1871 3977 2038 4043 (Rom.
2073 3981 2125 4032 4.

565 4063 648 4128 17)
681 4080 693 4114 :
719 4063 951 4129 potentia
998 4063 1111 4131 ejus
1133 4066 1220 4132 qui
1241 4066 1478 4132 jubebat.
1505 4068 1650 4134 prius
1675 4083 1829 4137 quam
1855 4078 1966 4122 rete
1983 4086 2127 4124 mare

563 4151 724 4203 subiit
752 4166 763 4200 :
788 4160 840 4203 et
871 4166 1054 4220 magna
1086 4154 1164 4206 vis
1194 4155 1413 4221 piscium
1441 4165 1617 4209 coacta
1664 4167 1764 4210 est.
1811 4159 1985 4226 Imago
2013 4159 2126 4213 hare

560 4239 655 4291 fuit
680 4239 990 4293 universalis
1022 4241 1297 4296 Ecclesiae.
1341 4244 1702 4311 Rumpebatur
1746 4255 1896 4302 rete:
1925 4262 2125 4304 annue-

561 4338 682 4381 runt
707 4331 885 4391 sociis,
913 4333 1000 4398 qui
1033 4332 1082 4384 iu
1109 4333 1208 4385 alia
1235 4334 1469 4388 navicula
1500 4346 1669 4401 erant,
1701 4345 1758 4390 ut
1785 4339 2046 4401 venirent,
2071 4351 2124 4392 et

561 4419 657 4471 sibi
703 4421 1083 4474 auxiliarentur
1135 4423 1281 4491 (Luc.
1325 4426 1377 4478 5.
1428 4428 1479 4478 6.
1531 4427 1607 4494 7).
1657 4428 1943 4494 Oportebat
1981 4433 2120 4482 enim

563 4524 724 4563 naves
763 4510 893 4564 duas
929 4526 1241 4566 concurrere
1296 4515 1359 4566 ad
1406 4515 1545 4566 illam
1601 4517 1960 4582 piscationem.
2013 4518 2121 4570 Nisi

563 4601 704 4651 enim
734 4601 1102 4669 prophetarum
1129 4603 1321 4656 chorus
1343 4605 1642 4671 apostolica:
1673 4607 1846 4658 manui
1869 4607 2026 4671 adsit,
2071 4617 2124 4661 et

565 4691 852 4758 opituletur
879 4709 891 4743 :
925 4703 976 4746 et
996 4695 1092 4746 nisi
1115 4696 1344 4747 oraculis
1367 4697 1739 4764 prophetarum
1767 4699 2120 4765 apostolorum

562 4790 783 4832 eventus
811 4784 1146 4848 respondeat,
1182 4800 1283 4836 non
1315 4788 1550 4853 capimus
1577 4801 1692 4852 quae
1724 4802 1999 4839 venamur.
2026 4787 2124 4839 Ita-

560 4885 662 4937 que
686 4885 804 4923 cum
826 4870 1075 4926 Servator
1095 4876 1459 4929 demonstrare
1495 4876 1665 4939 vellet,
1708 4876 1841 4930 hanc
1881 4879 2118 4945 piscatio-

560 4977 680 5014 nem
711 4963 991 5031 imaginem
1021 4981 1140 5020 esse
1188 4967 1457 5030 Ecclesim,
1505 4977 1560 5020 ut
1603 4969 1815 5022 Petrum
1851 4972 2117 5035 erudiret;

562 5053 662 5104 huc
687 5055 926 5120 exemplo
962 5058 1102 5108 acuit
1137 5066 1189 5109 et
1228 5057 1462 5110 incitavit
1507 5058 1572 5109 ad
1627 5058 2005 5124 fortitudinem,
2059 5077 2119 5114 ac

557 5141 683 5194 dicit
710 5144 826 5210 ipsi,
877 5143 957 5196 Ne
990 5156 1198 5210 metuas,
1240 5150 1304 5200 ab
1357 5150 1448 5200 hoc
1493 5160 1727 5218 tempore,
1777 5151 1996 5204 homines
2027 5154 2120 5204 eris

555 5234 759 5299 eripiens
790 5232 934 5300 (Luc.
964 5235 1149 5303 5.10).
1181 5238 1252 5288 Ab
1291 5237 1384 5290 hoc
1435 5249 1668 5306 teutpore,
1719 5256 1821 5307 quo
1872 5242 2119 5306 potentia:

556 5338 691 5376 .tueze
743 5337 919 5376 coram
965 5327 1110 5378 vobis
1151 5329 1436 5394 periculum
1487 5329 1724 5381 factum:
1770 5329 1924 5397 idque
1971 5329 2118 5383 vobis

555 5415 821 5480 cognitum
845 5423 895 5466 et
923 5416 1073 5482 plane
1096 5427 1424 5482 perspectum
1457 5428 1555 5480 est,
1586 5420 1742 5470 etiam
1776 5419 1924 5472 bruta
1960 5419 2118 5472 verbo

558 5519 679 5556 meo
700 5504 934 5567 obedire,
964 5506 1239 5572 omniaque
1269 5517 1450 5558 nulum
1475 5522 1647 5559 meum
1677 5508 1843 5576 sequi.
1878 5508 1983 5559 Hoc
2007 5507 2118 5559 ido-

557 5605 658 5644 neo
695 5593 939 5659 exemplo
981 5594 1048 5646 ob
1097 5596 1278 5648 oculos
1328 5597 1514 5663 posito,
1559 5595 1809 5663 deinceps
1851 5596 2116 5663 capiendis

560 5679 855 5738 hominibus
885 5699 1098 5753 operam
1129 5685 1269 5739 dato.
1304 5685 1480 5755 Neque
1507 5687 1646 5742 cuitu
1684 5687 1833 5752 dicit,
1875 5685 2114 5742 homines

2062 353 2337 410 INCERTI

3729 385 3851 439 400

2259 473 2563 542 piscaberis,
2601 475 2694 530 sed
2723 475 2964 530 Homines
2997 477 3130 531 uiros
3163 477 3366 545 capiens
3393 479 3509 532 eris.
3538 476 3830 547 Siquidem

2258 563 2432 632 pisces
2457 564 2562 616 vivi
2593 565 2657 618 ad
2682 577 2905 619 mortem
2935 566 3101 619 solent
3127 568 3278 636 capi;
3303 566 3542 621 homines
3569 582 3700 622 vero
3737 583 3838 620 ca-

2257 652 2489 719 piuntur,
2524 663 2583 705 ut
2625 669 2656 706 a
2693 665 2864 708 morte
2893 655 2957 707 ad
2998 655 3155 707 vitam
3189 665 3452 709 transeant
3483 674 3497 710 :
3523 658 3698 724 itaque
3731 657 3836 721 ait,

2256 743 2330 795 Ab
2358 744 2450 796 hoc
2473 755 2691 812 tempore
2735 746 2956 798 homines
2983 746 3080 798 eris
3120 747 3341 811 capiens.
3373 746 3476 800 Sed
3504 763 3595 801 cur
3618 748 3690 800 ait
3725 749 3833 811 illi,

2257 830 2340 883 Ne
2366 834 2596 886 metuas?
2623 833 2770 896 Esto,
2797 836 3110 902 promissum
3133 835 3463 902 splendidum
3503 836 3652 891 fuerit
3676 856 3692 902 ;
3727 853 3836 891 cur

2254 919 2362 973 ait:
2399 920 2478 972 Ne
2503 932 2695 974 metuas
2721 923 2746 973 γ
2769 922 2896 988 Quia
2925 922 2998 974 illi
3040 923 3089 975 in
3121 934 3350 977 mentem
3401 926 3539 979 venit
3577 927 3832 994 priorum

2255 1015 2615 1074 peccatorum,
2664 1009 2916 1062 Dominus
2965 1009 3038 1062 ait
3083 1027 3096 1062 :
3151 1010 3232 1063 Ne
3281 1023 3471 1064 metuas
3521 1023 3570 1066 te
3618 1015 3828 1083 ipsum,

2255 1104 2519 1164 tamquam
2565 1106 2897 1166 peccatorem
2945 1116 2958 1152 :
3003 1099 3094 1151 sed
3125 1099 3376 1169 deinceps
3420 1102 3636 1170 teipsum
3677 1120 3829 1158 con-

2253 1185 2452 1240 sideres
2478 1197 2533 1240 ut
2556 1189 2875 1256 apostolum,
2923 1190 3009 1259 qui
3059 1190 3325 1244 dominico
3375 1193 3590 1260 imperio
3623 1196 3823 1248 orbem

2251 1276 2399 1342 quasi
2451 1291 2643 1346 sagena
2692 1279 2969 1347 complecti
3019 1279 3239 1348 juberis.
3296 1281 3439 1335 Hanc
3481 1299 3678 1347 vocem,
3729 1283 3826 1339 Ne

2253 1374 2480 1430 metuas,
2527 1367 2750 1436 quisque
2798 1383 2862 1422 ex
2913 1368 3124 1422 Christo
3173 1370 3388 1434 audiat;
3446 1370 3528 1425 Ne
3571 1385 3767 1428 metuas
3802 1389 3826 1428 .'

2251 1453 2410 1506 modo
2438 1453 2504 1507 ab
2547 1457 2646 1507 hoc
2677 1467 2914 1525 tempore
2947 1459 3309 1526 paenitentiam
3345 1470 3480 1529 agat.
3524 1462 3653 1531 Ergo
3683 1473 3814 1517 rete

2253 1543 2382 1596 illud
2410 1585 2424 1608 ,
2455 1555 2510 1598 ut
2540 1545 2779 1599 ordinem
2809 1561 2989 1601 rerum
3019 1550 3447 1616 explicandarum
3481 1551 3618 1619 prius
3649 1553 3816 1606 iusti-

2250 1641 2418 1686 tutum
2445 1648 2853 1703 prosequamur,
2885 1636 3059 1704 imago
3101 1637 3196 1689 fuit
3221 1640 3534 1707 evangelica:
3564 1639 3816 1694 Servato-

2250 1723 2324 1775 ris
2369 1723 2647 1776 doctrina}.
2698 1723 2808 1778 Hoc
2841 1735 3018 1778 autem
3058 1727 3388 1795 evangelium
3425 1726 3579 1780 modo
3617 1728 3819 1782 Paulus

2249 1811 2581 1880 evangelium
2629 1812 2887 1880 justilite,
2935 1814 3093 1868 modo
3121 1815 3448 1883 evangelium
3495 1817 3664 1884 pacis,
3711 1819 3817 1871 alio

2247 1902 2458 1970 quando
2512 1903 2846 1972 evangelium
2902 1907 3149 1973 potentia:
3197 1907 3442 1974 appellat.
3489 1907 3617 1973 Quia
3665 1910 3812 1964 enim

2248 1991 2638 2058 praedicationis
2681 1992 2765 2045 illa
2794 1994 2960 2062 gratia
3005 2003 3213 2062 poterat
3244 1995 3380 2048 bella
3407 1995 3640 2062 auferre,
3668 2000 3816 2052 sedi-

2247 2079 2528 2148 tionesque
2559 2081 2832 2136 hominum
2879 2085 3016 2137 circa
3053 2085 3299 2151 pietatem
3335 2101 3437 2138 nou
3468 2089 3812 2142 consentien-

2247 2170 2373 2223 tium
2400 2171 2682 2240 dissipare,
2711 2173 2832 2240 quia
2855 2188 3041 2226 omnes
3068 2174 3133 2227 ad
3158 2176 3381 2228 salutem
3419 2178 3623 2243 invitat,
3648 2194 3811 2233 eun-

2241 2261 2437 2326 gclium
2462 2261 2682 2330 justitim
2711 2262 2902 2315 dicitur
2932 2281 2944 2315 :
2985 2265 3107 2332 quia
3158 2279 3283 2317 vero
3319 2265 3617 2320 dminonum
3665 2268 3808 2323 bella

2241 2350 2417 2416 sedat,
2443 2353 2773 2421 evangelium
2802 2353 2946 2421 pacis
2986 2354 3284 2422 appellatur
3313 2374 3324 2408 :
3357 2371 3418 2409 ac
3443 2358 3559 2425 quia
3591 2357 3680 2411 Dei
3715 2374 3810 2412 co-

2241 2441 2534 2506 gnitionem
2571 2443 2749 2495 verbis
2779 2444 2972 2496 vilibus
3002 2445 3321 2513 promulgat.
3353 2448 3684 2515 evangelium
3713 2465 3807 2516 po-

2242 2530 2423 2582 tentia:
2451 2529 2664 2582 dicitur.
2706 2531 2842 2583 Audi
2891 2532 3108 2585 Paulum
3139 2533 3402 2587 dicentem
3432 2551 3446 2586 :
3485 2534 3604 2588 Non
3627 2539 3806 2590 erube-

2239 2637 2323 2672 sco
2371 2623 2686 2691 evangelium
2711 2638 2730 2674 :
2761 2624 2914 2675 virtus
2942 2624 3073 2675 enim
3107 2623 3203 2677 Dei
3247 2634 3316 2678 est
3339 2626 3409 2676 ad
3430 2627 3639 2678 salutem
3668 2631 3805 2681 omni

2242 2711 2507 2778 credenti(
2546 2712 2697 2765 llam.
2723 2713 2774 2765 1.
2805 2713 2870 2767 lG
2900 2715 2938 2781 ).
2985 2713 3225 2768 Potentia
3269 2716 3526 2784 siquidem
3563 2726 3672 2771 tum
3711 2719 3804 2772 de-

2237 2816 2380 2853 mum
2418 2817 2542 2855 vere
2579 2803 2831 2856 eluceseit
2857 2843 2871 2866 ,
2909 2818 3028 2857 cum
3069 2805 3113 2857 is
3147 2806 3234 2872 qui
3276 2806 3543 2873 praedicat,
3571 2822 3680 2861 non
3706 2811 3804 2862 bu—

2239 2905 2392 2944 mana
2424 2892 2682 2945 rationum
2720 2892 2860 2946 serie
2895 2907 3020 2947 usus
3045 2934 3061 2958 ,
3090 2895 3347 2950 terminos
3377 2895 3520 2950 orbis
3551 2898 3753 2954 obtinet
3781 2917 3797 2964 ;

2236 2989 2292 3032 ut
2314 2980 2565 3036 Servator
2608 2982 2772 3036 Paulo
2797 2983 2924 3036 dicit
2956 2999 2969 3034 :
2999 2984 3189 3052 δωρεαί(
3211 2986 3304 3055 tibi
3335 2988 3496 3056 gratia
3522 3004 3634 3042 mea
3658 3005 3678 3042 :
3702 2991 3801 3042 uir-

2237 3078 2317 3120 tus
2340 3072 2471 3122 enim
2492 3088 2599 3123 mea
2625 3075 2676 3124 in
2701 3073 2993 3139 inﬁrmitate
3019 3075 3317 3145 perﬁcitur(
3343 3075 3395 3128 2.
3425 3075 3544 3130 Cor.
3577 3079 3661 3131 12.
3696 3082 3726 3134 9
3754 3079 3794 3148 ).

2235 3156 2420 3227 Neque
2449 3161 2591 3213 enim
2621 3176 2866 3230 magnum
2895 3163 3161 3232 quidpiam
3190 3163 3290 3217 hoc
3321 3163 3538 3228 fuisset,
3568 3167 3612 3220 si
3642 3167 3800 3221 Chri-

2235 3258 2349 3303 stus
2376 3249 2512 3303 nuda
2552 3265 2644 3304 sua
2670 3251 2942 3306 divinitate
2973 3255 3157 3307 orbem
3191 3254 3540 3308 illustrassct:
3573 3256 3665 3309 sed
3699 3256 3796 3311 hoc

2233 3341 2446 3405 mirum,
2481 3341 2618 3410 quod
2646 3357 2873 3410 corpore
2915 3357 3011 3396 suo
3041 3344 3415 3412 impassibilem
3460 3353 3512 3398 et
3547 3347 3795 3415 incorpo-

2234 3443 2379 3482 ream
2411 3431 2704 3484 ostenderit
2730 3431 2976 3500 gloriam.
3010 3431 3194 3500 Neque
3225 3432 3353 3485 illud
3382 3433 3716 3500 admirabile,
3749 3436 3793 3489 si

2232 3523 2381 3575 vivus
2407 3532 2460 3576 et
2504 3523 2712 3576 viviﬁca
2757 3523 2921 3592 gloria
2969 3523 3349 3591 resplendens,
3376 3524 3489 3577 orbi
3520 3525 3682 3577 vitam
3713 3542 3795 3580 re-

2229 3616 2489 3668 stituisset
2511 3633 2524 3670 :
2548 3615 2641 3668 sed
2671 3617 2902 3682 potentia
2935 3614 3090 3668 Verbi
3112 3623 3192 3668 est
3214 3613 3354 3682 quod
3378 3623 3543 3667 morte
3568 3625 3792 3668 mei-tem

2235 3705 2403 3769 tollat,
2431 3714 2486 3757 et
2514 3720 2607 3772 per
2631 3707 2979 3759 contumelias
3008 3705 3290 3758 immortali
3315 3705 3480 3773 gloria
3515 3705 3789 3772 refulgeat.

2231 3795 2370 3848 Alibi
2395 3797 2554 3849 etiam
2586 3796 2780 3849 Paulus
2806 3796 3134 3864 evangelium
3163 3796 3306 3863 paris
3339 3796 3568 3863 appellat
3603 3814 3614 3846 :
3655 3796 3792 3850 Prc-

2232 3894 2422 3951 parate,
2453 3885 2545 3950 ait,
2572 3886 2721 3955 pedes
2750 3895 2935 3938 vestros
2963 3887 3015 3937 in
3051 3886 3415 3954 praeparatione
3438 3887 3682 3954 evangelii
3711 3903 3793 3953 pa-

2236 3973 2306 4025 cis
2331 3972 2349 4042 (
2379 3972 2568 4040 Epltes.
2601 3974 2655 4028 6.
2688 3973 2816 4045 15).
2845 3974 2984 4027 Alibi
3007 3973 3335 4042 evangelium
3362 3974 3581 4040 justitia:
3623 3975 3791 4027 nomi-

2232 4071 2344 4127 nat,
2371 4077 2489 4115 cum
2511 4064 2586 4116 ait
2609 4081 2622 4115 :
2658 4062 2777 4116 Non
2805 4065 2934 4116 enim
2963 4063 3192 4116 erubesco
3220 4063 3524 4130 evangelium
3551 4079 3569 4115 :
3589 4065 3788 4132 justitia

2229 4151 2358 4206 enim
2380 4152 2477 4206 Dei
2497 4154 2548 4205 in
2568 4154 2676 4219 ipso
2693 4153 2963 4204 revelatur‘
2988 4151 3163 4219 (Rom.
3197 4152 3245 4204 1.
3282 4151 3362 4204 16.
3396 4151 3502 4218 17).
3530 4151 3667 4216 Quid
3704 4160 3784 4205 cst

2226 4247 2432 4300 Justitia
2460 4244 2554 4297 Dei
2581 4245 2605 4296 ?
2632 4243 2977 4310 Posteaquam
3009 4243 3086 4295 lex
3120 4242 3284 4309 prima
3316 4241 3440 4293 solis
3466 4241 3670 4295 Judzuis
3697 4243 3791 4295 fuit

2226 4337 2738 4406 data,Evangelium
2755 4349 2883 4387 vero
2909 4333 3178 4395 omnibus,
3208 4333 3538 4400 evangelium
3568 4334 3790 4400 justitize

2224 4427 2474 4495 appellat.
2520 4424 2790 4492 Siquidem
2824 4423 2960 4476 Deus
3003 4421 3178 4490 justus
3200 4421 3289 4490 qui
3332 4437 3516 4475 omnes
3545 4438 3790 4492 peratque

2225 4517 2542 4585 procreavit,
2574 4527 2761 4566 omnes
2801 4527 3046 4579 permque
3087 4511 3367 4563 illustravit
3399 4528 3413 4564 :
3450 4511 3687 4579 illudque
3711 4514 3790 4580 ju-

2224 4607 2382 4660 stitia:
2409 4607 2704 4669 erat,'._non
2736 4602 2833 4653 hos
2872 4601 3084 4667 quidem
3134 4615 3366 4664 servare,
3393 4600 3514 4653 illos
3545 4617 3676 4654 vero
3698 4604 3786 4654 mi-

2226 4696 2366 4748 nime
2394 4711 2408 4748 :
2435 4704 2486 4746 et
2519 4693 2615 4744 hos
2639 4705 2854 4752 vocare,
2899 4689 3016 4741 illos
3061 4703 3233 4740 secus.
3279 4687 3332 4740 in
3367 4687 3542 4740 Veteri
3575 4689 3781 4757 quidem

2225 4785 2583 4845 Testamento,
2615 4780 2819 4832 vocatic
2841 4779 2978 4847 justa
3006 4793 3108 4830 non
3141 4778 3237 4830 fuit
3265 4795 3277 4828 :
3307 4777 3398 4830 sed
3432 4781 3777 4840 oeconomica,

2223 4889 2343 4942 quas
2389 4872 2606 4941 justitize
2644 4871 2782 4922 viam
2834 4867 3186 4938 prtemunivit.
3219 4867 3396 4933 Neque
3442 4875 3618 4920 tamen
3653 4867 3782 4922 hanc

2223 4965 2433 5032 quidem
2468 4964 2685 5031 justam,
2717 4961 2857 5013 illam
2886 4973 3011 5013 vero
3039 4958 3286 5026 injustam
3315 4958 3500 5014 dixero
3529 4974 3541 5008 :
3578 4959 3671 5011 sed
3719 4959 3780 5010 il-

2224 5056 2325 5108 lam
2349 5054 2549 5107 aditum
2576 5052 2640 5105 ad
2670 5051 2805 5103 hanc
2833 5049 3146 5118 patefecisse
3167 5091 3179 5112 ,
3210 5058 3263 5102 et
3293 5049 3355 5101 ad
3403 5047 3538 5101 hanc
3564 5063 3783 5116 apparzh

2224 5152 2333 5196 tum
2359 5141 2640 5212 quemdam
2673 5138 2852 5192 fuisse.
2889 5139 3079 5206 Legem
3111 5136 3289 5189 lsraeli
3311 5135 3476 5189 dedit.
3515 5135 3650 5188 lliuc
3687 5137 3780 5189 Da-

2286 5276 2300 5304 ¹
2338 5281 2449 5329 Quae
2471 5272 2577 5318 haec
2594 5269 2762 5327 verba,
2787 5265 2835 5329 in
2858 5267 2960 5328 ipso
2982 5266 3234 5329 revelatur,
3260 5273 3530 5329 sequuntur
3546 5267 3596 5313 in
3620 5279 3782 5329 excer-

2221 5336 2315 5416 ιηξξ
2343 5326 3128 5416 ea.2:toee.ee:2'.ae;tse
3146 5326 3782 5416 saevassaeuas

2219 5386 2560 5456 igiturj'ustitia
2587 5391 2672 5439 Dei
2695 5386 2745 5437 iii
2765 5388 2866 5458 ipso
2889 5386 3122 5458 reveletur
3144 5386 3167 5435 .’
3190 5389 3422 5455 Quomodo
3443 5386 3466 5433 I’
3489 5395 3609 5434 Cum
3627 5387 3780 5454 prima

2222 5454 2300 5502 lea:
2318 5453 2498 5500 Jttdtet's
2515 5452 2623 5500 solis
2647 5452 2759 5498 data
2781 5456 2854 5506 sit,
2883 5447 2991 5498 licet
3013 5445 3098 5496 alii
3119 5445 3326 5496 honunes
3347 5447 3562 5506 ejusdem
3584 5453 3782 5495 exsiste-

2222 5452 2300 5502 leg:
2318 5453 2498 5500 Jttdter's
2515 5452 2623 5500 solis
2647 5452 2759 5498 data
2781 5452 2854 5507 sit,
2883 5452 2991 5498 licet
3013 5452 3099 5496 alii
3119 5452 3326 5496 homines
3347 5452 3562 5514 ejusdem
3584 5452 3780 5511 exsiste-

2219 5521 2323 5562 rent
2336 5519 2525 5579 Δηίιιιινίιξ
2542 5520 2590 5579 et
2611 5509 2824 5579 originis,
2849 5506 3141 5579 euangelium
3163 5520 3271 5576 rere
3290 5506 3505 5579 antinous
3535 5508 3780 5579 aequaliter

2219 5575 2446 5636 gentibus,
2472 5573 2639 5621 merito
2677 5569 2725 5619 in
2756 5569 2839 5618 illo
2865 5569 3071 5636 justitia.
3217 5572 3467 5636 reeetatur,
3513 5573 3558 5636 et
3584 5569 3782 5636 jussus}:

2219 5628 2506 5693 'évanqelium
2538 5639 2746 5682 vocatur.
2787 5637 2839 5678 In
2873 5628 3027 5678 Veteri
3055 5628 3200 5692 igitur
3236 5633 3352 5679 rest.
3385 5630 3455 5678 Sic
3477 5630 3664 5677 notavit
3696 5633 3783 5674 Du-

2221 5709 2289 5744 Οἳ
2295 5709 2366 5743 US.
