3982 6218
201 349 318 405 399

187 452 305 504 λίου
339 451 500 504 εἰκὼν
522 450 588 504 τὰ
618 450 804 503 δίκτυα
834 449 1058 520 Πέτρου,
1087 451 1154 503 τά
1187 452 1420 520 σήμερον
1450 451 1533 500 ἐπ’
1563 448 1745 516 ὕψεσιν

188 539 487 607 ἡμετέραις
517 539 608 589 καὶ
637 540 822 598 ἀκοαῖς
855 537 1203 605 χαλασθέντα.
1231 538 1303 590 Οὑ
1335 537 1442 604 γὰρ
1474 536 1616 598 ἅπαξ
1653 533 1746 585 Πέ-

185 639 318 692 τρος
350 623 575 692 ἐχάλασε
606 623 672 674 τὰ
709 623 915 683 δίκτυα,
949 622 1082 674 ἀλλά
1112 626 1176 692 τῇ
1209 622 1306 690 μὲν
1341 621 1547 689 ἱστορίᾳ
1580 618 1742 683 ἅπαξ,

186 713 255 778 τῇ
298 708 353 759 δὲ
393 707 612 776 δυνάμει
647 708 919 769 πολλάκις.
965 707 1179 768 Ὁσάκις
1227 707 1332 775 γὰρ
1365 707 1459 757 ἐὰν
1503 705 1742 773 κηρυχθῇ

188 795 252 846 τὸ
278 793 618 860 [Ξὺαγγέλιον.
647 793 793 845 οὑδὲν
826 795 1006 863 ἕτερον
1033 792 1216 861 όρῶ,ἥ
1252 793 1471 861 Πέτρον,
1504 793 1596 843 καὶ
1633 793 1747 841 Ἀν-

187 879 374 948 δρέαν,
425 880 516 930 καὶ
566 879 655 930 τὸν
702 879 857 947 χορὸν
907 879 1011 930 τῶν
1061 877 1386 940 ἀποστόλων,
1430 878 1487 928 τὸ
1535 878 1744 928 δίκτυον

189 965 490 1025 ἀπλοῦντας
515 964 574 1014 τὸ
607 963 972 1031 εὑαγγελικόν.

261 1049 327 1118 β’.
361 1051 465 1101 Καὶ
490 1045 556 1118 ἦν
590 1048 734 1112 ξένον
771 1049 945 1117 θέαμα
973 1049 1060 1100 τόν
1095 1048 1316 1117 Σωτῆρα
1368 1047 1493 1099 ἰδεῖν
1542 1047 1598 1098 ἐν
1645 1046 1742 1097 θα-

186 1135 376 1203 λάττῃ,
407 1137 497 1187 καὶ
545 1136 666 1194 τοὺς
706 1133 1114 1202 διδασκομένους
1152 1133 1300 1202 παρά
1354 1133 1442 1184 τὸν
1498 1132 1742 1198 αἰγιαλὸν

188 1221 445 1282 ἑστῶτας.
478 1221 633 1272 Ξένον
668 1223 915 1289 πρᾶγμα,
945 1222 992 1271 οἰ
1030 1220 1205 1288 ἰχθύες
1238 1221 1328 1271 ἐπὶ
1355 1220 1452 1287 τὴν
1491 1220 1610 1288 γῆν,
1649 1219 1742 1271 καὶ

186 1309 215 1358 ό
239 1307 419 1368 ἁλιεὺς
446 1309 500 1359 ὲν
530 1306 784 1374 θαλάττῃ.
824 1308 884 1357 Ἡ
908 1305 1120 1366 κὰθεσις
1138 1318 1162 1345 ει
1182 1304 1385 1356 ἐκείνου
1410 1305 1500 1355 τοῦ
1529 1303 1740 1356 δικτύου

186 1392 350 1444 εἰκὼν
379 1388 443 1461 ἦν
479 1391 570 1443 τοῦ
602 1390 950 1459 εὑαγγελικοῦ
994 1391 1170 1454 λόγου.
1207 1386 1376 1456 Εὗρε,
1412 1390 1562 1456 φησὶ,
1603 1389 1742 1453 τοὺς

183 1480 373 1543 ἁλιεῖς
397 1480 850 1542 ἁποπλύνοντας
874 1478 1020 1550 [405ἶ
1051 1481 1120 1529 τὰ
1141 1476 1372 1539 δίκτυα,
1394 1476 1466 1538 ὡς
1492 1477 1743 1528 ἀπειπόν-

181 1583 282 1627 τας
310 1567 403 1635 τῆς
431 1567 620 1634 ἄγρας.
658 1565 862 1621 Ἀλιευς
894 1565 999 1632 γὰρ
1028 1564 1121 1615 ἐὰν
1158 1563 1230 1631 μὴ
1261 1563 1609 1632 ἀπαγορεύσῃ
1642 1563 1739 1630 τῆς

183 1651 385 1719 θήρας,
427 1653 486 1701 οὑ
527 1649 710 1701 πλύνει
747 1650 807 1701 τὸ
852 1651 1081 1703 δίκτυον.
1130 1643 1301 1717 Εὗρεν
1342 1645 1432 1701 οὖν
1481 1649 1673 1710 αὐτοὺς
1712 1649 1740 1701 ὁ

182 1739 372 1806 Σωτὴρ
416 1739 737 1798 ἀπειπόντας
783 1736 880 1806 τῆς
914 1735 1111 1805 ἄγρας,
1144 1736 1237 1788 καὶ
1275 1735 1556 1802 ἐφίσταται
1584 1738 1610 1787 6
1640 1735 1739 1802 τῆς

182 1825 354 1894 θήρας
379 1825 670 1891 Δεσπότης,
699 1823 792 1876 καὶ
822 1824 874 1874 τί
919 1825 1095 1886 muti;
1135 1822 1353 1891 Πρῶτον
1388 1821 1620 1874 διδάσκει
1650 1821 1739 1872 τὸν

179 1912 337 1977 λόγον
376 1909 471 1977 τῆς
504 1911 754 1978 ἀληθείας
777 1927 788 1938 ’
822 1906 938 1961 εἶτα
971 1908 1176 1961 κελεύει
1212 1907 1542 1977 χαλασθῆναι
1573 1907 1631 1958 τὸ
1663 1907 1739 1958 δί-

179 2015 361 2050 κτυον.
401 1997 611 2065 Ἐπειδὴ
643 1995 748 2066 γὰρ
775 1996 841 2048 τὰ
873 2000 1085 2066 ῥήματα
1115 1991 1180 2064 ἦν
1216 1993 1572 2047 ἀναπόδεικτα
1613 1994 1737 2046 ἄνευ

176 2083 288 2135 τῶν
316 2084 506 2153 ἔργων,
544 2083 706 2153 ἐχρῆν
733 2083 1087 2150 ἀκολουθῆσαι
1117 2083 1195 2150 τῷ
1227 2081 1366 2149 λόγῳ
1398 2081 1494 2150 τὴν
1523 2081 1608 2132 διά
1633 2080 1738 2130 τῶν

177 2170 355 2239 ἔργων
392 2170 690 2232 ἀπόδειξιν
725 2171 805 2222 ὅτι
837 2169 968 2221 Θεοῦ
1009 2169 1377 2229 κελεύσαντος,
1420 2169 1512 2218 καὶ⁵
1556 2166 1622 2218 τὰ
1665 2166 1738 2235 μὴ

175 2256 534 2324 εὑρισκόμενα
562 2255 825 2324 θηρᾶται,
869 2257 960 2308 καὶ
988 2256 1054 2306 τά
1098 2256 1170 2324 μὴ
1215 2254 1341 2305 ὄντα
1384 2253 1734 2320 λαμϐάνεται.

173 2344 507 2405 Χαλάσατε,
544 2347 696 2413 φησι,
728 2344 793 2397 τὸ
835 2343 1078 2397 δίκτυον
1119 2343 1302 2411 ὑμῶν.
1345 2343 1402 2394 Ὀ
1441 2343 1496 2394 δὲ
1539 2344 1738 2412 Πέτρος

175 2434 356 2498 λέγει·
401 2431 731 2494 Ἐπιστάτα,
763 2432 836 2483 δι’
863 2431 1011 2496 ὅλης
1044 2429 1139 2496 τῆς
1177 2431 1393 2494 νυκτὸς
1421 2429 1739 2481 κοπιάσαν-

173 2536 274 2583 τες
299 2519 475 2570 οὐδὲν
502 2519 805 2585 ἐλάϐομεν,
831 2519 923 2568 ἐπὶ
951 2517 1017 2568 δὲ
1039 2517 1115 2579 τῷ
1139 2517 1228 2580 σῷ
1247 2515 1462 2583 ῥήματι
1489 2515 1735 2582 χαλάσω

172 2608 247 2660 τὸ
267 2607 529 2658 δίκτυον.
556 2605 826 2674 Θαυμάζω
855 2605 1058 2671 Πέτρου
1093 2604 1187 2673 τὴν
1223 2603 1422 2662 πίστιν,
1449 2602 1515 2653 τά
1549 2602 1734 2671 πρῶτα

171 2691 663 2759 ἁπογινώσκοντος,
717 2693 809 2742 καὶ
844 2691 911 2741 τά
945 2691 1037 2742 νέα
1089 2689 1444 2749 πιστεύοντος.
1486 2689 1606 2740 Ἐπὶ
1655 2687 1734 2750 τῷ

174 2777 265 2842 σῷ
289 2780 505 2845 ῥήματι
534 2776 776 2842 χαλάσω
810 2776 872 2828 τὸ
905 2775 1167 2828 δίκτυον.
1197 2775 1292 2826 Διά
1322 2775 1373 2826 τί
1403 2771 1571 2834 εἶπεν,
1612 2775 1730 2825 Ἐπὶ

174 2866 255 2932 τῷ
285 2865 373 2930 σῷ
392 2865 645 2934 ρήματι;
679 2865 891 2933 Ἐπειδὴ
923 2865 1012 2915 ἐπὶ
1036 2863 1110 2932 τῷ
1146 2864 1348 2932 ῥήματι
1384 2861 1544 2914 αὑτοῦ
1587 2863 1677 2914 καὶ
1707 2863 1734 2913 6

178 2954 404 3024 οὐρανὸς
436 2952 766 3022 ὲστερεώθη,
805 2952 894 3003 καὶ
942 2952 974 3019 ἠ
1007 2954 1076 3019 γῆ
1117 2948 1467 3018 ὲθεμελιώθη,
1505 2949 1596 3000 καὶ
1641 2949 1734 3001 Θά-

175 3039 351 3094 λασσα
371 3038 674 3108 άςρωρίσθη,
704 3040 796 3090 καὶ
822 3038 1101 3107 ἄνθρωπος
1121 3037 1337 3097 οἰκείοις
1359 3035 1570 3086 ἄνθεσιν
1595 3037 1735 3085 ἐστε-

175 3125 430 3194 φανώθη,
463 3124 556 3175 καὶ
602 3124 774 3175 πάντα
806 3123 881 3191 τῷ
921 3122 999 3190 σῷ
1043 3125 1242 3191 ῥήματι
1278 3121 1618 3189 συνέστηκεν,
1660 3120 1732 3181 ὥς

174 3227 340 3279 φησιν
376 3211 406 3262 6
436 3209 676 3269 Παῦλος·
714 3207 908 3274 Φέρων
947 3223 1009 3259 τε
1044 3208 1114 3259 τὰ
1155 3206 1351 3259 πάντα
1400 3205 1477 3270 τῷ
1515 3207 1731 3273 ῥήματι

173 3294 281 3364 τῆς
319 3295 620 3362 δυνάμεως
647 3293 851 3346 αὐτοῦ.
891 3293 1011 3345 Ἐπὶ
1049 3292 1116 3345 δὲ
1145 3291 1222 3356 τῷ
1263 3291 1353 3356 σῷ
1379 3292 1597 3359 ῥήματι
1627 3307 1731 3359 χαι

171 3381 341 3436 λάσω
365 3382 430 3433 τὸ
453 3381 712 3433 δίκτυον.
744 3378 1062 3450 Προκατέῦη
1103 3379 1196 3431 τοῦ
1223 3379 1435 3432 δικτύου
1465 3378 1523 3430 τὸ
1549 3379 1727 3447 ρἦαο

171 3467 234 3520 οὑ
273 3467 522 3537 πάρεισιν
556 3467 604 3518 οἰ
641 3465 834 3536 ἰχθύες.
870 3465 976 3518 Καὶ
1005 3466 1111 3535 γάρ
1137 3468 1183 3518 εἰ
1221 3467 1489 3535 παρῆσαν,
1521 3465 1606 3517 διά
1636 3465 1732 3534 τὴν

172 3552 392 3622 ὃχλησιν
437 3551 542 3603 τῶν
572 3552 906 3622 ἀγρευόντων
958 3551 1255 3620 διέφευγον.
1292 3551 1452 3604 Ἀλλὰ
1498 3551 1730 3620 κατῆλθε

169 3639 234 3690 τὸ
284 3639 432 3707 ῥῆμα
477 3639 681 3689 ἐκείνου
714 3636 806 3688 τοῦ
841 3637 1187 3701 Καλοῦντος
1231 3638 1302 3691 τὰ
1333 3637 1418 3706 μὴ
1452 3638 1614 3700 ὄντα,
1651 3639 1730 3702 ὡς

172 3724 318 3775 ὄντα
336 3739 348 3752 ο
381 3721 718 3790 προκατῆλθε
747 3720 839 3773 τοῦ
870 3720 1084 3772 δικτύου
1112 3724 1144 3791 ή
1169 3723 1395 3791 δύναμις
1427 3723 1518 3775 τοῦ
1552 3723 1730 3775 κελεύ-

170 3823 390 3870 σαντος·
427 3808 659 3877 συνήχθη
705 3805 904 3875 πλῆθος
953 3807 1165 3875 ἰχθύων.
1213 3808 1388 3859 Εἰκὼν
1413 3803 1480 3879 ἦν
1516 3809 1611 3877 τῆς
1648 3810 1727 3860 οἰ-

168 3893 498 3962 κουμενικῆς
566 3893 900 3961 Ἐκκλησίας.
960 3895 1318 3963 Διερῥήγνυτο
1367 3894 1426 3945 τὸ
1475 3895 1722 3947 δίκτυονο

165 3982 390 4032 ἔνευσαν
426 3977 502 4048 τῷ
532 3977 698 4049 πλοίῳ
733 3979 810 4048 τῷ
854 3981 1177 4049 συμμετόχῳ
1214 3981 1406 4045 ἐλθεῖν,
1455 3983 1547 4034 καὶ
1603 4000 1726 4034 συν.

164 4065 403 4135 άρασθαι
448 4066 626 4126 αὑτοῖς
652 4065 697 4115 ι).
733 4066 881 4118 Ἔδει
921 4067 1026 4133 γὰρ
1056 4067 1147 4120 δύο
1190 4069 1368 4136 σκάφη
1411 4069 1726 4138 συνδραμεῖν

163 4157 246 4215 εἰς
282 4153 380 4223 τὴν
416 4155 603 4221 ἄγραν.
650 4153 769 4205 Ἐὰν
798 4154 902 4222 γάρ
944 4155 1017 4224 μὴ
1049 4158 1194 4225 παρῇ
1240 4156 1394 4226 χορὸς
1434 4159 1725 4227 προφητῶν

165 4238 376 4308 βοηθῶν
430 4241 494 4308 τῇ
549 4238 872 4309 ἀποστολικῇ
930 4242 1104 4308 χειρὶ,
1154 4242 1244 4294 καὶ
1296 4245 1362 4310 τῇ
1414 4245 1721 4310 προφητικῇ

161 4326 465 4395 προρρήσει
501 4325 574 4394 μὴ
599 4325 932 4396 ἀκολουθήσῃ
960 4326 1065 4377 τῶν
1093 4327 1400 4378 ἀποστόλων
1423 4329 1456 4394 ή
1481 4327 1720 4388 ἔκϐασις,

159 4412 224 4464 οὺ
257 4411 489 4478 θηρᾶται
527 4411 593 4462 τά
621 4411 928 4481 θηρώμενοι.
965 4413 1250 4483 Βουληθεὶς
1276 4413 1451 4467 τοίνυν
1480 4417 1506 4467 6
1533 4416 1719 4484 Σωτὴρ

158 4495 353 4560 δεῖξαι,
384 4497 463 4546 ὅτι
501 4497 533 4563 ἠ
570 4496 675 4547 τῶν
710 4497 902 4564 ἰχθύων
948 4499 1088 4566 ἄγρα
1121 4499 1281 4551 εἰκών
1310 4501 1425 4552 ἐστι
1469 4502 1564 4570 τῆς
1600 4503 1721 4553 Ἐκ-

160 4579 419 4649 κλησίας,
467 4582 560 4632 καὶ
600 4580 873 4649 βουληθεὶς
922 4584 1202 4635 παιδεῦσαι
1247 4586 1446 4655 Πέτρον
1487 4586 1596 4650 ἔτι,
1646 4586 1721 4653 τῷ

160 4665 520 4734 ὑποδείγματι
563 4666 733 4736 τούτῳ
766 4667 982 4736 ὴλειψεν
1023 4669 1182 4720 αὑτὸν
1217 4673 1294 4732 εἰς
1338 4672 1585 4742 ἀνδρείαν
1629 4676 1721 4727 καὶ

156 4751 310 4816 λέγει
339 4749 500 4819 αὑτῷ·
545 4751 639 4818 Μὴ
684 4753 890 4819 φοϐοῦ,
928 4754 1044 4806 ἀπὸ
1092 4755 1196 4808 τοῦ
1230 4755 1345 4808 νῦν
1377 4758 1720 4824 ἀνθρώπους

155 4836 278 4901 ἔσῃ
318 4833 559 4902 ζωγρῶν.
596 4838 726 4890 Ἀπὸ
778 4841 881 4894 τοῦ
918 4841 1051 4903 νῦν,
1087 4841 1178 4908 ἀφ’
1207 4836 1295 4904 οὗ,
1343 4843 1523 4911 φησὶν,
1568 4845 1719 4895 ὲπει-

159 4921 369 4992 ράσθης
398 4921 498 4989 τῆς
523 4920 815 4992 δυνάμεως,
852 4928 943 4978 καὶ
977 4926 1173 4996 ἔμαθες
1202 4928 1282 4978 ὅτι
1326 4929 1414 4978 καὶ
1446 4929 1511 4979 τὰ
1550 4929 1717 4996 ἄλογα

157 5009 428 5060 ὑπακούει
461 5007 622 5074 λόγῳ,
651 5011 741 5060 καὶ
772 5013 944 5062 πάντα
973 5013 1162 5064 ’έπεται
1197 5013 1273 5082 τῷ
1309 5013 1425 5082 ἐμῷ
1469 5014 1712 5083 νεύματι.

154 5092 354 5145 Λαϐὼν
376 5092 576 5162 ἀρκοῦν
597 5094 656 5144 τὸ
683 5095 999 5164 ὑπόδειγμα,
1029 5100 1227 5168 χρῆσαι
1257 5101 1435 5153 λοιπὸν
1462 5103 1527 5170 τῇ
1554 5102 1711 5170 θήρα.

156 5179 273 5231 Καὶ
309 5179 409 5229 οὑκ
447 5175 614 5241 εἶπεν,
648 5179 986 5250 Ἀνθρώπους
1013 5183 1107 5253 ἔσῃ
1137 5185 1379 5247 ἁλιεύων,
1408 5188 1561 5250 ἀλλὰ,
1601 5189 1714 5240 Ἀν-

155 5265 430 5330 θρώπους
455 5267 569 5332 ἔσῃ
608 5263 849 5334 ζωγρῶν.
889 5269 1099 5338 Ἐπειδὴ
1141 5273 1188 5322 οἰ
1233 5273 1407 5340 ίχθύες
1436 5275 1541 5326 ἀπὸ
1577 5276 1714 5342 ζωῆς

151 5353 236 5412 εἰς
271 5352 495 5404 θάνατον
532 5353 828 5407 ἀλιεύονται
852 5367 874 5393 ε
898 5373 910 5387 ·
942 5357 990 5407 οἱ
1021 5358 1074 5408 δὲ
1105 5359 1374 5429 ἄνθρωποι
1407 5365 1512 5415 ἀπὸ
1550 5364 1711 5416 θανά-

216 5559 245 5628 _‘
271 5558 405 5628 [inus
419 5563 447 5618 ἡ
469 5563 650 5628 κᾷθετις
669 5566 772 5628 γάρ.

215 5623 244 5660 b
274 5619 416 5684 Unus
438 5625 516 5668 καὶ
540 5619 848 5676 συλλαϐέσθαι
870 5629 1040 5684 αὑτοῖς,

215 5684 241 5712 ⁸
266 5683 349 5730 Sic
369 5682 466 5730 duo
484 5697 619 5743 ωσι,
643 5691 818 5737 melius
839 5703 983 5751 quam
1008 5682 1123 5740 ειηιί
1149 5694 1407 5748 ἡλιεύοντο,

1355 334 1633 390 HOMILIA
1673 332 1760 388 DE
1799 330 2290 389 LEGISLATORE.

3307 354 3420 412 400

1853 464 1945 499 του
1975 451 2053 510 εἰς
2083 449 2222 516 ζωὴν
2256 447 2570 516 ἀγρεύονται
2590 463 2602 476 ·
2646 447 2773 500 Ἀπὸ
2809 446 2913 500 τοῦ
2943 447 3074 513 νῦν,
3109 450 3287 518 φησὶν,
3317 453 3393 506 ἀν

1853 534 2115 600 θρώπους
2143 534 2255 601 ἔσῃ
2289 532 2532 601 ζωγγκῦν.
2562 533 2657 585 Διά
2684 533 2734 584 τί
2766 529 2855 585 οῦν
2879 531 2904 569 ά
2939 534 3082 600 λέγει
3107 536 3276 605 αὐτῷ,
3307 538 3406 604 Μὴ

1851 619 2064 686 φοϐοῦ;
2100 621 2298 680 Ἔστω,
2341 621 2373 688 ὴ
2405 619 2698 684 ἐπαγγελία
2739 619 2904 688 καλὴν
2951 616 3092 688 εἶχεν
3129 622 3248 688 ὄψιν
3271 639 3284 651 ·
3321 624 3411 676 διά

1852 705 1900 756 τί
1940 702 2050 764 οὖν.
2092 704 2186 772 Μὴ
2230 705 2450 773 9906017;
2499 703 2709 772 Ἐπειδὴ
2758 706 3057 774 προσέπεσε
3107 711 3168 776 τῇ
3221 709 3411 780 μνήμῃ

1850 790 1956 842 τῶν
1991 790 2218 860 πρώτων
2249 790 2680 860 ἁμαρτημάτων,
2713 790 2804 856 Μὴ
2845 791 3052 858 φοϐοῦ,
3097 793 3250 860 φησὶ,
3284 810 3412 844 σαυ-

1849 876 1957 936 τὸν,
1983 875 2056 937 ὡς
2082 875 2419 945 ἁμαρτωλὸν,
2444 875 2579 927 ἀλλά
2607 875 2787 926 λοιπὸν
2816 877 2921 926 νόει
2951 877 3143 928 σαυτὸν
3171 878 3244 940 ὡς
3279 879 3411 931 ἀπό·

1851 963 2050 1024 στολου,
2088 965 2282 1033 ῥήματι
2311 962 2607 1030 δεσποτικῷ
2641 962 2986 1030 κελευόμενος
3025 965 3121 1031 τὴν
3159 967 3410 1033 οἰκουμέ-

1849 1067 1945 1119 νην
1979 1051 2324 1118 σαγηνεῦσαι.
2368 1052 2464 1116 Μὴ
2500 1051 2707 1117 φοϐοῦ,
2742 1053 2847 1112 πᾶς
2892 1051 3206 1120 ἁμαρτωλὸς
3258 1052 3407 1124 [406]

1849 1137 1997 1206 παρά
2036 1136 2266 1205 Χριστοῦ
2297 1138 2538 1190 ἀκουέτω
2557 1153 2567 1163 ⁸
2602 1136 2694 1202 Μὴ
2733 1136 2920 1203 φοϐοῦ
2940 1155 2952 1166 ·
2994 1139 3149 1206 μόνον
3179 1141 3284 1191 ἀπὸ
3314 1141 3408 1192 τοῦ

1847 1222 1939 1274 νῦν
1972 1223 2310 1292 μετανοείτω.
2353 1224 2423 1275 Τὸ
2449 1225 2622 1274 τοίνυν
2661 1221 2888 1284 δίκτυον,
2918 1223 3001 1275 ἵνα
3032 1226 3108 1284 εἰς
3149 1224 3244 1293 τὴν
3277 1242 3408 1295 προ-

1847 1308 2112 1362 λαϐοῦσαν
2154 1309 2290 1361 ἔλθω
2321 1309 2652 1368 ἀκολουθίαν,
2697 1307 2857 1360 εἰκών
2903 1312 3014 1360 ἐστι
3049 1311 3142 1377 τῆς
3175 1311 3404 1377 εὐαγγε-

1846 1394 1998 1462 λικῆς
2048 1396 2137 1446 τοῦ
2184 1396 2433 1465 Σωτῆρος
2483 1395 2840 1456 διδασκαλίας.
2891 1396 2961 1446 Τὸ
2993 1395 3048 1446 δὲ
3081 1395 3404 1462 Εὑαγγέλιον

1846 1481 1999 1532 τοῦτο
2023 1482 2175 1534 καλεῖ
2204 1481 2408 1542 Παῦλος
2432 1483 2559 1533 ποτὲ
2589 1484 2684 1550 μὲν
2700 1483 3022 1548 Εὑαγγέλιον
3045 1483 3402 1551 δικαιοσύνης,

1846 1566 1974 1617 ποτὲ
2002 1568 2056 1618 δὲ
2088 1567 2412 1634 Εὑαγγέλιον
2441 1569 2678 1637 εἰρήνης,
2715 1569 2841 1619 ποτὲ
2873 1567 2927 1619 δὲ
2954 1567 3275 1634 Εὑαγγέλιον
3315 1569 3407 1620 δυ-

1844 1652 2074 1720 νάμεως.
2112 1653 2326 1722 Ἐπειδὴ
2353 1653 2457 1721 γὰρ
2477 1653 2672 1722 δυνατὴ
2697 1653 2728 1721 ή
2755 1653 2910 1721 χάρις
2934 1653 3024 1704 τοῦ
3053 1654 3402 1723 κηρύγματος

1846 1737 1936 1788 καὶ
1969 1737 2230 1806 πολέμους
2258 1739 2511 1805 ἀφανίσαι
2539 1750 2582 1799 θ,
2614 1740 2706 1789 καὶ
2742 1740 2954 1800 στάσεις
2988 1740 3282 1808 ἀνθρώπων
3328 1744 3405 1811 μὴ

1846 1824 2270 1891 συμφωνούντων
2316 1825 2451 1894 πρὸς
2499 1825 2772 1876 εὐσέϐειαν
2821 1826 3141 1893 σκορπίσαι,
3185 1829 3276 1879 καὶ
3318 1828 3405 1879 διὰ

1847 1909 1944 1978 μὲν
1973 1909 2033 1961 τὸ
2079 1911 2284 1972 πάντας
2315 1911 2536 1963 καλέσαι
2583 1911 2714 1980 πρὸς
2764 1912 3034 1980 σωτηρίαν
3061 1913 3270 1978 λέγεται
3301 1914 3404 1965 Εὑ-

1844 1996 2092 2062 αγγέλιον
2130 1997 2506 2065 δικαιοσύνης’
2558 1998 2643 2048 διὰ
2678 1997 2732 2049 δὲ
2777 1998 2837 2048 τὸ
2883 1998 3255 2050 καταστέλλειν
3311 2000 3402 2051 τὸν

1844 2081 2075 2150 πόλεμον
2117 2082 2224 2134 τῶν
2252 2083 2518 2152 δαιμόνων
2547 2084 2758 2151 λέγεται
2793 2084 3117 2150 Εὑαγγέλιον
3146 2086 3363 2155 εἰρήνης
3383 2099 3398 2114 ⁸

1843 2167 1928 2218 διά
1970 2168 2025 2218 δὲ
2062 2167 2121 2219 τὺ
2161 2169 2397 2221 εὐτελέσι
2458 2171 2660 2239 ῥήμασι
2705 2171 2991 2239 κηρύττειν
3037 2171 3170 2222 Θεοῦ
3203 2171 3402 2238 γνῶσιν

1843 2254 2081 2307 καλεῖται
2113 2255 2438 2322 Εὑαγγέλιον
2482 2257 2778 2324 δυνάμεως.
2812 2258 3007 2308 Ἀκουε
3056 2256 3262 2308 Παύλου
3311 2257 3400 2308 λέ-

1841 2356 2054 2406 γοντος·
2092 2342 2171 2394 Οὐ
2203 2342 2309 2411 γάρ
2337 2343 2770 2411 ἐπαισχύνομαι
2795 2344 2860 2396 τὸ
2884 2343 3246 2410 Eiram-amr
3265 2361 3279 2375 υ
3309 2343 3404 2395 δύο

1841 2441 2014 2492 ναμις
2061 2429 2167 2492 γὰρ
2209 2429 2354 2479 Θεοῦ
2404 2429 2573 2480 ἐστιν
2605 2433 2689 2492 εἰς
2722 2431 3037 2496 σωτηρίαν.
3080 2430 3152 2480 Τὸ
3185 2429 3400 2480 δυνατὸν

1840 2514 1945 2580 γὰρ
1977 2514 2094 2564 τότε
2130 2515 2372 2580 φαίνεται
2403 2516 2643 2579 δυνατὸν,
2675 2516 2799 2566 ὅταν
2840 2516 2913 2584 μὴ
2946 2519 3055 2576 τοῖς
3094 2514 3401 2576 ἀκολούθοις

1841 2602 2174 2668 κεχρημένον
2209 2599 2516 2669 λογισμοῖς,
2562 2604 2805 2670 κρατήσῃ
2851 2602 2956 2653 τῶν
3009 2600 3256 2669 περάτων
3300 2600 3401 2668 τῆς

1838 2686 1968 2752 γῆς·
2001 2687 2073 2747 ὠς
2122 2687 2265 2753 λέγει
2308 2689 2334 2738 6
2379 2687 2564 2756 Σωτὴρ
2606 2687 2681 2755 τῷ
2727 2687 2951 2754 Παύλῳ·
3001 2687 3189 2753 Ἀρκεῖ
3227 2701 3323 2739 σοι
3362 2689 3394 2754 ἡ

1839 2771 2008 2839 χάρις
2040 2791 2156 2840 μου
2179 2790 2190 2802 ·
2227 2775 2262 2839 ἡ
2305 2775 2410 2840 γὰρ
2448 2772 2696 2839 δύναμίς
2737 2791 2856 2841 μου
2897 2773 2966 2825 ἐν
2990 2775 3271 2840 ἀσθενείᾳ
3307 2790 3398 2825 τε·-

1837 2859 2116 2911 λειοῦται.
2148 2859 2311 2910 Οὐδὲν
2338 2854 2404 2928 ἦν
2450 2858 2613 2928 μέγα,
2656 2861 2702 2909 εἰ
2729 2862 2904 2929 γυμνῇ
2953 2863 3020 2929 τῇ
3057 2859 3266 2929 Θεότητι
3301 2861 3397 2926 τὴν

1838 2946 2156 3014 οἰκουμένην
2181 2944 2458 3012 ἐφώτισεν,
2483 2945 2594 2996 ἀλλ’
2611 2947 2691 2998 ὅτι
2713 2946 2799 2998 διά
2827 2947 3072 3015 σώματος
3095 2947 3190 3015 τὴν
3215 2946 3397 3016 ἀπαθῆ

1841 3031 1930 3081 καὶ
1971 3029 2257 3098 ἀσώματον
2291 3030 2452 3093 ἔδειξε
2482 3031 2656 3093 δόξαν.
2687 3032 2847 3084 Οὑδὲν
2876 3028 2942 3101 ἦν
2983 3032 3310 3101 θαυμαστὸν,
3347 3035 3396 3086 εἰ.

1837 3117 1865 3166 6
1904 3114 2010 3177 ζῶν
2045 3117 2303 3178 ζωοποιὺν
2346 3118 2704 3186 ἀπαστράψας
2731 3118 2906 3183 δόξαν,
2937 3121 3034 3187 τὴν
3073 3120 3396 3189 οἰκουμένην

1837 3202 2216 3270 ὲζωοποίησειν
2236 3203 2368 3254 ἀλλά
2397 3203 2454 3254 τὸ
2483 3203 2704 3255 δυνατὸν
2731 3203 2824 3254 τοῦ
2853 3204 3044 3270 Λόγου,
3071 3206 3149 3256 ὃτι
3180 3205 3392 3273 θανάτῳ

1835 3288 1925 3338 τὸν
1956 3288 2179 3340 θάνατον
2209 3288 2476 3355 ἀφανίζει,
2507 3290 2597 3340 καὶ
2628 3288 2712 3340 διὰ
2741 3288 2847 3340 τῶν
2879 3288 3084 3358 ὕϐρεων
3117 3290 3214 3359 τὴν
3256 3291 3388 3343 ἀθά·

1836 3391 1991 3426 νατον
2033 3376 2406 3445 ἀπαστράπτει
2438 3375 2609 3438 δόξαν.
2655 3374 2908 3444 ’Λλλαχοῦ
2953 3375 3117 3442 λέγει,
3147 3377 3387 3444 Εὐαγγέ-

1835 3462 1945 3515 λιον
1974 3465 2218 3532 εἰρήνης·
2256 3462 2399 3527 Τοὺς
2441 3463 2546 3532 γὰρ
2589 3461 2774 3527 πόδας
2808 3462 2987 3529 ὑμῶν,
3025 3464 3174 3532 φησὶ,
3209 3480 3393 3531 παρα-

1835 3547 2174 3601 σκευάσατε
2203 3548 2271 3600 ἐν
2299 3547 2601 3615 ἑτοιμασίᾳ
2632 3549 2736 3601 τοῦ
2776 3551 3141 3616 Εὐαγνγελίου
3169 3545 3276 3618 τῆς
3313 3558 3391 3603 ει-

1827 3633 2048 3702 ρήνης’
2081 3634 2308 3703 ἀλλαχοῦ
2363 3635 2513 3686 καλεῖ
2552 3633 2919 3700 δικαιοσύνης,
2961 3635 3033 3698 ὥς
3079 3650 3276 3704 φησιν·
3307 3641 3392 3689 Οὐ

1833 3721 1939 3789 γάρ
1958 3721 2387 3788 ἐπαισχύνομαι
2411 3721 2476 3773 τὸ
2504 3721 2882 3789 Evam-Utor
2906 3720 3253 3787 δικαιοσύνη
3283 3729 3391 3792 γὰρ

1835 3807 1982 3860 Θεοῦ
2011 3806 2264 3870 ἐν’-αὐτῷ
2291 3808 2768 3860 ἀποκαλύπτεται
2796 3808 2838 3862 ί.
2883 3809 2945 3858 Τί
2983 3809 3124 3873 ἐστι,
3167 3815 3390 3861 Δικαιο-

1832 3894 1987 3959 σύνη
2015 3893 2194 3953 Θεοῦ;
2233 3893 2443 3960 Ἐπειδὴ
2464 3895 2490 3943 6
2517 3892 2726 3960 πρῶτος
2751 3892 2909 3961 νόμος
2944 3894 3207 3956 Ἰουδαίοις
3233 3894 3386 3964 ἐδόθη

1836 3981 2032 4048 μόνοις,
2068 3978 2128 4030 τὸ
2156 3977 2208 4029 δὲ
2243 3978 2567 4043 Εὑαγγέλιον
2595 3978 2747 4040 πᾶσι,
2784 3977 2936 4028 καλεῖ
2962 3978 3287 4045 Εὑαγγέλιον
3316 3981 3389 4032 δι-

1834 4067 2135 4134 καιοσύνης.
2161 4067 2375 4126 Δίκαιος
2399 4067 2506 4133 γάρ
2527 4067 2554 4116 6
2581 4064 2730 4128 θεὸς,
2758 4066 2957 4133 ὁμοίως
2993 4067 3197 4129 πάντας
3235 4071 3389 4137 ποιή-

1835 4171 1950 4215 σας,
1983 4153 2179 4222 όμοίως
2213 4153 2417 4212 πάντας
2450 4151 2700 4219 ἐφώτισε.
2731 4147 2842 4204 Καὶ
2877 4151 3033 4204 τοῦτο
3065 4149 3131 4221 ἦν
3160 4152 3384 4217 δίκαιον,

1831 4241 1888 4292 τὸ
1920 4239 1994 4309 μὴ
2021 4240 2143 4301 τοὺς
2174 4239 2268 4307 μὲν
2300 4237 2490 4301 σῶσαι,
2519 4239 2643 4299 τοὺς
2668 4237 2722 4290 δὲ
2754 4239 2828 4307 μὴ
2857 4238 3022 4290 σῶσαι
3041 4255 3054 4268 °
3078 4239 3137 4291 τὸ
3165 4239 3239 4309 μὴ
3261 4243 3384 4303 τοὺς

1834 4326 1929 4393 μὲν
1971 4325 2224 4387 καλέσαι,
2271 4325 2394 4386 τοὺς
2447 4324 2502 4375 δὲ
2539 4324 2613 4393 μὴ
2657 4323 2898 4378 καλέσαι.
2937 4325 3022 4375 Ἐν
3066 4327 3129 4393 τῇ
3179 4326 3388 4394 Παλαιᾷ

1829 4411 2070 4483 ΔιαΘήκῃ
2110 4411 2207 4462 οὑκ
2250 4406 2376 4479 ἧνή
2423 4410 2608 4478 κλῆσις
2654 4409 2865 4471 δικαία,
2897 4409 3008 4461 ἀλλ’
3037 4411 3383 4481 οἰκονομικὴ,

1830 4497 2410 4567 προκατασκευάζουσα
2431 4497 2546 4548 ὁδὸν
2571 4499 2633 4564 τῇ
2662 4494 2990 4563 δικαιοσύνῃ.
3011 4497 3085 4547 Οὑ
3111 4496 3217 4566 γάρ
3242 4497 3384 4564 λέγω

1827 4583 2026 4653 ταύτην
2069 4582 2300 4644 δικαίαν,
2348 4582 2602 4648 κάκείνην
2633 4582 2833 4653 ἀδικον,
2872 4580 2982 4632 ἀλλ’
3016 4582 3228 4651 ἐκείνην
3269 4585 3384 4636 όδὸν

1826 4647 2052 4738 ταύτης,
2098 4670 2192 4722 καὶ
2231 4647 2677 4736 προκατασκευὴῦ
2719 4668 2939 4738 ταύτης.
2973 4647 3195 4724 Ἔδωκε
3222 4673 3384 4742 νόμον

1825 4757 1900 4824 τῷ
1937 4755 2163 4824 Ἰσραήλ.
2195 4753 2473 4826 Καί,λέγει
2511 4754 2538 4804 ὁ
2571 4754 2756 4805 Δαυῖδ’
2799 4755 2849 4806 Ὀ
2877 4757 3271 4825 ἀπαγγέλλων
3313 4759 3380 4812 τὸ

1823 4845 2028 4912 λόγιον
2080 4840 2263 4894 αὑτοῦ
2300 4839 2379 4904 τῷ
2413 4841 2643 4904 Ἰακὼϐ,
2695 4840 3053 4910 δικαιώματα
3107 4845 3204 4897 καὶ
3253 4849 3379 4914 κρίε

1885 5091 1908 5127 τι
1935 5091 2112 5139 Omnes
2125 5104 2239 5139 mss.
2262 5091 2384 5138 διατί
2403 5090 2942 5151 οὗν.(οωἱιιει)ειυτοῦν
2970 5092 3017 5139 in
3043 5090 3230 5152 editis.)
3252 5093 3379 5141 Infra

1821 5154 2080 5213 προσέπεσε
2103 5153 2213 5208 duo,
2239 5159 2390 5199 recte.
2418 5152 2683 5210 (Edebalur
2699 5153 3032 5213 προσέπεσον.)

1887 5224 1908 5249 θ
1935 5211 2002 5286 Ιιει
2029 5220 2165 5282 τεοῖο
2211 5213 2392 5286 Regius
2420 5226 2557 5282 unus:
2604 5211 2759 5286 ᾼηιρέι
2801 5211 3293 5286 οόεὺτιιυτ-ἠιφάνιρεν,
3324 5217 3375 5259 et

1821 5286 1927 5320 mox
1957 5273 2249 5333 ἐσκόρπισεν.
2278 5273 2396 5321 Jure
2421 5273 2689 5328 suspicatus
2715 5285 2929 5333 errorem
2950 5281 3054 5320 erat
3080 5273 3226 5321 Sadl.

1887 5333 1904 5370 ῐ
1936 5334 2051 5390 Quae
2075 5332 2346 5393 Sequuntur
2370 5335 2418 5380 in
2446 5334 2692 5393 exemplis
2711 5334 2834 5390 apud
2861 5332 3082 5393 Pholium
3109 5333 3253 5389 paulo
3270 5343 3370 5376 am-

1821 5396 1973 5455 pliora
1990 5402 2117 5449 sunl,
2205 5395 2296 5441 859
2319 5392 2569 5455 37116.);015"
2591 5392 2870 5455 δικαιοσύνηῄ
2890 5392 3013 5455 Θεοῦ
3038 5394 3082 5438 ἐν
3102 5393 3228 5455 αὐτῷ
3248 5393 3372 5455 ἀπο-

1819 5451 2146 5508 καλύπτεται;’
2167 5456 2300 5509 πῶς;
2337 5454 2521 5508 Ἐπειδὴ
2555 5455 2580 5499 6
2621 5455 2804 5514 πρῶτος
2820 5453 2961 5514 νόμος
3004 5452 3237 5514 Ἰουδαίοις
3269 5451 3368 5514 ἐδέ-

1820 5517 1947 5573 δοτο,
1981 5516 2060 5561 καὶ
2098 5517 2191 5561 τῶν
2211 5516 2364 5560 ἄλλων
2390 5514 2643 5574 ἀνθρώπων
2661 5511 2757 5568 ’τῆς
2780 5512 2920 5568 αὐτῆς
2943 5511 3239 5574 ὑπαρχόντων
3286 5511 3370 5574 δη-

1820 5570 2054 5637 μιουργίας
2089 5576 2168 5621 καὶ
2205 5575 2404 5637 φύσεως,
2429 5570 2506 5637 >164
2523 5574 2801 5637 ῌὺαγγέλιον
2830 5570 3236 5637 πᾶσιν-ὁμοτίμοις
3273 5571 3369 5624 τοῖς

1818 5629 2086 5697 όμοῖξυέσιν,
2111 5629 2302 5689 εἰκότως
2323 5636 2368 5697 ἐν
2389 5629 2806 5697 αὐτῷ-’δικαιοσύνῃ
2831 5629 2952 5697 Θεοῦ
2973 5630 3365 5697 ἀποκρύπτεται,

1820 5691 1898 5744 καὶ
1921 5691 2129 5744 καλεῖται
2154 5696 2450 5752 δικαιοσύνης
2467 5691 2762 5754 Εὐαγγέλιον·
2778 5695 2825 5741 ἐν
2845 5692 2994 5739 τοίνυν
3019 5696 3074 5751 τῇ
3100 5691 3302 5753 Halani.
