  <div class='ocr_page' id='page_1' title='image "/cluster/home/n/w/nwhite01/storage/ocr_20150623/56/nnc1.0114695758/389.png"; bbox 0 0 3982 6218; ppageno 0'>
   <div class='ocr_carea' id='block_1_1' title="bbox 617 367 726 421">
    <p class='ocr_par' dir='ltr' id='par_1_1' title="bbox 617 367 726 421">
     <span class='ocr_line' id='line_1_1' title="bbox 617 367 726 421; baseline 0 -1"><span class='ocrx_word' id='word_1_1' title='bbox 617 367 726 421; x_wconf 86' lang='grc'><strong>401</strong></span> 
     </span>
    </p>
   </div>
   <div class='ocr_carea' id='block_1_2' title="bbox 611 455 2166 535">
    <p class='ocr_par' dir='ltr' id='par_1_2' title="bbox 611 455 2166 535">
     <span class='ocr_line' id='line_1_2' title="bbox 611 455 2166 535; baseline -0.008 -17"><span class='ocrx_word' id='word_1_2' title='bbox 611 482 768 535; x_wconf 78' lang='grc' dir='ltr'>ματα</span> <span class='ocrx_word' id='word_1_3' title='bbox 823 461 1004 515; x_wconf 84' lang='grc' dir='ltr'>αὐτοῦ</span> <span class='ocrx_word' id='word_1_4' title='bbox 1061 459 1138 523; x_wconf 85' lang='grc' dir='ltr'>τῷ</span> <span class='ocrx_word' id='word_1_5' title='bbox 1182 458 1442 524; x_wconf 74' lang='grc' dir='ltr'>Ἰσραήλ,</span> <span class='ocrx_word' id='word_1_6' title='bbox 1489 459 1610 510; x_wconf 85' lang='grc' dir='ltr'>Οὐκ</span> <span class='ocrx_word' id='word_1_7' title='bbox 1674 457 1960 522; x_wconf 82' lang='grc' dir='ltr'>ἐποίησεν</span> <span class='ocrx_word' id='word_1_8' title='bbox 2013 455 2166 507; x_wconf 87' lang='grc' dir='ltr'>οὕτω</span> 
     </span>
    </p>
   </div>
   <div class='ocr_carea' id='block_1_3' title="bbox 615 543 2168 614">
    <p class='ocr_par' dir='ltr' id='par_1_3' title="bbox 615 543 2168 614">
     <span class='ocr_line' id='line_1_3' title="bbox 615 543 2168 614; baseline -0.008 -9"><span class='ocrx_word' id='word_1_9' title='bbox 615 553 789 605; x_wconf 79' lang='grc' dir='ltr'>παντὶ</span> <span class='ocrx_word' id='word_1_10' title='bbox 818 551 992 608; x_wconf 80' lang='grc' dir='ltr'>ἔθνει,</span> <span class='ocrx_word' id='word_1_11' title='bbox 1021 548 1115 599; x_wconf 79' lang='grc' dir='ltr'>καὶ</span> <span class='ocrx_word' id='word_1_12' title='bbox 1142 548 1210 599; x_wconf 82' lang='grc' dir='ltr'>τὰ</span> <span class='ocrx_word' id='word_1_13' title='bbox 1238 548 1484 614; x_wconf 81' lang='grc' dir='ltr'>κρίματα</span> <span class='ocrx_word' id='word_1_14' title='bbox 1511 543 1696 597; x_wconf 86' lang='grc' dir='ltr'>αὑτοῦ</span> <span class='ocrx_word' id='word_1_15' title='bbox 1722 545 1832 597; x_wconf 78' lang='grc' dir='ltr'>οὐκ</span> <span class='ocrx_word' id='word_1_16' title='bbox 1862 543 2168 607; x_wconf 80' lang='grc' dir='ltr'>ἐδήλωσεν</span> 
     </span>
    </p>
   </div>
   <div class='ocr_carea' id='block_1_4' title="bbox 613 633 812 695">
    <p class='ocr_par' dir='ltr' id='par_1_4' title="bbox 613 633 812 695">
     <span class='ocr_line' id='line_1_4' title="bbox 613 633 812 695; baseline -0.02 -10"><span class='ocrx_word' id='word_1_17' title='bbox 613 633 812 695; x_wconf 83' lang='grc' dir='ltr'>αὐτοῖς</span> 
     </span>
    </p>
   </div>
   <div class='ocr_carea' id='block_1_5' title="bbox 685 709 2168 784">
    <p class='ocr_par' dir='ltr' id='par_1_5' title="bbox 685 709 2168 784">
     <span class='ocr_line' id='line_1_5' title="bbox 685 709 2168 784; baseline -0.005 -16"><span class='ocrx_word' id='word_1_18' title='bbox 685 725 751 784; x_wconf 90' lang='grc' dir='ltr'>γ’.</span> <span class='ocrx_word' id='word_1_19' title='bbox 799 714 946 767; x_wconf 73' lang='grc' dir='ltr'>Ἐπεὶ</span> <span class='ocrx_word' id='word_1_20' title='bbox 985 709 1074 765; x_wconf 75' lang='grc' dir='ltr'>οὖν</span> <span class='ocrx_word' id='word_1_21' title='bbox 1107 713 1318 780; x_wconf 80' lang='grc' dir='ltr'>ἐκείνην</span> <span class='ocrx_word' id='word_1_22' title='bbox 1347 712 1483 764; x_wconf 81' lang='grc' dir='ltr'>ἐθνει</span> <span class='ocrx_word' id='word_1_23' title='bbox 1529 711 1892 778; x_wconf 82' lang='grc' dir='ltr'>ἀπεκάλυψεν,</span> <span class='ocrx_word' id='word_1_24' title='bbox 1939 709 2168 761; x_wconf 83' lang='grc' dir='ltr'>ἐνταῦθα</span> 
     </span>
    </p>
   </div>
   <div class='ocr_carea' id='block_1_6' title="bbox 614 797 2167 868">
    <p class='ocr_par' dir='ltr' id='par_1_6' title="bbox 614 797 2167 868">
     <span class='ocr_line' id='line_1_6' title="bbox 614 797 2167 868; baseline -0.007 -12"><span class='ocrx_word' id='word_1_25' title='bbox 614 805 672 856; x_wconf 87' lang='grc' dir='ltr'>δέ</span> <span class='ocrx_word' id='word_1_26' title='bbox 704 801 1104 868; x_wconf 81' lang='grc' dir='ltr'>ζυγοστατήσας</span> <span class='ocrx_word' id='word_1_27' title='bbox 1136 799 1225 850; x_wconf 83' lang='lat' dir='ltr'><em>16v</em></span> <span class='ocrx_word' id='word_1_28' title='bbox 1253 799 1348 867; x_wconf 81' lang='grc' dir='ltr'>τῆς</span> <span class='ocrx_word' id='word_1_29' title='bbox 1379 797 1628 865; x_wconf 80' lang='grc' dir='ltr'>ἀληθείας</span> <span class='ocrx_word' id='word_1_30' title='bbox 1663 798 1838 863; x_wconf 88' lang='grc' dir='ltr'>λόγον,</span> <span class='ocrx_word' id='word_1_31' title='bbox 1876 798 2039 848; x_wconf 81' lang='grc' dir='ltr'>πᾶσιν</span> <span class='ocrx_word' id='word_1_32' title='bbox 2071 797 2167 847; x_wconf 82' lang='grc' dir='ltr'>αύ-</span> 
     </span>
    </p>
   </div>
   <div class='ocr_carea' id='block_1_7' title="bbox 613 882 2166 953">
    <p class='ocr_par' dir='ltr' id='par_1_7' title="bbox 613 882 2166 953">
     <span class='ocr_line' id='line_1_7' title="bbox 613 882 2166 953; baseline -0.006 -12"><span class='ocrx_word' id='word_1_33' title='bbox 613 890 704 941; x_wconf 86' lang='grc' dir='ltr'>τὸν</span> <span class='ocrx_word' id='word_1_34' title='bbox 729 889 785 950; x_wconf 84' lang='grc' dir='ltr'>ἐξ</span> <span class='ocrx_word' id='word_1_35' title='bbox 811 889 920 938; x_wconf 84' lang='grc' dir='ltr'>ίσου</span> <span class='ocrx_word' id='word_1_36' title='bbox 952 887 1196 953; x_wconf 85' lang='grc' dir='ltr'>ἐκέρασε.</span> <span class='ocrx_word' id='word_1_37' title='bbox 1225 886 1480 952; x_wconf 88' lang='grc' dir='ltr'>Πρόσεχε,</span> <span class='ocrx_word' id='word_1_38' title='bbox 1512 883 1826 952; x_wconf 81' lang='grc' dir='ltr'>παρακαλῶο</span> <span class='ocrx_word' id='word_1_39' title='bbox 1852 882 2166 950; x_wconf 81' lang='grc' dir='ltr'>Δικαιοσύνη</span> 
     </span>
    </p>
   </div>
   <div class='ocr_carea' id='block_1_8' title="bbox 613 964 2168 1039">
    <p class='ocr_par' dir='ltr' id='par_1_8' title="bbox 613 964 2168 1039">
     <span class='ocr_line' id='line_1_8' title="bbox 613 964 2168 1039; baseline -0.006 -12"><span class='ocrx_word' id='word_1_40' title='bbox 613 977 728 1027; x_wconf 78' lang='grc' dir='ltr'>ἐστὶ</span> <span class='ocrx_word' id='word_1_41' title='bbox 754 974 812 1026; x_wconf 83' lang='grc' dir='ltr'>τὸ</span> <span class='ocrx_word' id='word_1_42' title='bbox 843 973 1045 1031; x_wconf 81' lang='grc' dir='ltr'>πάντας</span> <span class='ocrx_word' id='word_1_43' title='bbox 1068 970 1265 1039; x_wconf 84' lang='grc' dir='ltr'>ὁμοίως</span> <span class='ocrx_word' id='word_1_44' title='bbox 1296 970 1484 1031; x_wconf 88' lang='grc' dir='ltr'>σῶσαι,</span> <span class='ocrx_word' id='word_1_45' title='bbox 1510 970 1602 1020; x_wconf 77' lang='grc' dir='ltr'>καὶ</span> <span class='ocrx_word' id='word_1_46' title='bbox 1636 970 1708 1036; x_wconf 83' lang='grc' dir='ltr'>μὴ</span> <span class='ocrx_word' id='word_1_47' title='bbox 1749 964 1886 1021; x_wconf 75' lang='grc' dir='ltr'>εἶναι</span> <span class='ocrx_word' id='word_1_48' title='bbox 1911 965 2168 1036; x_wconf 79' lang='grc' dir='ltr'>διαφορὰν</span> 
     </span>
    </p>
   </div>
   <div class='ocr_carea' id='block_1_9' title="bbox 616 1054 2166 1132">
    <p class='ocr_par' dir='ltr' id='par_1_9' title="bbox 616 1054 2166 1132">
     <span class='ocr_line' id='line_1_9' title="bbox 616 1054 2166 1132; baseline -0.005 -21"><span class='ocrx_word' id='word_1_49' title='bbox 616 1059 763 1132; x_wconf 72' lang='grc'>[607]</span> <span class='ocrx_word' id='word_1_50' title='bbox 807 1058 988 1110; x_wconf 90' lang='grc' dir='ltr'>δούλου</span> <span class='ocrx_word' id='word_1_51' title='bbox 1019 1058 1108 1108; x_wconf 70' lang='grc' dir='ltr'>καὶ</span> <span class='ocrx_word' id='word_1_52' title='bbox 1155 1055 1454 1123; x_wconf 83' lang='grc' dir='ltr'>ἐλευθέρου,</span> <span class='ocrx_word' id='word_1_53' title='bbox 1503 1055 1773 1124; x_wconf 86' lang='grc' dir='ltr'>βαρϐάρου</span> <span class='ocrx_word' id='word_1_54' title='bbox 1819 1054 2166 1123; x_wconf 82' lang='grc' dir='ltr'>ἢἜλληνος,</span> 
     </span>
    </p>
   </div>
   <div class='ocr_carea' id='block_1_10' title="bbox 603 1137 2170 1215">
    <p class='ocr_par' dir='ltr' id='par_1_10' title="bbox 603 1137 2170 1215">
     <span class='ocr_line' id='line_1_10' title="bbox 603 1137 2170 1215; baseline -0.006 -16"><span class='ocrx_word' id='word_1_55' title='bbox 603 1147 862 1214; x_wconf 76' lang='grc' dir='ltr'>γυναικὸς</span> <span class='ocrx_word' id='word_1_56' title='bbox 891 1147 922 1215; x_wconf 87' lang='grc' dir='ltr'>ἢ</span> <span class='ocrx_word' id='word_1_57' title='bbox 953 1143 1168 1213; x_wconf 80' lang='grc' dir='ltr'>ἀνδρός⁶</span> <span class='ocrx_word' id='word_1_58' title='bbox 1194 1141 1306 1192; x_wconf 84' lang='grc' dir='ltr'>ἁλλ’</span> <span class='ocrx_word' id='word_1_59' title='bbox 1331 1142 1358 1192; x_wconf 90' lang='grc' dir='ltr'><strong>ὂ</strong></span> <span class='ocrx_word' id='word_1_60' title='bbox 1389 1140 1534 1206; x_wconf 85' lang='grc' dir='ltr'>λέγει</span> <span class='ocrx_word' id='word_1_61' title='bbox 1567 1141 1792 1202; x_wconf 87' lang='grc' dir='ltr'>Παῦλος,</span> <span class='ocrx_word' id='word_1_62' title='bbox 1822 1142 1915 1190; x_wconf 87' lang='grc' dir='ltr'>Ἐν</span> <span class='ocrx_word' id='word_1_63' title='bbox 1941 1137 2170 1206; x_wconf 80' lang='grc' dir='ltr'>Χριστῷ</span> 
     </span>
    </p>
   </div>
   <div class='ocr_carea' id='block_1_11' title="bbox 623 1226 2167 1300">
    <p class='ocr_par' dir='ltr' id='par_1_11' title="bbox 623 1226 2167 1300">
     <span class='ocr_line' id='line_1_11' title="bbox 623 1226 2167 1300; baseline -0.005 -15"><span class='ocrx_word' id='word_1_64' title='bbox 623 1231 823 1300; x_wconf 85' lang='grc' dir='ltr'><em>Ἰησοῦ</em></span> <span class='ocrx_word' id='word_1_65' title='bbox 861 1233 930 1282; x_wconf 85' lang='grc' dir='ltr'>οὺ</span> <span class='ocrx_word' id='word_1_66' title='bbox 963 1229 1253 1294; x_wconf 79' lang='grc' dir='ltr'>βάρϐαρος</span> <span class='ocrx_word' id='word_1_67' title='bbox 1277 1268 1289 1289; x_wconf 96' lang='grc'>,</span> <span class='ocrx_word' id='word_1_68' title='bbox 1323 1229 1392 1279; x_wconf 88' lang='grc' dir='ltr'>οὺ</span> <span class='ocrx_word' id='word_1_69' title='bbox 1425 1228 1676 1293; x_wconf 83' lang='grc' dir='ltr'>Σκύθης,</span> <span class='ocrx_word' id='word_1_70' title='bbox 1717 1229 1824 1278; x_wconf 85' lang='grc' dir='ltr'>οὐκ</span> <span class='ocrx_word' id='word_1_71' title='bbox 1859 1226 2062 1292; x_wconf 80' lang='grc' dir='ltr'>ἄρσεν,</span> <span class='ocrx_word' id='word_1_72' title='bbox 2098 1227 2167 1278; x_wconf 87' lang='grc' dir='ltr'>οὐ</span> 
     </span>
    </p>
   </div>
   <div class='ocr_carea' id='block_1_12' title="bbox 603 1315 2163 1385">
    <p class='ocr_par' dir='ltr' id='par_1_12' title="bbox 603 1315 2163 1385">
     <span class='ocr_line' id='line_1_12' title="bbox 603 1315 2163 1385; baseline -0.006 -12"><span class='ocrx_word' id='word_1_73' title='bbox 603 1318 785 1385; x_wconf 83' lang='grc' dir='ltr'>θῆλυ,</span> <span class='ocrx_word' id='word_1_74' title='bbox 816 1320 884 1368; x_wconf 80' lang='grc' dir='ltr'>οὐ</span> <span class='ocrx_word' id='word_1_75' title='bbox 915 1317 1150 1379; x_wconf 78' lang='grc' dir='ltr'>δοῦλος,</span> <span class='ocrx_word' id='word_1_76' title='bbox 1175 1318 1282 1367; x_wconf 82' lang='grc' dir='ltr'>οὐκ</span> <span class='ocrx_word' id='word_1_77' title='bbox 1308 1315 1636 1380; x_wconf 82' lang='grc' dir='ltr'>ἐλεύθερος.</span> <span class='ocrx_word' id='word_1_78' title='bbox 1667 1315 1826 1383; x_wconf 78' lang='grc' dir='ltr'>Ὁρᾷς</span> <span class='ocrx_word' id='word_1_79' title='bbox 1849 1315 2163 1382; x_wconf 86' lang='grc' dir='ltr'>ὁμοτιμίαν;</span> 
     </span>
    </p>
   </div>
   <div class='ocr_carea' id='block_1_13' title="bbox 621 1400 2168 1472">
    <p class='ocr_par' dir='ltr' id='par_1_13' title="bbox 621 1400 2168 1472">
     <span class='ocr_line' id='line_1_13' title="bbox 621 1400 2168 1472; baseline -0.004 -17"><span class='ocrx_word' id='word_1_80' title='bbox 621 1404 837 1472; x_wconf 84' lang='grc' dir='ltr'>Ἐπειδὴ</span> <span class='ocrx_word' id='word_1_81' title='bbox 869 1403 974 1471; x_wconf 81' lang='grc' dir='ltr'>γάρ</span> <span class='ocrx_word' id='word_1_82' title='bbox 1005 1404 1036 1470; x_wconf 91' lang='grc' dir='ltr'>ή</span> <span class='ocrx_word' id='word_1_83' title='bbox 1072 1401 1228 1468; x_wconf 91' lang='grc' dir='ltr'>φύσις</span> <span class='ocrx_word' id='word_1_84' title='bbox 1266 1402 1542 1468; x_wconf 80' lang='grc' dir='ltr'>ὁμότιμος,</span> <span class='ocrx_word' id='word_1_85' title='bbox 1570 1401 1616 1450; x_wconf 84' lang='grc' dir='ltr'>εί</span> <span class='ocrx_word' id='word_1_86' title='bbox 1649 1400 1740 1452; x_wconf 75' lang='grc' dir='ltr'>καὶ</span> <span class='ocrx_word' id='word_1_87' title='bbox 1782 1403 1898 1460; x_wconf 90' lang='grc' dir='ltr'>ταῖς</span> <span class='ocrx_word' id='word_1_88' title='bbox 1928 1400 2168 1466; x_wconf 79' lang='grc' dir='ltr'>γνώμαις</span> 
     </span>
    </p>
   </div>
   <div class='ocr_carea' id='block_1_14' title="bbox 602 1484 2167 1560">
    <p class='ocr_par' dir='ltr' id='par_1_14' title="bbox 602 1484 2167 1560">
     <span class='ocr_line' id='line_1_14' title="bbox 602 1484 2167 1560; baseline -0.004 -19"><span class='ocrx_word' id='word_1_89' title='bbox 602 1490 992 1560; x_wconf 84' lang='grc' dir='ltr'>ἐμερίσθημεν,</span> <span class='ocrx_word' id='word_1_90' title='bbox 1025 1489 1242 1553; x_wconf 75' lang='grc' dir='ltr'>συνάγει</span> <span class='ocrx_word' id='word_1_91' title='bbox 1272 1488 1368 1555; x_wconf 84' lang='grc' dir='ltr'>τὴν</span> <span class='ocrx_word' id='word_1_92' title='bbox 1405 1486 1569 1552; x_wconf 84' lang='grc' dir='ltr'>φύσιν</span> <span class='ocrx_word' id='word_1_93' title='bbox 1601 1487 1678 1547; x_wconf 84' lang='grc' dir='ltr'>είς</span> <span class='ocrx_word' id='word_1_94' title='bbox 1708 1486 1764 1536; x_wconf 93' lang='lat'>16</span> <span class='ocrx_word' id='word_1_95' title='bbox 1796 1485 2014 1554; x_wconf 84' lang='grc' dir='ltr'>ἀρχαῖον</span> <span class='ocrx_word' id='word_1_96' title='bbox 2047 1484 2167 1536; x_wconf 88' lang='grc' dir='ltr'>κάλ·</span> 
     </span>
    </p>
   </div>
   <div class='ocr_carea' id='block_1_15' title="bbox 607 1567 2169 1643">
    <p class='ocr_par' dir='ltr' id='par_1_15' title="bbox 607 1567 2169 1643">
     <span class='ocr_line' id='line_1_15' title="bbox 607 1567 2169 1643; baseline -0.004 -15"><span class='ocrx_word' id='word_1_97' title='bbox 607 1577 714 1638; x_wconf 83' lang='grc' dir='ltr'>λος.</span> <span class='ocrx_word' id='word_1_98' title='bbox 745 1578 907 1628; x_wconf 85' lang='grc' dir='ltr'>Ὅταν</span> <span class='ocrx_word' id='word_1_99' title='bbox 940 1575 1045 1643; x_wconf 76' lang='grc' dir='ltr'>γὰρ</span> <span class='ocrx_word' id='word_1_100' title='bbox 1076 1572 1314 1642; x_wconf 75' lang='grc' dir='ltr'>ἐπλάσθη</span> <span class='ocrx_word' id='word_1_101' title='bbox 1356 1575 1382 1624; x_wconf 98' lang='lat'>6</span> <span class='ocrx_word' id='word_1_102' title='bbox 1414 1573 1586 1640; x_wconf 82' lang='grc' dir='ltr'>Ἀδάμ</span> <span class='ocrx_word' id='word_1_103' title='bbox 1606 1611 1620 1634; x_wconf 94' lang='grc'>,</span> <span class='ocrx_word' id='word_1_104' title='bbox 1665 1573 1763 1623; x_wconf 84' lang='grc' dir='ltr'>ούκ</span> <span class='ocrx_word' id='word_1_105' title='bbox 1806 1567 1873 1639; x_wconf 81' lang='grc' dir='ltr'>ἦν</span> <span class='ocrx_word' id='word_1_106' title='bbox 1903 1589 1985 1632; x_wconf 90' lang='grc' dir='ltr'>τις</span> <span class='ocrx_word' id='word_1_107' title='bbox 2017 1570 2169 1622; x_wconf 86' lang='grc' dir='ltr'>ἁλλο-</span> 
     </span>
    </p>
   </div>
   <div class='ocr_carea' id='block_1_16' title="bbox 606 1657 2168 1731">
    <p class='ocr_par' dir='ltr' id='par_1_16' title="bbox 606 1657 2168 1731">
     <span class='ocr_line' id='line_1_16' title="bbox 606 1657 2168 1731; baseline -0.003 -18"><span class='ocrx_word' id='word_1_108' title='bbox 606 1663 787 1731; x_wconf 80' lang='grc' dir='ltr'>γενής,</span> <span class='ocrx_word' id='word_1_109' title='bbox 813 1662 870 1711; x_wconf 85' lang='grc' dir='ltr'>ού</span> <span class='ocrx_word' id='word_1_110' title='bbox 906 1660 1132 1728; x_wconf 82' lang='grc' dir='ltr'>Σκύθης,</span> <span class='ocrx_word' id='word_1_111' title='bbox 1160 1659 1218 1710; x_wconf 84' lang='grc' dir='ltr'>ού</span> <span class='ocrx_word' id='word_1_112' title='bbox 1259 1658 1548 1727; x_wconf 87' lang='grc' dir='ltr'>βάρϐαρος,</span> <span class='ocrx_word' id='word_1_113' title='bbox 1589 1659 1684 1725; x_wconf 78' lang='grc' dir='ltr'>οὐχ</span> <span class='ocrx_word' id='word_1_114' title='bbox 1706 1657 1923 1726; x_wconf 85' lang='grc' dir='ltr'>Ἕλλην,</span> <span class='ocrx_word' id='word_1_115' title='bbox 1957 1658 2014 1708; x_wconf 84' lang='grc' dir='ltr'>ού</span> <span class='ocrx_word' id='word_1_116' title='bbox 2049 1657 2168 1708; x_wconf 91' lang='grc' dir='ltr'>δοῦ-</span> 
     </span>
    </p>
   </div>
   <div class='ocr_carea' id='block_1_17' title="bbox 607 1742 2164 1813">
    <p class='ocr_par' dir='ltr' id='par_1_17' title="bbox 607 1742 2164 1813">
     <span class='ocr_line' id='line_1_17' title="bbox 607 1742 2164 1813; baseline -0.003 -13"><span class='ocrx_word' id='word_1_117' title='bbox 607 1748 715 1809; x_wconf 87' lang='grc' dir='ltr'>λος,</span> <span class='ocrx_word' id='word_1_118' title='bbox 745 1749 843 1798; x_wconf 80' lang='grc' dir='ltr'>οὑκ</span> <span class='ocrx_word' id='word_1_119' title='bbox 875 1745 1170 1813; x_wconf 87' lang='grc' dir='ltr'>ἐλεύθερος,</span> <span class='ocrx_word' id='word_1_120' title='bbox 1200 1745 1298 1795; x_wconf 86' lang='grc' dir='ltr'>ούκ</span> <span class='ocrx_word' id='word_1_121' title='bbox 1333 1743 1516 1812; x_wconf 84' lang='grc' dir='ltr'>ἄρσεν,</span> <span class='ocrx_word' id='word_1_122' title='bbox 1557 1743 1616 1794; x_wconf 83' lang='grc' dir='ltr'>οὐ</span> <span class='ocrx_word' id='word_1_123' title='bbox 1652 1743 1810 1811; x_wconf 83' lang='grc' dir='ltr'>θῆλυ·</span> <span class='ocrx_word' id='word_1_124' title='bbox 1841 1744 1904 1795; x_wconf 88' lang='grc' dir='ltr'>ἐκ</span> <span class='ocrx_word' id='word_1_125' title='bbox 1933 1742 2039 1810; x_wconf 81' lang='grc' dir='ltr'>γὰρ</span> <span class='ocrx_word' id='word_1_126' title='bbox 2071 1744 2164 1796; x_wconf 87' lang='grc' dir='ltr'>τοῦ</span> 
     </span>
    </p>
   </div>
   <div class='ocr_carea' id='block_1_18' title="bbox 604 1828 2161 1899">
    <p class='ocr_par' dir='ltr' id='par_1_18' title="bbox 604 1828 2161 1899">
     <span class='ocr_line' id='line_1_18' title="bbox 604 1828 2161 1899; baseline -0.002 -17"><span class='ocrx_word' id='word_1_127' title='bbox 604 1831 723 1892; x_wconf 83' lang='grc' dir='ltr'>ἐνὸς</span> <span class='ocrx_word' id='word_1_128' title='bbox 759 1832 826 1882; x_wconf 80' lang='grc' dir='ltr'>τὰ</span> <span class='ocrx_word' id='word_1_129' title='bbox 857 1830 948 1882; x_wconf 88' lang='grc' dir='ltr'>δύο</span> <span class='ocrx_word' id='word_1_130' title='bbox 987 1832 1251 1898; x_wconf 81' lang='grc' dir='ltr'>ἐπήγαγε.</span> <span class='ocrx_word' id='word_1_131' title='bbox 1287 1828 1533 1880; x_wconf 88' lang='grc' dir='ltr'>Δουλείαν</span> <span class='ocrx_word' id='word_1_132' title='bbox 1571 1828 1630 1879; x_wconf 85' lang='grc' dir='ltr'>ού</span> <span class='ocrx_word' id='word_1_133' title='bbox 1668 1828 1827 1894; x_wconf 83' lang='grc' dir='ltr'>φύσις</span> <span class='ocrx_word' id='word_1_134' title='bbox 1857 1831 2161 1899; x_wconf 86' lang='grc' dir='ltr'>ἐγέννησεν,</span> 
     </span>
    </p>
   </div>
   <div class='ocr_carea' id='block_1_19' title="bbox 604 1914 2163 1984">
    <p class='ocr_par' dir='ltr' id='par_1_19' title="bbox 604 1914 2163 1984">
     <span class='ocr_line' id='line_1_19' title="bbox 604 1914 2163 1984; baseline 0.001 -18"><span class='ocrx_word' id='word_1_135' title='bbox 604 1916 738 1968; x_wconf 72' lang='grc' dir='ltr'>ἀλλὰ</span> <span class='ocrx_word' id='word_1_136' title='bbox 762 1915 1074 1984; x_wconf 88' lang='grc' dir='ltr'>προαίρεσις</span> <span class='ocrx_word' id='word_1_137' title='bbox 1104 1915 1278 1966; x_wconf 80' lang='grc' dir='ltr'>ἔτεκε.</span> <span class='ocrx_word' id='word_1_138' title='bbox 1311 1914 1519 1965; x_wconf 79' lang='grc' dir='ltr'>Γίνεται</span> <span class='ocrx_word' id='word_1_139' title='bbox 1548 1914 1603 1965; x_wconf 89' lang='grc' dir='ltr'>δέ</span> <span class='ocrx_word' id='word_1_140' title='bbox 1635 1915 1726 1966; x_wconf 77' lang='grc' dir='ltr'>καὶ</span> <span class='ocrx_word' id='word_1_141' title='bbox 1766 1914 1974 1967; x_wconf 89' lang='grc' dir='ltr'>δουλεία</span> <span class='ocrx_word' id='word_1_142' title='bbox 1997 1918 2163 1983; x_wconf 82' lang='grc' dir='ltr'>ήναγ-</span> 
     </span>
    </p>
   </div>
   <div class='ocr_carea' id='block_1_20' title="bbox 605 1999 2162 2070">
    <p class='ocr_par' dir='ltr' id='par_1_20' title="bbox 605 1999 2162 2070">
     <span class='ocr_line' id='line_1_20' title="bbox 605 1999 2162 2070; baseline -0.003 -14"><span class='ocrx_word' id='word_1_143' title='bbox 605 2003 908 2070; x_wconf 87' lang='grc' dir='ltr'>κασμένηῆ</span> <span class='ocrx_word' id='word_1_144' title='bbox 945 2003 1001 2052; x_wconf 84' lang='grc' dir='ltr'>ἐν</span> <span class='ocrx_word' id='word_1_145' title='bbox 1037 2001 1284 2070; x_wconf 75' lang='grc' dir='ltr'>συμφορᾷ</span> <span class='ocrx_word' id='word_1_146' title='bbox 1325 1999 1504 2069; x_wconf 83' lang='grc' dir='ltr'>λιμοῦ,</span> <span class='ocrx_word' id='word_1_147' title='bbox 1537 2000 1567 2068; x_wconf 84' lang='grc' dir='ltr'>ἢ</span> <span class='ocrx_word' id='word_1_148' title='bbox 1597 2001 1968 2068; x_wconf 78' lang='grc' dir='ltr'>αἰχμαλωσίας</span> <span class='ocrx_word' id='word_1_149' title='bbox 1998 2002 2162 2067; x_wconf 80' lang='grc' dir='ltr'>ἀνάγ-</span> 
     </span>
    </p>
   </div>
   <div class='ocr_carea' id='block_1_21' title="bbox 604 2086 2159 2158">
    <p class='ocr_par' dir='ltr' id='par_1_21' title="bbox 604 2086 2159 2158">
     <span class='ocr_line' id='line_1_21' title="bbox 604 2086 2159 2158; baseline -0.001 -18"><span class='ocrx_word' id='word_1_150' title='bbox 604 2105 695 2158; x_wconf 83' lang='grc' dir='ltr'>κῃ.</span> <span class='ocrx_word' id='word_1_151' title='bbox 753 2088 906 2139; x_wconf 85' lang='grc' dir='ltr'>Ἐστι</span> <span class='ocrx_word' id='word_1_152' title='bbox 945 2088 1001 2139; x_wconf 91' lang='grc' dir='ltr'>δέ</span> <span class='ocrx_word' id='word_1_153' title='bbox 1049 2088 1140 2137; x_wconf 77' lang='grc' dir='ltr'>καὶ</span> <span class='ocrx_word' id='word_1_154' title='bbox 1177 2087 1336 2154; x_wconf 81' lang='grc' dir='ltr'>ἑτέρα</span> <span class='ocrx_word' id='word_1_155' title='bbox 1377 2086 1588 2137; x_wconf 90' lang='grc' dir='ltr'>δουλεία</span> <span class='ocrx_word' id='word_1_156' title='bbox 1637 2086 1985 2155; x_wconf 76' lang='grc' dir='ltr'>αὐθαίρετος,</span> <span class='ocrx_word' id='word_1_157' title='bbox 2029 2089 2059 2154; x_wconf 82' lang='grc' dir='ltr'><strong>ἠ</strong></span> <span class='ocrx_word' id='word_1_158' title='bbox 2094 2087 2159 2138; x_wconf 83' lang='grc' dir='ltr'>δι’</span> 
     </span>
    </p>
   </div>
   <div class='ocr_carea' id='block_1_22' title="bbox 604 2172 2160 2241">
    <p class='ocr_par' dir='ltr' id='par_1_22' title="bbox 604 2172 2160 2241">
     <span class='ocr_line' id='line_1_22' title="bbox 604 2172 2160 2241; baseline -0.003 -14"><span class='ocrx_word' id='word_1_159' title='bbox 604 2174 897 2241; x_wconf 79' lang='grc' dir='ltr'>ἐπιγαμίαν</span> <span class='ocrx_word' id='word_1_160' title='bbox 940 2173 1326 2239; x_wconf 85' lang='grc' dir='ltr'>Θεραπαινίδων</span> <span class='ocrx_word' id='word_1_161' title='bbox 1371 2172 1467 2238; x_wconf 86' lang='grc' dir='ltr'>τὴν</span> <span class='ocrx_word' id='word_1_162' title='bbox 1495 2173 1691 2239; x_wconf 81' lang='grc' dir='ltr'>ἑαυτῆς</span> <span class='ocrx_word' id='word_1_163' title='bbox 1723 2172 2026 2240; x_wconf 76' lang='grc' dir='ltr'>ἐλευθερίαν</span> <span class='ocrx_word' id='word_1_164' title='bbox 2073 2189 2160 2223; x_wconf 90' lang='grc' dir='ltr'>πι-</span> 
     </span>
    </p>
   </div>
   <div class='ocr_carea' id='block_1_23' title="bbox 604 2257 2159 2328">
    <p class='ocr_par' dir='ltr' id='par_1_23' title="bbox 604 2257 2159 2328">
     <span class='ocr_line' id='line_1_23' title="bbox 604 2257 2159 2328; baseline -0.001 -18"><span class='ocrx_word' id='word_1_165' title='bbox 604 2261 951 2328; x_wconf 80' lang='grc' dir='ltr'>πράσκουσα,</span> <span class='ocrx_word' id='word_1_166' title='bbox 996 2259 1088 2310; x_wconf 83' lang='grc' dir='ltr'>καὶ</span> <span class='ocrx_word' id='word_1_167' title='bbox 1139 2258 1242 2309; x_wconf 83' lang='grc' dir='ltr'>ὑπὸ</span> <span class='ocrx_word' id='word_1_168' title='bbox 1287 2259 1449 2322; x_wconf 67' lang='grc' dir='ltr'>ζυγὺν</span> <span class='ocrx_word' id='word_1_169' title='bbox 1499 2257 1737 2319; x_wconf 77' lang='grc' dir='ltr'>δουλείας</span> <span class='ocrx_word' id='word_1_170' title='bbox 1775 2258 2061 2326; x_wconf 84' lang='grc' dir='ltr'>ἐρχομένη.</span> <span class='ocrx_word' id='word_1_171' title='bbox 2096 2257 2159 2309; x_wconf 83' lang='grc' dir='ltr'>ῚῙ</span> 
     </span>
    </p>
   </div>
   <div class='ocr_carea' id='block_1_24' title="bbox 601 2344 2160 2416">
    <p class='ocr_par' dir='ltr' id='par_1_24' title="bbox 601 2344 2160 2416">
     <span class='ocr_line' id='line_1_24' title="bbox 601 2344 2160 2416; baseline -0.001 -19"><span class='ocrx_word' id='word_1_172' title='bbox 601 2347 658 2397; x_wconf 86' lang='grc' dir='ltr'>δέ</span> <span class='ocrx_word' id='word_1_173' title='bbox 690 2345 874 2416; x_wconf 80' lang='grc' dir='ltr'>πρώτη</span> <span class='ocrx_word' id='word_1_174' title='bbox 914 2345 1122 2396; x_wconf 86' lang='grc' dir='ltr'>δουλεία</span> <span class='ocrx_word' id='word_1_175' title='bbox 1167 2344 1272 2396; x_wconf 85' lang='grc' dir='ltr'>ἁπδ</span> <span class='ocrx_word' id='word_1_176' title='bbox 1301 2344 1478 2413; x_wconf 81' lang='grc' dir='ltr'>κακῆς</span> <span class='ocrx_word' id='word_1_177' title='bbox 1523 2344 1748 2414; x_wconf 83' lang='grc' dir='ltr'>συνέστη</span> <span class='ocrx_word' id='word_1_178' title='bbox 1781 2344 2020 2413; x_wconf 77' lang='grc' dir='ltr'>γνώμης.</span> <span class='ocrx_word' id='word_1_179' title='bbox 2054 2344 2160 2396; x_wconf 75' lang='grc' dir='ltr'>Καὶ</span> 
     </span>
    </p>
   </div>
   <div class='ocr_carea' id='block_1_25' title="bbox 601 2431 2161 2500">
    <p class='ocr_par' dir='ltr' id='par_1_25' title="bbox 601 2431 2161 2500">
     <span class='ocr_line' id='line_1_25' title="bbox 601 2431 2161 2500; baseline -0.001 -15"><span class='ocrx_word' id='word_1_180' title='bbox 601 2434 765 2485; x_wconf 86' lang='grc' dir='ltr'>πόθεν</span> <span class='ocrx_word' id='word_1_181' title='bbox 794 2433 1102 2494; x_wconf 87' lang='grc' dir='ltr'>εὑρίσκεται</span> <span class='ocrx_word' id='word_1_182' title='bbox 1136 2434 1168 2500; x_wconf 87' lang='grc' dir='ltr'>ή</span> <span class='ocrx_word' id='word_1_183' title='bbox 1204 2432 1324 2500; x_wconf 80' lang='grc' dir='ltr'>ῥίζα</span> <span class='ocrx_word' id='word_1_184' title='bbox 1363 2435 1460 2500; x_wconf 83' lang='grc' dir='ltr'>τῆς</span> <span class='ocrx_word' id='word_1_185' title='bbox 1489 2432 1746 2494; x_wconf 83' lang='grc' dir='ltr'>δουλείας,</span> <span class='ocrx_word' id='word_1_186' title='bbox 1777 2433 1964 2485; x_wconf 81' lang='grc' dir='ltr'>ἄκουε·</span> <span class='ocrx_word' id='word_1_187' title='bbox 2011 2431 2161 2483; x_wconf 83' lang='grc' dir='ltr'>Μετὰ</span> 
     </span>
    </p>
   </div>
   <div class='ocr_carea' id='block_1_26' title="bbox 600 2513 2158 2586">
    <p class='ocr_par' dir='ltr' id='par_1_26' title="bbox 600 2513 2158 2586">
     <span class='ocr_line' id='line_1_26' title="bbox 600 2513 2158 2586; baseline -0.003 -15"><span class='ocrx_word' id='word_1_188' title='bbox 600 2520 689 2572; x_wconf 81' lang='grc' dir='ltr'>τὸν</span> <span class='ocrx_word' id='word_1_189' title='bbox 722 2518 1100 2586; x_wconf 82' lang='grc' dir='ltr'>κατακλυσμὸν</span> <span class='ocrx_word' id='word_1_190' title='bbox 1122 2519 1153 2569; x_wconf 92' lang='lat'>6</span> <span class='ocrx_word' id='word_1_191' title='bbox 1183 2517 1303 2569; x_wconf 81' lang='grc' dir='ltr'>Νῶε</span> <span class='ocrx_word' id='word_1_192' title='bbox 1339 2516 1476 2568; x_wconf 86' lang='grc' dir='ltr'>πιὼν</span> <span class='ocrx_word' id='word_1_193' title='bbox 1503 2513 1664 2582; x_wconf 83' lang='grc' dir='ltr'>οἶνον,</span> <span class='ocrx_word' id='word_1_194' title='bbox 1697 2520 1790 2569; x_wconf 76' lang='grc' dir='ltr'>καὶ</span> <span class='ocrx_word' id='word_1_195' title='bbox 1821 2517 1894 2586; x_wconf 83' lang='grc' dir='ltr'>μὴ</span> <span class='ocrx_word' id='word_1_196' title='bbox 1924 2517 2158 2585; x_wconf 82' lang='grc' dir='ltr'>κεράσας</span> 
     </span>
    </p>
   </div>
   <div class='ocr_carea' id='block_1_27' title="bbox 600 2603 2152 2675">
    <p class='ocr_par' dir='ltr' id='par_1_27' title="bbox 600 2603 2152 2675">
     <span class='ocr_line' id='line_1_27' title="bbox 600 2603 2152 2675; baseline -0.003 -17"><span class='ocrx_word' id='word_1_197' title='bbox 600 2607 760 2658; x_wconf 78' lang='grc' dir='ltr'>αὐτὸν</span> <span class='ocrx_word' id='word_1_198' title='bbox 792 2609 856 2674; x_wconf 85' lang='grc' dir='ltr'>τῇ</span> <span class='ocrx_word' id='word_1_199' title='bbox 890 2605 1171 2675; x_wconf 76' lang='grc' dir='ltr'>πρεπούσῃ</span> <span class='ocrx_word' id='word_1_200' title='bbox 1218 2606 1430 2674; x_wconf 85' lang='grc' dir='ltr'>κράσει,</span> <span class='ocrx_word' id='word_1_201' title='bbox 1471 2605 1537 2656; x_wconf 83' lang='grc' dir='ltr'>δι’</span> <span class='ocrx_word' id='word_1_202' title='bbox 1562 2605 1814 2674; x_wconf 81' lang='grc' dir='ltr'>ἀπειρίαν</span> <span class='ocrx_word' id='word_1_203' title='bbox 1859 2603 2152 2672; x_wconf 84' lang='grc' dir='ltr'>ἐμεθύσθη,</span> 
     </span>
    </p>
   </div>
   <div class='ocr_carea' id='block_1_28' title="bbox 599 2691 2159 2761">
    <p class='ocr_par' dir='ltr' id='par_1_28' title="bbox 599 2691 2159 2761">
     <span class='ocr_line' id='line_1_28' title="bbox 599 2691 2159 2761; baseline -0.001 -18"><span class='ocrx_word' id='word_1_204' title='bbox 599 2694 658 2743; x_wconf 87' lang='grc' dir='ltr'>ού</span> <span class='ocrx_word' id='word_1_205' title='bbox 698 2692 918 2761; x_wconf 81' lang='grc' dir='ltr'>γνώμης</span> <span class='ocrx_word' id='word_1_206' title='bbox 975 2692 1124 2744; x_wconf 83' lang='grc' dir='ltr'>νόσον</span> <span class='ocrx_word' id='word_1_207' title='bbox 1169 2691 1567 2760; x_wconf 83' lang='grc' dir='ltr'>ἐνδειξάμενος,</span> <span class='ocrx_word' id='word_1_208' title='bbox 1614 2691 1724 2743; x_wconf 85' lang='grc' dir='ltr'>ἁλλ’</span> <span class='ocrx_word' id='word_1_209' title='bbox 1771 2692 2020 2757; x_wconf 78' lang='grc' dir='ltr'>ἁγνοίας’</span> <span class='ocrx_word' id='word_1_210' title='bbox 2066 2692 2159 2742; x_wconf 78' lang='grc' dir='ltr'>καὶ</span> 
     </span>
    </p>
   </div>
   <div class='ocr_carea' id='block_1_29' title="bbox 598 2776 2158 2846">
    <p class='ocr_par' dir='ltr' id='par_1_29' title="bbox 598 2776 2158 2846">
     <span class='ocr_line' id='line_1_29' title="bbox 598 2776 2158 2846; baseline 0 -19"><span class='ocrx_word' id='word_1_211' title='bbox 598 2778 902 2846; x_wconf 85' lang='grc' dir='ltr'>ἐμεθύσθη,</span> <span class='ocrx_word' id='word_1_212' title='bbox 950 2778 1043 2830; x_wconf 79' lang='grc' dir='ltr'>καὶ</span> <span class='ocrx_word' id='word_1_213' title='bbox 1076 2777 1359 2846; x_wconf 77' lang='grc' dir='ltr'>μεθυσθεὶς</span> <span class='ocrx_word' id='word_1_214' title='bbox 1399 2776 1703 2846; x_wconf 80' lang='grc' dir='ltr'>ἐγυμνώθη.</span> <span class='ocrx_word' id='word_1_215' title='bbox 1755 2779 1864 2830; x_wconf 75' lang='grc' dir='ltr'>Καὶ</span> <span class='ocrx_word' id='word_1_216' title='bbox 1907 2778 2158 2828; x_wconf 79' lang='grc' dir='ltr'>εἰσελθὼν</span> 
     </span>
    </p>
   </div>
   <div class='ocr_carea' id='block_1_30' title="bbox 597 2858 2154 2932">
    <p class='ocr_par' dir='ltr' id='par_1_30' title="bbox 597 2858 2154 2932">
     <span class='ocr_line' id='line_1_30' title="bbox 597 2858 2154 2932; baseline -0.001 -18"><span class='ocrx_word' id='word_1_217' title='bbox 597 2858 678 2924; x_wconf 70' lang='grc' dir='ltr'>εἷς</span> <span class='ocrx_word' id='word_1_218' title='bbox 716 2862 822 2914; x_wconf 76' lang='grc' dir='ltr'>τῶν</span> <span class='ocrx_word' id='word_1_219' title='bbox 853 2863 980 2914; x_wconf 81' lang='grc' dir='ltr'>υἱῶν</span> <span class='ocrx_word' id='word_1_220' title='bbox 1011 2863 1202 2923; x_wconf 75' lang='grc' dir='ltr'>αὑτοῦ,</span> <span class='ocrx_word' id='word_1_221' title='bbox 1230 2859 1335 2913; x_wconf 81' lang='grc' dir='ltr'>εἶδε</span> <span class='ocrx_word' id='word_1_222' title='bbox 1366 2863 1464 2930; x_wconf 83' lang='grc' dir='ltr'>τὴν</span> <span class='ocrx_word' id='word_1_223' title='bbox 1495 2862 1587 2914; x_wconf 90' lang='grc' dir='ltr'>τοῦ</span> <span class='ocrx_word' id='word_1_224' title='bbox 1631 2863 1832 2931; x_wconf 85' lang='grc' dir='ltr'>πατρὸς</span> <span class='ocrx_word' id='word_1_225' title='bbox 1860 2863 2154 2932; x_wconf 88' lang='grc' dir='ltr'>γύμνωσιν,</span> 
     </span>
    </p>
   </div>
   <div class='ocr_carea' id='block_1_31' title="bbox 599 2943 2156 3016">
    <p class='ocr_par' dir='ltr' id='par_1_31' title="bbox 599 2943 2156 3016">
     <span class='ocr_line' id='line_1_31' title="bbox 599 2943 2156 3016; baseline 0 -17"><span class='ocrx_word' id='word_1_226' title='bbox 599 2949 690 3000; x_wconf 73' lang='grc' dir='ltr'>καὶ</span> <span class='ocrx_word' id='word_1_227' title='bbox 732 2949 976 3015; x_wconf 87' lang='grc' dir='ltr'>ἐγέλασε.</span> <span class='ocrx_word' id='word_1_228' title='bbox 1011 2949 1073 2999; x_wconf 91' lang='grc' dir='ltr'>Τί</span> <span class='ocrx_word' id='word_1_229' title='bbox 1118 2943 1210 3000; x_wconf 76' lang='grc' dir='ltr'>οὖν</span> <span class='ocrx_word' id='word_1_230' title='bbox 1238 2950 1265 2998; x_wconf 93' lang='lat'>6</span> <span class='ocrx_word' id='word_1_231' title='bbox 1295 2947 1472 3016; x_wconf 86' lang='grc' dir='ltr'>πατὴρ</span> <span class='ocrx_word' id='word_1_232' title='bbox 1513 2948 1750 3015; x_wconf 84' lang='grc' dir='ltr'>ἐκνήψας</span> <span class='ocrx_word' id='word_1_233' title='bbox 1788 2948 1964 3011; x_wconf 76' lang='grc' dir='ltr'>λέγεις</span> <span class='ocrx_word' id='word_1_234' title='bbox 2009 2950 2156 2999; x_wconf 76' lang='grc' dir='ltr'>Ἐπι-</span> 
     </span>
    </p>
   </div>
   <div class='ocr_carea' id='block_1_32' title="bbox 597 3035 2156 3104">
    <p class='ocr_par' dir='ltr' id='par_1_32' title="bbox 597 3035 2156 3104">
     <span class='ocr_line' id='line_1_32' title="bbox 597 3035 2156 3104; baseline -0.003 -15"><span class='ocrx_word' id='word_1_235' title='bbox 597 3037 923 3104; x_wconf 80' lang='grc' dir='ltr'>κατάρατος</span> <span class='ocrx_word' id='word_1_236' title='bbox 979 3037 1218 3089; x_wconf 75' lang='grc' dir='ltr'>Χαναὰν</span> <span class='ocrx_word' id='word_1_237' title='bbox 1238 3048 1288 3097; x_wconf 78' lang='grc' dir='ltr'>ι,</span> <span class='ocrx_word' id='word_1_238' title='bbox 1340 3035 1478 3100; x_wconf 80' lang='grc' dir='ltr'>παῖς</span> <span class='ocrx_word' id='word_1_239' title='bbox 1533 3036 1767 3101; x_wconf 65' lang='grc' dir='ltr'>οἰκέτης</span> <span class='ocrx_word' id='word_1_240' title='bbox 1816 3036 1985 3087; x_wconf 77' lang='grc' dir='ltr'>ἔσται</span> <span class='ocrx_word' id='word_1_241' title='bbox 2034 3036 2156 3100; x_wconf 80' lang='grc' dir='ltr'>τοῖς</span> 
     </span>
    </p>
   </div>
   <div class='ocr_carea' id='block_1_33' title="bbox 595 3121 2150 3191">
    <p class='ocr_par' dir='ltr' id='par_1_33' title="bbox 595 3121 2150 3191">
     <span class='ocr_line' id='line_1_33' title="bbox 595 3121 2150 3191; baseline -0.001 -16"><span class='ocrx_word' id='word_1_242' title='bbox 595 3123 877 3189; x_wconf 74' lang='grc' dir='ltr'>ἀδελφοῖς</span> <span class='ocrx_word' id='word_1_243' title='bbox 904 3123 1111 3176; x_wconf 80' lang='grc' dir='ltr'>αὑτοῦ.</span> <span class='ocrx_word' id='word_1_244' title='bbox 1143 3123 1302 3191; x_wconf 85' lang='grc' dir='ltr'>Ὁρᾷς</span> <span class='ocrx_word' id='word_1_245' title='bbox 1340 3123 1453 3182; x_wconf 87' lang='grc' dir='ltr'>πῶς</span> <span class='ocrx_word' id='word_1_246' title='bbox 1479 3121 1573 3189; x_wconf 83' lang='grc' dir='ltr'>τὴν</span> <span class='ocrx_word' id='word_1_247' title='bbox 1595 3122 1836 3175; x_wconf 84' lang='grc' dir='ltr'>δουλείαν</span> <span class='ocrx_word' id='word_1_248' title='bbox 1866 3123 2150 3190; x_wconf 87' lang='grc' dir='ltr'>ἐγέννησεν</span> 
     </span>
    </p>
   </div>
   <div class='ocr_carea' id='block_1_34' title="bbox 597 3209 2152 3278">
    <p class='ocr_par' dir='ltr' id='par_1_34' title="bbox 597 3209 2152 3278">
     <span class='ocr_line' id='line_1_34' title="bbox 597 3209 2152 3278; baseline 0.001 -17"><span class='ocrx_word' id='word_1_249' title='bbox 597 3210 631 3277; x_wconf 79' lang='grc' dir='ltr'>ὴ</span> <span class='ocrx_word' id='word_1_250' title='bbox 654 3210 922 3278; x_wconf 79' lang='grc' dir='ltr'>ἁμαρτία;</span> <span class='ocrx_word' id='word_1_251' title='bbox 951 3209 1046 3260; x_wconf 82' lang='grc' dir='ltr'>Διὰ</span> <span class='ocrx_word' id='word_1_252' title='bbox 1076 3209 1230 3260; x_wconf 82' lang='grc' dir='ltr'>τοῦτο</span> <span class='ocrx_word' id='word_1_253' title='bbox 1272 3209 1416 3274; x_wconf 86' lang='grc' dir='ltr'>λέγει</span> <span class='ocrx_word' id='word_1_254' title='bbox 1446 3209 1474 3259; x_wconf 93' lang='lat'>6</span> <span class='ocrx_word' id='word_1_255' title='bbox 1503 3209 1690 3278; x_wconf 89' lang='grc' dir='ltr'>Σωτήρ</span> <span class='ocrx_word' id='word_1_256' title='bbox 1712 3227 1723 3238; x_wconf 91' lang='grc'>·</span> <span class='ocrx_word' id='word_1_257' title='bbox 1747 3209 1870 3274; x_wconf 78' lang='grc' dir='ltr'>Πᾶς</span> <span class='ocrx_word' id='word_1_258' title='bbox 1897 3213 1927 3262; x_wconf 90' lang='grc' dir='ltr'>ό</span> <span class='ocrx_word' id='word_1_259' title='bbox 1964 3209 2152 3263; x_wconf 81' lang='grc' dir='ltr'>ποιῶν</span> 
     </span>
    </p>
   </div>
   <div class='ocr_carea' id='block_1_35' title="bbox 597 3294 2155 3363">
    <p class='ocr_par' dir='ltr' id='par_1_35' title="bbox 597 3294 2155 3363">
     <span class='ocr_line' id='line_1_35' title="bbox 597 3294 2155 3363; baseline 0.001 -17"><span class='ocrx_word' id='word_1_260' title='bbox 597 3294 710 3360; x_wconf 78' lang='grc' dir='ltr'>τὴν</span> <span class='ocrx_word' id='word_1_261' title='bbox 741 3295 1047 3363; x_wconf 81' lang='grc' dir='ltr'>ἁμαρτίαν,</span> <span class='ocrx_word' id='word_1_262' title='bbox 1083 3295 1299 3356; x_wconf 86' lang='grc' dir='ltr'>δοῦλός</span> <span class='ocrx_word' id='word_1_263' title='bbox 1344 3296 1473 3346; x_wconf 81' lang='grc' dir='ltr'>ἐστι</span> <span class='ocrx_word' id='word_1_264' title='bbox 1511 3294 1618 3362; x_wconf 78' lang='grc' dir='ltr'>τῆς</span> <span class='ocrx_word' id='word_1_265' title='bbox 1653 3296 1956 3362; x_wconf 76' lang='grc' dir='ltr'>ἁμαρτίας.</span> <span class='ocrx_word' id='word_1_266' title='bbox 2005 3297 2155 3348; x_wconf 78' lang='grc' dir='ltr'>Ἐπεὶ</span> 
     </span>
    </p>
   </div>
   <div class='ocr_carea' id='block_1_36' title="bbox 594 3377 2148 3450">
    <p class='ocr_par' dir='ltr' id='par_1_36' title="bbox 594 3377 2148 3450">
     <span class='ocr_line' id='line_1_36' title="bbox 594 3377 2148 3450; baseline -0.001 -18"><span class='ocrx_word' id='word_1_267' title='bbox 594 3377 686 3434; x_wconf 81' lang='grc' dir='ltr'>οὖν</span> <span class='ocrx_word' id='word_1_268' title='bbox 734 3377 892 3450; x_wconf 82' lang='grc' dir='ltr'>ἦλθεν</span> <span class='ocrx_word' id='word_1_269' title='bbox 932 3383 962 3432; x_wconf 90' lang='lat'>6</span> <span class='ocrx_word' id='word_1_270' title='bbox 1003 3381 1367 3450; x_wconf 75' lang='grc' dir='ltr'>ἐλευθερωτής</span> <span class='ocrx_word' id='word_1_271' title='bbox 1419 3380 1509 3431; x_wconf 86' lang='grc' dir='ltr'>τοῦ</span> <span class='ocrx_word' id='word_1_272' title='bbox 1551 3381 1887 3450; x_wconf 84' lang='grc' dir='ltr'>ἀνθρωπίνου</span> <span class='ocrx_word' id='word_1_273' title='bbox 1935 3383 2148 3449; x_wconf 82' lang='grc' dir='ltr'>γένους,</span> 
     </span>
    </p>
   </div>
   <div class='ocr_carea' id='block_1_37' title="bbox 594 3463 2153 3536">
    <p class='ocr_par' dir='ltr' id='par_1_37' title="bbox 594 3463 2153 3536">
     <span class='ocr_line' id='line_1_37' title="bbox 594 3463 2153 3536; baseline 0 -18"><span class='ocrx_word' id='word_1_274' title='bbox 594 3467 688 3518; x_wconf 75' lang='grc' dir='ltr'>καὶ</span> <span class='ocrx_word' id='word_1_275' title='bbox 722 3465 1062 3533; x_wconf 81' lang='grc' dir='ltr'>συνεχώρησε</span> <span class='ocrx_word' id='word_1_276' title='bbox 1099 3465 1193 3532; x_wconf 83' lang='grc' dir='ltr'>τὴν</span> <span class='ocrx_word' id='word_1_277' title='bbox 1223 3465 1510 3532; x_wconf 82' lang='grc' dir='ltr'>ἁμαρτίαν,</span> <span class='ocrx_word' id='word_1_278' title='bbox 1555 3466 1750 3532; x_wconf 81' lang='grc' dir='ltr'>μᾶλλον</span> <span class='ocrx_word' id='word_1_279' title='bbox 1780 3467 1835 3518; x_wconf 85' lang='grc' dir='ltr'>δὲ</span> <span class='ocrx_word' id='word_1_280' title='bbox 1876 3463 2007 3536; x_wconf 77' lang='grc' dir='ltr'>ἦρεν</span> <span class='ocrx_word' id='word_1_281' title='bbox 2042 3469 2153 3534; x_wconf 85' lang='grc' dir='ltr'>(ἐκ-</span> 
     </span>
    </p>
   </div>
   <div class='ocr_carea' id='block_1_38' title="bbox 592 3548 2149 3622">
    <p class='ocr_par' dir='ltr' id='par_1_38' title="bbox 592 3548 2149 3622">
     <span class='ocr_line' id='line_1_38' title="bbox 592 3548 2149 3622; baseline 0.002 -21"><span class='ocrx_word' id='word_1_282' title='bbox 592 3548 772 3618; x_wconf 84' lang='grc' dir='ltr'>τεμὼν</span> <span class='ocrx_word' id='word_1_283' title='bbox 822 3550 927 3618; x_wconf 82' lang='grc' dir='ltr'>γὰρ</span> <span class='ocrx_word' id='word_1_284' title='bbox 979 3550 1076 3617; x_wconf 86' lang='grc' dir='ltr'>τὴν</span> <span class='ocrx_word' id='word_1_285' title='bbox 1124 3549 1296 3616; x_wconf 80' lang='grc' dir='ltr'>ῥίζαν,</span> <span class='ocrx_word' id='word_1_286' title='bbox 1356 3548 1670 3618; x_wconf 84' lang='grc' dir='ltr'>συνεξέτεμε</span> <span class='ocrx_word' id='word_1_287' title='bbox 1711 3552 1804 3602; x_wconf 70' lang='grc' dir='ltr'>καὶ</span> <span class='ocrx_word' id='word_1_288' title='bbox 1853 3555 1974 3614; x_wconf 82' lang='grc' dir='ltr'>τοὺς</span> <span class='ocrx_word' id='word_1_289' title='bbox 2016 3570 2149 3622; x_wconf 89' lang='grc' dir='ltr'>καρ-</span> 
     </span>
    </p>
   </div>
   <div class='ocr_carea' id='block_1_39' title="bbox 594 3635 2152 3703">
    <p class='ocr_par' dir='ltr' id='par_1_39' title="bbox 594 3635 2152 3703">
     <span class='ocr_line' id='line_1_39' title="bbox 594 3635 2152 3703; baseline 0.002 -17"><span class='ocrx_word' id='word_1_290' title='bbox 594 3636 773 3701; x_wconf 74' lang='grc' dir='ltr'>ποὺς),</span> <span class='ocrx_word' id='word_1_291' title='bbox 815 3636 968 3686; x_wconf 87' lang='grc' dir='ltr'>καλεῖ</span> <span class='ocrx_word' id='word_1_292' title='bbox 999 3635 1337 3703; x_wconf 85' lang='grc' dir='ltr'>δικαιοσύνης</span> <span class='ocrx_word' id='word_1_293' title='bbox 1374 3636 1694 3701; x_wconf 84' lang='grc' dir='ltr'>Εὑαγγέλιον</span> <span class='ocrx_word' id='word_1_294' title='bbox 1733 3638 1816 3689; x_wconf 83' lang='grc' dir='ltr'>διὰ</span> <span class='ocrx_word' id='word_1_295' title='bbox 1849 3639 1908 3688; x_wconf 87' lang='lat'>16</span> <span class='ocrx_word' id='word_1_296' title='bbox 1951 3639 2152 3700; x_wconf 86' lang='grc' dir='ltr'>πάντας</span> 
     </span>
    </p>
   </div>
   <div class='ocr_carea' id='block_1_40' title="bbox 592 3721 2150 3792">
    <p class='ocr_par' dir='ltr' id='par_1_40' title="bbox 592 3721 2150 3792">
     <span class='ocr_line' id='line_1_40' title="bbox 592 3721 2150 3792; baseline 0.003 -18"><span class='ocrx_word' id='word_1_297' title='bbox 592 3723 788 3792; x_wconf 81' lang='grc' dir='ltr'>ὁμοίιος</span> <span class='ocrx_word' id='word_1_298' title='bbox 819 3725 1086 3790; x_wconf 76' lang='grc' dir='ltr'>φωτίζειν.</span> <span class='ocrx_word' id='word_1_299' title='bbox 1131 3723 1536 3790; x_wconf 81' lang='grc' dir='ltr'>’Υπελάμϐανον</span> <span class='ocrx_word' id='word_1_300' title='bbox 1566 3721 1656 3776; x_wconf 74' lang='grc' dir='ltr'>οὖν</span> <span class='ocrx_word' id='word_1_301' title='bbox 1693 3727 1740 3776; x_wconf 86' lang='grc' dir='ltr'>οἱ</span> <span class='ocrx_word' id='word_1_302' title='bbox 1779 3726 2038 3787; x_wconf 87' lang='grc' dir='ltr'>Ἰουδαῖοι,</span> <span class='ocrx_word' id='word_1_303' title='bbox 2071 3729 2150 3778; x_wconf 83' lang='grc' dir='ltr'>ὅτι</span> 
     </span>
    </p>
   </div>
   <div class='ocr_carea' id='block_1_41' title="bbox 590 3809 2149 3878">
    <p class='ocr_par' dir='ltr' id='par_1_41' title="bbox 590 3809 2149 3878">
     <span class='ocr_line' id='line_1_41' title="bbox 590 3809 2149 3878; baseline 0.003 -18"><span class='ocrx_word' id='word_1_304' title='bbox 590 3810 652 3860; x_wconf 91' lang='lat'>16</span> <span class='ocrx_word' id='word_1_305' title='bbox 682 3809 1009 3874; x_wconf 86' lang='grc' dir='ltr'>Εὑαγγέλιον</span> <span class='ocrx_word' id='word_1_306' title='bbox 1036 3810 1094 3860; x_wconf 91' lang='lat'>16</span> <span class='ocrx_word' id='word_1_307' title='bbox 1132 3811 1526 3878; x_wconf 75' lang='grc' dir='ltr'>κηρυττόμενον</span> <span class='ocrx_word' id='word_1_308' title='bbox 1566 3811 1631 3861; x_wconf 79' lang='grc' dir='ltr'>δι’</span> <span class='ocrx_word' id='word_1_309' title='bbox 1670 3811 1831 3864; x_wconf 84' lang='grc' dir='ltr'>αὑτοῦ</span> <span class='ocrx_word' id='word_1_310' title='bbox 1865 3813 2042 3874; x_wconf 73' lang='grc' dir='ltr'>αὐτοῖς</span> <span class='ocrx_word' id='word_1_311' title='bbox 2071 3813 2149 3864; x_wconf 87' lang='grc' dir='ltr'>δί-</span> 
     </span>
    </p>
   </div>
   <div class='ocr_carea' id='block_1_42' title="bbox 589 3894 2146 3968">
    <p class='ocr_par' dir='ltr' id='par_1_42' title="bbox 589 3894 2146 3968">
     <span class='ocr_line' id='line_1_42' title="bbox 589 3894 2146 3968; baseline 0.004 -23"><span class='ocrx_word' id='word_1_312' title='bbox 589 3894 734 3946; x_wconf 80' lang='grc' dir='ltr'>δοται</span> <span class='ocrx_word' id='word_1_313' title='bbox 789 3897 985 3963; x_wconf 90' lang='grc' dir='ltr'>μόνοις.</span> <span class='ocrx_word' id='word_1_314' title='bbox 1022 3895 1208 3964; x_wconf 77' lang='grc' dir='ltr'>Ἐξέϐη</span> <span class='ocrx_word' id='word_1_315' title='bbox 1249 3897 1303 3947; x_wconf 87' lang='grc' dir='ltr'>δὲ</span> <span class='ocrx_word' id='word_1_316' title='bbox 1338 3897 1463 3964; x_wconf 83' lang='grc' dir='ltr'>παρ’</span> <span class='ocrx_word' id='word_1_317' title='bbox 1505 3897 1721 3959; x_wconf 81' lang='grc' dir='ltr'>ἐλπίδας</span> <span class='ocrx_word' id='word_1_318' title='bbox 1760 3900 1789 3966; x_wconf 87' lang='grc' dir='ltr'>ή</span> <span class='ocrx_word' id='word_1_319' title='bbox 1837 3899 2146 3968; x_wconf 87' lang='grc' dir='ltr'>προσδοκία.</span> 
     </span>
    </p>
   </div>
   <div class='ocr_carea' id='block_1_43' title="bbox 590 3981 2150 4050">
    <p class='ocr_par' dir='ltr' id='par_1_43' title="bbox 590 3981 2150 4050">
     <span class='ocr_line' id='line_1_43' title="bbox 590 3981 2150 4050; baseline 0.004 -19"><span class='ocrx_word' id='word_1_320' title='bbox 590 3981 681 4032; x_wconf 90' lang='grc' dir='ltr'>Διό</span> <span class='ocrx_word' id='word_1_321' title='bbox 740 3998 902 4049; x_wconf 88' lang='grc' dir='ltr'>φησιν</span> <span class='ocrx_word' id='word_1_322' title='bbox 953 3983 980 4032; x_wconf 90' lang='lat'>6</span> <span class='ocrx_word' id='word_1_323' title='bbox 1031 3981 1230 4033; x_wconf 85' lang='grc' dir='ltr'>Δαυῖδ·</span> <span class='ocrx_word' id='word_1_324' title='bbox 1286 3982 1720 4050; x_wconf 80' lang='grc' dir='ltr'>’Υπελάϐομεν,</span> <span class='ocrx_word' id='word_1_325' title='bbox 1765 3986 1797 4035; x_wconf 92' lang='grc' dir='ltr'>ό</span> <span class='ocrx_word' id='word_1_326' title='bbox 1853 3983 2032 4048; x_wconf 86' lang='grc' dir='ltr'>Θεὸς,</span> <span class='ocrx_word' id='word_1_327' title='bbox 2084 3986 2150 4037; x_wconf 87' lang='grc' dir='ltr'>τὸ</span> 
     </span>
    </p>
   </div>
   <div class='ocr_carea' id='block_1_44' title="bbox 592 4066 2149 4134">
    <p class='ocr_par' dir='ltr' id='par_1_44' title="bbox 592 4066 2149 4134">
     <span class='ocr_line' id='line_1_44' title="bbox 592 4066 2149 4134; baseline 0.003 -17"><span class='ocrx_word' id='word_1_328' title='bbox 592 4066 762 4130; x_wconf 74' lang='grc' dir='ltr'>ἔλεός</span> <span class='ocrx_word' id='word_1_329' title='bbox 813 4083 926 4118; x_wconf 89' lang='grc' dir='ltr'>σου</span> <span class='ocrx_word' id='word_1_330' title='bbox 979 4068 1048 4118; x_wconf 86' lang='grc' dir='ltr'>ἐν</span> <span class='ocrx_word' id='word_1_331' title='bbox 1085 4067 1250 4134; x_wconf 78' lang='grc' dir='ltr'>μέσῳ</span> <span class='ocrx_word' id='word_1_332' title='bbox 1313 4069 1418 4120; x_wconf 85' lang='grc' dir='ltr'>τοῦ</span> <span class='ocrx_word' id='word_1_333' title='bbox 1476 4068 1627 4120; x_wconf 86' lang='grc' dir='ltr'>λαοῦ</span> <span class='ocrx_word' id='word_1_334' title='bbox 1687 4084 1839 4122; x_wconf 71' lang='grc' dir='ltr'>σου*</span> <span class='ocrx_word' id='word_1_335' title='bbox 1887 4070 2034 4121; x_wconf 85' lang='grc' dir='ltr'>κατὰ</span> <span class='ocrx_word' id='word_1_336' title='bbox 2085 4069 2149 4122; x_wconf 88' lang='grc' dir='ltr'>τὸ</span> 
     </span>
    </p>
   </div>
   <div class='ocr_carea' id='block_1_45' title="bbox 591 4154 2148 4222">
    <p class='ocr_par' dir='ltr' id='par_1_45' title="bbox 591 4154 2148 4222">
     <span class='ocr_line' id='line_1_45' title="bbox 591 4154 2148 4222; baseline 0.003 -17"><span class='ocrx_word' id='word_1_337' title='bbox 591 4154 777 4219; x_wconf 78' lang='grc' dir='ltr'>ὄνομα</span> <span class='ocrx_word' id='word_1_338' title='bbox 825 4170 971 4213; x_wconf 89' lang='grc' dir='ltr'>σου,</span> <span class='ocrx_word' id='word_1_339' title='bbox 1013 4157 1044 4206; x_wconf 85' lang='grc' dir='ltr'><em>ὁ</em></span> <span class='ocrx_word' id='word_1_340' title='bbox 1087 4155 1258 4218; x_wconf 83' lang='grc' dir='ltr'>Θεὸς,</span> <span class='ocrx_word' id='word_1_341' title='bbox 1305 4156 1456 4207; x_wconf 80' lang='grc' dir='ltr'>οὕτω</span> <span class='ocrx_word' id='word_1_342' title='bbox 1510 4155 1605 4206; x_wconf 74' lang='grc' dir='ltr'>καί</span> <span class='ocrx_word' id='word_1_343' title='bbox 1658 4157 1695 4222; x_wconf 71' lang='grc' dir='ltr'><em>ἡ</em></span> <span class='ocrx_word' id='word_1_344' title='bbox 1744 4157 1979 4221; x_wconf 78' lang='grc' dir='ltr'>αῐνεσίς</span> <span class='ocrx_word' id='word_1_345' title='bbox 2034 4174 2148 4210; x_wconf 92' lang='grc' dir='ltr'>σου</span> 
     </span>
    </p>
   </div>
   <div class='ocr_carea' id='block_1_46' title="bbox 589 4239 2149 4311">
    <p class='ocr_par' dir='ltr' id='par_1_46' title="bbox 589 4239 2149 4311">
     <span class='ocr_line' id='line_1_46' title="bbox 589 4239 2149 4311; baseline 0.003 -22"><span class='ocrx_word' id='word_1_346' title='bbox 589 4239 688 4290; x_wconf 75' lang='grc' dir='ltr'>ἐπὶ</span> <span class='ocrx_word' id='word_1_347' title='bbox 741 4240 812 4291; x_wconf 81' lang='grc' dir='ltr'>τὰ</span> <span class='ocrx_word' id='word_1_348' title='bbox 857 4239 1077 4305; x_wconf 81' lang='grc' dir='ltr'>πέρατα</span> <span class='ocrx_word' id='word_1_349' title='bbox 1128 4239 1235 4306; x_wconf 82' lang='grc' dir='ltr'>τῆς</span> <span class='ocrx_word' id='word_1_350' title='bbox 1277 4239 1408 4306; x_wconf 76' lang='grc' dir='ltr'>γῆς.</span> <span class='ocrx_word' id='word_1_351' title='bbox 1450 4242 1557 4292; x_wconf 76' lang='grc' dir='ltr'>Καὶ</span> <span class='ocrx_word' id='word_1_352' title='bbox 1604 4242 1690 4294; x_wconf 81' lang='grc' dir='ltr'>ἵνα</span> <span class='ocrx_word' id='word_1_353' title='bbox 1744 4243 1923 4311; x_wconf 83' lang='grc' dir='ltr'>δείξῃ,</span> <span class='ocrx_word' id='word_1_354' title='bbox 1969 4244 2049 4294; x_wconf 85' lang='grc' dir='ltr'>ὅτι</span> <span class='ocrx_word' id='word_1_355' title='bbox 2089 4243 2149 4294; x_wconf 90' lang='lat'>16</span> 
     </span>
    </p>
   </div>
   <div class='ocr_carea' id='block_1_47' title="bbox 590 4325 2143 4394">
    <p class='ocr_par' dir='ltr' id='par_1_47' title="bbox 590 4325 2143 4394">
     <span class='ocr_line' id='line_1_47' title="bbox 590 4325 2143 4394; baseline 0.001 -17"><span class='ocrx_word' id='word_1_356' title='bbox 590 4325 811 4393; x_wconf 71' lang='grc' dir='ltr'>ἐλεῆσαι</span> <span class='ocrx_word' id='word_1_357' title='bbox 866 4326 931 4376; x_wconf 86' lang='grc' dir='ltr'>τὰ</span> <span class='ocrx_word' id='word_1_358' title='bbox 987 4325 1195 4393; x_wconf 86' lang='grc' dir='ltr'>πέρατα</span> <span class='ocrx_word' id='word_1_359' title='bbox 1250 4326 1344 4393; x_wconf 82' lang='grc' dir='ltr'>τῆς</span> <span class='ocrx_word' id='word_1_360' title='bbox 1412 4325 1545 4392; x_wconf 82' lang='grc' dir='ltr'>γῆς,</span> <span class='ocrx_word' id='word_1_361' title='bbox 1595 4326 1905 4394; x_wconf 83' lang='grc' dir='ltr'>δικαιοσύνη</span> <span class='ocrx_word' id='word_1_362' title='bbox 1969 4328 2143 4392; x_wconf 73' lang='grc' dir='ltr'>ἐστὶν,</span> 
     </span>
    </p>
   </div>
   <div class='ocr_carea' id='block_1_48' title="bbox 591 4411 2141 4480">
    <p class='ocr_par' dir='ltr' id='par_1_48' title="bbox 591 4411 2141 4480">
     <span class='ocr_line' id='line_1_48' title="bbox 591 4411 2141 4480; baseline 0.002 -17"><span class='ocrx_word' id='word_1_363' title='bbox 591 4413 874 4480; x_wconf 83' lang='grc' dir='ltr'>ἐπήγαγε’</span> <span class='ocrx_word' id='word_1_364' title='bbox 924 4413 1312 4477; x_wconf 84' lang='grc' dir='ltr'>Δικαιοσύνης</span> <span class='ocrx_word' id='word_1_365' title='bbox 1379 4412 1614 4478; x_wconf 78' lang='grc' dir='ltr'>πλήρης</span> <span class='ocrx_word' id='word_1_366' title='bbox 1674 4413 1711 4478; x_wconf 76' lang='grc' dir='ltr'>ἡ</span> <span class='ocrx_word' id='word_1_367' title='bbox 1781 4411 1949 4474; x_wconf 81' lang='grc' dir='ltr'>δεξιά</span> <span class='ocrx_word' id='word_1_368' title='bbox 2007 4428 2141 4467; x_wconf 89' lang='grc' dir='ltr'>σου.</span> 
     </span>
    </p>
   </div>
   <div class='ocr_carea' id='block_1_49' title="bbox 591 4497 2142 4567">
    <p class='ocr_par' dir='ltr' id='par_1_49' title="bbox 591 4497 2142 4567">
     <span class='ocr_line' id='line_1_49' title="bbox 591 4497 2142 4567; baseline -0.001 -18"><span class='ocrx_word' id='word_1_369' title='bbox 591 4498 757 4549; x_wconf 85' lang='grc' dir='ltr'>Ὅταν</span> <span class='ocrx_word' id='word_1_370' title='bbox 790 4498 816 4536; x_wconf 74' lang='grc' dir='ltr'>δ</span> <span class='ocrx_word' id='word_1_371' title='bbox 863 4497 995 4566; x_wconf 87' lang='grc' dir='ltr'>βαθύ</span> <span class='ocrx_word' id='word_1_372' title='bbox 1037 4516 1087 4549; x_wconf 90' lang='grc' dir='ltr'>τι</span> <span class='ocrx_word' id='word_1_373' title='bbox 1127 4498 1215 4548; x_wconf 73' lang='grc' dir='ltr'>καὶ</span> <span class='ocrx_word' id='word_1_374' title='bbox 1247 4499 1575 4566; x_wconf 81' lang='grc' dir='ltr'>προφητικὸν</span> <span class='ocrx_word' id='word_1_375' title='bbox 1608 4498 1853 4567; x_wconf 84' lang='grc' dir='ltr'>ἀνακύψῃ</span> <span class='ocrx_word' id='word_1_376' title='bbox 1897 4498 2142 4567; x_wconf 79' lang='grc' dir='ltr'>ζήτημα,</span> 
     </span>
    </p>
   </div>
   <div class='ocr_carea' id='block_1_50' title="bbox 589 4585 2142 4654">
    <p class='ocr_par' dir='ltr' id='par_1_50' title="bbox 589 4585 2142 4654">
     <span class='ocr_line' id='line_1_50' title="bbox 589 4585 2142 4654; baseline 0.001 -20"><span class='ocrx_word' id='word_1_377' title='bbox 589 4585 856 4652; x_wconf 86' lang='grc' dir='ltr'>σύνδραμε</span> <span class='ocrx_word' id='word_1_378' title='bbox 919 4585 994 4652; x_wconf 86' lang='grc' dir='ltr'>τῷ</span> <span class='ocrx_word' id='word_1_379' title='bbox 1054 4585 1214 4653; x_wconf 86' lang='grc' dir='ltr'>λόγῳ,</span> <span class='ocrx_word' id='word_1_380' title='bbox 1272 4585 1344 4653; x_wconf 80' lang='grc' dir='ltr'>μὴ</span> <span class='ocrx_word' id='word_1_381' title='bbox 1395 4586 1623 4654; x_wconf 89' lang='grc' dir='ltr'>κροτῶν,</span> <span class='ocrx_word' id='word_1_382' title='bbox 1667 4586 1800 4637; x_wconf 77' lang='grc' dir='ltr'>ἀλλὰ</span> <span class='ocrx_word' id='word_1_383' title='bbox 1864 4585 2017 4648; x_wconf 89' lang='grc' dir='ltr'>νοῶν,</span> <span class='ocrx_word' id='word_1_384' title='bbox 2069 4587 2142 4654; x_wconf 83' lang='grc' dir='ltr'>μὴ</span> 
     </span>
    </p>
   </div>
   <div class='ocr_carea' id='block_1_51' title="bbox 586 4669 2142 4741">
    <p class='ocr_par' dir='ltr' id='par_1_51' title="bbox 586 4669 2142 4741">
     <span class='ocr_line' id='line_1_51' title="bbox 586 4669 2142 4741; baseline 0 -19"><span class='ocrx_word' id='word_1_385' title='bbox 586 4669 770 4731; x_wconf 87' lang='grc' dir='ltr'>ἁπλῶς</span> <span class='ocrx_word' id='word_1_386' title='bbox 794 4670 1075 4738; x_wconf 84' lang='grc' dir='ltr'>δεχόμενος</span> <span class='ocrx_word' id='word_1_387' title='bbox 1101 4672 1188 4724; x_wconf 83' lang='grc' dir='ltr'>τὸν</span> <span class='ocrx_word' id='word_1_388' title='bbox 1223 4672 1408 4741; x_wconf 86' lang='grc' dir='ltr'>κρότον</span> <span class='ocrx_word' id='word_1_389' title='bbox 1440 4673 1546 4724; x_wconf 90' lang='grc' dir='ltr'>τῶν</span> <span class='ocrx_word' id='word_1_390' title='bbox 1576 4672 1852 4741; x_wconf 89' lang='grc' dir='ltr'>ῥημάτων,</span> <span class='ocrx_word' id='word_1_391' title='bbox 1888 4671 2022 4723; x_wconf 86' lang='grc' dir='ltr'>ἀλλὰ</span> <span class='ocrx_word' id='word_1_392' title='bbox 2047 4672 2142 4740; x_wconf 85' lang='grc' dir='ltr'>τὴν</span> 
     </span>
    </p>
   </div>
   <div class='ocr_carea' id='block_1_52' title="bbox 587 4756 2143 4828">
    <p class='ocr_par' dir='ltr' id='par_1_52' title="bbox 587 4756 2143 4828">
     <span class='ocr_line' id='line_1_52' title="bbox 587 4756 2143 4828; baseline 0.003 -21"><span class='ocrx_word' id='word_1_393' title='bbox 587 4757 794 4807; x_wconf 78' lang='grc' dir='ltr'>ἔννοιαν</span> <span class='ocrx_word' id='word_1_394' title='bbox 835 4756 1132 4823; x_wconf 79' lang='grc' dir='ltr'>βασανίζων</span> <span class='ocrx_word' id='word_1_395' title='bbox 1177 4758 1284 4810; x_wconf 89' lang='grc' dir='ltr'>τῶν</span> <span class='ocrx_word' id='word_1_396' title='bbox 1334 4760 1637 4828; x_wconf 89' lang='grc' dir='ltr'>νοημάτων.</span> <span class='ocrx_word' id='word_1_397' title='bbox 1691 4758 1814 4810; x_wconf 81' lang='grc' dir='ltr'>Ἐάν</span> <span class='ocrx_word' id='word_1_398' title='bbox 1867 4758 1973 4828; x_wconf 84' lang='grc' dir='ltr'>γὰρ</span> <span class='ocrx_word' id='word_1_399' title='bbox 2015 4758 2143 4828; x_wconf 79' lang='grc' dir='ltr'>ᾅδης</span> 
     </span>
    </p>
   </div>
   <div class='ocr_carea' id='block_1_53' title="bbox 585 4840 2142 4913">
    <p class='ocr_par' dir='ltr' id='par_1_53' title="bbox 585 4840 2142 4913">
     <span class='ocr_line' id='line_1_53' title="bbox 585 4840 2142 4913; baseline 0.001 -21"><span class='ocrx_word' id='word_1_400' title='bbox 585 4842 652 4892; x_wconf 75' lang='grc' dir='ltr'>τὰ</span> <span class='ocrx_word' id='word_1_401' title='bbox 680 4840 770 4890; x_wconf 87' lang='grc' dir='ltr'>τοῦ</span> <span class='ocrx_word' id='word_1_402' title='bbox 814 4840 945 4892; x_wconf 80' lang='grc' dir='ltr'>Θεοῦ</span> <span class='ocrx_word' id='word_1_403' title='bbox 976 4842 1111 4909; x_wconf 86' lang='grc' dir='ltr'>μετὰ</span> <span class='ocrx_word' id='word_1_404' title='bbox 1143 4842 1412 4908; x_wconf 87' lang='grc' dir='ltr'>ἀληθείας,</span> <span class='ocrx_word' id='word_1_405' title='bbox 1446 4845 1536 4896; x_wconf 74' lang='grc' dir='ltr'>καὶ</span> <span class='ocrx_word' id='word_1_406' title='bbox 1571 4846 1800 4913; x_wconf 85' lang='grc' dir='ltr'>μάλιστα</span> <span class='ocrx_word' id='word_1_407' title='bbox 1837 4844 1933 4912; x_wconf 78' lang='grc' dir='ltr'>τὴν</span> <span class='ocrx_word' id='word_1_408' title='bbox 1963 4844 2142 4912; x_wconf 80' lang='grc' dir='ltr'>φωνὴν</span> 
     </span>
    </p>
   </div>
   <div class='ocr_carea' id='block_1_54' title="bbox 583 4924 2139 4998">
    <p class='ocr_par' dir='ltr' id='par_1_54' title="bbox 583 4924 2139 4998">
     <span class='ocr_line' id='line_1_54' title="bbox 583 4924 2139 4998; baseline 0.003 -22"><span class='ocrx_word' id='word_1_409' title='bbox 583 4927 803 4994; x_wconf 84' lang='grc' dir='ltr'>ταύτην,</span> <span class='ocrx_word' id='word_1_410' title='bbox 835 4928 899 4996; x_wconf 84' lang='grc' dir='ltr'>ἢν</span> <span class='ocrx_word' id='word_1_411' title='bbox 946 4928 972 4977; x_wconf 90' lang='lat'>6</span> <span class='ocrx_word' id='word_1_412' title='bbox 1004 4926 1160 4978; x_wconf 78' lang='grc' dir='ltr'>Δαυῒδ</span> <span class='ocrx_word' id='word_1_413' title='bbox 1193 4924 1343 4979; x_wconf 73' lang='grc' dir='ltr'>εἷπεν</span> <span class='ocrx_word' id='word_1_414' title='bbox 1366 4947 1376 4957; x_wconf 96' lang='grc'><strong>·</strong></span> <span class='ocrx_word' id='word_1_415' title='bbox 1421 4931 1842 4998; x_wconf 76' lang='grc' dir='ltr'>’Υπελάϐομεν,</span> <span class='ocrx_word' id='word_1_416' title='bbox 1888 4934 1918 4982; x_wconf 88' lang='grc' dir='ltr'>ό</span> <span class='ocrx_word' id='word_1_417' title='bbox 1973 4931 2139 4993; x_wconf 77' lang='grc' dir='ltr'>Θεὸς,</span> 
     </span>
    </p>
   </div>
   <div class='ocr_carea' id='block_1_55' title="bbox 582 5010 2138 5079">
    <p class='ocr_par' dir='ltr' id='par_1_55' title="bbox 582 5010 2138 5079">
     <span class='ocr_line' id='line_1_55' title="bbox 582 5010 2138 5079; baseline 0.004 -19"><span class='ocrx_word' id='word_1_418' title='bbox 582 5010 647 5060; x_wconf 82' lang='grc' dir='ltr'>τὸ</span> <span class='ocrx_word' id='word_1_419' title='bbox 680 5011 848 5074; x_wconf 80' lang='grc' dir='ltr'>ἔλεός</span> <span class='ocrx_word' id='word_1_420' title='bbox 884 5026 997 5064; x_wconf 89' lang='grc' dir='ltr'>σου</span> <span class='ocrx_word' id='word_1_421' title='bbox 1045 5014 1112 5063; x_wconf 82' lang='grc' dir='ltr'>ἐν</span> <span class='ocrx_word' id='word_1_422' title='bbox 1145 5013 1304 5079; x_wconf 85' lang='grc' dir='ltr'>μέσῳ</span> <span class='ocrx_word' id='word_1_423' title='bbox 1349 5015 1454 5065; x_wconf 84' lang='grc' dir='ltr'>τοῦ</span> <span class='ocrx_word' id='word_1_424' title='bbox 1495 5016 1646 5067; x_wconf 82' lang='grc' dir='ltr'>λαοῦ</span> <span class='ocrx_word' id='word_1_425' title='bbox 1696 5032 1844 5068; x_wconf 82' lang='grc' dir='ltr'>σου’</span> <span class='ocrx_word' id='word_1_426' title='bbox 1896 5017 2044 5067; x_wconf 79' lang='grc' dir='ltr'>κατὰ</span> <span class='ocrx_word' id='word_1_427' title='bbox 2076 5016 2138 5066; x_wconf 84' lang='grc' dir='ltr'>τὸ</span> 
     </span>
    </p>
   </div>
   <div class='ocr_carea' id='block_1_56' title="bbox 583 5095 2142 5166">
    <p class='ocr_par' dir='ltr' id='par_1_56' title="bbox 583 5095 2142 5166">
     <span class='ocr_line' id='line_1_56' title="bbox 583 5095 2142 5166; baseline 0.004 -22"><span class='ocrx_word' id='word_1_428' title='bbox 583 5095 768 5161; x_wconf 73' lang='grc' dir='ltr'>ὄνομὰ</span> <span class='ocrx_word' id='word_1_429' title='bbox 800 5113 935 5156; x_wconf 89' lang='grc' dir='ltr'>σου,</span> <span class='ocrx_word' id='word_1_430' title='bbox 966 5102 996 5147; x_wconf 85' lang='grc' dir='ltr'>ό</span> <span class='ocrx_word' id='word_1_431' title='bbox 1029 5100 1187 5162; x_wconf 83' lang='grc' dir='ltr'>Θεὸς,</span> <span class='ocrx_word' id='word_1_432' title='bbox 1230 5100 1379 5150; x_wconf 82' lang='grc' dir='ltr'>οὕτω</span> <span class='ocrx_word' id='word_1_433' title='bbox 1415 5100 1510 5150; x_wconf 76' lang='grc' dir='ltr'>καὶ</span> <span class='ocrx_word' id='word_1_434' title='bbox 1553 5101 1590 5166; x_wconf 73' lang='grc' dir='ltr'>η</span> <span class='ocrx_word' id='word_1_435' title='bbox 1633 5100 1865 5164; x_wconf 76' lang='grc' dir='ltr'>αἵνεσίς</span> <span class='ocrx_word' id='word_1_436' title='bbox 1901 5117 2016 5151; x_wconf 85' lang='grc' dir='ltr'>σου</span> <span class='ocrx_word' id='word_1_437' title='bbox 2043 5100 2142 5150; x_wconf 83' lang='grc' dir='ltr'>ἐπὶ</span> 
     </span>
    </p>
   </div>
   <div class='ocr_carea' id='block_1_57' title="bbox 583 5181 2141 5250">
    <p class='ocr_par' dir='ltr' id='par_1_57' title="bbox 583 5181 2141 5250">
     <span class='ocr_line' id='line_1_57' title="bbox 583 5181 2141 5250; baseline 0.001 -17"><span class='ocrx_word' id='word_1_438' title='bbox 583 5181 653 5233; x_wconf 80' lang='grc' dir='ltr'>τὰ</span> <span class='ocrx_word' id='word_1_439' title='bbox 673 5181 892 5246; x_wconf 79' lang='grc' dir='ltr'>πέρατα</span> <span class='ocrx_word' id='word_1_440' title='bbox 921 5181 1029 5248; x_wconf 83' lang='grc' dir='ltr'>τῆς</span> <span class='ocrx_word' id='word_1_441' title='bbox 1059 5183 1195 5249; x_wconf 75' lang='grc' dir='ltr'>γῆς’</span> <span class='ocrx_word' id='word_1_442' title='bbox 1237 5184 1626 5249; x_wconf 77' lang='grc' dir='ltr'>δικαιοσύνης</span> <span class='ocrx_word' id='word_1_443' title='bbox 1655 5185 1888 5250; x_wconf 64' lang='grc' dir='ltr'>πλήρης</span> <span class='ocrx_word' id='word_1_444' title='bbox 1914 5185 1950 5249; x_wconf 73' lang='grc' dir='ltr'>ἡ</span> <span class='ocrx_word' id='word_1_445' title='bbox 1978 5183 2141 5247; x_wconf 74' lang='grc' dir='ltr'>δεξιά</span> 
     </span>
    </p>
   </div>
   <div class='ocr_carea' id='block_1_58' title="bbox 583 5268 2138 5342">
    <p class='ocr_par' dir='ltr' id='par_1_58' title="bbox 583 5268 2138 5342">
     <span class='ocr_line' id='line_1_58' title="bbox 583 5268 2138 5342; baseline 0.002 -22"><span class='ocrx_word' id='word_1_446' title='bbox 583 5283 697 5320; x_wconf 83' lang='grc' dir='ltr'>σου</span> <span class='ocrx_word' id='word_1_447' title='bbox 719 5285 730 5295; x_wconf 85' lang='grc'><strong>·</strong></span> <span class='ocrx_word' id='word_1_448' title='bbox 777 5268 1001 5336; x_wconf 71' lang='grc' dir='ltr'>εὑρίσκῃ</span> <span class='ocrx_word' id='word_1_449' title='bbox 1035 5269 1126 5319; x_wconf 70' lang='grc' dir='ltr'>καὶ</span> <span class='ocrx_word' id='word_1_450' title='bbox 1160 5270 1299 5338; x_wconf 83' lang='grc' dir='ltr'>ᾅδων</span> <span class='ocrx_word' id='word_1_451' title='bbox 1344 5273 1409 5323; x_wconf 82' lang='grc' dir='ltr'>τὰ</span> <span class='ocrx_word' id='word_1_452' title='bbox 1442 5273 1533 5323; x_wconf 82' lang='grc' dir='ltr'>τοῦ</span> <span class='ocrx_word' id='word_1_453' title='bbox 1569 5271 1723 5335; x_wconf 84' lang='grc' dir='ltr'>Θεοῦ,</span> <span class='ocrx_word' id='word_1_454' title='bbox 1769 5272 1862 5322; x_wconf 54' lang='grc' dir='ltr'>καί¹</span> <span class='ocrx_word' id='word_1_455' title='bbox 1902 5271 2138 5342; x_wconf 83' lang='grc' dir='ltr'>πληρού-</span> 
     </span>
    </p>
   </div>
   <div class='ocr_carea' id='block_1_59' title="bbox 626 5575 2137 5683">
    <p class='ocr_par' dir='ltr' id='par_1_59' title="bbox 626 5575 2137 5683">
     <span class='ocr_line' id='line_1_59' title="bbox 626 5575 2137 5683; baseline 0 -57"><span class='ocrx_word' id='word_1_456' title='bbox 626 5580 669 5683; x_wconf 60' lang='grc' dir='ltr'><em>ἱ</em></span> <span class='ocrx_word' id='word_1_457' title='bbox 702 5578 783 5626; x_wconf 87' lang='lat' dir='ltr'>Sic</span> <span class='ocrx_word' id='word_1_458' title='bbox 803 5592 990 5638; x_wconf 83' lang='lat' dir='ltr'>omnes,</span> <span class='ocrx_word' id='word_1_459' title='bbox 1015 5585 1159 5639; x_wconf 76' lang='lat' dir='ltr'><strong>atque</strong></span> <span class='ocrx_word' id='word_1_460' title='bbox 1185 5575 1248 5626; x_wconf 68' lang='lat' dir='ltr'>ita</span> <span class='ocrx_word' id='word_1_461' title='bbox 1275 5579 1457 5638; x_wconf 74' lang='lat' dir='ltr'>legitur</span> <span class='ocrx_word' id='word_1_462' title='bbox 1495 5575 1544 5623; x_wconf 85' lang='lat' dir='ltr'>in</span> <span class='ocrx_word' id='word_1_463' title='bbox 1581 5578 1786 5639; x_wconf 74' lang='lat' dir='ltr'>Blbliis;</span> <span class='ocrx_word' id='word_1_464' title='bbox 1824 5593 1949 5628; x_wconf 84' lang='lat' dir='ltr'>unus</span> <span class='ocrx_word' id='word_1_465' title='bbox 1981 5577 2137 5626; x_wconf 83' lang='lat' dir='ltr'>codex</span> 
     </span>
     <span class='ocr_line' id='line_1_60' title="bbox 659 5655 707 5683; baseline 0 0"><span class='ocrx_word' id='word_1_466' title='bbox 659 5655 707 5683; x_wconf 82' lang='grc' dir='ltr'>υ..</span> 
     </span>
    </p>
   </div>
   <div class='ocr_carea' id='block_1_60' title="bbox 580 5640 1608 5763">
    <p class='ocr_par' dir='ltr' id='par_1_60' title="bbox 580 5640 1608 5763">
     <span class='ocr_line' id='line_1_61' title="bbox 580 5640 1608 5763; baseline -0.001 -16"><span class='ocrx_word' id='word_1_467' title='bbox 580 5640 842 5749; x_wconf 42' lang='grc' dir='ltr'>Χξιμουηυδ</span> <span class='ocrx_word' id='word_1_468' title='bbox 860 5702 969 5749; x_wconf 84' lang='grc' dir='ltr'>ὅταν</span> <span class='ocrx_word' id='word_1_469' title='bbox 991 5699 1073 5763; x_wconf 79' lang='grc' dir='ltr'>μὲν</span> <span class='ocrx_word' id='word_1_470' title='bbox 1097 5700 1190 5748; x_wconf 69' lang='grc' dir='ltr'>οὖν.</span> <span class='ocrx_word' id='word_1_471' title='bbox 1215 5699 1357 5749; x_wconf 77' lang='lat' dir='ltr'>Alius</span> <span class='ocrx_word' id='word_1_472' title='bbox 1380 5700 1490 5746; x_wconf 84' lang='grc' dir='ltr'>ὅταν</span> <span class='ocrx_word' id='word_1_473' title='bbox 1513 5698 1608 5746; x_wconf 76' lang='grc' dir='ltr'>οὖν.</span> 
     </span>
    </p>
   </div>
   <div class='ocr_carea' id='block_1_61' title="bbox 2153 339 2423 398">
    <p class='ocr_par' dir='ltr' id='par_1_61' title="bbox 2153 339 2423 398">
     <span class='ocr_line' id='line_1_62' title="bbox 2153 339 2423 398; baseline 0.011 -3"><span class='ocrx_word' id='word_1_474' title='bbox 2153 339 2423 398; x_wconf 78' lang='lat' dir='ltr'>INCEBTI</span> 
     </span>
    </p>
   </div>
   <div class='ocr_carea' id='block_1_62' title="bbox 3727 364 3838 413">
    <p class='ocr_par' dir='ltr' id='par_1_62' title="bbox 3727 364 3838 413">
     <span class='ocr_line' id='line_1_63' title="bbox 3727 364 3838 413; baseline -0.018 0"><span class='ocrx_word' id='word_1_475' title='bbox 3727 364 3838 413; x_wconf 77' lang='grc'>402</span> 
     </span>
    </p>
   </div>
   <div class='ocr_carea' id='block_1_63' title="bbox 2281 455 3836 526">
    <p class='ocr_par' dir='ltr' id='par_1_63' title="bbox 2281 455 3836 526">
     <span class='ocr_line' id='line_1_64' title="bbox 2281 455 3836 526; baseline 0 -19"><span class='ocrx_word' id='word_1_476' title='bbox 2281 473 2439 523; x_wconf 88' lang='grc' dir='ltr'>μενος</span> <span class='ocrx_word' id='word_1_477' title='bbox 2485 455 2794 524; x_wconf 84' lang='grc' dir='ltr'>Πνεύματος</span> <span class='ocrx_word' id='word_1_478' title='bbox 2843 456 3016 524; x_wconf 85' lang='grc' dir='ltr'>ἁγίου.</span> <span class='ocrx_word' id='word_1_479' title='bbox 3065 457 3121 508; x_wconf 85' lang='grc'>’0</span> <span class='ocrx_word' id='word_1_480' title='bbox 3157 455 3261 524; x_wconf 77' lang='grc' dir='ltr'>γὰρ</span> <span class='ocrx_word' id='word_1_481' title='bbox 3309 457 3542 526; x_wconf 84' lang='grc' dir='ltr'>γνησίως</span> <span class='ocrx_word' id='word_1_482' title='bbox 3595 456 3836 524; x_wconf 80' lang='grc' dir='ltr'>ψάλλων,</span> 
     </span>
    </p>
   </div>
   <div class='ocr_carea' id='block_1_64' title="bbox 2274 543 3836 612">
    <p class='ocr_par' dir='ltr' id='par_1_64' title="bbox 2274 543 3836 612">
     <span class='ocr_line' id='line_1_65' title="bbox 2274 543 3836 612; baseline 0.001 -19"><span class='ocrx_word' id='word_1_483' title='bbox 2274 543 2748 612; x_wconf 80' lang='grc' dir='ltr'>άνακαινιζόμενος</span> <span class='ocrx_word' id='word_1_484' title='bbox 2791 545 2887 609; x_wconf 79' lang='grc' dir='ltr'>τὴν</span> <span class='ocrx_word' id='word_1_485' title='bbox 2934 543 3129 612; x_wconf 68' lang='grc' dir='ltr'>ψυχὴν,</span> <span class='ocrx_word' id='word_1_486' title='bbox 3182 544 3516 596; x_wconf 84' lang='grc' dir='ltr'>ἀποτελεῖται</span> <span class='ocrx_word' id='word_1_487' title='bbox 3566 546 3695 606; x_wconf 85' lang='grc' dir='ltr'>ναὸς</span> <span class='ocrx_word' id='word_1_488' title='bbox 3744 543 3836 595; x_wconf 76' lang='grc' dir='ltr'>τοῦ</span> 
     </span>
    </p>
   </div>
   <div class='ocr_carea' id='block_1_65' title="bbox 2273 629 3839 701">
    <p class='ocr_par' dir='ltr' id='par_1_65' title="bbox 2273 629 3839 701">
     <span class='ocr_line' id='line_1_66' title="bbox 2273 629 3839 701; baseline -0.001 -20"><span class='ocrx_word' id='word_1_489' title='bbox 2273 629 2427 696; x_wconf 83' lang='grc' dir='ltr'>ἁγίου</span> <span class='ocrx_word' id='word_1_490' title='bbox 2456 630 2592 682; x_wconf 88' lang='grc' dir='ltr'>Πνεύ</span> <span class='ocrx_word' id='word_1_491' title='bbox 2602 648 2786 699; x_wconf 87' lang='grc' dir='ltr'>ματος.</span> <span class='ocrx_word' id='word_1_492' title='bbox 2811 630 2901 699; x_wconf 78' lang='grc' dir='ltr'>Μὴ</span> <span class='ocrx_word' id='word_1_493' title='bbox 2918 631 3024 700; x_wconf 80' lang='grc' dir='ltr'>γάρ</span> <span class='ocrx_word' id='word_1_494' title='bbox 3054 631 3246 699; x_wconf 84' lang='grc' dir='ltr'>μικρὸν</span> <span class='ocrx_word' id='word_1_495' title='bbox 3272 631 3495 701; x_wconf 75' lang='grc' dir='ltr'>νομίσῃς</span> <span class='ocrx_word' id='word_1_496' title='bbox 3515 631 3839 700; x_wconf 81' lang='grc' dir='ltr'>ψαλμῳδίαν</span> 
     </span>
    </p>
   </div>
   <div class='ocr_carea' id='block_1_66' title="bbox 2275 711 3835 787">
    <p class='ocr_par' dir='ltr' id='par_1_66' title="bbox 2275 711 3835 787">
     <span class='ocr_line' id='line_1_67' title="bbox 2275 711 3835 787; baseline 0 -22"><span class='ocrx_word' id='word_1_497' title='bbox 2275 711 2431 767; x_wconf 82' lang='grc' dir='ltr'>εἶναι.</span> <span class='ocrx_word' id='word_1_498' title='bbox 2463 719 2620 768; x_wconf 89' lang='grc' dir='ltr'>Δοκεῖ</span> <span class='ocrx_word' id='word_1_499' title='bbox 2660 718 2754 786; x_wconf 86' lang='grc' dir='ltr'>μὲν</span> <span class='ocrx_word' id='word_1_500' title='bbox 2785 717 2890 786; x_wconf 82' lang='grc' dir='ltr'>γὰρ</span> <span class='ocrx_word' id='word_1_501' title='bbox 2917 716 3014 786; x_wconf 82' lang='grc' dir='ltr'>τὴν</span> <span class='ocrx_word' id='word_1_502' title='bbox 3047 717 3214 786; x_wconf 84' lang='grc' dir='ltr'>ἀκοὴν</span> <span class='ocrx_word' id='word_1_503' title='bbox 3254 716 3478 782; x_wconf 85' lang='grc' dir='ltr'>θέλγειν,</span> <span class='ocrx_word' id='word_1_504' title='bbox 3514 720 3578 787; x_wconf 82' lang='grc' dir='ltr'>τῇ</span> <span class='ocrx_word' id='word_1_505' title='bbox 3608 718 3665 769; x_wconf 84' lang='grc' dir='ltr'>δὲ</span> <span class='ocrx_word' id='word_1_506' title='bbox 3703 717 3835 784; x_wconf 84' lang='grc' dir='ltr'>άλη-</span> 
     </span>
    </p>
   </div>
   <div class='ocr_carea' id='block_1_67' title="bbox 2275 805 3838 876">
    <p class='ocr_par' dir='ltr' id='par_1_67' title="bbox 2275 805 3838 876">
     <span class='ocr_line' id='line_1_68' title="bbox 2275 805 3838 876; baseline 0 -20"><span class='ocrx_word' id='word_1_507' title='bbox 2275 805 2391 872; x_wconf 73' lang='grc' dir='ltr'>θείᾳ</span> <span class='ocrx_word' id='word_1_508' title='bbox 2419 806 2515 873; x_wconf 86' lang='grc' dir='ltr'>τὴν</span> <span class='ocrx_word' id='word_1_509' title='bbox 2540 805 2686 876; x_wconf 68' lang='grc'>[408]</span> <span class='ocrx_word' id='word_1_510' title='bbox 2719 805 2894 875; x_wconf 79' lang='grc' dir='ltr'>ψυχήν</span> <span class='ocrx_word' id='word_1_511' title='bbox 2933 805 3180 875; x_wconf 86' lang='grc' dir='ltr'>ἐγείρειν.</span> <span class='ocrx_word' id='word_1_512' title='bbox 3207 805 3360 858; x_wconf 75' lang='grc' dir='ltr'>Οὕτω</span> <span class='ocrx_word' id='word_1_513' title='bbox 3387 807 3479 859; x_wconf 73' lang='grc' dir='ltr'>καὶ</span> <span class='ocrx_word' id='word_1_514' title='bbox 3502 808 3529 857; x_wconf 93' lang='lat'>6</span> <span class='ocrx_word' id='word_1_515' title='bbox 3566 808 3838 876; x_wconf 80' lang='grc' dir='ltr'>μακάριος</span> 
     </span>
    </p>
   </div>
   <div class='ocr_carea' id='block_1_68' title="bbox 2289 891 3844 963">
    <p class='ocr_par' dir='ltr' id='par_1_68' title="bbox 2289 891 3844 963">
     <span class='ocr_line' id='line_1_69' title="bbox 2289 891 3844 963; baseline 0.003 -23"><span class='ocrx_word' id='word_1_516' title='bbox 2289 891 2584 952; x_wconf 82' lang='grc' dir='ltr'>Ἐλισσαῖος</span> <span class='ocrx_word' id='word_1_517' title='bbox 2612 892 2639 942; x_wconf 89' lang='lat'>6</span> <span class='ocrx_word' id='word_1_518' title='bbox 2673 893 2952 960; x_wconf 85' lang='grc' dir='ltr'>προφήτης</span> <span class='ocrx_word' id='word_1_519' title='bbox 2980 893 3454 960; x_wconf 86' lang='grc' dir='ltr'>παρακαλούμενος</span> <span class='ocrx_word' id='word_1_520' title='bbox 3489 896 3637 963; x_wconf 85' lang='grc' dir='ltr'>παρά</span> <span class='ocrx_word' id='word_1_521' title='bbox 3673 906 3844 945; x_wconf 75' lang='grc' dir='ltr'>τινων</span> 
     </span>
    </p>
   </div>
   <div class='ocr_carea' id='block_1_69' title="bbox 2279 976 3837 1048">
    <p class='ocr_par' dir='ltr' id='par_1_69' title="bbox 2279 976 3837 1048">
     <span class='ocr_line' id='line_1_70' title="bbox 2279 976 3837 1048; baseline 0.001 -20"><span class='ocrx_word' id='word_1_522' title='bbox 2279 976 2539 1045; x_wconf 80' lang='grc' dir='ltr'>βασιλέων</span> <span class='ocrx_word' id='word_1_523' title='bbox 2564 977 2934 1047; x_wconf 81' lang='grc' dir='ltr'>προφητεῦσαι</span> <span class='ocrx_word' id='word_1_524' title='bbox 2965 978 3031 1028; x_wconf 83' lang='grc' dir='ltr'>τά</span> <span class='ocrx_word' id='word_1_525' title='bbox 3068 977 3338 1045; x_wconf 85' lang='grc' dir='ltr'>μέλλοντα,</span> <span class='ocrx_word' id='word_1_526' title='bbox 3373 978 3536 1046; x_wconf 88' lang='grc' dir='ltr'>λέγει·</span> <span class='ocrx_word' id='word_1_527' title='bbox 3570 981 3713 1031; x_wconf 82' lang='grc' dir='ltr'>Δότε</span> <span class='ocrx_word' id='word_1_528' title='bbox 3736 997 3837 1048; x_wconf 77' lang='grc' dir='ltr'>μοι</span> 
     </span>
    </p>
   </div>
   <div class='ocr_carea' id='block_1_70' title="bbox 2275 1059 3835 1134">
    <p class='ocr_par' dir='ltr' id='par_1_70' title="bbox 2275 1059 3835 1134">
     <span class='ocr_line' id='line_1_71' title="bbox 2275 1059 3835 1134; baseline 0.001 -19"><span class='ocrx_word' id='word_1_529' title='bbox 2275 1063 2460 1129; x_wconf 80' lang='grc' dir='ltr'>ἄνδρα</span> <span class='ocrx_word' id='word_1_530' title='bbox 2489 1064 2683 1116; x_wconf 73' lang='grc' dir='ltr'>εἰδότα</span> <span class='ocrx_word' id='word_1_531' title='bbox 2720 1064 3005 1132; x_wconf 75' lang='grc' dir='ltr'>ψάλλειν·</span> <span class='ocrx_word' id='word_1_532' title='bbox 3047 1059 3206 1133; x_wconf 81' lang='grc' dir='ltr'>ἦλθεν</span> <span class='ocrx_word' id='word_1_533' title='bbox 3238 1065 3265 1115; x_wconf 90' lang='lat'>6</span> <span class='ocrx_word' id='word_1_534' title='bbox 3295 1065 3394 1131; x_wconf 78' lang='grc' dir='ltr'>τῆς</span> <span class='ocrx_word' id='word_1_535' title='bbox 3436 1067 3696 1134; x_wconf 80' lang='grc' dir='ltr'>μουσικῆς</span> <span class='ocrx_word' id='word_1_536' title='bbox 3735 1066 3835 1134; x_wconf 80' lang='grc' dir='ltr'>ἐμ-</span> 
     </span>
    </p>
   </div>
   <div class='ocr_carea' id='block_1_71' title="bbox 2275 1149 3834 1220">
    <p class='ocr_par' dir='ltr' id='par_1_71' title="bbox 2275 1149 3834 1220">
     <span class='ocr_line' id='line_1_72' title="bbox 2275 1149 3834 1220; baseline 0.001 -19"><span class='ocrx_word' id='word_1_537' title='bbox 2275 1167 2479 1220; x_wconf 86' lang='grc' dir='ltr'>πειρος,</span> <span class='ocrx_word' id='word_1_538' title='bbox 2508 1152 2600 1203; x_wconf 78' lang='grc' dir='ltr'>καὶ</span> <span class='ocrx_word' id='word_1_539' title='bbox 2635 1152 2691 1202; x_wconf 89' lang='grc' dir='ltr'>ἐν</span> <span class='ocrx_word' id='word_1_540' title='bbox 2723 1150 2800 1219; x_wconf 83' lang='grc' dir='ltr'>τῷ</span> <span class='ocrx_word' id='word_1_541' title='bbox 2843 1151 3085 1218; x_wconf 84' lang='grc' dir='ltr'>ψάλλειν,</span> <span class='ocrx_word' id='word_1_542' title='bbox 3121 1151 3300 1218; x_wconf 77' lang='grc' dir='ltr'>φησὶν,</span> <span class='ocrx_word' id='word_1_543' title='bbox 3347 1153 3569 1215; x_wconf 84' lang='grc' dir='ltr'>ἐκεῖνον,</span> <span class='ocrx_word' id='word_1_544' title='bbox 3608 1149 3737 1220; x_wconf 79' lang='grc' dir='ltr'>ἦλθε</span> <span class='ocrx_word' id='word_1_545' title='bbox 3777 1153 3834 1203; x_wconf 77' lang='lat'>16</span> 
     </span>
    </p>
   </div>
   <div class='ocr_carea' id='block_1_72' title="bbox 2275 1234 3835 1307">
    <p class='ocr_par' dir='ltr' id='par_1_72' title="bbox 2275 1234 3835 1307">
     <span class='ocr_line' id='line_1_73' title="bbox 2275 1234 3835 1307; baseline 0.001 -19"><span class='ocrx_word' id='word_1_546' title='bbox 2275 1237 2497 1305; x_wconf 85' lang='grc' dir='ltr'>Πνεῦμα</span> <span class='ocrx_word' id='word_1_547' title='bbox 2543 1236 2600 1288; x_wconf 84' lang='lat'>16</span> <span class='ocrx_word' id='word_1_548' title='bbox 2642 1237 2797 1303; x_wconf 75' lang='grc' dir='ltr'>ἅγιον</span> <span class='ocrx_word' id='word_1_549' title='bbox 2839 1239 2929 1289; x_wconf 77' lang='grc' dir='ltr'>ἐπὶ</span> <span class='ocrx_word' id='word_1_550' title='bbox 2971 1237 3282 1288; x_wconf 78' lang='grc' dir='ltr'>Ἐλισσαῖον.</span> <span class='ocrx_word' id='word_1_551' title='bbox 3343 1235 3405 1288; x_wconf 90' lang='grc' dir='ltr'>Τί</span> <span class='ocrx_word' id='word_1_552' title='bbox 3448 1234 3574 1300; x_wconf 77' lang='grc' dir='ltr'>οὗν;</span> <span class='ocrx_word' id='word_1_553' title='bbox 3617 1235 3725 1307; x_wconf 87' lang='grc' dir='ltr'>ἆρα</span> <span class='ocrx_word' id='word_1_554' title='bbox 3776 1238 3835 1289; x_wconf 82' lang='grc' dir='ltr'>τὸ</span> 
     </span>
    </p>
   </div>
   <div class='ocr_carea' id='block_1_73' title="bbox 2277 1324 3833 1394">
    <p class='ocr_par' dir='ltr' id='par_1_73' title="bbox 2277 1324 3833 1394">
     <span class='ocr_line' id='line_1_74' title="bbox 2277 1324 3833 1394; baseline 0.001 -17"><span class='ocrx_word' id='word_1_555' title='bbox 2277 1324 2496 1392; x_wconf 87' lang='grc' dir='ltr'>Πνεῦμα</span> <span class='ocrx_word' id='word_1_556' title='bbox 2529 1325 2588 1376; x_wconf 89' lang='lat'>16</span> <span class='ocrx_word' id='word_1_557' title='bbox 2618 1325 2769 1391; x_wconf 81' lang='grc' dir='ltr'>ἆγιον</span> <span class='ocrx_word' id='word_1_558' title='bbox 2799 1328 2996 1391; x_wconf 83' lang='grc' dir='ltr'>φωναῖς</span> <span class='ocrx_word' id='word_1_559' title='bbox 3027 1325 3292 1390; x_wconf 86' lang='grc' dir='ltr'>θέλγεται,</span> <span class='ocrx_word' id='word_1_560' title='bbox 3321 1326 3413 1377; x_wconf 58' lang='grc' dir='ltr'>καί¹</span> <span class='ocrx_word' id='word_1_561' title='bbox 3438 1326 3671 1394; x_wconf 80' lang='grc' dir='ltr'>ἐπῳδαῖς</span> <span class='ocrx_word' id='word_1_562' title='bbox 3697 1326 3833 1378; x_wconf 79' lang='grc' dir='ltr'>καθ⁸</span> 
     </span>
    </p>
   </div>
   <div class='ocr_carea' id='block_1_74' title="bbox 2276 1410 3829 1481">
    <p class='ocr_par' dir='ltr' id='par_1_74' title="bbox 2276 1410 3829 1481">
     <span class='ocr_line' id='line_1_75' title="bbox 2276 1410 3829 1481; baseline 0.002 -20"><span class='ocrx_word' id='word_1_563' title='bbox 2276 1411 2508 1471; x_wconf 88' lang='grc' dir='ltr'>έλκεται,</span> <span class='ocrx_word' id='word_1_564' title='bbox 2558 1412 2605 1461; x_wconf 90' lang='grc' dir='ltr'>εί</span> <span class='ocrx_word' id='word_1_565' title='bbox 2649 1413 2715 1480; x_wconf 82' lang='grc' dir='ltr'>τῇ</span> <span class='ocrx_word' id='word_1_566' title='bbox 2757 1411 2898 1480; x_wconf 83' lang='grc' dir='ltr'>ψυχῇ</span> <span class='ocrx_word' id='word_1_567' title='bbox 2961 1410 3323 1463; x_wconf 85' lang='grc' dir='ltr'>ἐπανεπαύετο</span> <span class='ocrx_word' id='word_1_568' title='bbox 3365 1414 3429 1479; x_wconf 81' lang='grc' dir='ltr'>τῇ</span> <span class='ocrx_word' id='word_1_569' title='bbox 3483 1415 3829 1481; x_wconf 80' lang='grc' dir='ltr'>προφητικῇ;</span> 
     </span>
    </p>
   </div>
   <div class='ocr_carea' id='block_1_75' title="bbox 2280 1497 3832 1567">
    <p class='ocr_par' dir='ltr' id='par_1_75' title="bbox 2280 1497 3832 1567">
     <span class='ocr_line' id='line_1_76' title="bbox 2280 1497 3832 1567; baseline 0.001 -20"><span class='ocrx_word' id='word_1_570' title='bbox 2280 1497 2475 1564; x_wconf 87' lang='grc' dir='ltr'>Ἤρκει</span> <span class='ocrx_word' id='word_1_571' title='bbox 2505 1498 2536 1565; x_wconf 91' lang='grc' dir='ltr'>ή</span> <span class='ocrx_word' id='word_1_572' title='bbox 2570 1497 2871 1567; x_wconf 89' lang='grc' dir='ltr'>καθαρότης</span> <span class='ocrx_word' id='word_1_573' title='bbox 2911 1497 3002 1548; x_wconf 89' lang='grc' dir='ltr'>τοῦ</span> <span class='ocrx_word' id='word_1_574' title='bbox 3045 1497 3317 1567; x_wconf 85' lang='grc' dir='ltr'>προφήτου</span> <span class='ocrx_word' id='word_1_575' title='bbox 3361 1497 3832 1564; x_wconf 85' lang='grc' dir='ltr'>προσκαλέσασθαι</span> 
     </span>
    </p>
   </div>
   <div class='ocr_carea' id='block_1_76' title="bbox 2275 1581 3832 1652">
    <p class='ocr_par' dir='ltr' id='par_1_76' title="bbox 2275 1581 3832 1652">
     <span class='ocr_line' id='line_1_77' title="bbox 2275 1581 3832 1652; baseline 0.003 -18"><span class='ocrx_word' id='word_1_576' title='bbox 2275 1583 2333 1635; x_wconf 90' lang='lat'>16</span> <span class='ocrx_word' id='word_1_577' title='bbox 2360 1584 2578 1652; x_wconf 89' lang='grc' dir='ltr'>Πνεῦμα</span> <span class='ocrx_word' id='word_1_578' title='bbox 2605 1585 2663 1635; x_wconf 87' lang='lat'>16</span> <span class='ocrx_word' id='word_1_579' title='bbox 2707 1584 2872 1652; x_wconf 71' lang='grc' dir='ltr'>ἅγιον.</span> <span class='ocrx_word' id='word_1_580' title='bbox 2904 1585 2999 1636; x_wconf 81' lang='grc' dir='ltr'>Διὰ</span> <span class='ocrx_word' id='word_1_581' title='bbox 3035 1585 3085 1636; x_wconf 91' lang='grc' dir='ltr'>τί</span> <span class='ocrx_word' id='word_1_582' title='bbox 3123 1581 3214 1637; x_wconf 77' lang='grc' dir='ltr'>οὖν</span> <span class='ocrx_word' id='word_1_583' title='bbox 3252 1583 3418 1648; x_wconf 90' lang='grc' dir='ltr'>λέγει,</span> <span class='ocrx_word' id='word_1_584' title='bbox 3455 1585 3596 1637; x_wconf 88' lang='grc' dir='ltr'>Δότε</span> <span class='ocrx_word' id='word_1_585' title='bbox 3643 1585 3832 1652; x_wconf 81' lang='grc' dir='ltr'>ἄνδρα</span> 
     </span>
    </p>
   </div>
   <div class='ocr_carea' id='block_1_77' title="bbox 2273 1668 3833 1742">
    <p class='ocr_par' dir='ltr' id='par_1_77' title="bbox 2273 1668 3833 1742">
     <span class='ocr_line' id='line_1_78' title="bbox 2273 1668 3833 1742; baseline 0.001 -22"><span class='ocrx_word' id='word_1_586' title='bbox 2273 1669 2470 1721; x_wconf 76' lang='grc' dir='ltr'>εἰδότα</span> <span class='ocrx_word' id='word_1_587' title='bbox 2508 1671 2809 1737; x_wconf 67' lang='grc' dir='ltr'>ψάλλειν;</span> <span class='ocrx_word' id='word_1_588' title='bbox 2860 1673 2969 1740; x_wconf 84' lang='grc' dir='ltr'>υύχ</span> <span class='ocrx_word' id='word_1_589' title='bbox 3014 1672 3100 1724; x_wconf 84' lang='grc' dir='ltr'>ἵνα</span> <span class='ocrx_word' id='word_1_590' title='bbox 3146 1671 3206 1724; x_wconf 87' lang='lat'>16</span> <span class='ocrx_word' id='word_1_591' title='bbox 3245 1668 3464 1737; x_wconf 86' lang='grc' dir='ltr'>Πνεῦμα</span> <span class='ocrx_word' id='word_1_592' title='bbox 3503 1673 3708 1742; x_wconf 78' lang='grc' dir='ltr'>τερφθῇ</span> <span class='ocrx_word' id='word_1_593' title='bbox 3744 1673 3833 1724; x_wconf 84' lang='grc' dir='ltr'>διά</span> 
     </span>
    </p>
   </div>
   <div class='ocr_carea' id='block_1_78' title="bbox 2271 1756 3831 1829">
    <p class='ocr_par' dir='ltr' id='par_1_78' title="bbox 2271 1756 3831 1829">
     <span class='ocr_line' id='line_1_79' title="bbox 2271 1756 3831 1829; baseline 0.003 -23"><span class='ocrx_word' id='word_1_594' title='bbox 2271 1757 2369 1825; x_wconf 83' lang='grc' dir='ltr'>τῆς</span> <span class='ocrx_word' id='word_1_595' title='bbox 2415 1756 2748 1826; x_wconf 86' lang='grc' dir='ltr'>ψαλμῳδίας,</span> <span class='ocrx_word' id='word_1_596' title='bbox 2779 1757 2890 1809; x_wconf 89' lang='grc' dir='ltr'>ἁλλ’</span> <span class='ocrx_word' id='word_1_597' title='bbox 2929 1758 3030 1820; x_wconf 79' lang='grc' dir='ltr'>ἵνα,</span> <span class='ocrx_word' id='word_1_598' title='bbox 3067 1759 3270 1810; x_wconf 87' lang='grc' dir='ltr'>ἐκείνου</span> <span class='ocrx_word' id='word_1_599' title='bbox 3310 1760 3618 1829; x_wconf 72' lang='grc' dir='ltr'>ψάλλοντος,</span> <span class='ocrx_word' id='word_1_600' title='bbox 3649 1761 3677 1810; x_wconf 94' lang='lat'>6</span> <span class='ocrx_word' id='word_1_601' title='bbox 3707 1757 3831 1821; x_wconf 77' lang='grc' dir='ltr'>νοῦς</span> 
     </span>
    </p>
   </div>
   <div class='ocr_carea' id='block_1_79' title="bbox 2269 1843 3830 1915">
    <p class='ocr_par' dir='ltr' id='par_1_79' title="bbox 2269 1843 3830 1915">
     <span class='ocr_line' id='line_1_80' title="bbox 2269 1843 3830 1915; baseline 0.001 -21"><span class='ocrx_word' id='word_1_602' title='bbox 2269 1843 2361 1895; x_wconf 91' lang='grc' dir='ltr'>τοῦ</span> <span class='ocrx_word' id='word_1_603' title='bbox 2405 1844 2681 1913; x_wconf 81' lang='grc' dir='ltr'>προφήτου</span> <span class='ocrx_word' id='word_1_604' title='bbox 2719 1845 3137 1908; x_wconf 81' lang='grc' dir='ltr'>άνακαινισθεὶς,</span> <span class='ocrx_word' id='word_1_605' title='bbox 3180 1845 3325 1909; x_wconf 78' lang='grc' dir='ltr'>ἄξιος</span> <span class='ocrx_word' id='word_1_606' title='bbox 3354 1848 3578 1915; x_wconf 87' lang='grc' dir='ltr'>γένηται</span> <span class='ocrx_word' id='word_1_607' title='bbox 3607 1846 3705 1914; x_wconf 85' lang='grc' dir='ltr'>τῆς</span> <span class='ocrx_word' id='word_1_608' title='bbox 3735 1846 3830 1896; x_wconf 82' lang='grc' dir='ltr'>τοῦ</span> 
     </span>
    </p>
   </div>
   <div class='ocr_carea' id='block_1_80' title="bbox 2268 1931 3832 2002">
    <p class='ocr_par' dir='ltr' id='par_1_80' title="bbox 2268 1931 3832 2002">
     <span class='ocr_line' id='line_1_81' title="bbox 2268 1931 3832 2002; baseline 0.001 -20"><span class='ocrx_word' id='word_1_609' title='bbox 2268 1931 2420 1996; x_wconf 85' lang='grc' dir='ltr'>ἁγίου</span> <span class='ocrx_word' id='word_1_610' title='bbox 2457 1931 2766 2000; x_wconf 87' lang='grc' dir='ltr'>Πνεύματος</span> <span class='ocrx_word' id='word_1_611' title='bbox 2792 1933 3198 2002; x_wconf 87' lang='grc' dir='ltr'>ἐπιφοιτήσεως.</span> <span class='ocrx_word' id='word_1_612' title='bbox 3218 1934 3314 1986; x_wconf 85' lang='grc' dir='ltr'>Διὰ</span> <span class='ocrx_word' id='word_1_613' title='bbox 3339 1933 3494 1986; x_wconf 86' lang='grc' dir='ltr'>τοῦτο</span> <span class='ocrx_word' id='word_1_614' title='bbox 3523 1934 3583 1986; x_wconf 85' lang='lat'>16</span> <span class='ocrx_word' id='word_1_615' title='bbox 3609 1933 3832 2001; x_wconf 77' lang='grc' dir='ltr'>Πνεῦμα</span> 
     </span>
    </p>
   </div>
   <div class='ocr_carea' id='block_1_81' title="bbox 2268 2016 3831 2091">
    <p class='ocr_par' dir='ltr' id='par_1_81' title="bbox 2268 2016 3831 2091">
     <span class='ocr_line' id='line_1_82' title="bbox 2268 2016 3831 2091; baseline 0.001 -23"><span class='ocrx_word' id='word_1_616' title='bbox 2268 2016 2434 2080; x_wconf 87' lang='grc' dir='ltr'>καλεῖ,</span> <span class='ocrx_word' id='word_1_617' title='bbox 2476 2019 2558 2070; x_wconf 79' lang='grc' dir='ltr'>ἵνα</span> <span class='ocrx_word' id='word_1_618' title='bbox 2585 2018 2749 2089; x_wconf 79' lang='grc' dir='ltr'>δείξῃ,</span> <span class='ocrx_word' id='word_1_619' title='bbox 2793 2020 2874 2070; x_wconf 86' lang='grc' dir='ltr'>δτι</span> <span class='ocrx_word' id='word_1_620' title='bbox 2921 2019 2980 2071; x_wconf 83' lang='grc' dir='ltr'>οὐ</span> <span class='ocrx_word' id='word_1_621' title='bbox 3011 2023 3074 2088; x_wconf 82' lang='grc' dir='ltr'>τῇ</span> <span class='ocrx_word' id='word_1_622' title='bbox 3103 2019 3386 2091; x_wconf 84' lang='grc' dir='ltr'>ψαλμῳδίᾳ</span> <span class='ocrx_word' id='word_1_623' title='bbox 3416 2020 3666 2089; x_wconf 83' lang='grc' dir='ltr'>ἐθέλχθη.</span> <span class='ocrx_word' id='word_1_624' title='bbox 3696 2020 3831 2072; x_wconf 73' lang='grc' dir='ltr'>ἀλλὰ</span> 
     </span>
    </p>
   </div>
   <div class='ocr_carea' id='block_1_82' title="bbox 2266 2104 3830 2185">
    <p class='ocr_par' dir='ltr' id='par_1_82' title="bbox 2266 2104 3830 2185">
     <span class='ocr_line' id='line_1_83' title="bbox 2266 2104 3830 2185; baseline 0.003 -32"><span class='ocrx_word' id='word_1_625' title='bbox 2266 2106 2330 2172; x_wconf 86' lang='grc' dir='ltr'>τῇ</span> <span class='ocrx_word' id='word_1_626' title='bbox 2365 2104 2506 2185; x_wconf 69' lang='grc' dir='ltr'>ψυχῇ</span> <span class='ocrx_word' id='word_1_627' title='bbox 2556 2108 2620 2174; x_wconf 77' lang='grc' dir='ltr'>τῇ</span> <span class='ocrx_word' id='word_1_628' title='bbox 2674 2105 2778 2157; x_wconf 83' lang='grc' dir='ltr'>ὑπὸ</span> <span class='ocrx_word' id='word_1_629' title='bbox 2817 2109 2914 2175; x_wconf 86' lang='grc' dir='ltr'>τῆς</span> <span class='ocrx_word' id='word_1_630' title='bbox 2958 2105 3272 2174; x_wconf 86' lang='grc' dir='ltr'>ψαλμῳδίας</span> <span class='ocrx_word' id='word_1_631' title='bbox 3315 2107 3670 2177; x_wconf 79' lang='grc' dir='ltr'>διεγερθείσῃ.</span> <span class='ocrx_word' id='word_1_632' title='bbox 3717 2108 3830 2159; x_wconf 84' lang='grc' dir='ltr'>Ούκ</span> 
     </span>
    </p>
   </div>
   <div class='ocr_carea' id='block_1_83' title="bbox 2266 2185 3832 2259">
    <p class='ocr_par' dir='ltr' id='par_1_83' title="bbox 2266 2185 3832 2259">
     <span class='ocr_line' id='line_1_84' title="bbox 2266 2185 3832 2259; baseline 0.003 -19"><span class='ocrx_word' id='word_1_633' title='bbox 2266 2185 2424 2258; x_wconf 79' lang='grc' dir='ltr'>ἦλθεν</span> <span class='ocrx_word' id='word_1_634' title='bbox 2459 2191 2550 2242; x_wconf 73' lang='grc' dir='ltr'>ἐπὶ</span> <span class='ocrx_word' id='word_1_635' title='bbox 2577 2192 2668 2242; x_wconf 80' lang='grc' dir='ltr'>τὸν</span> <span class='ocrx_word' id='word_1_636' title='bbox 2695 2191 2982 2259; x_wconf 86' lang='grc' dir='ltr'>ψάλλοντα,</span> <span class='ocrx_word' id='word_1_637' title='bbox 3023 2193 3134 2245; x_wconf 88' lang='grc' dir='ltr'>ἁλλ’</span> <span class='ocrx_word' id='word_1_638' title='bbox 3166 2195 3256 2245; x_wconf 73' lang='grc' dir='ltr'>ἐπὶ</span> <span class='ocrx_word' id='word_1_639' title='bbox 3289 2194 3375 2246; x_wconf 83' lang='grc' dir='ltr'>τὸν</span> <span class='ocrx_word' id='word_1_640' title='bbox 3402 2195 3692 2248; x_wconf 85' lang='grc' dir='ltr'>ἀκούοντα.</span> <span class='ocrx_word' id='word_1_641' title='bbox 3739 2196 3832 2244; x_wconf 85' lang='grc' dir='ltr'>Δεῖ</span> 
     </span>
    </p>
   </div>
   <div class='ocr_carea' id='block_1_84' title="bbox 2270 2272 3826 2350">
    <p class='ocr_par' dir='ltr' id='par_1_84' title="bbox 2270 2272 3826 2350">
     <span class='ocr_line' id='line_1_85' title="bbox 2270 2272 3826 2350; baseline 0.002 -24"><span class='ocrx_word' id='word_1_642' title='bbox 2270 2276 2367 2343; x_wconf 84' lang='grc' dir='ltr'>μὲν</span> <span class='ocrx_word' id='word_1_643' title='bbox 2400 2272 2490 2328; x_wconf 80' lang='grc' dir='ltr'>οὖν</span> <span class='ocrx_word' id='word_1_644' title='bbox 2516 2277 2743 2329; x_wconf 81' lang='grc' dir='ltr'>καθόλου</span> <span class='ocrx_word' id='word_1_645' title='bbox 2771 2277 2868 2339; x_wconf 87' lang='grc' dir='ltr'>τὰς</span> <span class='ocrx_word' id='word_1_646' title='bbox 2894 2279 3145 2347; x_wconf 90' lang='grc' dir='ltr'>δυνάμεις</span> <span class='ocrx_word' id='word_1_647' title='bbox 3173 2281 3278 2331; x_wconf 90' lang='grc' dir='ltr'>τῶν</span> <span class='ocrx_word' id='word_1_648' title='bbox 3306 2281 3532 2349; x_wconf 79' lang='grc' dir='ltr'>ψαλμῶν</span> <span class='ocrx_word' id='word_1_649' title='bbox 3580 2280 3826 2350; x_wconf 81' lang='grc' dir='ltr'>ἐρευνᾷν,</span> 
     </span>
    </p>
   </div>
   <div class='ocr_carea' id='block_1_85' title="bbox 2267 2359 3830 2436">
    <p class='ocr_par' dir='ltr' id='par_1_85' title="bbox 2267 2359 3830 2436">
     <span class='ocr_line' id='line_1_86' title="bbox 2267 2359 3830 2436; baseline 0.004 -24"><span class='ocrx_word' id='word_1_650' title='bbox 2267 2359 2556 2430; x_wconf 84' lang='grc' dir='ltr'>ἐξαιρέτως</span> <span class='ocrx_word' id='word_1_651' title='bbox 2586 2363 2640 2414; x_wconf 89' lang='grc' dir='ltr'>δέ</span> <span class='ocrx_word' id='word_1_652' title='bbox 2674 2362 2767 2414; x_wconf 89' lang='grc' dir='ltr'>τοῦ</span> <span class='ocrx_word' id='word_1_653' title='bbox 2796 2365 3032 2433; x_wconf 87' lang='grc' dir='ltr'>σήμερον</span> <span class='ocrx_word' id='word_1_654' title='bbox 3061 2366 3190 2432; x_wconf 88' lang='grc' dir='ltr'>ήμῖν</span> <span class='ocrx_word' id='word_1_655' title='bbox 3216 2366 3468 2436; x_wconf 83' lang='grc' dir='ltr'>ῥηθέντος</span> <span class='ocrx_word' id='word_1_656' title='bbox 3499 2367 3654 2432; x_wconf 83' lang='grc' dir='ltr'>ἁγίου</span> <span class='ocrx_word' id='word_1_657' title='bbox 3692 2366 3830 2434; x_wconf 82' lang='grc' dir='ltr'>ψαλ-</span> 
     </span>
    </p>
   </div>
   <div class='ocr_carea' id='block_1_86' title="bbox 2270 2448 3826 2519">
    <p class='ocr_par' dir='ltr' id='par_1_86' title="bbox 2270 2448 3826 2519">
     <span class='ocr_line' id='line_1_87' title="bbox 2270 2448 3826 2519; baseline 0.001 -17"><span class='ocrx_word' id='word_1_658' title='bbox 2270 2450 2368 2519; x_wconf 82' lang='grc' dir='ltr'>μοῦ</span> <span class='ocrx_word' id='word_1_659' title='bbox 2403 2460 2458 2487; x_wconf 68' lang='grc' dir='ltr'>ε’</span> <span class='ocrx_word' id='word_1_660' title='bbox 2513 2448 2565 2500; x_wconf 90' lang='grc' dir='ltr'><strong><em>Ὁ</em></strong></span> <span class='ocrx_word' id='word_1_661' title='bbox 2610 2449 2819 2514; x_wconf 83' lang='grc' dir='ltr'>Κύριος</span> <span class='ocrx_word' id='word_1_662' title='bbox 2867 2449 3298 2513; x_wconf 77' lang='grc' dir='ltr'>ἐϐασίλευσεν,</span> <span class='ocrx_word' id='word_1_663' title='bbox 3362 2452 3748 2519; x_wconf 76' lang='grc' dir='ltr'>ἀγγαλιάσθω</span> <span class='ocrx_word' id='word_1_664' title='bbox 3789 2453 3826 2518; x_wconf 76' lang='grc' dir='ltr'><strong><em>ἠ</em></strong></span> 
     </span>
    </p>
   </div>
   <div class='ocr_carea' id='block_1_87' title="bbox 2266 2535 3831 2606">
    <p class='ocr_par' dir='ltr' id='par_1_87' title="bbox 2266 2535 3831 2606">
     <span class='ocr_line' id='line_1_88' title="bbox 2266 2535 3831 2606; baseline 0.001 -17"><span class='ocrx_word' id='word_1_665' title='bbox 2266 2538 2363 2606; x_wconf 78' lang='grc' dir='ltr'>γῆ,</span> <span class='ocrx_word' id='word_1_666' title='bbox 2393 2535 2897 2603; x_wconf 67' lang='grc' dir='ltr'>εὐφρανθήτωσαν</span> <span class='ocrx_word' id='word_1_667' title='bbox 2919 2535 3096 2602; x_wconf 82' lang='grc' dir='ltr'>νῆσοι</span> <span class='ocrx_word' id='word_1_668' title='bbox 3128 2539 3366 2590; x_wconf 78' lang='grc' dir='ltr'>πολλαί.</span> <span class='ocrx_word' id='word_1_669' title='bbox 3401 2539 3493 2603; x_wconf 88' lang='lat' dir='ltr'>T6,</span> <span class='ocrx_word' id='word_1_670' title='bbox 3528 2540 3583 2591; x_wconf 85' lang='grc' dir='ltr'><strong>Ὀ</strong></span> <span class='ocrx_word' id='word_1_671' title='bbox 3618 2541 3831 2606; x_wconf 82' lang='grc' dir='ltr'>Κύριος</span> 
     </span>
    </p>
   </div>
   <div class='ocr_carea' id='block_1_88' title="bbox 2265 2618 3832 2692">
    <p class='ocr_par' dir='ltr' id='par_1_88' title="bbox 2265 2618 3832 2692">
     <span class='ocr_line' id='line_1_89' title="bbox 2265 2618 3832 2692; baseline -0.001 -18"><span class='ocrx_word' id='word_1_672' title='bbox 2265 2624 2643 2684; x_wconf 76' lang='grc' dir='ltr'>ἐϐασιλευσε,</span> <span class='ocrx_word' id='word_1_673' title='bbox 2666 2621 2780 2682; x_wconf 85' lang='grc' dir='ltr'>πῶς</span> <span class='ocrx_word' id='word_1_674' title='bbox 2809 2621 3238 2690; x_wconf 83' lang='grc' dir='ltr'>ὺπολαμϐάνεις;</span> <span class='ocrx_word' id='word_1_675' title='bbox 3278 2618 3384 2692; x_wconf 81' lang='grc' dir='ltr'>ἄρα</span> <span class='ocrx_word' id='word_1_676' title='bbox 3416 2623 3490 2686; x_wconf 85' lang='grc' dir='ltr'>ὡς</span> <span class='ocrx_word' id='word_1_677' title='bbox 3521 2623 3832 2692; x_wconf 81' lang='grc' dir='ltr'>πρόσφατον</span> 
     </span>
    </p>
   </div>
   <div class='ocr_carea' id='block_1_89' title="bbox 2265 2705 3830 2777">
    <p class='ocr_par' dir='ltr' id='par_1_89' title="bbox 2265 2705 3830 2777">
     <span class='ocr_line' id='line_1_90' title="bbox 2265 2705 3830 2777; baseline -0.001 -16"><span class='ocrx_word' id='word_1_678' title='bbox 2265 2711 2494 2761; x_wconf 82' lang='grc' dir='ltr'>λαϐόντα</span> <span class='ocrx_word' id='word_1_679' title='bbox 2513 2709 2572 2760; x_wconf 86' lang='lat'>16</span> <span class='ocrx_word' id='word_1_680' title='bbox 2595 2709 2692 2776; x_wconf 81' lang='grc' dir='ltr'>τῆς</span> <span class='ocrx_word' id='word_1_681' title='bbox 2725 2708 2996 2776; x_wconf 85' lang='grc' dir='ltr'>βασιλείας</span> <span class='ocrx_word' id='word_1_682' title='bbox 3023 2707 3265 2776; x_wconf 78' lang='grc' dir='ltr'>ἁξίωμας</span> <span class='ocrx_word' id='word_1_683' title='bbox 3304 2709 3363 2761; x_wconf 85' lang='grc' dir='ltr'>Εἰ</span> <span class='ocrx_word' id='word_1_684' title='bbox 3396 2709 3495 2777; x_wconf 83' lang='grc' dir='ltr'>μὲν</span> <span class='ocrx_word' id='word_1_685' title='bbox 3520 2709 3628 2777; x_wconf 76' lang='grc' dir='ltr'>γὰρ</span> <span class='ocrx_word' id='word_1_686' title='bbox 3652 2705 3830 2771; x_wconf 83' lang='grc' dir='ltr'>εἶπεν,</span> 
     </span>
    </p>
   </div>
   <div class='ocr_carea' id='block_1_90' title="bbox 2279 2795 3834 2866">
    <p class='ocr_par' dir='ltr' id='par_1_90' title="bbox 2279 2795 3834 2866">
     <span class='ocr_line' id='line_1_91' title="bbox 2279 2795 3834 2866; baseline 0.001 -20"><span class='ocrx_word' id='word_1_687' title='bbox 2279 2797 2329 2846; x_wconf 89' lang='lat'>&#39;0</span> <span class='ocrx_word' id='word_1_688' title='bbox 2367 2798 2574 2862; x_wconf 80' lang='grc' dir='ltr'>Κύριος</span> <span class='ocrx_word' id='word_1_689' title='bbox 2598 2795 2932 2857; x_wconf 79' lang='grc' dir='ltr'>βασιλεύει.</span> <span class='ocrx_word' id='word_1_690' title='bbox 2970 2796 3067 2864; x_wconf 80' lang='grc' dir='ltr'>τὴν</span> <span class='ocrx_word' id='word_1_691' title='bbox 3107 2795 3270 2847; x_wconf 80' lang='grc' dir='ltr'>ἀΐδιον</span> <span class='ocrx_word' id='word_1_692' title='bbox 3319 2795 3478 2848; x_wconf 78' lang='grc' dir='ltr'>αὑτοῦ</span> <span class='ocrx_word' id='word_1_693' title='bbox 3517 2797 3834 2866; x_wconf 80' lang='grc' dir='ltr'>ήρμήνευεν</span> 
     </span>
    </p>
   </div>
   <div class='ocr_carea' id='block_1_91' title="bbox 2264 2881 3834 2951">
    <p class='ocr_par' dir='ltr' id='par_1_91' title="bbox 2264 2881 3834 2951">
     <span class='ocr_line' id='line_1_92' title="bbox 2264 2881 3834 2951; baseline -0.003 -16"><span class='ocrx_word' id='word_1_694' title='bbox 2264 2882 2446 2946; x_wconf 81' lang='grc' dir='ltr'>ἀξίαν·</span> <span class='ocrx_word' id='word_1_695' title='bbox 2487 2882 2579 2933; x_wconf 86' lang='grc' dir='ltr'>νῦν</span> <span class='ocrx_word' id='word_1_696' title='bbox 2607 2882 2662 2932; x_wconf 89' lang='grc' dir='ltr'>δέ</span> <span class='ocrx_word' id='word_1_697' title='bbox 2697 2881 2862 2948; x_wconf 84' lang='grc' dir='ltr'>λέγει,</span> <span class='ocrx_word' id='word_1_698' title='bbox 2900 2882 2950 2932; x_wconf 87' lang='lat'>&#39;0</span> <span class='ocrx_word' id='word_1_699' title='bbox 2981 2883 3189 2948; x_wconf 80' lang='grc' dir='ltr'>Κύριος</span> <span class='ocrx_word' id='word_1_700' title='bbox 3213 2883 3625 2934; x_wconf 78' lang='grc' dir='ltr'>ἐϐασίλευσεν.</span> <span class='ocrx_word' id='word_1_701' title='bbox 3665 2883 3834 2951; x_wconf 77' lang='grc' dir='ltr'>Εἴρη-</span> 
     </span>
    </p>
   </div>
   <div class='ocr_carea' id='block_1_92' title="bbox 2263 2968 3834 3038">
    <p class='ocr_par' dir='ltr' id='par_1_92' title="bbox 2263 2968 3834 3038">
     <span class='ocr_line' id='line_1_93' title="bbox 2263 2968 3834 3038; baseline 0.001 -18"><span class='ocrx_word' id='word_1_702' title='bbox 2263 2987 2350 3020; x_wconf 91' lang='grc' dir='ltr'>ται</span> <span class='ocrx_word' id='word_1_703' title='bbox 2385 2970 2476 3020; x_wconf 79' lang='grc' dir='ltr'>καὶ</span> <span class='ocrx_word' id='word_1_704' title='bbox 2506 2968 2692 3036; x_wconf 87' lang='grc' dir='ltr'>πρώην</span> <span class='ocrx_word' id='word_1_705' title='bbox 2733 2971 2883 3035; x_wconf 89' lang='grc' dir='ltr'>ήμῖν,</span> <span class='ocrx_word' id='word_1_706' title='bbox 2913 2968 3003 3019; x_wconf 75' lang='grc' dir='ltr'>καὶ</span> <span class='ocrx_word' id='word_1_707' title='bbox 3047 2968 3140 3019; x_wconf 88' lang='grc' dir='ltr'>νῦν</span> <span class='ocrx_word' id='word_1_708' title='bbox 3189 2968 3522 3036; x_wconf 81' lang='grc' dir='ltr'>λεχθήσεται.</span> <span class='ocrx_word' id='word_1_709' title='bbox 3578 2968 3694 3038; x_wconf 83' lang='grc' dir='ltr'>Πρὸ</span> <span class='ocrx_word' id='word_1_710' title='bbox 3735 2970 3834 3037; x_wconf 75' lang='grc' dir='ltr'>τῆς</span> 
     </span>
    </p>
   </div>
   <div class='ocr_carea' id='block_1_93' title="bbox 2262 3053 3837 3125">
    <p class='ocr_par' dir='ltr' id='par_1_93' title="bbox 2262 3053 3837 3125">
     <span class='ocr_line' id='line_1_94' title="bbox 2262 3053 3837 3125; baseline 0.002 -20"><span class='ocrx_word' id='word_1_711' title='bbox 2262 3055 2353 3106; x_wconf 84' lang='grc' dir='ltr'>τοῦ</span> <span class='ocrx_word' id='word_1_712' title='bbox 2385 3053 2615 3123; x_wconf 85' lang='grc' dir='ltr'>Χριστοῦ</span> <span class='ocrx_word' id='word_1_713' title='bbox 2653 3054 2974 3124; x_wconf 86' lang='grc' dir='ltr'>παρουσίας,</span> <span class='ocrx_word' id='word_1_714' title='bbox 3011 3055 3115 3120; x_wconf 82' lang='grc' dir='ltr'>πρὺ</span> <span class='ocrx_word' id='word_1_715' title='bbox 3146 3055 3235 3106; x_wconf 87' lang='grc' dir='ltr'>τοῦ</span> <span class='ocrx_word' id='word_1_716' title='bbox 3273 3055 3619 3122; x_wconf 84' lang='grc' dir='ltr'>εύαγγελικοῦ</span> <span class='ocrx_word' id='word_1_717' title='bbox 3653 3057 3837 3125; x_wconf 80' lang='grc' dir='ltr'>κηρύ-</span> 
     </span>
    </p>
   </div>
   <div class='ocr_carea' id='block_1_94' title="bbox 2263 3138 3833 3209">
    <p class='ocr_par' dir='ltr' id='par_1_94' title="bbox 2263 3138 3833 3209">
     <span class='ocr_line' id='line_1_95' title="bbox 2263 3138 3833 3209; baseline -0.001 -17"><span class='ocrx_word' id='word_1_718' title='bbox 2263 3157 2488 3209; x_wconf 88' lang='grc' dir='ltr'>γματος,</span> <span class='ocrx_word' id='word_1_719' title='bbox 2515 3138 2857 3191; x_wconf 87' lang='grc' dir='ltr'>ἐϐασιλεύετο</span> <span class='ocrx_word' id='word_1_720' title='bbox 2880 3139 3033 3207; x_wconf 80' lang='grc' dir='ltr'>ήμῶν</span> <span class='ocrx_word' id='word_1_721' title='bbox 3056 3143 3086 3208; x_wconf 88' lang='grc' dir='ltr'>ή</span> <span class='ocrx_word' id='word_1_722' title='bbox 3119 3139 3276 3206; x_wconf 86' lang='grc' dir='ltr'>φύσις</span> <span class='ocrx_word' id='word_1_723' title='bbox 3303 3140 3405 3191; x_wconf 85' lang='grc' dir='ltr'>ὑπὸ</span> <span class='ocrx_word' id='word_1_724' title='bbox 3439 3140 3528 3192; x_wconf 86' lang='grc' dir='ltr'>τοῦ</span> <span class='ocrx_word' id='word_1_725' title='bbox 3553 3140 3833 3202; x_wconf 82' lang='grc' dir='ltr'>διαϐόλου,</span> 
     </span>
    </p>
   </div>
   <div class='ocr_carea' id='block_1_95' title="bbox 2265 3225 3834 3296">
    <p class='ocr_par' dir='ltr' id='par_1_95' title="bbox 2265 3225 3834 3296">
     <span class='ocr_line' id='line_1_96' title="bbox 2265 3225 3834 3296; baseline -0.001 -16"><span class='ocrx_word' id='word_1_726' title='bbox 2265 3228 2367 3280; x_wconf 83' lang='grc' dir='ltr'>ὑπὸ</span> <span class='ocrx_word' id='word_1_727' title='bbox 2400 3228 2497 3296; x_wconf 83' lang='grc' dir='ltr'>τῆς</span> <span class='ocrx_word' id='word_1_728' title='bbox 2537 3227 2824 3295; x_wconf 87' lang='grc' dir='ltr'>ἁμαρτίας,</span> <span class='ocrx_word' id='word_1_729' title='bbox 2851 3227 2952 3277; x_wconf 82' lang='grc' dir='ltr'>ὑπὸ</span> <span class='ocrx_word' id='word_1_730' title='bbox 2982 3225 3076 3277; x_wconf 91' lang='grc' dir='ltr'>τοῦ</span> <span class='ocrx_word' id='word_1_731' title='bbox 3128 3226 3372 3279; x_wconf 86' lang='grc' dir='ltr'>θανάτου.</span> <span class='ocrx_word' id='word_1_732' title='bbox 3427 3227 3592 3279; x_wconf 83' lang='grc' dir='ltr'>Πόθεν</span> <span class='ocrx_word' id='word_1_733' title='bbox 3628 3227 3834 3291; x_wconf 77' lang='grc' dir='ltr'>τοῦτο;</span> 
     </span>
    </p>
   </div>
   <div class='ocr_carea' id='block_1_96' title="bbox 2263 3312 3836 3379">
    <p class='ocr_par' dir='ltr' id='par_1_96' title="bbox 2263 3312 3836 3379">
     <span class='ocr_line' id='line_1_97' title="bbox 2263 3312 3836 3379; baseline -0.002 -14"><span class='ocrx_word' id='word_1_734' title='bbox 2263 3314 2426 3378; x_wconf 86' lang='grc' dir='ltr'>Λέγει</span> <span class='ocrx_word' id='word_1_735' title='bbox 2454 3313 2660 3373; x_wconf 86' lang='grc' dir='ltr'>Παῦλος</span> <span class='ocrx_word' id='word_1_736' title='bbox 2681 3330 2692 3341; x_wconf 87' lang='grc'><strong>·</strong></span> <span class='ocrx_word' id='word_1_737' title='bbox 2735 3313 2958 3376; x_wconf 73' lang='grc' dir='ltr'>⁸Ωσπερ</span> <span class='ocrx_word' id='word_1_738' title='bbox 2997 3312 3104 3378; x_wconf 70' lang='grc' dir='ltr'>γὰρ</span> <span class='ocrx_word' id='word_1_739' title='bbox 3131 3312 3524 3365; x_wconf 79' lang='grc' dir='ltr'>ἐϐασίλευσεν</span> <span class='ocrx_word' id='word_1_740' title='bbox 3559 3313 3594 3377; x_wconf 80' lang='grc' dir='ltr'><em>ὴ</em></span> <span class='ocrx_word' id='word_1_741' title='bbox 3633 3313 3836 3379; x_wconf 83' lang='grc' dir='ltr'>ἁμαρ-</span> 
     </span>
    </p>
   </div>
   <div class='ocr_carea' id='block_1_97' title="bbox 2259 3393 3837 3464">
    <p class='ocr_par' dir='ltr' id='par_1_97' title="bbox 2259 3393 3837 3464">
     <span class='ocr_line' id='line_1_98' title="bbox 2259 3393 3837 3464; baseline 0.001 -16"><span class='ocrx_word' id='word_1_742' title='bbox 2259 3398 2353 3449; x_wconf 80' lang='grc' dir='ltr'>τία</span> <span class='ocrx_word' id='word_1_743' title='bbox 2381 3399 2449 3448; x_wconf 76' lang='grc' dir='ltr'>ἐν</span> <span class='ocrx_word' id='word_1_744' title='bbox 2478 3397 2554 3459; x_wconf 85' lang='grc' dir='ltr'>τῷ</span> <span class='ocrx_word' id='word_1_745' title='bbox 2583 3393 2774 3461; x_wconf 84' lang='grc' dir='ltr'>θνητῷ</span> <span class='ocrx_word' id='word_1_746' title='bbox 2801 3397 2966 3461; x_wconf 75' lang='grc' dir='ltr'>ἡμῶν</span> <span class='ocrx_word' id='word_1_747' title='bbox 2993 3396 3237 3462; x_wconf 82' lang='grc' dir='ltr'>σώματι,</span> <span class='ocrx_word' id='word_1_748' title='bbox 3268 3396 3420 3447; x_wconf 80' lang='grc' dir='ltr'>οὕτω</span> <span class='ocrx_word' id='word_1_749' title='bbox 3446 3397 3536 3449; x_wconf 78' lang='grc' dir='ltr'>καί</span> <span class='ocrx_word' id='word_1_750' title='bbox 3579 3398 3614 3462; x_wconf 83' lang='grc' dir='ltr'><strong><em>ή</em></strong></span> <span class='ocrx_word' id='word_1_751' title='bbox 3643 3397 3837 3464; x_wconf 79' lang='grc' dir='ltr'>χάρις</span> 
     </span>
    </p>
   </div>
   <div class='ocr_carea' id='block_1_98' title="bbox 2254 3480 3836 3557">
    <p class='ocr_par' dir='ltr' id='par_1_98' title="bbox 2254 3480 3836 3557">
     <span class='ocr_line' id='line_1_99' title="bbox 2254 3480 3836 3557; baseline 0.001 -23"><span class='ocrx_word' id='word_1_752' title='bbox 2254 3483 2612 3544; x_wconf 77' lang='grc' dir='ltr'>,βασιλεύσει</span> <span class='ocrx_word' id='word_1_753' title='bbox 2641 3480 2738 3532; x_wconf 80' lang='grc' dir='ltr'>διὰ</span> <span class='ocrx_word' id='word_1_754' title='bbox 2766 3481 3039 3557; x_wconf 68' lang='grc' dir='ltr'>Χριστοῦ.</span> <span class='ocrx_word' id='word_1_755' title='bbox 3075 3481 3202 3534; x_wconf 77' lang='grc' dir='ltr'>Ἰδοὺ</span> <span class='ocrx_word' id='word_1_756' title='bbox 3232 3483 3263 3551; x_wconf 90' lang='grc' dir='ltr'>ή</span> <span class='ocrx_word' id='word_1_757' title='bbox 3289 3482 3390 3550; x_wconf 86' lang='grc' dir='ltr'>τῆς</span> <span class='ocrx_word' id='word_1_758' title='bbox 3422 3484 3691 3553; x_wconf 85' lang='grc' dir='ltr'>ἁμαρτίας</span> <span class='ocrx_word' id='word_1_759' title='bbox 3730 3484 3836 3552; x_wconf 86' lang='grc' dir='ltr'>βα-</span> 
     </span>
    </p>
   </div>
   <div class='ocr_carea' id='block_1_99' title="bbox 2263 3566 3837 3639">
    <p class='ocr_par' dir='ltr' id='par_1_99' title="bbox 2263 3566 3837 3639">
     <span class='ocr_line' id='line_1_100' title="bbox 2263 3566 3837 3639; baseline 0.001 -19"><span class='ocrx_word' id='word_1_760' title='bbox 2263 3569 2451 3620; x_wconf 89' lang='grc' dir='ltr'>σιλεία.</span> <span class='ocrx_word' id='word_1_761' title='bbox 2498 3569 2606 3620; x_wconf 88' lang='grc' dir='ltr'>Ποῦ</span> <span class='ocrx_word' id='word_1_762' title='bbox 2659 3570 2690 3636; x_wconf 90' lang='grc' dir='ltr'>ή</span> <span class='ocrx_word' id='word_1_763' title='bbox 2741 3566 2833 3618; x_wconf 89' lang='grc' dir='ltr'>τοῦ</span> <span class='ocrx_word' id='word_1_764' title='bbox 2872 3568 3147 3631; x_wconf 85' lang='grc' dir='ltr'>διαϐόλου;</span> <span class='ocrx_word' id='word_1_765' title='bbox 3184 3571 3376 3620; x_wconf 76' lang='grc' dir='ltr'>’Ἄκουε</span> <span class='ocrx_word' id='word_1_766' title='bbox 3423 3569 3512 3620; x_wconf 87' lang='grc' dir='ltr'>τοῦ</span> <span class='ocrx_word' id='word_1_767' title='bbox 3566 3569 3837 3639; x_wconf 81' lang='grc' dir='ltr'>Σωτῆρος</span> 
     </span>
    </p>
   </div>
   <div class='ocr_carea' id='block_1_100' title="bbox 2260 3653 3835 3721">
    <p class='ocr_par' dir='ltr' id='par_1_100' title="bbox 2260 3653 3835 3721">
     <span class='ocr_line' id='line_1_101' title="bbox 2260 3653 3835 3721; baseline 0.001 -15"><span class='ocrx_word' id='word_1_768' title='bbox 2260 3655 2534 3721; x_wconf 85' lang='grc' dir='ltr'>λέγοντος·</span> <span class='ocrx_word' id='word_1_769' title='bbox 2571 3657 2638 3706; x_wconf 75' lang='lat' dir='ltr'>El</span> <span class='ocrx_word' id='word_1_770' title='bbox 2681 3657 2712 3706; x_wconf 91' lang='grc' dir='ltr'>ό</span> <span class='ocrx_word' id='word_1_771' title='bbox 2746 3653 3014 3718; x_wconf 83' lang='grc' dir='ltr'>Σατανᾶς</span> <span class='ocrx_word' id='word_1_772' title='bbox 3061 3656 3168 3707; x_wconf 82' lang='grc' dir='ltr'>τὸν</span> <span class='ocrx_word' id='word_1_773' title='bbox 3215 3654 3485 3708; x_wconf 86' lang='grc' dir='ltr'>Σατανᾶν</span> <span class='ocrx_word' id='word_1_774' title='bbox 3521 3653 3835 3717; x_wconf 72' lang='grc' dir='ltr'>ἐκϐάλλει,</span> 
     </span>
    </p>
   </div>
   <div class='ocr_carea' id='block_1_101' title="bbox 2259 3737 3835 3810">
    <p class='ocr_par' dir='ltr' id='par_1_101' title="bbox 2259 3737 3835 3810">
     <span class='ocr_line' id='line_1_102' title="bbox 2259 3737 3835 3810; baseline 0.001 -16"><span class='ocrx_word' id='word_1_775' title='bbox 2259 3741 2399 3795; x_wconf 81' lang='grc' dir='ltr'>καθ’</span> <span class='ocrx_word' id='word_1_776' title='bbox 2429 3742 2641 3794; x_wconf 86' lang='grc' dir='ltr'>ἑαυτοῦ</span> <span class='ocrx_word' id='word_1_777' title='bbox 2682 3742 2992 3808; x_wconf 72' lang='grc' dir='ltr'>ἐμερίσθηο</span> <span class='ocrx_word' id='word_1_778' title='bbox 3031 3741 3155 3806; x_wconf 83' lang='grc' dir='ltr'>πῶς</span> <span class='ocrx_word' id='word_1_779' title='bbox 3204 3737 3317 3795; x_wconf 83' lang='grc' dir='ltr'>οὖν</span> <span class='ocrx_word' id='word_1_780' title='bbox 3369 3741 3737 3808; x_wconf 77' lang='grc' dir='ltr'>σταθήσεται</span> <span class='ocrx_word' id='word_1_781' title='bbox 3795 3746 3835 3810; x_wconf 80' lang='grc' dir='ltr'><em>ἡ</em></span> 
     </span>
    </p>
   </div>
   <div class='ocr_carea' id='block_1_102' title="bbox 2253 3827 3830 3896">
    <p class='ocr_par' dir='ltr' id='par_1_102' title="bbox 2253 3827 3830 3896">
     <span class='ocr_line' id='line_1_103' title="bbox 2253 3827 3830 3896; baseline 0.003 -18"><span class='ocrx_word' id='word_1_782' title='bbox 2253 3829 2538 3891; x_wconf 76' lang='grc' dir='ltr'>,ϐασιλειά</span> <span class='ocrx_word' id='word_1_783' title='bbox 2583 3828 2800 3889; x_wconf 83' lang='grc' dir='ltr'>αὑτοῦ;</span> <span class='ocrx_word' id='word_1_784' title='bbox 2861 3829 2988 3880; x_wconf 80' lang='grc' dir='ltr'>Ἰδοὺ</span> <span class='ocrx_word' id='word_1_785' title='bbox 3040 3830 3071 3896; x_wconf 89' lang='grc' dir='ltr'>ή</span> <span class='ocrx_word' id='word_1_786' title='bbox 3113 3827 3204 3879; x_wconf 81' lang='grc' dir='ltr'>τοῦ</span> <span class='ocrx_word' id='word_1_787' title='bbox 3251 3827 3495 3880; x_wconf 79' lang='grc' dir='ltr'>διαϐόλου</span> <span class='ocrx_word' id='word_1_788' title='bbox 3547 3827 3830 3894; x_wconf 86' lang='grc' dir='ltr'>βασιλεία.</span> 
     </span>
    </p>
   </div>
   <div class='ocr_carea' id='block_1_103' title="bbox 2259 3913 3837 3983">
    <p class='ocr_par' dir='ltr' id='par_1_103' title="bbox 2259 3913 3837 3983">
     <span class='ocr_line' id='line_1_104' title="bbox 2259 3913 3837 3983; baseline -0.001 -16"><span class='ocrx_word' id='word_1_789' title='bbox 2259 3915 2368 3967; x_wconf 81' lang='grc' dir='ltr'>Ποῦ</span> <span class='ocrx_word' id='word_1_790' title='bbox 2403 3918 2434 3983; x_wconf 90' lang='grc' dir='ltr'>ή</span> <span class='ocrx_word' id='word_1_791' title='bbox 2467 3914 2558 3965; x_wconf 88' lang='grc' dir='ltr'>τοῦ</span> <span class='ocrx_word' id='word_1_792' title='bbox 2587 3914 2812 3966; x_wconf 88' lang='grc' dir='ltr'>θανάτου</span> <span class='ocrx_word' id='word_1_793' title='bbox 2837 3931 2849 3970; x_wconf 90' lang='lat'><strong>:</strong></span> <span class='ocrx_word' id='word_1_794' title='bbox 2879 3913 3075 3964; x_wconf 80' lang='grc' dir='ltr'>Ἀκουε</span> <span class='ocrx_word' id='word_1_795' title='bbox 3104 3913 3311 3965; x_wconf 86' lang='grc' dir='ltr'>Παύλου</span> <span class='ocrx_word' id='word_1_796' title='bbox 3340 3913 3580 3979; x_wconf 86' lang='grc' dir='ltr'>λέγοντος</span> <span class='ocrx_word' id='word_1_797' title='bbox 3605 3929 3618 3941; x_wconf 85' lang='grc'><em>’</em></span> <span class='ocrx_word' id='word_1_798' title='bbox 3663 3915 3837 3969; x_wconf 74' lang='grc' dir='ltr'>Ἐϐα-</span> 
     </span>
    </p>
   </div>
   <div class='ocr_carea' id='block_1_104' title="bbox 2256 3997 3830 4066">
    <p class='ocr_par' dir='ltr' id='par_1_104' title="bbox 2256 3997 3830 4066">
     <span class='ocr_line' id='line_1_105' title="bbox 2256 3997 3830 4066; baseline -0.001 -15"><span class='ocrx_word' id='word_1_799' title='bbox 2256 4002 2546 4053; x_wconf 83' lang='grc' dir='ltr'>σίλευσεν</span> <span class='ocrx_word' id='word_1_800' title='bbox 2576 4003 2607 4052; x_wconf 87' lang='lat' dir='ltr'>d</span> <span class='ocrx_word' id='word_1_801' title='bbox 2656 3999 2907 4064; x_wconf 81' lang='grc' dir='ltr'>θάνατος</span> <span class='ocrx_word' id='word_1_802' title='bbox 2937 3998 3053 4052; x_wconf 81' lang='grc' dir='ltr'>ἀπὸ</span> <span class='ocrx_word' id='word_1_803' title='bbox 3086 3997 3254 4066; x_wconf 80' lang='grc' dir='ltr'>Ἀδὰμ</span> <span class='ocrx_word' id='word_1_804' title='bbox 3288 3998 3459 4066; x_wconf 79' lang='grc' dir='ltr'>μέχρι</span> <span class='ocrx_word' id='word_1_805' title='bbox 3503 3999 3830 4063; x_wconf 76' lang='grc' dir='ltr'>Μωῠσέως,</span> 
     </span>
    </p>
   </div>
   <div class='ocr_carea' id='block_1_105' title="bbox 2258 4081 3834 4153">
    <p class='ocr_par' dir='ltr' id='par_1_105' title="bbox 2258 4081 3834 4153">
     <span class='ocr_line' id='line_1_106' title="bbox 2258 4081 3834 4153; baseline 0.001 -15"><span class='ocrx_word' id='word_1_806' title='bbox 2258 4087 2350 4139; x_wconf 73' lang='grc' dir='ltr'>καὶ</span> <span class='ocrx_word' id='word_1_807' title='bbox 2384 4086 2480 4138; x_wconf 73' lang='grc' dir='ltr'>ἐπὶ</span> <span class='ocrx_word' id='word_1_808' title='bbox 2511 4086 2650 4150; x_wconf 88' lang='grc' dir='ltr'>τοὺς</span> <span class='ocrx_word' id='word_1_809' title='bbox 2675 4084 2759 4153; x_wconf 83' lang='grc' dir='ltr'>μὴ</span> <span class='ocrx_word' id='word_1_810' title='bbox 2789 4085 3263 4152; x_wconf 79' lang='grc' dir='ltr'>ἁμαρτήσαντας.</span> <span class='ocrx_word' id='word_1_811' title='bbox 3303 4085 3452 4135; x_wconf 78' lang='grc' dir='ltr'>Ἐπεὶ</span> <span class='ocrx_word' id='word_1_812' title='bbox 3481 4081 3570 4136; x_wconf 87' lang='grc' dir='ltr'>οὖν</span> <span class='ocrx_word' id='word_1_813' title='bbox 3595 4085 3834 4152; x_wconf 85' lang='grc' dir='ltr'>ἐκράτει</span> 
     </span>
    </p>
   </div>
   <div class='ocr_carea' id='block_1_106' title="bbox 2257 4169 3830 4241">
    <p class='ocr_par' dir='ltr' id='par_1_106' title="bbox 2257 4169 3830 4241">
     <span class='ocr_line' id='line_1_107' title="bbox 2257 4169 3830 4241; baseline 0 -18"><span class='ocrx_word' id='word_1_814' title='bbox 2257 4172 2588 4241; x_wconf 79' lang='grc' dir='ltr'>ἡδιαϐολικὴ</span> <span class='ocrx_word' id='word_1_815' title='bbox 2622 4171 2777 4241; x_wconf 84' lang='grc' dir='ltr'>τριάς</span> <span class='ocrx_word' id='word_1_816' title='bbox 2830 4173 2860 4239; x_wconf 86' lang='grc' dir='ltr'>ή</span> <span class='ocrx_word' id='word_1_817' title='bbox 2909 4170 3046 4222; x_wconf 86' lang='grc' dir='ltr'>κατὰ</span> <span class='ocrx_word' id='word_1_818' title='bbox 3093 4170 3190 4238; x_wconf 84' lang='grc' dir='ltr'>τῆς</span> <span class='ocrx_word' id='word_1_819' title='bbox 3239 4169 3397 4235; x_wconf 85' lang='grc' dir='ltr'>ἁγίας</span> <span class='ocrx_word' id='word_1_820' title='bbox 3431 4170 3519 4220; x_wconf 84' lang='grc' dir='ltr'>καὶ</span> <span class='ocrx_word' id='word_1_821' title='bbox 3545 4169 3830 4237; x_wconf 79' lang='grc' dir='ltr'>άχράντου</span> 
     </span>
    </p>
   </div>
   <div class='ocr_carea' id='block_1_107' title="bbox 2259 4254 3834 4327">
    <p class='ocr_par' dir='ltr' id='par_1_107' title="bbox 2259 4254 3834 4327">
     <span class='ocr_line' id='line_1_108' title="bbox 2259 4254 3834 4327; baseline -0.002 -19"><span class='ocrx_word' id='word_1_822' title='bbox 2259 4258 2482 4324; x_wconf 89' lang='grc' dir='ltr'>Τριάδος</span> <span class='ocrx_word' id='word_1_823' title='bbox 2515 4260 2910 4324; x_wconf 85' lang='grc' dir='ltr'>τυραννήσασα,</span> <span class='ocrx_word' id='word_1_824' title='bbox 2928 4255 3221 4318; x_wconf 88' lang='grc' dir='ltr'>τουτέστιν,</span> <span class='ocrx_word' id='word_1_825' title='bbox 3245 4257 3272 4304; x_wconf 90' lang='lat'>6</span> <span class='ocrx_word' id='word_1_826' title='bbox 3297 4254 3554 4314; x_wconf 88' lang='grc' dir='ltr'>διάϐολος,</span> <span class='ocrx_word' id='word_1_827' title='bbox 3583 4257 3614 4322; x_wconf 88' lang='grc' dir='ltr'>ή</span> <span class='ocrx_word' id='word_1_828' title='bbox 3644 4257 3834 4327; x_wconf 82' lang='grc' dir='ltr'>ἀμαρ-</span> 
     </span>
    </p>
   </div>
   <div class='ocr_carea' id='block_1_108' title="bbox 2255 4339 3832 4410">
    <p class='ocr_par' dir='ltr' id='par_1_108' title="bbox 2255 4339 3832 4410">
     <span class='ocr_line' id='line_1_109' title="bbox 2255 4339 3832 4410; baseline 0 -17"><span class='ocrx_word' id='word_1_829' title='bbox 2255 4344 2361 4403; x_wconf 83' lang='grc' dir='ltr'>τία,</span> <span class='ocrx_word' id='word_1_830' title='bbox 2381 4343 2411 4392; x_wconf 91' lang='lat'>6</span> <span class='ocrx_word' id='word_1_831' title='bbox 2443 4342 2665 4403; x_wconf 87' lang='grc' dir='ltr'>θάνατος</span> <span class='ocrx_word' id='word_1_832' title='bbox 2682 4359 2694 4372; x_wconf 94' lang='grc'><strong>·</strong></span> <span class='ocrx_word' id='word_1_833' title='bbox 2725 4342 2816 4392; x_wconf 81' lang='grc' dir='ltr'>καὶ</span> <span class='ocrx_word' id='word_1_834' title='bbox 2836 4345 2863 4391; x_wconf 91' lang='lat'>6</span> <span class='ocrx_word' id='word_1_835' title='bbox 2892 4341 2988 4407; x_wconf 83' lang='grc' dir='ltr'>μὲν</span> <span class='ocrx_word' id='word_1_836' title='bbox 3012 4339 3249 4400; x_wconf 87' lang='grc' dir='ltr'>διάϐολος</span> <span class='ocrx_word' id='word_1_837' title='bbox 3276 4339 3478 4406; x_wconf 72' lang='grc' dir='ltr'>ἠπάτα,</span> <span class='ocrx_word' id='word_1_838' title='bbox 3502 4340 3532 4406; x_wconf 85' lang='grc' dir='ltr'>ή</span> <span class='ocrx_word' id='word_1_839' title='bbox 3556 4340 3611 4390; x_wconf 90' lang='grc' dir='ltr'>δέ</span> <span class='ocrx_word' id='word_1_840' title='bbox 3641 4340 3832 4410; x_wconf 81' lang='grc' dir='ltr'>ἁμαρ-</span> 
     </span>
    </p>
   </div>
   <div class='ocr_carea' id='block_1_109' title="bbox 2254 4425 3831 4494">
    <p class='ocr_par' dir='ltr' id='par_1_109' title="bbox 2254 4425 3831 4494">
     <span class='ocr_line' id='line_1_110' title="bbox 2254 4425 3831 4494; baseline 0.002 -17"><span class='ocrx_word' id='word_1_841' title='bbox 2254 4429 2342 4478; x_wconf 86' lang='grc' dir='ltr'>τία</span> <span class='ocrx_word' id='word_1_842' title='bbox 2389 4427 2638 4494; x_wconf 77' lang='grc' dir='ltr'>ἔσφαξεν,</span> <span class='ocrx_word' id='word_1_843' title='bbox 2671 4429 2699 4478; x_wconf 92' lang='lat'>6</span> <span class='ocrx_word' id='word_1_844' title='bbox 2735 4426 2791 4477; x_wconf 86' lang='grc' dir='ltr'>δὲ</span> <span class='ocrx_word' id='word_1_845' title='bbox 2837 4426 3058 4486; x_wconf 87' lang='grc' dir='ltr'>θάνατος</span> <span class='ocrx_word' id='word_1_846' title='bbox 3104 4425 3358 4476; x_wconf 84' lang='grc' dir='ltr'>ἔθαπτεν·</span> <span class='ocrx_word' id='word_1_847' title='bbox 3408 4425 3831 4491; x_wconf 77' lang='grc' dir='ltr'>εὐαγγελίζεται</span> 
     </span>
    </p>
   </div>
   <div class='ocr_carea' id='block_1_110' title="bbox 2255 4510 3826 4581">
    <p class='ocr_par' dir='ltr' id='par_1_110' title="bbox 2255 4510 3826 4581">
     <span class='ocr_line' id='line_1_111' title="bbox 2255 4510 3826 4581; baseline 0.002 -18"><span class='ocrx_word' id='word_1_848' title='bbox 2255 4514 2374 4573; x_wconf 82' lang='grc' dir='ltr'>τοὺς</span> <span class='ocrx_word' id='word_1_849' title='bbox 2401 4512 2858 4581; x_wconf 85' lang='grc' dir='ltr'>τυραννουμένους</span> <span class='ocrx_word' id='word_1_850' title='bbox 2888 4515 2914 4562; x_wconf 90' lang='lat'>6</span> <span class='ocrx_word' id='word_1_851' title='bbox 2957 4510 3134 4573; x_wconf 82' lang='grc' dir='ltr'>Δαυῒδ,</span> <span class='ocrx_word' id='word_1_852' title='bbox 3163 4513 3254 4563; x_wconf 72' lang='grc' dir='ltr'>καὶ</span> <span class='ocrx_word' id='word_1_853' title='bbox 3289 4511 3453 4578; x_wconf 86' lang='grc' dir='ltr'>λέγει,</span> <span class='ocrx_word' id='word_1_854' title='bbox 3493 4511 3633 4564; x_wconf 83' lang='grc' dir='ltr'>ὥστε</span> <span class='ocrx_word' id='word_1_855' title='bbox 3665 4514 3826 4578; x_wconf 78' lang='grc' dir='ltr'>ἐξελ-</span> 
     </span>
    </p>
   </div>
   <div class='ocr_carea' id='block_1_111' title="bbox 2254 4597 3828 4668">
    <p class='ocr_par' dir='ltr' id='par_1_111' title="bbox 2254 4597 3828 4668">
     <span class='ocr_line' id='line_1_112' title="bbox 2254 4597 3828 4668; baseline 0.003 -20"><span class='ocrx_word' id='word_1_856' title='bbox 2254 4597 2362 4648; x_wconf 86' lang='grc' dir='ltr'>θεῖν</span> <span class='ocrx_word' id='word_1_857' title='bbox 2397 4599 2484 4650; x_wconf 85' lang='grc' dir='ltr'>τὸν</span> <span class='ocrx_word' id='word_1_858' title='bbox 2515 4599 2673 4664; x_wconf 79' lang='grc' dir='ltr'>ζυγὸν</span> <span class='ocrx_word' id='word_1_859' title='bbox 2707 4599 2805 4666; x_wconf 82' lang='grc' dir='ltr'>τῆς</span> <span class='ocrx_word' id='word_1_860' title='bbox 2851 4597 3113 4660; x_wconf 86' lang='grc' dir='ltr'>δουλείας,</span> <span class='ocrx_word' id='word_1_861' title='bbox 3148 4599 3240 4650; x_wconf 77' lang='grc' dir='ltr'>καὶ</span> <span class='ocrx_word' id='word_1_862' title='bbox 3278 4597 3526 4661; x_wconf 80' lang='grc' dir='ltr'>δέξασθαι</span> <span class='ocrx_word' id='word_1_863' title='bbox 3553 4599 3649 4652; x_wconf 86' lang='grc' dir='ltr'>τοῦ</span> <span class='ocrx_word' id='word_1_864' title='bbox 3687 4602 3828 4668; x_wconf 80' lang='grc' dir='ltr'>Χρι-</span> 
     </span>
    </p>
   </div>
   <div class='ocr_carea' id='block_1_112' title="bbox 2254 4684 3830 4754">
    <p class='ocr_par' dir='ltr' id='par_1_112' title="bbox 2254 4684 3830 4754">
     <span class='ocr_line' id='line_1_113' title="bbox 2254 4684 3830 4754; baseline -0.005 -18"><span class='ocrx_word' id='word_1_865' title='bbox 2254 4684 2377 4736; x_wconf 87' lang='grc' dir='ltr'>στοῦ</span> <span class='ocrx_word' id='word_1_866' title='bbox 2405 4685 2503 4754; x_wconf 82' lang='grc' dir='ltr'>τὴν</span> <span class='ocrx_word' id='word_1_867' title='bbox 2526 4685 2836 4735; x_wconf 88' lang='grc' dir='ltr'>δεσποτείαν</span> <span class='ocrx_word' id='word_1_868' title='bbox 2871 4685 3275 4754; x_wconf 86' lang='grc' dir='ltr'>κηρυττομένην</span> <span class='ocrx_word' id='word_1_869' title='bbox 3300 4701 3313 4713; x_wconf 82' lang='lat'><strong><em>°</em></strong></span> <span class='ocrx_word' id='word_1_870' title='bbox 3355 4686 3408 4735; x_wconf 89' lang='lat'>&#39;0</span> <span class='ocrx_word' id='word_1_871' title='bbox 3438 4685 3654 4752; x_wconf 80' lang='grc' dir='ltr'>Κύριος</span> <span class='ocrx_word' id='word_1_872' title='bbox 3685 4687 3830 4738; x_wconf 68' lang='grc' dir='ltr'>ἐστι-</span> 
     </span>
    </p>
   </div>
   <div class='ocr_carea' id='block_1_113' title="bbox 2251 4769 3832 4838">
    <p class='ocr_par' dir='ltr' id='par_1_113' title="bbox 2251 4769 3832 4838">
     <span class='ocr_line' id='line_1_114' title="bbox 2251 4769 3832 4838; baseline -0.001 -13"><span class='ocrx_word' id='word_1_873' title='bbox 2251 4775 2520 4826; x_wconf 82' lang='grc' dir='ltr'>σίλευσε.</span> <span class='ocrx_word' id='word_1_874' title='bbox 2545 4771 2821 4824; x_wconf 84' lang='grc' dir='ltr'>Πέπαυται</span> <span class='ocrx_word' id='word_1_875' title='bbox 2848 4770 2938 4821; x_wconf 89' lang='grc' dir='ltr'>τοῦ</span> <span class='ocrx_word' id='word_1_876' title='bbox 2973 4770 3197 4822; x_wconf 88' lang='grc' dir='ltr'>θανάτου</span> <span class='ocrx_word' id='word_1_877' title='bbox 3237 4772 3268 4838; x_wconf 88' lang='grc' dir='ltr'>ή</span> <span class='ocrx_word' id='word_1_878' title='bbox 3311 4769 3577 4837; x_wconf 88' lang='grc' dir='ltr'>βασιλεία,</span> <span class='ocrx_word' id='word_1_879' title='bbox 3610 4771 3832 4824; x_wconf 82' lang='grc' dir='ltr'>πέπαυ-</span> 
     </span>
    </p>
   </div>
   <div class='ocr_carea' id='block_1_114' title="bbox 2251 4856 3829 4927">
    <p class='ocr_par' dir='ltr' id='par_1_114' title="bbox 2251 4856 3829 4927">
     <span class='ocr_line' id='line_1_115' title="bbox 2251 4856 3829 4927; baseline 0 -16"><span class='ocrx_word' id='word_1_880' title='bbox 2251 4878 2338 4912; x_wconf 84' lang='grc' dir='ltr'>ται</span> <span class='ocrx_word' id='word_1_881' title='bbox 2367 4861 2461 4927; x_wconf 76' lang='grc' dir='ltr'>τῆς</span> <span class='ocrx_word' id='word_1_882' title='bbox 2498 4857 2765 4927; x_wconf 89' lang='grc' dir='ltr'>ἁμαρτίας</span> <span class='ocrx_word' id='word_1_883' title='bbox 2795 4858 2856 4907; x_wconf 90' lang='lat'>16</span> <span class='ocrx_word' id='word_1_884' title='bbox 2884 4857 3103 4924; x_wconf 88' lang='grc' dir='ltr'>κράτος,</span> <span class='ocrx_word' id='word_1_885' title='bbox 3141 4857 3413 4908; x_wconf 90' lang='grc' dir='ltr'>πέπαυται</span> <span class='ocrx_word' id='word_1_886' title='bbox 3447 4856 3539 4908; x_wconf 88' lang='grc' dir='ltr'>τοῦ</span> <span class='ocrx_word' id='word_1_887' title='bbox 3568 4857 3829 4911; x_wconf 82' lang='grc' dir='ltr'>διαϐόλου</span> 
     </span>
    </p>
   </div>
   <div class='ocr_carea' id='block_1_115' title="bbox 2249 4943 3829 5014">
    <p class='ocr_par' dir='ltr' id='par_1_115' title="bbox 2249 4943 3829 5014">
     <span class='ocr_line' id='line_1_116' title="bbox 2249 4943 3829 5014; baseline -0.001 -17"><span class='ocrx_word' id='word_1_888' title='bbox 2249 4950 2281 5014; x_wconf 81' lang='grc' dir='ltr'>ἡ</span> <span class='ocrx_word' id='word_1_889' title='bbox 2314 4945 2545 5009; x_wconf 76' lang='grc' dir='ltr'>ἐξουσία.</span> <span class='ocrx_word' id='word_1_890' title='bbox 2613 4944 2665 4992; x_wconf 86' lang='lat'>&#39;0</span> <span class='ocrx_word' id='word_1_891' title='bbox 2708 4944 2919 5007; x_wconf 82' lang='grc' dir='ltr'>Κύριος</span> <span class='ocrx_word' id='word_1_892' title='bbox 2960 4943 3376 5007; x_wconf 79' lang='grc' dir='ltr'>ἐϐασίλευσεν,</span> <span class='ocrx_word' id='word_1_893' title='bbox 3428 4943 3829 5011; x_wconf 69' lang='grc' dir='ltr'>ἀγαλλιάσθω</span> 
     </span>
    </p>
   </div>
   <div class='ocr_carea' id='block_1_116' title="bbox 2250 5027 3827 5100">
    <p class='ocr_par' dir='ltr' id='par_1_116' title="bbox 2250 5027 3827 5100">
     <span class='ocr_line' id='line_1_117' title="bbox 2250 5027 3827 5100; baseline -0.002 -16"><span class='ocrx_word' id='word_1_894' title='bbox 2250 5033 2287 5097; x_wconf 74' lang='grc' dir='ltr'>η</span> <span class='ocrx_word' id='word_1_895' title='bbox 2322 5030 2414 5098; x_wconf 71' lang='grc' dir='ltr'>γῆ.</span> <span class='ocrx_word' id='word_1_896' title='bbox 2460 5029 2740 5096; x_wconf 82' lang='grc' dir='ltr'>Ἀγαλλιᾷν</span> <span class='ocrx_word' id='word_1_897' title='bbox 2787 5028 2890 5095; x_wconf 78' lang='grc' dir='ltr'>γὰρ</span> <span class='ocrx_word' id='word_1_898' title='bbox 2928 5027 3128 5094; x_wconf 82' lang='grc' dir='ltr'>ὀφείλει</span> <span class='ocrx_word' id='word_1_899' title='bbox 3161 5031 3193 5097; x_wconf 89' lang='grc' dir='ltr'>ή</span> <span class='ocrx_word' id='word_1_900' title='bbox 3238 5030 3366 5080; x_wconf 88' lang='grc' dir='ltr'>ποτέ</span> <span class='ocrx_word' id='word_1_901' title='bbox 3416 5029 3827 5100; x_wconf 75' lang='grc' dir='ltr'>δεδουλωμένη,</span> 
     </span>
    </p>
   </div>
   <div class='ocr_carea' id='block_1_117' title="bbox 2249 5114 3828 5184">
    <p class='ocr_par' dir='ltr' id='par_1_117' title="bbox 2249 5114 3828 5184">
     <span class='ocr_line' id='line_1_118' title="bbox 2249 5114 3828 5184; baseline 0.001 -15"><span class='ocrx_word' id='word_1_902' title='bbox 2249 5119 2342 5169; x_wconf 74' lang='grc' dir='ltr'>καὶ</span> <span class='ocrx_word' id='word_1_903' title='bbox 2382 5116 2473 5167; x_wconf 88' lang='grc' dir='ltr'>νῦν</span> <span class='ocrx_word' id='word_1_904' title='bbox 2515 5114 2961 5184; x_wconf 82' lang='grc' dir='ltr'>ἐλευθερωθεῖσα’</span> <span class='ocrx_word' id='word_1_905' title='bbox 3005 5115 3036 5181; x_wconf 88' lang='grc' dir='ltr'>ή</span> <span class='ocrx_word' id='word_1_906' title='bbox 3091 5116 3216 5166; x_wconf 87' lang='grc' dir='ltr'>ποτέ</span> <span class='ocrx_word' id='word_1_907' title='bbox 3259 5114 3675 5182; x_wconf 88' lang='grc' dir='ltr'>πεπλανημένη,</span> <span class='ocrx_word' id='word_1_908' title='bbox 3735 5121 3828 5170; x_wconf 71' lang='grc' dir='ltr'>καὶ</span> 
     </span>
    </p>
   </div>
   <div class='ocr_carea' id='block_1_118' title="bbox 2249 5199 3826 5271">
    <p class='ocr_par' dir='ltr' id='par_1_118' title="bbox 2249 5199 3826 5271">
     <span class='ocr_line' id='line_1_119' title="bbox 2249 5199 3826 5271; baseline -0.001 -18"><span class='ocrx_word' id='word_1_909' title='bbox 2249 5203 2341 5254; x_wconf 76' lang='grc' dir='ltr'>νῦν</span> <span class='ocrx_word' id='word_1_910' title='bbox 2367 5201 2721 5269; x_wconf 80' lang='grc' dir='ltr'>δεδοξασμένη</span> <span class='ocrx_word' id='word_1_911' title='bbox 2741 5217 2754 5229; x_wconf 84' lang='lat'><strong><em>°</em></strong></span> <span class='ocrx_word' id='word_1_912' title='bbox 2793 5202 2825 5267; x_wconf 86' lang='grc' dir='ltr'>ή</span> <span class='ocrx_word' id='word_1_913' title='bbox 2862 5199 2988 5252; x_wconf 77' lang='grc' dir='ltr'>ποτέ</span> <span class='ocrx_word' id='word_1_914' title='bbox 3013 5202 3068 5251; x_wconf 84' lang='grc' dir='ltr'>ἐν</span> <span class='ocrx_word' id='word_1_915' title='bbox 3100 5201 3309 5268; x_wconf 89' lang='grc' dir='ltr'>τάφοις,</span> <span class='ocrx_word' id='word_1_916' title='bbox 3344 5201 3437 5252; x_wconf 84' lang='grc' dir='ltr'>καὶ</span> <span class='ocrx_word' id='word_1_917' title='bbox 3469 5200 3563 5251; x_wconf 86' lang='grc' dir='ltr'>νῦν</span> <span class='ocrx_word' id='word_1_918' title='bbox 3600 5202 3660 5252; x_wconf 85' lang='grc' dir='ltr'>ἐν</span> <span class='ocrx_word' id='word_1_919' title='bbox 3694 5200 3826 5271; x_wconf 78' lang='grc' dir='ltr'>θρό-</span> 
     </span>
    </p>
   </div>
   <div class='ocr_carea' id='block_1_119' title="bbox 2309 5451 3825 5516">
    <p class='ocr_par' dir='ltr' id='par_1_119' title="bbox 2309 5451 3825 5516">
     <span class='ocr_line' id='line_1_120' title="bbox 2309 5451 3825 5516; baseline -0.001 -15"><span class='ocrx_word' id='word_1_920' title='bbox 2309 5457 2330 5482; x_wconf 70' lang='lat'><strong><em>‘</em></strong></span> <span class='ocrx_word' id='word_1_921' title='bbox 2384 5453 2517 5516; x_wconf 78' lang='lat' dir='ltr'>Unus</span> <span class='ocrx_word' id='word_1_922' title='bbox 2553 5459 2663 5513; x_wconf 78' lang='lat' dir='ltr'>post</span> <span class='ocrx_word' id='word_1_923' title='bbox 2694 5451 2883 5515; x_wconf 77' lang='grc' dir='ltr'>ψαλμοῦ</span> <span class='ocrx_word' id='word_1_924' title='bbox 2916 5452 3233 5516; x_wconf 32' lang='grc' dir='ltr'>ὴεδεῐηποίου</span> <span class='ocrx_word' id='word_1_925' title='bbox 3267 5451 3472 5516; x_wconf 26' lang='grc' dir='ltr'>’τούτους</span> <span class='ocrx_word' id='word_1_926' title='bbox 3517 5452 3678 5516; x_wconf 60' lang='lat' dir='ltr'>Paulo</span> <span class='ocrx_word' id='word_1_927' title='bbox 3714 5463 3825 5516; x_wconf 70' lang='lat' dir='ltr'>pmt</span> 
     </span>
    </p>
   </div>
   <div class='ocr_carea' id='block_1_120' title="bbox 2246 5512 3824 5574">
    <p class='ocr_par' dir='ltr' id='par_1_120' title="bbox 2246 5512 3824 5574">
     <span class='ocr_line' id='line_1_121' title="bbox 2246 5512 3824 5574; baseline 0.003 -15"><span class='ocrx_word' id='word_1_928' title='bbox 2246 5515 2374 5562; x_wconf 72' lang='lat' dir='ltr'>Idem</span> <span class='ocrx_word' id='word_1_929' title='bbox 2395 5512 2663 5574; x_wconf 63' lang='grc' dir='ltr'>πρόσφατον</span> <span class='ocrx_word' id='word_1_930' title='bbox 2687 5512 2922 5568; x_wconf 79' lang='grc' dir='ltr'>λαϐόντος,</span> <span class='ocrx_word' id='word_1_931' title='bbox 2948 5521 2998 5559; x_wconf 77' lang='lat' dir='ltr'>el</span> <span class='ocrx_word' id='word_1_932' title='bbox 3020 5512 3135 5560; x_wconf 67' lang='lat' dir='ltr'><strong>infra</strong></span> <span class='ocrx_word' id='word_1_933' title='bbox 3157 5512 3385 5574; x_wconf 72' lang='grc' dir='ltr'>ἡρμήνευε</span> <span class='ocrx_word' id='word_1_934' title='bbox 3409 5513 3676 5571; x_wconf 61' lang='grc' dir='ltr'>βασιλείαν</span> <span class='ocrx_word' id='word_1_935' title='bbox 3712 5512 3753 5562; x_wconf 69' lang='grc' dir='ltr'>εἰ</span> <span class='ocrx_word' id='word_1_936' title='bbox 3774 5518 3824 5564; x_wconf 71' lang='grc' dir='ltr'>δὲ</span> 
     </span>
    </p>
   </div>
   <div class='ocr_carea' id='block_1_121' title="bbox 2245 5572 3820 5634">
    <p class='ocr_par' dir='ltr' id='par_1_121' title="bbox 2245 5572 3820 5634">
     <span class='ocr_line' id='line_1_122' title="bbox 2245 5572 3820 5634; baseline 0.001 -13"><span class='ocrx_word' id='word_1_937' title='bbox 2245 5578 2384 5632; x_wconf 85' lang='grc' dir='ltr'>λέγει,</span> <span class='ocrx_word' id='word_1_938' title='bbox 2418 5572 2474 5621; x_wconf 65' lang='grc' dir='ltr'>ζΟ</span> <span class='ocrx_word' id='word_1_939' title='bbox 2501 5576 2668 5634; x_wconf 83' lang='grc' dir='ltr'>Κύριος</span> <span class='ocrx_word' id='word_1_940' title='bbox 2712 5575 3000 5629; x_wconf 84' lang='grc' dir='ltr'>ἐϐασίλευσε,</span> <span class='ocrx_word' id='word_1_941' title='bbox 3046 5573 3271 5634; x_wconf 75' lang='grc' dir='ltr'>νεωτέραν</span> <span class='ocrx_word' id='word_1_942' title='bbox 3296 5572 3400 5634; x_wconf 78' lang='grc' dir='ltr'>τινὰ</span> <span class='ocrx_word' id='word_1_943' title='bbox 3426 5577 3693 5634; x_wconf 72' lang='grc' dir='ltr'>κυριότητα</span> <span class='ocrx_word' id='word_1_944' title='bbox 3743 5580 3820 5622; x_wconf 72' lang='grc' dir='ltr'>καὶ</span> 
     </span>
    </p>
   </div>
   <div class='ocr_carea' id='block_1_122' title="bbox 2246 5631 3819 5699">
    <p class='ocr_par' dir='ltr' id='par_1_122' title="bbox 2246 5631 3819 5699">
     <span class='ocr_line' id='line_1_123' title="bbox 2246 5631 3819 5699; baseline 0.002 -17"><span class='ocrx_word' id='word_1_945' title='bbox 2246 5631 2518 5699; x_wconf 61' lang='grc' dir='ltr'>δεσποτείαν</span> <span class='ocrx_word' id='word_1_946' title='bbox 2535 5637 2560 5681; x_wconf 90' lang='lat'>6</span> <span class='ocrx_word' id='word_1_947' title='bbox 2577 5631 2869 5699; x_wconf 63' lang='grc' dir='ltr'>’προφητικὸς</span> <span class='ocrx_word' id='word_1_948' title='bbox 2893 5636 3025 5699; x_wconf 68' lang='grc' dir='ltr'>λόγος</span> <span class='ocrx_word' id='word_1_949' title='bbox 3048 5631 3327 5699; x_wconf 62' lang='grc' dir='ltr'>αίνίττςσςθαι</span> <span class='ocrx_word' id='word_1_950' title='bbox 3353 5631 3595 5690; x_wconf 73' lang='grc' dir='ltr'>βούλεται.</span> <span class='ocrx_word' id='word_1_951' title='bbox 3621 5638 3819 5699; x_wconf 70' lang='grc' dir='ltr'>Εἴρηται</span> 
     </span>
    </p>
   </div>
   <div class='ocr_carea' id='block_1_123' title="bbox 2243 5691 3412 5758">
    <p class='ocr_par' dir='ltr' id='par_1_123' title="bbox 2243 5691 3412 5758">
     <span class='ocr_line' id='line_1_124' title="bbox 2243 5691 3412 5758; baseline 0.001 -18"><span class='ocrx_word' id='word_1_952' title='bbox 2243 5694 2395 5741; x_wconf 81' lang='grc' dir='ltr'>τοίνυν</span> <span class='ocrx_word' id='word_1_953' title='bbox 2417 5695 2523 5758; x_wconf 75' lang='grc' dir='ltr'>ὑμῖν</span> <span class='ocrx_word' id='word_1_954' title='bbox 2545 5691 2633 5744; x_wconf 69' lang='grc' dir='ltr'><strong>καῖ</strong></span> <span class='ocrx_word' id='word_1_955' title='bbox 2644 5691 2823 5758; x_wconf 80' lang='grc' dir='ltr'>πρῴην,</span> <span class='ocrx_word' id='word_1_956' title='bbox 2847 5696 2926 5742; x_wconf 86' lang='grc' dir='ltr'>καὶ</span> <span class='ocrx_word' id='word_1_957' title='bbox 2948 5691 3027 5742; x_wconf 82' lang='grc' dir='ltr'>νῦν</span> <span class='ocrx_word' id='word_1_958' title='bbox 3045 5692 3095 5740; x_wconf 77' lang='grc' dir='ltr'>δὲ</span> <span class='ocrx_word' id='word_1_959' title='bbox 3118 5691 3412 5752; x_wconf 71' lang='grc' dir='ltr'>λεχθήσεται.</span> 
     </span>
    </p>
   </div>
  </div>
