3982 6218
141 403 253 455 401

134 499 224 552 vid
259 518 271 553 :
306 497 406 562 Qui
424 497 689 550 annuntiat
710 495 907 548 verbum
931 509 1076 548 suum
1100 491 1278 556 Iacob,
1295 490 1521 559 justitias
1557 496 1601 546 et
1619 491 1708 558 ju—

131 587 269 640 dicia
295 603 389 639 sua
415 585 597 640 Israel.
633 584 750 639 Non
776 584 891 655 fecit
932 585 1098 636 taliter
1138 583 1273 636 omni
1301 581 1512 645 nationi,
1541 589 1585 631 et
1617 580 1709 649 ju-

135 680 271 732 dicia
297 695 390 732 sua
420 695 519 732 non
557 677 892 748 manifestavit
918 678 988 730 eis
1023 675 1042 745 (
1073 673 1218 730 Psal.
1248 675 1370 729 H7.
1420 674 1470 728 8.
1519 671 1572 725 9.
1623 671 1706 725 l9.

134 775 205 827 eo
237 774 278 840 ).

209 864 264 918 '5.
290 862 513 916 Iustitia:
539 862 848 931 evangelium
872 877 888 925 ;
919 860 1162 914 servitutis
1187 858 1373 926 species
1393 857 1618 908 diversa.
1640 885 1712 894 —

134 955 272 1022 Quia
295 969 424 1024 ergo
469 955 556 1008 uni
581 954 724 1023 genti
757 952 1034 1021 patefecit,
1074 950 1158 1002 hic
1195 965 1323 1003 vero
1353 947 1591 1001 doctrina
1618 962 1711 1000 ve-

136 1045 312 1099 ritatis
343 1052 607 1114 tamquam
651 1043 714 1097 ad
756 1051 1004 1096 stateram
1030 1051 1260 1108 appensa
1282 1078 1296 1102 ,
1322 1038 1566 1091 omnibus
1595 1051 1713 1089 eam

137 1150 200 1188 ex
235 1148 390 1204 sequo
413 1132 840 1189 communicavit.
875 1130 1329 1198 Adverte,qureso.
1359 1127 1573 1181 Justitia
1595 1135 1710 1190 est,

137 1239 328 1278 omnes
357 1239 422 1278 ex
452 1237 603 1292 aequo
625 1221 800 1276 salvos
829 1220 966 1274 velle
995 1238 1009 1272 :
1042 1232 1140 1272 nec
1160 1217 1508 1271 ditferentiam
1540 1215 1714 1270 facere

139 1315 286 1368 servi
315 1322 408 1366 aut
438 1311 608 1375 liberi,
642 1309 846 1364 barbari
867 1317 959 1361 aut
985 1307 1178 1373 Graeci,
1203 1306 1438 1360 mulieris
1466 1306 1548 1359 vel
1574 1304 1707 1357 viri:

141 1406 236 1461 sed
266 1405 408 1474 quod
439 1403 628 1458 Paulus
653 1402 776 1456 dicit
809 1417 821 1452 :
859 1400 924 1454 In
945 1400 1141 1453 Christo
1164 1398 1288 1452 Jesu
1311 1415 1407 1451 non
1433 1397 1672 1450 barbarus
1695 1437 1709 1458 ,

141 1512 243 1550 non
268 1483 461 1564 Scytha
483 1510 501 1547 :
531 1510 630 1546 non
663 1509 789 1556 mas,
822 1508 923 1545 non
948 1492 1136 1560 femina
1165 1506 1182 1543 :
1215 1506 1303 1543 nec
1327 1506 1514 1552 servus,
1548 1505 1636 1541 nec
1655 1489 1718 1539 li-

140 1588 266 1655 ber(
294 1585 488 1641 Coloss.
512 1585 566 1638 5.
599 1585 658 1637 Η
691 1583 735 1636 l.
767 1582 996 1636 Videsne
1021 1579 1552 1651 tequalitatem?Quia
1574 1578 1716 1634 enim

144 1686 333 1729 natura
361 1675 592 1743 arquales
614 1687 796 1727 sunms
817 1713 832 1737 ,
861 1672 985 1726 licet
1023 1673 1300 1726 sententiis
1337 1671 1708 1734 dissideamus,

145 1775 392 1818 naturam
427 1772 662 1818 nostram
690 1763 924 1831 pristina:
952 1763 1026 1815 illi
1056 1762 1431 1830 pulchritudini
1467 1762 1714 1815 restituit.

144 1852 277 1907 Cum
306 1854 448 1907 enim
479 1852 713 1907 Adamus
735 1867 766 1906 e
798 1861 937 1905 terra
967 1851 1222 1905 formatus
1250 1851 1367 1915 fuit,
1403 1865 1506 1904 non
1534 1851 1718 1904 alieni-

144 1959 305 2013 gena,
340 1959 444 1997 non
475 1943 668 2014 Scytha
691 1984 707 2009 ,
742 1957 838 1997 nec
876 1942 1131 1996 barbarus
1157 1983 1170 2003 ,
1203 1956 1300 1995 nec
1328 1941 1544 1995 Grzecus
1565 1983 1578 2004 ,
1614 1955 1716 1993 non

143 2049 356 2100 servus,
386 2051 489 2089 non
518 2035 668 2099 liber,
695 2049 799 2088 non
828 2048 962 2098 mas,
988 2047 1085 2087 nec
1110 2033 1302 2087 femina
1332 2040 1447 2087 erat
1477 2049 1490 2084 :
1520 2047 1581 2085 ex
1612 2047 1718 2085 uno

146 2124 409 2194 siquidem
435 2125 540 2180 duo
566 2125 648 2179 illa
676 2123 986 2192 procreavit.
1033 2122 1350 2178 Servitutem
1399 2138 1501 2175 non
1535 2132 1719 2176 natura

146 2216 361 2283 genuit,
405 2215 498 2269 sed
531 2215 751 2270 liberum
779 2215 1053 2268 arbitrium
1105 2216 1327 2283 peperit.
1380 2214 1481 2268 Sed
1523 2223 1573 2266 et
1622 2215 1720 2266 alia

144 2307 358 2372 species
384 2306 654 2361 servitutis
683 2316 783 2372 est,
813 2307 876 2360 ad
904 2322 1060 2374 quam
1106 2305 1424 2360 necessitate
1451 2305 1603 2358 laniis
1633 2315 1722 2359 aut

146 2398 473 2468 captivitatis
517 2398 797 2468 adigimnr.
849 2399 1048 2452 Practer
1076 2398 1210 2451 hanc
1241 2412 1450 2466 quoque
1480 2398 1579 2450 alia
1608 2406 1719 2460 est,

146 2504 308 2557 quam
340 2499 529 2558 spente
559 2489 828 2543 subimus:
855 2499 910 2540 ut
934 2489 1140 2543 ancillis
1166 2490 1216 2540 in
1242 2504 1433 2542 uxores
1451 2489 1642 2549 ductis,
1669 2490 1725 2541 li-

149 2578 412 2633 bertatem
442 2579 738 2644 vendimus,
761 2589 813 2633 et
839 2593 934 2633 nos
956 2579 1223 2633 servitutis
1236 2580 1362 2647 jugo
1390 2578 1719 2646 subjicimus.

147 2671 227 2722 Ac
259 2670 426 2736 prima
456 2669 666 2737 quidem
699 2669 784 2722 illa
810 2669 968 2721 animi
991 2668 1217 2738 quadam
1246 2669 1504 2737 pravitate
1528 2670 1724 2723 consu-

151 2771 260 2814 tuta
284 2770 384 2816 est.
416 2760 494 2814 Tu
525 2775 669 2821 vero,
701 2758 840 2814 unde
875 2759 986 2814 hinc
1017 2761 1246 2814 servitus
1270 2760 1527 2829 originem
1556 2761 1721 2814 duxe-

151 2854 242 2915 rit,
277 2851 513 2906 attende.
545 2852 666 2905 Post
692 2851 955 2904 diluvium
987 2851 1096 2906 Noé
1123 2867 1241 2905 cum
1270 2853 1447 2905 vinum
1483 2852 1721 2918 bibisset,

155 2960 257 2998 nec
285 2954 339 2997 ut
370 2959 462 3011 par
487 2954 601 2998 erat
635 2944 760 2998 illud
794 2953 1175 3012 temperasset,
1205 2945 1462 3012 imperitia
1500 2943 1723 3011 quadam

155 3035 450 3088 inebriatus
488 3043 568 3088 est
601 3053 612 3088 :
653 3050 823 3104 neque
848 3034 1163 3096 voluntatis,
1207 3034 1300 3087 sed
1336 3035 1557 3088 inscitia:
1587 3050 1728 3086 mor-

156 3126 279 3178 bum
309 3123 559 3188 admisit;
590 3134 642 3178 et
685 3124 893 3193 quidem
922 3125 1102 3178 ebrius
1131 3123 1362 3190 seipsum
1392 3122 1684 3175 denudavit
1709 3141 1720 3174 :

154 3224 315 3283 atque
345 3229 538 3272 unuse
569 3214 690 3266 ﬁliis
718 3214 1004 3281 ingressus,
1044 3220 1244 3279 patrem
1274 3211 1470 3264 nudum
1498 3226 1726 3277 conspe-

152 3317 298 3358 ctum
334 3306 520 3358 irrisit.
553 3304 686 3370 Quid
718 3303 874 3372 igitur
913 3311 1061 3370 pater
1081 3301 1187 3370 jam
1218 3301 1426 3356 sobrius
1448 3302 1510 3354 ad
1542 3300 1727 3353 illum?

158 3394 463 3449 Maletlictus
490 3393 754 3460 Chanaan,
793 3409 961 3447 servus
990 3395 1080 3446 erit
1109 3393 1349 3462 fratribus
1377 3393 1478 3444 suis
1507 3391 1651 3461 (Gen.
1672 3391 1726 3444 9.

155 3488 272 3553 25).
313 3486 469 3540 Vides
501 3495 771 3554 peccatum
817 3484 1125 3538 servitutem
1178 3482 1568 3535 introduxisse?
1595 3481 1728 3534 ilinc

157 3578 412 3630 Servator
441 3593 452 3626 :
481 3574 657 3628 Omnis
682 3576 766 3643 qui
791 3583 1046 3643 peccatum
1075 3573 1193 3642 facit
1215 3613 1227 3633 ,
1252 3588 1418 3625 servus
1444 3581 1513 3624 est
1544 3572 1730 3638 peccati

153 3668 172 3732 (
204 3666 364 3719 Joan.
392 3666 444 3719 8.
473 3667 540 3720 54
562 3665 605 3733 ).
639 3665 918 3733 Postquam
949 3679 1077 3733 ergo
1101 3662 1375 3715 Liberator
1397 3662 1608 3713 humani
1635 3675 1728 3728 ge-

155 3757 300 3810 neris
329 3756 580 3819 advenit,
619 3755 822 3808 veniam
879 3754 1106 3821 peccatis
1134 3752 1432 3814 concessit,
1464 3752 1566 3802 imo
1604 3764 1728 3802 vero

157 3846 376 3900 sustulit
404 3845 420 3909 (
451 3843 709 3913 siquidem
742 3843 916 3897 radice
944 3844 1140 3905 excisa,
1173 3840 1371 3893 fructus
1401 3839 1556 3892 simul
1585 3840 1730 3892 exei-

159 3939 282 4007 dit},
316 3945 470 3990 vocat
494 3937 822 4005 evangelium
841 3933 1078 4002 justitirc,
1108 3933 1244 4000 quod
1277 3947 1463 3983 omnes
1488 3946 1550 3983 ex
1579 3945 1731 3997 atquo

157 4025 402 4079 homines
429 4025 678 4079 illustrat.
706 4024 871 4078 Judzci
905 4023 1044 4076 enim
1077 4020 1488 4083 arbitrabantur,
1507 4035 1732 4088 evange-

159 4117 314 4179 lium,
361 4114 499 4182 quod
554 4129 646 4182 per
690 4114 858 4182 ipsum
889 4110 1353 4180 promulgabatur,
1382 4109 1446 4163 ad
1495 4125 1552 4163 se
1591 4110 1732 4162 solos

160 4209 452 4275 pertinere.
490 4206 682 4261 Verum
724 4205 836 4259 haec
878 4205 1110 4274 ipsorum
1138 4203 1463 4271 ex'Speetatio
1491 4201 1731 4269 inopina-

163 4310 273 4352 tum
299 4305 544 4352 eventum
570 4297 754 4350 sortita
785 4305 883 4349 est.
915 4295 1049 4348 llinc
1067 4294 1223 4362 igitur
1241 4292 1540 4345 Davidicum
1571 4292 1692 4343 illud
1718 4307 1729 4341 :

162 4390 510 4457 Suscepimus,
540 4387 690 4452 Deus,
725 4386 1114 4439 misericordiam
1139 4394 1275 4436 tuam
1301 4385 1350 4435 in
1376 4383 1536 4434 medio
1563 4382 1734 4449 populi

164 4481 239 4531 tui
268 4494 286 4531 :
319 4479 594 4531 secundum
624 4492 803 4529 nomen
847 4486 1020 4538 tuum,
1052 4473 1209 4537 Deus,
1242 4474 1312 4524 ita
1357 4481 1401 4524 et
1431 4472 1541 4523 laus
1572 4482 1656 4522 tua
1685 4472 1736 4521 in

163 4571 289 4637 ﬁnes
320 4577 465 4620 terra:
499 4569 518 4638 (
549 4566 689 4620 Psal.
717 4569 802 4621 47.
836 4567 918 4620 10.
953 4567 1010 4618 Η
1054 4565 1092 4633 ).
1129 4564 1194 4617 Ει
1224 4575 1279 4617 ut
1315 4563 1732 4622 demonstraret,

161 4659 306 4730 quod
358 4659 769 4714 misericordiam
821 4673 968 4711 suam
999 4657 1266 4710 declarare
1317 4655 1366 4706 in
1421 4653 1554 4706 ﬁnes
1595 4653 1738 4704 orbis

164 4761 346 4812 terras,
379 4750 448 4802 sit
478 4749 564 4801 illa
586 4749 809 4816 justitia,
841 4747 1064 4814 subjecit
1093 4745 1332 4798 :Justitia
1354 4744 1499 4812 plena
1524 4751 1591 4794 est
1617 4742 1737 4793 dea:-

165 4853 272 4895 tera
302 4850 386 4893 tua
416 4840 431 4906 (
465 4837 592 4890 Ibid.
693 4839 1137 4904 Quotiescumque
1169 4833 1473 4902 profundior
1499 4832 1667 4898 aliqua
1687 4839 1740 4882 ct

166 4932 476 5006 prophetica
508 4945 624 4984 sese
650 4931 897 4983 obtulerit
925 4929 1146 4998 qumstio
1166 4967 1179 4989 ,
1218 4941 1332 4978 eam
1377 4924 1696 4989 amplectere
1722 4937 1734 4972 :

166 5041 273 5078 non
305 5021 512 5092 quidem
545 5021 824 5087 applausu,
876 5019 968 5072 sed
1019 5017 1359 5084 intelligentia
1395 5031 1407 5065 :
1442 5028 1508 5065 ne
1538 5012 1740 5078 simpli-

168 5119 304 5169 citer
329 5112 610 5165 verborum
638 5110 868 5162 sonitum
899 5109 1179 5168 admirare,
1213 5105 1306 5159 sed
1337 5102 1655 5157 sententiam
1687 5109 1741 5153 et

172 5208 282 5260 vim
309 5204 548 5272 explora.
581 5201 632 5255 Si
664 5203 803 5254 enim
836 5214 961 5253 vere
991 5208 1042 5252 et
1072 5213 1141 5251 ex
1182 5197 1358 5249 animo
1394 5195 1597 5247 divinas
1630 5193 1741 5244 lau-

170 5297 268 5349 des
300 5292 673 5356 celebraveris,
705 5291 1034 5356 maximeque
1062 5287 1373 5340 Davidieum
1403 5284 1529 5337 illud
1554 5298 1742 5337 oracu-

172 5388 284 5440 lum
339 5383 638 5440 cantaveris
668 5399 680 5434 :
729 5380 1052 5445 Suscepimus
1077 5419 1089 5440 ,
1121 5378 1252 5431 Deus
1289 5419 1303 5443 ,
1352 5374 1740 5434 misericordiam

173 5488 311 5530 tuam
347 5477 399 5527 in
453 5475 614 5526 medio
645 5471 813 5542 populi
857 5477 927 5523 tui
965 5486 983 5523 :
1028 5469 1302 5522 secundum
1345 5484 1524 5521 nomen
1563 5479 1736 5525 tuum,

176 5567 332 5632 Deus,
355 5569 423 5618 ita
451 5575 496 5618 et
522 5564 631 5617 laus
669 5573 754 5616 tua
781 5565 833 5616 in
875 5562 996 5630 ﬁnes
1026 5571 1213 5615 terrm:
1251 5557 1451 5621 justitia
1482 5558 1628 5628 plena
1671 5566 1740 5609 est

176 5658 381 5709 dextera
433 5665 519 5708 tua
549 5671 566 5708 :
594 5654 747 5708 simul
801 5662 857 5707 et
894 5653 1096 5706 divinas
1136 5651 1317 5704 laudes
1356 5651 1664 5712 celebrans,
1689 5656 1740 5700 et

176 5757 359 5802 sancto
383 5745 585 5816 Spiritu
609 5747 839 5816 repletus
863 5743 1292 5815 deprehenderis.
1311 5745 1409 5810 Qui
1437 5746 1575 5800 enim
1594 5746 1740 5810 inge-

1299 371 1574 430 llObllLlA
1616 369 1703 424 DE
1744 368 2236 425 LEGISLATORE.

3268 392 3380 443 402

1822 501 1924 539 nue
1943 492 1996 539 et
2033 501 2096 539 ex
2134 486 2313 540 animo
2341 483 2512 553 psallit
2537 525 2552 551 ,
2582 483 2760 539 animo
2790 495 3102 552 renovatus,
3127 488 3379 557 templum

1819 574 2047 643 Spiritus
2089 575 2256 628 sancti
2286 574 2530 628 efﬁcitur.
2577 574 2758 643 Neque
2802 575 2940 630 enim
2981 592 3197 645 parvum
3227 578 3382 646 quid-

1818 667 1956 735 piam
2001 666 2326 735 psalmorum
2376 667 2788 720 modulationem
2837 668 3236 721 existimaveris.
3285 668 3379 722 Vi-

1817 755 1971 808 detur
2002 756 2088 808 illa
2121 754 2329 822 quidem
2357 769 2511 808 aures
2542 765 2740 809 tantum
2772 757 3101 821 demulcere,
3133 759 3273 828 atqui
3299 773 3383 812 re-

1820 846 1934 913 ipsa
1967 846 2194 898 mimum
2237 861 2446 914 quoque
2492 848 2705 900 excitat.
2749 847 2835 900 Sic
2863 849 3020 900 etiam
3057 848 3237 902 beatus
3273 848 3382 901 Eli-

1818 950 1958 988 διευς.
1988 934 2262 1004 propheta,
2290 949 2410 988 cum
2435 949 2463 986 a
2493 934 2700 1002 regibus
2743 936 3089 1004 quibusdam,
3128 947 3184 989 ut
3206 936 3377 990 futura

1821 1025 2151 1095 przediceret,
2184 1033 2475 1093 rogaretur,
2510 1024 2582 1078 ait
2614 1045 2628 1079 :
2659 1024 2787 1077 Date
2807 1026 2929 1078 me:
2951 1026 3128 1091 virum,
3160 1029 3383 1094 quisciat

1821 1115 2035 1184 psallere
2058 1116 2076 1182 (
2099 1115 2151 1167 4.
2179 1114 2302 1183 Reg.
2335 1115 2386 1168 5.
2421 1115 2486 1169 15
2513 1113 2531 1184 )
2559 1129 2573 1166 :
2605 1113 2693 1182 qni
2720 1129 2842 1168 cum
2871 1115 3128 1179 venisset,
3165 1128 3217 1169 et
3245 1117 3386 1183 psal-

1822 1205 1975 1269 leret,
2001 1204 2190 1272 inquit,
2223 1204 2448 1270 Spiritus
2475 1212 2686 1256 sanctus
2711 1219 2870 1271 super
2897 1202 3142 1256 Eliszcum
3173 1204 3384 1256 cecidit.

1820 1294 1954 1358 Quid
1976 1293 2165 1361 igitur?
2186 1309 2381 1361 ergone
2398 1293 2626 1361 Spiritus
2652 1301 2863 1346 sanctus
2887 1293 3098 1345 vocibus
3123 1293 3389 1346 modulan-

1823 1385 1950 1436 tium
1972 1382 2266 1436 oblectatur
2286 1423 2299 1446 ,
2325 1391 2379 1434 et
2406 1381 2546 1434 velut
2574 1382 3016 1435 incantationibus
3046 1382 3290 1444 allicitur,
3313 1383 3388 1434 si-

1820 1472 2031 1540 quidem
2084 1473 2137 1525 in
2200 1471 2472 1539 prophetae
2521 1471 2698 1524 animo
2747 1471 3050 1539 acquievit?
3089 1471 3384 1526 Suiliciebat

1820 1574 1968 1617 certe
1999 1563 2266 1632 prophetae
2299 1563 2496 1630 puritas
2522 1604 2536 1625 ,
2569 1570 2625 1615 ut
2649 1563 2904 1629 Spiritmn
2944 1573 3183 1615 sanctum
3227 1562 3384 1614 advo-

1823 1665 1985 1710 caret.
2010 1655 2116 1708 Cur
2139 1669 2267 1723 ergo
2297 1653 2420 1707 dicit
2446 1671 2458 1705 :
2493 1652 2622 1706 Date
2647 1654 2766 1704 mihi
2803 1654 2960 1705 virum
2985 1693 2998 1716 ,
3028 1654 3111 1722 qui
3141 1652 3388 1720 psallendi

1823 1747 1885 1799 sit
1915 1748 2074 1799 sciens
2096 1746 2121 1797 Ρ
2156 1746 2270 1799 Non
2300 1761 2429 1800 sane
2460 1755 2516 1798 ut
2540 1744 2770 1814 Spiritus
2813 1757 3024 1798 sanctus
3067 1746 3386 1813 psalmorum

1825 1836 2186 1889 modulatione
2215 1837 2590 1897 obiectaretur,
2621 1836 2711 1889 sed
2743 1844 2816 1898 ut,
2850 1835 2937 1888 illo
2964 1844 3227 1895 cantante,
3262 1849 3384 1901 pro-

1823 1928 2000 1996 pheta,
2025 1936 2201 1980 mente
2220 1925 2731 1993 renovata,Spiritns
2758 1927 2922 1978 sancti
2952 1925 3176 1978 adventu
3202 1925 3392 1992 dignus

1824 2018 2137 2072 efﬁceretur.
2175 2017 2400 2086 Ideoque
2425 2016 2676 2084 Spiritum
2705 2018 2929 2078 invocat,
2963 2026 3017 2068 ut
3053 2016 3262 2083 planum
3308 2013 3390 2066 fa-

1827 2118 1988 2171 ceret,
2020 2123 2122 2161 non
2153 2108 2443 2178 psalmodia
2488 2108 2646 2167 allici,
2680 2108 2772 2160 sed
2812 2108 2986 2159 animo
3025 2123 3115 2174 per
3156 2105 3393 2159 modula-

1827 2201 2022 2253 tionem
2060 2201 2310 2253 excitato.
2346 2199 2526 2267 Neque
2563 2199 2649 2252 ille
2681 2199 2743 2251 ad
2784 2199 3095 2266 psallentem
3131 2199 3387 2265 pervenit,

1826 2291 1918 2345 sed
1962 2291 2028 2343 ad
2075 2291 2395 2344 audientem.
2444 2289 2660 2357 Oportet
2708 2292 2879 2358 itaque
2925 2291 3242 2358 psalmorum
3290 2291 3392 2341 vim

1829 2383 2149 2452 perscrutari
2180 2399 2192 2434 :
2220 2382 2483 2450 praecipue
2515 2397 2639 2434 vero
2666 2381 2802 2446 ejus,
2831 2383 2917 2448 qui
2949 2382 3097 2433 nobis
3133 2381 3287 2434 hodie
3313 2390 3396 2434 est

1827 2475 2074 2526 recitatus
2103 2474 2118 2503 ¹
2149 2489 2164 2524 :
2191 2472 2434 2524 Dominus
2459 2471 2718 2539 regnavit,
2757 2472 2964 2522 exsultet
2990 2481 3139 2529 terra,
3170 2472 3395 2522 (celentur

1827 2564 2006 2616 insula:
2055 2564 2223 2616 multa:
2261 2562 2449 2631 (Psal.
2487 2563 2574 2616 96.
2613 2564 2634 2615 1
2673 2565 2712 2631 ).
2762 2562 3038 2627 Quomodo
3068 2577 3192 2630 ergo
3231 2563 3393 2629 illud,

1829 2655 2073 2706 Dominus
2103 2653 2347 2720 regnavit,
2374 2651 2606 2719 accipis"
2633 2667 2755 2704 num
2779 2653 2926 2719 quasi
2957 2666 3144 2705 recens
3173 2653 3236 2705 ad
3258 2653 3396 2707 fasti-

1829 2747 1968 2815 gium
1995 2745 2120 2798 illud
2151 2745 2306 2814 regia:
2331 2743 2596 2812 dignitatis
2620 2744 2956 2811 pervenerit?
2985 2743 3037 2795 Si
3061 2742 3198 2797 enim
3222 2744 3397 2798 dixis-

1830 2847 1929 2898 set,
1966 2837 2217 2889 Dominus
2244 2842 2429 2902 regnat
2461 2849 2471 2884 :
2506 2834 2879 2900 sempiternam
2911 2833 3049 2885 illius
3089 2833 3284 2900 regiam
3313 2834 3396 2885 di-

1829 2927 2083 2994 gnitatem
2115 2934 2366 2978 notasset.
2391 2923 2506 2976 Jam
2532 2937 2657 2975 vero
2687 2921 2844 2982 dicit,
2876 2919 3124 2974 Dominus
3157 2923 3396 2988 regnavit.

1832 3018 2034 3069 Dictum
2064 3026 2144 3069 est
2188 3029 2354 3082 nuper
2381 3021 2432 3066 et
2457 3012 2563 3078 jam
2608 3013 2796 3064 iterum
2823 3011 3048 3063 dicetur.
3081 3013 3213 3064 Ante
3243 3011 3399 3065 Chri-

1830 3109 1898 3161 sti
1925 3107 2227 3169 adventum,
2262 3113 2382 3156 ante
2407 3102 2676 3171 Evangelii
2712 3101 3201 3168 promulgationem,
3229 3102 3278 3154 in
3309 3117 3399 3154 na-

1834 3209 1998 3252 turam
2033 3207 2264 3249 nostram
2318 3193 2594 3262 imperium
2627 3191 3176 3249 obtinebatdiabolus.
3213 3206 3400 3258 pecca-

1834 3298 1963 3351 tum,
1985 3301 2144 3338 mors.
2169 3283 2440 3338 Undenam
2462 3282 2594 3335 hoc?
2619 3281 2810 3334 Paulus
2832 3281 3058 3348 explicat
3083 3281 3402 3346 :cQuemad-

1833 3379 2045 3432 niodum
2075 3377 2215 3428 enim
2267 3373 2501 3442 regnavit
2545 3381 2814 3439 peccatum
2863 3371 2912 3423 in
2972 3370 3177 3422 mortali
3221 3378 3402 3423 nostro

1832 3484 2072 3535 corpore,
2090 3469 2166 3520 sic
2183 3465 2338 3520 etiam
2367 3465 2529 3533 gratia
2550 3463 2782 3531 regnavit
2802 3478 2894 3530 per
2920 3461 3180 3515 Christum
3196 3461 3399 3530 »(Ποηι.

1833 3561 1886 3614 6.
1919 3561 2026 3628 1‘2).
2061 3559 2197 3611 Ecce
2227 3555 2423 3624 peccati
2456 3569 2696 3622 regnum.
2727 3553 2946 3607 Ubinam
2978 3551 3170 3604 diaboli
3203 3551 3227 3601 ?
3267 3551 3400 3606 Audi

1834 3653 2171 3706 Servatorem
2214 3649 2520 3701 dicentem:
2572 3644 2630 3698 Si
2677 3654 2880 3697 satanas
2925 3655 3152 3695 satanant
3177 3642 3398 3710 expellit,

1835 3745 2069 3797 adversus
2107 3743 2324 3809 seipsum
2351 3739 2538 3791 divisus
2568 3745 2638 3790 est
2667 3752 2684 3788 :
2713 3736 2959 3796 quomodo
3003 3751 3118 3803 ergo
3151 3735 3296 3787 stabit
3326 3750 3403 3786 νε-

1837 3853 1988 3905 gnum
2019 3835 2156 3886 illius
2185 3834 2202 3900 (
2231 3832 2416 3884 Matth.
2445 3831 2530 3884 12.
2561 3829 2628 3882 26
2658 3830 2714 3896 )?
2765 3828 2900 3880 Ecce
2937 3827 3128 3879 diaboli
3163 3843 3401 3896 regnum.

1839 3927 2063 3980 Ubinam
2109 3923 2333 3976 mortis?
2361 3921 2494 3974 Audi
2527 3921 2744 3973 Paulum
2776 3917 3125 3970 disserentem
3163 3935 3174 3968 :
3207 3916 3404 3985 Regna-

1837 4021 1902 4069 vit
1932 4033 2062 4067 mors
2091 4015 2151 4065 ab
2179 4014 2336 4064 Adam
2366 4027 2519 4074 usque
2545 4009 2611 4061 ad
2647 4008 2851 4073 Mosen,
2880 4023 3030 4075 super
3061 4022 3160 4068 eos,
3193 4008 3278 4068 qui
3306 4021 3403 4056 non

1839 4114 2158 4176 peccaverant
2190 4105 2206 4170 (
2243 4103 2388 4154 liam.
2419 4101 2469 4155 5.
2499 4100 2563 4152 14
2653 4099 2782 4150 Cum
2825 4099 2978 4164 igitur
3001 4096 3254 4149 diabzlica
3281 4096 3404 4147 tlias

1841 4201 1890 4252 in
1906 4208 2139 4253 sanctam
2160 4207 2211 4250 et
2232 4195 2555 4263 impollutam
2571 4192 2882 4244 Trinitatem
2907 4188 3233 4258 tyrannidem
3258 4203 3404 4240 suam

1843 4289 2207 4349 exercuisset,
2239 4286 2470 4346 scilicet,
2497 4282 2768 4343 diabolus,
2798 4291 3066 4346 peccatum
3091 4319 3104 4342 ,
3140 4293 3280 4331 mors
3313 4298 3322 4330 :
3354 4289 3406 4331 et

1842 4380 2082 4434 diabolus
2135 4375 2345 4445 quidem
2396 4373 2700 4438 deciperet,
2749 4379 3022 4437 peccatum
3053 4369 3406 4429 interliceret,

1842 4486 1985 4523 mors
2017 4484 2139 4521 vero
2180 4466 2432 4533 sepeliret
2462 4481 2472 4512 :
2510 4461 2670 4514 David
2698 4501 2711 4524 ,
2764 4462 2859 4512 hac
2892 4460 3087 4528 triplici
3133 4460 3406 4527 tyrannide

1845 4559 2117 4628 oppressis
2147 4557 2321 4608 lectum
2354 4554 2593 4606 nuntium
2636 4551 2786 4603 affert
2811 4592 2823 4613 ,
2857 4559 3174 4618 monetque,
3208 4559 3262 4600 ut
3292 4564 3408 4600 sese

1845 4665 1909 4702 ex
1941 4647 2211 4702 servitutis
2240 4644 2367 4712 jugo
2391 4642 2706 4703 subducant,
2739 4649 2791 4692 et
2813 4639 3137 4692 dominatum
3169 4637 3362 4690 Christi
3391 4679 3406 4700 ,

1844 4739 1982 4808 quod
2031 4734 2416 4806 prtedicabatur
2437 4775 2449 4796 ,
2482 4731 2907 4799 amplectantur:
2938 4726 3182 4779 Dominus
3227 4743 3408 4795 regna-

1844 4836 1928 4886 vit.
1963 4833 2204 4899 Reguum
2233 4829 2417 4884 mortis
2452 4825 2703 4878 abolitum
2733 4831 2835 4885 est,
2868 4831 2920 4875 et
2949 4823 3144 4889 peccati
3175 4820 3408 4889 potentia

1845 4925 2111 4975 destructa
2140 4929 2237 4981 est,
2269 4930 2319 4970 et
2346 4914 2539 4968 diaboli
2575 4922 2804 4982 potestas
2834 4911 2996 4962 fracta
3029 4918 3125 4962 est.
3163 4909 3405 4958 Dominus

1845 5013 2084 5082 regnavit,
2113 5011 2321 5062 exsultet
2354 5017 2501 5060 terra.
2536 5006 2600 5059 Et
2645 5004 2830 5056 merito
2861 5017 2986 5053 sane
3016 5000 3279 5052 exsultare
3309 4998 3405 5050 de-

1847 5105 1980 5165 buit,
2012 5116 2126 5170 qum
2149 5099 2414 5168 quondam
2451 5098 2499 5148 in
2541 5094 2846 5147 servitutem
2879 5089 3109 5151 redacta,
3139 5089 3243 5156 jam
3277 5088 3410 5139 libe-

1847 5206 1955 5247 rata
1984 5205 2064 5247 est
2099 5212 2108 5245 :
2141 5209 2256 5260 (lUlL'
2287 5191 2409 5244 olim
2440 5185 2672 5247 erravit,
2701 5184 2809 5253 jam
2855 5182 3020 5250 gloria
3063 5177 3364 5246 resplendet
3397 5195 3409 5229 :

1911 5373 1926 5402 ι
1963 5377 2087 5418 Unus
2111 5374 2215 5428 post
2239 5367 2324 5414 bas
2363 5375 2521 5428 voces,
2547 5359 2687 5428 hodie
2710 5365 2778 5408 est
2800 5353 3055 5428 r_ecita_tus,_
3074 5353 3259 5428 habet:
3282 5361 3411 5428 Agna.

1847 5432 1904 5482 lis
1928 5414 2182 5481 psithiis?
2207 5427 2412 5475 Int‘ra....
2441 5414 2718 5484 dignitatem
2755 5423 2982 5484 notasset;
3012 5414 3055 5463 si
3093 5419 3248 5484 autern
3273 5414 3406 5467 dicit,

1855 5470 2377 5548 ῗὸοἷὶἷὲἧὶἕιῑεξιῆᾱύῐι,
2395 5470 2416 5529 ἦ
2445 5470 2644 5548 iacntem
2661 5486 2868 5548 nostrain
2885 5470 3137 5548 ducere
3149 5470 3242 5548 vult
3261 5484 3414 5548 sermo

1847 5538 2147 5624 ρνῦἐιθέέτίςυδ
2165 5538 2236 5624 si.
2249 5538 2425 5624 cecc:
2434 5543 2751 5624 _‘l‘f‘_"l‘£’$’?'.‘3
2755 5538 3411 5624 9:???33ﬂii""ff.".:."331’.’}.fflt‘

1847 5599 2048 5678 periurii.
2069 5612 2196 5671 Quod
2220 5607 2362 5669 igitur
2379 5599 2532 5678 nuper
2549 5603 2674 5674 vobis
2696 5602 2873 5678 dictum
2889 5606 2977 5655 est,
3001 5610 3124 5678 npuc
3147 5599 3317 5678 iterant
3332 5599 3412 5678 1ιιι-

1848 5655 2289 5732 ἕέὶιὶἷὶὶὲέέβὸνὲο
2307 5655 2474 5716 retulit
2491 5666 2695 5724 Photius,
2714 5663 2800 5712 sed
2816 5673 2913 5709 non
2936 5660 3139 5708 verbum
3158 5657 3219 5704 de
3244 5655 3411 5714 verbo,

1850 5746 1992 5800 atque
2018 5735 2236 5797 excerpti
2255 5744 2408 5780 more.
