  <div class='ocr_page' id='page_1' title='image "/cluster/home/n/w/nwhite01/storage/ocr_20150623/56/nnc1.0114695758/391.png"; bbox 0 0 3982 6218; ppageno 0'>
   <div class='ocr_carea' id='block_1_1' title="bbox 621 419 732 472">
    <p class='ocr_par' dir='ltr' id='par_1_1' title="bbox 621 419 732 472">
     <span class='ocr_line' id='line_1_1' title="bbox 621 419 732 472; baseline 0.027 -3"><span class='ocrx_word' id='word_1_1' title='bbox 621 419 732 472; x_wconf 82' lang='grc' dir='ltr'><strong>4υ3</strong></span> 
     </span>
    </p>
   </div>
   <div class='ocr_carea' id='block_1_2' title="bbox 607 508 2170 579">
    <p class='ocr_par' dir='ltr' id='par_1_2' title="bbox 607 508 2170 579">
     <span class='ocr_line' id='line_1_2' title="bbox 607 508 2170 579; baseline 0 -17"><span class='ocrx_word' id='word_1_2' title='bbox 607 523 726 578; x_wconf 60' lang='lat' dir='ltr'><strong>qua</strong></span> <span class='ocrx_word' id='word_1_3' title='bbox 746 508 1007 578; x_wconf 82' lang='lat' dir='ltr'><strong>quondam</strong></span> <span class='ocrx_word' id='word_1_4' title='bbox 1037 510 1089 563; x_wconf 93' lang='lat' dir='ltr'><strong>in</strong></span> <span class='ocrx_word' id='word_1_5' title='bbox 1117 509 1372 579; x_wconf 81' lang='lat' dir='ltr'><strong>sepulcris</strong></span> <span class='ocrx_word' id='word_1_6' title='bbox 1399 509 1606 564; x_wconf 89' lang='lat' dir='ltr'><strong>condita</strong></span> <span class='ocrx_word' id='word_1_7' title='bbox 1635 508 1996 569; x_wconf 86' lang='lat' dir='ltr'><strong>delitescebat,</strong></span> <span class='ocrx_word' id='word_1_8' title='bbox 2031 523 2170 562; x_wconf 89' lang='lat' dir='ltr'><strong>nunc</strong></span> 
     </span>
    </p>
   </div>
   <div class='ocr_carea' id='block_1_3' title="bbox 611 597 2175 668">
    <p class='ocr_par' dir='ltr' id='par_1_3' title="bbox 611 597 2175 668">
     <span class='ocr_line' id='line_1_3' title="bbox 611 597 2175 668; baseline -0.001 -18"><span class='ocrx_word' id='word_1_9' title='bbox 611 598 660 650; x_wconf 91' lang='lat' dir='ltr'><strong>in</strong></span> <span class='ocrx_word' id='word_1_10' title='bbox 690 599 822 652; x_wconf 86' lang='lat' dir='ltr'><strong>solio</strong></span> <span class='ocrx_word' id='word_1_11' title='bbox 849 599 1107 653; x_wconf 89' lang='lat' dir='ltr'><strong>collocata</strong></span> <span class='ocrx_word' id='word_1_12' title='bbox 1138 607 1217 652; x_wconf 91' lang='lat' dir='ltr'><strong>est</strong></span> <span class='ocrx_word' id='word_1_13' title='bbox 1261 616 1274 652; x_wconf 90' lang='lat'><strong><em>:</em></strong></span> <span class='ocrx_word' id='word_1_14' title='bbox 1313 615 1429 666; x_wconf 78' lang='lat' dir='ltr'><strong>qnze</strong></span> <span class='ocrx_word' id='word_1_15' title='bbox 1458 598 1720 668; x_wconf 89' lang='lat' dir='ltr'><strong>quondam</strong></span> <span class='ocrx_word' id='word_1_16' title='bbox 1768 597 2049 665; x_wconf 79' lang='lat' dir='ltr'><strong>ignominia</strong></span> <span class='ocrx_word' id='word_1_17' title='bbox 2081 612 2175 664; x_wconf 87' lang='lat' dir='ltr'><strong>op-</strong></span> 
     </span>
    </p>
   </div>
   <div class='ocr_carea' id='block_1_4' title="bbox 611 686 2175 755">
    <p class='ocr_par' dir='ltr' id='par_1_4' title="bbox 611 686 2175 755">
     <span class='ocr_line' id='line_1_4' title="bbox 611 686 2175 755; baseline -0.001 -16"><span class='ocrx_word' id='word_1_18' title='bbox 611 701 792 754; x_wconf 89' lang='lat' dir='ltr'><strong>pressa</strong></span> <span class='ocrx_word' id='word_1_19' title='bbox 818 687 1047 755; x_wconf 88' lang='lat' dir='ltr'><strong>jacebat,</strong></span> <span class='ocrx_word' id='word_1_20' title='bbox 1077 703 1215 741; x_wconf 93' lang='lat' dir='ltr'><strong>nunc</strong></span> <span class='ocrx_word' id='word_1_21' title='bbox 1242 688 1440 742; x_wconf 79' lang='lat' dir='ltr'><strong>honore</strong></span> <span class='ocrx_word' id='word_1_22' title='bbox 1465 687 1710 741; x_wconf 72' lang='lat' dir='ltr'><strong>afﬁcitur.</strong></span> <span class='ocrx_word' id='word_1_23' title='bbox 1727 686 1973 738; x_wconf 86' lang='lat' dir='ltr'><strong>Dominus</strong></span> <span class='ocrx_word' id='word_1_24' title='bbox 1997 702 2175 754; x_wconf 76' lang='lat' dir='ltr'><strong>regna-</strong></span> 
     </span>
    </p>
   </div>
   <div class='ocr_carea' id='block_1_5' title="bbox 610 774 2171 844">
    <p class='ocr_par' dir='ltr' id='par_1_5' title="bbox 610 774 2171 844">
     <span class='ocr_line' id='line_1_5' title="bbox 610 774 2171 844; baseline -0.001 -17"><span class='ocrx_word' id='word_1_25' title='bbox 610 775 697 827; x_wconf 70' lang='lat' dir='ltr'><strong>rit.</strong></span> <span class='ocrx_word' id='word_1_26' title='bbox 727 774 814 829; x_wconf 86' lang='lat' dir='ltr'><strong>Sic</strong></span> <span class='ocrx_word' id='word_1_27' title='bbox 839 777 996 829; x_wconf 85' lang='lat' dir='ltr'><strong>etiam</strong></span> <span class='ocrx_word' id='word_1_28' title='bbox 1018 777 1124 830; x_wconf 90' lang='lat' dir='ltr'><strong>alio</strong></span> <span class='ocrx_word' id='word_1_29' title='bbox 1147 777 1196 830; x_wconf 90' lang='lat' dir='ltr'><strong>in</strong></span> <span class='ocrx_word' id='word_1_30' title='bbox 1221 777 1337 829; x_wconf 88' lang='lat' dir='ltr'><strong>loco</strong></span> <span class='ocrx_word' id='word_1_31' title='bbox 1366 777 1556 830; x_wconf 92' lang='lat' dir='ltr'><strong>dicitur</strong></span> <span class='ocrx_word' id='word_1_32' title='bbox 1581 778 1599 844; x_wconf 87' lang='lat'>(</span> <span class='ocrx_word' id='word_1_33' title='bbox 1634 784 1845 844; x_wconf 86' lang='lat' dir='ltr'><strong>oportet</strong></span> <span class='ocrx_word' id='word_1_34' title='bbox 1873 774 2012 827; x_wconf 78' lang='lat' dir='ltr'><strong>enim</strong></span> <span class='ocrx_word' id='word_1_35' title='bbox 2046 790 2171 826; x_wconf 82' lang='lat' dir='ltr'><strong>sen-</strong></span> 
     </span>
    </p>
   </div>
   <div class='ocr_carea' id='block_1_6' title="bbox 611 866 2170 934">
    <p class='ocr_par' dir='ltr' id='par_1_6' title="bbox 611 866 2170 934">
     <span class='ocr_line' id='line_1_6' title="bbox 611 866 2170 934; baseline 0.001 -15"><span class='ocrx_word' id='word_1_36' title='bbox 611 869 806 921; x_wconf 89' lang='lat' dir='ltr'><strong>tentias</strong></span> <span class='ocrx_word' id='word_1_37' title='bbox 845 878 1228 922; x_wconf 79' lang='lat' dir='ltr'><strong>consentaneas</strong></span> <span class='ocrx_word' id='word_1_38' title='bbox 1257 869 1394 922; x_wconf 89' lang='lat' dir='ltr'><strong>inter</strong></span> <span class='ocrx_word' id='word_1_39' title='bbox 1433 882 1489 921; x_wconf 90' lang='lat' dir='ltr'><strong>se</strong></span> <span class='ocrx_word' id='word_1_40' title='bbox 1534 868 1586 920; x_wconf 92' lang='lat' dir='ltr'><strong>in</strong></span> <span class='ocrx_word' id='word_1_41' title='bbox 1618 867 1848 922; x_wconf 72' lang='lat' dir='ltr'><strong>medium</strong></span> <span class='ocrx_word' id='word_1_42' title='bbox 1884 866 2075 920; x_wconf 69' lang='lat' dir='ltr'><strong>aﬂtﬂ&#39;c</strong></span> <span class='ocrx_word' id='word_1_43' title='bbox 2107 866 2125 934; x_wconf 97' lang='lat'><strong>)</strong></span> <span class='ocrx_word' id='word_1_44' title='bbox 2157 886 2170 920; x_wconf 90' lang='lat'><strong>:</strong></span> 
     </span>
    </p>
   </div>
   <div class='ocr_carea' id='block_1_7' title="bbox 610 955 2168 1027">
    <p class='ocr_par' dir='ltr' id='par_1_7' title="bbox 610 955 2168 1027">
     <span class='ocr_line' id='line_1_7' title="bbox 610 955 2168 1027; baseline -0.001 -19"><span class='ocrx_word' id='word_1_45' title='bbox 610 955 856 1011; x_wconf 87' lang='lat' dir='ltr'><strong>Dominus</strong></span> <span class='ocrx_word' id='word_1_46' title='bbox 893 960 1136 1027; x_wconf 78' lang='lat' dir='ltr'><strong>regnavit,</strong></span> <span class='ocrx_word' id='word_1_47' title='bbox 1167 959 1390 1011; x_wconf 77' lang='lat' dir='ltr'><strong>decorem</strong></span> <span class='ocrx_word' id='word_1_48' title='bbox 1420 957 1624 1009; x_wconf 74' lang='lat' dir='ltr'><strong>indutus</strong></span> <span class='ocrx_word' id='word_1_49' title='bbox 1651 956 1764 1024; x_wconf 72' lang='grc' dir='ltr'><strong>εει(</strong></span> <span class='ocrx_word' id='word_1_50' title='bbox 1790 955 1936 1008; x_wconf 80' lang='lat' dir='ltr'><strong>Psal.</strong></span> <span class='ocrx_word' id='word_1_51' title='bbox 1975 955 2062 1010; x_wconf 69' lang='lat'><strong>92.</strong></span> <span class='ocrx_word' id='word_1_52' title='bbox 2101 956 2168 1019; x_wconf 80' lang='grc' dir='ltr'><strong>ι).</strong></span> 
     </span>
    </p>
   </div>
   <div class='ocr_carea' id='block_1_8' title="bbox 609 1044 2170 1116">
    <p class='ocr_par' dir='ltr' id='par_1_8' title="bbox 609 1044 2170 1116">
     <span class='ocr_line' id='line_1_8' title="bbox 609 1044 2170 1116; baseline -0.003 -16"><span class='ocrx_word' id='word_1_53' title='bbox 609 1045 716 1100; x_wconf 84' lang='lat' dir='ltr'><strong>Nos</strong></span> <span class='ocrx_word' id='word_1_54' title='bbox 747 1056 894 1100; x_wconf 91' lang='lat' dir='ltr'><strong>veste</strong></span> <span class='ocrx_word' id='word_1_55' title='bbox 924 1048 1210 1113; x_wconf 82' lang='lat' dir='ltr'><strong>induimur,</strong></span> <span class='ocrx_word' id='word_1_56' title='bbox 1234 1055 1292 1101; x_wconf 76' lang='lat' dir='ltr'><strong>ut</strong></span> <span class='ocrx_word' id='word_1_57' title='bbox 1316 1045 1569 1116; x_wconf 81' lang='lat' dir='ltr'><strong>quidquid</strong></span> <span class='ocrx_word' id='word_1_58' title='bbox 1597 1053 1798 1099; x_wconf 73' lang='lat' dir='ltr'><strong>naturae</strong></span> <span class='ocrx_word' id='word_1_59' title='bbox 1839 1054 2034 1098; x_wconf 76' lang='lat' dir='ltr'><strong>nostra:</strong></span> <span class='ocrx_word' id='word_1_60' title='bbox 2070 1044 2170 1096; x_wconf 83' lang='lat' dir='ltr'><strong>ini-</strong></span> 
     </span>
    </p>
   </div>
   <div class='ocr_carea' id='block_1_9' title="bbox 607 1134 2170 1203">
    <p class='ocr_par' dir='ltr' id='par_1_9' title="bbox 607 1134 2170 1203">
     <span class='ocr_line' id='line_1_9' title="bbox 607 1134 2170 1203; baseline -0.003 -15"><span class='ocrx_word' id='word_1_61' title='bbox 607 1151 712 1189; x_wconf 86' lang='lat' dir='ltr'><strong>nus</strong></span> <span class='ocrx_word' id='word_1_62' title='bbox 756 1136 1006 1190; x_wconf 89' lang='lat' dir='ltr'><strong>decorum</strong></span> <span class='ocrx_word' id='word_1_63' title='bbox 1043 1150 1160 1203; x_wconf 86' lang='lat' dir='ltr'><strong>est,</strong></span> <span class='ocrx_word' id='word_1_64' title='bbox 1186 1138 1495 1190; x_wconf 72' lang='lat' dir='ltr'><strong>occultetur.</strong></span> <span class='ocrx_word' id='word_1_65' title='bbox 1526 1134 1700 1202; x_wconf 85' lang='lat' dir='ltr'><strong>Quare</strong></span> <span class='ocrx_word' id='word_1_66' title='bbox 1730 1135 1888 1203; x_wconf 90' lang='lat' dir='ltr'><strong>igitur</strong></span> <span class='ocrx_word' id='word_1_67' title='bbox 1914 1135 2050 1187; x_wconf 90' lang='lat' dir='ltr'><strong>Deus</strong></span> <span class='ocrx_word' id='word_1_68' title='bbox 2079 1150 2170 1184; x_wconf 83' lang='lat' dir='ltr'><strong>na-</strong></span> 
     </span>
    </p>
   </div>
   <div class='ocr_carea' id='block_1_10' title="bbox 602 1224 2170 1295">
    <p class='ocr_par' dir='ltr' id='par_1_10' title="bbox 602 1224 2170 1295">
     <span class='ocr_line' id='line_1_10' title="bbox 602 1224 2170 1295; baseline -0.003 -17"><span class='ocrx_word' id='word_1_69' title='bbox 602 1236 774 1278; x_wconf 89' lang='lat' dir='ltr'><strong>turam</strong></span> <span class='ocrx_word' id='word_1_70' title='bbox 827 1242 975 1279; x_wconf 90' lang='lat' dir='ltr'><strong>suam</strong></span> <span class='ocrx_word' id='word_1_71' title='bbox 1001 1267 1016 1288; x_wconf 93' lang='lat'><strong>,</strong></span> <span class='ocrx_word' id='word_1_72' title='bbox 1062 1242 1182 1295; x_wconf 77' lang='lat' dir='ltr'><strong>quae</strong></span> <span class='ocrx_word' id='word_1_73' title='bbox 1218 1235 1270 1280; x_wconf 90' lang='lat' dir='ltr'><strong>et</strong></span> <span class='ocrx_word' id='word_1_74' title='bbox 1299 1240 1522 1293; x_wconf 89' lang='lat' dir='ltr'><strong>corpore</strong></span> <span class='ocrx_word' id='word_1_75' title='bbox 1550 1233 1728 1288; x_wconf 87' lang='lat' dir='ltr'><strong>vacat,</strong></span> <span class='ocrx_word' id='word_1_76' title='bbox 1756 1234 1810 1278; x_wconf 89' lang='lat' dir='ltr'><strong>et</strong></span> <span class='ocrx_word' id='word_1_77' title='bbox 1854 1225 2003 1292; x_wconf 90' lang='lat' dir='ltr'><strong>plena</strong></span> <span class='ocrx_word' id='word_1_78' title='bbox 2039 1224 2170 1274; x_wconf 88' lang='lat' dir='ltr'><strong>lucis</strong></span> 
     </span>
    </p>
   </div>
   <div class='ocr_carea' id='block_1_11' title="bbox 604 1314 2171 1387">
    <p class='ocr_par' dir='ltr' id='par_1_11' title="bbox 604 1314 2171 1387">
     <span class='ocr_line' id='line_1_11' title="bbox 604 1314 2171 1387; baseline -0.002 -16"><span class='ocrx_word' id='word_1_79' title='bbox 604 1327 706 1381; x_wconf 90' lang='lat' dir='ltr'><strong>est,</strong></span> <span class='ocrx_word' id='word_1_80' title='bbox 739 1318 844 1372; x_wconf 92' lang='lat' dir='ltr'><strong>imo</strong></span> <span class='ocrx_word' id='word_1_81' title='bbox 871 1335 984 1386; x_wconf 74' lang='lat' dir='ltr'><strong>qua:</strong></span> <span class='ocrx_word' id='word_1_82' title='bbox 1016 1319 1133 1382; x_wconf 85' lang='lat' dir='ltr'><strong>plus</strong></span> <span class='ocrx_word' id='word_1_83' title='bbox 1158 1333 1314 1387; x_wconf 90' lang='lat' dir='ltr'><strong>quam</strong></span> <span class='ocrx_word' id='word_1_84' title='bbox 1342 1319 1426 1372; x_wconf 80' lang='lat' dir='ltr'><strong>lux</strong></span> <span class='ocrx_word' id='word_1_85' title='bbox 1458 1327 1721 1381; x_wconf 86' lang='lat' dir='ltr'><strong>coruscat,</strong></span> <span class='ocrx_word' id='word_1_86' title='bbox 1755 1317 2026 1385; x_wconf 78' lang='lat' dir='ltr'><strong>contegit?</strong></span> <span class='ocrx_word' id='word_1_87' title='bbox 2067 1314 2171 1369; x_wconf 91' lang='lat' dir='ltr'><strong>Sed</strong></span> 
     </span>
    </p>
   </div>
   <div class='ocr_carea' id='block_1_12' title="bbox 606 1405 2171 1474">
    <p class='ocr_par' dir='ltr' id='par_1_12' title="bbox 606 1405 2171 1474">
     <span class='ocr_line' id='line_1_12' title="bbox 606 1405 2171 1474; baseline -0.002 -15"><span class='ocrx_word' id='word_1_88' title='bbox 606 1418 758 1460; x_wconf 88' lang='lat' dir='ltr'><strong>vocat</strong></span> <span class='ocrx_word' id='word_1_89' title='bbox 789 1407 877 1460; x_wconf 90' lang='lat' dir='ltr'><strong>ille</strong></span> <span class='ocrx_word' id='word_1_90' title='bbox 901 1423 1093 1474; x_wconf 88' lang='lat' dir='ltr'><strong>corpus</strong></span> <span class='ocrx_word' id='word_1_91' title='bbox 1128 1407 1323 1460; x_wconf 89' lang='lat' dir='ltr'><strong>Christi</strong></span> <span class='ocrx_word' id='word_1_92' title='bbox 1355 1418 1557 1460; x_wconf 89' lang='lat' dir='ltr'><strong>vestem</strong></span> <span class='ocrx_word' id='word_1_93' title='bbox 1587 1421 1737 1459; x_wconf 86' lang='lat' dir='ltr'><strong>suam</strong></span> <span class='ocrx_word' id='word_1_94' title='bbox 1767 1427 1778 1460; x_wconf 93' lang='lat'><strong>:</strong></span> <span class='ocrx_word' id='word_1_95' title='bbox 1821 1405 2063 1458; x_wconf 81' lang='lat' dir='ltr'><strong>Dominus</strong></span> <span class='ocrx_word' id='word_1_96' title='bbox 2089 1420 2171 1457; x_wconf 84' lang='lat' dir='ltr'><strong>re-</strong></span> 
     </span>
    </p>
   </div>
   <div class='ocr_carea' id='block_1_13' title="bbox 603 1496 2171 1564">
    <p class='ocr_par' dir='ltr' id='par_1_13' title="bbox 603 1496 2171 1564">
     <span class='ocr_line' id='line_1_13' title="bbox 603 1496 2171 1564; baseline 0.001 -17"><span class='ocrx_word' id='word_1_97' title='bbox 603 1496 793 1564; x_wconf 77' lang='lat' dir='ltr'><strong>gnavit,</strong></span> <span class='ocrx_word' id='word_1_98' title='bbox 825 1497 1051 1548; x_wconf 75' lang='lat' dir='ltr'><strong>decorem</strong></span> <span class='ocrx_word' id='word_1_99' title='bbox 1087 1496 1290 1548; x_wconf 76' lang='lat' dir='ltr'><strong>indutus</strong></span> <span class='ocrx_word' id='word_1_100' title='bbox 1320 1505 1412 1548; x_wconf 80' lang='lat' dir='ltr'><strong>est.</strong></span> <span class='ocrx_word' id='word_1_101' title='bbox 1446 1497 1698 1550; x_wconf 88' lang='lat' dir='ltr'><strong>Decorem</strong></span> <span class='ocrx_word' id='word_1_102' title='bbox 1732 1507 1884 1548; x_wconf 92' lang='lat' dir='ltr'><strong>vocat</strong></span> <span class='ocrx_word' id='word_1_103' title='bbox 1911 1537 1923 1557; x_wconf 93' lang='lat'><strong>,</strong></span> <span class='ocrx_word' id='word_1_104' title='bbox 1954 1510 2171 1548; x_wconf 89' lang='lat' dir='ltr'><strong>carnem</strong></span> 
     </span>
    </p>
   </div>
   <div class='ocr_carea' id='block_1_14' title="bbox 600 1585 2170 1653">
    <p class='ocr_par' dir='ltr' id='par_1_14' title="bbox 600 1585 2170 1653">
     <span class='ocr_line' id='line_1_14' title="bbox 600 1585 2170 1653; baseline -0.002 -13"><span class='ocrx_word' id='word_1_105' title='bbox 600 1585 820 1640; x_wconf 86' lang='lat' dir='ltr'><strong>Christi.</strong></span> <span class='ocrx_word' id='word_1_106' title='bbox 854 1587 978 1640; x_wconf 82' lang='lat' dir='ltr'><strong>Erat</strong></span> <span class='ocrx_word' id='word_1_107' title='bbox 1006 1587 1147 1639; x_wconf 90' lang='lat' dir='ltr'><strong>enim</strong></span> <span class='ocrx_word' id='word_1_108' title='bbox 1179 1587 1260 1638; x_wconf 89' lang='lat' dir='ltr'><strong>illa</strong></span> <span class='ocrx_word' id='word_1_109' title='bbox 1291 1601 1422 1639; x_wconf 83' lang='lat' dir='ltr'><strong>sane</strong></span> <span class='ocrx_word' id='word_1_110' title='bbox 1451 1585 1674 1650; x_wconf 87' lang='lat' dir='ltr'><strong>decora,</strong></span> <span class='ocrx_word' id='word_1_111' title='bbox 1713 1600 1808 1639; x_wconf 88' lang='lat' dir='ltr'><strong>nec</strong></span> <span class='ocrx_word' id='word_1_112' title='bbox 1837 1586 1938 1636; x_wconf 90' lang='lat' dir='ltr'><strong>ulla</strong></span> <span class='ocrx_word' id='word_1_113' title='bbox 1971 1586 2170 1653; x_wconf 83' lang='lat' dir='ltr'><strong>peCcati</strong></span> 
     </span>
    </p>
   </div>
   <div class='ocr_carea' id='block_1_15' title="bbox 606 1675 2171 1744">
    <p class='ocr_par' dir='ltr' id='par_1_15' title="bbox 606 1675 2171 1744">
     <span class='ocr_line' id='line_1_15' title="bbox 606 1675 2171 1744; baseline 0 -16"><span class='ocrx_word' id='word_1_114' title='bbox 606 1677 928 1743; x_wconf 86' lang='lat' dir='ltr'><strong>turpitudine</strong></span> <span class='ocrx_word' id='word_1_115' title='bbox 967 1676 1129 1731; x_wconf 67' lang='lat' dir='ltr'><strong>foeda.</strong></span> <span class='ocrx_word' id='word_1_116' title='bbox 1182 1677 1361 1744; x_wconf 79' lang='lat' dir='ltr'><strong>Neque.</strong></span> <span class='ocrx_word' id='word_1_117' title='bbox 1406 1677 1547 1730; x_wconf 87' lang='lat' dir='ltr'><strong>enim</strong></span> <span class='ocrx_word' id='word_1_118' title='bbox 1597 1687 1865 1744; x_wconf 81' lang='lat' dir='ltr'><strong>peccatum</strong></span> <span class='ocrx_word' id='word_1_119' title='bbox 1901 1675 2024 1730; x_wconf 81' lang='lat' dir='ltr'><strong>fecit</strong></span> <span class='ocrx_word' id='word_1_120' title='bbox 2055 1693 2171 1729; x_wconf 90' lang='lat' dir='ltr'><strong>um-</strong></span> 
     </span>
    </p>
   </div>
   <div class='ocr_carea' id='block_1_16' title="bbox 603 1765 2167 1834">
    <p class='ocr_par' dir='ltr' id='par_1_16' title="bbox 603 1765 2167 1834">
     <span class='ocr_line' id='line_1_16' title="bbox 603 1765 2167 1834; baseline 0.001 -15"><span class='ocrx_word' id='word_1_121' title='bbox 603 1782 782 1834; x_wconf 84' lang='lat' dir='ltr'><strong>quam.</strong></span> <span class='ocrx_word' id='word_1_122' title='bbox 814 1783 910 1821; x_wconf 89' lang='lat' dir='ltr'><strong>nec</strong></span> <span class='ocrx_word' id='word_1_123' title='bbox 943 1777 1186 1820; x_wconf 86' lang='lat' dir='ltr'><strong>inventus</strong></span> <span class='ocrx_word' id='word_1_124' title='bbox 1209 1777 1291 1820; x_wconf 89' lang='lat' dir='ltr'><strong>est</strong></span> <span class='ocrx_word' id='word_1_125' title='bbox 1315 1767 1467 1820; x_wconf 82' lang='lat' dir='ltr'><strong>dolus</strong></span> <span class='ocrx_word' id='word_1_126' title='bbox 1492 1767 1544 1820; x_wconf 88' lang='lat' dir='ltr'><strong>in</strong></span> <span class='ocrx_word' id='word_1_127' title='bbox 1578 1782 1672 1820; x_wconf 89' lang='lat' dir='ltr'><strong>ore.</strong></span> <span class='ocrx_word' id='word_1_128' title='bbox 1699 1767 1811 1834; x_wconf 79' lang='lat' dir='ltr'><strong>ejus</strong></span> <span class='ocrx_word' id='word_1_129' title='bbox 1858 1766 1877 1832; x_wconf 91' lang='lat'>(</span> <span class='ocrx_word' id='word_1_130' title='bbox 1922 1765 2044 1819; x_wconf 79' lang='lat' dir='ltr'><strong>Isai.</strong></span> <span class='ocrx_word' id='word_1_131' title='bbox 2080 1767 2167 1820; x_wconf 82' lang='grc'><strong>55.</strong></span> 
     </span>
    </p>
   </div>
   <div class='ocr_carea' id='block_1_17' title="bbox 599 1856 2167 1926">
    <p class='ocr_par' dir='ltr' id='par_1_17' title="bbox 599 1856 2167 1926">
     <span class='ocr_line' id='line_1_17' title="bbox 599 1856 2167 1926; baseline -0.001 -16"><span class='ocrx_word' id='word_1_132' title='bbox 599 1856 676 1922; x_wconf 83' lang='grc'><strong>9).</strong></span> <span class='ocrx_word' id='word_1_133' title='bbox 700 1856 918 1910; x_wconf 79' lang='lat' dir='ltr'><strong>Iudutus</strong></span> <span class='ocrx_word' id='word_1_134' title='bbox 940 1869 1010 1910; x_wconf 81' lang='lat' dir='ltr'><strong>est</strong></span> <span class='ocrx_word' id='word_1_135' title='bbox 1039 1857 1279 1910; x_wconf 77' lang='lat' dir='ltr'><strong>Dominus</strong></span> <span class='ocrx_word' id='word_1_136' title='bbox 1299 1859 1545 1922; x_wconf 76' lang='lat' dir='ltr'><strong>virtutem,</strong></span> <span class='ocrx_word' id='word_1_137' title='bbox 1573 1867 1618 1910; x_wconf 88' lang='lat' dir='ltr'><strong>et</strong></span> <span class='ocrx_word' id='word_1_138' title='bbox 1644 1859 1903 1925; x_wconf 67' lang='lat' dir='ltr'><strong>prcciuxit</strong></span> <span class='ocrx_word' id='word_1_139' title='bbox 1924 1874 1975 1909; x_wconf 88' lang='lat' dir='ltr'><strong>sc</strong></span> <span class='ocrx_word' id='word_1_140' title='bbox 1998 1856 2167 1926; x_wconf 81' lang='lat' dir='ltr'><strong>(Psal.</strong></span> 
     </span>
    </p>
   </div>
   <div class='ocr_carea' id='block_1_18' title="bbox 595 1946 2169 2015">
    <p class='ocr_par' dir='ltr' id='par_1_18' title="bbox 595 1946 2169 2015">
     <span class='ocr_line' id='line_1_18' title="bbox 595 1946 2169 2015; baseline -0.001 -14"><span class='ocrx_word' id='word_1_141' title='bbox 595 1946 687 2001; x_wconf 69' lang='lat'><strong>92.</strong></span> <span class='ocrx_word' id='word_1_142' title='bbox 723 1947 747 1999; x_wconf 76' lang='lat' dir='ltr'><strong>l</strong></span> <span class='ocrx_word' id='word_1_143' title='bbox 779 1951 818 2014; x_wconf 86' lang='lat'><strong>).</strong></span> <span class='ocrx_word' id='word_1_144' title='bbox 865 1947 1122 2014; x_wconf 90' lang='lat' dir='ltr'><strong>Quoniam</strong></span> <span class='ocrx_word' id='word_1_145' title='bbox 1167 1963 1296 2000; x_wconf 89' lang='lat' dir='ltr'><strong>zona</strong></span> <span class='ocrx_word' id='word_1_146' title='bbox 1333 1963 1508 2015; x_wconf 78' lang='lat' dir='ltr'><strong>regem</strong></span> <span class='ocrx_word' id='word_1_147' title='bbox 1557 1956 1810 2008; x_wconf 80' lang='lat' dir='ltr'><strong>exornat,</strong></span> <span class='ocrx_word' id='word_1_148' title='bbox 1842 1962 1973 2000; x_wconf 88' lang='lat' dir='ltr'><strong>zona</strong></span> <span class='ocrx_word' id='word_1_149' title='bbox 1997 1957 2169 2000; x_wconf 84' lang='lat' dir='ltr'><strong>autem</strong></span> 
     </span>
    </p>
   </div>
   <div class='ocr_carea' id='block_1_19' title="bbox 599 2034 2170 2106">
    <p class='ocr_par' dir='ltr' id='par_1_19' title="bbox 599 2034 2170 2106">
     <span class='ocr_line' id='line_1_19' title="bbox 599 2034 2170 2106; baseline 0.003 -18"><span class='ocrx_word' id='word_1_150' title='bbox 599 2046 682 2088; x_wconf 81' lang='lat' dir='ltr'><strong>est</strong></span> <span class='ocrx_word' id='word_1_151' title='bbox 709 2035 957 2090; x_wconf 91' lang='lat' dir='ltr'><strong>indicium</strong></span> <span class='ocrx_word' id='word_1_152' title='bbox 995 2037 1132 2106; x_wconf 85' lang='lat' dir='ltr'><strong>regis</strong></span> <span class='ocrx_word' id='word_1_153' title='bbox 1167 2047 1218 2089; x_wconf 90' lang='lat' dir='ltr'><strong>et</strong></span> <span class='ocrx_word' id='word_1_154' title='bbox 1235 2037 1426 2104; x_wconf 90' lang='lat' dir='ltr'><strong>judicis</strong></span> <span class='ocrx_word' id='word_1_155' title='bbox 1450 2053 1463 2090; x_wconf 93' lang='lat'><strong>:</strong></span> <span class='ocrx_word' id='word_1_156' title='bbox 1493 2034 1692 2090; x_wconf 80' lang='lat' dir='ltr'><strong>inducit</strong></span> <span class='ocrx_word' id='word_1_157' title='bbox 1719 2038 1887 2105; x_wconf 87' lang='lat' dir='ltr'><strong>ipsum</strong></span> <span class='ocrx_word' id='word_1_158' title='bbox 1916 2047 1969 2091; x_wconf 90' lang='lat' dir='ltr'><strong>et</strong></span> <span class='ocrx_word' id='word_1_159' title='bbox 1991 2053 2170 2106; x_wconf 80' lang='lat' dir='ltr'><strong>regem</strong></span> 
     </span>
    </p>
   </div>
   <div class='ocr_carea' id='block_1_20' title="bbox 600 2123 2171 2196">
    <p class='ocr_par' dir='ltr' id='par_1_20' title="bbox 600 2123 2171 2196">
     <span class='ocr_line' id='line_1_20' title="bbox 600 2123 2171 2196; baseline 0.003 -18"><span class='ocrx_word' id='word_1_160' title='bbox 600 2123 899 2190; x_wconf 89' lang='lat' dir='ltr'><strong>etjudicem</strong></span> <span class='ocrx_word' id='word_1_161' title='bbox 917 2142 929 2186; x_wconf 87' lang='lat'>;</span> <span class='ocrx_word' id='word_1_162' title='bbox 946 2126 1016 2178; x_wconf 85' lang='lat' dir='ltr'><strong>ait</strong></span> <span class='ocrx_word' id='word_1_163' title='bbox 1029 2127 1170 2178; x_wconf 87' lang='lat' dir='ltr'><strong>enim</strong></span> <span class='ocrx_word' id='word_1_164' title='bbox 1185 2128 1372 2179; x_wconf 86' lang='lat' dir='ltr'><strong>Isaias:</strong></span> <span class='ocrx_word' id='word_1_165' title='bbox 1395 2147 1410 2175; x_wconf 87' lang='grc'><strong><em>‹</em></strong></span> <span class='ocrx_word' id='word_1_166' title='bbox 1434 2127 1748 2196; x_wconf 85' lang='lat' dir='ltr'><strong>Egredietur</strong></span> <span class='ocrx_word' id='word_1_167' title='bbox 1761 2126 1902 2194; x_wconf 87' lang='lat' dir='ltr'><strong>virga</strong></span> <span class='ocrx_word' id='word_1_168' title='bbox 1917 2128 1981 2180; x_wconf 89' lang='lat' dir='ltr'><strong>de</strong></span> <span class='ocrx_word' id='word_1_169' title='bbox 1998 2129 2171 2182; x_wconf 87' lang='lat' dir='ltr'><strong>radice</strong></span> 
     </span>
    </p>
   </div>
   <div class='ocr_carea' id='block_1_21' title="bbox 597 2214 2168 2285">
    <p class='ocr_par' dir='ltr' id='par_1_21' title="bbox 597 2214 2168 2285">
     <span class='ocr_line' id='line_1_21' title="bbox 597 2214 2168 2285; baseline 0.001 -17"><span class='ocrx_word' id='word_1_170' title='bbox 597 2214 782 2280; x_wconf 68' lang='lat' dir='ltr'><strong>Jessaa,</strong></span> <span class='ocrx_word' id='word_1_171' title='bbox 801 2224 853 2268; x_wconf 91' lang='lat' dir='ltr'><strong>et</strong></span> <span class='ocrx_word' id='word_1_172' title='bbox 868 2215 963 2268; x_wconf 87' lang='lat' dir='ltr'><strong>ﬂos</strong></span> <span class='ocrx_word' id='word_1_173' title='bbox 977 2233 1037 2268; x_wconf 79' lang='lat' dir='ltr'><strong>ex</strong></span> <span class='ocrx_word' id='word_1_174' title='bbox 1069 2217 1178 2284; x_wconf 89' lang='lat' dir='ltr'><strong>ipsa</strong></span> <span class='ocrx_word' id='word_1_175' title='bbox 1200 2216 1468 2281; x_wconf 75' lang='lat' dir='ltr'><strong>aScendet,</strong></span> <span class='ocrx_word' id='word_1_176' title='bbox 1491 2226 1543 2270; x_wconf 90' lang='lat' dir='ltr'><strong>et</strong></span> <span class='ocrx_word' id='word_1_177' title='bbox 1563 2218 1853 2284; x_wconf 81' lang='lat' dir='ltr'><strong>requiescet</strong></span> <span class='ocrx_word' id='word_1_178' title='bbox 1873 2231 2030 2285; x_wconf 90' lang='lat' dir='ltr'><strong>super</strong></span> <span class='ocrx_word' id='word_1_179' title='bbox 2050 2233 2168 2270; x_wconf 92' lang='lat' dir='ltr'><strong>eum</strong></span> 
     </span>
    </p>
   </div>
   <div class='ocr_carea' id='block_1_22' title="bbox 595 2303 2165 2374">
    <p class='ocr_par' dir='ltr' id='par_1_22' title="bbox 595 2303 2165 2374">
     <span class='ocr_line' id='line_1_22' title="bbox 595 2303 2165 2374; baseline -0.001 -16"><span class='ocrx_word' id='word_1_180' title='bbox 595 2303 823 2370; x_wconf 84' lang='lat' dir='ltr'><strong>Spiritus</strong></span> <span class='ocrx_word' id='word_1_181' title='bbox 851 2304 938 2357; x_wconf 86' lang='lat' dir='ltr'><strong>Dei</strong></span> <span class='ocrx_word' id='word_1_182' title='bbox 962 2323 974 2368; x_wconf 86' lang='lat'><strong>;</strong></span> <span class='ocrx_word' id='word_1_183' title='bbox 998 2316 1052 2358; x_wconf 88' lang='lat' dir='ltr'><strong>et</strong></span> <span class='ocrx_word' id='word_1_184' title='bbox 1073 2306 1175 2359; x_wconf 87' lang='lat' dir='ltr'><strong>erit</strong></span> <span class='ocrx_word' id='word_1_185' title='bbox 1194 2305 1394 2373; x_wconf 89' lang='lat' dir='ltr'><strong>justitia</strong></span> <span class='ocrx_word' id='word_1_186' title='bbox 1425 2305 1689 2373; x_wconf 85' lang='lat' dir='ltr'><strong>cingulum</strong></span> <span class='ocrx_word' id='word_1_187' title='bbox 1710 2305 2006 2358; x_wconf 87' lang='lat' dir='ltr'><strong>lumborum</strong></span> <span class='ocrx_word' id='word_1_188' title='bbox 2034 2307 2165 2374; x_wconf 86' lang='lat' dir='ltr'><strong>ejus,</strong></span> 
     </span>
    </p>
   </div>
   <div class='ocr_carea' id='block_1_23' title="bbox 597 2392 2096 2462">
    <p class='ocr_par' dir='ltr' id='par_1_23' title="bbox 597 2392 2096 2462">
     <span class='ocr_line' id='line_1_23' title="bbox 597 2392 2096 2462; baseline 0 -16"><span class='ocrx_word' id='word_1_189' title='bbox 597 2403 650 2446; x_wconf 88' lang='lat' dir='ltr'><strong>et</strong></span> <span class='ocrx_word' id='word_1_190' title='bbox 675 2394 804 2447; x_wconf 83' lang='lat' dir='ltr'><strong>ﬁdes</strong></span> <span class='ocrx_word' id='word_1_191' title='bbox 823 2394 1133 2447; x_wconf 87' lang='lat' dir='ltr'><strong>cinctorinm</strong></span> <span class='ocrx_word' id='word_1_192' title='bbox 1163 2409 1349 2449; x_wconf 86' lang='lat' dir='ltr'><strong>renum</strong></span> <span class='ocrx_word' id='word_1_193' title='bbox 1371 2394 1485 2461; x_wconf 87' lang='lat' dir='ltr'><strong>ejus</strong></span> <span class='ocrx_word' id='word_1_194' title='bbox 1510 2413 1527 2444; x_wconf 80' lang='grc' dir='ltr'><strong><em>ι</em></strong></span> <span class='ocrx_word' id='word_1_195' title='bbox 1558 2392 1705 2462; x_wconf 86' lang='lat' dir='ltr'><strong>(lsai.</strong></span> <span class='ocrx_word' id='word_1_196' title='bbox 1733 2395 1818 2446; x_wconf 82' lang='grc' dir='ltr'><strong>Η.</strong></span> <span class='ocrx_word' id='word_1_197' title='bbox 1847 2395 1898 2446; x_wconf 74' lang='grc'><strong>1.</strong></span> <span class='ocrx_word' id='word_1_198' title='bbox 1927 2393 1980 2446; x_wconf 75' lang='lat'><strong>2.</strong></span> <span class='ocrx_word' id='word_1_199' title='bbox 2004 2395 2096 2461; x_wconf 86' lang='lat'><strong>5).</strong></span> 
     </span>
    </p>
   </div>
   <div class='ocr_carea' id='block_1_24' title="bbox 667 2480 2171 2551">
    <p class='ocr_par' dir='ltr' id='par_1_24' title="bbox 667 2480 2171 2551">
     <span class='ocr_line' id='line_1_24' title="bbox 667 2480 2171 2551; baseline 0.001 -16"><span class='ocrx_word' id='word_1_200' title='bbox 667 2481 720 2535; x_wconf 77' lang='grc'><strong>4.</strong></span> <span class='ocrx_word' id='word_1_201' title='bbox 773 2481 981 2534; x_wconf 81' lang='lat' dir='ltr'><strong>Vestitus</strong></span> <span class='ocrx_word' id='word_1_202' title='bbox 1008 2482 1256 2550; x_wconf 81' lang='lat' dir='ltr'><strong>pontiﬁcis</strong></span> <span class='ocrx_word' id='word_1_203' title='bbox 1300 2483 1463 2551; x_wconf 81' lang='lat' dir='ltr'><strong>figura</strong></span> <span class='ocrx_word' id='word_1_204' title='bbox 1491 2480 1693 2535; x_wconf 82' lang='lat' dir='ltr'><strong>Christi.</strong></span> <span class='ocrx_word' id='word_1_205' title='bbox 1751 2480 1917 2534; x_wconf 82' lang='lat' dir='ltr'><strong>Virtus</strong></span> <span class='ocrx_word' id='word_1_206' title='bbox 1955 2487 2171 2551; x_wconf 78' lang='lat' dir='ltr'><strong>perfecto</strong></span> 
     </span>
    </p>
   </div>
   <div class='ocr_carea' id='block_1_25' title="bbox 595 2571 2170 2641">
    <p class='ocr_par' dir='ltr' id='par_1_25' title="bbox 595 2571 2170 2641">
     <span class='ocr_line' id='line_1_25' title="bbox 595 2571 2170 2641; baseline 0.001 -16"><span class='ocrx_word' id='word_1_207' title='bbox 595 2583 966 2627; x_wconf 76' lang='lat' dir='ltr'><strong>ornamentum.</strong></span> <span class='ocrx_word' id='word_1_208' title='bbox 997 2602 1066 2612; x_wconf 98' lang='lat'><strong>—</strong></span> <span class='ocrx_word' id='word_1_209' title='bbox 1093 2572 1256 2641; x_wconf 87' lang='lat' dir='ltr'><strong>Hujus</strong></span> <span class='ocrx_word' id='word_1_210' title='bbox 1276 2573 1437 2640; x_wconf 90' lang='lat' dir='ltr'><strong>ipsius</strong></span> <span class='ocrx_word' id='word_1_211' title='bbox 1459 2573 1619 2626; x_wconf 87' lang='lat' dir='ltr'><strong>vestis</strong></span> <span class='ocrx_word' id='word_1_212' title='bbox 1646 2571 1963 2636; x_wconf 84' lang='lat' dir='ltr'><strong>Servatoris,</strong></span> <span class='ocrx_word' id='word_1_213' title='bbox 1984 2574 2034 2626; x_wconf 91' lang='lat' dir='ltr'><strong>in</strong></span> <span class='ocrx_word' id='word_1_214' title='bbox 2056 2589 2170 2627; x_wconf 73' lang='lat' dir='ltr'><strong>car-</strong></span> 
     </span>
    </p>
   </div>
   <div class='ocr_carea' id='block_1_26' title="bbox 597 2662 2171 2730">
    <p class='ocr_par' dir='ltr' id='par_1_26' title="bbox 597 2662 2171 2730">
     <span class='ocr_line' id='line_1_26' title="bbox 597 2662 2171 2730; baseline 0 -15"><span class='ocrx_word' id='word_1_215' title='bbox 597 2678 664 2715; x_wconf 87' lang='lat' dir='ltr'><strong>nu</strong></span> <span class='ocrx_word' id='word_1_216' title='bbox 685 2663 822 2727; x_wconf 84' lang='lat' dir='ltr'><strong>dico,</strong></span> <span class='ocrx_word' id='word_1_217' title='bbox 853 2662 1100 2715; x_wconf 84' lang='lat' dir='ltr'><strong>latentem</strong></span> <span class='ocrx_word' id='word_1_218' title='bbox 1135 2662 1352 2730; x_wconf 84' lang='lat' dir='ltr'><strong>ﬁguram</strong></span> <span class='ocrx_word' id='word_1_219' title='bbox 1383 2677 1488 2730; x_wconf 73' lang='lat' dir='ltr'><strong>pra:</strong></span> <span class='ocrx_word' id='word_1_220' title='bbox 1513 2677 1571 2715; x_wconf 89' lang='lat' dir='ltr'><strong>se</strong></span> <span class='ocrx_word' id='word_1_221' title='bbox 1601 2662 1716 2714; x_wconf 92' lang='lat' dir='ltr'><strong>tulit</strong></span> <span class='ocrx_word' id='word_1_222' title='bbox 1746 2662 1980 2730; x_wconf 76' lang='lat' dir='ltr'><strong>pontifex</strong></span> <span class='ocrx_word' id='word_1_223' title='bbox 2013 2664 2064 2715; x_wconf 92' lang='lat' dir='ltr'><strong>in</strong></span> <span class='ocrx_word' id='word_1_224' title='bbox 2098 2663 2171 2715; x_wconf 83' lang='lat' dir='ltr'><strong>le-</strong></span> 
     </span>
    </p>
   </div>
   <div class='ocr_carea' id='block_1_27' title="bbox 593 2752 2165 2823">
    <p class='ocr_par' dir='ltr' id='par_1_27' title="bbox 593 2752 2165 2823">
     <span class='ocr_line' id='line_1_27' title="bbox 593 2752 2165 2823; baseline 0 -16"><span class='ocrx_word' id='word_1_225' title='bbox 593 2769 676 2823; x_wconf 86' lang='lat' dir='ltr'><strong>ge.</strong></span> <span class='ocrx_word' id='word_1_226' title='bbox 710 2754 778 2807; x_wconf 86' lang='lat' dir='ltr'><strong>Et</strong></span> <span class='ocrx_word' id='word_1_227' title='bbox 797 2769 921 2807; x_wconf 90' lang='lat' dir='ltr'><strong>vero</strong></span> <span class='ocrx_word' id='word_1_228' title='bbox 948 2754 1224 2821; x_wconf 79' lang='lat' dir='ltr'><strong>diligenter</strong></span> <span class='ocrx_word' id='word_1_229' title='bbox 1252 2754 1485 2814; x_wconf 82' lang='lat' dir='ltr'><strong>adverte,</strong></span> <span class='ocrx_word' id='word_1_230' title='bbox 1519 2752 1786 2820; x_wconf 88' lang='lat' dir='ltr'><strong>quomodo</strong></span> <span class='ocrx_word' id='word_1_231' title='bbox 1818 2754 2018 2806; x_wconf 82' lang='lat' dir='ltr'><strong>umbra:</strong></span> <span class='ocrx_word' id='word_1_232' title='bbox 2061 2754 2165 2807; x_wconf 80' lang='lat' dir='ltr'><strong>ill-.e</strong></span> 
     </span>
    </p>
   </div>
   <div class='ocr_carea' id='block_1_28' title="bbox 592 2842 2170 2909">
    <p class='ocr_par' dir='ltr' id='par_1_28' title="bbox 592 2842 2170 2909">
     <span class='ocr_line' id='line_1_28' title="bbox 592 2842 2170 2909; baseline -0.002 -12"><span class='ocrx_word' id='word_1_233' title='bbox 592 2843 868 2898; x_wconf 82' lang='lat' dir='ltr'><strong>veritatem</strong></span> <span class='ocrx_word' id='word_1_234' title='bbox 905 2844 1055 2897; x_wconf 88' lang='lat' dir='ltr'><strong>nobis</strong></span> <span class='ocrx_word' id='word_1_235' title='bbox 1079 2842 1494 2906; x_wconf 90' lang='lat' dir='ltr'><strong>subindicarent,</strong></span> <span class='ocrx_word' id='word_1_236' title='bbox 1530 2842 1793 2909; x_wconf 86' lang='lat' dir='ltr'><strong>quomodo</strong></span> <span class='ocrx_word' id='word_1_237' title='bbox 1835 2843 1956 2896; x_wconf 88' lang='lat' dir='ltr'><strong>item</strong></span> <span class='ocrx_word' id='word_1_238' title='bbox 2009 2857 2170 2895; x_wconf 89' lang='lat' dir='ltr'><strong>evan-</strong></span> 
     </span>
    </p>
   </div>
   <div class='ocr_carea' id='block_1_29' title="bbox 593 2933 2170 3003">
    <p class='ocr_par' dir='ltr' id='par_1_29' title="bbox 593 2933 2170 3003">
     <span class='ocr_line' id='line_1_29' title="bbox 593 2933 2170 3003; baseline 0.001 -16"><span class='ocrx_word' id='word_1_239' title='bbox 593 2936 773 3003; x_wconf 74' lang='lat' dir='ltr'><strong>gelica:</strong></span> <span class='ocrx_word' id='word_1_240' title='bbox 804 2934 981 3001; x_wconf 61' lang='lat' dir='ltr'><strong>ﬁguras</strong></span> <span class='ocrx_word' id='word_1_241' title='bbox 1009 2934 1365 3002; x_wconf 82' lang='lat' dir='ltr'><strong>praeluxerint.</strong></span> <span class='ocrx_word' id='word_1_242' title='bbox 1390 2933 1602 2985; x_wconf 65' lang='lat' dir='ltr'><strong>Leititer</strong></span> <span class='ocrx_word' id='word_1_243' title='bbox 1632 2933 1838 3000; x_wconf 89' lang='lat' dir='ltr'><strong>loquor,</strong></span> <span class='ocrx_word' id='word_1_244' title='bbox 1873 2941 1925 2985; x_wconf 90' lang='lat' dir='ltr'><strong>et</strong></span> <span class='ocrx_word' id='word_1_245' title='bbox 1946 2947 2042 3002; x_wconf 90' lang='lat' dir='ltr'><strong>pro</strong></span> <span class='ocrx_word' id='word_1_246' title='bbox 2092 2933 2170 2988; x_wconf 86' lang='lat' dir='ltr'><strong>vi-</strong></span> 
     </span>
    </p>
   </div>
   <div class='ocr_carea' id='block_1_30' title="bbox 593 3023 2166 3093">
    <p class='ocr_par' dir='ltr' id='par_1_30' title="bbox 593 3023 2166 3093">
     <span class='ocr_line' id='line_1_30' title="bbox 593 3023 2166 3093; baseline -0.003 -13"><span class='ocrx_word' id='word_1_247' title='bbox 593 3026 677 3080; x_wconf 88' lang='lat' dir='ltr'><strong>rili</strong></span> <span class='ocrx_word' id='word_1_248' title='bbox 706 3040 789 3079; x_wconf 90' lang='lat' dir='ltr'><strong>me</strong></span> <span class='ocrx_word' id='word_1_249' title='bbox 817 3025 1132 3093; x_wconf 85' lang='lat' dir='ltr'><strong>simplicium</strong></span> <span class='ocrx_word' id='word_1_250' title='bbox 1163 3033 1215 3076; x_wconf 90' lang='lat' dir='ltr'><strong>et</strong></span> <span class='ocrx_word' id='word_1_251' title='bbox 1260 3023 1621 3091; x_wconf 89' lang='lat' dir='ltr'><strong>imperitorum</strong></span> <span class='ocrx_word' id='word_1_252' title='bbox 1651 3023 1825 3090; x_wconf 91' lang='lat' dir='ltr'><strong>captui</strong></span> <span class='ocrx_word' id='word_1_253' title='bbox 1860 3037 2166 3076; x_wconf 73' lang='lat' dir='ltr'><strong>accommo-</strong></span> 
     </span>
    </p>
   </div>
   <div class='ocr_carea' id='block_1_31' title="bbox 595 3114 2166 3180">
    <p class='ocr_par' dir='ltr' id='par_1_31' title="bbox 595 3114 2166 3180">
     <span class='ocr_line' id='line_1_31' title="bbox 595 3114 2166 3180; baseline -0.002 -9"><span class='ocrx_word' id='word_1_254' title='bbox 595 3117 685 3180; x_wconf 86' lang='lat' dir='ltr'><strong>do,</strong></span> <span class='ocrx_word' id='word_1_255' title='bbox 727 3133 793 3171; x_wconf 90' lang='lat' dir='ltr'><strong>ne</strong></span> <span class='ocrx_word' id='word_1_256' title='bbox 823 3117 894 3170; x_wconf 90' lang='lat' dir='ltr'><strong>illi</strong></span> <span class='ocrx_word' id='word_1_257' title='bbox 955 3117 1054 3170; x_wconf 90' lang='lat' dir='ltr'><strong>huc</strong></span> <span class='ocrx_word' id='word_1_258' title='bbox 1095 3117 1176 3170; x_wconf 86' lang='lat' dir='ltr'><strong>vel</strong></span> <span class='ocrx_word' id='word_1_259' title='bbox 1229 3117 1353 3170; x_wconf 91' lang='lat' dir='ltr'><strong>illnc</strong></span> <span class='ocrx_word' id='word_1_260' title='bbox 1400 3116 1880 3171; x_wconf 90' lang='lat' dir='ltr'><strong>circumducantur.</strong></span> <span class='ocrx_word' id='word_1_261' title='bbox 1927 3114 2166 3169; x_wconf 82' lang='lat' dir='ltr'><strong>Pontifex</strong></span> 
     </span>
    </p>
   </div>
   <div class='ocr_carea' id='block_1_32' title="bbox 596 3206 2166 3276">
    <p class='ocr_par' dir='ltr' id='par_1_32' title="bbox 596 3206 2166 3276">
     <span class='ocr_line' id='line_1_32' title="bbox 596 3206 2166 3276; baseline -0.003 -15"><span class='ocrx_word' id='word_1_262' title='bbox 596 3209 755 3276; x_wconf 79' lang='lat' dir='ltr'><strong>igitur</strong></span> <span class='ocrx_word' id='word_1_263' title='bbox 782 3208 1080 3275; x_wconf 82' lang='lat' dir='ltr'><strong>ingrediens</strong></span> <span class='ocrx_word' id='word_1_264' title='bbox 1111 3208 1164 3260; x_wconf 90' lang='lat' dir='ltr'><strong>in</strong></span> <span class='ocrx_word' id='word_1_265' title='bbox 1200 3215 1378 3259; x_wconf 83' lang='lat' dir='ltr'><strong>sancta</strong></span> <span class='ocrx_word' id='word_1_266' title='bbox 1410 3215 1731 3269; x_wconf 88' lang='lat' dir='ltr'><strong>sanctorum,</strong></span> <span class='ocrx_word' id='word_1_267' title='bbox 1775 3206 2026 3259; x_wconf 86' lang='lat' dir='ltr'><strong>induebat</strong></span> <span class='ocrx_word' id='word_1_268' title='bbox 2071 3221 2166 3258; x_wconf 85' lang='lat' dir='ltr'><strong>ve-</strong></span> 
     </span>
    </p>
   </div>
   <div class='ocr_carea' id='block_1_33' title="bbox 596 3295 2168 3365">
    <p class='ocr_par' dir='ltr' id='par_1_33' title="bbox 596 3295 2168 3365">
     <span class='ocr_line' id='line_1_33' title="bbox 596 3295 2168 3365; baseline -0.003 -13"><span class='ocrx_word' id='word_1_269' title='bbox 596 3310 732 3354; x_wconf 87' lang='lat' dir='ltr'><strong>stem</strong></span> <span class='ocrx_word' id='word_1_270' title='bbox 760 3300 1001 3363; x_wconf 87' lang='lat' dir='ltr'><strong>talarem,</strong></span> <span class='ocrx_word' id='word_1_271' title='bbox 1031 3299 1231 3352; x_wconf 82' lang='lat' dir='ltr'><strong>scilicet</strong></span> <span class='ocrx_word' id='word_1_272' title='bbox 1258 3307 1457 3351; x_wconf 85' lang='lat' dir='ltr'><strong>vestem</strong></span> <span class='ocrx_word' id='word_1_273' title='bbox 1483 3312 1509 3349; x_wconf 88' lang='lat' dir='ltr'><strong>a</strong></span> <span class='ocrx_word' id='word_1_274' title='bbox 1533 3297 1704 3365; x_wconf 88' lang='lat' dir='ltr'><strong>capite</strong></span> <span class='ocrx_word' id='word_1_275' title='bbox 1723 3311 1890 3364; x_wconf 86' lang='lat' dir='ltr'><strong>usque</strong></span> <span class='ocrx_word' id='word_1_276' title='bbox 1913 3295 1978 3349; x_wconf 90' lang='lat' dir='ltr'><strong>ad</strong></span> <span class='ocrx_word' id='word_1_277' title='bbox 2008 3295 2168 3364; x_wconf 89' lang='lat' dir='ltr'><strong>pedes</strong></span> 
     </span>
    </p>
   </div>
   <div class='ocr_carea' id='block_1_34' title="bbox 595 3384 2166 3456">
    <p class='ocr_par' dir='ltr' id='par_1_34' title="bbox 595 3384 2166 3456">
     <span class='ocr_line' id='line_1_34' title="bbox 595 3384 2166 3456; baseline -0.004 -13"><span class='ocrx_word' id='word_1_278' title='bbox 595 3388 900 3452; x_wconf 87' lang='lat' dir='ltr'><strong>demissam,</strong></span> <span class='ocrx_word' id='word_1_279' title='bbox 942 3387 1392 3456; x_wconf 88' lang='lat' dir='ltr'><strong>superhumerale,</strong></span> <span class='ocrx_word' id='word_1_280' title='bbox 1425 3401 1635 3447; x_wconf 81' lang='lat' dir='ltr'><strong>zonam,</strong></span> <span class='ocrx_word' id='word_1_281' title='bbox 1667 3384 1960 3448; x_wconf 84' lang='lat' dir='ltr'><strong>femoralia,</strong></span> <span class='ocrx_word' id='word_1_282' title='bbox 2011 3385 2166 3437; x_wconf 89' lang='lat' dir='ltr'><strong>lami-</strong></span> 
     </span>
    </p>
   </div>
   <div class='ocr_carea' id='block_1_35' title="bbox 595 3472 2170 3542">
    <p class='ocr_par' dir='ltr' id='par_1_35' title="bbox 595 3472 2170 3542">
     <span class='ocr_line' id='line_1_35' title="bbox 595 3472 2170 3542; baseline -0.004 -11"><span class='ocrx_word' id='word_1_283' title='bbox 595 3492 718 3531; x_wconf 77' lang='lat' dir='ltr'><strong>nam</strong></span> <span class='ocrx_word' id='word_1_284' title='bbox 747 3491 988 3539; x_wconf 81' lang='lat' dir='ltr'><strong>auream,</strong></span> <span class='ocrx_word' id='word_1_285' title='bbox 1025 3477 1232 3538; x_wconf 81' lang='lat' dir='ltr'><strong>tiaram,</strong></span> <span class='ocrx_word' id='word_1_286' title='bbox 1258 3475 1357 3528; x_wconf 92' lang='lat' dir='ltr'><strong>hoc</strong></span> <span class='ocrx_word' id='word_1_287' title='bbox 1381 3483 1461 3527; x_wconf 90' lang='lat' dir='ltr'><strong>est</strong></span> <span class='ocrx_word' id='word_1_288' title='bbox 1501 3473 1864 3542; x_wconf 82' lang='lat' dir='ltr'><strong>corybantium</strong></span> <span class='ocrx_word' id='word_1_289' title='bbox 1892 3472 1991 3542; x_wconf 89' lang='lat' dir='ltr'><strong>(a),</strong></span> <span class='ocrx_word' id='word_1_290' title='bbox 2011 3483 2064 3526; x_wconf 89' lang='lat' dir='ltr'><strong>et</strong></span> <span class='ocrx_word' id='word_1_291' title='bbox 2085 3488 2170 3526; x_wconf 84' lang='lat' dir='ltr'><strong>ra-</strong></span> 
     </span>
    </p>
   </div>
   <div class='ocr_carea' id='block_1_36' title="bbox 596 3562 2164 3634">
    <p class='ocr_par' dir='ltr' id='par_1_36' title="bbox 596 3562 2164 3634">
     <span class='ocr_line' id='line_1_36' title="bbox 596 3562 2164 3634; baseline -0.004 -14"><span class='ocrx_word' id='word_1_292' title='bbox 596 3568 790 3620; x_wconf 89' lang='lat' dir='ltr'><strong>tionale</strong></span> <span class='ocrx_word' id='word_1_293' title='bbox 813 3567 861 3618; x_wconf 90' lang='lat' dir='ltr'><strong>in</strong></span> <span class='ocrx_word' id='word_1_294' title='bbox 885 3576 1119 3634; x_wconf 89' lang='lat' dir='ltr'><strong>pectore,</strong></span> <span class='ocrx_word' id='word_1_295' title='bbox 1145 3574 1198 3618; x_wconf 89' lang='lat' dir='ltr'><strong>et</strong></span> <span class='ocrx_word' id='word_1_296' title='bbox 1231 3579 1349 3633; x_wconf 65' lang='lat' dir='ltr'><strong>quas</strong></span> <span class='ocrx_word' id='word_1_297' title='bbox 1377 3563 1637 3632; x_wconf 88' lang='lat' dir='ltr'><strong>scriptura</strong></span> <span class='ocrx_word' id='word_1_298' title='bbox 1680 3562 1874 3616; x_wconf 89' lang='lat' dir='ltr'><strong>ibidem</strong></span> <span class='ocrx_word' id='word_1_299' title='bbox 1917 3563 2164 3632; x_wconf 78' lang='lat' dir='ltr'><strong>explicat,</strong></span> 
     </span>
    </p>
   </div>
   <div class='ocr_carea' id='block_1_37' title="bbox 603 3652 2165 3725">
    <p class='ocr_par' dir='ltr' id='par_1_37' title="bbox 603 3652 2165 3725">
     <span class='ocr_line' id='line_1_37' title="bbox 603 3652 2165 3725; baseline -0.001 -18"><span class='ocrx_word' id='word_1_300' title='bbox 603 3658 882 3725; x_wconf 80' lang='lat' dir='ltr'><strong>ridereque</strong></span> <span class='ocrx_word' id='word_1_301' title='bbox 907 3665 1008 3710; x_wconf 89' lang='lat' dir='ltr'><strong>est.</strong></span> <span class='ocrx_word' id='word_1_302' title='bbox 1034 3657 1163 3708; x_wconf 74' lang='lat' dir='ltr'><strong>Alia:</strong></span> <span class='ocrx_word' id='word_1_303' title='bbox 1200 3657 1400 3722; x_wconf 71' lang='lat' dir='ltr'><strong>tigurre,</strong></span> <span class='ocrx_word' id='word_1_304' title='bbox 1428 3654 1516 3706; x_wconf 88' lang='lat' dir='ltr'><strong>alii</strong></span> <span class='ocrx_word' id='word_1_305' title='bbox 1557 3668 1764 3706; x_wconf 86' lang='lat' dir='ltr'><strong>sensus.</strong></span> <span class='ocrx_word' id='word_1_306' title='bbox 1807 3652 1987 3720; x_wconf 86' lang='lat' dir='ltr'><strong>Neque</strong></span> <span class='ocrx_word' id='word_1_307' title='bbox 2024 3653 2165 3706; x_wconf 88' lang='lat' dir='ltr'><strong>enim</strong></span> 
     </span>
    </p>
   </div>
   <div class='ocr_carea' id='block_1_38' title="bbox 601 3741 2168 3813">
    <p class='ocr_par' dir='ltr' id='par_1_38' title="bbox 601 3741 2168 3813">
     <span class='ocr_line' id='line_1_38' title="bbox 601 3741 2168 3813; baseline -0.005 -11"><span class='ocrx_word' id='word_1_308' title='bbox 601 3750 741 3802; x_wconf 80' lang='lat' dir='ltr'><strong>Deus</strong></span> <span class='ocrx_word' id='word_1_309' title='bbox 781 3748 1000 3800; x_wconf 91' lang='lat' dir='ltr'><strong>omnino</strong></span> <span class='ocrx_word' id='word_1_310' title='bbox 1033 3745 1316 3813; x_wconf 76' lang='lat' dir='ltr'><strong>hyacintho</strong></span> <span class='ocrx_word' id='word_1_311' title='bbox 1357 3750 1412 3796; x_wconf 73' lang='lat' dir='ltr'><strong>et</strong></span> <span class='ocrx_word' id='word_1_312' title='bbox 1454 3755 1705 3812; x_wconf 85' lang='lat' dir='ltr'><strong>purpura,</strong></span> <span class='ocrx_word' id='word_1_313' title='bbox 1745 3741 1872 3795; x_wconf 84' lang='lat' dir='ltr'><strong>item</strong></span> <span class='ocrx_word' id='word_1_314' title='bbox 1920 3755 2078 3795; x_wconf 90' lang='lat' dir='ltr'><strong>cocco</strong></span> <span class='ocrx_word' id='word_1_315' title='bbox 2112 3749 2168 3795; x_wconf 87' lang='lat' dir='ltr'><strong>et</strong></span> 
     </span>
    </p>
   </div>
   <div class='ocr_carea' id='block_1_39' title="bbox 670 3875 2165 3985">
    <p class='ocr_par' dir='ltr' id='par_1_39' title="bbox 670 3875 2165 3985">
     <span class='ocr_line' id='line_1_39' title="bbox 670 3875 2165 3937; baseline -0.003 -10"><span class='ocrx_word' id='word_1_316' title='bbox 670 3878 741 3937; x_wconf 88' lang='lat' dir='ltr'><strong>(a)</strong></span> <span class='ocrx_word' id='word_1_317' title='bbox 768 3878 952 3927; x_wconf 86' lang='lat' dir='ltr'><strong>Omnes</strong></span> <span class='ocrx_word' id='word_1_318' title='bbox 982 3877 1091 3926; x_wconf 76' lang='lat' dir='ltr'><strong>Mss.</strong></span> <span class='ocrx_word' id='word_1_319' title='bbox 1124 3876 1333 3931; x_wconf 81' lang='lat' dir='ltr'><strong>habent.</strong></span> <span class='ocrx_word' id='word_1_320' title='bbox 1368 3895 1426 3924; x_wconf 74' lang='grc' dir='ltr'><strong>χο</strong></span> <span class='ocrx_word' id='word_1_321' title='bbox 1487 3878 1688 3925; x_wconf 75' lang='grc' dir='ltr'>ϐάντιον.</span> <span class='ocrx_word' id='word_1_322' title='bbox 1718 3876 1771 3923; x_wconf 91' lang='lat' dir='ltr'><strong>ln</strong></span> <span class='ocrx_word' id='word_1_323' title='bbox 1797 3877 1920 3924; x_wconf 89' lang='lat' dir='ltr'><strong>hanc</strong></span> <span class='ocrx_word' id='word_1_324' title='bbox 1941 3887 2060 3924; x_wconf 91' lang='lat' dir='ltr'><strong>vero</strong></span> <span class='ocrx_word' id='word_1_325' title='bbox 2086 3875 2165 3922; x_wconf 87' lang='lat' dir='ltr'><strong>le-</strong></span> 
     </span>
     <span class='ocr_line' id='line_1_40' title="bbox 670 3894 2165 3985; baseline -0.001 0"><span class='ocrx_word' id='word_1_326' title='bbox 670 3938 823 3985; x_wconf 85' lang='lat' dir='ltr'><strong>ionem</strong></span> <span class='ocrx_word' id='word_1_327' title='bbox 865 3940 968 3985; x_wconf 68' lang='lat' dir='ltr'><strong>haec</strong></span> <span class='ocrx_word' id='word_1_328' title='bbox 1001 3939 1196 3985; x_wconf 85' lang='lat' dir='ltr'><strong>erudite</strong></span> <span class='ocrx_word' id='word_1_329' title='bbox 1229 3942 1365 3985; x_wconf 87' lang='lat' dir='ltr'><strong>notat</strong></span> <span class='ocrx_word' id='word_1_330' title='bbox 1407 3894 1589 3985; x_wconf 46' lang='grc' dir='ltr'><strong>ῐῌοηῐο</strong></span> <span class='ocrx_word' id='word_1_331' title='bbox 1625 3936 1832 3984; x_wconf 64' lang='grc' dir='ltr'><strong>Βυοωιιε</strong></span> <span class='ocrx_word' id='word_1_332' title='bbox 1865 3950 1875 3983; x_wconf 94' lang='lat'><strong>:</strong></span> <span class='ocrx_word' id='word_1_333' title='bbox 1909 3950 1928 3982; x_wconf 86' lang='grc'><em>‹</em></span> <span class='ocrx_word' id='word_1_334' title='bbox 1958 3938 2165 3984; x_wconf 81' lang='lat' dir='ltr'><strong>Romana</strong></span> 
     </span>
    </p>
   </div>
   <div class='ocr_carea' id='block_1_40' title="bbox 604 3936 2167 4003">
    <p class='ocr_par' dir='ltr' id='par_1_40' title="bbox 604 3936 2167 4003">
     <span class='ocr_line' id='line_1_41' title="bbox 604 3936 2167 4003; baseline -0.003 -17"><span class='ocrx_word' id='word_1_335' title='bbox 604 3936 836 4003; x_wconf 45' lang='lat' dir='ltr'><strong>(itionem</strong></span> <span class='ocrx_word' id='word_1_336' title='bbox 865 3940 968 4003; x_wconf 68' lang='lat' dir='ltr'><strong>haec</strong></span> <span class='ocrx_word' id='word_1_337' title='bbox 1001 3939 1201 4003; x_wconf 78' lang='lat' dir='ltr'><strong>erudite</strong></span> <span class='ocrx_word' id='word_1_338' title='bbox 1229 3936 1589 4003; x_wconf 72' lang='lat' dir='ltr'><strong>notat__Fronto</strong></span> <span class='ocrx_word' id='word_1_339' title='bbox 1625 3936 1832 4003; x_wconf 72' lang='lat' dir='ltr'><strong>Ducteus</strong></span> <span class='ocrx_word' id='word_1_340' title='bbox 1855 3950 1875 4003; x_wconf 9' lang='lat'><strong>7:</strong></span> <span class='ocrx_word' id='word_1_341' title='bbox 1909 3950 1928 3982; x_wconf 86' lang='grc'><em>‹</em></span> <span class='ocrx_word' id='word_1_342' title='bbox 1958 3938 2167 4003; x_wconf 80' lang='lat' dir='ltr'><strong>Romana</strong></span> 
     </span>
    </p>
   </div>
   <div class='ocr_carea' id='block_1_41' title="bbox 605 3997 2170 4059">
    <p class='ocr_par' dir='ltr' id='par_1_41' title="bbox 605 3997 2170 4059">
     <span class='ocr_line' id='line_1_42' title="bbox 605 3997 2170 4059; baseline -0.002 -12"><span class='ocrx_word' id='word_1_343' title='bbox 605 3999 790 4059; x_wconf 73' lang='lat' dir='ltr'><strong>Editio,</strong></span> <span class='ocrx_word' id='word_1_344' title='bbox 814 4001 1077 4059; x_wconf 81' lang='lat' dir='ltr'><strong>Anglicana</strong></span> <span class='ocrx_word' id='word_1_345' title='bbox 1101 4005 1154 4047; x_wconf 91' lang='lat' dir='ltr'><strong>et</strong></span> <span class='ocrx_word' id='word_1_346' title='bbox 1173 3998 1358 4059; x_wconf 80' lang='lat' dir='ltr'><strong>Regius</strong></span> <span class='ocrx_word' id='word_1_347' title='bbox 1374 3997 1622 4059; x_wconf 65' lang='lat' dir='ltr'><strong>.i‘ledieeus</strong></span> <span class='ocrx_word' id='word_1_348' title='bbox 1645 4002 1926 4045; x_wconf 79' lang='lat' dir='ltr'><strong>constanter</strong></span> <span class='ocrx_word' id='word_1_349' title='bbox 1946 3997 2170 4059; x_wconf 83' lang='lat' dir='ltr'><strong>retinent</strong></span> 
     </span>
    </p>
   </div>
   <div class='ocr_carea' id='block_1_42' title="bbox 606 4056 2164 4123">
    <p class='ocr_par' dir='ltr' id='par_1_42' title="bbox 606 4056 2164 4123">
     <span class='ocr_line' id='line_1_43' title="bbox 606 4056 2164 4123; baseline -0.004 -17"><span class='ocrx_word' id='word_1_350' title='bbox 606 4056 870 4123; x_wconf 79' lang='lat' dir='ltr'><strong>lectionem</strong></span> <span class='ocrx_word' id='word_1_351' title='bbox 896 4056 929 4106; x_wconf 53' lang='grc' dir='ltr'>ᾖ</span> <span class='ocrx_word' id='word_1_352' title='bbox 956 4059 1212 4123; x_wconf 71' lang='lat' dir='ltr'><strong>nonnullis</strong></span> <span class='ocrx_word' id='word_1_353' title='bbox 1247 4056 1545 4123; x_wconf 67' lang='lat' dir='ltr'><strong>repudiatam</strong></span> <span class='ocrx_word' id='word_1_354' title='bbox 1565 4093 1577 4115; x_wconf 90' lang='lat'><strong>,</strong></span> <span class='ocrx_word' id='word_1_355' title='bbox 1605 4069 1825 4123; x_wconf 35' lang='lat' dir='ltr'><strong>.nempe_</strong></span> <span class='ocrx_word' id='word_1_356' title='bbox 1844 4056 2164 4123; x_wconf 73' lang='grc' dir='ltr'><strong>κορυϐἀντιον,</strong></span> 
     </span>
    </p>
   </div>
   <div class='ocr_carea' id='block_1_43' title="bbox 604 4116 2165 4180">
    <p class='ocr_par' dir='ltr' id='par_1_43' title="bbox 604 4116 2165 4180">
     <span class='ocr_line' id='line_1_44' title="bbox 604 4116 2165 4180; baseline -0.003 -15"><span class='ocrx_word' id='word_1_357' title='bbox 604 4121 684 4180; x_wconf 75' lang='lat' dir='ltr'><strong>eui</strong></span> <span class='ocrx_word' id='word_1_358' title='bbox 713 4133 771 4166; x_wconf 74' lang='lat' dir='ltr'><strong>ex</strong></span> <span class='ocrx_word' id='word_1_359' title='bbox 800 4121 999 4180; x_wconf 68' lang='lat' dir='ltr'><strong>ingenio</strong></span> <span class='ocrx_word' id='word_1_360' title='bbox 1031 4116 1389 4180; x_wconf 82' lang='lat' dir='ltr'><strong>substituerant</strong></span> <span class='ocrx_word' id='word_1_361' title='bbox 1413 4117 1691 4180; x_wconf 70' lang='grc' dir='ltr'><strong>κυρϐασίαν,</strong></span> <span class='ocrx_word' id='word_1_362' title='bbox 1719 4116 2009 4180; x_wconf 68' lang='lat' dir='ltr'><strong>cyrbasiam,</strong></span> <span class='ocrx_word' id='word_1_363' title='bbox 2031 4123 2165 4180; x_wconf 37' lang='lat' dir='ltr'><strong>etne:</strong></span> 
     </span>
    </p>
   </div>
   <div class='ocr_carea' id='block_1_44' title="bbox 604 4174 2168 4242">
    <p class='ocr_par' dir='ltr' id='par_1_44' title="bbox 604 4174 2168 4242">
     <span class='ocr_line' id='line_1_45' title="bbox 604 4174 2168 4242; baseline -0.006 -14"><span class='ocrx_word' id='word_1_364' title='bbox 604 4177 808 4242; x_wconf 72' lang='lat' dir='ltr'><strong>Polluce</strong></span> <span class='ocrx_word' id='word_1_365' title='bbox 838 4174 877 4242; x_wconf 57' lang='lat' dir='ltr'><strong>l:</strong></span> <span class='ocrx_word' id='word_1_366' title='bbox 908 4179 969 4242; x_wconf 86' lang='lat'><strong>7,_</strong></span> <span class='ocrx_word' id='word_1_367' title='bbox 988 4191 1030 4226; x_wconf 87' lang='lat' dir='ltr'><strong>c.</strong></span> <span class='ocrx_word' id='word_1_368' title='bbox 1063 4178 1169 4242; x_wconf 76' lang='lat' dir='ltr'><strong>‘I_5,_</strong></span> <span class='ocrx_word' id='word_1_369' title='bbox 1191 4181 1273 4242; x_wconf 67' lang='lat' dir='ltr'><strong>xui</strong></span> <span class='ocrx_word' id='word_1_370' title='bbox 1315 4174 1564 4242; x_wconf 64' lang='lat' dir='ltr'><strong>nquaofia.</strong></span> <span class='ocrx_word' id='word_1_371' title='bbox 1585 4174 1880 4242; x_wconf 35' lang='grc' dir='ltr'><strong>’ἢνμσὶδαρμν</strong></span> <span class='ocrx_word' id='word_1_372' title='bbox 1919 4178 2000 4223; x_wconf 65' lang='lat' dir='ltr'><strong>uel</strong></span> <span class='ocrx_word' id='word_1_373' title='bbox 2032 4174 2168 4242; x_wconf 59' lang='grc' dir='ltr'>πῖλρν</span> 
     </span>
    </p>
   </div>
   <div class='ocr_carea' id='block_1_45' title="bbox 602 4236 2169 4300">
    <p class='ocr_par' dir='ltr' id='par_1_45' title="bbox 602 4236 2169 4300">
     <span class='ocr_line' id='line_1_46' title="bbox 602 4236 2169 4300; baseline -0.003 -16"><span class='ocrx_word' id='word_1_374' title='bbox 602 4238 820 4300; x_wconf 50' lang='lat' dir='ltr'><strong>ualebat.</strong></span> <span class='ocrx_word' id='word_1_375' title='bbox 852 4238 1056 4300; x_wconf 71' lang='lat' dir='ltr'><strong>Legitur</strong></span> <span class='ocrx_word' id='word_1_376' title='bbox 1079 4239 1129 4287; x_wconf 92' lang='lat' dir='ltr'><strong>in</strong></span> <span class='ocrx_word' id='word_1_377' title='bbox 1156 4237 1335 4286; x_wconf 80' lang='lat' dir='ltr'><strong>Lexico</strong></span> <span class='ocrx_word' id='word_1_378' title='bbox 1362 4236 1595 4300; x_wconf 73' lang='lat' dir='ltr'><strong>Stephani</strong></span> <span class='ocrx_word' id='word_1_379' title='bbox 1621 4253 1632 4283; x_wconf 92' lang='lat'><strong>:</strong></span> <span class='ocrx_word' id='word_1_380' title='bbox 1661 4236 1978 4300; x_wconf 74' lang='grc' dir='ltr'><strong>Κορυϐάντων</strong></span> <span class='ocrx_word' id='word_1_381' title='bbox 1995 4249 2011 4300; x_wconf 86' lang='lat'><strong>&#39;_</strong></span> <span class='ocrx_word' id='word_1_382' title='bbox 2030 4236 2169 4300; x_wconf 64' lang='lat' dir='ltr'><strong>supi-</strong></span> 
     </span>
    </p>
   </div>
   <div class='ocr_carea' id='block_1_46' title="bbox 603 4294 2171 4374">
    <p class='ocr_par' dir='ltr' id='par_1_46' title="bbox 603 4294 2171 4374">
     <span class='ocr_line' id='line_1_47' title="bbox 603 4294 2171 4374; baseline -0.001 -30"><span class='ocrx_word' id='word_1_383' title='bbox 603 4294 948 4374; x_wconf 52' lang='grc' dir='ltr'><strong>ξεμξίεφειλῆξ</strong></span> <span class='ocrx_word' id='word_1_384' title='bbox 979 4299 1228 4374; x_wconf 56' lang='grc' dir='ltr'><strong>ἐηὸσμιον</strong></span> <span class='ocrx_word' id='word_1_385' title='bbox 1253 4299 1414 4374; x_wconf 57' lang='grc' dir='ltr'><strong>Ξιαλόγ.</strong></span> <span class='ocrx_word' id='word_1_386' title='bbox 1445 4294 1563 4374; x_wconf 62' lang='lat' dir='ltr'><strong>item</strong></span> <span class='ocrx_word' id='word_1_387' title='bbox 1590 4294 1832 4374; x_wconf 50' lang='lat' dir='ltr'><strong>3‘2i6a&#39;btc,</strong></span> <span class='ocrx_word' id='word_1_388' title='bbox 1866 4294 2171 4374; x_wconf 56' lang='grc' dir='ltr'><strong>κρρυϐάνξξξςν</strong></span> 
     </span>
    </p>
   </div>
   <div class='ocr_carea' id='block_1_47' title="bbox 600 4354 2171 4418">
    <p class='ocr_par' dir='ltr' id='par_1_47' title="bbox 600 4354 2171 4418">
     <span class='ocr_line' id='line_1_48' title="bbox 600 4354 2171 4418; baseline -0.002 -13"><span class='ocrx_word' id='word_1_389' title='bbox 600 4359 632 4413; x_wconf 75' lang='grc' dir='ltr'>ἢ</span> <span class='ocrx_word' id='word_1_390' title='bbox 655 4354 956 4415; x_wconf 63' lang='grc' dir='ltr'><strong>λιῖλος,’ἔστιν</strong></span> <span class='ocrx_word' id='word_1_391' title='bbox 985 4354 1106 4413; x_wconf 72' lang='grc' dir='ltr'><strong>εἶδος</strong></span> <span class='ocrx_word' id='word_1_392' title='bbox 1127 4354 1465 4418; x_wconf 57' lang='grc' dir='ltr'><strong>ἰαμελανκίου,</strong></span> <span class='ocrx_word' id='word_1_393' title='bbox 1498 4359 1524 4405; x_wconf 86' lang='grc' dir='ltr'><strong>ὂ</strong></span> <span class='ocrx_word' id='word_1_394' title='bbox 1551 4359 1629 4418; x_wconf 52' lang='grc' dir='ltr'><strong>καὶ</strong></span> <span class='ocrx_word' id='word_1_395' title='bbox 1649 4354 1800 4418; x_wconf 49' lang='lat' dir='ltr'><strong>stipa</strong></span> <span class='ocrx_word' id='word_1_396' title='bbox 1828 4354 2021 4418; x_wconf 62' lang='grc' dir='ltr'><strong>νοεῖλτᾳι.</strong></span> <span class='ocrx_word' id='word_1_397' title='bbox 2049 4354 2171 4418; x_wconf 82' lang='lat' dir='ltr'><strong>Bie-</strong></span> 
     </span>
    </p>
   </div>
   <div class='ocr_carea' id='block_1_48' title="bbox 600 4414 2165 4478">
    <p class='ocr_par' dir='ltr' id='par_1_48' title="bbox 600 4414 2165 4478">
     <span class='ocr_line' id='line_1_49' title="bbox 600 4414 2165 4478; baseline -0.004 -13"><span class='ocrx_word' id='word_1_398' title='bbox 600 4414 833 4476; x_wconf 79' lang='lat' dir='ltr'><strong>ronymus</strong></span> <span class='ocrx_word' id='word_1_399' title='bbox 865 4418 1015 4478; x_wconf 84' lang='lat' dir='ltr'><strong>Epist.</strong></span> <span class='ocrx_word' id='word_1_400' title='bbox 1055 4418 1144 4465; x_wconf 75' lang='lat'><strong>128</strong></span> <span class='ocrx_word' id='word_1_401' title='bbox 1175 4414 1483 4465; x_wconf 55' lang='lat' dir='ltr'><strong>{Rotundum</strong></span> <span class='ocrx_word' id='word_1_402' title='bbox 1509 4414 1758 4476; x_wconf 75' lang='lat' dir='ltr'><strong>pileolum&#39;,</strong></span> <span class='ocrx_word' id='word_1_403' title='bbox 1782 4417 1912 4477; x_wconf 86' lang='lat' dir='ltr'><strong>quod</strong></span> <span class='ocrx_word' id='word_1_404' title='bbox 1939 4414 2097 4464; x_wconf 72' lang='lat' dir='ltr'><strong>Gnaei</strong></span> <span class='ocrx_word' id='word_1_405' title='bbox 2121 4418 2165 4459; x_wconf 85' lang='lat' dir='ltr'><strong>et</strong></span> 
     </span>
    </p>
   </div>
   <div class='ocr_carea' id='block_1_49' title="bbox 596 4478 2165 4542">
    <p class='ocr_par' dir='ltr' id='par_1_49' title="bbox 596 4478 2165 4542">
     <span class='ocr_line' id='line_1_50' title="bbox 596 4478 2165 4542; baseline -0.003 -12"><span class='ocrx_word' id='word_1_406' title='bbox 596 4481 748 4530; x_wconf 75' lang='lat' dir='ltr'><strong>nostri</strong></span> <span class='ocrx_word' id='word_1_407' title='bbox 767 4494 917 4542; x_wconf 69' lang='grc' dir='ltr'><strong>τιάραν,</strong></span> <span class='ocrx_word' id='word_1_408' title='bbox 940 4478 1152 4542; x_wconf 68' lang='grc' dir='ltr'><strong>ηοιηηιιιί</strong></span> <span class='ocrx_word' id='word_1_409' title='bbox 1175 4479 1391 4540; x_wconf 85' lang='lat' dir='ltr'><strong>galerum</strong></span> <span class='ocrx_word' id='word_1_410' title='bbox 1431 4483 1611 4542; x_wconf 65' lang='lat' dir='ltr'><strong>vocant.</strong></span> <span class='ocrx_word' id='word_1_411' title='bbox 1635 4479 1876 4542; x_wconf 76' lang='lat' dir='ltr'><strong>Origenes</strong></span> <span class='ocrx_word' id='word_1_412' title='bbox 1913 4484 2044 4524; x_wconf 86' lang='lat' dir='ltr'><strong>Hom.</strong></span> <span class='ocrx_word' id='word_1_413' title='bbox 2064 4480 2096 4542; x_wconf 86' lang='lat'><strong>6_</strong></span> <span class='ocrx_word' id='word_1_414' title='bbox 2118 4481 2165 4526; x_wconf 88' lang='lat' dir='ltr'><strong>in</strong></span> 
     </span>
    </p>
   </div>
   <div class='ocr_carea' id='block_1_50' title="bbox 599 4537 2165 4610">
    <p class='ocr_par' dir='ltr' id='par_1_50' title="bbox 599 4537 2165 4610">
     <span class='ocr_line' id='line_1_51' title="bbox 599 4537 2165 4610; baseline -0.001 -22"><span class='ocrx_word' id='word_1_415' title='bbox 599 4544 747 4590; x_wconf 81' lang='lat' dir='ltr'><strong>Levit.</strong></span> <span class='ocrx_word' id='word_1_416' title='bbox 778 4537 997 4610; x_wconf 44' lang='grc' dir='ltr'><strong>εει-φάη</strong></span> <span class='ocrx_word' id='word_1_417' title='bbox 1018 4539 1118 4610; x_wconf 70' lang='lat' dir='ltr'><strong>ipse</strong></span> <span class='ocrx_word' id='word_1_418' title='bbox 1139 4537 1281 4599; x_wconf 73' lang='lat' dir='ltr'><strong>caput</strong></span> <span class='ocrx_word' id='word_1_419' title='bbox 1303 4546 1375 4610; x_wconf 66' lang='lat' dir='ltr'><strong>est</strong></span> <span class='ocrx_word' id='word_1_420' title='bbox 1402 4537 1636 4610; x_wconf 63' lang='lat' dir='ltr'><strong>omniqu</strong></span> <span class='ocrx_word' id='word_1_421' title='bbox 1662 4537 1773 4610; x_wconf 66' lang='lat' dir='ltr'><strong>ideo</strong></span> <span class='ocrx_word' id='word_1_422' title='bbox 1791 4543 2059 4610; x_wconf 53' lang='lat' dir='ltr'><strong>clamatus</strong></span> <span class='ocrx_word' id='word_1_423' title='bbox 2079 4537 2165 4587; x_wconf 80' lang='lat' dir='ltr'><strong>iste</strong></span> 
     </span>
    </p>
   </div>
   <div class='ocr_carea' id='block_1_51' title="bbox 596 4596 2166 4664">
    <p class='ocr_par' dir='ltr' id='par_1_51' title="bbox 596 4596 2166 4664">
     <span class='ocr_line' id='line_1_52' title="bbox 596 4596 2166 4664; baseline -0.003 -13"><span class='ocrx_word' id='word_1_424' title='bbox 596 4615 741 4664; x_wconf 81' lang='lat' dir='ltr'><strong>super</strong></span> <span class='ocrx_word' id='word_1_425' title='bbox 763 4596 918 4664; x_wconf 66' lang='lat' dir='ltr'><strong>omnia</strong></span> <span class='ocrx_word' id='word_1_426' title='bbox 942 4596 1088 4664; x_wconf 75' lang='lat' dir='ltr'><strong>capiti</strong></span> <span class='ocrx_word' id='word_1_427' title='bbox 1105 4596 1454 4664; x_wconf 72' lang='lat' dir='ltr'><strong>superponitur.</strong></span> <span class='ocrx_word' id='word_1_428' title='bbox 1475 4597 1523 4646; x_wconf 76' lang='lat' dir='ltr'><strong>si</strong></span> <span class='ocrx_word' id='word_1_429' title='bbox 1553 4598 1696 4646; x_wconf 87' lang='lat' dir='ltr'><strong>mitra</strong></span> <span class='ocrx_word' id='word_1_430' title='bbox 1716 4596 1800 4645; x_wconf 84' lang='lat' dir='ltr'><strong>tibi</strong></span> <span class='ocrx_word' id='word_1_431' title='bbox 1815 4603 1859 4664; x_wconf 76' lang='lat' dir='ltr'><strong>et</strong></span> <span class='ocrx_word' id='word_1_432' title='bbox 1885 4596 2061 4664; x_wconf 76' lang='lat' dir='ltr'><strong>lamina</strong></span> <span class='ocrx_word' id='word_1_433' title='bbox 2082 4613 2166 4664; x_wconf 87' lang='lat' dir='ltr'><strong>au-_</strong></span> 
     </span>
    </p>
   </div>
   <div class='ocr_carea' id='block_1_52' title="bbox 597 4657 2167 4771">
    <p class='ocr_par' dir='ltr' id='par_1_52' title="bbox 597 4657 2167 4771">
     <span class='ocr_line' id='line_1_53' title="bbox 597 4657 2167 4771; baseline -0.001 -62"><span class='ocrx_word' id='word_1_434' title='bbox 597 4657 968 4771; x_wconf 45' lang='lat' dir='ltr'><strong>readflenitudo</strong></span> <span class='ocrx_word' id='word_1_435' title='bbox 988 4657 1310 4730; x_wconf 70' lang='lat' dir='ltr'><strong>scientiis</strong></span> <span class='ocrx_word' id='word_1_436' title='bbox 1345 4665 1487 4730; x_wconf 81' lang='lat' dir='ltr'><strong>caput</strong></span> <span class='ocrx_word' id='word_1_437' title='bbox 1519 4665 1725 4713; x_wconf 79' lang='lat' dir='ltr'><strong>coronet,</strong></span> <span class='ocrx_word' id='word_1_438' title='bbox 1765 4657 1882 4706; x_wconf 83' lang='lat' dir='ltr'><strong>scito</strong></span> <span class='ocrx_word' id='word_1_439' title='bbox 1905 4666 1964 4715; x_wconf 86' lang='lat' dir='ltr'><strong>te,</strong></span> <span class='ocrx_word' id='word_1_440' title='bbox 1984 4658 2167 4709; x_wconf 69' lang='lat' dir='ltr'><strong>etiam</strong></span> 
     </span>
     <span class='ocr_line' id='line_1_54' title="bbox 597 4720 2165 4771; baseline -0.001 -1"><span class='ocrx_word' id='word_1_441' title='bbox 597 4737 662 4771; x_wconf 78' lang='lat' dir='ltr'><strong>an</strong></span> <span class='ocrx_word' id='word_1_442' title='bbox 752 4722 962 4771; x_wconf 81' lang='lat' dir='ltr'><strong>homines</strong></span> <span class='ocrx_word' id='word_1_443' title='bbox 978 4722 1126 4770; x_wconf 61' lang='lat' dir='ltr'><strong>lineas</strong></span> <span class='ocrx_word' id='word_1_444' title='bbox 1139 4727 1182 4769; x_wconf 87' lang='lat' dir='ltr'><strong>et</strong></span> <span class='ocrx_word' id='word_1_445' title='bbox 1204 4734 1451 4771; x_wconf 77' lang='lat' dir='ltr'><strong>sonorem.</strong></span> <span class='ocrx_word' id='word_1_446' title='bbox 1477 4720 1606 4771; x_wconf 78' lang='lat' dir='ltr'><strong>apud</strong></span> <span class='ocrx_word' id='word_1_447' title='bbox 1642 4727 1792 4767; x_wconf 85' lang='lat' dir='ltr'><strong>Deum</strong></span> <span class='ocrx_word' id='word_1_448' title='bbox 1830 4725 1984 4767; x_wconf 77' lang='lat' dir='ltr'><strong>tamen</strong></span> <span class='ocrx_word' id='word_1_449' title='bbox 2023 4732 2165 4771; x_wconf 84' lang='lat' dir='ltr'><strong>aaere</strong></span> 
     </span>
    </p>
   </div>
   <div class='ocr_carea' id='block_1_53' title="bbox 595 4720 2165 4783">
    <p class='ocr_par' dir='ltr' id='par_1_53' title="bbox 595 4720 2165 4783">
     <span class='ocr_line' id='line_1_55' title="bbox 595 4720 2165 4783; baseline -0.001 -13"><span class='ocrx_word' id='word_1_450' title='bbox 595 4720 733 4783; x_wconf 81' lang='lat' dir='ltr'><strong>apud</strong></span> <span class='ocrx_word' id='word_1_451' title='bbox 747 4722 962 4783; x_wconf 68' lang='lat' dir='ltr'><strong>[torrium</strong></span> <span class='ocrx_word' id='word_1_452' title='bbox 978 4722 1126 4770; x_wconf 61' lang='lat' dir='ltr'><strong>lineas</strong></span> <span class='ocrx_word' id='word_1_453' title='bbox 1139 4727 1182 4769; x_wconf 87' lang='lat' dir='ltr'><strong>et</strong></span> <span class='ocrx_word' id='word_1_454' title='bbox 1204 4720 1451 4783; x_wconf 76' lang='lat' dir='ltr'><strong>ignoreris,</strong></span> <span class='ocrx_word' id='word_1_455' title='bbox 1477 4720 1606 4780; x_wconf 81' lang='lat' dir='ltr'><strong>apud</strong></span> <span class='ocrx_word' id='word_1_456' title='bbox 1642 4727 1792 4783; x_wconf 66' lang='lat' dir='ltr'><strong>Deum</strong></span> <span class='ocrx_word' id='word_1_457' title='bbox 1813 4725 1984 4783; x_wconf 79' lang='lat' dir='ltr'><strong>_t_amen</strong></span> <span class='ocrx_word' id='word_1_458' title='bbox 2023 4732 2165 4780; x_wconf 83' lang='lat' dir='ltr'><strong>agere</strong></span> 
     </span>
    </p>
   </div>
   <div class='ocr_carea' id='block_1_54' title="bbox 597 4778 2167 4845">
    <p class='ocr_par' dir='ltr' id='par_1_54' title="bbox 597 4778 2167 4845">
     <span class='ocr_line' id='line_1_56' title="bbox 597 4778 2167 4845; baseline -0.001 -13"><span class='ocrx_word' id='word_1_459' title='bbox 597 4778 921 4845; x_wconf 74' lang='lat' dir='ltr'><strong>pomiﬁcatum</strong></span> <span class='ocrx_word' id='word_1_460' title='bbox 943 4783 1069 4831; x_wconf 83' lang='lat' dir='ltr'><strong>intra</strong></span> <span class='ocrx_word' id='word_1_461' title='bbox 1091 4778 1390 4845; x_wconf 59' lang='lat' dir='ltr'><strong>conscientia;</strong></span> <span class='ocrx_word' id='word_1_462' title='bbox 1409 4778 1789 4845; x_wconf 50' lang='grc' dir='ltr'><strong>ιιλαίιειηρζιιῃξ.⁸</strong></span> <span class='ocrx_word' id='word_1_463' title='bbox 1806 4778 2167 4841; x_wconf 77' lang='lat' dir='ltr'><strong>ChrysostOmus</strong></span> 
     </span>
    </p>
   </div>
   <div class='ocr_carea' id='block_1_55' title="bbox 597 4840 2168 4905">
    <p class='ocr_par' dir='ltr' id='par_1_55' title="bbox 597 4840 2168 4905">
     <span class='ocr_line' id='line_1_57' title="bbox 597 4840 2168 4905; baseline 0.001 -15"><span class='ocrx_word' id='word_1_464' title='bbox 597 4840 754 4893; x_wconf 63' lang='lat' dir='ltr'><strong>Persis</strong></span> <span class='ocrx_word' id='word_1_465' title='bbox 776 4845 940 4894; x_wconf 79' lang='lat' dir='ltr'><strong>tiaram</strong></span> <span class='ocrx_word' id='word_1_466' title='bbox 958 4846 1141 4901; x_wconf 83' lang='lat' dir='ltr'><strong>tribuit,</strong></span> <span class='ocrx_word' id='word_1_467' title='bbox 1161 4850 1213 4891; x_wconf 89' lang='lat' dir='ltr'><strong>ut</strong></span> <span class='ocrx_word' id='word_1_468' title='bbox 1237 4843 1490 4904; x_wconf 89' lang='lat' dir='ltr'><strong>pr0priam,</strong></span> <span class='ocrx_word' id='word_1_469' title='bbox 1516 4840 1680 4888; x_wconf 83' lang='lat' dir='ltr'><strong>Homil.</strong></span> <span class='ocrx_word' id='word_1_470' title='bbox 1701 4841 1757 4888; x_wconf 84' lang='grc'><strong>17</strong></span> <span class='ocrx_word' id='word_1_471' title='bbox 1778 4841 1824 4887; x_wconf 88' lang='lat' dir='ltr'><strong>in</strong></span> <span class='ocrx_word' id='word_1_472' title='bbox 1842 4840 1950 4889; x_wconf 77' lang='lat' dir='ltr'><strong>Acta</strong></span> <span class='ocrx_word' id='word_1_473' title='bbox 1974 4855 1986 4887; x_wconf 90' lang='lat'><strong>:</strong></span> <span class='ocrx_word' id='word_1_474' title='bbox 2013 4855 2168 4905; x_wconf 65' lang='grc' dir='ltr'><strong>ηιάηρ</strong></span> 
     </span>
    </p>
   </div>
   <div class='ocr_carea' id='block_1_56' title="bbox 595 4910 2169 4967">
    <p class='ocr_par' dir='ltr' id='par_1_56' title="bbox 595 4910 2169 4967">
     <span class='ocr_line' id='line_1_58' title="bbox 595 4910 2169 4967; baseline 0.003 -16"><span class='ocrx_word' id='word_1_475' title='bbox 595 4915 631 4951; x_wconf 78' lang='grc' dir='ltr'><strong>οἱ</strong></span> <span class='ocrx_word' id='word_1_476' title='bbox 649 4918 780 4966; x_wconf 58' lang='lat' dir='ltr'><strong>meum</strong></span> <span class='ocrx_word' id='word_1_477' title='bbox 801 4918 867 4965; x_wconf 65' lang='grc' dir='ltr'><strong>τήν</strong></span> <span class='ocrx_word' id='word_1_478' title='bbox 889 4920 1013 4967; x_wconf 71' lang='grc' dir='ltr'><strong>τιάραν</strong></span> <span class='ocrx_word' id='word_1_479' title='bbox 1049 4916 1280 4965; x_wconf 49' lang='lat' dir='ltr'><strong>quidam.“</strong></span> <span class='ocrx_word' id='word_1_480' title='bbox 1316 4915 1375 4953; x_wconf 66' lang='grc' dir='ltr'><strong>ιαλ</strong></span> <span class='ocrx_word' id='word_1_481' title='bbox 1397 4916 1461 4960; x_wconf 64' lang='grc' dir='ltr'><strong>τὰς</strong></span> <span class='ocrx_word' id='word_1_482' title='bbox 1483 4910 1692 4964; x_wconf 52' lang='lat' dir='ltr'><strong>iuliae-28:4</strong></span> <span class='ocrx_word' id='word_1_483' title='bbox 1717 4914 1836 4950; x_wconf 73' lang='grc' dir='ltr'><strong>ιαὶτά</strong></span> <span class='ocrx_word' id='word_1_484' title='bbox 1873 4910 2085 4960; x_wconf 38' lang='lat' dir='ltr'><strong>“adridens</strong></span> <span class='ocrx_word' id='word_1_485' title='bbox 2121 4918 2169 4955; x_wconf 76' lang='grc' dir='ltr'><strong>τὸ.</strong></span> 
     </span>
    </p>
   </div>
   <div class='ocr_carea' id='block_1_57' title="bbox 599 4973 2168 5035">
    <p class='ocr_par' dir='ltr' id='par_1_57' title="bbox 599 4973 2168 5035">
     <span class='ocr_line' id='line_1_59' title="bbox 599 4973 2168 5035; baseline 0 -25"><span class='ocrx_word' id='word_1_486' title='bbox 599 4976 814 5025; x_wconf 56' lang='grc' dir='ltr'><strong>βιρδς-μή,</strong></span> <span class='ocrx_word' id='word_1_487' title='bbox 833 4979 897 5024; x_wconf 68' lang='grc' dir='ltr'><strong>τὴν</strong></span> <span class='ocrx_word' id='word_1_488' title='bbox 913 4974 1023 5025; x_wconf 62' lang='grc' dir='ltr'><strong>ὓλην</strong></span> <span class='ocrx_word' id='word_1_489' title='bbox 1045 4977 1176 5023; x_wconf 70' lang='grc' dir='ltr'><strong>στολήν</strong></span> <span class='ocrx_word' id='word_1_490' title='bbox 1190 4979 1253 5023; x_wconf 61' lang='grc' dir='ltr'><strong>τὴν</strong></span> <span class='ocrx_word' id='word_1_491' title='bbox 1369 4977 1548 5035; x_wconf 45' lang='grc' dir='ltr'><strong>ιπξχώριον</strong></span> <span class='ocrx_word' id='word_1_492' title='bbox 1565 4973 1784 5035; x_wconf 40' lang='lat' dir='ltr'><strong>ins-hung,</strong></span> <span class='ocrx_word' id='word_1_493' title='bbox 1801 4975 1859 5035; x_wconf 48' lang='lat' dir='ltr'><strong>sla}</strong></span> <span class='ocrx_word' id='word_1_494' title='bbox 1882 4978 2073 5035; x_wconf 55' lang='lat' dir='ltr'><strong>statdeth</strong></span> <span class='ocrx_word' id='word_1_495' title='bbox 2084 4983 2168 5035; x_wconf 46' lang='grc' dir='ltr'><strong>χρῷ,</strong></span> 
     </span>
    </p>
   </div>
   <div class='ocr_carea' id='block_1_58' title="bbox 596 5022 2168 5087">
    <p class='ocr_par' dir='ltr' id='par_1_58' title="bbox 596 5022 2168 5087">
     <span class='ocr_line' id='line_1_60' title="bbox 596 5022 2168 5087; baseline 0.002 -16"><span class='ocrx_word' id='word_1_496' title='bbox 596 5022 788 5087; x_wconf 45' lang='lat' dir='ltr'><strong>sponsum</strong></span> <span class='ocrx_word' id='word_1_497' title='bbox 804 5046 854 5087; x_wconf 52' lang='grc' dir='ltr'>τῷ</span> <span class='ocrx_word' id='word_1_498' title='bbox 868 5022 1022 5087; x_wconf 59' lang='grc' dir='ltr'><strong>ἐντίμῆ</strong></span> <span class='ocrx_word' id='word_1_499' title='bbox 1034 5039 1097 5087; x_wconf 64' lang='grc' dir='ltr'><strong>τὸν</strong></span> <span class='ocrx_word' id='word_1_500' title='bbox 1112 5022 1265 5085; x_wconf 55' lang='grc' dir='ltr'><strong>κοψεν</strong></span> <span class='ocrx_word' id='word_1_501' title='bbox 1277 5022 1602 5087; x_wconf 62' lang='grc' dir='ltr'><strong>ς’δίευῐμὲτδῳ</strong></span> <span class='ocrx_word' id='word_1_502' title='bbox 1613 5023 1737 5087; x_wconf 76' lang='lat' dir='ltr'><strong>tiara</strong></span> <span class='ocrx_word' id='word_1_503' title='bbox 1752 5022 1986 5087; x_wconf 70' lang='lat' dir='ltr'><strong>sublataet</strong></span> <span class='ocrx_word' id='word_1_504' title='bbox 1995 5022 2168 5087; x_wconf 65' lang='lat' dir='ltr'><strong>gladiis</strong></span> 
     </span>
    </p>
   </div>
   <div class='ocr_carea' id='block_1_59' title="bbox 597 5078 2169 5142">
    <p class='ocr_par' dir='ltr' id='par_1_59' title="bbox 597 5078 2169 5142">
     <span class='ocr_line' id='line_1_61' title="bbox 597 5078 2169 5142; baseline 0.004 -13"><span class='ocrx_word' id='word_1_505' title='bbox 597 5078 914 5142; x_wconf 62' lang='lat' dir='ltr'><strong>peculiaribus</strong></span> <span class='ocrx_word' id='word_1_506' title='bbox 927 5078 971 5134; x_wconf 68' lang='lat' dir='ltr'><strong>Et</strong></span> <span class='ocrx_word' id='word_1_507' title='bbox 982 5078 1311 5136; x_wconf 71' lang='lat' dir='ltr'><strong>calceamentis</strong></span> <span class='ocrx_word' id='word_1_508' title='bbox 1328 5083 1591 5136; x_wconf 84' lang='lat' dir='ltr'><strong>barbaricis</strong></span> <span class='ocrx_word' id='word_1_509' title='bbox 1603 5083 1829 5140; x_wconf 79' lang='lat' dir='ltr'><strong>dimzssis,</strong></span> <span class='ocrx_word' id='word_1_510' title='bbox 1843 5078 2169 5135; x_wconf 49' lang='lat' dir='ltr'><strong>alieno’habitu</strong></span> 
     </span>
    </p>
   </div>
   <div class='ocr_carea' id='block_1_60' title="bbox 596 5145 2166 5207">
    <p class='ocr_par' dir='ltr' id='par_1_60' title="bbox 596 5145 2166 5207">
     <span class='ocr_line' id='line_1_62' title="bbox 596 5145 2166 5207; baseline 0.003 -16"><span class='ocrx_word' id='word_1_511' title='bbox 596 5149 642 5207; x_wconf 79' lang='lat' dir='ltr'><strong>et</strong></span> <span class='ocrx_word' id='word_1_512' title='bbox 652 5151 823 5207; x_wconf 58' lang='lat' dir='ltr'><strong>nostris</strong></span> <span class='ocrx_word' id='word_1_513' title='bbox 834 5146 1012 5207; x_wconf 79' lang='lat' dir='ltr'><strong>regioni</strong></span> <span class='ocrx_word' id='word_1_514' title='bbox 1034 5148 1202 5196; x_wconf 83' lang='lat' dir='ltr'><strong>usitato</strong></span> <span class='ocrx_word' id='word_1_515' title='bbox 1218 5147 1498 5202; x_wconf 84' lang='lat' dir='ltr'><strong>induuntur,</strong></span> <span class='ocrx_word' id='word_1_516' title='bbox 1517 5152 1560 5193; x_wconf 82' lang='lat' dir='ltr'><strong>et</strong></span> <span class='ocrx_word' id='word_1_517' title='bbox 1575 5157 1774 5207; x_wconf 79' lang='lat' dir='ltr'><strong>corpore</strong></span> <span class='ocrx_word' id='word_1_518' title='bbox 1781 5145 1846 5207; x_wconf 76' lang='lat' dir='ltr'><strong>ad</strong></span> <span class='ocrx_word' id='word_1_519' title='bbox 1861 5146 2005 5192; x_wconf 84' lang='lat' dir='ltr'><strong>cutim</strong></span> <span class='ocrx_word' id='word_1_520' title='bbox 2021 5151 2166 5205; x_wconf 86' lang='lat' dir='ltr'><strong>tonso,</strong></span> 
     </span>
    </p>
   </div>
   <div class='ocr_carea' id='block_1_61' title="bbox 598 5203 2166 5268">
    <p class='ocr_par' dir='ltr' id='par_1_61' title="bbox 598 5203 2166 5268">
     <span class='ocr_line' id='line_1_63' title="bbox 598 5203 2166 5268; baseline 0.003 -19"><span class='ocrx_word' id='word_1_521' title='bbox 598 5203 757 5268; x_wconf 85' lang='lat' dir='ltr'><strong>habitu</strong></span> <span class='ocrx_word' id='word_1_522' title='bbox 775 5203 946 5253; x_wconf 77' lang='lat' dir='ltr'><strong>bellum</strong></span> <span class='ocrx_word' id='word_1_523' title='bbox 957 5207 1207 5255; x_wconf 84' lang='lat' dir='ltr'><strong>occultant.</strong></span> <span class='ocrx_word' id='word_1_524' title='bbox 1233 5210 1448 5268; x_wconf 64' lang='grc' dir='ltr'><strong>Ᾰηενρῑδεις</strong></span> <span class='ocrx_word' id='word_1_525' title='bbox 1471 5203 1714 5268; x_wconf 75' lang='lat' dir='ltr'><strong>interpres</strong></span> <span class='ocrx_word' id='word_1_526' title='bbox 1728 5205 1912 5266; x_wconf 82' lang='lat' dir='ltr'><strong>gladios</strong></span> <span class='ocrx_word' id='word_1_527' title='bbox 1928 5219 2040 5254; x_wconf 84' lang='lat' dir='ltr'><strong>esse</strong></span> <span class='ocrx_word' id='word_1_528' title='bbox 2065 5203 2166 5254; x_wconf 54' lang='lat' dir='ltr'><strong>Per;</strong></span> 
     </span>
    </p>
   </div>
   <div class='ocr_carea' id='block_1_62' title="bbox 599 5265 2168 5327">
    <p class='ocr_par' dir='ltr' id='par_1_62' title="bbox 599 5265 2168 5327">
     <span class='ocr_line' id='line_1_64' title="bbox 599 5265 2168 5327; baseline 0.003 -15"><span class='ocrx_word' id='word_1_529' title='bbox 599 5266 720 5327; x_wconf 75' lang='lat' dir='ltr'><strong>sioos</strong></span> <span class='ocrx_word' id='word_1_530' title='bbox 757 5268 959 5327; x_wconf 85' lang='lat' dir='ltr'><strong>putavit;</strong></span> <span class='ocrx_word' id='word_1_531' title='bbox 985 5268 1069 5313; x_wconf 88' lang='lat' dir='ltr'><strong>sed</strong></span> <span class='ocrx_word' id='word_1_532' title='bbox 1097 5267 1302 5316; x_wconf 83' lang='lat' dir='ltr'><strong>Danieiis</strong></span> <span class='ocrx_word' id='word_1_533' title='bbox 1323 5265 1370 5325; x_wconf 76' lang='lat'><strong>5,</strong></span> <span class='ocrx_word' id='word_1_534' title='bbox 1395 5266 1471 5322; x_wconf 74' lang='lat' dir='ltr'><strong>2t,</strong></span> <span class='ocrx_word' id='word_1_535' title='bbox 1493 5268 1574 5314; x_wconf 87' lang='lat' dir='ltr'><strong>ubi</strong></span> <span class='ocrx_word' id='word_1_536' title='bbox 1595 5265 1816 5313; x_wconf 85' lang='lat' dir='ltr'><strong>dicuntur</strong></span> <span class='ocrx_word' id='word_1_537' title='bbox 1840 5275 1942 5314; x_wconf 88' lang='lat' dir='ltr'><strong>tres</strong></span> <span class='ocrx_word' id='word_1_538' title='bbox 1962 5270 2096 5326; x_wconf 90' lang='lat' dir='ltr'><strong>pueri</strong></span> <span class='ocrx_word' id='word_1_539' title='bbox 2120 5270 2168 5316; x_wconf 90' lang='lat' dir='ltr'><strong>in</strong></span> 
     </span>
    </p>
   </div>
   <div class='ocr_carea' id='block_1_63' title="bbox 602 5323 2168 5390">
    <p class='ocr_par' dir='ltr' id='par_1_63' title="bbox 602 5323 2168 5390">
     <span class='ocr_line' id='line_1_65' title="bbox 602 5323 2168 5390; baseline 0.003 -19"><span class='ocrx_word' id='word_1_540' title='bbox 602 5323 837 5390; x_wconf 77' lang='lat' dir='ltr'><strong>fornacem</strong></span> <span class='ocrx_word' id='word_1_541' title='bbox 859 5328 1237 5388; x_wconf 84' lang='lat' dir='ltr'><strong>missi,scriptnm</strong></span> <span class='ocrx_word' id='word_1_542' title='bbox 1264 5323 1594 5390; x_wconf 40' lang='lat' dir='ltr'><strong>escium”...</strong></span> <span class='ocrx_word' id='word_1_543' title='bbox 1611 5339 1674 5390; x_wconf 63' lang='grc' dir='ltr'><strong>σῖιγ</strong></span> <span class='ocrx_word' id='word_1_544' title='bbox 1697 5342 1771 5382; x_wconf 71' lang='grc' dir='ltr'><strong>τοῖς</strong></span> <span class='ocrx_word' id='word_1_545' title='bbox 1789 5323 2021 5390; x_wconf 64' lang='grc' dir='ltr'><strong>πραεάρᾶις,</strong></span> <span class='ocrx_word' id='word_1_546' title='bbox 2040 5336 2168 5390; x_wconf 73' lang='lat' dir='ltr'><strong>Sym-</strong></span> 
     </span>
    </p>
   </div>
   <div class='ocr_carea' id='block_1_64' title="bbox 599 5385 2170 5450">
    <p class='ocr_par' dir='ltr' id='par_1_64' title="bbox 599 5385 2170 5450">
     <span class='ocr_line' id='line_1_66' title="bbox 599 5385 2170 5450; baseline 0.003 -18"><span class='ocrx_word' id='word_1_547' title='bbox 599 5387 809 5444; x_wconf 83' lang='lat' dir='ltr'><strong>machus,</strong></span> <span class='ocrx_word' id='word_1_548' title='bbox 825 5398 1022 5450; x_wconf 61' lang='grc' dir='ltr'><strong>ῥηευρῑσι,</strong></span> <span class='ocrx_word' id='word_1_549' title='bbox 1040 5385 1366 5450; x_wconf 77' lang='lat' dir='ltr'><strong>Hieronymus,</strong></span> <span class='ocrx_word' id='word_1_550' title='bbox 1380 5385 1486 5437; x_wconf 85' lang='lat' dir='ltr'><strong>cum</strong></span> <span class='ocrx_word' id='word_1_551' title='bbox 1510 5385 1710 5435; x_wconf 84' lang='lat' dir='ltr'><strong>braccis.</strong></span> <span class='ocrx_word' id='word_1_552' title='bbox 1737 5395 1826 5450; x_wconf 55' lang='grc' dir='ltr'><strong>ζῆτα</strong></span> <span class='ocrx_word' id='word_1_553' title='bbox 1839 5385 2038 5450; x_wconf 79' lang='lat' dir='ltr'><strong>braccis,</strong></span> <span class='ocrx_word' id='word_1_554' title='bbox 2053 5385 2170 5449; x_wconf 68' lang='lat' dir='ltr'><strong>quas</strong></span> 
     </span>
    </p>
   </div>
   <div class='ocr_carea' id='block_1_65' title="bbox 597 5447 2172 5516">
    <p class='ocr_par' dir='ltr' id='par_1_65' title="bbox 597 5447 2172 5516">
     <span class='ocr_line' id='line_1_67' title="bbox 597 5447 2172 5516; baseline 0.002 -21"><span class='ocrx_word' id='word_1_555' title='bbox 597 5447 1131 5516; x_wconf 46' lang='lat' dir='ltr'><strong>Sync-ttachusiuzogtsa;</strong></span> <span class='ocrx_word' id='word_1_556' title='bbox 1166 5447 1498 5516; x_wconf 51' lang='lat' dir='ltr'><strong>intermr&#39;etatus</strong></span> <span class='ocrx_word' id='word_1_557' title='bbox 1521 5455 1606 5503; x_wconf 86' lang='lat' dir='ltr'><strong>est,</strong></span> <span class='ocrx_word' id='word_1_558' title='bbox 1641 5447 1806 5516; x_wconf 71' lang='lat' dir='ltr'><strong>Aquila</strong></span> <span class='ocrx_word' id='word_1_559' title='bbox 1839 5456 1884 5498; x_wconf 85' lang='lat' dir='ltr'><strong>et</strong></span> <span class='ocrx_word' id='word_1_560' title='bbox 1925 5447 2172 5516; x_wconf 51' lang='lat' dir='ltr'><strong>Theodotio</strong></span> 
     </span>
    </p>
   </div>
   <div class='ocr_carea' id='block_1_66' title="bbox 598 5507 2171 5558">
    <p class='ocr_par' dir='ltr' id='par_1_66' title="bbox 598 5507 2171 5558">
     <span class='ocr_line' id='line_1_68' title="bbox 598 5507 2171 5558; baseline 0.002 -4"><span class='ocrx_word' id='word_1_561' title='bbox 598 5507 839 5556; x_wconf 84' lang='lat' dir='ltr'><strong>Saraballu</strong></span> <span class='ocrx_word' id='word_1_562' title='bbox 862 5507 1104 5557; x_wconf 70' lang='lat' dir='ltr'><strong>dixeram.</strong></span> <span class='ocrx_word' id='word_1_563' title='bbox 1128 5507 1445 5557; x_wconf 87' lang='lat' dir='ltr'><strong>Tertullianus</strong></span> <span class='ocrx_word' id='word_1_564' title='bbox 1463 5522 1491 5557; x_wconf 91' lang='lat' dir='ltr'><strong>e</strong></span> <span class='ocrx_word' id='word_1_565' title='bbox 1514 5516 1673 5556; x_wconf 63' lang='lat' dir='ltr'><strong>Graeco</strong></span> <span class='ocrx_word' id='word_1_566' title='bbox 1695 5514 1891 5557; x_wconf 89' lang='lat' dir='ltr'><strong>vertens</strong></span> <span class='ocrx_word' id='word_1_567' title='bbox 1907 5507 2028 5557; x_wconf 76' lang='lat' dir='ltr'><strong>dixit</strong></span> <span class='ocrx_word' id='word_1_568' title='bbox 2052 5509 2171 5558; x_wconf 88' lang='lat' dir='ltr'><strong>libro</strong></span> 
     </span>
    </p>
   </div>
   <div class='ocr_carea' id='block_1_67' title="bbox 597 5566 2173 5630">
    <p class='ocr_par' dir='ltr' id='par_1_67' title="bbox 597 5566 2173 5630">
     <span class='ocr_line' id='line_1_69' title="bbox 597 5566 2173 5630; baseline 0.003 -16"><span class='ocrx_word' id='word_1_569' title='bbox 597 5566 660 5614; x_wconf 87' lang='lat' dir='ltr'><strong>de</strong></span> <span class='ocrx_word' id='word_1_570' title='bbox 683 5580 826 5618; x_wconf 85' lang='lat' dir='ltr'><strong>carne</strong></span> <span class='ocrx_word' id='word_1_571' title='bbox 850 5569 1040 5625; x_wconf 84' lang='lat' dir='ltr'><strong>Christi,</strong></span> <span class='ocrx_word' id='word_1_572' title='bbox 1061 5581 1164 5617; x_wconf 88' lang='lat' dir='ltr'><strong>cum</strong></span> <span class='ocrx_word' id='word_1_573' title='bbox 1183 5568 1366 5619; x_wconf 85' lang='lat' dir='ltr'><strong>braccis</strong></span> <span class='ocrx_word' id='word_1_574' title='bbox 1386 5570 1498 5618; x_wconf 85' lang='lat' dir='ltr'><strong>suis.</strong></span> <span class='ocrx_word' id='word_1_575' title='bbox 1526 5586 1547 5612; x_wconf 70' lang='grc' dir='ltr'><strong>ι</strong></span> <span class='ocrx_word' id='word_1_576' title='bbox 1585 5569 1702 5618; x_wconf 88' lang='lat' dir='ltr'><strong>Cum</strong></span> <span class='ocrx_word' id='word_1_577' title='bbox 1726 5581 1841 5630; x_wconf 84' lang='lat' dir='ltr'><strong>ergo</strong></span> <span class='ocrx_word' id='word_1_578' title='bbox 1866 5578 1966 5630; x_wconf 86' lang='lat' dir='ltr'><strong>tres</strong></span> <span class='ocrx_word' id='word_1_579' title='bbox 1977 5569 2173 5630; x_wconf 78' lang='lat' dir='ltr'><strong>Codices</strong></span> 
     </span>
    </p>
   </div>
   <div class='ocr_carea' id='block_1_68' title="bbox 597 5628 2174 5692">
    <p class='ocr_par' dir='ltr' id='par_1_68' title="bbox 597 5628 2174 5692">
     <span class='ocr_line' id='line_1_70' title="bbox 597 5628 2174 5692; baseline 0.003 -17"><span class='ocrx_word' id='word_1_580' title='bbox 597 5631 987 5692; x_wconf 65' lang='lat' dir='ltr'><strong>DO§lriaopu€iwwv</strong></span> <span class='ocrx_word' id='word_1_581' title='bbox 1011 5630 1232 5692; x_wconf 85' lang='lat' dir='ltr'><strong>habeant,</strong></span> <span class='ocrx_word' id='word_1_582' title='bbox 1256 5631 1323 5677; x_wconf 87' lang='lat' dir='ltr'><strong>sic</strong></span> <span class='ocrx_word' id='word_1_583' title='bbox 1344 5631 1606 5692; x_wconf 87' lang='lat' dir='ltr'><strong>restituere</strong></span> <span class='ocrx_word' id='word_1_584' title='bbox 1626 5628 1895 5692; x_wconf 50' lang='lat' dir='ltr'><strong>visum—est.</strong></span> <span class='ocrx_word' id='word_1_585' title='bbox 1917 5628 2105 5692; x_wconf 19' lang='lat' dir='ltr'><strong>Ibidem,</strong></span> <span class='ocrx_word' id='word_1_586' title='bbox 2124 5638 2174 5679; x_wconf 90' lang='lat' dir='ltr'><strong>et</strong></span> 
     </span>
    </p>
   </div>
   <div class='ocr_carea' id='block_1_69' title="bbox 597 5687 2174 5760">
    <p class='ocr_par' dir='ltr' id='par_1_69' title="bbox 597 5687 2174 5760">
     <span class='ocr_line' id='line_1_71' title="bbox 597 5687 2174 5760; baseline 0.004 -26"><span class='ocrx_word' id='word_1_587' title='bbox 597 5687 715 5760; x_wconf 82' lang='lat' dir='ltr'><strong>infra</strong></span> <span class='ocrx_word' id='word_1_588' title='bbox 730 5687 951 5760; x_wconf 58' lang='lat' dir='ltr'><strong>quaedam</strong></span> <span class='ocrx_word' id='word_1_589' title='bbox 977 5691 1082 5760; x_wconf 78' lang='lat' dir='ltr'><strong>hinc</strong></span> <span class='ocrx_word' id='word_1_590' title='bbox 1109 5692 1326 5752; x_wconf 80' lang='lat' dir='ltr'><strong>excerpit</strong></span> <span class='ocrx_word' id='word_1_591' title='bbox 1349 5690 1552 5751; x_wconf 80' lang='lat' dir='ltr'><strong>Photius,</strong></span> <span class='ocrx_word' id='word_1_592' title='bbox 1579 5691 1668 5740; x_wconf 88' lang='lat' dir='ltr'><strong>sed</strong></span> <span class='ocrx_word' id='word_1_593' title='bbox 1692 5689 1796 5740; x_wconf 86' lang='lat' dir='ltr'><strong>aliis</strong></span> <span class='ocrx_word' id='word_1_594' title='bbox 1819 5689 2045 5754; x_wconf 84' lang='lat' dir='ltr'><strong>demptis,</strong></span> <span class='ocrx_word' id='word_1_595' title='bbox 2071 5691 2174 5740; x_wconf 87' lang='lat' dir='ltr'><strong>aliis</strong></span> 
     </span>
    </p>
   </div>
   <div class='ocr_carea' id='block_1_70' title="bbox 593 5749 1062 5811">
    <p class='ocr_par' dir='ltr' id='par_1_70' title="bbox 593 5749 1062 5811">
     <span class='ocr_line' id='line_1_72' title="bbox 593 5749 1062 5811; baseline 0.009 -16"><span class='ocrx_word' id='word_1_596' title='bbox 593 5749 805 5811; x_wconf 80' lang='lat' dir='ltr'><strong>mutatis,</strong></span> <span class='ocrx_word' id='word_1_597' title='bbox 828 5754 898 5800; x_wconf 84' lang='lat' dir='ltr'><strong>uti</strong></span> <span class='ocrx_word' id='word_1_598' title='bbox 919 5749 1062 5802; x_wconf 81' lang='lat' dir='ltr'><strong>solet.</strong></span> 
     </span>
    </p>
   </div>
   <div class='ocr_carea' id='block_1_71' title="bbox 2095 394 2358 448">
    <p class='ocr_par' dir='ltr' id='par_1_71' title="bbox 2095 394 2358 448">
     <span class='ocr_line' id='line_1_73' title="bbox 2095 394 2358 448; baseline 0.004 -1"><span class='ocrx_word' id='word_1_599' title='bbox 2095 394 2358 448; x_wconf 73' lang='lat' dir='ltr'><strong>INCERTI</strong></span> 
     </span>
    </p>
   </div>
   <div class='ocr_carea' id='block_1_72' title="bbox 3736 419 3841 470">
    <p class='ocr_par' dir='ltr' id='par_1_72' title="bbox 3736 419 3841 470">
     <span class='ocr_line' id='line_1_74' title="bbox 3736 419 3841 470; baseline 0.01 -1"><span class='ocrx_word' id='word_1_600' title='bbox 3736 419 3841 470; x_wconf 78' lang='grc'><strong>404</strong></span> 
     </span>
    </p>
   </div>
   <div class='ocr_carea' id='block_1_73' title="bbox 2283 508 3843 582">
    <p class='ocr_par' dir='ltr' id='par_1_73' title="bbox 2283 508 3843 582">
     <span class='ocr_line' id='line_1_75' title="bbox 2283 508 3843 582; baseline 0.003 -20"><span class='ocrx_word' id='word_1_601' title='bbox 2283 510 2444 582; x_wconf 83' lang='lat' dir='ltr'><strong>bysso</strong></span> <span class='ocrx_word' id='word_1_602' title='bbox 2486 517 2801 564; x_wconf 80' lang='lat' dir='ltr'><strong>recreatur:</strong></span> <span class='ocrx_word' id='word_1_603' title='bbox 2849 508 2986 563; x_wconf 89' lang='lat' dir='ltr'><strong>Deus</strong></span> <span class='ocrx_word' id='word_1_604' title='bbox 3035 509 3172 563; x_wconf 92' lang='lat' dir='ltr'><strong>enim</strong></span> <span class='ocrx_word' id='word_1_605' title='bbox 3221 509 3510 563; x_wconf 89' lang='lat' dir='ltr'><strong>animarum</strong></span> <span class='ocrx_word' id='word_1_606' title='bbox 3564 512 3843 579; x_wconf 88' lang='lat' dir='ltr'><strong>puritatem</strong></span> 
     </span>
    </p>
   </div>
   <div class='ocr_carea' id='block_1_74' title="bbox 2279 598 3843 665">
    <p class='ocr_par' dir='ltr' id='par_1_74' title="bbox 2279 598 3843 665">
     <span class='ocr_line' id='line_1_76' title="bbox 2279 598 3843 665; baseline 0.005 -17"><span class='ocrx_word' id='word_1_607' title='bbox 2279 600 2508 665; x_wconf 83' lang='lat' dir='ltr'><strong>postulat</strong></span> <span class='ocrx_word' id='word_1_608' title='bbox 2539 616 2552 650; x_wconf 91' lang='lat'><strong><em>:</em></strong></span> <span class='ocrx_word' id='word_1_609' title='bbox 2580 599 2670 652; x_wconf 86' lang='lat' dir='ltr'><strong>sed</strong></span> <span class='ocrx_word' id='word_1_610' title='bbox 2704 598 2756 652; x_wconf 91' lang='lat' dir='ltr'><strong>in</strong></span> <span class='ocrx_word' id='word_1_611' title='bbox 2783 599 3052 664; x_wconf 89' lang='lat' dir='ltr'><strong>corporeis</strong></span> <span class='ocrx_word' id='word_1_612' title='bbox 3083 600 3186 653; x_wconf 88' lang='lat' dir='ltr'><strong>illis</strong></span> <span class='ocrx_word' id='word_1_613' title='bbox 3211 598 3428 655; x_wconf 85' lang='lat' dir='ltr'><strong>ﬂoribus</strong></span> <span class='ocrx_word' id='word_1_614' title='bbox 3459 602 3712 656; x_wconf 84' lang='lat' dir='ltr'><strong>virtutum</strong></span> <span class='ocrx_word' id='word_1_615' title='bbox 3761 604 3843 657; x_wconf 90' lang='lat' dir='ltr'><strong>ille</strong></span> 
     </span>
    </p>
   </div>
   <div class='ocr_carea' id='block_1_75' title="bbox 2279 689 3843 758">
    <p class='ocr_par' dir='ltr' id='par_1_75' title="bbox 2279 689 3843 758">
     <span class='ocr_line' id='line_1_77' title="bbox 2279 689 3843 758; baseline 0.003 -17"><span class='ocrx_word' id='word_1_616' title='bbox 2279 690 2532 758; x_wconf 84' lang='lat' dir='ltr'><strong>imagines</strong></span> <span class='ocrx_word' id='word_1_617' title='bbox 2552 689 2820 743; x_wconf 87' lang='lat' dir='ltr'><strong>describit.</strong></span> <span class='ocrx_word' id='word_1_618' title='bbox 2845 689 2899 744; x_wconf 89' lang='lat' dir='ltr'><strong>Si</strong></span> <span class='ocrx_word' id='word_1_619' title='bbox 2927 689 3067 742; x_wconf 91' lang='lat' dir='ltr'><strong>enim</strong></span> <span class='ocrx_word' id='word_1_620' title='bbox 3118 690 3255 744; x_wconf 91' lang='lat' dir='ltr'><strong>Deus</strong></span> <span class='ocrx_word' id='word_1_621' title='bbox 3279 706 3460 744; x_wconf 85' lang='lat' dir='ltr'><strong>revera</strong></span> <span class='ocrx_word' id='word_1_622' title='bbox 3514 693 3707 746; x_wconf 83' lang='lat' dir='ltr'><strong>ve5titu</strong></span> <span class='ocrx_word' id='word_1_623' title='bbox 3761 693 3843 745; x_wconf 92' lang='lat' dir='ltr'><strong>illo</strong></span> 
     </span>
    </p>
   </div>
   <div class='ocr_carea' id='block_1_76' title="bbox 2278 778 3842 846">
    <p class='ocr_par' dir='ltr' id='par_1_76' title="bbox 2278 778 3842 846">
     <span class='ocr_line' id='line_1_78' title="bbox 2278 778 3842 846; baseline 0.004 -16"><span class='ocrx_word' id='word_1_624' title='bbox 2278 778 2432 846; x_wconf 90' lang='lat' dir='ltr'><strong>longe</strong></span> <span class='ocrx_word' id='word_1_625' title='bbox 2458 779 2798 831; x_wconf 88' lang='lat' dir='ltr'><strong>ornatissimo</strong></span> <span class='ocrx_word' id='word_1_626' title='bbox 2821 779 3201 843; x_wconf 83' lang='lat' dir='ltr'><strong>delectabatur,</strong></span> <span class='ocrx_word' id='word_1_627' title='bbox 3247 794 3339 833; x_wconf 91' lang='lat' dir='ltr'><strong>cur</strong></span> <span class='ocrx_word' id='word_1_628' title='bbox 3365 795 3468 833; x_wconf 92' lang='lat' dir='ltr'><strong>non</strong></span> <span class='ocrx_word' id='word_1_629' title='bbox 3495 781 3676 834; x_wconf 81' lang='lat' dir='ltr'><strong>Mosen</strong></span> <span class='ocrx_word' id='word_1_630' title='bbox 3723 793 3842 837; x_wconf 89' lang='lat' dir='ltr'><strong>ante</strong></span> 
     </span>
    </p>
   </div>
   <div class='ocr_carea' id='block_1_77' title="bbox 2279 866 3842 939">
    <p class='ocr_par' dir='ltr' id='par_1_77' title="bbox 2279 866 3842 939">
     <span class='ocr_line' id='line_1_79' title="bbox 2279 866 3842 939; baseline 0.004 -20"><span class='ocrx_word' id='word_1_631' title='bbox 2279 868 2542 919; x_wconf 82' lang='lat' dir='ltr'><strong>Aaronem</strong></span> <span class='ocrx_word' id='word_1_632' title='bbox 2589 866 2689 920; x_wconf 92' lang='lat' dir='ltr'><strong>hoc</strong></span> <span class='ocrx_word' id='word_1_633' title='bbox 2719 867 2876 920; x_wconf 93' lang='lat' dir='ltr'><strong>modo</strong></span> <span class='ocrx_word' id='word_1_634' title='bbox 2917 867 3119 920; x_wconf 84' lang='lat' dir='ltr'><strong>induit?</strong></span> <span class='ocrx_word' id='word_1_635' title='bbox 3147 867 3250 923; x_wconf 90' lang='lat' dir='ltr'><strong>Sed</strong></span> <span class='ocrx_word' id='word_1_636' title='bbox 3301 868 3472 924; x_wconf 78' lang='lat' dir='ltr'><strong>Moses</strong></span> <span class='ocrx_word' id='word_1_637' title='bbox 3521 872 3740 939; x_wconf 91' lang='lat' dir='ltr'><strong>quidem</strong></span> <span class='ocrx_word' id='word_1_638' title='bbox 3786 887 3842 926; x_wconf 82' lang='lat' dir='ltr'><strong>ea</strong></span> 
     </span>
    </p>
   </div>
   <div class='ocr_carea' id='block_1_78' title="bbox 2276 956 3840 1019">
    <p class='ocr_par' dir='ltr' id='par_1_78' title="bbox 2276 956 3840 1019">
     <span class='ocr_line' id='line_1_80' title="bbox 2276 956 3840 1019; baseline 0.005 -13"><span class='ocrx_word' id='word_1_639' title='bbox 2276 967 2422 1010; x_wconf 88' lang='lat' dir='ltr'><strong>veste</strong></span> <span class='ocrx_word' id='word_1_640' title='bbox 2466 956 2724 1019; x_wconf 89' lang='lat' dir='ltr'><strong>carebat,</strong></span> <span class='ocrx_word' id='word_1_641' title='bbox 2767 958 2949 1012; x_wconf 90' lang='lat' dir='ltr'><strong>eadem</strong></span> <span class='ocrx_word' id='word_1_642' title='bbox 2998 967 3170 1012; x_wconf 87' lang='lat' dir='ltr'><strong>tamen</strong></span> <span class='ocrx_word' id='word_1_643' title='bbox 3220 959 3519 1014; x_wconf 82' lang='lat' dir='ltr'><strong>sacerdotes</strong></span> <span class='ocrx_word' id='word_1_644' title='bbox 3567 961 3840 1015; x_wconf 85' lang='lat' dir='ltr'><strong>induebat.</strong></span> 
     </span>
    </p>
   </div>
   <div class='ocr_carea' id='block_1_79' title="bbox 2275 1045 3843 1114">
    <p class='ocr_par' dir='ltr' id='par_1_79' title="bbox 2275 1045 3843 1114">
     <span class='ocr_line' id='line_1_81' title="bbox 2275 1045 3843 1114; baseline 0.004 -16"><span class='ocrx_word' id='word_1_645' title='bbox 2275 1045 2444 1099; x_wconf 83' lang='lat' dir='ltr'><strong>Moses</strong></span> <span class='ocrx_word' id='word_1_646' title='bbox 2465 1061 2596 1114; x_wconf 91' lang='lat' dir='ltr'><strong>aqua</strong></span> <span class='ocrx_word' id='word_1_647' title='bbox 2617 1046 2832 1100; x_wconf 78' lang='lat' dir='ltr'><strong>nonfuit</strong></span> <span class='ocrx_word' id='word_1_648' title='bbox 2860 1047 3015 1110; x_wconf 90' lang='lat' dir='ltr'><strong>lotus,</strong></span> <span class='ocrx_word' id='word_1_649' title='bbox 3043 1057 3095 1101; x_wconf 88' lang='lat' dir='ltr'><strong>et</strong></span> <span class='ocrx_word' id='word_1_650' title='bbox 3122 1057 3292 1103; x_wconf 88' lang='lat' dir='ltr'><strong>tamen</strong></span> <span class='ocrx_word' id='word_1_651' title='bbox 3315 1049 3526 1105; x_wconf 87' lang='lat' dir='ltr'><strong>lavabat</strong></span> <span class='ocrx_word' id='word_1_652' title='bbox 3557 1067 3568 1103; x_wconf 91' lang='lat'>:</span> <span class='ocrx_word' id='word_1_653' title='bbox 3597 1067 3697 1104; x_wconf 91' lang='lat' dir='ltr'><strong>non</strong></span> <span class='ocrx_word' id='word_1_654' title='bbox 3727 1052 3843 1105; x_wconf 88' lang='lat' dir='ltr'><strong>oleo</strong></span> 
     </span>
    </p>
   </div>
   <div class='ocr_carea' id='block_1_80' title="bbox 2278 1137 3845 1206">
    <p class='ocr_par' dir='ltr' id='par_1_80' title="bbox 2278 1137 3845 1206">
     <span class='ocr_line' id='line_1_82' title="bbox 2278 1137 3845 1206; baseline 0.005 -18"><span class='ocrx_word' id='word_1_655' title='bbox 2278 1137 2522 1189; x_wconf 89' lang='lat' dir='ltr'><strong>inunctns</strong></span> <span class='ocrx_word' id='word_1_656' title='bbox 2568 1137 2685 1201; x_wconf 80' lang='lat' dir='ltr'><strong>fuit,</strong></span> <span class='ocrx_word' id='word_1_657' title='bbox 2717 1147 2771 1191; x_wconf 90' lang='lat' dir='ltr'><strong>et</strong></span> <span class='ocrx_word' id='word_1_658' title='bbox 2793 1147 2965 1192; x_wconf 90' lang='lat' dir='ltr'><strong>tamen</strong></span> <span class='ocrx_word' id='word_1_659' title='bbox 2997 1139 3259 1206; x_wconf 90' lang='lat' dir='ltr'><strong>ungebat:</strong></span> <span class='ocrx_word' id='word_1_660' title='bbox 3293 1142 3484 1194; x_wconf 91' lang='lat' dir='ltr'><strong>nullam</strong></span> <span class='ocrx_word' id='word_1_661' title='bbox 3519 1151 3718 1197; x_wconf 87' lang='lat' dir='ltr'><strong>vestem</strong></span> <span class='ocrx_word' id='word_1_662' title='bbox 3765 1159 3845 1196; x_wconf 87' lang='lat' dir='ltr'><strong>sa-</strong></span> 
     </span>
    </p>
   </div>
   <div class='ocr_carea' id='block_1_81' title="bbox 2275 1225 3845 1294">
    <p class='ocr_par' dir='ltr' id='par_1_81' title="bbox 2275 1225 3845 1294">
     <span class='ocr_line' id='line_1_83' title="bbox 2275 1225 3845 1294; baseline 0.007 -18"><span class='ocrx_word' id='word_1_663' title='bbox 2275 1225 2595 1280; x_wconf 83' lang='lat' dir='ltr'><strong>cerdotalem</strong></span> <span class='ocrx_word' id='word_1_664' title='bbox 2615 1227 2871 1294; x_wconf 80' lang='lat' dir='ltr'><strong>gestabat,</strong></span> <span class='ocrx_word' id='word_1_665' title='bbox 2891 1228 2982 1281; x_wconf 89' lang='lat' dir='ltr'><strong>sed</strong></span> <span class='ocrx_word' id='word_1_666' title='bbox 3007 1229 3309 1284; x_wconf 85' lang='lat' dir='ltr'><strong>sacerdotes</strong></span> <span class='ocrx_word' id='word_1_667' title='bbox 3340 1231 3582 1286; x_wconf 90' lang='lat' dir='ltr'><strong>induebat</strong></span> <span class='ocrx_word' id='word_1_668' title='bbox 3606 1244 3688 1287; x_wconf 91' lang='lat' dir='ltr'><strong>:ut</strong></span> <span class='ocrx_word' id='word_1_669' title='bbox 3727 1234 3845 1287; x_wconf 90' lang='lat' dir='ltr'><strong>inde</strong></span> 
     </span>
    </p>
   </div>
   <div class='ocr_carea' id='block_1_82' title="bbox 2279 1317 3840 1386">
    <p class='ocr_par' dir='ltr' id='par_1_82' title="bbox 2279 1317 3840 1386">
     <span class='ocr_line' id='line_1_84' title="bbox 2279 1317 3840 1386; baseline 0.005 -18"><span class='ocrx_word' id='word_1_670' title='bbox 2279 1317 2585 1383; x_wconf 89' lang='lat' dir='ltr'><strong>perspicias,</strong></span> <span class='ocrx_word' id='word_1_671' title='bbox 2632 1317 2744 1369; x_wconf 92' lang='lat' dir='ltr'><strong>viro</strong></span> <span class='ocrx_word' id='word_1_672' title='bbox 2802 1317 3035 1386; x_wconf 76' lang='lat' dir='ltr'><strong>perfecto</strong></span> <span class='ocrx_word' id='word_1_673' title='bbox 3074 1320 3320 1373; x_wconf 90' lang='lat' dir='ltr'><strong>virtutem</strong></span> <span class='ocrx_word' id='word_1_674' title='bbox 3362 1323 3425 1376; x_wconf 88' lang='lat' dir='ltr'><strong>ad</strong></span> <span class='ocrx_word' id='word_1_675' title='bbox 3469 1336 3840 1377; x_wconf 84' lang='lat' dir='ltr'><strong>ornamentum</strong></span> 
     </span>
    </p>
   </div>
   <div class='ocr_carea' id='block_1_83' title="bbox 2276 1405 3840 1482">
    <p class='ocr_par' dir='ltr' id='par_1_83' title="bbox 2276 1405 3840 1482">
     <span class='ocr_line' id='line_1_85' title="bbox 2276 1405 3840 1482; baseline 0.008 -25"><span class='ocrx_word' id='word_1_676' title='bbox 2276 1405 2537 1460; x_wconf 74' lang='lat' dir='ltr'><strong>sniticere.</strong></span> <span class='ocrx_word' id='word_1_677' title='bbox 2590 1411 2630 1460; x_wconf 83' lang='grc' dir='ltr'><strong>Α</strong></span> <span class='ocrx_word' id='word_1_678' title='bbox 2665 1409 2835 1475; x_wconf 88' lang='lat' dir='ltr'><strong>capite</strong></span> <span class='ocrx_word' id='word_1_679' title='bbox 2861 1409 3017 1476; x_wconf 89' lang='lat' dir='ltr'><strong>igitur</strong></span> <span class='ocrx_word' id='word_1_680' title='bbox 3065 1410 3399 1464; x_wconf 89' lang='lat' dir='ltr'><strong>sacerdotem</strong></span> <span class='ocrx_word' id='word_1_681' title='bbox 3462 1415 3840 1482; x_wconf 80' lang='lat' dir='ltr'><strong>contemplare.</strong></span> 
     </span>
    </p>
   </div>
   <div class='ocr_carea' id='block_1_84' title="bbox 2273 1495 3841 1572">
    <p class='ocr_par' dir='ltr' id='par_1_84' title="bbox 2273 1495 3841 1572">
     <span class='ocr_line' id='line_1_86' title="bbox 2273 1495 3841 1572; baseline 0.006 -24"><span class='ocrx_word' id='word_1_682' title='bbox 2273 1495 2510 1565; x_wconf 85' lang='lat' dir='ltr'><strong>Namque</strong></span> <span class='ocrx_word' id='word_1_683' title='bbox 2543 1497 2710 1566; x_wconf 91' lang='lat' dir='ltr'><strong>ipsum</strong></span> <span class='ocrx_word' id='word_1_684' title='bbox 2740 1499 3056 1552; x_wconf 86' lang='lat' dir='ltr'><strong>vocabulum</strong></span> <span class='ocrx_word' id='word_1_685' title='bbox 3093 1500 3394 1554; x_wconf 87' lang='lat' dir='ltr'><strong>vestimenti</strong></span> <span class='ocrx_word' id='word_1_686' title='bbox 3417 1503 3709 1572; x_wconf 84' lang='lat' dir='ltr'><strong>ambiguum</strong></span> <span class='ocrx_word' id='word_1_687' title='bbox 3741 1516 3841 1569; x_wconf 90' lang='lat' dir='ltr'><strong>est,</strong></span> 
     </span>
    </p>
   </div>
   <div class='ocr_carea' id='block_1_85' title="bbox 2276 1585 3841 1647">
    <p class='ocr_par' dir='ltr' id='par_1_85' title="bbox 2276 1585 3841 1647">
     <span class='ocr_line' id='line_1_87' title="bbox 2276 1585 3841 1647; baseline 0.006 -10"><span class='ocrx_word' id='word_1_688' title='bbox 2276 1595 2327 1637; x_wconf 93' lang='lat' dir='ltr'><strong>et</strong></span> <span class='ocrx_word' id='word_1_689' title='bbox 2348 1585 2414 1638; x_wconf 91' lang='lat' dir='ltr'><strong>de</strong></span> <span class='ocrx_word' id='word_1_690' title='bbox 2435 1601 2498 1639; x_wconf 90' lang='lat' dir='ltr'><strong>eo</strong></span> <span class='ocrx_word' id='word_1_691' title='bbox 2518 1587 2928 1639; x_wconf 91' lang='lat' dir='ltr'><strong>controvertitnr</strong></span> <span class='ocrx_word' id='word_1_692' title='bbox 2959 1603 2972 1638; x_wconf 89' lang='lat'><strong>:</strong></span> <span class='ocrx_word' id='word_1_693' title='bbox 3003 1586 3187 1641; x_wconf 56' lang='lat' dir='ltr'><strong>Glauco</strong></span> <span class='ocrx_word' id='word_1_694' title='bbox 3207 1604 3331 1641; x_wconf 91' lang='lat' dir='ltr'><strong>vero</strong></span> <span class='ocrx_word' id='word_1_695' title='bbox 3350 1605 3590 1645; x_wconf 89' lang='lat' dir='ltr'><strong>sermone</strong></span> <span class='ocrx_word' id='word_1_696' title='bbox 3610 1596 3841 1647; x_wconf 90' lang='lat' dir='ltr'><strong>transla-</strong></span> 
     </span>
    </p>
   </div>
   <div class='ocr_carea' id='block_1_86' title="bbox 2277 1678 3842 1753">
    <p class='ocr_par' dir='ltr' id='par_1_86' title="bbox 2277 1678 3842 1753">
     <span class='ocr_line' id='line_1_88' title="bbox 2277 1678 3842 1753; baseline 0.004 -22"><span class='ocrx_word' id='word_1_697' title='bbox 2277 1689 2384 1731; x_wconf 92' lang='lat' dir='ltr'><strong>tum</strong></span> <span class='ocrx_word' id='word_1_698' title='bbox 2421 1688 2518 1732; x_wconf 90' lang='lat' dir='ltr'><strong>est.</strong></span> <span class='ocrx_word' id='word_1_699' title='bbox 2548 1678 2755 1731; x_wconf 86' lang='lat' dir='ltr'><strong>Initium</strong></span> <span class='ocrx_word' id='word_1_700' title='bbox 2785 1693 2910 1747; x_wconf 88' lang='lat' dir='ltr'><strong>ergo</strong></span> <span class='ocrx_word' id='word_1_701' title='bbox 2957 1678 3036 1732; x_wconf 81' lang='lat' dir='ltr'><strong>fac</strong></span> <span class='ocrx_word' id='word_1_702' title='bbox 3067 1693 3096 1732; x_wconf 87' lang='lat' dir='ltr'><strong>a</strong></span> <span class='ocrx_word' id='word_1_703' title='bbox 3138 1681 3330 1748; x_wconf 86' lang='lat' dir='ltr'><strong>capite.</strong></span> <span class='ocrx_word' id='word_1_704' title='bbox 3384 1681 3637 1747; x_wconf 79' lang='lat' dir='ltr'><strong>Quidnam</strong></span> <span class='ocrx_word' id='word_1_705' title='bbox 3680 1685 3842 1753; x_wconf 81' lang='lat' dir='ltr'><strong>igitur</strong></span> 
     </span>
    </p>
   </div>
   <div class='ocr_carea' id='block_1_87' title="bbox 2275 1770 3841 1839">
    <p class='ocr_par' dir='ltr' id='par_1_87' title="bbox 2275 1770 3841 1839">
     <span class='ocr_line' id='line_1_89' title="bbox 2275 1770 3841 1839; baseline 0.004 -16"><span class='ocrx_word' id='word_1_706' title='bbox 2275 1780 2387 1823; x_wconf 87' lang='lat' dir='ltr'><strong>erat</strong></span> <span class='ocrx_word' id='word_1_707' title='bbox 2416 1770 2681 1838; x_wconf 87' lang='lat' dir='ltr'><strong>primum?</strong></span> <span class='ocrx_word' id='word_1_708' title='bbox 2730 1770 3004 1832; x_wconf 87' lang='lat' dir='ltr'><strong>tiaramne,</strong></span> <span class='ocrx_word' id='word_1_709' title='bbox 3050 1770 3131 1823; x_wconf 90' lang='lat' dir='ltr'><strong>vel</strong></span> <span class='ocrx_word' id='word_1_710' title='bbox 3174 1770 3298 1839; x_wconf 90' lang='lat' dir='ltr'><strong>quid</strong></span> <span class='ocrx_word' id='word_1_711' title='bbox 3347 1773 3513 1838; x_wconf 90' lang='lat' dir='ltr'><strong>primo</strong></span> <span class='ocrx_word' id='word_1_712' title='bbox 3564 1777 3841 1830; x_wconf 83' lang='lat' dir='ltr'><strong>nominat?</strong></span> 
     </span>
    </p>
   </div>
   <div class='ocr_carea' id='block_1_88' title="bbox 2273 1860 3839 1929">
    <p class='ocr_par' dir='ltr' id='par_1_88' title="bbox 2273 1860 3839 1929">
     <span class='ocr_line' id='line_1_90' title="bbox 2273 1860 3839 1929; baseline 0.004 -16"><span class='ocrx_word' id='word_1_713' title='bbox 2273 1860 2398 1928; x_wconf 89' lang='lat' dir='ltr'><strong>quid</strong></span> <span class='ocrx_word' id='word_1_714' title='bbox 2435 1871 2552 1929; x_wconf 88' lang='lat' dir='ltr'><strong>post</strong></span> <span class='ocrx_word' id='word_1_715' title='bbox 2581 1861 2766 1914; x_wconf 88' lang='lat' dir='ltr'><strong>tiaram</strong></span> <span class='ocrx_word' id='word_1_716' title='bbox 2817 1860 2976 1923; x_wconf 87' lang='lat' dir='ltr'><strong>illam,</strong></span> <span class='ocrx_word' id='word_1_717' title='bbox 3020 1860 3168 1928; x_wconf 88' lang='lat' dir='ltr'><strong>quasi</strong></span> <span class='ocrx_word' id='word_1_718' title='bbox 3209 1862 3656 1917; x_wconf 81' lang='lat' dir='ltr'><strong>conciliatriceml</strong></span> <span class='ocrx_word' id='word_1_719' title='bbox 3696 1865 3839 1919; x_wconf 83' lang='lat' dir='ltr'><strong>Loco</strong></span> 
     </span>
    </p>
   </div>
   <div class='ocr_carea' id='block_1_89' title="bbox 2275 1953 3840 2023">
    <p class='ocr_par' dir='ltr' id='par_1_89' title="bbox 2275 1953 3840 2023">
     <span class='ocr_line' id='line_1_91' title="bbox 2275 1953 3840 2023; baseline 0.004 -19"><span class='ocrx_word' id='word_1_720' title='bbox 2275 1954 2418 2005; x_wconf 75' lang='lat' dir='ltr'><strong>tiara:</strong></span> <span class='ocrx_word' id='word_1_721' title='bbox 2441 1954 2597 2021; x_wconf 88' lang='lat' dir='ltr'><strong>igitur</strong></span> <span class='ocrx_word' id='word_1_722' title='bbox 2625 1963 2706 2006; x_wconf 91' lang='lat' dir='ltr'><strong>est</strong></span> <span class='ocrx_word' id='word_1_723' title='bbox 2737 1953 2943 2007; x_wconf 87' lang='lat' dir='ltr'><strong>habitus</strong></span> <span class='ocrx_word' id='word_1_724' title='bbox 2975 1953 3133 2006; x_wconf 92' lang='lat' dir='ltr'><strong>totius</strong></span> <span class='ocrx_word' id='word_1_725' title='bbox 3183 1953 3321 2007; x_wconf 90' lang='lat' dir='ltr'><strong>illius</strong></span> <span class='ocrx_word' id='word_1_726' title='bbox 3370 1958 3549 2008; x_wconf 87' lang='lat' dir='ltr'><strong>vestis.</strong></span> <span class='ocrx_word' id='word_1_727' title='bbox 3595 1955 3840 2023; x_wconf 56' lang='lat' dir='ltr'><strong>Quando.</strong></span> 
     </span>
    </p>
   </div>
   <div class='ocr_carea' id='block_1_90' title="bbox 2275 2043 3830 2116">
    <p class='ocr_par' dir='ltr' id='par_1_90' title="bbox 2275 2043 3830 2116">
     <span class='ocr_line' id='line_1_92' title="bbox 2275 2043 3830 2116; baseline 0.004 -22"><span class='ocrx_word' id='word_1_728' title='bbox 2275 2043 2483 2110; x_wconf 89' lang='lat' dir='ltr'><strong>quidem</strong></span> <span class='ocrx_word' id='word_1_729' title='bbox 2517 2044 2747 2112; x_wconf 77' lang='lat' dir='ltr'><strong>pontifex</strong></span> <span class='ocrx_word' id='word_1_730' title='bbox 2774 2051 2930 2112; x_wconf 92' lang='lat' dir='ltr'><strong>caput</strong></span> <span class='ocrx_word' id='word_1_731' title='bbox 2951 2051 3064 2096; x_wconf 87' lang='lat' dir='ltr'><strong>erat</strong></span> <span class='ocrx_word' id='word_1_732' title='bbox 3091 2045 3290 2111; x_wconf 89' lang='lat' dir='ltr'><strong>p0pnli,</strong></span> <span class='ocrx_word' id='word_1_733' title='bbox 3318 2059 3411 2112; x_wconf 86' lang='lat' dir='ltr'><strong>par</strong></span> <span class='ocrx_word' id='word_1_734' title='bbox 3433 2054 3546 2098; x_wconf 88' lang='lat' dir='ltr'><strong>erat</strong></span> <span class='ocrx_word' id='word_1_735' title='bbox 3577 2061 3716 2110; x_wconf 89' lang='lat' dir='ltr'><strong>eum,</strong></span> <span class='ocrx_word' id='word_1_736' title='bbox 3745 2048 3830 2116; x_wconf 91' lang='lat' dir='ltr'><strong>qui</strong></span> 
     </span>
    </p>
   </div>
   <div class='ocr_carea' id='block_1_91' title="bbox 2273 2134 3834 2202">
    <p class='ocr_par' dir='ltr' id='par_1_91' title="bbox 2273 2134 3834 2202">
     <span class='ocr_line' id='line_1_93' title="bbox 2273 2134 3834 2202; baseline 0.003 -16"><span class='ocrx_word' id='word_1_737' title='bbox 2273 2143 2587 2200; x_wconf 85' lang='lat' dir='ltr'><strong>caputesset</strong></span> <span class='ocrx_word' id='word_1_738' title='bbox 2612 2135 2869 2196; x_wconf 90' lang='lat' dir='ltr'><strong>omnium,</strong></span> <span class='ocrx_word' id='word_1_739' title='bbox 2900 2134 2948 2186; x_wconf 92' lang='lat' dir='ltr'><strong>in</strong></span> <span class='ocrx_word' id='word_1_740' title='bbox 2968 2134 3138 2202; x_wconf 89' lang='lat' dir='ltr'><strong>capite</strong></span> <span class='ocrx_word' id='word_1_741' title='bbox 3158 2134 3270 2202; x_wconf 89' lang='lat' dir='ltr'><strong>ejus</strong></span> <span class='ocrx_word' id='word_1_742' title='bbox 3301 2136 3377 2188; x_wconf 93' lang='lat' dir='ltr'><strong>rei</strong></span> <span class='ocrx_word' id='word_1_743' title='bbox 3407 2136 3697 2202; x_wconf 81' lang='lat' dir='ltr'><strong>symbolum</strong></span> <span class='ocrx_word' id='word_1_744' title='bbox 3743 2153 3834 2190; x_wconf 79' lang='lat' dir='ltr'><strong>ex-</strong></span> 
     </span>
    </p>
   </div>
   <div class='ocr_carea' id='block_1_92' title="bbox 2276 2224 3834 2293">
    <p class='ocr_par' dir='ltr' id='par_1_92' title="bbox 2276 2224 3834 2293">
     <span class='ocr_line' id='line_1_94' title="bbox 2276 2224 3834 2293; baseline 0.004 -19"><span class='ocrx_word' id='word_1_745' title='bbox 2276 2224 2474 2278; x_wconf 83' lang='lat' dir='ltr'><strong>hibere.</strong></span> <span class='ocrx_word' id='word_1_746' title='bbox 2549 2225 2802 2280; x_wconf 84' lang='lat' dir='ltr'><strong>Ahsolnta</strong></span> <span class='ocrx_word' id='word_1_747' title='bbox 2870 2225 3130 2293; x_wconf 88' lang='lat' dir='ltr'><strong>siquidem</strong></span> <span class='ocrx_word' id='word_1_748' title='bbox 3174 2233 3227 2280; x_wconf 90' lang='lat' dir='ltr'><strong>et</strong></span> <span class='ocrx_word' id='word_1_749' title='bbox 3289 2226 3507 2279; x_wconf 89' lang='lat' dir='ltr'><strong>remissa</strong></span> <span class='ocrx_word' id='word_1_750' title='bbox 3559 2229 3834 2282; x_wconf 82' lang='lat' dir='ltr'><strong>auctoritas</strong></span> 
     </span>
    </p>
   </div>
   <div class='ocr_carea' id='block_1_93' title="bbox 2274 2316 3833 2388">
    <p class='ocr_par' dir='ltr' id='par_1_93' title="bbox 2274 2316 3833 2388">
     <span class='ocr_line' id='line_1_95' title="bbox 2274 2316 3833 2388; baseline 0.003 -21"><span class='ocrx_word' id='word_1_751' title='bbox 2274 2316 2395 2368; x_wconf 79' lang='lat' dir='ltr'><strong>ferri</strong></span> <span class='ocrx_word' id='word_1_752' title='bbox 2427 2319 2608 2386; x_wconf 91' lang='lat' dir='ltr'><strong>nequit</strong></span> <span class='ocrx_word' id='word_1_753' title='bbox 2639 2336 2652 2370; x_wconf 89' lang='lat'><strong>:</strong></span> <span class='ocrx_word' id='word_1_754' title='bbox 2677 2333 2792 2384; x_wconf 78' lang='lat' dir='ltr'><strong>qua:</strong></span> <span class='ocrx_word' id='word_1_755' title='bbox 2809 2333 2934 2371; x_wconf 91' lang='lat' dir='ltr'><strong>vero</strong></span> <span class='ocrx_word' id='word_1_756' title='bbox 2957 2319 3036 2371; x_wconf 91' lang='lat' dir='ltr'><strong>sui</strong></span> <span class='ocrx_word' id='word_1_757' title='bbox 3069 2317 3274 2385; x_wconf 89' lang='lat' dir='ltr'><strong>imperii</strong></span> <span class='ocrx_word' id='word_1_758' title='bbox 3301 2318 3594 2388; x_wconf 85' lang='lat' dir='ltr'><strong>symbolum</strong></span> <span class='ocrx_word' id='word_1_759' title='bbox 3622 2320 3833 2386; x_wconf 83' lang='lat' dir='ltr'><strong>imposi-</strong></span> 
     </span>
    </p>
   </div>
   <div class='ocr_carea' id='block_1_94' title="bbox 2274 2409 3836 2478">
    <p class='ocr_par' dir='ltr' id='par_1_94' title="bbox 2274 2409 3836 2478">
     <span class='ocr_line' id='line_1_96' title="bbox 2274 2409 3836 2478; baseline 0.003 -21"><span class='ocrx_word' id='word_1_760' title='bbox 2274 2415 2382 2459; x_wconf 93' lang='lat' dir='ltr'><strong>tum</strong></span> <span class='ocrx_word' id='word_1_761' title='bbox 2404 2409 2556 2475; x_wconf 91' lang='lat' dir='ltr'><strong>gerit,</strong></span> <span class='ocrx_word' id='word_1_762' title='bbox 2587 2409 2685 2475; x_wconf 84' lang='lat' dir='ltr'><strong>legi</strong></span> <span class='ocrx_word' id='word_1_763' title='bbox 2717 2409 2993 2477; x_wconf 88' lang='lat' dir='ltr'><strong>subjicitur</strong></span> <span class='ocrx_word' id='word_1_764' title='bbox 3013 2416 3066 2462; x_wconf 89' lang='lat' dir='ltr'><strong>et</strong></span> <span class='ocrx_word' id='word_1_765' title='bbox 3089 2420 3254 2477; x_wconf 83' lang='lat' dir='ltr'><strong>paret.</strong></span> <span class='ocrx_word' id='word_1_766' title='bbox 3281 2410 3456 2478; x_wconf 83' lang='lat' dir='ltr'><strong>Itaque</strong></span> <span class='ocrx_word' id='word_1_767' title='bbox 3490 2409 3641 2478; x_wconf 89' lang='lat' dir='ltr'><strong>jubet</strong></span> <span class='ocrx_word' id='word_1_768' title='bbox 3687 2420 3836 2478; x_wconf 87' lang='lat' dir='ltr'><strong>caput</strong></span> 
     </span>
    </p>
   </div>
   <div class='ocr_carea' id='block_1_95' title="bbox 2274 2496 3834 2566">
    <p class='ocr_par' dir='ltr' id='par_1_95' title="bbox 2274 2496 3834 2566">
     <span class='ocr_line' id='line_1_97' title="bbox 2274 2496 3834 2566; baseline 0.004 -21"><span class='ocrx_word' id='word_1_769' title='bbox 2274 2496 2490 2548; x_wconf 83' lang='lat' dir='ltr'><strong>minime</strong></span> <span class='ocrx_word' id='word_1_770' title='bbox 2527 2511 2646 2550; x_wconf 87' lang='lat' dir='ltr'><strong>esse</strong></span> <span class='ocrx_word' id='word_1_771' title='bbox 2681 2497 2896 2558; x_wconf 86' lang='lat' dir='ltr'><strong>nudum,</strong></span> <span class='ocrx_word' id='word_1_772' title='bbox 2921 2496 3012 2548; x_wconf 89' lang='lat' dir='ltr'><strong>sed</strong></span> <span class='ocrx_word' id='word_1_773' title='bbox 3033 2504 3358 2564; x_wconf 78' lang='lat' dir='ltr'><strong>coopertum,</strong></span> <span class='ocrx_word' id='word_1_774' title='bbox 3393 2506 3447 2549; x_wconf 89' lang='lat' dir='ltr'><strong>ut</strong></span> <span class='ocrx_word' id='word_1_775' title='bbox 3474 2496 3641 2550; x_wconf 88' lang='lat' dir='ltr'><strong>discat</strong></span> <span class='ocrx_word' id='word_1_776' title='bbox 3666 2498 3834 2566; x_wconf 86' lang='lat' dir='ltr'><strong>populi</strong></span> 
     </span>
    </p>
   </div>
   <div class='ocr_carea' id='block_1_96' title="bbox 2273 2585 3832 2655">
    <p class='ocr_par' dir='ltr' id='par_1_96' title="bbox 2273 2585 3832 2655">
     <span class='ocr_line' id='line_1_98' title="bbox 2273 2585 3832 2655; baseline 0.001 -17"><span class='ocrx_word' id='word_1_777' title='bbox 2273 2594 2448 2652; x_wconf 90' lang='lat' dir='ltr'><strong>caput,</strong></span> <span class='ocrx_word' id='word_1_778' title='bbox 2470 2602 2526 2639; x_wconf 93' lang='lat' dir='ltr'><strong>se</strong></span> <span class='ocrx_word' id='word_1_779' title='bbox 2551 2598 2709 2655; x_wconf 90' lang='lat' dir='ltr'><strong>caput</strong></span> <span class='ocrx_word' id='word_1_780' title='bbox 2735 2586 2945 2640; x_wconf 87' lang='lat' dir='ltr'><strong>habere.</strong></span> <span class='ocrx_word' id='word_1_781' title='bbox 2980 2585 3174 2640; x_wconf 90' lang='lat' dir='ltr'><strong>Idcirco</strong></span> <span class='ocrx_word' id='word_1_782' title='bbox 3195 2586 3350 2640; x_wconf 91' lang='lat' dir='ltr'><strong>etiam</strong></span> <span class='ocrx_word' id='word_1_783' title='bbox 3371 2586 3421 2638; x_wconf 92' lang='lat' dir='ltr'><strong>in</strong></span> <span class='ocrx_word' id='word_1_784' title='bbox 3441 2586 3698 2651; x_wconf 84' lang='lat' dir='ltr'><strong>Ecclesia,</strong></span> <span class='ocrx_word' id='word_1_785' title='bbox 3718 2603 3832 2640; x_wconf 91' lang='lat' dir='ltr'><strong>cum</strong></span> 
     </span>
    </p>
   </div>
   <div class='ocr_carea' id='block_1_97' title="bbox 2273 2673 3835 2744">
    <p class='ocr_par' dir='ltr' id='par_1_97' title="bbox 2273 2673 3835 2744">
     <span class='ocr_line' id='line_1_99' title="bbox 2273 2673 3835 2744; baseline 0.001 -19"><span class='ocrx_word' id='word_1_786' title='bbox 2273 2674 2586 2728; x_wconf 91' lang='lat' dir='ltr'><strong>ordinantur</strong></span> <span class='ocrx_word' id='word_1_787' title='bbox 2599 2677 2920 2738; x_wconf 83' lang='lat' dir='ltr'><strong>sacerdotes,</strong></span> <span class='ocrx_word' id='word_1_788' title='bbox 2939 2675 3276 2744; x_wconf 86' lang='lat' dir='ltr'><strong>Evangelium</strong></span> <span class='ocrx_word' id='word_1_789' title='bbox 3293 2673 3484 2728; x_wconf 86' lang='lat' dir='ltr'><strong>Christi</strong></span> <span class='ocrx_word' id='word_1_790' title='bbox 3502 2675 3659 2742; x_wconf 90' lang='lat' dir='ltr'><strong>capiti</strong></span> <span class='ocrx_word' id='word_1_791' title='bbox 3678 2677 3835 2741; x_wconf 90' lang='lat' dir='ltr'><strong>impo-</strong></span> 
     </span>
    </p>
   </div>
   <div class='ocr_carea' id='block_1_98' title="bbox 2273 2762 3831 2834">
    <p class='ocr_par' dir='ltr' id='par_1_98' title="bbox 2273 2762 3831 2834">
     <span class='ocr_line' id='line_1_100' title="bbox 2273 2762 3831 2834; baseline 0.001 -18"><span class='ocrx_word' id='word_1_792' title='bbox 2273 2764 2434 2820; x_wconf 90' lang='lat' dir='ltr'><strong>nitur.</strong></span> <span class='ocrx_word' id='word_1_793' title='bbox 2459 2775 2513 2817; x_wconf 93' lang='lat' dir='ltr'><strong>ut</strong></span> <span class='ocrx_word' id='word_1_794' title='bbox 2541 2766 2710 2820; x_wconf 89' lang='lat' dir='ltr'><strong>discat</strong></span> <span class='ocrx_word' id='word_1_795' title='bbox 2751 2768 2814 2829; x_wconf 90' lang='lat' dir='ltr'><strong>is,</strong></span> <span class='ocrx_word' id='word_1_796' title='bbox 2847 2764 2935 2834; x_wconf 90' lang='lat' dir='ltr'><strong>qui</strong></span> <span class='ocrx_word' id='word_1_797' title='bbox 2961 2762 3257 2827; x_wconf 87' lang='lat' dir='ltr'><strong>ordinatur,</strong></span> <span class='ocrx_word' id='word_1_798' title='bbox 3285 2778 3462 2817; x_wconf 86' lang='lat' dir='ltr'><strong>veram</strong></span> <span class='ocrx_word' id='word_1_799' title='bbox 3492 2777 3552 2817; x_wconf 91' lang='lat' dir='ltr'><strong>se</strong></span> <span class='ocrx_word' id='word_1_800' title='bbox 3599 2765 3831 2832; x_wconf 87' lang='lat' dir='ltr'><strong>recipere</strong></span> 
     </span>
    </p>
   </div>
   <div class='ocr_carea' id='block_1_99' title="bbox 2275 2851 3830 2922">
    <p class='ocr_par' dir='ltr' id='par_1_99' title="bbox 2275 2851 3830 2922">
     <span class='ocr_line' id='line_1_101' title="bbox 2275 2851 3830 2922; baseline 0.001 -20"><span class='ocrx_word' id='word_1_801' title='bbox 2275 2851 3039 2922; x_wconf 85' lang='lat' dir='ltr'><strong>Evangeliitiaram;atquent</strong></span> <span class='ocrx_word' id='word_1_802' title='bbox 3082 2854 3271 2918; x_wconf 87' lang='lat' dir='ltr'><strong>discat,</strong></span> <span class='ocrx_word' id='word_1_803' title='bbox 3327 2854 3569 2922; x_wconf 88' lang='lat' dir='ltr'><strong>quamvis</strong></span> <span class='ocrx_word' id='word_1_804' title='bbox 3612 2854 3682 2905; x_wconf 88' lang='lat' dir='ltr'><strong>sit</strong></span> <span class='ocrx_word' id='word_1_805' title='bbox 3720 2867 3830 2904; x_wconf 83' lang='lat' dir='ltr'><strong>om-</strong></span> 
     </span>
    </p>
   </div>
   <div class='ocr_carea' id='block_1_100' title="bbox 2272 2941 3831 3010">
    <p class='ocr_par' dir='ltr' id='par_1_100' title="bbox 2272 2941 3831 3010">
     <span class='ocr_line' id='line_1_102' title="bbox 2272 2941 3831 3010; baseline -0.003 -16"><span class='ocrx_word' id='word_1_806' title='bbox 2272 2941 2415 2994; x_wconf 90' lang='lat' dir='ltr'><strong>nium</strong></span> <span class='ocrx_word' id='word_1_807' title='bbox 2441 2952 2616 3007; x_wconf 89' lang='lat' dir='ltr'><strong>caput,</strong></span> <span class='ocrx_word' id='word_1_808' title='bbox 2646 2956 2706 2996; x_wconf 88' lang='lat' dir='ltr'><strong>se</strong></span> <span class='ocrx_word' id='word_1_809' title='bbox 2739 2951 2914 2995; x_wconf 90' lang='lat' dir='ltr'><strong>tamen</strong></span> <span class='ocrx_word' id='word_1_810' title='bbox 2942 2942 3146 3010; x_wconf 87' lang='lat' dir='ltr'><strong>legibus</strong></span> <span class='ocrx_word' id='word_1_811' title='bbox 3203 2942 3317 2995; x_wconf 79' lang='lat' dir='ltr'><strong>iStis</strong></span> <span class='ocrx_word' id='word_1_812' title='bbox 3367 2941 3550 3008; x_wconf 89' lang='lat' dir='ltr'><strong>subjici</strong></span> <span class='ocrx_word' id='word_1_813' title='bbox 3589 2951 3681 2994; x_wconf 90' lang='lat' dir='ltr'><strong>:et</strong></span> <span class='ocrx_word' id='word_1_814' title='bbox 3717 2955 3831 2993; x_wconf 89' lang='lat' dir='ltr'><strong>eum</strong></span> 
     </span>
    </p>
   </div>
   <div class='ocr_carea' id='block_1_101' title="bbox 2271 3030 3835 3100">
    <p class='ocr_par' dir='ltr' id='par_1_101' title="bbox 2271 3030 3835 3100">
     <span class='ocr_line' id='line_1_103' title="bbox 2271 3030 3835 3100; baseline -0.001 -19"><span class='ocrx_word' id='word_1_815' title='bbox 2271 3032 2358 3099; x_wconf 92' lang='lat' dir='ltr'><strong>qni</strong></span> <span class='ocrx_word' id='word_1_816' title='bbox 2384 3033 2626 3084; x_wconf 89' lang='lat' dir='ltr'><strong>omnibus</strong></span> <span class='ocrx_word' id='word_1_817' title='bbox 2645 3032 2888 3099; x_wconf 90' lang='lat' dir='ltr'><strong>imperat,</strong></span> <span class='ocrx_word' id='word_1_818' title='bbox 2911 3031 3041 3100; x_wconf 84' lang='lat' dir='ltr'><strong>legis</strong></span> <span class='ocrx_word' id='word_1_819' title='bbox 3071 3032 3289 3100; x_wconf 90' lang='lat' dir='ltr'><strong>imperio</strong></span> <span class='ocrx_word' id='word_1_820' title='bbox 3332 3030 3587 3092; x_wconf 86' lang='lat' dir='ltr'><strong>subesse;</strong></span> <span class='ocrx_word' id='word_1_821' title='bbox 3616 3043 3835 3096; x_wconf 87' lang='lat' dir='ltr'><strong>eumque</strong></span> 
     </span>
    </p>
   </div>
   <div class='ocr_carea' id='block_1_102' title="bbox 2272 3119 3829 3190">
    <p class='ocr_par' dir='ltr' id='par_1_102' title="bbox 2272 3119 3829 3190">
     <span class='ocr_line' id='line_1_104' title="bbox 2272 3119 3829 3190; baseline -0.003 -17"><span class='ocrx_word' id='word_1_822' title='bbox 2272 3123 2356 3190; x_wconf 88' lang='lat' dir='ltr'><strong>qui</strong></span> <span class='ocrx_word' id='word_1_823' title='bbox 2385 3122 2627 3175; x_wconf 87' lang='lat' dir='ltr'><strong>omnibus</strong></span> <span class='ocrx_word' id='word_1_824' title='bbox 2645 3122 2736 3175; x_wconf 88' lang='lat' dir='ltr'><strong>dat</strong></span> <span class='ocrx_word' id='word_1_825' title='bbox 2754 3121 3018 3184; x_wconf 84' lang='lat' dir='ltr'><strong>mandata,</strong></span> <span class='ocrx_word' id='word_1_826' title='bbox 3045 3136 3075 3174; x_wconf 90' lang='lat' dir='ltr'><strong>a</strong></span> <span class='ocrx_word' id='word_1_827' title='bbox 3106 3121 3310 3189; x_wconf 83' lang='lat' dir='ltr'><strong>legibus</strong></span> <span class='ocrx_word' id='word_1_828' title='bbox 3335 3120 3641 3172; x_wconf 83' lang='lat' dir='ltr'><strong>mandatum</strong></span> <span class='ocrx_word' id='word_1_829' title='bbox 3693 3119 3829 3171; x_wconf 87' lang='lat' dir='ltr'><strong>acci-</strong></span> 
     </span>
    </p>
   </div>
   <div class='ocr_carea' id='block_1_103' title="bbox 2272 3209 3831 3283">
    <p class='ocr_par' dir='ltr' id='par_1_103' title="bbox 2272 3209 3831 3283">
     <span class='ocr_line' id='line_1_105' title="bbox 2272 3209 3831 3283; baseline -0.004 -16"><span class='ocrx_word' id='word_1_830' title='bbox 2272 3229 2417 3283; x_wconf 88' lang='lat' dir='ltr'><strong>pere.</strong></span> <span class='ocrx_word' id='word_1_831' title='bbox 2439 3214 2720 3283; x_wconf 88' lang='lat' dir='ltr'><strong>Propterea</strong></span> <span class='ocrx_word' id='word_1_832' title='bbox 2751 3215 2940 3268; x_wconf 87' lang='lat' dir='ltr'><strong>nobilis</strong></span> <span class='ocrx_word' id='word_1_833' title='bbox 2971 3216 3051 3267; x_wconf 85' lang='lat' dir='ltr'><strong>vir</strong></span> <span class='ocrx_word' id='word_1_834' title='bbox 3070 3213 3280 3282; x_wconf 90' lang='lat' dir='ltr'><strong>quidam</strong></span> <span class='ocrx_word' id='word_1_835' title='bbox 3317 3227 3383 3265; x_wconf 78' lang='lat' dir='ltr'><strong>ex</strong></span> <span class='ocrx_word' id='word_1_836' title='bbox 3413 3212 3703 3274; x_wconf 72' lang='lat' dir='ltr'><strong>veteribus,</strong></span> <span class='ocrx_word' id='word_1_837' title='bbox 3754 3209 3831 3263; x_wconf 88' lang='lat' dir='ltr'><strong>cui</strong></span> 
     </span>
    </p>
   </div>
   <div class='ocr_carea' id='block_1_104' title="bbox 2273 3302 3834 3377">
    <p class='ocr_par' dir='ltr' id='par_1_104' title="bbox 2273 3302 3834 3377">
     <span class='ocr_line' id='line_1_106' title="bbox 2273 3302 3834 3377; baseline -0.005 -17"><span class='ocrx_word' id='word_1_838' title='bbox 2273 3323 2463 3361; x_wconf 89' lang='lat' dir='ltr'><strong>nomen</strong></span> <span class='ocrx_word' id='word_1_839' title='bbox 2497 3307 2742 3377; x_wconf 85' lang='lat' dir='ltr'><strong>lgnatius,</strong></span> <span class='ocrx_word' id='word_1_840' title='bbox 2773 3307 2965 3375; x_wconf 88' lang='lat' dir='ltr'><strong>quique</strong></span> <span class='ocrx_word' id='word_1_841' title='bbox 2992 3304 3286 3359; x_wconf 87' lang='lat' dir='ltr'><strong>sacerdotio</strong></span> <span class='ocrx_word' id='word_1_842' title='bbox 3311 3304 3466 3357; x_wconf 87' lang='lat' dir='ltr'><strong>simul</strong></span> <span class='ocrx_word' id='word_1_843' title='bbox 3512 3312 3565 3355; x_wconf 89' lang='lat' dir='ltr'><strong>et</strong></span> <span class='ocrx_word' id='word_1_844' title='bbox 3589 3302 3834 3370; x_wconf 85' lang='lat' dir='ltr'><strong>martyrio</strong></span> 
     </span>
    </p>
   </div>
   <div class='ocr_carea' id='block_1_105' title="bbox 2270 3393 3830 3464">
    <p class='ocr_par' dir='ltr' id='par_1_105' title="bbox 2270 3393 3830 3464">
     <span class='ocr_line' id='line_1_107' title="bbox 2270 3393 3830 3464; baseline -0.005 -12"><span class='ocrx_word' id='word_1_845' title='bbox 2270 3398 2551 3452; x_wconf 89' lang='lat' dir='ltr'><strong>decoratus</strong></span> <span class='ocrx_word' id='word_1_846' title='bbox 2580 3397 2696 3459; x_wconf 80' lang='lat' dir='ltr'><strong>fuit,</strong></span> <span class='ocrx_word' id='word_1_847' title='bbox 2724 3398 2787 3450; x_wconf 87' lang='lat' dir='ltr'><strong>ad</strong></span> <span class='ocrx_word' id='word_1_848' title='bbox 2817 3396 3143 3451; x_wconf 84' lang='lat' dir='ltr'><strong>sacerdotem</strong></span> <span class='ocrx_word' id='word_1_849' title='bbox 3170 3394 3449 3464; x_wconf 83' lang='lat' dir='ltr'><strong>quemdam</strong></span> <span class='ocrx_word' id='word_1_850' title='bbox 3481 3394 3722 3447; x_wconf 88' lang='lat' dir='ltr'><strong>scribens</strong></span> <span class='ocrx_word' id='word_1_851' title='bbox 3753 3393 3830 3452; x_wconf 81' lang='lat' dir='ltr'><strong>di-</strong></span> 
     </span>
    </p>
   </div>
   <div class='ocr_carea' id='block_1_106' title="bbox 2271 3484 3834 3552">
    <p class='ocr_par' dir='ltr' id='par_1_106' title="bbox 2271 3484 3834 3552">
     <span class='ocr_line' id='line_1_108' title="bbox 2271 3484 3834 3552; baseline -0.006 -10"><span class='ocrx_word' id='word_1_852' title='bbox 2271 3490 2424 3542; x_wconf 90' lang='lat' dir='ltr'><strong>cebat</strong></span> <span class='ocrx_word' id='word_1_853' title='bbox 2455 3507 2470 3544; x_wconf 90' lang='lat'><strong>:</strong></span> <span class='ocrx_word' id='word_1_854' title='bbox 2501 3489 2641 3543; x_wconf 83' lang='lat' dir='ltr'><strong>Nihil</strong></span> <span class='ocrx_word' id='word_1_855' title='bbox 2668 3490 2780 3542; x_wconf 87' lang='lat' dir='ltr'><strong>sine</strong></span> <span class='ocrx_word' id='word_1_856' title='bbox 2803 3498 2887 3542; x_wconf 88' lang='lat' dir='ltr'><strong>tua</strong></span> <span class='ocrx_word' id='word_1_857' title='bbox 2915 3489 3429 3552; x_wconf 87' lang='lat' dir='ltr'><strong>voluntategeratur,</strong></span> <span class='ocrx_word' id='word_1_858' title='bbox 3445 3498 3617 3552; x_wconf 84' lang='lat' dir='ltr'><strong>neque</strong></span> <span class='ocrx_word' id='word_1_859' title='bbox 3638 3484 3759 3536; x_wconf 89' lang='lat' dir='ltr'><strong>item</strong></span> <span class='ocrx_word' id='word_1_860' title='bbox 3783 3491 3834 3533; x_wconf 91' lang='lat' dir='ltr'><strong>tu</strong></span> 
     </span>
    </p>
   </div>
   <div class='ocr_carea' id='block_1_107' title="bbox 2270 3572 3834 3645">
    <p class='ocr_par' dir='ltr' id='par_1_107' title="bbox 2270 3572 3834 3645">
     <span class='ocr_line' id='line_1_109' title="bbox 2270 3572 3834 3645; baseline -0.003 -18"><span class='ocrx_word' id='word_1_861' title='bbox 2270 3577 2545 3645; x_wconf 89' lang='lat' dir='ltr'><strong>quicquam</strong></span> <span class='ocrx_word' id='word_1_862' title='bbox 2576 3574 2776 3644; x_wconf 87' lang='lat' dir='ltr'><strong>absque</strong></span> <span class='ocrx_word' id='word_1_863' title='bbox 2829 3577 2920 3630; x_wconf 87' lang='lat' dir='ltr'><strong>Dei</strong></span> <span class='ocrx_word' id='word_1_864' title='bbox 2952 3575 3108 3628; x_wconf 79' lang='lat' dir='ltr'><strong>factas</strong></span> <span class='ocrx_word' id='word_1_865' title='bbox 3135 3573 3426 3627; x_wconf 85' lang='lat' dir='ltr'><strong>voluntate.</strong></span> <span class='ocrx_word' id='word_1_866' title='bbox 3477 3572 3627 3638; x_wconf 87' lang='lat' dir='ltr'><strong>Quod</strong></span> <span class='ocrx_word' id='word_1_867' title='bbox 3685 3572 3834 3640; x_wconf 87' lang='lat' dir='ltr'><strong>igitur</strong></span> 
     </span>
    </p>
   </div>
   <div class='ocr_carea' id='block_1_108' title="bbox 2271 3661 3836 3732">
    <p class='ocr_par' dir='ltr' id='par_1_108' title="bbox 2271 3661 3836 3732">
     <span class='ocr_line' id='line_1_110' title="bbox 2271 3661 3836 3732; baseline -0.003 -15"><span class='ocrx_word' id='word_1_868' title='bbox 2271 3665 2573 3732; x_wconf 88' lang='lat' dir='ltr'><strong>impositum</strong></span> <span class='ocrx_word' id='word_1_869' title='bbox 2602 3664 2818 3719; x_wconf 83' lang='lat' dir='ltr'><strong>haberet</strong></span> <span class='ocrx_word' id='word_1_870' title='bbox 2850 3664 3189 3732; x_wconf 84' lang='lat' dir='ltr'><strong>Evangelium</strong></span> <span class='ocrx_word' id='word_1_871' title='bbox 3219 3661 3473 3731; x_wconf 74' lang='lat' dir='ltr'><strong>pontifex,</strong></span> <span class='ocrx_word' id='word_1_872' title='bbox 3500 3662 3705 3730; x_wconf 85' lang='lat' dir='ltr'><strong>signum</strong></span> <span class='ocrx_word' id='word_1_873' title='bbox 3759 3669 3836 3713; x_wconf 89' lang='lat' dir='ltr'><strong>est</strong></span> 
     </span>
    </p>
   </div>
   <div class='ocr_carea' id='block_1_109' title="bbox 2269 3751 3836 3822">
    <p class='ocr_par' dir='ltr' id='par_1_109' title="bbox 2269 3751 3836 3822">
     <span class='ocr_line' id='line_1_111' title="bbox 2269 3751 3836 3822; baseline -0.003 -14"><span class='ocrx_word' id='word_1_874' title='bbox 2269 3768 2392 3808; x_wconf 89' lang='lat' dir='ltr'><strong>eum</strong></span> <span class='ocrx_word' id='word_1_875' title='bbox 2420 3769 2540 3808; x_wconf 88' lang='lat' dir='ltr'><strong>esse</strong></span> <span class='ocrx_word' id='word_1_876' title='bbox 2561 3754 2659 3807; x_wconf 89' lang='lat' dir='ltr'><strong>sub</strong></span> <span class='ocrx_word' id='word_1_877' title='bbox 2690 3762 2950 3822; x_wconf 87' lang='lat' dir='ltr'><strong>potestate</strong></span> <span class='ocrx_word' id='word_1_878' title='bbox 2974 3754 3338 3808; x_wconf 85' lang='lat' dir='ltr'><strong>constitutum.</strong></span> <span class='ocrx_word' id='word_1_879' title='bbox 3370 3751 3660 3820; x_wconf 65' lang='lat' dir='ltr'><strong>Propterea</strong></span> <span class='ocrx_word' id='word_1_880' title='bbox 3713 3752 3836 3804; x_wconf 83' lang='lat' dir='ltr'><strong>dicit</strong></span> 
     </span>
    </p>
   </div>
   <div class='ocr_carea' id='block_1_110' title="bbox 2270 3839 3825 3911">
    <p class='ocr_par' dir='ltr' id='par_1_110' title="bbox 2270 3839 3825 3911">
     <span class='ocr_line' id='line_1_112' title="bbox 2270 3839 3825 3911; baseline -0.001 -16"><span class='ocrx_word' id='word_1_881' title='bbox 2270 3842 2463 3896; x_wconf 91' lang='lat' dir='ltr'><strong>Paulus</strong></span> <span class='ocrx_word' id='word_1_882' title='bbox 2486 3842 2551 3896; x_wconf 86' lang='lat' dir='ltr'><strong>de</strong></span> <span class='ocrx_word' id='word_1_883' title='bbox 2581 3843 2802 3896; x_wconf 88' lang='lat' dir='ltr'><strong>muliere</strong></span> <span class='ocrx_word' id='word_1_884' title='bbox 2830 3858 2948 3911; x_wconf 74' lang='lat' dir='ltr'><strong>qua:</strong></span> <span class='ocrx_word' id='word_1_885' title='bbox 2976 3843 3212 3896; x_wconf 89' lang='lat' dir='ltr'><strong>velamen</strong></span> <span class='ocrx_word' id='word_1_886' title='bbox 3245 3841 3489 3904; x_wconf 82' lang='lat' dir='ltr'><strong>habebat,</strong></span> <span class='ocrx_word' id='word_1_887' title='bbox 3517 3839 3705 3894; x_wconf 76' lang='lat' dir='ltr'><strong>Mulier</strong></span> <span class='ocrx_word' id='word_1_888' title='bbox 3736 3839 3825 3893; x_wconf 90' lang='lat' dir='ltr'><strong>de-</strong></span> 
     </span>
    </p>
   </div>
   <div class='ocr_carea' id='block_1_111' title="bbox 2272 3931 3835 4002">
    <p class='ocr_par' dir='ltr' id='par_1_111' title="bbox 2272 3931 3835 4002">
     <span class='ocr_line' id='line_1_113' title="bbox 2272 3931 3835 4002; baseline -0.002 -15"><span class='ocrx_word' id='word_1_889' title='bbox 2272 3933 2360 3987; x_wconf 90' lang='lat' dir='ltr'><strong>bet</strong></span> <span class='ocrx_word' id='word_1_890' title='bbox 2387 3933 2581 3988; x_wconf 88' lang='lat' dir='ltr'><strong>habere</strong></span> <span class='ocrx_word' id='word_1_891' title='bbox 2608 3938 2844 3987; x_wconf 89' lang='lat' dir='ltr'><strong>velamen</strong></span> <span class='ocrx_word' id='word_1_892' title='bbox 2891 3948 3050 4002; x_wconf 86' lang='lat' dir='ltr'><strong>super</strong></span> <span class='ocrx_word' id='word_1_893' title='bbox 3095 3942 3270 4002; x_wconf 87' lang='lat' dir='ltr'><strong>caput,</strong></span> <span class='ocrx_word' id='word_1_894' title='bbox 3321 3931 3462 4002; x_wconf 89' lang='lat' dir='ltr'><strong>quod</strong></span> <span class='ocrx_word' id='word_1_895' title='bbox 3506 3942 3622 3987; x_wconf 88' lang='lat' dir='ltr'><strong>erat</strong></span> <span class='ocrx_word' id='word_1_896' title='bbox 3671 3933 3835 4000; x_wconf 79' lang='lat' dir='ltr'><strong>imago</strong></span> 
     </span>
    </p>
   </div>
   <div class='ocr_carea' id='block_1_112' title="bbox 2271 4025 3836 4095">
    <p class='ocr_par' dir='ltr' id='par_1_112' title="bbox 2271 4025 3836 4095">
     <span class='ocr_line' id='line_1_114' title="bbox 2271 4025 3836 4095; baseline 0 -18"><span class='ocrx_word' id='word_1_897' title='bbox 2271 4027 2543 4092; x_wconf 86' lang='lat' dir='ltr'><strong>potestatis</strong></span> <span class='ocrx_word' id='word_1_898' title='bbox 2571 4025 2656 4093; x_wconf 80' lang='grc' dir='ltr'><strong>(Ι.</strong></span> <span class='ocrx_word' id='word_1_899' title='bbox 2680 4025 2795 4078; x_wconf 89' lang='lat' dir='ltr'><strong>Cor.</strong></span> <span class='ocrx_word' id='word_1_900' title='bbox 2829 4027 2918 4080; x_wconf 82' lang='grc' dir='ltr'><strong>Η.</strong></span> <span class='ocrx_word' id='word_1_901' title='bbox 2941 4026 3049 4095; x_wconf 81' lang='grc'><strong>10).</strong></span> <span class='ocrx_word' id='word_1_902' title='bbox 3075 4026 3202 4079; x_wconf 87' lang='lat' dir='ltr'><strong>Erat</strong></span> <span class='ocrx_word' id='word_1_903' title='bbox 3222 4025 3380 4094; x_wconf 84' lang='lat' dir='ltr'><strong>igitur</strong></span> <span class='ocrx_word' id='word_1_904' title='bbox 3403 4025 3531 4078; x_wconf 83' lang='lat' dir='ltr'><strong>tiara</strong></span> <span class='ocrx_word' id='word_1_905' title='bbox 3557 4025 3720 4093; x_wconf 81' lang='lat' dir='ltr'><strong>ﬁgura</strong></span> <span class='ocrx_word' id='word_1_906' title='bbox 3751 4037 3836 4091; x_wconf 92' lang='lat' dir='ltr'><strong>po-</strong></span> 
     </span>
    </p>
   </div>
   <div class='ocr_carea' id='block_1_113' title="bbox 2272 4113 3831 4183">
    <p class='ocr_par' dir='ltr' id='par_1_113' title="bbox 2272 4113 3831 4183">
     <span class='ocr_line' id='line_1_115' title="bbox 2272 4113 3831 4183; baseline -0.003 -15"><span class='ocrx_word' id='word_1_907' title='bbox 2272 4116 2474 4169; x_wconf 90' lang='lat' dir='ltr'><strong>testatis</strong></span> <span class='ocrx_word' id='word_1_908' title='bbox 2501 4132 2513 4166; x_wconf 91' lang='lat'><strong>:</strong></span> <span class='ocrx_word' id='word_1_909' title='bbox 2544 4125 2659 4169; x_wconf 89' lang='lat' dir='ltr'><strong>erat</strong></span> <span class='ocrx_word' id='word_1_910' title='bbox 2677 4130 2835 4170; x_wconf 88' lang='lat' dir='ltr'><strong>aurea</strong></span> <span class='ocrx_word' id='word_1_911' title='bbox 2865 4115 3078 4180; x_wconf 90' lang='lat' dir='ltr'><strong>lamina,</strong></span> <span class='ocrx_word' id='word_1_912' title='bbox 3099 4115 3150 4168; x_wconf 91' lang='lat' dir='ltr'><strong>in</strong></span> <span class='ocrx_word' id='word_1_913' title='bbox 3177 4129 3279 4183; x_wconf 88' lang='lat' dir='ltr'><strong>qua</strong></span> <span class='ocrx_word' id='word_1_914' title='bbox 3306 4123 3423 4168; x_wconf 81' lang='lat' dir='ltr'><strong>erat</strong></span> <span class='ocrx_word' id='word_1_915' title='bbox 3443 4122 3660 4168; x_wconf 75' lang='lat' dir='ltr'><strong>exarata</strong></span> <span class='ocrx_word' id='word_1_916' title='bbox 3706 4113 3831 4168; x_wconf 86' lang='lat' dir='ltr'><strong>scri-</strong></span> 
     </span>
    </p>
   </div>
   <div class='ocr_carea' id='block_1_114' title="bbox 2270 4203 3833 4275">
    <p class='ocr_par' dir='ltr' id='par_1_114' title="bbox 2270 4203 3833 4275">
     <span class='ocr_line' id='line_1_116' title="bbox 2270 4203 3833 4275; baseline -0.002 -18"><span class='ocrx_word' id='word_1_917' title='bbox 2270 4215 2444 4275; x_wconf 85' lang='lat' dir='ltr'><strong>ptura,</strong></span> <span class='ocrx_word' id='word_1_918' title='bbox 2473 4222 2590 4274; x_wconf 72' lang='lat' dir='ltr'><strong>qua:</strong></span> <span class='ocrx_word' id='word_1_919' title='bbox 2618 4206 2709 4260; x_wconf 88' lang='lat' dir='ltr'><strong>Dei</strong></span> <span class='ocrx_word' id='word_1_920' title='bbox 2733 4221 2924 4259; x_wconf 92' lang='lat' dir='ltr'><strong>nomen</strong></span> <span class='ocrx_word' id='word_1_921' title='bbox 2953 4205 3300 4273; x_wconf 80' lang='lat' dir='ltr'><strong>exprimebat,</strong></span> <span class='ocrx_word' id='word_1_922' title='bbox 3333 4219 3394 4257; x_wconf 87' lang='lat' dir='ltr'><strong>ac</strong></span> <span class='ocrx_word' id='word_1_923' title='bbox 3446 4204 3679 4272; x_wconf 86' lang='lat' dir='ltr'><strong>primum</strong></span> <span class='ocrx_word' id='word_1_924' title='bbox 3706 4203 3833 4255; x_wconf 87' lang='lat' dir='ltr'><strong>indi-</strong></span> 
     </span>
    </p>
   </div>
   <div class='ocr_carea' id='block_1_115' title="bbox 2271 4293 3834 4363">
    <p class='ocr_par' dir='ltr' id='par_1_115' title="bbox 2271 4293 3834 4363">
     <span class='ocr_line' id='line_1_117' title="bbox 2271 4293 3834 4363; baseline -0.004 -15"><span class='ocrx_word' id='word_1_925' title='bbox 2271 4305 2356 4348; x_wconf 92' lang='lat' dir='ltr'><strong>cat</strong></span> <span class='ocrx_word' id='word_1_926' title='bbox 2377 4305 2686 4363; x_wconf 88' lang='lat' dir='ltr'><strong>potestatem</strong></span> <span class='ocrx_word' id='word_1_927' title='bbox 2717 4311 2835 4350; x_wconf 89' lang='lat' dir='ltr'><strong>esse</strong></span> <span class='ocrx_word' id='word_1_928' title='bbox 2867 4296 2954 4349; x_wconf 90' lang='lat' dir='ltr'><strong>Dei</strong></span> <span class='ocrx_word' id='word_1_929' title='bbox 3009 4310 3198 4349; x_wconf 92' lang='lat' dir='ltr'><strong>nomen</strong></span> <span class='ocrx_word' id='word_1_930' title='bbox 3229 4295 3339 4348; x_wconf 89' lang='lat' dir='ltr'><strong>Dei.</strong></span> <span class='ocrx_word' id='word_1_931' title='bbox 3375 4293 3501 4347; x_wconf 87' lang='lat' dir='ltr'><strong>Post</strong></span> <span class='ocrx_word' id='word_1_932' title='bbox 3552 4293 3738 4346; x_wconf 88' lang='lat' dir='ltr'><strong>tiaram</strong></span> <span class='ocrx_word' id='word_1_933' title='bbox 3786 4300 3834 4343; x_wconf 80' lang='lat' dir='ltr'><strong>et</strong></span> 
     </span>
    </p>
   </div>
   <div class='ocr_carea' id='block_1_116' title="bbox 2271 4390 3834 4457">
    <p class='ocr_par' dir='ltr' id='par_1_116' title="bbox 2271 4390 3834 4457">
     <span class='ocr_line' id='line_1_118' title="bbox 2271 4390 3834 4457; baseline -0.004 -13"><span class='ocrx_word' id='word_1_934' title='bbox 2271 4390 2517 4444; x_wconf 91' lang='lat' dir='ltr'><strong>laminam</strong></span> <span class='ocrx_word' id='word_1_935' title='bbox 2571 4392 2675 4444; x_wconf 93' lang='lat' dir='ltr'><strong>duo</strong></span> <span class='ocrx_word' id='word_1_936' title='bbox 2705 4390 2904 4457; x_wconf 86' lang='lat' dir='ltr'><strong>lapides</strong></span> <span class='ocrx_word' id='word_1_937' title='bbox 2957 4405 3115 4457; x_wconf 91' lang='lat' dir='ltr'><strong>supra</strong></span> <span class='ocrx_word' id='word_1_938' title='bbox 3146 4390 3396 4442; x_wconf 87' lang='lat' dir='ltr'><strong>humeros</strong></span> <span class='ocrx_word' id='word_1_939' title='bbox 3441 4395 3596 4440; x_wconf 87' lang='lat' dir='ltr'><strong>erant</strong></span> <span class='ocrx_word' id='word_1_940' title='bbox 3635 4400 3834 4438; x_wconf 81' lang='lat' dir='ltr'><strong>smara-</strong></span> 
     </span>
    </p>
   </div>
   <div class='ocr_carea' id='block_1_117' title="bbox 2271 4475 3830 4550">
    <p class='ocr_par' dir='ltr' id='par_1_117' title="bbox 2271 4475 3830 4550">
     <span class='ocr_line' id='line_1_119' title="bbox 2271 4475 3830 4550; baseline -0.004 -17"><span class='ocrx_word' id='word_1_941' title='bbox 2271 4482 2436 4550; x_wconf 88' lang='lat' dir='ltr'><strong>gdini,</strong></span> <span class='ocrx_word' id='word_1_942' title='bbox 2466 4496 2690 4548; x_wconf 91' lang='lat' dir='ltr'><strong>quorum</strong></span> <span class='ocrx_word' id='word_1_943' title='bbox 2714 4481 2847 4533; x_wconf 90' lang='lat' dir='ltr'><strong>alter</strong></span> <span class='ocrx_word' id='word_1_944' title='bbox 2873 4480 2995 4533; x_wconf 91' lang='lat' dir='ltr'><strong>hinc</strong></span> <span class='ocrx_word' id='word_1_945' title='bbox 3019 4494 3112 4532; x_wconf 83' lang='lat' dir='ltr'><strong>sex</strong></span> <span class='ocrx_word' id='word_1_946' title='bbox 3141 4478 3327 4540; x_wconf 89' lang='lat' dir='ltr'><strong>tribus,</strong></span> <span class='ocrx_word' id='word_1_947' title='bbox 3360 4475 3585 4529; x_wconf 88' lang='lat' dir='ltr'><strong>totidem</strong></span> <span class='ocrx_word' id='word_1_948' title='bbox 3613 4476 3749 4528; x_wconf 87' lang='lat' dir='ltr'><strong>alter</strong></span> <span class='ocrx_word' id='word_1_949' title='bbox 3775 4489 3830 4527; x_wconf 76' lang='lat' dir='ltr'><strong>es</strong></span> 
     </span>
    </p>
   </div>
   <div class='ocr_carea' id='block_1_118' title="bbox 2270 4565 3834 4638">
    <p class='ocr_par' dir='ltr' id='par_1_118' title="bbox 2270 4565 3834 4638">
     <span class='ocr_line' id='line_1_120' title="bbox 2270 4565 3834 4638; baseline -0.003 -18"><span class='ocrx_word' id='word_1_950' title='bbox 2270 4571 2433 4623; x_wconf 88' lang='lat' dir='ltr'><strong>altera</strong></span> <span class='ocrx_word' id='word_1_951' title='bbox 2465 4578 2613 4638; x_wconf 88' lang='lat' dir='ltr'><strong>parte</strong></span> <span class='ocrx_word' id='word_1_952' title='bbox 2642 4569 2965 4622; x_wconf 86' lang='lat' dir='ltr'><strong>continebat.</strong></span> <span class='ocrx_word' id='word_1_953' title='bbox 2993 4568 3210 4636; x_wconf 88' lang='lat' dir='ltr'><strong>Signum</strong></span> <span class='ocrx_word' id='word_1_954' title='bbox 3243 4581 3401 4632; x_wconf 91' lang='lat' dir='ltr'><strong>porro</strong></span> <span class='ocrx_word' id='word_1_955' title='bbox 3429 4565 3530 4618; x_wconf 88' lang='lat' dir='ltr'><strong>hoc</strong></span> <span class='ocrx_word' id='word_1_956' title='bbox 3556 4574 3640 4617; x_wconf 89' lang='lat' dir='ltr'><strong>est</strong></span> <span class='ocrx_word' id='word_1_957' title='bbox 3667 4579 3834 4618; x_wconf 85' lang='lat' dir='ltr'><strong>sacer-</strong></span> 
     </span>
    </p>
   </div>
   <div class='ocr_carea' id='block_1_119' title="bbox 2271 4656 3832 4729">
    <p class='ocr_par' dir='ltr' id='par_1_119' title="bbox 2271 4656 3832 4729">
     <span class='ocr_line' id='line_1_121' title="bbox 2271 4656 3832 4729; baseline -0.003 -17"><span class='ocrx_word' id='word_1_958' title='bbox 2271 4660 2458 4714; x_wconf 90' lang='lat' dir='ltr'><strong>dotalis</strong></span> <span class='ocrx_word' id='word_1_959' title='bbox 2493 4669 2737 4729; x_wconf 91' lang='lat' dir='ltr'><strong>aspectus</strong></span> <span class='ocrx_word' id='word_1_960' title='bbox 2771 4678 2786 4713; x_wconf 89' lang='lat'><strong>:</strong></span> <span class='ocrx_word' id='word_1_961' title='bbox 2831 4660 3067 4712; x_wconf 90' lang='lat' dir='ltr'><strong>attribuit</strong></span> <span class='ocrx_word' id='word_1_962' title='bbox 3102 4668 3275 4712; x_wconf 90' lang='lat' dir='ltr'><strong>autem</strong></span> <span class='ocrx_word' id='word_1_963' title='bbox 3321 4656 3585 4711; x_wconf 86' lang='lat' dir='ltr'><strong>sacerdoti</strong></span> <span class='ocrx_word' id='word_1_964' title='bbox 3637 4671 3832 4710; x_wconf 83' lang='lat' dir='ltr'><strong>smara-</strong></span> 
     </span>
    </p>
   </div>
   <div class='ocr_carea' id='block_1_120' title="bbox 2271 4743 3835 4818">
    <p class='ocr_par' dir='ltr' id='par_1_120' title="bbox 2271 4743 3835 4818">
     <span class='ocr_line' id='line_1_122' title="bbox 2271 4743 3835 4818; baseline -0.003 -18"><span class='ocrx_word' id='word_1_965' title='bbox 2271 4749 2452 4818; x_wconf 86' lang='lat' dir='ltr'><strong>gdutn,</strong></span> <span class='ocrx_word' id='word_1_966' title='bbox 2484 4750 2565 4802; x_wconf 90' lang='lat' dir='ltr'><strong>cui</strong></span> <span class='ocrx_word' id='word_1_967' title='bbox 2614 4748 2806 4818; x_wconf 84' lang='lat' dir='ltr'><strong>duplex</strong></span> <span class='ocrx_word' id='word_1_968' title='bbox 2834 4749 2967 4802; x_wconf 87' lang='lat' dir='ltr'><strong>inest</strong></span> <span class='ocrx_word' id='word_1_969' title='bbox 3001 4745 3330 4816; x_wconf 84' lang='lat' dir='ltr'><strong>pulchritudo</strong></span> <span class='ocrx_word' id='word_1_970' title='bbox 3359 4763 3371 4798; x_wconf 93' lang='lat'>:</span> <span class='ocrx_word' id='word_1_971' title='bbox 3409 4743 3566 4798; x_wconf 87' lang='lat' dir='ltr'><strong>habet</strong></span> <span class='ocrx_word' id='word_1_972' title='bbox 3610 4745 3754 4798; x_wconf 89' lang='lat' dir='ltr'><strong>enim</strong></span> <span class='ocrx_word' id='word_1_973' title='bbox 3791 4752 3835 4796; x_wconf 89' lang='lat' dir='ltr'><strong>et</strong></span> 
     </span>
    </p>
   </div>
   <div class='ocr_carea' id='block_1_121' title="bbox 2272 4835 3835 4905">
    <p class='ocr_par' dir='ltr' id='par_1_121' title="bbox 2272 4835 3835 4905">
     <span class='ocr_line' id='line_1_123' title="bbox 2272 4835 3835 4905; baseline -0.004 -13"><span class='ocrx_word' id='word_1_974' title='bbox 2272 4838 2519 4893; x_wconf 89' lang='lat' dir='ltr'><strong>decoram</strong></span> <span class='ocrx_word' id='word_1_975' title='bbox 2551 4840 2850 4891; x_wconf 90' lang='lat' dir='ltr'><strong>virilitatem</strong></span> <span class='ocrx_word' id='word_1_976' title='bbox 2871 4849 2922 4891; x_wconf 90' lang='lat' dir='ltr'><strong>et</strong></span> <span class='ocrx_word' id='word_1_977' title='bbox 2969 4838 3247 4905; x_wconf 87' lang='lat' dir='ltr'><strong>puritatem</strong></span> <span class='ocrx_word' id='word_1_978' title='bbox 3306 4835 3470 4887; x_wconf 91' lang='lat' dir='ltr'><strong>instar</strong></span> <span class='ocrx_word' id='word_1_979' title='bbox 3510 4835 3713 4902; x_wconf 89' lang='lat' dir='ltr'><strong>speculi</strong></span> <span class='ocrx_word' id='word_1_980' title='bbox 3764 4849 3835 4886; x_wconf 85' lang='lat' dir='ltr'><strong>ra-</strong></span> 
     </span>
    </p>
   </div>
   <div class='ocr_carea' id='block_1_122' title="bbox 2274 4923 3836 4996">
    <p class='ocr_par' dir='ltr' id='par_1_122' title="bbox 2274 4923 3836 4996">
     <span class='ocr_line' id='line_1_124' title="bbox 2274 4923 3836 4996; baseline -0.004 -15"><span class='ocrx_word' id='word_1_981' title='bbox 2274 4928 2526 4982; x_wconf 90' lang='lat' dir='ltr'><strong>diantem.</strong></span> <span class='ocrx_word' id='word_1_982' title='bbox 2551 4929 2805 4993; x_wconf 80' lang='lat' dir='ltr'><strong>Quoniam</strong></span> <span class='ocrx_word' id='word_1_983' title='bbox 2836 4928 2991 4996; x_wconf 83' lang='lat' dir='ltr'><strong>igitur</strong></span> <span class='ocrx_word' id='word_1_984' title='bbox 3007 4925 3335 4979; x_wconf 88' lang='lat' dir='ltr'><strong>sacerdotem</strong></span> <span class='ocrx_word' id='word_1_985' title='bbox 3357 4925 3439 4992; x_wconf 88' lang='lat' dir='ltr'><strong>pia</strong></span> <span class='ocrx_word' id='word_1_986' title='bbox 3464 4923 3836 4977; x_wconf 74' lang='lat' dir='ltr'><strong>exercituduae</strong></span> 
     </span>
    </p>
   </div>
   <div class='ocr_carea' id='block_1_123' title="bbox 2274 5014 3834 5087">
    <p class='ocr_par' dir='ltr' id='par_1_123' title="bbox 2274 5014 3834 5087">
     <span class='ocr_line' id='line_1_125' title="bbox 2274 5014 3834 5087; baseline -0.008 -12"><span class='ocrx_word' id='word_1_987' title='bbox 2274 5022 2506 5075; x_wconf 88' lang='lat' dir='ltr'><strong>sobrium</strong></span> <span class='ocrx_word' id='word_1_988' title='bbox 2535 5035 2654 5075; x_wconf 88' lang='lat' dir='ltr'><strong>esse</strong></span> <span class='ocrx_word' id='word_1_989' title='bbox 2683 5029 2909 5087; x_wconf 89' lang='lat' dir='ltr'><strong>oportet,</strong></span> <span class='ocrx_word' id='word_1_990' title='bbox 2937 5027 2990 5070; x_wconf 91' lang='lat' dir='ltr'><strong>et</strong></span> <span class='ocrx_word' id='word_1_991' title='bbox 3018 5018 3175 5071; x_wconf 89' lang='lat' dir='ltr'><strong>vitam</strong></span> <span class='ocrx_word' id='word_1_992' title='bbox 3222 5030 3370 5070; x_wconf 86' lang='lat' dir='ltr'><strong>suam</strong></span> <span class='ocrx_word' id='word_1_993' title='bbox 3398 5014 3554 5082; x_wconf 87' lang='lat' dir='ltr'><strong>vulgo</strong></span> <span class='ocrx_word' id='word_1_994' title='bbox 3577 5023 3834 5082; x_wconf 84' lang='lat' dir='ltr'><strong>tamquam</strong></span> 
     </span>
    </p>
   </div>
   <div class='ocr_carea' id='block_1_124' title="bbox 2275 5101 3834 5180">
    <p class='ocr_par' dir='ltr' id='par_1_124' title="bbox 2275 5101 3834 5180">
     <span class='ocr_line' id='line_1_126' title="bbox 2275 5101 3834 5180; baseline -0.007 -16"><span class='ocrx_word' id='word_1_995' title='bbox 2275 5112 2544 5180; x_wconf 89' lang='lat' dir='ltr'><strong>speculum</strong></span> <span class='ocrx_word' id='word_1_996' title='bbox 2580 5111 2850 5171; x_wconf 81' lang='lat' dir='ltr'><strong>exhibere,</strong></span> <span class='ocrx_word' id='word_1_997' title='bbox 2882 5107 3208 5161; x_wconf 87' lang='lat' dir='ltr'><strong>sacerdotem</strong></span> <span class='ocrx_word' id='word_1_998' title='bbox 3251 5105 3358 5158; x_wconf 88' lang='lat' dir='ltr'><strong>vult</strong></span> <span class='ocrx_word' id='word_1_999' title='bbox 3389 5104 3440 5156; x_wconf 91' lang='lat' dir='ltr'><strong>iu</strong></span> <span class='ocrx_word' id='word_1_1000' title='bbox 3469 5103 3707 5155; x_wconf 90' lang='lat' dir='ltr'><strong>humeris</strong></span> <span class='ocrx_word' id='word_1_1001' title='bbox 3734 5101 3834 5153; x_wconf 82' lang='lat' dir='ltr'><strong>vir-</strong></span> 
     </span>
    </p>
   </div>
   <div class='ocr_carea' id='block_1_125' title="bbox 2277 5189 3835 5267">
    <p class='ocr_par' dir='ltr' id='par_1_125' title="bbox 2277 5189 3835 5267">
     <span class='ocr_line' id='line_1_127' title="bbox 2277 5189 3835 5267; baseline -0.008 -14"><span class='ocrx_word' id='word_1_1002' title='bbox 2277 5200 2402 5254; x_wconf 87' lang='lat' dir='ltr'><strong>tutis</strong></span> <span class='ocrx_word' id='word_1_1003' title='bbox 2426 5199 2705 5267; x_wconf 89' lang='lat' dir='ltr'><strong>imaginem</strong></span> <span class='ocrx_word' id='word_1_1004' title='bbox 2728 5206 2953 5264; x_wconf 85' lang='lat' dir='ltr'><strong>gestare.</strong></span> <span class='ocrx_word' id='word_1_1005' title='bbox 2983 5197 3156 5259; x_wconf 88' lang='lat' dir='ltr'><strong>Quare</strong></span> <span class='ocrx_word' id='word_1_1006' title='bbox 3183 5206 3308 5247; x_wconf 88' lang='lat' dir='ltr'><strong>vero</strong></span> <span class='ocrx_word' id='word_1_1007' title='bbox 3329 5192 3380 5245; x_wconf 92' lang='lat' dir='ltr'><strong>in</strong></span> <span class='ocrx_word' id='word_1_1008' title='bbox 3411 5189 3688 5244; x_wconf 86' lang='lat' dir='ltr'><strong>humeris?</strong></span> <span class='ocrx_word' id='word_1_1009' title='bbox 3715 5189 3835 5255; x_wconf 88' lang='lat' dir='ltr'><strong>Quia</strong></span> 
     </span>
    </p>
   </div>
   <div class='ocr_carea' id='block_1_126' title="bbox 2278 5280 3836 5355">
    <p class='ocr_par' dir='ltr' id='par_1_126' title="bbox 2278 5280 3836 5355">
     <span class='ocr_line' id='line_1_128' title="bbox 2278 5280 3836 5355; baseline -0.008 -11"><span class='ocrx_word' id='word_1_1010' title='bbox 2278 5305 2468 5344; x_wconf 86' lang='lat' dir='ltr'><strong>nomen</strong></span> <span class='ocrx_word' id='word_1_1011' title='bbox 2493 5289 2584 5342; x_wconf 91' lang='lat' dir='ltr'><strong>Dei</strong></span> <span class='ocrx_word' id='word_1_1012' title='bbox 2601 5302 2755 5355; x_wconf 88' lang='lat' dir='ltr'><strong>supra</strong></span> <span class='ocrx_word' id='word_1_1013' title='bbox 2772 5295 2928 5353; x_wconf 86' lang='lat' dir='ltr'><strong>caput</strong></span> <span class='ocrx_word' id='word_1_1014' title='bbox 2955 5295 3087 5349; x_wconf 87' lang='lat' dir='ltr'><strong>erat,</strong></span> <span class='ocrx_word' id='word_1_1015' title='bbox 3107 5282 3358 5337; x_wconf 89' lang='lat' dir='ltr'><strong>articulus</strong></span> <span class='ocrx_word' id='word_1_1016' title='bbox 3373 5295 3530 5348; x_wconf 86' lang='lat' dir='ltr'><strong>super</strong></span> <span class='ocrx_word' id='word_1_1017' title='bbox 3541 5280 3836 5333; x_wconf 87' lang='lat' dir='ltr'><strong>articulum.</strong></span> 
     </span>
    </p>
   </div>
   <div class='ocr_carea' id='block_1_127' title="bbox 2276 5372 3835 5442">
    <p class='ocr_par' dir='ltr' id='par_1_127' title="bbox 2276 5372 3835 5442">
     <span class='ocr_line' id='line_1_129' title="bbox 2276 5372 3835 5442; baseline -0.01 -7"><span class='ocrx_word' id='word_1_1018' title='bbox 2276 5383 2384 5436; x_wconf 87' lang='lat' dir='ltr'><strong>Cur</strong></span> <span class='ocrx_word' id='word_1_1019' title='bbox 2399 5391 2570 5433; x_wconf 90' lang='lat' dir='ltr'><strong>autem</strong></span> <span class='ocrx_word' id='word_1_1020' title='bbox 2592 5380 2642 5431; x_wconf 92' lang='lat' dir='ltr'><strong>in</strong></span> <span class='ocrx_word' id='word_1_1021' title='bbox 2668 5377 2934 5430; x_wconf 89' lang='lat' dir='ltr'><strong>humeris?</strong></span> <span class='ocrx_word' id='word_1_1022' title='bbox 2951 5376 3206 5442; x_wconf 87' lang='lat' dir='ltr'><strong>Quoniam</strong></span> <span class='ocrx_word' id='word_1_1023' title='bbox 3235 5373 3502 5427; x_wconf 88' lang='lat' dir='ltr'><strong>actionum</strong></span> <span class='ocrx_word' id='word_1_1024' title='bbox 3515 5379 3600 5426; x_wconf 79' lang='lat' dir='ltr'><strong>est</strong></span> <span class='ocrx_word' id='word_1_1025' title='bbox 3616 5372 3835 5440; x_wconf 88' lang='lat' dir='ltr'><strong>signum.</strong></span> 
     </span>
    </p>
   </div>
   <div class='ocr_carea' id='block_1_128' title="bbox 2279 5461 3839 5536">
    <p class='ocr_par' dir='ltr' id='par_1_128' title="bbox 2279 5461 3839 5536">
     <span class='ocr_line' id='line_1_130' title="bbox 2279 5461 3839 5536; baseline -0.008 -11"><span class='ocrx_word' id='word_1_1026' title='bbox 2279 5470 2516 5525; x_wconf 81' lang='lat' dir='ltr'><strong>Actionis</strong></span> <span class='ocrx_word' id='word_1_1027' title='bbox 2556 5469 2694 5521; x_wconf 91' lang='lat' dir='ltr'><strong>enim</strong></span> <span class='ocrx_word' id='word_1_1028' title='bbox 2724 5468 2954 5536; x_wconf 89' lang='lat' dir='ltr'><strong>potentia</strong></span> <span class='ocrx_word' id='word_1_1029' title='bbox 3001 5466 3066 5520; x_wconf 87' lang='lat' dir='ltr'><strong>ab</strong></span> <span class='ocrx_word' id='word_1_1030' title='bbox 3098 5464 3332 5519; x_wconf 83' lang='lat' dir='ltr'><strong>humeris</strong></span> <span class='ocrx_word' id='word_1_1031' title='bbox 3380 5461 3674 5531; x_wconf 87' lang='lat' dir='ltr'><strong>dependet.</strong></span> <span class='ocrx_word' id='word_1_1032' title='bbox 3726 5461 3839 5514; x_wconf 76' lang='lat' dir='ltr'><strong>V’ult</strong></span> 
     </span>
    </p>
   </div>
   <div class='ocr_carea' id='block_1_129' title="bbox 2284 5552 3838 5630">
    <p class='ocr_par' dir='ltr' id='par_1_129' title="bbox 2284 5552 3838 5630">
     <span class='ocr_line' id='line_1_131' title="bbox 2284 5552 3838 5630; baseline -0.008 -16"><span class='ocrx_word' id='word_1_1033' title='bbox 2284 5562 2441 5630; x_wconf 80' lang='lat' dir='ltr'><strong>igitur</strong></span> <span class='ocrx_word' id='word_1_1034' title='bbox 2461 5560 2696 5613; x_wconf 87' lang='lat' dir='ltr'><strong>veritatis</strong></span> <span class='ocrx_word' id='word_1_1035' title='bbox 2720 5557 3158 5627; x_wconf 89' lang='lat' dir='ltr'><strong>pulchritudinem</strong></span> <span class='ocrx_word' id='word_1_1036' title='bbox 3201 5555 3252 5608; x_wconf 93' lang='lat' dir='ltr'><strong>in</strong></span> <span class='ocrx_word' id='word_1_1037' title='bbox 3294 5552 3595 5607; x_wconf 89' lang='lat' dir='ltr'><strong>actionibus</strong></span> <span class='ocrx_word' id='word_1_1038' title='bbox 3622 5553 3838 5606; x_wconf 88' lang='lat' dir='ltr'><strong>enitere.</strong></span> 
     </span>
    </p>
   </div>
   <div class='ocr_carea' id='block_1_130' title="bbox 2281 5639 3840 5719">
    <p class='ocr_par' dir='ltr' id='par_1_130' title="bbox 2281 5639 3840 5719">
     <span class='ocr_line' id='line_1_132' title="bbox 2281 5639 3840 5719; baseline -0.009 -14"><span class='ocrx_word' id='word_1_1039' title='bbox 2281 5654 2562 5719; x_wconf 86' lang='lat' dir='ltr'><strong>Propterea</strong></span> <span class='ocrx_word' id='word_1_1040' title='bbox 2583 5651 2659 5704; x_wconf 90' lang='lat' dir='ltr'><strong>sic</strong></span> <span class='ocrx_word' id='word_1_1041' title='bbox 2687 5650 2969 5718; x_wconf 88' lang='lat' dir='ltr'><strong>alloquitur</strong></span> <span class='ocrx_word' id='word_1_1042' title='bbox 2988 5644 3268 5715; x_wconf 85' lang='lat' dir='ltr'><strong>aliquando</strong></span> <span class='ocrx_word' id='word_1_1043' title='bbox 3319 5641 3618 5700; x_wconf 81' lang='lat' dir='ltr'><strong>Jerusalem</strong></span> <span class='ocrx_word' id='word_1_1044' title='bbox 3676 5639 3840 5694; x_wconf 87' lang='lat' dir='ltr'><strong>Domi-</strong></span> 
     </span>
    </p>
   </div>
   <div class='ocr_carea' id='block_1_131' title="bbox 2284 5734 3842 5808">
    <p class='ocr_par' dir='ltr' id='par_1_131' title="bbox 2284 5734 3842 5808">
     <span class='ocr_line' id='line_1_133' title="bbox 2284 5734 3842 5808; baseline -0.008 -11"><span class='ocrx_word' id='word_1_1045' title='bbox 2284 5756 2383 5797; x_wconf 85' lang='lat' dir='ltr'><strong>nus</strong></span> <span class='ocrx_word' id='word_1_1046' title='bbox 2409 5757 2422 5795; x_wconf 89' lang='lat'><strong>:</strong></span> <span class='ocrx_word' id='word_1_1047' title='bbox 2449 5741 2590 5794; x_wconf 84' lang='lat' dir='ltr'><strong>Pone</strong></span> <span class='ocrx_word' id='word_1_1048' title='bbox 2613 5757 2697 5795; x_wconf 83' lang='lat' dir='ltr'><strong>cor</strong></span> <span class='ocrx_word' id='word_1_1049' title='bbox 2718 5750 2854 5794; x_wconf 74' lang='lat' dir='ltr'><strong>tuum</strong></span> <span class='ocrx_word' id='word_1_1050' title='bbox 2872 5755 3020 5808; x_wconf 84' lang='lat' dir='ltr'><strong>super</strong></span> <span class='ocrx_word' id='word_1_1051' title='bbox 3044 5738 3271 5790; x_wconf 73' lang='lat' dir='ltr'><strong>humeros</strong></span> <span class='ocrx_word' id='word_1_1052' title='bbox 3289 5743 3420 5803; x_wconf 82' lang='lat' dir='ltr'><strong>tuos,</strong></span> <span class='ocrx_word' id='word_1_1053' title='bbox 3445 5734 3556 5800; x_wconf 76' lang='lat' dir='ltr'><strong>[ilia</strong></span> <span class='ocrx_word' id='word_1_1054' title='bbox 3599 5734 3842 5801; x_wconf 75' lang='lat' dir='ltr'><strong>despecta,</strong></span> 
     </span>
    </p>
   </div>
  </div>
