3982 6218
174 423 288 474 403

157 534 299 581 νοιςο
329 519 364 586 ἡ
401 517 525 570 ποτὲ
573 517 718 590 [409]
768 519 826 571 ἐν
862 519 1071 588 ἀτιμίᾳ,
1099 519 1192 571 καὶ
1233 517 1324 570 νῦν
1363 517 1422 569 ἐν
1463 513 1611 582 τιμῇ.
1647 510 1699 561 '0

160 605 373 671 Κύριος
397 603 805 658 ἐϐασίλευσεν.
825 603 979 656 Οὕτω
1006 603 1097 655 καὶ
1121 601 1349 671 ἀλλαχοῦ
1376 601 1586 666 λέγεται
1609 595 1707 666 (δεῖ

160 701 269 770 7&9
296 700 360 752 τὰ
388 700 615 768 συγγενῆ
640 700 746 751 τῶν
769 699 1050 770 νοημάτων
1079 696 1384 766 παράγειν)·
1421 696 1471 746 '0
1495 693 1705 758 Κύριος

159 799 571 860 ἐῦασίλευσεν,
588 797 939 864 εὐπρέπειαν
963 795 1303 848 ἐνεδύσατο.
1322 793 1508 862 Ἡμεῖς
1530 787 1705 840 ἐνδυό-

166 895 307 964 μεθα
351 895 540 958 ἔξωθεν
586 895 812 963 ίμάτιον,
848 894 931 945 ἵνα
972 891 1032 943 τὸ
1075 891 1314 961 ἀπρεπὲς
1362 889 1459 956 τῆς
1495 887 1704 954 φύσεως

162 993 503 1061 καλύψωμεν.
540 993 596 1042 ὐ
628 991 680 1042 δὲ
711 990 858 1054 Θεὸς,
882 990 966 1042 ἵνα
987 989 1038 1040 τί
1065 987 1275 1057 καλύψῃ
1303 986 1399 1055 τὴν
1422 983 1702 1053 ἀσώματον

161 1093 343 1159 φύσιν,
375 1092 470 1159 τὴν
510 1089 680 1156 φωτὸς
727 1088 1016 1158 γέμουσαν,
1071 1086 1265 1156 μᾶλλον
1302 1085 1355 1136 δὲ
1390 1083 1561 1151 φωτὸς
1597 1082 1701 1133 άπ-

159 1192 568 1260 αστράπτουσαν
593 1199 641 1252 ⁸,
695 1189 850 1241 Ἀλλά
881 1186 1033 1240 καλεῖ
1067 1187 1264 1255 ἔνδυμα
1302 1183 1430 1236 αὐτὸ
1457 1183 1516 1235 τὸ
1546 1180 1700 1249 σῶμα

155 1289 250 1342 τοῦ
284 1287 515 1358 Χριστοῦ
536 1304 548 1314 ·
587 1287 637 1337 '0
666 1289 875 1352 Κύριος
903 1286 1314 1350 ἐϐασίλευσεν,
1349 1282 1700 1350 εὐπρέπειαν

153 1381 500 1435 ἐνεδύσατο.
545 1379 880 1450 Εύπρέπειαν
913 1383 1065 1434 καλεῖ
1111 1381 1205 1450 τὴν
1241 1381 1414 1448 σάρκα
1445 1378 1534 1430 τοῦ
1564 1379 1696 1446 Χρι-

155 1478 309 1533 στοῦ.
336 1479 620 1548 Εὑπρεπὴς
645 1479 749 1548 γὰρ
767 1474 854 1548 ἦν,
877 1480 974 1531 οὑκ
995 1479 1184 1547 ἐχουσα
1205 1475 1387 1546 αἶσχος
1408 1476 1694 1546 ἁμαρτίας.

165 1579 466 1649 ’Λμαρτίαν
506 1580 612 1650 7&9
658 1581 756 1632 οὐκ
794 1581 1010 1649 ἐποίησε
1049 1580 1284 1640 πώποτε,
1333 1579 1450 1631 οὐδὲ
1492 1575 1693 1647 ηὑρέθη

150 1679 306 1741 δόλος
339 1681 396 1733 ἐν
419 1680 494 1749 τῷ
519 1681 738 1750 στόματι
766 1679 946 1732 αὐτοῦ.
981 1679 1325 1732 Ἐνεδύσατο
1353 1678 1561 1742 Κύριος
1591 1675 1694 1728 δύο

150 1793 365 1844 ναμιν·
400 1778 496 1830 καί
526 1776 921 1845 περιεζώσατο.
955 1777 1165 1845 Ἐπειδὴ
1189 1777 1277 1827 τὸν
1309 1774 1527 1844 βασιλέα
1553 1774 1693 1842 ζώνη

149 1873 366 1940 κοσμεῖ,
392 1872 502 1922 ἐστι
532 1871 585 1924 δὲ
617 1873 649 1940 ἡ
672 1870 812 1940 ζώνη
837 1871 1091 1940 βασιλέως
1118 1869 1416 1940 γνώρισμα.
1452 1869 1542 1919 καὶ
1576 1884 1694 1937 κρι-

147 1967 246 2019 τοῦ
271 1985 283 1997 ·
317 1969 514 2034 εἰσάγει
552 1969 709 2022 αὑτὸν
747 1970 838 2022 καὶ
878 1967 1237 2036 βασιλεύοντα,
1281 1969 1370 2019 καὶ
1412 1967 1689 2035 κρίνοντα·

145 2061 300 2128 λέγει
331 2063 434 2132 7&9
474 2063 725 2126 Ἡσαΐας·
779 2064 1180 2128 Ἐξελεύσεται
1210 2061 1428 2129 ῥάϐδος
1473 2061 1540 2113 ἐκ
1584 2059 1694 2126 τῆς

134 2160 312 2226 ῥίζης
346 2160 579 2228 Ἰεσσαὶ,
631 2161 725 2215 καὶ
774 2162 950 2228 ἄνθος
986 2163 1054 2227 ἐξ
1098 2160 1283 2228 αὐτῆς
1314 2159 1688 2224 ἀναϐήσεται,

142 2260 248 2313 καί
287 2263 688 2317 ἀναπαύσεται
736 2265 828 2317 ἐπ’
874 2265 1055 2319 αὑτὸν
1096 2263 1334 2330 Πνεῦμα
1387 2261 1559 2313 Θεοῦο
1595 2259 1693 2312 καὶ

139 2365 319 2416 ἔσται
361 2364 705 2433 δικαιοσύνῃ
749 2366 1070 2434 ἐζωσμένος
1111 2365 1222 2433 τὴν
1257 2363 1454 2432 ὀσφὺν
1485 2362 1688 2427 αὑτοῦ,

140 2469 246 2521 καὶ
275 2469 518 2536 ἀληθείᾳ
548 2472 858 2540 είλημένος
886 2473 990 2536 τὰς
1022 2472 1281 2539 πλευρὰς
1311 2468 1513 2524 αὐτοῦ.

216 2589 280 2641 δ’.
314 2586 478 2640 Τοῦτο
503 2589 562 2640 τὸ
593 2589 791 2659 ἔνδυμα
820 2589 910 2642 τοῦ
941 2589 1211 2660 Σωτῆρος,
1248 2589 1313 2642 τὸ
1347 2588 1443 2657 τῆς
1491 2586 1688 2657 σαρκὸς

136 2692 308 2757 λέγω,
342 2692 616 2760 κρυφαίως
647 2693 741 2745 καὶ
781 2694 836 2745 ἐν
879 2693 1044 2744 εἰκόνι
1089 2690 1228 2762 εἶχεν
1256 2693 1283 2744 ό
1310 2693 1591 2760 ἀρχιερεὺς
1631 2692 1688 2743 ἐν

135 2793 222 2862 τῷ
244 2793 414 2861 νόμῳ.
444 2795 550 2845 Καὶ
594 2811 820 2864 προσεχε
851 2794 1109 2863 ἀκριϐῶς,
1161 2794 1276 2856 πῶς
1307 2796 1361 2845 αἱ
1409 2793 1554 2845 σκιαὶ
1589 2792 1688 2861 τὴν

134 2892 400 2960 ἀλήθειαν
439 2893 808 2961 ήρμήνευσαν,
845 2893 959 2955 πῶς
986 2893 1038 2944 οἱ
1063 2891 1218 2945 τύποι
1244 2891 1336 2944 τοῦ
1359 2891 1684 2959 Εὑαγγελίου

136 2991 507 3060 προέλαμπον.
541 2990 695 3057 Λέγω
725 2991 779 3044 δὲ
828 2993 1025 3061 ἠρέμα,
1075 2992 1167 3043 καὶ
1209 2991 1345 3044 κατά
1380 2991 1441 3043 τδ
1468 2990 1685 3044 δυνατδν

135 3087 586 3157 συγκαταδαίνων
608 3091 672 3157 τῇ
699 3089 830 3158 ἀκοῇ
857 3089 963 3140 τῶν
995 3087 1260 3155 ἀκεραίων
1290 3088 1503 3140 καὶτῶν
1533 3087 1684 3139 ἀπεί-

133 3206 272 3260 ρων,
302 3188 390 3240 ἵνα
421 3186 494 3257 μὴ
529 3180 630 3239 ὧδε
679 3187 894 3238 κάκεῖσε
950 3188 1328 3255 περιάγωνται.
1366 3184 1630 3236 Ἑνεδύετο
1657 3185 1684 3224 δ

131 3291 162 3341 ὀ
194 3287 486 3356 ἀρχιερεὺς
525 3285 703 3338 εἰσιὼν
731 3287 807 3348 είς
840 3284 906 3336 τά
939 3285 1097 3352 Ἅγια
1135 3284 1238 3337 τῶν
1269 3284 1431 3350 ἁγίων
1459 3284 1681 3354 ποδήρη,

132 3387 436 3450 τουτέστιν,
466 3385 673 3454 ἱμάτιον
710 3385 815 3438 ἀπὸ
859 3384 1092 3454 κεφαλῆς
1117 3387 1274 3454 μέχρι
1299 3383 1470 3436 ποδῶν
1499 3385 1684 3454 ἀπῃω--

133 3499 204 3555 ρη
216 3485 398 3553 μένον,
438 3483 702 3554 ἐπωμίδα,
751 3482 944 3553 ζώνην,
977 3483 1290 3552 περισκελῆ,
1317 3483 1537 3536 πέταλον
1561 3499 1682 3552 χρυ-

134 3583 288 3645 σοῦν,
330 3584 538 3651 τιάραν,
590 3581 829 3636 τουτέστι
868 3581 1232 3651 κορυϐάντιον.
1270 3581 1327 3632 τδ
1382 3580 1555 3646 λόγιον
1592 3581 1684 3633 ἐπὶ

132 3681 230 3734 τοῦ
261 3679 508 3749 στήθους,
537 3681 629 3735 καὶ
657 3680 755 3733 ὅσα
785 3679 1079 3748 διαγορεύει
1105 3680 1137 3748 ἡ
1171 3678 1375 3748 Γραφὴ,
1415 3680 1506 3730 καὶ
1539 3679 1683 3732 ἐστιν

134 3780 290 3833 ἰδεῖν.
324 3777 488 3830 ΙἈλλα
527 3778 623 3844 μὲν
665 3776 731 3834 τὰ
764 3779 1030 3847 σχήματα,
1060 3777 1192 3829 ἄλλα
1232 3777 1287 3829 δὲ
1315 3776 1382 3830 τὰ
1419 3778 1680 3847 νοήματα.

132 3878 210 3930 οὐ
243 3878 350 3947 γάρ
373 3877 585 3938 πάντως
630 3875 760 3938 Θεὸς
796 3875 1124 3928 ἀναπαύεται
1155 3873 1408 3944 ὑακίνθῳ,
1433 3875 1525 3928 καὶ
1550 3891 1682 3946 πορ-

129 3975 307 4045 φύρᾳ,
358 3974 451 4027 καὶ
499 3973 679 4043 κόκκῳ
712 3984 760 4036 ο,
793 3974 884 4028 καὶ
924 3973 1131 4042 βύσσῳ·
1179 3973 1306 4034 Θεὸς
1351 3972 1457 4041 γὰρ
1499 3973 1680 4041 ψυχῶν

129 4079 362 4129 ἀπαιτεῖ
391 4076 730 4146 καθαρότητα
747 4090 762 4105 °
797 4075 910 4128 ἀλλ’
936 4077 992 4128 ἐν
1014 4079 1123 4137 τοῖς
1151 4078 1475 4144 σωματικοῖς
1499 4074 1679 4127 ἄνθεσι

128 4180 426 4248 διαγράφει
467 4178 573 4230 τῶν
606 4176 812 4247 ἀρετῶν
840 4178 934 4247 τὴν
973 4178 1168 4233 εἰκόνα.
1215 4177 1274 4229 Εἰ
1318 4176 1424 4246 γὰρ
1469 4177 1682 4245 ἀληθῶς

127 4284 255 4341 ταῖς
288 4280 494 4342 στολαῖς
520 4281 748 4342 ἐκείναις
779 4282 896 4342 ταῖς
921 4278 1142 4343 ἐνδόξοις
1169 4280 1483 4343 ἀνεπαύετο,
1518 4280 1604 4331 διὰ
1628 4279 1679 4331 τί

129 4382 244 4450 πρὸ
267 4379 363 4432 τοῦ
391 4379 595 4450 Ἀαρὼν
620 4380 708 4432 τὸν
743 4382 974 4451 Μωῦσῆν
1012 4383 1107 4435 οὐκ
1141 4382 1417 4447 ὲνέδυσεν;
1452 4381 1585 4434 ’Λλλ”
1613 4378 1679 4451 ῆν

127 4479 373 4545 Μωῡσῆς
406 4478 494 4530 καὶ
522 4480 931 4547 γεγυμνωμένος
963 4480 1056 4548 τῆς
1088 4480 1305 4550 ἐσθῆτος
1331 4481 1559 4548 ἐκείνης,
1588 4481 1678 4532 καὶ

127 4576 339 4635 ἐνδύων
358 4575 521 4644 αὐτὴν
547 4578 668 4638 τοὺς
702 4578 879 4645 ίερεῖς.
903 4579 1136 4647 Μωῦσῆς
1162 4579 1256 4631 οὐκ
1285 4578 1474 4646 ἐλούθη
1507 4579 1675 4641 ῦδατι,

127 4684 227 4736 καὶ
257 4682 465 4732 ἕλουεν·
503 4681 599 4732 οὐκ
625 4682 842 4751 ἐχρίσθη
875 4682 1053 4749 ἐλαίῳ,
1090 4683 1179 4733 καὶ
1203 4682 1377 4752 ἔχριεν
1396 4700 1408 4713 ·
1438 4685 1534 4735 οὐκ
1557 4685 1677 4750 ἐφό-

130 4797 307 4853 ρησεν
341 4779 544 4846 ἱμάτιον
591 4780 884 4848 ἱερατικὸν,
934 4781 1176 4843 καὶτοὺς
1210 4784 1368 4850 ἱερεῖς
1403 4782 1640 4834 ἐνέδυσεν
1662 4799 1673 4813 ’

128 4881 222 4932 ἵνα
256 4876 434 4947 μάθῃς
464 4877 543 4929 ὃτι
568 4877 642 4947 τῷ
667 4877 850 4946 τελείῳ
876 4880 1081 4947 ἀρκεῖὴ
1108 4878 1269 4947 ἀρετὴ
1296 4879 1430 4949 πρὸς
1457 4880 1674 4947 κόσμον.

127 4975 288 5050 [MO]
325 4976 468 5029 Λάϐε
502 4978 557 5029 δὲ
589 4978 787 5030 ἀνωθεν
817 4979 904 5030 τὸν
938 4979 1104 5050 ἱερέα.
1131 4980 1282 5032 Ἔστι
1309 4978 1412 5046 γὰρ
1435 4980 1521 5030 καὶ
1553 4979 1680 5030 αὐτὸ

123 5080 188 5130 τὸ
219 5077 315 5129 τοῦ
356 5076 641 5145 ἐνδύματος
670 5077 836 5145 ὄνομα
877 5077 1168 5145 ἀμφίϐολον
1203 5079 1294 5128 καὶ
1337 5077 1676 5146 ζητούμενον,

123 5183 192 5248 τῇ
239 5179 298 5231 δὲ
351 5178 629 5248 Ἑλληνικῇ
662 5178 874 5250 γλώσσῃ
907 5178 1377 5249 μεταποιούμενον.
1418 5180 1561 5233 Λάΰε
1591 5175 1679 5234 οὖν

191 5381 217 5407 ⁸
264 5379 349 5426 Sic
372 5378 509 5432 ediu,
531 5383 683 5435 recte,
706 5381 760 5424 ut
780 5378 983 5424 videtur.
1007 5377 1129 5426 Tres
1165 5390 1275 5424 mss.
1311 5377 1481 5436 μᾶλλον
1504 5377 1553 5424 δὲ
1585 5378 1680 5438 φῶς

124 5439 559 5486 ἀπαστράπτουσαν
568 5473 578 5483 .

192 5455 292 5486 αστ
356 5454 578 5484 πτουσαν.

192 5498 224 5537 b
270 5453 384 5544 ἱξῧο
411 5511 524 5544 mss.
554 5496 752 5554 ἐνδύετο,
788 5507 910 5542 unus
941 5495 1068 5543 addit
1096 5495 1265 5544 τοίνυν.

192 5561 217 5588 ε
250 5558 358 5604 Duo
375 5559 452 5602 καὶ
481 5557 698 5615 κοκκίνῳ.

192 5616 220 5655 δ
247 5617 331 5662 Sic
356 5629 541 5673 omnes,
567 5613 907 5675 uuo'exceplo,
939 5613 1022 5673 qui
1069 5615 1215 5664 habet
1253 5616 1296 5662 τί
1331 5617 1446 5676 μετὰ
1482 5618 1534 5664 τὸ
1565 5617 1679 5679 τιρὸ-

129 5692 314 5743 quin.

439 5767 702 5829 PATBOL.
752 5771 794 5828 (ἶ
809 5789 864 5830 ιι.
918 5769 1065 5836 LVI.

1326 397 1600 456 HOMILIA
1636 393 1726 448 DE
1764 392 2248 452 LEGISLATORE.

3230 419 3340 473 404

1812 509 1982 578 ἀρχὴν
2022 509 2126 562 ἀπὸ
2160 511 2258 580 τῆς
2288 513 2537 582 κεφαλῆς.
2583 513 2800 581 Πρῶτον
2831 515 2881 566 τί
2906 513 3008 587 ἦνς
3041 517 3072 587 ἢ
3103 518 3280 588 τιάρα,
3310 521 3342 590 ἦ

1802 593 1855 644 τί
1883 592 2166 664 ὀνομάζεις
2199 597 2249 648 τί
2270 597 2407 665 μετὰ
2427 599 2486 650 τὺ
2507 599 2756 666 πρόξενον
2779 600 2827 664 ἀ,
2854 603 3014 671 τιάρα
3037 603 3207 658 ξἈντὶ
3228 606 3341 669 τοῦ,

1802 697 1962 766 τιάρα
1982 698 2097 750 ἐστὶ
2120 698 2178 751 τὸ
2203 699 2382 769 σχῆμα
2412 700 2502 753 τοῦ
2530 701 2837 772 ἐνδύματος.
2872 706 3082 776 Ἐπειδὴ
3113 708 3142 759 ό
3164 707 3345 777 ἀρχιε-

1804 799 1927 866 ρεὺς
1950 799 2154 870 κεφαλὴ
2177 796 2244 871 ἦν
2263 800 2354 854 τοῦ
2377 803 2521 869 λαοῦ,
2545 805 2650 858 εδει
2675 807 2732 859 δὲ
2760 807 2847 859 τὸν
2875 807 3086 862 πάντων
3109 810 3343 880 κεφαλὴν

1801 901 2076 970 γινόμενον
2105 902 2246 971 ἔχειν
2278 903 2415 959 κατά
2449 908 2684 977 κεφαλῆς
2707 908 2803 978 τὴν
2830 908 3106 973 ἐξουσίαν’
3144 912 3337 964 ἀπολεο

1800 1001 1860 1053 λυ
1869 1003 2000 1072 μένη
2027 1004 2132 1074 γὰρ
2162 1005 2409 1058 αὐθεντία
2431 1008 2694 1078 ἀφόρητός
2718 1012 2860 1064 ἐστιν
2879 1028 2892 1041 ο
2924 1012 3114 1082 ἔχουσα
3144 1013 3197 1066 δὶ
3221 1016 3339 1067 ἐπι-

1802 1103 2047 1171 κείμενον
2075 1105 2134 1157 τὸ
2163 1105 2399 1177 σύνθεμα
2428 1110 2525 1178 τῆς
2550 1110 2873 1178 δεσποτείας,
2905 1113 3008 1164 ὑπὸ
3033 1114 3189 1182 νόμον
3215 1115 3339 1181 6.7a-

1798 1220 1923 1256 ται·
1953 1206 2158 1260 κελεύει
2188 1205 2278 1262 οῦν
2305 1211 2401 1280 τὴν
2429 1213 2664 1284 κεφαλὴν
2695 1215 2770 1284 μὴ
2795 1211 2930 1267 εῖναι
2948 1221 3176 1287 γυμνὴν,
3205 1218 3335 1271 ἀλλά

1799 1295 2232 1369 κεκαλυμμένην,
2290 1303 2372 1353 ἵνα
2414 1304 2555 1373 μάθῃ
2603 1307 2634 1373 ἡ
2681 1306 2884 1376 κεφαλὴ
2932 1307 3024 1358 τοῦ
3069 1309 3215 1370 λαοῦ,
3256 1311 3336 1363 ὅτι

1797 1394 2034 1464 κεφαλὴν
2067 1397 2198 1465 ἔχει.
2225 1397 2321 1452 Διά
2345 1399 2496 1452 τοῦτο
2521 1403 2613 1452 καὶ
2634 1404 2690 1455 ἐν
2713 1406 2776 1472 τῇ
2813 1405 3097 1476 Ἐκκλησία
3125 1409 3181 1459 ἐν
3219 1412 3337 1473 ταῖς

1795 1497 2140 1562 χειροτονίαις
2151 1499 2254 1550 τῶν
2281 1501 2463 1568 ἱερέων
2481 1502 2874 1570 τὸΕὑαγγέλιον
2891 1505 2980 1558 τοῦ
3004 1505 3230 1576 Χριστοῦ
3247 1508 3336 1560 ἐπὶ

1795 1593 2032 1660 κεφαλῆς
2065 1595 2288 1658 τίθεται,
2339 1599 2422 1650 ἵνα
2469 1599 2614 1670 μάθῃ
2653 1603 2680 1653 ὁ
2726 1603 3208 1672 χειροτονούμενος,
3253 1607 3332 1660 ὅτι

1793 1691 1890 1759 τὴν
1918 1693 2168 1763 ἀληθινὴν
2195 1696 2286 1748 τοῦ
2323 1698 2646 1766 Εὑαγγελίου
2682 1702 2874 1772 τιάραν
2915 1704 3206 1774 λαμϐάνειο
3239 1707 3332 1759 καὶ

1793 1787 1877 1841 ῖνα
1918 1790 2081 1861 μάθῃ,
2123 1792 2202 1844 ὅτι
2236 1796 2283 1846 εί
2326 1795 2416 1847 καὶ
2446 1796 2656 1850 πάντων
2685 1801 2796 1851 ἐστὶ
2827 1802 3049 1872 κεφαλὴ,
3085 1804 3197 1856 ἀλλ’
3227 1805 3330 1858 ὑπὸ

1792 1889 2009 1952 τούτους
2042 1892 2266 1959 πράττει
2294 1895 2417 1958 τοὺς
2455 1899 2667 1965 νόμους,
2709 1902 2921 1954 πάντων
2959 1902 3192 1970 κρατῶν,
3237 1906 3329 1958 καὶ

1794 1988 1870 2057 τῷ
1897 1990 2040 2058 νόμῳ
2075 1993 2453 2060 κρατούμενος,
2490 1996 2660 2048 πάντα
2702 1997 2989 2065 λογοθετῶν
3022 2012 3064 2067 ³,
3105 2001 3196 2056 καί
3226 2005 3329 2058 ὑπὸ

1792 2091 1883 2144 τοῦ
1925 2091 2080 2160 λόγου
2125 2096 2590 2166 νομοθετούμενος.
2644 2101 2739 2154 Διά
2777 2103 2929 2155 τοῦτο
2973 2107 3211 2172 γενναῖός
3247 2125 3330 2170 τις

1789 2194 1896 2244 τῶν
1925 2195 2178 2262 ἀρχαίων,
2197 2197 2451 2264 Ἰγνάτιος
2473 2200 2527 2253 δὲ
2549 2197 2616 2273 ῆν
2634 2203 2801 2274 ὄνομα
2827 2205 2990 2276 αὐτῷ,
3019 2203 3168 2271 οὗτος
3183 2211 3331 2280 ἱερω-

1791 2295 1922 2366 σύνῃ
1944 2298 2035 2350 καὶ
2073 2301 2350 2370 μαρτυρίῳ
2369 2302 2687 2373 διαπρέψας,
2721 2307 3042 2364 ἐπιστέλλων
3062 2312 3166 2365 τινὶ
3197 2314 3328 2384 ἱερεῖ

1789 2401 1957 2468 ἐλεγε·
1995 2402 2169 2472 Μηδὲν
2213 2406 2337 2459 ἄνευ
2375 2407 2594 2478 γνώμης
2648 2427 2739 2462 σου
2788 2413 3042 2478 γενέσθω,
3092 2418 3222 2486 μηδὲ
3261 2421 3324 2470 σὺ

1787 2501 1914 2553 ἄνευ
1946 2502 2167 2573 γνώμης
2196 2505 2326 2558 Θεοῦ
2367 2526 2418 2560 τι
2473 2511 2696 2579 πρᾶττε.
2748 2511 2821 2564 Τὸ
2853 2513 3026 2567 τοίνυν
3056 2515 3195 2584 ἔχειν
3237 2517 3325 2568 τόν

1787 2609 2040 2678 ἀρχιερέα
2066 2611 2126 2661 τὸ
2153 2610 2492 2679 Εὑαγγέλιον,
2525 2617 2744 2685 σημεῖόν
2773 2618 2885 2670 ἐστι
2914 2619 2973 2672 τὸ
3004 2619 3022 2658 ί
3059 2621 3144 2674 ἐπ’
3181 2623 3325 2687 ἐξου-

1788 2711 1905 2763 σίαν
1933 2706 2089 2764 εἶναι.
2130 2715 2225 2766 Διά
2272 2715 2425 2768 τοῦτο
2465 2716 2610 2783 λέγει
2649 2717 2856 2783 Παῦλος
2901 2723 3026 2792 περὶ
3074 2725 3325 2791 γυναικὸς

1786 2813 2008 2882 ἐχούσης
2031 2817 2303 2887 κάλυμμα·
2331 2819 2392 2870 Ἠ
2412 2821 2542 2890 γυνὴ
2557 2821 2755 2890 ὀφείλει
2780 2823 2921 2892 ἐχειν
2940 2825 3029 2878 ἐπὶ
3045 2829 3143 2896 τῆς
3158 2845 3323 2897 κειραο

1784 2915 1880 2986 λῆς
1916 2917 1976 2969 τὸ
2012 2919 2287 2988 κάλυμμα,
2329 2922 2356 2973 ὃ
2398 2918 2464 2992 ἦν
2507 2925 2665 2977 εἰκὼν
2709 2925 2969 2991 ἐξουσίας.
3011 2923 3113 2983 Ἦν
3153 2929 3244 2986 οῦν
3287 2937 3318 3007 η

1783 3021 1944 3090 τιάρα
1973 3021 2031 3072 τὸ
2064 3023 2242 3091 σχῆμα
2262 3025 2358 3092 τῆς
2387 3027 2647 3090 ἐξουσίας.
2666 3024 2771 3082 Ἦν
2793 3030 2852 3082 τὸ
2872 3033 3094 3088 πέταλον
3115 3036 3175 3089 τὸ
3198 3055 3323 3106 χρυ-

1786 3118 1929 3182 σοῦν,
1959 3114 2007 3186 ᾧ
2043 3121 2413 3191 ἐπεγέγραπτο
2442 3124 2500 3177 τὸ
2532 3129 2926 3198 γεγραμμένον,
2954 3133 3008 3183 ἐν
3037 3126 3081 3200 ᾧ
3108 3133 3324 3188 ἐκτετύσ-

1784 3233 1929 3270 πωτο
1958 3219 2018 3270 τὸ
2042 3221 2133 3272 τοῦ
2160 3221 2288 3273 Θεοῦ
2332 3221 2518 3292 όνομα,
2551 3226 2642 3278 καὶ
2684 3227 2895 3294 πρῶτον
2925 3229 3208 3300 δείκνυσιν,
3241 3235 3324 3290 ὅτι

1785 3318 1997 3382 ἐξουσία
2025 3318 2152 3371 Θεοῦ
2191 3321 2358 3390 ὄνομα
2398 3323 2550 3376 Θεοῦ.
2592 3324 2745 3377 Μετὰ
2781 3327 2876 3396 τὴν
2903 3330 3090 3400 τιάραν
3131 3333 3224 3386 καὶ
3266 3333 3323 3389 τὸ

1785 3420 2012 3473 πέταλον
2034 3421 2124 3473 δύο
2150 3421 2281 3474 λίθοι
2303 3424 2393 3475 ἐπὶ
2418 3424 2523 3477 τῶν
2539 3424 2700 3495 ὤμων
2723 3431 3090 3499 σμαράγδινοι,
3116 3433 3324 3504 ἔχοντες

1784 3522 1879 3584 τὰς
1910 3522 1967 3585 ἒξ
1997 3523 2167 3589 φυλὰς
2189 3525 2450 3590 ἐντεῦθεν,
2477 3528 2568 3579 καὶ
2599 3528 2695 3591 τὰς
2721 3528 2780 3593 ἐξ
2802 3531 3061 3585 ἐντεῦθεν.
3096 3535 3323 3605 Σημεῖόν

1783 3623 1935 3676 τοῦτο
1969 3626 2066 3692 τῆς
2109 3626 2384 3696 ίερατικῆς
2425 3628 2613 3696 ὅψεως.
2663 3631 2942 3701 Ἀπονέμει
2987 3634 3040 3686 δὲ
3072 3636 3147 3705 τῷ
3186 3640 3319 3708 ίερεῖ

1781 3729 1872 3779 τὸν
1905 3729 2210 3799 σμάραγδον
2234 3729 2325 3781 δύο
2353 3729 2537 3800 ἔχοντα
2564 3731 2727 3804 κάλλη
2745 3751 2757 3765 ·
2801 3736 3010 3807 καὶγὰρ
3035 3738 3315 3812 ώχρότητα

1782 3832 1892 3902 ἔχει
1945 3833 2208 3903 εὐπρεπῆ,
2251 3835 2341 3886 καὶ
2375 3835 2607 3906 καθαρὸς
2639 3836 2712 3889 ὣν
2745 3839 3044 3911 κατόπτρου
3091 3843 3316 3915 δύναμιν

1783 3935 1984 4003 ἐπέχει.
2003 3934 2211 4004 Ἐπειδὴ
2237 3932 2327 3987 οῦν
2357 3935 2445 3988 τὸν
2469 3937 2609 4007 ἱερέα
2635 3938 2717 3991 δεῖ
2742 3941 2834 3993 καὶ
2859 3942 3084 4006 ἀσκήσει
3111 3947 3316 4014 νήφειν,

1783 4039 1874 4090 καὶ
1898 4039 1986 4090 τὸν
2019 4037 2128 4106 βίον
2164 4037 2460 4107 κάτοπτρον
2503 4039 2643 4108 ἔχειν
2671 4044 2780 4104 τοῖς
2812 4043 3040 4109 πολλοῖς,
3075 4047 3317 4115 βούλεται

1780 4140 1878 4208 τῆς
1922 4141 2120 4212 ἀρετῆς
2157 4143 2256 4212 τὴν
2298 4144 2476 4197 εἰκόνα
2518 4144 2700 4215 φέρειν
2745 4145 2834 4198 τὸν
2873 4148 3019 4217 ίερέα
3071 4151 3160 4204 ἐπὶ
3210 4153 3319 4206 τῶν

1779 4237 1962 4307 ὤμων.
1993 4239 2090 4291 Διά
2130 4239 2181 4291 τί
2215 4242 2305 4292 ἐπὶ
2344 4241 2449 4294 τῶν
2494 4241 2688 4310 ώμωνς
2741 4245 2954 4315 Ἐπειδὴ
2981 4247 3040 4300 τὸ
3063 4249 3155 4304 τοῦ
3187 4251 3316 4305 Θεοῦ

1779 4340 1945 4409 ὄνομα
1976 4341 2066 4392 ἐπὶ
2096 4344 2192 4410 τῆς
2220 4343 2474 4412 κεφαλῆς,
2504 4344 2564 4395 τὸ
2601 4344 2798 4416 ἄρθρον
2838 4349 2929 4399 ἐπὶ
2966 4349 3055 4401 τοῦ
3098 4352 3314 4422 ἄρθρου.

1781 4442 1884 4497 Καὶ
1928 4442 2011 4493 διὰ
2063 4443 2109 4493 τί
2156 4443 2384 4495 ἐπὶτῶν
2435 4444 2625 4513 ὢμων;
2673 4446 2882 4518 Ἐπειδὴ
2920 4451 3025 4519 γὰρ
3073 4455 3317 4522 πράξεώς

1781 4548 1891 4597 ἐστι
1914 4548 2131 4613 σημεῖον
2151 4562 2165 4576 ’
2212 4547 2243 4614 ὴ
2271 4545 2375 4615 γὰρ
2396 4549 2666 4618 πρακτικὴ
2690 4548 2910 4621 δύναμις
2936 4554 2993 4604 ἐν
3015 4556 3123 4616 τοῖς
3154 4556 3317 4627 ὤμοις

1779 4652 2034 4721 ἢρτηται·
2077 4652 2320 4720 βούλεται
2351 4650 2442 4706 οὖν
2485 4656 2544 4706 τὸ
2592 4656 2780 4719 κάλλος
2815 4658 2912 4727 τῆς
2949 4658 3198 4730 ἀληθείας
3227 4663 3317 4718 ἐπὶ

1779 4754 1884 4806 τῶν
1924 4754 2168 4823 πράξεων
2202 4751 2357 4808 εἷναι.
2386 4757 2480 4808 Διὰ
2508 4757 2662 4810 τοῦτο
2691 4759 2832 4826 λέγει
2857 4763 2884 4812 ὁ
2912 4762 3040 4826 Θεὸς
3065 4763 3199 4834 πρὸς
3220 4766 3316 4836 τὴν

1791 4860 2136 4929 Ἰερουσαλήμ
2171 4877 2297 4912 ποτε
2317 4876 2333 4892 ο
2373 4860 2476 4925 Θὲς
2511 4861 2623 4929 τὴν
2652 4865 2897 4931 καρδίαν
2923 4881 3036 4921 σου
3066 4870 3162 4923 ἐπί
3202 4870 3317 4924 τῶν

1780 4962 1948 5028 ὤμων
1964 4975 2098 5024 σου,
2124 4962 2377 5030 θυγάτηρ
2406 4963 2754 5031 ήτιμωμένη,
2774 4967 2857 5018 ὅτι
2887 4967 3098 5037 Κύριος
3116 4973 3316 5028 ἔκτισε

1781 5065 2092 5129 σωτηρίαν.
2139 5065 2248 5128 Τὰς
2279 5069 2462 5138 χεῖρας
2519 5069 2609 5120 καὶ
2652 5069 2775 5129 τοὺς
2823 5070 3005 5137 ὤμους
3055 5076 3133 5134 εἰς
3179 5077 3317 5144 πρά·

1783 5165 1889 5234 ξεις
1928 5166 2186 5236 λαμϐάνει
2216 5169 2248 5237 ἡ
2280 5169 2486 5238 Γραφὴ,
2511 5170 2584 5231 ώς
2604 5170 2728 5222 ὅταν
2753 5169 2881 5240 λέγῃ
2907 5171 3050 5242 1411]
3073 5175 3192 5244 περὶ
3222 5177 3315 5231 τοῦ

1833 5377 2071 5443 f'-_Fronlo
2096 5375 2308 5443 Ducazuq
2322 5383 2370 5443 οι
2390 5377 2823 5443 Savil._lggend_um
2850 5388 3020 5441 putant
3040 5389 3317 5443 νομοθετῶ».

1781 5433 1898 5505 _Ibid.
1921 5448 2088 5505 omnes
2101 5450 2213 5505 ιιι-δε.
2236 5440 2314 5505 καὶ
2335 5438 2425 5505 ὑπο
2441 5436 2527 5505 τοῦ
2544 5433 2699 5497 λόγου.
2723 5439 2812 5487 Ed.
2834 5433 2993 5500 νόμου.
3017 5433 3121 5490 Μοὶ
3149 5433 3319 5505 Ιειιειιὶί

1781 5492 2008 5557 lnc_us_est
2029 5507 2100 5557 ex_
2118 5496 2328 5557 Epislqla
2354 5499 2410 5542 ad
2441 5492 2773 5557 Pglyca'rpum.

1846 5551 1864 5587 τ
1908 5551 2186 5614 Legendum
2213 5555 2400 5601 videtur
2423 5551 2541 5602 τοῦ(
2559 5551 2666 5607 Moi
2689 5571 2813 5610 unus
2847 5560 2925 5605 ὑπ’
2957 5562 3180 5613 ἐξουσίαν.
3224 5564 3318 5614 Alii

1781 5614 1850 5660 ἐπ’
1880 5614 2104 5666 ἐξουσίαν.
2143 5615 2261 5662 Ibid.
2306 5616 2524 5673 quaedam
2559 5618 2764 5667 deerant
2799 5619 2848 5668 in
2873 5619 3039 5668 Morel.
3081 5628 3134 5668 ει
3167 5622 3316 5674 Savil.

1783 5686 1890 5733 quae
1913 5685 1972 5720 ex
1997 5687 2109 5720 mss.
2138 5677 2388 5735 prodeunt.
