3982 6218
663 373 777 428 405

667 471 859 525 Δάυῖδ’
900 475 1008 529 Καὶ
1040 473 1109 528 ἐν
1142 476 1265 543 ταῖς
1306 481 1595 535 συνέσεσι
1632 484 1747 537 τῶν
1780 483 1989 554 χειρῶν
2026 488 2208 541 αὐτοῦ

669 561 982 628 ὡδήγησεν
1006 566 1240 631 αὐτούς.
1271 569 1378 620 Kal
1406 571 1438 639 ή
1472 571 1679 634 σύνεσις
1705 569 1812 643 ἆρα
1852 576 1908 626 ἐν
1939 577 2057 637 ταῖς
2088 593 2212 645 χερ-

672 650 757 702 σίν
793 653 970 717 ἐστιν;
1018 654 1152 707 Ἀλλ’
1184 658 1244 708 ἐν
1289 661 1407 722 ταῖς
1437 661 1678 715 συνέσεσι
1716 664 1861 731 λέγει
1902 666 2077 718 αὐτῶν
2103 666 2211 718 τῶν

671 740 937 810 πράξεων.
980 743 1088 795 Kal
1129 744 1220 798 ἐπὶ
1260 746 1353 799 τοῦ
1395 748 1619 819 στήθους
1652 751 1950 821 ἐλάμϐανεν
1976 756 2003 805 ὁ
2037 756 2211 824 ἱερεὺς

667 827 731 880 τὸ
783 831 983 897 λογεῖον
1029 832 1152 895 τοὺς
1196 833 1397 889 δώδεκα
1446 837 1621 901 λίθους
1694 840 2208 911 ὲγκεκολαμμένους,

671 918 934 982 τουτέστι,
990 920 1219 989 σάρδιον,
1261 925 1531 988 τοπάζιον,
1572 928 1895 996 σμάραγδον,
1944 931 2206 1000 ἄνθρακα,

673 1007 989 1078 σάπφειρον,
1044 1011 1245 1078 ἴασπιν,
1296 1014 1563 1081 ὑάκινθον,
1622 1019 1844 1090 ἀχάτην,
1918 1023 2207 1091 ἀμέθυσον,

671 1098 998 1166 χρυσόλιθον,
1029 1098 1328 1171 βηρύλλιον,
1345 1104 1568 1175 όνύχιον.
1588 1106 1675 1159 Ἐν
1690 1112 1799 1173 τοῖς
1824 1110 2028 1165 δώδεκα
2046 1112 2210 1176 λίθοις

670 1186 876 1251 τούτοις
913 1190 1219 1258 ἐμερίζοντο
1245 1195 1302 1246 αἱ
1332 1194 1534 1249 δώδεκα
1564 1198 1723 1265 φυλαὶ
1741 1216 1754 1229 ’
1800 1200 1933 1271 βαρὺ
1953 1202 2012 1254 τὸ
2040 1203 2206 1273 ῥῆμα.

673 1279 819 1332 ’Λνω
849 1280 940 1332 ἐπὶ
974 1281 1082 1333 τῶν
1124 1282 1287 1352 ὤμων
1330 1286 1425 1354 μία
1451 1283 1517 1357 ἦν
1552 1290 1584 1358 ή
1615 1289 1721 1341 τῶν
1760 1290 1920 1343 λίθων
1954 1293 2111 1359 φύσις
2151 1292 2209 1344 ἒν

669 1369 839 1438 δνομα
870 1370 1084 1440 ἔχουσα,
1128 1373 1218 1426 τὸν
1251 1376 1556 1445 σμάραγδον
1578 1394 1590 1406 ’
1633 1378 1724 1431 ἐπὶ
1763 1380 1820 1434 δὲ
1861 1380 1952 1433 τοῦ
1987 1382 2210 1450 στήθους

669 1458 819 1511 κάτω
844 1458 1083 1528 διάφοροι
1127 1464 1175 1514 οἱ
1205 1463 1361 1517 λίθοι.
1392 1465 1456 1516 Τί
1494 1466 1734 1534 βούλεται
1776 1469 1961 1534 τοῦτο;
1996 1471 2208 1541 Ἐπειδὴ

673 1546 771 1615 μία
797 1547 953 1614 φύσις
978 1551 1122 1617 ἡμᾶς
1149 1551 1420 1621 ἐγέννησε,
1450 1553 1690 1623 διάφοροι
1725 1555 1779 1608 δὲ
1815 1557 2024 1627 γνῶμαι
2065 1560 2211 1627 ἡμᾶς

673 1633 950 1704 ἐμέρισαν,
980 1636 1041 1688 τὸ
1085 1637 1183 1707 μὲν
1215 1638 1394 1693 δίδωσι
1418 1644 1481 1712 τῇ
1514 1643 1725 1714 γνώμῃ,
1755 1646 1815 1697 τὸ
1850 1646 1905 1698 δέ
1933 1649 1997 1716 τῇ
2031 1648 2209 1714 φύσει.

670 1719 777 1776 ἾΙν
818 1726 995 1777 τοίνυν
1056 1727 1188 1780 Θεοῦ
1232 1728 1396 1798 ὄνομα
1434 1732 1465 1801 ή
1504 1733 1773 1803 πρακτικὴ
1814 1735 2002 1806 ἀρετὴ,
2055 1739 2087 1807 ή
2124 1736 2210 1791 διά

670 1813 826 1881 λόγου
856 1814 948 1865 καὶ
972 1813 1226 1883 ἀληθείας
1259 1818 1583 1874 συνεστῶσα.
1620 1820 1730 1872 Kal
1757 1821 1859 1873 ὑπὸ
1887 1822 1945 1874 τὸ
1973 1824 2210 1893 κράσπε-

671 1900 758 1953 δον
787 1900 878 1953 τοῦ
914 1902 1100 1970 ἱερέως
1138 1903 1199 1955 τὸ
1236 1904 1519 1973 λεγόμενον
1551 1906 1726 1975 λῶμα,
1763 1909 1916 1977 ἀνθη,
1953 1912 2085 1980 ρωἀ,
2117 1913 2209 1965 καὶ

673 1991 876 2059 ροἲσκοι
908 2000 935 2030 ι
965 1994 1171 2059 χρυσοῖ,
1212 1993 1305 2045 καὶ
1346 1994 1604 2058 κώδωνες.
1640 1997 1704 2048 Τί
1751 1998 1995 2052 ἐϐούλετο
2037 2000 2210 2054 ταῦτα

666 2079 730 2131 ὲν
760 2076 837 2147 τῷ
858 2079 1022 2147 ἱερεῖς
1060 2074 1167 2150 ἄρα
1194 2079 1322 2143 Θεὸς
1348 2081 1644 2135 ἀνεπαύετο
1673 2084 1873 2148 τούτοις
1905 2089 2014 2149 τοῖς
2055 2088 2210 2141 ἀνθε-

672 2181 786 2230 σιν;
817 2162 925 2236 ἀρα
964 2167 1210 2221 ἐϐούλετο
1240 2170 1398 2240 γήϊνα
1422 2170 1552 2241 ἀνθη
1589 2166 1725 2226 εἶναι
1761 2176 1885 2243 περὶ
1907 2174 1994 2228 τὸν
2026 2177 2208 2245 ἱερέα;

684 2255 821 2308 Ἀλλ’
849 2258 907 2309 ἐν
936 2258 1014 2327 τῷ
1043 2259 1276 2328 σχήματι
1308 2260 1399 2313 τοῦ
1432 2262 1614 2332 ἱερέως
1641 2263 1947 2326 ἐξεικονίζει
1974 2265 2071 2328 τὰς
2091 2267 2213 2336 ἀρε-

670 2347 789 2409 τάς.
811 2349 954 2402 Ἀνω
998 2350 1088 2401 ἐπὶ
1122 2349 1222 2417 τῆς
1262 2350 1498 2420 κεφαλῆς
1547 2350 1714 2419 ὄνομα
1762 2351 1915 2415 Θεοῦ,
1974 2354 2064 2405 ἐπὶ
2114 2353 2207 2407 τοῦ

674 2434 897 2504 στήθους
920 2435 980 2487 τὸ
1015 2436 1217 2503 λογεῖον
1253 2438 1301 2500 b,
1331 2438 1398 2490 τά
1430 2438 1577 2490 κάτω
1605 2438 1734 2506 ἀνθη
1765 2440 1857 2492 καὶ
1895 2440 2112 2510 καρποὶ,
2142 2441 2209 2494 τά

670 2522 779 2575 τῶν
806 2524 1011 2593 ἀρετῶν
1038 2524 1449 2595 κατορθώματα,
1484 2526 1637 2579 ἀτινά
1674 2527 1817 2580 ἐστιν
1859 2527 2206 2598 ἐλεημοσύνη,

681 2612 1008 2685 δικαιοσύνη,
1040 2614 1428 2684 φιλανθρωπία.

742 2799 802 2846 ε’.
834 2795 924 2846 Δεῖ
953 2791 1044 2846 οῦν
1070 2796 1212 2863 ἡμᾶς
1249 2793 1385 2863 ἔχειν
1413 2797 1505 2849 καὶ
1537 2802 1603 2849 τά
1631 2796 1889 2849 ἀνθοῦντα
1917 2795 2082 2865 κάλλη
2118 2795 2211 2849 καὶ

672 2883 743 2937 τά
768 2884 1183 2954 πεπληρωμένα.
1210 2885 1376 2955 ’Λνθη
1419 2887 1475 2938 δέ
1519 2889 1653 2940 είσιν
1685 2888 1888 2958 ἱερέως,
1936 2889 2208 2957 συντυχία,

674 2974 875 3043 ὁμιλία,
904 2971 1032 3045 ἦθος
1078 2974 1299 3042 ἀγαθὸν,
1331 2975 1486 3043 λόγος
1528 2978 1776 3048 χρηστὸς,
1826 2977 2023 3039 πίστις,
2066 2977 2211 3040 δόξα,

675 3065 914 3135 ἀλήθεια,
968 3066 1271 3137 δικαιοσύνη
1295 3082 1309 3097 ⁸
1345 3066 1437 3119 καὶ
1480 3068 1675 3136 μεταξὺ
1712 3067 1911 3123 τούτων
1956 3071 2003 3120 οἱ
2034 3067 2213 3120 κώδω-

676 3171 784 3221 νες,
815 3156 847 3224 ή
876 3155 1154 3224 συμφωνία
1182 3154 1288 3207 τῶν
1315 3154 1490 3207 καλῶν
1518 3155 1709 3225 ἔργων.
1736 3158 1889 3209 Πᾶσα
1908 3156 2018 3225 γὰρ
2044 3156 2212 3226 ἀρετὴ

674 3241 805 3313 ἦχον
847 3242 1111 3295 ἀποτελεῖ.
1156 3243 1245 3295 Διὸ
1276 3243 1420 3310 λέγει
1471 3243 1708 3307 Παῦλος·
1753 3246 1874 3312 Ἀφ’
1916 3245 2079 3314 ὑμῶν
2105 3246 2213 3314 γὰρ

675 3330 959 3399 ἐξήχηται
993 3334 1024 3383 ό
1071 3332 1250 3399 λόγος
1299 3330 1403 3384 τοῦ
1455 3331 1616 3384 Θεοῦ.
1662 3331 1829 3385 Πόθεν
1872 3331 1926 3384 δὲ
1961 3328 2157 3399 ἤρξατο
2185 3332 2213 3383 6

674 3416 805 3490 ἦχος
828 3437 842 3485 ;
882 3420 989 3472 Kal
1044 3420 1284 3488 περιῄει,
1337 3420 1518 3489 φησὶν,
1566 3423 1599 3472 ό
1647 3421 1872 3487 Ἰησοῦς
1921 3421 2216 3475 διδάσκων

677 3507 881 3563 πᾶσαν
916 3511 1112 3567 πόλιν,
1148 3508 1243 3561 καί
1271 3506 1471 3561 πᾶσαν
1512 3507 1731 3576 κώμην,
1764 3509 1858 3562 καὶ
1883 3512 2216 3577 θεραπεύων

677 3591 884 3646 πᾶσαν
908 3593 1111 3655 νόσον,
1140 3591 1237 3644 καὶ
1276 3590 1477 3645 πᾶσαν
1495 3592 1815 3659 μαλακίαν.
1859 3594 1966 3645 Kal
1997 3593 2214 3663 ἐξῆλθεν

677 3675 808 3747 ἦχος
839 3680 962 3748 περὶ
990 3677 1150 3730 αὑτοῦ
1184 3681 1261 3740 εἱς
1290 3682 1466 3731 πᾶσαν
1492 3679 1587 3747 τὴν
1620 3679 1740 3747 γῆν.
1786 3681 2020 3751 Πρόσεχε
2059 3684 2215 3752 ἀκριο

679 3765 806 3828 ϐῶς·
842 3762 992 3828 Εἶδες
1020 3764 1124 3818 τῶν
1153 3766 1358 3834 ἀρετῶν
1382 3766 1470 3817 τὸν
1492 3766 1717 3834 κόσμον;
1737 3767 1963 3830 Ἐκεῖνος
1992 3772 2018 3821 6
2044 3772 2216 3839 ἱερεὺς

678 3853 909 3923 Χριστοῦ
938 3849 1003 3923 ἦν
1018 3852 1202 3915 τύπος.
1228 3854 1340 3905 Οὐκ
1364 3852 1758 3922 ἀλληγοροῦμεν
1789 3854 2034 3921 ἐνταῦθα,
2063 3859 2110 3909 εἱ
2143 3860 2215 3927 μὴ

681 3942 930 4012 ἀφορμὰς
962 3942 1221 4012 ἐλάϐομεν
1246 3942 1395 4011 παρὰ
1428 3941 1655 3994 Παύλου.
1692 3943 1753 3994 Εἱ
1784 3943 1857 4014 μὴ
1897 3944 2097 4009 Παῦλος
2123 3948 2219 4019 ήρ-

684 4028 913 4098 μήνευσε
937 4028 1033 4097 τὴν
1070 4028 1294 4097 δύναμιν
1335 4029 1429 4098 τῆς
1467 4028 1825 4099 δικαιοσύνης,
1858 4033 2014 4099 ἡμεῖς
2046 4033 2216 4086 ταῦτα

650 4180 655 4183 ι
686 4114 875 4184 μαθεῖν
903 4114 1000 4166 οὐκ
1033 4110 1356 4184 ⁴ἠδυνάμεθα.
1391 4116 1486 4169 Διά
1510 4116 1663 4169 τοῦτο
1696 4120 1836 4170 ποιεῖ
1870 4118 2077 4182 Παῦλος
2125 4122 2216 4174 τὸν

682 4202 829 4273 ἱερέα
881 4204 1081 4254 ἐκεῖνον
1122 4202 1287 4255 τύπον
1324 4203 1417 4256 τοῦ
1463 4206 1716 4273 Χριστοῦ,
1762 4206 1854 4259 καὶ
1910 4206 2093 4275 λέγει’
2135 4212 2216 4263 Οὐ

680 4290 788 4359 γὰρ
828 4291 913 4353 εις
949 4290 1319 4357 χειροποίητα
1371 4289 1505 4358 ἅγια
1551 4292 1831 4357 εἰσῆλθεν
1879 4298 1910 4347 ό
1944 4297 2212 4361 Χριστὸς,

679 4381 967 4433 ἀντίτυπα
996 4378 1111 4431 τῶν
1151 4379 1468 4445 ἀληθινῶν,
1497 4380 1634 4433 ἀλλ’
1663 4384 1746 4446 εἱς
1776 4383 1955 4435 αὑτὸν
1990 4386 2094 4437 τὸν
2121 4388 2217 4439 οὐ·

673 4471 883 4536 ρανόν,
910 4467 1339 4536 ἐμφανισθῆναι
1360 4469 1437 4534 τῷ
1466 4471 1754 4536 προσώπῳ
1771 4472 1873 4524 τοῦ
1898 4473 2040 4525 Θεοῦ
2070 4474 2217 4541 ὑπὲρ

681 4557 866 4627 ἡμῶν.
895 4555 1085 4618 Στάσις
1111 4553 1201 4609 οῦν
1231 4554 1297 4626 ἦν
1327 4560 1381 4608 ἐν
1405 4561 1514 4619 τοῖς
1541 4559 1658 4610 τότε
1694 4560 1977 4622 Ἰουδαίοις,
2010 4562 2101 4613 καὶ
2124 4560 2218 4631 ζή-

680 4658 827 4716 τημα
861 4646 1025 4711 ξένον.
1063 4646 1272 4714 Ἐπειδὴ
1305 4644 1411 4715 γάρ
1440 4647 1487 4697 οἱ
1516 4647 1793 4699 ἀπόστολοι
1818 4650 2107 4718 ἐκήρυττον
2130 4652 2218 4703 τὸν

682 4737 928 4804 Σωτῆρα,
972 4735 1069 4788 καὶ
1126 4734 1365 4803 βασιλέα,
1414 4736 1504 4787 καὶ
1556 4736 1720 4804 ἱερέα,
1768 4738 1857 4788 καὶ
1915 4740 2215 4809 προφήτην,

683 4822 944 4891 ἐμάχοντο
995 4824 1043 4874 οἱ
1082 4822 1337 4879 Ἰουδαῖοι,
1378 4824 1469 4873 καὶ
1517 4822 1696 4889 ἔλεγον
1744 4824 1809 4875 τὰ
1852 4825 1989 4875 κατά
2035 4826 2213 4894 νόμον.

685 4911 872 4979 Ἄλλη,
907 4912 1056 4980 φησὶ,
1094 4910 1231 4980 φυλὴ
1282 4911 1567 4979 βασιλείας,
1611 4913 1700 4963 καὶ
1738 4912 1866 4981 ἄλλη
1907 4913 2214 4984 ἱερωσύνης.

694 4999 758 5051 Ἦ
791 4999 1042 5069 Λευῖτικὴ
1096 4998 1254 5068 φυλὴ,
1309 5000 1620 5069 ἱερωσύνης,
1661 5001 1691 5069 ή
1738 5000 1791 5053 δὲ
1829 5001 2013 5063 Ἰούδα,
2070 5001 2218 5071 βασι-

680 5087 848 5151 λείας,
874 5090 1051 5156 φησίν.
1091 5088 1153 5139 El
1184 5083 1275 5140 οὖν
1302 5090 1330 5140 6
1360 5090 1586 5159 Χριστὸς
1624 5090 1866 5156 βασιλεύς
1896 5092 2055 5153 ἐστιν,
2095 5091 2219 5143 οὐκ-

679 5177 757 5229 έτι
785 5176 929 5247 [412]
970 5178 1142 5246 ἱερεύς
1162 5194 1177 5207 ο
1209 5180 1255 5230 εί
1284 5178 1340 5231 δὲ
1366 5178 1558 5248 ἱερεὺς,
1585 5180 1761 5231 οὐκέτι
1784 5180 2047 5247 βασιλεύς.
2077 5182 2219 5233 Παῦ-

678 5267 768 5329 λος
829 5267 1149 5337 μαχόμενος,
1205 5268 1297 5320 καὶ
1350 5270 1482 5339 πρὸς
1542 5269 1638 5339 τὴν
1697 5270 1914 5322 ἐκείνων
1969 5272 2217 5325 ὑπόνοιαν

739 5539 766 5603 f
795 5537 898 5603 quo
922 5538 1030 5595 ἄνθη
1067 5541 1314 5603 ροιᾶελκαὶ
1340 5542 1534 5602 ροίσκοι.

742 5598 769 5661 ξ)
811 5597 1081 5661 Ἰίεει-ηιδςζ
1122 5601 1315 5655 στήθους
1342 5597 1495 5661 λόγος.
1539 5603 1635 5651 Sed
1671 5605 1804 5652 locus
1830 5604 1878 5651 in
1905 5604 2047 5652 editis
2088 5604 2217 5652 bene

679 5658 863 5707 habere
888 5658 1094 5707 videlur.

2147 374 2417 433 INCERTI

3748 399 3864 451 406

2317 488 2564 557 ἁρμόζων
2612 488 2700 541 τὸν
2746 490 2920 559 λόγον,
2955 494 3117 562 φησί’
3154 493 3236 562 Μὴ
3276 494 3380 564 γάρ
3410 496 3545 548 κατά
3574 496 3678 564 τὴν
3708 500 3863 565 τάξιν

2312 572 2408 644 τῆς
2443 577 2703 647 ὑμετέρας
2731 580 3021 650 ἱερωσύνης
3047 582 3239 652 ἀνέστη
3268 585 3525 652 Χριστός;
3556 587 3701 655 Παρ’
3724 590 3858 657 ὑμῖν

2311 662 2558 732 διῄρηται
2587 664 2825 733 βασιλεία
2854 669 2946 719 καὶ
2991 668 3281 739 ἱερωσύνη·
3319 672 3376 723 ἐν
3416 672 3472 723 δὲ
3508 674 3586 740 τῷ
3627 676 3861 744 Χριστῷ

2314 748 2596 817 συνῆπται.
2644 751 2725 804 Σὺ
2763 752 2870 823 γάρ
2918 755 3137 821 ἱερεὺς,
3178 756 3361 825 φησὶν,
3410 760 3494 822 εἰς
3520 758 3624 811 τὸν
3671 762 3861 814 αἰῶνα

2312 837 2457 888 κατὰ
2490 837 2602 905 τὴν
2626 839 2795 903 τάξιν
2820 842 3205 909 Μελχισεδέκ.
3240 844 3336 896 Διά
3357 845 3510 899 τοῦτο
3537 847 3856 915 συλλογίζε-

2310 942 2418 989 ται,
2452 926 2541 977 καὶ
2566 926 2744 995 λέγει·
2787 930 2835 980 εἱ
2864 930 2971 999 γὰρ
3001 932 3033 999 ὴ
3064 930 3247 1001 πρώτη
3290 935 3545 1004 ἱερωσύνη
3576 933 3644 1004 ἦν
3676 938 3858 1005 ἀμεμ-

2312 1029 2461 1075 πτος,
2486 1013 2568 1076 τίς
2591 1015 2742 1083 χρεία
2769 1015 3017 1085 λεχθῆναι
3047 1018 3183 1071 κατά
3212 1019 3308 1088 τὴν
3338 1020 3486 1084 τάξιν
3521 1022 3856 1090 Μελχισεδὲκ

2309 1101 2624 1155 ἀνίστασθαι
2671 1104 2839 1172 ἱερέα,
2888 1107 2982 1158 καὶ
3021 1108 3079 1158 ού
3121 1107 3258 1159 κατά
3290 1109 3387 1178 τὴν
3428 1110 3576 1175 τάξιν
3610 1113 3856 1180 Ἀαρὼν;

2312 1192 2770 1260 Μετατιθεμένης
2818 1194 2929 1262 τὰρ
2972 1193 3077 1261 τῆς
3107 1197 3444 1261 ἱερωσύνης,
3485 1198 3553 1260 ἐξ
3582 1200 3856 1265 ἀνάγκη(

2312 1282 2408 1333 καὶ
2440 1284 2623 1348 νόμου
2650 1283 2961 1349 μετάθεσις
3000 1285 3241 1351 γίνεται.
3272 1287 3575 1355 ’Λρχιερεὺς
3608 1293 3796 1341 τοίνυν
3829 1296 3857 1342 6

2312 1367 2499 1438 Σωτὴρ
2529 1370 2559 1437 ή
2570 1370 2702 1438 μῶν,
2733 1370 2792 1421 οὐ
2821 1371 2958 1422 κατά
2998 1372 3089 1422 τὸν
3122 1374 3218 1440 τῆς
3243 1372 3486 1441 θεότητος
3509 1375 3683 1440 λόγον⁹
3717 1379 3856 1430 ἀλλά

2312 1457 2450 1509 κατά
2482 1458 2572 1509 τὸν
2604 1456 2701 1525 τῆς
2739 1458 2933 1526 σαρκὸς
2967 1459 3155 1511 τύπον·
3181 1461 3291 1513 ἀνω
3321 1462 3595 1530 σύνθρονος
3618 1464 3758 1517 Θεοῦ
3788 1468 3855 1517 δι’

2309 1548 2474 1614 ἡμᾶς,
2522 1547 2615 1599 καὶ
2650 1548 2934 1617 ἀρχιερεὺς
2974 1549 3112 1599 κατά
3164 1549 3259 1617 τὴν
3302 1550 3449 1612 τάξιν
3496 1552 3851 1620 Μελχισεδέκ.

2311 1634 2444 1703 Περὶ
2467 1627 2526 1686 οῦ
2557 1635 2718 1697 πολὺς
2755 1637 2782 1687 6
2806 1634 2978 1702 λόγος,
3011 1635 3124 1688 ἀλλ’
3150 1638 3212 1689 οὐ
3240 1637 3330 1689 τοῦ
3362 1639 3639 1707 παρόντος.
3676 1643 3856 1712 Πρόσ-

2310 1740 2422 1791 εχε,
2462 1724 2790 1795 παρακαλεῖν
2828 1720 2934 1777 Ἦν
2985 1727 3042 1778 ἐν
3081 1726 3159 1795 τῷ
3209 1728 3355 1799 νόμῳ
3410 1732 3853 1801 ὁλοκαυτώματα,

2313 1811 2468 1865 θυσία
2511 1813 2635 1883 περὶ
2673 1814 2966 1884 ἁμαρτίας,
3012 1819 3319 1887 προσφοράο
3373 1818 3537 1872 ἐλθὼν
3583 1821 3611 1871 6
3659 1821 3853 1888 Σωτὴρ

2312 1902 2469 1953 παύει
2499 1902 2596 1964 τὰς
2623 1903 2856 1964 τυπικάς
2889 1904 3219 1975 προσφορὰς,
3246 1908 3340 1958 καὶ
3372 1911 3514 1959 ποιεῖ
3530 1908 3591 1959 τὸ
3619 1909 3778 1971 σῶμα
3796 1909 3854 1959 τὸ

2312 1989 2437 2042 ῖδιον
2472 1992 2593 2043 ἀντὶ
2621 1991 2797 2060 πάσης
2826 1992 3029 2055 θυσίας.
3057 1993 3214 2060 Λέγει
3239 1994 3441 2057 Παῦλος
3469 1996 3596 2064 περὶ
3614 1998 3708 2046 τοῦ
3742 1997 3854 2047 Σω-

2309 2080 2502 2151 τῆρος·
2536 2081 2633 2134 Διὸ
2684 2083 3093 2151 εἰσερχόμενος
3130 2086 3215 2148 είς
3260 2083 3363 2135 τὸν
3396 2085 3623 2151 κόσμον
3648 2085 3809 2151 λέγει
3833 2100 3849 2113 ·

2313 2170 2540 2222 Θυσίαν
2570 2169 2667 2223 καὶ
2696 2171 3042 2238 προσφορὰν
3066 2172 3174 2224 οὐκ
3208 2171 3506 2239 ἠθέλησας
3528 2187 3541 2199 ·
3586 2171 3759 2239 σῶμα
3784 2172 3854 2224 δέ

2310 2261 2637 2326 κατηρτίσω
2676 2276 2807 2328 μοι’
2856 2260 3307 2328 ὁλοκαυτώματα
3350 2260 3447 2313 καὶ
3505 2260 3633 2326 περὶ
3664 2263 3849 2329 ἁμαρ-

2308 2348 2437 2413 τίας
2468 2349 2577 2401 οὐκ
2622 2347 2955 2416 εὐδόκησας
2983 2359 3005 2388 ε
3028 2365 3041 2379 ο
3092 2351 3222 2403 τότε
3261 2346 3457 2402 εἷπον·
3501 2349 3643 2402 Ἰδοὺ
3688 2351 3845 2415 ἥκω·

2308 2436 2376 2489 ἐν
2402 2437 2670 2504 κεφαλίδι
2696 2438 2935 2500 ,ϐιϐλίου
2959 2438 3267 2507 γέγραπται
3296 2439 3424 2506 περὶ
3453 2439 3619 2506 ἐμοῦ.
3663 2441 3849 2492 Εἰπὼν

2308 2526 2406 2595 τὴν
2445 2526 2769 2596 προφητείαν
2813 2526 3039 2590 Παῦλος,
3097 2527 3188 2579 καὶ
3224 2527 3475 2596 είρηκὼς,
3524 2531 3606 2579 ὅτι
3649 2529 3848 2580 Θυσίαν

2312 2615 2402 2666 καὶ
2448 2616 2757 2685 προσφορὰν
2794 2617 2886 2668 καὶ
2936 2617 3062 2685 περὶ
3098 2616 3362 2684 ἁμαρτίας
3409 2618 3506 2668 οὐκ
3558 2616 3849 2685 ἠθέλησας,

2308 2700 2427 2753 τότε
2456 2698 2623 2767 εἷπον,
2656 2703 2781 2755 Ἰδοὺ
2809 2703 2943 2772 ἥκω,
2971 2705 3177 2773 ἀναιρεῖ
3202 2704 3262 2755 τὸ
3288 2703 3516 2772 πρῶτον,
3539 2703 3627 2754 ἵνα
3646 2704 3711 2756 τὸ
3733 2704 3851 2755 δεύ-

2310 2808 2462 2862 τερον
2487 2792 2677 2863 στήσῃ.
2707 2792 2815 2844 Kal
2844 2792 2945 2844 ποῦ
2974 2794 3007 2862 ή
3036 2792 3190 2845 θυσία
3216 2793 3306 2845 καὶ
3330 2796 3363 2861 ή
3395 2794 3675 2863 προσφορά
3711 2796 3854 2861 εὑρί-

2314 2894 2496 2930 σκεται
2533 2879 2590 2931 ἐν
2638 2877 2715 2946 τῷ
2766 2878 2974 2947 σώματι
3018 2878 3119 2931 τοῦ
3144 2878 3411 2949 Χριστοῦ;
3458 2875 3657 2940 Καθὼς
3704 2879 3854 2946 λέγει

2311 2967 2340 3019 6
2375 2965 2662 3027 ἀπόστολος
2717 2966 2951 3027 Παῦλος*
3018 2966 3340 3033 Παρακαλῶ
3371 2966 3543 3034 ὑμᾶς,
3576 2968 3855 3035 ἀδελφοί,

2311 3054 2410 3108 διὰ
2433 3054 2549 3108 τῶν
2578 3056 2887 3124 οἰκτιρμῶν
2916 3056 3019 3109 τοῦ
3065 3056 3228 3119 Θεοῦ,
3254 3056 3332 3119 ὡς
3355 3055 3530 3108 τέκνα
3556 3057 3855 3122 ἀγαπητὰ.

2312 3143 2674 3210 περιπατεῖτε
2701 3145 2768 3196 ἐν
2794 3143 3011 3211 ἀγάπῃ,
3042 3143 3230 3209 καθὼς
3257 3143 3351 3196 καί
3387 3146 3419 3196 ό
3440 3144 3858 3211 Χριστὸς-ἡγεῖ-

2315 3245 2510 3296 πησεν
2535 3230 2711 3298 ἡμᾶς,
2757 3230 2852 3282 καί
2885 3228 3218 3295 παρέδωκεν
3248 3229 3460 3281 ἑαυτὸν
3500 3229 3651 3296 ὑπὲρ
3687 3231 3861 3297 ἡμῶν

2315 3321 2532 3373 θυσίαν
2577 3319 2672 3371 καὶ
2721 3320 3063 3386 προσφορὰν
3108 3318 3186 3380 τῷ
3230 3317 3376 3383 Θεῷ,
3408 3321 3494 3383 είς
3523 3319 3727 3386 ὀσμὴν
3762 3325 3858 3373 εὐ-

2315 3408 2507 3473 ωδίας.
2533 3408 2629 3461 Διά
2669 3409 2726 3462 σέ
2756 3408 3058 3478 ἀρχιερεὺς,
3087 3408 3363 3460 δι”ἐαυτὸν
3392 3409 3540 3471 Θεός.
3568 3409 3661 3477 Μὴ
3688 3412 3859 3476 μετά-

2316 3495 2472 3548 ϐαλλε
2506 3497 2722 3567 ῥήματα
2760 3495 2891 3548 Θεοῦ
2927 3494 3142 3557 ζῶντος.
3180 3496 3271 3557 Είς
3308 3496 3524 3565 Πατέρα
3570 3498 3665 3549 καὶ
3709 3498 3860 3559 Υῐὸν,

2315 3587 2407 3639 καὶ
2435 3586 2584 3654 ἅγιον
2620 3585 2838 3656 Πνεῦμα
2880 3584 3237 3653 ἐϐαπτίσθης·
3286 3584 3343 3635 τί
3380 3587 3622 3655 ἀναιρεῖς
3649 3586 3718 3637 τά
3748 3587 3861 3638 ὀνό-

2320 3696 2461 3747 ματα
2487 3679 2553 3731 τά
2576 3677 2770 3744 ζῶντα,
2796 3678 2886 3730 καὶ
2910 3677 3145 3742 εἱσάγεις
3171 3676 3425 3744 ὀνόματα,
3447 3677 3727 3746 λογισμῶν
3742 3696 3863 3744 γεν-

2315 3769 2547 3837 νήματα,
2572 3767 2759 3833 λέγων,
2784 3766 3095 3835 Ἀγέννητος
3121 3764 3211 3816 καὶ
3232 3766 3502 3835 γεννητὸς,
3526 3766 3743 3829 κτιστὸς
3772 3769 3863 3820 καὶ

2316 3858 2581 3921 ἀκτιστος,
2608 3856 2682 3909 ὢν
2721 3857 2806 3908 ἀεὶ
2848 3855 2941 3907 καὶ
2975 3855 3048 3924 μὴ
3093 3854 3165 3906 ὣν
3209 3855 3329 3915 ἀεί;
3363 3854 3583 3907 Τούτων
3610 3857 3862 3924 ἀνέχεται

2314 3946 2447 4007 Θεὸς
2466 3946 2569 3998 τῶν
2590 3945 2829 4014 ματαίων
2855 3945 3142 4013 ῥημάτων;
3170 3944 3263 3995 Ἐν
3291 3943 3439 4012 ῥῆμα
3466 3944 3554 3995 ἵνα
3588 3946 3864 4013 μεταϐάλῃ

2314 4036 2597 4104 προφήτης
2627 4032 2773 4096 ποτὲ,
2807 4032 3167 4084 ἐκινδύνευσεν
3198 4031 3519 4083 ἀπολέσθαι·
3563 4033 3662 4083 καὶ
3709 4033 3861 4099 βλέπε

2320 4122 2556 4189 ῥήματος
2596 4119 2788 4187 μικροῦ
2822 4118 3196 4187 ἀκριϐολογίαν
3214 4135 3226 4148 ο
3251 4117 3330 4169 Ta
3353 4119 3573 4185 ῥήματα
3604 4119 3718 4171 τῶν
3743 4136 3865 4188 προ-

2320 4208 2501 4279 φητῶν
2542 4224 2682 4268 τινες
2717 4205 2939 4258 ἐκάλουν
2974 4206 3076 4257 ὑπὸ
3112 4204 3382 4271 ἀπειρίας,
3415 4204 3612 4273 λῆμμα
3640 4208 3860 4276 Κυρίου.

2317 4298 2477 4365 Λέγει
2525 4298 2553 4348 6
2593 4296 2719 4356 Θεὸς
2769 4293 2855 4345 διὰ
2895 4292 3179 4362 ’ῐερεμίουο
3219 4292 3350 4343 Ἐὰν
3392 4292 3676 4361 ἐρωτήσῃ
3726 4312 3795 4348 σε
3835 4299 3863 4345 ό

2318 4384 2481 4447 λαὸς,
2517 4384 2555 4449 ἢ
2581 4386 2613 4434 ό
2637 4381 2843 4447 ἱερεὺς,
2877 4382 2915 4445 ἢ
2948 4383 2979 4431 ό
3008 4380 3330 4446 προφήτης,
3361 4380 3458 4431 καὶ
3483 4380 3629 4446 εἴπῃ
3662 4400 3780 4445 σοι,
3812 4383 3865 4434 Τί

2317 4471 2384 4523 τὸ
2420 4469 2621 4537 λῆμμα
2637 4486 2656 4531 ;
2712 4468 2839 4520 είπὲ
2890 4468 3107 4529 αὐτοῖς,
3148 4468 3233 4519 ὅτι
3270 4467 3339 4521 Τὸ
3387 4466 3601 4535 λῆμμα
3652 4474 3866 4538 Kvpicv

2318 4558 2484 4626 ὑμεῖς
2510 4558 2665 4611 ἐστε.
2695 4557 2966 4625 Ama-oga:
2992 4556 3100 4624 γὰρ
3127 4554 3280 4624 ὑμᾶς
3305 4554 3531 4623 λῆμμα,
3565 4560 3676 4610 καὶ
3717 4561 3866 4627 ῥάξω

2322 4648 2490 4717 ὑμᾶς,
2513 4649 2611 4701 ἵνα
2647 4648 2732 4715 μὴ
2770 4648 2980 4714 λέγητε
3028 4645 3249 4713 λῆμμα.
3279 4646 3371 4698 ’Ἑν
3397 4646 3547 4715 ῥῆμα
3577 4648 3677 4700 ἵνα
3721 4667 3867 4718 μετει-

2319 4737 2535 4807 ποιηθῇ,
2564 4736 2772 4790 ἀπειλεῖ
2801 4737 2828 4786 6
2850 4735 2977 4795 Θεός
3004 4749 3017 4763 ·
3058 4735 3146 4785 καὶ
3178 4734 3240 4784 σὺ
3275 4731 3560 4802 ὁλόκληρον
3583 4735 3866 4805 δογμάτων

2321 4826 2483 4897 [415]
2508 4825 2788 4895 ἀκρίϐειαν
2826 4822 3183 4891 διαστρέφεις,
3239 4822 3442 4890 Πατρὸς
3478 4822 3665 4895 ὄνομα
3708 4843 3867 4894 παρει-

2319 4917 2677 4985 γραφόμενος,
2744 4913 2874 4965 Υἱοῦ
2940 4912 3091 4975 ἀξίαν
3152 4912 3496 4979 ἀρνούμενος,
3553 4913 3868 4983 Πνεῦματνκ

2324 5006 2479 5071 ἁγίου
2517 5004 2668 5065 δόξαν
2714 5001 2947 5065 ἀθετῶν;
2978 4996 3121 5069 ’Λρα
3156 4999 3410 5069 διαφεύξῃ
3441 5000 3540 5061 τάς
3582 5003 3693 5053 τοῦ
3755 5001 3867 5054 Θεοῦ

2320 5098 2531 5165 χεῖρας;
2584 5093 2729 5164 Βαρὺ
2774 5093 2866 5144 καὶ
2906 5089 3128 5158 φοϐερὸν
3171 5088 3481 5159 διαστρέψαι
3529 5088 3707 5155 λόγον
3756 5090 3866 5142 Θεοῦ

2321 5183 2534 5247 ζῶντος,
2575 5182 2776 5251 Κυρίου
2812 5179 2907 5231 τοῦ
2948 5177 3080 5229 Θεοῦ
3112 5176 3284 5246 ἡμῶν.
3322 5177 3509 5242 Λόγων
3547 5176 3867 5249 διαστρεφο-

2324 5276 2494 5347 μένων
2537 5273 2827 5340 ἀγανακτεῖ
2868 5268 3023 5330 Θεός·
3079 5268 3355 5336 δογμάτων
3393 5266 3865 5337 διαστρεφομένων

2320 5370 2417 5419 οὐκ
2450 5364 2769 5432 ἀγανακτεῖ;
2812 5360 2901 5425 Μὴ
2934 5357 3231 5425 σοφώτερος
3258 5351 3307 5407 εἶ
3333 5354 3426 5405 τοῦ
3467 5354 3772 5423 Σωτῆροςς
3811 5358 3869 5426 μὴ

2320 5453 2699 5524 ἀκριϐέστερος
2747 5444 2919 5498 εἰτοῦ
2962 5444 3313 5511 Εὑαγγελίου;
3362 5440 3645 5512 Φοϐήθητι
3719 5449 3870 5518 χῶμα

2384 5662 2405 5691 ⁸
2452 5661 2573 5708 Tres
2595 5670 2705 5705 mss.
2736 5656 2821 5702 οὐκ
2846 5655 3087 5708 ἐζήτησας.
