3982 6218
152 390 268 444 405

145 491 383 557 quoniam
418 490 599 543 creavit
630 485 870 541 Dominus
899 486 1105 540 salutem
1134 484 1153 550 (
1171 484 1278 537 Jer.
1299 486 1386 539 5i.
1414 484 1476 536 2!
1508 484 1545 550 ).
1593 480 1701 534 Ma-

150 594 253 632 nus
271 588 325 633 et
353 578 601 631 humeros
630 593 723 644 pro
750 576 1041 630 actionibus
1081 574 1269 641 accipit
1311 572 1600 639 Scriptura,
1646 577 1703 622 ut

145 683 268 721 cum
290 668 354 721 de
374 667 563 721 Davide
587 667 730 730 dicit,
754 665 818 717 Et
839 668 888 718 in
905 664 1221 717 intellectibus
1249 678 1480 714 manuum
1501 676 1701 712 suarum

148 757 359 809 deduxit
390 773 473 809 eos
499 755 631 826 (Ps.
658 758 741 807 77.
772 756 889 824 '72).
922 754 1179 821 Numquid
1231 754 1280 805 in
1337 752 1579 805 manibus
1620 759 1701 804 est

150 846 441 900 intellectus
467 847 612 900 ?Sed
646 848 695 898 in
743 846 1087 899 intellectibus
1107 844 1232 896 dicit
1276 844 1501 910 ipsarum
1538 842 1699 894 actio-

149 950 291 987 num.
320 936 384 988 Et
413 938 461 988 in
507 945 715 1003 pectore
740 934 1026 1001 accipiebat
1058 933 1302 987 sacerdos
1323 933 1611 995 oraculum,
1643 932 1693 983 in

146 1040 253 1090 quo
271 1024 542 1077 duodecim
561 1034 708 1079 erant
730 1023 925 1092 lapides
951 1024 1212 1089 insculpti,
1236 1022 1333 1075 hoc.
1349 1031 1446 1085 est,
1472 1021 1692 1085 sardius,

148 1114 402 1180 tepazius,
425 1115 745 1181 smaragdos,
778 1112 1148 1175 carbunculus,
1186 1110 1479 1177 sapphirus,
1504 1110 1689 1177 jaspis,

146 1201 478 1268 hyacinthus,
517 1201 750 1263 achates,
781 1198 1126 1267 amethystus,
1170 1197 1543 1265 chrysolithos,
1597 1197 1694 1251 be-

142 1290 328 1355 ryllus,
375 1288 684 1357 onychinus.
715 1287 769 1340 In
798 1288 1072 1340 duodecim
1126 1286 1383 1354 lapidibus
1418 1286 1692 1339 duodecim

144 1377 311 1429 tribus
338 1376 703 1430 dividebantur
732 1394 743 1428 :
777 1390 931 1444 grave
956 1376 1170 1428 dictum.
1213 1375 1379 1443 Supra
1405 1375 1614 1442 quidem
1642 1377 1691 1428 in

142 1466 379 1520 humeris
405 1482 505 1519 una
528 1466 753 1534 lapidum
778 1477 891 1519 erat
916 1475 1097 1518 natura
1115 1479 1218 1517 uno
1230 1465 1496 1533 designata
1521 1467 1691 1519 nomi-

140 1571 230 1618 ne,
262 1555 597 1623 smaragdus;
630 1554 678 1607 in
699 1566 905 1622 pectore
926 1562 1101 1607 autem
1133 1552 1263 1605 infra
1295 1553 1490 1620 lapides
1518 1554 1691 1608 diver-

138 1646 207 1697 si.
238 1644 372 1711 Quid
399 1644 499 1697 hoc
514 1645 610 1698 sibi
642 1644 787 1697 vult?
806 1642 1221 1712 quandoquidem
1250 1657 1350 1695 una
1386 1657 1482 1695 nos
1509 1654 1689 1695 natura

139 1734 460 1801 procreavit,
481 1734 684 1787 diversa
711 1746 836 1786 vero
860 1747 953 1784 nos
984 1732 1198 1784 consilia
1231 1740 1284 1785 et
1304 1731 1578 1799 Opiniones
1607 1731 1688 1783 di-

136 1825 397 1886 viserunt,
426 1822 526 1875 hoc
551 1821 759 1890 quidem
785 1820 1014 1888 opinioni
1048 1820 1247 1884 tribuit,
1272 1819 1394 1873 illud
1428 1835 1556 1873 vero
1592 1834 1688 1873 ua~

138 1922 294 1965 tum.
319 1911 444 1963 Erat
484 1910 639 1978 igitur
661 1909 749 1963 Dei
774 1923 963 1963 nomen
990 1908 1151 1961 virtus
1178 1908 1229 1959 in
1258 1908 1463 1961 actione
1502 1907 1685 1973 posita,

134 2014 257 2067 qua:
280 2013 371 2068 per
395 2000 647 2052 rationem
675 2012 737 2051 ac
766 1998 1038 2050 veritatem
1063 1996 1316 2049 subsistit.
1350 1996 1413 2048 Et
1470 1996 1521 2048 in
1572 1996 1685 2046 tim-

135 2089 253 2141 bria
298 2088 605 2149 sacerdotis,
636 2103 752 2155 qure
780 2087 971 2139 dicitur
1007 2101 1121 2150 ora,
1156 2084 1309 2138 ﬂores
1338 2086 1459 2139 mali
1493 2086 1686 2153 punici,

138 2178 278 2229 mala
297 2178 483 2246 punica
502 2192 681 2241 aurea,
696 2186 745 2230 et
763 2176 1128 2229 tintinnabula.
1149 2176 1279 2241 Quid
1305 2176 1413 2229 hare
1437 2177 1488 2228 in
1512 2191 1689 2230 sacer-

136 2269 266 2321 dote
307 2268 403 2320 sibi
432 2267 718 2321 volebant?
748 2266 996 2334 numquid
1027 2266 1162 2319 Deus
1188 2266 1266 2319 his
1309 2265 1522 2319 floribus
1544 2266 1688 2320 dele-

136 2359 415 2412 ctabatur?
438 2374 559 2411 num
587 2359 806 2412 terrenis
828 2358 1040 2410 floribus
1066 2358 1290 2410 cinctum
1313 2372 1430 2411 esse
1448 2358 1690 2411 sacerdo-

136 2460 247 2504 tem
280 2449 632 2504 volebat?Sed
661 2450 710 2501 in
740 2450 927 2501 vestitu
960 2448 1245 2501 sacerdotis
1290 2448 1504 2501 virtutes
1533 2447 1685 2501 efﬁn-

134 2546 233 2610 git.
262 2542 427 2606 Supra
469 2540 675 2607 quidem
701 2540 749 2591 in
777 2539 946 2604 capite
985 2553 1171 2589 nomen
1212 2538 1339 2599 Dei;
1387 2539 1434 2589 in
1478 2550 1687 2605 pectore

135 2628 410 2682 oraculum
447 2644 460 2680 :
499 2626 629 2679 infra
661 2642 783 2678 vero
812 2624 966 2678 flores
992 2634 1042 2678 et
1074 2626 1285 2687 fruetus,
1320 2627 1564 2679 virtutum
1608 2641 1686 2679 rc-

134 2729 225 2769 Cte
272 2714 421 2779 facta,
450 2728 564 2781 quae
584 2721 705 2767 sunt
732 2714 1083 2781 eleemosyna,
1115 2714 1331 2780 jnstitia,
1378 2715 1685 2783 benignitas.

218 2805 265 2857 5.
313 2803 355 2854 1Γ
360 2802 485 2855 (ores
514 2803 793 2869 spirituales
822 2802 1105 2854 sacerdotis.
1139 2801 1361 2855 Clm'stus
1389 2806 1614 2856 sacerdos
1643 2816 1687 2856 et

133 2895 384 2962 pontifex.
400 2921 473 2931 —
491 2890 593 2944 Nos
620 2892 774 2959 igitur
798 2890 989 2943 habere
1008 2899 1214 2959 oportet
1236 2899 1288 2943 et
1303 2891 1547 2946 tlorcntes
1573 2893 1685 2959 pul-

132 2982 462 3037 chritudines
492 2990 539 3034 et
568 2980 851 3047 completas
876 2988 1029 3047 atque
1057 2990 1299 3032 maturas.
1334 2979 1513 3033 Flores
1534 2996 1687 3048 porro

133 3080 264 3125 sunt
293 3069 595 3131 sacerdotis,
620 3082 949 3136 congressus,
978 3068 1312 3136 colloquium,
1342 3068 1463 3121 boni
1492 3086 1683 3133 mores,

134 3160 285 3211 mitis
324 3173 515 3219 sermo,
549 3158 695 3219 fides,
729 3158 882 3219 fama,
911 3157 1119 3219 veritas,
1156 3157 1383 3225 justitia;
1416 3167 1469 3211 et
1497 3158 1575 3212 his
1611 3160 1688 3212 in-

135 3250 356 3317 terjecta
407 3248 768 3314 tintinnabula,
819 3250 1094 3302 consensio
1141 3250 1382 3302 nimirum
1428 3250 1680 3304 bonorum

132 3352 378 3404 operum.
408 3336 589 3390 Omnis
627 3338 764 3389 enim
810 3338 973 3390 virtus
1017 3351 1201 3391 sonum
1244 3338 1518 3406 quemdam
1558 3341 1683 3393 edit.

132 3428 293 3482 Unde
321 3428 507 3481 Paulus
533 3428 605 3480 ait
641 3444 653 3479 :
698 3429 738 3479 Α
783 3427 910 3480 vobis
940 3430 1070 3480 enim
1096 3444 1254 3481 sermo
1301 3428 1389 3481 Dei
1437 3432 1688 3494 personuit

132 3518 213 3581 (ι.
242 3515 415 3569 Tltess.
452 3517 501 3569 l.
532 3516 612 3583 8).
632 3516 698 3568 At
719 3516 972 3569 undenam
1003 3516 1195 3585 incepit
1214 3516 1409 3570 sonus?
1436 3518 1683 3571 Circuibat

128 3607 167 3657 ,Ι
172 3623 309 3670 esus,
340 3608 431 3669 ait,
463 3607 639 3659 docens
664 3623 855 3659 omnem
877 3608 1117 3658 civitatem
1143 3616 1189 3658 et
1219 3623 1411 3659 onmem
1435 3608 1609 3671 vicum,
1637 3618 1683 3662 et

129 3710 322 3747 curam
350 3710 541 3745 omnem
568 3695 807 3755 morbum,
853 3704 896 3746 et
940 3711 1129 3747 onmem
1157 3696 1489 3760 inﬁrmitatem
1514 3698 1563 3749 in
1593 3714 1685 3762 po-

131 3784 259 3851 pulo
292 3782 493 3849 (Matth.
524 3782 573 3835 0.
606 3782 692 3848 35)
728 3798 740 3833 :
772 3791 823 3835 ct
848 3784 1005 3834 exivit
1035 3796 1193 3834 sonus
1218 3782 1282 3835 de
1307 3799 1370 3835 eo
1397 3784 1445 3835 in
1477 3799 1683 3837 onmem

130 3883 353 3926 terram.
404 3871 629 3924 Attende
677 3871 964 3938 diligenter.
1009 3869 1270 3922 Virtutum
1317 3880 1556 3923 ornatum
1610 3873 1687 3923 vi-

128 3962 301 4015 disti?
331 3961 421 4013 llle
447 3961 558 4029 ipse
587 3961 830 4014 sacerdos
859 3959 1047 4013 Christi
1084 3958 1243 4026 ﬁgura
1273 3969 1401 4011 erat.
1441 3960 1533 4013 llic
1567 3961 1683 4027 qui-

128 4051 258 4102 dem
308 4049 435 4100 nihil
476 4048 615 4101 velut
663 4063 757 4116 per
797 4047 1093 4114 allegoriam
1144 4048 1537 4113 explicaremus,
1587 4049 1682 4099 nisi

128 4138 331 4193 Paulus
370 4136 518 4189 nobis
548 4151 724 4190 ansam
757 4137 1013 4203 prteberet
1056 4153 1065 4186 :
1111 4145 1163 4189 et
1210 4137 1307 4189 nisi
1352 4136 1538 4190 Paulus
1580 4138 1680 4188 vim

126 4228 279 4280 illam
307 4226 525 4294 justitia:
561 4227 710 4280 nobis
738 4226 1069 4293 explicasset,
1101 4240 1195 4279 nos
1236 4240 1360 4278 sane
1388 4226 1499 4279 hate
1530 4242 1681 4278 num-

123 4331 294 4384 quam
322 4318 527 4384 assequi
553 4316 921 4382 potuissemus.
943 4314 1087 4369 llanc
1108 4318 1173 4368 ob
1194 4331 1301 4367 rem
1327 4316 1517 4367 Paulus
1545 4315 1682 4369 hunc

124 4402 462 4457 sacerdotem
490 4403 683 4455 Christi
716 4404 926 4469 ﬁguram
968 4404 1229 4471 proponit,
1277 4414 1328 4454 et
1366 4404 1439 4456 ait
1470 4419 1486 4453 :
1522 4422 1539 4452 ι
1570 4403 1680 4455 Non

121 4495 275 4546 enim
322 4494 370 4543 in
410 4504 584 4545 sancta
630 4493 918 4545 manufaeta
956 4494 1184 4544 introivit
1214 4493 1473 4557 Christus,
1507 4508 1682 4547 exem-

123 4582 297 4650 plaria
343 4596 602 4643 verorum,
642 4581 732 4633 sed
779 4581 829 4632 in
874 4582 1040 4646 ipsum
1087 4582 1289 4642 ca-lum,
1334 4590 1389 4632 ut
1436 4592 1684 4649 appareat

122 4684 277 4725 nunc
308 4670 466 4721 vultui
508 4669 597 4721 Dei
645 4683 739 4736 pro
782 4669 929 4720 nobis
962 4686 978 4718 ι
1035 4669 1210 4735 (Hebr.
1252 4670 1303 4722 9.
1351 4670 1465 4735 24),
1515 4672 1681 4738 Atque

120 4761 246 4815 lucc
275 4756 483 4821 quidem
524 4770 607 4809 res
651 4755 892 4809 seditioni
928 4756 1063 4807 inter
1103 4755 1313 4808 Judmos
1352 4758 1676 4809 occasionem

119 4848 417 4918 praebebat,
450 4849 517 4899 ita
546 4856 599 4899 ut
626 4847 690 4900 de
716 4847 955 4899 inusitata
989 4846 1125 4897 inter
1155 4861 1210 4897 se
1240 4846 1527 4911 quaestione
1556 4862 1679 4898 con-

118 4940 425 4995 tenderent.
459 4937 585 4989 Cum
617 4938 755 4989 enim
786 4937 1004 5004 apostoli
1038 4946 1375 4997 servatorem,
1403 4943 1454 4988 et
1486 4952 1676 5004 regem,

114 5041 174 5085 et
205 5028 552 5089 sacerdotem,
588 5035 638 5078 et
666 5025 972 5091 prophetam
1002 5025 1366 5093 prmdieareut,
1400 5024 1565 5077 Judaei
1595 5026 1676 5077 in-

115 5128 209 5171 ter
240 5131 300 5171 se
330 5114 732 5173 contendebant,
775 5113 946 5164 allatis
985 5115 1033 5165 in
1075 5113 1300 5165 medium
1344 5113 1425 5173 iis,
1472 5128 1588 5178 qua:
1628 5114 1676 5163 in

113 5209 243 5274 lege
288 5205 520 5271 ipsorum
568 5204 755 5268 scripta
807 5210 975 5252 erant.
1027 5202 1155 5263 Alia,
1200 5201 1459 5263 dicebant,
1512 5201 1677 5252 tribus

117 5297 301 5361 regni,
325 5302 377 5345 et
404 5295 499 5344 alia
524 5290 818 5345 sacerdotii.
845 5290 1071 5340 Levitica
1099 5290 1328 5355 quidem,
1362 5288 1631 5341 sacerdotii
1660 5305 1673 5339 :

114 5385 298 5437 tribus
325 5399 448 5435 vero
477 5382 630 5445 Juda,
663 5380 828 5447 regni.
860 5379 912 5431 Si
954 5379 1109 5445 igitur
1137 5378 1376 5430 Christus
1407 5394 1515 5441 rex,
1551 5392 1675 5445 ergo

118 5487 233 5526 non
280 5468 529 5522 sacerdos
575 5486 587 5519 :
628 5469 706 5521 sin
750 5481 871 5519 vero
913 5465 1179 5526 sacerdos,
1230 5479 1353 5532 ergo
1402 5480 1502 5517 non
1556 5480 1669 5517 rex.

115 5559 399 5613 Adversus
426 5573 555 5625 quos
588 5558 780 5609 Paulus
806 5569 983 5622 agens,
1014 5554 1151 5605 omni
1175 5555 1410 5605 oratione
1438 5552 1501 5604 ad
1530 5568 1675 5605 ever-

115 5650 339 5705 tendam
375 5650 505 5701 hane
536 5650 831 5716 opinionem
862 5652 1179 5712 comparata,
1212 5644 1282 5696 ait
1310 5662 1321 5697 :
1356 5644 1485 5697 Num
1520 5644 1673 5712 igitur

1274 367 1547 427 IIOMILIA
1588 365 1676 421 DE
1711 363 2196 423 LECISLATORE.

3250 395 3363 451 406

1809 477 2047 533 Christus
2090 479 2375 533 secundum
2425 480 2706 534 sacerdotii
2751 485 2907 536 vestri
2960 484 3195 539 ordinem
3246 500 3358 539 sar-

1806 568 1979 621 rexit?
2028 568 2178 636 Apud
2231 583 2323 621 vos
2376 568 2585 636 quidem
2634 585 2850 638 regnum
2907 581 2961 626 et
3005 574 3356 628 sacerdotium

1804 655 2047 711 distincta
2074 666 2195 710 sunt
2225 674 2236 708 :
2267 658 2316 709 in
2347 658 2556 710 Christo
2583 667 2859 727 utrumque
2887 662 3221 730 conjunctum
3253 676 3352 716 est.

1808 744 1880 797 Tu
1908 748 2070 810 enim,
2102 748 2195 809 ait,
2225 748 2451 800 sacerdos
2479 764 2528 799 es
2555 749 2603 800 in
2629 759 2885 812 a’termtm,
2914 754 3183 806 secundum
3212 756 3352 805 ordi-

1802 854 1914 889 nem
1940 837 2263 890 .‘llelc/tisedec
2304 837 2468 905 (Psal.
2520 838 2636 891 109.
2684 838 2757 906 4).
2792 839 2967 906 Itaque
3016 843 3352 896 ratiocinator

1804 927 2006 989 Paulus,
2042 936 2095 980 et
2122 929 2195 980 ait
2236 945 2248 979 :
2295 927 2349 980 Si
2392 928 2531 981 enim
2581 928 2801 994 primum
2848 929 2969 982 illud
3001 931 3345 985 sacerdotium

1801 1026 1913 1070 erat
1942 1017 2421 1087 irreprehensibile,
2460 1019 2580 1087 quid
2623 1021 2897 1087 oportebat
2937 1021 3128 1085 dicere,
3159 1038 3347 1076 secun-

1800 1108 1924 1161 dum
1950 1110 2187 1162 ordinem
2214 1110 2559 1164 Melchisedec
2589 1112 2912 1166 sacerdotem
2942 1124 3294 1167 surrecturum
3326 1132 3345 1167 .-

1799 1208 1978 1252 etnon
2022 1201 2308 1253 secundum
2348 1202 2585 1254 ordinem
2617 1203 2829 1255 Aaron?
2870 1202 3062 1256 Etenim
3106 1208 3343 1257 trans/ato

1797 1288 2091 1350 sacerdotio,
2121 1305 2315 1341 necesse
2342 1299 2412 1342 est
2439 1298 2492 1341 ut
2519 1289 2639 1358 legis
2669 1292 2925 1343 translatio
2952 1292 3040 1357 ﬁat
3068 1291 3245 1356 (Hebr.
3288 1293 3339 1344 7.

1799 1378 1906 1444 12).
1938 1379 2074 1443 Ergo
2092 1379 2336 1431 Servator
2362 1388 2540 1433 noster
2566 1394 2800 1432 summus
2824 1389 2903 1432 est
2932 1380 3159 1447 pontifex
3195 1399 3206 1432 :
3238 1396 3341 1434 non

1796 1470 2000 1522 ratione
2035 1470 2321 1522 divinitatis
2367 1485 2494 1531 sum,
2538 1470 2626 1523 sed
2666 1470 2732 1522 ob
2779 1470 2992 1539 ﬁguram
3033 1472 3206 1524 carnis
3244 1489 3256 1522 :
3292 1472 3340 1524 in

1795 1560 2033 1624 supernis
2062 1559 2127 1612 ad
2156 1559 2423 1613 dexteram
2455 1560 2541 1611 Dei
2572 1558 2852 1613 considens
2881 1570 3092 1627 propter
3129 1575 3243 1623 nos,
3292 1572 3344 1613 et

1795 1661 2029 1700 Summus
2077 1646 2339 1714 pontifex,
2393 1647 2671 1700 secundum
2720 1647 2950 1701 ordinem
2999 1648 3341 1704 Melchisedcc

1798 1736 1954 1806 (Ibid.
1985 1738 2038 1792 5.
2076 1737 2182 1807 Η).
2235 1738 2307 1792 De
2343 1752 2447 1807 quo
2488 1739 2647 1791 multa
2690 1738 2789 1791 dici
2829 1748 3059 1806 possent,
3090 1740 3181 1793 sed
3232 1756 3333 1793 non

1794 1834 1915 1877 sunt
1956 1823 2108 1893 hujus
2149 1826 2266 1879 loci.
2312 1827 2555 1879 Animum
2604 1826 2811 1889 adhibe,
2848 1842 3043 1894 qumso.
3087 1829 3244 1882 Erant
3287 1831 3338 1882 in

1795 1912 1907 1981 lege
1942 1915 2103 1967 veteri
2144 1914 2574 1977 holocautomata,
2605 1927 2715 1969 erat
2754 1917 3058 1969 sacriﬁcium
3092 1933 3183 1984 pro
3214 1934 3336 1986 pee-

1792 2012 1930 2066 cato,
1960 2012 2072 2056 erat
2092 2002 2284 2058 oblatio
2315 2022 2327 2056 :
2354 2005 2601 2058 Servator
2628 2014 2798 2057 atttem
2828 2006 2911 2057 ubi
2942 2006 2989 2057 in
3020 2006 3154 2058 hunc
3181 2022 3338 2060 mun-

1792 2093 1916 2145 dum
1968 2093 2193 2155 advenit,
2252 2096 2519 2147 sacriﬁciis
2570 2095 2672 2148 illis
2718 2094 2907 2162 ﬁguras
2955 2094 3334 2160 referentibus,

1796 2182 1949 2235 linem
1976 2183 2212 2249 imponit,
2247 2185 2455 2250 proprio
2485 2198 2579 2236 suo
2608 2198 2827 2251 corpore
2857 2198 2950 2249 pro
2975 2184 3113 2235 omni
3141 2184 3337 2237 sacriﬁ-

1792 2276 1875 2327 cio
1900 2273 2194 2327 substituto.
2224 2275 2296 2327 De
2320 2289 2421 2343 quo
2450 2274 2637 2326 Paulus
2660 2291 2672 2326 :
2704 2292 2721 2324 ‹
2749 2274 2809 2327 Et
2832 2272 3165 2342 ingressusin
3188 2290 3337 2327 mun-

1793 2366 1937 2429 dum,
1964 2366 2088 2418 dicit
2114 2383 2126 2417 :
2159 2366 2475 2419 Sacriﬁcium
2506 2375 2557 2418 et
2584 2364 2894 2417 oblationem
2928 2365 3133 2417 noluisti
3169 2381 3182 2416 :
3214 2379 3331 2417 cor-

1794 2470 1889 2520 pus
1916 2464 2087 2507 autem
2122 2454 2307 2521 aptasti
2352 2454 2474 2504 mihi
2505 2469 2517 2501 :
2551 2453 2963 2504 holocautomata
2993 2460 3043 2503 et
3081 2466 3174 2517 pro
3215 2466 3336 2518 pec-

1792 2551 1909 2594 cato
1951 2556 2052 2594 non
2082 2540 2371 2606 postulasti.
2398 2541 2542 2591 'l'unc
2565 2540 2691 2601 dixi,
2722 2538 2857 2591 Ecce
2886 2540 3059 2603 venio,
3094 2540 3144 2591 in
3166 2540 3336 2606 capite

1793 2629 1905 2682 libri
1935 2630 2179 2695 scriptum
2207 2637 2286 2681 est
2311 2628 2375 2681 de
2406 2643 2488 2680 me
2523 2647 2539 2677 ι
2572 2627 2748 2695 (Hebr.
2781 2628 2863 2681 10.
2894 2629 3039 2690 5.-7;
3072 2627 3214 2681 Psal.
3247 2629 3334 2683 59.

1794 2720 1842 2771 7.
1870 2719 1943 2787 8).
1965 2720 2151 2771 Paulus
2176 2734 2298 2786 ergo
2318 2733 2433 2769 cum
2463 2718 2527 2770 de
2549 2716 2849 2784 prophetico
2868 2732 3081 2771 munere
3102 2717 3333 2779 dixisset,

1794 2826 1890 2862 nec
1918 2824 2019 2861 non
2050 2807 2168 2860 illud
2198 2822 2421 2875 quoque,
2451 2806 2578 2859 Cum
2607 2806 2913 2859 sacriﬁcium
2945 2815 2996 2859 et
3022 2806 3334 2860 oblationem

1792 2912 1837 2953 et
1873 2915 1965 2966 pro
1992 2906 2203 2967 peccato
2231 2897 2577 2963 repudiasses,
2622 2904 2742 2948 tunc
2784 2895 2911 2959 dixi,
2958 2894 3094 2947 Ecce
3130 2896 3282 2948 venio
3320 2913 3333 2948 :

1797 2991 1927 3042 tollit
1960 2990 2201 3055 primum,
2236 2996 2291 3039 ut
2326 2985 2612 3039 secundum
2652 2984 2894 3038 slabiliat.
2925 2986 2990 3038 At
3016 2985 3222 3037 ubinam
3250 3001 3334 3037 sa.

1794 3081 2041 3132 erit‘icium
2092 3088 2142 3131 et
2198 3077 2389 3129 oblatio
2445 3076 2494 3127 in
2540 3089 2757 3141 corpore
2800 3074 2990 3127 Christi
3043 3074 3335 3126 invenitur?

1794 3164 2239 3231 Quemadmodum
2266 3162 2530 3229 apostolus
2554 3161 2741 3213 Paulus
2767 3170 3016 3213 testatur:
3055 3179 3072 3209 ε
3106 3161 3335 3213 Obsecro

1794 3271 1905 3319 vos,
1941 3256 2147 3318 fratres,
2182 3269 2274 3318 per
2312 3251 2718 3305 misericordiam
2750 3251 2841 3303 Dei
2872 3260 2929 3304 ut
2958 3263 3215 3319 tamquam
3245 3252 3331 3303 ﬁlii

1792 3345 1963 3396 dilecti
2019 3342 2294 3394 amhulctis
2356 3342 2405 3393 in
2468 3340 2680 3392 earitate
2728 3356 2740 3391 :
2801 3339 3231 3406 quemadmodum
3284 3351 3335 3391 et

1791 3433 2026 3486 Christus
2062 3430 2239 3483 dilexit
2269 3444 2394 3492 nos,
2422 3438 2473 3481 et
2498 3429 2830 3494 semetipsum
2876 3443 2967 3495 pro
2998 3428 3145 3482 nobis
3189 3429 3333 3481 dedit

1792 3519 2098 3572 sacrificium
2122 3526 2173 3571 et
2192 3518 2501 3571 oblationem
2529 3517 2652 3580 Deo,
2686 3517 2737 3568 in
2767 3516 2977 3569 odorem
3010 3516 3280 3569 suavitatis
3312 3537 3329 3567 ι

1796 3610 2005 3679 (Ep/tes.
2052 3610 2104 3663 5.
2148 3610 2195 3661 l.
2240 3608 2315 3675 2).
2366 3608 2581 3673 Propter
2621 3616 2669 3659 te
2707 3604 2943 3659 Christus
2986 3620 3221 3658 summus
3256 3616 3335 3659 est

1795 3701 2029 3772 pontifex
2058 3715 2068 3748 :
2107 3706 2315 3765 propter
2342 3698 2565 3764 seipsum
2606 3696 2757 3747 Deus.
2798 3694 2911 3747 Noli
2946 3703 3142 3746 mutare
3172 3694 3323 3746 verba

1792 3788 1881 3839 Dei
1926 3788 2050 3838 vivi.
2092 3787 2143 3838 In
2185 3786 2410 3843 Patrem.
2458 3784 2665 3847 Filium,
2711 3792 2762 3835 et
2804 3783 3051 3850 Spiritum
3099 3796 3331 3835 sanetum

1792 3876 2077 3941 baptizatus
2101 3889 2155 3925 es
2188 3892 2198 3923 :
2227 3889 2319 3924 rur
2346 3872 2562 3924 sublatis
2594 3871 2887 3922 nominibus
2917 3870 3226 3933 viventibus,
3259 3871 3336 3921 in-

1791 3962 1937 4014 ducis
1968 3962 2177 4013 nomina
2206 3960 2492 4027 excogitata
2522 3959 2716 4018 dicens,
2749 3958 3004 4023 ingenitus
3032 3965 3083 4007 et
3110 3957 3333 4023 genitus,

1789 4060 1993 4103 creatus
2013 4059 2065 4101 et
2086 4050 2361 4110 incrcatus,
2386 4048 2468 4114 qui
2496 4061 2704 4113 semper
2724 4055 2802 4097 est
2827 4055 2877 4097 et
2898 4046 2982 4112 qui
3007 4059 3211 4111 semper
3233 4060 3334 4097 non

1790 4141 1902 4193 est?
1929 4138 2167 4191 Hmcciue
2198 4138 2333 4189 Deus
2362 4135 2527 4188 inania
2560 4136 2716 4189 verba
2748 4136 2967 4188 tolerat?
2997 4135 3210 4189 Unicum
3244 4152 3337 4188 νος

1790 4227 2029 4280 cabulum
2061 4241 2175 4279 cum
2221 4225 2495 4291 aliquando
2533 4223 2781 4291 propheta
2828 4225 3142 4287 immutaret,
3181 4225 3335 4278 etiam

1789 4315 1855 4368 de
1884 4318 1983 4367 vita
2016 4314 2330 4381 periclitatus
2358 4322 2436 4367 est
2477 4331 2488 4365 :
2522 4314 2729 4368 attende
2768 4314 2917 4366 unius
2959 4314 3153 4367 vocula:
3182 4329 3307 4367 accu

1790 4406 2065 4457 rationem.
2099 4402 2314 4467 Quidam
2348 4402 2712 4469 prophetarum
2744 4403 2900 4455 verba
2929 4403 3185 4471 imperitia
3214 4418 3336 4469 qua-

1788 4492 1907 4544 dam
1929 4490 2257 4557 appellabant
2273 4491 2640 4556 sumptionem,
2664 4498 2845 4555 λῆμμα,
2874 4491 3093 4543 Domini.
3114 4493 3181 4543 At
3202 4491 3337 4543 Deus

1790 4597 1881 4649 per
1907 4581 2183 4634 Jeremiam
2217 4600 2226 4629 :
2266 4598 2282 4627 ε
2317 4580 2371 4632 Si
2404 4582 2743 4649 interrogabit
2772 4590 2820 4633 te
2861 4582 3098 4647 populus,
3130 4581 3209 4632 vel
3251 4595 3335 4632 sa-

1788 4669 1991 4733 cerdos,
2023 4680 2110 4721 aut
2142 4672 2411 4735 pr0pheta,
2454 4680 2499 4720 et
2540 4668 2729 4719 dixerit
2759 4667 2846 4718 tibi
2878 4685 2890 4718 :
2920 4668 3164 4730 Quaenam
3197 4682 3336 4720 sum-

1789 4758 1915 4823 ptio,
1952 4758 2148 4823 ὶῆμμαῖ)
2178 4757 2262 4809 die
2310 4757 2433 4823 ipsis
2478 4773 2488 4805 :
2525 4755 2626 4805 Vos
2674 4754 2797 4805 estis
2842 4756 3067 4820 sumptio
3112 4756 3335 4807 Domini.

1788 4846 2001 4911 Rapiam
2029 4848 2167 4899 enim
2199 4860 2290 4897 vos
2322 4845 2575 4909 rapinam,
2606 4852 2657 4894 et
2680 4856 2915 4909 rumpam
2948 4857 3059 4903 vos,
3095 4860 3157 4895 ne
3188 4845 3338 4895 dein-

1788 4948 1911 4999 ceps
1949 4935 2133 4987 dicatis
2162 4933 2509 4997 sumptionem
2546 4948 2562 4978 ι
2612 4928 2737 4995 (Jer.
2781 4929 2867 4983 '23.
2920 4931 3031 4996 '55).
3074 4931 3127 4983 Si
3169 4933 3339 4999 itaque

1787 5039 1945 5075 unum
1979 5024 2191 5073 verbum
2218 5022 2537 5079 imtnntetur,
2564 5018 2698 5071 DCIIS
2721 5020 3103 5072 comminatur:
3136 5030 3187 5072 tu
3216 5037 3339 5072 \‘CI‘O

1785 5109 2233 5176 integerrimorum
2271 5107 2566 5174 dogmatum
2613 5109 2997 5160 accorationem
3048 5110 3341 5173 pervertis?

1785 5198 1951 5257 Patris
1983 5212 2169 5249 nomen
2199 5198 2585 5250 circumscribis
2627 5217 2637 5249 :
2667 5199 2782 5249 Filii
2812 5198 3113 5265 dignitatem
3141 5198 3338 5251 inﬁcia-

1782 5286 1873 5348 ris,
1908 5288 2070 5338 sancti
2104 5286 2329 5353 Spiritus
2356 5288 2570 5353 gloriam
2602 5288 2857 5355 abrogas?
2885 5302 3004 5338 num
3037 5302 3217 5339 manus
3248 5288 3334 5338 Dt—i

1782 5378 2033 5445 effugies?
2063 5377 2231 5431 Grave
2274 5388 2352 5431 est
2399 5390 2450 5430 et
2499 5378 2765 5441 horribile,
2813 5380 3026 5432 verbum
3075 5378 3165 5430 Dei
3213 5378 3332 5439 vivi,

1784 5465 1989 5517 Domini
2019 5464 2112 5517 Dei
2142 5468 2327 5531 nostri,
2374 5476 2689 5533 pervertere.
2738 5466 2788 5521 Si
2832 5467 2985 5519 verba
3017 5466 3185 5531 aliqua
3221 5480 3337 5531 per-

1780 5565 2068 5617 vertantur,
2102 5556 2243 5609 Deus
2275 5557 2572 5624 indignatur
2606 5576 2616 5609 :
2648 5568 2700 5611 et
2725 5556 3048 5624 dogmatibus
3075 5555 3339 5606 subversis

1781 5658 1883 5698 non
1908 5645 2197 5699 irascetur?
2218 5646 2362 5698 Tune
2389 5650 2664 5703 Servatore
2693 5649 2974 5716 sapientior
2992 5646 3013 5694 ‘?
3031 5656 3155 5699 teun
3178 5645 3333 5697 Evam
