3982 6218
147 385 261 441 407

1257 373 1532 429 HOMILIA
1565 373 1651 427 DE
1689 373 2176 436 LEGISLATORE.

150 483 307 552 Θεοῦ,
349 485 606 556 φοϐήθητι
643 485 817 540 ἰκεῖνο
840 488 899 541 τὸ
917 487 1140 558 φοϐερὸν
1175 491 1360 562 ϐνομα,
1387 490 1477 542 καὶ
1503 488 1696 542 ἀπόδυο

3219 402 3330 458 408

1798 491 2020 546 διώκων
2065 495 2298 557 αὐτούς.
2337 490 2486 546 Οἶδεν
2525 495 2554 545 6
2595 492 2726 554 Θεὸς
2770 492 3049 562 διαφόρους
3088 492 3333 562 ἀφορμὰς

153 600 247 638 σαι
300 583 402 653 τὴν
448 582 678 648 κακίαν,
718 585 809 637 καὶ
851 585 1081 639 ἀνάλαϐε
1125 588 1224 658 τήν
1266 588 1566 658 μετάνοιαν,
1602 587 1695 639 καὶ
1798 584 2094 652 παρασχεῖν
2112 583 2245 651 πρὸς
2263 583 2360 652 τὴν
2381 582 2485 634 τῶν
2509 580 2777 650 πολεμίων
2799 580 3130 648 καθαίρεσιν.
3158 580 3330 652 Πολλὴ

149 681 417 750 εγγυᾶταί
449 697 541 735 σου
564 683 597 751 ή
627 681 805 745 πίστις
841 685 940 753 τὴν
974 687 1262 755 σωτηρίαν.
1293 685 1560 741 Μετάνοια
1588 686 1693 755 γάρ

153 779 424 849 σωτηρίαν
439 782 595 843 ποιεί,
619 781 710 833 καὶ
731 780 836 834 τῶν
856 782 912 834 ὲν
937 782 1161 852 αἱρέσει,
1185 783 1402 836 καὶτῶν
1423 785 1478 836 ὲν
1501 786 1693 846 κακαῖς

153 876 383 945 πράξεσι
404 877 792 946 τυγχανόντων.

225 980 300 1036 ς’.
335 975 602 1028 Μετάνοια
632 974 753 1043 ῥίζα
781 976 1102 1042 θεοσεϐείας.
1135 982 1565 1052 Μετανοήσωμεν
1599 979 1689 1037 οὖν

152 1067 250 1119 καὶ
295 1067 694 1138 δυσωπήσωμεν
733 1069 823 1123 τὸν
859 1071 988 1124 Θεὸν
1029 1076 1094 1143 τῇ
1139 1075 1422 1146 μετανοίᾳ,
1468 1077 1552 1130 ἵνα
1595 1079 1690 1130 καὶ

153 1166 420 1238 πολέμους
450 1171 703 1242 ἀφανίσῃ,
747 1174 839 1226 καὶ
872 1174 1168 1244 βαρϐάρους
1213 1176 1402 1250 σϐέσῃ,
1449 1179 1541 1232 καὶ
1581 1179 1688 1231 τῶν

151 1265 362 1336 ἐχθρῶν
407 1267 506 1331 τάς
551 1270 937 1332 ἐπαναστάσεις
979 1271 1218 1345 θραύσῃ,
1261 1275 1352 1328 καὶ
1399 1276 1508 1345 δῴη
1559 1279 1687 1346 ήμτν

151 1362 374 1415 πάντων
394 1362 502 1417 τῶν
535 1364 752 1432 ἀγαθῶν
782 1365 878 1436 τὴν
906 1367 1214 1423 ἀπόλαυσιν.
1257 1372 1392 1427 Πολὺ
1441 1372 1570 1425 Θεὸν
1598 1373 1684 1438 ἑξ-

147 1459 390 1514 ιλεοῦτιι
425 1462 707 1532 μετάνοια,
739 1464 866 1518 ὅταν
905 1482 986 1527 τις
1010 1467 1241 1536 γνησίως
1278 1471 1593 1543 προσδράμῃ
1619 1473 1682 1541 τῇ

152 1554 425 1625 μετανοίᾳ.
453 1554 574 1608 υἱόν
599 1574 651 1608 τι
677 1556 848 1625 λέγω⁸
877 1558 1122 1628 Ἥμαρτέ
1147 1577 1272 1614 ποτε
1300 1563 1327 1614 6
1354 1563 1476 1626 λαὸς
1494 1566 1541 1628 ⁸,
1567 1581 1684 1633 μετ-

143 1650 336 1720 ενόησε
366 1653 458 1705 καὶ
479 1653 753 1723 ἐδάκρυσε,
776 1655 920 1723 λέγει
948 1657 976 1709 6
1003 1657 1132 1720 Θεός
1151 1675 1164 1689 ·
1182 1659 1429 1714 Ἀκούων
1452 1661 1683 1729 ἤκουσα

145 1749 253 1802 τοῦ
294 1753 621 1819 στεναγμοῦ
651 1755 921 1822 Ἐφρατμ,
951 1755 1304 1826 ὀδυρομένου
1341 1757 1438 1811 καί
1480 1759 1684 1828 λέπον-

141 1862 249 1911 τος
268 1862 283 1876 ·
319 1847 706 1914 Ἐπαίδευσάς
731 1867 825 1918 με,
843 1853 1031 1918 Κύριε,
1059 1852 1156 1905 καὶ
1173 1854 1281 1906 οὐκ
1311 1853 1679 1922 ἐπαιδεύθην,

139 1944 280 1996 ἀλλ’
306 1944 595 2013 ἐγενόμην
611 1947 690 2011 ὡς
703 1949 932 2016 μόσχος
952 1949 1262 2016 ἀδίδακτος
1281 1967 1295 1980 ·
1316 1951 1682 2024 ἑπίστρεψόν

137 2057 232 2108 με,
258 2042 354 2093 καί
373 2043 898 2112 ἐπιστραφήσομαι.
917 2049 1023 2100 Καὶ
1053 2049 1103 2101 τί
1129 2048 1260 2118 πρὸς
1288 2049 1444 2104 αὑτὸν
1467 2053 1494 2104 6
1514 2053 1675 2120 Θεός;

152 2137 300 2191 Ἀνθ⁹
325 2133 412 2191 ὧν
431 2144 483 2194 οι
510 2140 673 2209 ,λόγιοι
696 2157 813 2209 μου
831 2143 984 2196 εἰσιν
1014 2144 1083 2199 ἐν
1117 2145 1292 2211 αὐτῷ,
1336 2149 1405 2201 οὐ
1428 2150 1511 2217 μὴ
1537 2151 1680 2206 ἀνα-

133 2236 560 2305 μνησθήσομαι
590 2239 794 2303 αὐτοῦ,
828 2241 923 2294 καί
961 2243 1190 2309 ἐλεήσω
1229 2247 1430 2300 αὐτόν.
1480 2248 1680 2318 Μηδείς

136 2351 203 2387 σε
229 2335 490 2399 πτοείτωο
533 2338 608 2408 μὴ
648 2340 833 2409 φήμη.
894 2342 966 2410 μὴ
1019 2341 1302 2412 βαρϐάρων
1343 2347 1554 2414 γνόφοςν
1606 2349 1678 2418 μὴ

135 2435 336 2506 ὁμίχλη
371 2436 534 2507 πολλή
556 2454 568 2467 ⁸
598 2437 701 2491 κᾶν
731 2439 1082 2509 ἀναρίθμητοι
1106 2436 1236 2495 ὦσιν
1260 2447 1307 2497 οἰ
1341 2445 1583 2516 πολέμιοι
1604 2448 1678 2517 τῷ

132 2531 367 2600 πλήθει,
420 2535 448 2586 6
488 2535 747 2604 ήμέτερος
793 2536 1102 2608 ὕπέρμαχος
1148 2540 1503 2612 ἰσχυρότερος.
1555 2544 1677 2597 Ἐὰν

131 2629 410 2700 δειλιάσῃς
467 2632 525 2685 τὸ
575 2633 772 2704 πλῆθος
816 2634 1194 2707 ὑφορώμενος,
1241 2638 1381 2708 λέγει
1441 2641 1574 2711 πρὸς
1617 2643 1675 2694 σὲ

146 2727 449 2787 Ἐλισσαῖος
481 2733 509 2783 6
539 2733 832 2801 προφήτης
868 2729 961 2802 Μὴ
1005 2736 1188 2802 φοϐοῦ
1207 2751 1221 2768 ο
1255 2739 1497 2802 πλείους
1521 2740 1676 2792 εἰσὶν
1759 2781 1762 2783 .

129 2827 190 2878 οὶ
223 2826 355 2893 μεθ’
393 2825 576 2894 ἡμῶν,
626 2827 662 2894 ἢ
695 2831 746 2880 οἰ
787 2831 910 2897 μετ’
947 2829 1158 2886 αὐτῶν,
1205 2822 1348 2886 Ἐκεῖ
1392 2835 1676 2905 βαρϐάρων

130 2918 378 2988 πλῆθος,
416 2912 515 2973 ὧδε
544 2920 783 2988 ἀγγέλων
827 2923 1052 2992 φάλαγξ.
1090 2926 1208 2978 Τῶν
1256 2926 1488 2980 εὐσεϐῶν
1515 2929 1676 3000 ὑπερ-

132 3020 306 3086 μαχεῐ
347 3017 671 3086 ἀγγελικὸςιι
699 3021 951 3089 στρατὸς,
993 3024 1281 3094 προφητῶν
1318 3025 1506 3096 χορὸς,
1539 3029 1672 3081 ἀπο-

129 3114 338 3166 στόλων
364 3115 604 3185 δύναμις,
653 3117 938 3189 μαρτύρων
964 3121 1262 3189 πρεσϐεῖαι.
1293 3124 1383 3193 Μή
1413 3125 1634 3195 νομίσῃς
1656 3165 1671 3189 ,

128 3208 218 3258 δτι
255 3207 524 3279 μάρτυρες
562 3211 718 3279 μόνον
744 3211 1123 3282 πρεσϐεύουσιν
1153 3216 1288 3285 ὑπὲρ
1313 3217 1464 3286 ἡμῶν
1483 3235 1495 3247 ·
1537 3219 1668 3271 ἀλλά

127 3302 228 3354 καὶ
253 3302 470 3368 ἄγγελοι
498 3305 554 3354 ἐν
581 3308 695 3367 ταῖς
721 3305 955 3374 θλίψεσιν
985 3309 1276 3363 ἱκετεύουσι
1299 3313 1388 3364 τὸν
1408 3313 1556 3366 Θεόν’
1580 3315 1674 3366 καὶ

124 3396 195 3447 οὐ
226 3394 388 3462 μόνον
417 3397 761 3461 ἱκετεύουσιν,
807 3399 938 3453 άλλά
975 3403 1066 3454 καὶ
1111 3403 1395 3474 ἀπόκρισιν
1434 3405 1672 3475 δέχονται

128 3489 287 3557 παρά
316 3488 408 3541 τοῦ
434 3489 748 3561 Εὐεργέτου.
798 3493 956 3560 Λέγει
999 3496 1263 3566 Ζαχαρίας
1296 3498 1324 3550 ὁ
1361 3501 1640 3570 προφήτης
1656 3516 1670 3530 ’

128 3587 244 3638 καί
289 3587 570 3656 ἀπεκρίθη
599 3592 632 3644 ὀ
660 3589 936 3658 ἄγγελος,
972 3595 1005 3646 ό
1054 3593 1256 3646 λαλῶν
1281 3596 1350 3648 ἐν
1387 3598 1535 3664 ἐμοὶ,
1578 3599 1674 3651 καί

123 3679 264 3737 εἷπε
286 3687 432 3752 πρὸς
457 3689 691 3754 Κύριον.
712 3689 857 3759 Αὕτη
886 3693 918 3760 ἡ
943 3691 1071 3760 εὐχὴ
1099 3693 1192 3744 τοῦ
1222 3694 1449 3761 ἀγγέλου
1469 3710 1479 3722 ·
1499 3697 1674 3762 Κύριε

122 3783 558 3852 παντοκράτορ,
600 3786 711 3851 ἓως
745 3789 884 3840 πότε
933 3790 1004 3841 οὐ
1026 3789 1109 3856 μὴ
1152 3790 1408 3858 ἐλεήσῃς
1435 3793 1548 3859 τὴν
1576 3794 1674 3846 Ἰε-

118 3880 472 3947 ρουσαλὴμ,
499 3882 595 3934 καί
631 3885 737 3948 τὰς
762 3886 964 3950 πόλεις
1013 3887 1211 3949 Ἰούδα,
1239 3886 1312 3952 ἂς
1335 3890 1671 3955 ὑπερεῖδες;

129 3973 319 4027 Τοῦτο
350 3974 784 4043 ἑϐδομηκοστὸν
826 3979 977 4043 ἔτος.
1013 3979 1076 4031 Τί
1105 3977 1225 4044 οῦνς
1259 3983 1612 4050 ἀπεπέμψατο
1641 3984 1668 4034 6

118 4071 262 4132 Θεὸς
292 4070 389 4140 τὴν
427 4073 712 4141 πρεσϐείαν
739 4074 832 4129 τοῦ
865 4076 1128 4143 ἀγγέλου;
1159 4079 1248 4147 Μὴ
1279 4080 1510 4144 γένοιτο⁸
1542 4080 1673 4132 ἀλλά

120 4163 181 4214 τί
202 4182 218 4228 ;
251 4166 569 4234 Ἀπεκρίθη,
599 4168 751 4237 φησὶ,
774 4170 983 4236 Κύριος
1012 4171 1159 4236 πρὸς
1176 4172 1279 4224 τὸν
1302 4172 1551 4239 ἄγγελον
1571 4171 1673 4224 τόν

118 4256 436 4310 λαλοῦντα
461 4258 528 4312 ἐν
564 4260 691 4328 ἐμοὶ
719 4261 948 4330 ῥήματα
988 4263 1405 4329 παρακλητικὰ,
1446 4265 1541 4316 καὶ
1570 4267 1672 4317 λό-

124 4365 280 4418 γους
314 4355 803 4419 παρακλητικούς.
835 4355 1301 4424 Παρακαλέσωμεν
1325 4357 1414 4409 τὸν
1438 4358 1541 4411 τῶν
1573 4360 1671 4425 άγσυ

122 4442 308 4508 γέλων
335 4445 625 4513 Δεσπότην,
656 4448 749 4499 καὶ
770 4447 865 4500 ἕνα
889 4448 1115 4516 ἄγγελον
1140 4450 1437 4513 ἀποστελεῖ,
1466 4452 1557 4505 καὶ
1578 4455 1673 4506 πᾶ-

123 4551 232 4588 σαν
261 4535 370 4587 τῶν
398 4539 645 4591 ἐναντίων
673 4540 768 4608 τὴν
797 4542 1044 4608 φάλαγγα
1080 4544 1377 4613 σκορπίσει.
1417 4544 1553 4611 Ἐγὼ
1579 4548 1671 4598 καὶ

118 4629 228 4698 τὴν
259 4629 551 4698 κηρόχυτον
580 4633 790 4702 γραφὴν
816 4634 1075 4704 ἠγάπησα
1105 4636 1381 4698 εὐσεϐείας
1409 4635 1552 4707 [414]
1576 4655 1672 4689 πε-

122 4725 518 4793 πληρωμένην.
547 4723 693 4778 Εἶδον
717 4731 769 4780 ὲν
797 4731 960 4782 εἰκόνι
987 4731 1209 4798 ἄγγελον
1238 4730 1518 4783 ἐλαύνοντα
1539 4731 1670 4802 νέφη

119 4818 446 4887 βαρϐάρων,
475 4815 609 4872 εἶδον
633 4823 938 4890 πατούμενα
980 4825 1265 4894 βαρϐάρων
1293 4825 1450 4893 φῦλα,
1479 4826 1672 4878 καὶτὸν

117 4910 295 4963 Δαυτδ
315 4910 639 4979 ἀληθεύοντα
659 4928 671 4941 ·
705 4912 898 4980 Κύριε,
932 4915 1001 4967 ἐν
1023 4916 1096 4983 τῇ
1121 4920 1291 4972 πόλει
1313 4934 1426 4972 σου
1451 4919 1563 4986 τὴν
1593 4921 1672 4973 εί-

115 5007 279 5059 κόνα
325 5005 520 5058 αὐτῶν
550 5007 984 5073 ἐξουδενὼσεις.
1030 5011 1243 5078 Λεγέτω
1273 5013 1364 5064 καί
1409 5013 1501 5065 νῦν
1547 5015 1671 5083 περὶ

113 5104 286 5174 ἡμῶν
319 5102 347 5154 6
383 5105 647 5176 μακάριος
688 5107 846 5159 Δαυῖδ
867 5123 879 5137 ·
919 5110 1229 5177 Γενηθήτω
1249 5112 1286 5177 ἠ
1313 5111 1451 5176 ὁδὸς
1477 5111 1671 5165 αὐτῶν

109 5197 348 5262 σκότος
369 5199 464 5250 καί
503 5199 811 5266 ὀλίσθημα,
837 5200 933 5252 καί
964 5201 1212 5270 ἄγγελος
1245 5203 1462 5271 Κυρίου
1496 5221 1670 5258 κατα-

180 5509 208 5536 ι
239 5508 323 5552 Sic
346 5505 648 5554 restituimus
669 5521 727 5556 ex
766 5509 917 5556 lribus
943 5525 1052 5556 ιηες.

139 5566 326 5676 ἆᾶίο
362 5578 487 5615 unus
537 5573 688 5626 recte,
730 5578 779 5618 el
818 5571 883 5617 sic
922 5572 1041 5632 legit
1085 5571 1343 5630 interpres.
1395 5571 1487 5618 A'ii
1532 5571 1664 5630 εὐιπιγ⁴

102 5645 136 5686 τ
283 5643 323 5680 ς·

1794 666 1860 739 ἦν
1889 673 1922 741 ή
1954 671 2252 741 παράταξις
2287 672 2380 724 τοῦ
2414 671 2747 739 Σενναχηρὶμ
2776 669 3033 737 βασιλέως
3065 669 3171 721 τῶν
3208 670 3331 722 Ἀσ-

1796 759 2010 828 συρίων,
2058 763 2149 812 καὶ
2198 758 2277 823 είς
2310 761 2530 827 ἄγγελος
2565 758 2880 820 ἀποσταλεὶς
2920 758 3108 810 ἑκατὸν
3151 758 3329 829 ὁγδοή-

1794 866 1954 903 κοντα
1997 849 2154 902 πέντε
2194 849 2426 918 χιλιάδας
2450 849 2734 918 έστρωσεν.
2775 847 2957 915 Ἡμεῖς
2981 850 3026 898 οἰ
3058 848 3325 914 ἄνθρωποι

1790 937 2142 1008 ἀνθρωπίνοις
2189 937 2458 1005 λογισμοῖς
2497 935 2794 1005 μετροῦμεν
2834 935 2899 987 τά
2945 935 3322 1003 συμϐαίνοντα,

1791 1031 1880 1083 καὶ
1904 1029 2130 1098 λέγομεν
2156 1028 2274 1081 καθ’
2297 1025 2517 1088 ἑαυτούς
2535 1040 2548 1055 ο
2579 1026 2641 1077 Τί
2667 1025 2887 1092 γίνεται,
2910 1023 3002 1076 ὲάν
3032 1024 3103 1093 μὴ
3129 1024 3320 1094 εὑρεθῇ

1790 1114 2120 1185 στρατιώτης
2139 1115 2194 1166 ὲν
2215 1116 2325 1175 τοῖς
2348 1114 2534 1183 μέρεσι
2559 1112 2760 1174 τούτοις
2781 1129 2794 1176 ;
2823 1111 2916 1163 ἐὰν
2936 1111 3063 1180 πρὶν
3091 1110 3122 1180 ἢ
3145 1111 3321 1180 φθάσῃ

1786 1207 1814 1257 6
1859 1204 2177 1274 στρατηγὸς,
2227 1203 2428 1262 πάντας
2461 1200 2801 1269 πορθήσωσι,
2831 1200 2883 1251 τί
2910 1199 3194 1268 ποιοῦμεν;
3229 1199 3318 1269 Μὴ

1785 1292 1891 1360 γὰρ
1925 1293 2104 1360 ἐπειδὴ
2149 1291 2210 1342 σὺ
2244 1289 2595 1360 προλαμϐάνῃ
2615 1327 2628 1349 ,
2663 1289 2756 1341 καὶ
2780 1288 2908 1350 Θεὸς
2950 1289 3319 1358 προλαμϐάνει

1785 1398 1905 1446 ται;
1940 1381 2011 1451 μὴ
2054 1382 2159 1450 γὰρ
2189 1380 2369 1449 ἐπειδὴ
2401 1380 2464 1432 σὺ
2501 1379 2598 1432 οὐκ
2628 1374 2677 1431 εἷ
2718 1377 3007 1448 πανταχοῦ,
3050 1377 3176 1440 Θεὸς
3218 1378 3316 1428 οὐκ

1783 1470 1897 1522 ἐστι
1939 1469 2237 1538 πανταχοῦ;
2271 1468 2344 1538 μὴ
2372 1467 2478 1536 γὰρ
2503 1468 2561 1519 τὸ
2593 1468 2688 1535 μὲν
2730 1467 2942 1518 δύναται
2975 1465 3122 1528 Θεὸς,
3170 1465 3229 1517 τὸ
3259 1466 3316 1518 δὲ

1781 1558 1840 1610 οὐ
1871 1556 2115 1620 δύναται;
2152 1557 2212 1607 Ἦ
2244 1555 2441 1625 ἄψυχος
2475 1555 2709 1609 θάλασσα
2747 1556 3035 1623 ὑπήκουσε,
3070 1555 3160 1607 καὶ
3188 1554 3316 1608 ἐϐύ-

1784 1648 1927 1700 θισεν
1947 1663 1961 1677 ο
1993 1648 2039 1698 οἱ
2067 1645 2246 1712 ἄλογοι
2280 1645 2456 1713 ἰχθύες
2493 1646 2803 1714 ὑπήκουσαν
2821 1647 2885 1715 τῇ
2912 1645 3052 1715 ἄγρᾳ
3073 1646 3276 1714 Πέτρου
3295 1663 3309 1678 ·

1781 1736 1872 1788 καὶ
1901 1734 2144 1800 ἄγγελος,
2172 1733 2263 1786 ὲάν
2289 1732 2543 1803 κελευσθῇ
2570 1773 2584 1796 ,
2612 1734 2761 1795 ὅλους
2788 1735 2883 1786 οὐκ
2907 1735 3153 1800 άφανίσει
3191 1735 3313 1795 τοὺς

1744 1865 1763 1876 .
1781 1823 2000 1893 ἐχθροὺς
2026 1825 2119 1892 τῆς
2145 1822 2420 1892 άληθείας;
2442 1824 2612 1877 Μόνον
2645 1822 2918 1892 νήφωμεν,
2951 1822 3104 1890 μόνον
3135 1838 3308 1890 παραυ

1781 1911 2109 1981 καλέσωμεν,
2141 1911 2300 1980 μόνον
2330 1911 2704 1980 ίκετεύσωμεν.
2743 1911 2985 1981 Ἐνόμισέ
3011 1925 3093 1972 τις
3118 1912 3174 1962 ὲν
3202 1912 3312 1972 τοῖς

1779 2003 2021 2074 ἀρχαίοις
2054 2001 2417 2073 στρατηλάτης
2447 2003 2689 2072 ἀριστος’
2727 2001 2865 2068 λέγω
2902 2001 2964 2071 δὴ
3007 1998 3164 2069 κοινῷ
3191 1999 3308 2052 6V6-

1780 2111 1928 2162 ματι,
1959 2095 2044 2148 ἶνα
2064 2095 2194 2147 πᾶσι
2219 2094 2511 2164 κατάδηλος
2531 2094 2777 2163 γένηται·
2809 2094 3020 2162 ὲνόμισέ
3044 2111 3124 2155 τις
3148 2110 3311 2163 στρα-

1776 2183 1942 2251 τηγὸς
1965 2183 2069 2235 τῶν
2100 2182 2400 2249 ἀλλοφύλων
2432 2184 2460 2234 6
2495 2181 2728 2251 Σισάρα·
2762 2181 3024 2249 μέμνηται
3054 2180 3107 2231 δὲ
3147 2177 3307 2232 αὐτοῦ

1779 2271 1871 2324 καὶ
1899 2270 2055 2323 Δαυῒδ
2087 2271 2254 2337 λέγων
2274 2287 2288 2301 ο
2316 2270 2576 2337 Ποίησον
2612 2268 2809 2332 αὐτοῖς
2844 2268 2919 2330 ὡς
2949 2265 3022 2332 τῇ
3052 2264 3305 2331 Μαδιὰμ,

1777 2358 1876 2411 καί
1910 2357 1986 2421 τῷ
2024 2357 2262 2424 Σισάρα,
2307 2359 2385 2423 ὠς
2432 2356 2509 2421 τῷ
2556 2356 2768 2423 Ἰαϐεὶμ
2803 2355 2870 2406 ἐν
2904 2352 2981 2417 τῷ
3025 2352 3307 2420 χειμάρρῳ

1775 2446 2034 2502 Κισσῶν.
2075 2448 2128 2499 '0
2169 2446 2367 2515 ἰαϐεὶμ
2398 2445 2646 2514 βασιλεὺς
2683 2440 2749 2513 ἦν
2793 2443 2898 2494 τῶν
2927 2440 3249 2508 ἀλλοφύλων,
3275 2441 3303 2490 6

1775 2533 1977 2602 Σισάρα
2019 2534 2459 2603 ἀρχιστράτηγος.
2505 2526 2610 2583 Ἦν
2653 2529 2796 2599 αὐτῷ
2846 2532 3062 2599 ἅρματα
3116 2528 3306 2595 σιδηρᾶ

1773 2622 2081 2685 ὀκτακόσια,
2101 2621 2192 2674 καὶ
2221 2621 2415 2688 πλῆθος
2440 2621 2679 2687 ἄπειρον.
2697 2615 2961 2684 Ἐφοϐήθη
2986 2617 3013 2666 6
3044 2614 3168 2676 λαὸς
3197 2613 3304 2664 τῶν

1786 2709 2063 2768 Ἰουδαίων,
2097 2705 2201 2758 εἰδε
2236 2706 2294 2757 τὸ
2327 2707 2498 2772 νέφος,
2529 2705 2620 2756 καὶ
2663 2702 2862 2772 ἔφριξε.
2894 2701 2958 2751 Τί
2992 2696 3080 2752 οὖν
3114 2701 3143 2751 6
3188 2698 3304 2766 φιλ-

1775 2784 2051 2869 άνθρωπος
2090 2795 2218 2855 Θεὸς
2252 2793 2395 2860 λέγει
2441 2793 2525 2845 διὰ
2556 2793 2653 2860 τῆς
2693 2789 3010 2860 προφήτιδος
3055 2788 3302 2857 Δεϐώρας

1771 2885 1849 2956 τῷ
1890 2884 2183 2954 ὑπερμάχῳ
2228 2883 2324 2952 τῆς
2371 2880 2678 2945 εὐσεϐείας;
2718 2880 2810 2946 Μὴ
2855 2876 3145 2947 φοϐηθῇς·
3177 2877 3302 2931 ἰδοὺ

1772 2973 2134 3042 παραδίδωσι
2160 2985 2255 3026 σοι
2282 2971 2463 3025 αὑτὸν
2483 2971 2690 3038 Κύριος
2713 2973 2795 3034 εἰς
2821 2970 2924 3034 τὰς
2946 2967 3144 3037 χεῷἁς
3165 2983 3302 3028 σου,

1772 3064 1862 3116 καὶ
1889 3063 2036 3115 ἔσται
2063 3063 2122 3115 τὸ
2155 3061 2475 3130 κατόρθωμα
2511 3061 2568 3112 οὐ
2597 3059 2694 3127 τῆς
2729 3059 2902 3127 χειρός
2931 3075 3043 3119 σου,
3083 3055 3196 3108 ἀλλ’
3226 3056 3300 3116 εἰς

1771 3152 1951 3220 χεῖρας
1978 3149 2246 3215 γυναικός.
2291 3148 2460 3201 Βλέπε
2493 3148 2605 3208 πῶς
2645 3147 2672 3196 6
2702 3145 2829 3208 Θεὸς
2872 3145 2963 3214 τὴν
2996 3142 3300 3207 ἀλαζονείαν

1771 3236 2044 3288 ἐκόλασεν.
2079 3235 2298 3304 Ἀνδρες
2323 3235 2416 3301 οὐχ
2461 3233 2784 3303 ὑπέστησαν,
2820 3233 2910 3284 καὶ
2944 3231 3074 3300 γυνή
3110 3233 3294 3299 ἐστρα-

1770 3324 2020 3391 τήγησεν.
2073 3320 2324 3390 Εἰσῆλθεν
2362 3325 2388 3374 6
2422 3323 2622 3389 Σισάρα
2655 3321 2865 3388 φεύγων
2897 3321 3024 3389 πρὸς
3065 3319 3162 3388 τὴν
3201 3335 3297 3386 γυ-

1771 3413 1926 3462 ναῖκα
1944 3411 2082 3479 Ίαὴλ
2106 3409 2419 3479 λεγομένην,
2442 3410 2534 3460 καὶ
2559 3407 2792 3460 καύσωνι
2811 3408 3232 3476 κατειλημμένος
3253 3410 3300 3469 ⁸,

1774 3499 1914 3551 αἰτεῖ
1943 3498 2070 3566 παρ’
2101 3497 2266 3566 αὐτῆς
2308 3495 2478 3566 ὕδωρ·
2527 3498 2560 3565 ή
2598 3495 2655 3548 δὲ
2700 3495 2900 3558 ποτίζει
2936 3495 3092 3546 αὑτὸν
3137 3494 3294 3562 γάλα.

1773 3585 1912 3653 Ὅρα
1936 3585 2122 3651 σοφίαν
2147 3584 2413 3652 γυναικός.
2451 3583 2661 3652 Ἐπειδὴ
2688 3583 2793 3652 γάρ
2910 3582 3301 3650 καταψυκτικδν

1769 3673 1828 3724 τὸ
1854 3673 2012 3740 γάλα,
2045 3674 2136 3725 καὶ
2164 3675 2240 3735 εἰς
2260 3672 2419 3725 ὕπνον
2450 3671 2900 3740 προκαλούμενον,
2918 3671 3118 3734 ποτίζει
3145 3670 3301 3724 αὐτὸν

1770 3762 1927 3828 γάλα,
1959 3763 2044 3814 ἳνα
2071 3761 2337 3832 ἀληθεύσῃ
2370 3762 2402 3830 ή
2435 3761 2622 3829 Γραφὴ
2651 3763 2682 3829 ἡ
2712 3761 2959 3827 λέγουσα,
2994 3760 3166 3826 Ὗδωρ
3194 3762 3301 3812 αὐ-

1771 3848 1882 3915 τὴν
1907 3850 2111 3917 ᾔτησε,
2151 3850 2247 3903 καί
2271 3850 2421 3918 τάλα
2451 3849 2686 3912 ἔδωκεν,
2730 3851 2812 3902 ἵνα
2847 3849 2938 3901 καὶ
2968 3850 3175 3918 ποτίσῃ,
3209 3849 3302 3899 καὶ

1770 3937 2009 4009 κοιμίσῃ.
2061 3934 2190 3991 Εἶτα
2235 3934 2579 4005 κοιμηθέντος
2623 3936 2715 3987 τοῦ
2766 3935 3080 4002 ἀλλοφύλου,
3123 3933 3298 3996 ἔλαϐε,

1771 4027 1952 4095 φησὶν,
1978 4029 2009 4094 ή
2038 4027 2171 4093 γυνὴ
2198 4026 2372 4094 ἐκείνη
2403 4025 2674 4076 πάσσαλον
2708 4025 2800 4077 καὶ
2832 4023 3057 4093 σφῦραν,
3087 4023 3178 4076 καὶ
3201 4025 3299 4074 έπ-

1770 4112 1967 4182 έδραμε
1987 4112 2063 4180 τῷ
2086 4113 2342 4181 πολεμίῳ.
2369 4113 2475 4164 Καὶ
2503 4115 2600 4182 ὅρα
2625 4114 2810 4176 σοφίαν
2837 4112 3107 4178 γυναικός.
3136 4111 3230 4164 Διά
3251 4113 3302 4163 τί

1771 4205 1868 4256 οὐκ
1895 4202 2046 4254 ἔλαϐε
2079 4201 2228 4266 ξίφος
2276 4201 2308 4268 ἢ
2342 4203 2624 4268 μάχαιραν,
2659 4201 2788 4252 ἀλλά
2812 4200 3112 4263 πάσσαλον;
3150 4201 3305 4266 Ἐφο-

1771 4293 1927 4362 ϐήθη,
1956 4292 2029 4355 ὡς
2053 4292 2207 4358 γυνὴ,
2227 4290 2299 4360 μὴ
2322 4289 2540 4354 ἔξυπνος
2562 4291 2840 4358 γενόμενος
2867 4288 3138 4358 καταλάϐῃ
3157 4287 3301 4360 [415]

1771 4382 1936 4451 αὐτὴν
1955 4381 2279 4449 κατέχουσαν
2302 4379 2467 4447 ξίφος.
2495 4378 2590 4431 Διά
2614 4379 2766 4430 τοῦτο
2784 4380 2842 4430 οὑ
2871 4379 3128 4446 λαμϐάνει
3147 4378 3304 4430 ὅπλον

1771 4470 1978 4540 ἀνδρὸς,
2008 4468 2121 4521 ἀλλ’
2149 4468 2476 4538 ἐπιτήδευμα
2507 4469 2824 4533 γυναικεῖον.
2861 4467 3018 4528 Ἔθος
3046 4464 3152 4534 γὰρ
3185 4469 3303 4529 ταῖς

1769 4557 2184 4628 διεζωσμέναιςά
2229 4558 2439 4624 γυναιξί
2472 4557 2740 4608 πάσσαλον
2767 4557 3114 4625 κατακρούειν
3144 4559 3200 4607 ὲν
3229 4556 3306 4624 τῷ

1773 4647 1950 4714 τοίχῳ,
1986 4646 2076 4697 καὶ
2104 4644 2242 4695 οὕτω
2275 4644 2506 4712 μετιέναι
2530 4641 2624 4710 τὴν
2663 4641 2789 4692 ἰδίαν
2821 4640 3095 4708 ἐργασίαν.
3128 4641 3307 4690 Κατα-

1773 4735 2018 4797 σκευάζει
2039 4730 2127 4786 οῦν
2147 4733 2250 4785 ἀπὸ
2273 4732 2363 4783 τοῦ
2381 4731 2683 4782 ἀνυπόπτου
2709 4729 2821 4780 ὁδὸν
2847 4729 3116 4797 δευτέραν.
3135 4729 3309 4780 Ἐπει-

1769 4824 1832 4892 δὴ
1861 4824 1915 4874 δὲ
1947 4826 1973 4876 6
2001 4823 2130 4884 Θεὸς
2162 4821 2485 4889 συνήργησε,
2535 4819 2624 4870 καὶ
2651 4816 2781 4869 Θεοῦ
2805 4812 2872 4885 ἦν
2902 4817 3056 4886 ἔργον
3086 4817 3304 4886 πληρῶ-

1772 4931 1858 4966 σαι
1881 4913 1950 4965 τά
1971 4913 2068 4981 τῆς
2111 4910 2469 4981 προφητείας·
2498 4911 2557 4959 οὐ
2590 4908 2694 4976 γὰρ
2728 4903 2793 4976 ἦν
2825 4907 3034 4974 ἐκείνης
3063 4905 3120 4957 τὸ
3151 4923 3307 4976 στρα-

1769 5005 1986 5073 τήγημα
2009 5041 2023 5064 ,
2061 5001 2192 5055 ἀλλὰ
2230 4999 2362 5052 Θεοῦ
2390 4998 2449 5050 τὸ
2496 4996 2846 5065 ἀπόφθεγμα·
2892 4996 2992 5048 Ἐν
3020 4993 3164 5059 χειρὶ
3203 4993 3308 5064 γὰρ

1769 5094 2046 5162 γυναικὸς
2081 5091 2249 5144 ἐσται
2291 5093 2323 5143 ό
2361 5087 2607 5151 θάνατός
2644 5102 2776 5139 σου.
2814 5085 3121 5153 Συνήργησε
3157 5082 3303 5143 Θεὸς,

1772 5188 1920 5257 ὕπνῳ
1944 5189 2106 5257 δήσας
2144 5186 2231 5238 τὸν
2255 5185 2552 5253 ἀλάστορα,
2580 5182 2670 5234 καὶ
2723 5179 2955 5231 λαϐοῦσα
2990 5179 3022 5245 ή
3057 5175 3190 5245 γυνὴ
3223 5176 3308 5228 τὸν

1837 5515 1856 5538 (⁵
1886 5507 2409 5575 υῐιιις-κατεύημμένος,
2437 5509 2585 5551 recte.
2610 5503 2746 5550 Alius
2769 5499 3107 5560 ἐπειλημμένος.
3136 5496 3307 5545 Morel.

1770 5579 1820 5618 et
1846 5570 1990 5615 Savil.
2017 5569 2369 5623 ἀπειλημμένος.

1833 5629 1858 5667 ἀ
1899 5629 2000 5677 Duo
2024 5640 2136 5674 mss.
2160 5625 2456 5688 διᾳζομίναις.
