3982 6218
184 357 302 411 409

156 465 472 520 administer
497 460 632 514 illius
653 455 896 510 facinoris
923 458 1081 512 esset,
1105 459 1290 502 somno
1319 444 1524 498 hostem
1561 441 1706 494 illum

159 555 402 610 devinxit
426 571 440 606 :
467 559 520 604 et
543 548 753 608 mulier,
777 543 968 613 paxillo
994 547 1200 607 arrepto
1237 545 1286 589 et
1318 529 1713 598 malleo,adegit

161 662 265 714 per
309 653 540 709 tempora
579 640 683 691 ictu
729 647 832 687 tam
875 632 1028 692 forti,
1059 637 1114 681 ut
1144 628 1297 680 etiam
1331 634 1519 677 terram
1549 633 1711 687 peuc-

162 710 334 786 traret
361 748 372 782 :
403 738 456 784 et
483 728 556 782 sic
581 725 791 795 quidem
832 723 919 774 ille
965 722 1096 771 intra
1129 715 1287 784 pedes
1318 710 1549 766 mulieris
1574 724 1713 760 mor-

165 835 294 877 tuus
315 829 411 875 est.

243 915 295 965 7.
335 910 448 964 Non
491 908 681 961 desunt
724 904 828 955 Deo
867 898 1188 956 occasiones,
1217 901 1413 946 etcum
1445 889 1555 956 ipse
1581 885 1710 948 vult,

169 1001 304 1057 nihil
347 998 506 1052 refert
552 1009 647 1048 nos
695 992 850 1046 etiam
895 989 1156 1041 sociorum
1208 981 1413 1035 auxiliis
1459 977 1712 1032 destitui:

173 1089 269 1143 Dei
316 1100 477 1146 arma,
524 1083 618 1135 Dei
652 1081 816 1136 miles,
849 1077 936 1129 Dei
989 1075 1174 1132 virtus,
1228 1071 1371 1123 solus
1419 1076 1572 1121 nutus
1623 1065 1716 1117 Dei

167 1176 348 1228 omnia
379 1181 612 1241 possunt.
637 1169 744 1221 Hoc
765 1166 968 1219 Christo
997 1163 1232 1214 dicamus
1257 1175 1267 1208 :
1294 1158 1385 1210 Dic
1407 1143 1641 1213 verbum,
1665 1159 1718 1203 et

173 1266 355 1315 hostes
383 1256 866 1325 tuidissipabuntur
893 1271 903 1302 :
933 1251 1016 1303 dic
1053 1249 1290 1310 verbum,
1321 1253 1374 1297 et
1418 1242 1717 1295 misericor-

169 1354 260 1406 dia
312 1353 572 1406 civitatem
607 1357 746 1400 tuam
798 1344 989 1396 afticies
1024 1359 1035 1391 ε
1068 1341 1151 1392 die
1197 1336 1433 1396 verbum,
1464 1342 1515 1385 et
1544 1328 1716 1382 mundi

176 1445 256 1496 tui
300 1438 652 1495 misereberis.
684 1436 925 1487 Dicamus
971 1431 1077 1491 illi,
1114 1427 1241 1479 Ecce
1267 1426 1423 1476 hostes
1449 1421 1519 1473 tui
1545 1434 1720 1471 sonue-

174 1541 317 1592 runt,
340 1544 385 1582 et
410 1530 491 1597 qui
515 1537 558 1578 te
579 1525 803 1585 oderunt,
836 1521 1133 1573 sustulerunt
1154 1524 1300 1582 caput
1334 1511 1498 1583 (Psal.
1532 1508 1617 1562 8‘2.
1641 1505 1716 1572 5).

181 1621 340 1671 \‘isne
367 1617 578 1670 alterius
618 1614 850 1666 ediscere
879 1607 1110 1660 mulieris
1137 1612 1470 1669 stratagema,
1495 1597 1630 1665 quod
1670 1605 1722 1649 et

179 1713 350 1777 ipsum
392 1707 567 1760 divina
611 1707 877 1756 voluntate
922 1704 1276 1766 perpetratum
1302 1692 1412 1745 est?
1439 1687 1720 1742 Eratalins

177 1799 458 1866 quESpiam,
488 1793 699 1847 nomine
723 1786 1048 1848 Abimelech,
1079 1784 1163 1852 qui
1197 1779 1485 1834 interfectis
1515 1787 1722 1840 Septua-

175 1891 323 1954 ginta
350 1886 609 1948 fratribus,
635 1891 845 1948 totoque
899 1877 1087 1945 populo
1116 1889 1208 1941 per
1241 1871 1340 1923 hoc
1385 1866 1720 1922 fratricidinm

181 1979 233 2028 in
274 1991 418 2028 suam
461 1979 768 2043 potestatem
807 1967 1047 2026 redacto,
1088 1961 1356 2030 oppidum,
1384 1956 1603 2009 admotis
1632 1967 1724 2006 co-

179 2069 304 2130 piis,
327 2079 626 2133 oppugnare
645 2061 800 2127 coepit
823 2055 1019 2127 (Jttdic.
1047 2049 1099 2117 9)
1131 2069 1143 2104 :
1173 2059 1225 2102 et
1244 2048 1488 2104 omnibus
1513 2045 1575 2098 ad
1600 2043 1722 2096 belli

179 2131 374 2206 faciem
402 2131 635 2204 attonitis
661 2159 712 2203 et
735 2144 1055 2213 stupefactis,
1086 2141 1224 2193 Deus
1271 2138 1457 2189 iterum
1489 2131 1725 2186 mulieris

179 2259 394 2295 manum
417 2241 695 2301 roboravit,
729 2250 946 2303 eamque
981 2248 1010 2286 e
1040 2229 1296 2284 moenibus
1324 2224 1550 2291 conspici
1576 2237 1726 2275 cura-

178 2334 278 2397 \it,
306 2346 421 2398 qua:
445 2328 532 2382 ttbi
563 2329 780 2379 frustum
801 2324 866 2377 de
891 2321 1060 2390 lapide
1089 2317 1272 2372 molari
1306 2314 1643 2380 arripuisset,
1673 2311 1723 2362 itt

177 2429 340 2488 caput
366 2416 568 2488 tyranni
597 2414 830 2482 projecit,
860 2419 1112 2476 caputque
1137 2403 1396 2457 contrivit.
1421 2400 1521 2454 Sed
1547 2400 1726 2452 obser-

179 2524 245 2559 \‘a
279 2508 535 2574 ingentem
569 2501 778 2568 superbi
809 2499 943 2550 illius
981 2493 1261 2561 nequitiam
1281 2505 1397 2543 cum
1439 2489 1550 2556 ipso
1579 2501 1723 2539 com-

178 2595 510 2648 merientem.
561 2590 692 2642 Dicit
717 2585 926 2641 satelliti
957 2583 1216 2643 adstanti,
1269 2579 1465 2646 Stringe
1504 2576 1725 2645 gladium

179 2698 343 2746 tuum,
375 2692 419 2737 et
447 2699 520 2735 me
556 2689 770 2749 percute,
809 2693 868 2730 ne
898 2675 1083 2735 dicant,
1134 2673 1315 2725 Mulier
1353 2670 1514 2736 ipsum
1547 2665 1728 2718 occidit

178 2776 346 2829 (Ibid.
370 2791 415 2827 υ.
442 2775 514 2841 4).
541 2773 742 2838 Corpus
778 2767 1099 2820 moriebatur
1126 2803 1138 2824 ,
1170 2760 1411 2828 superbia
1437 2755 1679 2810 manebat
1708 2769 1720 2804 :

177 2868 343 2919 vitam
385 2865 472 2917 ille
526 2862 732 2929 quidem
776 2874 894 2913 cum
939 2863 1107 2910 morte
1146 2849 1542 2913 commutabat,
1580 2861 1726 2900 vana:

177 2955 363 3021 glorize
413 2951 640 3006 studium
688 2964 789 3002 non
844 2944 1214 3000 commutabat.
1267 2941 1328 2992 Et
1373 2936 1579 3007 quidem
1630 2934 1726 2986 hac

177 3050 338 3094 aetate
385 3056 486 3092 non
526 3040 674 3091 deest
700 3037 804 3089 Deo
828 3035 1052 3095 chora,
1102 3044 1206 3084 non
1245 3029 1394 3080 deest
1451 3026 1557 3077 Deo
1590 3022 1722 3075 Jael.

180 3132 445 3182 llabcmus
470 3136 521 3180 et
550 3142 646 3178 nos
671 3135 902 3177 sanctam
925 3122 1194 3188 Virginem
1214 3132 1275 3171 ac
1303 3117 1393 3169 Dei
1423 3114 1726 3184 genitricem

177 3220 394 3271 Mariam
420 3257 431 3275 ,
459 3231 572 3283 qure
601 3229 694 3280 pro
721 3213 871 3265 nobis
902 3207 1195 3262 intercedit.
1227 3205 1282 3260 Si
1308 3206 1446 3258 enim
1476 3203 1670 3271 qumvis
1699 3216 1727 3253 e

178 3310 337 3375 vulgo
359 3307 546 3358 mulier
569 3304 838 3356 victoriam
864 3299 1088 3353 obtinuit
1111 3338 1126 3362 ,
1158 3305 1352 3364 quanto
1387 3295 1548 3359 magis
1573 3291 1728 3344 Chri-

176 3397 245 3448 sti
279 3405 445 3447 mater
478 3393 653 3445 hostes
677 3390 907 3444 veritatis
933 3385 1236 3440 confundit?
1268 3382 1445 3435 Hostis
1471 3381 1556 3433 ille
1585 3378 1728 3432 omni

177 3499 450 3536 armorum
500 3496 689 3550 genere
739 3480 1041 3538 instructus,
1066 3475 1264 3543 putavit
1310 3471 1582 3524 mulierem
1612 3481 1730 3521 esse

177 3574 291 3624 risu
315 3571 545 3638 dignam,
578 3577 631 3621 et
653 3567 849 3620 invenit
891 3566 1076 3619 ducem
1105 3569 1412 3616 certantem.
1444 3558 1556 3611 Non
1581 3565 1731 3624 puta-

175 3662 255 3714 vit
285 3676 343 3713 se
372 3674 533 3729 prope
558 3658 857 3725 sepulcrum
893 3669 1010 3709 esse
1033 3693 1048 3717 ,
1077 3663 1128 3708 et
1159 3653 1424 3706 inventum
1453 3659 1532 3703 est
1554 3648 1622 3700 illi
1654 3661 1727 3701 sc-

1590 323 1911 380 MONITUM.

3271 325 3382 378 410

1815 447 2054 506 pulcrum
2086 453 2098 488 :
2126 446 2383 489 mortuam
2413 433 2552 486 illam
2584 431 2948 493 existimabat,
2977 438 3028 481 et
3057 428 3120 482 ab
3145 429 3253 494 ipsa
3287 429 3364 480 itt-

1819 528 2061 580 terfectus
2088 533 2186 578 est.
2221 523 2481 576 Habemus
2527 520 2799 573 Dominam
2853 527 3085 570 nostram
3134 526 3363 570 sanctam

1818 614 2028 668 Mariam
2049 613 2322 678 Deiparam
2356 628 2368 661 :
2397 609 2487 663 sed
2511 618 2563 661 et
2587 607 2936 675 apostolorum
2971 605 3213 672 precibus
3234 620 3364 670 Opus

1817 711 1915 756 est.
1950 703 2187 753 Dicamus
2216 710 2267 752 et
2296 712 2391 751 nos
2429 698 2611 755 Paulo,
2638 694 3073 764 quemadmodum
3117 703 3168 746 et
3212 695 3364 760 prisci

1820 792 1894 844 illi
1927 811 1937 844 :
1971 792 2162 844 Cantia
2185 788 2526 840 Macedoniam
2559 787 2897 855 pertransieris
2924 825 2937 846 ,
2964 785 3100 836 nobis
3127 783 3377 834 auxitiare

1821 884 1950 948 (Act.
1984 882 2067 934 16.
2110 880 2184 949 9).
2237 880 2496 932 Habemus
2549 877 2830 945 apostolos,
2881 890 2946 929 ne
2990 884 3365 941 torpescamtts.

1821 970 2100 1024 Habemus.
2129 969 2358 1037 inquam,
2386 967 2646 1018 dominam
2667 974 2893 1018 nostram
2915 971 3147 1016 sanctam
3175 961 3364 1026 Deipa-

1821 1075 1950 1122 ram,
1979 1068 2032 1112 et
2051 1073 2257 1127 semper
2279 1054 2541 1123 Virginem
2567 1055 2798 1116 Mariam,
2829 1068 2891 1104 ne
2917 1053 3235 1120 pigritemur.
3270 1050 3363 1100 lla-

1823 1151 2004 1201 hemtts
2032 1147 2246 1201 chorum
2271 1157 2578 1214 martyrum,
2610 1158 2674 1196 ne
2712 1141 2921 1194 desides
2966 1142 3147 1194 simus.
3190 1138 3367 1205 Neque

1821 1253 1945 1290 vero
1973 1244 2168 1288 tantum
2199 1248 2501 1301 precemur,
2535 1231 2647 1292 sed,
2671 1231 2712 1282 si
2737 1229 2960 1291 videtur,
2991 1227 3144 1280 etiam
3169 1226 3366 1292 jt-juue-

1823 1341 1955 1378 mus.
1999 1325 2170 1379 Satius
2222 1333 2304 1376 est
2339 1322 2574 1390 jejunare
2616 1321 2867 1388 jejunium
2918 1317 3181 1380 desiderii,
3213 1330 3366 1382 quam

1824 1415 1971 1467 famis
2005 1432 2016 1465 :
2049 1413 2229 1474 satius,
2262 1411 2513 1478 jejunium
2542 1409 2832 1461 dilectionis
2855 1447 2870 1468 ,
2903 1421 3054 1472 quam
3089 1394 3372 1456 necessita-

1825 1505 1908 1555 tis.
1942 1503 2186 1555 Servator
2205 1500 2268 1553 de
2291 1498 2613 1552 daemonibus
2638 1498 2708 1548 ait
2734 1514 2745 1546 :
2779 1495 2940 1548 Genus
2978 1495 3066 1544 hoc
3096 1509 3192 1543 non
3223 1493 3364 1562 ejici-

1826 1605 1904 1647 tur
1928 1594 2022 1646 nisi
2040 1594 2091 1644 in
2119 1591 2394 1643 orationeet
2413 1588 2606 1655 jejunio
2635 1585 2839 1654 (Matth.
2870 1586 2956 1636 Π.
2985 1582 3096 1651 '20).
3121 1583 3298 1634 Oratio
3317 1590 3366 1632 et

1819 1682 2069 1752 jejunium
2095 1679 2359 1732 daemones
2385 1675 2623 1745 proﬂigat
2649 1691 2661 1726 :
2694 1683 2747 1726 et
2773 1672 3027 1725 barbaros
3057 1685 3158 1721 non
3193 1667 3367 1735 pruni-

1826 1770 2002 1837 gabit?
2026 1766 2172 1834 Quod
2193 1775 2314 1819 ante
2338 1765 2441 1818 dixi
2468 1777 2648 1816 rursus
2687 1761 2804 1815 dico
2827 1776 2839 1811 :
2872 1773 3114 1827 rogemus
3140 1764 3369 1810 sanetam

1825 1858 2103 1927 gloriosam
2127 1856 2387 1923 Virginem
2434 1861 2487 1906 et
2533 1851 2803 1918 Deiparam
2853 1849 3102 1900 Mariam:
3131 1857 3371 1913 rogemus

1826 1957 2032 2002 sanctos
2083 1956 2137 2002 et
2177 1945 2454 2014 przeclaros
2513 1941 2774 2009 apostolos
2820 1955 2832 1989 :
2880 1951 3121 2005 rogemus
3165 1943 3371 1986 sanctos

1827 2047 2102 2107 martyres.
2133 2036 2185 2089 Si
2214 2035 2329 2102 quis
2357 2031 2664 2085 necessitate
2691 2026 2910 2095 quadam
2938 2025 3168 2084 adactus,
3201 2023 3372 2074 subito

1830 2129 1893 2181 ad
1943 2128 2167 2195 aliquem
2218 2122 2562 2192 potentiorem
2591 2115 2875 2184 confugiat,
2926 2115 2969 2165 is
3018 2128 3117 2166 non
3151 2112 3372 2163 libenter

1829 2220 1997 2286 ipsum
2048 2213 2256 2282 excipit.
2298 2214 2433 2264 Ante
2463 2210 2852 2270 necessitatem,
2882 2204 3077 2271 inquit,
3108 2201 3372 2254 nesciebas

1829 2310 1956 2363 mihi
2010 2307 2260 2359 honorem
2309 2311 2360 2354 et
2384 2301 2578 2353 cultum
2628 2305 2896 2364 prtcstare,
2929 2293 3017 2345 sed
3069 2292 3374 2343 necessitate

1829 2399 2127 2466 compulsus
2154 2396 2202 2448 id
2235 2395 2362 2459 agis.
2396 2392 2552 2445 Extra
2597 2387 2954 2440 necessitatem
2979 2383 3146 2435 honor
3176 2382 3261 2433 ille
3287 2396 3375 2433 επις

1830 2498 2038 2556 Spccttts
2068 2499 2167 2536 non
2194 2491 2291 2536 est.
2323 2482 2375 2532 Si
2415 2488 2534 2532 ante
2566 2477 2927 2530 necessitatem
2961 2472 3181 2537 iudicem
3209 2470 3373 2532 colas,

1816 2581 1880 2629 .in
1914 2575 2222 2630 necessitate
2255 2571 2542 2638 adjtttorem
2573 2566 2819 2633 reperies.
2851 2563 3160 2617 Novitenim
3194 2570 3242 2612 te
3274 2576 3376 2611 nott

1831 2666 2158 2727 necessitate,
2189 2660 2280 2714 sed
2327 2674 2503 2710 amore
2547 2656 2646 2722 agi.
2692 2655 2866 2707 Simus
2898 2653 3068 2718 itaque
3092 2658 3376 2718 martyrum

1831 2756 2004 2818 amici,
2035 2769 2134 2804 non
2191 2768 2254 2805 ex
2301 2748 2628 2808 necessitate,
2675 2744 2765 2798 sed
2814 2759 2878 2795 ex
2918 2741 3194 2794 dilectione
3222 2747 3380 2793 :ante

1833 2853 2210 2913 tempestatem,
2243 2851 2296 2894 ut
2348 2837 2740 2906 tempestatibus
2782 2834 2959 2887 afllicti
3003 2832 3289 2890 doleamus,
3324 2836 3381 2880 ut

1833 2939 1882 2990 in
1913 2943 2216 3003 tempestate
2243 2947 2330 2985 t'cr
2352 2930 2692 2981 inveniamus.
2727 2925 2850 2977 Haec
2879 2923 3119 2977 dicimus.
3145 2935 3246 2972 non
3278 2920 3379 2970 im-

1833 3034 2109 3094 perantes,
2155 3021 2245 3073 sed
2289 3019 2588 3077 hortantes;
2646 3028 2748 3064 non
2784 3012 2950 3078 legem
2999 3008 3252 3067 ferentes.
3286 3005 3378 3059 sed

1833 3117 2164 3168 obsecrantes
2208 3127 2220 3160 :
2271 3120 2541 3174 precamur
2571 3112 2624 3153 ttt
2653 3113 2834 3152 omnes
2865 3099 3035 3151 sobrie
3057 3097 3248 3147 vivant.
3278 3094 3378 3146 l’o-

1835 3216 1935 3258 test
1957 3214 2126 3255 autem
2163 3201 2318 3260 Deus,
2353 3203 2540 3263 pra‘lcr
2581 3192 2751 3251 fidem,
2787 3196 2971 3255 prmter
3012 3187 3266 3238 rationem
3295 3183 3381 3234 ho-

1835 3304 1939 3347 stes
1971 3289 2247 3359 ignominia
2287 3286 2513 3344 afficere,
2542 3281 2682 3333 orbis
2721 3276 2953 3329 misereri
2986 3316 3000 3336 ,
3033 3275 3377 3340 imperatores

1838 3385 2032 3436 honore
2061 3381 2292 3437 afficere.
2325 3375 2597 3442 imperium
2627 3370 2853 3430 ﬁrmare,
2878 3379 3128 3430 suamque
3164 3362 3382 3429 gloriam

1838 3476 2094 3526 illustrare
2117 3472 2166 3522 in
2188 3467 2396 3521 Christo
2416 3465 2537 3518 Jcsu
2569 3459 2786 3513 Domino
2807 3463 3005 3518 nostro,
3030 3453 3110 3506 cui
3137 3450 3300 3520 gloria
3326 3449 3378 3502 in

1837 3560 2045 3614 sarcula.
2072 3559 2257 3610 Amen.

220 3843 3367 3892 :W

1244 4087 1321 4146 IN
1383 4084 1786 4144 HOMILIAM
1847 4080 2334 4152 SEQUENTEM.

192 4307 391 4376 prima,
425 4313 478 4357 et
507 4302 726 4357 Joannis
756 4300 885 4352 item
919 4297 1108 4366 prima,
1140 4310 1257 4362 qttre
1291 4302 1404 4346 erat
1431 4291 1611 4358 opinio
1658 4290 1908 4358 Syrorum
1937 4299 1990 4342 et
2017 4288 2266 4342 Ecclesia:
2293 4287 2656 4350 Antiochena),
2706 4288 2754 4339 id
2806 4288 2944 4354 qttod
2993 4288 3187 4339 ibidem
3219 4288 3385 4355 pluri-

194 4399 302 4448 bus
329 4388 885 4444 commonstravimus.
937 4384 1063 4436 lude
1088 4397 1215 4435 vero
1249 4380 1504 4432 asseritur
1545 4379 1679 4430 hanc
1711 4377 2000 4437 homiliam,
2033 4377 2074 4428 si
2123 4392 2230 4427 non
2273 4374 2657 4442 Chrysostomi.
2714 4375 2863 4442 cujus
2916 4390 3110 4427 nomen
3151 4377 3382 4442 praefert,

193 4484 424 4550 alicujus
458 4489 602 4533 certe
634 4494 696 4531 ex
733 4474 1070 4545 presbyteris,
1125 4472 1292 4538 ipsius
1337 4469 1623 4529 sodalibus,
1656 4482 1805 4528 esse;
1855 4467 1902 4518 id
1932 4467 2091 4518 etiam
2133 4465 2255 4516 inde
2284 4465 2556 4531 probatur,
2589 4464 2728 4531 quod
2755 4465 3124 4517 admirandum
3154 4476 3379 4533 patrem,

196 4577 250 4629 id
288 4582 371 4626 est
404 4572 710 4639 episcopum
745 4566 1074 4626 Flavianum,
1116 4562 1264 4630 quasi
1291 4570 1605 4629 prmseutem
1654 4560 1999 4613 concionator
2021 4567 2404 4610 commemoret
2433 4567 2485 4609 et
2516 4567 2698 4610 contra
2729 4561 3014 4611 Anotnmos
3045 4569 3260 4628 pugnet,
3293 4563 3382 4628 qui

196 4660 654 4728 tum-frequentes
704 4665 858 4711 erant
886 4651 1199 4707 Antiochi-.e.
1250 4650 1611 4716 Chrysostomi
1667 4657 1812 4700 certe
1861 4662 1966 4698 non
1995 4662 2111 4698 esse
2157 4646 2328 4714 arguit
2374 4646 2677 4698 omnimoda
2723 4647 2839 4715 styli
2890 4648 3189 4710 diversitas,
3241 4658 3386 4704 tanta

195 4757 408 4809 scilicet
432 4760 684 4820 quantam
711 4752 797 4803 vix
830 4748 954 4801 alibi
1006 4759 1257 4812 umquam
1290 4742 1678 4809 deprehendas.
1725 4741 1901 4794 lunnit
1943 4739 2333 4799 Tillemontius,
2383 4755 2541 4806 posse
2588 4739 2861 4793 Severiani
2892 4755 3029 4804 esse,
3076 4743 3166 4807 qui
3211 4757 3388 4796 coram

193 4850 584 4913 Chrysostomo
630 4843 1032 4909 archiepiscopo
1074 4836 1683 4902 Constantinopolitano,
1720 4843 1843 4886 tunc
1887 4834 2186 4899 episcopus,
2232 4832 2671 4894 concionaretttr;
2722 4833 2814 4884 sed
2858 4849 2963 4885 non
3015 4834 3390 4887 animadvertit

195 4936 578 4990 Tillemontius
613 4935 726 4986 htec.
759 4934 812 4984 in
843 4933 1076 4985 Ecclesia
1111 4931 1338 4997 quadam
1367 4929 1504 4980 dicta
1542 4927 1722 4987 fuisse,
1767 4928 1853 4979 ubi
1877 4925 2098 4978 Joannis
2130 4926 2362 4979 secunda
2403 4936 2455 4978 et
2489 4927 2641 4978 tertia
2672 4926 2901 4993 Epistola
2929 4927 3066 4978 inter
3102 4927 3390 4982 canonicos

197 5024 370 5077 libros
399 5037 506 5075 non
541 5020 977 5079 admittebantur,
1001 5018 1051 5069 id
1074 5017 1213 5083 quod
1237 5017 1301 5068 de
1332 5015 1662 5066 Autiocheua
1689 5015 1922 5066 Ecclesia
1954 5028 2156 5076 verum,
2181 5022 2384 5066 certum
2408 5016 2845 5082 exploratumque
2881 5025 2982 5078 est,
3022 5025 3078 5068 ttt
3115 5017 3222 5084 jam
3257 5020 3394 5072 vidi-

197 5129 324 5167 mus
360 5115 415 5166 in
446 5113 680 5166 Diatriba
713 5112 764 5162 in
790 5109 1053 5177 Syuopsin
1081 5122 1274 5175 supra;
1306 5107 1369 5158 de
1401 5104 1989 5171 Constantiuopolitana
2027 5120 2152 5156 vero
2195 5102 2426 5157 Ecclesia
2458 5119 2636 5168 nemo,
2675 5107 2813 5172 quod
2858 5107 3042 5171 sciam,
3076 5107 3225 5159 dixit.
3258 5107 3390 5163 Hinc

199 5219 362 5273 porro
390 5212 593 5258 certum
627 5204 836 5256 videtur
876 5202 1014 5251 hanc
1043 5199 1314 5251 homiliam
1361 5197 1654 5249 Antiochia:
1696 5195 1949 5248 Flaviano
1992 5195 2243 5262 episcopo
2291 5206 2550 5263 prasente
2605 5198 3002 5263 pronuntiatam
3043 5198 3223 5251 fuisse,
3282 5198 3392 5251 sub

196 5295 362 5347 tinem
387 5291 614 5344 homilia:
644 5291 727 5343 hic
755 5288 995 5356 qvisquis
1035 5287 1102 5338 sit
1141 5285 1484 5338 concionator
1525 5299 1640 5336 sese
1672 5296 1857 5352 purgat
1884 5301 1911 5336 a
1953 5285 2271 5350 quibusdam
2303 5286 2399 5338 sibi
2440 5286 2680 5353 objectis.
2709 5287 2839 5339 Cum
2872 5289 3012 5340 enim
3053 5290 3227 5362 aliqua
3266 5304 3393 5341 con-

197 5383 468 5438 cionando
499 5383 721 5436 dixisset
773 5382 839 5432 ab
870 5377 1204 5430 auditoribus
1234 5376 1368 5428 male
1415 5386 1656 5442 excepta,
1687 5376 1811 5428 hinc
1856 5385 2037 5428 exorto
2085 5391 2317 5437 rumore,
2358 5377 2409 5428 in
2445 5377 2688 5443 sequenti
2732 5378 2988 5430 concione
3030 5378 3234 5443 objecta
3289 5376 3390 5430 sibi

198 5471 434 5546 depulit,
468 5480 522 5525 et
547 5487 603 5526 se
626 5470 806 5524 omnia
829 5476 1075 5521 accurate
1110 5466 1402 5519 secundum
1428 5464 1755 5516 Catholicam
1786 5464 1938 5516 tidem
1968 5464 2162 5518 dixisse
2194 5426 2575 5532 comprobavit.
2924 5426 2986 5430 ἡ
3037 5426 3114 5445 *Ἴ
