3982 6218
614 328 722 382 411

2077 307 2345 367 lNCER'ﬂ

617 563 3803 610 Μ

2619 600 2836 610 ——~.—.

1505 951 1910 1040 SANCTI
1988 955 2406 1043 PATRIS
2479 954 2904 1045 NOSTBI

848 1249 1738 1431 JOANNIS
1871 1255 3389 1434 CHRYSOSTOMI
3482 1256 3570 1333 ‘“’

1537 1645 1682 1758 IN
1775 1646 2319 1761 DICTUM
2410 1651 2866 1790 ILLUD,

1380 1930 1460 1991 1η
1510 1948 1634 2010 qua
1681 1939 1988 2009 potestate
2023 1931 2146 1993 hac
2186 1931 2348 2009 facis
2398 1930 2653 2008 (Matth.
2703 1931 2803 1992 21.
2857 1931 2970 2006 23)
3011 1935 3041 1992 τ

677 2567 726 2621 Ι.
753 2565 1005 2620 “umente
1029 2560 1211 2617 salinis
1237 2560 1547 2629 principium
1570 2567 1668 2620 est,
1688 2558 1844 2611 timor
1872 2551 1964 2609 Dei
1993 2552 2030 2618 ί,
2054 2566 2165 2604 om-

606 2657 856 2724 niumque
889 2654 1148 2708 bonorum
1178 2660 1477 2705 nostrorum
1506 2647 1651 2702 radix
1680 2657 1760 2701 est
1789 2646 1868 2700 lex
1905 2643 1992 2697 Dei
2024 2659 2036 2695 :
2068 2656 2162 2693 ne-

604 2757 705 2816 que
731 2758 856 2800 vero
882 2743 963 2798 lex
999 2741 1092 2796 Dei
1121 2741 1236 2795 sine
1267 2740 1471 2800 timore,
1507 2751 1676 2805 neque
1702 2737 1858 2789 timor
1892 2733 2006 2786 sine
2045 2731 2162 2799 lege

603 2850 722 2889 esse
749 2834 934 2903 possit.
973 2831 1103 2885 Nam
1141 2830 1224 2885 lex
1264 2828 1626 2882 mandatorum
1669 2825 1965 2879 ministrum
2007 2820 2163 2873 habet

605 2925 887 2981 timorem:
928 2922 1088 2976 timor
1119 2929 1295 2974 autem
1334 2925 1710 2986 praeceptorum
1750 2913 1976 2982 iudicem
2005 2909 2162 2964 habet

603 3016 792 3086 legem.
821 3015 920 3082 Qui
951 3027 1077 3083 ergo
1100 3027 1219 3066 cum
1246 3011 1432 3066 timore
1467 3009 1666 3064 accedit
1701 3007 1766 3062 ad
1797 3008 1987 3075 legem,
2014 3014 2066 3058 et
2093 3003 2157 3057 ad

603 3101 772 3160 Deum
811 3105 942 3173 legis
987 3103 1244 3166 datorem,
1290 3102 1335 3155 is
1373 3101 1506 3154 inter
1544 3108 1752 3152 sanctos
1794 3106 2062 3160 versatur,
2105 3105 2157 3148 et

600 3193 754 3262 iustis
777 3191 1124 3255 adscribitur;
1164 3198 1347 3244 contra
1383 3189 1469 3257 qui
1505 3189 1744 3241 timorem
1789 3188 1878 3241 Dei
1910 3186 2157 3240 audacter

601 3280 920 3353 aggreditur,
949 3289 1002 3333 et
1039 3295 1157 3333 cum
1197 3278 1494 3348 arrogantia
1529 3277 1593 3331 ad
1619 3277 1846 3331 divinam
1875 3278 2038 3344 legem
2064 3289 2155 3328 ac-

599 3370 761 3435 cedit,
793 3369 836 3423 is
861 3369 1024 3438 gratia
1052 3382 1158 3422 non
1185 3369 1446 3438 dignatur,
1478 3368 1585 3421 imo
1619 3377 1672 3421 et
1693 3383 1719 3419 a
1751 3368 1943 3434 pietate
1972 3365 2154 3432 expel-

602 3457 744 3513 litur.
793 3457 915 3512 ideo
955 3458 1043 3526 qui
1077 3472 1195 3511 eum
1233 3458 1422 3512 timore
1451 3465 1504 3510 et
1530 3457 1790 3511 desiderio
1817 3455 1880 3509 ad
1925 3455 2151 3509 divinam

600 3544 765 3617 legem
796 3547 1067 3612 accedunt,
1099 3547 1150 3602 hi
1178 3557 1320 3602 recte
1357 3548 1573 3600 omnino
1601 3547 1856 3601 docentur
1882 3558 1932 3600 et
1954 3545 2150 3599 illumi-

599 3646 808 3700 nantur,
840 3648 893 3690 et
930 3637 995 3690 ab
1026 3636 1137 3705 ipsa
1175 3637 1393 3691 veritate
1422 3635 1485 3689 ad
1515 3650 1689 3690 veram
1730 3631 2031 3704 religionem
2072 3635 2151 3688 in-

599 3727 885 3780 stituuntur
915 3745 927 3780 :
959 3727 1192 3780 incidunt
1219 3726 1358 3780 enim
1402 3726 1453 3778 in
1494 3726 1660 3793 ipsum
1690 3727 1925 3779 veritatis
1951 3725 2146 3778 fontem

596 3816 853 3879 dicentes,
882 3811 1177 3870 Benedictus
1198 3833 1267 3877 es,
1302 3815 1552 3880 Domine;
1575 3816 1697 3868 doce
1732 3833 1808 3867 me
1822 3816 2145 3884 jnstiﬁcatio-

595 3918 682 3961 nes
727 3917 839 3960 tuas
860 3902 1025 3978 (Psal.
1060 3905 1179 3960 “8.
1212 3906 1322 3975 l2).
1355 3904 1546 3960 Verum
1586 3905 1773 3971 sancti,
1813 3905 1900 3973 qui
1945 3905 2014 3957 ita
2053 3904 2143 3972 pii,

595 4000 666 4053 ita
705 3999 932 4068 religiosi
971 4007 1111 4063 sunt,
1147 3999 1224 4052 sic
1253 3997 1524 4051 veritatem
1551 3996 1616 4049 ab
1644 3997 1750 4064 ipsa
1782 3997 2001 4050 veritate
2034 3996 2146 4050 edi-

592 4097 774 4151 scunt;
803 4097 852 4139 at
874 4087 1108 4139 veritatis
1129 4086 1344 4151 inimici,
1364 4087 1469 4140 imo
1484 4087 1655 4155 potius
1677 4086 1795 4138 vita:
1815 4100 1921 4139 suae
1944 4086 2138 4151 hostes,

591 4177 937 4246 arrogantiam
959 4185 1012 4231 et
1035 4175 1224 4230 fastum
1251 4174 1566 4243 simplicitati
1591 4174 1944 4242 praeferentes,
1969 4183 2144 4242 tyran-

591 4267 714 4321 nico
737 4267 914 4321 habitu
953 4265 1189 4320 veritatis
1236 4265 1503 4319 doctorem
1554 4265 1766 4318 adeunt.
1819 4264 1966 4331 Quod
2015 4281 2142 4320 sane

587 4355 826 4411 fecerunt
845 4356 1032 4420 Judaei,
1060 4365 1117 4409 ut
1143 4372 1206 4411 ex
1227 4353 1538 4425 evangelicis
1555 4355 1707 4409 dictis
1732 4355 1889 4409 modo
1904 4356 2138 4409 audistis.

586 4441 796 4501 Etenim
826 4445 1100 4499 Dominum
1127 4454 1364 4498 nostrum
1379 4445 1575 4507 Jesum,
1601 4446 1793 4514 Regem
1817 4455 2134 4506 sanctorum,

583 4535 637 4589 in
669 4536 864 4606 templo
887 4544 1204 4601 versantem,
1229 4535 1279 4588 in
1306 4535 1420 4603 ipso
1439 4536 1632 4602 templo
1651 4537 1863 4596 adeunt,
1891 4551 1992 4588 non
2020 4550 2137 4588 eum

583 4642 670 4693 eo,
697 4643 852 4696 quem
879 4627 1114 4690 decebat,
1144 4627 1351 4689 timore,
1383 4643 1486 4678 non
1517 4636 1571 4679 ut
1595 4627 1768 4679 famuli
1796 4627 2001 4690 herum,
2031 4644 2135 4682 non

643 4733 658 4764 ι
702 4731 846 4780 Juxta
890 4731 1058 4788 Cyrill.
1105 4730 1249 4778 Alex.
1297 4729 1416 4778 edit.
1461 4732 1569 4778 adv.
1614 4729 2134 4790 Anthropomorphitas

580 4800 683 4852 cap.
711 4791 766 4853 li?
794 4790 973 4853 {wifes
1013 4790 1188 4853 Kupigu
1226 4792 1386 4853 ἁγνὸς.
1421 4792 1688 4853 τουτέστιγ,
1717 4791 2134 4853 471001!_Qt6;._lit3-

580 4849 709 4899 ctius
730 4849 843 4899 Cod.
872 4849 1184 4912 Deg.»10'26:
1211 4851 1350 4912 φόϐος
1384 4852 1572 4912 Κυρίου.
1599 4849 1703 4909 Q'uo
1729 4849 1779 4897 in
1817 4849 1981 4897 codice
2009 4851 2133 4912 liber

581 4913 681 4959 iste
699 4912 842 4971 titulo
871 4910 962 4971 hpe
991 4910 1200 4971 donatur
1231 4923 1251 4971 εί
1274 4910 1504 4964 ἐπιλύσείς
1538 4913 1830 4971 δογματικῶν
1859 4911 2134 4971 ζητημάτων

585 4970 818 5032 Κνρίλ).ου
839 4968 922 5016 τοῦ
944 4968 1610 5032 ὁιγιωτοὶτουγόιρχεειιτισγιιόπου⁷
1626 4968 1631 4970 ⁷
1645 4968 2001 5032 Ἀλεξανδρείας.
2033 4970 2133 5014 ἐπι-

587 5032 871 5090 ζητηθέντῳν
908 5031 1034 5090 παρὰ
1069 5031 1283 5089 Τιϐερίου
1325 5031 1542 5076 διακόνου
1571 5032 1649 5076 καὶ
1681 5037 1761 5087 τῆς
1789 5031 2096 5090 ἀδελφότητος
2121 5042 2130 5052 ·

586 5097 672 5162 aut
706 5105 718 5136 :
755 5088 840 5136 τοῦ
885 5088 1018 5162 ἀγίρ
1036 5088 1286 5162 ,Κκςρίλξου
1329 5092 1559 5162 ξπιλύσειις
1597 5093 1690 5160 τῷν
1729 5088 2134 5162 ’τερρσενὲχθεισῷν

585 5151 796 5222 Ξεύςξξῳν
824 5149 949 5222 ποιρρ
972 5149 1184 5222 ’Ῑλξὸξρίου
1212 5150 1426 5222 dimidiati
1465 5153 1544 5196 καὶ
1586 5152 1682 5196 τῶν
1721 5149 1929 5211 ἀδελφῶν
2003 5154 2087 5196 aut
2119 5162 2129 5194 :

586 5211 819 5273 Κυρίλλου
843 5210 956 5270 πρὸς
986 5210 1212 5269 Τιϐέριον.
1239 5210 1451 5273 Coteler.

646 5267 720 5338 (ἀ)
754 5267 1026 5338 Orationem
1051 5267 1188 5329 hanc,
1214 5271 1509 5338 genuinum,
1547 5277 1599 5317 ut
1623 5267 1837 5338 videtur,
1863 5267 2030 5313 summi
2049 5267 2132 5338 d_o_-

583 5327 727 5388 ctoris
750 5350 885 5398 opus,
907 5335 1105 5398 prolem
1126 5327 1424 5398 magnoper]
1461 5327 2130 5398 planeniuﬂciandamnp‘arenti,

584 5387 796 5448 habitam
831 5387 976 5445 fuisse
1000 5387 1264 5442 Antiochia)
1299 5390 1411 5436 illud
1435 5387 1643 5438 ostendit
1663 5423 1677 5446 ,
1711 5388 1834 5448 quod
1868 5387 1923 5448 ad
1953 5387 2127 5446 ﬁnem,

586 5447 727 5522 prout
768 5457 920 5522 solet,
959 5456 1020 5503 de
1037 5452 1293 5522 "communi
1334 5459 1464 5522 patre
1502 5449 1854 5522 seu_e[n_st:opo
1891 5447 2129 5522 loquitur,

585 5510 760 5580 nempe
784 5510 1011 5564 Flaviano.
1033 5521 1286 5574 Bxceptam
1311 5510 1462 5571 potius
1483 5510 1771 5580 crediderim
1804 5521 1863 5554 ex
1896 5520 1998 5578 ore.
2017 5521 2131 5577 per-

585 5571 792 5636 orauiis,
839 5586 979 5638 quam
1009 5588 1046 5638 a7
1068 5571 1208 5621 manu
1232 5573 1566 5638 componentis
1599 5571 1883 5630 profectam;
1916 5571 2001 5615 nisi
2025 5574 2131 5629 quis

588 5635 920 5700 lniorpolatiru
942 5635 1089 5684 malit.
1115 5636 1312 5682 ('oteler.

2271 2557 2328 2601 ut
2355 2544 2593 2603 homines
2616 2544 2813 2614 Deum;
2841 2547 2934 2606 sed
2959 2566 3131 2622 neque.
3149 2561 3209 2609 ut
3230 2555 3467 2628 discipuli
3499 2563 3822 2634 magistrum.

2269 2635 2465 2691 lnimlci
2493 2640 2748 2704 veritatis,
2771 2649 2824 2694 et
2844 2643 3089 2710 nequitiae
3112 2645 3459 2715 indagatorcs,
3485 2667 3632 2705 suam
3653 2667 3824 2711 osten-

2267 2725 2452 2780 dentes
2489 2726 2899 2794 malignitatem,
2947 2731 3186 2786 humanis
3227 2737 3510 2792 ratiociniis
3541 2757 3822 2810 supernam

2267 2816 2575 2884 sapientiam
2612 2819 2988 2873 circumvenire
3032 2824 3377 2879 conabantur.
3417 2829 3548 2881 Nam
3577 2834 3648 2885 ait
3683 2852 3694 2885 :
3726 2837 3821 2888 .4:-

2264 2913 2511 2958 cesserunt
2538 2907 2588 2958 in
2619 2909 2801 2973 templo
2829 2910 2894 2960 ad
2918 2907 3091 2963 Jesum
3119 2915 3391 2970 sacerdotes
3414 2928 3458 2969 et
3484 2922 3705 2976 seniores
3729 2942 3820 2991 po-

2264 2996 2370 3062 puli
2409 2995 2621 3049 dicentes
2647 3011 2666 3049 :
2692 2995 2758 3049 In
2793 3014 2890 3065 qua
2928 3009 3162 3064 potestate
3199 3003 3304 3056 lites
3329 3006 3496 3074 facis?
3527 3019 3576 3061 et
3604 3014 3715 3079 quis
3739 3015 3819 3066 tibi

2262 3080 2396 3135 dedit
2432 3083 2562 3136 hanc
2603 3092 2882 3152 potestatem
2907 3084 3112 3155 (Matth.
3139 3088 3227 3142 2|.
3262 3090 3395 3160 23)?
3427 3094 3470 3147 Ο
3505 3111 3601 3149 cor
3629 3100 3816 3156 timore

2263 3169 2597 3225 destitutum!
2628 3173 2801 3242 qualia
2840 3173 3015 3238 audet,
3055 3177 3224 3245 qualia
3268 3178 3527 3248 loquitur!
3563 3197 3814 3250 quantum

2259 3261 2552 3327 arrogantia
2579 3261 2876 3314 extollitur!
2905 3261 2948 3316 0
2986 3264 3339 3332 improborum
3368 3269 3756 3339 insipientiam!
3785 3293 3813 3326 υ

2259 3347 2552 3402 Senatoris
2595 3350 2958 3405 clementiam!
3005 3353 3124 3406 Hanc
3164 3356 3391 3424 loquitur
3435 3360 3633 3426 lutum,
3677 3373 3731 3417 et
3763 3367 3809 3418 id

2259 3439 2443 3508 figulus
2470 3442 2663 3508 patitur
2699 3457 2712 3492 :
2756 3442 2970 3509 erigitur
3016 3453 3197 3498 contra
3241 3447 3487 3514 Opificem
3519 3453 3808 3518 opificium,

2255 3536 2309 3582 et
2337 3527 2387 3582 id
2411 3528 2598 3583 tolerat
2627 3530 2897 3585 Beneﬁcus
2938 3534 3130 3586 nemini
3158 3533 3411 3588 obnoxius
3435 3554 3448 3589 :
3478 3539 3734 3594 rationem
3759 3551 3809 3594 ct

2253 3619 2468 3673 verbum
2512 3629 2754 3687 repetunt
2791 3637 2820 3674 a
2867 3621 2954 3675 Dei
3000 3622 3206 3689 Verbo,
3246 3634 3296 3680 et
3343 3635 3654 3695 potestatem
3693 3635 3808 3698 ejus

2253 3708 2458 3762 curiose
2484 3710 2805 3778 perquirunt,
2837 3725 2950 3779 qua:
2980 3719 3057 3764 est
3083 3713 3406 3766 auctoritatis
3435 3717 3661 3769 culmen.
3702 3719 3806 3786 0p-

2253 3809 2475 3867 portune
2499 3799 2733 3853 dicamus
2763 3800 2874 3853 haec
2901 3802 3149 3869 sapientis
3174 3803 3362 3856 verba:
3392 3804 3437 3858 Ο
3465 3806 3639 3870 homo,
3670 3809 3805 3874 Quid

2251 3889 2466 3953 superbit
2495 3899 2624 3942 terra
2653 3900 2698 3942 et
2723 3891 2842 3943 cinis
2867 3891 3055 3959 (Eccle.
3083 3893 3164 3946 l0.
3189 3893 3281 3961 9)?
3302 3895 3460 3946 Deum
3489 3899 3801 3966 interrogas,

2250 3987 2296 4031 et
2329 3979 2551 4047 requiris
2575 3980 2641 4033 ab
2667 3980 2756 4034 illo
2787 3981 3038 4035 rationem
3069 3998 3249 4035 eorum
3277 3999 3391 4052 qua:
3421 3997 3686 4053 operatur,
3711 4005 3803 4040 an-

2247 4067 2443 4136 desque
2469 4081 2747 4135 supernam
2781 4069 2918 4122 illam
2945 4080 3252 4138 potestatem
3287 4073 3362 4126 sic
3391 4073 3534 4126 affari
3567 4093 3581 4127 :
3614 4076 3679 4128 In
3704 4095 3804 4142 qua

2248 4165 2481 4223 potestate
2504 4158 2606 4210 Ita’c
2627 4159 2789 4226 facis?
2813 4159 2917 4212 Cur
2937 4159 3076 4211 illum
3106 4161 3410 4230 interrogas,
3435 4179 3603 4231 neque
3628 4167 3799 4234 ipsam

2247 4260 2421 4298 rerum
2451 4247 2694 4300 virtutem
2725 4247 3007 4313 exploras?
3032 4247 3275 4302 Scrutare
3304 4250 3416 4318 ipse
3441 4251 3721 4320 diligenter
3748 4258 3799 4309 in

2246 4333 2450 4385 occulto
2481 4334 2667 4387 anima:
2697 4345 2902 4397 senatu,
2932 4337 3195 4405 explorata
3234 4354 3402 4392 rerum
3436 4352 3633 4405 natura,
3667 4360 3798 4398 num

2245 4439 2359 4489 qutc
2390 4423 2516 4475 fiunt
2539 4424 2746 4476 humani
2769 4423 2969 4478 consilii
2997 4427 3118 4490 sint,
3142 4443 3205 4481 an
3233 4428 3419 4481 divinte
3444 4433 3794 4500 auctoritatis,

2245 4512 2492 4577 pr:eclara
2538 4527 2724 4580 nempe
2765 4513 2850 4565 illa
2886 4514 3085 4567 Domini
3115 4526 3277 4584 gesta.
3307 4517 3561 4586 Interroga
3589 4530 3798 4576 natura:

2243 4600 2403 4668 leges,
2434 4604 2702 4668 potestatis
2729 4604 2999 4668 terminos,
3034 4605 3324 4674 seriemque
3353 4607 3746 4662 ratiociniorum
3780 4630 3793 4665 :

2239 4706 2341 4759 qua
2384 4702 2637 4757 potestate
2678 4693 2930 4746 suscitare
2967 4704 3200 4747 mortuos
3235 4704 3446 4764 potest:
3493 4679 3792 4763 hominum,

2240 4794 2302 4832 an
2335 4781 2460 4832 Dei?
2499 4783 2624 4847 Quis
2663 4792 2830 4850 potest
2868 4784 3102 4850 leprosos
3139 4785 3409 4850 mundare,
3441 4789 3649 4840 morbos
3679 4789 3795 4854 pel-

2238 4868 2375 4932 lere,
2433 4887 2741 4936 onmemqne
2787 4872 2973 4924 animae
3011 4875 3347 4941 corporisque
3395 4875 3628 4926 morbum
3672 4876 3795 4929 solo

2239 4961 2400 5013 verbo
2430 4961 2649 5014 tollere?
2673 4962 2886 5024 Deinde,
2919 4963 3033 5030 quis
3061 4973 3228 5031 potest
3253 4979 3314 5017 ex
3346 4965 3452 5017 luto
3477 4965 3652 5016 oculos
3685 4964 3796 5017 for—

2235 5061 2399 5110 mare,
2431 5049 2562 5101 Deus
2588 5065 2652 5101 an
2685 5051 2840 5102 homo
2861 5051 2881 5102 ?
2902 5051 3004 5103 Cur
3022 5067 3120 5104 non
3152 5053 3312 5119 ipsam
3341 5069 3512 5106 rerum
3543 5063 3791 5107 naturam

2235 5135 2542 5205 interrogas,
2583 5138 2674 5191 sed
2718 5139 2963 5191 audacter
3008 5139 3254 5207 Opificem
3295 5143 3536 5210 exploras
3578 5141 3788 5206 dicens,

2231 5224 2295 5276 In
2325 5243 2420 5288 qua
2450 5237 2682 5295 potestate
2717 5229 2820 5278 lucc
2841 5228 3004 5294 facis?
3033 5229 3219 5282 lterum
3255 5232 3394 5282 enim
3418 5230 3570 5282 verba
3601 5242 3792 5297 repeto

2230 5332 2432 5378 corum,
2467 5319 2552 5384 qui
2574 5318 2746 5369 omnia
2775 5317 2925 5371 facile
2953 5319 3164 5385 audent,
3202 5322 3288 5389 qui
3320 5337 3347 5372 a
3375 5321 3548 5374 Verbo
3575 5321 3665 5375 Dei
3704 5340 3791 5376 ra-

2230 5407 2424 5459 tionem
2445 5415 2703 5474 repetunt,
2734 5417 2784 5459 et
2809 5409 3090 5461 ratiociniis
3117 5410 3548 5463 circumscribere
3578 5420 3790 5466 tentant

2228 5511 2366 5559 eum,
2396 5496 2480 5562 qui
2522 5495 2916 5562 comprehendit
2959 5499 3221 5567 sapientes
3264 5500 3314 5551 in
3365 5501 3552 5554 astutia
3597 5517 3786 5557 eorum

2229 5585 2301 5649 (l.
2336 5584 2450 5636 Cor.
2483 5584 2534 5634 3.
2570 5583 2677 5651 19).
2707 5585 2752 5639 0
2773 5585 3115 5641 dementiam!
3163 5587 3269 5640 Deo
3301 5587 3468 5643 Verbo
3501 5592 3785 5661 experien-
