3982 6218
172 363 283 416 411

1146 343 1209 397 IN
1253 342 1476 410 ILLUD,
1518 344 1584 398 ΙΝ
1622 343 1758 412 0οΑ
1799 345 2224 415 POTESTATE,
2265 347 2415 404 ETC.

199 624 3374 673 Μ

908 1012 1130 1098 ΤΟΥ
1201 1017 1338 1098 ΕΝ
1411 1017 1766 1102 ΑΓΙΟΙΣ
1841 1017 2264 1101 ΠΑΤΡοΣ
2337 1017 2651 1102 ΗΜΩΝ

175 1323 698 1494 ΙΩΑΝ
727 1326 1180 1495 ΝΟΥ
1238 1328 1670 1495 ΤΟΥ
1708 1328 3376 1499 ΧΡΥΣΟΣΤΟΜΟΥ

757 1729 993 1839 ΕΙΣ
1065 1727 1268 1840 ΤΟ
1355 1727 1733 1840 PHTC

1836 1729 1865 1837 ι
1963 1727 2166 1840 ΤΟ
2243 1722 2798 1866 ΑΕΓΟΝ,

1263 2021 1361 2071 Ἐν
1397 2021 1538 2085 ποίᾳ
1574 2021 1819 2084 ἐξουσίᾳ
1860 2020 2040 2072 ταῦτα
2079 2018 2298 2082 ποιεῖς

254 2981 325 3029 α’,
357 2975 522 3045 Ἀρχὴ
570 2975 838 3046 σωτηρίας
875 2973 1169 3044 ἀνθρώπων
1206 2973 1233 3026 6
1266 2973 1355 3026 τἰὖ
1388 2973 1519 3026 Θεοῧ
1551 2975 1728 3042 φόϐος·

181 3062 281 3114 καὶ
317 3060 436 3130 ῥίζα
465 3061 678 3112 πάντων
704 3061 809 3112 τῶν
839 3060 896 3110 ὲν
929 3061 1054 3126 ἡμῖν
1075 3059 1292 3124 ἀγαθῶν
1324 3061 1350 3110 6
1376 3057 1466 3109 τοῦ
1497 3057 1625 3109 Θεοῦ
1648 3060 1733 3109 νό-

188 3163 310 3214 μης,
335 3146 454 3196 οὔτε
487 3145 540 3197 δὲ
569 3144 700 3196 Θεοῦ
731 3145 888 3213 νόμος
915 3145 1038 3196 ἀνευ
1065 3143 1247 3210 φόϐου,
1276 3143 1396 3194 οὗτε
1429 3143 1584 3209 φόϐος
1608 3143 1730 3194 ἄνευ

189 3232 372 3296 νόμου.
420 3231 476 3281 Ὀ
522 3229 628 3298 γὰρ
682 3228 840 3296 νόμος
896 3227 1000 3278 τῶν
1050 3227 1428 3294 ἐπιταγμάτων
1461 3228 1732 3296 ὑπηρέτην

185 3323 300 3382 εχει
334 3315 421 3366 τὸν
450 3313 606 3380 φόϐον
631 3329 644 3342 ⁸
667 3315 694 3366 6
729 3313 782 3364 δὲ
829 3312 986 3381 φόϐος
1020 3312 1126 3364 τῶν
1156 3315 1628 3381 προστεταγμένων
1657 3311 1732 3362 δι-

188 3401 396 3469 καστὴν
424 3400 533 3468 ἔχει
578 3399 666 3452 τὸν
701 3399 878 3468 νόμον.
942 3399 999 3450 Ὀ
1047 3399 1141 3468 μὲν
1168 3394 1257 3451 οὖν
1308 3399 1452 3468 φόϐῳ
1483 3399 1557 3468 τῷ
1587 3400 1732 3468 νόμῳ

187 3487 636 3555 προσερχόμενοι,
665 3487 757 3538 καὶ
800 3485 873 3552 τῷ
908 3483 998 3536 τὸν
1042 3485 1200 3553 νόμον
1226 3485 1361 3536 δόντι
1393 3484 1526 3553 Θεῷ,
1562 3485 1732 3551 ἁγίοις

187 3571 613 3638 ἑμπολιτεύεται,
649 3570 740 3622 καὶ
781 3571 943 3632 ὁσίοις
995 3570 1359 3639 ἀναγράφεται
1382 3585 1394 3598 ·
1426 3571 1453 3620 6
1478 3570 1532 3620 δὲ
1566 3587 1732 3623 κατα-

185 3654 402 3722 τολμῶν
429 3654 520 3705 τοῦ
555 3654 695 3704 θείου
728 3652 910 3718 φόϐου,
945 3654 1036 3705 καὶ
1068 3653 1202 3722 μετά
1236 3654 1540 3716 ἀλαζονείας
1570 3671 1732 3724 προσ-

189 3738 409 3807 έρχεται
435 3736 509 3804 τῷ
551 3735 676 3805 θείῳ
726 3737 890 3805 νόμῳ,
921 3737 1039 3788 οὔτε
1083 3739 1176 3805 τῆς
1227 3738 1440 3806 χάριτος
1471 3739 1727 3801 ἀξιοῦται,

187 3821 329 3873 ἀλλά
352 3819 443 3872 καὶ
473 3820 567 3888 τῆς
598 3820 869 3882 εὐσεϐείας
900 3821 1228 3873 ἐκϐάλλεται.
1264 3824 1360 3874 Διά
1385 3823 1535 3874 τοῦτο
1564 3825 1611 3873 οἱ
1635 3825 1731 3892 μὲν

189 3906 340 3976 φόϐῳ
363 3909 454 3960 καὶ
490 3906 628 3976 πόθῳ
663 3907 968 3977 προσιόντες
1000 3909 1073 3976 τῷ
1099 3909 1222 3978 θείῳ
1263 3911 1428 3978 νόμῳ,
1463 3911 1596 3978 μετά
1627 3912 1730 3964 πά-

189 4012 292 4063 σης
318 3993 603 4063 εὐθύτητος
634 3993 963 4047 διδάσκονται
996 3996 1086 4046 καὶ
1119 3996 1455 4062 φωτίζονται,
1483 3997 1573 4049 καὶ
1605 3997 1730 4068 παρ’

187 4082 360 4149 αὐτῆς
381 4080 477 4147 τῆς
502 4079 750 4148 ἀληθείας
775 4080 940 4149 αὐτὴν
966 4081 1294 4133 παιδεύονται
1317 4083 1413 4150 τὴν
1436 4082 1728 4135 εὐσέϐειαν·

189 4166 552 4219 ὑποπίπτουσι
585 4166 691 4232 γάρ
715 4165 844 4234 αὐτῇ
875 4168 938 4234 τῇ
973 4169 1116 4234 πηγῇ
1148 4165 1246 4233 τῆς
1271 4165 1538 4234 ἀληθείας,
1564 4166 1731 4232 λέγον·

185 4269 281 4315 τες
300 4270 313 4282 ³
355 4252 691 4322 Εὐλογητὸς
715 4249 785 4313 εἴ,
813 4253 1014 4318 Κύριε·
1038 4253 1282 4317 δίδαξόν
1301 4271 1374 4321 με
1407 4254 1476 4306 τὰ
1504 4254 1732 4306 δικαιώ-

187 4342 346 4408 ματά
373 4357 504 4392 σου.
557 4338 690 4390 Ἀλλ’
723 4339 770 4391 οἱ
803 4339 896 4406 μὲν
922 4339 1060 4404 ἆγιοι
1091 4337 1258 4402 οὕτως
1304 4340 1562 4402 εὐλαϐεῖς,
1597 4341 1735 4392 οὕτω

190 4425 448 4494 φιλόθεοι,
506 4422 644 4475 οὓτω
682 4426 806 4491 παρ’
840 4423 1006 4490 αὐτῆς
1053 4425 1218 4492 αὐτὴν
1273 4424 1592 4492 μανθάνουσι
1639 4423 1734 4492 τὴν

190 4510 446 4579 ἀλήθειαν
467 4526 479 4540 ο
502 4513 548 4562 οί
580 4509 634 4562 δὲ
663 4509 760 4577 τῆς
809 4509 1058 4578 ἀληθείας
1101 4510 1299 4578 ἐχθροὶ,
1333 4510 1528 4578 μᾶλλον
1554 4511 1607 4562 δὲ
1639 4511 1736 4578 τῆς

192 4597 404 4652 ἑαυτῶν
431 4596 573 4664 ζωῆς
621 4597 876 4662 πολέμιοι,
937 4596 1246 4659 ἀλαζονείαν
1281 4597 1370 4647 καὶ
1421 4597 1585 4662 τῦφον
1638 4597 1735 4664 τῆς

193 4684 492 4751 ἁπλότητος
525 4685 966 4751 προτιμήσαντες,
995 4682 1290 4750 τυραννικῷ
1321 4684 1550 4749 σχήματι
1573 4698 1735 4750 προσ-

193 4772 444 4839 έρχονται
471 4769 546 4836 τῷ
568 4767 663 4835 τῆς
693 4766 966 4826 εὐσεϐείας
994 4766 1307 4834 διδασκάλῳ.
1341 4770 1400 4816 Ὃ
1422 4767 1483 4834 δὴ
1514 4766 1737 4833 πεποιή-

193 4871 327 4908 κασι
357 4853 447 4905 καλ⁴
485 4853 746 4904 Ἰουδαίων
795 4852 993 4912 παῖδες,
1025 4852 1095 4912 ὼς
1128 4853 1322 4919 ἀρτίως
1355 4853 1417 4902 ἐκ
1450 4851 1554 4903 τῶν
1579 4852 1737 4916 εὐαγ-

193 4939 428 5008 γελικῶν
447 4938 614 5003 λόγων
643 4936 925 5005 ἀκηκόατε.
973 4934 1059 5003 Τῷ
1094 4936 1198 5004 γὰρ
1233 4935 1416 5002 Κυρίῳ
1445 4935 1598 5002 ἡμῶν
1635 4935 1736 5002 Ίη-

197 5026 316 5084 σοῦ,
340 5021 416 5090 τῷ
447 5021 648 5089 βασιλεῖ
673 5024 774 5070 τῶν
804 5021 987 5086 ἁγίων,
1015 5019 1387 5086 ὲνδιατρίϐοντι
1412 5020 1466 5068 ἐν
1499 5019 1574 5088 τῷ
1606 5019 1736 5087 ναῷ,

197 5111 585 5182 προσέρχονται
607 5107 660 5156 ὲν
688 5104 829 5172 αὐτῷ
855 5105 930 5172 τῷ
962 5105 1091 5172 ναῷ,
1124 5107 1180 5156 οὐ
1217 5106 1349 5172 μετά
1374 5105 1464 5155 τοῦ
1507 5106 1739 5172 πρέπον-

193 5215 289 5259 τος
336 5196 494 5262 φόϐου
521 5232 534 5254 ,
568 5193 662 5260 οὐχ
695 5189 840 5262 [M8]
872 5191 944 5251 ὡς
996 5190 1194 5242 οἰκέται
1231 5190 1456 5258 δεσπότῃ
1483 5231 1494 5250 ,
1532 5191 1626 5258 οὐχ
1666 5191 1739 5254 ῶς

195 5282 472 5348 ἄνθρωποι
521 5277 652 5344 Θεῷ,
715 5274 819 5328 ἀλλ’
854 5275 968 5325 οὐδὲ
1007 5276 1078 5336 ὡς
1130 5275 1359 5343 μαθηταὶ
1421 5275 1735 5344 διδασκάλῳ.

211 5365 426 5432 Ἑχθροὶ
462 5363 554 5430 τῆς
589 5359 856 5428 ἀληθείας,
887 5359 974 5409 καὶ
1004 5360 1230 5426 θηραταί
1256 5359 1466 5422 κακίας,
1501 5361 1595 5429 τὴν
1626 5364 1741 5413 ἑαυ-

197 5447 308 5500 ττῦν
340 5446 723 5512 ἐνδεικνύμενοι
757 5443 1032 5510 πονηρίαν,
1074 5444 1343 5512 λογισμοῖς
1388 5446 1739 5515 ἀνθρωπίνοις

199 5530 495 5599 ἐπειρῶντο
527 5529 873 5598 περιγράφειν
905 5526 998 5593 τὴν
1022 5528 1205 5592 σοφίαν
1231 5530 1325 5596 τὴν
1355 5531 1450 5581 (me
1464 5533 1734 5598 ρκόσμιον.

200 5612 558 5686 Προσῆλθον
583 5614 708 5682 γὰρ,
739 5612 898 5681 φησὶν
922 5650 936 5674 ,
967 5611 1033 5664 ἐν
1073 5611 1149 5674 τῷ
1172 5613 1298 5677 ἱερῷ
1331 5613 1407 5677 τῷ
1457 5617 1644 5681 Ἰησοῦ
1687 5619 1738 5668 οι

1835 2971 2007 3037 ἱερεῖς
2030 2973 2121 3023 καὶ
2152 2975 2205 3024 οἱ
2229 2975 2605 3040 πρεσϐύτεροι
2632 2973 2733 3028 τοῦ
2751 2974 2901 3028 ,ιαοῦ
2927 2976 3199 3043 λέγοντες
3217 2989 3231 3007 ⁸
3278 2977 3380 3032 Ἕν

1832 3057 1972 3123 ποίᾳ
2017 3056 2262 3123 ἐξουσίᾳ
2300 3059 2478 3110 ταῦτα
2504 3059 2687 3124 ποιεῖς
2711 3075 2730 3122 ;
2771 3061 2867 3111 καὶ
2914 3062 3001 3124 τίς
3048 3077 3143 3112 σοι
3194 3060 3376 3114 ἔδωκε

1832 3141 1944 3205 τὴν
1967 3140 2254 3202 ἐξουσίαν
2282 3143 2536 3208 ταύτην;
2570 3145 2631 3194 Ὢ
2656 3146 2750 3211 τῆς
2779 3145 2976 3211 ἀφόδου
3007 3146 3253 3214 καρδίαςί
3277 3148 3377 3200 ὅσα.

1831 3224 2026 3294 τολμᾷῑ
2055 3227 2150 3277 ὅσα
2177 3227 2493 3294 φθέγγεταιί
2520 3229 2618 3278 ὅσα
2642 3228 2772 3296 πρὸς
2797 3228 3105 3292 ἀλαζονείαν
3137 3231 3371 3300 αῖρεταιί

1836 3309 1898 3360 Ὢ
1931 3311 2028 3378 τῆς
2055 3312 2159 3361 τῶν
2202 3311 2447 3380 πονηρῶν
2497 3312 2712 3374 ἀνοίαςῐ
2767 3312 2811 3363 ῶ
2860 3314 2957 3380 τῆς
2995 3315 3085 3366 τοῦ
3131 3316 3376 3384 Σωτῆρος

1832 3394 2197 3456 ἀνεξικακὶαςι
2233 3395 2517 3462 Φθέγγεται
2541 3395 2759 3447 τοιαῦτα
2792 3397 2974 3464 πηλὸς,
3007 3399 3098 3449 καὶ
3131 3400 3374 3466 ἀνέχεται

1831 3482 1859 3532 6
1887 3480 2124 3549 πλάστης
2144 3495 2156 3508 °
2188 3481 2464 3550 ἐπαίρεται
2490 3482 2628 3533 κατά
2664 3480 2754 3532 τοῦ
2787 3482 3114 3551 δημιουργοῦ
3150 3483 3206 3534 τὸ
3238 3483 3373 3534 πλά-

1834 3583 1963 3635 σμα,
1995 3569 2085 3618 καὶ
2105 3567 2409 3629 ἀνεξικακιῐ
2436 3571 2463 3619 6
2496 3568 2783 3637 εὐεργέτης
2816 3570 2842 3619 6
2864 3567 3146 3630 ἀνεύθυνος
3170 3585 3182 3598 ·
3215 3571 3375 3622 ἀπαι-

1830 3651 1979 3703 τοῦσι
2005 3652 2156 3716 λόγον
2185 3652 2330 3718 παρά
2351 3651 2440 3704 τοῦ
2475 3652 2606 3704 Θεοῦ
2637 3653 2828 3718 Λόγου,
2874 3653 2963 3704 καὶ
3001 3653 3096 3721 τὴν
3133 3655 3374 3717 ἐξουσίαν

1834 3739 2359 3806 πολυπραγμονοῦσι,
2395 3739 2492 3806 τὴν
2527 3740 2764 3808 κορυφὴν
2796 3740 2890 3807 τῆς
2940 3741 3231 3801 αὐθεντίας.
3287 3743 3374 3794 Εἴ-

1835 3840 2019 3890 πωμεν
2047 3823 2306 3890 εὐκαίρως
2330 3823 2416 3874 καὶ
2443 3825 2599 3892 ἡμεῖς
2624 3823 2689 3874 τά
2719 3824 2810 3874 τοῦ
2847 3825 3007 3892 σοφοῦ
3032 3842 3045 3854 ’
3078 3822 3146 3876 ’Ὦ
3174 3827 3376 3895 ἀνθρω-

1833 3929 1920 3971 πε,
1949 3911 2011 3963 Τί
2032 3908 2364 3969 ἀλοζονεύει
2394 3910 2467 3978 γῆ
2492 3911 2585 3965 καί
2611 3911 2862 3976 σποδός;
2893 3913 3020 3964 Θεὸν
3040 3915 3262 3983 ἐρωτᾷς,
3280 3915 3372 3967 καὶ

1832 3998 1984 4064 λόγον
2018 3999 2256 4058 ἀπαιτεῖς
2289 3998 2414 4065 παρ’
2443 3997 2601 4048 αὐτοῦ
2626 3998 2729 4049 τῶν
2755 3998 2894 4050 ἰδίων
2915 3999 3106 4068 ἔργων,
3141 4001 3232 4051 καὶ
3255 4001 3371 4051 τολ-

1838 4084 1940 4152 μ’ᾷῖ
1977 4081 2152 4146 λέγειν
2200 4083 2332 4151 πρὸς
2382 4082 2476 4150 τὴν
2522 4081 2882 4151 ὑπερκόσμιον
2939 4084 3217 4146 ἐξουσίαν’
3273 4086 3374 4138 Ἐν

1836 4168 1973 4232 ποίᾳ
2023 4167 2264 4232 ἐξουσίᾳ
2294 4166 2474 4217 ταῦτα
2502 4165 2720 4228 ποιε7ς;
2754 4163 2901 4218 Διατί
2949 4168 3003 4218 δὲ
3041 4169 3172 4230 ὃλως
3217 4170 3373 4223 αὐτὸν

1834 4253 2057 4322 ἐρωτᾷς,
2117 4252 2207 4302 καὶ
2238 4251 2333 4301 οὐκ
2393 4249 2560 4317 αὐτὴν
2619 4248 2714 4318 τὴν
2772 4251 3101 4319 πραγμάτων
3151 4251 3373 4320 δύναμιν

1833 4339 2049 4407 ἐρευνᾷς
2071 4353 2083 4400 ;
2121 4336 2393 4388 Ἐξέτασον
2423 4336 2578 4396 αὐτὸς
2601 4335 2833 4402 ἀκριϐῶς
2864 4338 2919 4386 ὲν
2941 4335 3014 4403 τῷ
3039 4338 3256 4406 κρυπτῷ
3278 4339 3370 4406 τῆς

1832 4427 2002 4495 ψυχῆς
2033 4426 2406 4494 βουλευτηρίῳ,
2436 4425 2532 4492 τὴν
2559 4423 2663 4474 τῶν
2696 4423 3029 4490 πραγμάτων
3065 4424 3219 4490 φύσιν
3251 4425 3369 4476 ἐπι-

1837 4513 2184 4580 σκεψάμενος,
2225 4514 2271 4562 εί
2327 4510 2662 4579 ἀνθρωπίνης
2713 4510 2853 4560 ἐστιν
2883 4510 3084 4571 ἐννοίας
3132 4511 3197 4561 τά
3227 4511 3368 4575 γινό-

1839 4615 1990 4665 μενα,
2015 4597 2044 4664 ἢ
2069 4596 2213 4654 θείας
2243 4594 2519 4656 αὐθεντίας
2545 4594 2609 4646 τά
2634 4594 2708 4662 τῷ
2737 4592 2918 4663 Κυρίῳ
2952 4594 3369 4663 κατορθούμενα.

1848 4681 2141 4750 Ἐρώτησον
2173 4681 2262 4731 καὶ
2311 4679 2518 4741 φύσεως
2552 4680 2762 4746 νόμους,
2806 4679 2896 4730 καὶ
2929 4677 3165 4741 ἐξουσίας
3194 4681 3370 4747 ὅρους,

1837 4769 1926 4818 καί
1956 4766 2222 4834 λογισμῶν
2255 4766 2587 4827 ἀκολουθίαν,
2627 4767 2750 4816 ποία
2780 4764 2992 4826 ἐξουσία
3033 4765 3247 4815 δύναται
3289 4782 3370 4816 νε-

1837 4852 1998 4920 κροὺς
2023 4853 2243 4919 ἐγεῖραι,
2262 4849 2599 4918 ἀνθρώπωνῆ
2617 4848 2747 4899 Θεοῦ
2767 4864 2780 4911 ;
2804 4849 2893 4908 Τίς
2914 4848 3129 4899 δύναται
3144 4847 3371 4917 λεπροὺς

1838 4935 2131 5005 καθαίρειν,
2162 4936 2251 4987 καὶ
2280 4935 2460 4995 νόσους
2487 4933 2820 4994 ἀπελαύνειν,
2861 4933 2951 4983 καὶ
2988 4933 3160 4985 πᾶσαν
3187 4934 3370 5002 ψυχῶν

1838 5023 1928 5074 καὶ
1959 5023 2219 5090 σωμάτων
2249 5021 2549 5090 ἀρρωστίαν
2579 5018 2716 5085 λόγῳ
2748 5019 2888 5088 μόνῳ
2919 5017 3160 5082 διώκειν;
3202 5016 3328 5070 Εἶτα
3353 5059 3366 5079 ,

1837 5109 1917 5170 τίς
1941 5108 2156 5159 δύναται
2185 5108 2286 5157 ἀπὸ
2318 5105 2484 5174 πηλοῦ
2517 5105 2818 5171 ὀφθαλμοὺς
2852 5103 3157 5168 διαπλάσαι,
3181 5105 3307 5165 Θεὸς
3335 5104 3367 5172 ἥ

1839 5195 2146 5261 ἀνθρωπυς;
2175 5191 2320 5242 Διατί
2370 5192 2442 5259 μὴ
2469 5191 2563 5258 τὴν
2597 5190 2754 5256 φύσιν
2794 5190 2957 5257 αὐτὴν
2985 5191 3094 5241 τῶν
3123 5193 3372 5259 πραγμά-

1837 5297 1941 5332 των
1971 5279 2190 5346 ὲρωτᾷς,
2225 5277 2354 5328 ἀλλά
2391 5277 2523 5344 μετά
2553 5275 2880 5344 θρασύτητος
2910 5277 2997 5327 τὸν
3027 5276 3255 5344 ἐργάτην
3277 5293 3371 5326 πο·

1840 5365 2228 5432 λυπραγμονείς
2280 5362 2484 5427 λέγων,
2532 5363 2631 5413 Ἐν
2680 5361 2818 5425 ποίᾳ
2887 5360 3132 5426 ἐξουσίᾳ
3193 5360 3373 5412 ταῦτα

1844 5449 2060 5511 ποιεῑςπ
2104 5447 2556 5515 Ἐπαναλαμϐἀνω
2582 5448 2688 5516 γὰρ
2715 5448 2779 5499 τὰ
2827 5446 3043 5515 ῥήματα
3082 5445 3238 5496 πάλιν
3269 5446 3373 5498 τῶν

1845 5536 1909 5586 τὰ
1931 5534 2101 5584 πάντα
2125 5534 2316 5602 ῥᾳδίως
2343 5531 2676 5601 τολμώντων,
2706 5531 2810 5582 τῶν
2837 5528 3200 5582 ἀπαιτούντων
3221 5531 3374 5596 λόγον

1847 5620 1931 5673 τὸν
1959 5619 2046 5671 τοῦ
2073 5617 2204 5672 Θεοῦ
2235 5619 2419 5683 Λόγον,
2455 5618 2542 5670 καὶ
2573 5617 2923 5688 περιγρὰξειν
2959 5616 3229 5685 λογισμοῖς
3262 5621 3375 5669 επι-
