3982 6218
652 440 967 513 χειρούντων
992 440 1083 493 τὸν
1108 440 1463 509 δρασσόμενον
1494 440 1615 499 τούς
1646 440 1837 506 σοφοὺς
1880 440 1936 490 ἐν
1968 440 2031 507 τῇ
2060 454 2191 488 παν-

652 527 844 595 ουργίᾳ
865 526 1059 578 αὐτῶν.
1087 526 1150 576 Ὦ
1170 525 1266 592 τῆς
1294 525 1471 586 ἀνοίας
1496 526 1508 577 ι
1540 523 1656 591 Θεῷ
1679 525 1835 591 Λόγῳ
1865 524 2192 593 προσάγουσι

656 612 847 678 πεῖραν
874 609 1060 674 λόγων,
1109 602 1153 673 ᾧ
1183 610 1329 660 πᾶσα
1364 608 1523 676 τέχνη
1557 607 1727 673 λόγων
1769 607 2050 668 εὐάλωτος,
2102 608 2193 659 καὶ

656 696 801 746 πᾶσα
828 692 1096 761 λογισμῶν
1124 692 1528 762 μεμελετημένη
1548 692 1738 760 πλοκή.
1762 691 1825 742 Τί
1854 693 1959 760 γὰρ
1988 691 2194 760 ἀνθρώ-

658 795 807 839 πινος
841 778 1009 845 ίσχύει
1042 778 1194 843 λόγος
1233 776 1365 845 πρὸς
1407 777 1536 827 Θεὸν
1572 776 1777 841 Λόγον;
1806 776 1860 827 τί
1898 778 1953 829 δέ
1984 794 2195 845 σεσοφι-

658 864 827 932 σμένη
853 862 1015 917 κακία
1039 861 1171 929 πρὸς
1202 862 1301 912 ὑπε
1313 861 1563 930 ρκόσμιον
1592 861 1777 928 σοφίαν
1801 878 1815 925 ;

738 948 831 999 Ἐν
857 948 992 1011 ποίᾳ
1023 947 1269 1013 ἐξουσίᾳ
1297 946 1475 999 ταῦτα
1504 946 1722 1010 ποιεῖς;
1761 945 2058 1015 Ἐρὼτησον
2104 947 2193 998 τὸν

657 1032 1038 1100 παραλυτικὸν,
1066 1031 1150 1082 διὰ
1184 1031 1337 1093 ποίας
1378 1031 1620 1094 ἐξουσίας
1664 1032 1740 1091 εἰς
1773 1031 1933 1099 ρὦιν
1975 1032 2184 1083 άνακλί-

655 1131 834 1167 νεται·
892 1114 1158 1184 ἐρώτησον
1197 1115 1463 1182 θαύματα,
1522 1118 1613 1166 καὶ
1648 1114 1721 1182 μὴ
1760 1115 2192 1184 πολυπραγμόνει

654 1201 744 1252 τοῦ
799 1200 1191 1268 θαυματοποιοῦ
1234 1202 1329 1269 τὴν
1382 1201 1641 1265 ἐξουσίαν.
1696 1202 1806 1253 Οὐκ
1848 1203 2192 1271 ἀποκρίνεται

654 1288 779 1354 ὑμῖν
808 1290 841 1356 ή
890 1287 1006 1339 θεία
1056 1288 1229 1356 χάρις,
1280 1288 1524 1353 ἀναξίους
1575 1288 1909 1357 ἀποκρίσεως
1939 1291 2191 1354 κρίνουσα

650 1375 773 1435 τοὺς
798 1374 978 1434 κακῶς
1002 1373 1328 1442 ἐρωτῶντας.
1364 1374 1608 1436 Τοιοῦτος
1627 1376 1732 1444 γάρ
1759 1368 1899 1427 δ’τοῦ
1933 1375 2065 1427 Θεοῦ
2091 1376 2190 1428 A6-

651 1475 774 1523 γος·
806 1460 932 1510 ὅταν
983 1459 1063 1528 ἴδῃ
1117 1460 1289 1528 ψυχὴν
1341 1460 1553 1511 σκολιὰν
1598 1462 1690 1513 καὶ
1736 1460 2185 1529 διεστραμμένην,

648 1544 954 1596 ἀποσείεται
983 1544 1145 1614 αὐτὴν
1174 1545 1246 1606 ὼς
1276 1544 1496 1608 ἀναξίαν
1524 1544 1623 1614 τῆς
1651 1546 1885 1614 χάριτος,
1911 1547 2001 1598 καὶ
2022 1545 2190 1598 πολλά

651 1629 901 1691 πολλάκις
929 1628 1238 1692 σπουδάζων
1279 1629 1583 1698 μανθάνειν,
1616 1630 1868 1699 ἀλήθειαν
1906 1631 1964 1682 οὐ
1998 1633 2188 1700 τυγχά-

645 1731 726 1766 νει
762 1714 910 1785 παρὰ
934 1714 1029 1782 τῆς
1074 1714 1343 1782 ἀληθείας.
1391 1714 1691 1783 Ἐρωτῶσιν
1737 1715 1968 1767 Ἰουδαῖοι
1996 1716 2188 1767 πολλά-

648 1818 752 1863 κις.
777 1802 869 1853 καὶ
886 1801 1003 1852 οὐδὲ
1033 1801 1175 1865 ἁπαξ
1208 1802 1581 1870 μανθάνουσιν,
1616 1803 1796 1872 ἐπειδὴ
1839 1805 2017 1866 κακῶς
2052 1806 2186 1873 ἐρω-

644 1886 820 1938 τῶσιν.
852 1886 939 1947 Εἰς
966 1884 1211 1939 τοσοῦτον
1237 1886 1412 1938 αὐτῶν
1444 1886 1541 1948 τὰς
1570 1887 1742 1955 ψυχὰς
1770 1888 2079 1952 ἐϐασάνιζεν
2106 1891 2182 1953 εἰς

642 1970 829 2040 ὀδύνην
854 1973 885 2039 ή
915 1970 1006 2023 τοῦ
1029 1972 1268 2041 Σωτῆρος
1298 1974 1493 2042 σιωπή,
1519 1973 1591 2035 ὡς
1612 1975 1780 2026 εἰπεῖν
1800 1975 1917 2026 τότε
1943 1975 2001 2026 τὸ
2022 1993 2184 2044 πονη-

649 2055 736 2123 ρὸν
765 2058 934 2107 ἐκεῖνο
968 2056 1233 2126 συνέδριον
1254 2074 1265 2086 ·
1301 2058 1452 2122 Ἕως
1472 2060 1612 2111 πότε
1642 2058 1755 2125 τὴν
1780 2059 1989 2127 ψυχὴν
2016 2059 2184 2127 ἡμῶν

646 2141 794 2212 [419]
822 2144 1035 2209 αἷρεις;
1064 2146 1129 2196 Εἰ
1153 2144 1232 2196 σὺ
1263 2139 1319 2196 εἷ
1344 2147 1376 2195 ὁ
1402 2146 1665 2211 Χριστὸς,
1699 2145 1827 2197 εἰπὲ
1862 2146 2003 2213 ἡμῖν
2037 2149 2182 2214 παῤ-

638 2230 842 2295 ρησίᾳ.
888 2230 1022 2281 Ἀλλ’
1060 2229 1176 2281 οὐδὲ
1216 2229 1348 2298 μετὰ
1385 2229 1585 2299 ταύτην
1633 2231 1813 2292 αὐτοῖς
1859 2231 1954 2301 τὴν
2003 2233 2181 2302 φωνὴν

644 2313 989 2379 ἀποκρίνεται
1011 2332 1023 2345 ·
1058 2315 1259 2379 ἀνάξιοι
1283 2318 1388 2386 γάρ
1410 2313 1545 2386 ἦσαν
1574 2317 1908 2387 ἀποκρίσεως
1931 2321 1977 2371 οί
1999 2320 2181 2381 κακῶς

644 2398 966 2466 ἐρωτῶντες.
1007 2401 1069 2451 Τί
1107 2396 1197 2452 οὖν
1244 2401 1377 2469 πρὸς
1422 2403 1614 2462 αὐτοὺς
1646 2406 1673 2454 6
1721 2404 1944 2473 Σωτήρ;
1995 2401 2182 2457 Εἶπον

642 2483 800 2550 ὑμῖν,
824 2485 921 2536 καὶ
938 2487 1045 2537 οὐκ
1066 2486 1361 2550 ἠκούσατε
1379 2501 1391 2515 '
1415 2488 1469 2538 τί
1490 2488 1672 2539 πάλιν
1697 2488 1895 2540 θέλετε
1911 2490 2180 2551 ἁκούειν;

649 2571 725 2621 Τὰ
745 2570 901 2637 ἔργα,
935 2572 972 2623 ἂ
999 2572 1110 2638 ἐγὼ
1147 2572 1319 2635 ποιῶ,
1349 2573 1531 2625 ταῦτα
1563 2573 1841 2640 μαρτυρεῖ
1861 2576 1988 2641 περὶ
2011 2574 2175 2641 ἐμοῦ.

652 2656 811 2727 Ὁρᾷς
836 2659 916 2709 ὃτι
956 2658 1194 2726 βούλεται
1221 2659 1287 2711 τά
1326 2660 1457 2729 ἔργα
1488 2661 1806 2728 ἐρωτᾶσθαι.
1847 2661 1939 2714 καί⁴
1986 2663 2058 2730 μὴ
2083 2656 2178 2732 τήν

642 2741 882 2805 ἐξουσίαν
939 2743 1534 2813 πολυπραγμονεῖσθαις
1604 2745 1902 2814 Ἐρωτιῖηιν
1938 2750 1985 2799 οἰ
2053 2748 2179 2799 ἰου-

640 2825 795 2889 δαῖοι,
835 2831 902 2880 Εἰ
931 2828 1011 2880 σὺ
1043 2826 1100 2881 εἷ
1135 2833 1166 2881 ό
1193 2831 1458 2895 Χριστὸς,
1491 2830 1618 2882 εἰπὲ
1656 2829 1799 2897 ἡμῖν
1836 2832 2136 2898 παρῤησιᾳ
2160 2849 2173 2863 ·

639 2910 748 2975 ἕως
785 2914 926 2964 πότε
947 2912 1058 2979 τὴν
1093 2913 1299 2981 ψυχὴν
1327 2916 1491 2981 ἡμῶν
1510 2916 1724 2981 αἵρεις;
1756 2916 1847 2969 καὶ
1891 2917 1951 2968 οὐ
2001 2916 2177 2969 δίδωσι

640 2999 703 3065 τῇ
731 2997 1025 3068 ἀμφιϐολίᾳ
1055 2997 1234 3051 λύσιν·
1271 2998 1490 3068 ἠρώτων
1539 3002 1645 3069 γὰρ
1674 3002 1768 3070 οὐχ
1796 3002 1879 3053 ῖνα
1916 3002 2172 3070 μάθωσιν,

639 3083 751 3133 ἀλλ’
773 3084 856 3134 ἵνα
882 3086 1337 3153 κατηγορήσωσιν.
1377 3086 1433 3136 Ὀ
1463 3086 1517 3137 δὲ
1546 3087 1827 3157 ἀρχιερεὺς
1854 3088 2122 3156 Καϊάφας,
2147 3090 2176 3141 6

637 3171 735 3237 τῆς
773 3170 1088 3238 συναγωγῆς
1118 3170 1325 3238 ἐκείνης
1352 3169 1516 3235 ἄξιος,
1549 3175 1624 3234 είς
1652 3173 1894 3225 τοσοῦτον
1917 3170 2043 3243 ἦλθε
2071 3192 2175 3243 μα-

638 3256 775 3317 νίας,
815 3255 888 3318 ὼς
932 3258 1131 3308 εἰπεῖν·
1182 3257 1410 3323 Ὁρκίζω
1457 3274 1528 3310 σε
1567 3259 1713 3311 κατὰ
1748 3261 1850 3312 τοῦ
1890 3261 2032 3313 Θεοῦ
2070 3262 2175 3314 τοῦ

640 3340 864 3405 ζῶντος,
891 3342 1019 3394 εἰπὲ
1046 3342 1203 3409 ἡμῖν,
1219 3346 1270 3395 εἰ
1300 3343 1378 3395 σὺ
1405 3340 1461 3395 εἷ
1482 3348 1513 3396 ό
1544 3346 1668 3408 Υἱὸς
1690 3345 1793 3398 τοῦ
1813 3346 2173 3413 Εὐλογητοὶλ

651 3426 706 3477 '0
722 3427 776 3477 δὲ
793 3428 940 3495 Σωτὴ
948 3446 977 3495 ρ
998 3427 1253 3480 διδάσκων
1273 3430 1303 3496 ή
1314 3431 1417 3496 μᾶς
1432 3430 1553 3491 τοὺς
1567 3430 1753 3495 λόγους
1772 3431 1884 3498 μετ’
1902 3431 2176 3494 εὐλαϐείας

637 3511 899 3579 δέχεσθαι,
938 3512 1069 3580 πρὸς
1100 3512 1198 3581 μὲν
1229 3513 1317 3565 τὸν
1364 3514 1519 3582 ὅρκον
1560 3516 1920 3584 ἀποκρίνεται,
1954 3517 2084 3584 πρὸς
2120 3516 2175 3568 δέ

638 3597 696 3648 τὸ
728 3597 1186 3666 ἁμφιϐαλλόμενον
1206 3598 1354 3651 λύσιν
1391 3601 1488 3651 οὐκ
1536 3601 1749 3653 ἔδωκεν.
1787 3604 1949 3664 Εἰπὲ,
1993 3603 2171 3671 φησὶν,

641 3682 798 3749 ἡμῖν,
829 3684 880 3734 εἰ
905 3682 983 3735 σὺ
1003 3678 1060 3735 εἴ
1088 3686 1120 3737 ό
1151 3684 1279 3748 Υἱὸς
1310 3684 1411 3737 τοῦ
1449 3686 1810 3754 Εὐλογητοῦκ
1847 3686 2002 3753 Λέγει
2042 3688 2174 3758 πρὸς

638 3768 795 3820 αὐτὸν
818 3769 846 3819 6
867 3767 1064 3837 Κύριος
1087 3783 1101 3799 ⁶
1132 3768 1211 3820 Σὺ
1260 3764 1428 3833 εἴπας
1446 3784 1458 3797 ·
1495 3771 1585 3822 καὶ
1615 3770 1701 3822 τὸν
1723 3773 1878 3840 ὅρκον
1923 3773 2173 3842 ἐτίμησεν

634 3851 985 3922 ὁμολογήσας,
1027 3850 1120 3903 καὶ
1140 3851 1233 3922 τὴν
1254 3852 1447 3906 κακίαν
1483 3854 1580 3906 οὐκ
1613 3855 2035 3924 ἐπληροφόρησε,
2061 3857 2177 3924 βδε-

635 3937 926 4006 λυξάμενος
953 3937 1051 4008 τὴν
1083 3939 1426 4008 πανουργίαν.
1488 3940 1782 4010 Ἐζήτησαν
1830 3942 1877 3992 οἰ
1940 3943 2175 3994 Ἰουδαῖοι

637 4022 817 4086 κακῶς
840 4062 854 4085 ,
904 4023 999 4075 καὶ
1046 4024 1386 4093 ἀποκρίσεως
1427 4025 1524 4077 οὐκ
1550 4025 1733 4093 ἔτυχον
1757 4044 1771 4059 ο
1807 4027 1899 4078 καὶ
1932 4027 2075 4094 μάλα
2112 4046 2172 4096 γε

637 4108 883 4171 εἰκότως·
910 4110 1109 4162 σκολιοὶ
1128 4110 1233 4181 γάρ
1259 4112 1501 4180 λογισμοὶ
1525 4113 1842 4183 χωρίζουσιν
1888 4113 1994 4165 ἀπὸ
2016 4113 2171 4167 Θεοῦ.

635 4196 745 4247 Οὐκ
772 4194 1062 4263 ἐπέτρεπεν
1093 4196 1251 4248 αὐτοῦ
1280 4198 1376 4266 τήν
1409 4199 1595 4265 σοφίαν
1623 4201 1731 4260 τοῖς
1760 4199 1937 4261 κακῶς
1964 4201 2060 4270 τήν
2089 4218 2177 4254 σο-

635 4280 759 4347 φίαν
783 4279 942 4331 αὐτοῦ
970 4280 1520 4350 πολυπραγμονοῦσιν.
1553 4285 1653 4346 Εἰς
1690 4285 2049 4351 κακότεχνον
2068 4285 2174 4352 γὰρ

633 4366 840 4433 ψυχὴν
860 4370 968 4420 οὐκ
997 4370 1397 4422 είσελεύσεται
1424 4370 1626 4437 σοφία.

705 4488 768 4557 β’.
797 4489 903 4541 Καὶ
931 4490 978 4541 οἱ
1007 4490 1105 4559 μὲν
1139 4492 1388 4555 πολλάκις
1413 4495 1761 4563 ζητήσαντες,
1803 4496 1899 4564 οὐχ
1945 4490 2096 4565 εὗρον
2116 4498 2175 4549 τὸ

634 4574 956 4643 ζητούμενον
979 4592 995 4610 ο
1029 4574 1157 4645 γυνή
1191 4576 1245 4629 δέ
1277 4595 1357 4639 τις
1398 4578 1594 4641 ἀδόλως
1642 4582 1729 4631 καὶ
1755 4581 1948 4649 γνησίᾳ
1998 4580 2173 4631 πίστει

634 4660 1015 4728 προσελθοῦσα,
1045 4662 1103 4713 οὐ
1144 4662 1444 4730 πειράσασα
1490 4664 1588 4732 τὴν
1620 4665 1991 4732 ἀκατάληπτον
2017 4664 2171 4716 δύνα-

637 4764 745 4817 μιν,
773 4746 903 4800 ἀλλὰ
933 4748 1023 4799 καί
1060 4749 1117 4799 ἐν
1142 4748 1398 4817 ἁπλότητι
1433 4748 1511 4817 τῷ
1554 4751 1739 4819 Κυρίῳ
1766 4751 2129 4819 προσελθοῦσα
2152 4788 2171 4815 ,

633 4833 724 4883 καὶ
755 4832 879 4901 ψιλῇ
916 4834 1009 4901 μέν
1036 4836 1099 4902 τῇ
1127 4835 1285 4900 λέξει,
1324 4837 1520 4905 γνησίᾳ
1550 4837 1607 4889 δέ
1655 4841 1718 4907 τῇ
1750 4838 1924 4888 πίστει
1956 4840 2172 4907 φήσασα

634 4919 766 4988 πρὸς
789 4920 974 4971 αὐτόν·
1003 4922 1249 4989 Οἴδαμεν
1273 4922 1360 4975 ὅτι
1384 4923 1528 4975 ὅταν
1546 4926 1688 4989 ἔλθῃ
1719 4927 1986 4988 Μεσσίας
2020 4929 2051 4977 ό
2075 4929 2174 4977 λε-

633 5006 875 5073 γόμενος
896 5008 1160 5075 Χριστὸς,
1198 5010 1377 5074 αὐτὸς
1398 5010 1538 5077 ἡμῖν
1558 5009 1788 5063 ἅπαντα
1821 5011 2135 5077 ἀναγγελεῖ
2153 5031 2167 5044 ·

632 5090 827 5152 εὐθέως
850 5094 1043 5161 ἢκουσε
1072 5094 1217 5162 παρά
1243 5094 1333 5147 τοῦ
1358 5095 1673 5161 ἀγαπῶντος
1695 5098 1966 5164 ἁπλότητα
1984 5115 1995 5126 ·
2026 5096 2171 5164 Ἐγώ

628 5179 743 5245 ειμι
794 5181 827 5232 ό
870 5166 1070 5233 λαλῶν
1117 5196 1232 5233 σοι.
1284 5182 1503 5235 Οὐδέπω
1530 5183 1795 5252 ἠρώτησε,
1836 5184 1927 5235 καὶ
1973 5184 2170 5245 εὐθέως

632 5263 854 5331 ἔμαθενο
884 5266 1091 5317 οὐδέπω
1113 5268 1202 5318 τὸν
1236 5268 1332 5334 τῆς
1368 5268 1599 5329 πίστεως
1620 5268 1836 5337 ἔσπειρε
1869 5269 2041 5334 λόγον,
2075 5270 2169 5321 καὶ

631 5349 824 5411 εὐθέως
865 5351 953 5403 τὸν
986 5352 1191 5420 καρπὸν
1232 5353 1329 5420 τῆς
1360 5354 1634 5413 εὐσεϐείας
1686 5354 1943 5422 ἐθέρισεν.
1984 5356 2168 5422 ’Ἄγιος

628 5434 734 5503 γὰρ
763 5437 791 5486 6
825 5436 970 5499 Οεὸς,
1000 5438 1186 5500 ἁπλοῖς
1222 5439 1312 5490 καί
1336 5438 1507 5505 ἁγίοις
1530 5440 2020 5507 ἐπαναπαυόμενος,
2041 5441 2166 5493 ὅταν

630 5519 898 5589 ἁπλότητα
938 5524 1016 5591 ἴδῃ
1041 5524 1130 5574 τοῦ
1158 5524 1584 5594 προσερχομένου
1611 5562 1624 5585 ,
1675 5525 1831 5576 ἁπλοῖ
1878 5527 1967 5577 καί
2005 5527 2164 5588 αὐτὸς

631 5606 728 5674 τῆς
747 5608 932 5660 ἐαυτοῦ
952 5609 1133 5675 σοφίας
1149 5611 1242 5677 τὴν
1261 5610 1569 5679 εὐεργεσίαν
1591 5627 1604 5641 ·
1626 5611 1751 5669 ὅταν
1777 5612 1857 5679 ἴδῃ
1879 5611 2159 5678 διεστραμ-

2086 324 2357 381 INCERTI

3746 354 3854 407 414

2300 436 2463 505 μένην
2499 442 2664 511 κακίᾳ
2693 443 2885 512 ψυχὴν,
2917 445 3111 497 κωλύει
3146 441 3238 509 τὴν
3272 446 3609 515 εὐεργεσίαν,
3655 445 3755 497 καὶ
3782 446 3840 496 οὐ

2292 523 2568 588 προσίεται
2619 527 2713 596 τὴν
2750 528 3109 584 διδασκαλίαν.
3151 530 3343 581 ’Δκουε
3379 530 3538 582 αὐτοῦ
3584 530 3841 595 λέγοντος

2290 603 2377 655 διὰ
2403 606 2670 671 Μωϋσέως
2688 626 2702 641 ο
2739 612 2877 663 Ἐὰν
2894 612 3059 679 ὑμεῖς
3087 614 3415 679 πορεύησθε
3458 613 3606 681 πρός
3630 630 3712 679 με
3746 613 3839 677 dp-

2292 692 2403 753 002,
2445 692 2601 759 mirio
2626 695 2771 761 πρὸς
2790 694 2942 763 ὑμᾶς
2966 697 3135 761 ὀρθός
3159 714 3172 727 ο
3196 698 3289 749 ἐὰν
3314 698 3368 749 δέ
3403 698 3555 767 ὑμεῖς
3587 696 3835 760 πλάγιοι,

2293 775 2444 841 κάγὼ
2476 780 2739 848 χρήσομαι
2773 782 2895 848 ὑμῖν
2924 781 3075 850 θυμῷ
3105 781 3310 850 πλαγίῳ
3331 799 3348 814 ο
3367 784 3462 850 οὐχ
3482 784 3559 833 ὅτι
3586 781 3688 850 τὴν
3708 782 3834 831 ἐαυ-

2292 861 2389 928 τῆς
2417 863 2683 933 εὐθύτητα
2710 866 2988 932 πλαγιάζει
3022 869 3053 936 ή
3094 867 3207 919 θεία
3234 868 3389 936 φύσις
3409 910 3423 931 ,
3450 869 3560 920 ἁλλ’
3602 869 3686 920 ὃτι
3723 871 3833 927 τοῖς

2292 952 2542 1016 πονηροῖς
2568 953 2685 1001 κατ’
2714 951 2922 1003 εὐθεῖαν
2944 951 3010 1003 τά
3035 952 3180 1022 παρά
3211 952 3305 1020 τῆς
3333 953 3581 1020 ἀληθείας
3611 954 3715 1004 οὐκ
3741 952 3831 1020 ἔρ-

2292 1051 2460 1101 χεται.
2503 1036 2603 1088 Ἐν
2635 1040 2773 1103 ποίᾳ
2800 1038 3046 1103 ἐξουσίᾳ
3091 1040 3268 1091 ταῦτα
3298 1040 3518 1103 ποιεῖς;
3544 1041 3581 1105 ἢ
3613 1040 3707 1103 τίς
3735 1055 3833 1091 σοι

2290 1118 2468 1170 ἔδωκε
2504 1119 2615 1186 τὴν
2640 1121 2923 1184 ἐξουσίαν
2956 1125 3208 1189 ταύτην;
3257 1124 3312 1175 '0
3333 1124 3384 1174 δέ
3418 1123 3603 1193 Σωτὴρ
3624 1124 3826 1183 αὐτοῖς.

2302 1202 2559 1257 Ἐνταῦθα
2584 1207 2831 1275 πρόσεχε,
2864 1207 2977 1269 πῶς
3005 1210 3126 1277 ὅρον
3164 1210 3289 1276 ἡμῖν
3331 1210 3417 1260 καὶ
3446 1209 3643 1260 κανόνα
3686 1208 3831 1259 διδα-

2292 1289 2509 1351 σκαλίας
2550 1291 2852 1343 ὑποτίθεται
2898 1294 2926 1344 6
2957 1293 3167 1345 πάντων
3200 1278 3408 1361 Κύριος.
3446 1294 3540 1354 Τίς
3587 1292 3644 1343 δὲ
3674 1288 3828 1353 οὗτός

2289 1376 2401 1425 ἐστι
2428 1391 2440 1438 ;
2470 1375 2721 1428 Βούλεται
2753 1378 2895 1445 ἡμᾶς
2923 1376 3059 1428 ὥστε
3094 1380 3203 1439 τοῖς
3230 1379 3475 1445 πονηροῖς
3508 1379 3822 1445 αἱρετικοῖς,

2301 1458 2563 1522 Ἰουδαίοις
2583 1461 2614 1529 ἢ
2638 1461 2907 1531 Ἕλλησιν,
2933 1462 2965 1529 ἢ
3002 1462 3202 1530 ἑτέροις
3240 1462 3376 1512 τισὶν
3411 1461 3825 1530 ἀπεσχισμένοις

2286 1543 2381 1610 τῆς
2401 1545 2692 1609 εὐσεϐείας,
2719 1546 2792 1615 μὴ
2822 1547 3201 1615 ἀποκρίνεσθαι
3225 1546 3396 1599 πάντα
3418 1546 3549 1613 πρὸς
3572 1546 3670 1607 τὰς
3694 1547 3823 1613 ἐρω-

2284 1629 2487 1696 τήσεις.
2522 1631 2675 1682 Ἐστι
2703 1632 2828 1700 γάρ,
2857 1630 2967 1683 ἔστι
2997 1631 3244 1692 πολλάκις
3294 1630 3557 1699 ἐρωτῆσαι
3588 1631 3819 1703 ἀποκρί-

2287 1731 2419 1778 σεως
2440 1717 2538 1767 οὐκ
2564 1718 2688 1782 ἀξια
2714 1734 2727 1748 ο
2760 1720 2851 1770 καὶ
2882 1717 2961 1769 δεῖ
2988 1717 3133 1788 1420]
3163 1716 3370 1779 πάντως
3405 1716 3535 1784 πρὸς
3556 1717 3656 1777 τάς
3682 1716 3821 1782 φαύ-

2283 1798 2404 1860 λους
2429 1800 2626 1862 ταύτας
2672 1801 2777 1853 τῶν
2817 1803 3200 1871 ἐπερωτήσεων
3250 1802 3603 1870 ἀντερωτήσει
3640 1801 3822 1863 δικαίᾳ

2282 1883 2473 1950 λέγειν.
2506 1886 2601 1937 Διά
2622 1885 2776 1937 τοῦτό
2811 1903 2940 1956 φησι
2964 1888 3094 1956 πρὸς
3114 1887 3303 1947 αὐτοὺς
3334 1888 3361 1937 6
3389 1886 3585 1954 Κύριος
3606 1901 3620 1914 ’
3650 1886 3818 1950 Ἐρω-

2282 1970 2441 2034 τήσω
2470 1970 2619 2037 ὑμᾶς
2645 1970 2801 2039 κάγὼ
2825 1972 3026 2039 λόγον,
3067 1971 3138 2022 ὃν
3174 1971 3250 2024 ἂν
3280 1971 3480 2036 εἴπητέ
3499 1988 3618 2037 μοι,
3657 1970 3823 2036 κάγὼ

2280 2056 2419 2124 ὑμῖν
2442 2057 2880 2125 ἀποκρινοῦμαι.
2917 2057 2985 2109 T6
3022 2056 3284 2109 Ἰωάννου
3305 2056 3628 2123 βάπτισμα,
3658 2056 3816 2122 φησὶ,

2280 2144 2459 2195 πόθεν
2474 2140 2586 2211 ἦν;
2612 2144 2679 2206 ἐξ
2709 2144 2980 2210 οὐρανοῦ,
3019 2143 3055 2210 ἢ
3090 2143 3157 2207 ἐξ
3185 2143 3533 2210 ἀνθρώπων;
3556 2143 3693 2210 Ὅρα
3732 2158 3821 2207 μοι

2278 2229 2374 2298 τὴν
2398 2230 2571 2299 πηγὴν
2593 2231 2688 2297 τῆς
2708 2231 2915 2297 σοφίας,
2940 2233 3004 2299 τῇ
3029 2232 3353 2299 ἐπερωτήσει
3378 2230 3437 2280 τὸ
3460 2228 3643 2297 ψεῦδος
3663 2228 3821 2293 ἐλέγ-

2278 2330 2471 2381 χουσαν
2494 2328 2508 2343 ⁸
2539 2316 2637 2384 ὅρα
2671 2332 2758 2384 μοι
2813 2316 2901 2367 τὸν
2939 2315 3030 2367 τοῦ
3064 2315 3195 2367 Θεοῦ
3241 2316 3405 2381 Λόγον
3451 2314 3819 2381 συλλογισμοῖς

2277 2402 2373 2468 τὴν
2396 2401 2587 2453 κακίαν
2617 2401 2980 2469 ἁνατρέποντα
3001 2418 3012 2431 ο
3051 2401 3313 2469 σκόπησον
3360 2399 3415 2450 δέ
3465 2401 3553 2450 καὶ
3604 2399 3701 2467 τὴν
3733 2416 3820 2450 κα-

2278 2485 2418 2545 κίαν,
2459 2486 2574 2546 πῶς
2598 2488 2706 2540 τοῖς
2740 2486 2885 2546 ἰδίοις
2922 2485 3261 2537 ἀναλίσκεται
3301 2484 3497 2553 βέλεσι,
3550 2484 3638 2533 καὶ
3688 2486 3818 2544 ταῖς

2277 2569 2498 2630 οἰκείαις
2530 2572 2967 2637 συγκατασπᾶται
2990 2570 3376 2637 κακοτεχνίαις.
3412 2569 3480 2619 Τὸ
3502 2566 3817 2633 ,ϐάπτισμα

2290 2653 2563 2707 Ἰωάννου
2589 2658 2770 2708 πόθεν
2790 2652 2867 2723 ἦν
2881 2671 2900 2718 ;
2928 2655 2994 2717 ἐξ
3023 2653 3296 2719 οὐρανοῦ,
3315 2654 3350 2719 ἢ
3371 2652 3437 2715 ἐξ
3463 2650 3818 2717 ἀνθρώπων;

2288 2746 2507 2797 Ἐκεῖνοι
2537 2744 2663 2812 παρ’
2697 2744 2905 2803 ἐαυτοῖς
2948 2738 3256 2802 ἐϐασάνιζον
3284 2738 3374 2790 τοῦ
3429 2739 3660 2806 ῥήματος
3715 2737 3817 2804 τὴν

2275 2828 2519 2896 δύναμιν,
2548 2828 2639 2879 καί
2670 2843 2830 2893 φασιν
2850 2842 2862 2855 ·
2916 2825 3054 2877 Ἐὰν
3100 2824 3369 2888 εἴπωμεν,
3408 2820 3506 2882 Ἐξ
3533 2818 3814 2883 οὐρανοῦ,

2275 2913 2568 2980 ἐρεῖἠμῖν,
2612 2912 2763 2967 Atat!
2790 2906 2900 2963 οὗν
2918 2909 3000 2974 μὴ
3033 2909 3452 2965 ἐπιστεύσατε;
3481 2901 3623 2955 Οἶδεν
3649 2905 3679 2971 ή
3712 2920 3817 2955 κα-

2277 2999 2370 3050 κία
2397 2998 2483 3049 τὸν
2510 2998 2702 3065 έαυτῆς
2726 2994 2931 3047 ὄλισθον
2950 3009 2963 3023 ’
2994 2989 3130 3044 οἶδεν
3159 2992 3237 3043 ὃτι
3273 2986 3351 3051 οἷς
3382 2989 3660 3059 προτείνει,
3688 2988 3817 3040 τού-

2274 3100 2383 3144 τοις
2415 3083 2743 3149 ἀφανίζεται.
2805 3079 3013 3147 Ἐπειδὴ
3065 3078 3136 3147 μὴ
3190 3077 3496 3144 ὑπήκουσαν
3546 3073 3815 3136 Ἰωάννου,

2275 3168 2557 3235 ἐφοϐοῦντο
2582 3170 2768 3228 εἰπεῖν,
2794 3167 2873 3217 ὅτι
2898 3166 2960 3216 ἐκ
2977 3164 3126 3221 Θεοῦ,
3155 3162 3237 3215 ἴνα
3268 3161 3340 3231 μὴ
3362 3159 3668 3228 παραπόδας
3690 3158 3817 3210 ἁκο-

2273 3252 2504 3321 λουθήσῃ
2533 3255 2560 3304 6
2588 3252 2816 3320 ἐλεγχος.
2855 3250 2986 3300 Ἐὰν
3012 3248 3076 3300 δὲ
3096 3248 3366 3313 εἴπωμεν,
3388 3245 3454 3307 ἐξ
3470 3243 3813 3310 ἀνθρώπων,

2273 3339 2599 3405 φοϐούμεθα
2626 3337 2729 3387 τὸν
2750 3335 2950 3401 ὄχλον,
2978 3332 3061 3400 μὴ
3094 3327 3477 3396 λιθασθῶμεν.
3509 3329 3611 3378 Καὶ
3641 3328 3751 3395 γάρ
3778 3330 3812 3393 ἡ

2274 3423 2400 3495 περὶ
2424 3422 2511 3475 τὸν
2537 3422 2737 3474 δίκαιον
2789 3420 3050 3489 πρόληψις
3094 3416 3453 3484 ἀπαραίτητον
3486 3413 3602 3465 καθ’
3657 3412 3814 3480 ήμῶν

2274 3508 2406 3560 οἴσει
2434 3508 2528 3577 τὴν
2554 3507 2724 3576 δίκην.
2783 3506 2895 3568 Πᾶς
2943 3505 3049 3573 γὰρ
3082 3506 3108 3554 6
3137 3502 3259 3563 λαὸς
3288 3497 3398 3569 εἶχε
3436 3500 3524 3550 τὸν
3564 3498 3815 3565 Ἰωάννην

2271 3593 2345 3654 ὡς
2374 3596 2669 3662 προφήτην.
2719 3592 2827 3644 Οὐκ
2858 3589 3137 3657 ἠϐούλοντο
3163 3583 3253 3639 οὖν
3282 3586 3338 3636 τὸ
3389 3583 3579 3653 ἀληθὲς
3616 3584 3813 3643 εἰπεῖν,

2271 3679 2351 3730 ὅτι
2380 3680 2443 3731 ἐκ
2462 3678 2593 3730 Θεοῦ
2611 3693 2625 3707 ⁸
2653 3676 3001 3729 ἀπεσείσαντο
3022 3674 3127 3743 γάρ
3150 3672 3242 3724 τοῦ
3259 3670 3391 3723 Θεοῦ
3416 3669 3511 3738 τήν
3540 3667 3811 3737 ἀλήθειαν,

2274 3768 2365 3817 καὶ
2396 3764 2455 3815 :6
2473 3763 2660 3831 ψεῦδος
2682 3764 2850 3813 εἰπεῖν
2869 3761 2965 3812 οὐκ
2984 3759 3217 3827 ἐτόλμων
3236 3774 3250 3787 ·
3278 3756 3375 3824 τῆς
3404 3754 3509 3822 γάρ
3532 3755 3815 3821 ἀναισχυν-

2273 3850 2389 3909 τίας
2419 3847 2668 3916 δικαστὴν
2699 3843 2839 3915 εἰχον
2874 3844 2962 3897 τὸν
3006 3843 3187 3910 φόϐον,
3220 3842 3313 3892 καὶ
3340 3839 3524 3891 τοῦτον
3563 3838 3622 3889 οὐ
3651 3838 3809 3898 θεῖον,

2272 3934 2405 3987 ἀλλά
2439 3931 2790 4002 ἀνθρώπινον.
2825 3929 2933 3983 Καὶ
2963 3928 3068 3996 γὰρ
3105 3926 3273 3987 οὕτως
3294 3925 3404 3993 ἔχει
3425 3940 3437 3952 ·
3475 3923 3657 3975 πολλοὶ
3691 3923 3816 3972 πολι

2272 4019 2428 4083 λάκις
2454 4018 2584 4071 Θεοῦ
2621 4017 2780 4085 φόϐον
2806 4018 2904 4068 οὐκ
2932 4015 3158 4085 ἔχοντες,
3189 4010 3507 4081 ἀνθρωπίνῳ
3533 4008 3679 4076 φόϐῳ
3696 4008 3815 4060 δου-

2272 4104 2530 4157 λεύουσιν.
2570 4102 2882 4170 Ἐφοϐοῦντο
2905 4100 2993 4151 τὸν
3014 4098 3155 4152 λαόν.
3184 4097 3305 4150 Εἴθε
3328 4096 3416 4147 τὸν
3442 4094 3594 4155 Θεὸν,
3624 4096 3714 4144 καὶ
3744 4093 3814 4160 μὴ

2271 4190 2361 4241 τὸν
2384 4189 2540 4241 λαόν·
2573 4188 2631 4240 τὸ
2684 4186 2781 4255 μὲν
2810 4186 2915 4254 γὰρ
2970 4182 3226 4245 εὐσεϐεῖν,
3271 4181 3330 4232 τὸ
3366 4180 3419 4230 δέ
3452 4178 3688 4231 ἀσεϐεῖν.
3716 4179 3814 4228 Λέ-

2273 4290 2455 4340 γουσιν
2484 4272 2648 4340 αὐτῷ,
2686 4274 2805 4323 Οὐκ
2834 4269 3089 4335 οἴδαμεν.
3118 4268 3257 4334 Ὅρα
3302 4264 3414 4323 πῶς
3445 4265 3477 4331 ἡ
3518 4263 3683 4314 κακία
3710 4266 3815 4324 τοῖς

2276 4361 2523 4428 πονηροῖς
2556 4356 2851 4426 ἐμφωλεύει
2877 4372 2889 4386 ·
2920 4357 3018 4423 ὅρα
3068 4352 3181 4413 πῶς
3220 4349 3413 4417 ἐαυτῆς
3450 4349 3548 4417 τὴν
3592 4348 3815 4398 ἀτοπίαν

2270 4447 2305 4514 ή
2336 4446 2556 4497 ἀσέϐεια
2585 4444 2856 4512 κηρύττει.
2882 4442 3085 4510 ’Ὥσπερ
3112 4438 3215 4507 γάρ
3248 4436 3378 4505 έχις,
3426 4436 3459 4504 ἦ
3499 4453 3549 4487 τι
3582 4436 3687 4486 τῶν
3719 4452 3813 4486 που

2273 4532 2577 4600 νηροτάτων
2631 4529 2860 4599 θηρίων,
2916 4529 3023 4588 τοῖς
3076 4524 3354 4591 ὑπονόμων
3412 4531 3431 4552 ⁸
3483 4520 3811 4589 ἐμφωλεύον,

2271 4618 2450 4685 ἡρέμα
2481 4615 2774 4685 προκύπτει
2803 4614 2901 4681 τῆς
2922 4610 3279 4671 καταδύσεως,
3317 4607 3406 4660 καὶ
3438 4608 3617 4659 τέλεον
3650 4623 3807 4675 προσ-

2272 4703 2438 4754 ελθεῖν
2466 4704 2562 4754 οὐκ
2586 4702 2753 4752 ἐθέλει
2773 4715 2785 4728 ’
2821 4699 2960 4750 οὕτω
3005 4697 3096 4749 καὶ
3125 4696 3172 4746 οἰ
3215 4694 3471 4756 Ἰουδαῖοι,
3525 4692 3601 4760 τῷ
3629 4690 3811 4757 φωλεῷ

2270 4790 2365 4857 τῆς
2392 4788 2585 4848 κακίας
2611 4786 2891 4849 συζῶντες,
2915 4786 2991 4845 είς
3015 4782 3127 4849 φῶς
3145 4782 3239 4849 τὴν
3269 4779 3474 4831 ἐαυτῶν
3502 4779 3563 4829 οὐ
3590 4776 3815 4846 προσφέ-

2272 4893 2421 4947 ρουσι
2454 4876 2694 4943 γνώμην.
2726 4874 2814 4924 Διὸ
2844 4875 2933 4924 καί¹
2961 4872 2989 4922 6
3014 4869 3212 4936 Κύριος
3244 4867 3377 4935 πρὸς
3407 4865 3632 4927 αὐτούς’
3670 4863 3814 4947 Οὐδὲ

2267 4946 2379 5028 ἐγὼ
2408 4961 2559 5029 λέγω
2593 4960 2748 5027 ὑμῖν.
2778 4960 2917 5027 Ὅρα
2937 4955 3049 5017 πῶς
3070 4956 3102 5021 ή
3131 4951 3305 5019 σιωπὴ
3327 4952 3420 5021 τὴν
3456 4951 3656 5003 ἄτοπον
3686 4946 3814 5017 ἐρώ-

2266 5063 2418 5114 τησιν
2447 5047 2698 5098 ἐκόλασεν
2718 5061 2730 5073 ·
2763 5045 2861 5113 δρα
2889 5041 3004 5102 πῶς
3032 5040 3125 5108 τὴν
3165 5037 3353 5090 κακίαν
3382 5037 3483 5088 οὐκ
3521 5033 3815 5103 ἐπληροφό-

2269 5148 2451 5201 ρησεν,
2484 5132 2592 5182 ἀλλ’
2617 5130 2915 5197 ἀπέστησεν
2950 5125 3139 5186 αὐτοὺς
3166 5124 3221 5174 ὲν
3247 5123 3395 5191 μέσῳ
3421 5122 3533 5173 τῶν
3578 5120 3813 5185 συλλογι-

2268 5215 2438 5283 σμῶν.
2468 5216 2575 5266 Καὶ
2607 5216 2741 5283 ὅπερ
2770 5212 2935 5264 ἔπαθέ
2976 5225 3100 5261 ποτε
3128 5213 3159 5277 ή
3187 5208 3303 5270 δνος
3331 5207 3422 5259 τοῦ
3458 5205 3707 5272 Βαλαάμ,
3742 5202 3811 5271 μὴ

2266 5300 2549 5368 δυνηθεῖσα
2575 5299 2812 5351 ἐκκλῖναι
2829 5295 2975 5359 δεξιά
2997 5296 3029 5363 ἦ
3052 5293 3333 5363 ἀριστερά,
3354 5292 3445 5344 διὰ
3471 5292 3564 5341 τὸν
3590 5287 3811 5354 ἄγγελον

2265 5386 2351 5436 τὸν
2372 5386 2757 5454 ἁντιστήσαντα
2788 5381 2983 5453 ταύτῃ·
3016 5378 3183 5441 οὕτως
3234 5376 3432 5428 ἔπαθεν
3476 5376 3510 5443 ἡ
3558 5370 3810 5439 ἰουδαῖκὴ

2326 5552 2341 5573 ”
2393 5550 2683 5607 Ὑπονὸμων,
2727 5560 2835 5603 vox,
2880 5543 3183 5607 utrvidetur,
3234 5545 3483 5602 corrupta.
3543 5537 3810 5590 Colelerius

2268 5612 2529 5676 legendum
2548 5606 2792 5657 existimat
2814 5606 3075 5667 ὑπονόμοις.
