3982 6218
192 368 306 424 413

195 482 323 534 tiam
372 475 652 531 verborum
692 469 935 531 oll‘erunt,
976 481 1008 520 a
1035 478 1140 534 quo
1179 474 1233 518 et
1271 477 1427 522 omne
1470 459 1750 514 verborum

196 567 500 628 artificium,
529 573 584 617 et
618 561 787 617 omnis
815 565 1136 627 prmparatus
1175 552 1567 607 ratiociniorum
1604 562 1750 602 com-

197 659 382 727 plexus
409 654 561 709 facile
591 651 889 721 percipitur.
924 646 1056 712 Quid
1095 646 1235 700 enim
1266 651 1438 705 potest
1466 641 1750 694 humanum

198 748 416 800 verbum
452 753 632 798 contra
678 740 904 795 Verbum
939 737 1144 792 Deum?
1184 733 1306 803 quid
1346 727 1753 800 sophismatibus

199 835 453 888 instructa
479 830 752 902 sapientia,
774 836 955 882 contra
981 827 1244 880 caelestem
1274 819 1621 889 sapientiam?

277 924 442 993 Opera
470 924 579 991 ipsa
600 929 884 988 potestatem
917 915 1063 970 Verbi
1095 914 1184 967 Dei
1213 912 1438 982 probant.
1468 937 1537 949 —-
1563 906 1630 960 In
1656 923 1756 977 qua

203 1023 442 1084 potestate
469 1014 572 1066 hac
608 1009 767 1081 facis?
791 1008 1055 1076 interroga
1086 1002 1448 1073 paralyticum,
1479 1013 1572 1067 per
1599 1011 1753 1066 quam

204 1111 514 1172 potestatem
548 1113 705 1152 sanus
751 1096 1018 1151 recumbat
1047 1112 1059 1146 :
1097 1094 1362 1158 interroga
1401 1087 1672 1151 miracula,
1705 1093 1758 1138 et

203 1192 519 1246 ntirabilium
565 1186 849 1242 Patratoris
879 1191 1186 1252 potestatem
1214 1179 1419 1231 curiose
1457 1191 1522 1229 ne
1547 1173 1754 1242 perqui-

204 1297 314 1337 ras.
343 1280 460 1333 Non
490 1277 770 1345 respondet
804 1274 951 1326 vobis
975 1272 1147 1324 dixina
1182 1268 1345 1338 gratia
1365 1307 1380 1329 ,
1417 1264 1757 1332 responsione

206 1370 450 1439 indignos
483 1368 719 1436 judicans
755 1377 848 1417 eos
882 1362 970 1431 qui
1001 1372 1272 1428 perperam
1304 1357 1641 1423 interrogant.
1687 1351 1756 1404 lta

205 1461 341 1515 solet
379 1459 470 1513 Dei
501 1456 768 1509 Verbum:
806 1467 924 1506 cum
965 1450 1103 1504 videt
1143 1449 1371 1501 animam
1413 1445 1670 1512 obliquam
1707 1449 1760 1494 et

208 1562 529 1620 perversam,
561 1543 774 1611 expellit
801 1557 937 1605 eam,
975 1549 1032 1593 ut
1060 1539 1221 1608 gratia
1247 1536 1530 1603 indignam,
1561 1542 1611 1586 et
1639 1546 1759 1585 cum

207 1640 368 1692 multa
395 1650 534 1705 saepe
570 1624 772 1686 discere
807 1637 1045 1693 conetur,
1086 1627 1355 1680 veritatem
1384 1638 1486 1677 non
1523 1624 1763 1689 impetrat

208 1744 237 1781 a
266 1728 507 1782 veritate.
539 1724 867 1791 interrogant
894 1719 1058 1774 Judtei
1083 1731 1241 1786 scr-pe,
1273 1731 1333 1769 ac
1364 1729 1430 1768 ne
1455 1713 1615 1768 semel
1643 1711 1760 1780 qui-

208 1817 329 1870 dem
359 1817 584 1878 discunt,
615 1813 734 1882 quia
761 1810 894 1864 male
920 1810 1258 1876 interrogant.
1291 1805 1462 1872 Usque
1491 1802 1622 1856 adeo
1644 1801 1760 1853 illo-

209 1924 326 1962 rum
357 1906 560 1960 animos
596 1903 865 1957 cruciabat
902 1901 1192 1955 Servatoris
1230 1895 1518 1957 silentium,
1551 1903 1606 1945 ut
1645 1902 1764 1945 tunc

209 1997 412 2050 diceret
442 1994 607 2046 malus
636 1993 725 2045 ille
761 2004 1038 2044 consessus
1067 2004 1081 2040 :
1118 1988 1382 2054 Quousque
1419 1984 1637 2035 animam
1675 1997 1765 2034 no-

210 2096 366 2140 stram
393 2085 566 2138 tollis?
595 2083 655 2137 Si
682 2091 733 2135 tu
760 2098 812 2135 es
840 2081 1086 2145 Christus,
1113 2079 1194 2130 dic
1223 2076 1362 2128 nobis
1392 2074 1558 2143 palam
1586 2070 1760 2139 (Joan.

212 2177 300 2231 10.
332 2176 443 2246 24).
469 2175 571 2230 Sed
599 2188 769 2241 neque
800 2181 917 2240 post
955 2171 1089 2223 hanc
1117 2182 1295 2221 vocem
1331 2166 1432 2218 illis
1461 2161 1763 2230 respondet,

210 2266 332 2334 quia
356 2264 694 2333 responsione
718 2261 857 2330 digni
885 2274 986 2313 non
1015 2267 1183 2317 erant,
1207 2256 1292 2324 qui
1324 2254 1456 2306 male
1477 2255 1765 2319 interroga-

210 2363 420 2408 verunt.
448 2353 580 2419 Quid
609 2354 782 2421 itaque
824 2351 901 2404 eis
936 2347 1213 2402 Servator?
1256 2345 1375 2397 Dixi
1405 2343 1556 2405 vobis,
1586 2350 1628 2394 et
1668 2355 1766 2392 non

212 2444 424 2496 audistis
445 2457 464 2506 ;
488 2443 605 2512 quid
633 2443 809 2494 iterant
832 2439 977 2491 vultis
1002 2437 1175 2489 audire
1209 2434 1368 2503 (Ibid.
1393 2434 1444 2487 9.
1483 2432 1608 2500 27)?
1633 2430 1764 2498 Ope-

213 2551 293 2598 ra,
325 2549 436 2602 quia
471 2548 558 2603 ego
594 2532 742 2600 facio,
787 2531 897 2599 ipsa
936 2527 1262 2580 tes:imoninm
1303 2523 1554 2592 perhibent
1597 2522 1657 2572 de
1693 2537 1768 2572 me

215 2624 377 2695 (Ibid.
412 2625 495 2678 10.
535 2623 649 2688 25).
685 2622 839 2675 Vides
866 2621 999 2674 velle
1028 2635 1144 2673 eum
1177 2627 1230 2671 ut
1257 2631 1413 2683 opera
1442 2616 1768 2680 interrogen-

215 2725 323 2780 tur,
352 2729 452 2767 non
493 2723 549 2766 ut
574 2713 638 2767 de
678 2719 932 2779 potestate
961 2707 1287 2778 inquiratur?
1329 2701 1768 2770 lnterrogantJu-

215 2801 356 2856 diei:
403 2801 460 2854 Si
504 2811 558 2854 tu
597 2818 646 2854 es
685 2800 927 2862 Christus,
967 2799 1045 2850 dic
1087 2797 1224 2849 nobis
1265 2792 1475 2862 palam;
1521 2805 1771 2859 quousque

215 2891 437 2944 animam
462 2898 678 2941 nostram
719 2888 850 2939 tollis
879 2885 1052 2954 (Joan.
1084 2884 1167 2937 it).
1202 2882 1335 2949 2i)?
1373 2894 1469 2933 nec
1497 2877 1770 2946 quastioni

215 2985 309 3039 dat
328 2984 639 3038 solutionem
665 2999 677 3033 :
708 2978 1095 3047 interrogabant
1115 2977 1254 3030 enim
1279 2988 1380 3026 non
1404 2970 1656 3035 discendi,
1681 2968 1770 3022 sed

216 3073 497 3129 accusandi
540 3085 717 3126 causa.
763 3069 983 3137 Caiphas
1025 3076 1195 3118 autem
1248 3065 1487 3132 princeps
1528 3058 1772 3112 sacerdo-

219 3177 633 3234 tum,synagoga
662 3162 746 3214 illa
787 3160 992 3228 dignus,
1036 3156 1086 3208 in
1127 3164 1318 3208 tantam
1359 3153 1638 3204 amentiam
1676 3147 1770 3202 de—

219 3263 456 3318 venerat,
487 3262 543 3306 ut
570 3253 805 3304 diceret:
848 3249 1037 3315 Adjuro
1076 3256 1122 3298 te
1164 3261 1250 3310 per
1288 3243 1448 3296 Deum
1485 3243 1664 3303 vivum,
1696 3240 1773 3291 dic

218 3345 383 3406 nobis,
435 3344 476 3394 si
520 3350 573 3393 tu
619 3355 669 3392 es
713 3338 875 3391 Filius
909 3335 1162 3388 Benedicti
1200 3333 1407 3402 (Matth.
1447 3331 1534 3385 26.
1568 3330 1675 3397 6'5).
1708 3329 1776 3380 At

219 3435 471 3488 Servator
495 3430 690 3484 docens
720 3442 815 3481 nos
843 3439 1114 3480 sermones
1149 3439 1266 3476 cum
1301 3423 1492 3490 pietate
1514 3421 1772 3487 accipere,

219 3521 481 3590 adjuranti
527 3519 735 3589 quidem
780 3516 1093 3585 respondet,
1136 3528 1302 3581 neque
1351 3521 1518 3565 tamen
1563 3510 1774 3563 dubium

220 3612 396 3665 solvit.
455 3609 548 3662 Dic
598 3609 756 3672 nobis,
806 3605 1004 3674 inquit,
1045 3607 1088 3658 si
1123 3614 1173 3656 tu
1221 3620 1269 3656 es
1319 3601 1482 3654 Filius
1524 3599 1778 3652 Benedicti

221 3698 539 3772 (Matt/1.26.
554 3698 666 3768 64).
694 3697 779 3751 Ait
807 3697 876 3749 illi
905 3695 1152 3749 Dominus
1180 3710 1192 3744 :
1223 3692 1297 3744 Tu
1326 3691 1494 3744 dixisti
1520 3706 1538 3742 :
1558 3689 1778 3757 acjura-

221 3801 457 3846 mentum
481 3805 574 3858 per
599 3788 979 3844 confessionem
1012 3783 1302 3846 honoravit,
1332 3796 1502 3850 neque
1528 3780 1776 3833 malitiam

220 3881 503 3937 certiorem
545 3879 686 3941 fecit,
717 3879 960 3932 astutiam
1000 3874 1349 3926 abominatus.
1391 3871 1526 3922 Male
1554 3869 1776 3937 quaesie-

221 3982 343 4028 rant
369 3971 552 4035 Judaei,
583 3985 678 4023 nec
702 3982 1009 4036 reSponsum
1041 3967 1138 4018 illis
1175 3973 1255 4017 est
1291 3980 1302 4013 :
1343 3961 1497 4031 idque
1523 3961 1638 4028 jure
1664 3975 1776 4012 me-

222 4064 357 4127 rito;
388 4077 506 4116 nam
532 4061 756 4128 obliqua:
788 4057 1129 4128 cogitationes
1164 4071 1191 4106 a
1236 4055 1341 4108 Deo
1371 4061 1632 4120 separant.
1664 4050 1775 4104 Non

223 4152 405 4208 emisit
428 4149 733 4218 sapientiam
762 4162 908 4201 suam
941 4147 1002 4198 iis
1030 4144 1116 4212 qui
1147 4143 1283 4196 male
1313 4143 1450 4195 illam
1477 4141 1781 4195 scrutaban-

225 4255 332 4298 tur.
365 4241 430 4294 In
457 4239 748 4294 malevolam
768 4237 895 4290 enim
920 4236 1134 4288 animam
1163 4249 1262 4285 non
1291 4232 1507 4284 introibit
1537 4230 1780 4298 sapientia

228 4338 383 4410 (Sap.
415 4335 461 4387 t.
493 4331 568 4404 4).

298 4425 351 4476 2.
385 4426 553 4491 Atque
593 4421 666 4474 illi
711 4427 830 4489 post
867 4417 1163 4485 frequentes
1201 4411 1516 4480 quaestiones
1555 4408 1604 4460 id
1644 4405 1781 4476 quod

225 4516 532 4587 qnmrehant
557 4529 656 4566 non
688 4514 1024 4564 invenerunt:
1051 4507 1372 4558 lllllllCl‘tCl’O
1389 4501 1644 4569 quardam,
1667 4513 1781 4566 quae

226 4610 346 4662 sine
368 4606 492 4661 dolo
512 4615 564 4658 et
591 4618 709 4657 cum
745 4602 946 4654 sincera
995 4598 1092 4650 fide
1128 4602 1437 4655 accesserat,
1470 4606 1569 4643 non
1595 4599 1649 4643 ut
1672 4601 1782 4641 ten-

228 4703 366 4750 taret
404 4695 544 4748 illam
590 4670 1162 4757 ineomprehensihilem
1202 4684 1444 4736 virtutem
1475 4718 1488 4743 ,
1535 4678 1624 4730 sed
1664 4691 1783 4730 cum

228 4785 564 4854 simplicitate
586 4782 858 4835 Dominum
885 4778 1084 4838 adiens,
1112 4774 1338 4828 dictione
1360 4770 1522 4834 tenui,
1549 4769 1639 4823 sed
1663 4783 1787 4836 pura

231 4877 339 4931 fide
358 4875 538 4929 dicens
562 4890 576 4924 :
605 4871 802 4925 Scimus
831 4867 962 4936 quod
988 4883 1096 4918 cum
1123 4865 1305 4917 venerit
1341 4861 1571 4924 Messias,
1608 4859 1691 4926 qui
1713 4859 1791 4909 di-

230 4966 362 5018 citur
391 4961 631 5023 Christus,
674 4959 781 5025 ipse
825 4954 962 5008 nobis
997 4952 1304 5005 annuntiabit
1334 4950 1498 5002 omnia
1532 4945 1707 5014 (Joan.
1734 4945 1787 4997 4.

229 5056 372 5124 25);
412 5052 584 5105 statim
624 5048 819 5102 audivit
863 5046 928 5099 ab
969 5052 1203 5096 amatore
1253 5037 1597 5107 simplicitatis
1638 5053 1648 5087 :
1683 5033 1790 5102 Ego

232 5163 346 5201 sum
374 5144 457 5211 qui
491 5144 663 5211 loquor
700 5150 857 5192 tecum
878 5136 1035 5206 (Ibid.
1066 5152 1110 5187 υ.
1141 5132 1254 5202 26).
1284 5130 1521 5184 Nondum
1571 5128 1792 5180 interro-

232 5243 469 5305 gaverat,
491 5240 542 5286 et
567 5231 738 5285 statim
762 5228 942 5281 didicit
966 5242 980 5290 ;
1009 5225 1238 5278 nondum
1264 5221 1381 5274 ﬁdei
1403 5218 1616 5272 verbum
1638 5214 1792 5268 semi-

234 5332 476 5386 naverat,
506 5329 560 5373 et
584 5319 758 5372 statim
787 5317 1006 5369 fructum
1039 5313 1242 5381 pietatis
1263 5308 1543 5376 decerpsit.
1575 5307 1794 5360 Sanctus

235 5415 433 5486 quippe
463 5412 602 5465 Deus
622 5410 673 5462 in
702 5406 1025 5474 simplicibus
1050 5413 1103 5457 et
1123 5402 1316 5456 sanctis
1341 5398 1642 5467 requiescit,
1673 5409 1792 5448 cum

235 5501 536 5558 accedentis
565 5498 944 5566 simplicitatem
976 5493 1199 5555 viderit;
1231 5491 1455 5559 explicat
1493 5489 1647 5541 etiam
1686 5487 1794 5553 ipse

236 5593 507 5664 sapientia:
531 5603 638 5644 sua:
664 5585 1055 5642 beneficentiam
1087 5601 1100 5635 :
1132 5598 1250 5636 eum
1272 5581 1456 5634 viderit
1483 5586 1654 5630 autem
1685 5575 1795 5627 ani-

242 5703 384 5743 mam
429 5679 654 5749 nequitia
696 5690 1026 5747 perversam,
1074 5672 1382 5727 beneﬁcium
1423 5665 1653 5730 cohibet,
1700 5679 1794 5718 nec

1179 352 1245 408 IN
1281 350 1504 417 ILLUD,
1543 346 1609 403 IN
1648 344 1786 412 QUA
1824 342 2237 412 POTESTATE,
2277 343 2427 402 ETC.

3313 371 3423 422 414

1857 455 2148 510 doctrinam
2174 457 2383 512 emittit.
2417 457 2550 512 Audi
2574 459 2697 528 quid
2725 460 2835 528 ipse
2854 460 2986 514 dicat
3016 475 3106 529 per
3131 461 3359 532 Moysmn
3396 482 3410 517 :

1857 543 1917 598 Si
1941 560 2025 600 vos
2052 546 2416 600 ambulaveritis
2436 564 2554 618 erga
2579 565 2657 600 me
2691 551 2832 615 recti,
2873 563 2920 602 et
2952 567 3041 619 ego
3083 568 3198 620 erga
3226 567 3307 604 vos
3334 569 3412 605 re-

1855 643 1962 687 ctus
1980 634 2052 704 (a)
2074 634 2251 705 (Leuit.
2272 635 2360 690 26.
2388 636 2476 691 25.
2503 636 2613 705 2i);
2637 637 2868 692 siautem
2893 655 2983 692 vos
3003 640 3216 708 obliqui,
3243 649 3296 693 et
3315 656 3412 709 ego

1857 732 1974 777 utar
1999 723 2147 778 vobis
2179 723 2356 778 furore
2384 725 2626 794 obliquo;
2664 743 2766 779 non
2793 728 2930 795 quod
2959 728 3130 782 divina
3172 740 3350 783 natura
3380 746 3407 783 a

1857 822 2000 865 recto
2021 812 2275 878 declinet;
2305 814 2395 868 sed
2420 815 2554 884 quod
2583 816 2854 883 improbis,
2881 833 2939 870 ea
2963 834 3076 885 quae
3102 837 3161 872 ex
3192 822 3411 874 veritate

1860 900 2277 969 proficiscnntur,
2315 918 2416 957 non
2449 914 2588 957 recta
2619 906 2922 973 procedant.
2956 906 3019 958 In
3048 927 3142 978 qua
3172 922 3411 978 potestate

1859 992 1964 1044 hch
1991 991 2161 1061 facis?
2199 1002 2286 1044 aut
2327 995 2435 1062 quis
2472 994 2558 1045 tibi
2595 994 2729 1046 dedit
2757 998 2886 1047 hanc
2924 1001 3244 1063 potestatem?
3277 1001 3409 1055 Tum

1860 1082 2106 1136 Servator
2143 1083 2237 1136 eis.
2269 1084 2362 1138 llic
2386 1087 2616 1149 attende,
2645 1103 2798 1155 quam
2831 1089 2978 1140 nobis
3008 1089 3256 1143 doctrinae
3292 1109 3411 1145 nor-

1861 1187 1996 1224 mam
2051 1181 2104 1226 et
2156 1174 2388 1242 regulam
2440 1188 2694 1244 proponat
2740 1178 3096 1231 universorum
3142 1181 3408 1234 Dominus.

1860 1261 2107 1328 Qumnam
2142 1263 2252 1317 haec
2281 1265 2391 1317 est?
2429 1264 2545 1317 Vult
2574 1280 2667 1318 nos
2717 1266 2966 1335 improbis
3007 1269 3282 1333 litcreticis,
3322 1272 3414 1324 Ju-

1862 1351 2009 1414 dteis,
2042 1353 2339 1422 gentilibus,
2372 1356 2452 1408 vel
2483 1356 2600 1408 aliis
2632 1356 2720 1423 qui
2758 1371 2784 1406 a
2831 1357 2910 1424 pia
2957 1358 3204 1426 religione
3249 1361 3416 1413 desci-

1861 1444 2050 1508 verint,
2078 1459 2179 1497 non
2207 1445 2522 1511 respondere
2539 1461 2745 1512 semper
2767 1448 3109 1515 interrogatos
3155 1448 3410 1518 Cuntingit

1861 1534 2021 1592 enim.
2070 1534 2321 1602 contingit
2354 1549 2511 1603 saspe,
2556 1537 3009 1605 interrogationem
3049 1555 3148 1592 non
3177 1556 3295 1594 esse
3333 1558 3415 1596 re-

1861 1623 2142 1690 sponsione
2176 1623 2382 1692 dignam
2415 1641 2426 1676 :
2459 1635 2611 1693 atque
2643 1641 2734 1693 par
2768 1636 2848 1679 est
2881 1629 3091 1681 omnino
3121 1630 3416 1698 hujusmodi

1863 1712 2354 1781 interrogationibus
2414 1714 2583 1783 justas
2648 1716 3080 1784 interrogationes
3131 1737 3415 1788 opponere.

1865 1801 1986 1854 ldco
2004 1803 2077 1855 ait
2097 1802 2198 1855 illis
2226 1802 2475 1856 Dominus
2505 1821 2518 1856 :
2557 1803 2880 1873 Inter-rogabo
2910 1823 2992 1859 vos
3032 1817 3076 1858 et
3114 1825 3202 1876 ego
3230 1826 3418 1862 sermo-

1865 1906 1996 1955 nem,
2034 1907 2176 1957 quem
2214 1892 2257 1944 si
2298 1893 2521 1944 dixeritis
2548 1894 2687 1958 ntihi,
2726 1904 2770 1946 et
2815 1910 2903 1963 ego
2930 1895 3061 1948 vobis
3097 1898 3416 1964 respondebo.

1864 1978 2077 2032 Joannis
2106 1980 2395 2049 baptismus,
2440 1983 2624 2050 inquit,
2650 1985 2781 2036 unde
2805 1985 2951 2036 erat?
2992 2003 3053 2038 ea;
3089 1989 3229 2050 cwlo,
3267 2005 3330 2040 an
3361 2006 3420 2042 ea:

1868 2070 2144 2123 hominibus
2166 2070 2371 2139 (Matth.
2403 2072 2489 2124 2i.
2516 2072 2604 2125 24.
2641 2073 2758 2141 25)?
2791 2073 2920 2127 Vide
2947 2075 3072 2126 mihi
3112 2077 3301 2129 fontem
3331 2092 3417 2128 sa-

1869 2161 2095 2226 pientia},
2143 2170 2200 2214 ut
2238 2162 2641 2231 interrogatione
2682 2164 3008 2217 mendacium
3050 2177 3230 2234 arguat
3261 2184 3274 2231 ;
3305 2168 3420 2221 vide

1868 2247 1994 2300 mihi
2023 2248 2246 2302 Verbum
2293 2250 2403 2314 Dei,
2444 2253 2581 2319 quod
2612 2253 2926 2323 syllogismis
2956 2258 3234 2322 nequitiam
3267 2274 3421 2310 ever-

1870 2338 1954 2391 tit:
1984 2337 2100 2391 vide
2126 2353 2331 2407 quoque
2358 2340 2625 2406 malitiam,
2672 2344 2931 2410 quomodo
2960 2345 3064 2396 suis
3097 2347 3211 2398 telis
3236 2348 3419 2398 confo-

1868 2430 2074 2491 diatur,
2119 2445 2180 2482 ac
2223 2432 2329 2483 suis
2369 2433 2540 2498 pravis
2589 2435 2786 2487 artibus
2839 2436 3109 2488 avellatur.
3163 2437 3421 2502 Baptisma

1867 2519 2079 2572 Joannis
2106 2521 2236 2572 unde
2252 2531 2353 2574 erat
2375 2523 2399 2573 ?
2425 2538 2487 2574 ex
2506 2523 2645 2585 caelo,
2670 2541 2734 2574 an
2761 2540 2820 2574 ea:
2845 2525 3120 2577 hominibus
3143 2529 3165 2578 ?
3195 2527 3269 2578 Illi
3294 2546 3422 2594 quo-

1868 2626 1968 2677 que
2005 2611 2140 2678 apud
2169 2625 2225 2664 se
2254 2613 2509 2663 sermonis
2539 2613 2641 2663 vim
2679 2613 3036 2679 explorabant.
3067 2626 3119 2669 et
3152 2622 3293 2669 aiunt
3323 2637 3333 2670 :
3365 2621 3422 2672 Si

1870 2699 2159 2762 dixerimus,
2183 2696 2261 2750 Ex
2283 2699 2419 2761 cwlo,
2445 2699 2571 2750 dicet
2608 2701 2765 2764 nobis,
2795 2701 2895 2753 Cur
2918 2720 3033 2770 ergo
3073 2722 3171 2756 non
3205 2709 3422 2759 credidi-

1871 2792 1956 2839 stis
1987 2785 2143 2856 (Ibid.
2177 2804 2223 2840 v.
2266 2786 2401 2858 26)?
2446 2788 2597 2842 Novit
2643 2789 2946 2857 improbitas
2984 2794 3200 2847 exitium
3238 2813 3422 2861 suum;

1873 2877 2015 2929 novit
2037 2891 2094 2930 se
2127 2893 2216 2945 per
2253 2892 2369 2947 qum
2403 2878 2682 2946 protendit,
2723 2893 2814 2946 per
2841 2895 2899 2932 ea
2927 2881 3142 2935 destrui.
3181 2885 3307 2950 Quia
3332 2886 3424 2939 Jo-

1872 2969 1990 3021 anni
2023 2984 2122 3022 non
2159 2969 2663 3038 obtemperaverant,
2707 2972 3019 3026 verebantur
3053 2975 3225 3028 dicere
3254 2977 3422 3044 ipsum

1875 3073 1939 3111 ex
1967 3059 2072 3112 Deo
2093 3073 2230 3124 esse,
2261 3076 2324 3114 ne
2347 3076 2376 3114 e
2404 3061 2622 3129 vestigio
2656 3071 2962 3129 sequeretur
2988 3065 3341 3131 reprehensio.
3366 3069 3425 3121 Si

1873 3160 2033 3202 autent
2061 3152 2347 3213 dixerimus.
2385 3152 2465 3205 Ex
2493 3153 2800 3213 hominibus,
2839 3154 3063 3206 timemus
3102 3158 3323 3218 turbam,
3366 3176 3426 3211 ne

1876 3241 2154 3308 lnpidemur
2181 3240 2328 3309 (Luc.
2371 3241 2457 3293 20.
2501 3242 2575 3310 6).
2623 3241 2750 3292 Nam
2793 3255 3151 3310 prteoccupata
3185 3245 3249 3297 de
3283 3247 3426 3314 justo

1875 3329 2050 3394 opinio
2095 3328 2462 3381 inexorabilem
2505 3328 2778 3381 adversum
2833 3344 2928 3382 nos
2981 3331 3112 3384 feret
3152 3334 3424 3388 ultionem.

1881 3415 2051 3467 Omnis
2071 3417 2199 3466 enim
2227 3417 2440 3482 populus
2469 3415 2672 3466 [rubebat
2704 3414 2948 3468 Joannem
2986 3418 3113 3470 sicut
3140 3423 3427 3488 praphctam

1882 3503 2086 3574 (Matth.
2116 3504 2204 3556 2i.
2230 3501 2341 3573 26).
2391 3503 2677 3557 Noluerunt
2717 3521 2842 3573 ergo
2869 3522 2988 3559 vera
3018 3507 3210 3573 dicere,
3243 3528 3429 3579 nempe

1878 3595 2013 3663 quod
2053 3611 2112 3647 ex
2161 3594 2269 3648 Deo
2313 3604 2493 3648 esset:
2527 3595 2619 3648 Dei
2662 3611 2883 3664 namque
2917 3598 3186 3651 veritatem
3227 3602 3431 3667 objece-

1879 3693 2014 3748 ruut,
2045 3699 2106 3737 ac
2129 3683 2456 3737 mendacium
2486 3684 2658 3737 dicere
2681 3700 2782 3736 non
2802 3685 2912 3737 ausi
2949 3697 3103 3748 sunt;
3133 3687 3430 3754 impruden-

1883 3776 1965 3828 tiae
2004 3776 2141 3828 enim
2188 3773 2413 3842 judicem
2457 3773 2717 3826 habebant
2749 3775 3008 3837 timorem,
3056 3774 3296 3843 huncque
3327 3794 3429 3831 non

1880 3866 2130 3925 divinum,
2158 3863 2250 3917 sed
2280 3863 2582 3916 humanum.
2615 3863 2739 3915 Nam
2772 3865 2837 3916 ita
2863 3879 2919 3917 se
2941 3879 3023 3917 res
3062 3865 3215 3918 liabet
3242 3883 3255 3929 ;
3283 3868 3432 3922 multi

1881 3970 2017 4021 smpe
2047 3953 2136 4006 Dei
2157 3954 2342 4005 timore
2365 3968 2464 4004 non
2490 3953 2711 4020 praediti.
2737 3953 2960 4006 humano
2981 3955 3210 4007 serviunt
3236 3956 3429 4009 timori.

1882 4043 2157 4098 Timebant
2185 4043 2410 4111 plebem.
2451 4041 2655 4095 Utinam
2696 4042 2873 4106 Deum,
2912 4058 3012 4095 non
3045 4044 3276 4110 plebem!
3311 4045 3434 4096 illud

1883 4149 2106 4203 namque
2135 4134 2338 4200 pietatis
2361 4142 2460 4194 est,
2493 4131 2592 4183 hoc
2617 4132 2913 4197 impietatis.
2949 4131 3132 4182 Dicunt
3161 4133 3224 4193 ei,
3257 4131 3435 4184 Nesci-

1884 4241 1992 4276 mus
2018 4223 2205 4291 (Marc.
2234 4223 2318 4274 Η.
2342 4220 2452 4288 55).
2490 4220 2615 4272 Vide
2635 4219 2894 4287 quomodo
2915 4219 3138 4287 nequitia
3163 4220 3211 4272 in
3242 4220 3438 4289 impro-

1885 4316 1966 4369 bis
1998 4314 2198 4367 latitet:
2226 4313 2343 4365 vide
2383 4310 2645 4380 quomodo
2671 4310 3038 4364 absurditatem
3069 4325 3216 4364 suam
3249 4314 3438 4380 impio-

1890 4416 1967 4459 las
2007 4406 2280 4474 prtedicat.
2327 4404 2455 4457 Nam
2499 4405 2632 4456 sicut
2675 4404 2883 4470 vipera,
2933 4412 3022 4456 aut.
3064 4403 3436 4458 immanissima

1889 4514 2107 4566 quaeque
2134 4498 2260 4558 fera,
2294 4497 2342 4549 in
2373 4494 2600 4548 latibulis
2625 4494 2838 4561 dt'gcns,
2863 4494 3053 4546 sensim
3077 4509 3106 4546 e
3133 4510 3290 4562 specu
3320 4510 3437 4562 pro—

1892 4588 1988 4651 dit,
2023 4602 2117 4642 nec
2151 4587 2363 4638 omnino
2389 4586 2499 4638 vult
2536 4583 2784 4652 prodire:
2818 4581 2892 4633 sic
2926 4591 2978 4633 et
3008 4581 3170 4634 Judaei
3213 4585 3260 4634 in
3292 4593 3439 4636 antro

1893 4677 2158 4746 pravitatis
2185 4684 2472 4739 versantes,
2521 4672 2830 4726 sententiam
2860 4686 3004 4723 suam
3053 4673 3101 4723 in
3143 4672 3309 4726 lucem
3341 4691 3442 4727 non

1890 4770 2177 4839 prolerunt.
2205 4765 2550 4833 Quamobrem
2577 4763 2824 4815 Dominus
2844 4763 2915 4813 ait
2939 4762 3072 4814 illis:
3101 4761 3206 4814 Nec
3227 4780 3314 4832 ego
3335 4765 3445 4817 dico

1892 4859 2022 4911 vobis
2047 4857 2253 4926 (Matth.
2282 4855 2370 4907 21.
2400 4853 2508 4922 27).
2540 4852 2666 4905 Vide
2695 4852 2958 4919 quomodo
2980 4852 3241 4905 silentium
3268 4855 3448 4907 absur-

1897 4950 2010 5003 tlam
2035 4946 2488 5014 interrogationem
2521 4944 2850 5012 castigaverit
2880 4959 2893 4994 :
2922 4943 3040 4996 vide
3067 4944 3328 5010 tptotttodo
3359 4961 3450 4998 ne-

1895 5041 2069 5108 quitiae
2108 5052 2209 5090 non
2250 5035 2432 5089 fecerit
2471 5035 2618 5096 satis,
2663 5032 2754 5085 sed
2793 5032 3040 5085 averterit
3069 5047 3158 5084 eos
3195 5033 3245 5084 in
3278 5034 3453 5087 medio

1897 5130 2307 5185 ratiociniorum.
2339 5127 2402 5180 Et
2426 5125 2563 5195 quod
2592 5125 2714 5177 olim
2755 5123 2970 5190 contigit
3012 5123 3172 5175 asina:
3200 5122 3448 5185 Balaami,

1899 5233 1952 5275 ut
1978 5236 2072 5276 nec
2091 5219 2156 5273 ad
2182 5219 2472 5280 dexteram,
2502 5230 2597 5268 nec
2635 5214 2697 5266 ad
2724 5214 2986 5266 sinistram
3026 5222 3198 5278 posset
3224 5211 3452 5265 declina-

1898 5328 1973 5372 rc,
2022 5318 2234 5377 propter
2275 5305 2536 5375 angelum,
2583 5303 2669 5370 qui
2713 5302 2897 5354 obvius
2927 5301 3095 5352 stabat
3141 5298 3324 5368 (Num.
3363 5300 3451 5352 2'2.

1896 5401 1985 5468 26)
2032 5416 2044 5449 :
2087 5398 2138 5451 id
2177 5397 2366 5452 accidit
2402 5393 2632 5449 Judaicte
2677 5390 3028 5459 improbitati,
3073 5406 3188 5457 qua:
3240 5405 3337 5443 nec
3388 5389 3453 5444 ad

1898 5491 2167 5544 dexteram
2212 5486 2443 5542 veritatis
2485 5498 2610 5536 ausa
2649 5489 2729 5535 est
2771 5481 3064 5548 respicere,
3104 5480 3170 5532 ob
3208 5478 3453 5532 Servato-

1960 5669 2037 5730 (a)
2069 5675 2177 5716 tltee
2202 5678 2293 5714 non
2317 5665 2372 5713 ad
2401 5664 2601 5713 verbum
2627 5676 2686 5711 ex
2713 5661 2947 5721 Scriptura
2970 5655 3218 5713 desumpta
3241 5657 3366 5699 sunt.
