3982 6218
547 386 659 440 415

553 497 665 537 rem
695 482 1028 551 abnegatam,
1060 496 1229 551 neque
1263 480 1329 535 ad
1369 482 1633 535 sinistram
1663 477 1942 545 mendacii,
1971 488 2111 534 metu

552 571 737 639 plebis.

628 680 888 736 Ila'reticis
913 684 1159 751 quomodo
1191 683 1608 750 respondendum.
1639 683 1826 737 Contra
1851 684 2111 735 Anomteos

550 772 816 838 agitanâ€”
840 772 1060 839 Oportet
1087 773 1240 841 igitur
1264 788 1357 825 nos
1398 789 1626 840 quoque,
1670 774 1878 839 fratres,
1908 773 2004 827 hac
2026 787 2108 826 re-

550 861 668 924 gula
694 875 722 910 a
747 859 965 912 Domino
991 871 1224 928 accepta,
1269 876 1372 912 non
1402 864 1573 915 omnia
1603 863 1860 916 lizereticis
1888 863 2112 914 interro-

547 949 792 1016 gantibus
820 949 1012 1002 dicere.
1040 949 1172 1003 Cum
1200 951 1336 1002 male
1362 951 1761 1020 interrogaverit
1805 951 2106 1015 hmreticus,

553 1039 715 1090 altera
733 1037 871 1105 justa
905 1039 1313 1107 interrogatione
1339 1039 1615 1092 absurdam
1635 1041 1748 1108 ejus
1767 1042 2107 1109 quaestionem

548 1129 712 1182 solve.
742 1130 895 1196 Str-pe
915 1139 1249 1197 percontatur
1276 1131 1551 1183 lmreticns
1580 1148 1592 1183 :
1621 1130 1764 1184 Nosti
1797 1131 1991 1191 Deum,
2041 1146 2108 1183 an

551 1233 654 1271 non
686 1219 864 1271 nosti?
885 1219 937 1272 Si
969 1219 1184 1284 dixeris,
1217 1217 1369 1286 Novi,
1391 1222 1563 1273 statim
1587 1222 1792 1287 reponit
1818 1237 1830 1271 :
1856 1219 1994 1288 Ergo
2015 1235 2100 1271 no-

549 1310 614 1360 sti
636 1309 773 1376 quod
794 1309 958 1362 colis?
984 1309 1141 1372 Sane,
1169 1310 1336 1378 inquit
1375 1311 1510 1377 pius.
1536 1310 1661 1374 Quis
1690 1311 1828 1363 enim
1856 1309 2108 1362 sustineat

545 1397 746 1461 dicere,
776 1413 833 1451 se
860 1398 909 1450 id
937 1399 1112 1452 colere
1137 1399 1275 1466 quod
1315 1412 1418 1450 non
1447 1399 1630 1451 novit?
1659 1398 1818 1452 lnSIat
1847 1400 1932 1453 ille
1958 1418 1970 1454 :
1997 1399 2106 1454 No-

548 1489 612 1540 sti
643 1503 770 1556 ergo
799 1489 886 1540 Dei
913 1488 1282 1541 substantiam?
1309 1487 1361 1542 Si
1387 1495 1436 1540 te
1457 1491 1591 1541 seire
1613 1489 1901 1555 negaveris,
1928 1490 2103 1542 statim

547 1579 730 1646 objicit
759 1596 770 1629 :
804 1579 940 1646 Ergo
968 1593 1068 1629 non
1097 1578 1233 1631 nosti
1265 1578 1313 1630 id
1345 1578 1482 1646 quod
1513 1579 1659 1630 colis.
1703 1577 1828 1631 Vide
1860 1579 1983 1631 mihi
2015 1579 2107 1633 de-

550 1677 682 1720 torta
711 1669 900 1730 verba;
929 1667 1047 1721 vide
1069 1668 1412 1736 malignorum
1467 1669 1786 1735 serpentium
1829 1669 2102 1723 versutias.

551 1757 739 1810 Vides:
761 1772 938 1810 verum
970 1758 1164 1811 turbari
1189 1773 1288 1811 non
1305 1767 1532 1826 oportet.
1557 1759 1681 1811 Illud
1703 1760 1864 1824 enim,
1886 1760 2103 1824 fratres,

546 1848 818 1901 sciendum
847 1858 948 1913 est,
979 1849 1173 1902 multos
1200 1864 1318 1904 esse
1343 1849 1540 1902 sciendi
1565 1850 1766 1902 modos.
1794 1849 1971 1903 Potest
1990 1848 2106 1917 quis

545 1938 682 1990 scire
705 1937 862 1990 Deum
885 1952 1020 1999 esse,
1052 1953 1146 1990 nec
1169 1946 1339 1991 tamen
1363 1940 1502 1991 scire
1527 1937 1791 2006 quomodo
1823 1940 1910 1990 sit.
1933 1937 2106 2002 Quan-

551 2026 829 2093 doquidem
856 2026 1013 2079 etiam
1037 2026 1172 2093 apud
1202 2041 1297 2080 nos
1317 2028 1554 2081 homines
1581 2030 1756 2080 nmlta:
1783 2036 1904 2080 sunt
1928 2027 2105 2095 cogni-

547 2117 705 2169 ti0nis
737 2117 853 2169 vize.
885 2117 1014 2170 Novi
1049 2119 1185 2171 hunc
1207 2119 1470 2172 hominem
1507 2119 1556 2170 in
1581 2119 1679 2172 ista
1719 2118 1845 2173 urbe
1869 2133 2102 2184 manere,

543 2221 644 2260 nec
693 2217 862 2261 tamen
897 2208 1017 2261 novi
1045 2225 1198 2276 quam
1238 2219 1407 2264 artem
1452 2221 1735 2264 exerceat:
1783 2212 1900 2264 novi
1944 2212 2102 2264 alium

547 2296 702 2348 talem
727 2304 1060 2350 exercentem
1087 2306 1274 2360 artem,
1303 2314 1397 2351 nec
1428 2300 1547 2351 novi
1576 2299 1713 2352 unde
1735 2314 1901 2368 genus
1925 2300 2100 2353 ducat.

543 2385 737 2439 Partim
780 2403 968 2454 nempe
997 2403 1292 2456 cognosco,
1327 2389 1513 2457 partim
1558 2390 1761 2458 ignoro.
1794 2390 1847 2443 In
1877 2406 2101 2456 summa,

540 2478 872 2546 particularis
887 2480 1116 2548 cognitio
1131 2495 1235 2533 non
1267 2480 1464 2534 inducit
1491 2481 1779 2550 perfectam
1808 2482 2100 2545 scientiam,

537 2583 713 2637 neque
769 2585 874 2623 non
924 2569 1098 2623 omnia
1146 2586 1502 2639 cognoscere,
1556 2574 1916 2640 particularem
1972 2575 2106 2628 tollit

536 2658 912 2725 cognitionem.
944 2658 1077 2724 Quid
1107 2660 1272 2729 ergo?
1302 2659 1431 2712 Novi
1454 2675 1573 2713 esse
1617 2661 1800 2727 Deum,
1855 2662 2104 2730 illumque

541 2747 761 2809 bonum,
793 2748 1166 2812 immortalem,
1208 2750 1655 2816 incorruptibilcm
1675 2791 1690 2813 ,
1722 2767 1878 2818 quem
1909 2752 2104 2821 cogita-

537 2835 684 2888 tione
708 2850 900 2903 capere
932 2852 1034 2889 non
1070 2837 1350 2904 possimus,
1386 2839 1994 2906 incomprehensibilem,
2025 2840 2104 2892 in-

535 2937 880 2990 corporeum,
910 2924 1307 2980 immutabilem.
1333 2925 1454 2979 llaec
1474 2927 1645 2979 omnia
1676 2930 1815 2994 novi,
1842 2940 1894 2984 et
1917 2944 2104 2998 cogno-

537 3024 695 3064 scens
743 3012 929 3064 adoro.
960 3013 1234 3078 Quomodo
1263 3023 1436 3065 autem
1475 3017 1541 3067 sit
1571 3031 1671 3067 non
1718 3020 1878 3078 novi,
1934 3033 2103 3085 neque

536 3101 756 3153 edoctus
771 3116 887 3154 sum
903 3103 1178 3170 exquirere
1198 3103 1462 3171 quomodo
1478 3105 1563 3166 sit,
1587 3105 1676 3158 sed
1693 3107 1831 3174 quod
1847 3109 1935 3161 sit.
1963 3109 2102 3176 Apo-

536 3190 673 3243 stoln
702 3190 842 3243 enim
873 3191 1125 3257 majorem
1157 3193 1415 3245 neminem
1444 3195 1655 3246 invenio
1679 3196 1971 3261 doctorem,
2012 3197 2100 3265 qui

537 3281 705 3349 possit
729 3283 984 3348 majorem
1017 3283 1142 3334 mihi
1171 3283 1416 3350 pietatem
1440 3285 1772 3353 suppeditare
1801 3301 1812 3338 :
1844 3288 1932 3355 qui
1962 3289 2099 3340 clara

536 3383 668 3421 voce
694 3384 819 3421 usus
847 3369 912 3422 ad
938 3369 1076 3422 hunc
1098 3371 1306 3424 modum
1330 3372 1483 3425 docet
1515 3389 1528 3424 :
1557 3373 1766 3426 Credere
1790 3375 1918 3426 enim
1948 3391 2098 3443 opor-

531 3465 599 3510 tet
625 3458 938 3510 accedentem
967 3459 1034 3510 ad
1061 3458 1244 3520 Deum,
1267 3462 1382 3526 quia
1428 3471 1501 3513 est
1528 3460 1708 3528 (Hebr.
1741 3464 1824 3514 ll.
1859 3462 1910 3530 6)
1948 3481 1961 3514 :
1995 3478 2096 3515 non

533 3548 798 3615 quomodo
815 3558 916 3608 est,
945 3549 1036 3601 sed
1066 3550 1196 3615 Quia
1222 3561 1310 3614 est,
1342 3562 1386 3604 et
1410 3554 1767 3620 inquirentibus
1792 3570 1845 3606 se
1870 3569 2095 3607 remune-

533 3647 674 3688 rator
692 3647 781 3689 est.
801 3637 978 3705 Itaque
995 3638 1132 3705 quod
1154 3641 1272 3692 novi
1295 3643 1428 3694 colo.
1454 3641 1563 3694 Non
1580 3642 1733 3695 didici
1751 3643 1836 3696 Dei
1854 3643 2097 3696 substan-

533 3729 655 3780 tiam
688 3728 984 3794 explorare.
1015 3728 1239 3782 Credere
1263 3730 1440 3793 didici,
1464 3731 1689 3794 fratres;
1720 3731 1957 3794 credere,
1993 3747 2094 3784 non

532 3815 773 3868 scrutari.
795 3815 932 3881 Lege
958 3813 1337 3868 confessionem
1361 3826 1521 3881 tuam,
1548 3817 1812 3880 hairetice,
1839 3819 1888 3870 in
1908 3834 2097 3871 arcano

529 3913 582 3955 et
601 3901 874 3954 tremendo
891 3903 1144 3971 mysterio
1167 3904 1441 3971 prolatam.
1456 3906 1674 3971 Quando
1690 3907 1754 3959 ad
1783 3906 2095 3974 baptismum

529 3990 821 4051 arcessisti,
854 3991 978 4058 quid
1005 3991 1219 4045 dixisti?
1249 4009 1313 4046 an
1344 4011 1606 4062 qua-rens,
1651 4011 1718 4049 an
1763 3997 1969 4050 curiose
2005 4014 2095 4050 cx-

530 4080 766 4147 plorans,
801 4080 883 4132 vel
911 4082 1158 4134 credens?
1184 4083 1298 4134 Alia
1326 4084 1624 4139 conditione
1658 4086 1868 4149 venisti,
1899 4095 1950 4138 et
1975 4102 2093 4139 cum

527 4169 638 4221 alio
661 4177 813 4236 pacto
844 4167 918 4239 (a)
945 4171 1186 4239 dignatus
1210 4188 1266 4225 es
1298 4173 1379 4225 illa
1406 4175 1592 4241 gratia.
1642 4177 1719 4228 Ac
1743 4176 1787 4228 si
1829 4175 1941 4230 hmo
1971 4192 2094 4230 sen-

528 4262 668 4314 tiens
699 4261 867 4330 gratia
891 4263 1116 4317 donatus
1144 4279 1222 4329 es,
1258 4264 1410 4317 [idem
1440 4274 1492 4318 et
1517 4277 1662 4332 pacta
1689 4266 1930 4332 violasti,
1957 4278 2011 4320 et
2042 4269 2092 4321 in

530 4351 822 4404 tremendis
848 4351 1056 4420 quidem
1102 4355 1481 4422 horrendisque
1522 4357 1787 4425 mySIeriis
1814 4357 1966 4411 fidem
1995 4357 2091 4411 ob-

531 4441 719 4505 tulisti,
739 4451 882 4494 extra
912 4444 1156 4512 mysteria
1181 4459 1305 4495 vero
1330 4444 1664 4502 constitutus.
1686 4445 1838 4498 fidem
1866 4447 2090 4499 circum-

527 4531 741 4594 scribis,
771 4541 823 4584 et
849 4535 1186 4599 qumstionem
1214 4549 1412 4586 moves.

603 4621 656 4674 '5.
690 4621 1036 4673 Anonioeorum
1078 4624 1305 4690 objectio.
1352 4621 1521 4690 Opera
1568 4623 1661 4676 Dei
1696 4641 1796 4676 non
1845 4626 2088 4692 capimus,

528 4721 716 4780 quanto
765 4711 926 4763 minus
969 4710 1307 4764 Deumâ€”At
1357 4713 1473 4766 vide
1503 4713 1624 4781 quid
1665 4714 1806 4766 dicat
1849 4712 2091 4767 inimicus

531 4799 788 4852 veritatis.
821 4799 953 4852 Num
983 4800 1170 4854 frustra
1204 4802 1342 4856 Deus
1381 4804 1656 4855 ratiocinia
1689 4803 1838 4856 nobis
1871 4803 2092 4855 indidit?

532 4904 655 4942 num
703 4889 891 4940 frustra
939 4892 1234 4958 accepimus
1273 4891 1454 4960 judicii
1507 4891 1846 4945 facultatem?
1875 4890 2093 4959 Oportet

529 4977 820 5030 rationibus
861 4978 1170 5046 investigare
1205 4980 1380 5044 fidem,
1410 4996 1505 5033 nec
1533 4982 1647 5034 sine
1687 4982 1927 5033 examine
1967 4980 2090 5032 reli-

528 5069 739 5136 gionem
770 5082 905 5121 esse.
948 5069 1127 5122 Recte.
1161 5071 1350 5124 Verum
1393 5072 1646 5125 examinis
1695 5086 1930 5123 normam
1977 5084 2091 5123 esse

528 5167 739 5225 oportet
790 5157 960 5211 divina
1003 5161 1240 5228 eloquia,
1295 5163 1606 5230 regulasque
1652 5162 1860 5229 pietatis
1900 5175 1929 5213 a
1985 5161 2091 5212 Deo

534 5247 688 5301 nobis
741 5248 975 5302 traditas.
1021 5250 1098 5303 Tu
1138 5267 1262 5305 vero
1307 5253 1517 5322 regulas
1563 5261 1942 5320 transgressus,
1987 5264 2089 5303 non

596 5428 670 5487 (a)
705 5426 1032 5476 Emendandus
1054 5442 1138 5488 per
1164 5432 1461 5478 occasionem
1488 5437 1562 5478 est
1585 5430 1838 5477 Leidradus
1859 5427 1923 5488 de
1945 5427 2095 5488 Bapti-

532 5501 638 5552 smo
653 5486 762 5546 cap.
785 5488 853 5552 6,_
867 5494 917 5534 ut
951 5488 998 5534 in
1026 5486 1084 5535 eo
1108 5490 1174 5552 sie
1210 5489 1397 5549 legatur
1423 5500 1561 5552 :_Hus
1592 5490 1828 5552 pactiones
1854 5486 2025 5552 ï¬deles
2043 5488 2094 5535 in

533 5544 980 5613 rut-iam'proferimt
1007 5544 1310 5613 rulqelicmn";
1321 5550 1519 5613 nomina
1557 5544 1878 5613 profitentium
1899 5547 1949 5596 in
1973 5547 2094 5613 libro

530 5607 839 5667 excipiuntur
871 5607 1002 5662 uiue.
1027 5622 1116 5656 non
1138 5623 1167 5654 a
1189 5610 1385 5668 quolibet
1418 5607 1603 5659 homine
1625 5607 1653 5665 ,â€œ
1672 5609 1756 5658 sed
1787 5623 1819 5657 a
1847 5607 2092 5668 superiore

531 5666 717 5716 ca'tt'tus
732 5672 969 5728 pacatam.
996 5666 1222 5718 Veterum
1246 5669 1578 5720 Analectorutu
1601 5678 1731 5719 Tom.
1755 5671 1803 5719 5.
1829 5666 2027 5719 Coteler.

2021 364 2286 422 INCERTI

3671 380 3803 434 416

2219 481 2443 535 inhazres
2471 481 2662 535 divinis
2691 479 2972 548 Scripturis
2992 521 3006 543 ,
3049 479 3139 534 sed
3169 479 3341 534 divina
3379 477 3639 534 scrutaris
3738 484 3800 530 ct

2216 571 2320 624 vim
2359 571 2518 625 infers
2543 571 2784 633 veritati;
2829 579 2882 624 et
2907 572 3099 639 ubique
3122 570 3335 624 alfectas
3365 571 3624 624 rationum
3666 582 3798 620 ma-

2214 663 2293 729 gis
2319 661 2464 729 sequi
2509 660 2774 725 salebras,
2801 675 2957 729 quam
3012 659 3130 714 fidei
3187 661 3413 725 servire,
3455 659 3606 727 quasi
3645 658 3797 710 alio-

2216 768 2330 805 rum
2357 754 2594 820 peritiam
2637 752 2852 815 habt-as,
2882 761 2971 806 aut
2998 754 3242 818 aliorum,
3269 769 3458 820 nempe
3482 769 3605 821 qua:
3650 765 3791 804 cer-

2215 853 2427 902 nuntur,
2459 842 2855 909 experientiam.
2914 842 3173 896 Renuntia
3200 844 3324 896 mihi
3373 843 3790 897 ratiociniorutn

2213 933 2348 987 serie
2369 932 2552 997 fultus,
2578 934 2839 1001 quomodo
2852 935 3034 987 ca-lum
3054 934 3218 1000 stetit,
3238 934 3286 987 in
3306 943 3447 986 tanta
3468 933 3787 994 altitudine,

2213 1022 2264 1075 in
2292 1032 2394 1074 tam
2432 1023 2681 1076 immensa
2713 1025 3056 1088 Concavitate,
3087 1033 3138 1078 et
3176 1024 3376 1078 nullum
3407 1025 3458 1076 in
3491 1032 3638 1076 tanto
3658 1038 3791 1074 arnâ€”

2213 1113 2319 1165 bitu
2348 1111 2564 1164 fulcrum
2592 1113 2822 1166 habens?
2840 1115 3110 1180 Quomodo
3138 1117 3300 1175 stetit.
3329 1131 3357 1168 a
3388 1130 3493 1184 quo
3511 1124 3783 1185 geslalttr,

2211 1219 2330 1271 qua:
2376 1202 2710 1258 fundamenta
2751 1215 2873 1258 sunt
2915 1209 3101 1274 quibus
3147 1207 3364 1260 nititur?
3411 1224 3511 1276 qua
3565 1209 3788 1261 ratione

2213 1307 2306 1361 per
2357 1301 2554 1344 tantum
2599 1303 2801 1362 tempus
2848 1310 2948 1349 non
2990 1297 3209 1350 solvitur
3260 1296 3615 1365 pulchritudo,
3665 1311 3783 1349 non

2211 1386 2345 1453 perit
2370 1395 2654 1439 concentus
2675 1386 2825 1454 ejus?
2849 1387 3076 1441 Ostende
3095 1388 3362 1440 columnas
3388 1402 3506 1456 qua:
3531 1387 3782 1447 fulciant,

2209 1472 2427 1527 ostende
2454 1473 2618 1527 basim
2649 1485 2806 1528 tanta:
2833 1477 2956 1529 moli
2985 1477 3289 1544 subjectam.
3321 1475 3521 1543 Ecquid
3553 1475 3623 1529 de
3641 1476 3783 1528 ca-lo

2211 1564 2432 1632 loquor,
2465 1579 2569 1618 non
2595 1565 2662 1620 de
2704 1576 2837 1618 terra
2882 1583 3037 1634 quam
3068 1568 3250 1620 calca?
3287 1567 3518 1620 Primum
3564 1565 3782 1634 explica

2211 1654 2337 1707 mihi
2385 1664 2536 1708 terra:
2565 1655 3012 1710 constitutionem.
3041 1655 3188 1723 Quod
3227 1655 3367 1709 enim
3398 1669 3558 1723 super
3603 1670 3783 1723 aquas

2211 1742 2420 1795 fundata
2471 1743 2537 1798 sit
2576 1742 2742 1812 (Psal.
2767 1746 2854 1798 9.5.
2885 1745 2964 1813 2),
2997 1745 3094 1797 hoc
3145 1755 3199 1799 et
3226 1760 3325 1814 ego
3367 1746 3571 1812 accepi,
3622 1753 3677 1798 et
3721 1753 3780 1796 tu

2209 1832 2497 1886 conï¬teris.
2525 1835 2590 1886 At
2629 1835 2892 1901 quomodo
2922 1850 3076 1902 super
3127 1848 3288 1903 aquas
3317 1834 3520 1886 firmata
3543 1834 3634 1894 sit,
3676 1847 3782 1884 ex-

2211 1935 2366 1986 pone.
2403 1921 2480 1975 Ne
2506 1921 2811 1988 simpliciter
2836 1938 3128 1977 sermonem
3170 1924 3420 1990 excipias,
3449 1920 3543 1975 sed
3570 1922 3783 1990 quaesi-

2211 2017 2380 2061 torum
2404 2010 2657 2064 rationem
2678 2011 2837 2064 redde
2862 2029 2874 2063 :
2903 2012 3165 2079 Quomodo
3184 2021 3259 2065 tot
3282 2012 3517 2079 tantique
3533 2019 3776 2070 montes.

2207 2099 2388 2164 colles,
2435 2100 2597 2153 valles
2649 2117 2807 2169 super
2853 2117 3013 2169 aquas
3064 2100 3317 2156 ferantur.
3366 2101 3456 2154 Dic
3497 2099 3783 2167 quomodo

2208 2204 2352 2242 mare
2378 2199 2674 2256 separatum
2705 2192 2803 2252 sit;
2836 2191 2920 2244 dic
2950 2205 3056 2259 quo
3092 2201 3243 2259 pacto
3274 2201 3348 2244 tot
3376 2191 3626 2245 fluctibus
3653 2189 3780 2258 agi-

2209 2289 2390 2352 tatum,
2416 2291 2464 2333 et
2491 2281 2539 2333 in
2564 2281 2870 2335 immensam
2891 2297 3110 2352 surgens
3128 2281 3475 2344 altitudinem,
3499 2296 3621 2334 cum
3642 2296 3777 2332 are-

2207 2384 2326 2421 nam
2358 2369 2563 2438 attingit
2588 2372 2840 2435 solvatur,
2869 2381 2922 2424 et
2951 2373 3263 2440 legislatoris
3293 2372 3571 2424 terminum
3611 2384 3784 2423 reve-

2207 2468 2402 2511 reatur.
2454 2459 2821 2526 Interpretare.
2871 2461 3048 2522 frater,
3079 2460 3341 2528 quomodo
3381 2474 3502 2512 cum
3547 2473 3654 2511 una
3709 2458 3785 2510 sit

2208 2555 2364 2608 terra,
2399 2561 2495 2601 una
2526 2559 2710 2610 mater,
2765 2549 2984 2603 diversa:
3034 2550 3226 2617 planta:
3279 2550 3402 2613 sint,
3458 2548 3599 2601 unde
3628 2546 3785 2600 radi-

2206 2649 2294 2687 ces
2320 2650 2540 2700 auiam,
2565 2636 2706 2690 unde
2740 2637 2920 2691 dulces
2945 2679 2960 2703 ,
2991 2637 3126 2690 unde
3170 2639 3430 2690 fructuum
3461 2637 3786 2688 varietates.

2209 2724 2320 2779 Una
2354 2734 2488 2778 terra
2515 2727 2814 2794 germinans
2842 2737 2942 2792 est,
2979 2743 3112 2781 unus
3135 2728 3302 2781 imber
3327 2727 3418 2779 alit
3447 2743 3460 2777 :
3492 2725 3633 2780 unde
3658 2725 3788 2778 dif-

2206 2815 2452 2870 ferentia?
2473 2817 2684 2886 Explica
2713 2818 2849 2871 unde
2872 2819 3176 2886 prodierunt
3197 2820 3384 2881 fontes,
3411 2827 3464 2871 et
3487 2833 3548 2872 ex
3574 2817 3790 2886 quibus

2206 2906 2409 2975 abyssis
2441 2925 2452 2959 :
2484 2923 2583 2975 qua
2611 2908 2810 2960 ratione
2855 2907 2965 2960 lure
2993 2911 3193 2976 possint
3231 2907 3626 2976 comprehendi.
3663 2906 3790 2962 Ve-

2206 3013 2320 3050 rum
2368 2999 2575 3066 quando
2617 2998 2681 3053 de
2711 2998 2791 3052 his
2836 2999 3243 3054 dubitaverimus
3268 3042 3281 3065 ,
3314 3014 3468 3052 unam
3510 2998 3790 3052 habemus

2205 3102 2382 3141 veram
2408 3098 2460 3140 et
2482 3088 2618 3155 piam
2645 3091 2992 3157 quazstionum
3023 3091 3361 3144 solutionem.
3391 3096 3556 3159 Atque
3579 3089 3792 3142 beatus

2206 3178 2369 3231 David
2418 3179 2611 3232 cecinit
2643 3179 2721 3232 his
2764 3181 2983 3234 verbis:
3033 3181 3161 3244 Quia
3207 3192 3396 3234 rectum
3441 3190 3510 3233 est
3563 3180 3792 3234 verbum

2208 3265 2428 3332 Domini,
2451 3275 2496 3320 et
2517 3269 2679 3321 omnia
2699 3284 2848 3335 opera
2869 3271 2975 3339 ejus
2995 3272 3044 3322 in
3070 3270 3172 3337 ï¬de
3198 3269 3367 3338 (Psal.
3395 3269 3572 3335 32.4).
3593 3267 3788 3336 Opera

2202 3360 2315 3412 sine
2337 3359 2439 3412 fide
2465 3360 2834 3428 comprehendi
2861 3370 3145 3429 nequeunt,
3173 3369 3226 3414 et
3255 3361 3393 3415 Deus
3413 3360 3527 3413 sine
3554 3359 3660 3413 fide
3694 3359 3792 3410 in-

2203 3448 2365 3500 veniri
2397 3448 2621 3516 poterit?
2657 3449 2825 3516 Opera
2854 3463 2954 3502 non
2979 3451 3090 3503 sine
3121 3448 3240 3509 fide,
3265 3458 3320 3502 et
3346 3448 3510 3502 Filius
3539 3448 3788 3502 demon-

2201 3537 2493 3590 stratione?
2525 3537 2656 3601 Quia
2685 3547 2873 3590 rectum
2903 3549 2972 3590 est
3005 3540 3200 3590 verbum
3224 3536 3465 3600 Domini,
3512 3545 3557 3588 et
3598 3538 3788 3589 omnia

2201 3645 2352 3696 apera
2378 3631 2486 3696 ejus
2513 3629 2564 3679 in
2591 3629 2709 3693 ï¬de.
2744 3628 2933 3680 Verum
2962 3643 3075 3691 nos,
3105 3627 3303 3680 reliCtis
3334 3625 3572 3680 veritatis
3601 3626 3788 3679 lmsti-

2203 3716 2320 3774 bus.
2352 3717 2414 3767 ad
2443 3730 2622 3768 sanam
2653 3724 2924 3784 tutamque
2953 3715 3106 3770 iidem
3125 3715 3425 3777 redeamus,
3447 3715 3656 3783 piaeque
3687 3730 3786 3768 re-

2203 3805 2407 3873 ligionis
2425 3805 2655 3873 regulam
2665 3805 3024 3868 ostendamus,
3044 3804 3152 3872 ipsa
3167 3803 3389 3857 veritate
3402 3802 3782 3870 eï¬‚â€˜ulgentem.

2204 3895 2342 3948 Inter
2371 3905 2572 3949 veteres
2591 3895 2766 3964 Moyse
2795 3911 2948 3948 nemo
2972 3895 3071 3948 fide
3099 3895 3307 3963 dignior
3332 3911 3345 3946 :
3375 3894 3428 3947 in
3456 3897 3783 3950 recentiori-

2200 3988 2297 4040 bus
2321 4001 2476 4040 nemo
2523 3986 2682 4039 Paulo
2708 3986 3011 4054 sapientior.
3042 3985 3230 4050 Quaere
3260 3993 3495 4039 veterem
3547 3993 3778 4051 statuti],

2198 4084 2252 4129 et
2281 4076 2541 4129 neminem
2565 4074 2739 4143 Moyse
2766 4075 3014 4142 majorem
3045 4074 3276 4142 reperies
3304 4092 3318 4125 :
3344 4089 3464 4126 nam
3521 4075 3657 4130 Novi
3703 4086 3780 4140 te,

2199 4175 2242 4217 et
2276 4166 2500 4217 invenisti
2543 4165 2755 4232 gratiam
2780 4179 2884 4232 pra:
2911 4164 3164 4216 onmibusâ€˜
3192 4163 3396 4232 (Exod.
3429 4164 3519 4217 53.
3548 4164 3666 4232 12).
3722 4164 3783 4218 In

2199 4268 2335 4307 novo
2373 4254 2707 4307 Testamento
2755 4268 2910 4306 nemo
2937 4252 3098 4306 Paulo
3129 4252 3412 4320 perfectior
3440 4269 3456 4306 :
3492 4251 3599 4306 Vas
3629 4253 3782 4307 enim

2197 4344 2446 4396 electionis
2469 4353 2537 4395 est
2560 4343 2694 4410 (Act.
2721 4342 2771 4396 9.
2799 4343 2910 4409 15),
2931 4342 3299 4410 Christumque
3322 4342 3484 4397 habet
3513 4344 3566 4396 in
3593 4346 3787 4413 seipso

2199 4435 2516 4502 loquentem.
2562 4433 2636 4486 Ne
2666 4433 3114 4500 prmtergrediaris
3163 4433 3421 4486 terminos
3472 4432 3679 4500 Moysis
3728 4447 3787 4486 et

2198 4523 2365 4578 Pauli.
2395 4522 2527 4587 Quid
2561 4523 2763 4575 invenit
2791 4521 3024 4590 Moyses,
3055 4521 3594 4589 comprehensionem
3651 4522 3788 4578 sub-

2195 4616 2422 4676 stantiae,
2451 4629 2515 4666 an
2552 4613 2773 4681 gloriam
2805 4611 2940 4664 Dei?
2998 4613 3224 4680 Moyses,
3281 4611 3498 4676 fratres,
3529 4614 3682 4667 venit
3726 4614 3783 4667 in

2196 4703 2670 4771 concupiscentiam
2704 4701 2814 4760 Dei,
2839 4710 2894 4752 ut
2917 4700 3074 4753 homo
3099 4701 3401 4770 religiosus,
3430 4711 3484 4755 et
3509 4703 3786 4772 ignoravit

2196 4809 2255 4847 se
2288 4794 2362 4844 rei
2390 4789 2722 4858 impossibilis
2743 4789 3007 4842 desiderio
3037 4790 3200 4843 teneri
3231 4807 3244 4842 :
3277 4801 3517 4845 attamen
3549 4808 3649 4860 per
3679 4807 3745 4847 ea
3764 4832 3780 4858 ,

2195 4899 2314 4953 qua:
2337 4882 2480 4948 petiit
2497 4898 2524 4934 a
2552 4882 2676 4945 Deo,
2701 4879 2822 4948 quid
2843 4879 3166 4933 desideraret
3190 4880 3444 4934 ostendit.
3469 4881 3612 4946 Quid
3635 4883 3783 4936 enim

2194 4971 2305 5024 ait?
2336 4969 2566 5033 Obsecro,
2600 4968 2828 5031 Domine,
2874 4969 2917 5021 si
2946 4969 3107 5020 inveni
3134 4969 3354 5037 gratiam
3401 4970 3455 5022 in
3502 4981 3785 5038 conspectu

2195 5075 2298 5124 tuo,
2332 5063 2588 5129 manifeste
2624 5061 2816 5112 videam
2857 5070 2922 5125 te,
2960 5061 3159 5113 ostende
3207 5070 3255 5113 te
3281 5061 3408 5113 mihi
3454 5061 3667 5131 (Exod.
3691 5065 3785 5118 55.

2198 5154 2308 5223 l3).
2339 5154 2521 5207 Frater
2567 5160 2682 5205 erat
2718 5151 2759 5203 is
2813 5151 3035 5219 Philippi
3065 5149 3332 5204 dicentis:
3371 5150 3598 5204 Ostende
3636 5154 3790 5206 nobis

2201 5245 2420 5308 Patrem,
2446 5255 2488 5296 et
2516 5242 2689 5311 suï¬icit
2713 5241 2849 5293 nobis
2873 5239 3046 5310 (Joan.
3078 5241 3163 5294 14.
3183 5240 3261 5309 8).
3286 5240 3536 5308 Domine,
3558 5253 3618 5296 tu
3648 5245 3791 5296 dixiâ€”

2198 5339 2263 5392 sti
2285 5379 2298 5398 ,
2325 5336 2562 5389 Invenisti
2584 5335 2794 5405 gratiam
2841 5335 2890 5385 in
2935 5343 3202 5400 conspectu
3232 5349 3340 5385 meo
3367 5348 3389 5387 :
3417 5334 3634 5388 ostende
3663 5335 3792 5387 mihi

2199 5429 2525 5496 temetipsum,
2558 5437 2613 5479 ut
2639 5426 2896 5493 manifeste
2923 5425 3115 5477 videam
3142 5433 3208 5477 te.
3234 5422 3376 5478 Vidit
3401 5424 3630 5493 quidem
3661 5440 3791 5480 eum

2265 5601 2276 5627 Î¹
2306 5594 2704 5659 Caesariiouaast.
2736 5591 2864 5659 176â€˜:
2902 5594 3016 5659 grpb;
3047 5595 3263 5659 á¾…Ï€Î±Î½ÎµÏ‚Î±Ï‚
3290 5593 3357 5659 (f.
3395 5597 3534 5656 Ï€Î±Ïá½°
3566 5598 3787 5659 Ï€á½±Î½Ï„Î±Ï‚)

2204 5659 2464 5717 á¼€Î½Î¸Ïá½½Ï€Î¿Ï…Ï‚
2495 5655 2637 5712 á¼”Î³Î½Ï‰Î½
2663 5668 2735 5711 ÏƒÎµ,
2771 5654 2849 5698 ÎºÎ±á½¶
2875 5651 3000 5710 Îµá½—ÏÎµÏ‚
3023 5655 3155 5714 Ï‡á½±ÏÎ¹Î½
3184 5651 3384 5702 avorum
3407 5651 3524 5715 Î¼Î¿á½¶Ï.
