3982 6218
179 389 290 445 415

173 483 361 547 κακία,
391 484 512 538 οὐτε
565 487 697 558 πρὸς
731 494 798 542 τὰ
835 491 981 555 δεξιά
1007 493 1104 563 τῆς
1131 495 1383 565 ἀληθείας
1406 496 1720 565 τολμήσασα

178 571 325 634 ἰδεῖν,
384 573 470 626 διά
513 574 609 644 τὴν
659 579 752 629 τοῦ
796 580 1038 650 Σωτῆρος
1068 583 1312 653 ἄρνησιν,
1342 583 1464 637 οὔτε
1491 583 1624 653 πρὸς
1653 583 1720 634 τά

175 660 436 731 ἀριστερά
455 665 547 716 τοῦ
565 666 806 734 ψεύδους,
841 670 926 722 διά
955 672 1044 724 τὸν
1076 673 1168 724 τοῦ
1195 674 1323 726 λαοῦ
1348 675 1526 742 φόϐον.

249 813 340 862 Δεῖ
367 811 542 866 τοίνυν
569 817 662 868 καὶ
712 819 875 886 ήμᾶς,
917 821 1150 889 ἀδελφοὶ,
1177 821 1363 876 τοῦτον
1384 825 1472 875 τὸν
1526 823 1717 876 κανόνα

180 902 329 971 παρά
347 902 438 955 τοῦ
462 905 663 974 Κυρίου
694 906 1077 975 λαμϐάνοντας,
1113 911 1184 979 μὴ
1231 912 1404 964 πάντα
1445 915 1562 974 ταῖς
1591 913 1723 982 ἐρω-

179 992 366 1060 τήσεσι
385 991 492 1045 τῶν
520 995 800 1062 αίρετικῶν
825 996 1038 1052 διδόναι.
1071 997 1237 1052 Ὅταν
1267 1001 1445 1063 κακῶς
1477 1002 1719 1070 ἐρωτήσῃ

179 1081 447 1151 αἱρετικὸς
465 1120 479 1142 ,
508 1083 862 1152 ἀντερωτήσει
901 1085 1081 1156 δικαίᾳ
1122 1087 1278 1140 λῦσον
1314 1089 1458 1157 αὐτῷ
1482 1089 1577 1158 τὴν
1607 1090 1720 1141 ἀτοο

180 1187 282 1223 πον
305 1170 511 1224 πεῦσιν.
559 1171 883 1225 Πυνθάνεται
937 1175 1190 1238 πολλάκις
1229 1177 1524 1242 αίρετικός⁶
1567 1173 1722 1238 Οἶδας

179 1261 269 1313 τὸν
298 1261 447 1326 Θεὸν,
487 1262 518 1330 ἢ
551 1263 649 1314 οὐκ
676 1260 844 1327 οἷδαςς
894 1264 1018 1316 Ἐὰν
1037 1267 1213 1335 εἴπης,
1248 1262 1487 1331 δτιοῐδα,
1522 1266 1720 1328 εὐθέως

181 1352 373 1418 ἐπάγει
397 1368 409 1380 ·
441 1347 596 1415 Οἶδας
621 1348 709 1405 οὖν
731 1354 758 1406 δ
790 1355 1058 1419 εὐσεϐεῖςς
1083 1355 1207 1416 Nal.
1242 1358 1400 1426 φησὶν
1428 1358 1455 1409 6
1479 1357 1718 1423 εὐσεϐής.

182 1441 282 1501 Τίς
306 1441 411 1510 γὰρ
437 1443 579 1503 ὅπως
610 1443 862 1511 ὑπομένει
889 1445 1080 1511 λέγων,
1107 1447 1186 1498 ὅτι
1218 1448 1282 1498 Ὀ
1309 1445 1383 1514 μὴ
1412 1442 1524 1498 οἶδα
1548 1444 1719 1506 σέϐως

183 1525 352 1578 Πάλιν
377 1528 565 1594 ἐπάγει
586 1545 600 1559 °
632 1525 788 1591 Οἶδας
816 1527 906 1583 οὖν
939 1531 1030 1583 τοῦ
1062 1531 1193 1584 Θεοῦ
1220 1534 1314 1600 τὴν
1340 1533 1554 1594 οὐσίαν;
1597 1532 1720 1583 Ἐάν

182 1612 361 1684 εῖπῃς,
387 1614 464 1666 δτι
493 1617 602 1668 Οὐκ
632 1611 764 1682 οῖδα,
792 1619 986 1681 εὐθέως
1015 1621 1363 1689 ἀντιτίθησιν·
1398 1620 1600 1673 Οὐκοῦν
1628 1621 1724 1672 οὐκ

190 1699 335 1765 οἶδας
356 1705 406 1755 τί
439 1705 630 1768 σέϐεις.
660 1707 796 1776 Ὅρα
841 1726 928 1776 μοι
969 1708 1112 1778 [421]
1149 1709 1218 1761 τά
1241 1709 1426 1761 σκολιά
1466 1711 1678 1779 ῥήματα
1709 1722 1722 1735 °

188 1789 291 1858 δρα
347 1808 432 1860 μοι
465 1793 570 1844 τῶν
599 1795 844 1863 πονηρῶν
875 1797 1045 1864 δφεων
1073 1797 1168 1860 τάς
1196 1798 1481 1859 ποικιλίας.
1531 1797 1726 1866 Ὀρᾷςς

186 1879 301 1930 ἀλλ’
325 1881 383 1931 οὐ
414 1881 492 1932 δεῖ
519 1883 888 1953 ταράττεσθαι.
937 1887 1138 1937 Ἐκεῖνο
1169 1886 1295 1955 γάρ,
1338 1886 1569 1952 ἀδελφοὶ,
1597 1886 1727 1937 είδέ-

184 1982 274 2017 ναι
304 1967 426 2036 χρὴ,
456 1969 534 2020 ὅτι
565 1970 656 2022 τοῦ
692 1972 884 2023 εἰδέναι
922 1973 1100 2024 πολλοὶ
1151 1974 1358 2042 τρόποι.
1394 1973 1615 2026 Δύναταί
1647 1989 1726 2034 τις

187 2055 382 2108 εἰδέναι
421 2059 499 2110 ὅτι
522 2058 629 2110 ἔστι
669 2059 816 2122 Θεὸς,
851 2061 909 2112 οὐ
940 2061 1000 2113 τὸ
1029 2063 1142 2124 πῶς
1173 2066 1304 2116 ἐστι.
1352 2064 1502 2116 Ἐπεὶ
1531 2063 1622 2114 καὶ
1645 2063 1727 2127 ἐφ’

187 2145 342 2214 ἡμῶν
362 2146 467 2197 τῶν
496 2147 790 2212 ἀνθρώπων
821 2151 1005 2203 πολλαὶ
1032 2151 1129 2219 τῆς
1173 2151 1420 2219 γνώσεως
1450 2152 1573 2203 ὁδοί.
1601 2150 1730 2203 Οἶδα

185 2234 335 2286 τόνδε
377 2235 464 2287 τὸν
513 2235 790 2306 ἄνθρωπον
818 2241 875 2291 ἐν
905 2241 1026 2308 τῇδε
1071 2244 1135 2310 τῇ
1173 2241 1320 2292 πόλει
1365 2239 1636 2306 διάγοντα,
1665 2240 1724 2291 οὐ

189 2325 297 2395 μὴν
325 2321 439 2378 οῖδα
467 2327 559 2378 καὶ
582 2329 735 2379 ποίαν
763 2330 1072 2398 μετέρχεται
1101 2330 1357 2395 ἐργασίαν
1378 2345 1390 2359 ·
1415 2325 1526 2382 οἶδα
1547 2330 1728 2397 ἕτερον

185 2413 342 2482 τήνδε
380 2417 624 2482 μετιόντα
651 2418 747 2484 τὴν
774 2418 1030 2485 ἐργασίαν
1051 2457 1065 2479 ,
1098 2419 1158 2470 οὐ
1189 2419 1292 2486 μὴν
1312 2413 1425 2469 οῐδα
1453 2417 1543 2470 καὶ
1569 2415 1728 2467 πόθεν

189 2503 343 2571 φέρει
379 2504 437 2554 τὸ
467 2505 637 2570 γένος,
669 2507 776 2556 Kal
821 2507 972 2574 μέρει
1003 2507 1108 2573 γάρ
1157 2504 1422 2571 γινώσκω,
1477 2504 1629 2571 μέρει
1674 2503 1729 2554 δὲ

187 2592 387 2657 ἀγνοῶ.
417 2594 521 2644 Kal
540 2593 772 2656 πάντως,
795 2593 913 2645 οὐτε
946 2596 978 2662 ή
1008 2595 1200 2662 μερικὴ
1225 2593 1419 2659 γνῶσις
1447 2591 1730 2660 ὁλόκληρον

190 2681 397 2746 εἰσάγει
425 2681 641 2746 γνῶσιν,
672 2681 790 2733 οὑτε
819 2682 876 2733 τὸ
917 2682 988 2750 μὴ
1023 2682 1159 2734 κατά
1208 2683 1379 2734 πάντα
1425 2679 1727 2748 γινώσκειν,

188 2770 288 2838 τὴν
317 2771 542 2839 μερικὴν
573 2771 783 2839 ἀναιρεῖ
815 2771 1027 2837 γνῶσιν.
1069 2770 1130 2822 Τί
1153 2767 1280 2834 οὖνς
1331 2766 1456 2822 Οἶδα
1486 2769 1575 2820 τὸν
1603 2768 1732 2821 Θεὸν

190 2859 270 2911 ὅτι
302 2859 465 2920 ἐστιν,
501 2861 580 2912 ὅτι
622 2861 819 2926 ἀγαθός
858 2862 1024 2923 ἐστιν,
1058 2862 1135 2912 ὅτι
1170 2860 1428 2919 ἀθάνατός
1459 2861 1619 2918 ἐστιν.
1653 2859 1732 2909 ὃτι

197 2951 467 3021 ἄφθαρτός
499 2955 668 3016 ἐστιν,
700 2955 778 3004 ὅτι
811 2953 1158 3023 ἀπερινόητός
1200 2953 1361 3014 ἐστιν,
1394 2953 1472 3004 ὃτι
1530 2949 1732 3002 ama-

191 3040 392 3110 ληπτός
437 3044 599 3107 ἐστιν,
634 3041 916 3112 ἀσώματός
969 3044 1112 3094 ἐστιν
1139 3085 1152 3106 ,
1200 3041 1551 3102 ἀναλλοίωτός
1596 3042 1732 3092 ἐστι.

192 3127 378 3180 Ταῦτα
407 3129 581 3182 πάντα
609 3127 739 3192 οῐδα,
775 3131 866 3181 καὶ
903 3130 1054 3190 εἰδὼς
1082 3129 1385 3198 προσκυνῶ.
1413 3128 1483 3178 Τὸ
1514 3127 1568 3178 δὲ
1621 3125 1735 3184 πῶς

194 3217 342 3267 ἐστιν
369 3217 466 3267 οὐκ
495 3212 629 3276 οἶδα,
686 3217 803 3267 οὐδὲ
848 3216 1123 3284 ἐδιδάχθην
1176 3215 1639 3283 πολυπραγμονεῖν
1676 3212 1736 3262 τὸ

196 3307 314 3366 πῶς
338 3308 499 3368 ἐστιν,
519 3306 629 3358 ἀλλ’
659 3309 736 3358 ὅτι
765 3307 925 3358 ἐστιν.
952 3306 1055 3357 Τοῦ
1082 3305 1188 3376 γὰρ
1213 3305 1526 3357 Ἀποστόλου
1555 3303 1737 3354 οὐδένα

199 3396 436 3464 εὑρίσκω
464 3395 678 3462 μείζονα
695 3395 1022 3458 διδάσκαλον,
1042 3395 1328 3465 δυνάμενόν
1353 3411 1438 3464 μοι
1463 3393 1738 3463 κρείττονα

199 3483 300 3552 τὴν
332 3483 603 3535 εὐσέϐειαν
638 3484 1010 3536 ὑποτίθεσθαιο
1054 3485 1109 3546 ὃς
1139 3485 1360 3553 λαμπρᾷ
1407 3482 1741 3552 χρησάμενος

201 3575 268 3641 τῇ
309 3575 455 3642 φωνῇ
503 3567 602 3624 ὧδέ
646 3590 718 3642 πη
750 3573 984 3625 διδάσκει
1022 3573 1219 3639 λέγων·
1267 3571 1588 3624 Πιστεῦσαι
1634 3570 1740 3637 γὰρ

204 3662 302 3713 δεῖ
321 3662 425 3714 τὸν
449 3664 923 3730 προσερχόμενον
943 3663 1080 3726 Θεῷ,
1109 3663 1194 3714 ὅτι
1227 3662 1396 3714 ἔστιν
1417 3679 1430 3690 ·
1467 3660 1525 3712 οὐ
1549 3660 1609 3711 τὸ
1631 3660 1744 3720 πῶς

207 3752 374 3813 ἐστιν,
404 3749 515 3800 ἀλλ’
548 3750 669 3800 Ὀτι
701 3749 848 3812 ἐστι,
883 3748 979 3800 καί
1024 3749 1146 3812 τοῖς
1183 3747 1530 3813 ἐκζητοῦσιν
1565 3748 1747 3800 αὐτὸν

203 3837 642 3906 μισθαποδότης
702 3840 936 3905 γίνεται.
1003 3840 1159 3889 Ὥστε
1196 3839 1224 3889 δ
1259 3835 1373 3889 οἴδα
1422 3837 1573 3888 σέϐω.
1636 3837 1746 3887 Οὐκ

208 3927 407 3998 ἔμαθον
433 3928 615 3979 οὐσίαν
644 3927 774 3980 Θεοῦ
804 3928 1266 3996 πολυπραγμονεῖν
1285 3943 1296 3955 ·
1321 3926 1590 3978 πιστεύειν
1617 3924 1747 3992 έμα·

208 4016 322 4078 θον,
367 4017 612 4082 ἀδελφοί·
647 4017 934 4081 πιστεύειν,
964 4019 1022 4069 οὑ
1053 4017 1534 4086 πολυπραγμονεῖν.
1600 4015 1750 4066 Ἀνά-

210 4105 378 4172 γνωθί
407 4122 497 4157 σου
526 4107 622 4175 τὴν
641 4106 938 4175 ὁμολογίαν,
957 4105 1212 4175 αίρετικέ,
1240 4105 1336 4176 τὴν
1360 4105 1416 4157 ἐν
1432 4103 1508 4173 τῷ
1531 4103 1750 4175 κρυπτῷ

211 4197 309 4249 καὶ
360 4195 569 4266 φοϐερῷ
622 4196 896 4265 μυστηρίῳ
930 4196 1392 4265 συμφωνηθεῖσαν.
1427 4196 1552 4247 Ὅτε
1584 4210 1750 4264 προσ-

209 4284 376 4353 ῆλθες
400 4283 772 4353 βαπτισθῆναι,
830 4285 881 4336 τί
927 4281 1110 4348 εἷπες;
1145 4285 1340 4355 ζητῶν,
1374 4285 1754 4354 πολυπραγμο-

209 4369 362 4421 νείαν
393 4369 624 4439 ἐρευνῶν
682 4382 729 4432 α,
767 4370 800 4437 ἢ
845 4372 1140 4435 πιστεύων;
1204 4371 1406 4434 Ἀλλως
1439 4368 1618 4441 ἦλθες,
1664 4371 1756 4422 καὶ

213 4456 356 4526 μετά
382 4459 551 4511 ἀλλων
584 4461 860 4529 συνθηκῶν
883 4460 1217 4530 κατηξιώθης
1241 4461 1337 4530 τῆς
1369 4461 1583 4529 χάριτος
1615 4459 1755 4511 ἐκεί-

211 4560 332 4611 νης.
373 4545 440 4596 Et
465 4561 524 4611 γε
558 4547 882 4613 κατηξίωσαι
927 4548 1142 4599 τοιαῦτα
1181 4551 1406 4617 φρονῶν,
1463 4549 1554 4601 καὶ⁵
1614 4564 1754 4615 παρ-

213 4633 546 4702 εσπόνδησας
574 4635 667 4694 τὰς
695 4635 978 4704 συνθήκας.
1012 4637 1102 4688 καὶ
1129 4639 1217 4688 ἐπὶ
1257 4637 1352 4704 μὲν
1384 4637 1488 4688 τῶν
1517 4635 1754 4704 φοϐερῶν

211 4724 308 4774 καὶ
343 4724 579 4791 φρικτῶν
605 4725 906 4794 μυστηρίων
932 4726 1026 4794 τὴν
1060 4727 1234 4778 πίστιν
1264 4727 1623 4795 προσήγαγες,
1656 4725 1756 4787 ἔξω

212 4813 266 4865 δὲ
287 4812 395 4863 τῶν
420 4813 721 4882 μυστηρίων
742 4815 1044 4883 γενόμενος,
1064 4817 1413 4887 περιγράφεις
1434 4816 1531 4885 τὴν
1557 4817 1753 4878 πίστιν,

211 4901 309 4953 καὶ
330 4920 340 4934 ι
358 4900 654 4969 ιροσφέρεις
686 4901 924 4970 ζήτησιν.

284 5059 357 5119 γ’.
400 5050 534 5102 Ἀλλ’
562 5051 660 5118 δρα
689 5051 736 5102 τί
763 5069 923 5119 φησιν
949 5054 978 5103 6
1011 5053 1196 5124 ἐχθρὸς
1223 5055 1323 5123 τῆς
1371 5054 1639 5120 ἀληθείας.
1668 5054 1758 5122 Μὴ

215 5143 327 5210 γὰρ
352 5141 531 5210 ἀργῶς
569 5142 696 5210 ἡμῖν
728 5142 754 5191 6
779 5140 907 5202 Θεὸς
951 5142 1144 5194 δέδωκε
1184 5144 1502 5212 λογισμούς;
1553 5143 1623 5211 μὴ
1653 5143 1758 5211 γάρ

213 5230 407 5291 ἁπλῶς
437 5231 730 5298 είλήφαμεν
763 5229 854 5281 τοῦ
890 5229 977 5281 νοῦ
1006 5232 1064 5282 τὸ
1092 5235 1406 5302 κριτήριον;
1434 5236 1522 5284 Δεῖ
1554 5235 1643 5284 καὶ
1676 5234 1760 5283 λο-

213 5322 436 5387 γισμοῖς
467 5320 686 5388 ἐρευνᾷν
712 5318 806 5387 τὴν
827 5315 1024 5381 πίστιν,
1045 5321 1136 5371 καὶ
1159 5322 1230 5390 μὴ
1257 5321 1602 5385 ἀνεξέταστον
1625 5317 1758 5373 εἶναι

213 5408 320 5478 τὴν
352 5407 647 5461 εὐσέϐειαν.
696 5408 905 5470 Καλῶς.
967 5408 1122 5460 Ἀλλά
1171 5410 1266 5476 τῆς
1304 5411 1597 5474 ἐξετάσεως
1641 5411 1762 5479 ὅρον

281 5639 306 5667 ⁸
339 5633 488 5683 Forte
508 5636 918 5695 πολυπραγμονῶν,
943 5638 1150 5696 ἐρευνῶν.
1172 5637 1400 5687 Corum.

1130 385 1195 441 IN
1235 385 1458 451 ILLUD,
1501 385 1563 440 IN
1602 381 1741 450 QUA
1783 380 2200 446 POTESTATE,
2242 379 2388 434 ETC.

3263 392 3375 447 416

1824 487 1963 543 εἶναι
1999 488 2210 559 [δεῖ]τά
2237 488 2352 541 θεῖα
2385 487 2557 556 λόγια,
2589 489 2681 540 καὶ
2717 489 2840 549 τούς
2883 488 3010 557 παρ’
3041 487 3200 541 αὐτοῦ
3240 490 3369 558 ήμῖν

1821 587 2066 649 δοθέντας
2090 586 2188 654 τῆς
2214 585 2489 648 εὐσεϐείας
2515 586 2759 648 κανόνας.
2801 588 2872 638 Σύ
2909 586 2964 638 δὲ
2988 587 3110 648 τούς
3139 589 3366 654 κανόνας

1825 679 2178 749 ὑπερϐαίνων,
2211 679 2271 730 οὐ
2295 683 2519 748 στοιχεῖς
2548 682 2665 741 ταῖς
2708 680 3077 743 θεοπνεύστοις
3105 683 3366 751 Γραφαῖς,

1825 772 1957 824 ἀλλά
1987 773 2455 842 πολυπραγμονεῖς
2494 774 2560 826 τά
2598 774 2730 834 θεῖα,
2762 775 2854 826 καὶ
2883 774 3083 841 βιάζεις
3110 775 3209 846 τὴν
3242 777 3370 846 ἀλή-

1827 865 1994 926 θειαν,
2029 866 2122 916 καὶ
2151 865 2418 933 πανταχοῦ
2450 865 2694 926 σπεύδεις
2729 867 2818 917 καὶ
2849 867 3118 935 λογισμῶν
3145 870 3366 936 ἀνωμα-

1825 959 1914 1029 λίᾳ
1944 957 2139 1028 μᾶλλον
2170 959 2546 1028 ἀκολουθῆσαι,
2579 959 2611 1027 ἢ
2637 960 2811 1010 πίστει
2843 960 3137 1023 δουλεῦσαι,
3184 961 3368 1029 ῶσπερ

1824 1054 1928 1106 τῶν
1948 1054 2117 1107 ἄλλων
2144 1053 2478 1123 κατειληφὼς
2523 1054 2618 1122 τὴν
2653 1056 2864 1122 πεῖραν,
2896 1054 2928 1122 ἢ
2962 1054 3065 1106 τῶν
3107 1055 3277 1108 ἄλλων
3310 1058 3367 1110 ὲν

1827 1146 1988 1216 πείρα
2036 1147 2316 1214 γενόμενος
2369 1147 2474 1198 τῶν
2503 1147 2810 1215 ὁρωμένων.
2868 1148 3211 1213 Ἀπάγγειλόν
3257 1165 3365 1216 μοι,

1825 1239 2096 1309 λογισμῶν
2125 1241 2407 1311 ἀκολουθίᾳ
2441 1242 2794 1311 χρησάμενος,
2831 1242 2943 1304 πῶς
2969 1243 3192 1311 ’έστηκεν
3222 1245 3249 1294 6
3276 1245 3365 1296 οὐ-

1831 1332 2001 1402 ρανὸς,
2035 1334 2113 1394 είς
2143 1334 2388 1386 τοσοῦτον
2416 1335 2544 1403 ὕψος
2579 1335 2972 1403 κοιλαινόμενος
2998 1336 3234 1404 ἄπειρον,
3275 1338 3366 1388 καὶ

1832 1423 1992 1490 μηδὲν
2030 1425 2085 1474 ὲν
2111 1423 2342 1493 τοσαύτῃ
2371 1429 2676 1494 περιγραφῇ
2699 1426 2755 1477 τὸ
2777 1427 3050 1496 ὑπερεῖδον
3078 1429 3230 1500 ἔχων,
3255 1429 3367 1489 πῶς

1832 1517 2077 1585 ἕστηκεν,
2108 1517 2211 1568 τίνι
2241 1515 2576 1583 βαστάζεται,
2616 1519 2753 1579 τίνες
2779 1521 2832 1569 al
2877 1522 3130 1590 κρηπῖδες
3179 1522 3260 1587 ἐφ’
3293 1515 3368 1573 ὧν

1829 1615 2142 1684 ἐστήρικται
2172 1633 2184 1676 ;
2219 1615 2334 1677 πῶς
2374 1617 2430 1666 ἐν
2483 1615 2714 1685 τοσούτῳ
2763 1619 2934 1686 χρόνῳ
2981 1620 3039 1669 οὐ
3089 1619 3268 1672 λύεται
3307 1621 3368 1672 τὸ

1828 1708 2037 1771 κάλλος,
2071 1710 2168 1760 οὐκ
2195 1707 2560 1778 ἀφανίζεταιή
2595 1710 2862 1778 ἁρμονίας
2903 1714 3078 1776 Δεῖξον
3114 1715 3237 1776 τούς
3270 1715 3368 1783 βα-

1831 1806 2114 1868 στάζοντας
2145 1805 2341 1870 κίονας,
2376 1804 2521 1877 [422]
2573 1806 2739 1872 δεῖξον
2783 1809 2879 1878 τὴν
2931 1810 3238 1879 ὑποϐάθραν
3270 1813 3370 1881 τὴν

1827 1904 2092 1967 τοσούτοις
2120 1904 2296 1971 δγκοις
2321 1906 2695 1974 ὑποκειμένην.
2732 1908 2794 1957 Τί
2821 1907 2874 1958 δὲ
2916 1908 3022 1976 ἐρῶ
3055 1911 3180 1979 περὶ
3209 1912 3369 1979 οὐρα-

1828 1994 1938 2056 νοῦ,
1967 1995 2056 2046 καὶ
2077 1994 2135 2046 οὑ
2168 1996 2291 2064 περὶ
2325 1995 2426 2062 γῆς
2457 1996 2521 2063 ἢν
2565 1996 2750 2059 πατῶ;
2778 1998 2999 2065 Πρῶτον
3041 2000 3369 2069 ἐρμήνευσόν

1833 2101 1921 2152 μοι
1947 2084 2045 2152 τῆς
2074 2087 2171 2152 γῆς
2212 2084 2306 2153 τὴν
2328 2085 2672 2136 κατάστασιν.
2713 2087 2830 2138 ”Οτι
2861 2087 2956 2155 μὲν
2997 2088 3102 2159 γὰρ
3135 2090 3224 2141 ἐπὶ
3251 2089 3372 2142 ὑδά-

1831 2187 1935 2222 των
1963 2171 2362 2241 τεθεμελίωται,
2385 2173 2537 2224 τοῦτο
2562 2173 2712 2240 κάγὼ
2742 2176 3061 2245 παρέλαϐον,
3095 2179 3186 2230 καὶ
3214 2179 3370 2241 αὐτὸς

1831 2261 2127 2328 ὁμολογεῖς.
2163 2262 2281 2324 Πῶς
2311 2263 2366 2314 δὲ
2395 2264 2484 2314 ἐπὶ
2502 2263 2606 2314 τῶν
2627 2263 2826 2316 ὑδάτων
2851 2266 3180 2334 ἐστήρικται,
3209 2269 3374 2336 ὲρμή-

1830 2365 2033 2400 νευσον.
2060 2350 2146 2418 Μὴ
2184 2349 2364 2411 ἁπλῶς
2401 2351 2760 2422 ἀκολουθήσῃς
2789 2352 2864 2421 τῷ
2892 2353 3047 2420 λόγῳ,
3085 2355 3214 2405 ἀλλά
3239 2355 3374 2420 λογι-

1834 2437 1965 2504 σμὸν
1996 2436 2187 2496 ἀπόδος
2208 2436 2310 2486 τῶν
2350 2437 2687 2504 ζητουμένων
2711 2453 2723 2466 ·
2757 2439 2870 2499 πῶς
2896 2440 2992 2506 δρη
3030 2439 3260 2491 τοσαῦτα
3282 2441 3371 2490 καὶ

1830 2522 2144 2592 τηλικαῦτα,
2179 2523 2270 2573 καὶ
2317 2522 2490 2590 βουνολ⁸
2517 2525 2609 2576 καὶ
2639 2526 2883 2586 πεδιάδες
2910 2526 3000 2576 ἐπὶ
3051 2527 3251 2578 ὑδάτων
3283 2529 3373 2594 φέ-

1834 2628 2048 2682 ρονται;
2082 2610 2212 2662 Εἰπὲ
2240 2611 2351 2672 πῶς
2383 2613 2414 2679 ή
2446 2611 2682 2665 θάλασσα
2709 2613 3028 2683 ἀφώρισταιο
3063 2617 3176 2667 εἰπέ
3204 2616 3316 2677 πῶς
3338 2618 3370 2684 ή

1831 2700 2097 2762 τοσούτοις
2160 2701 2447 2770 μαινομένη
2494 2702 2695 2769 κύμασι
2746 2704 2836 2754 καὶ
2875 2703 2952 2764 είς
2995 2703 3124 2771 ὑψος
3157 2706 3374 2774 ἄπειρον

1833 2789 2225 2859 κορυφουμένη,
2259 2790 2471 2842 ἐπειδὰν
2500 2793 2768 2860 πλησιάσῃ
2822 2795 2886 2860 τῇ
2915 2793 3140 2862 ψάμμῳ.
3171 2794 3372 2853 λύεται.

1836 2881 2056 2932 αἰδεῖται
2083 2879 2172 2931 τὸν
2202 2881 2322 2949 ὅρον
2360 2881 2450 2932 τοῦ
2479 2881 2782 2949 νομοθέτου.
2819 2883 3194 2952 Ἐρμήνευσον,
3224 2885 3374 2936 ἀδελ-

1837 2969 1922 3035 φέ,
1959 2969 2071 3031 πῶς
2106 2971 2228 3038 μιᾶς
2268 2969 2369 3037 γῆς
2402 2969 2582 3038 οὑσης,
2633 2973 2756 3038 μιᾶς
2797 2973 3029 3042 μητρὸς,
3063 2973 3285 3042 διάφορα
3311 2976 3378 3026 τα

1839 3055 2181 3125 βλαστήματα
2203 3097 2215 3118 ,
2251 3057 2409 3108 πόθεν
2439 3060 2492 3109 αί
2549 3061 2740 3126 πικραὶ⁸
2767 3061 2928 3128 ῥίζαι,
2960 3060 3117 3112 πόθεν
3159 3063 3213 3112 αἱ
3250 3061 3377 3126 γλυιι

1838 3150 1996 3204 κεῖαι,
2033 3145 2188 3197 πόθεν
2212 3146 2319 3196 τῶν
2365 3147 2584 3215 καρπῶν
2622 3149 2676 3198 αί
2710 3148 2974 3217 διαφοραί.
3010 3150 3118 3200 Μία
3146 3150 3213 3217 γῆ
3249 3150 3375 3217 βλα-

1839 3235 2115 3296 στάνουσα,
2143 3229 2220 3296 εἷς
2268 3235 2463 3302 δμϐρος
2495 3237 2521 3286 6
2563 3235 2786 3304 τρέφων,
2850 3236 3008 3286 πόθεν
3039 3237 3070 3304 ἠ
3113 3237 3379 3306 διαφορά;

1851 3324 2203 3392 Ἑρμήνευσον
2236 3324 2390 3374 πόθεν
2418 3325 2668 3392 προῖεσαν
2703 3325 2756 3375 αἱ
2792 3327 2980 3392 πηγαὶ,
3007 3327 3100 3376 καὶ
3130 3328 3190 3376 ὲκ
3213 3327 3379 3379 ποίων

1842 3413 2086 3464 ἀϐύσσων
2106 3451 2119 3473 ,
2146 3411 2258 3472 πῶς
2285 3411 2450 3463 ταῦτα
2472 3413 2686 3463 δυνατὸν
2719 3414 3056 3468 καταλαϐεῖν.
3100 3416 3233 3466 Ἀλλ’
3256 3419 3379 3470 ὅταν

1846 3500 1968 3568 περὶ
1997 3498 2161 3550 ταῦτα
2194 3500 2569 3568 ἀπορήσωμεν,
2600 3500 2788 3569 ἔχομεν
2822 3503 2943 3568 μίαν
2968 3503 3140 3572 ἀληθῆ
3178 3507 3266 3557 καὶ
3291 3509 3380 3558 εὐ-

1846 3589 1974 3654 σεϐῆ
2029 3587 2133 3638 τῶν
2169 3589 2548 3656 ἀπορουμένων
2580 3588 2674 3658 τὴν
2723 3590 2890 3644 λύσιν.
2919 3592 3022 3644 Kal
3053 3596 3080 3645 6
3119 3598 3379 3663 μακάριος

1846 3677 2001 3729 Δαυϊδ
2029 3677 2357 3745 ὲμελῴδησεν
2389 3672 2487 3730 ὧδέ
2519 3696 2592 3748 πη
2614 3679 2782 3745 λέγων
2804 3697 2816 3708 ⁸
2853 3682 2976 3733 Ὀτι
3022 3684 3198 3748 εὐθὺς
3224 3689 3256 3736 ό
3281 3688 3384 3738 λό-

1847 3785 1947 3835 τος
1971 3767 2073 3819 τοῦ
2098 3769 2331 3834 Κυρίου,
2359 3769 2451 3819 καὶ
2499 3770 2688 3820 πάντα
2714 3771 2781 3821 τὰ
2820 3771 2958 3838 ἔργα
2992 3773 3169 3824 αὑτοῦ
3191 3774 3258 3824 ἐν
3290 3776 3383 3826 πί.

1848 3873 1994 3909 στει.
2027 3857 2104 3908 Τά
2148 3857 2278 3926 ἔργα
2328 3858 2450 3910 ἀνευ
2486 3859 2711 3920 πίστεως
2751 3860 2846 3910 οὐκ
2905 3860 3013 3911 ἔστι
3047 3861 3383 3924 καταλαϐεῖν,

1848 3946 1942 3996 καὶ
1971 3945 2098 3995 Θεὸν
2126 3945 2250 3996 ἀνευ
2274 3949 2502 4006 πίστεως
2526 3949 2699 4014 εὑρεῖν
2724 3948 2939 3998 δυνατόν
2962 3965 2974 4005 ;
3004 3948 3080 3998 Τά
3107 3949 3237 4017 ἔργα
3257 3950 3381 4001 ἄνευ

1850 4033 2097 4094 πίστεως,
2131 4033 2224 4085 καὶ¹
2245 4034 2272 4083 ὁ
2297 4033 2417 4096 Υἱὸς
2448 4035 2503 4083 ὲν
2533 4035 2825 4099 άποδεὶξει;
2867 4037 2989 4088 "On
3018 4038 3192 4100 εὐθὺς
3218 4043 3248 4090 d
3282 4041 3384 4091 ,λό-

1851 4140 1954 4190 γος
1973 4122 2076 4174 τοῦ
2104 4123 2338 4188 Κυρίου,
2365 4122 2457 4173 καὶ
2491 4123 2680 4174 πάντα
2720 4125 2788 4176 τὰ
2819 4124 2958 4192 ἔργα
2990 4128 3169 4180 αὐτοῦ
3192 4127 3259 4180 ἐν
3289 4130 3385 4180 πί-

1853 4233 1998 4270 στει.
2036 4215 2190 4267 Ἀλλά
2218 4215 2320 4282 γὰρ
2357 4216 2478 4276 τοὺς
2509 4215 2728 4285 ἐχθροὺς
2772 4218 2866 4286 τῆς
2889 4217 3138 4286 ἀληθείας
3163 4221 3391 4288 ἀφέντες

1855 4308 2030 4375 ἡμεῖς,
2061 4306 2150 4356 ἐπῖ¹
2177 4306 2270 4374 τήν
2325 4306 2448 4374 ὑγιῆ
2489 4308 2579 4358 καὶ
2615 4307 2822 4374 ἀσφαλῆ
2870 4309 2964 4377 τῆς
3009 4310 3236 4372 πίστεως
3267 4311 3383 4381 (sic)

1856 4396 2248 4464 ἐπανέλθωμεν,
2275 4395 2363 4448 καὶ
2385 4396 2639 4462 δείξωμεν
2657 4398 2743 4448 τὸν
2763 4399 2958 4451 κανόνα
2973 4402 3069 4468 τῆς
3098 4401 3390 4464 εὐσεϐείας,

1855 4487 1921 4540 δι’
1950 4486 2112 4554 αὐτῆς
2136 4484 2230 4552 τῆς
2253 4483 2506 4553 ἀληθείας
2533 4485 2891 4555 ὲκλάμποντα.
2914 4489 3097 4549 Οὐδεὶς
3122 4490 3390 4550 Μωῦσέως

1857 4576 1911 4626 ἐν
1941 4577 2047 4634 τοῖς
2067 4573 2304 4641 ἀρχαίοις
2326 4571 2774 4642 ἀξιοπιστότερος,
2795 4573 2963 4634 οὐδεὶς
2984 4573 3187 4627 Παύλου
3209 4575 3264 4623 ἐν
3282 4576 3391 4635 τοῖς

1857 4664 1994 4723 νέοις
2030 4661 2341 4731 σοφώτερος.
2396 4661 2708 4729 Ἐρεύνησον
2738 4662 2831 4730 τὴν
2862 4662 3084 4712 παλαιάν
3127 4664 3392 4715 κατάστα-

1861 4768 1961 4813 σιν,
1990 4752 2080 4802 καὶ
2107 4750 2376 4812 Μωῡσέως
2398 4751 2580 4802 οὐδένα
2611 4751 2823 4819 μείζονα
2855 4750 3100 4818 εὑρήσεις
3124 4768 3135 4780 ·
3166 4755 3395 4819 Ἕτνων

1857 4841 1963 4908 γάρ
1992 4856 2082 4901 σε,
2109 4838 2203 4890 καὶ
2223 4835 2391 4904 εὗρες
2413 4839 2582 4904 χάριν
2602 4839 2755 4904 παρὰ
2779 4837 3021 4902 πάντας.
3050 4841 3229 4903 Οὐδεὶς
3257 4844 3395 4894 Παύ-

1860 4930 1950 4980 λου
1978 4931 2032 4979 ἐν
2057 4930 2121 4996 τῇ
2153 4929 2264 4996 Νέᾳ
2295 4928 2614 4995 τελειότερος
2637 4943 2649 4956 ·
2684 4927 2900 4991 Σκεῦος
2917 4928 3022 4996 γάρ
3047 4929 3212 4980 ἐστιν
3228 4930 3396 4983 ἐκλοο

1863 5017 1989 5085 τῆς,
2026 5017 2114 5066 καὶ
2143 5015 2396 5068 λαλοῦντα
2425 5014 2558 5083 ἔχων
2588 5018 2642 5066 ἐν
2692 5016 2864 5085 ἐαυτῷ
2889 5016 2978 5067 τὸν
3026 5018 3270 5085 Χριστόν.
3309 5021 3398 5088 Μὴ

1863 5103 2100 5171 ὑπερϐᾖς
2130 5105 2250 5164 τοὺς
2279 5102 2367 5154 τοῦ
2407 5105 2680 5166 Μωῦσέως
2727 5107 2880 5173 ὄρους
2924 5107 3014 5156 καὶ
3043 5107 3132 5157 τοῦ
3163 5109 3394 5160 Παύλου.

1862 5193 1925 5243 Τί
1958 5188 2078 5257 εὐρε
2116 5192 2349 5260 Μωὺσῆς
2377 5233 2389 5253 ,
2429 5194 2724 5262 κατάληψιν
2758 5195 2959 5255 οὐσίας,
2989 5195 3020 5262 ἦ
3047 5195 3200 5261 δόξαν
3233 5196 3397 5256 Θεοῦ;

1862 5280 2113 5348 Μωὺσῆς,
2150 5280 2380 5346 ἀδελφοὶ,
2415 5276 2572 5350 ἦλθεν
2602 5284 2678 5343 είς
2712 5281 3002 5351 ἐπιθυμίαν
3029 5283 3180 5346 Θεοῦ,
3204 5283 3275 5342 ῶς
3309 5283 3399 5333 ἄν·

1867 5371 2078 5439 θρωπος
2110 5368 2367 5435 φιλόθεος,
2400 5371 2488 5420 καὶ
2511 5371 2736 5438 ἠγνόησε
2770 5373 2882 5440 μὲν,
2904 5372 2981 5423 ὅτι
3005 5371 3252 5423 ἀδύνατον
3305 5372 3402 5422 ὲπο

1866 5459 2077 5527 εθύμει·
2113 5460 2258 5528 ὅμως
2279 5459 2333 5511 δὲ
2362 5459 2427 5511 δι’
2464 5453 2536 5512 ὧν
2571 5461 2764 5529 ᾔτησεν
2792 5462 2879 5514 τὸν
2912 5462 3058 5522 Θεὸν,
3095 5461 3304 5524 ἔδειξεν.
3337 5463 3403 5514 Τί

1868 5550 1970 5619 γάρ
1995 5567 2156 5618 φησις
2180 5551 2403 5619 Δέομαι,
2430 5551 2617 5617 Κύριε,
2647 5553 2696 5604 εί
2713 5551 2929 5618 εὕρηκα
2959 5548 3128 5616 χάριν
3151 5549 3402 5602 ἐνώπιόν

1876 5653 2006 5704 σου,
2057 5638 2336 5707 γνῶσι-ῶς
2390 5639 2490 5691 Ιδω
2537 5655 2631 5704 σε,
2672 5639 2996 5707 ἐμφάνισόν
3019 5655 3116 5705 μοι
3155 5640 3398 5692 σαυτόν.
