3982 6218
193 413 296 468 417

194 506 241 556 in
265 505 406 566 rubo,
438 503 564 558 vidit
597 517 714 558 eum
741 516 804 555 ex
833 512 1011 557 monte
1040 501 1186 567 Sina,
1219 502 1344 555 vidit
1371 515 1490 555 eum
1513 498 1734 552 diversis

191 594 240 646 in
269 593 389 646 locis
415 602 774 662 apparentem,
797 603 848 647 et
865 595 1021 647 variis
1045 593 1212 647 modis
1231 591 1559 662 praesentiam
1587 604 1732 642 suam

189 683 518 749 indicantem,
550 693 603 736 at
631 683 813 737 beatus
863 685 950 738 ille
989 685 1196 755 Moyses
1242 684 1407 754 ipsam
1438 681 1614 733 videre
1643 695 1735 731 cu-

189 773 353 840 piebat
379 783 577 825 naturae
607 774 847 826 formam.
873 773 998 826 Nam
1024 774 1182 826 homo
1197 787 1313 825 cum
1330 778 1490 834 esset,
1510 769 1732 822 humana

188 863 250 916 de
277 878 495 931 superna
520 865 603 916 illa
645 864 837 918 virtute
859 865 1254 932 imaginabatur.
1288 863 1423 914 Deus
1449 870 1619 913 autem
1643 861 1735 912 de-

187 953 427 1006 siderium
459 953 627 1006 ﬁdelis
657 953 831 1006 famuli
875 953 1216 1021 approbavit,
1256 950 1501 1018 ﬂexitque
1551 949 1733 1000 huma-

187 1057 304 1094 num
328 1041 566 1095 aﬂ‘cctum
610 1042 948 1109 impossibilia
979 1041 1296 1110 cupientem.
1340 1040 1474 1106 Quid
1507 1039 1645 1091 enim
1663 1041 1734 1090 ait

184 1131 295 1184 illi?
327 1131 485 1185 Nemo
533 1131 710 1184 videbit
739 1133 915 1203 faciem
951 1147 1107 1184 meam
1149 1140 1195 1183 et
1239 1135 1362 1183 viret
1413 1127 1613 1198 (Exod.
1643 1128 1729 1180 5'5.

183 1221 290 1289 20).
322 1223 675 1276 Desideratum
731 1237 832 1275 nou
882 1227 1021 1290 capit
1069 1224 1232 1274 virtus
1277 1219 1728 1274 desiderantium:

184 1324 284 1360 non
322 1308 418 1360 fert
448 1311 681 1362 mortalis
711 1311 893 1363 oculus
922 1308 1268 1361 immortalem
1299 1318 1560 1360 naturam.
1590 1305 1727 1370 Quid

181 1411 321 1466 ergo,
353 1399 868 1466 Domine?relinquis
897 1399 1010 1450 sine
1040 1398 1226 1450 solatio
1271 1411 1530 1460 amorem,
1563 1410 1622 1447 ac
1668 1409 1732 1446 ne

180 1491 411 1540 umbram
465 1490 672 1556 quidem
728 1490 928 1554 praebes
971 1489 1252 1551 desiderii,
1299 1490 1346 1540 ei
1395 1487 1481 1555 qui
1533 1496 1729 1538 tantum

179 1591 405 1629 amorem
447 1579 620 1629 animo
660 1576 940 1646 concepit?
985 1577 1333 1642 Quamobrem
1361 1578 1434 1628 ait
1467 1591 1479 1627 :
1508 1574 1652 1628 Pono
1680 1577 1731 1627 in

181 1675 338 1734 petra,
368 1675 412 1716 et
457 1679 658 1734 protego
685 1682 834 1717 manu
872 1682 979 1718 mea
1006 1679 1024 1716 :
1053 1674 1097 1716 et
1138 1681 1249 1716 cum
1295 1665 1520 1717 transibit
1571 1665 1731 1734 gloria

178 1771 305 1817 mea,
335 1755 514 1807 videbis
556 1756 827 1821 posteriora
867 1769 890 1803 .·
943 1755 1193 1806 anteriora
1235 1769 1347 1807 vero
1402 1770 1500 1806 non
1551 1756 1732 1806 videbis

178 1844 366 1903 (Exod.
393 1846 477 1898 55.
502 1843 589 1896 22.
616 1844 728 1913 25).
758 1843 871 1896 Νοη
894 1843 1042 1906 dixit,
1080 1843 1208 1896 Cum
1240 1843 1584 1911 pertransibo,
1615 1843 1728 1908 sed,

180 1935 301 1987 Cum
325 1937 548 1986 transibit
574 1935 733 2002 gloria
761 1950 886 1986 mea.
917 1933 1029 1986 Non
1061 1934 1200 1986 enim
1227 1934 1369 1997 licet,
1421 1945 1731 2002 praetergre-

179 2025 368 2077 diendo
411 2025 629 2093 gloriam
656 2063 670 2085 ,
717 2023 995 2077 essentiam
1050 2023 1304 2091 reperire.
1353 2023 1557 2092 Moyses
1601 2022 1730 2076 nihil

175 2114 294 2181 plus
320 2129 473 2181 quam
498 2114 716 2181 gloriam
748 2113 966 2175 invenit,
1015 2127 1185 2180 neque
1209 2112 1352 2164 illam
1384 2119 1546 2164 totam
1576 2112 1726 2173 vidit,

173 2203 267 2256 sed
294 2204 503 2256 dorsum
527 2221 539 2255 :
575 2218 676 2255 non
705 2202 842 2271 quod
873 2203 1032 2255 dorso
1059 2211 1111 2254 et
1139 2211 1350 2269 pectore
1374 2201 1632 2254 delineata
1660 2203 1728 2254 sit

174 2294 349 2347 divina
373 2305 553 2347 natura
587 2309 601 2346 :
634 2294 850 2362 simplex
876 2293 1015 2347 enim
1044 2301 1200 2347 estet
1230 2294 1605 2361 incomposita;
1637 2293 1728 2346 sed

173 2386 296 2452 quia
318 2385 451 2437 Deus
469 2385 542 2435 sic
559 2399 616 2436 se
633 2384 1052 2452 cognoscendum
1073 2383 1291 2450 prmbct,
1321 2398 1421 2434 non
1442 2382 1727 2436 secundum

175 2473 272 2525 sibi
300 2481 670 2539 congruentem
699 2471 1024 2539 dignitatem,
1056 2471 1148 2523 sed
1189 2471 1475 2524 secundum
1517 2471 1730 2524 faculta-

175 2569 280 2612 tem
310 2575 512 2624 eorum,
541 2562 625 2627 qui
653 2560 820 2627 ipsum
847 2559 1008 2611 visuri
1029 2566 1168 2610 sunt.
1195 2557 1398 2628 Moyses
1427 2558 1489 2611 ad
1511 2560 1727 2626 gloriam

174 2651 408 2719 pertigit,
434 2659 487 2701 et
508 2650 726 2716 gloriam
756 2663 858 2700 non
891 2662 1260 2716 supergressus
1290 2658 1369 2700 est
1400 2658 1489 2699 :at
1520 2655 1593 2712 tu,
1625 2649 1731 2700 ha:-

178 2739 363 2800 retice,
389 2737 608 2806 gloriam
637 2745 1011 2805 transgressus,
1041 2736 1384 2789 substantiam
1413 2737 1503 2789 Dei
1524 2739 1729 2791 curiose

173 2828 461 2882 scrutaris?
503 2828 782 2881 Veniamus
822 2838 874 2881 et
911 2828 974 2880 ad
1004 2828 1207 2881 beatum
1248 2829 1483 2882 Paulum.
1537 2829 1728 2882 Paulus

175 2919 231 2971 in
260 2920 400 2972 Novo
420 2917 756 2971 Testamento
775 2957 789 2980 ,
836 2932 954 2970 cum
984 2918 1341 2972 consideraret
1387 2919 1728 2988 particulares

170 3008 425 3077 quasdam
465 3008 556 3061 Dei
600 3008 1031 3075 dispensationes,
1063 3008 1209 3077 quasi
1250 3010 1504 3075 vertigine
1544 3017 1728 3074 captus

172 3101 228 3150 in
260 3097 516 3165 profundo
544 3097 891 3165 cogitationis,
919 3108 1132 3164 stupore
1155 3100 1358 3164 plenam
1389 3111 1567 3149 vocem
1594 3099 1728 3150 emi-

171 3190 242 3239 sit
270 3187 353 3238 bis
381 3188 553 3239 verbis
584 3203 596 3236 :
635 3204 652 3237 ι
688 3185 730 3239 Ο
757 3186 977 3237 altitudo
1017 3185 1310 3237 divitiarum
1359 3185 1628 3251 sapientiae
1675 3193 1728 3237 et

170 3277 408 3329 scientia:
442 3277 550 3338 Dei,
582 3291 734 3344 quam
785 3273 1330 3340 incomprehensibilia
1361 3284 1482 3326 sunt
1529 3272 1724 3340 judicia

169 3369 308 3436 ejus,
341 3374 395 3419 et
418 3365 804 3432 investigabiles
829 3366 924 3416 via:
960 3364 1103 3430 ejus!
1133 3363 1259 3427 Quis
1297 3363 1434 3416 enim
1485 3365 1728 3430 cognovit

169 3473 386 3510 sensum
417 3458 658 3510 Domini?
688 3465 777 3509 aut
815 3455 930 3524 quis
959 3455 1288 3507 consiliarius
1333 3458 1444 3519 ejus
1472 3452 1597 3505 fuit?
1641 3462 1729 3505 aut

168 3553 290 3619 quis
315 3553 452 3618 prior
472 3550 617 3604 dedit
643 3549 750 3613 illi,
774 3555 826 3601 et
857 3547 1173 3601 retribuetur
1192 3545 1238 3598 ei
1271 3565 1288 3595 ι
1323 3544 1493 3613 (Rom.
1525 3545 1608 3597 11.
1631 3544 1727 3596 55-

169 3644 317 3709 56)?
377 3641 620 3708 Finisque
665 3639 964 3692 sermonis:
1001 3655 1019 3687 ι
1053 3636 1306 3704 Quoniam
1365 3651 1429 3686 ex
1477 3635 1590 3701 ipso
1639 3649 1729 3699 per

173 3733 344 3796 ipsum
372 3740 424 3782 et
450 3732 498 3781 in
528 3730 640 3797 ipso
661 3737 781 3780 sunt
808 3727 981 3779 omnia
1010 3741 1025 3789 ;
1071 3725 1168 3793 Ipsi
1197 3725 1359 3792 gloria
1387 3724 1437 3776 in
1465 3722 1675 3776 saecula.
1703 3739 1723 3774 ι

178 3819 362 3872 Viden’
391 3834 508 3870 cum
535 3832 656 3870 eum
681 3815 748 3868 ad
790 3816 1008 3884 gloriam
1051 3815 1141 3868 Dei
1170 3815 1414 3878 venisset,
1449 3814 1726 3866 terminum

171 3924 282 3962 non
312 3906 635 3960 excessisse?
687 3904 885 3973 Ecquid
914 3904 978 3957 de
1014 3905 1310 3957 hominibus
1335 3904 1493 3956 dico?
1519 3903 1728 3971 Cogita-

173 4000 322 4051 tione
359 3996 580 4050 ascende
615 3996 679 4048 ad
725 3996 984 4059 cmlestia;
1016 3995 1277 4062 interroga
1308 3995 1464 4046 cmlos
1504 4001 1556 4046 et
1601 3994 1724 4045 dic:

169 4087 310 4151 Quid
330 4087 454 4138 mihi
483 4086 550 4140 de
575 4087 678 4139 Deo
700 4099 913 4138 narrare
936 4084 1185 4151 potestis?
1209 4083 1344 4148 caeli,
1368 4090 1573 4136 narrate
1602 4081 1728 4133 mihi

169 4178 347 4244 qualis
375 4177 442 4227 sit
473 4175 642 4242 Deus,
671 4174 962 4227 renuntiate
985 4172 1109 4224 mihi
1139 4188 1252 4240 quae
1275 4174 1341 4224 sit
1365 4171 1587 4225 essentia
1618 4171 1726 4223 Dei.

173 4265 371 4317 Verum
396 4281 499 4317 non
529 4263 1001 4331 respondentem“,
1017 4263 1080 4315 de
1098 4262 1160 4314 iis
1177 4277 1291 4329 qua:
1315 4275 1494 4312 eorum
1517 4259 1731 4311 faculta-

170 4367 282 4409 tetn
329 4364 578 4424 superant
608 4355 929 4424 interrogati.
963 4353 1062 4407 Sed
1094 4353 1138 4406 si
1167 4352 1278 4404 lucc
1304 4352 1552 4403 audacter
1591 4366 1734 4418 qure-

169 4448 350 4508 sieris,
381 4445 713 4512 respondebit
744 4460 836 4512 per
861 4443 1218 4496 admirabilem
1246 4442 1556 4505 Jeremiam,
1591 4441 1729 4493 divi-

171 4554 304 4590 num
373 4535 500 4589 illud
552 4536 824 4603 proferens
877 4535 1188 4602 eloquium:
1244 4532 1501 4586 lii/torruit
1557 4531 1732 4584 cccliim

168 4643 329 4694 super
357 4626 450 4679 hoc
481 4624 608 4696 (Jer.
637 4625 692 4678 ‘2.
723 4627 827 4692 12).
863 4626 1177 4678 lnhorrescit
1203 4629 1340 4677 enim
1367 4641 1488 4677 vere
1526 4625 1730 4687 celum,

173 4718 263 4770 ubi
295 4717 480 4770 viderit
504 4726 739 4769 naturam
759 4718 986 4768 divinam
1017 4715 1268 4782 indagari.
1290 4715 1365 4766 Ex
1383 4715 1622 4782 Opposito
1649 4729 1734 4764 ca-

172 4817 268 4860 net
301 4807 485 4860 beatus
516 4806 694 4869 David,
731 4807 1057 4858 temerariam
1096 4804 1450 4857 curiositatem
1484 4803 1732 4869 plectens,

170 4906 229 4950 et
257 4896 434 4950 dicet:
466 4893 577 4947 Non
604 4896 792 4948 audisti
818 4893 958 4955 illud,
988 4892 1108 4946 Caeli
1146 4901 1380 4944 enarrant
1402 4932 1416 4956 ,
1450 4908 1550 4942 non
1583 4900 1734 4942 natu-

173 5002 290 5039 ram
319 4986 430 5047 Dei,
459 4983 548 5038 sed
570 4985 776 5054 gloriam
804 4985 915 5036 Dei.
941 4984 1120 5036 Nonne
1155 4983 1262 5049 ipse
1282 4982 1370 5034 tibi
1391 4997 1480 5048 per
1507 4991 1733 5032 sanctam

171 5075 441 5127 citharam
469 5074 714 5126 clamavit
734 5113 748 5135 ,
777 5072 894 5125 Cteli
922 5083 1155 5124 enarrant
1183 5073 1394 5140 gloriam
1428 5070 1514 5122 Dei
1549 5070 1565 5140 (
1591 5069 1733 5121 Psal.

174 5167 267 5220 18.
304 5167 378 5236 1).
410 5165 519 5217 Non
549 5173 785 5216 naturam
817 5165 924 5225 Dei,
955 5180 1055 5214 non
1085 5164 1425 5215 substantiam
1450 5162 1734 5224 declarant,

173 5255 272 5308 sed
302 5256 518 5323 gloriam
561 5254 648 5306 Dei
677 5254 1004 5305 aununtiant.
1036 5255 1292 5305 (LL-terum
1325 5268 1390 5303 ne
1413 5261 1560 5317 putes
1589 5253 1740 5303 caele-

173 5355 289 5399 stes
316 5347 537 5398 virtutes
555 5343 674 5412 quid
697 5345 830 5396 ultra
861 5357 1198 5410 cognoscere.
1226 5343 1486 5409 interroga
1505 5342 1736 5408 angelos,

177 5438 472 5504 interroga,
502 5438 733 5502 inquam,
765 5449 865 5484 non
894 5432 1031 5499 quod
1064 5432 1153 5483 tibi
1175 5447 1483 5483 concessum
1513 5432 1577 5483 sit
1612 5444 1730 5481 cum

173 5525 426 5593 superuis
458 5523 735 5576 virtutibus
764 5521 1007 5589 congredi
1031 5559 1044 5579 ,
1087 5522 1175 5572 sed
1207 5521 1320 5587 quia
1363 5537 1424 5572 cx
1474 5520 1738 5587 Scriptura

178 5614 626 5678 remedialiabes,
672 5627 890 5681 qumque
934 5609 1203 5663 audaciam
1248 5621 1384 5663 tuam
1434 5612 1734 5677 reprimant.

179 5705 455 5770 interroga
505 5703 761 5770 angelos:
820 5703 1078 5765 interroga
1135 5713 1225 5751 eos
1287 5715 1406 5752 cum
1456 5699 1648 5752 videris
1681 5700 1732 5749 in

1156 386 1220 440 IN
1258 385 1477 451 lLLUD,
1517 383 1582 438 IN
1619 382 1754 448 QUA
1796 381 2212 446 POTESTATE,
2254 383 2405 439 ETC.

3274 399 3386 456 418

1844 507 1979 550 terra
2008 498 2228 552 choreas
2253 507 2490 567 agentes,
2509 507 2600 553 aut
2629 500 2853 570 hymnos
2887 513 3158 560 canentes.
3190 508 3280 562 Dic
3329 511 3395 564 il-

1839 585 1922 650 lis,
1961 586 2095 650 Quid
2125 588 2243 639 novi
2273 587 2511 641 docetis?
2537 588 2660 656 quid
2703 590 2895 642 insoliti
2915 595 3397 651 annuntiatishta-

1839 676 2037 743 tlmque
2061 675 2268 729 divinus
2294 679 2485 730 chorus
2509 692 2598 744 per
2625 687 2808 730 sancta
2859 682 3123 750 evangelia
3171 699 3392 744 respon-

1837 762 1982 816 debit
2010 765 2100 817 tibi
2133 780 2147 816 :
2172 763 2344 820 Gloria
2373 771 2423 818 in
2452 771 2703 821 altissimis
2738 769 2859 830 Deo,
2889 783 2936 823 et
2960 775 3008 824 in
3031 785 3163 826 terra
3193 791 3310 840 pax,
3341 783 3390 828 in

1838 855 2120 909 hominibus
2144 856 2504 924 beneplacitum
2528 861 2674 925 (Luc.
2701 862 2756 913 ‘2.
2787 861 2890 928 l4).
2924 861 3190 917 Venerunt
3217 866 3266 917 in
3297 878 3392 920 ter-

1837 959 1948 996 ram
1977 946 2166 1013 angeli,
2194 947 2443 1014 etgloriae
2469 950 2719 1000 terminos
2745 965 2846 1002 non
2867 953 3222 1019 prartergressi
3247 968 3390 1016 sunt;

1839 1033 2075 1088 hmrctici
2105 1051 2230 1089 vero
2256 1035 2354 1089 bos
2384 1039 2674 1105 transgredi
2719 1053 2820 1092 non
2851 1039 3238 1095 dubitaverunt.
3287 1045 3388 1098 Sed

1838 1137 1961 1175 num
1988 1123 2122 1176 forte
2151 1140 2392 1192 superna:
2415 1127 2654 1190 virtutes,
2682 1142 2796 1194 quze
2823 1143 2984 1194 super
3009 1132 3222 1198 angelos
3247 1133 3390 1184 sunt?

1835 1213 2194 1281 Archangelos
2216 1215 2333 1268 dico
2360 1232 2373 1268 :
2402 1227 2524 1269 sunt
2552 1227 2725 1270 autem
2758 1217 2857 1270 illa:
2882 1229 3079 1272 natura:
3102 1221 3384 1274 distinctae.

1840 1301 2105 1371 Interroga
2135 1304 2435 1367 Cherubim,
2473 1309 2670 1374 regium
2693 1307 2879 1360 solium
2909 1325 2924 1360 :
2958 1309 3053 1373 Qui
3078 1311 3216 1362 aedes
3242 1327 3390 1379 super

1836 1391 2440 1463 Clierubim,manifestare
2468 1395 2636 1464 (Paul.
2665 1396 2750 1449 79.
2777 1396 2850 1463 2).
2885 1397 3150 1467 Interroga
3189 1400 3390 1454 Cberu-

1836 1481 1962 1545 bim,
1995 1485 2235 1536 thronum
2265 1485 2647 1553 sapphirinum,
2671 1495 2724 1540 et
2767 1487 2819 1539 in
2861 1489 3050 1541 tbrouo
3091 1490 3386 1557 sedentem,

1835 1575 1976 1625 velut
2015 1574 2406 1629 similitudinem
2423 1575 2541 1631 Filii
2568 1578 2794 1631 hominis
2821 1578 3027 1648 (EzecIt.
3063 1582 3148 1635 10.
3183 1582 3228 1635 1.
3258 1594 3302 1635 et
3334 1585 3386 1637 1.

1833 1663 1923 1716 26.
1955 1663 2069 1733 21).
2105 1666 2163 1716 Ει
2195 1680 2291 1718 vox
2316 1665 2447 1719 facta
2474 1675 2558 1720 est
2580 1668 3022 1734 Cberubinorum,
3049 1671 3196 1739 quasi
3224 1687 3386 1741 aqua-

1836 1766 1950 1803 rum
1975 1752 2273 1817 multarum,
2302 1755 2536 1807 clamans
2568 1771 2582 1808 :
2611 1753 2877 1808 Benedicta
2903 1757 3064 1826 gloria
3090 1757 3291 1812 Domini
3325 1761 3387 1814 de

1835 1841 1942 1893 loco
1971 1858 2061 1893 suo
2087 1841 2242 1910 (Ibid.
2267 1843 2317 1896 3.
2345 1843 2456 1912 12).

1905 1932 1958 1983 4.
1992 1931 2144 1984 Vides
2175 1932 2587 1986 Cherubinorum
2619 1936 2964 1990 reverentiam
2985 1937 3010 1990 ?
3031 1938 3388 1992 Pervenerunt

1833 2019 1896 2071 ad
1941 2020 2194 2088 gloriam,
2236 2032 2287 2073 et
2326 2023 2459 2075 intra
2503 2023 2781 2076 terminum
2829 2037 3135 2079 manserunt
3173 2044 3184 2077 :
3226 2026 3384 2080 Bene-

1833 2109 1966 2161 dicta
1992 2109 2151 2178 gloria
2172 2109 2391 2163 Domini.
2416 2111 2728 2178 Quomodo?
2755 2112 2830 2165 De
2856 2114 2964 2166 loco
2991 2131 3080 2168 suo
3097 2132 3116 2166 :
3141 2126 3194 2168 ut
3211 2128 3387 2170 osten-

1832 2198 2050 2253 deretur
2100 2201 2190 2254 tibi
2243 2216 2358 2254 eam
2385 2203 2436 2254 in
2466 2202 2764 2256 caelestibus
2812 2202 2939 2257 locis
2969 2206 3303 2267 commorari.
3332 2216 3384 2259 et

1833 2287 1984 2357 longe
2010 2289 2248 2342 altiorem
2278 2305 2395 2344 esse
2424 2290 2673 2360 dignitate
2709 2291 2833 2359 ipsis
2860 2293 3154 2347 caalcsdbus
3178 2306 3228 2347 et
3256 2296 3386 2348 invi-

1833 2378 2069 2431 sibilibus
2103 2377 2393 2431 virtutibus.
2422 2379 2536 2432 Non
2576 2381 2857 2446 loquuntur
2880 2383 3025 2449 quasi
3053 2398 3214 2450 prOpe
3242 2393 3385 2437 stan-

1835 2474 1932 2529 tes,
1963 2465 2054 2519 sed
2085 2476 2138 2519 ut
2165 2466 2316 2534 longe
2340 2482 2368 2518 a
2413 2466 2587 2518 divina
2621 2467 2868 2536 dignitate
2892 2469 3182 2524 distantes:
3222 2469 3383 2524 Bene-

1831 2555 1964 2606 dicta
2003 2555 2165 2624 gloria
2193 2555 2392 2608 Domini
2414 2555 2476 2608 de
2499 2557 2609 2609 loco
2637 2573 2748 2610 suo.
2780 2556 2892 2610 Non
2920 2557 3059 2626 quod
3089 2558 3257 2612 locum
3285 2561 3380 2613 ha-

1832 2642 1987 2707 beat;
2027 2659 2238 2698 omnem
2265 2645 2404 2698 enim
2436 2644 2816 2699 circumscribit
2859 2645 3063 2710 locum;
3094 2648 3185 2701 sed
3215 2650 3380 2702 locum

1835 2733 1925 2787 Dei
1953 2743 2103 2786 vocat
2130 2749 2244 2786 eam
2271 2749 2387 2803 qua:
2418 2734 2551 2787 circa
2583 2750 2702 2788 cum
2732 2744 2810 2790 est
2835 2735 3159 2805 dignitatem.
3200 2737 3383 2791 Vidisti

1831 2823 2242 2877 (lberubinorum
2255 2822 2465 2878 vocem?
2481 2822 2744 2876 Benedicta
2759 2824 2918 2894 gloria
2937 2823 3156 2877 Domini.
3173 2825 3238 2878 Et
3256 2827 3382 2879 nihil

1831 2915 2054 2983 amplius
2088 2914 2542 2968 annuntiaverunt.
2576 2917 2788 2982 Oportet
2819 2915 2958 2968 enim
2990 2925 3040 2970 te
3057 2916 3250 2970 circum
3278 2918 3374 2970 ad-

1832 3014 2075 3069 stantem,
2107 3020 2261 3060 nosse
2285 3021 2345 3059 ea
2374 3022 2489 3074 quae
2510 3021 2538 3059 a
2572 3007 2674 3060 Deo
2708 3008 3034 3060 nuntiantur.
3065 3006 3194 3060 Nam
3227 3009 3381 3062 Sera-

1832 3095 1970 3162 plmn
2012 3097 2207 3148 stabant
2234 3097 2285 3148 in
2323 3096 2532 3148 circuitu
2575 3099 2681 3165 ejus
2712 3095 2860 3164 (lsai.
2889 3097 2940 3149 6.
2966 3096 3046 3166 ‘2).
3074 3098 3205 3162 Quid
3255 3115 3384 3166 ergo

1831 3196 1859 3233 ιι
1890 3182 2033 3235 vobis
2058 3183 2355 3238 discemus?
2379 3183 2548 3237 Nolite
2580 3184 2871 3251 prohibere.
2920 3185 3109 3239 Verum
3141 3188 3222 3240 illa
3251 3204 3384 3256 quo-

1829 3286 1932 3339 que
1967 3273 2141 3325 dicent
2170 3289 2185 3327 :
2211 3273 2458 3338 Quamvis
2503 3273 2753 3342 dignitate
2795 3275 3188 3341 praecellamus,
3238 3278 3385 3330 novi-

1831 3376 1947 3414 mus
1977 3372 2147 3415 tamen
2175 3373 2374 3414 natura:
2405 3371 2596 3415 nostra:
2623 3363 2772 3427 lines,
2796 3379 2889 3416 nec
2911 3365 3222 3432 Cognitionis
3240 3381 3386 3418 men-

1830 3465 2005 3503 suram
2033 3450 2487 3519 praatergredimur
2511 3469 2522 3502 :
2550 3466 2650 3503 non
2681 3453 2883 3504 curiosi-
2911 3463 3202 3506 scrutamur
3221 3453 3384 3508 Crea-

1834 3550 1998 3592 torem
2019 3551 2251 3593 nostrum
2272 3579 2288 3605 ,
2311 3555 2414 3592 non
2442 3541 2774 3607 exploramus
2800 3557 2916 3594 eum
2947 3544 3034 3612 qui
3067 3559 3162 3596 nos
3186 3545 3382 3599 honore

1832 3627 2025 3680 affecit.
2068 3626 2320 3682 Novimus
2368 3627 2950 3697 incomprehensibilem
2995 3642 3230 3685 naturam
3279 3649 3382 3686 non

1832 3718 2017 3786 subjici
2065 3719 2459 3788 quaestionibus,
2487 3733 2584 3772 nec
2623 3718 2898 3772 obnoxiam
2929 3735 3045 3774 esse
3083 3724 3386 3776 ratiocinio-

1833 3823 1950 3862 rum
1977 3808 2166 3872 seriei;
2207 3816 2418 3876 superat
2462 3822 2672 3862 omnem
2713 3809 3002 3876 angelicum
3048 3819 3237 3863 statum
3267 3827 3385 3864 om-

1832 3913 2056 3967 nemque
2099 3899 2201 3951 vim
2231 3899 2492 3952 caelestem
2518 3897 2682 3966 gloria
2708 3897 2822 3966 ejus
2849 3901 2934 3967 qui
2964 3899 3229 3953 adoratur.
3265 3901 3385 3956 ideo

1832 3996 1884 4039 et
1909 4001 2004 4039 nos
2025 4002 2128 4039 non
2157 3985 2566 4039 transcendimus
2595 3988 2862 4038 terminos.
2887 3987 3000 4040 Non
3029 3991 3388 4054 praeterierunt

1832 4075 2114 4130 Cherubim
2146 4073 2255 4144 (α),
2300 4078 2390 4128 sed
2438 4090 2555 4130 cum
2601 4077 2740 4128 01111ιὶ
2793 4079 3079 4130 reverentia
3119 4081 3384 4134 caelestem

1897 4205 1972 4316 (α)
2000 4212 2144 4254 Totus
2163 4205 2280 4255 ordo
2301 4209 2528 4256 uratlunla
2565 4207 2770 4268 postulat
2809 4208 3072 4271 Serapldm,
3098 4213 3313 4272 quamvis
3335 4213 3382 4261 in

1897 4281 1938 4316 :0
1975 4267 2105 4316 saite.
2124 4272 2175 4314 et
2190 4266 2490 4315 Cberubinos
2504 4279 2588 4316 bro
2604 4268 2872 4316 Seranbinis
2886 4271 3095 4316 nosuerit
3117 4271 3382 4316 l‘hilastrius

1835 4265 1938 4317 loco
1953 4265 2105 4329 lsaiag,
2124 4272 2175 4314 et
2190 4266 2490 4329 Cberubinos
2504 4265 2588 4328 pro
2604 4268 2872 4329 seraphinis
2886 4265 3095 4329 posuerit
3117 4265 3388 4320 l‘hilastrius

1835 4330 2012 4376 liazresi
2037 4326 2153 4390 ult._,_
2169 4340 2223 4390 ac
2245 4326 2466 4390 Paulinus
2502 4325 2730 4390 nataliu9,‘
2752 4342 2798 4388 p.
2823 4325 2928 4386 603,
2963 4331 3163 4390 ipseque
3188 4332 3386 4390 Chryso-

1834 4395 2016 4436 stomus
2035 4388 2082 4434 in
2108 4387 2238 4440 illud.
2269 4385 2466 4448 ναίει·δὶ
2488 4387 2704 4448 possibile
2736 4385 2824 4446 est,
2868 4385 2990 4444 etc.,'
3018 4385 3388 4441 et'Chernbinos

1833 4448 2102 4510 Serapliinis
2120 4451 2287 4510 jungat
2311 4447 2590 4510 Epiphanius
2613 4448 2830 4510 Ancorati
2854 4449 3052 4510 σέλμα),
3077 4449 3152 4504 ίὶϐ,
3179 4464 3284 4497 eum
3307 4461 3388 4498 5e-

1834 4507 2031 4556 veriano
2053 4507 2180 4558 Orat.
2207 4507 2234 4554 '2
2255 4507 2317 4554 de
2344 4507 2492 4554 Mundi
2524 4508 2789 4566 creatione,
2833 4514 2883 4556 et
2913 4507 3168 4557 ‘t'hilastrio
3211 4514 3386 4560 [heresi

1837 4578 2051 4632 extrema
2076 4575 2126 4632 et
2149 4567 2421 4632 penultima,
2451 4568 2722 4632 pariterque
2747 4567 2946 4632 hymnus
2965 4568 3264 4632 Cherubieus
3291 4584 3379 4632 ap—

1857 4628 2003 4674 pellari
2029 4627 2197 4680 soleat,
2217 4630 2297 4687 qui
2323 4626 2602 4687 Seraplticus
2627 4626 2716 4675 est.
2738 4626 2860 4675 sicut
2881 4628 2984 4676 vice
3004 4641 3140 4677 versa
3161 4631 3207 4678 in
3236 4626 3388 4679 locum

1857 4641 2003 4674 lcllﬂl‘l
2029 4641 2197 4680 seteat,
2217 4641 2297 4687 qui
2323 4641 2602 4684 serapmcus
2627 4641 2716 4675 εει.
2738 4641 2860 4675 διρυι
2881 4641 2984 4676 vice
3004 4641 3140 4677 versa
3161 4641 3207 4678 in
3236 4641 3388 4679 locum

1837 4641 2214 4749 bierubinorum
2239 4687 2380 4749 timidi
2405 4693 2455 4733 et
2477 4685 2746 4749 Paralipom.
2771 4689 3011 4749 Seraphini
3036 4689 3390 4739 substituuntur

1837 4747 2088 4808 Actione}
2105 4747 2269 4808 synodi
2290 4746 2393 4808 Vfll,
2417 4758 2505 4793 seu
2540 4747 2588 4793 in
2610 4746 2926 4808 disputatione
2969 4747 3062 4796 illic
3105 4750 3285 4808 prolata
3309 4759 3390 4799 Ju-

1838 4808 1999 4869 daeiet
2019 4804 2275 4869 Christiani
2296 4807 2403 4869 (ubi
2421 4812 2580 4869 tamen
2605 4804 2715 4855 Cod.
2763 4814 2874 4869 Heg.
2918 4808 3052 4866 1026,
3087 4804 3119 4858 l'.
3145 4811 3249 4869 266,
3275 4812 3390 4859 (“lie-

1839 4820 1999 4854 tranet.
2023 4820 2275 4856 Laris-uani
2296 4820 2396 4866 (ubi
2421 4820 2580 4853 tamen
2605 4820 2715 4855 ωα.
2763 4820 2789 4852 ii
2863 4843 2874 4855 .
2918 4820 3052 4866 tum,
3087 4820 3118 4858 Ι.
3145 4820 3249 4869 anu,
3275 4820 3390 4859 (νιε-

1839 4865 1994 4928 rubim
2019 4867 2178 4928 habet,
2208 4872 2259 4928 ut
2291 4875 2339 4914 et
2361 4864 2482 4928 alter
2516 4820 2858 4928 interpreting
2894 4876 2943 4916 et
2978 4870 3040 4915 ab
3075 4871 3254 4917 Andrea
3279 4871 3392 4920 Cre-

1841 4927 1964 4975 tensi
1986 4927 2206 4974 Oratione
2234 4927 2264 4974 3
2286 4928 2336 4986 in
2356 4927 2687 4974 dormitionem
2712 4927 2924 4986 Deiparte
2946 4940 2960 4975 :
2982 4940 3166 4976 necnon
3192 4931 3393 4978 thronus

1839 4987 2119 5046 Seraphicus
2152 4986 2293 5046 instar
2317 4985 2571 5036 Chernblci
2596 4987 2642 5033 in
2667 4985 2836 5033 eodem
2862 4987 3040 5046 Andrea
3064 4987 3242 5042 legitur
3264 4997 3390 5038 Orat.

1841 5045 2067 5108 inra’mos
2102 5045 2379 5108 palmarum,
2416 5055 2560 5106 atque
2593 5046 2642 5093 in
2676 5045 2962 5106 't'beOpbane
2994 5045 3227 5098 Cerameo
3260 5058 3391 5097 ttom.

1839 5106 1914 5163 55,
1941 5117 1999 5153 ac
2014 5106 2212 5173 ,δῷ-λίγα
2233 5117 2253 5157 ι
2273 5120 2360 5163 θοὸς
2391 5123 2442 5173 φφ
2460 5111 2785 5173 ξιωοπςιιοεηετυξν
2813 5119 2991 5167 χιρουςιμ
3013 5123 3077 5173 ..σειΔ
3095 5121 3273 5173 μμφιμ,
3305 5109 3392 5173 hoc

1841 5175 1935 5222 est,
1962 5164 2230 5230 Dicitpe'us
2253 5165 2399 5227 Moysi
2416 5164 2433 5214 ,λ
2451 5171 2547 5230 Fac
2563 5164 2811 5215 cherubim
2831 5164 2877 5230 et
2913 5164 3345 5230 se'raphim.:t3pist.
3371 5171 3391 5217 1

1839 5227 2052 5289 Gregorii
2080 5227 2121 5276 ll
2144 5227 2200 5275 ad
2223 5233 2428 5289 Leonem
2448 5229 2678 5289 Isaurum.
2707 5227 2902 5289 Accetlit
2941 5228 3053 5284 huc,
3074 5229 3198 5289 quod
3237 5227 3394 5276 notavi

1841 5286 1897 5348 ad
1920 5285 2113 5348 conatu.
2150 5294 2329 5348 apost.,
2361 5285 2621 5348 Cherubin}
2666 5292 2717 5333 et
2735 5287 2987 5348 seraphin:
3018 5285 3237 5336 contundi
3272 5289 3397 5348 apud

1841 5343 2554 5409 Cyrillumttierosolymitanum
2588 5343 3198 5409 catechcsi'mystagogica
3227 5349 3274 5405 5,
3303 5343 3396 5394 ὀιιὶ

1842 5404 1966 5453 nunc
1989 5405 2133 5454 addas
2154 5404 2411 5453 velimtum
2435 5406 2766 5464 cognominem
2803 5404 3168 5455 Alexandfiniim
3188 5404 3269 5454 lib.
3294 5409 3323 5454 9
3350 5415 3398 5455 et

1845 5465 1980 5514 lOde
2006 5466 2284 5514 adoratione
2328 5465 2369 5511 in
2408 5465 2570 5524 spiritu
2609 5473 2658 5512 et
2682 5467 2906 5522 veritate,
2938 5469 3017 5515 ubi
3055 5470 3196 5515 etiam
3222 5469 3397 5514 nomini

1842 5526 2083 5586 Seraphim
2107 5529 2184 5573 dat
2208 5526 2648 5586 interpretationem
2673 5528 2874 5574 nominis
2895 5525 3164 5576 Cberublm.
3189 5542 3293 5573 cum
3319 5542 3398 5575 re-

1843 5583 1967 5633 ctius
1989 5583 2348 5645 interprete-tne
2364 5583 2423 5646 ad
2464 5583 2596 5631 Isaia:
2617 5593 2757 5646 caput
2779 5588 2826 5642 6,
2853 5592 2901 5634 et
2927 5588 2981 5636 ad
3015 5595 3202 5634 Joannis
3231 5589 3303 5642 1‘2,
3328 5590 3399 5643 tt,

1845 5653 1942 5693 tum
1970 5647 2261 5692 narrationes
2281 5652 2344 5691 de
2370 5645 2646 5693 inventione
2675 5645 2728 5693 Β.
2770 5649 2938 5703 crucis,
2973 5649 3095 5706 apud
3131 5656 3403 5694 Hretsermn

1849 5719 1894 5751 c.
1925 5707 2058 5761 169⁸1,
2086 5709 2219 5766 1706,
2251 5707 2381 5764 1707,
2413 5707 2542 5764 17H,
2570 5713 2666 5753 tum
2701 5710 2990 5754 Anastasium
3022 5711 3236 5755 Sinailain
3268 5710 3321 5755 12
3361 5712 3403 5756 in
