3982 6218
575 389 687 443 419

566 494 712 549 illum
733 490 979 559 hymnum
999 486 1366 541 modulantur:
1397 485 1632 546 Sanctus,
1655 492 1872 548 sanctus,
1904 494 2124 548 sanctus,

568 581 816 636 Dominus
839 579 1083 643 Sabaoth,
1103 579 1248 644 plena
1265 587 1333 629 est
1354 578 1510 628 omnis
1527 583 1658 627 terra
1673 574 1831 642 gloria
1845 574 1955 642 ejus
1975 573 2126 643 (lsai.

569 673 621 725 6.
655 672 732 737 5).
760 669 874 722 Non
921 667 1116 737 pudore
1168 676 1220 719 te
1249 665 1408 718 allicit
1444 663 1637 718 Paulus
1678 671 1732 716 et
1771 661 1995 732 Moyses,
2039 663 2126 730 qui

567 761 784 832 gloriam
814 774 915 811 non
945 755 1296 825 prmtergressi
1321 753 1482 806 sunt?
1510 751 1783 806 Pudorete
1810 750 2004 805 afﬁciet
2023 766 2127 804 ca:-

570 853 699 910 lum,
720 848 937 918 gloriam
957 858 1230 899 enarrans.
1257 843 1362 896 Sed
1382 858 1476 895 nec
1503 841 1779 910 persuadet
1801 841 1888 894 tibi
1907 842 2129 894 caelum?

569 939 828 992 Pudorem
861 936 1087 988 iufercnt
1116 934 1305 1001 angeli.
1330 934 1395 985 At
1419 932 1635 1001 angelos
1663 932 1926 1000 despicis?
1954 932 2126 985 [tere-

568 1041 684 1079 rere
721 1025 1065 1079 Cherubinos.
1116 1023 1306 1075 Verum
1357 1022 1475 1075 illos
1514 1021 1672 1073 etiam
1705 1020 1954 1073 audacter
1995 1035 2129 1088 prae-

569 1113 916 1182 tergrederis?
943 1111 1016 1164 Te
1057 1110 1328 1176 Seraphim
1361 1124 1423 1162 eo
1453 1109 1706 1162 reducant
1734 1117 1790 1161 ut
1826 1108 2017 1175 sapias.
2061 1109 2131 1160 At

572 1217 670 1256 nec
693 1201 991 1255 caelestibus
1014 1215 1109 1253 nec
1140 1199 1362 1252 terrenis
1387 1198 1719 1251 documentis
1747 1212 1944 1251 morem
1965 1198 2128 1266 geris?

572 1292 733 1345 Extra
775 1305 978 1342 sacrum
1005 1290 1220 1342 chorum
1256 1303 1430 1351 mane,
1464 1296 1651 1355 sponte
1676 1286 1856 1340 exsula
1885 1302 1915 1340 a
1941 1287 2130 1340 divinis

571 1382 739 1433 atriis.
791 1379 902 1431 Non
935 1387 1082 1446 potes
1110 1379 1250 1430 enim
1281 1378 1442 1430 Deum
1472 1377 1679 1429 curiose
1705 1377 1943 1434 scrutari.
1972 1387 2025 1430 et
2054 1378 2132 1428 in-

573 1479 651 1521 ter
678 1468 856 1521 lideles
886 1469 1168 1520 numerari.
1195 1465 1391 1534 Ecquid
1419 1466 1484 1518 de
1515 1465 1621 1517 Deo
1646 1464 1796 1516 dico?
1822 1465 1999 1518 Nescis
2021 1466 2130 1517 lor-

573 1556 875 1611 mitlaudum
909 1570 1028 1609 esse
1067 1555 1154 1608 Dei
1197 1566 1436 1607 naturam
1464 1554 1710 1607 audacter
1735 1554 1990 1606 serutari?
2021 1555 2130 1607 lmo

574 1663 639 1701 ne
670 1649 778 1715 ipsa
800 1647 1007 1715 quidem
1025 1660 1184 1712 Opera
1209 1645 1294 1696 Dei
1313 1644 1358 1696 si
1375 1643 1599 1696 volueris
1616 1643 1906 1696 accuratius
1929 1644 2128 1706 rimari,

573 1736 784 1804 dignum
815 1744 863 1788 te
889 1734 1089 1802 putabit
1133 1734 1269 1786 Deus
1311 1731 1661 1784 familiaritate
1697 1746 1812 1794 sua,
1839 1731 1932 1784 sed
1976 1732 2132 1799 longe

576 1825 814 1892 repellet,
849 1834 902 1876 ut
927 1822 1015 1892 qui
1043 1822 1383 1890 impossibilia
1411 1821 1748 1889 aggrediaris.
1780 1820 1985 1888 Moyses
2014 1822 2132 1873 talis

576 1926 854 1980 tantusque
882 1915 978 1976 vir,
1012 1921 1086 1966 tot
1127 1913 1493 1965 miraculorum
1537 1922 1784 1980 patrator.
1813 1914 1901 1980 qui
1929 1913 2130 1966 media-

576 2020 659 2062 tor
686 2009 779 2062 Dei
807 2017 860 2060 et
900 2007 1168 2059 hominum
1215 2005 1328 2068 fuit,
1355 2008 1437 2058 cui
1477 2019 1619 2057 mare
1660 2005 1886 2058 divisum
1913 2014 2015 2070 est,
2043 2006 2132 2073 qui

574 2112 762 2151 manna
790 2096 856 2149 de
883 2096 1025 2149 canis
1067 2094 1317 2148 deduxit:
1348 2094 1432 2147 hic
1460 2095 1541 2146 ubi
1573 2109 1730 2146 unum
1759 2110 1820 2149 ex
1853 2094 1940 2146 Dei
1972 2095 2134 2163 jussis

574 2201 732 2240 ausus
751 2195 834 2239 est
860 2187 1083 2238 humana
1107 2187 1308 2237 ratione
1345 2183 1538 2248 metiri,
1569 2199 1664 2240 nec
1694 2184 1881 2236 divina:
1911 2197 2130 2236 conces-

578 2280 646 2329 sit
676 2276 938 2344 potentiar,
972 2273 1346 2326 inexorabilem
1385 2287 1589 2340 pinnam
1631 2273 1866 2325 incurrit.
1902 2272 1966 2325 Ut
1992 2273 2132 2326 enim

580 2366 814 2433 pcrvenit
841 2363 904 2415 ad
947 2373 1167 2430 petram,
1208 2361 1341 2414 dixit
1369 2361 1432 2412 ad
1461 2362 1705 2428 populum
1737 2377 1749 2412 :
1775 2360 1971 2428 Popule
2011 2362 2136 2413 dure

576 2463 621 2504 et
646 2451 911 2511 incredule,
938 2467 1057 2502 nam
1083 2451 1144 2502 de
1171 2461 1308 2516 petra
1335 2449 1427 2499 hac
1456 2459 1624 2518 potero
1654 2449 1785 2502 vobis
1807 2451 1928 2502 dare
1955 2466 2134 2516 aquam

580 2542 761 2608 (Num.
791 2542 882 2594 ΞΟ.
913 2541 1026 2608 10)?
1047 2540 1111 2593 Et
1151 2539 1272 2607 quid
1318 2540 1388 2592 illi
1431 2539 1570 2592 Deus
1605 2558 1616 2591 :
1652 2538 1755 2592 Pro
1785 2557 1840 2592 eo
1864 2541 1994 2607 quod
2037 2557 2135 2592 non

577 2631 868 2700 glori/icasti
898 2647 973 2682 me
1005 2645 1170 2681 coram
1195 2644 1466 2697 synagoga,
1504 2645 1599 2680 non
1639 2629 1928 2695 ingredieris
1953 2630 2004 2680 in
2032 2637 2133 2680 ter-

577 2737 705 2783 ram,
729 2736 878 2789 quam
906 2719 1074 2787 juravi
1097 2717 1251 2783 (Ibid.
1279 2734 1326 2768 υ.
1361 2716 1468 2785 12).
1498 2715 1591 2769 llic
1615 2717 1738 2768 mihi
1763 2727 1990 2770 mentem
2018 2717 2136 2770 dili-

583 2818 764 2877 genter
803 2808 1011 2860 adhibe.
1060 2805 1162 2857 Pro
1185 2822 1238 2857 eo
1264 2807 1397 2870 quod
1427 2821 1524 2856 non
1561 2804 1852 2873 gloriﬁcasti
1877 2821 1972 2859 me.
2000 2805 2132 2872 Quid

581 2909 695 2954 erat
724 2897 1050 2968 gloriﬁcare?
1094 2897 1295 2958 Dicere,
1326 2895 1511 2948 Omnia
1542 2905 1713 2962 pulest
1741 2897 1896 2948 Deus.
1937 2896 2134 2950 Pecca-

582 2999 690 3042 tum
713 2989 850 3040 enim
881 2996 962 3039 est
987 2995 1167 3038 contra
1195 2985 1359 3038 Deum
1392 2985 1676 3038 ratioaibus
1698 2994 1842 3052 gesta
1869 2986 1982 3054 ejus
2013 3001 2137 3039 exa-

582 3081 802 3141 minare,
828 3093 923 3130 nec
947 3078 1135 3130 divina:
1167 3075 1339 3130 virtuti
1373 3079 1692 3143 permittere,
1710 3093 1826 3145 qua:
1846 3091 2003 3145 super
2023 3091 2135 3129 om-

584 3168 666 3221 nia
715 3177 960 3235 operatur
995 3181 1110 3232 quae
1155 3180 1246 3218 sua
1292 3174 1433 3219 sunt.
1494 3165 1855 3219 Defensiouem
1912 3166 2136 3220 instituit

583 3257 742 3310 David
775 3270 868 3325 pro
889 3257 1066 3324 Moyse
1091 3255 1258 3323 lapso,
1287 3271 1390 3308 non
1427 3264 1621 3317 mente,
1652 3255 1743 3308 sed
1772 3256 1941 3324 lingua
1965 3255 2133 3326 (Psal.

585 3345 707 3402 105.
737 3345 846 3413 33).
870 3345 1277 3410 Namjustorunt
1295 3343 1482 3396 delicta
1514 3345 1563 3396 in
1596 3345 1766 3412 lingua
1783 3354 1925 3409 sunt,
1947 3345 2136 3414 impio-

582 3454 695 3491 rum
713 3437 930 3489 crimina
954 3435 1002 3487 in
1022 3444 1215 3487 mente.
1236 3437 1309 3487 Ac
1321 3436 1454 3488 sicut
1472 3435 1661 3503 impius
1680 3445 1856 3490 mente
1877 3437 2084 3504 quidem
2106 3452 2134 3488 a

584 3528 690 3580 Deo
731 3525 1039 3593 sejungitur,
1069 3524 1375 3592 videturque
1419 3533 1593 3578 tamen
1636 3525 1840 3579 ratione
1880 3525 2134 3580 labiorum

582 3617 900 3683 aliquantum
926 3613 990 3665 ad
1019 3627 1136 3666 eum
1162 3613 1443 3675 accedere;
1482 3627 1600 3665 nam
1631 3611 1860 3682 Papulas
1888 3614 1966 3664 hic
1993 3615 2137 3667 labiis

582 3722 658 3761 me
683 3709 913 3764 honorat,
934 3719 1018 3755 cor
1042 3714 1202 3755 autem
1219 3705 1324 3770 ejus
1346 3703 1490 3771 longe
1509 3712 1580 3756 est
1600 3719 1629 3754 a
1646 3720 1721 3755 me
1745 3703 1890 3772 (lsai.
1910 3704 1977 3757 29
1991 3745 2003 3756 .
2024 3704 2132 3774 13):

582 3794 656 3845 sic
683 3802 733 3845 et
763 3793 876 3859 pius
908 3791 1058 3843 ﬁrmo
1087 3791 1245 3843 corde
1268 3791 1533 3858 prarditns,
1554 3806 1694 3859 saepe
1721 3792 1895 3860 lingua
1926 3793 2134 3846 labitur.

586 3882 706 3941 Ideo
757 3881 914 3934 David
956 3881 1145 3949 Moysis
1185 3880 1539 3934 defensionem
1586 3883 1836 3949 suscipit,
1883 3883 2135 3950 prepheta

585 3973 891 4040 prOphctatn
941 3979 1123 4038 purgat
1164 3989 1176 4024 :
1225 3971 1286 4022 Et
1332 3972 1647 4024 irritaverant
1693 3990 1803 4024 eum
1841 3975 1908 4024 ad
1955 3991 2135 4043 aquam

584 4064 1002 4124 contradictionis,
1028 4074 1070 4114 et
1096 4072 1293 4114 vexatus
1320 4072 1387 4114 est
1412 4064 1607 4131 Moyses
1637 4074 1838 4132 prOpter
1863 4081 1944 4116 eos
1966 4065 2133 4134 (Psal.

585 4155 705 4212 105.
737 4153 846 4219 5‘2);
871 4168 972 4203 non
1002 4161 1210 4220 propter
1235 4167 1309 4203 se.
1344 4151 1473 4216 Quid
1501 4162 1673 4204 autem
1701 4154 1796 4205 sibi
1834 4155 1944 4206 vult
1983 4154 2132 4218 illud,

587 4243 801 4310 Propter
834 4241 954 4294 eos?
983 4239 1091 4292 Non
1134 4256 1200 4292 ex
1245 4242 1452 4307 preprio
1489 4242 1664 4292 animo
1715 4243 2134 4296 incredulitatem

583 4333 836 4395 exhibuit,
869 4331 960 4385 sed
999 4331 1334 4384 conturbatus
1376 4347 1438 4384 cx
1479 4332 1890 4386 contradictione
1937 4336 2134 4401 populi,

588 4439 690 4477 non
714 4422 932 4489 amplius
957 4430 1182 4474 mentem
1208 4421 1386 4473 habuit
1412 4435 1593 4489 puram
1621 4461 1632 4484 ,
1659 4430 1836 4489 utpote
1859 4424 2140 4476 conturba-

586 4605 950 4654 Ilexaemeron;
1008 4595 1680 4660 tttm__dt_3uiqtte_‘rheodorum
1713 4599 2049 4660 t‘rodromum,
2090 4602 2138 4648 lu

587 4660 760 4709 omium
779 4663 1002 4723 Gretsero
1022 4671 1066 4704 c.
1091 4657 1227 4702 9.309.
1253 4657 1554 4723 tntodauteiii
1574 4659 1661 4705 hoc
1681 4661 1725 4706 iu
1746 4659 1846 4723 loco
1861 4657 2139 4723 Chrysdsto-

587 4732 692 4765 mus
714 4717 998 4776 Seraphinos
1021 4725 1158 4775 ponat
1182 4730 1320 4776 supra
1340 4716 1652 4774 Cherubiuos,
1672 4721 1894 4768 oratione
1911 4716 2026 4768 ve'ro
2045 4730 2138 4768 ter-

588 4784 650 4826 tia
674 4778 734 4824 de
757 4776 1229 4839 incottlpl‘cltcnsibilt
1255 4787 1414 4839 contra
1449 4778 1603 4833 faciat,
1633 4791 1774 4839 quam
1797 4782 2031 4828 rationem
2053 4782 2138 4829 da-

589 4840 744 4887 bimus
756 4837 785 4901 ?_
807 4835 993 4883 Scilicet
1020 4839 1065 4882 in
1089 4849 1143 4882 re
1168 4838 1412 4883 arbitraria
1437 4846 1486 4885 et
1527 4835 1723 4894 incerta,
1769 4842 2013 4890 variationi
2037 4843 2141 4901 epi-

588 4897 928 4970 nio'nisnlocutu
960 4909 1092 4970 esse.
1133 4904 1271 4965 Porro
1304 4911 1362 4970 ex
1383 4901 1812 4970 Inratiouebieette
1837 4897 2144 4970 Paphlagonis

589 4960 636 5006 in
663 4957 848 5005 laudem
875 4956 1192 5002 ltartholomzei
1216 4957 1428 5014 apostoli,
1457 4961 1698 5005 novissimi
1725 4956 1918 5007 suctarii
1939 4956 2143 5009 Cat—ube-

589 5019 733 5067 ﬁsiani
761 5033 806 5078 p.
853 5017 962 5078 597,
985 5017 1091 5068 398,
1117 5017 1205 5078 ubi
1245 5020 1434 5064 ordines
1457 5021 1661 5078 angelici
1693 5021 1921 5078 gradatim
1946 5034 2143 5069 enume-

591 5077 772 5133 rantur,
792 5077 1026 5138 excidisse
1052 5077 1399 5138 videntursitio
1423 5077 1933 5138 antiipnarii,’rirtutes;
1959 5090 2010 5129 ct
2031 5091 2141 5129 Ora-

590 5141 721 5185 tione
742 5136 1030 5201 in_'t'hontam
1055 5151 1100 5196 p.
1122 5137 1228 5201 570,
1249 5136 1433 5201 throni;
1457 5136 1853 5198 quemadmodum
1892 5136 2041 5199 liquet
2059 5155 2146 5201 per

589 5197 885 5245 consimilem
908 5198 1320 5242 enumerationem
1337 5197 1504 5244 Mecta:
1528 5207 1652 5246 urat.
1679 5201 1724 5246 in
1751 5197 2009 5249 l'ctt'um‘et
2035 5197 2147 5249 Pau-

591 5258 686 5304 lutn
714 5272 759 5318 p.
783 5256 892 5311 555,
918 5265 968 5303 ct
986 5263 1112 5302 ωιτη.
1133 5258 1182 5318 in
1202 5257 1366 5318 audam
1383 5258 1660 5305 'l'haddtcum
1683 5274 1728 5316 p.
1754 5259 1858 5306 ΩΙ.
1886 5260 2146 5310 Consulet‘e

591 5316 743 5380 adhuc
767 5324 905 5380 potes
927 5322 1076 5380 Notai
1086 5316 1143 5363 ad
1154 5316 1537 5380 _Apostol_icorum
1561 5327 1712 5377 Opera
1730 5333 1771 5366 c.
1791 5320 1898 5376 512,
1925 5323 2147 5380 insuper-

593 5390 688 5437 que
708 5373 1325 5437 S.fireu:e_u_n_1li‘l_i._l,'_eap.
1352 5376 1394 5433 1,
1420 5391 1464 5436 p.
1490 5379 1564 5433 :ll,
1593 5373 1643 5426 et
1667 5393 1711 5424 tn
1734 5373 1988 5437 Epiphanio
2010 5373 2138 5435 liter,

594 5436 668 5493 Ἠ,
695 5435 834 5494 n.1'l,
864 5434 1035 5497 p.18},
1058 5432 1110 5487 (Β,
1129 5433 1184 5497 _D_.
1205 5432 1478 5482 Aedemu'm
1497 5450 1520 5480 a
1541 5447 1549 5480 l
1571 5438 1659 5497 ista
1683 5432 2035 5497 l'bilostriicap.
2053 5432 2138 5497 po;

592 5502 789 5555 strcmo,
817 5492 941 5544 Nam
966 5492 1216 5541 Chorubim
1249 5497 1488 5555 plenitudo
1511 5495 1717 5544 sciantur:
1739 5496 1932 5555 dicitur,
1968 5492 2011 5546 εὶ
2038 5492 2140 5547 uir-

595 5561 668 5601 tus
689 5554 822 5614 ignea
857 5567 1116 5614 peragrans
1152 5553 1437 5613 appellatur,
1481 5569 1558 5601 me
1583 5557 1713 5612 vide;
1748 5553 1973 5605 audacter
2010 5559 2141 5606 enim

595 5615 784 5723 italiam,
809 5622 852 5665 et
874 5613 1124 5676 Seraphim
1159 5614 1306 5665 virtus
1343 5615 1480 5677 ignea
1502 5616 1708 5678 ﬂagrans
1729 5618 2008 5678 appellatur.
2049 5618 2140 5666 Co-

2045 372 2308 429 INCERTI

3695 402 3809 456 420

2235 494 2360 538 tam.
2393 484 2516 538 lltcc
2558 483 2803 552 loquutus
2843 499 2959 537 sum
2987 483 3054 536 ab
3085 482 3292 538 ofﬁcina
3337 486 3624 554 iniquitatis
3672 503 3800 558 pro-

2235 575 2360 628 lata.
2387 573 2482 629 Ubi
2530 575 2722 627 audisti
2765 574 2999 642 genitum
3028 585 3080 626 et
3105 575 3424 640 ingenitum?
3468 578 3554 630 ubi
3599 579 3797 633 audisti

2233 678 2397 716 novas
2429 663 2565 727 illas,
2605 664 2816 716 insanas
2854 665 3119 731 [astusque
3151 665 3328 733 plenas
3350 667 3643 722 dictiones?
3670 668 3791 722 Cir-

2232 754 2546 821 cumscripta
2582 760 2704 804 sunt
2751 752 2858 814 illa,
2889 767 3006 820 qua:
3050 753 3274 821 Spiritus
3316 765 3456 819 sunt,
3484 765 3537 809 ct
3581 758 3793 811 inducta

2232 842 2460 895 vicissim
2491 859 2550 894 ea
2581 858 2698 910 quae
2727 852 2848 896 sunt
2875 843 3087 896 diaboli.
3120 842 3172 897 Si
3197 845 3308 898 lucc
3331 849 3541 912 quaeris,
3571 846 3790 900 Paulum

2233 949 2396 1002 quare
2433 933 2522 986 tibi
2553 933 2789 986 vindicas
2830 934 3138 987 doctorem?
3163 935 3208 987 si
3239 934 3350 988 htec
3375 937 3581 990 curiose
3609 939 3792 1005 explo-

2234 1035 2339 1082 ras,
2366 1022 2576 1074 Petrum
2602 1031 2652 1076 te
2677 1022 2869 1076 habere
2896 1023 3016 1090 quid
3043 1023 3318 1089 gloriaris?
3348 1024 3524 1077 Fidem
3549 1041 3698 1093 nega,
3735 1037 3789 1079 et

2234 1108 2413 1176 profer
2455 1110 2818 1178 qumstitinetn.
2851 1109 2955 1164 Sed
2979 1127 3008 1162 τι
3028 1111 3314 1178 Scriptura,
3358 1114 3540 1181 inquit,
3571 1128 3673 1166 nou
3706 1129 3790 1166 τε·

2233 1199 2364 1252 cedo
2387 1239 2402 1263 ,
2430 1200 2584 1254 absit.
2633 1199 2874 1253 Inimicus
2901 1209 2954 1252 et
3067 1199 3139 1268 (α)
3167 1201 3448 1270 discipulus
3491 1213 3546 1256 et
3575 1205 3789 1258 ratioci-

2236 1289 2440 1341 niorum
2481 1289 2760 1357 magister?
2801 1289 3014 1356 Explica
3047 1291 3171 1342 mihi
3201 1291 3287 1356 qui
3314 1291 3579 1344 ratiocinia
3616 1302 3792 1345 secta-

2233 1378 2338 1438 ris,
2383 1379 2649 1446 quomodo
2685 1379 2926 1432 Christus
2959 1379 3132 1447 jauuis
3161 1379 3352 1434 clausis
3391 1384 3652 1450 ingressus
3695 1383 3787 1435 sit.

2233 1467 2367 1534 Quid
2387 1483 2520 1536 opus
2545 1477 2626 1522 est
2653 1469 2754 1522 alia
2787 1470 3044 1522 tractare?
3082 1469 3209 1522 Nam
3238 1484 3377 1537 smpe
3404 1480 3454 1524 et
3482 1471 3790 1524 dicentibus

2234 1569 2286 1613 et
2309 1559 2638 1615 audientibus
2666 1559 2986 1614 detrimento
3010 1568 3149 1614 sunt.
3178 1560 3290 1614 Non
3312 1561 3427 1614 dico
3465 1561 3574 1625 tibi,
3604 1561 3784 1614 invisi-

2236 1651 2392 1705 bilem
2421 1659 2662 1705 naturam
2702 1666 2908 1721 expone
2939 1670 2952 1704 :
2980 1652 3243 1720 quomodo
3261 1654 3441 1720 genuit
3469 1653 3636 1714 Pater,
3663 1654 3788 1720 quis

2233 1740 2422 1793 divium
2438 1742 2792 1810 generationis
2813 1740 3031 1805 modus;
3053 1742 3455 1810 dispensationis
3477 1741 3546 1810 (ὁ)
3570 1743 3785 1795 modum

2235 1833 2466 1900 requiro.

2305 1921 2358 1974 5.
2396 1921 2488 1974 Die
2507 1921 2769 1990 quomodo
2785 1921 2962 1990 januis
2986 1921 3176 1975 clausis
3207 1922 3469 1990 ingressus
3498 1921 3563 1975 sit
3589 1923 3786 1976 Serva-

2237 2020 2337 2074 tor,
2361 2011 2625 2080 quomodo
2654 2013 2950 2080 ingressum
2972 2012 3124 2066 fuerit
3149 2027 3338 2080 corpus
3366 2011 3777 2081 (Joan.20.26).

2236 2099 2400 2168 Negat
2429 2111 2608 2154 natura
2634 2101 2872 2169 corporis
2893 2110 2906 2123 ‘
2924 2107 2969 2124 “
2999 2103 3283 2170 evangelia.
3308 2102 3360 2156 Si
3391 2103 3544 2157 iidem
3572 2118 3784 2170 sequar,

2235 2191 2432 2242 veritas
2476 2198 2555 2243 est
2595 2191 2910 2242 certissima.
2937 2189 3210 2256 Quomodo
3255 2192 3426 2258 januis
3471 2193 3656 2245 clausis
3700 2193 3776 2245 iu-

2235 2292 2445 2346 gressus
2474 2278 2594 2332 est?
2634 2279 2746 2332 Non
2786 2288 2901 2333 erat
2927 2280 3063 2333 enim
3093 2281 3395 2349 incorporea
3434 2292 3635 2345 natura,
3666 2297 3787 2349 quae

2237 2361 2459 2434 Corpora
2489 2370 2662 2421 omnia
2706 2379 2977 2436 penetrat;
3031 2370 3123 2423 sed
3173 2379 3287 2423 erat
3311 2385 3427 2423 eum
3479 2372 3785 2439 incorporea

2236 2471 2466 2526 corpus;
2526 2459 2680 2525 idque
2729 2469 2845 2511 erat
2891 2460 3212 2527 incorporea:
3265 2469 3464 2512 natura:
3512 2475 3782 2529 organum.

2238 2545 2348 2598 Hoc
2375 2548 2568 2615 quippe
2599 2563 2788 2615 corpus
2815 2547 3100 2601 humanum
3138 2549 3384 2602 Servator
3413 2549 3609 2603 habuit.
3634 2549 3788 2605 Certe

2237 2635 2475 2703 discipuli
2498 2637 2561 2688 ad
2591 2653 2785 2690 novum
2817 2639 3120 2691 miraculum
3143 2641 3498 2710 respicientes,
3523 2641 3789 2694 exisuma-

2237 2737 2357 2778 runt
2385 2727 2626 2794 spiritum
2656 2743 2792 2792 esse,
2835 2730 2955 2796 quia
3004 2729 3131 2783 illud
3160 2741 3392 2784 naturam
3422 2733 3659 2800 corporis
3700 2749 3789 2785 su-

2240 2816 2473 2882 perabat.
2497 2820 2580 2839 ‘“
2608 2816 2968 2873 dubitantibus
2992 2820 3063 2872 ait
3090 2837 3102 2871 :
3138 2821 3350 2888 Palpate
3382 2839 3476 2887 me,
3522 2833 3569 2876 et
3610 2823 3784 2885 videte,

2236 2905 2354 2974 quia
2380 2906 2585 2973 spiritus
2611 2923 2831 2971 carnem,
2851 2918 2895 2961 et
2923 2925 3035 2961 ossa
3063 2926 3158 2961 non
3182 2910 3344 2974 habet,
3373 2912 3497 2963 sicut
3523 2928 3601 2964 me
3621 2912 3788 2963 ridetis

2239 2995 2416 3048 habere
2451 2995 2597 3066 (Luc.
2625 2997 2713 3052 24.
2756 2999 2867 3068 59).
2903 2998 3177 3064 Quomodo
3209 3001 3471 3067 ingressus
3508 3001 3627 3053 est?
3667 3017 3788 3053 num

2237 3100 2444 3140 asseres
2472 3088 2634 3140 instar
2657 3089 2794 3142 aeris
2823 3089 2977 3142 soluti
3009 3091 3170 3142 sunt?
3213 3105 3276 3141 an
3306 3089 3440 3142 forte
3479 3105 3671 3159 corpus
3695 3107 3789 3144 ex-

2242 3188 2509 3232 tenuatum
2539 3188 2638 3240 est,
2671 3181 2850 3249 sicque
2882 3182 3167 3248 permeavit
3197 3181 3318 3249 ligni
3349 3181 3790 3235 crassitudinem?

2241 3270 2306 3320 At
2329 3285 2496 3339 neque
2522 3279 2577 3322 tu
2599 3271 2775 3324 dicere
2805 3282 2973 3338 potes,
2993 3287 3161 3340 neque
3181 3287 3277 3340 ego
3299 3273 3581 3339 explanare
3607 3273 3786 3326 valeo:

2241 3361 2370 3414 nihil
2393 3362 2576 3415 horum
2602 3362 2727 3415 mihi
2762 3362 3029 3429 Scriptura
3057 3362 3286 3425 tradidit,
3315 3377 3423 3415 rem
3453 3377 3556 3414 non
3584 3363 3791 3415 curiose

2242 3453 2513 3520 pcrquiro:
2546 3466 2607 3505 ea
2632 3468 2748 3521 qum
2775 3451 3080 3518 prtedioavit
3103 3466 3315 3519 sequor,
3342 3451 3549 3504 etiamsi
3577 3452 3789 3504 nollem.

2242 3542 2538 3612 lugressum
2567 3559 2687 3597 esse
2712 3543 2872 3597 credo
2898 3564 2910 3598 :
2934 3542 3196 3610 quomodo
3217 3551 3388 3594 autem
3420 3557 3523 3595 non
3552 3543 3789 3609 exploro.

2239 3633 2314 3686 Ne
2360 3638 2544 3700 putes‘
2564 3637 2614 3656 “
2658 3634 2849 3686 clausis
2876 3632 3048 3700 januis
3076 3633 3337 3700 ingressus
3365 3639 3463 3684 est.
3497 3629 3610 3683 Non
3641 3630 3790 3692 dixit,

2240 3721 2516 3775 Rarefacta
2548 3731 2636 3773 aut
2683 3722 2848 3774 soluta
2885 3721 3043 3788 janua
3073 3721 3336 3788 ingressus
3363 3729 3460 3781 est,
3491 3719 3583 3772 sed
3612 3718 3794 3771 Januis

2240 3811 2442 3863 clausis.
2485 3811 2632 3876 Quod
2672 3810 2864 3864 factum
2910 3820 2987 3864 est
3013 3811 3277 3872 narravit;
3324 3811 3439 3878 quis
3487 3810 3564 3863 rei
3606 3809 3795 3862 modus

2243 3903 2398 3955 luerit
2442 3917 2545 3955 nou
2589 3901 2896 3955 declaravit.
2927 3901 3063 3955 Exiit
3108 3901 3294 3953 Petrus
3337 3915 3367 3952 e
3407 3913 3653 3959 carcere;
3703 3898 3795 3952 sed

2241 4002 2433 4058 aperta!
2476 4000 2598 4044 sunt
2635 3992 2684 4043 ei
2730 3992 2936 4058 januze,
2981 3990 3137 4056 idque
3174 3988 3437 4055 Scriptura
3483 3985 3796 4052 signiﬁcavit

2240 4083 2322 4135 his
2351 4083 2558 4136 verbis:
2594 4081 2748 4133 Porta
2777 4085 2937 4148 ferrea
2964 4079 3095 4132 ultro
3130 4086 3301 4144 aperta
3323 4087 3396 4128 est
3431 4076 3501 4127 eis
3542 4074 3676 4139 (Act.
3710 4074 3794 4129 12.

2243 4173 2350 4243 10).
2383 4173 2495 4225 Non
2521 4171 2674 4234 dixit,
2705 4169 2854 4224 Ultro
2885 4169 3113 4236 suscepit
3143 4167 3355 4220 Petrum
3398 4175 3757 4216 transeuntem
3784 4181 3796 4216 :

2244 4261 2525 4314 humanum
2557 4260 2749 4328 quippe
2793 4273 2984 4325 corpus
3010 4264 3143 4318 erat,
3173 4264 3226 4308 et
3253 4269 3315 4308 ex
3346 4253 3572 4307 humana
3603 4267 3797 4308 massa.

2241 4352 2444 4416 Corpus
2473 4361 2600 4401 vero
2635 4348 2830 4401 Christi
2863 4348 3145 4398 humanum
3190 4342 3404 4412 quidem
3433 4351 3569 4406 erat,
3597 4342 3667 4395 ob
3706 4357 3801 4396 co-

2242 4440 2540 4507 gnationem
2591 4453 2748 4506 quam
2794 4436 3062 4489 uobiscum
3106 4435 3300 4498 habet;
3345 4434 3580 4488 divinum
3623 4442 3804 4491 autem

2244 4529 2313 4581 ob
2341 4528 2589 4582 unionem
2615 4526 2804 4587 Verbo,
2838 4534 2890 4578 et
2917 4525 2986 4577 ob
3029 4523 3387 4577 admirabilem
3421 4521 3642 4590 Virginis
3675 4537 3804 4590 par-

2247 4627 2353 4669 tum
2375 4620 2468 4684 (c).
2498 4615 2772 4683 Quomodo
2806 4615 2979 4683 januis
3003 4614 3194 4668 clausis
3224 4613 3490 4680 ingressus
3519 4613 3634 4665 est?
3664 4626 3807 4681 quo-

2246 4709 2402 4762 modo
2429 4709 2571 4760 emlis
2598 4707 2788 4760 clausis
2808 4705 3082 4759 ascendit?
3108 4704 3150 4756 Ο
3179 4702 3527 4755 temeritatem
3559 4702 3681 4755 talia
3709 4718 3804 4754 au-

2307 4840 2378 4900 (a)
2414 4842 2493 4888 ttic
2532 4847 2583 4888 et
2607 4841 2757 4888 tribus
2782 4840 2826 4886 in
2855 4837 2968 4900 locis
3003 4834 3336 4900 sequentibus,
3355 4835 3436 4900 qui
3459 4835 3702 4900 asterisciﬂ
3724 4849 3809 4900 no-_

2246 4895 2423 4972 tantur,
2444 4901 2722 4948 testiﬁcatur
2745 4897 3012 4949 Cotelerius
3027 4895 3291 4943 desiderari
3321 4895 3532 4957 quinque
3565 4895 3725 4942 lineas
3747 4896 3811 4943 ad

2247 4962 2502 5089 “uigilia
2518 5019 2931 5089 dispensationem
2957 5019 3122 5089 (crare.
3147 5014 3366 5086 οιιονοηιις)
3397 5014 3632 5089 intelligas
3652 5015 3814 5089 incan-

2249 5074 2491 5128 natiduem
2515 5074 2700 5130 Christi.
2728 5093 2815 5125 seu
2835 5074 2988 5136 potius
3024 5085 3168 5124 totam
3192 5074 3370 5124 seriem
3410 5074 3646 5136 natalium,
3685 5088 3818 5136 ppe-

2252 5153 2375 5195 rum,
2403 5149 2452 5189 et
2475 5141 2640 5209 mortis
2661 5134 2852 5195 Christi,
2877 5152 2986 5199 quae
3011 5140 3056 5185 in
3102 5138 3482 5196 redemptionem
3505 5134 3696 5180 humani
3726 5149 3818 5195 ge-

2251 5213 2383 5318 nta“:
2404 5201 2718 5308 (ἆῖιῗςιῖἓῐὶιυηο
2755 5258 2909 5319 locum
2946 5259 3118 5318 corrigi
3150 5256 3294 5304 velim
3332 5257 3580 5319 ltusticum,
3615 5253 3823 5319 quando

2252 5315 2379 5367 notat
2409 5322 2464 5367 ad
2489 5315 3180 5381 Synoduu1.Chaleed0tietiSem
3205 5331 3218 5364 :
3251 5315 3412 5381 Melior
3430 5315 3822 5381 mterpretatp'osl

2252 5393 2306 5427 eo
2330 5382 2466 5441 quod
2483 5374 2602 5426 deus
2632 5381 2832 5441 kerbum
2873 5378 3190 5441 incarnatione
3234 5385 3276 5424 et
3314 5374 3656 5441 inlmnumatus”
3671 5374 3740 5420 sit
3754 5433 3764 5440 .
3779 5381 3826 5422 et

2255 5432 2553 5499 conceptione
2576 5438 2774 5499 ttnirerit
2817 5438 3069 5499 templum;
3096 5440 3157 5485 ita
3182 5444 3248 5499 ut_
3276 5435 3525 5488 scribatur,
3549 5432 3723 5499 nulior
3745 5433 3827 5480 in-

2257 5491 2532 5560 tcrprétutio
2550 5498 2625 5554 sit,
2644 5511 2698 5545 eo
2711 5501 2833 5555 quod
2863 5491 2986 5546 ncus
3010 5491 3216 5560 Verbum
3231 5497 3502 5560 incamatus
3523 5498 3566 5560 e_t
3590 5491 3828 5560 inhuma-

2258 5553 2393 5607 nat’us
2428 5561 2510 5615 sit,
2534 5566 2578 5618 et
2611 5553 2674 5606 ea:
2710 5553 3005 5618 ronccptione
3035 5555 3234 5618 univeril
3265 5553 3502 5618 templum:
3527 5558 3673 5618 Tota;
3691 5553 3717 5599 1
3743 5567 3830 5602 re-

2261 5624 2415 5726 ptans
2445 5610 2779 5679 pra‘clarzeque
2813 5610 3116 5668 collectioni:
3147 5610 3402 5666 Balttziana:
3431 5613 3522 5663 col.
3553 5610 3697 5660 meo.
3744 5623 3831 5664 σο.

2266 5689 2306 5726 .t‘
2355 5691 2388 5726 ι’.

2266 5689 2388 5729 ῐιῚεΓ.
