3982 6218
165 438 280 492 419

157 534 318 602 ἡμεῖς
341 529 439 601 ούχ
467 530 864 602 ὑπερϐαίνομεν
900 529 1021 590 τοὺς
1053 529 1226 599 ὅρους.
1251 528 1362 595 Οὐχ
1393 522 1633 593 ὑπερέϐη
1664 520 1732 573 τὰ

158 627 461 697 Χερουϐὶμ,
491 627 625 681 άλλά
657 627 793 696 μετά
829 626 1009 694 πάσης
1041 622 1322 684 εύλαϐείας
1358 621 1448 672 τὸν
1486 618 1736 688 οὐράνιον

159 724 364 776 ἐκεῖνον
396 722 561 792 ὕμνον
590 721 892 790 ἀναμέλπει
917 741 929 753 ·
956 721 1168 789 Ἄγιος,
1193 719 1375 786 ἅγιος,
1402 716 1587 785 ἅγιος,
1620 712 1736 766 Κύ-

151 835 288 886 ριος
310 815 464 889 [4⁸Ξ5]
497 818 761 878 Σαϐαὼθ,
790 816 1025 883 πλήρης
1058 814 1224 872 πᾶσα
1250 815 1287 880 ἡ
1315 811 1387 881 γῆ
1417 810 1525 878 τῆς
1555 811 1739 875 δόξης

160 913 371 968 αὐτοῦ.
418 915 492 967 Οὐ
525 913 763 966 δυσωπεῖ
802 929 860 963 σε
902 910 1112 973 Παῦλος
1151 911 1245 962 καὶ
1289 909 1549 975 Μωῦσῆς,
1583 906 1739 969 δόξαν

163 1012 240 1081 μὴ
281 1011 733 1080 ύπερϐαίνοντες;
769 1010 1088 1076 Δυσωπήσει
1131 1024 1189 1059 σε
1234 1009 1260 1059 6
1303 1004 1549 1075 ούρανὸς,
1583 1003 1740 1068 δόξαν

159 1106 542 1175 ἀπαγγέλλων.
579 1105 719 1158 Ἀλλ’
747 1105 807 1157 οὐ
836 1103 1009 1156 πείθει
1043 1120 1100 1154 σε
1129 1105 1157 1154 ὁ
1184 1102 1409 1171 ούρανὸς
1434 1117 1448 1162 ;
1481 1099 1741 1166 Δυσωπή-

163 1218 348 1254 σουσιν
382 1203 618 1270 ἄγγελοι.
668 1201 805 1254 Ἀλλ’
848 1199 1092 1266 αγγέλων
1139 1199 1534 1264 καταφρονεῖς,
1567 1194 1740 1262 Φοϐή-

161 1307 286 1376 θητι
325 1307 392 1360 τὰ
433 1307 729 1377 Χερουϐίμ.
769 1306 926 1359 Ἀλλά
975 1321 1067 1358 και
1094 1304 1265 1356 ταῦτα
1301 1302 1646 1372 ὑπερϐαίνεις
1675 1303 1740 1370 τῇ

157 1407 368 1476 τόλμης
396 1407 782 1476 Σωφρονιζέτω
804 1423 862 1458 σε
884 1406 950 1459 τά
976 1405 1244 1475 Σεραφίμ.
1276 1403 1412 1456 Ἀλλ’
1435 1402 1555 1454 οὒτε
1585 1404 1744 1472 ὑπερ-

160 1506 425 1575 κοσμίοις,
458 1503 580 1560 οὔτε
611 1505 1001 1572 ὑποδείγμασιν
1031 1505 1293 1571 ἐπιγείοις
1323 1504 1516 1574 πείθῃς
1562 1502 1745 1564 Ἑκτὸς

158 1603 321 1670 γενοῦ
358 1604 466 1656 τῶν
501 1603 658 1674 ίερῶν
693 1603 888 1674 χορῶν,
927 1602 1167 1674 ὲξὸρισον
1201 1603 1424 1656 σεαυτὸν
1451 1603 1556 1655 τῶν
1588 1601 1746 1653 θείων

158 1703 360 1757 αὐλῶν.
385 1704 459 1756 υύ
481 1703 608 1774 δύνῃ
633 1705 740 1774 γὰρ
763 1703 893 1756 Θεὸν
922 1704 1415 1774 πολυπραγμονεῖν,
1440 1703 1533 1755 καὶ
1558 1703 1616 1753 ὲν
1635 1705 1746 1763 τοῖς

159 1805 373 1864 πιστοῖς
409 1802 776 1871 ἀριθμεῖσθαι.
829 1803 938 1854 Καὶ
982 1801 1035 1854 τί
1077 1801 1218 1869 λέγω
1254 1802 1382 1870 περὶ
1420 1801 1590 1866 Θεοῦ;
1634 1800 1746 1852 Ούκ

157 1895 328 1964 οἶδας,
361 1902 442 1954 ὄτι
474 1903 700 1972 φοϐερὸν
739 1901 799 1955 τὸ
846 1902 1190 1972 κατατολμᾷν
1227 1903 1319 1955 καὶ
1352 1903 1576 1972 ἐρευνᾷν
1613 1898 1746 1952 Θεοῦ

159 1999 362 2068 φύσινς
395 2000 526 2053 Οὐδὲ
570 2001 707 2055 αύτά
741 2002 809 2055 τά
839 2003 974 2073 ἔργα
1003 2001 1096 2056 τοῦ
1128 2001 1263 2054 Θεοῦ
1296 2001 1361 2054 ἂν
1395 2001 1552 2070 θέλῃς
1581 2000 1745 2053 πολυ-

158 2105 570 2173 πραγμονῆσαι,
613 2104 762 2170 ἀξιόν
801 2121 862 2156 σε
910 2107 939 2157 ὁ
975 2103 1107 2167 Θεὸς
1147 2106 1362 2174 ἡγεῖται
1405 2103 1502 2172 τῆς
1551 2101 1744 2155 ἑαυτοῦ

155 2200 512 2270 οἰκειότητος,
535 2201 649 2256 ἀλλ’
677 2203 931 2256 ἐκϐάλλει
965 2205 1204 2274 μακράν.
1233 2203 1307 2265 ὼς
1331 2203 1438 2254 τῶν
1473 2203 1748 2255 ἀδυνάτων

157 2299 610 2370 κατατολμῶντα.
657 2303 902 2372 Μωῦσῆς
944 2306 972 2357 6
1018 2303 1260 2366 τοιοῦτος
1309 2305 1402 2356 καὶ
1434 2303 1749 2373 τηλικοῦτος

167 2395 331 2467 ἀνὴρ,
351 2397 381 2449 6
401 2395 508 2450 τῶν
533 2397 800 2451 τοσούτων
823 2399 1111 2469 θαυμάτων
1139 2399 1395 2469 ἐργάτης,
1413 2402 1440 2451 ὁ
1463 2401 1750 2468 γενόμενος

173 2497 403 2564 μεσίτης
435 2496 569 2549 Θεοῦ
601 2499 694 2550 καὶ
715 2497 1036 2568 ἀνθρώπων,
1071 2492 1115 2565 ᾧ
1147 2498 1368 2569 διῃρέθη
1402 2498 1662 2559 θάλασσα,
1693 2499 1750 2560 ὃς

159 2598 223 2650 τὸ
259 2599 436 2668 μάννα
468 2600 525 2666 ἐξ
560 2602 806 2671 οὐρανῶν
832 2603 1140 2673 ἐπήγαγεν·
1175 2596 1350 2666 οὗτος,
1388 2605 1450 2654 ἵν’
1479 2605 1536 2656 ’έν
1560 2622 1613 2656 τι
1641 2604 1749 2656 τῶν

158 2693 270 2748 ὑπὸ
317 2694 452 2747 Θεοῦ
493 2697 890 2751 κελευσθέντων
922 2699 1199 2768 τολμήσας
1236 2699 1559 2771 ἀνθρωπίνῳ
1602 2702 1749 2769 λογι-

159 2793 289 2864 σμῷ
314 2795 604 2866 μετρῆσαι,
623 2798 716 2850 καὶ
750 2798 824 2868 μὴ
847 2801 912 2869 τῇ
938 2799 1056 2869 θείᾳ
1081 2799 1306 2869 δυνάμει
1331 2803 1746 2872 παραχωρῆσαι,

158 2894 539 2965 ἀπαραίτητον
580 2895 737 2966 ἔσχεν
774 2897 872 2968 τὴν
911 2899 1086 2970 δίκην.
1120 2899 1208 2963 Ὠς
1249 2901 1358 2970 γάρ
1391 2901 1620 2969 ἔφθασεν
1660 2904 1751 2955 ἐπὶ

156 2993 262 3064 τὴν
291 2994 516 3065 πέτραν,
541 2997 684 3065 λέγει
710 2999 842 3070 πρὸς
878 2999 967 3052 τὸν
1001 3000 1157 3053 λαόν·
1192 2996 1260 3052 Ὦ
1302 2999 1453 3066 λαός
1486 3001 1751 3068 σκληρὸς

160 3092 265 3146 καί
291 3095 563 3163 ἀπειθὴς,
586 3097 668 3166 μὴ
697 3099 764 3151 ἐκ
792 3097 902 3166 τῆς
929 3099 1148 3167 πέτρας
1169 3102 1392 3165 ταύτης
1413 3101 1750 3168 δυνήσομαι

161 3193 314 3262 ὑμῖν
369 3193 582 3249 δοῦναι
635 3196 828 3265 ὒδωρ;
877 3199 983 3250 Καὶ
1036 3199 1089 3250 τί
1137 3199 1274 3268 πρὸς
1316 3200 1475 3250 αὐτὸν
1520 3203 1547 3252 6
1589 3200 1748 3265 956;;

174 3294 328 3349 'Ar0‘
360 3291 447 3350 ὧν
481 3299 591 3351 οὐκ
619 3298 919 3365 ἐδόξασὰς
945 3317 1022 3368 με
1052 3301 1306 3353 ἐνώπιον
1335 3301 1443 3367 τῆς
1478 3316 1750 3370 συναγω-

159 3395 314 3465 γῆς,
361 3399 472 3452 οὐκ
530 3401 854 3468 είσελεύσῃ
909 3404 997 3467 εἰς
1028 3400 1141 3468 τὴν
1193 3401 1348 3470 γῆν,
1407 3403 1480 3472 ἣν
1524 3405 1750 3472 ὤμοσα.

175 3506 444 3561 Ἐνταῦθά
485 3526 574 3577 μοι
609 3509 841 3580 πρόσεχε
885 3510 976 3562 τὸν
1005 3509 1129 3562 νοῦν
1172 3511 1444 3581 ἀκριϐῶς·
1494 3512 1638 3566 Ἆγιν
1667 3507 1754 3565 ὧν

162 3611 282 3665 οὐκ
309 3610 609 3677 ἐδόξασάς
643 3631 739 3682 με.
771 3615 837 3666 Τί
858 3614 965 3684 γάρ
989 3610 1056 3684 ἦν
1078 3615 1138 3666 τὸ
1163 3615 1413 3680 δοξάσαις
1441 3616 1512 3667 Τὸ
1544 3619 1716 3668 εἰπεῖν
1736 3634 1748 3647 ·

164 3710 362 3764 Πάντα
388 3710 610 3765 δύναται
648 3715 676 3765 6
703 3713 856 3776 Θεός.
887 3715 1158 3785 Ἀμαρτία
1197 3715 1302 3783 γάρ
1336 3715 1482 3766 ἐστιν
1505 3720 1584 3778 είς
1620 3718 1751 3770 Θεὸν

162 3808 230 3862 τὸ
255 3806 536 3878 λογισμοῖς
566 3809 836 3875 ἐξετάζειν
871 3813 938 3864 τά
984 3814 1113 3879 παρ’
1149 3812 1313 3865 αύτοῦ
1341 3815 1620 3883 γινόμενα,
1659 3822 1751 3869 καὶ

166 3911 246 3980 μὴ
292 3914 358 3981 τῇ
413 3911 532 3981 θείᾳ
577 3912 803 3982 δυνάμει
859 3917 1239 3984 παραχωρεῖν,
1274 3915 1415 3984 ὑπὲρ
1469 3921 1642 3971 πάντα
1684 3922 1751 3973 τά

164 4011 368 4081 ἑαυτῆς
406 4009 770 4084 ἐργαζομένη.
813 4012 1185 4078 Ἀπολογεῖται
1219 4013 1380 4066 Δαυῖδ
1415 4014 1555 4082 ὑπὲρ
1591 4019 1752 4072 Μωῦ-

165 4108 308 4172 σέως
333 4109 647 4178 σφαλέντος,
691 4110 752 4162 οὐ
781 4109 1008 4180 διανοίᾳ,
1049 4112 1186 4164 ἀλλά
1212 4110 1446 4183 γλώττῃ.
1487 4114 1608 4166 Τῶν
1641 4117 1750 4185 γὰρ

162 4205 394 4260 δικαίων
423 4208 798 4278 ἁμαρτήματα
835 4209 964 4278 περὶ
995 4211 1063 4262 τά
1104 4209 1288 4279 χείλη·
1319 4210 1426 4263 τῶν
1453 4213 1508 4263 δὲ
1539 4214 1750 4266 ἀσεϐῶν

162 4308 236 4362 τά
263 4307 572 4380 ἀδικήματα
599 4311 729 4379 περὶ
757 4309 854 4380 τὴν
879 4311 1132 4366 διάνοιαν.
1152 4312 1260 4364 Καὶ
1280 4311 1466 4384 ῶσπερ
1496 4315 1523 4366 6
1547 4315 1752 4384 ἀσεϐὴς

163 4405 576 4476 ἀπεσχοίνισται
608 4407 706 4478 μὲν
743 4411 809 4480 τῇ
845 4409 1073 4479 διανοίᾳ,
1097 4409 1241 4462 δοκεῖ
1275 4410 1333 4462 δέ
1375 4429 1492 4473 πως
1519 4411 1750 4482 πλησιά-

164 4510 284 4577 ζειν
301 4511 380 4582 τῷ
405 4512 526 4581 Θεῷ
546 4514 674 4584 περὶ
698 4515 768 4568 τὰ
790 4515 939 4586 χείλη
959 4532 972 4545 ·
1013 4516 1068 4568 ’0
1105 4518 1254 4581 λαὸς
1289 4517 1397 4587 γὰρ
1427 4513 1603 4583 οὗτος
1629 4520 1750 4585 τοῖς

164 4614 406 4685 χείλεσι
427 4632 502 4684 με
525 4615 682 4685 τιμᾷ,
708 4619 745 4684 ἡ
776 4617 842 4670 δὲ
873 4618 1084 4686 καρδία
1110 4620 1295 4673 αὺτοῦ
1327 4623 1519 4688 πόρρω
1543 4623 1750 4690 ἀπέχει

163 4719 269 4776 ἀπ’
309 4718 491 4788 ἐμοῦ·
543 4719 714 4784 οὕτως
764 4721 792 4773 6
834 4722 1064 4792 εὐσεϐὴς
1109 4724 1426 4793 ἐρρωμένην
1466 4726 1604 4793 ἔχων
1652 4727 1749 4794 τὴν

164 4821 420 4894 καρδίαν,
447 4823 736 4878 δλισθαίνει
773 4825 1031 4889 πολλάκις
1061 4829 1188 4896 περὶ
1218 4828 1318 4896 τὴν
1348 4829 1618 4895 γλῶσσαν.
1653 4830 1748 4881 Διά

164 4920 329 4977 τοῦτο
354 4924 384 4976 6
406 4923 570 4979 Δαυῒδ
594 4925 939 4993 ἀπολογεῖται
970 4927 1108 4996 ὑπὲρ
1129 4928 1426 4989 Μωῦσέως,
1466 4933 1747 5000 προφήτης

167 5028 312 5099 ὑπὲρ
335 5030 614 5098 προφήτου
630 5046 643 5060 ·
673 5031 780 5084 Καὶ
805 5029 1186 5100 παρὼργισαν
1215 5032 1400 5084 αὑτὸν
1421 5033 1512 5100 ἐφ’
1531 5035 1747 5101 ὓδατος

163 5133 536 5201 ἀντιλογίας,
572 5133 670 5186 καί
697 5134 963 5202 ἐκακώθη
999 5135 1261 5202 Μωυσῆς
1289 5135 1363 5189 δι’
1394 5139 1615 5205 αὐτούς
1640 5155 1652 5168 ·
1683 5143 1744 5194 οὐ

163 5236 233 5290 δι’
259 5235 472 5292 ἑαυτόν.
506 5236 572 5288 Τί
598 5235 654 5288 δέ
677 5237 794 5289 ἐστι
834 5237 911 5298 τὸ,
947 5240 1026 5290 Δι’
1065 5241 1321 5306 αὐτούς;
1355 5242 1429 5294 Οὐ
1471 5245 1619 5314 παρὰ
1647 5247 1744 5316 τὴν

169 5338 310 5393 ίδίαν
351 5338 577 5410 γνώμην
607 5339 706 5411 τὴν
751 5340 1006 5393 ἀπιστίαν
1049 5342 1244 5407 ἔδειξεν
1269 5386 1283 5409 ,
1323 5345 1460 5398 ἀλλὰ
1492 5347 1745 5414 θολωθεὶς

166 5442 277 5499 ὑπὸ
309 5446 409 5516 τῆς
447 5443 756 5512 ἀντιλογίας
783 5443 876 5496 τοῦ
916 5444 1044 5497 λαοῦ
1067 5487 1080 5510 ,
1113 5448 1293 5501 οὐκέτι
1327 5444 1450 5520 εὗρε
1485 5453 1574 5504 τὸν
1601 5453 1743 5520 λογιο

169 5548 306 5617 σμὸν
338 5547 597 5620 καθαρὸν,
647 5548 722 5611 ὡς
754 5549 811 5600 ἐν
861 5547 1138 5618 συγχύσει.
1173 5551 1357 5606 Ταῦτα
1401 5555 1634 5625 ἐλάλησα
1675 5559 1739 5610 τά

167 5650 274 5706 ὑπὸ
292 5650 388 5705 τοῦ
421 5653 778 5723 ἐργαστηρίου
808 5653 903 5723 τῆς
928 5655 1136 5718 ἀδικίας
1167 5662 1600 5729 προσφερόμενα.
1633 5661 1737 5714 Ποῦ

171 5755 406 5825 ἧκουσας
440 5755 726 5827 ἀγέννητον
757 5757 848 5810 καὶ
876 5757 1167 5827 γεννητόν;
1203 5759 1303 5812 ποῦ
1329 5762 1561 5831 ἤκουσας
1595 5764 1735 5817 ὲκεί-

489 5859 758 5920 Ριτιοι..
801 5856 918 5918 Gn.
973 5854 1119 5915 LVI.

1139 413 1204 467 ΙΝ
1243 411 1468 476 ILLUD,
1506 407 1569 461 IN
1607 403 1747 471 Ql'A
1788 400 2219 466 POTICSTATE',
2253 400 2404 454 ETC.

3308 405 3421 458 420

1838 536 1931 580 νας
1947 519 2044 588 τῆς
2068 519 2198 569 πολυ
2210 515 2408 586 μανοῦς
2435 515 2526 566 καὶ
2550 505 3020 577 πολυφαντάστους
3042 503 3415 571 διαλέκτουςος

1840 621 2189 691 Περιεγράφη
2218 621 2284 672 τὰ
2307 619 2400 671 τοῦ
2426 617 2762 685 Πνεύματος,
2784 613 2878 665 καί⁸
2907 610 3233 680 ἀντεισήχθη
3263 608 3415 680 [4‘20]

1839 727 1904 779 τά
1931 725 2023 777 τοῦ
2049 723 2316 779 διαϐόλου,
2352 723 2412 774 El
2445 719 2617 774 ταῦτα
2647 718 2847 795 ζητεῖς,
2875 717 3084 770 Παῦλον
3110 715 3198 768 διά
3221 715 3272 767 τί
3302 717 3422 766 ἐπι-

1839 829 2070 899 γράψεις
2107 827 2455 891 διδάσκαλον;
2488 826 2549 877 Εί
2580 823 2755 876 ταῦτα
2788 823 3283 890 πολυπραγμονεῖς,
3314 820 3419 871 Πέ-

1839 951 1966 1000 τρον
1996 933 2048 984 τί
2103 930 2354 1000 σεμνύνει
2402 929 2576 997 ἔχεινς
2620 929 2887 996 ’Λρνησαι
2929 924 3026 994 τὴν
3067 924 3283 987 πίστιν,
3329 925 3423 976 καί

1843 1039 2172 1109 προσένεγκε
2207 1038 2454 1106 ζήτησιν.
2503 1033 2640 1086 Ἀλλ’
2672 1033 2770 1086 οὐκ
2813 1032 3101 1102 ἀναχωρῶ,
3136 1033 3287 1100 φησὶ,
3323 1032 3421 1098 τῆς

1845 1141 2096 1212 Γραφῆς,
2157 1140 2229 1211 μὴ
2260 1140 2487 1208 γένοιτο.
2541 1138 2761 1208 Ἐχθρὸς
2804 1139 2896 1190 καὶ
3042 1135 3288 1206 μαθητὴς
3333 1137 3426 1187 καὶ

1842 1244 2116 1314 λογισμῶν
2145 1244 2439 1313 εἰσηγητής
2462 1262 2475 1307 ;
2501 1241 2869 1312 Ἑρμήνευσόν
2905 1258 2994 1309 μοι
3032 1239 3276 1308 λογισμῴ
3306 1239 3427 1291 δου-

1843 1349 2057 1412 λεύσας,
2096 1349 2209 1410 πῶς
2243 1350 2270 1400 ὁ
2314 1348 2504 1416 Σωτὴρ
2532 1345 2928 1413 κεκλεισμένων
2955 1344 3060 1395 τῶν
3096 1344 3274 1414 θυρῶν
3312 1345 3426 1395 εἰσ--

1844 1459 2006 1528 ἦλθες
2041 1458 2134 1520 Τίς
2160 1457 2316 1527 χρεία
2349 1456 2474 1526 περὶ
2504 1455 2571 1508 τὰ
2601 1453 2734 1508 ἀλλα
2755 1453 3131 1522 ἀσχολεῖσθαι,
3167 1452 3426 1514 πολλάκις

1846 1564 1952 1633 γὰρ
1975 1563 2174 1632 ζημίαν
2209 1563 2301 1614 καὶ
2325 1562 2436 1622 τοῖς
2465 1560 2679 1627 λέγουσι
2701 1561 2793 1612 καὶ
2822 1562 2933 1620 τοῖς
2959 1559 3213 1612 ἀκούουσι
3249 1558 3425 1628 φέρει.

1847 1670 1920 1722 Οὐ
1945 1668 2104 1734 λέγω·
2132 1667 2264 1736 Περὶ
2288 1667 2384 1735 τῆς
2415 1667 2647 1736 ἀοράτου
2675 1664 2889 1732 φύσεως
2913 1664 3274 1734 ἐρμήνευσον·
3309 1662 3428 1727 πῶς

1849 1775 2137 1843 ἐγέννησεν
2163 1775 2190 1826 6
2217 1773 2435 1842 Πατὴρ,
2475 1774 2559 1835 τίς
2587 1775 2614 1825 ὁ
2652 1773 2752 1842 τῆς
2779 1771 2930 1834 θείας
2971 1772 3277 1841 γεννήσεως
3305 1771 3427 1840 τρόο

1850 1894 1948 1940 πος
1968 1895 1982 1909 ·
2010 1875 2071 1930 τὸ
2098 1877 2199 1946 τῆς
2229 1878 2543 1946 οἰκονομίας
2573 1878 2811 1931 ἀπαιτῶ.

1920 2035 1978 2080 ε’.
2014 2026 2171 2087 Εἰπὲ,
2195 2026 2310 2089 πῶς
2341 2026 2519 2094 θυρῶν
2551 2025 2953 2094 κεκλεισμένων
2987 2022 3232 2092 εἰσῆλθεν
3260 2025 3286 2074 ὁ
3316 2022 3428 2073 Σω-

1847 2133 1969 2204 τὴρ,
2003 2133 2116 2196 πῶς
2146 2131 2361 2201 εἰσῆλθε
2391 2132 2450 2184 τὸ
2495 2129 2675 2200 σῶμα.
2727 2132 2790 2182 ’Π
2841 2127 2934 2182 τοῦ
2972 2129 3220 2198 σώματος
3266 2126 3426 2196 φύσις

1849 2241 2184 2310 ἀρνεῖται
2225 2235 2293 2289 τὰ
2327 2236 2650 2304 Εὖαγγέλια.
2708 2235 2831 2286 Ἐάν
2869 2238 2934 2304 τῇ
2978 2233 3154 2286 πίστει
3204 2233 3428 2284 ἀκολου-

1851 2346 2021 2416 θήσω,
2053 2347 2288 2419 ἀψευδὴς
2334 2345 2364 2412 ἡ
2407 2345 2655 2412 ἀλήθεια.
2690 2345 2812 2406 Πῶς
2856 2341 3070 2412 εἰσῆλθε
3110 2339 3429 2408 κεκλεισμέ-

1850 2466 1955 2501 νων
1989 2449 2095 2501 τῶν
2134 2450 2346 2521 θυρῶν;
2395 2451 2466 2501 Οὐ
2508 2451 2615 2518 γάρ
2653 2443 2718 2515 ἦν
2768 2448 2800 2515 ἡ
2843 2444 3129 2513 ἀσώματος
3171 2441 3350 2512 φύσις,
3392 2441 3427 2511 ἡ

1851 2556 2068 2608 πάντων
2114 2556 2183 2608 τά
2229 2554 2456 2625 σώματα
2514 2553 2816 2622 τέμνουσα·
2870 2549 2982 2604 ἀλλ’
3021 2545 3088 2618 ἦν
3149 2548 3284 2618 μετά
3332 2547 3429 2618 τῆς

1850 2661 2141 2726 ἀσωμάτου
2192 2660 2252 2711 τὸ
2301 2659 2496 2728 σῶμα·
2534 2659 2626 2710 καί⁵
2672 2656 2830 2708 τοῦτο
2880 2651 2947 2725 ἦν
2985 2655 3083 2724 τῆς
3137 2653 3430 2721 ἀσωμάτου

1853 2764 2065 2832 φύσεως
2097 2766 2344 2834 ὄργανον.
2372 2763 2541 2816 Τοῦτο
2568 2763 2675 2831 γὰρ
2701 2759 2814 2830 εἶχε
2847 2761 2906 2812 τὸ
2933 2761 3090 2829 σῶμα
3129 2759 3186 2813 τὸ
3223 2758 3431 2828 ανθρώ-

1853 2891 2003 2925 πινον
2033 2875 2060 2926 ὀ
2090 2873 2296 2943 Σωτήρ.
2334 2871 2547 2941 ’Λμέλει
2579 2869 2709 2938 γοῦν
2737 2869 2785 2920 οί
2817 2869 2912 2936 μέν
2945 2867 3182 2936 μαθηταὶ
3216 2865 3350 2935 πρὸς
3372 2865 3434 2916 τὸ

1855 2976 2004 3038 ξένον
2055 2975 2147 3029 τοῦ
2193 2975 2470 3043 θαύματος
2525 2972 2956 3034 ἀποϐλέποντες,
3004 2971 3257 3040 ἐνόμισαν
3304 2966 3430 3039 [ὅτι]

1853 3080 2070 3150 πνεῦμά
2104 3082 2249 3132 ἐστιν
2269 3096 2280 3108 ·
2308 3079 2495 3148 ἐπειδὴ
2525 3079 2620 3148 τὴν
2643 3078 2735 3130 τοῦ
2758 3075 3005 3145 σώματος
3019 3075 3178 3142 φύσιν
3204 3074 3352 3128 ἐνίκα
3370 3075 3434 3126 τὸ

1854 3185 2230 3254 προκείμενον.
2272 3184 2329 3235 Ὀ
2355 3185 2412 3204 "‘
2451 3199 2559 3252 μει,
2599 3181 2743 3249 λέγει
2775 3180 2911 3248 πρὸς
2951 3179 3430 3249 ἀμσιϐάλλοντας·

1861 3287 2264 3354 ¹Ι⁵ηλαςρήσατέ
2292 3305 2387 3354 με,
2420 3288 2517 3340 καὶ
2536 3285 2820 3350 βλέπετε,
2857 3285 2945 3338 ὅτι
2973 3283 3207 3352 πνεῦμα
3238 3283 3434 3349 σάρκα

1853 3393 1950 3444 καὶ
1978 3393 2159 3444 ὀστέα
2199 3395 2310 3446 οὐκ
2340 3394 2484 3462 ἔχει,
2529 3391 2721 3456 καθὼς
2753 3390 2858 3458 ἐμὲ
2905 3388 3166 3456 θεωρεῖτε
3193 3387 3430 3455 ἔχοντα.

1855 3495 1980 3555 Πῶς
2010 3495 2286 3564 εἰσῆλθενς
2332 3492 2439 3567 ἆρα
2467 3495 2523 3547 αἱ
2571 3493 2778 3556 σανίδες
2807 3494 2964 3562 δίκην
2998 3492 3156 3562 ἀέρος
3184 3491 3286 3543 διε)
3300 3490 3431 3554 601;-

1857 3617 1988 3658 σαν;
2021 3600 2136 3651 ἀλλ’
2167 3595 2276 3668 ἆρα
2300 3599 2360 3650 τὸ
2387 3597 2544 3667 σῶμα
2577 3596 2896 3666 ἐλεπτύνθη,
2928 3596 3022 3648 καὶ
3055 3597 3224 3657 οῦτως
3249 3595 3432 3665 διῆλθε

1853 3708 1952 3778 τὴν
1983 3707 2075 3759 τοῦ
2107 3706 2262 3772 ξύλου
2307 3708 2622 3776 παχύτητας
2660 3705 2799 3756 Ἀλλ’
2821 3705 2942 3756 οὔτε
2983 3706 3045 3758 σὺ
3077 3705 3208 3774 δύνῃ
3236 3706 3428 3764 εἰπεῖν.

1853 3811 1974 3864 οὗτε
2009 3812 2118 3877 ἐγὼ
2148 3811 2480 3882 ἑρμηνεῦσαι
2507 3810 2703 3880 ἰσχύω·
2740 3810 2894 3863 οὐδέν
2932 3827 3022 3880 μοι
3057 3811 3262 3862 τούτων
3293 3828 3430 3880 παρα

1854 3923 2052 3975 έδωκεν
2092 3925 2124 3993 ἡ
2167 3924 2392 3992 FW?”
2436 3923 2497 3974 οὐ
2537 3920 3010 3991 πολυπραγμονῶ·
3051 3916 3130 3983 οῖς
3166 3919 3432 3989 ἐκήρυξεν

1853 4029 2149 4089 ἁκολουθῶ,
2187 4030 2290 4082 κᾶν
2333 4029 2406 4099 μὴ
2429 4029 2586 4081 θέλω.
2614 4029 2735 4079 Ὅτι
2765 4027 2979 4094 εἰσῆλθε
3008 4026 3266 4088 πιστεύω,
3291 4025 3351 4076 τὸ
3373 4026 3431 4078 δι

1854 4133 1971 4196 πῶς
2019 4134 2079 4185 οὐ
2131 4133 2592 4204 πολυπραγμονῶ.
2628 4134 2720 4206 Μὴ
2755 4133 3066 4202 νομίσῃς
3106 4131 3213 4183 τῶν
3250 4132 3431 4202 θυρῶν

1855 4237 2121 4305 εἰσῆλθεν.
2147 4239 2259 4289 Οὐκ
2293 4233 2465 4301 εἶπεν,
2493 4237 2882 4308 Ἀραιωθείιίης
2906 4235 2936 4291 ἦ
2961 4235 3303 4306 διαλυθείσης
3331 4235 3431 4306 τῆς

1855 4342 2024 4413 θύρας
2065 4343 2337 4414 είσῆλθεν,
2378 4343 2548 4408 ἀλλὰ,
2595 4345 3064 4410 Κεκλεισμένων.
3103 4343 3175 4395 Τὸ
3209 4345 3430 4410 γεγονὸς

1853 4446 2116 4516 ἐκήρυξε·
2159 4449 2238 4510 τίς
2290 4449 2318 4500 ὁ
2365 4449 2561 4518 τρόπος
2598 4446 2692 4498 τοῦ
2739 4445 3016 4514 γεγονότος
3069 4445 3168 4498 οὐκ
3209 4447 3424 4512 ἔδειξεν·

1865 4550 2086 4618 Ἐξῆλθε
2117 4551 2314 4619 Πέτρος
2345 4551 2452 4601 ἀπὸ
2479 4549 2723 4619 φυλακῆς
2744 4564 2757 4578 ·
2783 4549 2896 4602 ἀλλ’
2924 4549 3248 4619 ἠνοίχθησαν
3281 4551 3427 4618 αύτῷ

1851 4657 1907 4706 αἱ
1931 4654 2114 4715 πύλαι,
2149 4656 2242 4706 καὶ
2272 4655 2304 4722 ἡ
2331 4653 2520 4724 Γραφὴ
2563 4655 2948 4721 ἐπεσημήνατο
2979 4653 3231 4720 λέγουσα,
3253 4654 3338 4705 ὅτι
3369 4654 3430 4708 Ἠ

1851 4755 2068 4824 σιδηρᾶ
2098 4757 2260 4822 πύλη
2290 4755 2588 4825 αὐτομάτη
2614 4757 2824 4825 ἠνοίγη
2863 4757 3094 4821 αὐτοῖς·
3122 4759 3220 4810 οὐκ
3251 4754 3423 4821 εἶπεν,

1849 4863 2139 4932 Αύτομάτη
2175 4863 2389 4926 ἐδέξατο
2427 4861 2631 4932 Πέτρον
2673 4862 3050 4933 διερχόμενον·
3089 4864 3426 4934 ἀνθρώπινον

1848 4965 1955 5033 γάρ
1987 4961 2053 5036 ἦν
2079 4965 2138 5017 τὸ
2169 4966 2346 5034 σῶμα,
2387 4967 2479 5019 καὶ
2508 4967 2566 5032 ἐξ
2605 4965 2942 5037 ἀνθρωπίνου
2978 4966 3315 5037 φυράματος.
3352 4967 3426 5020 Τὸ

1845 5069 1903 5122 δὲ
1939 5069 2032 5122 τοῦ
2063 5069 2297 5140 Χριστοῦ
2321 5069 2661 5138 ἀνθρώπινον
2703 5069 2821 5138 μὲν,
2851 5069 2938 5121 διὰ
2977 5070 3075 5134 τὴν
3109 5071 3240 5141 πρὸς
3277 5073 3424 5140 ἡμᾶς

1848 5175 2166 5242 συγγένειαν
2187 5191 2200 5205 ·
2235 5174 2377 5226 θεῖον
2402 5174 2458 5226 δὲ
2480 5173 2568 5226 διά
2597 5190 2655 5225 τε
2690 5173 2788 5244 τὴν
2814 5175 2949 5244 πρὸς
2979 5176 3069 5230 τὸν
3097 5175 3227 5230 Θεὸν
3251 5178 3422 5244 Λόγον

1845 5280 2056 5342 ἕνωσιν,
2095 5281 2187 5332 καὶ
2213 5279 2300 5331 διά
2329 5279 2426 5349 τὴν
2463 5279 2620 5349 ξένην
2655 5279 2819 5332 ὠδῖνα
2842 5280 2939 5349 τῆς
2979 5281 3267 5352 παρθένου.
3297 5281 3416 5344 Πῶς

1844 5385 2058 5454 εἰσῆλθε
2105 5385 2506 5455 κεκλεισμένων
2535 5385 2644 5436 τῶν
2687 5385 2901 5454 θυρῶν;
2942 5385 3058 5448 πῶς
3088 5385 3282 5454 ἀνῆλθε
3320 5403 3417 5439 κε-

1844 5490 2174 5559 κλεισμένων
2205 5491 2310 5543 τῶν
2341 5489 2618 5560 ούρανῶν;
2646 5490 2709 5541 *Ω
2737 5490 2834 5559 τῆς
2864 5489 3093 5551 ἀτοπίας»
3111 5488 3215 5541 τῶν
3239 5490 3412 5543 ταῦτα

1905 5716 1928 5743 ⁸
1976 5714 2056 5761 Sic
2087 5714 2172 5762 Ms.
2210 5727 2486 5776 perperam.
2523 5713 2809 5778 [θεωροίη
2853 5713 2994 5772 forte,
3019 5713 3101 5768 τὰς
3131 5713 3416 5778 πολυμανιῖς

1839 5778 1918 5826 καὶ
1941 5775 2349 5837 πολυφαντάστους
2374 5778 2662 5831 ὁιαλέκτους.
2687 5775 2919 5825 (ξοτειειι.

2996 5861 3076 5920 26
