3982 6218
214 385 322 438 421

205 482 481 537 dentium!
508 495 542 535 ο
579 481 829 550 pietatem
854 486 1041 533 cuncta
1085 473 1453 531 credentium!
1503 468 1606 526 Sed
1651 466 1775 537 quid

207 575 283 628 ait
303 572 679 626 adversarius?
709 570 823 624 Non
851 568 1145 622 invenimus
1172 564 1328 618 ﬁdem
1357 563 1552 630 ubique
1578 566 1776 620 tutam;

212 663 511 732 reperimus
535 676 652 716 eam
682 661 968 729 collapsam
994 678 1007 714 :
1039 673 1142 712 non
1168 662 1376 725 oportet
1400 654 1512 706 sine
1537 650 1779 705 examine

206 752 450 816 credere,
469 751 562 807 sed
583 767 702 805 cum
725 750 962 820 diligenti
990 747 1389 818 perquisitione.
1418 743 1577 798 Multa
1609 753 1774 809 porro

208 853 429 897 externa
470 843 535 897 iis
558 849 899 896 concurrunt.
932 840 1069 894 Sunt
1112 838 1253 892 enim
1290 835 1468 890 afﬁnia
1499 831 1778 887 hzrretico-

209 950 330 989 rum
360 943 414 988 et
435 935 708 1002 gentilium
740 946 892 986 sensa
921 948 932 984 :
966 931 1052 983 illa
1084 928 1383 983 dmmonum
1408 926 1639 987 inventa,
1664 921 1780 975 lucc

207 1026 510 1079 daemonum
541 1025 777 1078 doctrina
807 1032 948 1076 sunt.
985 1023 1173 1075 Dicunt
1195 1033 1320 1088 ergo
1353 1017 1565 1087 quidam
1586 1015 1776 1068 adver-

208 1119 471 1171 sariorum
500 1116 640 1180 fidei,
677 1115 892 1168 noxium
929 1115 983 1167 in
1014 1113 1100 1167 illa
1128 1125 1248 1165 esse
1288 1109 1338 1163 id
1379 1107 1517 1178 quod
1561 1105 1778 1160 ratioci—

209 1209 314 1262 niis
353 1222 457 1261 non
486 1206 797 1274 subjiciatur
827 1223 839 1258 :
871 1213 925 1259 et
949 1203 1049 1257 nisi
1076 1202 1196 1256 ﬁdei
1225 1200 1540 1269 adjungatur
1561 1196 1778 1250 rationis

208 1312 454 1358 examen,
489 1296 687 1348 nullum
715 1294 952 1349 credenti
988 1293 1185 1346 lucrum
1225 1289 1436 1343 aﬁ‘erre.
1463 1286 1610 1342 Unde
1638 1286 1776 1340 enim

206 1387 310 1452 vis,
339 1387 527 1452 inquit,
573 1397 814 1438 naturam
857 1382 978 1436 ﬁdei
1017 1380 1360 1435 examinare?
1390 1378 1559 1442 visne,
1588 1376 1775 1444 inquit,

207 1491 238 1530 a
271 1476 548 1544 principio,
581 1475 647 1528 ab
677 1476 785 1542 ipsa
811 1471 992 1526 mundi
1021 1470 1327 1526 creatione?
1370 1468 1578 1537 lnquire
1599 1466 1663 1519 de
1689 1481 1774 1530 eo,

207 1581 369 1635 quem
401 1565 603 1618 vocatis
633 1564 1034 1634 protoplastnm.
1077 1560 1292 1614 Invenio
1321 1560 1465 1613 liltllll
1491 1573 1519 1612 a
1551 1557 1654 1611 ﬁde
1689 1571 1777 1610 ce-

206 1654 722 1710 cidisse.Considera
752 1653 962 1722 maligni
993 1651 1252 1706 daemonis
1282 1650 1459 1712 verba,
1485 1649 1572 1718 qui
1596 1646 1774 1700 omnia

207 1744 362 1800 facile
388 1746 546 1798 audet
573 1744 808 1814 aggredi,
852 1742 1024 1813 qualia
1071 1743 1284 1806 audeat,
1317 1755 1555 1808 quzenam
1588 1739 1776 1806 loqua-

206 1844 315 1901 tur,
344 1850 583 1903 quaanam
615 1834 883 1888 obtendat.
905 1833 1010 1887 Vos
1032 1832 1225 1893 dicitis,
1259 1833 1445 1899 inquit,
1474 1839 1776 1897 serpentem

207 1926 281 1979 illi
309 1927 535 1980 dixisse‘
565 1943 578 1979 :
611 1925 932 1994 Quocumque
957 1925 1037 1976 die
1066 1922 1396 1985 comederitis,
1434 1921 1620 1989 inquit,
1641 1920 1776 1972 eritis

206 2015 333 2067 sicut
361 2015 429 2065 dii
454 2015 659 2066 scientes
688 2014 867 2066 bonum
897 2021 943 2065 ct
968 2012 1156 2064 malum
1200 2010 1348 2081 (Gen.
1373 2011 1423 2064 3.
1445 2009 1520 2077 5).
1542 2007 1778 2062 Credidit

208 2105 464 2172 serpenti,
513 2103 652 2172 quod
694 2103 1005 2157 credidisset
1051 2102 1224 2172 periit.
1276 2100 1596 2164 Principium
1649 2112 1775 2166 ergo

207 2194 471 2247 malorum
498 2204 581 2248 est
603 2191 753 2247 ﬁdes.
794 2193 918 2246 Haec
944 2193 1008 2244 ad
1042 2209 1136 2246 nos
1169 2192 1240 2246 illi
1273 2191 1511 2246 veritatis
1553 2188 1768 2250 inimici,

209 2285 313 2352 piro
341 2285 607 2353 religionis
653 2285 851 2339 hostes.
877 2283 978 2338 Sed
1011 2285 1252 2352 ignorant
1281 2281 1422 2349 impii
1445 2294 1623 2333 veram
1652 2276 1773 2330 ﬁdei

207 2375 594 2440 deﬁnitionem,
636 2377 878 2431 nesciunt
914 2375 1037 2444 quid
1079 2375 1347 2444 objicient.
1382 2373 1493 2425 Non
1524 2371 1664 2423 enim
1690 2370 1772 2423 di-

207 2468 399 2529 cimus,
435 2468 722 2536 quemlibet
750 2469 837 2536 qui
869 2465 1113 2520 omnibus
1135 2465 1334 2527 credat,
1365 2463 1522 2517 ﬁdem
1553 2460 1769 2524 habere,

206 2573 272 2611 ac
300 2557 509 2612 ﬁdelem
546 2558 850 2626 praedicari;
904 2571 1073 2626 neque
1116 2570 1238 2610 eum
1264 2555 1352 2622 qui
1396 2553 1552 2607 obvio
1601 2551 1774 2605 cuivis

207 2649 398 2712 credit,
427 2664 546 2704 esse
592 2650 834 2713 ﬁdelem;
867 2649 958 2703 sed
1006 2663 1126 2703 eum
1152 2648 1240 2716 qui
1270 2660 1395 2700 vere
1430 2645 1539 2698 Deo
1580 2642 1770 2698 credit.

206 2739 344 2794 Num
370 2741 646 2793 ostendisti
692 2740 948 2793 Adamnm
991 2738 1131 2809 quod
1163 2738 1272 2792 Deo
1310 2736 1621 2791 credidisset
1647 2748 1773 2804 per-

206 2829 378 2883 iisse?
419 2830 568 2898 Quod
615 2831 824 2884 diabolo
879 2829 1195 2892 crediderit,
1249 2829 1426 2897 lapsus
1465 2836 1575 2891 est;
1632 2825 1770 2897 quod

205 2918 321 2971 Deo
364 2933 467 2971 non
515 2920 828 2979 crediderit,
880 2916 1089 2975 cecidit.
1135 2916 1241 2971 Cur
1285 2916 1421 2971 dicta
1474 2915 1771 2984 pervertis?

203 3007 342 3061 Audi
373 3007 654 3062 Jeremiam
681 3009 944 3063 dicentem
976 3031 988 3063 :
1022 3010 1204 3061 Audite
1221 3024 1317 3070 me,
1338 3009 1419 3075 qui
1441 3008 1555 3059 odio
1585 3006 1770 3058 habetis

195 3096 467 3165 judicium,
495 3100 578 3166 qui
616 3100 782 3151 omnia
813 3109 947 3152 recta
985 3099 1256 3167 pervertitis
1278 3097 1326 3168 (1
1335 3114 1414 3150 mo
1435 3097 1590 3149 Mich.
1619 3097 1669 3148 ὅ.
1689 3095 1763 3164 9).

203 3188 364 3254 Atqui
393 3187 571 3242 dicere
601 3189 854 3257 oportuit,
887 3189 1204 3257 Principium
1243 3188 1498 3241 malorum
1528 3185 1770 3240 incredu-

203 3277 347 3330 litas.
377 3276 505 3330 Nam
541 3279 583 3330 si
625 3279 936 3333 credidisset
960 3279 1069 3332 Deo
1095 3279 1312 3342 dicenti,
1348 3278 1667 3347 Quocumque
1691 3277 1771 3329 die

202 3368 538 3430 comederitis,
562 3380 719 3422 morte
745 3369 1020 3421 moriemini
1049 3367 1198 3439 (Gen.
1231 3368 1285 3420 2.
1315 3369 1426 3436 l7),
1461 3383 1564 3421 non
1594 3369 1768 3435 lapsus

201 3455 411 3521 fuisset,
455 3457 546 3511 sed
597 3458 866 3512 habuisset
913 3459 1093 3524 ﬁdem,
1127 3458 1304 3524 ﬁ'dem,
1337 3459 1569 3527 inquam,
1604 3467 1766 3510 tutam

199 3549 270 3602 ad
315 3551 559 3604 salutem.
593 3551 709 3604 Noli
754 3566 1000 3620 umquam
1033 3551 1152 3605 ﬁdei
1200 3566 1390 3605 nomen
1436 3551 1765 3604 calumniari.

200 3639 321 3693 Non
349 3641 486 3692 enim
521 3641 605 3693 ille
627 3643 714 3708 qui
751 3642 969 3695 cuilibet
993 3642 1180 3705 credit,
1205 3641 1373 3695 ﬁdelis
1402 3652 1510 3705 est;
1543 3641 1634 3695 sed
1679 3641 1767 3708 qui

199 3729 316 3782 Deo
342 3728 524 3788 credit,
546 3729 588 3782 is
615 3728 783 3782 ﬁdelis
806 3737 960 3783 estet
989 3730 1198 3784 dicitur.
1219 3731 1434 3785 Abstine
1463 3747 1492 3784 a
1518 3736 1768 3800 quaestio-

199 3818 386 3880 nibus,
414 3826 466 3869 et
493 3818 811 3885 amplectere
843 3818 1017 3872 ﬁdem.
1070 3819 1226 3872 Fides
1266 3820 1438 3871 omnia
1485 3821 1763 3882 illuminat,

199 3909 336 3962 fides
362 3909 537 3962 omnia
566 3909 878 3974 sanctiﬁcat,
903 3910 1033 3963 ﬁdes
1062 3909 1260 3978 Spiritu
1290 3919 1475 3962 sancto
1501 3909 1762 3977 dignatur.

196 3999 334 4053 Nam
367 3998 654 4064 Stephanus
678 3999 853 4066 plenus
873 4001 1033 4068 gratia
1064 4009 1109 4050 et
1133 3999 1426 4066 fortitudine
1450 3999 1579 4068 (Act.
1608 3997 1659 4050 6.
1685 3999 1762 4066 8).

196 4087 313 4142 Nisi
359 4090 683 4154 prreluxisset
717 4088 867 4152 ﬁdes,
905 4087 1155 4141 fortitudo
1198 4089 1250 4140 in
1297 4096 1479 4141 sancto
1518 4089 1629 4141 viro
1661 4103 1762 4139 non

195 4187 422 4247 sequuta
452 4179 654 4233 fuisset.
675 4179 772 4233 Ubi
802 4179 952 4243 ﬁdes,
978 4180 1083 4232 illic
1104 4188 1156 4233 et
1178 4180 1343 4233 virtus
1367 4194 1457 4232 seu
1483 4179 1760 4242 fortitudo;

194 4269 288 4323 ubi
329 4269 684 4333 incredulitas,
717 4269 822 4322 illic
868 4269 1165 4322 inﬁrmitas.
1218 4270 1541 4337 Principium
1594 4271 1764 4323 bono-

193 4375 341 4421 rum,
391 4359 554 4423 ﬁdes;
602 4359 720 4414 fons
764 4359 1044 4420 bonorum,
1093 4360 1244 4414 ﬁdes.
1291 4360 1570 4416 Sumamns
1619 4376 1762 4414 arma

192 4449 402 4502 salutis.
446 4448 550 4502 Cur
597 4447 916 4502 dietionibus
946 4449 1132 4511 servis,
1182 4459 1236 4503 et
1275 4450 1549 4504 veritatem
1594 4451 1764 4519 fugis?

193 4553 294 4589 cur
324 4537 527 4603 profers
553 4554 634 4601 ea,
661 4553 776 4607 quae
799 4554 865 4592 ne
895 4540 1201 4608 angelorum
1227 4541 1442 4609 quidem
1473 4553 1654 4595 natura
1686 4543 1764 4595 in-

192 4627 458 4693 vestigare
488 4629 683 4682 audet?
723 4629 856 4696 Quid
886 4629 1009 4683 dico
1038 4631 1342 4699 angelorum
1369 4633 1591 4684 natura?
1634 4632 1762 4697 Quae

190 4731 262 4771 ne
289 4715 557 4770 daemones
592 4718 801 4784 quidem
832 4719 1044 4773 audent.
1077 4720 1189 4772 Non
1216 4721 1295 4772 vis
1325 4721 1470 4788 sequi
1514 4721 1762 4773 Petrum?

189 4820 302 4859 non
327 4805 403 4857 vis
425 4807 572 4874 sequi
603 4806 859 4862 Paulum?
897 4825 1002 4863 non
1038 4810 1290 4878 angelos?
1318 4825 1420 4864 non
1441 4810 1760 4865 Cherubim'!

190 4910 303 4950 non
345 4895 663 4962 Seraphim?
717 4899 840 4952 Esto
873 4901 1059 4953 saltem
1109 4900 1406 4954 daemonum
1452 4903 1755 4970 discipulus.

188 4986 450 5039 Viderunt
472 4985 739 5039 daemones
764 4987 1118 5053 Servatorem,
1144 4999 1196 5044 et
1226 4992 1437 5045 aiebant
1468 4994 1539 5045 illi
1569 5012 1580 5044 :
1616 4993 1755 5059 Sine,

185 5077 317 5144 quid
341 5076 478 5128 nobis
507 5085 551 5128 ct
578 5077 682 5141 tibi,
713 5076 816 5129 Fili
846 5077 938 5130 Dei
977 5080 1184 5145 (Matth.
1214 5083 1264 5136 8.
1309 5082 1439 5150 29)?
1485 5083 1758 5139 Daemones

190 5164 386 5218 Filium
409 5167 737 5228 conﬁtentur,
766 5174 821 5218 et
845 5173 916 5230 tu,
950 5167 1212 5234 haeretice,
1244 5171 1576 5239 blasphemas
1592 5177 1615 5223 ’ἰ
1651 5174 1757 5226 das.

254 5341 271 5370 ¹
310 5341 739 5411 Ροεῐ-ὴξῐξεχθτὺθ,
769 5340 1070 5411 illi_dia_:_isse,
1097 5348 1350 5411 sequentia
1379 5347 1606 5409 leguntur
1628 5352 1751 5411 apud

181 5407 387 5468 Lupum,
425 5407 489 5449 De
515 5402 668 5468 tribus
699 5404 1060 5468 quaestionibus,
1088 5402 1184 5451 sub'
1218 5408 1403 5468 initium
1426 5402 1752 5468 :Vztdjccto'eo,

178 5461 313 5510 scire
332 5468 490 5532 _Deum
509 5461 648 5529 (nihil
670 5461 835 5522 muto),
853 5463 976 5532 quod
999 5464 1040 5512 si
1063 5475 1089 5511 c
1104 5465 1370 5532 itttadissettt
1391 5475 1513 5532 unde
1530 5461 1754 5532 prohibiti

176 5527 359 5590 essent,
384 5532 495 5590 mox
513 5520 810 5590 aperirentur
827 5520 953 5590 oculi
973 5537 1152 5590 eorum.
1171 5525 1437 5590 similesque
1456 5520 1550 5580 dtis
1564 5520 1754 5581 exsistet;

177 5588 311 5630 rent.
341 5579 523 5654 Scilicet
545 5579 594 5649 ut
615 5584 1182 5654 numerositatertleorum
1219 5579 1384 5654 saltem
1423 5579 1753 5654 cortiniﬁd‘ein

178 5648 528 5710 corrumperet,
553 5643 594 5689 si
617 5643 680 5690 ad
704 5643 1067 5694 inobedientiam
1086 5645 1248 5695 tentati
1269 5649 1392 5710 galtc
1416 5653 1525 5700 vitio
1548 5643 1636 5701 non
1654 5667 1750 5704 res-

175 5708 367 5752 cissem.
393 5709 598 5750 Cotelcr.

1189 361 1253 418 IN
1292 358 1514 425 ILLUD,
1555 356 1621 413 IN
1657 355 1793 425 QUA
1835 353 2255 424 POTESTATE,
2299 357 2446 414 ETC.

3350 383 3465 440 422

1893 483 2077 523 mones
2091 470 2345 539 mqualem
2373 469 2656 534 faciunt,et
2678 478 2730 526 tu
2754 471 3163 540 inaequalitatem
3189 472 3447 532 adsrnis.

1886 558 2088 629 Ecquid
2139 560 2346 624 faciam,
2380 561 2452 614 ait
2489 560 2788 626 bwreticus,
2819 576 2937 615 cum
2977 563 3230 617 Dominus
3277 563 3454 620 dicat:

1890 647 1957 702 Ut
1991 659 2295 718 cognoscant
2338 659 2384 703 te
2427 650 2590 703 solum
2631 665 2799 704 verum
2827 650 2988 705 Deum
3033 652 3210 720 (Joan.
3245 654 3333 708 l7.
3364 654 3455 723 3)?

1886 738 2068 792 Solum
2096 739 2256 805 dixit,
2287 740 2457 795 solum
2486 741 2790 808 praedicavit
2820 757 3000 795 verum
3034 742 3198 797 Deum
3227 745 3458 800 Patrem.

1887 829 2177 885 Veritatem
2203 839 2380 886 sector
2406 847 2502 901 per
2531 833 2693 886 Deum
2725 835 3104 889 annuntiatam.
3137 835 3333 891 Vocem
3365 854 3458 892 so-

1885 920 1988 974 lius
2016 923 2258 985 sectaris,
2288 932 2343 977 et
2372 923 2538 977 litera:
2563 923 2768 977 servis?
2800 924 2961 979 Serva
2992 927 3247 982 terminos
3292 931 3342 984 in
3373 948 3458 984 ru-

1885 1025 2004 1064 rum
2031 1011 2420 1081 disquisitione.
2457 1014 2588 1067 Dicit
2627 1015 2765 1069 Deus
2804 1002 2898 1083 per
2929 1017 3236 1085 prophetam
3277 1036 3292 1078 :
3347 1020 3461 1090 Ego

1885 1115 1998 1152 sum
2038 1101 2250 1168 primus,
2279 1112 2324 1156 et
2353 1119 2442 1174 ego
2472 1113 2661 1171 postea,
2695 1115 2738 1157 et
2760 1105 2887 1158 alius
2913 1118 3092 1174 prwter
3120 1125 3198 1162 me
3233 1127 3332 1163 non
3363 1124 3452 1164 est.

1884 1187 2064 1243 Justus
2109 1200 2154 1243 et
2183 1192 2400 1245 salvator
2442 1203 2622 1262 preter
2658 1211 2736 1247 me
2777 1211 2874 1248 non
2902 1207 2992 1249 est.
3025 1196 3088 1248 Et
3117 1203 3459 1255 convertimini

1883 1278 1950 1330 ad
1976 1295 2074 1342 me,
2103 1290 2149 1332 et
2172 1282 2298 1334 salvi
2325 1283 2462 1336 eritis
2492 1284 2552 1335 ab
2582 1285 2816 1338 extremis
2846 1295 3008 1338 teri-tv.
3043 1285 3151 1356 Ego
3173 1305 3284 1341 sum
3319 1290 3456 1345 Deus

1884 1379 1930 1422 et
1958 1386 2059 1422 non
2079 1380 2152 1423 est
2176 1372 2328 1425 alius.
2357 1371 2458 1425 Per
2491 1375 2833 1442 memetipsum
2849 1376 2990 1445 juro.
3034 1370 3145 1446 Ego
3171 1379 3383 1447 primus,
3408 1392 3455 1434 et

1883 1475 1972 1528 ego
1993 1471 2102 1529 post
2129 1461 2234 1516 haec
2256 1479 2276 1516 :
2301 1473 2459 1532 atque
2487 1463 2684 1529 intulit,
2715 1464 2779 1517 Et
2809 1481 2910 1518 non
2936 1477 3006 1519 est
3031 1469 3161 1521 alius
3181 1479 3362 1538 praeter
3377 1488 3456 1525 me

1884 1549 2035 1618 (Isai.
2081 1552 2169 1606 44.
2202 1553 2254 1607 6.
2302 1563 2346 1606 et
2384 1555 2475 1608 45.
2520 1555 2608 1607 21.
2660 1555 2750 1610 22.
2793 1556 2908 1624 25).
2959 1557 3143 1613 \‘idete
3187 1562 3453 1628 quomodo

1883 1643 2129 1698 ostendat
2178 1645 2469 1699 solitariam
2526 1656 2785 1713 naturam,
2824 1663 2939 1717 quae
2992 1649 3122 1703 nihil
3170 1666 3454 1708 commune

1882 1731 2074 1786 habeat
2104 1749 2225 1788 cum
2275 1735 2375 1788 alia
2409 1743 2594 1790 natura
2626 1747 2887 1806 separata.
2939 1739 3063 1793 llaec
3111 1755 3269 1810 porro
3312 1743 3449 1800 Dens

1882 1823 1997 1879 ait:
2031 1823 2140 1894 Ego
2169 1841 2302 1890 sum,
2344 1837 2390 1878 et
2417 1843 2517 1879 non
2546 1836 2618 1879 est
2661 1829 2827 1890 alius;
2868 1829 2954 1897 qui
3004 1844 3096 1898 per
3142 1829 3450 1898 prophetam

1881 1913 1990 1967 ait:
2021 1913 2240 1968 Extendi
2269 1918 2446 1970 ctelum
2494 1920 2631 1970 solus
2680 1917 2832 1987 (Isai.
2864 1920 2948 1973 44.
2982 1920 3097 1989 ΩΔ).
3140 1920 3368 1979 Attende
3397 1936 3450 1979 tu

1881 2005 1995 2056 voci
2016 2004 2189 2069 Solus,
2209 2007 2632 2075 quandoquidem
2656 2009 2858 2077 profers
2877 2009 3056 2064 Solum
3075 2027 3244 2066 verum
3265 2014 3446 2070 Deum.

1883 2093 2103 2148 Extendi
2135 2096 2316 2149 cwlum
2340 2098 2496 2150 solus.
2529 2097 2784 2152 Similiter
2810 2115 3020 2169 quoque
3051 2102 3155 2168 hic,
3187 2102 3301 2175 Ego
3337 2123 3449 2160 sum

1880 2193 1925 2235 et
1955 2199 2054 2236 non
2084 2197 2154 2237 est
2173 2186 2304 2239 alius
2324 2201 2341 2238 :
2363 2202 2450 2253 per
2467 2188 2806 2256 memetipsum
2822 2190 2964 2255 jura.
2986 2191 3234 2246 Animum
3255 2194 3450 2250 adhibe

1881 2275 2083 2343 pariter
2125 2278 2421 2330 auctoritati
2451 2287 2503 2331 et
2529 2280 2779 2346 potentia:
2820 2281 3100 2348 loquentis,
3131 2285 3266 2349 quod
3298 2285 3449 2341 disco

1881 2366 1968 2430 rit,
2003 2365 2122 2418 Non
2150 2377 2221 2419 est
2247 2367 2416 2431 alias;
2445 2378 2517 2430 ct,
2552 2367 2706 2422 Solus
2730 2385 2861 2433 sum,
2885 2380 2936 2423 et
2968 2370 3087 2436 hoc,
3120 2371 3223 2424 Per
3249 2385 3449 2428 metuet-

1877 2455 2041 2522 ipsum
2094 2457 2308 2524 juravi;
2361 2459 2730 2528 signilicatque
2779 2461 3041 2515 neminem
3097 2477 3154 2516 se
3203 2465 3450 2534 loquente

1880 2545 2132 2613 majorem
2175 2562 2314 2602 esse.
2346 2547 2498 2603 Unde
2541 2549 2615 2603 ait
2657 2551 2814 2604 etiam
2854 2553 3168 2621 Apostolus:
3199 2556 3448 2620 Quoniam

1879 2635 2125 2687 neminem
2154 2637 2358 2702 habuit,
2392 2655 2481 2706 per
2528 2655 2673 2709 quem
2704 2641 2927 2710 juraret,
2958 2645 3218 2713 majorem,
3255 2649 3448 2715 juravit

1879 2742 1967 2793 per
1993 2727 2311 2794 semetipsum
2342 2728 2524 2797 (Hebr.
2556 2729 2607 2783 6.
2642 2731 2753 2799 15).
2780 2729 2892 2785 Νοη
2935 2732 3091 2787 habet
3115 2749 3241 2804 ergo
3277 2739 3447 2808 majo-

1877 2831 1990 2869 rem
2019 2818 2107 2886 qui
2143 2818 2272 2873 dicit
2298 2835 2310 2871 :
2347 2818 2450 2873 Per
2472 2823 2811 2888 memetipsum
2831 2824 2974 2891 jura,
3006 2825 3050 2877 si
3075 2827 3273 2893 quidem
3301 2844 3446 2897 egre-

1877 2906 2040 2960 dietur
2074 2907 2136 2960 de
2159 2925 2245 2961 ore
2266 2926 2374 2963 meo
2397 2911 2618 2980 justitia,
2644 2929 2893 2966 sermones
2916 2915 3013 2974 mei
3041 2931 3139 2967 non
3165 2928 3447 2972 averterunt-

1876 2997 2030 3064 (Isai.
2061 3000 2148 3054 45.
2179 3001 2294 3070 25).
2343 3002 2410 3056 ΕΙ.
2451 3003 2576 3072 quid
2606 3004 2789 3073 juras?
2821 3004 2952 3069 Quia
2995 3008 3118 3059 mihi
3164 3013 3446 3066 curvabitur

1875 3103 2020 3141 omne
2047 3106 2176 3158 genu
2199 3091 2296 3160 (a),
2329 3100 2375 3144 ct
2415 3094 2572 3144 omnis
2613 3094 2786 3162 lingua
2831 3097 3148 3162 conﬁtebitur
3173 3097 3335 3152 Deum
3363 3117 3445 3155 ve-

1874 3193 1987 3229 rum
2025 3177 2177 3246 (Isai.
2211 3180 2296 3234 45.
2329 3182 2441 3250 24).
2468 3182 2595 3247 Quis
2627 3182 2741 3237 lucc
2765 3184 2912 3249 dicit,
2960 3186 3244 3242 lnercticc?
3289 3190 3445 3246 Pater

1873 3285 1939 3323 an
1968 3270 2167 3324 Filius?
2203 3272 2354 3340 Apud
2383 3288 2465 3326 me
2494 3274 2721 3339 lidelem,
2750 3287 3074 3346 cunctosque
3108 3283 3241 3347 pios,
3273 3282 3444 3339 Patris

1874 3368 1956 3414 est
1984 3359 2230 3431 dignitas,
2259 3372 2313 3416 et
2361 3363 2478 3416 Filii
2524 3365 2828 3419 auctoritas.
2863 3365 2972 3421 lloc
3001 3368 3140 3422 enim
3191 3371 3444 3428 observes

1875 3453 2053 3515 velim,
2085 3455 2248 3508 multa
2289 3469 2469 3509 eorum
2507 3472 2622 3525 qua:
2662 3457 2908 3521 dicimus,
2938 3463 3300 3530 pugnantium,
3335 3481 3440 3520 non

1872 3543 2174 3599 docentium
2221 3562 2371 3601 more
2411 3547 2702 3616 prardicari.
2737 3550 2860 3603 Mihi
2889 3551 3097 3606 ﬁrmum
3126 3562 3226 3608 stat
3248 3556 3438 3626 dogma

1874 3639 2101 3705 pietatis,
2141 3647 2194 3692 et
2233 3639 2448 3693 cuilibet
2475 3639 2636 3705 ﬁdeli,
2667 3657 2854 3711 nempe
2903 3645 2989 3697 ubi
3016 3645 3160 3700 solus
3207 3648 3440 3716 loquitur

1872 3727 2048 3790 Pater,
2098 3727 2166 3782 ibi
2216 3729 2593 3795 comprehendi
2643 3731 2801 3784 etiam
2846 3732 3034 3784 ΕἰΙὶιιηι
3082 3744 3137 3787 et
3185 3735 3436 3804 Spiritum

1870 3828 2131 3871 sanctum.
2159 3818 2252 3871 Ubi
2283 3819 2447 3874 Filius
2481 3820 2733 3889 loquitur,
2761 3821 2830 3874 ibi
2871 3821 3041 3875 Patris
3071 3823 3218 3878 adest
3252 3837 3437 3880 aucto-

1871 3910 2033 3972 ritas;
2083 3910 2168 3960 uhi
2221 3909 2376 3962 Pater
2424 3911 2790 3964 auctoritatem
2837 3921 3071 3975 exercet,
3101 3914 3169 3967 ibi
3213 3916 3328 3970 Filii
3356 3927 3438 3971 est

1871 4006 2139 4064 potestas;
2193 3998 2281 4050 ubi
2312 3999 2540 4066 Spiritus
2570 4009 2784 4054 sanctus
2809 4010 3080 4067 operatur,
3110 4002 3281 4058 Patris
3309 4022 3436 4075 ope-

1869 4089 2005 4141 ratio
2030 4098 2125 4143 est.
2161 4089 2273 4142 Non
2320 4089 2574 4143 scinditur
2602 4099 2799 4144 sanctae
2843 4091 3117 4147 Trinitatis
3149 4094 3315 4162 gloria
3337 4099 3434 4168 (b),

1931 4263 2002 4324 (a)
2038 4257 2175 4331 illum
2209 4271 2397 4331 textum
2443 4264 2544 4331 hor:
2573 4271 2709 4331 pacto
2730 4267 2924 4331 citatum
2949 4266 3170 4331 invepics
3194 4267 3434 4331 inopert-

1868 4319 1958 4369 bns
1984 4319 2256 4387 'Atbanasii,
2293 4324 2482 4387 Dialogo
2518 4319 2547 4371 3
2573 4319 2643 4372 lle
2679 4326 2927 4387 'l‘rinitate,
2962 4333 3010 4372 T.
3046 4325 3090 4382 2,
3127 4341 3172 4387 p.
3198 4319 3318 4384 215';
3344 4344 3434 4378 seu

1867 4386 2050 4446 Maximi
2071 4391 2120 4430 'l‘.
2144 4385 2190 4440 2,
2212 4397 2258 4444 ι).
2283 4385 2407 4446 459)
2441 4393 2527 4434 Per
2552 4386 3020 4446 memetipsumjuro,
3039 4385 3176 4435 amen
3201 4391 3425 4446 egredie-

1868 4449 1945 4491 tur
1975 4445 2034 4492 de
2057 4457 2137 4505 ore
2159 4457 2262 4505 nico
2275 4444 2464 4505 justitta
2484 4458 2499 4502 ς
2522 4458 2615 4494 non
2651 4444 2783 4495 exitu
2817 4444 3167 4505 [laudabuntur
3192 4444 3434 4500 sermones

1868 4505 1978 4567 mei,
2005 4504 2115 4566 quia
2140 4503 2255 4552 mihi
2275 4501 2550 4554 cm'vabitur
2573 4518 2705 4567 omne
2728 4501 2865 4567 genu.
2893 4505 3100 4556 Coteler.

1932 4565 2131 4635 _(b).’.t\'on
2157 4567 2220 4634 ita
2241 4568 2418 4635 pridem
2440 4568 2574 4635 ‘edita
2597 4565 2794 4635 fuerunt
2815 4580 2926 4615 cura
2954 4574 3004 4635 et
3025 4567 3183 4635 studio
3206 4572 3430 4635 Stephani

1867 4626 2052 4679 Baluzii,
2080 4625 2283 4673 hominis
2314 4628 2370 4673 ad
2393 4628 2654 4674 editionUm
2678 4625 2868 4675 labores
2891 4630 3004 4685 nati,
3033 4627 3115 4676 lib.
3136 4629 3167 4675 4
3206 4625 3433 4679 miscella-

1867 4699 2083 4752 neorum,
2120 4686 2214 4733 duo
2245 4687 2529 4752 '[lieodoreti
2575 4685 2839 4752 fragmenta
2873 4690 2947 4752 ad“
2970 4689 3249 4752 Trinitatem
3274 4696 3429 4752 perti-

1866 4747 2046 4793 nentia.
2074 4752 2130 4790 Ea
2155 4747 2301 4805 gestit
2325 4748 2511 4794 animus
2531 4751 2704 4795 cursim
2739 4747 2814 4796 hic
2838 4749 3037 4796 meliora
3077 4747 3429 4800 facere.'Unde

1866 4804 2172 4868 conjecturas
2199 4804 2494 4868 solummodo
2533 4821 2818 4868 proponam,
2867 4807 3183 4858 conferendas
3219 4823 3336 4859 vero
3378 4821 3430 4862 et

1867 4865 2205 4930 examinandas
2242 4865 2554 4930 diligentibus
2601 4865 2885 4930 relinquam.
2937 4876 3060 4930 Lego
3105 4872 3248 4930 igitur
3294 4873 3430 4921 initio

1865 4925 2306 4993 prioris_fragmenti
2331 4925 2506 4993 E_salus
2543 4937 2701 4993 autem
2722 4925 2790 4978 est
2809 4925 3319 4993 scientia'exsistentis;
3342 4947 3428 4982 ex-

1863 4986 2064 5035 sistentis
2083 4999 2191 5034 vero
2205 4986 2415 5045 scientia,
2435 4996 2501 5036 est
2530 4990 2650 5047 Dei;
2681 4998 2802 5038 Deus
2824 4997 3064 5039 autemest
3085 4986 3312 5041 trinitas:
3330 4996 3426 5042 Sub

1864 5048 2050 5115 initium
2086 5053 2247 5115 autem
2290 5048 2566 5115 posterioris
2597 5065 2620 5115 :_
2653 5057 2708 5098 (νε
2752 5058 2910 5115 autem
2941 5050 3420 5115 clareiitttelligatur,

1862 5106 2078 5175 exemplo
2117 5106 2324 5175 quodam
2342 5110 2482 5175 tenui
2522 5111 2621 5170 (vel
2658 5114 2780 5173 tene)
2805 5111 2938 5160 istius
2959 5106 3298 5175 patefaciamus
3321 5106 3424 5163 sm;

1863 5182 1983 5216 sum.
2014 5169 2082 5216 .4it
2117 5169 2244 5217 enim
2273 5169 2542 5231 trinitatem
2582 5169 2893 5231 personarum
2932 5169 3281 5223 sitbsistentium
3303 5189 3404 5224 esse

1864 5237 2036 5292 Nomen
2063 5235 2244 5287 Petrus,
2287 5229 2338 5292 in
2373 5229 2650 5292 baptismate
2684 5245 2793 5280 vero
2832 5235 3064 5290 andreas,
3100 5241 3144 5282 et
3173 5233 3224 5281 in
3254 5234 3422 5284 militia

1866 5287 2075 5356 Thomas.
2103 5297 2221 5356 Etp.
2256 5292 2302 5348 3,
2328 5291 2411 5340 lin.
2433 5287 2496 5356 'l,
2535 5295 2584 5356 in_
2618 5305 2771 5356 marg.
2813 5301 2998 5342 neuter.
3029 5287 3079 5356 ,6,
3109 5295 3156 5342 4.
3195 5301 3305 5356 Post
3332 5308 3422 5356 per

1861 5348 2067 5414 titulum,
2096 5348 2327 5414 adversus
2352 5352 2540 5401 Arrium
2568 5348 2784 5414 impium,
2810 5360 2955 5414 atque
2980 5368 3004 5402 a
3029 5348 3151 5414 linea
3175 5367 3187 5401 :
3215 5355 3306 5403 Sed
3332 5348 3422 5405 ite-

1860 5408 2116 5475 cessarium
2138 5409 2329 5475 quidem
2357 5419 2450 5475 est,
2468 5419 2517 5461 ut
2539 5408 2644 5461 tres'
2669 5408 2990 5475 subsistentias
3013 5412 3293 5475 conﬁtendo,
3320 5430 3417 5465 ma-

1861 5469 1957 5541 lum
1979 5478 2154 5541 sectam
2181 5471 2306 5520 Arrii
2344 5472 2606 5541 fngimnus.
2625 5474 2949 5541 tantrariam.
2972 5469 3321 5541 enirn'_Sttbel_lio
3333 5478 3395 5538 ju

1859 5530 2070 5605 daizanti
2091 5543 2290 5601 pergens
2309 5530 2448 5603 riam,
2465 5541 2510 5584 et
2533 5535 3075 5605 {ugiettspionarcliiam,
3099 5530 3422 5605 in_multor'u_m

1857 5594 2076 5656 deorum
2100 5593 2382 5656 pag/unicam
2406 5593 2564 5656 inruit
2586 5593 2871 5656 'opiuionem
2904 5595 3222 5656 subus-tentias
3243 5603 3421 5645 sanctm

1863 5652 2099 5701 Trinitatis
2124 5652 2171 5701 in
2197 5668 2337 5702 uuam
2378 5655 2566 5706 deitatis
2599 5652 2902 5706 substantiam
2931 5669 3021 5705 non
3049 5655 3312 5714 intendens,
3334 5665 3419 5707 sed

1861 5721 2051 5764 uattn'us
2075 5721 2117 5761 et
2143 5716 2422 5766 substantias
2444 5727 2695 5769 extraneas
2727 5717 2961 5779 sutjcctas
2984 5717 3242 5779 alterutris,
3268 5724 3419 5769 Deum
