3982 6218
555 401 668 454 423

550 493 673 563 quia
721 509 823 547 non
869 495 1124 548 scinditur
1171 494 1424 548 doctrina:
1470 494 1677 548 veritas.
1713 492 1788 548 Ne
1815 495 2117 550 confitearis

557 600 716 637 unum
764 599 1002 653 regnum.

613 675 665 728 6.
701 675 820 727 [lare
848 691 877 726 a
907 691 991 728 me
1019 676 1155 728 dicta
1188 685 1328 738 sunt,
1361 678 1479 744 quia
1521 675 1723 728 hostem
1764 690 2007 739 exerceo,
2038 691 2105 730 ne

551 767 688 821 forte
736 768 948 835 quidam
998 768 1336 836 sycophantae
1388 767 1571 819 dicant
1616 783 1629 818 :
1676 766 1807 819 Vide
1853 767 2116 835 quomodo

548 857 759 914 dixerit.
793 857 967 910 omnia
998 871 1114 910 esse
1146 856 1283 920 Filii,
1317 867 1368 908 et
1397 856 1582 908 Filium
1611 855 1769 924 loqui,
1802 864 1855 909 et
1882 855 2114 908 ostendit

549 947 760 1015 quidem
810 947 1031 998 alienam
1081 960 1199 998 esse
1246 946 1570 1013 prophetiam
1620 946 1817 1008 Patris,
1852 946 2113 1014 propriam

549 1053 676 1092 vero
703 1037 838 1090 Filii.
867 1037 979 1089 Stat
1005 1035 1128 1087 mihi
1157 1037 1466 1088 inconcussa
1495 1034 1609 1086 Filii
1651 1045 1807 1087 meta.
1836 1035 2113 1088 Certamen

542 1137 622 1180 est
646 1128 758 1179 tunc
776 1125 1101 1178 exercitatio.
1135 1123 1228 1176 llic
1255 1123 1476 1176 ostendo
1500 1123 1684 1176 Filium
1716 1123 2034 1190 loquentem,
2064 1132 2116 1175 ct

545 1232 664 1270 cum
695 1216 784 1268 tibi
815 1228 1142 1282 persuasero,
1174 1213 1300 1266 tuihi
1327 1213 1484 1265 etiam
1531 1227 1860 1279 persuascro,
1905 1211 2111 1264 Patrem

545 1307 710 1375 loqui,
730 1304 1238 1374 Filiumprtedicare,
1259 1303 1504 1371 Spiritum
1524 1311 1758 1356 sanctum
1779 1303 1987 1355 oracula
2005 1303 2114 1355 fun-

538 1396 694 1459 dere,
745 1413 763 1445 ι
788 1394 894 1462 Ego
930 1394 1174 1460 primum,
1216 1407 1312 1460 ego
1338 1402 1390 1445 ct
1423 1403 1539 1458 post
1569 1391 1702 1455 ha-c,
1722 1401 1773 1444 et
1819 1399 2008 1457 prmter
2029 1406 2113 1445 me

541 1486 679 1539 Deus
697 1500 800 1538 non
819 1492 918 1538 est.
937 1483 1036 1537 Per
1049 1483 1560 1551 memetipsumjuro.
1586 1502 1603 1533 ι
1621 1483 1746 1548 Quis
1762 1492 1842 1535 est
1858 1484 1944 1551 qui
1963 1482 2109 1548 dicit,

545 1594 563 1627 ς
577 1576 687 1645 Ego
702 1591 815 1629 sum
833 1585 884 1628 et
906 1589 1009 1626 non
1033 1583 1113 1628 est
1133 1574 1328 1626 alius'h
1355 1582 1425 1635 et,
1450 1590 1468 1623 ‹
1485 1574 1553 1625 De
1574 1587 1664 1625 ore
1685 1587 1801 1626 meo
1817 1572 2114 1640 egredietur

534 1667 734 1734 justitia
751 1682 763 1727 ;
781 1685 796 1715 ι
823 1675 893 1727 et,
918 1664 1231 1717 «Sermones
1249 1663 1350 1716 mei
1373 1678 1475 1715 non
1498 1673 1797 1715 avertentnr
1817 1679 1828 1712 :
1849 1663 1965 1728 quia
1985 1661 2110 1716 mihi

536 1755 857 1810 curvabitse
903 1769 1058 1808 omne
1096 1768 1261 1821 genu,
1292 1762 1344 1806 ct
1379 1753 1548 1806 omnis
1577 1753 1744 1821 lingua
1781 1752 2112 1806 confitebitur

540 1847 705 1904 Deum
725 1862 903 1900 verum
921 1846 944 1896 ?
967 1863 984 1896 ι
1007 1844 1278 1912 Quomodo
1302 1847 1447 1912 ponis
1467 1843 1662 1896 dictum
1683 1845 1704 1895 ’ἒ
1724 1844 1772 1898 in
1793 1859 1944 1910 quem
1961 1858 2111 1896 assu-

539 1940 641 1992 mis
659 1936 881 1991 nomen?
901 1935 1004 1990 Sed
1027 1943 1079 1989 tu
1102 1950 1167 1988 ne
1185 1934 1328 1988 dicas
1345 1949 1404 1986 ea
1427 1949 1542 2001 qua:
1562 1935 1798 2001 ignoras;
1825 1947 1991 2000 neque
2012 1947 2110 2000 ego

537 2027 676 2096 quod
718 2042 820 2079 non
851 2025 973 2078 novi
1018 2024 1202 2078 effero.
1251 2022 1542 2090 Sequamur
1593 2021 1900 2089 magistrum
1949 2021 2107 2088 spiri-

537 2119 768 2180 tualem,
799 2117 887 2184 qui
931 2130 1027 2168 nos
1079 2113 1340 2168 deducere
1388 2113 1558 2164 valeat
1602 2111 1666 2163 ad
1716 2112 1981 2178 pietatem.
2034 2111 2108 2165 Ne

537 2209 696 2278 igitur
721 2223 783 2262 ex
817 2220 900 2259 me
925 2205 1106 2258 audias
1126 2245 1140 2267 ,
1175 2203 1268 2256 sed
1294 2203 1412 2256 audi
1458 2215 1683 2255 mecum.
1715 2202 1821 2268 Ego
1861 2200 2109 2253 ecclesia-

542 2301 795 2351 sticorum
845 2296 1146 2364 dogmatum
1198 2292 1412 2345 Paulum
1464 2291 1583 2343 novi
1631 2289 1920 2342 doctorem.
1977 2289 2106 2343 Cum

538 2386 758 2441 Paulum
788 2384 926 2448 dico,
954 2382 1218 2436 Christum
1250 2381 1511 2450 prtcdico;
1547 2381 1657 2448 ipse
1683 2379 1822 2431 enim
1863 2387 1975 2432 erat
2017 2379 2106 2447 qui

537 2479 590 2532 in
624 2476 786 2531 Pattlo
812 2474 1140 2544 loquebatur,
1161 2472 1444 2526 secundum
1475 2471 1602 2524 illud
1624 2472 1819 2524 dictum
1847 2488 1859 2523 :
1887 2472 1994 2522 «An
2018 2487 2109 2523 cx-

540 2570 885 2639 perimentum
911 2565 1144 2634 quaeritis
1167 2565 1296 2632 ejus,
1318 2564 1406 2631 qui
1425 2565 1474 2615 in
1498 2577 1580 2615 me
1600 2563 1826 2630 loquitur
1848 2560 2100 2615 Christi?»

539 2659 612 2727 (9..
633 2657 822 2712 ϐου-,15
837 2657 912 2722 .3)
929 2655 1069 2707 llanc
1085 2653 1240 2722 igitur
1260 2654 1578 2720 praemissam
1595 2650 1740 2706 Isaiae
1758 2650 2103 2720 prophetiam:

545 2768 563 2798 ‹
598 2750 703 2817 Ego
725 2761 842 2800 sum
862 2755 914 2799 et
942 2761 1042 2799 non
1068 2755 1148 2798 est
1182 2744 1349 2806 alius;
1383 2763 1400 2794 ι
1451 2752 1522 2805 et,
1576 2762 1593 2793 ‹
1623 2742 1722 2796 Per
1743 2741 2107 2806 memetipsum

537 2841 676 2911 jure,
699 2839 817 2908 quia
841 2837 965 2890 mihi
987 2836 1222 2890 curvabit
1240 2851 1297 2889 se
1314 2850 1468 2888 omne
1493 2849 1648 2903 genu,
1668 2844 1718 2886 et
1739 2833 1908 2885 omnis
1935 2833 2106 2899 lingua

543 2930 877 2984 confitebitur
899 2929 1060 2981 Deum
1086 2942 1289 2990 verum,
1321 2945 1338 2977 ι
1368 2926 1558 2979 Paulus
1579 2925 1645 2977 de
1664 2925 1874 2978 Christo
1894 2923 2100 2991 accipit.

549 3019 617 3072 Et
670 3019 757 3072 ubi
808 3018 941 3070 hanc
983 3017 1184 3069 invenis
1235 3014 1777 3068 demonstrationem?
1807 3013 1882 3066 Ad
1911 3012 2107 3064 Roma-

543 3123 640 3162 nos
666 3107 902 3161 scribens
945 3106 1054 3158 ait:
1085 3123 1102 3155 ι
1132 3104 1210 3158 Tu
1255 3112 1427 3156 autem
1474 3101 1599 3172 quid
1647 3101 1848 3170 judicas
1891 3099 2104 3153 fratrem

541 3197 725 3251 tuum?
778 3205 866 3249 aut
937 3204 990 3247 tu
1045 3208 1206 3261 quare
1258 3193 1463 3262 Spernis
1515 3191 1726 3244 fratrem
1780 3191 1962 3243 tuum?
2013 3204 2106 3242 cur

539 3289 762 3343 invicem
805 3285 1086 3353 judicatis?
1123 3283 1316 3336 Omnes
1379 3283 1515 3334 enim
1567 3282 1820 3334 stabimus
1869 3288 1987 3332 ante
2015 3280 2106 3332 tri-

543 3377 703 3431 bunal
746 3374 958 3429 Christi.
1017 3373 1277 3441 Scriptum
1324 3380 1406 3424 est
1451 3371 1587 3425 enim
1621 3387 1632 3421 :
1664 3371 1795 3422 Vivo
1824 3385 1942 3438 ego,
1981 3368 2106 3422 dicit

540 3469 815 3528 Dominus,
868 3465 1110 3534 quoniam
1165 3462 1290 3515 mihi
1349 3461 1586 3515 fleetetur
1641 3475 1797 3513 onme
1841 3475 1999 3528 genu,
2051 3467 2105 3513 et

539 3559 711 3612 onniis
733 3558 904 3625 lingua
931 3554 1258 3609 conﬁtebitur
1284 3554 1445 3607 Deum
1473 3567 1683 3605 verum»
1711 3551 1880 3620 (Rom.
1913 3552 1996 3604 14.
2017 3552 2104 3606 10.

540 3650 631 3702 ίῦ.
657 3648 710 3700 Η
739 3647 778 3715 ).
818 3646 906 3698 Ille
939 3653 1021 3697 est
1059 3643 1145 3709 qui
1195 3643 1287 3707 ait,
1316 3659 1333 3692 ι
1359 3642 1470 3710 Ego
1491 3656 1625 3705 sum,
1649 3651 1702 3694 et
1727 3656 1829 3693 non
1853 3652 1932 3696 est
1950 3643 2102 3709 alius;

545 3756 641 3808 per
700 3737 1068 3802 memetipsum
1106 3734 1260 3802 jure,
1287 3732 1408 3801 quia
1457 3732 1584 3785 mihi
1622 3731 1923 3785 curvabitur
1951 3747 2106 3788 omne

541 3846 699 3900 genu.
730 3848 747 3880 ι
776 3830 831 3882 Si
857 3842 981 3896 ergo
1026 3825 1215 3878 Paulus
1267 3822 1592 3892 prophetiam
1640 3821 1852 3875 Christo
1903 3822 2100 3876 refert:

543 3924 630 3992 qui
670 3931 842 3975 autem
883 3918 1015 3987 apud
1066 3915 1373 3986 prophetam
1421 3914 1649 3982 loquitur
1697 3923 1776 3968 est
1825 3912 2100 3979 Christus;

542 4169 764 4220 magnum
790 4151 1019 4220 definiens
1041 4159 1082 4201 et
1102 4164 1297 4220 parvum
1319 4157 1368 4220 et.
1391 4149 1665 4220 minimujn;
1679 4156 1737 4220 et
1762 4148 2103 4220 infraLallega-

544 4209 645 4276 ait,"
666 4232 709 4277 p.
738 4209 903 4263 νει-0⁷5
922 4229 940 4277 _:
971 4214 1038 4277 ait
1062 4209 1186 4277 enim
1225 4211 1517 4276 cantiloquus
1551 4213 1642 4277 (es,
1679 4209 1756 4264 53,
1785 4211 1854 4277 τὶν
1888 4209 2037 4277 man-Iv
2059 4214 2105 4277 in

547 4270 756 4339 imagine
779 4275 988 4323 ambulat
1010 4275 1176 4339 homo_,'_
1197 4285 1295 4339 _r_t_o_n
1319 4280 1366 4319 ut
1391 4270 1608 4339 consistgt
1638 4282 1783 4339 usque
1813 4271 1869 4339 in
1887 4271 1995 4339 (ioc,
2017 4273 2105 4339 sed

541 4329 782 4400 jttctiictur
805 4343 954 4385 mente
988 4347 1018 4382 a
1038 4333 1330 4400 sensilzilibus
1353 4333 1416 4400 ad
1453 4329 1784 4400 intelligibjlia.
1813 4337 1856 4376 P.
1883 4331 1944 4400 6‘:
1973 4331 2108 4400 (thri-

545 4389 817 4447 stiwtismus
840 4402 995 4444 autem
1016 4407 1121 4443 vere
1144 4399 1211 4442 est
1232 4391 1425 4441 scientia
1447 4389 1778 4438 inenarrabilis
1799 4397 1976 4438 sanctw
2006 4392 2105 4440 tri-

550 4458 709 4519 nitatis
738 4471 752 4506 :
772 4471 856 4519 per
879 4457 998 4519 htytc
1021 4463 1230 4519 sanctam
1252 4450 1493 4502 scientiam
1517 4450 1574 4498 ab
1597 4449 1866 4519 ignorantia-
1883 4448 2105 4519 liberatur

547 4518 699 4574 homo,
723 4510 877 4580 gratia
907 4515 1034 4580 ﬁlius
1069 4517 1153 4564 Dei
1175 4521 1365 4563 uocatur
1403 4525 1418 4559 :
1448 4519 1498 4580 et
1535 4510 1697 4580 multis
1729 4510 2020 4580 interiectis,
2039 4511 2103 4560 de

550 4569 746 4626 homine
771 4593 780 4625 :
810 4569 916 4626 Ncn’
939 4576 1119 4625 alienus
1141 4584 1298 4624 autent
1336 4587 1365 4622 (ι
1397 4571 1480 4621 Dei
1517 4570 1773 4633 cognitione
1804 4576 1888 4626 est,
1915 4569 2020 4617 licet
2043 4584 2106 4618 ca:

548 4652 640 4688 non
662 4637 1007 4692 exsistentibus,
1053 4637 1253 4685 donante
1282 4643 1519 4682 Creatore.
1561 4629 1826 4679 intellectus
1862 4637 2036 4686 autent,
2061 4637 2106 4678 et

548 4701 634 4749 iste
679 4699 935 4760 secundum
977 4692 1538 4760 interiorem__Itontinem_
1564 4705 1654 4760 non
1698 4697 1837 4760 extra
1877 4698 2105 4760 rationem

549 4758 791 4822 agentibus
820 4773 835 4808 :
859 4770 1057 4822 namque
1081 4765 1144 4822 est
1163 4755 1422 4822 intellectus
1446 4752 1658 4822 rationis.
1682 4752 1771 4822 Sed
1796 4764 1942 4822 neque
1967 4757 2107 4822 (ζετο-ᾳ

549 4813 773 4879 spiritum
803 4833 818 4868 :
843 4825 909 4868 est
931 4813 1055 4879 enim
1094 4813 1357 4879 intellectus
1401 4813 1679 4874 intelligens,
1706 4816 1748 4879 et
1773 4813 1893 4879 ratio
1915 4813 2105 4879 ratioci-

550 4870 728 4942 nutrix,
755 4887 799 4942 et
820 4878 1016 4942 Spiritus
1040 4877 1198 4942 palam
1222 4874 1414 4942 faciens,
1440 4880 1484 4922 et
1507 4870 2106 4942 contentpltubr_;el”un_nm

553 4929 958 5000 substantia,'tria
976 4929 1362 5000 proprietatibus.
1391 4942 1518 5000 Mens
1561 4929 1696 5000 enim;
1722 4945 1804 5000 seu
1826 4929 2103 5000 intellectus,

553 5006 692 5048 Pater
723 4990 876 5055 Verbi,
903 4990 1038 5047 habet
1062 4990 1188 5047 enim
1219 4994 1434 5059 Verbum,
1469 4999 1562 5059 etc.
1610 4991 1731 5039 Vide
1757 4990 2105 5059 Theudorctum

554 5066 741 5120 Qntrst.
767 5060 827 5120 20
852 5065 896 5106 in
916 5061 1152 5107 Genesim.
1195 5063 1316 5120 At_p.
1343 5056 1370 5101 7
1399 5067 1409 5100 :
1432 5056 1697 5120 putavere
1742 5056 1968 5120 Patet-“est
1994 5059 2104 5096 Ver-

557 5119 679 5168 bum.
706 5119 775 5168 tbi
796 5120 922 5167 enim
962 5133 1067 5167 vere
1091 5125 1158 5168 est
1183 5115 1336 5178 unitas
1366 5115 1618 5167 Trinitatis,
1665 5120 1729 5178 et
1759 5115 2105 5178 Trinitasrere

557 5187 626 5229 est
681 5179 883 5228 unitatis.
932 5187 1184 5240 Propterea
1223 5175 1365 5240 enim
1404 5181 1541 5240 [fater
1586 5170 1814 5240 eagsistens
1857 5170 2106 5240 subsisten-

554 5242 635 5298 tia,
666 5250 778 5299 etc.,
806 5249 855 5287 et
880 5248 983 5299 post
1005 5231 1169 5299 multa,
1205 5231 1787 5299 selectissimamscientiw
1810 5231 2107 5299 pro/ituriitu-

556 5292 680 5362 tent;
706 5315 751 5362 p.
768 5292 985 5362 denique
1004 5292 1182 5352 ultima,
1205 5296 1470 5362 Secundum
1491 5292 1605 5350 quid
1627 5304 1790 5362 unum
1815 5292 2009 5362 Atr-iatet
2038 5303 2109 5362 se-

556 5349 763 5410 cundum
787 5349 1017 5423 quidftria
1040 5349 1213 5423 unum;
1237 5356 1494 5404 secundum
1506 5349 1636 5423 "quod
1660 5350 2012 5423 immutabiliter
2030 5349 2109 5423 lia-

560 5425 630 5472 bet
662 5425 724 5471 ad
758 5415 1052 5482 semetipsum
1084 5415 1284 5465 Trinitas
1311 5419 1608 5482 tma‘nalura
1639 5415 1886 5482 ea'sistens,
1920 5416 2109 5472 promer

557 5484 643 5531 hoc
667 5496 842 5542 unum;
872 5472 1068 5542 Trinitas
1092 5489 1231 5537 porro
1247 5475 1511 5542 secundum,
1528 5472 1653 5542 quod
1669 5484 1869 5542 nonuna
1893 5483 2108 5542 persona,

557 5545 642 5593 sed
665 5552 776 5594 tres.
808 5532 852 5592 1":
865 5541 1004 5590 initas
1023 5532 1127 5587 vere
1162 5543 1230 5585 est
1269 5537 1439 5590 unitas,
1471 5541 1563 5580 etc.
1593 5532 1854 5594 Invenitur,
1884 5538 2106 5594 etc.‘sap.

560 5589 857 5665 itii—sique
882 5589 1082 5665 brevem
1105 5599 1225 5646 hanc
1242 5593 1781 5665 digressionemﬂamori
1801 5602 1933 5665 Ierga
1946 5589 2107 5665 J'r‘heo-

558 5649 791 5714 omnia?
802 5649 912 5712 meo
937 5660 1117 5724 postulo
1135 5649 1412 5724 condonari;
1438 5654 1573 5711 cujus
1598 5651 1921 5724 erBORquj'Qlli
1939 5649 2014 5709 dcj
2034 5663 2109 5697 rc-

561 5709 1042 5786 ἆίιῖἱέίέἱιύζξϊεὶιιιη
1067 5728 1156 5779 est,
1177 5730 1314 5780 quam
1337 5709 1474 5774 culpa
1497 5709 1684 5760 vacare.
1712 5709 1908 5758 cotelcr.

2026 383 2292 442 INCERTI

3685 402 3791 454 424

2225 497 2352 552 dicit
2391 511 2517 550 vero
2561 495 2820 561 Christus,
2848 496 2956 566 Ego
2979 513 3088 550 sum
3133 497 3285 559 solus,
3317 507 3361 549 et
3392 513 3488 548 non
3513 506 3584 548 cst
3611 499 3744 550 alius
3773 514 3786 550 :

2224 602 2351 655 ergo
2375 587 2580 639 Patrem
2603 587 2745 653 ejicit
2769 586 3038 639 divinitate
3054 588 3076 637 ‘l
3099 587 3253 653 Atqui
3283 600 3385 639 non
3407 587 3578 652 ejicit;
3607 602 3788 640 revera

2225 692 2450 744 namque
2496 691 2600 728 non
2632 676 2806 743 ejicit;
2843 675 3104 728 individua
3133 676 3271 726 enim
3300 683 3380 728 est
3408 676 3596 744 gloria.
3649 676 3788 744 Ergo

2221 768 2365 820 clare
2395 767 2813 819 demonstratum
2843 775 2924 818 cst
2945 804 2960 829 ,
2987 764 3422 832 quemadmodum
3457 765 3622 818 Filius
3670 782 3786 818 cum

2221 857 2368 915 dicit,
2398 854 2506 924 Ego
2547 872 2657 908 sunt
2697 857 2854 917 solus,
2908 868 3012 907 non
3043 854 3184 920 ejicit
3211 854 3450 917 Patrem;
3503 854 3571 905 ita
3622 869 3788 920 neque

2219 960 2339 998 cum
2371 946 2437 998 de
2477 946 2631 998 Patre
2685 945 2834 1008 dicit,
2881 943 2948 997 Ut
2995 953 3290 1012 cognoscant
3329 953 3374 995 te
3410 944 3569 995 solum
3619 961 3786 995 verum

2221 1035 2420 1098 Deum,
2457 1037 2689 1103 seipsum
2720 1037 2997 1104 seiungere
3027 1051 3054 1085 a
3088 1035 3322 1087 veritate.
3355 1034 3532 1102 Neque
3577 1036 3680 1088 hoc
3704 1052 3786 1088 so-

2221 1126 2328 1177 lum
2378 1126 2654 1178 salubriter
2700 1124 2916 1178 docetur
2960 1141 2972 1186 ;
3022 1123 3112 1176 sed
3158 1124 3312 1175 etiam
3352 1122 3620 1176 Christmn
3667 1139 3785 1176 esse

2218 1228 2400 1266 verum
2441 1214 2603 1267 Deum
2643 1229 2705 1267 ex
2747 1214 2860 1280 ipso
2898 1213 3195 1266 testimonio
3239 1211 3475 1264 infertur.
3505 1212 3786 1283 Snbjungit

2221 1305 2379 1365 enim,
2412 1304 2473 1356 Et
2501 1322 2659 1358 omnis
2694 1306 2863 1375 lingua
2888 1305 3202 1372 conﬁtebitur
3230 1304 3388 1358 Deum
3415 1321 3602 1356 verum.
3653 1307 3783 1358 Pro-

2218 1395 2342 1448 inde
2365 1397 2452 1463 qui
2482 1395 2626 1458 dicit,
2657 1393 2769 1464 Ego
2796 1396 2951 1450 solus.
2977 1405 3020 1446 et
3040 1411 3130 1463 ego
3158 1410 3318 1457 verus,
3349 1394 3518 1448 Filius
3543 1405 3646 1449 εει.
3678 1397 3782 1449 Cur

2219 1499 2345 1552 ergo
2361 1484 2630 1538 contendit
2645 1485 2710 1538 de
2731 1484 2923 1548 verbis,
2941 1485 3028 1536 ubi
3049 1485 3307 1537 consentit
3321 1484 3544 1536 veritas?
3565 1485 3672 1538 Cur
3697 1486 3782 1538 ita-

2217 1590 2321 1644 que
2349 1575 2555 1638 dixerit,
2590 1575 2658 1628 Te
2684 1577 2842 1629 solum
2867 1592 3032 1630 verum
3058 1573 3239 1636 Deum,
3265 1575 3456 1636 edisce,
3481 1584 3531 1627 ct
3563 1591 3629 1628 ne
3657 1591 3780 1628 con-

2219 1675 2385 1719 certa.
2409 1665 2656 1718 Servator
2684 1675 2972 1732 praeceptor
2997 1675 3079 1719 est
3107 1665 3305 1729 mundi,
3322 1675 3590 1718 corrector
3617 1683 3665 1716 ot
3682 1667 3776 1728 bis,

2216 1755 2306 1823 qui
2331 1756 2472 1822 lapsa
2495 1755 2665 1824 erigit,
2693 1754 2918 1808 errantia
2947 1754 3512 1808 reducitetinveterata
3542 1766 3775 1810 :eaovat.

2213 1848 2349 1912 Quia
2397 1855 2617 1901 noverat
2651 1862 2946 1900 sermonem
2994 1861 3145 1900 suum
3191 1861 3575 1914 processurmn,
3607 1857 3657 1900 et
3688 1862 3779 1914 per

2217 1949 2383 1993 totum
2415 1940 2593 1993 orbem
2637 1939 3023 2007 propagandum
3061 1937 3125 1991 ad
3170 1938 3532 2007 corrigendum
3575 1939 3779 2006 gentili-

2218 2032 2344 2085 tium
2378 2044 2632 2093 errorem,
2659 2039 2708 2082 et
2736 2027 2802 2081 ad
2828 2028 3207 2096 coarguendam
3235 2027 3504 2080 Judaicam
3531 2029 3778 2082 incredu-

2217 2119 2421 2172 litatem
2448 2160 2462 2182 ,
2495 2120 2741 2186 utrinque
2782 2127 2938 2172 acuto
2984 2133 3109 2171 usus
3133 2129 3211 2171 est
3237 2131 3512 2179 sermone;
3557 2128 3613 2170 ut
3652 2119 3773 2172 dum

2212 2209 2364 2271 dicit,
2405 2207 2584 2260 Verum
2615 2218 2658 2260 et
2688 2209 2849 2261 solum
2893 2207 3076 2270 Deum,
3114 2207 3288 2275 plures
3339 2206 3602 2275 falsosque
3648 2208 3776 2262 deos

2214 2297 2533 2362 traduceret,
2561 2312 2786 2365 cumque
2813 2297 3008 2361 subdit,
3044 2297 3109 2349 Et
3135 2313 3276 2364 quem
3304 2297 3479 2349 misisti
3503 2296 3772 2362 Christum,

2212 2386 2334 2441 illos
2354 2388 2442 2455 qui
2473 2388 2882 2440 incarnationem
2906 2397 3217 2454 negaverant
3243 2386 3553 2440 confutaret.
3580 2388 3775 2442 Pracdi-

2212 2489 2297 2534 cat
2318 2478 2485 2533 solum
2511 2494 2690 2532 verum
2709 2479 2900 2541 Deum;
2926 2493 3028 2530 non
3047 2480 3337 2545 separando
3363 2494 3438 2544 se,
3463 2480 3552 2533 sed
3582 2480 3776 2533 instru-

2214 2576 2391 2622 menta
2430 2568 2624 2622 erroris
2676 2567 3024 2620 destruendo.
3073 2568 3242 2634 Atque
3273 2576 3327 2619 ut
3353 2567 3545 2630 discas,
3576 2566 3770 2633 frater,

2214 2661 2385 2728 ipsum
2411 2674 2528 2714 esse
2553 2668 2602 2713 et
2626 2673 2804 2712 verum
2832 2659 3011 2721 Deum,
3047 2667 3097 2711 et
3117 2659 3225 2710 veri
3257 2657 3345 2710 Dei
3378 2658 3587 2721 Filium,
3616 2658 3772 2711 Joan-

2213 2766 2311 2804 nes
2360 2750 2672 2820 evangelista
2718 2750 2768 2801 in
2819 2763 2923 2816 quo
2967 2747 3079 2800 haec
3123 2748 3314 2815 scripta
3359 2757 3481 2800 sunt
3514 2770 3524 2802 :
3557 2765 3671 2802 nam
3719 2751 3772 2803 in

2207 2839 2797 2910 Evangeliosccundum
2815 2839 3066 2892 Joannem
3094 2837 3313 2891 habetur
3337 2855 3350 2891 :
3380 2838 3447 2891 Ut
3470 2852 3773 2908 cognoscant

2211 2938 2261 2982 te
2284 2931 2442 2982 solum
2462 2945 2628 2981 verum
2654 2927 2811 2980 Deum
2834 2927 3022 2994 (Joan.
3059 2928 3141 2979 17.
3172 2928 3204 2980 5
3224 2927 3240 2995 )
3263 2945 3275 2990 ;
3303 2927 3436 2980 idem
3465 2928 3550 2980 ille
3576 2943 3770 2996 prmeo,

2213 3021 2300 3088 qui
2331 3019 2442 3072 haec
2483 3019 2815 3086 praedicavit,
2849 3019 2898 3070 in
2930 3017 3162 3083 Epistola
3211 3032 3305 3070 sua
3350 3018 3530 3071 scribit
3560 3035 3573 3070 :
3605 3018 3772 3085 prima

2211 3118 2386 3162 autem
2417 3109 2646 3176 Epistola
2670 3110 2806 3161 inter
2835 3122 2896 3162 ea
2923 3123 3037 3176 quae
3077 3107 3127 3160 in
3167 3108 3397 3162 Ecclesia
3425 3109 3770 3175 recipiuntur,

2211 3215 2318 3252 non
2363 3200 2499 3252 inter
2528 3198 2824 3268 apocrypha
2850 3207 3154 3252 recensetur
3183 3196 3257 3268 (a)
3291 3215 3304 3250 :
3335 3213 3456 3252 nam
3490 3200 3772 3254 secundam

2210 3298 2265 3342 et
2311 3289 2515 3343 tertiam
2564 3298 2738 3357 patres
2766 3298 2910 3341 extra
2969 3303 3220 3340 canonem
3277 3292 3495 3354 ponunt.
3546 3290 3772 3344 Primam

2209 3393 2336 3431 vero
2390 3378 2678 3446 Epistolam
2732 3379 2946 3433 Joannis
2999 3392 3152 3441 esse,
3209 3393 3392 3432 omnes
3417 3382 3768 3434 consentiunt.

2208 3467 2345 3531 Quid
2378 3468 2531 3537 igitur
2556 3468 2643 3521 ille
2671 3477 2884 3522 sanctus
2911 3482 3002 3536 per
3024 3469 3299 3536 epistolam
3327 3468 3392 3522 de
3421 3469 3527 3522 Deo
3552 3471 3773 3538 loquens

2210 3558 2460 3626 praedicet
2483 3557 2896 3611 animadvertere
2917 3572 3130 3611 necesse
3149 3568 3245 3610 est.
3273 3559 3555 3626 «Scimus,»
3583 3559 3771 3629 inquit,

2215 3664 2235 3696 ε
2266 3647 2509 3714 quoniam
2534 3647 2693 3700 Filius
2722 3646 2814 3701 Dei
2849 3648 3009 3708 venit,
3037 3654 3091 3700 et
3112 3646 3255 3700 dedit
3278 3647 3429 3701 nobis
3453 3662 3692 3713 sensum,
3721 3660 3775 3703 ut

2210 3749 2588 3804 cognoscamus
2617 3737 2761 3789 illum
2801 3737 2886 3805 qui
2915 3751 3068 3790 verus
3095 3745 3208 3797 est,
3241 3747 3294 3790 et
3337 3740 3499 3791 simus
3539 3740 3591 3792 in
3622 3755 3769 3802 vero,

2210 3825 2264 3878 in
2303 3826 2437 3880 Filio
2462 3828 2575 3894 ejus
2595 3826 2719 3880 Jesu
2741 3827 2969 3880 Christo.
3000 3826 3094 3879 Hic
3113 3835 3194 3879 est
3221 3842 3376 3881 verus
3396 3827 3552 3891 Deus,
3586 3838 3639 3881 et
3664 3829 3768 3882 vita

2209 3926 2405 3972 aeterna
2437 3936 2455 3969 ι
2484 3919 2501 3986 (
2528 3918 2577 3971 1.
2604 3917 2756 3970 Joan.
2787 3919 2839 3972 5.
2864 3916 2987 3986 90).
3023 3919 3142 3980 lste,
3175 3917 3362 3972 fratres
3381 3959 3396 3983 ,
3425 3928 3479 3972 et
3507 3919 3591 3972 illa
3619 3920 3769 3983 dixit,

2209 4016 2265 4061 et
2287 4009 2400 4061 haec
2428 4008 2747 4076 prtedicavit.
2794 4007 2998 4072 Adhuc,
3031 4008 3073 4059 si
3105 4007 3293 4075 placet,
3325 4006 3392 4060 de
3437 4021 3568 4062 voce
3618 4009 3776 4063 Solus

2211 4096 2640 4165 philosophemur
2683 4105 2740 4150 et
2782 4095 3129 4164 disputemus.
3183 4095 3456 4150 Adversus
3499 4097 3770 4152 infidelem

2210 4188 2388 4240 multae
2413 4187 2615 4255 sagittze
2661 4187 2952 4251 mittantur,
2999 4200 3105 4238 non
3130 4192 3186 4238 ut
3212 4199 3435 4254 corpora
3473 4186 3772 4248 vulnerent,

2210 4276 2301 4328 sed
2351 4284 2408 4328 ut
2453 4274 2741 4328 sententias
2789 4274 3071 4342 eorrigant.
3124 4272 3444 4328 Emittantur
3494 4275 3654 4327 verba
3708 4275 3772 4328 ad

2210 4363 2408 4424 fideles,
2434 4362 2635 4430 sagittae
2669 4377 2793 4416 vero
2831 4363 2895 4416 ad
2930 4362 3182 4416 infideles.
3205 4362 3335 4415 Nam
3366 4363 3578 4432 Sagituz
3605 4374 3776 4430 poten-

2211 4455 2272 4504 tis
2317 4463 2501 4515 acutae,
2533 4451 2705 4519 populi
2743 4452 2832 4502 sub
2872 4461 2916 4504 te
2949 4451 3124 4503 cadent
3169 4450 3279 4521 (b),
3309 4453 3362 4503 in
3409 4452 3558 4504 corde
3604 4454 3772 4506 inimi-

2209 4559 2378 4595 corum
2410 4543 2426 4609 (
2451 4541 2596 4593 Psat.
2623 4541 2710 4594 44.
2743 4540 2775 4594 6
2800 4542 2836 4609 ).
2867 4541 2955 4593 Ait
2977 4556 3104 4609 ergo
3131 4541 3312 4595 beatus
3332 4541 3623 4607 Jeremias,
3665 4545 3771 4597 sive

2210 4633 2381 4698 potius
2408 4630 2632 4694 Baruch,
2657 4631 2740 4699 qui
2763 4630 3045 4698 discipulus
3072 4630 3208 4683 illius
3248 4630 3362 4694 fuit,
3393 4631 3527 4684 sicut
3556 4633 3772 4686 Elismus

2212 4721 2338 4774 Elia:
2366 4739 2375 4770 :
2410 4740 2427 4771 ι
2453 4722 2551 4786 Qui
2597 4724 2903 4789 praeparavit
2942 4729 3132 4774 terram
3173 4722 3222 4773 in
3256 4729 3512 4774 aaternum
3545 4733 3769 4792 tempus,

2210 4813 2433 4879 replevit
2482 4829 2597 4868 eam
2649 4814 2898 4882 jumentis
2947 4823 3000 4866 et
3049 4813 3476 4880 quadrupedibus
3529 4831 3541 4865 :
3600 4815 3772 4869 emisit

2211 4903 2406 4966 lumen,
2437 4913 2490 4956 et
2519 4903 2689 4966 vadit;
2732 4904 2936 4957 vocavit
2961 4901 3086 4956 illud
3105 4943 3120 4966 ,
3148 4910 3201 4956 et
3229 4902 3460 4957 obedivit
3489 4905 3560 4958 illi
3592 4907 3642 4957 in
3669 4915 3771 4958 trc-

2210 5010 2377 5048 more.
2415 4995 2589 5048 Stellae
2630 5002 2803 5047 autem
2847 4993 3104 5046 fulserunt
3157 4993 3209 5046 in
3259 4994 3515 5048 custodiis
3560 4995 3692 5060 suis,
3723 5005 3774 5047 et

2210 5085 2398 5137 betam:
2413 5093 2554 5146 sunt;
2577 5083 2779 5136 vocavit
2800 5083 2936 5151 ipsas
2951 5082 3147 5145 stellas,
3161 5099 3178 5132 ι
3196 5081 3387 5150 inquit,
3407 5092 3490 5136 «et
3504 5083 3769 5142 dixerunt,

2211 5174 2516 5226 Adsumus:
2551 5181 2604 5226 et
2651 5170 2902 5225 fulserunt
2931 5171 2982 5225 in
3014 5169 3191 5225 laetitia
3233 5172 3279 5225 ei
3328 5172 3414 5239 qui
3456 5171 3582 5225 fecit
3625 5172 3768 5226 illas»

2277 5347 2346 5406 (a)
2383 5347 2502 5394 Vide
2526 5359 2668 5406 supra
2693 5347 2740 5393 in
2755 5347 2948 5406 ,Monito.

2275 5401 2344 5465 (b)
2380 5406 2431 5452 In
2456 5401 2630 5452 mendo
2654 5413 2730 5454 est
2752 5405 2882 5453 locus
2903 5404 3057 5466 Cyrilli
3074 5401 3393 5466 Alexandrini
3425 5402 3697 5466 Comment.
3724 5404 3778 5451 ad

2214 5462 2476 5529 Zachariam
2495 5479 2541 5512 n.
2566 5467 2642 5521 60,
2665 5468 2713 5529 in
2737 5462 3055 5525 exquisitione
3074 5464 3214 5529 hujus
3229 5469 3395 5529 textus
3414 5477 3426 5510 :
3448 5462 3644 5529 δᾳρὶιιιτ
3661 5465 3779 5522 ejus.

2216 5527 2472 5588 Mgstaqogi
2492 5560 2505 5583 ,
2530 5537 2606 5588 eos
2629 5524 2710 5585 qui
2731 5523 2892 5572 errant
2915 5537 3072 5588 verum
3098 5523 3185 5570 Dei
3217 5527 3444 5588 naturam
3478 5523 3782 5588 ignorantes.

2216 5581 2501 5647 percutiunt,
2525 5585 2620 5633 illis
2642 5581 2733 5632 non
2756 5591 2952 5647 mortem
2964 5584 3220 5647 afferentes
3234 5643 3243 5647 Α
3257 5581 3340 5647 sed
3363 5581 3652 5647 maritalem
3683 5594 3786 5642 quas

2215 5643 2282 5694 "est
2308 5647 2354 5693 in
2379 5647 2587 5700 (In-isto.
2624 5653 2672 5692 ut
2703 5645 2788 5707 sub
2819 5645 2919 5707 ipso
2949 5644 3118 5704 feriant
3161 5643 3406 5704 ouinimo,
3433 5645 3645 5705 cadant,
3669 5650 3789 5693 stem

2220 5714 2270 5754 et
2293 5719 2416 5753 ρει»ςο
2442 5713 2586 5765 latet.
2614 5704 2810 5755 Coteler.
